4114 6424
518 285 620 341 263
1591 333 1595 341 ,
1892 254 1948 338 s'.
1989 277 2250 338 BASILII
2289 273 2509 336 MAGNI
3779 277 3893 336 264

488 387 826 482 'respicias,
859 423 994 481 quae
1021 407 1274 480 fulguris
1293 405 1353 462 in
1384 421 1614 463 morem
1643 422 1674 462 e
1705 406 1855 462 caelo
1876 405 2165 478 lapsaest,

2281 407 2494 478 νάμεως,
2548 406 2686 469 ἣτις,
2719 405 2783 465 ὣς
2838 402 3107 477 ἀστραπὴ,
3155 406 3419 456 πέπτωκεν
3466 401 3565 456 ἀπὸ
3609 411 3699 457 τοῦ
3731 405 3892 480 οὐρα-

517 504 574 556 et
603 515 748 554 vera
779 500 900 554 vita
930 498 1170 568 excidit,
1225 502 1543 570 propterea
1599 496 1765 568 quod
1795 496 2044 552 ascitam
2077 511 2165 552 ex-

2279 503 2388 560 νοῦ,
2442 500 2529 546 καὶ
2583 495 2786 557 ἐξέπεσε
2833 502 2928 556 τῆς
2975 497 3128 555 ὅντως
3176 493 3337 562 ζωῆς,
3372 489 3464 545 διὰ
3501 497 3559 545 τὸ
3611 492 3892 552 ἐπίκτητον

517 595 875 660 ternamque
908 589 1288 644 sanctitatem
1312 587 1541 653 habuit,
1572 587 1862 641 successit
1885 602 2003 657 que
2035 602 2174 641 con-

519 679 649 734 silio
672 679 832 734 malo
861 678 1138 733 mutatio.
1180 678 1384 748 Itaque
1409 679 1810 747 posteaquam
1834 675 1952 746 88
1975 675 2175 731 etuni-

518 773 636 825 tate
687 768 926 825 excidit.
955 773 1012 822 et
1059 767 1394 836 angelicam
1447 764 1666 835 abjecit
1689 765 2064 835 dignitatem,
2101 783 2172 821 ex

518 857 792 913 moribus
838 856 1033 911 dictus
1083 862 1174 910 est
1239 853 1539 920 diabolus,
1608 855 2172 926 exstincto‘quidem

518 947 717 1020 priore
749 963 818 1002 ac
849 946 1026 1001 beato
1065 945 1298 1011 habitu,
1331 944 1587 1000 excitata
1619 961 1760 1000 vero
1790 945 2048 1001 adversa
2075 945 2174 1001 illa

519 1038 803 1110 potentia.
840 1035 929 1090 Ad
961 1036 1089 1090 haec
1109 1035 1154 1089 si
1175 1034 1461 1106 Spiritum
1493 1041 1769 1090 sanctum
1785 1035 1924 1090 dicit
1945 1039 2174 1091 creatu-

516 1143 669 1193 ram,
704 1125 1224 1195 circumscriptam
1249 1139 1320 1178 ac
1349 1123 1582 1179 ﬁnitam
1610 1123 1768 1178 illius
1784 1129 2063 1180 naturam
2087 1125 2174 1180 in-

516 1215 702 1272 ducit.
739 1213 1057 1280 Quomodo
1097 1229 1240 1282 ergo
1311 1212 1497 1269 stabit
1531 1213 1719 1268 illud:
1751 1215 2013 1292 Spiritus
2057 1217 2172 1271 Do-

514 1306 666 1362 mini
712 1307 962 1375 replevit
1008 1305 1208 1360 orbem
1260 1305 1676 1360 terrarum”?
1722 1303 1872 1359 illud
1901 1321 2168 1378 quoque,

517 1397 643 1464 Quo
659 1397 754 1451 ibo
776 1412 812 1452 a
843 1395 1072 1466 Spiritu
1104 1402 1204 1449 tuo
1236 1395 1324 1450 '°?
1357 1394 1468 1450 Sed
1501 1409 1696 1466 neque
1723 1394 1922 1466 ipsum
1953 1403 2172 1452 natura

514 1485 876 1557 simplicem,
929 1489 994 1539 ut
1021 1490 1292 1556 apparet,
1341 1484 1678 1539 conﬁtetur.
1711 1484 1856 1539 Dicit
1883 1486 2045 1540 enim
2075 1486 2170 1559 ip-

467 1596 477 1606 -
515 1591 651 1630 sum
705 1589 962 1629 numero
1013 1589 1224 1628 unum.
1282 1572 1585 1645 Quidquid
1608 1578 1811 1628 autem
1851 1591 2040 1630 unum
2064 1593 2173 1632 nu-

514 1679 683 1720 mero
711 1668 818 1730 est,
859 1662 942 1731 id,
988 1667 1053 1718 ut
1091 1661 1234 1729 dixi,
1291 1661 1547 1735 simplex
1597 1678 1720 1718 non
1763 1669 1871 1718 est.
1924 1665 1980 1720 Si
2028 1682 2170 1722 vero

515 1749 772 1822 simplex
802 1765 927 1806 non
967 1756 1055 1806 est
1103 1751 1354 1822 Spiritus
1390 1758 1656 1819 sanctus,
1715 1768 1786 1807 ex
1834 1757 2094 1810 essentia
2115 1761 2165 1812 et

2277 1754 2347 1821 μη
2402 1748 2594 1801 ἁπλοῦν
2637 1749 2749 1800 ἐστι
2796 1752 2854 1800 τὸ
2911 1755 3120 1821 Πνεῦμα
3165 1753 3222 1800 τὸ
3262 1748 3432 1819 ἅγιον,
3465 1748 3517 1810 ἐξ
3565 1748 3753 1809 οὐσίας
3791 1755 3887 1801 καὶ

515 1841 831 1897 sanctitate
877 1845 1115 1896 constat
1167 1859 1178 1892 :
1236 1841 1400 1913 quod
1453 1846 1655 1897 autem
1709 1849 1799 1899 est
1843 1844 2165 1914 ejusmodi,

2277 1839 2546 1910 ἁγιασμοῦ
2593 1841 2911 1895 συνέστηκε’
2954 1840 3010 1889 τὸ
3056 1833 3114 1889 δὲ
3158 1845 3412 1906 τοιοῦτον,
3462 1837 3730 1893 σύνθετον,
3778 1841 3881 1889 Καὶ

514 1930 920 2003 compositum
945 1935 1058 1987 est.
1089 1931 1200 1986 Sed
1235 1931 1368 2002 quis
1411 1931 1563 1986 adeo
1601 1931 1852 1988 demens
1883 1933 2077 2003 fuerit,
2103 1940 2168 1992 ut

515 2021 795 2092 Spiritum
825 2026 1101 2076 sanctum
1132 2019 1293 2076 dicat
1318 2022 1745 2092 compositum,
1777 2040 1848 2080 ac
1876 2040 1998 2081 non
2029 2026 2167 2082 sim-

509 2109 749 2181 plicem,
782 2115 839 2164 et
863 2110 1018 2165 Patri
1049 2115 1106 2166 et
1153 2110 1298 2165 Filio
1338 2111 1915 2170 consubstantialem
1957 2131 2166 2171 secun-

507 2199 656 2254 dum
697 2198 1092 2270 simplicitatis
1120 2199 1415 2256 rationem
1433 2201 1460 2256 τ

584 2293 668 2343 11.
715 2289 886 2354 Quod
934 2289 982 2344 si
1036 2305 1316 2344 sermone
1364 2290 1874 2361 progrediendum
1902 2299 2010 2363 est,
2039 2310 2163 2351 ma-

499 2378 762 2449 joraque
787 2377 1189 2450 inspicienda,
1217 2379 1359 2434 hinc
1379 2379 1644 2435 maxime
1677 2381 1946 2439 divinam
1970 2385 2161 2442 sancti

509 2468 765 2539 Spiritus
821 2467 1153 2539 potentiam
1203 2468 1707 2540 contemplemur.
1756 2472 1889 2527 Tria
1916 2475 2162 2530 creatio-

2281 583 2566 656 ἐσχηκέναι
2626 589 2719 642 την
2779 583 3064 654 ἁγιότητα,
3132 587 3222 634 καὶ
3287 582 3760 641 ἐπηκολουθηκέναι
3821 593 3886 657 τῇ

2280 683 2414 747 κακῇ
2461 673 2625 746 βουλῇ
2682 678 2776 731 τήν
2835 671 3128 726 ἀλλοίωσιν.
3179 679 3468 745 Τοιγαροῦν
3517 678 3606 726 καὶ
3653 674 3890 726 ἐκπεσὼν

2279 772 2376 825 τῆς
2422 759 2670 835 μονάδος,
2721 767 2811 814 καὶ
2861 766 2918 814 τὸ
2968 760 3239 833 ἁγγελικὸν
3299 761 3590 837 ἀπορρίψας
3653 761 3886 836 ἀξίωμα,

2283 852 2383 904 ἀπὸ
2430 861 2520 904 τοῦ
2565 859 2758 928 τρόπου
2807 853 3088 924 ὠνομάσθη
3141 847 3416 912 διάϐολος·
3463 850 3891 914 ἀποσϐεσθείσης

2280 946 2371 1015 μεν
2414 942 2571 994 αὐτοῦ
2623 951 2718 1002 τῆς
2761 945 3014 1016 προτέρας
3051 945 3142 992 καὶ
3189 946 3450 1014 μακαρίας
3497 941 3663 1004 ἕξεως,
3697 950 3795 1003 τῆς
3828 939 3890 996 δὲ

2283 1030 2631 1104 ἀντικειμένης
2690 1035 2882 1093 ταύτης
2951 1027 3220 1103 δυναμεως
3287 1029 3624 1102 ἀναφθείσης.
3699 1030 3888 1084 Ἐπει-

2279 1140 2345 1172 τα
2383 1121 2426 1173 εἰ
2477 1126 2678 1193 κτίσμα
2723 1120 2855 1192 λέγει
2899 1124 2954 1172 τὸ
3006 1128 3214 1192 Πνεῦμα
3262 1124 3318 1171 τὸ
3362 1119 3532 1191 ἅγιον,
3583 1139 3888 1193 πεπερατω-

2277 1216 2433 1282 μένην
2463 1215 2554 1269 τὴν
2588 1214 2742 1282 φύσιν
2787 1210 2946 1262 αὑτοῦ
3001 1210 3220 1281 εἰσάγει.
3256 1217 3374 1272 Πῶς
3419 1205 3506 1261 οὖν
3554 1212 3890 1268 σταθήσεται

2278 1304 2378 1369 τὸ,
2450 1308 2660 1373 Πνεῦμα
2727 1305 2921 1372 Κυρίου
2992 1299 3296 1374 πεπλήρωκε
3360 1304 3454 1357 τὴν
3520 1300 3886 1372 οἰκουμένηνς

2277 1395 2367 1442 καὶ
2422 1394 2516 1455 τὸ,
2585 1397 2690 1442 Ποῦ
2752 1390 2989 1464 πορευθῶ
3057 1386 3156 1440 ἁπὸ
3222 1397 3314 1441 τοῦ
3380 1391 3673 1462 Πνεύματος
3734 1407 3886 1456 aeu;

2276 1478 2410 1533 Ἀλλ’
2462 1477 2576 1532 οὐδ’
2623 1478 2816 1531 ἁπλοῦν
2874 1479 3000 1531 αῦτὸ
3053 1487 3115 1551 τῇ
3175 1481 3345 1550 φύσει,
3398 1481 3461 1538 ὡς
3527 1481 3706 1545 ἔοικεν,
3759 1481 3889 1552 ὁμο-

2276 1569 2433 1641 λογεῖ.
2480 1569 2710 1644 ’Λριθμῷ
2766 1572 2865 1642 γὰρ
2917 1569 2963 1622 ἓν
3014 1568 3140 1621 αὐτὸ
3190 1569 3452 1641 ὀνομάζει.
3497 1576 3604 1622 Πᾶν
3655 1565 3714 1621 δὲ
3764 1571 3789 1620 6
3837 1569 3887 1621 ἓν

2278 1658 2507 1732 ἀριθμῷ,
2552 1667 2703 1711 τοῦτο
2753 1659 2858 1730 οὐχ
2909 1658 3124 1724 ἁπλοῦν,
3173 1661 3238 1719 ὡς
3295 1661 3438 1731 ἔφην,
3487 1661 3648 1712 ἔστιν.
3703 1658 3763 1710 Εἰ
3825 1655 3888 1712 δὲ

2275 1932 2357 1989 τίς
2405 1928 2562 1988 οὕτως
2621 1925 2857 1995 ἀνόητος,
2899 1929 2964 1988 ὡς
3012 1928 3252 1979 σύνθετον
3285 1931 3440 1978 εἰπεῖν
3479 1930 3537 1977 τὸ
3571 1933 3786 1998 Πνεῦμα
3823 1930 3875 1977 τὸ

2276 2016 2443 2088 ἆγιον,
2493 2021 2583 2069 καὶ
2634 2022 2704 2089 μὴ
2759 2015 2973 2086 ἁπλοῦν,
3007 2021 3096 2068 καὶ
3147 2018 3283 2068 κατὰ
3327 2019 3412 2068 τὸν
3448 2023 3543 2077 τῆς
3581 2014 3884 2077 ἁπλότητος

2273 2107 2423 2180 λόγον
2451 2109 2730 2180 ὁμοοῦσιον
2763 2111 2931 2180 Πατρὶ
2961 2111 3048 2158 καὶ⁸
3075 2107 3176 2177 Υἰῷ
3203 2124 3215 2170 ;

2348 2291 2434 2344 il.
2475 2285 2535 2340 Εἰ
2565 2283 2623 2338 δε
2655 2282 2739 2338 δεῖ
2759 2283 3019 2360 προϐῆναι
3053 2286 3164 2355 (9i)
3197 2292 3269 2354 τῷ
3315 2283 3472 2356 λογῳ,
3505 2289 3597 2336 καὶ
3629 2283 3882 2336 ἐποπτεῦ-

2275 2395 2364 2428 σαι
2406 2378 2471 2427 τὰ
2518 2377 2751 2448 μείζονα,
2785 2374 2840 2427 ἐκ
2883 2377 3068 2426 τούτου
3122 2373 3356 2446 μάλιστα
3402 2378 3495 2432 τὴν
3557 2375 3722 2430 eam
3772 2369 3876 2424 δῦ-

2269 2485 2422 2538 ναμιν
2475 2473 2565 2517 τοῦ
2621 2465 2778 2536 ἁγίου
2834 2467 3128 2536 Πνεῦματος
3169 2465 3526 2535 θεωρήσωμεν.
3559 2469 3704 2537 Τρεῖς
3753 2466 3872 2513 κτί-

504 2572 654 2612 num
679 2572 904 2627 genera
942 2557 1004 2612 in
1054 2556 1355 2628 Scriptura
1412 2559 1727 2615 nominata
1769 2561 2110 2618 invenimus
2142 2582 2157 2621 :

505 2661 697 2701 unum
749 2645 999 2719 quidem
1058 2663 1126 2702 ac
1175 2647 1463 2718 primum,
1505 2665 1577 2703 ex
1607 2649 1792 2706 nihilo
1820 2653 2162 2722 productio-

504 2751 681 2804 nem;
743 2735 1079 2791 secundum
1129 2752 1294 2805 vero,
1349 2753 1421 2792 ex
1473 2739 1677 2810 pejorc
1707 2740 1768 2795 in
1809 2742 2025 2797 melius
2052 2743 2160 2799 im-

505 2824 938 2890 mutationem;
994 2824 1258 2886 tertium,
1349 2827 1846 2884 resurrectionem
1897 2836 2160 2888 mortuo-

502 2929 660 2969 rum.
708 2914 770 2968 In
803 2913 895 2968 his
924 2914 1184 2986 reperies
1242 2915 1526 2986 Spiritum
1557 2924 1833 2974 sanctum
1869 2936 1991 2977 una
2020 2938 2160 2979 cum

2273 2574 2376 2615 σεις
2433 2556 2720 2629 εὑρήκαμεν
2789 2552 3166 2626 ὀνομαζομένας
3228 2554 3276 2604 ἐν
3334 2559 3395 2624 τῇ
3468 2558 3683 2626 Γραφῇ·
3744 2555 3875 2623 μίαν

2269 2647 2359 2716 μὲν
2402 2650 2492 2697 καὶ
2543 2650 2751 2718 πρώτην
2787 2649 2880 2702 την
2921 2641 3021 2695 ἁπὸ
3064 2650 3153 2694 τοῦ
3201 2646 3271 2714 μὴ
3324 2645 3465 2703 ὄντος
3509 2641 3579 2702 εἰς
3619 2644 3675 2691 τὸ
3741 2637 3878 2692 εἶναι

2269 2739 2624 2808 παραγωγήν·
2679 2730 2924 2809 δευτέραν
2975 2728 3033 2784 δε
3080 2736 3174 2790 τὴν
3225 2729 3326 2783 ἀπὸ
3370 2738 3461 2782 τοῦ
3511 2735 3752 2802 χείρονος
3803 2730 3879 2793 εἰς

2269 2827 2328 2876 τὸ
2377 2831 2607 2897 κρεῖττον
2659 2822 2969 2876 ἀλλοίωσιν·
3023 2827 3198 2896 τρίτην
3265 2817 3324 2872 δὲ
3377 2825 3466 2878 τὴν
3525 2818 3878 2882 ἐξανάστασιν

2271 2922 2369 2966 τῶν
2425 2923 2631 2987 νεκρῶν.
2685 2915 2766 2965 Ἐν
2823 2916 3041 2974 ταύταις
3099 2914 3336 2987 εὑρήσεις
3397 2915 3643 2984 συνεργὸν
3703 2916 3880 2984 Πατρὶ

503 3005 673 3059 Patre
729 3008 788 3058 et
844 3003 987 3059 Filio
1041 3010 1414 3074 operantem.
1442 3005 1584 3062 lei
1615 3009 1776 3064 enim
1816 3011 2163 3082 producun-

2273 3009 2361 3056 καὶ
2408 3007 2512 3074 Υἱῶ
2560 3007 2617 3055 τὸ
2665 3003 2813 3074 ἅγιον
2869 3009 3095 3074 Πνεῦμα.
3144 3001 3387 3074 Οὑρανῶν
3431 3003 3532 3073 γὰρ
3583 2999 3872 3062 οῦσίωσις.

502 3097 616 3150 tur.
662 3091 817 3158 Quid
846 3092 975 3162 jam
1023 3093 1165 3149 dicit
1216 3094 1447 3149 David?
1502 3097 1687 3152 Verbo
1740 3099 1985 3156 Domini
2030 3103 2164 3157 caeli

2274 3099 2374 3146 Kau
2425 3099 2477 3144 1'i
2517 3111 2674 3165 φησιν
2705 3094 2729 3143 6
2774 3088 2973 3158 Δαϐίδ;
3021 3098 3102 3161 Τῷ
3159 3095 3292 3162 λόγῳ
3339 3094 3534 3164 Κυρίου
3576 3092 3625 3142 οἰ
3663 3089 3882 3162 οὐρανοὶ

497 3183 731 3253 ﬁrmati
781 3187 944 3246 sunt,
1001 3187 1057 3238 et
1098 3184 1319 3252 spiritu
1370 3184 1490 3239 oris
1545 3187 1672 3254 ejus
1723 3191 1915 3243 omnis
1969 3197 2161 3247 virtus

2273 3182 2699 3255 ἐστερεώθησαν,
2781 3186 2870 3233 καὶ
2955 3189 3027 3252 τῷ
3095 3183 3352 3254 πνεύματι
3431 3187 3522 3232 τοῦ
3611 3184 3882 3250 στὸματος

500 3287 705 3326 eorum
734 3272 810 3327 δι.
849 3271 1075 3326 Rursus
1108 3276 1345 3326 creatur
1383 3271 1570 3328 homo
1591 3290 1699 3345 per
1718 3275 2048 3348 baptisma.
2092 3281 2163 3336 Si

2273 3272 2431 3324 αὐτοῦ
2505 3278 2654 3324 πᾶσα
2721 3272 2747 3329 ὁ
2819 3267 3043 3343 δύναμις
3110 3269 3300 3324 αὐτῶν.
3379 3269 3538 3322 Πάλιν
3605 3270 3881 3344 ἅνθρωπος

497 3375 620 3431 qua
661 3360 816 3415 enim
849 3363 910 3414 in
945 3359 1188 3416 Christo
1237 3376 1392 3416 nova
1425 3366 1707 3420 creatura
1739 3366 1807 3421 ⁸³.
1853 3369 1983 3423 Jam
2011 3369 2154 3440 quid

2273 3359 2364 3414 διὰ
2416 3359 2751 3435 βαπτίματος
2805 3363 3078 3423 κτίζεται⁶
3139 3363 3199 3413 Εἰ
3251 3379 3331 3420 τις
3390 3362 3492 3433 γὰρ
3551 3359 3598 3411 ἐν
3655 3366 3882 3431 Χριστῷ

497 3447 640 3503 dicit
693 3447 1006 3519 discipulis
1055 3448 1368 3504 Salvator?
1418 3451 1646 3507 Euntes
1701 3453 1903 3511 docete
1958 3473 2158 3514 omnes

2273 3457 2418 3510 καινὴ
2465 3457 2656 3513 κτίσις.
2694 3456 2793 3504 Καὶ
2842 3471 2893 3503 τι
2924 3470 3056 3523 φησι
3099 3457 3208 3511 τοῖς
3257 3451 3522 3522 μαθηταῖς
3566 3449 3591 3500 6
3650 3453 3876 3523 Σωτήρ;

495 3544 721 3608 gentes,
775 3539 1143 3608 baptizantes
1189 3554 1282 3595 eos
1327 3541 1390 3596 in
1430 3543 1670 3599 nomine
1697 3545 1904 3601 Patris
1929 3555 1984 3603 et
2009 3549 2159 3604 Filii

2273 3541 2599 3604 Ἀπελθόντες
2629 3585 2643 3610 ,
2710 3544 3074 3614 μαθητεύσατε
3157 3542 3324 3592 πάντα
3387 3542 3456 3592 τὰ
3526 3541 3643 3596 ἔθνη
3677 3583 3692 3608 ,
3761 3537 3879 3610 βα-

497 3634 553 3683 et
581 3628 848 3697 Spiritus
880 3629 1078 3684 sancti
1102 3628 1169 3681 ⁸³.
1203 3627 1382 3684 Vides
1423 3635 1476 3685 et
1503 3630 1598 3686 hic
1630 3648 1751 3690 una
1773 3635 1986 3691 adesse
2018 3653 2156 3696 cum

2273 3632 2536 3693 πτίζοντες
2603 3631 2792 3692 αὐτοὺς
2868 3638 2935 3690 εἰς
2998 3633 3054 3682 τὸ
3123 3634 3284 3702 ὄνομα
3356 3636 3447 3681 τοῦ
3513 3631 3719 3702 Πατρός
3781 3634 3881 3682 καὶ

496 3718 665 3772 Patre
697 3722 752 3772 et
776 3716 916 3773 Filio
947 3717 1232 3790 Spiritum
1264 3726 1562 3776 sanctum.
1585 3721 1737 3786 Quid
1765 3728 1962 3780 autem
1990 3724 2154 3781 dices

495 3811 555 3861 et
581 3807 656 3862 de
704 3807 1140 3864 resurrectione
1172 3815 1574 3880 mortuorum,
1637 3818 1962 3886 postquam
1993 3815 2156 3873 defe-

495 3897 777 3962 cerimus,
833 3901 891 3952 et
931 3897 993 3952 in
1041 3903 1320 3954 nostrum
1360 3900 1673 3971 pulverem
1720 3904 1942 3959 reversi
1972 3903 2154 3962 {ueri-

495 3999 635 4039 mus
656 3985 684 4039 ?
713 3987 890 4040 Terra
941 3987 1101 4040 enim
1144 4003 1384 4053 sumus,
1411 3993 1468 4044 et
1492 3989 1551 4044 in
1575 3994 1797 4048 terram
1818 3993 2067 4059 ibimus,
2100 4000 2158 4052 et

495 4071 688 4128 mittet
741 4073 1028 4145 Spiritum
1078 4081 1381 4146 sanctum,
1433 4083 1490 4134 et
1519 4079 1749 4136 creabit
1805 4099 1941 4152 nos,
1974 4087 2032 4140 et
2058 4101 2154 4141 re-

492 4161 742 4218 novabit
767 4162 982 4219 faciem
1013 4167 1265 4220 terrae“.
1288 4169 1435 4222 Nam
1467 4168 1633 4239 quod
1659 4176 1908 4227 sanctus
1931 4174 2156 4230 Paulus

491 4253 998 4308 resurrectionem
1029 4253 1198 4321 dixit,
1242 4254 1306 4310 id
1339 4256 1526 4312 David
1556 4260 2011 4318 renovationem
2051 4279 2154 4336 ap-

2273 4265 2426 4335 ἡμᾶς,
2473 4266 2562 4312 καὶ
2617 4258 2941 4312 ἀνακαινίσει
2997 4261 3054 4309 τὸ
3110 4261 3388 4330 πρόσωπον
3445 4265 3541 4317 τῆς
3605 4265 3718 4328 γῆς.
3774 4254 3878 4308 ἹΙν

491 4340 754 4412 pellavit.
803 4344 1031 4397 Rursus
1085 4350 1289 4399 autem
1348 4345 1671 4403 audiamus
1723 4365 1886 4420 eum,
1936 4353 2042 4424 qui
2074 4354 2154 4410 ad

2273 4355 2364 4426 γὰρ
2432 4349 2634 4410 Παῦλος
2689 4351 2714 4400 6
2785 4348 2936 4419 ἅγιος
2993 4346 3339 4409 ἐξανάστασιν
3402 4349 3614 4419 εἴρηκε,
3672 4347 3874 4402 ταύτην

491 4431 732 4488 tertium
772 4448 965 4504 usque
1021 4433 1241 4489 coelum
1310 4440 1522 4507 raptus
1597 4443 1702 4495 est.
1766 4441 1913 4506 Quid
1968 4443 2153 4500 dicit?

2273 4437 2433 4495 Δαϐἱδ
2501 4438 2876 4510 ἁνακαινισμὸν
2939 4441 3357 4512 προσηγόρευσε.
3419 4435 3750 4508 ’Δκούσωμεν
3814 4429 3878 4487 δε

492 4521 802 4590 Templum
833 4524 971 4578 estis
993 4525 1262 4593 Spiritus
1292 4529 1488 4581 sancti
1515 4528 1576 4583 in
1609 4529 1770 4585 vobis
1802 4531 2152 4589 inhabitan-

2273 4530 2415 4583 πάλιν
2464 4529 2578 4601 (92)
2635 4535 2726 4581 τοῦ
2773 4528 3092 4602 ἁρπαγέντος
3140 4527 3234 4587 ἕως
3281 4531 3460 4598 τρίτου
3515 4525 3758 4598 οὐρανοῦ.
3811 4529 3881 4578 Τί

487 4612 563 4666 tis
591 4611 661 4667 ⁸⁵.
691 4610 1006 4684 Templum
1036 4617 1238 4668 autem
1287 4629 1487 4683 omne,
1539 4616 1644 4673 Dei
1702 4620 1996 4692 templum
2041 4627 2151 4679 est.

2273 4636 2458 4693 ρησιν;
2525 4617 2646 4671 Ὀτι
2711 4621 2831 4678 ναὸς
2898 4624 2988 4668 τοῦ
3055 4615 3102 4668 ἐν
3161 4614 3282 4688 ὑμῖν
3347 4613 3502 4686 ἁγίου
3570 4617 3880 4686 Πνεῦματὸς

487 4700 660 4764 Quod
684 4700 732 4756 si
758 4701 1050 4773 templum
1080 4718 1290 4757 sumus
1325 4703 1576 4776 Spiritus
1628 4709 1849 4778 sancti;
1898 4711 2150 4782 Spiritus

2273 4711 2397 4767 ἕστε.
2441 4716 2551 4771 Πᾶς
2599 4705 2658 4760 δὲ
2698 4713 2816 4769 ναὸς
2873 4710 2998 4759 Θεοῦ
3047 4710 3182 4766 ναὸς.
3217 4705 3277 4758 Εἰ
3321 4701 3380 4758 δὲ
3410 4709 3532 4766 ναός
3578 4704 3728 4776 ἐσμεν
3779 4712 3879 4756 τοῦ

487 4795 732 4844 sanctus
756 4791 908 4846 Deus
940 4797 1051 4848 est.
1109 4793 1332 4848 Dicitur
1377 4799 1580 4851 autem
1612 4802 1669 4853 et
1717 4800 2011 4872 templum
2044 4804 2148 4858 Sa-

2273 4803 2559 4873 [Ινεύματος
2611 4804 2704 4850 τοῦ
2758 4797 2932 4868 ἁγίου,
2997 4799 3122 4855 Θεὸς
3183 4798 3241 4846 τὸ
3311 4801 3522 4867 Πνεῦμα
3582 4798 3641 4845 τὸ
3699 4793 3875 4866 ἅγιον.

484 4876 786 4945 lomonis;
843 4895 1059 4936 verum
1118 4887 1409 4956 tanquam
1473 4886 1604 4956 ejus
1663 4889 1767 4960 qui
1835 4891 2144 4948 exstruxit.

2273 4895 2482 4961 Λέγεται
2547 4886 2605 4941 δε
2669 4891 2753 4939 καὶ
2821 4888 2944 4948 ναὸς
3007 4883 3351 4957 Σολομῶντος,
3413 4883 3520 4936 ἀλλ’
3583 4886 3652 4944 ὡς
3712 4903 3882 4936 κατα-

486 4966 660 5030 Quod
721 4966 770 5020 si
801 4969 884 5022 sic
917 4986 1129 5026 sumus
1178 4973 1470 5045 templum
1499 4977 1752 5046 Spiritus
1779 4981 1992 5051 sancti,
2023 4982 2142 5054 Spi-

2273 4983 2641 5041 τκευάσαντος.
2709 4977 2770 5030 Εἰ
2836 4974 2895 5028 δὲ
2958 4975 3114 5036 οὕτως
3173 4975 3324 5048 ἐσμεν
3381 4978 3498 5035 ναὸς
3559 4981 3650 5026 τοῦ
3715 4972 3879 5044 ἁγίου

483 5055 634 5110 ritus
695 5061 940 5111 sanctus
989 5059 1146 5114 Deus
1197 5066 1286 5116 est
1318 5078 1330 5116 :
1367 5063 1484 5130 Qui
1505 5066 1667 5122 enim
1719 5071 1920 5126 omnia
1951 5073 2148 5127 condi-

2273 5075 2595 5144 ,Ινεύματος,
2655 5070 2785 5129 Θεὸς
2836 5070 2894 5118 τὸ
2947 5066 3096 5137 ἅγιον
3160 5072 3386 5137 Πνεῦμα.
3445 5064 3502 5116 Ὀ
3549 5066 3650 5138 γὰρ
3700 5066 3883 5118 πάντα

483 5145 594 5213 dit,
623 5146 782 5201 Deus
813 5152 897 5202 est
928 5147 974 5181 ⁸⁵
991 5166 1008 5218 ;
1044 5148 1093 5202 si
1125 5165 1267 5206 vero
1295 5157 1590 5226 tanquam
1621 5157 1773 5228 ejus,
1801 5159 1908 5231 qui
1929 5162 2144 5219 adora-

2273 5161 2658 5220 ιατασκευάσας
2717 5161 2883 5218 Θεὸς·
2935 5155 3008 5217 εἰς
3067 5151 3126 5207 δε
3172 5157 3242 5216 ὡς
3291 5157 3734 5226 ποσκυνουμένου,
3781 5175 3883 5246 καὶ

2265 3729 2358 3774 τοῦ
2420 3724 2542 3774 Υἱοῦ
2610 3727 2699 3773 καὶ
2763 3728 2852 3773 τοῦ
2917 3720 3070 3792 ἁγίου
3140 3722 3462 3792 Πνεῦματος.
3535 3718 3688 3792 Ὁρᾷς
3749 3716 3882 3770 κὰνο

2265 3813 2436 3864 ταῦθα
2489 3814 2762 3884 συμπαρὸν
2814 3814 2982 3884 Παρτί
3039 3813 3128 3861 καὶ
3175 3811 3279 3880 Υἰῷ
3325 3812 3382 3861 τὸ
3434 3809 3582 3880 ἇγίον
3635 3814 3878 3880 Πνεῦμα,

2263 3906 2328 3954 Τί
2367 3897 2440 3954 δι’
2467 3899 2528 3952 ἄν
2553 3904 2716 3962 εἴποις
2755 3905 2845 3952 καὶ
2874 3904 2992 3972 περὶ
3021 3908 3116 3960 τῆς
3156 3896 3490 3960 ἀναστάσεως
3528 3905 3628 3949 τῶν
3655 3906 3877 3972 νεκρῶν,

2266 3992 2387 4042 ὅταν
2435 3989 2766 4062 ἐκλείψωμεν,
2817 3994 2908 4041 καὶ
2967 3988 3036 4050 εἰς
3083 3991 3168 4040 τὸν
3222 3995 3358 4060 χοῦν
3415 3989 3559 4059 ἡμῶν
3626 3987 3880 4060 ἐπιστρέ-

2264 4080 2480 4154 ψωμεν;
2532 4086 2601 4139 Γῆ
2653 4082 2755 4153 γάρ
2801 4079 2975 4152 ἐσμεν,
3019 4082 3109 4129 καὶ
3159 4077 3228 4140 εἰς
3277 4083 3370 4136 τὴν
3425 4085 3525 4148 γῆν
3583 4074 3880 4130 ἀπελευσό-

2265 4173 2418 4244 μεθα,
2458 4175 2546 4222 καὶ
2594 4168 2866 4222 αποστελεί
2905 4171 2962 4220 τὸ
3015 4175 3224 4240 Πνεῦμα
3271 4171 3327 4220 τὸ
3371 4167 3539 4240 ἅγιον,
3573 4173 3664 4218 καὶ
3699 4172 3880 4219 κτίσει

551 5342 599 5378 τ’
630 5344 770 5416 Sap.
805 5360 841 5411 ι,
872 5349 930 5400 7.
995 5344 1042 5379 ⁸ο
1077 5347 1224 5404 Psal.
1279 5363 1547 5420 CXXXVIII,
1577 5358 1631 5408 7.
1689 5355 1730 5391 "
1768 5357 1923 5414 Psal.
1974 5375 2162 5428 xxxu,

2306 5362 2353 5397 ⁸³
2384 5361 2433 5415 Il
2456 5359 2588 5414 Cor.
2622 5373 2681 5412 v.
2721 5359 2805 5412 l7.
2857 5355 2904 5390 ⁸³
2939 5353 3152 5410 Matth.
3211 5368 3414 5421 xxvui,
3455 5355 3544 5410 l9.
3607 5353 3653 5387 “
3705 5353 3877 5410 Psal.

481 5448 591 5500 ctu,
617 5435 712 5489 30.
778 5435 824 5468 ⁸⁵
859 5435 902 5492 I.
930 5435 1064 5490 Cor.
1094 5449 1170 5507 vi,
1207 5442 1293 5494 l9.
1345 5440 1392 5475 ⁸⁸
1429 5441 1603 5497 Hebr.
1635 5460 1713 5512 ιιι,
1743 5449 1794 5501 4.

550 5637 662 5708 (91)
698 5641 981 5714 Προϐἥναι.
1013 5643 1145 5699 Mss.
1174 5644 1492 5718 προσϐῆναι.

2318 5660 2430 5733 (92)
2475 5655 2657 5713 Πάλιν.
2691 5656 2857 5714 Hanc
2885 5667 3096 5712 vocem
3128 5647 3486 5710 addidimus
3515 5668 3588 5710 ex
3619 5667 3773 5710 mss.
