4114 6386
511 281 616 340 267

1898 273 1956 328 s.
1996 271 2253 328 BASILlI
2290 273 2513 330 manu
2575 250 2580 255 ’

3771 295 3870 350 268

509 407 670 464 tione
715 406 1012 462 arceatur.
1071 404 1142 459 Ut
1191 401 1353 458 enim
1412 417 1627 458 sensus
1677 397 1988 456 sensibilia
2017 440 2031 466 ,
2091 396 2171 453 ita

2283 395 2518 466 ἕπίϐολός
2565 399 2726 454 ἔστιν.
2774 399 2918 474 ’Δμα
2963 396 3023 454 δι
3085 406 3176 455 καὶ
3221 410 3377 457 τοῦτο
3427 405 3640 483 λεκτέον,
3694 414 3772 468 ὅτι
3812 422 3874 472 τὰ

508 511 682 552 mens
733 491 1131 563 intelligibilia
1188 491 1446 561 attingit.
1486 490 1675 547 Simul
1727 493 1933 545 autem
1972 487 2172 542 ethoc

509 584 860 651 dicendum,
890 581 1191 638 naturalia
1233 581 1466 652 judicia
1514 579 1864 636 documenti
1905 577 2174 649 expertia

509 691 546 732 a
575 675 884 732 conditore
916 677 1123 728 nostro
1151 674 1271 727 Deo
1304 671 1497 726 indita
1524 669 1734 724 fuisse.
1769 668 1972 722 Visum
2011 666 2169 721 enim

507 781 691 822 nemo
741 763 952 819 edocet
1003 767 1066 816 ut
1123 760 1416 834 percipiat
1471 759 1700 816 colores
1761 763 1866 814 aut
1901 757 2168 827 ﬁguras;

507 869 708 927 neque
739 852 1013 909 auditum
1054 855 1118 906 ut
1164 866 1349 906 sonos
1393 854 1448 906 et
1497 865 1716 917 voces;
1775 862 1972 919 neque
2026 844 2174 902 olfa-

509 950 696 1012 ctum,
733 948 794 998 ut
837 942 993 997 bene
1026 945 1082 997 et
1130 940 1287 996 male
1327 939 1615 996 olentium
1647 954 1850 994 rerum
1883 951 2170 1009 vapores;

506 1049 706 1107 neque
739 1036 1010 1102 gustum,
1037 1034 1103 1086 ut
1143 1045 1396 1102 sapores
1445 1045 1516 1085 ac
1571 1043 1831 1094 succos;
1863 1041 2062 1098 neque
2093 1031 2174 1081 ta-

508 1130 690 1193 ctum,
722 1126 787 1178 ut
837 1119 1047 1176 mollia
1091 1123 1148 1176 et
1205 1119 1379 1184 dura,
1431 1122 1497 1174 ut
1538 1116 1756 1187 calida}
1783 1121 1889 1173 aut
1931 1113 2169 1184 frigida.

507 1216 712 1284 Neque
749 1226 893 1266 sane
938 1208 1271 1281 quisquam
1321 1213 1586 1264 mentem
1618 1205 1861 1262 docebit
1890 1203 2173 1273 intelligi-

505 1301 652 1358 bilia
677 1299 950 1371 assequi.
986 1301 1053 1354 Et
1091 1297 1616 1370 quemadmodum
1667 1311 1904 1359 sensus,
1949 1293 1996 1348 si
2023 1292 2173 1366 quid

505 1391 654 1463 ipsis
711 1388 998 1445 acciderit
1043 1387 1452 1451 incommodi,
1504 1389 1684 1457 egent
1744 1383 1944 1440 solum
2005 1398 2174 1438 cura-

507 1481 687 1546 tione,
720 1485 777 1535 et
823 1495 1004 1534 suum
1057 1479 1331 1550 ipsorum
1383 1491 1609 1532 munus
1663 1474 1907 1546 explent
1955 1472 2170 1542 facile;

506 1569 590 1626 ita
620 1573 677 1625 et
701 1583 875 1624 mens
902 1567 1070 1622 carni
1099 1565 1350 1637 illigata,
1379 1571 1435 1622 et
1459 1566 1603 1621 ortis
1625 1581 1696 1620 ex
1737 1580 1809 1620 ea
1837 1562 2174 1636 phantasiis

509 1658 775 1732 oppleta,
827 1657 949 1713 ﬁde
998 1656 1229 1727 indiget
1281 1661 1334 1713 et
1383 1661 1545 1712 recta
1595 1656 1737 1724 vita,
1795 1669 1932 1726 qum
1990 1653 2173 1725 pedes

505 1749 698 1821 ipsius
724 1747 889 1803 velut
909 1746 1070 1802 cervi
1109 1746 1427 1818 cujusdam
1464 1744 1890 1818 praeparant”,
1915 1757 2171 1812 eamque

508 1836 587 1894 ad
646 1835 766 1892 alta
811 1836 1068 1906 erigunt.
1121 1837 1242 1890 Hoc
1297 1833 1499 1906 ipsum
1551 1834 1732 1888 etiam
1773 1831 2019 1903 sapiens
2075 1830 2172 1886 ille

508 1926 794 1984 Salomon
825 1925 1153 1992 admonet;
1188 1940 1258 1980 ac
1289 1940 1450 1980 nunc
1490 1923 1737 1996 quidem
1759 1921 1938 1977 nobis
1967 1919 2174 1992 objicit

503 2031 628 2073 non
657 2013 1178 2071 verecundantem
1205 2013 1485 2087 opiﬁcem
1518 2012 1837 2069 formicam
1854 2012 1924 2076 ⁸⁸,
1957 2027 2029 2067 ac
2065 2026 2172 2083 per

504 2120 638 2160 eam
672 2103 851 2159 nobis
881 2108 1198 2159 actuosam
1240 2102 1400 2158 viam
1440 2100 1729 2158 describit
1776 2119 1788 2156 :
1826 2115 1988 2156 nunc
2026 2115 2171 2156 vero

504 2193 797 2266 sapientis
828 2192 1082 2265 apiculae
1112 2192 1174 2247 in
1211 2191 1517 2262 ﬁngendis
1562 2190 1714 2247 favis
1754 2205 2054 2259 organum
2079 2191 2165 2245 9°:

502 2298 575 2339 ac
629 2297 739 2355 per
786 2297 923 2338 eam
982 2281 1326 2337 naturalem
1393 2278 1971 2352 contemplationem
2029 2293 2169 2348 sug-

503 2371 699 2441 gerit,
763 2370 825 2425 in
897 2384 1020 2441 qua
1093 2369 1272 2424 etiam
1329 2367 1405 2424 de
1468 2373 1676 2425 sancta
1724 2367 2004 2424 Trinitate
2059 2367 2168 2423 do-

503 2459 696 2516 ctrina
746 2457 1153 2525 admiscetur;
1211 2455 1515 2528 siquidem
1571 2472 1645 2512 ex
1698 2472 1901 2512 rerum
1947 2460 2171 2512 creata-

501 2563 640 2606 rum
678 2545 1127 2620 pulchritudine
1158 2547 1278 2618 90
1308 2545 1738 2602 convenienter
1777 2549 2009 2601 creator
2033 2561 2172 2602 con-

501 2637 828 2695 sideratur.
887 2637 1001 2693 Sed
1048 2636 1179 2708 jam
1221 2635 1427 2706 gratiis
1485 2635 1633 2692 actis
1690 2635 1852 2692 Patri
1914 2639 1972 2692 et
2028 2635 2170 2692 Filio

500 2736 559 2788 et
601 2728 844 2803 Spiritui
892 2732 1121 2791 sancto,
1175 2727 1362 2784 ﬁnem
1409 2727 1806 2800 imponamus
1860 2725 2066 2784 litteris

497 2819 623 2891 bio,
651 2819 920 2892 optimus
956 2822 1064 2874 est.

1002 2941 1342 3000 EPISTOLA
1383 2942 1508 2998 IX'.

497 3069 739 3127 Laudat
768 3068 1037 3125 Basilius
1063 3068 1125 3122 in
1147 3067 1414 3123 Maximo
1445 3082 1708 3124 amorem
1735 3068 2176 3137 primariorum

488 3143 794 3213 judicium
815 3141 1076 3213 profert,
1110 3146 1164 3196 et
1195 3139 1262 3213 de
1288 3141 1478 3194 simili
1499 3139 1829 3195 secundum
1871 3143 2187 3213 essentiam

2284 492 2483 560 φυσικὰ
2509 496 2760 566 κριτήρια
2805 487 3077 544 ἀδίδακτά
3122 497 3398 552 πεποίηκεν
3446 499 3471 548 ὁ
3518 506 3702 565 κτίσας
3745 507 3874 579 ἡμᾶς

2285 583 2429 640 Θεός.
2487 577 2674 642 Οὐδεις
2728 584 2827 657 γὰρ
2887 577 3140 634 διδάσκει
3193 586 3282 645 τὰς
3331 584 3472 656 ὄψεις
3525 577 3869 665 χρωμάτωνῆ

2285 672 2578 741 σχημάτων
2606 669 3097 744 ἀντιλαμϐάνεσθαι,
3144 669 3259 726 οὐδ’
3289 671 3450 735 ἀκοὴν
3483 677 3660 751 ψόφων
3698 703 3751 736 τι
3790 691 3872 738 καὶ

2284 767 2478 829 φωνῶν,
2503 756 2621 812 οὐδ’
2651 764 2912 834 ὄσφρησιν
2944 759 3118 832 ἀτμῶν
3149 759 3356 815 εὐωδῶν
3396 785 3451 819 τε
3483 773 3573 820 καὶ
3603 766 3868 841 δυσωδῶν,

2282 844 2407 901 οὐδε
2429 856 2611 920 γεῦσιν
2639 859 2830 922 χυμῶν
2869 855 2958 903 καὶ
2987 849 3188 923 χυλῶν,
3216 851 3333 907 οὐδ’
3363 856 3497 929 ἁφὴν
3527 859 3764 931 μαλακῶν
3789 871 3873 919 καὶ

2285 936 2547 1012 σκληρῶν,
2592 940 2622 998 ἢ
2677 942 2874 1014 θερμῶν
2905 945 2996 993 καὶ
3037 939 3286 1017 ψυχρῶν.
3319 943 3462 999 Οὐδὲ
3498 967 3586 1000 τον
3627 959 3742 1004 νοῦν
3774 952 3872 1008 ἔπι-

2283 1025 2482 1079 ϐάλλειν
2511 1035 2616 1089 τοῖς
2645 1036 2846 1092 νοητοῖς
2893 1026 3108 1094 διδάξοι
3154 1051 3232 1093 τις
3266 1034 3347 1086 οἶν.
3402 1042 3504 1089 Καὶ
3556 1040 3726 1116 ὥσπερ
3755 1047 3799 1096 εἳ
3825 1063 3872 1097 τι

2281 1119 2492 1170 πάθοιεν
2523 1114 2701 1188 αὗται,
2733 1119 3021 1193 ἐπιμελείας
3056 1125 3210 1194 μόνον
3256 1122 3628 1199 προσδέονται,
3669 1114 3756 1185 καὶ
3787 1138 3872 1193 τὴν

2283 1205 2476 1258 οἰκείαν
2507 1205 2761 1282 ἐνέργειαν
2807 1209 3028 1272 εὐκόλως
3068 1209 3465 1288 ἀποπληροῦσιν
3491 1239 3502 1250 ·
3554 1219 3717 1284 οὕτως
3743 1225 3874 1277 καὶό

2281 1304 2416 1362 νοῦς,
2448 1302 2606 1370 σαρκὶ
2656 1295 2940 1365 συνδεθεὶς,
2991 1304 3081 1353 καὶ
3123 1309 3223 1353 τῶν
3272 1301 3327 1355 ἐκ
3369 1308 3563 1370 ταύτης
3593 1321 3872 1380 φαντασιῶν

2281 1385 2590 1460 πληρωθεὶς,
2618 1392 2843 1451 πίστεως
2873 1385 3046 1442 δεῖται
3075 1395 3165 1444 καὶ
3204 1391 3464 1457 πολιτείας
3495 1396 3676 1472 ὀρθῆς,
3698 1404 3874 1464 αἳτινες

2281 1475 2665 1550 καταρτίζουσι
2695 1480 2815 1540 τούς
2848 1475 3021 1540 πόδας
3067 1478 3228 1532 αὐτοῦ
3272 1483 3399 1536 ὡσεὶ
3447 1483 3655 1558 ἐλάφου,
3686 1489 3772 1541 καὶ
3799 1489 3874 1543 ἐπὶ

2281 1567 2348 1616 τὰ
2381 1565 2561 1636 ὑψηλά
2604 1568 2822 1619 ἱστῶσιν
2871 1568 3049 1628 αὐτόν.
3079 1576 3246 1624 Τουτό
3283 1591 3364 1625 τοι
3403 1573 3529 1628 αὐτο
3559 1583 3649 1630 καὶ
3677 1581 3702 1631 ὁ
3731 1599 3873 1652 σοφός

2279 1661 2556 1742 παρεγγυᾷ
2585 1655 2846 1729 Σολομῶν·
2877 1662 2966 1710 καὶ
2991 1662 3115 1712 ποτε
3145 1662 3236 1732 μὲν
3268 1663 3392 1734 ἡμῖν
3423 1671 3667 1742 προφέρει
3697 1669 3770 1738 (2)
3793 1689 3869 1722 τον

2202 1762 2242 1816 Β
2281 1741 2695 1816 ἀνεπαίσχυντον
2738 1744 2958 1820 ἐργάτην
3012 1767 3097 1800 τον
3155 1753 3433 1824 μύρμηκα,
3477 1760 3567 1808 καὶ
3617 1753 3687 1809 δι’
3727 1757 3866 1811 αὐτον

2279 1837 2368 1892 τὴν
2396 1839 2687 1906 πρακτικὴν
2718 1837 2844 1907 ἡμῖν
2888 1833 3011 1889 ὁδον
3061 1839 3354 1914 ὑπογράφει
3379 1863 3392 1876 ·
3447 1847 3570 1898 ποτε
3600 1841 3658 1898 δὲ
3695 1866 3750 1899 το
3785 1855 3864 1910 τῆς

2282 1931 2447 1995 σοφῆς
2498 1923 2742 1996 μελίττης
2784 1926 3148 1999 κηρόπλαστον
3201 1933 3420 2003 ὄργανον
3449 1953 3462 1967 ο
3515 1939 3605 1988 καὶ
3661 1933 3730 1989 δι’
3779 1938 3860 1990 αὖ·

2277 2021 2369 2072 τῆς
2391 2013 2462 2082 (3)
2489 2018 2717 2084 φυσικήν
2741 2016 2956 2091 θεωρίαν
2996 2017 3302 2087 αἰνίττεται,
3329 2019 3378 2072 ἓν
3475 2028 3566 2077 καὶ
3596 2026 3621 2076 ὁ
3656 2030 3862 2100 περὶτῆς

2279 2103 2431 2175 ἁγίας
2459 2101 2686 2178 Τριάδος
2735 2105 3049 2181 ἐγκέκραται
3098 2107 3288 2182 λόγος·
3343 2114 3487 2187 εἰπερ
3538 2113 3594 2166 ἐκ
3638 2115 3863 2178 καλλονῆς

2276 2196 2575 2265 κτισμάτων
2621 2192 2881 2267 ἀναλόγως
2933 2198 2959 2249 ό
3004 2217 3368 2275 γενεσιουργος
3427 2205 3710 2277 θεωρεῖται.
3741 2205 3860 2259 Ἀλλ’

2278 2282 2758 2356 εὐχαριστήσαντες
2787 2286 2866 2357 (4)
2925 2291 3094 2362 Πατρὶ
3132 2294 3224 2342 καὶ
3273 2292 3382 2363 Υἱῷ
3428 2297 3520 2346 καὶ
3564 2293 3690 2368 ἁγίῳ
3726 2297 3859 2348 Πνεύ-

2277 2391 2424 2445 ματι,
2457 2376 2614 2448 πέρας
2639 2371 2893 2448 ἐπιθῶμεν
2919 2385 2992 2447 τῷ
3014 2379 3289 2452 γράμματι
3310 2400 3323 2414 ·
3359 2379 3546 2443 ἐπειδὴ
3573 2391 3671 2438 πᾶν
3697 2389 3853 2461 μέτρον

2277 2463 2515 2538 ἄριστον,
2548 2469 2637 2516 καὶ
2667 2466 2695 2523 ἡ
2726 2470 2987 2540 παροιμία
3016 2473 3196 2541 φησίν.

2112 2744 2125 2784 :
2166 2728 2468 2802 siquidem
2518 2732 2739 2790 modus
2777 2735 2999 2807 omnis,
3050 2741 3114 2796 ut
3162 2738 3350 2798 etiam
3394 2745 3486 2800 est
3526 2742 3590 2800 in
3635 2755 3861 2817 prover-

2883 2957 3222 3009 ΕΠΙΣΤΟΛΗ
3264 2955 3345 3012 ϐ’.

2227 3069 2537 3154 bonorum,
2576 3087 2751 3154 suum
2788 3074 2862 3132 de
2899 3077 3178 3154 Dionysii
3198 3081 3625 3154 Alexandrini
3643 3081 3866 3154 scriptis

2196 3183 2213 3228 ε
2251 3143 2592 3228 Invitathut
2637 3145 2718 3201 ad
2760 3161 2821 3228 _s_e
2866 3143 3082 3228 peniat'
3117 3152 3246 3210 (sibi
3287 3155 3453 3212 enim
3483 3143 3794 3228 aegrotanti
3817 3159 3866 3211 et

501 3214 724 3271 latenti
750 3214 815 3269 in
847 3212 1178 3268 solitudine
1203 3212 1504 3282 integrum
1535 3226 1656 3267 non
1689 3226 1810 3267 esse
1838 3211 1920 3266 ad
1947 3227 2078 3268 eum
2110 3214 2238 3284 ire),
2270 3220 2376 3271 aut
2405 3217 2620 3273 saltem
2648 3218 2896 3276 scribat.

986 3337 1256 3393 Maximo
1284 3336 1672 3406 philosopho.

576 3470 625 3522 t.
678 3462 985 3534 Imagines
1039 3477 1179 3518 vere
1231 3461 1576 3518 animorum
1627 3467 1770 3518 sunt
1819 3479 2158 3519 sermones.

501 3555 909 3627 Cognovimus
937 3555 1146 3626 itaque
1177 3557 1232 3610 te
1263 3569 1336 3609 ex
1378 3552 1609 3620 litteris,
1651 3558 1972 3625 quantum,
2001 3555 2171 3610 aiunt

500 3662 571 3702 ex
599 3643 908 3714 unguibus
945 3641 1182 3698 leonem
1210 3659 1222 3697 :
1253 3641 1838 3714 gavisiquefsumus,
1867 3642 2034 3716 quod
2083 3643 2170 3698 in-

498 3734 851 3792 venerimus
879 3737 931 3788 te
962 3731 1130 3788 haud
1160 3731 1425 3802 segniter
1453 3730 1739 3787 affectum
1775 3747 1920 3802 erga
1950 3733 2172 3804 prima-

501 3825 592 3881 ria
615 3840 684 3880 ac
714 3822 986 3879 maxima
1009 3821 1194 3887 bona,
1227 3821 1613 3876 dilectionem
1661 3820 1765 3877 Dei
1796 3825 1852 3877 et
1883 3821 2166 3894 proximi.

503 3913 806 3969 Indicium
846 3915 1047 3967 autem
1095 3910 1354 3966 facimus
1392 3910 1574 3981 hujus
1605 3909 1874 3982 quidem,
1911 3915 2078 3966 tuam
2110 3910 2172 3965 in

503 4016 619 4058 nos
648 3999 1112 4070 humanitatem,
1153 3998 1311 4054 illius
1359 4013 1526 4063 vero,
1572 3998 1842 4054 studium
1887 3998 2172 4055 scientiae.

508 4089 728 4149 Omnia
780 4092 985 4144 autem
1033 4088 1096 4143 in
1153 4087 1247 4142 his
1305 4085 1549 4144 duobus
1597 4087 1796 4160 posita
1844 4104 1995 4158 esse,
2025 4087 2175 4145 nulli

510 4177 723 4237 Christi
749 4176 1053 4249 discipulo
1079 4176 1354 4246 ignotum
1384 4180 1490 4232 est.

581 4271 634 4323 2.
679 4269 971 4323 Caeterum
1010 4280 1148 4338 quae
1193 4265 1470 4337 postulas
1513 4265 1780 4338 Dionysii
1808 4267 2050 4340 scripta,
2082 4283 2179 4323 ve-

511 4373 653 4415 nere
686 4355 786 4413 illa
818 4354 1067 4428 quidem
1095 4353 1174 4409 ad
1214 4370 1349 4423 nos,
1378 4360 1434 4410 et
1460 4354 1637 4411 valde
1667 4356 1894 4414 multa:
1925 4357 2032 4413 sed
2052 4372 2178 4414 non

513 4446 737 4504 adsunt
757 4445 914 4512 libri,
938 4449 993 4499 et
1012 4443 1237 4499 idcirco
1270 4459 1392 4499 non
1418 4445 1720 4500 misimus.
1750 4446 2051 4504 Sententia
2076 4462 2180 4504 au-

514 4543 635 4594 tem
667 4541 876 4592 nostra
911 4535 1038 4590 haec
1060 4538 1170 4590 est.
1194 4537 1321 4590 Non
1345 4535 1554 4590 omnia
1583 4535 1689 4590 viri
1709 4535 1892 4606 hujus
1913 4537 2180 4593 admira-

515 4644 655 4685 mur
683 4647 695 4683 :
730 4627 853 4682 imo
885 4630 1043 4688 sunt.
1076 4641 1213 4698 qua:
1249 4640 1497 4696 prorsus
1528 4625 1710 4681 etiam
1739 4627 2180 4699 improbemus.

519 4721 670 4775 Nam
692 4717 810 4773 fere
832 4717 986 4772 illius
1010 4731 1148 4788 quae
1171 4730 1334 4771 nunc
1363 4715 2181 4790 circumstrepit,impietatis,

522 4810 882 4862 Anommam
914 4805 1071 4876 dico,
1104 4805 1155 4860 is
1186 4809 1298 4870 est,
1329 4809 1630 4877 quantum
1656 4805 1906 4876 quidem
1936 4807 2183 4878 scimus,

599 5003 647 5039 ’⁷
683 5000 840 5058 Psal.
869 5016 1004 5068 xvn,
1038 5003 1127 5059 34.
1205 5002 1254 5038 ’⁸
1287 5003 1458 5060 Prov.
1490 5018 1568 5076 γι,
1606 5006 1655 5076 6,
1737 5005 1784 5039 θ’
1814 5003 1987 5061 Eccli.
2017 5021 2100 5077 χι,
2129 5011 2184 5064 3.

601 5199 622 5221 ¹
665 5197 824 5255 Alias
853 5197 986 5254 XLI.
1020 5196 1249 5270 Scripta
1278 5196 1437 5255 circa
1462 5213 1693 5256 annum
1718 5204 1842 5259 361.

605 5277 680 5343 (2)
713 5272 1100 5345 Προφξρᾼειηιῐο.
1123 5285 1270 5328 mss.
1292 5270 1444 5326 Editi
1471 5276 1771 5345 προσφέρει,

606 5340 679 5418 (3)
713 5340 920 5418 Καιξδῖ
939 5341 1077 5418 αὖτῆ
1091 5362 1128 5403 ς.
1163 5345 1248 5396 Ita
1267 5357 1415 5399 mss.
1444 5340 1592 5418 Editi
1620 5340 1708 5396 καὶ
1739 5342 1812 5398 δι’
1838 5344 2020 5405 αὐτου.

611 5413 688 5484 (4)
735 5414 867 5470 Ἀλλ’
899 5413 1402 5486 εὐχαριστήσαντες.
1455 5415 1651 5472 Prima
1693 5433 1805 5473 vox
1854 5418 2062 5477 addita
2110 5437 2183 5478 ex

534 5501 687 5631 ιω(ἓῇ
717 5562 815 5613 Καὶ
843 5561 1090 5631 μέγιστα.
1141 5555 1234 5613 Sic
1285 5556 1526 5614 codices
1574 5573 1720 5614 mss.
1767 5575 2001 5621 omnes.
2037 5564 2183 5622 Editi

2197 3339 2239 3396 C

2811 3345 3038 3420 Μαίξμῳ
3078 3347 3367 3424 φιλοσόφῳ,

2357 3469 2402 3521 1.
2445 3466 2650 3531 Εἰκόνες
2694 3472 2854 3532 ὅντως
2891 3479 2990 3523 τῶν
3044 3471 3237 3546 ψυχῶν
3276 3475 3414 3530 εἰσιν
3463 3481 3514 3533 οἱ
3559 3479 3716 3552 λόγοι.
3744 3486 3867 3533 Κατ-

2279 3559 2533 3632 εμάθομεν
2563 3556 2650 3612 οὖν
2683 3580 2740 3614 σε
2795 3558 2889 3615 διὰ
2937 3571 3029 3615 τοῦ
3063 3567 3398 3640 γράμματος,
3441 3572 3583 3639 ὅσον,
3635 3575 3799 3644 φασιν,
3823 3567 3870 3630 ἐξ

2280 3645 2485 3719 ὀνύχων
2522 3668 2608 3701 τον
2663 3649 2878 3704 λέονταο
2939 3657 3031 3705 καὶ
3083 3656 3340 3728 ἥσθημεν,
3386 3661 3617 3734 εὑρόντες
3661 3679 3770 3734 περι
3811 3659 3870 3710 τὰ

2279 3745 2462 3808 πρῶτα
2491 3743 2581 3790 καὶ
2602 3742 2832 3812 μέγιστα
2859 3742 2936 3814 (5)
2967 3751 3066 3795 τῶν
3107 3742 3313 3818 ἀγαθῶν
3359 3749 3456 3802 οὐκ
3485 3749 3658 3826 ἀργῶς
3686 3746 3866 3803 διακεί-

2279 3834 2457 3897 μενον,
2481 3831 2574 3885 τὴν
2597 3847 2651 3880 τε
2688 3848 2819 3903 προς
2863 3851 2948 3884 τον
2994 3839 3122 3885 Θεον
3152 3832 3364 3906 ἀγάπην
3391 3843 3482 3892 καὶ
3509 3859 3593 3892 τον
3642 3838 3865 3897 πλησίον.

2281 3920 2347 3972 Ση
2355 3923 2498 3987 μεῖον
2530 3913 2564 3969 δ
2568 3920 2589 3969 ε
2617 3922 2907 3992 ποιούμεθα
2937 3941 3028 3974 του
3058 3925 3150 3996 μὲν
3171 3928 3265 3983 τὴν
3291 3932 3416 4000 περὶ
3445 3931 3584 4002 ἡμᾶς
3617 3925 3868 3992 δεξιότητά

2285 4023 2403 4071 σου,
2449 4025 2540 4059 του
2598 4003 2658 4060 δὲ
2701 4013 2794 4067 τὴν
2851 4015 2970 4085 περὶ
3015 4020 3211 4084 γνῶσιν
3258 4014 3522 4078 σπουδήν.
3563 4017 3681 4071 Ὀτι
3726 4013 3781 4070 δὲ
3825 4011 3866 4065 ἓν

2284 4090 2433 4147 δυοῖν
2472 4098 2677 4150 τούτοιν
2725 4096 2836 4152 ἐστὶ
2878 4102 2944 4153 τὰ
2987 4100 3098 4170 ὃλα,
3157 4109 3419 4179 γνώριμον
3467 4112 3622 4163 παντὶ
3658 4114 3866 4184 Χριστου

2283 4185 2518 4259 μαθητῇ.

2355 4281 2408 4331 2.
2458 4275 2521 4330 Ἀ
2578 4274 2637 4331 δε
2676 4277 2936 4343 ἐπιζητεῖς
2989 4291 3089 4336 τῶν
3141 4291 3414 4341 Διονυσίου
3461 4289 3562 4361 (6),
3625 4285 3743 4348 ἦλθε
3786 4285 3862 4358 μὶν

2287 4365 2359 4428 εἰς
2409 4368 2570 4439 ἡμᾶς,
2619 4373 2710 4422 καὶ
2755 4374 2891 4424 πάνυ
2944 4373 3142 4426 πολλά·
3199 4375 3258 4428 οὐ
3314 4381 3542 4452 πάρεστί
3585 4399 3644 4452 γε
3692 4380 3786 4452 μὴν
3810 4372 3867 4425 τὰ

2289 4453 2491 4528 βιϐλία,
2542 4453 2724 4532 διόπερ
2778 4459 2873 4512 οὐκ
2925 4459 3317 4538 ἀπεστείλαμεν.
3370 4466 3600 4542 Ἕχομεν
3656 4463 3712 4521 δε
3749 4467 3868 4537 γνώ-

2290 4565 2390 4633 μης
2418 4546 2602 4609 οὕτως.
2638 4548 2714 4600 Ού
2757 4551 2926 4604 πάντα
2969 4553 3305 4628 θαυμάζομεν
3354 4577 3447 4610 του
3501 4555 3718 4633 ἀνδρόςο
3768 4556 3870 4606 ἔστι

2293 4630 2352 4686 δὲ
2399 4633 2434 4686 ἆ
2488 4641 2579 4688 καὶ
2627 4638 2887 4702 παντελῶς
2927 4637 3306 4718 διαγράφομεν.
3367 4644 3568 4720 Σχεδὸν
3600 4630 3717 4720 ’γὰρ
3762 4660 3871 4694 ταυο

2215 4701 2259 4755 D
2291 4729 2419 4782 τησὶ
2466 4734 2562 4789 τῆς
2613 4727 2701 4779 νῦν
2747 4701 3250 4806 περιθρυλλουμένης
3307 4701 3558 4805 ἀσεὲείας,
3612 4701 3702 4797 τῆξ
3749 4730 3872 4783 κατά

2291 4816 2352 4866 τὸ
2401 4813 2671 4888 ’Δνόμοιον
2715 4817 2868 4891 λέγω,
2915 4821 3070 4885 οὗτός
3113 4820 3278 4893 ἔστιν,
3308 4827 3410 4879 ὅσα
3436 4846 3494 4900 γε
3531 4827 3678 4900 ἡμεῖς
3712 4825 3869 4894 ἴσμεν,

2292 5213 2383 5292 καὶ
2434 5210 2684 5285 μάλιστα.
2724 5213 2831 5292 Sic
2874 5216 3259 5292 ‘etiamﬁinfra
3303 5237 3340 5279 a
3383 5218 3676 5278 veteribus
3720 5211 3870 5292 libris

2291 5281 2642 5408 discrepant
2669 5287 2832 5359 editi,
2869 5287 2930 5346 in
2981 5291 3202 5365 quibus
3239 5293 3454 5366 legitur
3477 5293 3526 5346 ἑν
3554 5295 3749 5345 τούτοιν
3772 5290 3869 5340 τοὶν

2331 5373 2462 5408 υοιν.

2362 5428 2440 5509 (β)
2469 5433 2590 5509 ,Τῶν
2622 5434 2915 5489 Διονυσίου.
2948 5436 3175 5494 Desunt
3199 5436 3329 5494 haec
3358 5438 3420 5494 in
3459 5435 3695 5494 duobus
3721 5444 3861 5489 mss.

2291 5497 2625 5559 codicibus.
