4114 6388
319 291 437 352 ΥΒ

1416 304 1906 363 EPISTOLARUM
1945 303 2229 364 CLASSIS
2267 308 2308 363 Ῑ.
2351 309 2566 366 EPIST.
2608 311 2725 368 XII.

3645 311 3757 368 274

337 423 496 477 Ὅταν
528 428 654 496 μιᾶς
716 423 1005 502 ἐγκρατεῖς
1031 431 1288 501 γένωνται
1338 433 1388 484 οἵ
1435 433 1501 484 τὰ
1556 438 1776 484 τοιαῦτα
1819 449 1978 484 σπου-

2095 445 2281 504 quam
2311 449 2499 490 unam
2527 437 2816 508 ceperunt
2835 433 2940 507 qui
2968 432 3270 504 ejusmodi
3296 433 3477 490 rebus
3501 449 3754 506 operam

352 511 613 583 ὃάξοντες,
648 519 923 589 χειροήθη
979 538 1036 572 τε
1093 523 1293 580 ταύτην
1338 526 1427 574 καὶ
1477 523 1723 594 ὁμόσιτον
1783 520 1984 584 ἑαυτοῖς

360 609 766 681 ἁπεργάσωνται
802 628 815 640 ·
879 613 1018 680 τότε,
1101 612 1252 683 μύρῳ
1325 613 1420 673 τὰς
1485 615 1744 683 πτέρυγας
1821 611 1983 673 αὐτῆς

1655 701 1856 763 ἔξωθεν.
1923 699 1983 754 Ἠ

359 784 423 840 δὲ
466 793 564 838 τοῦ
614 789 789 860 μύρου
849 785 1044 840 ἐκείνου
1106 788 1220 861 (23)
1285 786 1482 842 εὐωδία
1540 794 1632 848 τὴν
1701 789 1982 862 αὐτόνομον

357 701 673 770 χρίσανές,
735 695 865 750 ἐῶσι
929 699 1384 771 συναγελασθῆναι
1463 706 1575 761 ταῖς

356 875 564 934 ἐκείνην
621 875 817 948 ἀγέλην
872 886 1055 951 κτῆμα
1091 884 1319 931 ποιεῖται
1380 888 1453 950 τῷ
1512 882 1804 952 κεκτημένῳ
1887 883 1981 938 τὴν

354 968 649 1022 τιθασσὸν.
684 969 824 1041 Πρὸς
865 968 968 1042 γὰρ
1019 969 1113 1028 τὰς
1157 967 1396 1030 εὐπνοίας
1422 971 1538 1040 (24)
1575 973 1666 1021 καὶ
1713 970 1768 1020 αἱ
1805 965 1982 1020 λοιπαὶ

354 1060 747 1128 συνεφέπονταί
803 1075 858 1108 τε
911 1061 1001 1108 xui
1054 1056 1449 1118 εἰσοικιζονται.
1505 1062 1568 1110 Τί
1625 1054 1685 1110 δε
1732 1056 1981 1130 βουλόμε-

351 1166 442 1208 νος
472 1146 710 1199 ἐντεῦθεν
768 1147 1013 1220 ἄρχομαι
1069 1154 1162 1198 τοῦ
1214 1149 1563 1222 γράμματος;
1618 1145 1758 1213 Ὀτι,
1811 1146 1980 1199 λαϐὼν

361 1241 450 1289 τὸν
489 1239 605 1288 υἱὸν
647 1238 944 1305 Διονύσιον,
975 1239 1060 1289 τόν
1107 1255 1233 1290 ποτε
1281 1235 1572 1310 Διομήδην,
1607 1241 1696 1289 καὶ
1747 1245 1819 1308 τῷ
1863 1239 1978 1308 θείῳ

370 1330 520 1401 μύρῳ
549 1329 640 1389 τὰς
681 1335 776 1387 τῆς
802 1325 990 1398 ψυχῆς
1039 1326 1201 1379 αὐτοῦ
1238 1331 1497 1401 πτέρυγας
1553 1323 1867 1400 διαχρίσας,
1901 1325 1980 1389 ἐξ-

371 1416 576 1489 έπεμψα
611 1418 744 1492 πρὸς
802 1420 896 1474 τὴν
947 1420 1044 1474 σὴν
1101 1419 1545 1490 σεμνοπρέπειαν
1607 1418 1742 1468 ὥστε
1779 1420 1869 1468 καὶ
1923 1418 1980 1468 σε

370 1506 530 1564 αὐτὴν
580 1513 982 1564 ωναναπτῆναι
1027 1505 1190 1577 αὐτῷ,
1249 1511 1338 1558 xui
1395 1504 1704 1558 καταλαϐεῖν
1747 1510 1842 1564 τὴν
1889 1525 1980 1556 κα-

362 1596 494 1665 λιὰν,
551 1595 614 1654 ἦν
677 1594 807 1670 παρ’
863 1596 990 1667 ἡμῖν
1043 1593 1269 1658 ἐπήξατο
1327 1596 1353 1647 6
1418 1599 1806 1671 προειρημένος,
1863 1595 1978 1647 Ἐὰν

358 1685 444 1738 οὖν
472 1691 652 1737 ταῦτα
706 1681 885 1758 ἴδοιμι
939 1683 1022 1737 ἐπὶ
1075 1693 1173 1746 τῆς
1231 1683 1358 1757 ἐμῆς
1416 1686 1573 1754 ζωῆς,
1627 1690 1717 1738 καὶ
1755 1689 1849 1743 τὴν
1883 1688 1978 1744 σὴν

2092 521 2260 588 dant,
2287 539 2545 597 eamque
2574 525 2836 580 cicurem
2882 540 2951 580 ac
2994 539 3202 579 secum
3234 527 3577 580 vescentem
3605 524 3752 580 effe-

2092 615 2304 667 cerunt
2334 629 2346 667 :
2383 616 2511 668 tum
2541 629 2705 676 vero,
2731 612 2887 667 illius
2909 612 3021 668 alis
3053 616 3366 682 unguento
3415 612 3632 672 oblitis.
3664 613 3752 685 ip-

2094 716 2228 756 sam
2279 702 2569 772 conjungi
2631 702 2834 756 sinunt
2878 701 3158 757 externis.
3204 701 3498 770 Unguenti
3547 706 3751 757 autem

2089 788 2249 844 illius
2300 788 2918 860 fragrantialiberum
2971 789 3138 845 illum
3202 804 3444 859 gregem
3473 789 3546 856 ei,
3579 790 3752 860 cujus

2089 877 2221 950 ipsa
2247 878 2410 934 cicur
2441 885 2550 944 est,
2582 879 3038 951 possessionem
3071 878 3262 934 addit.
3301 879 3452 934 Nam
3478 878 3751 950 fragran-

2089 967 2236 1022 tiam
2289 973 2626 1040 sequuntur
2664 971 2721 1024 et
2776 967 3044 1040 reliquae,
3073 972 3420 1040 tectumque
3467 967 3748 1024 subeunt.

2092 1057 2207 1114 Sed
2236 1073 2358 1130 quo
2398 1059 2653 1114 consilio
2687 1058 2828 1113 inde
2859 1057 3141 1114 exordior
3167 1057 3492 1130 epistolam
3512 1058 3540 1113 ?
3586 1061 3750 1114 Post-

2088 1162 2272 1219 quam
2307 1146 2438 1219 cepi
2465 1146 2656 1202 ﬁlium
2684 1147 3061 1218 Dionysium,
3095 1145 3239 1202 olim
3270 1146 3638 1214 Diomedem,
3665 1151 3751 1204 at-

2087 1251 2205 1308 que
2255 1236 2416 1291 illius
2447 1238 2665 1292 animae
2713 1235 2842 1292 alas
2911 1235 3112 1292 divino
3146 1239 3458 1306 unguento
3495 1236 3745 1305 inunxi;

2087 1326 2225 1382 misi
2257 1326 2334 1381 ad
2379 1331 2543 1382 tuam
2584 1326 2966 1397 dignitatem,
3001 1330 3067 1382 ut
3101 1330 3155 1382 et
3190 1327 3324 1398 ipsa
3354 1341 3478 1382 una
3504 1341 3643 1381 cum
3675 1341 3746 1381 eo

2088 1415 2392 1483 convoles,
2418 1421 2474 1472 et
2498 1416 2712 1471 nidum
2734 1420 2906 1487 petas
2932 1429 3114 1488 quem
3136 1414 3303 1487 apud
3325 1430 3438 1470 nos
3469 1415 3540 1484 is,
3562 1430 3746 1487 quem

2087 1505 2233 1574 dixi,
2262 1507 2586 1579 compegit.
2638 1505 2810 1571 Quod
2851 1505 2902 1560 si
2931 1505 3079 1560 dum
3105 1505 3266 1574 vivo,
3300 1504 3430 1560 haec
3466 1503 3746 1572 viderim,

2088 1611 2158 1651 ac
2183 1594 2541 1666 dignitatem
2573 1599 2739 1650 tuam
2771 1594 2848 1650 ad
2883 1592 3141 1649 sublime
3173 1594 3309 1649 vitae
3341 1609 3532 1663 genus
3560 1597 3751 1648 trans-

2085 1683 2272 1740 latam
2303 1704 2314 1753 ;
2351 1684 2550 1740 multis
2579 1683 2856 1757 personis
2883 1684 3001 1739 Deo
3027 1683 3228 1752 dignis
3255 1699 3411 1755 opus
3439 1682 3584 1738 mihi
3616 1682 3744 1755 erit,

353 1779 782 1850 σεμνοπρέπειαν
839 1777 968 1849 πρὸς
1019 1776 1108 1827 τὸν
1166 1773 1366 1846 ὑψηλὸν
1447 1773 1566 1848 βίον
1609 1777 1976 1848 μεταθεμένην,

2095 1779 2154 1831 ut
2183 1773 2236 1830 ei
2262 1774 2536 1830 debitum
2566 1775 2860 1830 honorem
2889 1771 3284 1845 adimpleam.

343 1866 557 1919 πολλῶν
606 1869 911 1938 προσώπων
947 1862 1103 1928 ἀξίων
1151 1872 1242 1917 τοῦ
1304 1871 1438 1918 Θεοῦ
1498 1861 1854 1938 ὃεηθὴσομαι,
1885 1867 1980 1922 τὴν

342 1957 840 2029 κεχρεωστημένην
868 1957 1027 2027 τιμὴν
1061 1951 1463 2028 ἀποπληρῶσαι,
1495 1954 1656 2026 αὐτῷ.

928 2067 1267 2115 ΕΠΙΣΤΟΛΗ
1309 2060 1388 2115 ΙΑ’
1403 2106 1415 2119 .

2683 2059 3019 2116 EPISTOLA
3056 2057 3166 2115 ΧΓ.

354 2187 630 2245 Basilius
664 2187 827 2245 diem
863 2187 1085 2257 festum
1107 2187 1514 2244 celebraverat
1550 2202 1682 2243 cum
1703 2187 1848 2255 ﬁliis
1877 2200 1956 2241 un
1971 2185 2066 2241 ius
2097 2200 2172 2242 ea:
2202 2186 2408 2243 amicis
2430 2185 2572 2253 suis,
2603 2199 2776 2256 quem
2809 2199 2918 2254 per
2937 2200 3033 2241 eos
3061 2185 3311 2256 salutat,
3345 2199 3417 2241 ac
3444 2183 3747 2252 hortatur,

1140 2265 1207 2314 ut
1227 2261 1279 2315 si
1310 2260 1470 2316 curis
1499 2260 1607 2315 Dei
1635 2259 1789 2314 dono
1819 2259 2192 2328 exsolvatur,
2224 2273 2422 2314 secum
2455 2258 2634 2314 vitam
2669 2257 2972 2314 traducat.

712 2383 1115 2459 ’Δνεπίγραφος,
1156 2383 1242 2436 ἐπὶ
1283 2383 1431 2456 φιλίᾳ
1475 2384 1617 2456 (25).

415 2499 494 2566 Τῇ
552 2499 651 2545 τοῦ
705 2499 841 2545 Θεοῦ
891 2493 1083 2567 χάριτι
1133 2495 1226 2550 τὴν
1287 2489 1440 2563 ἁγίαν
1516 2492 1715 2565 ἡμέραν
1780 2485 1973 2542 συνδι-

349 2588 646 2655 αγαγόντες
687 2590 797 2644 τοῖς
847 2586 1039 2643 τέκνοις
1103 2583 1270 2655 ἡμῶν,
1312 2586 1402 2633 καὶ
1451 2585 1607 2643 ὅντως
1646 2580 1839 2634 τελείαν
1867 2579 1972 2653 ἐορ-

359 2678 455 2730 τὶςν
514 2673 852 2746 ἑορτάσειν-τες
910 2680 983 2743 τῷ
1039 2675 1215 2746 Κυρίῳ
1275 2668 1367 2724 διὰ
1409 2676 1497 2729 τὴν
1548 2669 1971 2746 ὑπερϐάλλουσαν

362 2762 541 2814 αὐτῶν
599 2768 714 2836 περὶ
770 2766 862 2815 τὸν
927 2764 1058 2815 Θεὸν
1109 2760 1334 2833 ἀγάπην,
1396 2760 1800 2836 προεπέμψαμεν
1862 2757 1973 2832 μεθ’

361 2853 550 2923 ὑγείας
603 2856 723 2925 πρὸς
778 2857 876 2911 τὴν
937 2856 1034 2910 σὴν
1102 2851 1377 2924 εὐγένειαν,
1429 2851 1704 2924 εὐχόμενοι
1760 2857 1832 2920 τῷ
1892 2869 1970 2921 φι-

359 2940 654 3016 λανθρώπῳ
719 2947 831 3009 Θεῷ
899 2945 989 2994 καὶ
1046 2940 1226 3004 αὐτοῖς
1278 2937 1502 3000 δοθῆναι
1565 2941 1820 3016 εἰρηνικὸν
1877 2940 1972 3010 ἀγ·-

355 3031 505 3103 γελσν
551 3030 877 3104 βοηθὸν¹καὶ
934 3033 1223 3104 συμπορόν,
1265 3036 1356 3083 xui
1391 3033 1448 3083 σε
1481 3029 1604 3104 παρ’
1671 3029 1838 3082 αὐτῶν
1881 3048 1970 3080 xu-

354 3120 697 3193 ταληφθῆναι
749 3120 800 3172 ἐν
849 3121 1003 3193 ὑγεία
1055 3123 1142 3171 καὶ
1179 3121 1325 3192 πάσῃ
1360 3119 1590 3192 εἰρηνικῇ
1624 3119 1968 3170 καταστάσει·
2014 3155 2055 3211 C

343 3212 432 3263 ἱνα
491 3212 731 3284 ὅπουπερ
787 3208 848 3261 ἂν
914 3206 1027 3279 ἦτε,
1106 3205 1430 3270 δουλεύοντες
1495 3216 1568 3280 τῷ
1627 3212 1826 3280 Κυρίῳ,
1883 3210 1974 3258 καὶ

341 3301 811 3374 εὐχαριστοῦντες
849 3298 1012 3370 αὐτῷ,
1074 3297 1378 3372 εὐφραίνητε
1451 3299 1609 3370 ἡμᾶς,
1674 3298 1767 3358 ἕως
1823 3295 1974 3370 ἐσμὲν

343 3390 398 3443 ἄν
451 3398 531 3461 τῷ
577 3393 792 3462 κόσμῳ,
826 3386 1107 3449 ἀκούοντας
1149 3389 1217 3440 τὰ
1263 3387 1387 3462 παρ’
1420 3388 1590 3460 ὑμῶν.
1633 3387 1749 3439 Ἐὰν
1792 3382 1851 3438 δὲ
1879 3407 1978 3439 πα-

344 3483 545 3556 ράσχῃ
576 3480 604 3531 6
635 3479 788 3550 ἆγιος
838 3481 967 3540 Θεὸς
1026 3479 1142 3549 (26)
1201 3479 1386 3530 θᾶττόν
1443 3495 1500 3529 σε
1545 3485 1642 3529 τῶν
1692 3472 1975 3549 φροντίδων

345 3574 554 3623 τούτων
616 3567 1008 3639 ἀπαλλαγῆναι,
1058 3567 1458 3643 παρακαλοῦμέν
1516 3585 1573 3619 σε
1624 3562 1790 3639 μηδέν
1842 3585 1976 3640 προ-

349 3669 590 3733 τιμῆσαι
621 3665 724 3719 τῆς
753 3657 868 3730 μεθ’
896 3658 1042 3730 ἡμῶν
1075 3655 1185 3728 (27)
1227 3653 1522 3728 διαγωγῆς·
1559 3654 1724 3728 Οἶμαι
1762 3657 1862 3729 γὰρ
1901 3659 1972 3728 μὴ

349 3750 520 3824 εὑρεῖν
568 3767 629 3801 σε
683 3751 809 3810 τοὺς
862 3746 1023 3807 οὕτως
1084 3744 1416 3817 ἀγαπῶντας,
1465 3749 1552 3797 καὶ
1610 3743 1974 3817 ἀντιποιουμέ-

347 3858 469 3898 νους
498 3846 597 3897 τῆς
650 3835 778 3910 παρ’
819 3836 944 3908 ὑμῖν
1003 3833 1195 3907 φιλίας.
1258 3833 1392 3895 Ἐως
1422 3830 1508 3886 οὖν
1559 3832 1618 3885 ἂν
1659 3833 1901 3906 οἰκονομῇ
1950 3834 1975 3885 6

350 3928 507 3998 ἅγιος
573 3930 666 3978 τὸν
716 3927 1000 4001 χωρισμὸν
1046 3931 1249 3989 τοῦτον,
1293 3921 1388 3976 διὰ
1439 3925 1617 3985 πάσης
1667 3925 1976 3997 προφάσεως

349 4017 802 4094 παραμυθεῖσθαι
830 4016 967 4088 ἡμᾶς
994 4015 1276 4090 γράμμασι
1305 4013 1580 4078 καταξίου.

938 4127 1278 4177 ΕΠΙΣΤΟΛΗ
1313 4120 1405 4176 ΙΒ’.

2372 2381 2518 2438 Sine
2549 2381 2965 2450 inscriptione,
2999 2381 3282 2438 amicitice
3311 2395 3474 2452 ergo.

2156 2489 2489 2562 Postquam
2515 2488 2616 2544 Dei
2640 2489 2833 2559 gratia
2854 2488 3016 2544 diem
3044 2491 3322 2545 sanctum
3340 2485 3750 2557 transegimus

2084 2595 2223 2635 cum
2251 2577 2391 2633 ﬁliis
2424 2578 2664 2645 nostris,
2697 2594 2768 2634 ac
2797 2593 2936 2633 vere
2964 2577 3234 2651 perfecta
3274 2577 3570 2633 solemnia
3598 2574 3752 2631 cele-

2082 2667 2394 2725 bravimus
2441 2667 2716 2735 Domino,
2767 2667 2847 2724 ob
2897 2666 3189 2722 eximium
3231 2683 3442 2722 eorum
3477 2665 3536 2721 in
3565 2667 3752 2720 Deum

2083 2773 2376 2826 amorem,
2395 2772 2577 2813 sanos
2600 2756 3004 2829 praemisimus
3023 2758 3102 2812 ad
3120 2761 3288 2812 tuam
3309 2754 3749 2830 praestantiam,

2084 2848 2274 2902 Deum
2303 2844 2818 2915 benignissimum
2845 2848 3181 2917 precantes,
3205 2848 3272 2900 ut
3313 2849 3371 2900 et
3398 2844 3546 2916 ipsis
3577 2842 3752 2898 detur

2084 2935 2379 3009 paciﬁcus
2411 2934 2662 3004 angelus
2693 2934 2937 3005 adjutor
2964 2949 3032 2989 ac
3060 2934 3168 2990 viae
3201 2949 3423 3000 comes,
3458 2937 3636 3004 teque
3659 2947 3755 2988 sa-

2082 3042 2257 3091 num,
2292 3028 2351 3081 et
2376 3024 2439 3081 in
2489 3025 2654 3080 omni
2683 3022 3117 3096 tranquillitate
3140 3024 3538 3080 constitutum
3578 3037 3751 3095 repe-

2083 3116 2276 3172 riant:
2319 3119 2383 3171 ut
2416 3115 2762 3187 ubicunque
2810 3114 3060 3184 fueritis,
3097 3113 3420 3169 servientes
3472 3113 3749 3180 Domino,

2085 3205 2258 3278 eique
2293 3204 2514 3276 gratias
2541 3208 2811 3273 agentes,
2836 3202 3106 3259 laetitiam
3145 3202 3343 3273 nobis,
3379 3202 3529 3258 dum
3551 3202 3612 3257 in
3633 3201 3750 3257 hoc

2084 3294 2316 3350 mundo
2343 3293 2755 3357 sumus,fama
2777 3309 2979 3348 rerum
3010 3297 3350 3349 vestrarum
3374 3292 3658 3348 atleratis.
3691 3290 3750 3347 Si

2084 3402 2229 3443 vero
2267 3389 2418 3440 Deus
2453 3388 2699 3440 sanctus
2740 3383 2963 3439 tribuat
2991 3383 3120 3450 tibi,
3154 3388 3217 3439 ut
3243 3399 3429 3456 quam
3461 3382 3749 3438 citissime

2084 3476 2162 3533 ab
2192 3475 2319 3532 istis
2367 3473 2526 3530 curis
2571 3472 2935 3546 expediaris,
2968 3488 3257 3544 rogamus
3290 3476 3356 3528 ut
3398 3470 3547 3527 nihil
3595 3470 3748 3528 anti-

2083 3565 2262 3638 quius
2298 3563 2554 3628 habeas,
2589 3578 2778 3634 quam
2826 3568 2888 3618 ut
2933 3562 3117 3617 vitam
3181 3560 3369 3632 degas
3408 3561 3744 3616 nobiscum.

2084 3653 2366 3710 Existimo
2399 3652 2559 3708 enim
2591 3657 2644 3706 te
2676 3666 2800 3706 non
2831 3651 3218 3706 inventurum
3240 3650 3346 3723 qui
3370 3649 3451 3705 ita
3470 3649 3746 3719 diligant,

2084 3749 2140 3800 et
2169 3758 2442 3800 amorem
2472 3745 2735 3796 vestrum
2769 3740 2916 3795 tanti
2947 3739 3192 3795 faciant.
3229 3738 3511 3804 Quandiu
3543 3737 3744 3807 igitur,

2081 3834 2202 3888 Deo
2233 3831 2647 3903 dispensante,
2682 3830 2945 3900 separati
2972 3829 3218 3895 erimus,
3249 3828 3354 3883 des
3400 3842 3652 3899 operam
3682 3829 3747 3882 ut

2082 3937 2195 3980 nos
2226 3919 2303 3977 ad
2329 3934 2574 3977 omnem
2606 3917 2990 3974 occasionem
3010 3915 3220 3973 litteris
3248 3916 3598 3975 consoleris.

2663 4113 3005 4170 EPISTOLA
3045 4111 3175 4169 XII“

977 4248 1322 4320 Olympium
1347 4248 1696 4319 perurbane
1725 4247 2011 4305 hortatur
2041 4244 2313 4304 Basilius
2348 4246 2413 4299 ut
2443 4242 2658 4313 saepius
2697 4240 2770 4298 ad
2794 4255 2854 4297 se
2894 4238 3138 4297 scribat.

1023 4355 1296 4428 Ὀλυμπίῳ
1306 4394 1316 4405 .

425 4465 695 4541 Ἐγραφες
733 4465 859 4536 ἡμῖν
915 4465 1164 4538 πρότερον
1223 4466 1313 4536 μὲν
1366 4463 1535 4534 ὀλίγα,
1591 4467 1678 4512 νῦν
1735 4457 1792 4514 δὲ
1852 4456 1975 4513 οὐδὲ

362 4555 532 4627 ὀλίγα·
567 4561 665 4608 xui
715 4557 878 4607 ἔοικεν
907 4555 937 4612 ἡ
1001 4552 1360 4628 βραχυλογία,
1420 4559 1686 4628 προϊοῦσα
1731 4559 1803 4623 τῷ
1845 4554 1976 4624 χρό-

360 4666 450 4716 νῳ,
519 4644 779 4705 παντελὴς
834 4645 1075 4716 γίνεσθαι
1152 4641 1370 4716 ἀφωνία.
1453 4641 1725 4695 Ἐπάνελθε
1804 4645 1973 4692 τοίνυν

356 4733 442 4789 ἕπὶ
490 4739 551 4789 τὸ
593 4737 736 4797 ἔθος,
785 4735 854 4797 ὡς
902 4732 998 4785 οὐκ
1037 4734 1110 4785 ἔτι
1143 4751 1227 4786 σοι
1265 4731 1579 4806 μεμψόμεθα
1621 4730 1976 4791 Λαχωνίζοντι

341 4931 567 5007 quain
589 4929 896 5007 pluribus
921 4928 1313 5007 a_git_litteri_s.
1339 4931 1543 5007 Neque
1569 4926 1752 5007 etiam
1774 4927 1834 4982 in
1855 4925 1971 4981 hac

346 4949 473 5007 qua
503 4948 567 4988 1n
607 4947 896 5059 Elurinus
921 4947 1048 4999 agn
1076 4947 1303 4986 uuerxs.
1339 4947 1543 5001 neque
1569 4947 1752 4983 etiam
1774 4947 1834 4982 1n
1856 4947 1971 4981 nac

346 5012 404 5061 et
435 5003 604 5078 pluri
657 5018 730 5058 us
773 5001 906 5058 aliis
933 4999 1138 5078 Basilii
1167 5000 1434 5073 epistolis
1465 4999 1704 5078 ἐλευθέρα
1749 5012 1975 5078 nomen

391 5070 681 5150 roprium
705 5080 814 5150 est,
847 5072 964 5150 sed
986 5070 1256 5150 viduam
1281 5070 1643 5150 matronam"
1671 5070 1972 5150 designat.

391 5093 681 5150 ropnum
705 5093 814 5136 εει,
854 5093 964 5129 seu
986 5093 1235 5128 vrauam
1281 5093 1625 5127 matronam
1671 5093 1972 5138 uesrguai.

349 5093 445 5222 gic
481 5146 815 5222 Gregorius
845 5147 986 5202 Naz.
1016 5143 1076 5222 in
1107 5144 1282 5222 epist.
1323 5147 1438 5222 lin,
1469 5142 1732 5216 ἐλευθέραν
1755 5141 1972 5222 Alypii,

353 5219 414 5276 id
454 5226 550 5275 est
580 5214 832 5275 viduam
868 5214 1763 5289 appellathimpliciam,_quam
1785 5214 1975 5289 ipsius

354 5291 680 5365 quondam
707 5285 1042 5365 conjugem
1077 5285 1260 5342 fuisse
1291 5285 1524 5365 dixerat
1552 5285 1817 5365 innepist.
1832 5288 1977 5365 ἐξῇ,

367 5355 549 5448 :(23)
593 5355 852 5418 ’Exctvou'.
908 5355 1007 5415 ita
1058 5374 1162 5413 sex
1231 5359 1462 5430 antiqui
1515 5355 1773 5413 codices.
1832 5355 1980 5412 Editi

361 5455 439 5489 αε
445 5456 525 5494 ινη
535 5479 548 5492 ,
1489 5467 1492 5471 ε

433 5513 534 5576 (24)
575 5512 678 5572 Τὰς
739 5507 1047 5576 εὖπνοίαςη
1075 5503 1161 5556 Ita
1219 5500 1376 5576 Harl.
1410 5499 1563 5576 Editi
1615 5502 1706 5561 τὰς
1747 5498 1986 5576 εὐπνοορ-

373 5571 476 5644 σας,
505 5571 603 5641 ea:
634 5595 779 5656 qua
814 5578 968 5633 bene
986 5575 1176 5639 olent,
1205 5571 1370 5656 quod
1397 5571 1606 5656 minus.
1633 5587 1840 5656 verum
1861 5575 1986 5656 “est,

371 5643 492 5712 cum
522 5643 659 5717 ωειει⁸
674 5658 935 5715 tantum
968 5643 1285 5716 unguento
1311 5643 1501 5700 oblita
1538 5645 1632 5700 sit.
1665 5645 1839 5700 Deest
1861 5643 1992 5699 haec

2765 4348 3067 4419 Olympio.

2160 4455 2476 4515 scribebas
2506 4454 2684 4511 nobis
2714 4454 2884 4527 prius
2912 4469 3131 4527 pauca,
3157 4467 3319 4507 nunc
3342 4465 3480 4507 vero
3501 4465 3577 4506 ne
3599 4465 3743 4522 pau-

2086 4564 2157 4604 ca
2196 4546 2483 4620 quidem:
2531 4561 2602 4601 ac
2631 4545 2866 4600 videtur
2918 4539 3423 4614 breviloquentia,
3473 4550 3742 4612 tempore

2083 4637 2501 4711 progrediens,
2529 4637 2778 4690 omnino
2822 4633 2948 4689 ﬁeri
2992 4631 3381 4687 taciturnitas.
3430 4631 3545 4702 93
3592 4629 3742 4686 Redi

2085 4729 2287 4800 itaque
2306 4726 2383 4782 ad
2406 4723 2927 4793 consuetudinem,
2945 4719 3449 4793 quandoquidem
3467 4735 3590 4776 non
3612 4735 3741 4775 am-

2081 4923 2407 4980 verborum
2439 4919 2779 4992 complexio
2806 4918 2864 4974 in
2889 4914 3311 4990 antiquissimo
3341 4915 3549 4973 codice
3577 4915 3738 4972 Cois-

2081 4998 2266 5053 liano.

2155 5069 2268 5135 (25)
2327 5065 2444 5117 Ἐπὶ
2510 5060 2817 5135 φιλίᾳρδὶο
2875 5060 3066 5135 codex
3137 5059 3436 5135 antiquus
3474 5058 3738 5135 insignis

2084 5131 2356 5196 Ecclesiae
2388 5131 2758 5199 Pari'siensis,
2792 5131 3007 5204 melius
3027 5147 3218 5204 quam
3256 5131 3318 5188 in
3345 5131 3518 5189 editis
3543 5136 3600 5186 et
3643 5131 3740 5186 tri-

2085 5211 2202 5268 bus
2231 5208 2363 5282 aliis
2393 5205 2701 5282 codicibus
2733 5221 2881 5282 mss.
2915 5202 2998 5282 ἐπὶ
3026 5202 3205 5282 ῷίλῳ..
3379 5273 3394 5282 ,
3460 5277 3504 5282 __
3569 5273 3602 5282 η

2159 5284 2273 5352 (26)
2305 5280 2368 5352 f0
2407 5278 2557 5350 ἅγιος
2602 5282 2774 5352 Θεόςτ-
2806 5279 2976 5332 Deest
3025 5273 3155 5336 Θεὸς
3191 5274 3254 5330 in
3284 5273 3420 5330 cod.
3459 5273 3737 5329 Medican

2089 5361 2147 5410 et
2170 5347 2417 5406 duObus
2442 5347 2893 5405 recentioribus.

2163 5424 2276 5496 (27)
2306 5430 2414 5496 Τῆς
2443 5422 2553 5495 μεθ’
2584 5423 2752 5494 ἡμῶν.
2782 5422 2908 5496 Du_o
2942 5435 3087 5496 mss,
3120 5425 3211 5478 τῆς
3247 5415 3370 5490 παρ’
3416 5419 3560 5488 ἡμῖν.
3610 5417 3741 5472 Mox

2093 5487 2283 5554 codex
2315 5487 2817 5550 Clar'omontanus
2851 5491 2941 5552 ἕως
2968 5487 3017 5542 δ’
3045 5492 3124 5544 ἄν.

2167 5570 2186 5589 '
2228 5567 2387 5622 Alias
2419 5567 2726 5623 CCXXXIX.
2761 5560 3080 5634 Scriptain
3111 5575 3370 5634 secessu.

2170 5641 2214 5661 "
2253 5638 2412 5696 Alias
2452 5638 2671 5695 CLXXI.
2705 5631 2935 5706 Scripta
2959 5631 3191 5690 videtur
3209 5631 3271 5688 in
3303 5645 3566 5687 secessu.
