4114 6400
476 319 580 372 275

1854 317 1910 372 S.
1952 309 2202 369 BASlLlI
2241 309 2486 368 MAGNI.
3353 311 3372 330 ⁶
3725 319 3819 375 276

476 440 635 514 plius
675 456 1022 514 queremur,
1055 441 1223 514 quod
1266 442 1556 498 Laconice
1587 441 1666 498 ad
1709 457 1822 497 nos
1857 438 2125 505 scribas;

2250 438 2375 511 πρὸς
2431 437 2572 509 ἡμᾶς
2626 433 2719 490 διὰ
2776 437 3142 513 μραγμάτων·
3218 433 3354 486 ἀλλά
3423 439 3510 488 καὶ
3567 438 3630 490 τὰ
3673 444 3824 514 μικρὰ

477 530 584 585 sed
607 536 662 586 et
695 531 912 586 breves
941 531 1190 600 litteras,
1217 537 1279 587 ut
1320 532 1527 600 magni
1560 531 1643 586 tui
1675 531 1901 587 amoris
1953 543 2134 598 argu-

478 625 702 691 menta,
737 620 982 692 plurimi
1027 620 1338 678 faciemus.
1388 623 1644 677 Tantum
1689 620 1865 677 nobis
1917 617 2132 675 scribe.

1037 817 1280 874 EPISTO
1290 819 1375 872 LA
1414 817 1572 872 ΧΙΙΓ.

2244 529 2550 602 γράμματα,
2613 526 2852 600 σύμϐολα
2917 530 3035 578 ὄντα
3092 534 3186 588 τῆς
3242 523 3474 598 μεγάλης
3522 545 3612 580 σου
3663 524 3824 583 διαθέ·

2247 634 2390 683 σεως,
2464 615 2653 669 πολλοῦ
2732 616 2856 680 ἄξια
2919 617 3270 688 ποιησόμεθα.
3340 619 3502 670 Μόνον
3581 617 3825 672 ἑπιστελλε

2244 725 2391 777 ημιν.

2811 817 3148 867 ΕΠΙΣΤΟΛΗ
3190 809 3284 868 Il".

1877 923 2091 980 Amica
2147 920 2458 979 salutatio.

1159 1032 1460 1102 Olympio.

553 1119 1080 1186 Quemadmodum
1113 1136 1210 1176 res
1234 1125 1462 1177 caeteras
1494 1137 1602 1176 sua
1624 1135 1885 1194 quaeque
1913 1123 2137 1192 tempe-

480 1213 633 1266 state
665 1215 904 1268 mature
935 1211 1318 1284 proveniunt,
1353 1226 1492 1267 vere
1518 1210 1768 1284 quidem
1807 1211 2005 1280 tiores,
2029 1223 2138 1264 aes-

480 1303 597 1355 tate
628 1316 766 1355 vero
812 1300 1016 1373 spicae,
1046 1305 1104 1357 et
1143 1305 1441 1356 autumno
1490 1301 1722 1357 malum
1759 1317 1772 1356 :
1807 1299 1888 1356 ita
1921 1297 2138 1355 hiemis

479 1388 707 1446 fructus
739 1395 882 1447 sunt
910 1406 1243 1447 sermones.

560 1500 564 1504 ’
1031 1499 1363 1556 EPISTOLA
1407 1497 1588 1554 XIV".

2908 1027 3198 1101 Ὀλυμπίῳ.

2313 1115 2516 1192 Ὠσπερ
2569 1123 2666 1169 τῶν
2726 1116 2889 1169 ἄλλων
2944 1121 3151 1192 ὡρίμων
3203 1118 3418 1170 ἕκαστον
3475 1114 3522 1168 ἐν
3573 1123 3630 1174 τῆ
3671 1115 3824 1188 οἰκείᾳ

2246 1208 2356 1279 ὦρᾳ
2395 1204 2618 1277 ἀπαντᾷ,
2647 1205 2696 1258 ἐν
2737 1202 2826 1279 ἦρι
2855 1210 2945 1279 μεν
2976 1210 3043 1259 τὰ
3079 1208 3233 1274 οἶνθη,
3261 1205 3309 1258 ἐν
3343 1208 3476 1278 θέρει
3507 1201 3565 1258 δε
3589 1207 3635 1257 οἰ
3672 1203 3823 1258 ἀστά-

2245 1315 2376 1368 χυες
2435 1299 2569 1364 (28),
2599 1305 2670 1366 τῷ
2725 1293 2784 1348 δὲ
2836 1303 3120 1370 μετοπώρῳ
3161 1300 3218 1348 τὸ
3267 1295 3447 1369 μῆλον·
3482 1295 3613 1348 οὕτω
3642 1302 3823 1367 χειμῶ-

2245 1405 2324 1446 νος
2345 1389 2540 1460 καρπός
2561 1386 2678 1458 (29)
2711 1385 2841 1438 εἰσιν
2873 1387 2921 1438 οἰ
2949 1385 3114 1458 λόγοι.

2812 1499 3145 1546 ΕΠΙΣΤΟΛΗ
3199 1493 3292 1546 ΙΔ’.

480 1589 750 1646 Basilius
770 1588 1071 1659 signiﬁcat
1104 1589 1392 1658 Gregorio
1413 1588 1528 1644 sibi
1546 1592 1840 1660 statutam
1867 1600 1988 1644 esse
2018 1600 2138 1641 non
2164 1582 3050 1660 expectareiltiusadventicio,
3081 1583 3185 1660 sed
3211 1583 3417 1638 statim
3441 1579 3736 1660 proﬁcisci
3753 1578 3828 1660 ad

552 1676 725 1788 sua?
791 1651 977 1788 Pttm'ti
1020 1651 1446 1718 solitudinem:
1497 1661 1680 1716 situm
1731 1659 1913 1731 hujus
1967 1660 2085 1714 loci
2132 1651 2411 1729 pluribus
2467 1654 2768 1726 describit,
2825 1671 2898 1712 ac
2947 1655 3284 1711 Tiberinum
3326 1669 3441 1723 pro
3489 1653 3599 1708 illo
3653 1651 3826 1721 lepide

553 1748 662 1789 con
694 1749 845 1789 emm
882 1773 894 1787 .

2711 1835 2981 1906 Γρηγορίῳ
3013 1830 3201 1905 ἑταίρῳ
3233 1831 3374 1902 (30).

2321 1923 2368 1974 1⁸
2412 1919 2565 1993 Ἐγὼ,
2588 1929 2679 1974 τοῦ
2713 1918 2937 1994 ἀδελφοῦ
2981 1941 3072 1994 μοι
3099 1919 3481 1980 ἐπιστείλαντος
3530 1919 3822 1993 Γρηγορίον,

2243 2007 2405 2061 πάλαι
2435 2012 2551 2076 (31)
2593 2009 2880 2083 βούλεσθαι
2909 2013 3034 2083 ἡμῖν
3077 2017 3375 2082 συντυχεῖν,
3410 2009 3713 2084 προσθέντος
3753 2001 3819 2068 δὲ,

2244 2100 2324 2151 ὅτι
2353 2104 2443 2151 καὶ
2483 2104 2569 2152 σοὶ
2599 2100 2725 2152 αύτό
2752 2107 2906 2152 τοῦτο
2939 2097 3254 2174 δεδογμένον
3285 2098 3422 2166 ἐστὶ,
3454 2102 3512 2150 τὸ
3542 2100 3630 2170 μέν
3673 2115 3721 2147 τι
3747 2097 3824 2145 καὶ

2245 2185 2340 2240 διὰ
2375 2191 2434 2240 τό
2522 2188 2771 2252 πολλάκις
2851 2188 3187 2250 ἀπατηθῆναι
3255 2193 3373 2257 (32)
3426 2187 3656 2262 ὀκνηρῶς
3704 2185 3822 2254 ἔχων

2241 2281 2373 2352 πρὸς
2409 2281 2467 2330 τό
2494 2281 2778 2331 πιστεύειν⁶
2807 2282 2864 2331 τό
2908 2275 2967 2332 δέ
2997 2299 3047 2331 τι
3094 2284 3184 2332 καὶ
3233 2280 3333 2331 ὑπὸ
3379 2276 3647 2350 ἀσχολιῶν
3691 2291 3819 2345 περι-

1042 1838 1330 1909 Gregorio
1360 1837 1576 1894 sodali.
2176 1832 2216 1887 Β

557 1932 604 1983 1.
635 1930 756 2001 Ego
782 1943 920 1984 cum
951 1927 1132 1984 frater
1180 1927 1497 1998 Gregorius
1528 1925 1605 1982 ad
1637 1940 1733 1981 me
1778 1923 2134 1998 scripsisset,

477 2017 629 2073 velle
660 2033 722 2074 se
759 2017 1131 2091 jampridem
1173 2017 1500 2073 nobiscum
1547 2014 1857 2086 congredi,
1906 2013 2135 2086 tibique

476 2107 810 2163 addidisset
833 2107 994 2163 idem
1015 2106 1195 2163 etiam
1228 2111 1521 2162 statutum
1545 2121 1708 2172 esse;
1737 2105 1958 2177 partim
1989 2104 2136 2176 quia

477 2211 637 2268 saepe
667 2197 958 2269 deceptus
976 2213 1136 2266 sum,
1161 2197 1402 2267 segnior
1427 2195 1505 2252 ad
1532 2194 1902 2251 credendum
1918 2193 2132 2261 factus,

473 2286 692 2358 partim
715 2290 771 2342 et
796 2285 1053 2355 negotiis
1076 2285 1426 2353 distractus,
1451 2289 1766 2356 expectare
1787 2299 1910 2339 non
1941 2281 2132 2356 potui.

473 2375 608 2430 Mihi
655 2375 814 2430 enim
860 2376 990 2446 jam
1028 2375 1089 2430 in
1139 2378 1397 2430 Pontum
1441 2372 1835 2443 migrandum
1889 2375 1996 2436 est,
2028 2370 2134 2426 ubi

471 2464 621 2521 forte
652 2464 1002 2536 aliquando,
1029 2465 1151 2520 Deo
1181 2463 1442 2529 volente,
1474 2463 1661 2519 ﬁnem
1695 2460 2021 2518 oberrandi
2047 2458 2132 2516 ia-

473 2554 722 2609 ciemus.
753 2557 925 2621 Nam,
959 2569 1094 2608 cum
1127 2553 1227 2608 vix
1269 2552 1518 2608 tandem
1563 2552 1950 2624 projecissem
1993 2565 2132 2622 spes

431 2709 434 2714 Ι
467 2643 876 2714 inanes,quas
899 2641 974 2697 de
1000 2647 1055 2697 te
1076 2641 1394 2712 quondam
1431 2640 1756 2712 habebam,
1780 2639 1923 2704 imo,
1961 2640 2008 2694 si
2035 2654 2132 2693 ve-

465 2731 592 2788 rius
627 2731 1000 2804 loquendum
1032 2735 1144 2799 est,
1177 2730 1416 2786 somnia
1452 2732 1621 2792 (nam
1654 2728 1802 2785 mihi
1835 2727 2129 2801 probatur

465 2821 570 2893 qui
623 2836 762 2892 spes
791 2819 1174 2890 vigilantium
1229 2819 1467 2875 somnia
1499 2834 1628 2876 esse
1659 2817 2124 2890 pronuntiavit),

464 2909 732 2967 abscessi
786 2910 848 2965 in
901 2911 1159 2965 Pontum
1215 2909 1354 2964 vitae
1395 2909 1736 2965 institutum
1822 2923 2122 2980 quaerens.

463 2999 584 3054 Illic
615 2999 762 3055 mihi
795 3002 949 3054 Deus
978 3013 1196 3068 agrum
1225 2997 1489 3054 ostendit
1517 2996 1820 3053 cumulate
1853 2995 2124 3052 moribus

462 3088 614 3143 meis
648 3092 1109 3158 congruentem,
1143 3087 1226 3143 ita
1265 3091 1332 3142 ut
1361 3086 1604 3159 qualem
1640 3101 1804 3158 saepe
1846 3085 2126 3141 feriantes

461 3194 530 3234 ac
562 3177 876 3234 lusitantes
907 3178 1113 3234 animo
1142 3177 1372 3248 ﬁngere
1404 3176 1688 3248 solemus,
1713 3176 1898 3233 talem
1919 3175 2124 3249 reipsa

2237 3173 2342 3224 οἷον
2393 3172 2642 3234 πολλάκις
2689 3172 2936 3246 εἰώθαμεν
2985 3172 3266 3248 ἀργοῦντες
3311 3175 3429 3247 ἅμα
3478 3178 3568 3230 καὶ
3629 3168 3826 3229 παίζονο

458 3268 800 3325 videamus.
2051 3322 2054 3326 .

2237 3281 2316 3324 τες
2373 3271 2432 3336 τῇ
2468 3260 2678 3336 διανοίᾳ
2738 3263 3112 3336 συμπλάττειν,
3168 3272 3407 3318 τοιοῦτον
3465 3263 3549 3317 ἐπὶ
3607 3256 3825 3329 τῆς(35)

2237 3351 2480 3413 ἀληθείας
2505 3355 2756 3428 καθορᾴν.

2305 3447 2358 3499 2.
2404 3443 2564 3517 Ὄρος
2611 3445 2711 3518 γάρ
2763 3443 2904 3498 ἐστιν
2950 3443 3170 3515 ὑψηλὸν,
3206 3443 3404 3519 βαθείᾳ
3451 3444 3546 3518 ὕλη
3579 3438 3826 3510 κεκαλυμ-

2236 3537 2406 3606 μένον,
2445 3532 2685 3606 ψυχροῖς
2740 3529 2908 3586 ὕδασι
2963 3539 3053 3585 καὶ
3120 3529 3435 3605 διαφανέσιν
3487 3532 3559 3594 εἰς
3613 3533 3669 3584 τό
3723 3524 3828 3580 κατ’

2235 3625 2428 3696 ἄρκτον
2486 3621 2836 3698 κατάρρυτον.
2883 3626 3079 3676 Τούτου
3147 3630 3260 3684 ταῖς
3321 3625 3608 3700 ὑπωρείαις
3662 3613 3826 3672 πεδίον

2235 3711 2417 3764 ὕπτιον
2467 3712 2870 3785 ύπεστόρεσται,
2929 3718 3039 3772 ταῖς
3079 3710 3134 3763 ἐκ
3181 3719 3273 3764 τοῦ
3328 3716 3487 3788 ὅρους
3527 3714 3693 3764 νοτίσι
3722 3702 3827 3762 διη-

2244 2372 2529 2440 σπὼμενος,
2562 2367 2821 2441 ἐπιμεῖναι
2871 2368 2965 2421 οὐκ
3014 2365 3306 2428 ἠδυνήθην.
3342 2374 3430 2420 Δεῖ
3474 2369 3576 2442 γάρ
3628 2382 3686 2437 με
3723 2355 3813 2419 ἤδη

3364 2460 3512 2529 τάχα
3556 2455 3692 2518 ποτε,
3743 2455 3820 2502 τοῦ

3248 2459 3272 2470 ιν

2243 2454 2541 2510 ἀπελαύνειν
2590 2456 2674 2510 ἐπὶ
2703 2461 2790 2510 τόν
2843 2462 3054 2526 Πόντον,
3129 2457 3180 2510 ἐν

2241 2550 2368 2598 Θεου
2423 2545 2789 2620 βουληθέντος,
2829 2557 2923 2610 τῆς
2984 2547 3184 2609 πλάνης
3238 2547 3464 2621 λήξομεν
3516 2547 3570 2615 (3
3615 2550 3647 2612 2-
3687 2538 3826 2598 Μόλις

2238 2639 2337 2711 γὰρ
2401 2635 2653 2710 ἀπογνοὺς
2714 2639 2813 2690 τῶν
2870 2643 3105 2711 ματαίων
3187 2634 3438 2705 ἐλπίδων,
3501 2635 3563 2698 ἃς
3603 2633 3683 2686 ἐπὶ
3752 2632 3826 2682 σοὶ

2240 2723 2385 2798 εἰχον
2441 2730 2584 2796 ποτε,
2633 2727 2825 2799 μῆλλον
2881 2724 2940 2780 δε
2977 2735 3076 2780 τῶν
3119 2726 3348 2800 ὀνείρων,
3412 2727 3456 2779 εἰ
3523 2721 3606 2778 δεῖ
3661 2720 3826 2777 ἀληθέ-

2240 2833 2419 2890 στερον
2487 2816 2642 2868 εἰπεῖν
2685 2816 2898 2887 (ἐπαινῶ
2955 2818 3056 2890 γὰρ
3108 2819 3194 2868 τόν
3240 2816 3457 2869 εἰπόντα
3507 2816 3596 2875 τὰς
3627 2804 3827 2867 ἐλπίδας

2237 2899 2367 2954 εἶναι
2410 2908 2807 2978 γρηγορούντων
2856 2901 3108 2972 ἐνύπνια),
3151 2907 3287 2956 κατά
3332 2904 3460 2977 βίου
3502 2907 3717 2966 ζήτησιν
3753 2894 3827 2948 ἐπὶ

2235 2997 2322 3043 τόν
2358 3000 2551 3045 Πόντον
2592 2992 2843 3052 ἀπῆλθόν·
2878 2993 3038 3047 Ἐνθα
3071 2991 3138 3053 δή
3168 3014 3259 3066 μοι
3283 2980 3315 3046 ’ὁ
3352 2998 3486 3056 Θεὸς
3513 2995 3705 3067 χωρίον
3725 2987 3824 3058 (34)

2235 3079 2501 3146 ὑπέδειξεν
2553 3082 2776 3156 ἀκριϐῶς
2831 3083 3114 3156 συμϐαῖνον
3173 3091 3244 3155 τῷ
3293 3082 3404 3157 ἐμῷ
3453 3088 3644 3160 τρόπῳ·
3685 3080 3822 3142 ὥστε,

529 3450 584 3502 2.
618 3448 782 3502 Mons
813 3445 975 3500 enim
1007 3449 1098 3501 est
1139 3445 1316 3515 altus,
1351 3445 1547 3502 densa
1586 3444 1739 3501 silva
1785 3448 2120 3514 contectus,

458 3535 691 3606 frigidis
721 3551 792 3591 ac
821 3534 1088 3606 limpidis
1113 3534 1288 3608 aquis
1315 3533 1784 3606 septentrionem
1816 3550 2023 3589 versus
2049 3534 2122 3590 ir-

459 3625 691 3696 riguus.
726 3625 913 3696 Hujus
933 3624 1010 3680 ad
1031 3624 1268 3680 radices
1298 3623 1552 3695 supinus
1579 3639 1834 3694 campus
1859 3623 2123 3680 subster-

459 3713 1008 3783 nitur,humoribus
1023 3731 1093 3770 ex
1107 3717 1312 3769 monte
1336 3711 1745 3768 deﬂuentibus
1764 3712 2124 3783 jugiterpin-

460 3817 778 3872 guescens.
815 3804 959 3860 Huic
983 3809 1184 3860 autem
1208 3803 1359 3859 silva
1381 3808 1595 3875 sponte
1627 3801 1995 3858 circumfusa
2024 3818 2124 3859 va-

458 3893 684 3948 riarum
698 3893 1274 3966 omnisquegeneris
1292 3892 1602 3963 arborum,
1625 3892 1676 3947 ei
1698 3896 1785 3947 est
1805 3907 2124 3963 propemo-

459 3979 607 4037 dum
635 3983 784 4054 septi
813 3983 946 4038 loco
977 3999 1048 4038 ac
1078 3982 1240 4048 valli,
1265 3983 1420 4038 adeo
1453 3986 1516 4037 ut
1540 3981 1761 4050 exigua
1788 3980 1880 4052 sit,
1912 3982 1960 4036 si
1982 3997 2122 4036 cum

459 4085 531 4128 eo
562 4076 967 4144 comparetur,
1016 4071 1113 4128 vel
1158 4071 1294 4144 ipsa
1339 4069 1636 4142 Calypsus
1665 4069 1885 4137 insula,
1934 4087 2123 4143 quam

459 4161 735 4218 omnium
769 4161 1100 4234 plurimum
1146 4163 1440 4216 Homerus
1482 4159 1562 4215 ob
1611 4158 2123 4231 pulchritudinem

460 4251 710 4308 miratus
733 4251 991 4307 videtur.
1019 4253 1239 4306 Parum
1260 4249 1420 4304 enim
1442 4249 1616 4304 abest
1638 4249 1785 4322 quin
1807 4249 2002 4305 insula
2028 4250 2121 4320 sit,

459 4347 760 4413 quatenus
784 4339 968 4412 septis
991 4339 1050 4394 in
1075 4339 1282 4395 orbem
1309 4338 1618 4394 undelibet
1635 4338 1952 4395 clauditur.
1973 4343 2121 4396 Nam

2237 4341 2566 4410 πανταχόθεν
2622 4337 2853 4413 ἐρύμασι
2923 4341 3334 4413 περιείργεσθαι.
3431 4343 3698 4415 ψάραγγες
3748 4333 3828 4405 μὶν

457 4429 777 4504 profundis
792 4429 1186 4500 voraginibus
1205 4445 1277 4485 ex
1295 4428 1331 4483 d
1343 4427 1537 4484 uabus
1563 4427 1838 4501 partibus
1851 4445 2120 4502 praerup-

2237 4432 2338 4504 γὰρ
2362 4429 2504 4500 αύτῷ
2539 4427 2753 4501 βαθεῖαι
2789 4431 2925 4481 κατά
2964 4426 3062 4482 δύο
3100 4433 3230 4503 μέρη
3260 4430 3664 4506 περιερῥώγασν
3707 4420 3830 4476 κατὰ

461 4525 556 4577 tus
573 4525 662 4577 est
685 4538 697 4575 :
723 4537 758 4576 a
787 4519 971 4576 latere
1003 4535 1144 4576 vero
1176 4518 1374 4576 amnis
1403 4533 1432 4574 e
1453 4517 1745 4591 praecipiti
1764 4517 1999 4586 labens,
2031 4521 2120 4575 est

2237 4519 2454 4596 πλευρὰν
2516 4516 2574 4572 δὲ
2613 4517 2714 4572 ἀπὸ
2765 4527 2999 4593 κρημνοῦ
3053 4521 3078 4572 ό
3131 4523 3368 4594 ποταμὸς
3415 4518 3696 4595 ύποῤῥέων,
3741 4516 3836 4564 τιί-

2233 3809 2393 3862 νεκῶς
2429 3805 2781 3874 πιαινόμενον.
2828 3800 2954 3860 ’Υλη
3009 3798 3068 3854 δὲ
3119 3805 3288 3873 τούτῳ
3351 3802 3661 3875 αὐτομάτως
3698 3814 3827 3871 περι·

2235 3899 2426 3964 φυιῖσα
2481 3890 2726 3943 ποικίλων
2780 3896 2871 3943 καὶ
2927 3888 3277 3944 παντοδαπῶν
3345 3889 3599 3968 δένδρων,
3651 3890 3827 3962 μικροῦ

2235 3977 2365 4051 δεῖν,
2409 3979 2524 4033 ἀντὶ
2575 3983 2751 4055 ἕρκους
2791 3980 2933 4052 αύτῷ
2963 3986 3183 4054 γίνεται,
3226 3983 3294 4044 ὡς
3324 3985 3521 4058 μικρὰν
3560 3981 3673 4051 (36)
3711 3972 3827 4028 εἶναι

2233 4074 2366 4145 πρὸς
2402 4077 2557 4123 τοῦτο
2606 4076 2697 4123 καὶ
2750 4075 2845 4130 τὴν
2901 4071 3181 4142 Καλυψοῦς
3231 4080 3415 4141 νῆσον,
3449 4071 3510 4131 ἣν
3561 4067 3626 4128 δὴ
3659 4071 3825 4121 πασῶν

2233 4165 2382 4214 πλέον
2430 4159 2664 4235 Ὀμηρος
2721 4160 2793 4222 εἰς
2848 4160 3029 4223 κάλλος
3089 4162 3370 4234 θαυμάσας
3438 4165 3689 4235 φαίνεται.
3735 4155 3826 4208 Καὶ

2233 4253 2334 4324 γὰρ
2388 4245 2513 4302 ούδέ
2552 4249 2682 4302 πολὺ
2725 4246 2918 4303 ἀποδεῖ
2954 4259 3046 4303 τοῦ
3076 4260 3233 4311 νῆσος
3286 4249 3438 4317 εἶναι,
3467 4250 3612 4304 ἕνεκά
3663 4265 3721 4319 γε
3746 4247 3827 4296 τοῦ

2232 4341 2566 4410 πανταχόθεν
2622 4337 2853 4413 ἐρύμασι
2923 4341 3334 4413 περιείργεσθαι.

2235 4695 2456 4752 rectius
2473 4694 2718 4751 deestin
2739 4699 2893 4764 Vat.,
2912 4695 3066 4752 Harl.
3087 4701 3142 4752 et
3163 4696 3354 4754 tribus
3376 4695 3596 4766 Regiis.
3613 4690 3829 4751 Ibidem

2237 4766 2818 4844 Halfltliatvjxvnpdfg,
2854 4773 2979 4844 t_res_
3003 4767 3098 4844 alii
3132 4767 3500 4844 ὀκνηρότέρως.

2307 4843 2420 4913 (⁸33)
2461 4837 2907 4913 Λήξομενζ-Ηβιιι.
2966 4839 3212 4913 λήξομαι.
3253 4837 3388 4898 Mox'
3422 4839 3615 4897 codex
3658 4837 3827 4913 Com-

2235 4907 2357 4986 bcf.
2389 4907 2684 4986 ὀνειράτων.
2707 4910 2959 4986 _|bidem
2993 4907 3129 4968 editi
3164 4909 3247 4965 δεῖ
3279 4912 3681 4984 τάληθίστερον.
3723 4907 3825 4961 00·

2233 4980 2396 5058 dices
2427 4980 2576 5058 mss.
2610 4987 2674 5038 ut
2703 4983 2761 5037 in
2793 4987 3098 5039 contextu.
3149 4986 3338 5040 Paulo
3378 4987 3519 5058 post
3566 4980 3718 5036 unus
3757 4988 3826 5031 ex

2233 5053 2429 5128 Regiis
2461 5052 2840 5128 ἐγρηγορότων.

2305 5117 2414 5196 (54)
2459 5117 2684 5200 ὶξωρίόν.
2741 5127 2900 5200 Unus
2947 5141 3021 5200 cx
3048 5126 3264 5200 _Regiis
3322 5134 3571 5200 χῶρον,..
3615 5117 3824 5200 συμϐοιί-

2229 5195 2416 5270 νονταί
2466 5195 2688 5270 Ibidem
2745 5196 2896 5270 alius
2962 5195 3178 5254 itidem,
3224 5195 3361 5270 Reg.
3395 5195 3467 5270 τῷ
3499 5195 3603 5269 ἐμῷ
3630 5197 3818 5260 σκοπῷ·

2226 5269 2354 5323 Mox
2381 5267 2505 5342 duo
2536 5268 2775 5323 codices
2807 5269 3088 5342 εἰώθειμεν.

2437 5347 2681 5422 ’ξόιρυοτον
2713 5343 2795 5391 ἐπὶ
2843 5333 3090 5422 τῆςίξίο
3139 5339 3568 5422 antiquissimi
3597 5333 3823 5421 codices

2225 5407 2472 5497 ῌᾶιςιζεῐ
2504 5411 2678 5466 Coisl.
2712 5428 2850 5467 cum
2882 5413 3123 5468 duobus
3156 5407 3374 5484 Regiis.
3417 5411 3572 5468 Editi
3602 5407 3822 5462 τοιοῦτον

2226 5491 2338 5533 εστί
2368 5491 2482 5544 τῆς.

2295 5555 2402 5636 (369
2446 5543 2670 5629 Μικράν.
2705 5555 2981 5611 Nonnulli
3022 5556 3261 5613 codices
3289 5572 3412 5612 non
3446 5543 3821 5610 vetustissimi

2222 5644 2431 5699 μικρον.

531 4700 552 4720 ⁸
593 4697 754 4754 Alias
785 4699 1032 4755 CLXXII.
1069 4696 1300 4769 Scripta
1335 4695 1574 4750 videtur
1604 4695 1662 4749 in
1695 4710 1960 4750 secessu.

531 4770 577 4793 “
618 4769 778 4842 Alias
810 4772 939 4826 XIX.
974 4770 1205 4842 Scripta
1233 4775 1372 4841 post
1401 4782 1502 4824 an.
1526 4770 1654 4836 360,
1678 4771 2007 4838 antequam
2036 4782 2127 4823 es-

465 4845 554 4898 set
575 4839 911 4912 presbyter.

535 4909 646 4980 (i8)
693 4909 1009 4981 Ἀστάχυες.
1053 4915 1141 4984 ita
1170 4911 1441 4984 quinque
1490 4926 1637 4965 mss.
1683 4909 1833 4965 Editi
1872 4911 2121 4981 στάχυες.

536 4984 653 5053 (29)
692 4988 923 5055 Καρπὸς.
965 4983 1276 5055 medimnus
1308 4983 1442 5038 cod.
1473 4987 1685 5055 καρποί.

536 5060 654 5127 (39)
696 5053 966 5127 Γρηγορίῳ
1016 5053 1221 5127 ἑταίρῳ.
1265 5057 1347 5110 Ita
1381 5053 1571 5127 Cois].
1617 5053 1872 5127 primus,
1905 5054 2030 5123 Vat,
2066 5057 2123 5109 et

464 5125 607 5198 Reg.
658 5125 985 5181 seCundus.
1026 5125 1148 5198 iAlii
1205 5135 1276 5195 τῷ
1331 5125 1491 5194 αύτῷ.
1554 5125 1810 5192 Quidam
1867 5128 1997 5198 πρός
2035 5129 2122 5198 μᾷ·

461 5195 575 5272 γαί
594 5202 899 5272 Γρηγόριον,
944 5197 1037 5250 Ad
1065 5213 1352 5272 magnum
1398 5199 1774 5272 Gregorium.
1828 5195 1990 5272 Editi
2018 5195 2120 5251 ad-

463 5268 614 5328 dunt
729 5268 968 5340 θεολόγῳ,
986 5268 1226 5341 quodin
1246 5268 1464 5323 nostris
1486 5286 1632 5341 mss.
1658 5285 1777 5324 non
1802 5268 2114 5339 reperitur.

533 5346 649 5414 (31)
675 5338 887 5396 Πάλαι.
917 5338 1066 5414 ΔΕιίἰῐὶ
1095 5340 1373 5414 πάλαι-σε,
1411 5338 1516 5393 sed
1548 5340 1605 5394 id
1640 5338 1938 5414 repugnat
1985 5355 2117 5414 sen-

463 5409 657 5469 tentiae
680 5417 738 5468 et
763 5411 1050 5467 omnibus
1070 5410 1381 5483 codicibus
1407 5427 1550 5467 mss.
1584 5409 1763 5466 Paulo
1805 5416 1941 5483 post
1969 5409 2113 5467 editi

463 5488 609 5554 αὐτῷ,
637 5492 786 5536 τοῦτο
809 5490 866 5539 et
895 5487 950 5536 τό
980 5486 1069 5554 μὲν
1122 5480 1212 5540 δή.
1267 5483 1514 5537 Codices
1568 5499 1710 5537 mss.
1753 5480 1821 5537 ut
1858 5481 1919 5537 in
1974 5497 2115 5538 con-

460 5563 644 5618 textu,
679 5556 792 5609 nisi
819 5555 986 5626 quod
1017 5554 1150 5610 cod.
1201 5554 1527 5626 Combeiis.
1564 5554 1747 5609 habet
1788 5557 1844 5606 τὸ
1892 5559 1983 5625 μέν
2014 5573 2110 5626 τοι.

529 5629 642 5699 (32)
684 5625 1064 5686 ῨΔπατηθῆναι.
1117 5625 1264 5683 Editi
1313 5625 1547 5682 addunt
1601 5644 1682 5698 με,
1708 5641 1845 5697 quae
1895 5625 2115 5682 vocula
