4114 6394
262 307 352 363 ΥΠ
1345 302 1833 361 EPISTOLARUM
1871 301 2156 362 CLASSIS
2205 309 2247 364 Ι.
2291 304 2510 364 EPIST.
2552 312 2658 368 XV.

3575 313 3681 370 278

284 437 371 507 χός
401 428 519 484 ἰστι
548 431 650 482 καὶ
685 426 856 490 αὐτὸς
889 424 1130 490 διηνεκες
1157 431 1246 481 καὶ
1297 424 1647 502 δυσέμϐατον.
1709 427 1795 480 Ἐκ
1853 422 1911 478 δι

2024 433 2078 486 et
2092 429 2224 503 ipse
2242 447 2454 490 murus
2471 435 2818 502 continuus,
2834 449 3210 508 ascensuque
3226 434 3680 495 difﬁcilis.Mons

289 532 371 578 τοῦ
401 522 488 576 ἰπὶ
536 521 744 594 Θάτερα
800 522 1084 591 τεταμένον
1147 515 1278 571 εἶναι
1315 519 1430 588 (37)
1459 522 1519 570 τὸ
1543 521 1676 593 ὅρος,
1707 513 1778 569 δι’
1811 513 1911 587 ἀγ-

298 622 462 669 κώνων
531 605 837 684 μηνοειδῶν
876 615 992 669 ταῖς
1039 608 1290 683 φάραγξιν
1343 606 1788 680 ἐπιζευγνύμενον,
1849 607 1914 657 τὰ

300 705 512 779 βάσιμα
533 709 628 761 τῆς
667 701 938 775 ὑπωρείας
969 696 1317 772 ἀπορειχίζει.
1371 705 1483 750 Μια
1534 694 1594 749 δέ
1640 716 1721 757 τις
1770 698 1913 747 εἰσο-

299 793 384 858 δος
444 793 522 846 ἐπ’
586 791 773 860 αὐτῆς,
841 798 906 851 ἧς
964 790 1116 860 ἡμεῖς
1169 787 1322 860 ἐσμεν
1359 790 1551 862 κύριοι.
1579 791 1684 844 Τὴν
1713 805 1772 857 γε
1809 789 1913 857 μὴν

294 891 510 944 οἰκησιν
563 881 747 954 αὐχήν
789 899 873 941 τις
923 878 1092 953 ἔτερος
1142 873 1490 948 ὑποδέχεται,
1549 875 1750 946 ὑψηλόν
1798 894 1915 927 τινα

295 976 376 1029 ixi
415 981 482 1032 τῆ
495 993 518 1034 ς
568 973 734 1044 ἄκρας
783 967 986 1040 ἀνέχων
1009 969 1235 1032 τένοντα,
1269 968 1403 1019 ὥστε
1439 969 1496 1018 τό
1527 962 1710 1019 πεδίον
1758 971 1914 1016 τοῦτο

291 1063 659 1138 ύᾳηπλῶσθαι
714 1065 834 1120 ταῖς
887 1057 1063 1128 ὄψεσι,
1116 1061 1208 1108 καὶ
1265 1055 1319 1108 ἐκ
1372 1064 1464 1108 τοῦ
1494 1059 1750 1130 μετεώρου
1782 1053 1913 1117 ἐξεί-

293 1175 378 1208 ναι
465 1157 563 1204 καὶ
647 1153 736 1202 τὸν
801 1150 1039 1220 ποταμὸν
1101 1146 1437 1222 περιρῥέοντα
1503 1147 1750 1218 καθορᾷν’
1819 1143 1914 1196 οὐκ

304 1245 548 1299 ὶλάττονα
611 1239 818 1315 τέρψιν,
875 1241 1050 1310 ἔμοιγε
1110 1233 1282 1289 δοκεῖν
1337 1239 1473 1308 (38),
1534 1239 1911 1308 παρεχόμενον,

308 1335 339 1392 ς,
391 1339 498 1391 τοῖς
542 1328 596 1382 εχ
657 1335 752 1388 τῆς
803 1324 1160 1399 Ἀμφιπόλεως
1216 1323 1304 1376 τόν
1357 1326 1626 1397 Στρύμονα
1676 1326 1784 1395 (39)
1824 1342 1916 1374 κα·

309 1422 756 1494 ταμανθάνουσιν.
817 1415 876 1468 Ὀ
934 1417 1024 1488 μὲν
1081 1416 1180 1488 γὰρ
1250 1413 1608 1488 σχολαιοτέρῳ
1674 1413 1788 1482 (40)
1842 1419 1914 1482 τῷ

305 1513 523 1588 ῥεύματι
570 1505 984 1579 περιλιμνάζων,
1049 1511 1239 1578 μικροῦ
1294 1500 1426 1573 δεῖν,
1493 1507 1584 1554 καὶ
1639 1505 1699 1553 τό
1756 1519 1915 1552 ποτα-

300 1605 398 1674 μὸς
455 1597 591 1652 εἶναι
653 1597 754 1648 ὑπό
786 1602 905 1663 ιτῆς
933 1595 1172 1665 ἡσυχίας
1203 1591 1490 1667 ἀφηρηταιο
1523 1593 1548 1643 ὁ
1580 1587 1659 1658 δὲ,
1691 1590 1916 1652 ὀξύτατα

295 1694 360 1742 ὧν
389 1690 495 1761 ἐγὼ
555 1683 687 1740 οἶδα
743 1693 990 1758 ποταμῶν
1033 1685 1181 1759 ῥέων,
1217 1682 1402 1757 βραχύ
1435 1703 1486 1735 τι
1516 1690 1578 1754 τῇ
1611 1686 1802 1754 γείτονι
1831 1684 1916 1733 πέ-

2025 525 2224 578 autem
2258 525 2535 598 utrinque
2562 530 2835 582 extentus
2865 530 2922 581 et
2943 541 3050 598 per
3075 531 3355 582 curvatos
3378 527 3679 584 anfractus

2020 613 2418 683 voraginibus
2439 617 2705 687 junctus,
2739 632 2845 688 per
2875 616 2999 672 vias
3030 621 3253 672 montis
3276 616 3517 673 inﬁmas
3539 635 3678 691 par-

2021 706 2110 758 tes
2138 704 2500 761 intercludit.
2535 705 2764 762 Habent
2803 712 3004 762 autem
3036 706 3258 761 inﬁmae
3317 706 3430 762 illae
3478 713 3678 780 partes

2023 793 2256 850 aditum
2286 811 2502 860 unum,
2546 796 2720 866 cujus
2771 812 2882 852 nos
2914 796 3144 852 domini
3196 814 3436 852 sumus.
3494 798 3677 855 Porro

2022 882 2456 940 habitationem
2488 885 2616 941 alite
2643 885 2926 958 quaedam
2970 885 3175 941 fauces
3196 887 3524 959 excipiunt,
3557 887 3676 959 94

2023 972 2206 1028 altam
2237 975 2572 1046 quamdam
2595 976 2885 1030 cervicem
2916 975 2977 1031 in
3008 976 3222 1032 vertice
3244 977 3561 1046 erigentes,
3594 977 3678 1032 sic

2024 1069 2088 1119 ut
2116 1079 2372 1136 campus
2403 1064 2482 1120 ob
2511 1065 2721 1120 oculos
2771 1081 3066 1137 expassus
3120 1070 3339 1138 pateat,
3384 1065 3678 1138 liceatque

2023 1169 2054 1208 e
2077 1152 2320 1208 sublimi
2349 1153 2602 1209 ﬂuvium
2637 1153 2814 1210 etiam
2853 1153 3372 1210 circumﬂuentem
3415 1155 3632 1210 intueri
3661 1171 3675 1210 :

2022 1242 2146 1315 qui,
2180 1244 2244 1297 ut
2274 1242 2420 1298 mihi
2449 1243 2696 1315 quidem
2718 1243 2974 1312 videtur,
3008 1259 3134 1298 non
3160 1243 3457 1299 minorem
3516 1243 3682 1299 oble-

2023 1331 2346 1388 ctationem
2396 1331 2586 1398 affert,
2633 1349 2818 1405 quam
2880 1335 3163 1404 Strymon
3201 1348 3272 1388 ex
3333 1332 3679 1405 Amphipoli

2023 1422 2475 1494 aSpicientibus.
2504 1422 2603 1478 Hic
2629 1423 2788 1478 enim
2807 1422 3032 1478 ﬂuento
3045 1422 3291 1478 lentiore
3322 1427 3680 1492 restagnans

2024 1512 2205 1568 etiam
2241 1528 2364 1583 prae
2408 1513 2606 1584 quiete
2654 1511 2874 1568 ﬂuvius
2925 1527 3056 1567 esse
3101 1511 3222 1567 fere
3288 1511 3505 1567 desinit
3541 1528 3553 1567 :
3583 1511 3679 1568 ille

2024 1617 2168 1656 vero
2189 1602 2486 1663 omnium,
2505 1617 2662 1673 quos
2692 1617 2804 1671 ego
2822 1600 3095 1660 viderim.
3132 1600 3454 1656 ﬂuviorum
3504 1601 3683 1656 celer-

2023 1691 2173 1746 rime
2201 1689 2419 1757 ﬂuens,
2453 1707 2526 1746 ex
2556 1690 2756 1747 vicina
2781 1706 2929 1762 rupe
2961 1706 3083 1746 non
3114 1689 3264 1746 nihil
3293 1689 3357 1745 ﬁt
3388 1691 3678 1763 asperior:

288 1801 387 1856 τρᾳ
455 1778 962 1852 παρατραχύνεται·
1015 1772 1100 1846 ἀφ’
1161 1775 1222 1835 ἧς
1253 1774 1622 1844 ἀναχεόμενος,
1669 1771 1734 1831 εἰς
1765 1767 1911 1828 δίνην

2025 1796 2062 1835 a
2091 1795 2214 1851 qua
2236 1795 2365 1836 sese
2390 1779 2742 1848 refundens,
2770 1780 2829 1835 in
2850 1779 3221 1852 profundum
3246 1780 3524 1836 verticem
3542 1795 3681 1834 con-

282 1869 521 1942 βαθεῖαν
569 1864 924 1938 περιειλείται·
986 1861 1106 1933 ὄψιν
1165 1881 1220 1914 τε
1273 1858 1505 1920 ἤδίστην
1538 1862 1649 1931 (41)
1682 1860 1796 1932 ἐμοὶ
1825 1863 1916 1911 καὶ

278 1963 446 2011 παντὶ
509 1958 673 2026 θεατῇ
731 1958 1110 2026 παρεχόμενος,
1159 1957 1249 2004 καὶ
1301 1955 1488 2023 χρείαν
1545 1957 1656 2011 τοῖς
1715 1953 1916 2020 ἐπιχω-

286 2066 424 2121 ριοις
493 2044 958 2118 αὐταρκεστάτην.
1027 2041 1227 2113 ἰχθύων
1301 2060 1356 2092 τε
1407 2040 1601 2100 πλῆθος
1649 2039 1915 2112 ἀμύθητον

288 2145 401 2198 ταῖς
457 2132 643 2196 δίναις
681 2132 953 2209 έντρέφῶν.
1010 2136 1073 2185 Τί
1126 2127 1211 2184 δεῖ
1252 2131 1416 2202 λέγειν
1473 2132 1566 2192 τὰς
1607 2127 1662 2182 ἐκ
1691 2136 1786 2190 τῆς
1815 2136 1914 2201 γῆς

291 2225 579 2294 ἀναπνοὰς,
640 2223 670 2283 ἣ
727 2224 820 2284 τὰς
872 2220 926 2274 έκ
978 2227 1071 2274 τοῦ
1112 2228 1350 2294 ποταμοῦ
1390 2222 1551 2294 αὔρας
1584 2236 1597 2286 ;
1626 2222 1694 2272 Τὸ
1725 2238 1784 2290 γε
1811 2221 1914 2290 μην

284 2326 384 2370 τῶν
433 2315 642 2368 ἀνθέων
699 2311 919 2383 πλῆθος,
982 2311 1011 2371 ἣ
1066 2318 1164 2362 τῶν
1217 2306 1425 2382 ᾡδικῶν
1487 2309 1704 2382 ὀρνίθων
1763 2307 1918 2369 ἄλλος

279 2410 376 2482 μὶν
433 2408 501 2458 οἶν
566 2424 653 2466 τις
705 2403 1044 2474 θαυμάσειεν·
1104 2399 1217 2472 ἐμοὶ
1275 2397 1334 2453 δὲ
1385 2399 1443 2452 ού
1487 2397 1657 2472 σχολή
1705 2400 1915 2465 ,τούτοις

276 2499 582 2571 προσέχειν
621 2495 739 2546 ,τόν
789 2498 928 2546 νοῦν.
983 2488 1049 2542 Ὃ
1107 2486 1167 2542 δὲ
1230 2493 1479 2561 μέγιστον
1540 2488 1697 2540 εἰπεῖν
1725 2490 1912 2559 ἔχομεν

284 2592 382 2637 τοῦ
413 2588 654 2658 χωρίου,
701 2582 806 2648 ὅτι,
863 2582 996 2655 πρὸς
1047 2585 1222 2632 πᾶσαν
1275 2579 1518 2650 ὑπάρχον
1557 2585 1768 2650 καρπῶν
1827 2595 1914 2648 φο-

298 2677 394 2747 ρὰν
449 2668 754 2745 ἐπιτήδειρν
830 2665 904 2722 δι’
955 2668 1222 2742 εύκαιρίαν
1279 2675 1370 2728 τῆς
1425 2669 1632 2728 θέσεως,
1690 2663 1912 2724 ἥδιστον

305 2767 419 2821 (42)
489 2762 603 2834 ἐμοὶ
661 2764 872 2814 πάντων
925 2769 1138 2832 καρπῶν
1193 2764 1288 2817 τὴν
1341 2761 1580 2830 ἡσυχίαν
1627 2761 1819 2832 τρέφει·
1853 2756 1912 2809 ού

299 2858 466 2926 μόνον
523 2853 697 2904 καθότι
757 2857 862 2903 τῶν
925 2847 1157 2902 ἀστικῶν
1249 2847 1480 2923 θορύϐων
1559 2845 1909 2905 ἀπήλλακται·

299 2942 421 2995 ἀλλ’
456 2943 535 2995 ὅτι
563 2945 678 2994 οὔτε
720 2937 906 2998 όδίτην
935 2941 1054 2992 τινὰ
1106 2937 1443 3014 παραπέμπει
1474 2937 1606 2996 πλὴν
1649 2946 1749 2989 τῶν
1779 2940 1914 2990 κατὰ

301 3034 469 3104 θήραν
523 3029 942 3102 έπιμιγνυμένων
991 3029 1137 3100 ἡμῖν.
1198 3030 1336 3102 Πρὸς
1392 3029 1494 3102 ’γὰρ
1579 3033 1686 3086 τοῖς
1742 3025 1912 3086 ἄλλοις

287 3127 380 3173 καὶ
437 3123 770 3195 θηροτρόφος
824 3117 988 3188 ἔστὶν,
1039 3116 1168 3188 ούχὶ
1224 3118 1449 3190 ἄρκτων,
1506 3115 1536 3174 ἦ
1592 3115 1759 3167 λύκων
1811 3123 1912 3168 τῶν

279 3212 580 3282 ὑμετέρων,
603 3209 702 3279 τμη
763 3209 966 3279 γένοιτο
1001 3205 1013 3258 ι
1049 3203 1156 3258 ἀλλ’
1218 3203 1412 3277 ἐλάφων
1470 3202 1659 3276 ἀγέλας
1703 3209 1793 3256 καὶ
1823 3204 1910 3256 αἰ-

273 3308 391 3370 γῶν
461 3296 692 3370 ἀγρίων,
747 3299 839 3347 καὶ
889 3294 1127 3366 λαγωούς
1184 3293 1510 3366 βόσκει,καὶ
1553 3296 1677 3344 εἴτι
1706 3295 1913 3352 τούτοις

276 3391 492 3462 ὅμοιον.
551 3385 672 3461 Ἆρ’
719 3381 808 3438 οὖν
860 3384 957 3437 όύκ
990 3385 1182 3456 ἐνθυμῇ
1228 3381 1351 3458 παρ’
1394 3383 1515 3435 ὅσον
1548 3378 1703 3440 ἦλθον
1731 3379 1914 3434 κινδύ·

273 3497 373 3530 νου
402 3479 428 3530 ὁ
460 3479 690 3549 μάταιός
738 3472 858 3546 έγώ,
911 3475 1151 3526 τοιούτου
1211 3477 1421 3545 χωρίου
1479 3476 1573 3530 τὴν
1616 3470 1908 3543 Τιϐερίνην,

277 3577 378 3628 τῆς
407 3567 734 3637 οἰκουμένης
788 3567 848 3617 τὸ
883 3562 1175 3638 βάραθρον,
1230 3562 1528 3635 φιλονεικῶν
1585 3559 1910 3623 ἀνταλλάξα-

284 3659 456 3723 σθαι;
497 3659 642 3730 Πρός
697 3656 821 3726 ὅπερ
879 3660 970 3704 νῦν
1031 3651 1343 3725 ἐπειγομένῳ
1394 3657 1702 3723 συγγνώση.
1766 3652 1908 3703 Πάν-

282 3767 387 3808 τως
435 3748 542 3819 γὰρ
598 3741 726 3796 οὐδὲ
782 3741 1078 3814 Ἀλκμαίων
1133 3739 1422 3814 Ἐχινάδας
1471 3741 1651 3814 εὑρὼν,
1702 3743 1785 3794 ἔπι
1814 3747 1910 3800 τῆς

281 3834 495 3897 πλάνης
522 3835 807 3905 ἠνέσχετο.

864 4122 1206 4172 ΕΠΙΣΤΟΛΗ
1249 4116 1343 4172 ΙΕ’.

2023 1871 2280 1927 volvitur
2313 1886 2326 1935 ;
2360 1875 2542 1943 atque
2564 1869 2717 1926 adeo
2745 1870 2893 1926 mihi
2924 1874 2982 1925 et
3012 1869 3204 1925 cuivis
3226 1869 3480 1926 intuenti
3510 1885 3682 1943 aspe-

2025 1965 2188 2017 ctum
2201 1961 2475 2016 omnium
2493 1960 3033 2031 jucundissimum,
3059 1959 3395 2032 incolisque
3417 1976 3685 2016 commo-

2023 2050 2271 2106 ditatem
2301 2049 2670 2105 uberrimam
2705 2048 2953 2121 praebet,
2995 2064 3067 2104 ac
3096 2049 3353 2122 piscium
3408 2049 3685 2105 innume-

2022 2138 2277 2196 rabilem
2309 2139 2550 2211 copiam
2588 2139 2650 2194 in
2673 2138 2995 2194 verticibus
3030 2138 3234 2194 nutrit.
3277 2138 3431 2202 Quid
3476 2139 3686 2194 attinet

2023 2229 2430 2286 exhalationes
2461 2246 2495 2284 a
2535 2233 2693 2284 terra
2725 2232 3064 2292 manantes,
3098 2231 3198 2283 aut
3221 2243 3402 2283 auras
3436 2244 3466 2283 e
3500 2227 3684 2284 ﬂuvio

2023 2319 2538 2375 commemorare?
2557 2317 2796 2374 Florum
2815 2332 2958 2373 sane
2975 2320 3454 2373 autcanorarum
3477 2317 3684 2373 avium

2020 2408 2466 2465 multitudinem
2490 2407 2644 2464 alius
2677 2407 2934 2462 fortasse
2963 2406 3239 2462 miretur:
3278 2406 3385 2462 sed
3410 2405 3560 2462 mihi
3589 2406 3684 2462 his

2021 2498 2294 2552 animum
2325 2497 2634 2554 advertere
2665 2511 2787 2552 non
2817 2501 3012 2552 vacat.
3047 2495 3219 2561 Quod
3246 2499 3448 2552 autem
3492 2495 3688 2550 maxi-

2022 2604 2192 2642 mum
2223 2587 2296 2642 de
2319 2587 2433 2642 hoc
2462 2587 2597 2643 loco
2618 2585 2816 2642 dicere
2841 2601 3199 2658 possumus,
3235 2585 3380 2640 illud
3404 2584 3686 2657 est,quod

2023 2692 2162 2732 cum
2184 2676 2264 2732 ob
2333 2677 2482 2731 situs
2530 2675 3049 2749 Opportunitatem
3077 2674 3154 2730 ad
3203 2689 3416 2730 omnes
3456 2674 3688 2730 fructus

2021 2766 2417 2839 proferendos
2445 2765 2702 2821 idoneus
2739 2765 2834 2835 sit,
2877 2780 3066 2818 unum
3101 2764 3374 2819 omnium
3407 2764 3554 2819 mihi
3594 2765 3688 2834 ju-

2021 2855 2465 2910 cundissimum
2498 2855 2761 2927 quietem
2793 2870 2863 2908 ac
2894 2853 3387 2925 tranquillitatem
3417 2853 3519 2909 alit
3543 2868 3687 2920 ;non

2021 2944 2219 3000 solum
2246 2949 2547 3016 quatenus
2575 2943 2653 2998 ab
2684 2943 2935 2998 urbanis
2970 2941 3326 2998 tumultibus
3373 2941 3524 2998 liber
3575 2946 3682 3009 est,

2021 3033 2128 3090 sed
2158 3034 2340 3089 etiam
2363 3033 2502 3104 quia
2531 3047 2606 3087 ne
2634 3031 2922 3088 viatorem
2955 3030 3204 3103 quidem
3237 3030 3425 3086 ullum
3463 3031 3541 3086 ad
3574 3046 3685 3086 nos

1943 3145 1984 3200 ρ
2021 3123 2386 3191 transmittit,
2439 3123 2490 3178 si
2537 3138 2640 3178 eos
2664 3122 2947 3193 excipias,
2989 3122 3093 3194 qui
3140 3121 3292 3176 inter
3330 3121 3684 3177 venandum

2018 3213 2342 3270 nobiscum
2386 3212 2732 3268 miscentur.
2793 3215 2943 3267 Nam
2998 3216 3212 3283 praeter
3247 3211 3480 3283 reliqua
3527 3210 3684 3266 feras

2019 3303 2200 3359 etiam
2229 3302 2470 3369 enutrit,
2503 3317 2626 3358 non
2640 3317 2815 3357 ursos
2838 3306 2942 3356 aut
2967 3300 3144 3373 lupos
3171 3304 3398 3356 vestros
3432 3301 3680 3370 (absitl),

2019 3393 2127 3448 sed
2157 3407 2475 3447 cervorum
2530 3396 2710 3464 atque
2751 3389 3120 3445 silvestrium
3165 3405 3488 3462 caprarum
3558 3405 3685 3460 gre-

2019 3497 2144 3552 ges,
2177 3481 2554 3553 leporesque,
2587 3485 2644 3536 et
2683 3480 2731 3535 si
2761 3479 2912 3552 quid
2936 3479 3030 3534 his
3060 3478 3274 3535 simile.
3321 3482 3473 3535 Num
3502 3479 3684 3550 igitur

2015 3571 2268 3641 cogitas,
2321 3585 2444 3643 quo
2503 3585 2616 3640 ego
2662 3569 2912 3641 periculi
2971 3569 3188 3625 stultus
3215 3568 3506 3638 venerim,
3539 3586 3680 3625 cum

2015 3661 2367 3731 hujusmodi
2419 3660 2623 3716 sedem
2662 3661 2961 3728 Tiberina,
3007 3658 3172 3714 orbis
3227 3664 3523 3714 terrarum
3571 3658 3676 3716 ba-

2013 3751 2242 3814 rathro,
2289 3754 2665 3805 commutare
2708 3764 2994 3820 cuperem
3033 3747 3060 3803 ?
3097 3749 3288 3812 Quem
3334 3747 3411 3803 ad
3469 3746 3672 3803 locum

2014 3855 2177 3894 nunc
2206 3838 2555 3910 properanti
2585 3837 2829 3892 veniam
2859 3836 3055 3892 dabis.
3091 3839 3239 3891 Nam
3271 3835 3536 3908 profecto
3562 3852 3674 3892 nec

2014 3929 2322 3984 Alcmaeon
2352 3927 2610 3984 inventis
2637 3924 3044 3982 Echinadibus
3081 3924 3344 3998 amplius
3392 3925 3675 3984 oberrare

2015 4017 2206 4075 voluit

2568 4107 2924 4165 EPISTOLA
2962 4107 3110 4164 XV'.

1215 4225 1485 4284 Basilius
1516 4224 1781 4283 Arcadio
1809 4220 2180 4281 commendat
2203 4218 2356 4276 cives
2381 4217 2750 4287 metropolis.

696 4330 899 4408 ’Λρκαδ
906 4337 964 4405 ίῳ
995 4338 1190 4407 κόμητι
1228 4332 1510 4410 πριϐατῶν.

355 4441 614 4500 Ἐδωκαν
668 4442 888 4516 μείζονα
933 4447 1027 4501 τὴν
1085 4445 1248 4516 χάριν
1305 4444 1336 4499 ἣ
1398 4439 1577 4493 ἔλαϐον
1624 4441 1672 4492 οἱ
1697 4439 1905 4492 πολῖται

289 4543 388 4597 τῆς
461 4532 840 4607 μητροπόλεως
917 4534 1087 4605 ἡμῶν,
1143 4535 1546 4607 παρασχόμενοί
1599 4550 1690 4603 μοι
1748 4528 1903 4603 ἀφορ-

290 4629 394 4697 μὴν
440 4633 543 4677 τῶν
604 4627 739 4697 πρὸς
801 4626 896 4681 τὴν
955 4625 1052 4680 σὴν
1098 4625 1377 4694 τιμιότητα
1399 4621 1742 4693 γραμμάτων.
1794 4618 1903 4672 Αύ-

292 4721 398 4774 τοῐς
600 4715 705 4788 γὰρ
759 4713 788 4769 ἠ
847 4710 1224 4784 φιλανθρωπία,
1276 4712 1340 4771 ἧς
1382 4711 1540 4763 ἕνεκεν
1579 4714 1666 4768 τὴν
1697 4707 1903 4762 ἐπιστο-

286 4803 383 4863 λήν
411 4802 599 4856 ἔλαϐον
630 4801 756 4877 παρ’
785 4802 952 4874 ἡμῶν,
985 4806 1074 4854 καὶ
1100 4804 1201 4876 πρὸ
1228 4809 1325 4853 τῶν
1382 4801 1526 4873 ἡμῶν
1583 4800 1693 4871 (ιδ)
1737 4819 1906 4874 γραμ-

275 4896 469 4968 μάτων
522 4894 744 4966 ύπῆρχε
800 4887 894 4944 διὰ
948 4895 1042 4950 τὴν
1099 4891 1298 4949 συνήθη
1359 4894 1448 4942 καὶ
1494 4893 1588 4948 τὴν
1620 4887 1674 4941 ἐκ
1705 4891 1907 4961 φύσεως

357 5090 478 5160 (37)
513 5085 684 5142 Εἶναι.
719 5089 891 5160 Deest
916 5085 993 5160 in_
1007 5101 1109 5141 sex
1143 5083 1648 5160 mss.icod_icibus_.

359 5151 478 5230 (38)
507 5166 706 5214 Δοκεῖν.
738 5159 832 5214 Sic
860 5156 1016 5230 Harl.
1052 5157 1250 5230 etiduo
1297 5155 1479 5230 Regii.
1538 5155 1686 5211 Editi
1741 5151 1906 5207 δοκεῖ.

361 5227 479 5307 (39)
535 5229 971 5307 Erpéyova._Sic
1029 5227 1492 5307 Coisl._primus
1515 5243 1654 5282 cum
1688 5243 1908 5307 unger

291 5287 511 5376 Re‘gii’s.
552 5287 710 5360 Harl.
747 5308 808 5358 et
834 5304 978 5370 Reg.
1013 5287 1319 5355 secundus
1369 5302 1697 5375 Στρύμμονα.
1764 5299 1911 5354 Editi

289 5383 596 5431 Στουιιῶνα.

499 5448 901 5522 Σχολαιοτέρὲ).
926 5441 1461 5522 codicesquatuor
1491 5440 1748 5522 σχολαίῳ.
1783 5444 1911 5522 Noti

294 5511 473 5595 {nullo
503 5511 641 5595 post
673 5511 807 5595 ᾀιιό
841 5511 1012 5595 Regii
1060 5511 1301 5595 codices
1359 5511 1802 5589 περιτραχύνεται
1832 5511 1914 5586 ὑφ’

298 5591 368 5651 ἧς.
400 5585 585 5652 Habet
615 5587 1036 5665 eti::llIlj39°’_‘7’ig
1068 5585 1221 5640 ΗδΓῙ·
1424 5585 1432 5589 ’

359 5669 457 5739 (41)
480 5667 782 5726 Ἡδίστην.
817 5654 966 5717 Post
989 5657 1150 5713 hanc
1176 5672 1385 5712 vocem
1418 5655 1588 5713 addit
1607 5654 1915 5712 Coislinia-

2374 4325 2640 4381 Arcadio
2689 4325 2894 4381 comiti
2914 4325 3312 4396 privatarum.

2088 4433 2311 4492 Dedere
2326 4433 2525 4504 majus
2543 4431 2905 4488 beneficium
2929 4447 3117 4504 quam
3142 4445 3427 4503 accepere
3457 4434 3673 4486 metro-

2013 4524 2167 4598 polis
2197 4529 2415 4580 nostrae
2447 4523 2628 4590 cives,
2658 4539 2797 4578 cum
2828 4522 2976 4578 mihi
3010 4521 3344 4578 litterarum
3393 4520 3471 4576 ad
3503 4526 3672 4576 tuam

2012 4614 2368 4685 dignitatem
2391 4613 2774 4670 occasionem
2801 4611 3168 4667 obtulerunt.
3193 4609 3308 4665 lllis
3351 4611 3516 4666 enim
3563 4610 3673 4665 liu-

2013 4704 2291 4774 manitas,
2327 4703 2498 4775 cujus
2512 4719 2702 4758 causa
2725 4702 3046 4774 epistolam
3064 4704 3473 4772 acceperuuta
3494 4699 3671 4756 nobis

2014 4793 2195 4850 etiam
2227 4797 2363 4849 ante
2388 4793 2613 4849 litteras
2644 4797 2881 4848 nostras
2909 4795 3120 4864 parata
3149 4793 3296 4853 erat,
3325 4788 3404 4846 ob
3425 4805 3674 4847 consue-

2018 4887 2141 4941 tam
2164 4883 2338 4940 ettibi
2375 4880 2844 4938 naturainsitam
2863 4879 2924 4935 in
2937 4894 3150 4936 omnes
3173 4879 3537 4936 comitatem.
3555 4883 3670 4938 Nos

2019 5098 2134 5138 nus
2165 5081 2396 5154 primus
2422 5086 2629 5154 «acrba,
2652 5081 2794 5154 Mox
2820 5078 2961 5154 editi
2977 5079 3274 5154 ἐγχωρίοις.
3303 5082 3415 5154 Sex
3435 5079 3672 5154 codices

2019 5151 2267 5209 mssfut
2289 5155 2346 5206 in
2369 5156 2532 5206 textu
2579 5151 2807 5206 Ibidem
2836 5169 2906 5206 ex
2928 5151 3170 5207 duobus
3197 5153 3505 5208 codicibus
3530 5153 3674 5218 legi-

2019 5242 2179 5296 musA
2207 5224 2421 5296 ἱχθύωνγ
2446 5243 2521 5296 τε.
2572 5223 2723 5296 Editi
2771 5223 2972 5294 ἰχθύων
3013 5221 3091 5280 δέ.
3129 5223 3292 5280 Idem
3326 5224 3502 5281 COiSl.
3534 5227 3672 5296 post

2019 5305 2136 5357 ταῖς
2154 5292 2322 5370 δίναις
2348 5295 2521 5370 addit
2550 5292 2979 5370 περιειλούμενον.

2093 5371 2206 5433 (42)
2262 5364 2537 5420 "natamu-
2594 5364 2686 5424 Sic
2735 5364 2911 5424 Co'isl.
2961 5383 3100 5423 cum
3153 5366 3396 5423 duobus
3453 5366 3666 5436 Regiis,

2019 5439 2236 5496 melius
2261 5455 2449 5511 quam
2480 5441 2540 5494 in
2575 5439 2747 5494 editis
2779 5436 3029 5497 ἡδίστην.

2093 5513 2208 5582 (43)
2242 5509 2346 5586 Πρὸ
2367 5520 2465 5563 τῶν
2497 5513 2664 5584 ἡμῶν.
2711 5515 2853 5580 Reg.
2913 5509 3214 5566 secundus
3266 5512 3365 5585 πρὸ
3423 5517 3521 5561 τῶν
3552 5511 3674 5581 ἡμε-

2023 5601 2200 5637 τεοων.

2078 5638 2282 5710 "Alias
2317 5656 2600 5711 CCCCXV.
2643 5653 2873 5724 Scripta
2901 5652 2962 5708 in
2994 5666 3252 5708 secessu.
