4114 6404
489 250 595 304 279

1888 252 1946 310 S.
1980 249 2233 308 BASlLll
2275 251 2494 307 MAGNI

3753 265 3848 322 280

491 375 693 444 autem
723 371 1116 429 occasionem
1149 371 1493 430 salutanda:
1520 375 1840 447 probitatis
1869 379 1987 432 tuae
2042 391 2155 431 non

2281 374 2685 454 ἐνυπάρχουσαν
2719 399 2803 433 σοι
2834 384 2962 456 πρὸς
3006 385 3206 444 πάντας
3247 382 3561 457 ἡμερότητα·
3613 389 3750 462 ἡμεῖς
3800 383 3852 440 δί

487 460 798 516 imitabilis
856 461 918 516 in
971 461 1241 517 maximo
1267 461 1436 518 lucro
1467 462 1758 519 duximus
1795 482 1806 520 :
1846 469 2168 538 precantes

492 551 678 605 Deum
715 554 1016 620 sanctum,
1049 555 1113 606 ut
1145 555 1202 607 te
1231 551 1282 607 ei
1312 552 1508 625 magis
1538 570 1606 608 ac
1634 554 1830 625 magis
1866 554 2165 626 placente,

494 644 552 697 et
581 657 784 696 rerum
813 645 1055 697 tuarum
1087 641 1410 714 splendore
1462 643 1758 713 majorem
1808 644 1868 700 in
1912 644 2166 700 modum

495 735 821 800 crescente,
865 747 1004 787 cum
1025 732 1136 803 ipsi
1167 731 1463 800 laetemur,
1501 739 1706 789 etcum
1724 735 1810 790 his
1837 735 1941 807 qui
1976 750 2047 790 ex
2067 739 2169 790 tua

495 824 790 892 potestate
837 820 1135 876 beneﬁcia
1180 821 1523 894 percipiunt
1568 822 1947 891 gaudeamus
1984 842 1996 879 :
2032 829 2158 880 tum

496 910 678 965 etiam
728 909 1059 981 aliquando
1107 926 1209 966 eos
1263 911 1367 982 qui
1413 917 1666 975 nostras
1710 912 1816 967 tibi
1847 912 2074 969 litteras
2106 914 2168 969 in

496 1014 717 1054 manus
739 999 1112 1066 tradiderint,
1145 999 1228 1055 ita
1258 1000 1582 1056 redeuntes
1642 1001 2040 1074 excipiamus,
2105 994 2170 1058 ut

498 1106 636 1144 cum
667 1089 952 1144 omnibus
977 1089 1284 1146 lenitatem
1318 1092 1434 1164 95
1471 1097 1639 1147 tuam
1669 1091 1942 1163 laudent,
2003 1109 2165 1149 sem-

497 1194 725 1250 perque
754 1179 1123 1251 perspiciant
1153 1195 1276 1235 non
1308 1180 1579 1237 inutilem
1634 1180 1750 1236 sibi
1796 1181 2164 1254 deprecatio-

495 1282 636 1322 nem
665 1273 936 1323 nostram
968 1268 1134 1340 apud
1168 1272 1338 1325 tuam
1371 1270 1662 1327 eximiam
1693 1270 2159 1329 beneﬁcentiam

498 1357 812 1413 exstitisse.

1067 1573 1175 1629 EPI
1184 1574 1405 1631 STOLA
1455 1576 1588 1632 XVl'

2278 471 2371 525 τὴν
2422 468 2659 545 ἀφορμὴν
2712 478 2802 523 τοῦ
2868 475 3324 546 προσφθέγγεσθαί
3353 476 3465 548 (44)
3508 497 3600 530 σου
3628 483 3718 536 τὴν
3747 476 3854 550 ἁμί-

2275 576 2439 628 μητον
2496 559 2883 632 καλοκάγαθίαν
2937 568 3183 634 μέγιστον
3237 559 3420 637 κέρδος
3499 565 3725 640 ἐθέμεθα,
3781 566 3853 619 εὖ·

2276 651 2495 720 χύμενοι
2545 659 2617 721 τῷ
2670 649 2806 722 ἁγίῳ
2862 659 2976 723 Θεῷ
3036 657 3384 726 προκόπτοντί
3443 674 3528 708 σοι
3565 655 3614 708 ἓν
3645 665 3703 729 τῇ
3736 659 3854 729 πρὸς

2278 737 2433 790 αὐτὸν
2495 739 2854 814 εύαρεστὴσει,
2910 747 2999 794 καὶ
3047 741 3131 796 ἐπὶ
3174 747 3352 816 μεῖζον
3404 752 3499 806 τῆς
3550 751 3666 820 περὶ
3699 749 3752 798 σε
3778 764 3855 799 πε-

2275 833 2541 901 ριφανείας
2629 829 3000 903 αὐξανομένης,
3082 832 3232 885 αύτοί
3296 852 3348 885 τε
3419 833 3851 908 έπευφραίνεσθαι,

2277 922 2368 968 καὶ
2415 926 2524 980 τοὶς
2579 918 3020 993 εύεργετουμένοις
3072 923 3171 974 ὑπὸ
3244 931 3333 984 τῆς
3388 931 3488 985 σῆς
3558 923 3852 988 ἐπιστασίας

2280 1004 2623 1065 συνήδεσθαι·
2671 1006 2842 1062 λαϐεῖν
2894 1007 2955 1063 δέ
2998 1031 3122 1064 ποτε
3176 1013 3287 1081 (45)
3339 1016 3581 1077 καὶτοὺς
3629 1013 3852 1088 ἐγχειρί-

2277 1096 2460 1160 ζοντάς
2516 1118 2600 1150 σοι
2665 1102 2730 1151 τὰ
2771 1102 3056 1174 γράμματα
3113 1103 3259 1174 ἡμῶν
3318 1104 3523 1178 ἡμέρως
3583 1099 3727 1173 ἰδεῖν,
3774 1108 3854 1156 καὶ

2274 1185 2688 1260 ἀποπέμψασθαι
2735 1209 2863 1262 μετα
2918 1193 3120 1243 πάντων
3178 1197 3268 1245 καὶ
3333 1192 3525 1255 αύτούς
3584 1194 3713 1265 (46),
3781 1191 3854 1244 ἀν-

2270 1285 2556 1349 υμνούντας
2578 1283 2671 1337 τὴν
2701 1284 2797 1338 σὴν
2823 1285 3116 1353 πραότητα·
3179 1282 3259 1335 ἀεὶ
3316 1285 3598 1354 μαθόντας,
3651 1285 3725 1336 ὅτι
3773 1283 3854 1336 ούκ

2267 1368 2545 1441 ἄχρηστος
2589 1369 2762 1430 αὐτοῖς
2815 1372 2843 1428 ἡ
2897 1369 3018 1445 παρ’
3065 1373 3210 1444 ἡμῶν
3259 1371 3511 1445 πρεσϐεία
3581 1376 3707 1448 πρὸς
3769 1377 3851 1432 τὴν

2268 1454 2650 1534 ἀνυπέρϐλητόν
2673 1479 2767 1512 σου
2798 1459 3188 1532 καλοκάγαθίαν
3209 1465 3505 1534 γεγένηται.

2830 1591 3166 1640 ΕΠΙΣΤΟΛΗ
3207 1585 3301 1652 ῐς’.

496 1699 825 1771 Refetlitur
853 1701 1142 1757 Eunomii
1169 1698 1473 1780 temeritas
1494 1703 1714 1780 divinae
1749 1710 1994 1780 natura?
2014 1705 2595 1780 comprehensionem
2634 1709 2750 1764 sibi
2785 1712 3157 1780 arrogantis,
3185 1727 3318 1770 cum
3359 1728 3433 1770 ne
3457 1712 3846 1770 minutissima-

1104 1789 1239 1829 rum
1262 1774 1494 1846 quidem
1527 1777 1885 1832 animalium
1914 1779 2309 1848 cognitionem
2337 1781 2756 1851 investigando
2777 1774 3014 1852 asserini
3039 1774 3261 1852 posset.

783 1897 1090 1954 Adversus
1115 1898 1478 1954 Eunomium
1508 1900 1873 1959 haereticum.

571 2007 681 2074 Qui
711 2021 920 2061 eorum
970 2022 1107 2078 quae
1163 2011 1303 2063 sunt
1339 2006 1861 2078 investigationem
1908 2025 2161 2082 compa-

496 2097 620 2154 rari
649 2111 828 2169 posse
859 2095 1020 2162 dicit,
1055 2095 1103 2150 is
1135 2095 1347 2168 procul
1368 2096 1556 2152 dubio
1583 2097 1678 2157 via
1695 2098 1966 2170 quadam
1985 2104 2042 2154 et
2061 2115 2159 2156 or-

498 2187 636 2242 dine
668 2189 930 2242 men‘lem
955 2201 1130 2240 suam
1163 2185 1241 2241 ad
1273 2201 1486 2241 eorum
1513 2202 1650 2258 quae
1679 2191 1836 2254 sunt,
1871 2189 2161 2257 cognitio-

496 2291 636 2330 nem
670 2274 902 2347 appulit
933 2293 945 2342 ;
970 2280 1026 2330 et
1049 2274 1111 2329 in
1133 2273 1315 2330 rebus
1335 2280 1516 2346 captu
1541 2275 1819 2331 facilibus
1844 2277 2160 2334 etminutis

499 2365 873 2431 exercitatus,
897 2364 981 2420 ita
1009 2363 1260 2419 demum
1295 2380 1403 2436 per
1431 2364 1591 2420 hanc
1621 2365 2050 2434 cognitionem,
2081 2367 2160 2424 ad

499 2472 635 2514 eam
662 2472 905 2528 quoque
935 2471 1073 2527 quae
1126 2455 1555 2523 cogitationem
1610 2472 1856 2512 omnem
1895 2464 2157 2530 superat,

499 2561 674 2601 suam
706 2542 1258 2615 comprehendendi
1301 2542 1646 2600 facultatem
1695 2546 2015 2617 promovit.
2051 2546 2160 2613 Qui

497 2633 678 2703 igitur
694 2647 901 2687 eorum
925 2648 1061 2704 quae
1084 2635 1225 2687 sunt
1256 2632 1660 2701 cognitionem
1685 2633 2158 2706 apprehendisse

501 2738 564 2778 se
604 2721 913 2791 gloriatur,
947 2721 997 2776 is
1031 2721 1311 2776 animalis
1340 2721 1726 2777 minutissimi
1756 2739 1826 2778 ex
1856 2723 2077 2796 iisquae
2096 2723 2156 2779 in

501 2815 897 2883 conspectum
929 2810 1178 2873 cadunt,
1209 2814 1491 2866 naturam
1543 2811 1882 2884 explicet,et
1915 2829 2050 2886 qua:
2083 2813 2158 2870 sit

499 2900 766 2956 formicae
797 2905 1016 2956 natura
1047 2898 1210 2955 dicat
1242 2915 1254 2953 :
1280 2915 1359 2954 an
1387 2899 1597 2971 spiritu
1627 2905 1685 2957 et
1713 2901 1986 2958 anhelitu
2017 2918 2156 2960 con-

497 2989 762 3046 tineatur
807 2988 996 3060 ipsius
1054 2987 1175 3043 vita
1211 3006 1224 3056 ;
1273 3003 1350 3044 an
1400 3003 1620 3062 corpus
1659 2989 1900 3046 ossibus
1941 2990 2156 3047 distin-

500 3084 663 3137 ctum
689 3097 701 3147 ;
727 3094 804 3134 an
821 3093 1148 3150 compages
1168 3078 1364 3132 nervis
1389 3082 1572 3151 atque
1592 3077 1934 3148 ligamentis
1955 3080 2158 3138 ﬁrma-

501 3175 560 3227 ta
594 3186 608 3236 ;
641 3184 718 3225 an
748 3168 1163 3224 musculorum
1195 3167 1689 3238 etglandularum
1717 3169 1951 3226 ambitu
1973 3171 2157 3227 conti-

2577 1910 2714 1981 Πρὸς
2747 1907 2992 1981 Εύνόμιον
3023 1913 3108 1962 τόν
3141 1910 3399 1983 αἱρετικὸν
3430 1909 3565 1982 (47).

2341 1992 2400 2046 Ὀ
2443 1992 2654 2067 ἐφικτην
2700 2005 2829 2049 εῖναι
2881 1997 3040 2069 λέγων
3098 2008 3196 2052 τῶν
3273 2004 3432 2052 ὄντων
3499 2004 3593 2059 τὴν
3675 1997 3845 2073 εὕρεσιν

2271 2079 2379 2155 ὁδῷ
2423 2104 2525 2136 τινι
2578 2089 2775 2149 πάντως
2813 2093 2902 2140 καὶ
2949 2087 3230 2162 ἀκολουθία
3283 2087 3384 2143 διὰ
3426 2098 3522 2152 τῆς
3571 2097 3666 2142 τῶν
3717 2092 3845 2140 ὄντων

2268 2180 2511 2246 γνώσεως
2570 2177 2848 2251 προέϐαλεν
2904 2181 3015 2251 (48)
3074 2180 3258 2232 ἑαυτοῦ
3305 2184 3409 2238 τὴν
3449 2176 3697 2232 διάνοιαν·
3768 2181 3842 2230 καὶ

2269 2273 2377 2328 τοῖς
2418 2266 2692 2330 εύλιήπτοις
2741 2288 2795 2321 τε
2850 2274 2939 2322 καὶ
2990 2275 3314 2345 μικροτέροις
3370 2269 3736 2343 ἐγγυμνασθεὶς
3765 2264 3841 2319 διὰ

2269 2364 2360 2416 τῆς
2410 2357 2522 2429 (49)
2573 2358 2935 2430 καταλήψεως,
2988 2362 3119 2413 οὕτω
3176 2365 3263 2412 καὶ
3290 2360 3361 2422 εἰς
3398 2381 3491 2420 την
3522 2359 3732 2413 ἐπέκεινα
3752 2359 3835 2409 πά-

2275 2465 2367 2507 σης
2415 2445 2609 2510 ἐννοίας
2659 2454 2954 2522 προήγαγεν
3014 2451 3199 2503 ἑαυτοῦ
3265 2450 3664 2508 καταληπτικὴν
3735 2466 3841 2519 φαν-

2268 2541 2476 2591 τασίαν.
2533 2537 2734 2590 Οὐκοῦν
2788 2540 2813 2590 ό
2861 2544 2954 2598 τὴν
3010 2545 3128 2615 περὶ
3167 2549 3266 2592 τῶν
3316 2544 3484 2593 ὄντων
3517 2536 3710 2597 εἰδησιν
3744 2554 3846 2588 κατ-

2270 2625 2529 2698 ειληφέναι
2593 2627 3110 2702 μεγαλαυχούμενος,
3201 2633 3258 2682 τὸ
3346 2634 3714 2705 σμικρότατον,
3764 2632 3847 2677 τῶν

3010 2721 3123 2789 ἔχει
3190 2721 3425 2789 φύσεως,
3493 2715 3847 2794 ἑρμηνευσάτω,

2267 2809 2357 2857 καὶ
2414 2809 2490 2867 τίς
2539 2807 2568 2863 ἡ
2622 2813 2712 2858 τοῦ
2764 2809 3035 2881 μύρμηκος
3079 2811 3252 2879 φύσις,
3302 2807 3523 2860 εἰπάτω⁹
3560 2807 3603 2860 εἰ
3631 2807 3852 2876 πνεύματι

2267 2720 2707 2789 προφαινομένων,
2781 2719 2917 2777 ὅπως

2267 2900 2357 2946 καὶ
2410 2895 2647 2967 ἄσθματι
2705 2900 2985 2966 συνέχεται
3039 2896 3199 2949 αὐτοῦ
3253 2897 3281 2954 η
3319 2897 3462 2957 ζωή·
3500 2896 3543 2950 εἰ
3589 2893 3852 2955 ὀστέοιςτό

2271 2993 2424 3056 σῶμα
2450 2984 2562 3056 (50)
2596 2981 2913 3042 διείληπται·
2949 2985 2992 3038 εἰ
3019 2988 3218 3059 νεύροις
3266 2990 3356 3038 καὶ
3423 2982 3728 3058 συνδέσμοις
3775 2983 3853 3042 τὰς

2270 3073 2520 3148 ἁρμονίας
2567 3078 2858 3127 τετόνωται·
2913 3075 2955 3127 εἰ
3011 3084 3152 3147 μυῶν
3219 3074 3472 3150 περιϐολῇ
3537 3080 3622 3128 καὶ
3683 3068 3852 3126 ἆδένων

2269 3164 2299 3221 ἠ
2346 3172 2446 3215 τῶν
2499 3167 2690 3238 νεύρων
2747 3173 3136 3240 περικρατεῖται
3194 3167 3335 3228 θέσις
3410 3167 3542 3238 (δυο
3575 3165 3617 3218 εἰ
3644 3169 3744 3224 τοῖς
3769 3181 3851 3212 νω-

498 3265 712 3316 neatur
739 3274 1068 3314 nervorum
1093 3258 1242 3314 situs
1267 3275 1280 3325 ;
1313 3273 1392 3314 an
1414 3257 1682 3315 medulla
1713 3275 1748 3314 a
1780 3259 2052 3333 sincipite
2079 3261 2155 3318 ad

2268 3257 2435 3315 τιαίος
2498 3251 2811 3316 σπονδύλοις
2859 3252 2913 3306 ἐκ
2968 3261 3058 3307 τοῦ
3107 3253 3412 3328 βρέγματος
3472 3255 3554 3308 ἐπὶ
3585 3257 3638 3307 τὸ
3669 3252 3852 3326 οὐραῖον

499 3351 763 3406 caudam
793 3364 985 3420 usque
1006 3364 1129 3404 una
1161 3363 1301 3403 cum
1349 3347 1514 3404 dorsi
1571 3347 1862 3405 vertebris
1918 3356 2158 3422 proten-

499 3439 678 3496 datur
720 3453 846 3506 ;an
892 3436 1184 3493 membris
1230 3453 1368 3510 quae
1393 3443 1730 3500 moventur.
1783 3455 1855 3495 ex
1880 3455 2156 3498 nervosas

501 3528 877 3585 membranas
899 3526 1223 3599 complexu
1260 3527 1800 3600 notumimprimat
1834 3545 1847 3596 ;
1881 3545 1958 3586 an
1992 3531 2066 3588 sit
2093 3531 2156 3588 in

499 3618 636 3692 ipsa
661 3619 849 3689 jecur,
884 3622 942 3674 et
969 3617 1031 3672 in
1081 3616 1284 3688 jecore
1321 3633 1433 3673 vas
1477 3616 1814 3690 quoddam,
1863 3619 2030 3691 quod
2079 3621 2156 3678 fel

502 3708 794 3781 suscipiat
829 3727 842 3777 ;
876 3709 1070 3763 sintne
1090 3723 1289 3774 renes,
1319 3711 1374 3763 et
1405 3723 1525 3774 cor,
1545 3713 1603 3763 ct
1632 3708 2155 3779 arteriae,etvena3,

500 3805 558 3858 et
587 3798 900 3873 pelliculae,
936 3797 1469 3870 etdiaphragmata
1489 3814 1501 3865 ;
1519 3797 1666 3854 sitne
1683 3797 2157 3858 animalnudum

502 3907 581 3947 an
611 3889 874 3962 pilosum
904 3907 921 3960 ;
946 3891 1149 3944 utrum
1170 3888 1430 3958 ungulas
1459 3886 1776 3958 indivisas,
1835 3904 1914 3946 an
1971 3891 2158 3963 pedes

502 3978 830 4036 multiﬁdos
855 3977 1079 4033 habeat
1100 3976 1246 4032 item
1271 3981 1503 4050 quanto
1535 3981 1806 4050 tempore
1857 3979 2040 4049 vivat,
2102 3984 2160 4037 et

573 4175 758 4230 *Alias
789 4174 1058 4228 CLXVIII.
1093 4171 1324 4244 Scripta
1357 4171 1696 4244 imperante
1713 4173 1969 4230 Iuliano.

505 4247 686 4385 ξμὸι)
747 4245 1234 4320 Προσφθέγγεσθαι.
1299 4245 1438 4314 Reg.
1503 4244 1806 4300 secundus
1860 4248 2155 4320 προσφθέγ-

537 4340 606 4373 ασ
644 4339 718 4372 αι.

2270 3343 2514 3416 όμυελός
2576 3349 3070 3418 συμπαρατείνεται·
3136 3344 3178 3396 εἰ
3235 3352 3297 3417 τῇ
3355 3351 3589 3420 περιοχῇ
3639 3342 3746 3417 (52)
3777 3346 3852 3392 τού

2267 3430 2559 3508 νευρώδους
2610 3436 2821 3508 ὑμένος,
2872 3442 2978 3496 τοῖς
3031 3437 3352 3507 κινουμένοις
3419 3433 3595 3508 μέλεσι
3644 3436 3731 3490 τὴν
3782 3430 3852 3502 ὁρ-

2268 3528 2496 3598 μητικὴν
2574 3520 2828 3578 ἐνδίδωσι
2885 3521 3127 3598 δύναμιν·
3207 3523 3251 3577 εἰ
3326 3525 3475 3576 ἔστιν
3525 3523 3573 3576 ἐν
3622 3521 3752 3590 αύτῷ
3801 3520 3851 3570 τὸ

2268 3617 2431 3689 ἧπαρ,
2477 3619 2566 3667 καὶ
2615 3618 2672 3667 τὸ
2724 3612 3034 3687 χοληδόχον
3085 3612 3292 3685 ἀγγεῖον
3351 3613 3444 3666 ἐπὶ
3489 3620 3580 3667 τοῦ
3654 3614 3847 3672 ἧπατος·

2265 3710 2439 3780 νεφροί
2504 3724 2557 3758 τε
2617 3710 2707 3757 καὶ
2766 3701 2982 3778 καρδία,
3051 3709 3142 3757 καὶ
3199 3702 3476 3777 ἀρτηρίαι,
3530 3707 3617 3756 καὶ
3681 3697 3850 3773 φλέϐες,

2266 3797 2443 3868 ὑμένες
2463 3799 2552 3848 καὶ
2597 3791 2992 3870 διαφράγματα·
3036 3793 3079 3846 εἰ
3107 3792 3257 3865 ψιλον
3318 3792 3486 3864 ἐστιν,
3540 3794 3566 3852 ὃ
3619 3795 3851 3864 τετρίχω-

2266 3906 2375 3939 ται·
2404 3885 2769 3958 εἰμονώνυχόν
2798 3886 2912 3954 (53)
2957 3884 3119 3952 ἐστιν,
3151 3883 3180 3942 ἦ
3214 3880 3569 3956 πολυσχιδεῖς
3619 3884 3726 3954 ἔχει
3773 3880 3850 3930 τὰ5

2269 3975 2477 4052 βάσεις·
2538 3980 2699 4030 πόσον
2759 3971 2817 4028 δὲ
2868 3973 2984 4048 βιοῖ
3011 3977 3098 4026 τὸν
3156 3977 3372 4048 χρόνον,
3410 3978 3498 4027 καὶ
3528 3977 3607 4036 τίς
3646 3965 3851 4030 αύτοῐςὸ

2266 4174 2378 4230 ﬁce
2407 4173 2524 4248 ipsi
2548 4172 2834 4248 epistola),
2866 4188 3055 4245 quam
3076 4170 3434 4248 perspicitur
3450 4170 3736 4248 adversus
3757 4167 3851 4221 Eu-

2265 4239 2537 4303 nomium
2561 4239 2851 4320 scriptam
2864 4239 3010 4320 e'sse,
3023 4239 3203 4320 vélex
3219 4239 3431 4316 aliqua
3449 4239 3851 4320 Basiliiadver-

2267 4335 2370 4373 sus
2402 4313 2763 4374 Eunomiiim
2802 4314 3253 4373 elucubratione
3281 4313 3632 4387 excerptam
3664 4313 3848 4387 fuisse.

573 4395 688 4460 (45)
716 4387 907 4466 nassae
937 4383 994 4438 δὲ
1036 4389 1177 4466 πότε.
1213 4389 1346 4466 Haec
1370 4384 1557 4466 verba
1586 4386 1664 4466 ad
1717 4386 2010 4466 Basilium
2055 4406 2155 4466 ne-

2267 4389 2511 4466 Addunt
2530 4391 2680 4466 Reg.
2713 4387 3016 4466 secundus
3036 4392 3092 4443 et
3139 4386 3315 4466 cois].
3358 4380 3845 4466 recentiorz'OTf’

502 4457 770 4519 ceSsario
799 4461 1158 4526 referuntur,
1180 4457 1284 4529 qui
1314 4458 1565 4530 optabat
1585 4463 1649 4513 ut
1679 4459 1838 4514 cives
1865 4459 2045 4516 rebus
2074 4462 2153 4518 fe-

497 4535 687 4606 liciter
716 4530 1589 4606 gestisredeuntesexciperet.
1625 4531 1995 4606 Verumista,
2032 4536 2155 4606 ἡμέ-

497 4627 595 4683 ρως
627 4601 756 4658 ἰδεῖν
785 4609 875 4683 καὶ
895 4601 1343 4683 Δὁιτικδπέμφασθαι,
1366 4602 1610 4683 placide
1629 4605 1894 4683 aspicere
1947 4610 2003 4683 et
2058 4601 2150 4662 di-

496 4673 752 4746 mittere,
780 4676 858 4731 ad
879 4673 1200 4746 Arcadium
1217 4678 1507 4744 spectant,
1537 4678 1752 4729 etcum
1777 4680 1966 4731 totum
1990 4677 2151 4733 hunc

495 4750 697 4806 locum
719 4745 960 4820 penitus
986 4745 1365 4820 de_forment,_
1396 4760 1506 4799 nec
1559 4746 1818 4820 possint,
1862 4747 2150 4805 incolumi

495 4815 811 4898 sententia,
835 4818 1070 4898 retineri
1105 4835 1117 4884 ;
1149 4831 1220 4898 ea
1249 4815 1858 4898 exinterpretatione,
1903 4823 1965 4898 ut
2020 4835 2151 4891 per-

492 4908 704 4966 peram
727 4891 788 4945 in
811 4894 1154 4966 contextum
1179 4889 1421 4966 injecta,
1453 4887 1777 4966 eliminavi,
1807 4905 1927 4945 non
1946 4887 2146 4966 tamen

491 4960 565 5021 ex
591 4963 726 5034 ipso
758 4965 939 5034 textu,
971 4960 1114 5034 quia
1142 4976 1266 5034 non
1295 4961 1498 5034 favent
1521 4960 1760 5016 codices
1791 4977 1937 5016 mss.
1981 4965 2144 5034 Con-

488 5031 768 5105 ﬁrmatur
791 5031 921 5105 haec
952 5031 1367 5105 explicatioex
1396 5032 1568 5105 epist.
1604 5036 1918 5105 148,quam
1943 5032 2145 5090 simili-

488 5112 575 5186 ter
601 5103 904 5161 concludit
930 5102 1198 5186 Iiasilius,
1233 5102 1468 5176 sibique
1489 5103 1682 5186 ait‘in
1728 5102 1952 5186 optatis
1989 5121 2140 5186 esse,
2194 5145 2198 5149 -

484 5183 722 5244 uteum,
740 5190 925 5248 quem
945 5174 1202 5245 Trajano
1218 5174 1708 5243 commendabat,
1724 5174 2142 5247 ipsiuslaudes

482 5249 686 5306 videat
715 5244 1166 5320 praedicantem.

553 5321 668 5392 (746)
717 5316 826 5373 kat
878 5319 1084 5378 αύτούς.
1144 5316 1500 5392 Conjunctio
1557 5317 1766 5374 addita
1849 5336 1920 5374 ex
1983 5320 2136 5378 Med.

479 5388 657 5448 Coisl.
689 5397 946 5462 utroque
977 5395 1032 5445 et
1064 5392 1202 5458 Reg.
1239 5388 1525 5444 secundo.

548 5463 656 5529 (47)
717 5461 865 5532 Πρὸς
902 5463 1150 5532 Εὐνόμιον
1199 5464 1286 5513 τὸν
1345 5461 1766 5532 αἱρετικόνηὸἱο
1825 5478 1972 5519 mss.
2008 5481 2132 5532 sex,

477 5511 868 5614 persuasa
902 5511 1152 5614 Filiabus
1200 5511 1284 5583 τὸν
1333 5511 1522 5614 deest.
1572 5511 2136 5614 Εὶιίίἰὲάἧᾷῐῴῗξιῇἰ

474 5601 847 5675 tulus'quem
877 5603 1161 5661 exhibent
1185 5619 1332 5660 mss.
1376 5602 1616 5659 codices
1646 5601 1922 5676 congruit
1963 5601 2131 5664 miri-

2263 4457 2404 4535 μηδὲ
2482 4465 2576 4519 τὴν
2627 4456 2744 4513 ’τοῦ
2809 4463 3082 4534 μύρμηκος
3129 4461 3283 4535 φύσιν
3347 4458 3705 4535 ἐπιστάμενος,
3765 4456 3846 4530 ῖὴν

2263 4528 2434 4585 πάντα
2501 4539 2617 4585 νοῦν
2688 4528 3064 4608 ὑπερέχουσανΔ
3119 4528 3343 4603 δύναμιν
3400 4528 3720 4608 φυσιολογεῖν
3772 4528 3848 4574 επ-

2263 4611 2554 4679 εχείρησεν.
2582 4604 2767 4679 Qupd,
2786 4602 2925 4660 cum
2945 4602 3297 4679 neformicae
3317 4602 3554 4679 quidem
3580 4603 3846 4679 naturam

2261 4673 2600 4748 cognoscat,
2636 4677 2708 4732 de
2728 4673 3042 4746 potestatis
3075 4690 3304 4731 omnem
3346 4673 3710 4748 intellectum
3761 4681 3847 4721 su-

2257 4747 2530 4819 perantis
2553 4759 2777 4804 natura
2797 4749 3090 4819 disserere
3120 4747 3462 4819 tentaverit.

2260 4807 2275 4902 ί
2329 4821 2442 4892 (48)
2475 4818 2777 4894 Προέϐαλεν.
2807 4823 2888 4875 Ita
2921 4818 3076 4874 Harl.
3125 4822 3183 4874 et
3239 4818 3388 4876 Med.
3445 4814 3595 4872 Editi
3639 4807 3845 4887 παρέϐα-

2260 4905 2362 4946 Αεν.

2332 4964 2443 5032 (49)
2470 4966 2566 5016 Διά
2593 4971 2710 5023 τῆς.
2745 4963 2830 5016 Ita
2859 4966 2975 5032 tres
3003 4960 3391 5017 vetustissimi
3452 4957 3685 5015 codices
3713 4965 3842 5011 cum

2253 5030 2865 5112 duobusqaliis.E(_i_iti
2896 5030 2989 5085 διὰ
3017 5037 3304 5112 ταύτης...
3399 5102 3430 5112 Α
3509 5102 3519 5112 _
3593 5100 3604 5110 ο
3697 5105 3716 5112 _
3800 5099 3808 5108 μ

2323 5111 2436 5179 (50)
2462 5110 2530 5160 Τὸ
2557 5115 2730 5179 σῶμα.
2763 5109 2899 5160 Tres
2925 5105 3162 5160 codices
3213 5102 3608 5160 vetustissimi
3656 5105 3722 5169 τῷ
3749 5102 3839 5148 σώ-

2251 5197 2403 5250 ματι.

2322 5251 2435 5323 (5t)

2320 5309 2431 5394 (52.)
2461 5328 2532 5394 Τῇ
2567 5329 2818 5392 περιοχῇ.
2853 5321 2945 5376 Sic
2975 5309 3114 5374 mss.
3142 5336 3246 5374 sex
3279 5335 3389 5392 pro
3419 5309 3492 5374 eo
3541 5311 3703 5388 quod
3723 5309 3838 5367 erat

2246 5391 2846 5466 ἱΠξθάἰῐὶςήπεριοχὴ.
2922 5464 2936 5466 _
3037 5463 3047 5466 _
3207 5461 3216 5466 _
3287 5391 3292 5392 ⁷
3705 5453 3719 5466 ἱ
3798 5449 3806 5460 ,

2316 5465 2428 5536 (53)
2456 5464 2514 5518 Εἰ
2543 5453 2866 5544 μονῶνυξξον.
2894 5461 3260 5544 ‘Conjun‘ctio
3291 5461 3606 5544 additauex

2242 5531 2360 5590 bus
2391 5531 2756 5593 ὼεε.Ῥο.υ10’
2773 5531 2911 5609 post
2947 5531 3088 5591 editi
3116 5534 3223 5588 ἐπεὶ
3253 5539 3434 5588 πόσον.
3490 5533 3622 5588 Mss.
3678 5531 3737 5582 ut
3773 5536 3830 5578 1n

2241 5611 2422 5664 textu.

2477 5252 2648 5309 Θέσις.
2685 5248 2775 5304 Sic
2803 5264 2948 5304 mss.
2984 5251 3232 5320 septem.
3272 5247 3420 5303 Editi
3451 5264 3625 5319 φύσις.
