4114 6418
201 287 262 343 281
1254 294 1741 354 EPISTOLARUM
1777 294 2063 354 CLASSIS
2099 297 2144 351 Ι.
2182 294 2397 354 EPlST.
2431 298 2617 355 XVIII.

3510 301 3616 357 282

203 415 354 488 τρόπος
399 420 514 476 τῆς
589 412 658 479 ἐξ
731 414 988 475 ἀλλήλων
1044 423 1329 490 γεννήσεως
1363 440 1377 454 ·
1443 419 1527 474 ἐπὶ
1577 424 1740 474 πόσον
1797 417 1831 473 ὃ

1966 421 2278 492 quomodo
2327 423 2457 480 alia
2505 424 2654 482 alias
2686 424 2974 495 gignant;
3030 423 3303 497 quandiu
3358 428 3616 494 gestetur

205 507 449 558 κυΐσκεται
511 507 578 557 τὸ
645 513 1006 581 τικτόμενον,
1058 514 1146 562 καὶ
1198 518 1306 573 πῶς
1335 514 1450 564 οὔτε
1485 512 1637 572 πεζοί
1672 513 1855 572 πάντες

209 599 245 650 οἱ
292 600 611 670 μύρμηκες,
681 601 817 652 οὔτε
885 601 1172 673 ὑπόπτεροι
1235 603 1438 670 πάντες,
1488 601 1593 654 ἀλλ’
1662 605 1710 655 οἱ
1765 607 1853 675 μὲν

206 696 280 740 τῶν
323 692 519 760 χαμαὶ
553 688 892 761 ἐρχομένων
926 689 1079 759 εἰσὶν,
1132 693 1182 743 οἱ
1212 687 1270 743 δὲ
1320 688 1545 768 ὃιαέριοι
1593 696 1850 765 φέρονται.

203 778 247 831 Ὀ
290 781 471 830 τοίνυν
532 785 650 829 τῶν
711 782 881 831 ὄντων
927 784 1020 838 τὴν
1061 787 1251 851 γνῶσιν
1301 779 1672 854 ἐπικομπάξων
1730 787 1852 845 τέως

205 873 277 925 τήν
328 875 428 920 τοῦ
485 869 801 943 μύρμηκος
837 860 995 942 φύσιν
1028 869 1219 922 εἰπάτω
1243 887 1255 898 ⁸
1297 867 1393 924 εἷθ’
1423 871 1555 924 οὕτω
1603 872 1852 944 φυσιολο-

199 962 339 1030 γείτω
378 962 484 1016 την
541 960 747 1010 πάντα
799 966 919 1011 νοῦν
972 960 1334 1032 ὑπερέχουσαν
1393 957 1635 1034 δύναμιν.
1694 962 1755 1015 Εἰ
1793 959 1852 1015 δὲ

195 1055 277 1100 τοῦ
308 1046 698 1120 βραχυτάτου
757 1051 1037 1121 μύρμηκος
1067 1053 1212 1101 οὒπω
1240 1049 1530 1125 περιέλαϐες
1569 1060 1631 1124 τῇ
1660 1057 1850 1123 γνώσει

194 1142 284 1195 τὴν
314 1140 496 1210 οὖσιν,
523 1146 652 1200 πῶς
696 1143 798 1197 τὴν
832 1137 1195 1197 ἀκατάληπτον
1221 1148 1313 1192 τοῦ
1345 1148 1480 1194 Θεοῦ
1512 1137 1733 1215 δύναμιν
1764 1161 1850 1214 με-

202 1226 490 1300 γιύαυχείς
511 1229 927 1300 φαντάζεσθαι.

788 1430 1128 1478 ΕΠΙΣΤΟΛΠ
1172 1424 1266 1481 ΙΖ’.

1963 509 2139 580 fetus,
2171 516 2228 567 et
2279 514 2592 585 quomodo
2634 530 2832 587 neque
2877 529 3089 570 omnes
3120 514 3383 570 formica
3435 515 3615 586 pede-

1966 604 2115 655 stres
2192 601 2329 671 sint,
2394 619 2590 676 neque
2658 620 2871 660 omnes
2938 603 3144 670 alata,
3224 603 3330 658 sed
3397 619 3612 676 repen-

1964 688 2124 744 tibus
2167 690 2337 746 humi
2368 691 2520 760 aliis,
2576 693 2705 749 alia
2760 709 2868 766 per
2907 708 3110 748 aerem
3152 692 3442 748 ferantur.
3504 692 3613 758 Qui

1965 793 2107 847 ergo
2138 778 2210 834 de
2227 795 2438 836 eorum
2458 798 2595 853 quae
2619 787 2760 838 sunt
2787 781 3129 851 cognitione
3157 781 3614 852 gloriatur,inte-

1962 866 2078 922 rim
2104 867 2372 925 formica
2420 870 2598 926 nobis
2629 870 2882 943 explicet
2911 876 3193 926 naturam
3228 887 3241 936 ;
3296 875 3475 942 atque
3532 869 3614 926 ita

1961 956 2208 1012 demum
2241 961 2372 1029 ejus
2403 960 2736 1032 potestatis,
2778 977 2913 1032 qua
2958 959 3328 1015 intellectum
3366 974 3612 1015 omnem

1960 1051 2222 1118 superat,
2251 1053 2532 1105 naturam
2565 1055 2878 1105 scrutetur.
2915 1050 3090 1116 Quod
3117 1049 3163 1104 si
3190 1048 3610 1104 minutissima

1956 1134 2222 1192 formica
2248 1142 2526 1198 naturam
2576 1139 2851 1195 nondum
2881 1139 3220 1207 cognitione
3273 1139 3611 1210 apprehen-

1956 1224 2113 1291 disti,
2145 1228 2456 1298 quomodo
2499 1227 3170 1301 incomprehensibilem
3202 1227 3303 1283 Dei
3326 1233 3610 1284 naturam

1954 1316 2390 1385 imaginatione
2422 1322 2527 1375 tua
2559 1319 3066 1390 comprehensam
3106 1333 3237 1374 esse
3263 1317 3576 1387 gloriaris?

2484 1428 2821 1483 EPISTOLA
2893 1427 3072 1481 XVll".

206 1511 452 1570 Laudat
478 1513 770 1570 Basilius
804 1514 1078 1586 Origenis
1131 1517 1360 1584 scripta
1390 1521 1447 1572 et
1485 1521 1822 1585 susceptam
1856 1517 2128 1573 veritatis
2158 1515 2555 1586 defensionem
2591 1534 2603 1572 :
2648 1523 3103 1586 per-secutorum
3151 1514 3432 1584 praedicit
3477 1515 3606 1571 exi-

1020 1587 1171 1643 tium
1205 1604 1217 1642 :
1251 1588 1498 1659 Origeni
1526 1591 1772 1661 ejusque
1789 1590 1937 1658 ﬁliis
1963 1604 2255 1659 prospera
2280 1591 2483 1646 omnia
2508 1596 2823 1658 precatur.

829 1674 1082 1750 Ὠριγένει
1113 1678 1250 1749 (54).

271 1768 376 1816 Καὶ
447 1761 786 1837 ἀκουόμενος
845 1765 1154 1838 εὐφραίνεις,
1218 1772 1309 1820 καὶ
1369 1766 1839 1841 ἀναγινωσκόμενος
1873 1761 1911 1813 Β

175 1850 266 1906 δι’
299 1855 375 1905 ὧν
417 1858 656 1929 γράφεις
720 1855 1078 1930 ἐνεργεστίρας
1137 1858 1247 1928 (55)
1305 1860 1430 1931 ἡμῖν
1460 1863 1713 1934 παρέχεις
1751 1859 1838 1911 εὖ·

166 1947 488 2018 ρροσύνας.
523 1950 634 1998 Καὶ
674 1947 843 2020 χάρις
880 1945 1039 2006 πολλὴ
1068 1955 1140 2018 τῷ
1169 1948 1349 2019 ἀγαθῷ
1382 1948 1526 2020 Θεῷ),
1551 1958 1624 2020 τῷ
1672 1945 1837 2022 μηδὲν

172 2033 564 2094 ἐλαττωθῆναι
609 2040 903 2094 ποιήσαντι
941 2041 1036 2095 τὴν
1087 2035 1331 2095 ἀλήθειαν
1373 2037 1421 2090 ἐν
1470 2047 1531 2112 τῇ
1574 2037 1840 2112 προδοσίᾳ

175 2132 296 2175 τῶν
335 2121 497 2182 δῆθεν
553 2126 1050 2198 ὑπερκρατούντων,
1103 2124 1231 2178 ἀλλὰ
1275 2123 1348 2178 δι’
1393 2129 1535 2200 ὑμῶν
1744 2134 1838 2188 τὴν

179 2219 529 2287 συνηγορίαν
572 2223 672 2266 τοῦ
725 2215 882 2286 λόγον
928 2224 1020 2276 τῆς
1074 2215 1332 2277 εὐσεϐείας
1381 2216 1833 2292 ἀναπληρῶσαντι.

179 2303 415 2356 Ἐκεῖνοι
465 2307 563 2377 μὲν
607 2301 722 2372 οὖν,
779 2306 844 2365 ὡς
881 2308 940 2356 τό
984 2311 1214 2374 κώνειον,
1268 2307 1296 2365 ἦ
1347 2310 1404 2358 τὸ
1445 2309 1700 2377 ἀκόνιτον,
1749 2315 1838 2362 καὶ

165 2396 221 2444 εἴ
256 2413 343 2453 τις
371 2393 509 2451 ἄλλη
564 2389 890 2468 ἀνδροφόνος
923 2392 1142 2467 βοτάνη,
1192 2399 1320 2469 πρὸς
1371 2395 1543 2469 ὀλίγον
1570 2395 1837 2456 ἀνθήσαν-

168 2501 296 2551 τες,
353 2487 507 2555 τοιχύ
554 2481 1112 2556 ἁποξηρανθήσονται.
1162 2484 1305 2557 Ὑμῖν
1364 2483 1423 2538 δὲ
1483 2485 1704 2561 ἀνθηρὸν
1749 2493 1836 2540 καὶ

184 2568 275 2622 ἀεὶ
335 2575 449 2624 νέον
492 2573 518 2623 ό
563 2574 764 2646 Κύριος
802 2592 889 2626 τον
930 2575 1120 2645 μισθὸν
1149 2583 1247 2626 τῶν
1273 2576 1401 2648 ὑπὲρ
1451 2583 1543 2627 τοῦ
1587 2575 1837 2649 ὀνόματος

193 2660 377 2712 αὐτοῦ
435 2662 766 2720 λαληθέντων
830 2663 1063 2738 παρέξει.
1118 2664 1262 2717 Ἀνθ’
1313 2666 1380 2716 ὧν
1433 2671 1522 2718 καὶ
1559 2669 1837 2740 παράσχοι

193 2750 345 2822 ὑμῖν
402 2752 430 2802 ὁ
481 2755 658 2824 Κύριος
685 2759 864 2804 πᾶσαν
915 2753 1156 2810 εὐθηνίαν
1187 2758 1354 2826 οἶκον,
1395 2760 1486 2808 καὶ
1527 2757 1598 2817 εἰς
1635 2755 1837 2820 παῖδας

189 2836 432 2892 παίδων
464 2845 557 2899 τήν
586 2842 816 2914 εὐλογίαν
850 2839 1186 2896 διαϐιϐάσαι.
1247 2848 1324 2897 Τὰ
1377 2842 1436 2898 δὲ
1495 2846 1836 2918 εὐγενέστατοι

188 2925 438 2995 παιδία,
462 2935 574 2991 τοὺς
602 2930 835 3007 ἐναργεῖς
863 2941 956 2992 τῆς
987 2942 1086 2995 σῆς
1114 2939 1441 3008 χρητότητος
1465 2945 1831 3011 χαρακτῆρας,

191 3015 357 3070 εἶδον
378 3016 542 3081 ἡδέως
561 3026 654 3073 καὶ
683 3021 1134 3096 περιεπτνξάμην,
1167 3029 1256 3077 καὶ
1279 3027 1509 3098 εὔχομαι
1531 3025 1703 3089 αὐτοῖς
1735 3028 1836 3080 ὅσα

194 3105 264 3158 ἆν
295 3107 455 3171 αὐτὸς
485 3110 511 3160 ὁ
534 3114 716 3184 πατὴρ
745 3110 890 3184 εὔξῃ.

782 3224 1124 3272 ΕΠΙΣΤΟΛΗ
1166 3219 1269 3276 ῙΗ’.

2650 1679 2916 1749 Origeni.

2023 1769 2091 1825 Et
2119 1768 2268 1824 dum
2298 1767 2544 1837 audiris,
2577 1768 2885 1836 oblectas;
2920 1772 2976 1824 et
3028 1768 3176 1824 dum
3221 1766 3452 1839 legeris,
3501 1781 3611 1839 per

1949 1859 2173 1931 scripta
2212 1859 2427 1930 majori
2449 1875 2562 1914 nos
2591 1858 2780 1914 atﬁcis
2812 1858 3034 1915 latitia.
3068 1864 3150 1914 Ac
3195 1862 3314 1915 Deo
3359 1857 3609 1930 quidem

1948 1948 2176 2020 optimo
2209 1948 2413 2018 gratiae
2444 1947 2670 2018 multa,
2703 1949 2808 2020 qui
2831 1948 2989 2019 fecit,
3011 1953 3076 2004 ut
3096 1948 3244 2004 nihil
3266 1947 3616 2003 detrimenti

1949 2038 2484 2110 acciperetveritas
2517 2054 2590 2094 ex
2622 2054 2830 2094 eorum
2870 2038 3233 2111 proditione,
3288 2037 3393 2110 qui
3445 2053 3606 2092 sum-

1947 2145 2114 2184 mam
2137 2128 2410 2184 videlicet
2435 2133 2791 2200 potestatem
2818 2129 3065 2184 habent:
3099 2128 3202 2184 sed
3235 2143 3341 2200 per
3369 2143 3478 2182 vos
3507 2126 3611 2182 de-

1947 2217 2282 2273 fensionem
2310 2217 2598 2273 doctrina
2629 2218 2894 2273 veritatis
2926 2219 3044 2290 96
3068 2216 3446 2289 implevit.llli
3476 2215 3608 2288 qui.-

1947 2306 2086 2362 dem
2112 2307 2275 2364 velut
2301 2307 2496 2363 cicuta
2528 2311 2631 2362 aut
2677 2307 3006 2376 aconitum,
3033 2311 3087 2362 et
3116 2307 3163 2360 si
3189 2323 3313 2378 qua
3343 2310 3432 2361 est
3487 2304 3607 2360 alia

1947 2396 2198 2452 exitialis
2219 2396 2428 2464 herba,
2448 2396 2617 2451 brevi
2646 2401 2914 2469 tempore
2937 2413 3076 2451 cum
3099 2395 3427 2462 ﬂoruerint,
3451 2393 3604 2449 illico

1947 2491 2314 2542 exarescent.
2340 2486 2519 2541 Vobis
2549 2501 2694 2541 vero
2745 2486 3035 2541 Dominus
3069 2485 3410 2542 mercedem
3441 2483 3606 2539 eftlo-

1945 2581 2276 2631 rescentem
2308 2591 2378 2631 ac
2411 2590 2649 2647 semper
2679 2590 2904 2630 novam
2930 2574 3010 2630 ob
3030 2590 3267 2646 ea,qua
3290 2572 3602 2646 proipsius

1946 2665 2190 2720 nomine
2216 2664 2396 2720 locuti
2429 2664 2904 2735 estis,largietur.
2930 2666 3178 2737 Propter
3205 2680 3341 2736 qua
3371 2662 3469 2718 det
3499 2677 3603 2717 vo-

1945 2754 2038 2810 bis
2053 2755 2343 2809 Dominus
2361 2759 2417 2809 et
2433 2753 2891 2826 prosperitatem
2913 2768 3159 2808 omnem
3176 2752 3600 2820 domesticam,

1946 2849 2002 2899 et
2029 2844 2091 2898 in
2119 2843 2274 2898 ﬁlios
2306 2842 2559 2898 ﬁliorum
2591 2842 3075 2898 benedictionem
3099 2841 3603 2897 transmittat.Ca-

1943 2938 2136 2989 terum
2163 2932 2384 2988 liberos
2413 2936 2546 2988 tuos
2595 2931 3027 2998 nobilissimos,
3057 2946 3407 3003 expressam
3431 2928 3603 2984 boni-

1944 3022 2078 3078 tatis
2122 3026 2237 3078 tua
2276 3020 2555 3092 efﬁgiem,
2585 3021 2706 3076 vidi
2749 3020 3002 3076 libenter
3048 3025 3228 3091 atque
3285 3016 3602 3090 amplexus

1944 3128 2452 3185 sum,precorque
2477 3111 2592 3167 illis
2622 3111 2920 3183 quidquid
2952 3111 3080 3183 ipse
3107 3113 3276 3183 pater
3304 3111 3599 3182 precetur.

2461 3222 2796 3277 EPISTOLA
2840 3221 3072 3278 XVIII“.

179 3323 506 3381 Hortatur
536 3325 814 3381 Basilius
844 3325 1270 3400 Macariumret
1307 3327 1626 3398 Joannem,
1656 3336 1722 3385 ut
1772 3345 1876 3400 spe
1915 3330 2090 3399 regni
2115 3328 2362 3385 caelestis
2409 3344 2538 3400 qua
2586 3329 2715 3385 sola
2748 3344 2866 3384 non
2897 3328 3090 3398 fallit,
3120 3341 3227 3383 nec
3266 3323 3598 3396 potentium

820 3399 1020 3463 minis,
1049 3414 1156 3455 nec
1177 3399 1484 3469 falsorum
1516 3399 1847 3458 amicorum
1877 3403 2187 3471 vituperiis
2218 3416 2254 3457 a
2279 3399 2507 3471 pietate
2548 3401 2993 3457 deterreantur.

645 3491 906 3560 Μακαρίῳ
938 3488 1050 3557 (57)
1072 3493 1162 3540 καὶ
1195 3489 1400 3563 Ἰωάννη
1413 3531 1425 3544 .

267 3578 408 3628 Οὔτε
438 3579 715 3649 γεωργοὺς
767 3578 816 3628 οἱ
863 3579 1000 3630 κατὰ
1052 3583 1309 3652 γεωργίαν
1367 3578 1628 3642 ξενίζουσι
1667 3583 1835 3648 πόνοι,

192 3667 314 3717 οὔτε
370 3668 601 3728 ναύταις
638 3666 665 3717 ό
715 3667 853 3718 κατὰ
909 3666 1178 3720 θάλασσαν
1235 3672 1438 3740 χειμὼν
1486 3665 1833 3744 ἀπροσδόκη-

194 3772 298 3818 τος,
332 3760 450 3808 οὕτε
484 3764 601 3816 τοῖς
632 3757 1017 3829 μισθαρνοῦσιν
1067 3759 1091 3808 ό
1153 3759 1345 3831 θερινὸς
1374 3759 1490 3828 (58)
1535 3756 1694 3831 ἱδρὼς
1734 3779 1832 3812 πα-

188 3841 447 3917 ράδοξος,
496 3848 622 3897 οὔτε
651 3849 756 3918 μὴν
789 3853 901 3906 τοῖς
929 3845 1154 3909 εὐσεϐῶς
1180 3847 1274 3920 ζῇν
1307 3847 1564 3920 ἑλομένοις
1597 3851 1651 3901 αἱ
1694 3852 1830 3902 κατὰ

189 3936 281 3985 τὸν
335 3934 607 3987 ἐνεστῶτα
658 3940 855 4008 κόσμον
897 3935 1102 4007 θλίψεις
1158 3935 1465 4010 ἀμελετητοι
1513 3938 1655 4008 (59).
1695 3938 1828 3992 Ἀλλ’

473 4033 576 4076 τῶν
643 4025 926 4098 εἰρημένων
1003 4026 1193 4088 οἰκεῖος
1239 4032 1330 4080 καὶ
1387 4033 1645 4100 γνώριμος
1718 4037 1829 4092 τοῖς

188 4122 448 4185 μετιοῦσι
487 4116 832 4175 συνέζευκται
884 4120 1038 4178 πόνος
1075 4137 1088 4151 ·
1150 4116 1209 4169 οὗ
1243 4113 1316 4170 δι’
1372 4116 1552 4169 ἑαυτὸν
1605 4120 1823 4190 αἱρετὸς,

188 4202 330 4256 ἀλλὰ
378 4202 456 4258 δι’
494 4204 788 4260 ἀπόλαυσιν
837 4206 1048 4278 ἀγαθῶν
1081 4205 1550 4284 προσδοκωμένων.
1586 4207 1826 4274 Ἐλπίδες

178 4299 314 4372 γὰρ,
371 4298 550 4349 πάντα
599 4301 686 4348 τόν
723 4305 823 4349 τῶν
872 4296 1153 4372 ἀνθρώπων
1187 4304 1514 4371 συνέχουσαι
1541 4305 1630 4352 καὶ
1685 4321 1822 4374 συγ-

178 4394 481 4458 κροτοῦσαι
513 4385 657 4459 βίον,
687 4390 777 4446 τὴν
838 4385 910 4460 ἐφ’
948 4387 1151 4460 ἑκάστῳ
1204 4391 1400 4441 τούτων
1453 4392 1825 4464 παραμυθοῦν-

182 4497 274 4539 ται
322 4475 644 4533 δυσκολίαν.
692 4484 805 4530 Τῶν
853 4481 942 4551 μὲν
970 4479 1057 4532 οὗν
1100 4480 1226 4554 ὑπὲρ
1257 4487 1360 4551 γῆς
1412 4488 1624 4553 καρπῶν
1672 4484 1823 4561 (60),

183 4566 218 4625 ᾖ
267 4574 365 4618 τῶν
419 4569 560 4619 κατὰ
617 4573 719 4638 γῆν
747 4569 1038 4620 πονούντων
1087 4570 1134 4621 οἱ
1171 4571 1262 4642 μὲν
1306 4571 1639 4622 παντάπασιν
1672 4567 1820 4641 ἐψεύ-

2456 3491 2729 3547 Macario
2755 3498 2808 3546 et
2837 3491 3083 3547 Joanni.

2016 3585 2217 3654 Neque
2259 3579 2536 3650 agricolis
2565 3580 2943 3651 agricultura
2992 3578 3136 3635 novi
3165 3579 3306 3632 sunt
3335 3575 3599 3642 labores,

1941 3687 2139 3745 neque
2167 3671 2368 3727 nautis
2391 3670 2588 3744 pelagi
2613 3675 2941 3742 tempestas
2967 3670 3600 3740 inexspectata,neque

1940 3762 2230 3834 operariis
2279 3761 2556 3816 mercede
2606 3760 2919 3816 conductis
2974 3759 3216 3814 astivus
3264 3757 3447 3812 sudor
3505 3755 3598 3810 in-

1939 3851 2292 3915 solitus;nec
2318 3850 2589 3923 profecto
2612 3850 2834 3920 his,qui
2859 3849 3022 3920 piam
3055 3847 3239 3902 vitam
3269 3845 3594 3916 elegerunt,

1937 3940 2145 3996 mundi
2170 3941 2351 4012 hujus
2381 3939 2622 3995 afﬂictio
2653 3937 3130 4011 improvisa.Sed
3157 3936 3480 4007 unicuique
3501 3949 3596 3989 eo-

1934 4047 2090 4096 rum,
2115 4046 2271 4103 quos
2298 4029 2586 4094 diximus,
2609 4029 2889 4102 proprius
2921 4044 2990 4084 ac
3012 4031 3188 4084 notus
3219 4030 3406 4082 artem
3428 4041 3595 4080 exer-

1935 4119 2208 4176 centibus
2229 4118 2552 4190 adjunctus
2581 4123 2674 4174 est
2703 4118 3037 4187 labor;non
3069 4116 3164 4172 ille
3194 4115 3441 4189 quidem
3462 4130 3598 4188 pro-

1933 4213 2066 4283 pter
2085 4225 2147 4265 se
2174 4209 2503 4282 eligendus,
2539 4209 2644 4265 sed
2670 4208 2750 4264 ad
2779 4209 3083 4264 bonorum
3112 4209 3596 4278 exspectatorum

1933 4301 2406 4375 perfruitionem.
2444 4302 2591 4372 Spes
2620 4300 2939 4372 siquidem,
2959 4316 3095 4373 qua
3124 4297 3443 4354 hominum
3464 4312 3597 4352 om-

1933 4407 2073 4448 nem
2101 4391 2408 4447 continent
2437 4406 2506 4446 ac
2523 4391 2876 4446 consociant
2901 4389 3351 4456 vitam,insitam
3372 4386 3599 4442 unicui-

1933 4495 2051 4552 que
2081 4479 2302 4536 harum
2321 4495 2526 4535 rerum
2543 4478 2957 4534 difﬁcultatem
2986 4477 3597 4547 consolantur.Atque

1934 4583 2008 4624 ex
2036 4568 2107 4624 iis
2151 4567 2422 4641 quidem,
2454 4567 2560 4641 qui
2587 4584 2696 4641 pro
2736 4573 2906 4624 terra
2961 4566 3252 4623 fructibus
3280 4568 3384 4621 aut
3410 4563 3593 4621 rebus

257 4782 687 4867 (str’n‘oqévu.
730 4781 882 4867 Editi
911 4781 1147 4867 addunt
1174 4783 1487 4867 πρόρρησις,
1521 4801 1676 4867 quae.
1705 4801 1822 4867 vox

1950 4784 2251 4867 Scultetus.

169 4853 349 4928 deest
377 4856 444 4928 in
466 4853 590 4909 sex
616 4870 766 4928 mss.
802 4858 858 4928 et
889 4861 1168 4928 corrupte
1214 4853 1284 4912 in
1308 4853 1818 4928 codice-insignis

164 4926 465 5003 Ecclesia
489 4926 852 5003 Parisiensis
868 4926 960 5003 _s_ic
986 4925 1203 4996 legitur
1233 4928 1584 5003 πρόσρρησις.

240 5004 356 5065 (55)
391 4999 822 5071 Ἐνεργεστερας.
862 4997 956 5054 Sic
996 5006 1246 5071 uterque
1273 4997 1515 5068 Coisl.,
1564 5000 1721 5058 Harl.
1764 5005 1822 5057 et

175 5069 300 5126 duo
333 5070 467 5127 alii.
504 5068 661 5125 Editi
683 5068 1075 5142 ἐναργεστέρας.

245 5148 358 5216 (56)
403 5142 482 5193 Δι’
517 5144 689 5213 ὑμῶν.
731 5141 808 5216 οἵ
836 5141 992 5216 ,ἡμῶν
1027 5141 1208 5216 Harl.
1244 5146 1299 5199 et
1337 5142 1519 5200 Coisl.
1560 5143 1816 5216 primus.

245 5213 360 5278 (Ξῖ)
400 5217 696 5288 Μακαρίῳ.
724 5213 1044 5288 Quinque
1077 5214 1339 5288 codices,
1373 5213 1593 5288 nempe
1626 5215 1814 5284 Harl.,

171 5263 694 5358 ne‘gigagaau's;
722 5263 1142 5357 ῧειῐῖζίδέιὶῑδῖξ
1156 5263 1339 5342 Εὸίὲὶἷ
1372 5263 1818 5343 gagatem

168 5363 350 5437 κρίνῳ.
379 5361 526 5437 Reg.
551 5358 790 5430 primus
820 5358 1264 5437 Μαχρίνῳηξθά-
1284 5361 1489 5437 tamen
1521 5359 1816 5437 quiavul-

173 5429 321 5503 gata
336 5429 653 5503 scriptura
702 5434 906 5503 exstat
932 5429 1472 5503 _in_antiqui_s_simis
1504 5429 1816 5503 codicibus

175 5497 544 5559 Coisliniano
575 5503 783 5577 primo
811 5507 871 5557 et
898 5497 1379 5577 Medicaolnihil
1407 5502 1803 5577 mutavimus.

251 5571 616 5650 issjerpwo'i.
641 5578 1061 5650 Hancvqcem
1094 5571 1458 5650 addidimus
1473 5589 1548 5628 ex
1591 5573 1814 5650 codici:

177 5641 299 5700 bus
331 5641 493 5706 Coisl.
520 5649 754 5725 primo,
789 5642 949 5704 Med.
1006 5647 1065 5699 et
1090 5643 1384 5716 Clarom.,
1412 5644 1622 5717 sicque
1669 5643 1815 5715 legit

2005 4860 2114 4927 (59)
2159 4858 2290 4912 Ai...
2341 4854 2534 4926 θλίψεις
2565 4855 2887 4928 ἀμελέτητοι.
2931 4853 3174 4928 Ηαιτιίηθι
3208 4856 3326 4928 tres
3356 4855 3596 4911 codices

1930 4925 2293 4984 recentiores
2468 4925 2641 4999 θλίψις
2688 4925 3015 4998 ἀμελέτητος.
3053 4925 3144 4982 Sic
3192 4925 3372 4982 etiam
3411 4928 3596 4999 paulo

1930 5005 2071 5072 post
2090 4999 2446 5072 retinuimus
2477 4999 2591 5054 has
2615 5014 2810 5072 voces,
2845 5004 2954 5058 τοῖς
2969 5005 3244 5072 μετιοῦσι,
3272 5014 3409 5070 qua
3435 4999 3594 5055 desi-

1928 5069 2216 5125 derantur
2242 5071 2490 5142 quidem
2522 5071 2584 5124 in
2610 5069 2815 5142 codice
2848 5069 2988 5142 Harl
3008 5077 3085 5142 get
3113 5069 3374 5142 quatuor
3399 5087 3596 5127 receno

1929 5142 2181 5198 tioribus
2207 5158 2220 5207 ;
2252 5141 2312 5197 at
2331 5142 2392 5196 in
2423 5141 2836 5198 vetustissimis
2868 5141 3044 5198 Coisl.
3077 5141 3145 5198 et
3159 5141 3305 5213 Med,
3336 5158 3460 5199 non
3489 5143 3593 5198 de-

1929 5218 2091 5271 sunt.

1999 5286 2109 5356 (60)
2153 5283 2302 5360 ’Υπὲρ
2349 5293 2465 5366 γῆς·
2489 5292 2720 5366 καρπῶν.
2765 5283 3440 5366 Displicet_Combeﬁsio
3487 5300 3594 5358 po-

1927 5360 2154 5430 strema
2175 5356 2314 5423 vox,
2351 5372 2420 5413 ac
2451 5356 2593 5426 legit
2621 5361 2941 5429 καμνόντων,
2976 5358 3084 5414 sed
3110 5373 3358 5430 prorsus
3381 5356 3590 5412 imme-

1925 5435 2202 5573 m'oitlias
2229 5501 2634 5555 CCCLXXXIV.
2668 5499 2895 5573 Scripta
2924 5499 3259 5573 imperante
3286 5499 3550 5554 Juliano.

1996 5572 2039 5594 η
2064 5570 2226 5627 Alias
2259 5573 2432 5629 CCXI.
2470 5573 2707 5645 Scripta
2736 5570 2972 5629 videtur
3003 5570 3117 5628 sub
3146 5570 3407 5627 Juliano.
