4114 6414
199 301 260 356 ass
1239 302 1719 360 EPISTOLARUM
1755 300 2037 358 cussrs
2076 303 2119 360 ι.
2161 265 2374 360 EPIST.
2414 303 2544 361 xxx.

3477 313 3584 367 286

194 428 360 498 τερόντας
417 425 532 475 καὶ
594 428 908 498 συνόντας
965 428 1263 483 ἀπολαύειν·
1313 429 1450 482 οὕτω
1499 429 1711 498 συνεχὶς
1765 422 1824 484 ἧν

1939 425 1986 482 si
2019 427 2403 499 adessemus,
2448 432 2505 486 et
2552 431 2749 485 tecum
2779 444 3197 486 versaremur:
3232 431 3387 490 adeo
3416 435 3601 490 conti-

187 520 222 568 τὸ
259 515 420 576 πλῆθος
487 521 617 566 τῶν
686 521 853 591 πρὸς
910 521 1058 593 ἡμᾶς
1115 519 1517 592 ἀφικνουμένων.
1578 517 1732 569 Ἀλλὰ
1778 519 1829 568 τί

184 608 245 661 οὐκ
265 604 632 673 ἕπιστέλλειςς
706 613 985 684 καίτοιγε
1033 607 1184 663 οὐδὲν
1237 613 1384 686 ἔργον
1439 616 1663 682 σοφιστῇ
1695 609 1826 675 (68),

183 700 276 759 ἧτὸ
315 697 572 769 γράφειν·
648 697 882 770 μᾶλλον
948 697 1010 752 δὲ
1068 699 1112 752 εὶ
1162 704 1252 752 καὶ
1303 707 1400 762 τῆς
1451 700 1634 773 χειρὸς
1693 699 1828 768 ἔχεις

183 789 328 866 ἀργῶς,
353 783 486 839 οὖδὶ
531 789 804 860 γράφειν
844 785 1058 848 δεήσει·
1099 787 1249 850 ἄλλος
1289 791 1391 863 γάρ
1443 807 1528 840 σοι
1581 783 1827 844 διακονή-

189 900 254 934 σει.
287 879 531 938 nam;
580 872 658 930 δὲ
704 883 893 953 χρεία
947 882 1125 952 μόνης·
1168 881 1225 946 ἦ,
1255 879 1350 931 κᾶν
1380 880 1506 951 ἡμῖν
1544 881 1615 950 μὴ
1650 874 1830 929 διαλέ-

183 990 324 1044 γηται,
379 966 496 1020 ἄλλ’
579 966 670 1020 ἑνί
752 989 820 1040 γε
872 971 1078 1029 πάντως
1139 977 1238 1022 τῶν
1287 973 1539 1022 συνόντων
1589 966 1715 1024 λαλὴ
1727 985 1824 1018 σει·

178 1059 250 1110 κάν
299 1053 495 1130 μηδεὶς
545 1064 753 1132 παρῇ,
815 1055 895 1130 ἐφ’
952 1056 1141 1118 ἑαυτῆς
1200 1053 1513 1120 διαλέξεται·
1575 1058 1829 1114 σιωπόσει

179 1146 228 1201 δί
251 1144 517 1220 οὐδαμῶς,
559 1152 893 1218 σοφιστική
933 1167 986 1200 τε
1015 1147 1150 1200 οὖσα
1191 1152 1282 1200 καὶ
1329 1146 1566 1203 Ἀττική·
1615 1144 1674 1196 ού
1701 1142 1828 1216 μᾶλ-

179 1237 256 1290 λον
285 1257 344 1309 γε
375 1239 404 1295 ἦ
449 1240 506 1288 αἱ
551 1233 836 1308 ἀηδόνες,
889 1238 1011 1290 ὅταν
1067 1240 1126 1290 τὸ
1171 1238 1258 1310 ἔαρ
1305 1235 1465 1298 αὐτὰς
1509 1237 1636 1310 πρὸς
1683 1229 1828 1304 ᾠδὴν

179 1326 476 1399 ἀναστήσῃ,
517 1326 699 1399 Ἡμῖν
755 1329 854 1400 μὲν
887 1329 989 1401 γὰρ
1039 1329 1098 1379 τὸ
1149 1329 1342 1379 πυκνὸν
1369 1326 1476 1396 (69)
1522 1333 1616 1386 τῆς
1661 1322 1829 1395 ἀσχο-

174 1417 289 1480 λίας
317 1425 486 1482 τοῦτο,
538 1415 594 1468 ἐν
761 1424 857 1468 νῦν
906 1415 1078 1486 ἐσμεν,
1120 1415 1215 1469 κᾶν
1261 1419 1584 1489 παραίτησιν
1633 1411 1829 1486 ἐνέγκοι

173 1512 344 1579 τυχὸν
407 1510 534 1581 πρὸς
597 1511 706 1564 τήν
776 1502 979 1558 ἔνδειαν
1046 1515 1147 1558 τῶν
1207 1507 1550 1579 πραγμάτων·
1615 1508 1705 1556 καὶ
1768 1505 1826 1555 τὸ

173 1601 326 1651 οἱονεί
357 1596 730 1672 ἔρῤυπῶσθαι
765 1594 949 1648 λοιπὸν
991 1604 1054 1668 τῇ
1101 1603 1381 1670 κατακορεί
1429 1596 1678 1665 συνηθείᾳ
1715 1593 1829 1660 (70)

167 1690 300 1762 πρὸς
356 1683 711 1759 ἰδιωτισμόν
787 1689 934 1737 ὄκνον
1002 1685 1208 1746 εἰκότως
1275 1688 1477 1757 ἔμποιεί
1531 1683 1828 1755 προσφθέγ-

1938 531 2063 572 nua
2092 516 2200 573 fuit
2228 518 2551 575 multitudo
2583 518 2661 576 ad
2692 534 2804 574 nos
2833 519 3219 575 venientium.
3245 526 3315 576 At
3340 539 3447 578 cur
3475 540 3600 580 non

1938 607 2170 675 scribis,
2191 624 2330 664 cum
2352 607 2601 681 quidem
2629 609 2940 679 negotium
2964 609 3198 666 nullum
3221 611 3294 668 sit
3313 614 3600 686 sophistas

1937 696 2226 754 scribere?
2249 701 2372 754 lmo
2395 698 2467 753 sit
2485 714 2704 754 manus
2729 699 2901 770 pigra
2930 704 3043 768 est,
3077 715 3151 755 ne
3181 701 3442 758 scribere
3473 703 3602 776 qui-

1935 785 2075 842 dem
2106 803 2262 858 opus
2294 787 2432 856 erit;
2465 787 2618 844 alius
2640 789 2800 844 enim
2829 788 2936 844 tibi
2969 789 3138 846 dabit
3162 806 3434 862 operam.
3467 792 3602 848 Lin-

1936 891 2059 945 gua
2089 881 2289 932 autem
2323 877 2454 934 sola
2481 893 2636 950 opus
2662 883 2771 946 est,
2799 893 2937 950 quae
2968 878 3206 935 etiamsi
3233 895 3344 935 nos
3375 897 3498 937 non
3520 881 3601 938 al-

1934 964 2218 1037 loquatur
2248 971 2307 1021 at
2335 965 2607 1039 profecto
2638 983 2829 1022 unum
2861 983 2932 1023 ex
2964 967 3034 1022 iis
3073 970 3173 1040 qui
3207 975 3405 1026 tecum
3437 975 3599 1036 sunt,

1934 1054 2290 1128 alloquetur.
2317 1055 2489 1122 Quod
2511 1056 2558 1111 si
2585 1072 2766 1112 nemo
2789 1056 2967 1123 adsit,
2995 1073 3200 1113 secum
3233 1059 3366 1131 ipsa
3394 1059 3600 1132 loque-

1933 1149 2050 1214 tur;
2080 1146 2301 1202 tacebit
2325 1150 2526 1203 autem
2552 1161 2968 1220 nequaquam,
3001 1163 3139 1203 cum
3173 1149 3249 1205 sit
3279 1155 3335 1204 et
3367 1150 3600 1223 sophis-

1936 1235 2050 1291 tica
2080 1241 2138 1291 et
2165 1237 2390 1292 Attica:
2419 1252 2543 1292 non
2569 1237 2782 1307 magis,
2811 1253 2997 1309 quam
3024 1238 3312 1310 luscinias,
3348 1241 3598 1312 quando

1934 1339 2038 1380 eas
2049 1341 2302 1380 vernum
2325 1328 2564 1396 tempus
2586 1325 2664 1381 ad
2680 1325 3022 1381 canendum
3038 1327 3400 1385 excitaverit.
3417 1328 3598 1384 Nobis

1935 1413 2095 1470 enim
2127 1413 2349 1470 crebrae
2376 1413 2490 1470 illae
2522 1415 2979 1487 occupationes,
3002 1416 3224 1487 quibus
3249 1431 3412 1472 nunc
3436 1417 3598 1472 disti-

1934 1519 2168 1569 nemur,
2205 1504 2659 1560 excusationem
2695 1504 2948 1560 fortasse
2989 1505 3260 1576 afferant,
3299 1506 3348 1561 si
3391 1506 3596 1562 litteris

1933 1593 2240 1648 desimus:
2291 1599 2346 1648 et
2400 1594 2684 1666 quaedam
2723 1593 2904 1650 veluti
2953 1595 3162 1650 sordes
3209 1613 3281 1651 ex
3313 1596 3599 1652 continuo

1931 1682 2193 1752 vulgaris
2215 1683 2513 1739 sermonis
2536 1699 2650 1738 usu
2663 1683 2790 1754 jam
2814 1688 3136 1740 contractae
3158 1700 3282 1740 non
3299 1685 3599 1742 immerito

158 1779 352 1849 γεσθαι
408 1778 560 1848 ὑμᾶς
633 1777 770 1837 τοὺς
815 1776 1089 1846 σοφιστάς·
1123 1773 1193 1841 οἳ,
1237 1773 1280 1826 εἰ
1325 1778 1396 1846 μή
1443 1793 1494 1826 τι
1536 1771 1680 1834 ἄξιον
1731 1779 1824 1832 τῆς

1937 1773 2250 1843 deterrent,
2267 1773 2598 1846 quominus
2617 1789 2723 1829 vos
2747 1774 3053 1846 sophistas
3066 1775 3472 1848 alloquamur;
3495 1776 3601 1847 qui

147 1869 414 1943 ὑμετέρας
459 1866 660 1919 αὐτῶν
718 1869 907 1937 σοφίας
960 1862 1269 1932 ἀκούσεσθε,
1314 1861 1709 1938 δυσχερανεῖτε,
1737 1866 1828 1913 καὶ

141 1958 245 2010 οὐκ
282 1957 571 2020 ἀνέξεσθε.
614 1960 682 2008 Σὶ
737 1952 801 2008 δέ
846 1975 947 2007 που
992 1958 1053 2007 τό
1105 1953 1332 2007 ἕναντίον
1363 1954 1500 2015 εἰκὸς
1525 1951 1606 2005 ἐπὶ
1654 1954 1828 2012 πάσης

142 2050 482 2122 προφάσεως
557 2042 922 2118 δημοσιεύειν
992 2052 1188 2097 σαυτοῦ
1244 2048 1339 2102 τὴν
1405 2047 1593 2116 φωνὴν,
1653 2040 1828 2098 ἐπιτή-

143 2134 311 2188 δειον
343 2141 470 2188 ὄντα
503 2135 712 2202 εἰπεῖν,
768 2134 836 2184 ὧν
869 2133 1020 2194 αὐτὸς
1071 2129 1194 2186 οἶδα
1227 2131 1495 2191 Ἑλλήνων·
1542 2127 1667 2183 οἶδα
1702 2132 1825 2202 γὰρ,

141 2229 226 2288 ὡς
296 2224 472 2297 οἶμαι,
534 2228 676 2285 τοὺς
738 2223 1190 2295 ὀνομαστοτάτους
1255 2231 1356 2274 τῶν
1399 2222 1449 2275 ἐν
1502 2223 1643 2294 ύμῖν·
1691 2223 1827 2272 ὥστε

135 2311 390 2386 οὐδεμία
457 2317 822 2388 παραίτησις
881 2319 1164 2366 σιωπῶντι.
1225 2316 1327 2364 Καὶ
1389 2318 1556 2363 ταῦτα
1607 2313 1698 2383 μὲν
1754 2310 1827 2372 εἰς

125 2413 451 2460 τοσοῦτον.
522 2401 860 2456 Ἀπέστειλα
918 2397 977 2454 δὲ
1035 2406 1124 2454 καὶ
1180 2404 1245 2453 τὰ
1301 2404 1431 2476 πρὸς
1488 2401 1758 2474 Εὐνόμιον·
1793 2397 1828 2451 ἆ

126 2497 249 2546 εἶτε
285 2490 538 2547 παιδιὰν
583 2497 706 2564 χρὴ
770 2490 964 2556 καλεῖν,
1012 2493 1112 2544 εἴτε
1168 2498 1341 2566 μικρῷ
1391 2487 1611 2552 παιδιᾶς
1659 2509 1823 2543 σπου-

137 2579 454 2655 δαιὰτερα,
486 2581 640 2634 αὐτῶ
673 2599 769 2632 σοι
807 2584 1001 2652 κρίνειν
1040 2584 1288 2653 παρίημι·
1337 2578 1392 2640 ὃς
1435 2582 1566 2653 πρὸς
1594 2581 1684 2650 μὲν
1711 2579 1824 2647 (Ἡ)

137 2674 225 2723 τὰ
309 2674 490 2724 οἰκεῖα
545 2678 755 2723 σαυτοῦ
816 2669 1012 2734 οὐκέτι,
1059 2667 1227 2741 οἶμαι,
1283 2668 1523 2741 χρῄζεις·
1580 2672 1712 2740 πρὸς
1765 2664 1823 2720 δὲ

139 2770 280 2812 τῶν
345 2757 744 2832 ἐνδιααροφων
815 2761 932 2819 τούς
994 2757 1411 2830 ἐντυγχάνοντας
1478 2757 1571 2810 ούκ
1625 2756 1823 2830 ἀγεννές

140 2870 264 2903 σοι
292 2849 470 2902 ὅπλον
517 2852 726 2902 ἔσεσθαι
757 2845 1070 2922 προσδοκῶ·
1111 2849 1169 2899 ού
1201 2856 1260 2920 τῇ
1321 2845 1542 2919 δυνάμει
1571 2855 1663 2899 τοῦ
1704 2867 1823 2900 συν-

131 2943 462 3011 τάγματος
524 2941 1003 2999 καταπιστεύοντες
1063 2933 1310 2990 τοσοῦτον
1339 2980 1352 3005 ,
1417 2936 1525 2988 ἀλλ’
1594 2936 1823 3011 ἀκριϐῶς

137 3034 543 3102 γνωρίζοντες
581 3028 685 3080 ἀπὸ
718 3027 910 3099 ὀλίγων
942 3025 1184 3101 ἀφορμῶν
1243 3026 1327 3080 ἐπὶ
1372 3026 1538 3079 πολλά
1597 3046 1654 3079 σε
1701 3031 1822 3079 ὄντα

141 3120 474 3194 εὑρετικόν.
513 3119 636 3171 Ἐὰν
679 3115 744 3170 δέ
782 3137 836 3169 τι
882 3136 970 3170 σοι
1015 3137 1104 3169 και
1145 3115 1509 3192 ἀσθενέστερον
1540 3116 1680 3189 ἐχειν
1726 3125 1822 3178 τῆς
1860 3148 1900 3204 C

127 3214 375 3282 χρείας
441 3215 752 3280 καταφανῇ,
822 3211 893 3279 μὴ
958 3211 1288 3279 κατοκνὴσῃς
1348 3205 1568 3278 ἅέγξαι.
1641 3207 1820 3277 Τούτῳ

126 3303 260 3372 γὰρ
315 3300 452 3370 (72)
509 3297 758 3371 μάλιστα
805 3295 950 3368 φίλος
997 3295 1219 3356 κόλακος
1269 3292 1560 3368 διενήνοχε,
1607 3303 1681 3365 τῷ
1733 3299 1820 3346 τὸν

133 3394 248 3461 μὲν
282 3394 436 3462 πρὸς
466 3385 679 3448 ἡδονὴν
718 3387 936 3460 ὁμιλεῖν,
976 3389 1064 3439 τὸν
1096 3383 1155 3440 δε
1191 3384 1330 3460 μηδὲ
1377 3395 1477 3440 τῶν
1524 3386 1819 3440 λυπούντων

133 3478 521 3552 ἀπέχεσθαι.

764 3760 1102 3809 ΕΠΙΣΤΟΛΗ
1146 3753 1264 3811 KA'.

1934 1862 2048 1918 nisi
2075 1862 2373 1934 sapientia
2398 1867 2599 1919 vestra
2629 1863 2884 1933 dignum
2911 1863 3141 1932 aliquid
3164 1865 3491 1932 audieritis,
3515 1865 3601 1922 in-

1933 1951 2356 2021 dignabimini,
2380 1968 2490 2008 nec
2511 1951 2840 2024 perferetis.
2867 1956 2941 2009 Te
2965 1969 3104 2010 vero
3125 1959 3334 2010 contra
3355 1970 3600 2026 aequum

1933 2049 2022 2100 est
2060 2047 2230 2099 tuam
2274 2059 2482 2098 vocem
2532 2043 2611 2099 ad
2642 2059 2884 2099 omnem
2915 2045 3300 2101 occasionem
3335 2045 3601 2118 promul-
3692 2061 3694 2063 '

1935 2148 2098 2204 gare,
2123 2149 2262 2188 cum
2295 2132 2378 2187 sis
2407 2133 2672 2188 maxime
2705 2133 2979 2189 omnium
3012 2150 3167 2206 quos
3201 2135 3341 2190 novi
3365 2137 3594 2191 Graeco-

1933 2239 2068 2278 rum
2094 2222 2171 2278 ad
2193 2221 2520 2278 dicendum
2543 2222 2821 2278 idoneus:
2847 2223 2988 2278 novi
3011 2223 3195 2291 enim,
3220 2227 3284 2279 ut
3306 2228 3470 2296 puto,
3493 2223 3597 2295 qui

1933 2313 2084 2368 inter
2105 2327 2212 2368 vos
2241 2317 2379 2367 sunt
2411 2311 2810 2367 celeberrimi:
2862 2329 3050 2384 quare
3082 2312 3248 2368 nulla
3287 2312 3596 2368 excusatio

1933 2403 2172 2460 tacenti.
2207 2408 2399 2476 Atque
2430 2403 2557 2458 haec
2587 2403 2835 2476 quidem
2875 2403 3192 2460 hactenus.
3240 2403 3362 2460 Misi
3393 2409 3598 2460 autem

1933 2497 1990 2549 et
2009 2493 2233 2564 scripta
2248 2492 2540 2548 adversus
2566 2492 2946 2557 Eunomium,
2964 2509 3101 2565 quae
3121 2492 3370 2564 quidem
3395 2496 3598 2547 utrum

1931 2583 2102 2640 lusus
2145 2583 2407 2638 dicenda
2443 2583 2580 2649 sint,
2633 2599 2709 2638 an
2752 2583 2894 2638 lusu
2934 2583 3118 2654 paulo
3161 2583 3460 2651 graviora.
3494 2582 3600 2639 tibi

1929 2673 2046 2745 ipsi
2064 2671 2466 2743 judicandum
2490 2672 2786 2744 relinquo:
2803 2671 2906 2743 qui
2929 2671 3095 2744 quod
3118 2671 3322 2727 attinet
3347 2671 3598 2743 quidem

1929 2760 2009 2816 ad
2032 2765 2194 2816 tuam
2218 2761 2410 2831 ipsius
2432 2777 2779 2833 personam,
2802 2761 2914 2828 his,
2931 2762 3302 2834 opinor,98
3325 2777 3446 2816 non
3473 2777 3598 2816 am-

1929 2849 2090 2922 plius
2119 2849 2385 2919 indiges:
2422 2850 2529 2904 sed
2552 2850 2841 2905 adversus
2864 2866 3204 2922 perversos,
3233 2851 3293 2905 in
3324 2865 3479 2922 quos
3509 2849 3594 2904 in-

1929 2938 2163 3005 cideris,
2198 2938 2384 2994 telum
2416 2938 2521 2993 tibi
2554 2954 2674 2994 non
2707 2938 3016 2994 inﬁrmum
3062 2938 3330 2994 futurum
3373 2953 3587 3010 spero:

1928 3042 2052 3083 non
2091 3027 2256 3099 quod
2287 3027 2370 3083 ita
2400 3027 2657 3083 multum
2690 3028 2892 3099 scripti
2922 3027 3139 3083 robore
3189 3027 3596 3091 conﬁdamus,

1931 3118 2039 3174 sed
2063 3117 2231 3191 quod
2262 3118 2452 3190 probe
2500 3119 2763 3174 sciamus
2802 3119 3090 3174 idoneum
3122 3123 3176 3174 te
3208 3134 3358 3186 esse,
3392 3117 3496 3190 qui
3523 3133 3597 3173 ex

1932 3208 2142 3281 paucis
2177 3209 2549 3278 argumentis
2595 3208 2784 3265 multa
2828 3208 3124 3264 invenias.
3157 3207 3330 3274 Quod
3372 3207 3421 3263 si
3446 3206 3596 3280 quid

1931 3297 2037 3354 tibi
2068 3297 2394 3367 inﬁrmius,
2426 3314 2615 3369 quam
2642 3313 2775 3354 esse
2801 3297 3141 3370 oportebat,
3166 3295 3485 3365 videbitur,
3509 3311 3598 3352 re-

1931 3386 2228 3455 darguere
2260 3403 2334 3442 ne
2381 3387 2654 3459 pigreris.
2690 3390 2808 3444 Hoc
2837 3387 2999 3442 enim
3027 3385 3411 3458 potissimum
3443 3384 3596 3441 ami-

1933 3492 2040 3532 cus
2083 3475 2161 3532 ab
2190 3475 2498 3532 adulatore
2529 3476 2748 3542 diﬂert,
2781 3475 2948 3549 quod
2977 3475 3075 3532 hic
3105 3475 3353 3549 quidem
3383 3474 3463 3531 ad
3491 3475 3596 3530 de-

1930 3565 2314 3622 lectationem
2344 3565 2632 3638 loquitur,
2658 3565 2754 3622 ille
2785 3581 2930 3622 vero
2960 3581 3035 3621 ne
3066 3565 3320 3622 molesta
3348 3563 3600 3637 quidem

1931 3655 2348 3728 praetermittit.

2483 3755 2816 3810 EPISTULA
2855 3753 3037 3807 XXI“.

147 3847 538 3904 Accusatus
567 3847 636 3900 in
661 3847 972 3914 superiore
999 3845 1254 3914 epistola
1285 3845 1585 3910 Leontius,
1620 3844 1780 3915 quod
1800 3859 1920 3900 non
1950 3843 2258 3912 scriberet,
2301 3843 2541 3899 videtur
2569 3845 2632 3898 in
2665 3844 2858 3911 ipsum
2887 3844 3183 3898 Basiliam
3209 3843 3434 3915 crimen
3467 3855 3601 3897 con-

240 3921 539 3985 vertisse,
571 3923 629 3974 ει
658 3917 978 3973 Jutianum
1008 3931 1326 3974 accusasse
1355 3916 1517 3989 quod
1541 3914 1776 3973 litteras
1814 3932 1956 3974 suas
1987 3931 2108 3972 non
2145 3915 2522 3972 reddidisset.
2571 3915 2737 3972 Unde
2770 3915 3118 3984 perurbane
3146 3914 3424 3971 Basilius
3450 3919 3502 3970 et
3541 3926 3602 3970 se

242 3997 316 4048 et
362 3992 704 4046 Jutianum
736 3989 1032 4058 defendit.
1251 4053 1256 4058 ι

765 4082 993 4150 Λεοντίῳ
1016 4085 1270 4150 σοφιστῇ.

255 4169 457 4222 Ἐοικὲ
521 4187 569 4219 τι
632 4175 731 4228 τῆς
796 4175 976 4229 κοινῆς
1041 4167 1418 4228 καταστάσεως
1482 4169 1570 4218 καὶ
1636 4165 1703 4226 εἰς
1759 4167 1825 4218 τὰ

159 4259 387 4312 ἑαυτοῦ
445 4261 740 4332 πράγματα
798 4257 824 4308 ὁ
881 4259 1126 4329 χρηστὸς
1191 4255 1467 4317 Ἰουλιανὸς
1523 4253 1820 4310 ἀπολαύειν.

158 4348 529 4403 Ἀεταιτεῐται
563 4351 668 4419 γὰρ
719 4351 811 4398 καὶ
855 4346 1030 4414 αὐτὸς,
1077 4351 1168 4398 καὶ
1219 4344 1512 4418 ἐγκαλεῖται
1555 4341 1823 4420 σφοδρῶς,

172 4436 373 4496 ἐπειδὴ
449 4440 634 4490 πάντα
692 4444 783 4488 νῦν
851 4435 1242 4508 ἀπαιτουμένων
1300 4440 1390 4487 καὶ
1439 4433 1822 4507 ἐγκαλουμένων

2470 4075 2717 4132 Leontio
2757 4074 3060 4145 sophistae.

2004 4165 2246 4222 Videtur
2276 4165 2501 4239 aliquid
2534 4182 2603 4221 ex
2631 4165 2941 4222 communi
2964 4181 3166 4220 rerum
3199 4168 3359 4221 statu
3383 4164 3442 4220 in
3468 4178 3604 4238 pro-

1933 4255 2077 4329 priis
2126 4257 2248 4312 suis
2294 4256 2492 4312 bonus
2533 4255 2806 4312 Julianus
2856 4255 3190 4328 percipere.
3249 4255 3604 4327 Reposcitur

1934 4345 2094 4403 enim
2145 4350 2201 4402 et
2246 4346 2398 4419 ipse,
2456 4351 2512 4401 et
2555 4351 2875 4402 accusatur
2905 4345 3311 4413 vehementer,
3353 4344 3603 4416 quando

1933 4436 2184 4509 quidem
2211 4452 2373 4492 nunc
2405 4436 2612 4492 omnia
2642 4436 2733 4504 iis,
2754 4452 2788 4491 θ.
2819 4435 3043 4508 quibus
3070 4435 3346 4505 exigitur,
3375 4434 3603 4506 quique

172 4531 368 4599 γέμει.
419 4527 566 4585 Πλὴν
624 4528 747 4578 ὅσον
805 4524 935 4598 ούχὶ
998 4525 1249 4601 εἰσφορῶν
1313 4523 1651 4598 ἐλλείμματα,
1721 4522 1824 4575 ἀλλ’

1937 4532 2320 4594 accusantur,
2377 4525 2742 4582 redundant.
2795 4528 2923 4582 Non
2978 4528 3182 4580 tamen
3240 4522 3603 4579 tributorum

179 4615 511 4675 ἐπιστολῶν.
583 4620 775 4670 Καίτοι
849 4616 1002 4668 πόθεν
1079 4616 1188 4685 ('73)
1285 4614 1423 4686 αύτῷ
1491 4613 1823 4685 ἐλλέλειπται,

179 4711 394 4778 ἀγνοῶ·
444 4704 614 4761 ἔδωκε
661 4708 766 4780 γὰρ
813 4703 893 4758 ἀεὶ
934 4703 1234 4772 ἐπιστολὴν,
1277 4709 1365 4764 τὴν
1409 4701 1468 4758 δὲ
1511 4703 1820 4777 ἐκομίσατο·

178 4798 229 4851 εἰ
269 4803 351 4872 μὴ
409 4803 464 4851 τί
517 4816 626 4850 που
669 4799 764 4848 καὶ
812 4797 959 4871 παρὰ
1011 4799 1095 4848 σοὶ
1142 4797 1172 4853 ἠ
1219 4794 1638 4870 πολυθρύλλητος
1689 4795 1820 4854 αύτὴ

253 5000 373 5068 (68)
411 5004 686 5069 Σοφιστῇ.
722 4998 1066 5069 Itaseptem
1112 5011 1257 5050 mss.
1310 4999 1371 5069 et
1410 4994 1593 5050 editio
1637 4997 1826 5069 Baga-

183 5065 472 5128 noensis.
494 5065 651 5124 'Alia'a
682 5065 979 5140 edition—es
1017 5065 1484 5140 ooetqoo._Cum
1525 5070 1731 5140 autem
1762 5067 1823 5122 in

190 5143 489 5197 omnibus
519 5139 838 5196 codicibus
859 5155 1014 5212 mss.
1035 5137 1098 5193 et
1119 5137 1290 5212 editis
1307 5137 1540 5212 legatur
1563 5139 1591 5197 ἣ
1617 5142 1674 5212 τὸ
1700 5139 1824 5212 γρᾶο

193 5232 322 5284 ’ρετν
352 5231 492 5269 cum
521 5213 765 5284 quidem
807 5211 1114 5284 negotium
1144 5211 1386 5284 nullum
1413 5211 1487 5265 sit
1513 5211 1820 5284 sophistae,

192 5281 393 5341 nisiut
419 5281 671 5354 scribat;
695 5282 850 5341 nihil
871 5281 1161 5354 equidem
1183 5281 1242 5336 in
1269 5286 1552 5336 contextu
1568 5281 1819 5354 mutavi.

193 5357 306 5413 Sed
341 5366 565 5427 tamen,
591 5359 744 5432 quia.
780 5353 1025 5432 pugnat
1057 5353 1179 5432 haec
1213 5356 1509 5432 sententia
1548 5369 1686 5432 cu_m
1729 5353 1821 5432 his

194 5444 330 5500 qua:
363 5423 716 5504 sequuntur,
755 5423 855 5484 vel
905 5424 1238 5480 delendum
1271 5423 1415 5479 illud
1447 5425 1502 5493 ἦ,
1555 5424 1646 5480 vel
1684 5423 1822 5480 scri-

199 5499 455 5555 bendum
485 5502 535 5555 ἦ-

199 5502 461 5562 bendum
485 5502 535 5564 ἦ,

273 5577 376 5632 (69ι
412 5569 722 5635 Τοπυκνὸν·
763 5565 1069 5639 Quamvis
1101 5582 1222 5624 non
1255 5566 1410 5623 male
1440 5567 1501 5623 in
1534 5566 1707 5639 editis
1737 5567 1820 5639 le-

199 5649 366 5715 gatur
380 5658 430 5706 τὸ
444 5660 649 5730 πικρόν,
667 5637 978 5708 molestia
1000 5639 1434 5708 occupationis,
1445 5637 1820 5711 praeferenda

1933 4616 2267 4674 debitiones
2294 4622 2451 4685 sunt,
2479 4616 2584 4672 sed
2611 4615 3022 4689 epistolarum.
3044 4616 3430 4685 Quanquam,
3455 4629 3606 4686 quo-

1935 4706 2120 4764 modo
2151 4706 2384 4764 debitor
2416 4707 2508 4776 sit,
2542 4707 2780 4778 ignoro.
2815 4707 3064 4776 Semper
3092 4702 3252 4758 enim
3284 4701 3602 4774 epistolam

1933 4796 2116 4869 dedit,
2151 4801 2333 4870 atque
2353 4797 2512 4853 hanc
2537 4796 2766 4852 detulit.
2792 4793 2910 4850 Nisi
2933 4795 3086 4849 forte
3112 4796 3168 4848 et
3192 4792 3357 4865 apud
3380 4797 3435 4849 te
3457 4791 3606 4850 cele-

1935 4999 2135 5051 tamen
2160 5000 2392 5066 septem
2412 4993 2693 5066 codicum
2714 5008 2859 5047 mss.
2875 4996 2932 5047 et
2953 4989 3231 5066 editionis
3254 4993 3606 5066 Haganoen—

1934 5067 2015 5121 sis
2038 5063 2356 5137 scriptura,
2385 5081 2572 5136 quam
2602 5065 2662 5119 in
2694 5068 3038 5137 contextum
3069 5063 3450 5137 induximus.

2003 5143 2116 5208 (70)
2160 5133 2768 5210 Karaxopeiowneeiqz.
2821 5139 2929 5210 Pro
2974 5135 3067 5190 his
3094 5135 3346 5210 vocibus
3384 5133 3605 5210 legitur

1932 5206 2223 5283 κατακορέα
2247 5208 2309 5264 in
2338 5206 2511 5265 Coisl.
2543 5213 2816 5283 utroque,
2852 5209 2977 5263 Vat.
3005 5207 3285 5283 et_Regior
3305 5206 3528 5283 primo.

2280 5278 3020 5360 apog_yév:‘gpi§l.ﬁprirn'lls
3053 5280 3325 5360 ᾆσονλτρὸς
3353 5279 3465 5360 μέν.

2003 5347 2115 5426 (72)
2155 5347 2334 5426 Τούτω
2363 5347 2491 5426 γάρ
2534 5351 2724 5426 Editio
2751 5347 3122 5426 Parisiensis.
3169 5347 3248 5401 Ἐν
3280 5347 3442 5426 τούτῳ
3472 5347 3597 5426 γάρ.

1935 5425 2046 5496 sed
2080 5422 2625 5496 prmpositio'deest
2653 5423 2716 5479 in
2762 5422 3033 5494 quinque
3079 5438 3226 5476 mss.
3260 5425 3316 5476 et
3347 5422 3599 5474 vetustis

1932 5495 2317 5551 editionibus.

2003 5568 2118 5638 (73)
2161 5571 2346 5623 Καίτοι
2376 5569 2551 5622 πόθεν.
2585 5566 2676 5623 Sic
2702 5583 2846 5638 mss.
2881 5564 3029 5620 Editi
3060 5567 3150 5615 καὶ
3174 5565 3237 5638 τὸ
3259 5563 3432 5614 πόθεν.

2000 5636 2021 5660 ⁸
2054 5638 2215 5697 Alias
2244 5640 2606 5697 CCCLXXUI.
2643 5637 2872 5709 Scripta
2900 5651 3063 5693 anno
3091 5636 3216 5691 364.
