4114 6418
593 291 698 346 287

1966 284 2023 342 8.
2066 281 2314 339 BASILII
2350 281 2589 338 MAGNI.
3837 291 3933 345 288

589 413 925 470 berrimum
966 411 1116 468 illud
1145 411 1560 486 quadruplum
1595 412 1823 486 primas
1853 410 2102 467 obtinet.
2144 411 2247 464 Ne-

2361 405 2617 479 τετραπλῆ
2667 405 2780 477 (74)
2825 407 3228 477 προτετίμηται.
3279 398 3430 456 Οὐδὲ
3478 405 3576 478 γὰρ
3636 406 3682 458 οἱ
3729 411 3936 482 Πυθαγό-

593 519 712 576 que
736 503 898 558 enim
927 501 1075 558 tanti
1101 502 1476 559 aestimavere
1506 506 1820 575 Tetractyn
1851 497 2247 573 Pythagoraei,

592 591 804 665 quanti
841 606 1003 647 nunc
1041 591 1456 664 quadruplum
1495 592 1599 663 qui
1645 591 1934 664 pecunias
1975 587 2250 660 publicas

593 681 904 754 colligunt.
943 683 1006 736 Et
1037 681 1185 736 forte
1212 681 1578 737 contrarium
1607 681 1734 736 ﬁeri
1761 695 1872 752 par
1895 684 2037 748 erat,
2061 676 2250 749 utqui

593 770 862 843 sophista
891 785 976 836 es,
1021 785 1092 824 ac
1141 773 1308 824 tanta
1357 769 1594 824 dicendi
1637 769 1813 840 copia
1842 767 2059 833 aﬂluis,
2104 765 2252 821 mihi

590 858 719 932 ipse
748 857 1095 931 quadruplo
1122 857 1412 913 solvendo
1442 857 1767 914 obstrictus
1800 873 1983 912 esses.
2010 859 2122 911 Nec
2152 870 2250 910 me

592 947 892 1004 existimes
946 945 1076 1001 haec
1122 951 1578 1002 succensentem
1633 945 1916 1001 scribere.
1973 944 2252 1000 Oblector

593 1037 754 1092 enim
776 1036 893 1091 tuis
916 1035 1093 1091 etiam
1122 1035 1723 1107 reprehensionibus;
1749 1034 2047 1108 siquidem
2069 1050 2103 1090 a
2125 1033 2252 1105 pul-

592 1125 749 1180 chris
788 1125 956 1181 aiunt
996 1125 1204 1180 omnia
1248 1141 1388 1180 cum
1417 1125 1880 1197 pulchritudinis
1911 1123 2252 1179 accessione

588 1213 752 1282 ﬁeri;
785 1214 938 1270 adeo
967 1218 1030 1269 ut
1053 1219 1110 1270 et
1137 1213 1340 1270 dolere
1369 1221 1425 1270 et
1452 1214 1628 1270 irasci
1658 1230 1780 1270 non
1811 1230 1915 1269 eos
1943 1213 2250 1269 dedeceat.

592 1303 893 1360 Libentius
943 1320 1088 1360 sane
1132 1303 1348 1360 viderit
1399 1305 1535 1376 quis
1569 1304 1835 1360 amicum
1864 1304 2250 1370 irascentem,

589 1409 778 1466 quam
821 1393 1010 1449 alium
1053 1393 1372 1450 colentem.
1419 1397 1743 1467 Nunquam
1791 1393 1971 1462 igitur
2009 1393 2251 1448 desinas

588 1482 734 1540 talia
770 1483 1070 1540 incusare.
1122 1484 1350 1539 Litterae
1382 1484 1543 1539 enim
1576 1489 1749 1539 erunt
1780 1483 1929 1556 ipsae
1970 1481 2250 1538 crimina-

589 1571 810 1641 tiones,
852 1572 1076 1645 quibus
1125 1573 1274 1628 mihi
1312 1573 1515 1628 nullus
1555 1589 1754 1630 sermo
1782 1573 1994 1645 carior,
2029 1573 2252 1645 quique

591 1661 889 1734 majorem
919 1662 1070 1718 ferat
1088 1662 1481 1735 voluptatem.

1139 1752 1480 1810 EPISTOLA
1518 1752 1698 1808 XXll'.

2315 519 2330 532 -
2359 516 2465 572 ριοι
2499 498 2608 568 (75)
2655 505 2904 548 τοσοῦτον
2959 499 3318 569 προετίμησαν
3375 498 3472 554 τὴν
3515 503 3798 572 τετρακτὺν,
3833 501 3932 554 ὅσον

2360 589 2408 638 οἱ
2437 594 2524 638 νῦν
2570 584 2855 659 ἐκλέγοντες
2904 587 2972 636 τὰ
3027 580 3271 656 δημόσια
3323 588 3426 642 τὴν
3474 586 3768 661 τετραπλῆν.
3823 596 3933 643 Καί-

2358 696 2502 748 τοιγε
2547 679 2673 737 ἴσως
2715 680 2770 728 τὸ
2821 675 3045 728 ἐναντίον
3105 674 3236 735 εἰκός
3289 671 3370 746 ᾖν,
3429 681 3677 748 σοφιστήν
3705 682 3928 746 ὅντα,καξ

2361 767 2680 839 εὐποροῦντα
2715 766 2881 838 λόγων
2911 767 3196 834 τοσούτων,
3239 764 3396 816 αὐτὸν
3443 767 3564 837 ἡμῖν
3612 766 3681 828 εἰς
3730 771 3815 826 τήν
3847 777 3929 820 τῶν

2359 855 2750 930 τετραπλασίων
2795 857 2995 908 ἔκτισιν
3027 855 3357 908 ὑποκεῖσθαι.
3410 857 3510 906 Καὶ
3538 859 3608 926 μὴ
3641 857 3746 906 οῖου
3789 863 3931 909 ταῦτα

2362 940 2813 1019 δυσχεραίνοντας
2849 945 2987 1017 ἡμᾶς
3037 945 3272 1017 γράφειν.
3331 947 3512 1017 Χαίρω
3566 945 3666 1018 γάρ
3725 963 3813 996 σου
3857 949 3930 997 καὶ

2360 1043 2476 1097 ταῖς
2523 1035 2803 1108 μέμψεσιν·
2857 1031 3035 1093 ἐπειδὴ
3097 1040 3207 1096 τοῖς
3255 1031 3426 1093 καλοῖς
3482 1053 3610 1105 φασι
3639 1035 3800 1086 πάντα
3823 1037 3932 1106 μετὰ

2360 1132 2455 1187 τῆς
2486 1145 2577 1177 του
2618 1125 2778 1178 καλοῦ
2819 1126 3132 1199 προσθήκης
3179 1125 3437 1195 γίνεσθαι·
3492 1124 3624 1176 ὥστε
3669 1128 3754 1176 καὶ
3790 1122 3932 1186 λύπας

2362 1216 2536 1276 αὐτοῖς
2566 1221 2655 1268 καὶ
2700 1216 2855 1291 ὀργὰς
2903 1214 3200 1289 ἐπιπρέπειν
3227 1215 3358 1284 (76).
3409 1209 3594 1266 Ἥδιον
3631 1220 3751 1285 γοῦν
3789 1214 3842 1265 ἄν
3867 1233 3934 1276 τις

2361 1301 2472 1358 ἴδοι
2538 1305 2870 1380 ὀργίζόμενον
2950 1309 3040 1357 τὸν
3113 1303 3450 1376 ἀγαπώμενον
3515 1303 3545 1361 ἢ
3621 1303 3932 1378 θεραπεύοντα

2359 1397 2548 1470 ἕτερον.
2601 1400 2811 1454 Μήποτε
2850 1392 2938 1447 οὖν
2986 1393 3114 1468 ἀνῇς
3166 1392 3392 1466 ἐγκαλῶν
3431 1393 3497 1445 τὰ
3532 1400 3761 1448 τοιαῦτα.
3790 1396 3932 1466 Γράμο

2360 1505 2503 1558 ματα
2539 1487 2638 1559 γάρ
2700 1505 2800 1538 που
2859 1487 3009 1538 ἔσται
3057 1484 3192 1536 αὐτὰ
3240 1485 3308 1535 τὰ
3354 1481 3674 1554 ἐγκλήματα,
3727 1482 3788 1532 ὧν
3840 1480 3931 1554 ἐμοὶ

2361 1571 2512 1626 οὐδὲν
2565 1577 2814 1648 ἄκουσμα
2867 1580 3192 1648 τιμιώτερον,
3247 1569 3372 1625 οὐδὲ
3421 1571 3633 1625 πλείονα
3680 1571 3814 1646 φέρον
3857 1575 3928 1629 τὴν

2361 1661 2580 1723 ἡδονήν.

2913 1759 3252 1808 ΕΠΙΣΤΟΛΗ
3293 1750 3412 1807 ΚΗ.

589 1851 935 1908 Monasticas
963 1851 1102 1908 vitm
1135 1852 1340 1922 ofﬁcia
1372 1852 1628 1908 breviter
1652 1851 1897 1924 exponit
1918 1851 2185 1924 Basilius
2215 1865 2336 1907 non
2353 1855 2645 1923 appositis
2671 1853 3004 1924 Scriptura?
3033 1852 3408 1923 testimoniis,
3442 1849 3546 1908 sed
3575 1848 3687 1906 hac
3703 1853 3916 1920 pertrac-

1659 1923 1836 1980 tandi
1854 1923 2096 1980 ratione
2121 1924 2184 1978 in
2211 1924 2389 1981 aliud
2420 1932 2653 1996 tempus
2678 1926 2896 1982 dilata.

899 2023 986 2079 De
1002 2022 1376 2092 perfectione
1411 2023 1548 2080 vitae
1571 2023 1941 2079 monasticae.

665 2116 715 2168 1.
739 2111 914 2169 Multa
926 2129 1065 2168 cum
1080 2112 1218 2179 sint,
1234 2129 1370 2186 qum
1383 2112 1668 2169 divinitus
1689 2112 1982 2184 inspirata
1999 2111 2250 2183 Scriptu-

587 2216 658 2256 ra
678 2200 769 2270 iis,
783 2202 887 2274 qui
912 2205 1028 2258 Deo
1043 2201 1948 2274 studentplacere,observanda
1961 2199 2248 2268 declarat;

589 2289 664 2347 de
682 2291 778 2348 his
803 2291 943 2347 solis
964 2292 1223 2359 interim,
1247 2291 1322 2347 de
1339 2291 1561 2364 quibus
1584 2307 1749 2346 nunc
1773 2290 1937 2362 apud
1965 2306 2068 2346 vos
2089 2305 2252 2345 com-

589 2383 759 2435 mota
775 2380 1027 2452 quaestio
1057 2385 1166 2450 est,
1188 2387 1254 2435 ut
1272 2380 1453 2436 didici
1474 2396 1548 2436 ex
1568 2380 1704 2452 ipsa
1729 2395 1902 2435 sacra
1925 2379 2246 2451 Scriptura,

585 2468 831 2525 brevem
862 2469 1342 2526 admonitionem
1373 2471 1492 2543 99
1525 2470 1822 2540 subjicere
1843 2469 2251 2525 necessarium

586 2574 726 2615 esse
752 2559 919 2627 duxi;
953 2559 1034 2615 ita
1067 2564 1128 2614 ut
1157 2560 1231 2615 de
1257 2576 1502 2632 quaque
1531 2576 1594 2616 re
1623 2559 2054 2621 testimonium,
2083 2559 2251 2615 haud

589 2664 736 2704 sane
780 2648 860 2705 ad
902 2649 1362 2722 percipiendum
1394 2649 1656 2720 difficile,
1690 2649 2150 2720 agnoscendum
2179 2650 2250 2704 iis

584 2738 945 2811 relinquam,
972 2739 1071 2811 qui
1096 2739 1155 2795 in
1176 2739 1434 2809 legendo
1456 2748 1808 2795 exercentur
1839 2743 1893 2794 et
1919 2738 2069 2795 alios
2101 2737 2249 2794 sub-

585 2843 834 2884 monere
853 2832 1154 2900 poterunt.
1180 2831 1423 2902 Oportet
1451 2829 1857 2886 Christianum
1888 2844 1960 2885 ea
1989 2845 2126 2902 quae
2153 2844 2251 2884 vo-

585 2917 820 2974 catione
871 2917 1096 2974 caelesti
1140 2918 1327 2988 digna
1377 2922 1534 2984 sunt,
1587 2919 1827 2987 sentire,
1875 2935 1946 2974 ac
1995 2906 2248 2989 dignam

586 3006 910 3079 Evangelio
937 3007 1151 3064 Christi
1181 3007 1370 3064 vitam
1398 3007 1637 3078 degere.
1670 3011 1799 3064 Non
1829 3012 2063 3080 oportet
2089 3007 2248 3064 Chri-

582 3098 850 3154 stianum
881 3099 1086 3155 animo
1113 3099 1378 3169 evagari,
1419 3115 1618 3172 neque
1653 3099 1778 3156 ulla
1807 3115 1870 3155 re
1908 3116 1944 3156 a
1972 3099 2248 3156 recorda-

583 3187 743 3244 tione
761 3187 881 3259 Dei,
899 3188 1155 3261 ejusque
1168 3187 1525 3260 placitorum
1541 3194 1597 3245 et
1613 3189 1981 3258 judiciorum
2001 3189 2244 3245 abduci.

585 3279 828 3350 Oportet
856 3277 1285 3343 Christianum,
1312 3277 1774 3348 justiﬁcationes
1794 3278 1942 3350 legis
1971 3279 2033 3334 in
2058 3279 2248 3334 omni-

2612 2029 2740 2097 Περὶ
2778 2022 3095 2084 τελειότητος
3135 2023 3243 2095 (77)
3285 2021 3416 2095 βίου
3454 2027 3717 2094 μοναχῶν.

2438 2118 2485 2168 1.
2529 2113 2732 2166 Πολλῶν
2763 2118 2918 2166 ὄντων
2960 2122 3060 2166 τῶν
3105 2114 3206 2166 ῦπό
3250 2119 3340 2173 τῆς
3375 2113 3714 2165 θεοπνεύστου
3754 2112 3924 2181 Γραφῆς

2363 2199 2692 2276 δηλουμένων
2725 2205 2858 2271 (78),
2917 2212 3016 2256 τῶν
3074 2203 3474 2276 κατορθοῦσθαι
3527 2200 3804 2275 ὀφειλόντων
3837 2200 3926 2255 τοῖς

2361 2291 2750 2346 ἐσπουδακόσιν
2791 2294 3142 2368 εὐαρεστῆσαι
3189 2300 3262 2345 τῶ
3307 2297 3445 2363 Θεῷ,
3479 2296 3600 2366 περὶ
3645 2293 3787 2363 μόνων
3822 2288 3924 2344 τέως

2360 2391 2458 2434 τῶν
2525 2382 2608 2436 ἐπὶ
2665 2389 2757 2436 τοῦ
2823 2387 3080 2456 παρόντος
3134 2383 3454 2439 κινηθέντων
3510 2380 3635 2456 παρ’
3691 2380 3808 2450 ὑμῖν,
3860 2375 3919 2434 ὡς

2360 2474 2548 2545 ἔμαθον
2607 2471 2660 2536 ἐξ
2713 2473 2874 2535 αὐτῆς
2931 2481 3022 2533 τῆς
3073 2473 3420 2524 θεοπνεύστου
3471 2477 3694 2546 Γραφῆς,
3739 2463 3780 2517 ἐν
3825 2481 3923 2515 συν·

2359 2581 2503 2635 τομῳ
2541 2563 2835 2635 ὑπομνήσει
2897 2561 3056 2614 εἰπεῖν
3112 2559 3420 2633 ἀναγκαίως
3460 2559 3821 2635 προεθυμήθην,
3845 2556 3922 2609 τὴν

2358 2657 2476 2726 περὶ
2525 2652 2748 2705 ἑκάστου
2787 2655 3082 2727 μαρτυρίαν
3138 2650 3402 2708 εὔληπτον
3457 2646 3616 2703 οὖσαν
3652 2641 3924 2713 καταλείψας

2359 2740 2719 2814 ἐπιγινώσκειν
2774 2749 2883 2805 τοῖς
2941 2745 3060 2816 περὶ
3124 2745 3219 2798 τὴν
3283 2739 3584 2813 ἀνάγνωσιν
3633 2731 3925 2808 ἀπασχολου·

2358 2836 2546 2905 μένοις,
2617 2833 2802 2893 οῖτινες
2870 2833 3038 2884 ἱκανοὶ
3094 2833 3299 2883 ἔσονται
3355 2835 3457 2883 καὶ
3520 2829 3715 2905 ἐτέρους
3771 2827 3924 2894 ὑπομι-

2357 2927 2631 2995 μνήσκειν.
2675 2921 2795 2975 Ὀτι
2837 2918 2919 2975 δεῖ
2959 2924 3047 2975 τὸν
3093 2922 3420 2994 Χριστιανὸν
3464 2920 3583 2984 ἄξια
3621 2926 3711 2981 τῆς
3746 2915 3924 2988 ἐπουρα-

2357 3016 2468 3064 νίου
2499 3011 2727 3072 κλήσεως
2771 3018 2992 3087 φρονεῖν,
3043 3015 3135 3062 καὶ
3181 3008 3340 3074 ἀξίως
3376 3018 3479 3063 τοῦ
3520 3006 3814 3080 Εὐσγγελίον
3852 3006 3924 3052 τοῦ

2357 3109 2594 3178 Χριστοῦ
2650 3101 3036 3156 πολιτεύεσθαι.
3096 3100 3216 3153 Ὀτι
3264 3101 3324 3153 οὐ
3383 3087 3473 3154 δεῖ
3520 3103 3606 3153 τόν
3651 3094 3924 3173 Χριστιανὸν

2355 3193 2784 3266 μετεωρίζεσθαι,
2833 3188 2958 3244 οῦδὲ
3007 3189 3317 3264 ἀφελκεσθαι
3365 3191 3478 3244 ὑπό
3531 3209 3666 3250 τινος
3715 3185 3806 3238 ἀπὸ
3854 3188 3923 3239 τῆς

2355 3287 2560 3356 μνήμης
2600 3289 2692 3334 τοῦ
2762 3288 2921 3348 Θεοῦ,
2987 3286 3077 3333 καὶ
3134 3289 3233 3332 τῶν
3293 3279 3464 3334 αὐτ-ου
3528 3279 3809 3351 θελημάτων
3855 3273 3924 3324 καὶ

581 3366 700 3423 bus
728 3367 1279 3433 transcendentem,
1304 3382 1503 3440 neque
1515 3368 1742 3439 jurare,
1765 3385 1962 3442 neque
1987 3369 2243 3428 mentiri.

2355 3374 2643 3446 χριμάτων.
2692 3370 2811 3424 Ὀτι
2867 3367 2949 3424 δεῖ
3005 3374 3092 3424 τόν
3143 3375 3494 3444 Χριστιανὸν,
3557 3372 3808 3445 κρείττονα
3845 3369 3922 3413 τῶν

584 3458 714 3512 Non
725 3456 1420 3530 oportetblasphemare,
1433 3473 1558 3513 non
1577 3459 1942 3515 contumelia
1973 3459 2242 3516 allicere:

581 3560 706 3601 non
731 3561 1024 3618 pugnare,
1055 3562 1178 3602 non
1207 3547 1601 3619 semetipsum
1620 3546 1843 3616 ulcisci,
1862 3563 1988 3605 non
2013 3548 2244 3606 malum

583 3650 693 3708 pro
714 3635 876 3692 malo
907 3635 1176 3703 reddere,
1201 3652 1324 3692 non
1352 3636 1549 3692 irasci.
1599 3639 1844 3709 Oportet
1878 3654 2245 3712 quacunque

581 3723 794 3781 liesum
837 3725 1060 3797 injuria
1109 3725 1437 3797 patientem
1483 3742 1638 3794 esse,
1678 3731 1857 3800 atque
1889 3729 2243 3801 tempestive

583 3830 720 3871 eum
743 3815 1541 3888 quileesitredarguere,non
1554 3817 1813 3888 propriae
1830 3817 2108 3874 vindicta:
2123 3823 2244 3874 stu-

581 3902 704 3972 dio,
737 3904 845 3960 sed
885 3905 1272 3962 correctionis
1304 3905 1583 3962 fraternae
1615 3906 1952 3963 secundum
1981 3907 2242 3964 manda-

651 4047 673 4120 ’ξ
708 4046 868 4102 Alias
894 4049 1160 4120 CCCCXI.
1193 4048 1423 4120 Scripta
1455 4047 1686 4105 videtur
1715 4065 1876 4106 anno
1908 4054 2032 4107 364.

645 4118 765 4189 ,(74)
805 4118 1096 4194 Tarpeia-li.
1132 4118 1478 4194 Suspicatur
1503 4121 1897 4194 Gothofredus
1925 4123 2241 4194 tetraplam

583 4187 708 4244 sive
733 4187 1167 4266 quadruplum,
1197 4187 1424 4266 dequo
1457 4192 1705 4247 Basilius
1733 4193 1793 4248 in
1820 4194 1934 4266 hac
1961 4187 2240 4266 epistola,

582 4275 714 4316 esse
746 4261 1103 4337 pensionem
1139 4261 1758 4337 quadrimenstruam,
1791 4265 1883 4320 vel
1911 4261 2246 4337 quadrupli

576 4347 820 4407 poenam
851 4334 923 4388 ob
953 4349 1083 4407 non,
1104 4334 1302 4407 soluta
1338 4335 1588 4407 tributa,
1623 4337 1716 4392 vel
1746 4334 1944 4406 potius
1973 4338 2045 4393 ob
2075 4334 2243 4407 supe~

583 4406 1013 4462 rexactionem.
1064 4405 1178 4460 Sed
1207 4405 1396 4465 liquet
1434 4406 1532 4462 hic
1569 4405 1794 4464 litteras
1824 4423 1944 4464 non
1973 4405 2242 4465 reddi—tas

583 4421 1013 4462 rexacnonem.
1064 4421 1178 4460 nea
1207 4421 1244 4460 ιι
1300 4421 1396 4462 uet
1434 4421 1532 4462 mc
1569 4421 1794 4464 litteras
1824 4423 1944 4464 non
1973 4421 2242 4465 redditas

580 4491 719 4557 cum
751 4475 985 4557 tributis
1027 4492 1151 4557 non
1193 4421 1402 4557 sciutis
1441 4480 1815 4557 comparari;
1843 4482 2050 4557 sicque
2082 4482 2243 4557 Basi-

576 4547 728 4603 lium
758 4564 897 4603 cum
925 4550 1164 4603 Leontio
1186 4549 1398 4620 jocari,
1430 4547 1614 4623 quasi
1637 4552 1685 4604 is
1712 4547 2125 4623 quadruplum
2151 4553 2241 4609 lit-

577 4623 842 4693 terarum
863 4629 1218 4693 reposceret,
1237 4626 1298 4675 ut
1313 4621 2085 4693 quadruplum’debitorum
2099 4628 2240 4680 tunc

577 4691 814 4814 piassim
852 4691 1306 4764 reposcebatur.
1332 4691 1583 4747 ‘Lucem
1630 4693 1840 4748 afferet
1880 4695 2238 4750 Ammianus

640 4762 982 4814 arcellinns.
1015 4779 1138 4814 auo
1183 4768 1348 4814 teste.
1383 4763 1691 4814 Petronius
1723 4780 1892 4814 socer
1945 4766 2234 4814 Valentis:

640 4745 990 4835 neminis,“
1015 4745 1138 4835 qua
1157 4745 1348 4832 "iege,
1366 4745 1709 4820 vitam;
1722 4745 1894 4821 esset:
1908 4745 2235 4823 "vniat;
2266 4745 2310 4797 D

579 4834 678 4888 Ad
705 4835 1024 4890 nudandos
1039 4834 1183 4890 sine
1219 4836 1577 4892 discretione
1615 4843 1857 4892 cunctos
1896 4839 2237 4895 immaniter

575 4905 872 4974 ﬂagrans,
890 4912 1165 4981 nocentes
1174 4908 1486 4981 pariteret
1508 4908 1770 4981 insontes
1792 4914 1919 4978 post
1942 4911 2244 4981 exquisita

577 4981 872 5051 tormenta
896 4977 1230 5051 quadrupli
1255 4979 1508 5034 nexibus
1539 4980 1858 5047 vinciebat,
1890 4977 2086 5037 debila
2106 4984 2241 5051 jam

577 5048 720 5104 inde
739 5062 776 5102 a
803 5048 1166 5116 temporibus
1192 5051 1482 5119 principis
1509 5053 1826 5107 Aureliani
1849 5048 2241 5120 perscrutans

580 5126 634 5193 et
670 5120 1274 5193 impendiommrens,
1307 5123 1359 5177 si
1387 5138 1742 5193 quemquam
1773 5124 2122 5181 absolvisset
2151 5127 2240 5181 in-

575 5190 844 5269 demnem
866 5203 886 5259 ,'
925 5190 1032 5246 lib.
1068 5208 1241 5269 xxv1,_
1275 5190 1410 5269 cap;
1440 5199 1492 5250 6.
1534 5190 1635 5250 Est
1664 5211 1807 5269 ergo
1829 5196 2240 5269 quadruplum

573 5261 690 5318 hoc
731 5261 866 5341 loco
911 5261 1612 5341 non_quadrimenstrua
1637 5261 1872 5341 pensio,
1905 5284 2027 5341 non
2068 5261 2243 5341 supe-

572 5335 852 5400 rexactio,
886 5333 992 5389 sed
1029 5333 1392 5402 debitorum,
1431 5351 1565 5402 quae
1598 5333 1791 5393 soluta
1834 5354 1958 5394 non
2006 5333 2243 5396 fuerant

574 5405 831 5488 crudelis
857 5406 1184 5488 inquisitio,
1216 5411 1274 5462 et
1300 5405 1624 5479 quadrupli
1646 5424 1829 5480 poena
1851 5411 1964 5473 his,
1990 5412 2094 5483 qui
2117 5427 2241 5467 non

577 5476 900 5543 solverant,
939 5476 1253 5548 imposita.

647 5549 761 5617 (75)
796 5550 1140 5627 Ηυθαγόριοι.
1186 5552 1268 5604 Ita
1315 5548 1496 5627 Harii,
1547 5549 1722 5627 Cois].
1765 5551 1997 5622 primus
2046 5559 2104 5609 et
2139 5554 2241 5612 alii

576 5617 854 5674 nonnulli
882 5617 1023 5676 cum
1065 5618 1368 5678 Clemente
1407 5621 1599 5688 Alex.,
1642 5617 1862 5679 Strom.
1892 5639 1932 5693 1,
1965 5639 2026 5697 p.
2055 5629 2159 5682 303
2189 5632 2244 5684 et

2355 3465 2490 3514 κατὰ
2553 3465 2640 3514 τὸν
2698 3465 2852 3534 νόμον
2921 3457 3294 3532 δικαιωμάτων
3359 3464 3637 3533 γενόμενον
3694 3456 3741 3510 ἐν
3798 3458 3922 3517 πᾶσι,

2354 3557 2486 3625 μήτε
2517 3551 2741 3624 ὀμνύειν,
2789 3555 2923 3623 μήτε
2969 3546 3284 3621 ψεύδεσθαι.
3327 3547 3460 3602 Ὀτι
3506 3549 3566 3602 οὐ
3606 3544 3686 3601 δεῖ
3723 3544 3925 3619 βλασφη·

2352 3648 2484 3714 μεῖν·
2538 3641 2619 3692 ὅτι
2665 3639 2723 3691 οὐ
2771 3635 2854 3692 δεῖ
2903 3637 3154 3712 ὑϐρίζειν,
3195 3640 3274 3690 ὅτι
3312 3637 3371 3690 οῦ
3432 3635 3516 3691 δεῖ
3551 3636 3824 3711 μάχεσθαι·
3861 3631 3925 3681 ότι

2353 3730 2411 3783 οῦ
2453 3726 2535 3782 δεῖ
2565 3728 2744 3782 ἑαυτὸν
2775 3725 3024 3781 ἐκδικεῖν·
3056 3730 3138 3780 ὅτι
3177 3727 3236 3780 οὐ
3287 3723 3369 3780 δεῖ
3423 3731 3583 3781 κακὸν
3635 3725 3743 3778 ἀντὶ
3789 3724 3924 3774 κακοῦ

2354 3816 2690 3873 ἀποδιδόναι·
2725 3820 2806 3871 ὅτι
2841 3817 2900 3870 οῦ
2948 3814 3033 3870 δεῖ
3075 3816 3412 3892 ὀργίζεσθαι.
3467 3817 3588 3870 Ὀτι
3643 3812 3720 3868 δεῖ
3765 3825 3926 3885 μακρο-

2355 3913 2553 3984 θυμεῖν,
2586 3915 2685 3962 πᾶν
2727 3908 2842 3981 (79)
2893 3909 3064 3961 ότιουν
3109 3910 3416 3980 πάσχοντα,
3463 3912 3552 3960 καὶ
3599 3906 3814 3979 ῡιέγχειν
3859 3897 3924 3952 εὖ·

2351 4057 2483 4110 304.
2518 4052 2696 4126 Coisl.
2743 4051 3440 4126 secundusnueayépsog,
3466 4050 3654 4126 quod
3692 4044 3926 4126 positum

2351 4140 2551 4197 errore
2579 4123 2804 4180 librarii
2832 4139 2942 4196 pro
2970 4122 3350 4197 Hueayopdtoi.
3400 4122 3558 4197 Edili
3599 4122 3926 4197 Πυθαγόρειοι.

2575 4193 2927 4278 ἸΞπιπρέπὲιᾺ
2953 4266 2964 4277 ⁸
3188 4193 3413 4278 'aptior
3478 4195 3607 4278 haec
3669 4193 3927 4278 scripuli?

2351 4263 2578 4324 codicis
2606 4263 2767 4338 Regii
2790 4266 2967 4340 primi
2987 4272 3044 4324 et
3065 4263 3472 4340 Bigotfquam
3498 4267 3739 4338 vulgata
3762 4263 3926 4332 ἐπιτρέ-

2349 4359 2480 4394 πειν.

2422 4411 2531 4484 (77)
2575 4414 2699 4484 ῌερὶ
2751 4410 3085 4484 τελειότητος.
3106 4412 3333 4484 Exstat
3352 4410 3452 4467 hic
3481 4409 3703 4484 titulus
3730 4404 3786 4484 in
3825 4412 3927 4484 υῐὶρ

2348 4468 2657 4558 ex‘Régiis:
2681 4468 2994 4558 codicibus
3024 4468 3081 4558 et.
3101 4481 3161 4536 in
3184 4481 3363 4558 Coisl.
3401 4476 3763 4558 primo,_n_isi
3785 4468 3930 4558 quod

2347 4553 2409 4610 in
2437 4548 2613 4627 Coisl.
2643 4553 2859 4627 legitur
2909 4549 3224 4627 μοναδικοῦ.
3261 4548 3460 4627 _Al_itér_
3499 4556 3571 4627 in»
3599 4548 3928 4627 Coisliniano

2351 4625 2619 4682 secundo
2650 4621 2928 4680 et'tribus
2960 4643 2996 4681 a
3023 4623 3385 4682 Combeﬁsio
3410 4625 3640 4681 citatis:
3685 4621 3930 4688 ἀνεπίγρα·

2351 4717 2465 4771 φος.
2507 4701 2683 4750 Κανὼν
2715 4695 2935 4774 ἀκριϐής
2967 4705 3061 4759 τῆς
3098 4699 3235 4748 κατὰ
3275 4701 3335 4749 τό
3376 4696 3688 4780 Εῦαγγέλιον
3709 4698 3795 4780 τοῦ
3823 4695 3931 4758 Χρι-

2348 4764 2446 4823 τοῦ
2478 4764 3086 4833 ἀσκητικής’πολιτείας,
3132 4769 3278 4825 Sine
3312 4764 3734 4837 inscriptione.
3761 4764 3930 4818 Ασειι-

2352 4847 2489 4898 rata
2528 4842 2742 4911 regula
2787 4843 3030 4898 ascetici
3060 4840 3387 4897 secundum
3419 4836 3654 4897 Cliristi
3684 4836 3932 4900 Evange-

2355 4914 2500 4968 lium
2526 4914 2811 4968 inslituli.
3663 4978 3678 4983 _
3719 4977 3732 4983 -
3813 4973 3822 4983 .
3917 4972 3924 4983 η

2423 4985 2535 5056 (78)
2573 4984 2921 5058 Δηλουμένῳν.
2983 4986 3119 5040 Post
3171 4983 3330 5058 ha_nc
3379 4977 3932 5058 vocem_delevi_xaj

2350 5051 2701 5130 auctoritate
2742 5051 2882 5130 cod.
2939 5058 3081 5124 Reg.
3139 5060 3197 5110 et
3241 5056 3427 5130 Bigot.
3483 5051 3670 5130 Paulo
3707 5051 3848 5130 post
3881 5055 3933 5095 In

2351 5127 2525 5184 Coisl.
2559 5129 2828 5183 secundo
2873 5133 2929 5182 et
2971 5143 3094 5183 uno
3132 5142 3205 5182 ex
3249 5125 3445 5196 Regiis
3487 5125 3535 5177 ἐν
3567 5125 3934 5196 cavebimus?-

2349 5207 2550 5271 μνῆσαι
2605 5201 2991 5272 προεθυμήθην.
3059 5201 3123 5254 In
3189 5192 3384 5272 ptimb
3441 5195 3619 5252 Coisl.
3663 5192 3837 5272 deest
3870 5192 3933 5272 εξς

2350 5249 2506 5344 iis;
2534 5249 3402 5344 ιιιιειέεδίιῄιέίςρςςέξφῑ-ιιῖιίο
3443 5249 3658 5344 etiam
3687 5259 3930 5344 additam

2349 5341 2554 5428 luisse,
2586 5339 2913 5416 postquam
2933 5339 3161 5398 librarii
3180 5345 3511 5414 posuerant.
3539 5339 3821 5410 ὑπομνήσει
3838 5339 3932 5401 pro

2350 5433 2552 5478 υπομνη
2565 5433 2676 5470 σαι.
3704 5477 3708 5478 ν
3881 5468 3890 5478 ,

2421 5435 2423 5441 ·
2495 5434 2552 5472 νη
2665 5457 2676 5470 .

2421 5434 2530 5555 (0%)
2747 5487 2873 5540 Duo
2903 5501 3028 5540 mss
3056 5487 3294 5541 πάντοτε.
3326 5481 3510 5540 Paulo
3531 5482 3668 5554 post
3690 5477 3859 5532 ἑαυτοῦ
3878 5468 3931 5524 in

2352 5555 2594 5614 duobus
2623 5557 2838 5628 Regiis.
2875 5557 3026 5614 Editi
3057 5557 3237 5612 αὐτοῦ.
