4114 6410
185 303 246 359 289
1235 301 1730 360 EPISTOLABUM
1767 296 2050 356 CLASSIS
2086 299 2131 356 Ῑ.
2157 300 2372 358 EPIST.
2413 299 2569 358 XXII.

3477 307 3584 363 290

179 431 303 503 χοίρως
341 426 437 478 τὸν
491 420 884 496 ἀδικοῦντα,
933 427 996 482 οὐ
1047 431 1150 502 μὴν
1205 426 1253 480 ἐν
1303 429 1460 482 πάθει
1503 435 1598 490 τῆς
1627 426 1812 480 ἑαυτοῦ

1942 441 2054 480 ,um
2100 425 2357 482 Domini.
2389 429 2521 484 Non
2568 429 2807 499 oportet
2863 426 2927 483 in
2983 427 3299 484 absentem
3335 428 3582 486 fratrem

175 514 458 586 ἐκδικήσεως,
499 513 637 568 ἀλλ’
677 515 741 569 ἐν
801 516 1082 592 ἐπιθυμίᾳ
1130 526 1222 581 τῆς
1264 526 1356 571 τοῦ
1396 515 1619 590 ἀδελφοῦ
1660 513 1813 590 διορ-

172 611 332 677 δόσεως,
363 607 530 659 κατὰ
585 610 708 666 τὴν
760 607 1002 668 ἐντολὴν
1055 616 1147 661 τοῦ
1189 612 1406 683 Κυρίου.
1452 607 1572 661 Ὀτι
1626 607 1683 660 οὐ
1735 604 1818 660 δεῖ

167 701 258 751 κατὰ
280 696 498 758 ἀπόντος
537 693 827 770 ἀδελφοῦ
873 698 1046 770 λέγειν
1076 719 1128 751 τι
1168 707 1347 770 σκοπῷ
1394 705 1486 750 τοῦ
1519 695 1553 750 δ
1560 696 1814 750 ιαϐάλλειν

165 789 292 856 αὐτὸν,
320 789 443 863 ὅπερ
480 785 622 839 ἐστι
648 787 1018 857 καταλαλιὰ,
1048 787 1143 841 κᾶν
1176 787 1341 847 ἀληθῆ
1431 790 1497 840 τὰ
1531 787 1805 860 λεγόμενα.

167 879 248 933 ὀτι
279 875 350 932 δεῖ
397 881 500 930 τὸν
569 877 1035 932 καταλαλοῡντα
1091 875 1314 950 ἀδελφοῦ
1373 877 1812 953 ἀποστρέφεσθαι.

166 968 322 1022 Ὀτιού
359 964 449 1021 δεῖ
490 966 850 1043 εὐτράπελα
879 970 1227 1042 φθέγγεσθαι.
1254 967 1376 1020 Ὀτι
1419 967 1478 1020 οὐ
1520 964 1605 1020 δεῖ
1639 966 1811 1040 γελᾴν,

160 1057 255 1113 οὐδὲ
293 1058 641 1130 γελοιαστῶν
706 1056 1053 1131 ἀνέχεσθαι.
1110 1057 1232 1111 Ὀτι
1265 1057 1323 1110 οὐ
1365 1054 1449 1111 δεῖ
1496 1056 1812 1132 ἁργολογεῖν,

158 1150 376 1203 λαλοῦντα
395 1169 477 1218 τι,
502 1148 532 1200 ὃ
571 1153 738 1221 μήτε
769 1152 916 1223 πρὸς
949 1148 1191 1222 ὠφελειαν
1222 1155 1324 1200 τῶν
1366 1146 1654 1200 ἀκουόντων
1681 1145 1816 1216 ἔστι,

173 1246 283 1314 μήτε
323 1243 445 1313 πρὸς
489 1244 600 1298 τήν
674 1237 998 1311 ἀναγκαίαν
1038 1243 1129 1291 καὶ
1182 1242 1662 1313 συγκεχωρημένην
1691 1238 1817 1309 ἡμῖν

174 1332 264 1384 ὑπὸ
291 1331 393 1402 (80)
419 1338 510 1383 τοῦ
543 1336 712 1384 Θεοῦ
769 1334 973 1404 χρείαν
999 1345 1012 1358 ·
1071 1329 1206 1381 ὥστε
1244 1332 1334 1380 καὶ
1371 1331 1494 1388 τοὺς
1525 1327 1817 1403 ἐργαζομέ-

175 1441 282 1484 νους
328 1417 686 1486 σπουδάζειν,
752 1420 886 1472 καθ’
941 1419 1060 1472 ὅσον
1113 1414 1356 1484 δυνατὸν,
1409 1419 1540 1490 μετὰ
1584 1418 1821 1488 ἡσυχίας

166 1511 469 1588 ἐργάζεσθαι
489 1527 505 1540 ⁸
555 1513 669 1562 καὶ
729 1508 933 1570 αὐτοὺς
973 1505 1033 1561 δε
1061 1510 1185 1568 τοὺς
1227 1505 1454 1579 ἀγαθοὺς
1481 1505 1667 1578 λόγους
1695 1508 1821 1581 πρὸς

163 1601 370 1664 ἐκείνους
395 1608 591 1669 κινεῖν,
629 1603 776 1662 τοὺς
824 1601 1271 1672 πεπιστευμένους
1318 1599 1453 1671 μετὰ
1502 1593 1822 1669 δοκιμασίας

168 1694 448 1766 οἰκονομεῖν
494 1694 600 1746 τὸν
634 1691 812 1764 λόγον
843 1693 974 1764 πρὸς
1021 1685 1302 1762 οἰκοδομὴν
1341 1697 1403 1748 τῆ
1416 1708 1437 1750 ς
1468 1692 1709 1759 πίστεως,
1742 1688 1824 1738 ἵνα

1920 513 2262 586 quidquam
2285 515 2504 584 dicere,
2538 515 2698 572 illius
2731 515 3089 572 traducendi
3123 517 3396 583 consilio,
3416 517 3584 591 quod

1921 604 2168 676 quidem
2197 605 2550 662 obtrectatio
2573 609 2686 671 est,
2719 606 2954 662 etiamsi
2986 622 3126 663 vera
3160 606 3276 663 sint
3324 623 3461 679 quae
3493 607 3583 663 di-

1923 699 2161 751 cuntur.
2205 695 2481 751 Aversari
2521 695 2596 750 de
2645 695 2826 752 fratre
2879 696 3297 752 detrahentem
3328 701 3582 769 oportet.

1926 784 2210 841 Scurrilia
2238 801 2363 841 non
2391 785 2775 858 proferenda.
2801 788 2929 842 Non
2951 786 3296 855 ridendum,
3320 802 3429 842 nec
3454 803 3585 858 per-

1924 873 2156 930 ferendi
2214 875 2475 930 dicaces.
2523 879 2652 932 Non
2701 875 3080 948 loquendum
3118 877 3329 948 otiose,
3357 877 3586 950 aliquid

1923 962 2309 1035 proferendo,
2343 964 2513 1037 quod
2557 981 2668 1020 nec
2722 965 2800 1022 ad
2848 965 3160 1022 utilitatem
3209 966 3586 1022 audientium

1927 1053 2240 1124 pertineat,
2267 1069 2378 1110 nec
2400 1053 2479 1109 ad
2505 1055 2917 1111 necessarium
2939 1058 2996 1111 et
3021 1070 3380 1111 concessum
3409 1054 3586 1111 nobis

1926 1157 1964 1197 a
2020 1144 2141 1198 Deo
2195 1158 2376 1198 usum
2411 1160 2424 1197 :
2459 1143 2612 1200 adeo
2667 1148 2733 1200 ut
2786 1147 2844 1200 et
2885 1143 3233 1200 laborantes
3281 1144 3584 1214 studeant,

1927 1236 2226 1302 quantum
2253 1230 2382 1288 ﬁeri
2411 1236 2630 1305 potest,
2655 1232 2891 1289 silentio
2915 1233 3193 1290 laborare
3218 1254 3233 1302 ;
3263 1233 3460 1290 bonos
3481 1250 3586 1291 au-

1926 1325 2046 1376 tem
2075 1321 2244 1394 ipsos
2277 1337 2587 1378 sermones
2634 1321 2706 1378 iis
2754 1327 3122 1395 proponant,
3153 1322 3377 1396 quibus
3425 1338 3586 1379 com-

1927 1409 2183 1466 missum
2215 1415 2306 1466 est
2332 1410 2662 1483 prudenter
2700 1411 3058 1484 dispensare
3119 1427 3461 1468 sermonem
3505 1411 3586 1469 ad

1927 1499 2390 1556 aediﬁcationem
2417 1499 2594 1567 ﬁdei;
2628 1516 2703 1557 ne
2752 1505 2997 1557 sanctus
3034 1501 3136 1556 Dei
3168 1500 3417 1573 Spiritus
3447 1500 3586 1556 afﬁ-

1931 1589 2121 1644 ciatur
2149 1589 2402 1646 tristitia.
2442 1593 2573 1645 Non
2625 1594 2861 1663 oportet
2900 1594 2964 1646 ut
3015 1590 3344 1662 quisquam
3383 1606 3457 1646 ex
3481 1607 3588 1646 su-

1929 1678 2418 1751 pervenientibus
2448 1678 2636 1735 libere
2668 1679 2919 1736 accedat
2942 1679 3020 1736 ad
3041 1679 3293 1736 fratrum
3323 1679 3588 1752 aliquem

140 1788 218 1857 μὲ
241 1784 485 1842 λυπῆται
516 1785 585 1835 τὸ
639 1787 874 1854 Πνεῦμα
915 1783 973 1833 τὸ
1011 1779 1160 1851 ἅγιον
1192 1786 1284 1831 τοῦ
1311 1785 1468 1832 Θεοῦ.
1500 1776 1620 1830 Ὀτι
1645 1777 1702 1830 οὐ
1741 1773 1824 1829 δεῖ

1942 1771 2035 1824 aut
2061 1766 2457 1839 colloquatur,
2484 1773 2814 1840 antequam
2844 1767 2884 1824 ii
2903 1767 3129 1840 quibus
3160 1784 3307 1824 cura
3331 1766 3590 1841 discipli-

137 1883 238 1926 τῶν
280 1873 792 1949 ἐπεισερχομένων
819 1871 940 1922 τινὰ
991 1867 1070 1922 ἐπ’
1106 1867 1344 1932 ἔξουσίας
1373 1865 1601 1940 ἐγγίζειν
1643 1867 1758 1938 (81)
1787 1867 1817 1925 ἢ

123 1964 311 2017 λαλεῖν
374 1983 492 2016 τινι
553 1970 674 2014 τῶν
729 1956 994 2031 ἀδελφῶν,
1027 1962 1170 2034 πρὶν,
1225 1956 1286 2008 ἂν
1334 1959 1384 2009 oi
1435 1954 1823 2028 ἐπιτεταγμένοι

127 2059 228 2113 τήν
264 2048 543 2128 φροντίδα
603 2058 717 2112 τῆς
769 2047 818 2101 ἐν
868 2053 1029 2100 πᾶσιν
1069 2046 1304 2110 εὐταξίας
1347 2043 1687 2118 δοκιμάσωσι
1717 2053 1822 2105 πῶς

135 2143 368 2217 ἀρέσκει
398 2151 530 2215 Θεῷ
561 2143 720 2217 πρὸς
749 2142 810 2192 τὸ
841 2146 986 2211 κοινῇ
1019 2142 1298 2213 συμφέρον.
1331 2135 1453 2190 Ὀτι
1497 2135 1556 2188 οὐ
1590 2131 1674 2188 δεῖ
1702 2138 1821 2206 οἴνῳ

129 2231 541 2288 δεδουλῶσθαι
569 2249 586 2261 ·
625 2233 760 2284 οὔτε
783 2233 906 2304 περὶ
949 2232 1078 2301 κρέα
1105 2226 1344 2301 ἐμπαθῶς
1382 2228 1522 2298 ἔχειν
1551 2243 1562 2256 ·
1597 2224 1820 2278 καθόλου

123 2329 259 2398 περὶ
293 2319 462 2376 οὐδὲν
521 2320 744 2395 βρῶμα
788 2319 820 2378 ἢ
867 2321 1014 2391 πόμα
1070 2313 1349 2390 φιλήδονον
1408 2317 1576 2368 εἶναι·
1632 2315 1658 2366 ό
1716 2315 1819 2388 γὰρ

116 2412 558 2486 ἀγωνιζόμενος
589 2411 782 2464 πάντα
810 2406 1200 2483 ἐγκρατεύεται,
1230 2405 1354 2458 Ὀτι
1382 2413 1482 2458 τῶν
1525 2401 1821 2477 διδομένων

124 2503 362 2574 ἑκάστῳ
409 2503 493 2565 εἰς
541 2505 769 2574 χρῆσιν
819 2494 973 2550 οὐδὲν
1023 2497 1092 2557 ὡς
1146 2491 1286 2548 ἴδιον
1337 2497 1478 2567 ἔχειν
1523 2490 1625 2559 δεῖ,
1659 2493 1689 2552 ἣ
1723 2511 1822 2545 τα-

129 2595 474 2666 μιεύεσθαι·
509 2590 564 2643 ἐν
593 2594 784 2663 μέντοι
812 2594 877 2659 τῇ
915 2581 1158 2660 φροντίδι
1185 2591 1348 2638 πᾶσιν
1380 2587 1445 2645 ὡς
1476 2581 1823 2645 δεσποτικοῖς

131 2683 544 2753 προσέχοντα,
577 2674 754 2752 μηδὲν
780 2683 884 2729 τῶν
921 2673 1423 2750 παραῤῥιπτομίνων
1477 2673 1507 2732 ἦ
1543 2671 1822 2745 ἀμελουμέ-

132 2791 295 2836 νων,
335 2769 402 2820 ἂν
435 2769 574 2820 οὕτω
601 2771 774 2840 τύχῃ,
814 2770 1076 2840 παρορᾷν.
1102 2762 1223 2816 Ὀτι
1273 2765 1332 2817 οὐ
1381 2759 1486 2828 δεῖ,
1514 2765 1630 2814 οὔτε
1659 2761 1815 2814 αὐτόν

135 2861 382 2914 ἑαυτοῦ
443 2860 627 2931 κύριον
663 2858 797 2909 εἶναι
847 2873 986 2923 τινα,
1046 2851 1151 2905 ἀλλ’
1184 2857 1249 2915 ὡς
1306 2854 1407 2906 ὑπὸ
1463 2858 1597 2906 Θεοῦ
1656 2871 1823 2925 παρα-

135 2945 486 3021 δεδομένον
517 2947 587 3008 εἰς
616 2942 862 2999 δουλείαν
891 2951 1003 3004 τοῖς
1043 2942 1345 3016 ὁμοψύχοις
1391 2937 1655 3014 ἀδελφοῖς,
1690 2941 1825 2993 οὕτω

134 3044 266 3091 καὶ
307 3044 519 3111 φρονεῖν
564 3038 743 3090 πάντα
781 3038 876 3087 καὶ
932 3040 1116 3106 ποιεῖν,
1152 3033 1368 3086 ἕκαστον
1402 3027 1460 3085 δε
1507 3029 1556 3083 ἕν
1597 3038 1670 3102 τῷ
1705 3026 1760 3083 ἰδ
1766 3033 1825 3102 ίῳ

139 3149 178 3181 τ
185 3130 424 3201 οἰχαατι
433 3169 450 3184 ,

222 3312 298 3365 2.
346 3307 483 3360 Ὀτι
530 3305 593 3358 οὐ
651 3301 735 3358 δεῖ
787 3302 1091 3376 γογγύζειν,
1139 3304 1257 3354 οὔτε
1299 3299 1348 3353 ἓν
1395 3307 1457 3373 τῇ
1503 3303 1830 3373 στενοχωρίᾳ

137 3406 267 3450 τῶν
340 3401 487 3473 πρὸς
546 3399 648 3454 τήν
719 3398 910 3469 χρείαν
938 3437 952 3462 ,
1023 3395 1138 3445 οὔτε
1203 3389 1251 3443 ἓν
1316 3398 1390 3462 τῷ
1457 3392 1675 3463 καμάτῳ
1729 3397 1829 3442 τῶν

133 3481 377 3560 ἔργων,
449 3484 693 3557 ἑχόντων
744 3486 804 3536 τό
843 3490 1011 3558 κρῖμα
1066 3485 1186 3555 περὶ
1218 3479 1440 3533 ἑκάστου
1508 3488 1608 3533 τῶν
1666 3477 1832 3532 ἐπιτε.

141 3581 472 3649 ταγμένων
537 3575 658 3644 (82)
717 3577 814 3631 τὴν
874 3575 1066 3624 τούτων
1130 3569 1392 3634 ἐξουσίαν.
1455 3569 1577 3622 Ὀτι
1633 3569 1691 3620 οὐ
1751 3565 1834 3622 δεῖ

148 3671 441 3741 κραυγὴν
475 3664 750 3736 γίνεσθαι,
809 3665 927 3714 οὔτε
969 3660 1095 3713 ἄλλο
1155 3679 1208 3712 τι
1259 3667 1472 3733 σχῆμα,
1530 3659 1559 3717 ἡ
1614 3663 1830 3730 κίνημα,

157 3755 220 3808 ἰν
384 3752 862 3830 χαρακτηρίζεται
917 3751 1160 3825 θυμὸς,ἠ
1204 3752 1556 3824 μετεωρισμὸς
1606 3747 1706 3801 ἀπὸ
1738 3757 1835 3810 τῆς

151 3845 568 3920 πληροφορίας
597 3850 691 3895 τοῦ
720 3848 964 3918 παρεῖναι
992 3844 1080 3893 τόν
1109 3844 1257 3895 Θεόν.
1289 3839 1412 3892 Ὀτι
1454 3835 1538 3892 δεῖ
1581 3847 1642 3911 τῇ
1673 3842 1836 3911 χρείᾳ

156 3940 523 4008 συμμπρείν
572 3936 671 3992 τὴν
723 3935 914 4004 φωνήν.
944 3929 1066 3982 Ὀτι
1115 3929 1173 3981 οὐ
1225 3926 1310 3981 δεῖ
1339 3928 1625 4002 θρασέωςῆ
1666 3947 1834 3979 κατα-

152 4031 533 4098 φρονητικῶς
569 4041 680 4073 τινι
737 4018 1134 4094 ἀποκρίνεσθαι,
1195 4019 1225 4078 ἣ
1279 4025 1446 4071 ποειῖν
1503 4037 1575 4088 τι,
1638 4015 1746 4068 ἀλλ’
1789 4018 1837 4068 ἓν

154 4120 343 4166 πᾶσι
397 4115 464 4164 τὸ
521 4110 739 4172 ἐπιεικὲς
808 4115 899 4163 καὶ
969 4113 1028 4162 τὸ
1084 4112 1362 4182 τιμητικὸν
1440 4111 1570 4183 πρὸς
1639 4108 1839 4169 πάντας

163 4199 492 4258 δεικνύειν.
537 4199 661 4254 Ὀτι
701 4199 762 4253 οὐ
813 4196 897 4252 δεῖ
942 4197 1154 4252 ἑννεύειν
1195 4197 1444 4271 ὀφθαλμῷ
1474 4199 1608 4270 μετὰ
1659 4193 1838 4266 δόλου,

158 4295 198 4353 ἦ
243 4293 409 4366 ἄλλῳ
443 4295 555 4344 τινὶ
591 4295 846 4363 σχήματι
887 4291 918 4350 ἦ
971 4294 1221 4362 κινήματι
1274 4288 1455 4362 μέλους
1512 4289 1839 4361 κεχρῆσθαι,

161 4384 196 4435 ὃ
244 4383 423 4436 λυπεῖ
476 4385 570 4433 τόν
630 4376 870 4451 ἀδελφὸν,
930 4380 961 4438 ἣ
1000 4382 1392 4454 καταφρόνησιν
1443 4377 1694 4452 ἐμφαίνει.
1722 4375 1844 4429 ’Ὁτι

171 4473 248 4524 οὗ
332 4469 422 4525 δεῖ
479 4469 920 4530 καλλωπίζεσθαι
979 4467 1029 4521 ἐν
1112 4470 1338 4541 ἱματίοις
1390 4467 1418 4526 ἦ
1475 4463 1841 4538 ὑποδήμασιν,
1874 4504 1919 4557 D

185 4563 342 4636 ὅπερ
390 4560 508 4614 ἐστι
565 4563 874 4635 περπερεία,
941 4557 1063 4611 ’Ὁτι
1127 4555 1209 4611 δεῖ
1266 4557 1491 4610 εὐτελέσι
1543 4557 1844 4629 κεχρῆσθαι

179 4659 326 4714 τοῖς
353 4654 487 4726 πρὸς
529 4655 632 4709 τὴν
663 4651 853 4722 χρείαν
883 4655 976 4700 τοῦ
1028 4653 1286 4720 σώματος.
1336 4645 1459 4699 Ὀτι
1491 4645 1549 4698 οὐ
1602 4642 1685 4698 δεῖ
1713 4646 1842 4720 ὑπερ

183 4746 308 4800 τήν
367 4745 563 4814 χρείαν
615 4741 712 4791 καὶ
768 4741 900 4810 πρὸς
967 4733 1244 4809 δαψίλειαν
1313 4735 1608 4788 ἀναλίσκειν
1669 4731 1840 4806 οὐδὲν,

181 4835 332 4906 ὅπερ
390 4831 514 4884 ἐστὶ
563 4830 947 4902 παράχρησις.
978 4825 1100 4880 Ὀτι
1129 4827 1188 4880 ου
1239 4823 1321 4880 δεῖ
1348 4829 1504 4899 τιμὴν
1559 4824 1842 4891 ἐπιζητεῖν,

173 4926 214 4983 ἧ
279 4926 574 4998 πρωτείων
637 4916 1046 4972 ἀντιποιεῖσθαι.
1085 4916 1208 4970 Ὀτι
1254 4913 1338 4970 δεῖ
1387 4917 1606 4969 ἕκαστον
1664 4933 1846 4990 προτι-

193 5021 304 5085 μνξκ
346 5014 555 5067 ἑαυτοῦ
596 5012 822 5070 πάντας.
854 5007 977 5061 Ὀτι
1035 5007 1092 5060 οὗ
1143 5003 1231 5060 δεῖ
1285 5005 1640 5059 ἀνυπότακτον
1696 5002 1845 5057 εἶναι.

193 5102 325 5156 Ὀτι
355 5103 417 5157 οὐ
454 5098 546 5156 δεῖ
595 5099 761 5178 ἀργὸν
791 5098 988 5152 ἐσθίειν
1033 5101 1121 5150 τὸν
1169 5095 1491 5172 ἐργάζεσθαι
1540 5092 1844 5168 δυνάμενον,

284 5286 398 5356 (80)
431 5281 598 5357 fligi-1
623 5281 747 5335 ὑπὸ.
778 5277 1054 5357 [legum
1102 5292 1284 5357 vqces
1313 5275 1534 5357 additae
1557 5291 1639 5357 ea
1671 5273 1847 5357 C_oisl.

211 5347 590 5443 secundolet
615 5370 741 5412 uno
781 5367 860 5409 ex
889 5349 1112 5420 Regiis.
1156 5352 1282 5405 Duo
1322 5347 1592 5404 Combef.
1623 5347 1853 5403 habent

213 5447 739 5577 ημῖἒινῖῗιέῧίζςιν.⁸
755 5493 1028 5577 Additur
1056 5492 1278 5577 Exuij
1303 5488 1848 5577 duobus‘Combef.

227 5576 290 5628 et
309 5562 790 5635 Coisl.’s’eéundo
823 5572 887 5624 et
916 5580 1046 5620 uno
1076 5562 1157 5635 ex,
1194 5563 1407 5634 Regiis.
1433 5562 1573 5635 ,Sed
1619 5577 1693 5618 ea
1737 5577 1854 5617 vox

229 5657 348 5704 non
370 5634 572 5727 legitur
607 5651 684 5710 in
727 5634 1198 5713 antiquissimis
1236 5634 1568 5706 codicibus,
1599 5649 1712 5691 nec
1753 5648 1855 5690 ne-

1929 1872 2023 1912 nae
2053 1856 2112 1911 in
2140 1855 2424 1912 omnibus
2451 1856 2767 1913 servandae
2787 1856 3115 1913 commissa
3144 1861 3248 1928 est,
3283 1857 3590 1929 expende-

1929 1946 2049 2002 rint
2076 1961 2154 2001 an
2180 1945 2263 2001 ita
2294 1945 2528 2018 placeat
2562 1949 2703 2016 Deo,
2746 1951 2810 2002 ut
2864 1946 2996 2003 aliis
3053 1946 3345 2018 prodesse
3377 1945 3588 2019 possit.

1930 2038 2059 2092 Non
2085 2039 2322 2106 oportet
2364 2033 2506 2091 vino
2534 2035 2844 2107 inservire,
2900 2051 3100 2107 neque
3157 2035 3355 2092 carnis
3404 2034 3592 2092 teneri

1930 2124 2256 2193 desiderio,
2284 2139 2395 2181 nec
2425 2123 2548 2180 ullo
2576 2141 2825 2197 prorsus
2875 2125 2938 2180 in
2981 2124 3118 2181 cibo
3165 2129 3269 2180 aut
3314 2129 3463 2197 potu
3492 2139 3592 2181 vo-

1926 2213 2223 2286 luptatem
2253 2229 2557 2286 quaerere;
2581 2228 2726 2270 nam
2756 2213 2862 2286 qui
2903 2217 3106 2280 certat,
3142 2217 3340 2269 servat
3368 2217 3594 2286 tempe-

1929 2303 2190 2360 rantiam
2222 2303 2286 2359 in
2343 2302 2653 2359 omnibus.
2712 2302 2867 2358 Nihil
2913 2319 3124 2358 eorum
3177 2318 3315 2375 quae
3367 2301 3594 2360 utenda

1929 2393 2258 2466 unicuique
2288 2392 2630 2460 traduntur,
2659 2397 2897 2464 oportet
2927 2391 3148 2450 habere
3171 2397 3235 2448 ut
3254 2393 3590 2465 proprium,

1931 2488 2036 2540 aut
2057 2498 2366 2539 reservare
2393 2500 2406 2551 ;
2440 2481 2548 2537 sed
2578 2486 2783 2537 tamen
2813 2481 2983 2555 quod
3008 2486 3237 2554 spectat
3275 2481 3356 2537 ad
3385 2497 3595 2538 curam

1933 2578 1990 2629 et
2015 2572 2506 2638 sollicitudinem,
2529 2571 2834 2643 omnibus,
2871 2577 2936 2626 ut
2963 2572 3042 2627 ad
3070 2571 3393 2627 Dominum
3423 2571 3597 2642 perti-

1931 2661 2235 2730 nentibus,
2261 2661 2692 2728 attendentem,
2724 2660 2874 2716 nihil
2903 2676 3114 2716 eorum
3154 2677 3291 2733 quae
3331 2661 3599 2732 projecta

1934 2759 2039 2810 aut
2067 2751 2340 2823 neglecta
2369 2756 2528 2822 sunt,
2568 2751 2619 2806 si
2647 2752 2729 2806 ita
2758 2751 3064 2814 acciderit,
3097 2751 3420 2824 praeterire.
3467 2754 3598 2806 Non

1933 2846 2168 2916 oportet
2189 2857 2565 2913 quemquam
2623 2839 2718 2895 vel
2762 2839 3047 2911 suiipsius
3095 2839 3413 2895 dominum
3439 2855 3592 2908 esse,

1935 2932 2042 2988 sed
2069 2930 2235 2987 velut
2285 2946 2322 2986 a
2367 2933 2488 2986 Deo
2522 2929 2812 2985 traditum
2840 2928 2904 2984 in
2936 2929 3281 2985 servitutem
3310 2928 3594 2984 fratribus

1935 3020 2261 3090 unanimis,
2294 3019 2378 3076 ita
2407 3023 2464 3075 et
2491 3018 2711 3074 sentire
2765 3018 2974 3076 omnia
3019 3021 3074 3075 et
3108 3017 3343 3087 facere;
3370 3033 3592 3074 unum-

1855 3138 1897 3194 ο
1938 3125 2242 3184 quemque
2272 3113 2478 3166 tamen
2501 3109 2565 3164 in
2593 3123 2706 3164 suo
2734 3107 2970 3166 ordine.

2009 3295 2062 3346 2.
2096 3293 2226 3346 Non
2255 3292 2491 3362 oportet
2514 3303 2918 3356 murmurare,
2950 3302 3062 3343 nec
3088 3285 3151 3342 in
3169 3301 3373 3342 rerum
3396 3301 3598 3342 neces-

1942 3380 2241 3436 sariarum
2261 3377 2578 3449 angustiis,
2604 3393 2715 3433 nec
2735 3378 2796 3432 in
2808 3393 3065 3449 operum
3090 3375 3598 3449 labore,quando-

1942 3469 2189 3542 quidem
2220 3467 2704 3540 unumquodque
2733 3466 2944 3538 judicii
2974 3470 3064 3522 est
3100 3481 3330 3533 eorum,
3375 3465 3598 3537 quibus

1943 3558 2271 3614 commissa
2288 3573 2489 3613 rerum
2510 3556 2752 3612 illarum
2773 3560 3059 3628 potestas.
3086 3558 3202 3611 Nec
3225 3554 3452 3610 clamor
3469 3554 3600 3610 ﬁeri

1945 3649 2142 3719 debet,
2173 3664 2284 3703 nec
2315 3648 2544 3719 quaevis
2576 3646 2696 3702 alia
2728 3646 2977 3717 species,
3008 3650 3112 3700 aut
3135 3649 3340 3700 motus
3371 3660 3443 3698 ex
3475 3659 3598 3716 quo

1946 3737 2313 3809 signiﬁcetur
2342 3735 2678 3805 iracundia,
2702 3740 2805 3790 aut
2836 3734 3023 3790 animi
3049 3734 3351 3789 aberratio
3380 3733 3458 3788 ab
3483 3733 3600 3788 hac

1946 3827 2364 3901 persuasione,
2382 3829 2568 3881 Deum
2583 3840 2712 3880 esse
2733 3829 3113 3896 prmsentem.
3130 3825 3371 3894 Oportet
3391 3838 3601 3878 vocem

1945 3933 2064 3974 usu
2093 3915 2311 3972 metiri.
2330 3918 2458 3970 Non
2479 3917 2716 3986 oportet
2735 3912 3071 3984 petulanter
3090 3917 3192 3968 aut
3213 3911 3603 3983 contemptim

1949 4008 2236 4079 cuiquam
2265 4003 2655 4076 respondere,
2691 4008 2793 4059 aut
2817 4002 3158 4075 quidquam
3176 4002 3392 4070 facere,
3417 4002 3524 4058 sed
3540 4002 3604 4058 in

1951 4095 2236 4154 omnibus
2248 4095 2611 4150 modestiam
2625 4097 2805 4165 atque
2821 4092 3219 4148 reverentiam
3236 4107 3381 4162 erga
3391 4107 3604 4148 omnes

1952 4187 2290 4246 ostendere.
2323 4188 2452 4241 Non
2495 4183 2686 4241 oculis
2727 4182 3111 4238 innuendum
3143 4187 3231 4238 est
3259 4199 3400 4238 cum
3425 4181 3603 4248 dolo;

1952 4295 2064 4334 nec
2093 4277 2211 4332 alia
2251 4274 2534 4348 quaelibet
2585 4272 2816 4345 species
2874 4273 3046 4343 100
3094 4271 3463 4342 adhibenda,
3503 4276 3608 4328 aut

1953 4365 2212 4424 membri
2239 4369 2436 4420 motus
2458 4363 2562 4436 qui
2597 4362 2764 4418 fratri
2795 4361 3001 4418 afferat
3026 4361 3322 4418 tristitiam
3342 4365 3444 4417 aut
3463 4376 3607 4417 con-

1953 4460 2251 4529 temptum
2289 4454 2529 4510 indicet.
2572 4453 2829 4509 Ornatus
2858 4451 2920 4506 in
2949 4450 3217 4507 vestibus
3247 4453 3351 4507 aut
3395 4449 3609 4506 calceis

1954 4547 2146 4622 quaeri
2165 4561 2288 4602 non
2309 4544 2514 4612 debet;
2536 4543 2704 4616 quod
2717 4541 2966 4614 quidem
2979 4557 3141 4598 vana
3161 4540 3479 4598 ostentatio
3499 4544 3607 4597 est.

1957 4638 2172 4694 Viliora
2192 4651 2450 4708 quaeque
2475 4633 2825 4690 adhibenda
2846 4631 2924 4688 ad
2943 4647 3122 4686 usum
3150 4630 3442 4702 corporis.
3458 4630 3611 4686 Nihil

1956 4727 2112 4784 ultra
2140 4725 2201 4782 id
2221 4724 2389 4798 quod
2415 4721 2829 4779 necessarium
2851 4723 2960 4790 est,
2995 4724 3098 4775 aut
3118 4719 3195 4775 ad
3217 4719 3610 4790 magnificen-

1957 4818 2105 4875 tiam
2125 4813 2580 4879 insumendum;
2600 4810 2764 4884 quod
2781 4808 3030 4882 quidem
3051 4808 3281 4864 abusus
3303 4812 3613 4866 est.Honor

1959 4905 2366 4980 exquirendus
2421 4919 2545 4959 non
2592 4907 2700 4967 est,
2752 4903 2857 4956 aut
2891 4898 3255 4955 ambiendus
3292 4900 3613 4972 primatus.

1960 5000 2143 5055 Debet
2171 4993 2598 5066 unusquisque
2655 4993 2906 5046 caeteros
2962 4989 3080 5044 sibi
3135 4989 3450 5046 anteferre.
3481 4993 3612 5047 Non

1959 5090 2196 5162 oportet
2223 5084 2726 5154 inobsequentem
2752 5095 2906 5137 esse.
2936 5081 3068 5136 Non
3091 5083 3327 5152 oportet
3351 5081 3612 5138 otiosum

1961 5265 2224 5324 cessaria
2253 5267 2362 5320 est.

2036 5341 2143 5408 (8‘2)
2181 5339 2295 5408 Τῷν
2350 5334 2776 5408 ἐπιτεταγμένων.
2835 5330 2982 5387 Cod.
3002 5402 3016 5408 _
3045 5330 3204 5408 νει.-
3234 5325 3606 5408 ἔπισταμένων.

1963 5401 2130 5468 Forte
2183 5405 2534 5465 addendum
2565 5401 2676 5475 'éig,
2748 5408 2814 5460 ut
2875 5402 3080 5476 paulo
3115 5402 3270 5458 infra
3323 5401 3608 5476 additur:

1964 5483 2072 5538 sed
2128 5485 2335 5606 téamen
2395 5492 2581 5551 supra
2638 5473 2963 5547 legitur—oi
3061 5473 3444 5545 ὶπιτεταγμένοι
3517 5476 3611 5531 τὴν

1964 5573 2142 5606 ωοοντι
2185 5573 2234 5606 οι.

1963 5573 2172 5631 φροντιο
2185 5573 2234 5606 α.
