4114 6392
637 301 737 358 291

2013 294 2069 351 S.
2110 290 2362 348 BASILll
2398 289 2616 346 MAGNI
3893 304 3982 357 292

639 423 957 481 comedere
987 437 1150 489 eum,
1167 420 1275 494 qui
1297 419 1577 478 laborare
1597 423 1827 494 potest:
1855 419 1959 477 sed
1983 423 2039 476 et
2066 417 2172 492 qui
2207 431 2299 473 oc-

2415 415 2542 469 ἀλλά
2589 420 2794 469 καὶτὸν
2851 415 3241 490 ἀσχολούμενον
3290 420 3426 491 περὶ
3481 436 3535 470 τι
3581 425 3675 471 τῶν
3736 426 3985 498 κατορθου-

639 517 899 585 cupatur
927 511 988 566 in
1019 527 1228 568 eorum
1259 509 1485 583 aliquo,
1519 527 1655 582 quae
1687 511 1764 567 ad
1807 509 2018 567 Christi
2049 507 2303 578 gloriam

638 601 926 674 praeclare
941 601 1114 665 fiunt,
1129 600 1251 655 vim
1274 600 1508 671 sibiipsi
1534 599 1729 656 facere
1742 599 1923 656 debet
1936 599 2013 654 ad
2035 596 2303 653 studium

639 691 838 764 operis
858 706 966 762 pro
989 689 1218 745 viribus
1243 688 1620 745 conﬁciendi.
1640 691 1885 762 Oportet
1905 686 2304 759 unumquem-

638 797 779 854 que,
804 780 1146 853 praepositis
1160 779 1665 852 approbantibus,
1691 796 1831 836 cum
1853 779 2084 835 ratione
2106 775 2302 833 etani-

637 871 723 926 mi
747 869 1140 942 persuasione
1174 869 1256 924 ita
1281 869 1490 924 omnia
1521 868 1740 936 facere,
1779 884 1970 941 usque
1996 867 2076 924 ad
2100 868 2300 940 ipsum

639 960 821 1016 etiam
845 975 1019 1014 esum
1041 964 1096 1015 et
1116 964 1353 1031 potum,
1374 963 1439 1014 ut
1463 958 1542 1015 ad
1566 960 1664 1015 Dei
1687 959 1942 1030 gloriam
1962 957 2299 1015 referenda.

637 1051 767 1105 Non
793 1057 1028 1121 oportet
1049 1048 1127 1103 ab
1150 1063 1274 1104 uno
1305 1049 1383 1104 ad
1412 1048 1601 1104 alium
1630 1048 1905 1105 laborem
1936 1045 2303 1112 transire,ci-

637 1143 729 1194 tra
754 1137 1262 1210 approbationem
1281 1153 1493 1194 eorum
1514 1138 1620 1210 qui
1643 1143 1787 1195 sunt
1805 1138 1986 1194 rebus
2001 1135 2303 1209 ejusmodi

635 1226 1027 1283 moderandis
1048 1227 1374 1299 pfthOSiti;
1396 1227 1510 1282 nisi
1525 1228 1882 1301 quempiam
1903 1224 2304 1284 ineluctabilis

633 1315 964 1372 necessitas
986 1315 1065 1372 ad
1088 1316 1384 1371 auxilium
1405 1315 1714 1373 debilioris
1746 1317 1946 1373 subito
1969 1315 2298 1373 vocaverit:

635 1404 820 1462 debet
850 1405 1281 1479 unusquisque
1330 1422 1576 1462 manere
1606 1408 1666 1462 in
1717 1423 1788 1463 eo
1819 1407 1988 1480 quod
2013 1407 2128 1479 ipsi
2156 1421 2306 1478 prte-

636 1495 929 1568 scriptum
962 1499 1087 1564 est;
1137 1511 1248 1551 nec
1285 1497 1599 1569 propriam
1630 1513 1983 1553 mensuram
2010 1503 2306 1567 transgre-

634 1583 829 1656 diens,
861 1585 1110 1656 aggredi
1141 1602 1264 1641 non
1292 1588 1643 1660 priescripta
1665 1605 1678 1655 ;
1703 1588 1818 1643 nisi
1845 1587 1902 1658 ii,
1933 1587 2157 1660 quibus
2178 1587 2306 1642 haec

637 1675 971 1730 commissa
989 1680 1148 1741 sunt,
1165 1675 1433 1748 aliquem
1460 1676 1684 1732 auxilio
1706 1676 1977 1746 indigere
1993 1675 2303 1747 judicave-

2414 510 2574 579 μένων
2636 507 2708 569 εἰς
2765 503 2924 570 δόξαν
2981 515 3254 582 Χριστοῦ,
3309 505 3659 569 ἐκϐιάζεσθαι
3717 509 3880 564 ἑαυτὸν
3927 516 3984 577 εἰς

2412 600 2506 655 τὴν
2539 593 2779 656 σπουδὴν
2818 605 2910 650 τοῦ
2958 600 3093 650 κατά
3142 594 3366 670 δύναμιν
3429 600 3600 672 ἔργου.
3653 597 3770 652 Ὀτι
3797 598 3872 654 δεῖ
3894 605 3986 656 ἐκα-

2414 707 2536 740 στου
2567 684 2860 761 δοκιμασίᾳ
2888 697 2988 740 τῶν
3034 694 3377 762 προεστώτων
3426 689 3541 761 (83)
3580 693 3712 761 μετά
3738 689 3882 764 λόγου
3909 701 3980 747 καὶ

2413 778 2765 853 πληροφορίας
2813 779 2948 832 οὕτω
3013 786 3178 832 ποιεῖν
3245 779 3458 848 πάντα,
3527 780 3662 854 οῖχρι
3707 786 3795 833 καὶ
3844 781 3979 836 αύτού

2411 877 2503 920 τοῦ
2558 876 2738 941 φαγεῖν
2777 875 2868 922 καὶ
2909 877 3064 936 πιεῖν,
3129 870 3201 930 ὡς
3256 867 3328 931 εἰς
3363 865 3522 932 δόξαν
3579 865 3711 922 Θεοῦ
3747 875 3977 944 γινόμενα.

2409 956 2530 1010 Ὀτι
2560 958 2619 1010 ού
2652 954 2734 1011 δεῖ
2763 957 2847 1031 ἀφ’
2906 957 3080 1031 ἐτέρου
3139 958 3210 1019 εἰς
3265 958 3433 1032 ἕτερον
3489 960 3637 1032 ἔργον
3691 958 3979 1032 μεταϐαίνειν

2411 1049 2530 1100 ἄνευ
2559 1056 2654 1111 τῆς
2699 1045 3023 1122 δοκιμασίας
3082 1056 3180 1100 τῶν
3230 1047 3301 1110 εἰς
3357 1051 3416 1100 τὸ
3467 1044 3756 1101 διατυποῦν
3804 1053 3864 1103 τά
3895 1070 3981 1103 τοι·

2412 1145 2547 1190 αῦτα
2571 1137 2980 1211 ἐπιτεταγμένων
3011 1140 3129 1206 (84)
3153 1159 3166 1171 ·
3207 1138 3354 1200 ἐκτὸς
3382 1137 3426 1190 εἰ
3454 1143 3527 1211 μή
3559 1140 3660 1190 πού
3699 1158 3812 1191 τινα
3846 1137 3980 1214 ἀπαρ·

2413 1232 2626 1290 αίτητος
2694 1228 2896 1299 ἀνάγκη
2976 1227 3042 1288 εἰς
3118 1226 3369 1300 βοήθειαν
3445 1234 3538 1280 τοῦ
3596 1223 3982 1290 αδυνατὴσαντος

2412 1317 2595 1375 καλοίη
2628 1315 2910 1390 αἰφνίδιον.
2967 1315 3088 1369 “On
3137 1313 3222 1369 δεῖ
3267 1317 3488 1369 ἕκαστον
3536 1321 3702 1390 μένειν
3742 1315 3786 1369 ἐν
3831 1318 3866 1388 ᾧ
3894 1317 3983 1370 ira-

2414 1409 2547 1480 χθη,
2597 1411 2814 1479 καὶμὴ,
2855 1405 3236 1479 ὑπερϐαίνοντα
3290 1409 3349 1458 τὸ
3397 1402 3540 1458 ἴδιον
3593 1410 3789 1480 μέτρον,
3818 1405 3984 1459 ἐπιϐαί-

2413 1517 2514 1550 νειν
2570 1504 2676 1560 τοῖς
2724 1500 2796 1569 μὴ
2841 1495 3275 1568 ἓπιτεταγμένοις,
3333 1496 3377 1548 εἰ
3424 1501 3496 1568 μή
3556 1515 3609 1548 τι
3657 1494 3716 1547 ἄν
3767 1499 3814 1548 οἱ
3845 1505 3982 1549 ταῦτα

2415 1590 2814 1659 πεπιστευμένοι
2871 1583 3210 1660 δοκιμάσωσί
3269 1605 3388 1638 τινα
3421 1586 3702 1659 χρῄζοντα
3751 1585 3978 1660 βοηθείας.

2414 1675 2537 1728 Ὀτι
2566 1675 2624 1728 ού
2657 1671 2740 1728 δεῖ
2771 1673 2854 1748 ἀφ’
2877 1675 3050 1751 ἐτέρου
3073 1673 3430 1750 ἐργαστηρίου
3464 1675 3534 1736 εἰς
3559 1676 3724 1748 ἕτερον
3753 1677 3979 1749 εὑρίσκεσ-

636 1761 773 1818 rint.
802 1766 930 1819 Non
943 1769 1180 1836 oportet
1194 1765 1440 1837 reperiri
1459 1767 1810 1838 quempiam
1831 1767 1910 1822 ab
1927 1765 2044 1822 alia
2065 1765 2299 1821 ofﬁcina

2420 1768 2508 1818 θαι
2537 1785 2671 1821 τινα.
2704 1764 2825 1818 Ὀτι
2855 1765 2913 1818 ού
2946 1762 3189 1818 δεῖκατά
3223 1763 3540 1837 φιλονεικίαν
3583 1766 3613 1825 ἦ
3645 1768 3746 1841 ἔριν
3769 1773 3851 1824 την
3873 1769 3976 1839 πρὸς

638 1850 702 1907 in
733 1851 914 1908 aliam
949 1853 1297 1910 abeuntem.
1330 1854 1484 1910 Nihil
1532 1871 1602 1911 ex
1651 1857 2056 1912 contentionis
2101 1854 2305 1912 studio

637 1946 742 1997 aut
773 1957 847 1997 ex
869 1941 1168 1999 simultate
1200 1959 1340 1999 cum
1371 1943 1577 2017 aliquo
1608 1950 1892 2018 suscepta
1933 1945 2302 2002 faciendum.

708 2033 762 2086 3.
797 2030 1194 2086 invidendum
1224 2047 1345 2088 non
1376 2038 1468 2089 est
1499 2033 1743 2089 alterius
1773 2034 1961 2104 laudi,
1991 2051 2190 2107 neque
2210 2050 2308 2090 cu-

631 2118 922 2190 jusquam
937 2119 1095 2176 vitiis
1108 2119 1323 2177 laetand
1335 2137 1460 2176 um.
1479 2124 1725 2195 Oportet
1747 2123 1808 2178 in
1829 2123 2121 2179 charitate
2143 2122 2308 2180 Chri'

639 2207 713 2262 sti
733 2206 937 2264 dolere
968 2213 1026 2263 et
1052 2207 1328 2265 aﬂlictari
1357 2209 1433 2265 de
1459 2209 1658 2266 fratris
1682 2211 1862 2279 vitiis,
1887 2211 2152 2282 gaudere
2167 2227 2307 2268 vero

635 2295 717 2352 ob
745 2295 904 2352 illius
926 2301 1082 2353 recte
1105 2298 1284 2354 facta.
1308 2301 1435 2355 Non
1459 2305 1697 2372 oportet
1715 2301 2160 2377 indifferentem
2177 2317 2306 2357 esse

638 2400 782 2455 erga
814 2391 1158 2457 peccantes,
1192 2393 1296 2444 aut
1340 2388 1574 2445 silentio
1619 2405 1725 2446 eos
1757 2390 2034 2446 tolerare.
2065 2392 2309 2463 Oportet

639 2476 829 2546 utqui
849 2476 1176 2547 redarguit,
1203 2495 1340 2534 cum
1365 2480 1531 2535 omni
1557 2481 2084 2538 commiseratione
2104 2481 2306 2537 redar-

639 2570 786 2632 guat
817 2581 889 2619 ex
933 2566 1035 2621 Dei
1088 2566 1322 2639 timore,
1378 2573 1434 2625 et
1466 2585 1538 2625 eo
1577 2570 1829 2627 consilio
1885 2576 1950 2628 ut
1997 2575 2307 2628 convertat

635 2658 1012 2725 peccantem.
1049 2656 1295 2727 Oportet
1321 2661 1383 2714 ut
1430 2661 1536 2731 qui
1573 2659 1958 2730 redarguitur
1987 2666 2091 2717 aut
2118 2661 2305 2717 incre-

636 2743 1107 2815 patur,libenter
1136 2745 1196 2801 id
1221 2747 1499 2820 accipiat,
1519 2765 1695 2805 suam
1727 2751 1919 2822 ipsius
1943 2751 2005 2807 in
2035 2751 2306 2824 increpa-

635 2830 798 2888 tione
831 2832 1145 2891 utilitatem
1195 2852 1555 2906 agnoscens.
1604 2843 1733 2896 Non
1773 2846 2010 2913 oportet
2041 2847 2124 2910 ut,
2161 2857 2304 2898 cum

637 2920 859 2994 aliquis
892 2929 1231 2997 accusatur,
1254 2927 1405 2983 alius
1434 2945 1640 2985 coram
1666 2930 1768 2986 illo
1798 2938 1900 2988 aut
1937 2947 2143 2988 coram
2174 2932 2303 2988 aliis

636 3013 946 3070 nonnullis
979 3017 1351 3075 contradicat
1400 3022 1732 3080 accusanti.
1770 3023 1940 3089 Quod
1971 3024 2020 3079 si
2051 3025 2302 3097 quando

2418 1875 2535 1908 τινα
2563 1862 2729 1909 ποιεῖν
2758 1875 2828 1910 τι.

2491 2041 2544 2093 3.
2588 2034 2711 2088 Ὀτι
2742 2035 2801 2088 ού
2834 2030 2921 2087 δεῖ
2968 2035 3166 2107 φθονεῖν
3301 2034 3483 2108 ἐτέρου
3516 2031 3856 2108 εὐδοκιμήσει,
3883 2035 3974 2085 οὔτε

2419 2126 2714 2201 ἐπιχαίρειν
2782 2124 3116 2186 ἐλαττώμασί
3172 2143 3331 2187 τινος.
3382 2123 3515 2178 Ὀτι
3574 2120 3654 2177 δεῖ
3723 2123 3768 2176 έν
3831 2121 3970 2195 ἀγάπῃ

2418 2223 2653 2290 Χριστοῦ
2717 2215 3000 2268 λυπεῖσθαι
3065 2216 3156 2287 μεν
3209 2218 3300 2266 καὶ
3359 2213 3736 2288 συντρίϐεσθαι
3781 2212 3852 2265 ἐπὶ
3895 2215 3976 2270 τοίς

2416 2314 2506 2359 τοῦ
2558 2302 2784 2378 ἀδελφοῦ
2839 2303 3218 2377 ἑλαττωμασιν,
3253 2303 3633 2378 εὐφραίνεσθαι
3686 2299 3740 2356 δὲ
3771 2301 3840 2354 ἐπὶ
3889 2307 3975 2360 τοῖς

2417 2398 2842 2472 κατορθώμασιν.
2875 2395 2995 2447 ’Ὁτι
3025 2395 3084 2447 ού
3130 2390 3213 2446 δεῖ
3250 2391 3570 2468 ἀδιαφορεῖν
3599 2394 3681 2447 ἐπὶ
3706 2399 3798 2454 τοῖς
3836 2390 3974 2464 ἀμαρ-

2415 2491 2684 2557 τάνουσιν,
2715 2487 2746 2546 ἦ
2799 2485 3161 2558 ἐφησυχάζειν
3215 2483 3426 2546 αὐτοῖς.
3456 2483 3580 2536 ’Ὁτι
3636 2480 3714 2537 δεῖ
3759 2484 3833 2532 τὸν
3859 2478 3973 2550 ἐλέγ-

2415 2597 2587 2649 χοντα
2642 2578 2770 2649 μετὰ
2827 2577 3006 2637 πάσης
3063 2573 3468 2646 εὐσπλαγχνίας
3523 2572 3662 2646 φόϐῳ
3703 2572 3800 2642 (85)
3849 2574 3972 2635 Θεοῦ,

2415 2671 2504 2719 καὶ
2567 2673 2746 2736 σκοπῷ
2794 2672 2888 2717 τοῦ
2928 2663 3242 2739 ἐπιστρέψαι
3291 2668 3380 2715 τὸν
3453 2663 3817 2736 ἁμαρτάνοντα,

2415 2776 2553 2829 χειν,
2586 2755 2704 2808 ⁶Οτι
2736 2751 2819 2807 δεῖ
2865 2757 2953 2806 ’ὸν
2996 2753 3336 2826 ὓ.εγχὸμενον
3381 2753 3424 2812 ἦ
3461 2753 3816 2825 ἐπιτιμώμενον
3841 2765 3970 2799 κατα-

2417 2842 2677 2918 δέχεσθαι
2733 2846 3037 2917 προθύμως,
3103 2843 3442 2918 γνωρίζοντα
3502 2845 3560 2895 τὸ
3623 2841 3794 2894 ἑαυτοῦ
3839 2835 3971 2910 ὄφελος

2415 2935 2464 2988 ἐν
2502 2943 2564 3008 τῇ
2629 2931 2936 3010 διορθώσει.
2992 2932 3112 2985 Ὃτι
3165 2932 3222 2985 ού
3265 2928 3368 3000 δεῖ,
3439 2932 3800 3005 ἐγκαλουμένου
3845 2929 3966 2990 τινός,

2413 3024 2564 3077 ἄλλον
2622 3023 2836 3077 ἐνώπιον
2890 3023 3082 3076 ἐκείνου
3127 3023 3157 3081 ἢ
3209 3020 3373 3074 ἄλλων
3435 3031 3584 3075 τινῶν
3624 3019 3873 3091 ἀντιλέγειν
3916 3020 3967 3083 τῷ

637 3104 950 3160 accusatio
972 3105 1246 3162 videatur
1262 3108 1440 3164 alicui
1463 3125 1499 3165 a
1520 3112 1750 3167 ratione
1781 3111 1998 3184 aliena,
2020 3114 2298 3185 privatim

2417 3114 2744 3187 ἐγκαλοῦντι.
2818 3113 2933 3166 Ἐὰν
3001 3109 3060 3166 δὲ
3135 3113 3238 3184 ἄρα
3311 3115 3448 3166 ποτε
3524 3112 3703 3183 ἀλογον
3750 3115 3863 3182 φανῇ
3924 3105 3964 3155 τό

635 3199 1068 3263 coarguentem
1115 3195 1492 3268 interrogare
1545 3200 1743 3268 debet,
1781 3207 1962 3275 atque
2015 3209 2120 3260 aut
2175 3220 2305 3277 per-

634 3281 914 3351 suadere,
949 3289 1052 3339 aut
1085 3288 1460 3356 persuaderi.
1517 3290 1759 3361 Oportet
1796 3307 2302 3367 unumquemque

631 3376 933 3442 quantum
965 3372 1028 3429 in
1057 3389 1120 3429 se
1150 3380 1261 3440 est,
1295 3377 1348 3432 ei
1380 3377 1482 3450 qui
1507 3378 1835 3436 adversum
1864 3397 1928 3438 se
1949 3383 2178 3456 aliquid
2198 3384 2300 3440 ha-

632 3458 850 3530 buerit,
908 3462 1158 3518 mederi.
1203 3467 1331 3521 Non
1361 3470 1841 3527 succensendum
1875 3471 1927 3528 ei
1955 3489 2138 3545 quem
2161 3489 2301 3545 pec-

633 3563 808 3606 casse
821 3550 1212 3623 poenitet,sed
1236 3570 1309 3610 ex
1327 3557 1508 3613 corde
1531 3558 2030 3618 condonandum.
2058 3564 2302 3636 Oportet

631 3655 773 3696 eum
799 3639 905 3712 qui
936 3643 1165 3712 peccati
1197 3645 1485 3716 poenitere
1516 3663 1579 3702 se
1600 3647 1764 3720 dicit,
1806 3667 1931 3707 non
1970 3653 2300 3725 compungi

633 3729 832 3786 solum
855 3729 934 3786 ob
957 3737 1276 3804 peccatum
1308 3735 1675 3808 admissum,
1721 3739 1827 3796 sed
1857 3740 2084 3798 fructus
2118 3744 2298 3800 etiam

630 3821 998 3892 pmnitentiae
1029 3821 1248 3893 dignos
1279 3824 1498 3885 facere.
1533 3829 1643 3894 Qui
1680 3845 1790 3902 pro
1821 3831 2126 3903 prioribus
2161 3849 2298 3906 pec-

631 3909 782 3964 catis
812 3915 1122 3983 correptus
1172 3919 1279 3986 est,
1339 3931 1411 3972 ac
1454 3918 1697 3974 veniam
1747 3926 2126 3988 consecutus,
2159 3923 2209 3978 is
2249 3923 2298 3979 si

629 4013 840 4054 rursus
873 4003 1232 4071 peccaverit,
1263 4003 1526 4061 deterius
1572 4008 1771 4080 priore
1817 4017 2133 4084 comparat
2158 4012 2299 4069 sibi-

629 4086 872 4159 metipsi
912 4088 1209 4159 judicium
1230 4091 1359 4150 irae.
1379 4094 1488 4159 Qui
1510 4101 1648 4168 post
1676 4099 1940 4170 primam
1960 4106 2018 4158 et
2045 4101 2296 4160 alteram

630 4173 1114 4233 admonitionem
1135 4189 1452 4251 permanet
1470 4183 1531 4239 in
1555 4185 1912 4251 delicto,suo
1932 4189 2296 4248 iudicandus

628 4265 978 4355 praeposito,
1009 4267 1060 4322 si
1088 4267 1237 4324 forte
1271 4285 1410 4327 eum
1451 4288 1488 4328 a
1516 4272 1793 4344 pluribus
1822 4284 2168 4352 correptum
2188 4297 2296 4355 pu-

628 4352 793 4411 deat.
838 4355 1011 4420 Quod
1057 4357 1108 4412 si
1147 4373 1222 4414 ne
1275 4359 1358 4415 sic
1389 4361 1639 4434 quidem
1687 4368 2046 4425 emendatus
2099 4352 2292 4442 fuerit,

628 4442 916 4517 deinceps
946 4446 1393 4504 exscindendus
1441 4457 1554 4522 est,
1587 4458 1652 4510 ut
1699 4457 2080 4524 scandalum,
2115 4465 2294 4536 atque

625 4531 950 4590 habendus
972 4551 1081 4607 pro
1105 4538 1347 4596 ethnico
1367 4557 1437 4598 ac
1457 4544 1788 4615 publicano
1813 4549 1890 4604 ad
1913 4531 2293 4609 securitatem

627 4637 838 4679 eorum
868 4625 974 4697 qui
1004 4627 1418 4687 obedientiam
1445 4634 1558 4690 sibi
1589 4637 1788 4693 studio
1814 4638 2062 4709 habent,
2082 4659 2292 4700 secun-

627 4711 778 4804 dum
808 4713 871 4770 id
903 4716 1069 4788 quod
1091 4718 1320 4775 dictum
1344 4727 1432 4778 est
1456 4741 1468 4779 :
1495 4725 1700 4797 lmpiis
1739 4728 2119 4801 cadentibus,
2147 4733 2295 4804 justi

628 4801 844 4892 timore
866 4807 1292 4879 corripiuntur.
1320 4814 1434 4868 Sed
1465 4820 1523 4870 et
1552 4815 1870 4874 deﬂendus
1891 4827 1996 4892 est,
2021 4827 2087 4878 ut
2105 4801 2292 4880 mem-

626 4888 810 4984 brum
845 4909 1161 4984 aycorpore
1197 4901 1362 4972 101
1401 4903 1761 4962 abscissum.
1799 4911 1928 4966 Non
1958 4888 2192 4984 oportet
2230 4914 2292 4970 in

628 4979 947 5038 iracundia
967 4983 1165 5042 fratris
1189 4989 1379 5046 solem
1402 4994 1697 5066 occidere,
1720 5012 1796 5054 ne
1815 5013 1933 5055 nox
1966 4979 2291 5076 utrumque

631 5075 890 5142 separet,
919 5087 989 5130 ac
1020 5073 1080 5130 in
1110 5074 1208 5132 die
1252 5079 1466 5150 judicii
1508 5085 1734 5144 crimen
1773 5089 2154 5150 ineluctabile
2190 5073 2289 5151 re-

701 5195 814 5282 gsgj
849 5196 1020 5282 (_V“ide
1053 5199 1396 5282 Addenda.)

699 5269 815 5356 (ξιξ)
854 5269 1495 5356 Τῶν....,ἐπιτεῖαγμένῳ.
1533 5281 1642 5356 ῖδὶρ
1687 5287 1827 5356 Reg.
1866 5291 1924 5344 et
1978 5289 2157 5346 Coisl.
2201 5307 2290 5347 se-

630 5339 1470 5437 cundush‘etﬁdu‘omCoipbef:
1532 5339 2289 5437 Editii§§,:.'_é1wrt¥ev{at7p‘é-

627 5429 738 5466 νου.
770 5413 944 5498 Ooisl.
979 5414 1212 5486 primus
1271 5425 1328 5476 et
1371 5421 1468 5479 alii
1518 5413 1798 5484 nonnulli
1823 5413 2287 5490 'babentﬂé’rir'tis-

626 5500 894 5554 ταγμενοι.

702 5556 820 5637 (85),
856 5555 1023 5629 Φόϐῳ.
1056 5558 1207 5618 Editi
1231 5562 1468 5622 addunt
1492 5564 1563 5639 ἐν,
1597 5568 1704 5626 sed
1725 5571 1784 5629 in
1811 5573 1976 5631 nullo
2012 5576 2146 5634 cod.
2171 5594 2284 5638 ms.

629 5637 984 5698 reperimus.

2415 3205 2651 3278 ἔγκλημά
2691 3224 2795 3257 τινι
2847 3199 2968 3256 κατ’
2995 3199 3132 3256 ἰδίαν
3162 3209 3319 3254 κινεῖν
3365 3201 3525 3274 λόγον
3576 3205 3700 3276 πρὸς
3737 3202 3816 3252 τὸν
3855 3196 3964 3267 ἐγκα-

2412 3295 2601 3348 λοῦντα
2649 3295 2784 3367 (86),
2843 3298 2934 3346 καὶ
2991 3293 3020 3353 ἦ
3072 3292 3428 3367 πληροφορεῖιι
3469 3293 3498 3352 ᾖ
3557 3286 3962 3367 πληροφορεῑσθαι.

2412 3384 2529 3438 “On
2605 3381 2690 3438 δεῖ
2735 3385 2992 3450 ἕκαστον,
3069 3384 3166 3441 ὅση
3239 3378 3498 3454 δύναμις,
3568 3381 3841 3455 θεραπεύειν
3899 3375 3961 3425 τὸν

2413 3477 2605 3548 ἔχοντά
2655 3494 2707 3527 τι
2767 3473 2883 3526 κατ’
2937 3471 3120 3527 αὐτοῦ.
3179 3470 3302 3524 ’Ὁτι
3366 3473 3435 3524 ού
3476 3468 3560 3525 δεῖ
3581 3471 3891 3544 μνησικακεῖν
3909 3467 3962 3532 τῷ

2413 3564 2782 3639 ἁμαρτήσαντι
2833 3568 2923 3615 καὶ
2973 3569 3322 3636 μετανοοῦντι,
3359 3560 3478 3614 ἀλλ’
3511 3561 3564 3615 ἐκ
3605 3556 3817 3635 καρδίας
3848 3554 3960 3626 ἀφεῖ-

2410 3673 2516 3712 ναι,
2547 3652 2671 3706 Ὀτι
2721 3649 2805 3705 δεῖ
2858 3654 2946 3704 τὸν
3001 3651 3216 3723 λέγοντα
3269 3658 3542 3724 μετανοεῖν
3576 3649 3647 3723 ἐφ’
3677 3648 3963 3722 ἁμαρτήματι

2409 3748 2481 3817 μὴ
2542 3747 2696 3817 μόνον
2748 3749 3108 3813 κατανυγῆναι
3166 3741 3240 3813 ἐφ’
3413 3744 3638 3814 ἥμαρτεν
3665 3781 3678 3806 ,
3735 3735 3848 3789 ἀλλά
3897 3733 3963 3783 καὶ

2409 3837 2642 3910 καρποὺς
2697 3831 2872 3896 ἀξίους
2918 3839 3143 3890 ποιῆσαι
3194 3838 3284 3892 τῆς
3330 3835 3629 3904 μετανοίας.
3685 3828 3793 3881 Ὂτι
3843 3823 3963 3876 ὁεπὶ

2407 3931 2515 3986 τοῖς
2566 3931 2795 3998 πρῶτοις
2847 3922 3198 3995 ἁμαρτήμασι
3244 3917 3578 3989 παιδευθεὶς,
3626 3923 3830 3976 καὶτῆς
3876 3910 3962 3982 ἀφέ-

2411 4034 2535 4075 σεως
2588 4013 2846 4080 ἀξιωθεὶς,
2891 4012 2975 4064 ἐὰν
3031 4011 3186 4064 πάλιν
3235 4011 3476 4086 ἁμάρτῃ,
3522 4017 3699 4086 χεῖρον
3740 4011 3822 4060 τοῦ
3867 4017 3960 4076 προ·

2406 4109 2554 4180 τέρου
2586 4101 2973 4162 κατασκευάζει
3021 4101 3186 4173 ἐαυτῷ
3235 4103 3292 4153 τὸ
3323 4109 3496 4176 κρῖμα
3541 4108 3637 4162 τῆς
3683 4089 3959 4172 ὀργῆς.“οτι

2409 4191 2492 4248 δεῖ
2541 4197 2628 4248 τὸν
2685 4195 2814 4267 μετὰ
2868 4197 2958 4252 τὴν
3013 4197 3226 4267 πρώτην
3289 4196 3382 4244 καὶ
3441 4187 3684 4264 δευτέραν
3735 4182 3957 4270 νουθεσίαν

2407 4283 2713 4357 ἐπιμένοντα
2766 4290 2838 4354 τῷ
2902 4281 3228 4355 ἐλαττώματι
3289 4280 3478 4334 ἑαυτοῦ
3537 4276 3864 4352 φανεροῦσθαι
3906 4286 3958 4357 τω

2403 4383 2696 4448 προεστῶτι
2725 4417 2739 4445 ,
2811 4371 2895 4425 ἐὰν
2958 4373 3063 4447 ἄρα
3108 4373 3208 4423 ὑπὸ
3261 4370 3508 4424 πλειόνων
3559 4366 3861 4439 ἐπιτιμηθεὶς
3907 4374 3960 4405 θ’

2404 4473 2601 4538 τραπῇ.
2659 4465 2773 4518 Ἐἀν
2823 4459 2883 4515 δὲ
2931 4459 3072 4536 μηδὲ
3109 4460 3246 4513 οὕτω
3295 4457 3674 4533 διορθώσηται,
3728 4458 3792 4515 ὡς
3842 4457 3962 4538 ﬂ":

2672 4515 2725 4518 -γ
2931 4515 2941 4536 ,
2990 4515 3000 4520 -
3383 4515 3392 4533 .
3556 4515 3564 4518 τ
3661 4515 3674 4529 ,
3949 4534 3956 4546 ,

2327 4515 2370 4570 D
2407 4551 2562 4607 δαλον
2612 4554 2956 4606 ἐκκόπτεσθαι
3003 4558 3095 4604 τοῦ
3137 4549 3320 4602 λοιποῦ
3353 4592 3368 4617 ,
3423 4553 3516 4601 καὶ
3567 4551 3636 4608 ὡς
3686 4543 3862 4598 ἐθνικὸν
3894 4551 3962 4585 και

2402 4643 2622 4702 τελώνην
2653 4645 2878 4718 ὁρᾶσθαι
2924 4644 3054 4718 πρὸς
3096 4644 3191 4698 τὴν
3244 4638 3529 4712 ἀσφάλειαν
3568 4644 3666 4688 τῶν
3707 4637 3794 4690 τὴν
3835 4640 3963 4679 σπουο

2406 4730 2505 4793 δὴν
2558 4741 2649 4794 τῆς
2703 4734 2941 4793 ὑπακοῆς
2993 4729 3381 4804 ἐργαζομένων,
3428 4729 3567 4780 κατά
3611 4728 3669 4778 τὸ
3717 4718 3960 4796 εἰρημένον,

2403 4823 2633 4876 Ἀσεϐῶν
2700 4825 3148 4890 καταπιπτόντων,
3213 4815 3416 4872 δίκαιοι
3476 4813 3690 4889 ἔμφοϐοι
3748 4813 3960 4882 γίνονται.

2404 4921 2487 4967 Δεῖ
2537 4910 2595 4966 δὲ
2651 4918 2742 4965 καὶ
2795 4913 2994 4964 πενθεῖν
3035 4909 3114 4962 ἐπ’
3159 4908 3322 4979 αύτῷ,
3370 4909 3440 4969 ὡς
3483 4906 3667 4979 μέλους
3702 4897 3961 4990 ἂκοπξντοξ

2402 5004 2456 5056 ἐκ
2503 5011 2595 5056 τοῦ
2628 5007 2890 5075 σώματος.
2924 4999 3045 5052 Ὅτι
3083 4998 3142 5051 ού
3173 4995 3258 5051 δεῖ
3295 4997 3344 5050 ἐν
3391 4998 3736 5069 παροργισμῷ
3773 4981 3961 5053 ἀδελφου

2401 5090 2646 5147 έπιδῦναι
2700 5095 2786 5144 τὸν
2827 5091 2994 5156 ἣλιον,
3033 5093 3104 5162 μή
3147 5107 3272 5142 ποτε
3319 5088 3349 5146 ἠ
3398 5084 3492 5148 νὺξ
3524 5080 3714 5154 διαστῇ
3763 5075 3962 5149 (δημε-

2470 5221 2586 5291 (86)
2623 5217 2787 5291 (Vide
2809 5213 3150 5291 Addenda.)
3263 5288 3270 5291 _
3415 5280 3466 5291 _V
3496 5279 3508 5290 θ

2468 5264 2585 5361 ἶ
2606 5264 3374 5361 Ᾱιαξτῇῗῇἶέδίδιᾷστήσῃ.
3407 5278 3584 5361 COisl.
3613 5264 3961 5361 secund‘uscf

2399 5345 2641 5418 aliiduo
2665 5377 2701 5418 a
2718 5345 2861 5416 Oom
2873 5345 3089 5416 belisio
3111 5356 3276 5413 citati
3297 5345 3607 5428 μεταστήσῃ
3653 5345 3957 5424 ἀμφοτέρους

2409 5435 2484 5458 λγ..
2499 5451 2533 5458 --
2547 5451 2569 5458 ..
2583 5451 2620 5458 μ
2636 5451 2673 5458 -.
2685 5441 2836 5458 ι..-..,..
2848 5447 2956 5458 ,μαι
2968 5429 3301 5458 ιηηκρρηυηι
3330 5423 3439 5458 ραι]
3454 5419 3750 5458 ι-ΩΗΠΩΠΓΙΩ
3765 5407 3959 5458 visaest

2396 5435 2484 5491 Ne
2498 5451 2620 5491 nox
2635 5441 2956 5503 utrumque
2966 5419 3940 5505 εναηείεναιζξεάτεῐρύοῐιόᾅἶίξξῑῗξ

2398 5487 2693 5601 scriptura
2706 5487 2977 5576 vulgata,
2993 5487 3211 5574 quae'in
3233 5493 3668 5571 antiquissimis
3687 5487 3862 5566 exstat
3879 5493 3958 5534 co-

2401 5578 2510 5601 .1:-:
2563 5595 2630 5601 ---
2661 5576 2936 5601 u-.:|:x...-
2962 5578 3016 5601 ,ιι
3042 5572 3189 5601 (“Ah-.1
3229 5571 3426 5601 “mh-nn
3466 5545 3955 5601 thencfnnlmad

2398 5523 2508 5561 SCl‘l
2560 5523 2692 5561 tura
2714 5523 2977 5576 vungata,
2993 5523 3127 5574 quas
3148 5523 3211 5555 lu
3233 5523 3668 5571 uuuquwsuxu:
3687 5523 3862 5566 amnt»
3880 5523 3920 5534 νη

2396 5523 2633 5634 dicigus
2657 5576 2939 5632 Medicaeo
2960 5578 3018 5630 et
3041 5572 3212 5628 Coisl.
3229 5571 3447 5649 primo.
3465 5569 3614 5622 Satis
3631 5566 3723 5649 est
3729 5565 3920 5649 cpi-111E

2399 5632 3345 5721 Basiliisensummtmetuendum
3356 5640 3532 5709 sit,ne
3542 5650 3654 5693 vox
3665 5632 3952 5696 utrumque
