4114 6414
172 297 241 355 293
1202 308 1696 367 EPISTOLARUM
1733 303 2017 364 CLASSIS
2056 309 2096 362 I.
2138 309 2360 368 EPIST.
2406 311 2590 366 XXIII.

3485 320 3597 376 294

176 426 266 490 τεξὺ
321 423 697 502 ἃμφοτέρων,
769 434 872 483 καὶ
930 432 1200 508 κάταλιπη
1264 433 1313 487 ἄν
1370 436 1543 509 ἡμέρᾳ
1594 437 1820 506 κρίσεως

1945 432 2201 505 linquat.
2230 436 2492 508 Tempus
2521 449 2645 491 non
2664 433 3142 507 protrahendum
3176 438 3252 494 ad
3285 440 3375 496 sui
3396 456 3602 498 emen-

183 517 504 594 ἀπαραίτητον
575 518 876 592 ἔγκλημα.
933 519 1059 574 Ὀτι
1111 523 1173 575 ού
1236 519 1320 576 δεῖ
1342 526 1523 596 καιρὸν
1555 521 1818 595 ἀναμένειν

187 609 247 663 ἰπὶ
405 606 616 660 ἑαυτοῦ
689 605 1018 684 διορθώσει,
1071 609 1167 665 διὰ
1204 616 1262 664 τὸ
1302 617 1373 685 μὴ
1405 611 1631 684 ἀσφαλες
1679 615 1820 684 ἔχειν

186 706 275 775 περὶ
321 703 410 760 της
463 699 699 772 αὔριον*
771 701 857 752 ὅτι
899 700 1082 754 πολλοὶ
1106 702 1269 755 πολλὰ
1292 701 1698 774 βουλευσάμενοι
1727 721 1821 760 την

187 795 335 864 αὔριον
361 789 422 841 οὐ
456 787 802 841 κατέλαϐον.
834 789 959 842 Ὀτι
989 791 1048 843 ού
1085 787 1169 844 δεῖ
1199 790 1502 845 ἀπατᾶσθαι
1554 796 1824 864 χορτασίᾳ

188 881 377 950 κοιλίας,
407 876 490 932 δι’
523 880 594 939 ἧς
613 883 863 952 γίνονται
886 886 1494 954 φαντασίαινυκτεριναί.
1512 880 1633 932 ’Ὁτι
1654 881 1712 932 ού
1741 877 1825 932 δεῖ

185 972 549 1047 περισπᾶσθαι
584 969 662 1030 εἰς
691 971 923 1043 ἄμετρον
943 968 1216 1044 ἐργασίαν,
1243 977 1330 1023 καὶ
1357 969 1680 1045 ὑπερϐαίνειν
1702 974 1822 1031 τοὺς

177 1063 426 1134 ὄρουςτῆς
483 1058 848 1130 αὐταρκείας,
897 1061 1034 1112 κατὰ
1086 1061 1174 1112 τὸν
1216 1057 1531 1113 Ἀπόστολον
1587 1058 1817 1111 εἰπόνταο

173 1149 429 1221 Ἔχοντες
499 1142 566 1199 δὲ
636 1143 959 1219 διατροφὰς,
1027 1152 1118 1200 καὶ
1186 1150 1557 1221 σκεπάσματα,
1618 1150 1822 1209 τούτοις

180 1239 662 1315 ἀρκεσθησόμεθα·
691 1237 806 1309 ζὸτι
834 1238 863 1295 ἡ
888 1243 1188 1310 περισσεία,
1219 1241 1249 1297 ἡ
1284 1239 1412 1314 ὑπὲρ
1470 1242 1564 1296 τὴν
1610 1243 1816 1310 χρείαν,

177 1330 362 1384 εἰκόνα
378 1327 692 1390 πλεονεξίας
710 1325 969 1399 ἐμφαίνει,
989 1328 1019 1384 ἡ
1047 1324 1106 1380 δε
1121 1327 1386 1391 πλεονεξία
1421 1327 1684 1400 ἀπόφασιν
1707 1329 1820 1399 ἔχει

175 1416 650 1492 εἰδωλολατρείας.
709 1415 834 1470 Ὀτι
885 1418 945 1469 ού
1008 1415 1088 1471 δεῖ
1143 1419 1461 1494 φιλάργυρον
1502 1416 1655 1487 εἶναι,
1695 1415 1820 1470 οὐδὲ

171 1510 535 1585 θησαυρίζειν
567 1509 650 1571 εἰς
676 1507 909 1580 ἀνωφελῆ
944 1507 980 1560 ἂ
1008 1514 1079 1581 μὴ
1113 1505 1214 1562 δεῖ.
1243 1507 1363 1562 Ὀτι
1395 1505 1480 1562 δεῖ
1533 1512 1621 1561 τὸν
1651 1527 1818 1582 προσ-

166 1605 469 1675 ερχόμενον
501 1607 630 1670 Θεῷ
672 1596 1049 1670 ἁκτημοσύνην
1109 1597 1445 1662 άσπὰζεσθαι
1497 1601 1633 1650 κατὰ
1683 1600 1818 1650 πάν-

158 1710 257 1758 τα,
292 1695 385 1742 καί
413 1688 809 1760 καθηλῶμὲνον
867 1684 995 1740 εἶναι
1020 1696 1092 1759 τῷ
1122 1686 1260 1760 φόϐῳ
1322 1685 1415 1740 τοῦ
1469 1694 1626 1759 Θεοῦ,
1684 1689 1821 1740 κατὰ

151 1784 254 1834 τόν
331 1779 587 1832 εἰπόντα·

139 1871 377 1942 σάρκας
472 1887 612 1940 μου·
703 1864 808 1918 ἀπὸ
886 1868 989 1939 γὰρ
1050 1874 1150 1918 τῶν
1214 1869 1476 1942 χριμάτων
1548 1885 1642 1918 σου
1710 1864 1821 1938 ἐφο-

129 1958 337 2018 ϐήθην
397 1959 554 2029 (88).
617 1962 738 2027 Agim
807 1951 868 2008 δε
921 1957 946 2008 ὀ
1004 1959 1214 2032 Κύριος,
1249 1959 1380 2028 μετὰ
1417 1957 1591 2017 πάσης
1629 1955 1821 2028 πληρο-

136 2052 354 2121 φορίας
409 2049 562 2120 ὑμᾶς
609 2041 1035 2117 ἁναδεξαμίνους
1090 2049 1156 2098 τὰ
1221 2046 1486 2120 εἰρημένα,
1548 2049 1613 2105 εὶς
1662 2041 1820 2107 δόξαν

134 2141 298 2191 Θεοῦ
346 2139 608 2212 καρπούς
682 2133 866 2197 ἀξίους
917 2143 1011 2187 τοῦ
1071 2137 1362 2208 Πνεύματος
1451 2131 1821 2197 ἐπιδείξασθαι

138 2233 310 2281 Θεοῦ
350 2223 586 2298 εὐδοκία
619 2227 718 2276 καὶ
755 2228 1002 2300 συνεργίᾳ
1029 2232 1121 2278 τοῦ
1188 2229 1383 2298 Κυρίου
1437 2226 1584 2297 ἡμῶν
1640 2225 1820 2284 Ἰησοῦ

137 2323 432 2389 Χριστοῦ,
469 2314 527 2367 Ἀ
539 2318 680 2388 μὴν.

759 2425 1100 2474 ΕΠΙΣΤΟΛΗ
1143 2420 1224 2474 ΚΓ
1237 2463 1250 2477 .

1932 520 2343 589 dationem,eo
2377 523 2552 596 quod
2574 539 2697 580 non
2719 528 2952 580 constet
2968 524 3042 580 de
3065 529 3361 601 crastina;
3381 531 3606 604 quippe

1933 627 2072 666 cum
2131 613 2304 669 multi
2353 619 2494 686 post
2546 613 2742 669 multa
2797 613 3073 684 consilia,
3111 619 3439 675 crastinum
3477 636 3601 677 non

1932 700 2136 772 adepti
2159 707 2318 759 sunt.
2343 705 2471 758 Non
2493 707 2730 774 oportet
2749 703 2974 759 ventris
3001 705 3269 762 satietate
3283 708 3600 781 decipi,’ex

1931 805 2054 862 qua
2100 791 2400 860 imagines
2440 798 2750 848 nocturnae
2793 799 3148 853 nascuntur.
3195 799 3323 852 Non
3361 804 3602 871 oportet

1932 879 2184 936 distrahi
2206 896 2387 952 opere
2414 881 2840 951 immoderato,
2859 899 2970 939 nec
3023 883 3222 952 debet,
3273 888 3601 961 quisquam

1931 967 2288 1037 frugalitatis
2309 970 2598 1026 terminos
2630 969 2938 1038 excedere,
2975 973 3310 1030 secundum
3342 981 3601 1048 Aposto-

1929 1056 2058 1113 lum
2080 1058 2713 1116 dicentemzHabentes
2735 1066 2933 1116 autem
2960 1063 3272 1133 alimenta,
3298 1071 3354 1121 et
3385 1067 3601 1138 quibus

1932 1153 2226 1218 tegamur,
2253 1149 2346 1205 his
2370 1153 2637 1206 contenti
2655 1151 2878 1206 erimus
2899 1152 3271 1223 ’;propterea
3296 1155 3462 1226 quod
3502 1172 3600 1213 co-

1929 1237 2032 1309 pia
2057 1237 2210 1294 ultra
2234 1239 2657 1294 necessitatem
2681 1239 3310 1311 perductaimaginem
3337 1245 3600 1302 avaritia:

1929 1326 2446 1394 exhibet,avaritia
2468 1327 2824 1384 idololatriae
2848 1329 3086 1387 nomine
3107 1331 3602 1391 damnaturaJ‘lon

1928 1423 2164 1489 oportet
2186 1418 2419 1487 argenti
2443 1418 2737 1489 cupidum
2759 1434 2908 1484 esse,
2929 1436 3129 1492 neque
3151 1422 3464 1479 thesauros
3484 1424 3601 1481 col-

1927 1505 2110 1576 ligere
2139 1506 2198 1562 in
2226 1523 2320 1562 res
2344 1507 2583 1564 inutiles
2614 1523 2751 1579 quin
2777 1523 2901 1563 non
2925 1510 3310 1569 conveniant.
3355 1513 3604 1586 Oportet

1928 1600 1995 1650 ut
2023 1595 2127 1667 qui
2153 1595 2231 1652 ad
2253 1599 2440 1651 Deum
2471 1596 2723 1666 accedit,
2748 1603 3171 1669 paupertatem
3199 1600 3600 1672 amplectatur

1929 1683 2313 1753 inomnibus,
2337 1684 2696 1741 etconﬁxus
2721 1686 3034 1743 sitotimore
3085 1688 3209 1758 Dei,
3261 1694 3600 1749 secundum

666 1775 990 1835 Καθήλωσον
1051 1775 1105 1829 ἐκ
1159 1786 1252 1830 τοῦ
1315 1776 1474 1849 φοϐον
1543 1796 1638 1829 σου
1729 1779 1819 1837 τὰς

1945 1790 2070 1830 eum
2091 1775 2196 1847 qui
2216 1775 2635 1845 dicit:Conﬁge
2651 1777 2866 1832 timore
2889 1782 2990 1833 tuo
3014 1793 3224 1834 carnes
3246 1794 3440 1849 meas;
3459 1784 3602 1852 aju-

1929 1864 2102 1920 diciis
2119 1865 2274 1920 enim
2297 1866 2412 1919 tuis
2429 1866 2602 1921 timui
2619 1867 2659 1920 δ.
2697 1868 2801 1922 Det
2825 1872 3028 1922 autem
3057 1868 3446 1932 Dominus,ut
3463 1887 3600 1943 quae

1929 1952 2197 2008 diximus
2225 1969 2365 2009 cum
2377 1954 2546 2009 omni
2569 1954 2758 2010 animi
2781 1955 3176 2027 persuasione
3205 1959 3601 2031 suscipientes

1931 2042 2009 2098 ad
2041 2042 2140 2098 Dei
2161 2041 2415 2113 gloriam
2439 2043 2656 2112 dignos
2678 2043 2908 2099 fructus
2940 2044 3217 2115 Spiritus,
3268 2045 3372 2101 Dei
3419 2045 3602 2101 bene-

1930 2131 2172 2204 placito,
2202 2136 2382 2203 atque
2413 2131 2650 2188 Domini
2683 2132 2872 2189 nostri
2903 2132 3066 2203 _Jesu
3114 2133 3331 2191 Christi
3377 2133 3601 2191 auxilio

1933 2221 2290 2278 ostendatis.
2323 2225 2540 2279 Amen.

2485 2421 2823 2477 EPISTOLA
2861 2420 3047 2476 XXIII"

141 2531 322 2589 Cum
345 2530 620 2603 quidam
655 2529 724 2584 in
753 2543 817 2585 eo
851 2529 999 2603 loco,
1036 2528 1140 2584 ubi
1177 2533 1322 2585 tunc
1353 2533 1484 2585 erat
1513 2528 1801 2603 Basilius,
1835 2525 2233 2603 monasticam
2259 2525 2447 2582 vitam
2473 2527 2765 2603 amplecti
2785 2528 2988 2603 vellet,
3005 2528 3243 2583 distulit
3265 2543 3392 2603 eum
3428 2528 3602 2585 Basi-

237 2598 392 2673 lius,
428 2603 651 2658 volens
671 2616 810 2657 eum
837 2601 901 2655 in
929 2598 1292 2657 monasterio
1321 2616 1428 2656 suo
1450 2602 1749 2670 suscipere
1774 2612 1794 2665 ,'
1825 2598 1928 2673 sed
1953 2613 2117 2673 nunc
2136 2603 2368 2673 mutato
2391 2600 2643 2673 consilio
2661 2614 2790 2655 eum
2811 2602 3016 2673 mittit,
3045 2615 3118 2655 ac
3137 2601 3417 2670 praecipit
3449 2606 3516 2655 ut
3541 2615 3603 2657 se

247 2670 388 2731 non
417 2678 778 2742 exspectato
805 2673 1200 2742 suscipiatur,
1235 2673 1405 2744 eique
1422 2673 1667 2745 aliquis,
1701 2685 1874 2744 quem
1893 2671 2018 2739 ipse
2039 2670 2308 2739 elegerit,
2336 2671 2718 2738 praeﬁciatur
2762 2672 2900 2726 vitae
2947 2674 3273 2727 sanctioris
3315 2674 3608 2743 magister

528 2780 866 2852 Παραθετικὴ
896 2777 1013 2847 (89)
1037 2781 1170 2853 πρὸς
1199 2780 1512 2852 μονάζοντα.

254 2885 332 2938 Ὀ
399 2881 551 2938 δεῖνα
602 2885 735 2957 (90),
801 2886 875 2947 ὡς
921 2884 1079 2957 λέγει,
1137 2888 1429 2958 καταγνούς
1459 2893 1551 2946 τῆς
1581 2890 1672 2937 τοῦ
1706 2882 1827 2958 βίου
1857 2909 1898 2964 ο

165 2979 400 3032 τούτου
462 2976 573 3047 (91)
626 2980 1007 3048 ματαιότητος,
1067 2980 1157 3028 καὶ
1209 2977 1548 3049 καταμαθὼν,
1604 2977 1685 3027 ὅτι
1735 2983 1832 3036 τῆς

179 3073 355 3133 ζωῆς
406 3071 597 3128 ταύτης
653 3069 722 3120 τὰ
774 3068 969 3140 τερπνᾶ
1020 3064 1242 3120 ἐνταῦθα
1294 3070 1388 3125 τὴν
1461 3069 1830 3142 καταστροφὴν

176 3161 336 3232 ἔχει,
392 3157 520 3218 ὕλας
571 3161 732 3230 μόνον
792 3157 1257 3217 κατασκευάζοντα
1303 3164 1376 3228 τῷ
1429 3156 1620 3229 αἰωνίῳ
1679 3160 1826 3231 πυρὶ,

168 3255 423 3322 ταχεῖαν
488 3243 550 3300 δὲ
610 3249 807 3319 ἔχοντα
862 3251 957 3305 τὴν
1016 3243 1272 3322 πάροδον,
1306 3245 1559 3299 κατέλαϐέ
1587 3265 1669 3319 με,
1707 3243 1833 3318 βου-

178 3337 422 3411 λόμενος
487 3336 792 3396 ἀποστῆναι
849 3339 939 3410 μὲν
991 3344 1084 3398 τῆς
1119 3338 1405 3410 μοχθηροῖς
1451 3340 1540 3389 καὶ
1579 3334 1832 3388 πολυστε-

179 3431 390 3481 νεὶκτου
447 3431 620 3495 ζωῆς,
672 3427 977 3479 καταλιπεῖν
1029 3424 1088 3480 δὲ
1143 3429 1238 3488 τὰς
1281 3436 1372 3488 τῆς
1407 3429 1596 3504 σαρκὸς
1636 3423 1835 3487 ἡδονὰς

186 3516 436 3572 ἐπελθεῖν
494 3513 556 3569 δὲ
606 3516 789 3569 λοιπὸν
841 3524 901 3589 τῇ
946 3512 1056 3587 ὁδῷ
1104 3522 1166 3588 τῇ
1211 3515 1412 3590 ἀγούσῃ
1442 3514 1525 3569 ἐπὶ
1555 3517 1649 3576 τὰς
1679 3516 1834 3588 μονὰς

189 3616 288 3660 τοῦ
363 3611 598 3683 Κυρίου.
677 3602 892 3664 Ἐπειδὴ
957 3602 1046 3658 οὖν
1110 3603 1392 3678 ἀναγκαῖόν
1454 3604 1617 3674 ἐστιν,
1671 3605 1836 3677 εἰφύ-

197 3715 281 3750 σει
313 3698 438 3766 (92)
491 3695 542 3748 ἐν
607 3693 862 3768 ἐπιθυμίᾳ
909 3697 1202 3754 καθέστηκε
1230 3705 1321 3756 τῆς
1371 3699 1639 3770 μακαρίας
1679 3698 1836 3756 ὅντως

199 3783 516 3859 διαγωγῆς,
578 3789 673 3838 καὶ
750 3789 838 3838 τὸν
902 3784 1057 3838 καλὸν
1116 3791 1206 3838 καὶ
1259 3785 1620 3859 ἐπαινούμενον
1673 3788 1838 3859 ἔρωτα

198 3877 363 3947 ἔσχεν
385 3875 437 3928 ἐν
465 3884 532 3948 τῇ
561 3875 752 3928 ἑαυτοῦ
786 3873 970 3948 ψυχῇ,
1004 3876 1290 3948 ἀγαπήσας
1329 3877 1518 3949 Κύριον
1565 3878 1652 3928 τὸν
1708 3876 1838 3928 Θεὸν

197 3967 357 4038 ἡμῶν
425 3965 485 4029 ἐξ
535 3965 664 4028 ὅλης
711 3961 961 4041 καρδίας,
1012 3969 1103 4018 καὶ
1149 3965 1203 4029 ἐξ
1256 3965 1378 4027 ὅλης
1429 3965 1637 4037 ἰσχύος,
1669 3968 1758 4016 καὶ
1789 3962 1842 4026 ἐξ

279 4093 306 4126 ³
332 4093 359 4146 ι
387 4088 544 4145 Tim.
566 4103 652 4159 v1,
683 4091 739 4143 8.

211 4216 474 4286 separet
506 4211 853 4268 alterutrius
867 4211 1684 4286 morte;necvideturdixisse
1709 4227 1838 4286 me:

828 4087 851 4122 ³
877 4086 1106 4146 Coloss.
1131 4105 1212 4157 III,
1249 4093 1300 4147 5.

201 4283 518 4368 tuendum
538 4300 698 4351 esse,
731 4300 806 4379 ne
851 4299 972 4379 ηραν
999 4291 1324 4379 utrumque
1373 4285 1730 4379 transferat.
1778 4283 1840 4339 Id
1870 4325 1915 4379 Β

203 4359 374 4416 enim
417 4356 633 4429 minus
661 4355 938 4429 naturale
963 4371 1048 4429 ac
1090 4355 1256 4412 dictu
1288 4356 1574 4429 proclive.

283 4433 401 4500 (88)
444 4428 631 4496 (Vide
662 4426 999 4500 Addenda).

292 4496 407 4568 389)
452 4500 824 4574 Παραθετική.
869 4496 967 4574 Sic
999 4498 1482 4574 omnescodices
1511 4515 1654 4554 mss.
1678 4496 1844 4574 rEditi

211 4570 594 4645 παραινετικῆ.
627 4570 753 4645 Sed
783 4570 1023 4645 codices
1053 4575 1110 4626 et
1134 4570 1274 4645 editi
1313 4570 1547 4625 addunt
1579 4573 1725 4645 apti;
1755 4588 1844 4645 μξή

210 4640 470 4704 νάζοντα.
502 4641 662 4698 Harl.
697 4640 1070 4714 ἀποταξαμένῳ
1096 4642 1167 4712 τῷ
1196 4641 1298 4715 βίῳ
1337 4647 1427 4694 καὶ
1455 4640 1848 4714 μονάσαντι,Εἱ

216 4718 336 4789 qui
357 4716 577 4771 saculo
606 4715 1269 4789 renuntiavitetyitam
1297 4716 1691 4789 monasticam
1723 4728 1846 4789 am-

208 4783 444 4859 plexus
464 4793 572 4843 est.
611 4786 730 4842 Sed
750 4785 812 4840 in
839 4785 931 4859 his
959 4783 1140 4840 titulis
1164 4785 1540 4859 diligentiam
1579 4784 1840 4859 requiro.

205 4856 345 4918 Non
380 4859 552 4916 enim
605 4873 798 4912 unum
844 4856 1108 4929 aliquem
1149 4857 1448 4929 privatim,
1497 4856 1844 4929 sed_totum

202 4932 677 5001 monachorum
720 4927 1086 5001 conventum
1117 4927 1443 5001 alloquitur
1472 4927 1752 4983 Basilius.

285 5006 406 5074 (90)
448 5004 512 5055 Ὀ
546 4998 720 5055 δεῖνα.
753 5003 817 5055 In
840 4998 1296 5072 interpretanda
1337 5000 1447 5055 hac
1503 5015 1672 5065 voce,
1716 5013 1846 5069 quae

218 5090 378 5148 saepe
405 5075 569 5132 alias
584 5077 883 5148 occurret,
900 5077 1142 5148 secutus
1164 5088 1300 5127 sum
1315 5075 1582 5148 veterem
1614 5086 1847 5148 morem

221 5141 543 5220 V'ifuperat
559 5141 932 5220 Cyprianus,
952 5143 1013 5198 in
1028 5143 1200 5220 epist.
1217 5159 1299 5208 x1,
1313 5142 1547 5220 libellos
1566 5158 1602 5198 a
1618 5141 1851 5220 confes-

226 5214 471 5275 sor-ibus
498 5214 676 5274 datos
695 5217 864 5272 hunc
894 5214 958 5270 in
989 5214 1266 5280 modum,
1311 5215 1718 5271 Communicet
1741 5214 1850 5269 ille

227 5305 358 5347 cum
370 5294 498 5347 suis
509 5291 832 5348 .Observat
848 5285 1042 5342 Baluzi
1053 5302 1121 5340 us
1142 5286 1202 5340 in
1217 5287 1376 5343 Notis
1391 5286 1476 5341 sic
1489 5285 1694 5341 solitos
1716 5300 1850 5340 esse

230 5365 491 5429 scribere
515 5363 812 5432 antiquos
835 5374 950 5432 pro
973 5373 1068 5432 e_o,
1093 5359 1259 5432 quod
1279 5358 1575 5432 posterior
1595 5356 1849 5432 aetaslit-

225 5427 414 5491 uitam
441 5438 500 5492 Ν.
516 5427 1224 5503 εάὴὶϋιιὶί.“ΕρὶρΙ;ιδῐὶἱιιε
1239 5427 1299 5484 iri
1315 5427 1852 5503 Epistolaadloan-

230 5519 369 5563 nem
384 5506 784 5582 Hierosolymi
797 5500 1042 5582 tan—uin,
1062 5516 1134 5581 ex
1152 5500 1642 5582 interpretatione
1655 5500 1853 5581 Hiero-

236 5580 590 5655 nymi,negat
614 5571 684 5638 se
710 5591 836 5654 pro
856 5574 1101 5655 Joanne
1101 5572 1176 5655 in
1199 5571 1492 5655 sacrificio
1514 5571 1852 5655 solitum’si‘c

235 5643 446 5728 precari
467 5643 794 5724 :VDomirie,
822 5649 1065 5722 prmia
1079 5643 1308 5702 Joanni
1323 5650 1392 5702 ut
1420 5649 1580 5702 recte
1619 5643 1849 5718 credat,

2259 2774 2766 2832 Commendatitia
2792 2775 2875 2832 ad
2897 2778 3278 2832 monachum.

2007 2880 2130 2952 Ille,
2171 2884 2238 2937 ut
2267 2881 2370 2950 ait,
2399 2881 2819 2938 condemnans
2856 2881 2988 2938 vitae
3019 2882 3204 2953 hujus
3241 2883 3594 2954 vanitatem,

1937 2975 2120 3044 atque
2153 2974 2534 3044 exploratum
2567 2970 2800 3027 habens
2830 2972 3147 3044 praesentis
3177 2972 3309 3028 vitae
3336 2971 3602 3029 oblecta-

1937 3066 2145 3118 menta
2161 3061 2256 3117 hic
2272 3061 2457 3116 ﬁnem
2471 3059 2717 3130 habere,
2737 3061 3056 3117 materiam
3069 3061 3364 3118 duntaxat
3381 3065 3604 3120 aeterno

1940 3152 2066 3223 igni
2088 3151 2518 3225 praeparantia,
2544 3155 2601 3207 et
2621 3151 2737 3208 cito
2760 3152 3153 3222 transeuntia,
3178 3153 3479 3225 convenit,
3505 3167 3606 3210 me

1940 3241 2152 3299 volens
2183 3241 2261 3298 ab
2283 3241 2400 3298 hac
2427 3240 2650 3297 misera
2671 3241 2970 3314 valdeque
3001 3241 3283 3299 luctuosa
3343 3243 3466 3299 vita
3513 3258 3605 3298 se-

1941 3332 2174 3402 cedere,
2227 3348 2297 3388 ac
2362 3331 2584 3388 relictis
2633 3331 2832 3388 carnis
2876 3331 3288 3404 voluptatibus
3317 3331 3604 3406 deinceps

1941 3422 2106 3478 viam
2138 3420 2216 3478 ad
2240 3421 2478 3477 Domini
2503 3422 2857 3478 mansiones
2885 3420 3287 3478 deducentem
3348 3422 3604 3493 ingredi.

1945 3511 2241 3578 Quoniam
2265 3527 2431 3582 ergo,
2462 3511 2509 3566 si
2539 3511 2796 3567 instituti
2822 3527 2961 3567 vere
2991 3511 3150 3569 beati
3183 3511 3419 3568 sincero
3449 3511 3610 3569 desi-

1946 3601 2113 3658 derio
2146 3606 2398 3669 tenetur,
2427 3601 2733 3674 habetque
2765 3603 2828 3656 in
2861 3617 2974 3657 sua
3006 3602 3214 3657 anima
3264 3601 3499 3659 bonum
3540 3619 3611 3660 ac

1944 3691 2317 3748 laudabilem
2346 3706 2640 3760 amorem,
2670 3690 2926 3762 diligens
2955 3691 3276 3746 Dominum
3305 3694 3494 3747 Deum
3538 3708 3613 3749 ex

1946 3785 2072 3838 toto
2129 3782 2332 3846 corde,
2387 3785 2446 3837 et
2497 3797 2569 3837 ex
2620 3781 2757 3836 totis
2784 3780 3014 3836 viribus
3055 3786 3111 3836 et
3139 3797 3213 3836 ex
3239 3785 3363 3837 tota
3388 3786 3609 3846 mente,

1946 3887 2192 3929 necesse
2223 3875 2399 3927 estut
2430 3870 2510 3926 illi
2540 3869 2619 3925 ob
2644 3868 2852 3925 oculos
2883 3874 3084 3925 vestra
3115 3870 3312 3942 pietas
3338 3875 3516 3927 arctis
3541 3887 3613 3928 ac

1948 3964 2359 4032 coangustatte
2389 3961 2495 4016 via;
2513 3959 2909 4016 incommoda
2934 3964 2990 4016 et
3010 3960 3369 4031 asperitates
3403 3965 3608 4035 ponat,

1377 4089 1396 4123 ‘
1429 4087 1586 4145 Psal.
1611 4104 1807 4152 cxvm,
1845 4089 1945 4142 I20

1949 4209 2129 4266 sedin
2146 4209 2308 4265 hunc
2320 4207 2857 4264 modum:C-ustodi
2867 4209 3040 4265 illum
3057 4208 3166 4280 qui
3189 4211 3484 4279 praedicat
3512 4226 3614 4268 ve-

1947 4281 2307 4350 ritatem,vel
2331 4286 2486 4336 certe
2515 4281 2710 4343 ita,Tu
2727 4288 2971 4349 prasta,
2992 4282 3263 4349 Domine,
3280 4288 3334 4337 et
3361 4284 3613 4351 custodi,

1950 4362 2013 4410 ut
2038 4355 2144 4409 ille
2165 4357 2407 4409 verbum
2433 4352 2718 4425 praedicet
2737 4355 3024 4425 veritatis.
3048 4358 3240 4425 Atque
3265 4354 3348 4408 ita
3367 4355 3616 4425 quidem

1951 4425 2201 4497 antiqui,
2229 4425 2277 4479 si
2298 4441 2480 4497 quem
2502 4424 2685 4478 tacito
2701 4424 2947 4479 nomine
2965 4423 3371 4497 designarent.
3386 4423 3497 4481 Sin
3512 4441 3616 4480 au—

1953 4503 2071 4552 tem
2096 4495 2415 4551 dominum
2445 4495 2666 4550 domus
2690 4511 2759 4550 ac
2788 4500 3219 4567 praepotentem
3245 4496 3464 4567 virum,
3493 4501 3617 4551 ute-

1953 4510 2071 4552 tem
2096 4510 2415 4551 dominum
2445 4510 2666 4550 aomus
2690 4511 2759 4550 ac
2788 4510 3219 4621 praeporentem
3245 4511 3464 4565 Virum,
3493 4510 3617 4551 ute-

1949 4568 2174 4624 bantur
2201 4567 2316 4622 hac
2338 4582 2483 4623 voce
2507 4567 2683 4627 αὐτὸς.
2717 4583 2787 4621 ve
2820 4573 2879 4622 ut
2924 4566 3276 4638 Pythagorei
3298 4567 3371 4620 de
3398 4567 3617 4638 magis-

1953 4645 2062 4710 tro,
2093 4639 2246 4699 αὐτὸς
2276 4642 2388 4710 ἔφα,
2423 4640 2542 4708 ipse
2563 4639 2740 4694 dixit.
2769 4637 2939 4710 Quod
2962 4638 3186 4710 idcirco
3211 4643 3488 4710 notatum
3517 4637 3618 4693 vo-

1951 4708 2055 4777 lui,
2080 4712 2224 4782 quia
2245 4708 2315 4764 ex
2343 4712 2458 4766 hac
2479 4709 2902 4782 observatione
2924 4708 3192 4782 enitescit
3220 4708 3389 4764 locus
3419 4710 3617 4766 Basilii

1952 4798 2077 4838 non
2101 4779 2366 4837 diﬁfcilis
2388 4781 2494 4854 qui
2522 4786 2722 4836 tamen
2749 4780 2915 4835 torsit
2934 4779 3310 4854 interpretes.
3328 4783 3398 4854 _Is
3425 4787 3619 4854 exstat

1954 4855 2014 4932 in
2035 4857 2367 4932 Comment.
2393 4851 2455 4908 in
2482 4854 2703 4932 [striam
2726 4867 2791 4932 p.
2835 4851 3041 4932 4.98,.in
3073 4855 3202 4932 npt.
3230 4851 3339 4907 Ubi
3365 4853 3616 4932 Basilius

1951 4927 2236 4982 observat
2267 4942 2371 4980 eos
2412 4925 2518 4996 qui
2559 4923 2620 4978 in
2670 4921 2910 4996 privatis
2942 4921 3232 4978 domibus
3266 4926 3618 4982 auctoritate

1955 4997 2305 5071 praecellunt
2334 4993 2490 5071 ipsos
2522 4994 2727 5049 vocari
2759 4993 2968 5071 solere.

2029 5074 2143 5136 (9H
2168 5064 2385 5121 Τούτου.
2420 5070 2590 5122 Deest
2620 5081 2692 5120 ea
2723 5080 2843 5120 vox
2864 5065 2923 5120 in
2946 5064 3188 5120 duobus
3219 5082 3365 5122 mss.

2027 5143 2141 5212 (92)
2166 5139 2227 5192 Εἰ
2256 5142 2427 5212 φύσει.
2452 5137 2953 5212 Designaturhac
2973 5152 3120 5212 voce
3143 5137 3445 5212 sincerum
3469 5143 3523 5196 et
3547 5140 3619 5195 si-

1956 5208 2304 5267 mulationis
2331 5225 2543 5281 expers
2567 5208 2957 5281 desiderium.
2986 5208 3078 5266 Sic
3126 5211 3294 5280 apud
3350 5211 3617 5267 Athana-

1957 5283 2116 5338 sium
2137 5282 2195 5337 in
2216 5280 2480 5354 Epistola
2506 5280 2585 5336 ad
2604 5280 2954 5354 Epictetum,
2977 5297 3112 5353 quae
3133 5284 3285 5354 φύσει
3315 5296 3618 5354 peragun-

1957 5358 2073 5420 tur,
2106 5355 2176 5409 iis
2204 5349 2337 5426 quae
2360 5355 2517 5426 θέσει,
2547 5349 2828 5426 φαντασίᾳ,
2881 5349 3149 5419 δοκῆσει,’
3173 5351 3233 5406 id
3265 5349 3352 5407 est
3393 5349 3529 5408 ﬁcte
3561 5356 3619 5409 et

1960 5423 2244 5482 simulate
2260 5441 2331 5481 ac
2362 5424 2491 5480 sola
2508 5423 2719 5496 specie
2738 5423 2911 5493 ﬁunt,
2954 5428 3364 5496 opponuntur:

2029 5498 2048 5518 ’
2077 5496 2238 5552 Alias
2290 5493 2706 5568 CCCLXXXII].
2759 5493 3005 5568 Scripta
3034 5493 3271 5551 videtur
3334 5493 3616 5552 Caesareae

1959 5585 2099 5628 cum
2130 5573 2287 5627 esset
2313 5567 2648 5644 presbyter.
