4114 6380
563 296 669 354 295

1952 288 2008 346 S.
2050 287 2299 345 BASILII
2337 287 2557 344 MAGNI

3835 293 3949 348 296

559 433 823 491 eumque
835 415 1165 473 constituat
1175 415 1236 471 in
1256 430 1362 488 spe
1380 415 1707 486 bonorum,
1725 431 1862 489 quae
1886 429 2050 470 nunc
2069 428 2216 470 non-

2339 410 2456 474 ὄλης
2483 407 2736 478 διανοίας,
2785 405 3176 483 ὑποδειχθῆναι
3230 408 3373 482 αὐτῷ
3417 411 3518 463 ὑπό
3566 420 3664 476 τῆς
3692 414 3950 489 ὑμετέρας

560 506 712 564 dum
731 505 1032 574 videntur,
1064 504 1173 561 sed
1196 504 1253 559 in
1283 505 1790 577 promissionibus
1811 503 2073 577 reposita
2087 505 2228 558 sunt

560 597 656 653 his
680 597 783 668 qui
813 597 982 666 102
1029 594 1280 650 Domino
1335 594 1502 665 digni
1549 593 2061 662 fuerint;idcirco
2120 607 2228 664 per

562 685 885 758 epistolam
915 685 1206 741 adhortor
1251 683 1802 757 incomparabilem
1857 687 2118 739 vestram
2162 681 2224 736 in

563 776 797 831 Christo
818 773 1273 847 perfectionem,
1304 778 1370 828 ut
1397 789 1557 844 eum,
1585 773 1632 828 si
1659 773 1786 828 ﬁeri
1809 776 2024 844 potest,
2051 771 2222 826 insti-

561 864 766 935 tuatis,
794 868 850 919 et
871 863 998 918 sine
1023 879 1118 918 me
1142 862 1646 926 renuntiationem
1668 861 2099 930 illizsecundum
2121 860 2224 917 Dei

558 951 1014 1024 beneplacitum
1038 949 1398 1017 conﬁciatis,
1421 966 1492 1006 ac
1517 950 1872 1006 informatur
1891 953 1949 1006 et
1966 948 2222 1004 elemen-

561 1042 636 1099 tis
661 1041 972 1097 imbuatur
995 1039 1332 1096 secundum
1354 1055 1427 1096 ea
1454 1056 1591 1112 quae
1623 1056 1659 1096 a
1688 1040 1959 1096 Patribus
2002 1038 2222 1095 sanctis

563 1135 787 1188 statuta
822 1135 878 1186 et
899 1129 1135 1202 scriptis
1156 1129 1452 1186 mandata
1469 1134 1611 1186 sunt
1637 1149 1650 1200 ;
1675 1129 1894 1186 deinde
1919 1131 1972 1186 ei
1997 1145 2220 1202 propo-

557 1224 780 1276 nantur
805 1219 1013 1276 omnia
1039 1233 1414 1292 quaecunque
1429 1219 1507 1275 ad
1531 1219 1664 1275 vitae
1686 1219 1958 1276 asceticae
1976 1234 2217 1276 accura-

559 1313 683 1366 tam
710 1308 1006 1365 rationem
1034 1308 1308 1373 attinent,
1338 1313 1394 1364 et
1419 1308 1504 1364 sic
1534 1309 1920 1380 {admittatur,
1977 1308 2218 1365 labores

557 1400 893 1472 prOpietate
923 1402 1140 1471 sponte
1158 1398 1521 1470 suscipiens,
1542 1415 1611 1455 ac
1635 1415 1764 1455 sese
1787 1399 1958 1456 suavi
1982 1398 2218 1455 Domini

554 1489 705 1561 jugo
737 1487 1100 1544 submittens
1124 1505 1136 1555 ;
1171 1492 1228 1544 et
1253 1487 1330 1544 ad
1354 1487 1750 1546 imitationem
1779 1488 1935 1544 illius
1958 1488 2062 1560 qui
2085 1503 2220 1561 pro-

557 1582 692 1650 pter
720 1594 832 1634 nos
861 1593 1088 1647 egenus
1135 1577 1330 1633 factus
1366 1583 1456 1634 est
1480 1580 1501 1613 δ
1524 1594 1895 1651 carnemque
1943 1578 2214 1649 gestavit,

557 1668 742 1724 vitam
770 1667 1110 1739 instituens,
1127 1684 1196 1724 ac
1221 1667 1560 1724 secundum
1577 1672 1956 1741 pr0positum
1971 1683 2216 1724 currens

2339 501 2629 565 θεοσεϐείας
2657 504 2722 554 τὰ
2753 497 2996 574 δυσχερῆ
3021 504 3111 552 καὶ
3142 496 3451 559 δυσάντητα
3478 509 3573 574 τῇς
3635 513 3822 566 στενῆς
3851 510 3948 558 καὶ

2332 593 2672 666 τεθλιμμένης
2697 588 2845 663 ὀδοῦ,
2881 590 2928 642 ἐν
2959 587 3114 642 ἑλπίδ
3119 611 3136 642 ι
3169 587 3228 643 δὲ
3249 590 3404 643 κῦτὸν
3433 601 3772 652 καταστῆσαι
3825 596 3950 667 (93)

2332 691 2432 734 τῶν
2488 690 2576 734 νῦν
2629 686 2755 744 τέως
2830 685 2901 754 μὴ
2972 680 3316 754 ϐλεπομένων,
3385 680 3433 733 ἐν
3483 680 3819 755 ἐπαγγελίαις
3881 681 3950 737 δὲ

2335 769 2679 844 ἀποκειμένων
2736 770 2944 843 ἀγαθῶν
2998 778 3110 832 τοῖς
3158 770 3328 833 ἀξίοις
3390 779 3482 824 τοῦ
3551 777 3768 848 Κυρίου·
3853 771 3949 826 διὸ

2329 862 2540 934 γράφων
2581 863 2694 932 (94)
2731 859 3016 933 παρακαλῶ
3047 865 3142 919 τὴν
3175 859 3490 934 ἀσύγκριτον
3530 862 3671 934 ὑμῶν
3712 861 3761 914 ἓν
3799 871 3949 938 Χρι-

2333 958 2440 1021 στῷ
2477 949 2790 1018 τελειότητα,
2824 959 3067 1003 τυπῶσαι
3097 950 3142 1002 εἰ
3171 951 3336 1002 οἷόντε
3385 954 3486 1020 εἴη,
3517 955 3608 1004 καὶ
3640 947 3783 1024 δίχα
3836 973 3947 1026 μου

2329 1048 2551 1098 ποιῆσαι
2580 1045 2675 1099 τὴν
2702 1060 2754 1094 τε
2785 1042 3053 1112 ἁποταγὴν
3085 1039 3226 1112 αὐτῷ
3267 1042 3383 1111 (95)
3439 1043 3575 1093 κατά
3623 1045 3682 1093 τὸ
3715 1040 3948 1116 ἀρέσκον

2329 1134 2458 1200 Θεῷ,
2486 1134 2576 1183 καὶ
2601 1132 3012 1202 στοιχειωθῆναι
3032 1131 3142 1202 (96)
3163 1130 3320 1182 αὐτὸν
3341 1132 3478 1183 κατὰ
3496 1133 3562 1183 τὰ
3582 1126 3812 1194 δόξαντα
3832 1140 3950 1195 τοῖς

2328 1219 2501 1292 ἁγίοις
2555 1224 2816 1293 Πατράσι,
2875 1225 2964 1273 καὶ
3016 1219 3286 1294 ἐγγράφως
3312 1220 3400 1273 ὑπ’
3445 1220 3615 1272 αὐτῶν
3645 1219 3952 1275 ἕκτεθένταο

2327 1307 2436 1369 ἤδη
2499 1307 2558 1362 δὲ
2611 1311 2752 1382 αὐτῷ
2799 1311 3129 1386 προταθῆναι
3171 1313 3294 1381 (97)
3325 1310 3529 1363 ἅπαντα
3556 1315 3654 1363 ὅσα
3683 1318 3745 1384 τῇ
3783 1310 3948 1386 ἄκρι-

2328 1399 2440 1472 ϐείᾳ
2463 1396 2609 1452 δοκεῖ
2632 1409 2694 1472 τῇ
2731 1399 3019 1472 ἀσκητικῇ,
3051 1405 3140 1453 καὶ
3193 1400 3359 1462 οὕτως
3411 1400 3570 1452 αὐτόν
3617 1405 3949 1474 προσαχθῆ-

2325 1510 2411 1542 ναι
2438 1497 2510 1560 τῷ
2539 1487 2641 1561 βίῳ
2673 1491 2801 1561 (98),
2857 1489 3179 1565 αὐθαιρέτως
3219 1487 3596 1563 ἀναδεξάμενον
3633 1493 3755 1553 τοὺς
3808 1493 3945 1567 ὑπερ

2325 1588 2417 1642 τῆς
2484 1577 2746 1642 εὐσεϐείας
2808 1577 3035 1652 ἀγῶνας,
3091 1584 3181 1632 καὶ
3239 1581 3579 1652 ὑπαγαγόντα
3631 1579 3816 1632 ἑαυτὸν
3865 1590 3946 1654 τῷ

2325 1676 2550 1742 χρηστῷ
2596 1676 2689 1721 τοῦ
2749 1673 2944 1741 Κυρίου
3006 1669 3172 1741 ζυγῷ,
3227 1675 3316 1721 καὶ
3373 1671 3509 1721 κατὰ
3562 1674 3793 1742 μίμησιν
3843 1678 3942 1723 τοῦ

558 1758 638 1815 ad
650 1758 982 1814 vocationis
1003 1774 1280 1831 supernae
1301 1759 1895 1831 prmmiumdaudem
1914 1759 2216 1816 aDomino

2330 1755 2402 1810 δι’
2430 1760 2568 1831 ἡμᾶς
2608 1762 3015 1831 πτωχεύσάντος
3062 1763 3152 1811 καὶ
3203 1761 3376 1834 σάρκα
3426 1757 3743 1834 φορέσαντος
3787 1759 3942 1812 πολι-

559 1853 995 1920 consequatur.
1056 1850 1179 1918 Ego
1232 1848 1392 1904 enim
1440 1848 1606 1904 illum
1662 1848 1758 1904 hic
1823 1849 2045 1904 amoris
2074 1864 2218 1919 erga

559 1939 746 1993 Deum
783 1953 1073 1994 coronam
1106 1937 1378 2010 accipere
1401 1938 1741 1994 studentem
1771 1938 2218 2010 distuli,volens

555 2024 758 2098 ipsum
789 2042 929 2082 cum
957 2030 1157 2082 vestra
1215 2027 1434 2098 pietate
1463 2027 1755 2097 inungere
1803 2027 1881 2084 ad
1919 2027 2220 2099 ejusmodi

556 2115 907 2184 certamina,
936 2119 994 2170 et
1017 2131 1209 2171 unum
1241 2132 1314 2171 ex
1340 2116 1531 2184 vobis,
1564 2132 1749 2188 quem
1780 2117 1911 2188 ipse
1961 2117 2216 2189 petierit,

555 2204 920 2277 magistrum
938 2204 991 2261 ei
1011 2205 1335 2278 praeﬁcere,
1352 2209 1456 2277 qui
1473 2221 1610 2261 eum
1638 2205 1925 2277 praeclare
1948 2211 2221 2262 exerceat

555 2295 853 2352 etintenta
871 2311 943 2351 ac
964 2294 1141 2351 beata
1155 2294 1553 2351 sollicitudine
1577 2299 1910 2367 spectatum
1929 2295 2216 2352 athletam

556 2384 793 2452 efﬁciat,
827 2384 1166 2458 principem
1187 2384 1573 2440 tenebrarum
1595 2384 1779 2456 hujus
1803 2385 2002 2441 saeculi
2025 2390 2082 2441 et
2101 2386 2218 2458 spi-

555 2474 797 2530 ritualia
821 2474 1122 2546 nequitiae,
1137 2473 1506 2547 quibuscum
1529 2475 1706 2530 nobis
1724 2476 2058 2531 secundum
2078 2475 2220 2532 bea-

556 2569 685 2621 tum
709 2564 1064 2638 Apostolum
1087 2564 1249 2620 lucta
1270 2569 1357 2620 est
1378 2566 1421 2636 6,
1449 2565 1872 2621 vulnerantem
1894 2570 1951 2621 et
1966 2570 2220 2638 proster-

554 2660 819 2710 nentem.
872 2654 1044 2720 Quod
1099 2669 1243 2723 ergo
1300 2653 1582 2710 volebam
1637 2654 1957 2710 vobiscum
2017 2671 2215 2725 agere,

553 2749 751 2800 vestra
777 2744 838 2799 in
873 2744 1101 2799 Christo
1141 2743 1378 2800 dilectio
1405 2745 1585 2800 etiam
1617 2745 1746 2800 sine
1789 2760 1884 2800 me
1923 2745 2215 2818 perﬁciat.

2326 1850 2659 1921 τευσάμενον,
2752 1853 2841 1901 καὶ
2910 1851 3046 1901 κατὰ
3119 1853 3314 1901 σκοπὸν
3367 1845 3638 1923 δραμόντα
3695 1853 3822 1924 πρὸς
3867 1853 3931 1901 τὸ

2329 1935 2572 2014 βραϐεῖον
2629 1946 2726 2000 τῆς
2781 1939 2886 1990 οἶνω
2961 1938 3212 2002 κλήσεως,
3271 1945 3454 2010 τυχεῖν
3497 1946 3590 1998 τῆς
3655 1941 3799 2014 παρὰ
3839 1942 3932 1990 τοῦ

2329 2032 2524 2101 Κυρίου
2601 2024 2904 2099 ἀποδοχῆς.
2976 2029 3110 2099 Ἐγὼ
3184 2029 3287 2102 γὰρ
3347 2023 3726 2088 σπουδάζοντα
3781 2027 3938 2080 αὐτὸν

2328 2115 2548 2169 ἐνταῦθα
2578 2113 2835 2179 δέξασθαι
2869 2120 2957 2169 τὸν
2983 2125 3079 2179 τῆς
3107 2120 3244 2169 κατὰ
3299 2120 3428 2170 Θεὸν
3476 2116 3685 2189 ἀγάπης
3743 2120 3942 2190 στέφα-

2325 2226 2409 2258 νον
2452 2206 2793 2282 ὑπερεθέμην,
2842 2206 3155 2281 βουλόμενος
3205 2209 3339 2280 μετὰ
3399 2215 3498 2270 τῆς
3537 2207 3788 2282 ὑμετέρας
3824 2209 3936 2260 θεο-

2331 2295 2527 2358 σεϐείας
2584 2295 2796 2368 ἀλεῖψαι
2850 2297 3004 2349 αὐτόν
3059 2300 3187 2370 πρὸς
3239 2300 3362 2359 τοὺς
3399 2300 3666 2358 τοιούτους
3720 2297 3940 2366 ἄθλους,

2327 2391 2416 2438 καὶ
2449 2387 2535 2438 ἕνα
2564 2386 2616 2438 ὃν
2644 2385 2703 2438 ἂν
2732 2388 2874 2459 ὑμῶν
2915 2386 3072 2448 αὐτὸς
3111 2385 3410 2460 ἐπιζητὴσῃ
3463 2385 3744 2444 ἐπιστῆσαι
3788 2387 3938 2457 αὐτῷ

2329 2473 2595 2543 ἁλείπτῆν,
2637 2475 2805 2537 καλῶς
2835 2472 3286 2551 παιδοτριϐοῡντα
3316 2481 3406 2528 καὶ
3436 2475 3732 2534 παλαιστὴν
3791 2472 3946 2528 δόκι-

2306 2603 2311 2607 -
2327 2585 2422 2638 μον
2471 2563 2888 2640 ἀπεργαζόμενον
2939 2563 3034 2617 διὰ
3082 2573 3172 2626 τῆς
3229 2569 3478 2618 συντόνου
3530 2585 3621 2617 και
3665 2570 3946 2640 μακαρίας

2329 2654 2638 2728 ἐπιμελείας,
2683 2660 3044 2728 τιτρώσκοντα
3100 2660 3192 2707 καὶ
3245 2655 3638 2708 καταϐάλλοντα
3693 2659 3782 2707 τόν
3857 2675 3948 2708 κο-

2332 2748 2669 2819 σμοκράτορα
2696 2752 2790 2796 τοῦ
2825 2750 3045 2806 σκότους
3073 2749 3194 2807 τοὺς
3225 2745 3409 2806 αἰῶνος
3436 2748 3539 2814 (99)
3597 2748 3811 2812 τούτου,
3853 2751 3949 2798 καὶ

554 2837 620 2886 τὰ
657 2835 984 2906 πνευματικὰ
1045 2829 1104 2886 δὲ
1160 2842 1255 2894 τῆς
1319 2839 1595 2909 πονηρίας,
1666 2834 1860 2911 πρόςᾶ
1922 2837 2047 2908 ημῖν
2117 2834 2232 2887 ἐστι
2287 2836 2420 2887 κατὰ
2479 2838 2564 2887 τόν
2632 2837 2890 2910 μακάριον
2958 2834 3274 2889 ’Λπόστολον
3327 2838 3357 2895 ἡ
3427 2834 3588 2895 πάλη.
3651 2833 3718 2886 ⁸0
3775 2839 3950 2887 τοίνυν

555 2922 654 2997 ἐγὼ
678 2923 794 2997 μεθ’
831 2925 976 2996 ἡμων
1015 2921 1306 2982 ἠϐουλήθην
1345 2933 1589 2995 ποιῆσαι,
1629 2926 1659 2985 ἡ
1703 2924 1753 2978 ἐν
1796 2932 2004 3000 Κριστῷ
2031 2927 2174 2999 ὐμῷν
2215 2925 2393 2998 ἀγάπη
2435 2930 2526 2978 καὶ
2565 2921 2706 2998 δίχα
2742 2945 2843 2998 μου
2883 2928 3180 2984 ποιησάτω.

1106 3051 1399 3107 EPITOLA
1435 3051 1642 3109 XXIV'.

2895 3056 3234 3106 ΕΠΙΣΤΟΛΗ
3277 3049 3392 3106 ΚΔ’.

552 3156 749 3229 Negat
772 3157 1039 3214 Basilius
1068 3173 1129 3215 se
1156 3159 1480 3214 calumniis
1506 3159 1696 3228 facile
1717 3159 2041 3286 credbidisse
2066 3174 2088 3228 ;
2101 3158 2396 3287 (hortatu;
2409 3157 2848 3286 filiantasium,
2869 3165 2938 3215 ut
2958 3158 3195 3215 nullum
3219 3159 3345 3214 illis
3380 3159 3478 3215 det
3519 3158 3714 3214 locum
3753 3172 3830 3214 ac
3880 3158 3930 3212 li

1876 3247 2026 3287 eros.
2056 3248 2095 3286 α
2143 3246 2260 3287 nar
2280 3246 2337 3287 es
2373 3273 2386 3287 .
2455 3248 2470 3286 ι
2504 3246 2602 3287 ιοα
2641 3273 2653 3285 .

1876 3247 2026 3300 eros,
2056 3246 2260 3302 utpar
2280 3246 2386 3296 εει,
2409 3246 2653 3302 azlzgat.

624 3317 1338 3389 Alhanasio,Athanasii
1364 3319 1626 3388 episcopi
1661 3319 1928 3390 Ancyrae
1951 3320 2141 3390 patri.

632 3497 701 3551 Ut
730 3494 994 3551 hominis
1019 3497 1144 3552 vita
1199 3495 1521 3552 calumniis
1572 3496 1844 3569 superior
1898 3497 1992 3566 sit,
2038 3498 2101 3553 id
2143 3514 2217 3554 ex

557 3584 740 3641 rebus
768 3584 1136 3641 difficillimis
1170 3602 1354 3642 unam
1383 3601 1534 3654 esse,
1565 3602 1637 3641 ne
1660 3586 1858 3642 dicam
1886 3604 1958 3642 ex
1984 3587 2053 3642 iis
2079 3604 2214 3660 quae

555 3674 684 3729 ﬁeri
713 3690 836 3730 non
864 3680 1139 3747 possunt,
1171 3681 1227 3731 et
1250 3675 1394 3730 mihi
1425 3691 1785 3747 persuasum
1825 3682 1933 3748 est,
1986 3683 2042 3734 et
2099 3682 2215 3733 tuae

555 3764 843 3837 probitati
873 3764 1130 3820 dubium
1162 3764 1421 3821 arbitror
1452 3781 1576 3821 non
1609 3782 1760 3822 esse.
1819 3767 1936 3823 Sed
1986 3767 2216 3823 nullam

556 3869 631 3910 ex
696 3870 758 3910 se
807 3871 1048 3924 ansam,
1101 3871 1299 3928 neque
1357 3855 1428 3910 iis
1453 3856 1556 3928 qui
1595 3873 1689 3912 res
1711 3863 1989 3914 accurate
2015 3857 2214 3914 obser-

554 3945 720 4014 vant,
753 3957 952 4015 neque
979 3942 1052 3999 iis
1081 3943 1186 4016 qui
1211 3943 1444 4016 injuriae
1477 3960 1664 4001 causa
1699 3944 1973 4019 lapsibus
1997 3946 2217 4004 nostris

630 4122 650 4156 ⁵
682 4123 704 4176 Ι
736 4121 868 4177 Cor.
891 4137 1016 4189 vm,
1047 4125 1108 4178 9.
1191 4124 1211 4159 ⁸
1243 4122 1462 4194 Ephes.
1489 4139 1569 4193 vi,
1602 4128 1685 4178 12.

628 4300 650 4373 ἢ
674 4299 833 4356 Alias
856 4302 988 4373 LIV.
1023 4300 1256 4373 Scripta
1282 4307 1420 4358 ante
1450 4318 1681 4358 annum
1712 4307 1835 4361 369.

791 4371 1170 4432 Καταϐτῆσαιί
1206 4377 1290 4430 Ita
1342 4375 1782 4431 vetustissimus
1814 4375 2006 4432 codex
2036 4376 2213 4434 Coisl.

557 4443 711 4500 Editi
738 4451 1084 4502 καταστῆναι.

625 4516 739 4591 (94)
778 4518 1121 4591 Διὸ-γράφων,
1162 4513 1523 4591 Deestci‘zéin
1564 4518 1970 4591 vetustissimo
2009 4520 2216 4576 codice

558 4587 735 4644 Coisl.
770 4593 828 4644 et
846 4587 1245 4644 de'in’dustria
1273 4589 1334 4644 in
1365 4589 1521 4644 Harl.
1559 4588 1822 4645 deletum
1847 4590 1978 4647 fuit.
2030 4593 2212 4648 Paulo

2247 3321 2286 3373 Ο
2328 3320 2607 3392 Αθανασίῳ
2669 3319 2744 3390 (1)
2822 3327 2893 3391 τῷ
2949 3321 3112 3394 πατρὶ
3184 3318 3498 3371 Ἀθανασίου
3553 3323 3644 3370 τοῦ
3730 3314 3951 3369 ἕπισκό·

2924 3427 3025 3461 που
3059 3408 3331 3484 Ἀγκίρας.

2395 3497 2516 3550 ”Οτι
2568 3500 2658 3571 μὲν
2721 3517 2993 3572 κρειττονα
3051 3495 3182 3550 εἶναι
3215 3494 3471 3550 διαϐολῶν
3513 3496 3787 3572 ἀνθρώπου
3821 3493 3948 3569 βίον

2325 3595 2423 3639 τῶν
2453 3588 2840 3659 χαλεπωτάτων
2867 3587 3030 3658 ἐστιν,
3083 3589 3164 3639 ἵνα
3199 3591 3270 3660 μὴ
3326 3596 3426 3640 τῶν
3477 3583 3746 3639 ἀδυνάτων
3812 3588 3948 3637 εἴπω

2328 3677 2480 3738 αὐτός
2503 3697 2557 3729 τε
2587 3682 2895 3750 πέπεισμαι,
2926 3682 3016 3730 καὶ
3045 3681 3139 3736 τὴν
3183 3681 3282 3736 σὴν
3323 3681 3678 3752 χρηστότητα
3733 3675 3949 3747 νομίζω

2325 3771 2397 3839 μὴ
2457 3765 2818 3840 ἀμφιϐάλλεινο
2876 3771 2935 3820 τὸ
2978 3764 3038 3819 δὲ
3091 3767 3167 3838 (2)
3222 3764 3486 3840 μηδεμίαν
3563 3769 3819 3840 παρέχειν
3890 3763 3948 3827 ἐξ

2326 3855 2519 3908 ἑαυτῶν
2589 3855 2772 3922 λαϐὴν,
2830 3861 2963 3930 μήτε
3018 3862 3128 3918 τοῖς
3187 3854 3414 3929 ἀκριϐῶς
3481 3853 3800 3929 ἐπιτηροῡσι
3874 3856 3948 3906 τὰ

2323 3949 2631 4022 πράγματα,
2699 3951 2830 4020 μήτε
2885 3953 2992 4008 τοῖς
3052 3945 3164 3999 κατ’
3237 3944 3481 4020 ἐπήρειαν
3566 3940 3948 4019 ἐφεδρεύουσιν

2326 4309 2451 4361 tam
2470 4303 2748 4370 fuisse,ut
2762 4302 3016 4360 fratrum
3033 4319 3114 4359 nu
3125 4318 3291 4376 mero
3304 4301 3945 4376 postlegitimampro-

2325 4377 2632 4432 bationem
2651 4376 3112 4431 ascriberentur.
3131 4375 3282 4431 Nihil
3295 4374 3458 4430 aliud
3479 4375 3734 4444 exigitur
3752 4374 3818 4430 in
3834 4379 3948 4433 Re-

2327 4448 2483 4518 gulis
2497 4447 2825 4503 fusioribus
2838 4447 3124 4516 interrog.
3139 4450 3200 4512 Χ,
3215 4445 3319 4502 ubi
3334 4445 3556 4502 modus
3567 4447 3951 4518 recipiendo-

2323 4536 2460 4576 rum
2474 4519 2723 4575 fratrum
2736 4518 3162 4591 praescribitur.
3173 4521 3234 4572 In
3247 4533 3480 4591 canone
3496 4523 3694 4591 autem
3705 4524 3726 4591 ﬁt
3740 4518 3950 4576 Qhanc

2324 4588 2756 4665 professionem
2765 4591 3008 4665 tacitam
3021 4596 3199 4665 vocat
3211 4588 3595 4665 Basili_u_s;sed
3606 4590 3795 4646 satius
3807 4607 3950 4648 esse

555 4664 697 4731 post
721 4659 941 4716 desunt
967 4661 1030 4716 in
1059 4660 1299 4717 duobus
1322 4660 1633 4716 codicibus
1658 4661 1748 4717 hze
1771 4677 1972 4729 voces,
1999 4662 2047 4716 ἐν
2078 4673 2212 4740 Χρι-
2243 4681 2288 4735 D
2327 4659 2553 4743 statuit,
2572 4662 2934 4743 utdeinceps
2955 4661 3071 4743 ipsi
3097 4662 3281 4743 etiam
3331 4660 3446 4741 viri
3491 4661 3950 4743 interrogentur

559 4750 687 4786 στω.

629 4802 743 4872 (95)
786 4802 1128 4878 aris-p.11mc
1159 4803 1382 4878 codicis
1413 4803 1705 4878 Harlseani
1761 4805 2055 4878 scriptura
2083 4807 2211 4864 vul-

557 4878 714 4947 gatae
737 4873 896 4926 αὐτοῦ
919 4874 1048 4930 visa
1069 4878 1161 4930 est
1189 4875 1585 4947 praeferenda.

629 4944 1208 5022 (96)_£ro¢xecm95va}:
1234 4947 1384 5022 Ed_it_i
1413 4947 1647 5022 addunt
1678 4956 1814 5018 Θεῶ,
1855 4949 2022 5022 quod
2057 4955 2215 5007 recte

557 5013 725 5071 deest
751 5015 814 5071 in
845 5013 949 5072 sei:
979 5017 1274 5074 veteribus
1308 5019 1498 5075 libris.

630 5087 738 5167 (97)
767 5090 1117 5167 Προταθῆναι.
1175 5092 1260 5147 Ita
1286 5096 1517 5164 septem
1547 5107 1695 5148 mss.
1730 5091 1883 5149 Ediﬁ
1931 5096 1988 5149 et
2037 5093 2210 5150 Coisl.

555 5162 790 5232 primus
820 5162 1154 5232 προτεθῆναι.

630 5230 1176 5312 (98)‘np'oqa19r:va¢_
1195 5241 1267 5304 τῷ
1299 5232 1422 5307 βίῳ.
1448 5235 1928 5312 _Cum__nonnulla
1965 5236 2027 5293 in
2053 5236 2214 5294 hanc

557 5303 874 5374 epistolam
904 5303 1268 5376 irrepserint,
1292 5303 1568 5376 suspicor
1596 5307 1859 5381 illud,_rrp
1891 5308 2096 5381 {Eleae}:
2117 5325 2215 5366 eo-

555 5390 692 5449 rum
717 5392 971 5433 numero
989 5393 1148 5449 esse,
1167 5393 1304 5449 quae
1325 5393 1643 5449 perperam
1666 5379 1874 5436 addita
1892 5379 2213 5438 'su'nt.Nam

555 5447 811 5524 isquem
831 5447 1221 5524 commendat
1240 5447 1755 5524 Basilius,volebat
1775 5452 2119 5524 renuntiare
2140 5461 2212 5524 τῷ

560 5513 683 5588 βιῷ,
711 5523 947 5582 seculo.
975 5524 1042 5575 ut
1067 5525 1154 5576 est
1183 5520 1245 5575 in
1274 5519 1444 5575 titulo
1483 5513 1616 5575 cod.
1674 5522 1833 5577 Harl.
1895 5513 2212 5588 Quomodo

559 5602 702 5668 ergo
730 5596 905 5668 rogat
927 5591 1349 5668 Basilius,eum
1379 5591 1602 5668 ascribi
1621 5599 1693 5662 τῷ
1706 5591 2214 5668 ’βίῳίῖΡθῙῆερὶοίΐυιδ

561 5662 765 5717 autem
789 5677 862 5720 ex
889 5663 1008 5720 hoc
1026 5661 1161 5721 loco
1189 5661 1640 5736 professionem
1662 5661 1930 5723 virorum
1954 5661 2016 5725 iii
2038 5683 2109 5726 eo
2133 5668 2207 5725 si-

2325 4736 2410 4806 (id
2432 4735 2588 4790 enim
2614 4749 2736 4790 non
2764 4733 3152 4790 omittebatur
3173 4733 3233 4806 in
3257 4733 3443 4806 sacris
3465 4733 3847 4806 virginibus),
3885 4741 3950 4792 et

2325 4804 2537 4864 eorum
2566 4812 2708 4862 vota
2735 4807 3040 4877 conceptis
3071 4804 3270 4877 verbis
3299 4804 3696 4877 excipiantur,

2395 4881 2509 4951 (99)
2538 4878 2641 4930 Τοῦ
2681 4877 2885 4951 αἰῶνος.
2914 4875 3044 4932 Haec
3064 4875 3290 4951 desunt
3306 4876 3367 4951 in
3397 4875 3603 4933 cbdice
3660 4875 3949 4936 Hedicseo

2325 4954 2382 5007 et
2405 4948 2666 5020 utroque
2691 4949 2872 5018 Regio
2900 4965 2971 5004 ac
2991 4953 3249 5020 utroque
3279 4948 3465 5020 Bigot.

2410 4966 2666 5073 utr0%ue
2692 4966 2872 5018 neglo
2900 4966 2971 5004 ac
2991 4966 3249 5020 Utroque
3279 4966 3465 5020 5180‘.

2396 5022 2474 5092 (1)
2503 5023 2558 5074 Ἀ
2601 5025 2818 5092 ανασίῳ,
2851 5029 2962 5076 etc.
2997 5019 3150 5075 Editi
3197 5023 3345 5092 post
3379 5034 3591 5092 vocem
3643 5017 3949 5092 ἔπισκόπου

2325 5091 2562 5166 addunt
2581 5091 2870 5166 ῘΑγκύρας,
2893 5108 3030 5166 quae
3057 5107 3172 5166 vos;
3186 5091 3243 5147 et
3263 5091 3313 5146 si
3333 5091 3396 5146 in
3409 5091 3802 5166 nullocodice
3817 5109 3950 5149 ms.

2325 5181 2362 5221 a
2383 5165 2557 5221 nobis
2576 5162 2843 5223 inventa.
2858 5162 3205 5236 probabilis
3227 5167 3430 5218 tamen
3444 5164 3802 5236 conjectura
3827 5171 3952 5236 est,
4045 5170 4054 5174 ’

2323 5234 2909 5309 Athanasiumillum
2932 5235 3308 5309 episcopum,
3358 5234 3533 5309 cujus
3599 5235 3678 5309 ad
3697 5234 3953 5309 patrem

2324 5309 2529 5382 scribit
2559 5308 2828 5374 Basilius,
2852 5322 2981 5382 non
3003 5306 3340 5382 aliumesse
3363 5306 3720 5382 Athanasio“
3733 5313 3948 5382 Ancy-

2322 5396 2405 5452 rae
2435 5380 2740 5452 episcopo,
2762 5379 3010 5452 quicum
3035 5377 3288 5452 Basilius
3319 5378 3586 5434 amicitia
3642 5383 3701 5435 et
3759 5377 3951 5438 fami-

2322 5449 2574 5508 liarit’ate
2596 5449 2952 5522 conjunctus
2973 5449 3102 5522 fuit.

2396 5524 2472 5595 (2)
2502 5526 2570 5595 Τὸ
2597 5520 2675 5586 δὲ,
2709 5520 2867 5580 Multi
2900 5521 3230 5595 codicesrb
3257 5520 3748 5595 pe’vroaetpaulo

2503 5591 2571 5654 δή
2589 5637 2602 5652 .
2636 5595 2868 5654 Ibidem
2891 5609 2998 5652 sex
3023 5592 3166 5651 libri
3190 5591 3423 5652 veteres
3453 5591 3507 5657 ἐξ
3525 5591 3741 5648 ἑαυτῶν.

2395 5687 2587 5728 αυτων.

2395 5687 2587 5728 αυτων.

3841 5529 3952 5582 ost

3830 5596 3949 5654 diti
