4114 6416
507 297 613 354 299

1897 290 1956 350 S.
1995 289 2224 347 BASILI
2261 290 2481 348 MAGNI

3739 305 3832 360 300

505 434 640 476 rare
664 417 913 492 quidem
943 417 1115 477 facile
1146 418 1256 489 sit;
1296 433 1420 476 uno
1459 421 1664 477 autem
1695 433 1796 475 ore
1826 431 2040 474 omnes
2069 431 2158 472 re-

2273 414 2569 489 ἀριθμᾶσαι
2604 412 2811 492 ῥᾴδιον,
2869 417 3121 490 σύμφωνα
3164 412 3224 470 δε
3277 417 3468 482 πάντες
3513 423 3833 498 φθεγγόμενοι.

507 509 784 581 ferentes,
823 513 878 566 te
907 509 1162 566 charum
1206 513 1390 582 caput
1433 509 1768 584 (quomodo
1809 506 2004 564 verbis
2033 509 2167 562 utar

503 598 883 670 lenissimis?)
903 614 1026 656 non
1051 598 1409 655 suavissime
1439 598 1627 655 nostri
1660 597 2030 664 meminisse,
2064 610 2167 651 ne-

506 704 626 762 que
654 705 768 762 pro
795 688 915 746 tuis
934 688 1229 744 moribus.
1260 691 1343 745 Me
1374 703 1513 744 vero
1543 686 1689 744 nihil
1716 703 1919 743 rerum
1949 685 2163 741 huma-

504 794 747 847 narum,
779 779 970 852 probe
1000 778 1177 849 scias,
1213 777 1500 850 percellit,
1545 793 1656 833 nec
1700 777 2064 848 cujusquam
2094 789 2165 830 ex

507 869 793 926 omnibus
815 869 1224 941 inexspectata
1249 867 1616 935 immutatio;
1640 883 1778 922 cum
1804 865 2039 921 dudum
2060 879 2167 920 na-

508 964 652 1018 turae
692 958 1160 1016 imbecillitatem
1188 962 1245 1014 et
1281 958 1343 1014 in
1374 957 1670 1014 contraria
1701 954 2166 1014 mutabilitatem

504 1050 934 1124 perspexerim.
969 1047 1134 1104 Unde
1164 1063 1381 1120 neque,
1429 1047 1477 1103 si
1506 1047 1654 1120 quid
1699 1062 1898 1102 rerum
1931 1049 2164 1101 nostra-

502 1155 638 1196 rum
680 1142 840 1194 retro
885 1136 1245 1209 sublapsum
1295 1140 1406 1205 est,
1451 1140 1509 1192 et
1545 1152 1618 1192 ex
1649 1134 1899 1208 pristino
1934 1135 2163 1190 honore

501 1227 774 1285 convicia
798 1232 978 1300 atque
1003 1226 1238 1298 injuriae
1267 1225 1444 1282 nobis
1472 1241 1634 1282 nunc
1663 1225 1837 1293 ﬁunt,
1864 1223 1926 1280 id
1954 1223 2164 1293 magni

499 1316 674 1374 facio.
707 1316 824 1372 Sed
853 1316 1002 1372 illud
1044 1315 1193 1371 mihi
1220 1331 1432 1372 revera
1473 1318 1688 1387 prater
1729 1313 2080 1386 opinionem
2107 1315 2166 1368 et

498 1407 689 1463 instar
718 1406 972 1463 monstri
998 1405 1194 1460 visum
1219 1409 1328 1476 est,
1358 1421 1498 1461 eum
1528 1408 1583 1460 te
1611 1419 1747 1460 esse
1773 1403 1880 1476 qui
1907 1403 1988 1458 ita
2019 1417 2163 1471 erga

499 1512 612 1554 nos
643 1495 894 1553 affectus
926 1494 1031 1564 sis,
1061 1499 1128 1551 ut
1154 1494 1433 1550 irascaris
1462 1493 1641 1550 nobis
1675 1509 1744 1550 ac
1776 1507 2160 1562 succenseas,

499 1589 624 1644 imo
655 1587 834 1644 etiam
849 1591 982 1658 jam
1013 1585 1210 1641 min‘as
1237 1585 1474 1657 aliquas
1505 1585 1785 1651 intentes,
1813 1587 1879 1639 ut
1896 1582 2163 1639 referunt

498 1678 606 1751 qui
632 1677 932 1735 audivere.
963 1675 1136 1748 104
1158 1675 1238 1732 Ac
1263 1675 1464 1732 minas
1486 1674 1735 1746 quidem
1765 1673 2015 1730 omnino
2038 1687 2159 1738 ive-

2275 506 2334 557 σὶ
2379 509 2473 564 τὴν
2533 505 2683 579 φίλην
2730 505 2954 580 κεφαλὴν
3013 508 3139 576 (πῶς
3203 504 3263 558 ἃν
3317 507 3554 582 εὐφήμως
3606 515 3784 588 εἴποιμι
3803 517 3835 587 ;)

2272 593 2379 666 οὐχ
2409 596 2474 655 ὡς
2504 592 2706 654 ἣδιστα
2739 596 3038 669 μεμνῆσθαι
3082 597 3250 668 ἡμῶν,
3283 593 3412 650 οὗδὶ
3451 602 3577 652 κατά
3601 605 3680 654 τὸν
3705 623 3838 657 σεαυ-

2270 693 2361 739 τοῦ
2384 691 2597 760 τρόπον.
2646 687 2766 760 Ἐμε
2821 683 2882 740 δε
2928 683 3078 740 οὐδὶν
3131 685 3418 746 ἐκπλήσσει
3463 700 3553 743 τῶν
3599 691 3836 769 ἀνθρωπί-

2271 795 2388 843 νων,
2418 776 2473 829 εὗ
2507 778 2639 845 ἴσθι,
2701 773 2824 830 οὐδε
2862 773 3264 851 ἀπροσδόκητος
3315 776 3454 831 ἐστιν
3507 778 3702 846 οὐδενὸς
3747 793 3834 837 τῶν

2271 867 2476 918 πάντων
2513 865 2798 939 μεταϐολὴ,
2829 865 2991 919 πάλαι
3019 869 3078 919 τὸ
3122 874 3214 928 τῆς
3271 870 3464 940 φύσεως
3521 868 3715 934 ἀσθενὴς
3757 877 3838 928 καὶ

2271 957 2330 1006 τό
2370 954 2762 1030 εὐπερίτρεπτον
2818 959 2950 1032 πρὸς
3000 958 3067 1008 τὰ
3118 955 3320 1010 ἐναντία
3373 962 3835 1033 καταμαθόντα

2269 1043 2422 1099 Ὅθεν
2477 1046 2585 1100 οὔτ’
2643 1051 2686 1100 εἶ
2737 1068 2788 1100 τι
2834 1056 2933 1100 τῶν
2976 1049 3235 1124 ἡμετέρων
3268 1053 3645 1122 μεταπίπτωκε,
3685 1049 3840 1104 καὶέκ

2268 1142 2364 1197 τῆς
2404 1140 2652 1211 πρότερον
2705 1145 2864 1210 τιμῆς
2904 1134 3167 1211 λοιδορίαι
3213 1143 3305 1190 καὶ
3345 1137 3511 1212 ὕϐρεις
3558 1143 3669 1212 περὶ
3719 1142 3840 1213 ἡμᾶς

2268 1232 2358 1277 νῦν
2405 1230 2634 1297 γίνονται
2665 1227 2802 1293 (10),
2858 1231 2996 1300 μέγα
3038 1235 3192 1280 τοῦτο
3239 1236 3511 1301 ποιοῦμαι,
3555 1227 3679 1280 Ἀλλ’
3726 1227 3840 1282 ἐκεῖ-

2268 1317 2324 1366 νό
2354 1334 2445 1387 μοι
2474 1315 2598 1388 (11)
2626 1312 2928 1390 παράδοξον
2981 1319 3052 1378 ὡς
3106 1316 3313 1378 ἀληθῶς
3341 1323 3432 1370 καὶ
3470 1319 3706 1391 ὑπερφυὲς
3733 1316 3840 1390 ἐφά-

2268 1423 2352 1470 νη,
2385 1407 2444 1456 τό
2479 1407 2536 1457 σε
2588 1405 2719 1459 εἶναι
2770 1425 2858 1458 τον
2911 1406 3048 1459 οὕτω
3091 1410 3222 1482 πρὸς
3279 1409 3414 1480 ἡμᾶς
3466 1409 3670 1479 ἔχοντα,
3724 1409 3842 1461 ὥστε

2269 1492 2578 1568 ὀργίζεσθαι
2626 1497 2750 1568 ἡμῖν
2807 1500 2897 1548 καὶ
2966 1494 3324 1568 χαλεπαίνειν,
3401 1492 3509 1555 ἤδη
3565 1493 3623 1549 δέ
3673 1516 3722 1549 τι
3761 1500 3841 1550 καὶ

2268 1580 2515 1654 ἀπειλεῖν,
2571 1586 2640 1646 ὡς
2685 1585 2711 1636 ό
2753 1592 2853 1636 τῶν
2903 1583 3237 1638 ἀκουσάντων
3284 1584 3452 1657 λόγος.
3500 1592 3609 1639 Τῶν
3766 1581 3842 1638 οὖν

2269 1671 2488 1726 ἀπειλῶν
2535 1679 2625 1726 καὶ
2671 1676 2806 1727 πάνυ
2860 1674 3150 1748 (εἰρήσεται
3205 1677 3307 1749 γὰρ
3360 1673 3602 1744 τάληθὲς)
3653 1677 3842 1746 κατεγέ-

497 1784 636 1824 rum
668 1768 829 1823 enim
858 1765 1112 1827 dicetur)
1142 1764 1318 1820 irrisi.
1362 1763 1658 1836 Equidem
1682 1779 1878 1819 essem
1908 1761 2158 1819 omnino

2266 1762 2424 1816 λασαο
2459 1759 2488 1822 ἦ
2520 1759 2716 1836 κομιδῇ
2744 1762 2794 1836 γ’
2840 1762 2902 1816 ἂν
2931 1771 3056 1825 παῖς
3086 1767 3213 1832 εἵην,
3247 1767 3314 1817 τὰ
3342 1773 3563 1817 τοιαῦτα
3603 1763 3842 1840 μορμολὺ-

497 1873 668 1930 puer,
703 1856 753 1912 si
783 1854 1083 1927 ejusmodi
1113 1853 1502 1910 formidarem
1535 1851 1833 1910 terricula.
1867 1854 1987 1907 Hoc
2016 1866 2159 1907 vero

496 1947 645 2006 mihi
674 1952 731 2003 et
759 1945 1014 2003 terribile
1047 1949 1105 2001 et
1134 1943 1325 2000 multa
1355 1944 1609 2015 dignum
1641 1941 2040 2000 sollicitudine
2069 1941 2158 1998 vi-

496 2054 632 2095 sum
663 2041 774 2106 est,
807 2033 973 2108 quod
1001 2034 1310 2106 integritas
1350 2039 1475 2104 tua,
1507 2049 1697 2107 quam
1736 2033 1888 2089 inter
1925 2047 2157 2105 paucos

494 2132 622 2185 tum
647 2130 819 2182 rectae
838 2124 981 2180 ﬁdei
999 2124 1476 2192 ﬁrmamentum,
1501 2128 1630 2180 tum
1661 2123 1876 2179 veteris
1898 2137 1969 2177 ac
1999 2137 2157 2177 verae

492 2215 827 2274 dilectionis
853 2229 1064 2270 semen
1093 2213 1154 2269 in
1183 2211 1470 2268 solatium
1498 2211 1770 2268 Ecclesiis
1793 2210 2017 2267 servari
2036 2226 2155 2266 cre-

491 2306 716 2374 dimus,
748 2319 944 2376 usque
976 2301 1132 2359 adeo
1168 2301 1482 2374 praesentis
1513 2317 1716 2357 rerum
1757 2305 1946 2356 status
1976 2298 2156 2372 parti~

490 2411 638 2468 ceps
667 2393 760 2465 sit,
795 2398 857 2448 ut
879 2390 1292 2464 quorumlibet
1316 2389 1638 2446 hominum
1670 2389 1986 2448 calumniae
2018 2388 2156 2460 plus

490 2482 658 2558 apud
705 2488 759 2540 te
806 2480 1066 2543 valeant,
1118 2495 1307 2552 quam
1337 2478 1521 2550 longa
1547 2479 1734 2535 nostri
1763 2478 2152 2551 experientia,

489 2577 548 2630 et
576 2571 656 2630 ad
685 2586 889 2627 rerum
923 2567 1328 2625 absurdarum
1372 2567 1782 2640 suspicionem
1813 2567 1939 2622 sine
1971 2581 2154 2636 argu-

488 2663 708 2721 mentis
741 2658 1084 2718 abducaris.
1111 2659 1498 2730 Quanquam,
1525 2657 1674 2732 quid
1693 2657 1832 2714 dico
1860 2656 2152 2730 suspicio-

487 2755 673 2812 nem?
719 2751 829 2818 Qui
875 2749 1036 2806 enim
1067 2748 1416 2818 indignatus
1447 2753 1538 2804 est
1567 2763 1639 2804 ac
1669 2748 1955 2817 minatus,
1981 2752 2049 2803 ut
2077 2747 2152 2803 de

487 2848 542 2900 te
571 2841 856 2908 referunt,
888 2855 1012 2895 non
1058 2837 1443 2910 suspicantis,
1489 2837 1595 2894 sed
1615 2837 1747 2909 jam
1778 2837 1935 2894 clare
1967 2841 2024 2893 et
2048 2853 2151 2894 ex-

485 2933 716 3007 plorate
756 2929 1032 3004 persuasi
1078 2927 1312 2984 videtur
1344 2927 1621 3000 quodam
1673 2927 1862 2986 modo
1905 2928 2152 2985 iracun-

486 3023 654 3080 diam
683 3020 1051 3078 declarasse.

559 3117 612 3170 2.
657 3111 792 3180 Sed,
834 3115 900 3166 ut
929 3109 1072 3178 dixi,
1127 3108 1189 3164 in
1226 3107 1343 3165 hoc
1387 3112 1626 3180 tempus
1669 3123 1920 3164 causam
1963 3106 2152 3180 rejici-
2182 3136 2223 3192 ρ

489 3219 650 3261 mus.
704 3205 854 3258 Nam
902 3199 1114 3272 quanti
1160 3197 1386 3257 laboris
1429 3201 1578 3266 erat,
1620 3213 1656 3253 ο
1687 3197 2066 3267 admirande,
2089 3198 2152 3254 in

487 3292 660 3351 brevi
703 3289 977 3363 epistola,
1018 3288 1243 3361 quibus
1284 3287 1360 3343 de
1401 3286 1582 3344 rebus
1613 3286 1819 3358 velles,
1858 3287 2021 3344 velut
2061 3303 2154 3343 so-

488 3383 617 3440 lum
644 3397 784 3437 cum
815 3379 945 3436 solo
971 3377 1231 3450 colloqui
1255 3395 1268 3434 :
1303 3381 1406 3434 aut
1433 3377 1482 3432 si
1510 3376 1718 3433 litteris
1739 3393 1834 3433 res
1855 3377 2157 3449 ejusmodi

490 3487 618 3531 non
647 3469 941 3537 crederes,
971 3484 1084 3524 nos
1125 3467 1205 3524 ad
1248 3473 1302 3524 te
1341 3483 1650 3544 accersere
1670 3467 1697 3522 ‘I
1745 3467 1918 3534 Quod
1945 3468 1992 3524 si
2022 3469 2156 3524 haec

493 3561 745 3619 omnino
788 3557 1131 3614 renuntiare
1183 3556 1522 3630 oportebat,
1579 3572 1650 3611 ac
1703 3555 1976 3613 dilationi
2023 3574 2157 3630 spa-

492 3653 642 3709 tium
685 3665 806 3706 non
839 3649 1026 3706 dabat
1053 3647 1314 3704 difﬁcilis
1341 3646 1422 3703 ad
1465 3646 1869 3703 coercendum
1910 3647 2155 3704 iracun-

495 3742 598 3799 dia
623 3760 636 3809 ;
670 3745 732 3797 at
754 3743 910 3796 certe
932 3754 1122 3794 unum
1153 3737 1420 3810 aliquem
1445 3753 1519 3792 ex
1548 3735 1966 3805 familiaribus,
1998 3741 2056 3793 et
2081 3738 2156 3794 ad

496 3832 758 3903 tegenda
787 3843 1014 3886 arcana
1059 3827 1296 3887 idoneis
1339 3827 1558 3884 licebat
1609 3828 1906 3883 sermonis
1937 3827 2017 3884 ad
2045 3843 2158 3884 nos

497 3919 839 3995 perferendi
883 3917 1225 3974 ministrum
1279 3915 1590 3974 adhibere.
1624 3920 1792 3973 Nunc
1837 3933 1978 3974 vero
2020 3917 2159 3990 quis

499 4015 687 4068 estex
716 4009 808 4075 iis,
840 4007 946 4080 qui
975 4006 1055 4063 ad
1083 4022 1192 4063 vos
1221 4005 1740 4079 qualiumcunque
1774 4007 2158 4078 negotiorum

498 4114 685 4158 causa
698 4096 1176 4171 proﬁciscuntur,
1196 4097 1368 4168 cujus
1397 4112 1574 4152 aures
1594 4097 1708 4154 hoc
1736 4113 2014 4154 sermone
2034 4112 2158 4154 non

498 4186 1062 4257 circumsonuerint,
1105 4201 1299 4243 noxas
1341 4185 1643 4259 quasdam
1684 4202 1722 4244 a
1748 4186 1928 4244 nobis
1975 4185 2158 4244 scribi

499 4367 674 4440 Med.,
699 4381 1059 4440 quanquam
1080 4363 1901 4440 _addi_ta_estsecunda_manu
1914 4365 1976 4420 in
1997 4365 2155 4421 Harl.

499 4435 740 4498 Ibidem
763 4435 1050 4511 συμφώνως
1077 4437 1140 4492 in
1168 4435 1361 4492 editis.
1395 4435 1575 4504 Harl.,
1607 4435 1781 4494 Coisl.
1823 4440 2075 4510 uterque
2103 4440 2159 4494 et

497 4518 750 4585 uterque
773 4510 1012 4585 Reg._ut
1037 4510 1098 4564 in
1126 4512 1310 4585 textu:

571 4579 1093 4655 (9)'_Karapa06vra.
1125 4579 1382 4655 Sic_e_dit.
1419 4581 1646 4655 Hagan.
1689 4585 1747 4655 e_t_
1776 4580 1972 4655 prima
2002 4581 2160 4638 Basi-

500 4649 718 4732 leen'sis
747 4649 886 4732 cum
921 4651 1100 4732 Hal-1.,
1133 4649 1308 4732 Coisl.
1341 4649 1540 4732 primo
1570 4657 1631 4732 et
1654 4649 1848 4732 tribus
1873 4652 2022 4732 aliis.
2058 4655 2161 4732 Re-

501 4727 686 4804 fertur
710 4725 984 4804 videlicet
1005 4720 1528 4804 hocparticipium
1559 4722 1635 4804 a_d
1657 4720 1760 4804 ἐμέ,
1787 4723 1956 4804 quod
1975 4723 2158 4804 paulo

502 4803 640 4854 ante
677 4795 998 4870 praecessit.
1059 4794 1209 4851 Edit.
1251 4794 1436 4850 Paris.
1479 4802 1534 4850 et
1582 4794 2160 4865 Basileensisfanni

505 4873 662 4938 1551,
692 4870 1070 4939 καταμαθόντι.

599 4935 686 5008 10)
727 4935 980 4992 Γίνονται.
1023 4936 1456 5009 Coisl.primus
1487 4935 1795 5009 ἐγγίνονται.

570 4942 686 5079 éiO)
727 4943 980 4992 Γίνονται.
1023 4942 1193 4994 Coisl.
1223 4942 1456 5009 primus
1487 4942 1795 5009 ἐγγίνονται.

605 5013 691 5080 ll)
735 5011 925 5063 Ἐκείνό
955 5029 1063 5084 μοι.
1102 5008 1340 5084 addunt
1381 5017 1644 5084 quatuor
1685 5025 1836 5069 mss.
1883 5011 1976 5084 τὴν
2019 5012 2159 5084 πρώ-

499 5096 869 5208 mv,dnempe
899 5080 1037 5137 Harl
1066 5123 1079 5149 ,
1112 5082 1261 5146 Vat.,
1307 5080 1486 5139 Coisl.
1516 5082 1748 5154 primus
1786 5087 1844 5139 et
1881 5083 2028 5151 Reg.
2061 5080 2158 5136 'se-

499 5171 619 5208 cun
671 5170 760 5208 us.

499 5170 660 5212 cuna
671 5170 760 5209 US.

571 5228 686 5298 (f2)
760 5226 1210 5298 Ilurwrgbaeagtv.
1277 5226 1418 5298 Tres
1482 5240 1628 5298 mss.
1706 5225 2153 5298 πεπιστεύκαμεν,

497 5295 930 5370 nempellarl.,
958 5295 1136 5352 Coisl.
1171 5295 1475 5370 secundus
1499 5301 1557 5351 et
1585 5297 1725 5366 Reg.
1750 5295 2083 5370 secundus.

571 5365 685 5440 (l3)
725 5365 1348 5440 ’Enijoa'oﬁromACoiSJ.
1374 5366 1621 5440 primus
1663 5371 1721 5440 et
1749 5367 1903 5440 liis-3d1
1941 5365 2026 5419 ἐπὶ
2067 5386 2156 5440 τοο

500 5433 693 5513 σοῦτῴ⁵
725 5438 910 5513 Paulo
939 5444 1077 5513 post
1099 5437 1260 5494 idem
1283 5433 1463 5496 Coisl.
1484 5442 1656 5511 χωρὶς
1687 5433 2016 5501 ἀποδείξεως.
2047 5437 2156 5494 lbi-

497 5508 814 5568 dem'Med.
845 5508 962 5565 Καῗ
976 5514 1029 5562 τί
1057 5508 1211 5579 λέγω.

566 5582 677 5658 (14)
716 5589 966 5658 Γραφῇ...
1005 5576 1217 5644 ἐξειπεῖν
1257 5576 1494 5658 ᾔδεις-ηε
1543 5582 1773 5658 septem
1815 5596 1989 5658 ms_s.,
2041 5579 2156 5638 nisi

496 5649 665 5728 quod
712 5649 777 5711 in
826 5649 1020 5712 tribus
1067 5649 1500 5712 recentioribus
1547 5649 1770 5725 legitur
1813 5655 1946 5730 πρὸς
1993 5670 2154 5708 σεαυ-

2266 1873 2382 1908 κεια
2434 1850 2709 1916 δεδοικωςι
2761 1853 2922 1907 ἐκεῖνο
2953 1851 3013 1908 δέ
3049 1875 3140 1928 μοι
3177 1861 3268 1908 καὶ
3317 1855 3532 1929 φοϐερόν
3569 1859 3656 1908 καὶ
3682 1853 3840 1914 πολλῆς

2267 1941 2538 2018 φροντίδος
2566 1944 2712 2007 ἄξιον
2742 1941 2907 2013 ἔδοξε,
2950 1949 3008 1998 τό
3061 1949 3155 2004 τὴν
3215 1950 3312 2005 σὴν
3361 1944 3649 2021 ἀκρίϐειαν,
3705 1945 3760 2004 ἣν
3800 1941 3836 1995 ἐν

2265 2034 2458 2107 ὀλίγοις
2496 2037 2712 2109 ἔρεισμα
2755 2054 2808 2088 τε
2861 2035 3159 2108 ὀρθότητος,
3213 2040 3304 2089 καὶ
3354 2045 3457 2097 τῆς
3507 2034 3727 2110 ἀρχαίας
3769 2037 3844 2086 καὶ

2265 2122 2516 2188 ἀληθινῆς
2563 2123 2775 2196 ἀγάπης
2819 2129 3029 2199 σπέρμα
3084 2125 3151 2187 εἰς
3205 2127 3552 2200 παραμυθίαν
3593 2132 3702 2187 ταῖς
3746 2124 3842 2177 Ἐκ-

2263 2213 2510 2276 κλησίαις
2562 2215 2830 2276 σώζεσθαι
2873 2217 3288 2287 πεπιστεύκαμεν
3343 2215 3488 2287 (12),
3548 2213 3630 2267 ἐπὶ
3681 2220 3844 2266 τοσοῦ-

2262 2325 2349 2358 τον
2399 2306 2511 2377 (13)
2583 2312 2675 2365 τῆς
2745 2307 3021 2380 παρούσης
3103 2306 3487 2367 καταστάσεως
3565 2309 3835 2378 μετασχεῖν,

2262 2396 2398 2447 ὥστε
2454 2397 2549 2456 τὰς
2607 2395 2752 2469 παρὰ
2804 2402 2904 2446 τῶν
2973 2399 3241 2467 τυχόντων
3319 2392 3632 2468 βλαφημίας
3682 2411 3836 2467 κυριω-

2260 2487 2414 2559 τέρας
2467 2484 2794 2542 ποιήσασθαι
2865 2492 2960 2545 τῆς
3035 2489 3238 2557 μακρᾶς
3292 2485 3450 2556 ἡμῶν
3532 2488 3724 2558 πείρας,
3765 2483 3841 2532 καὶ

2259 2576 2391 2647 πρὸς
2445 2577 2540 2631 τὴν
2586 2581 2684 2626 τῶν
2741 2571 2944 2626 ἀτόπων
3009 2575 3252 2626 ὑπόνοιαν
3322 2579 3501 2649 χωρὶς
3563 2568 3842 2635 ἀποδείξων

2261 2663 2593 2735 ὑπαχθῆναι.
2632 2667 2817 2715 Καίτοι
2855 2668 2905 2715 τί
2945 2662 3075 2736 λέγω
3126 2664 3414 2732 ὑπόνοιαν;
3464 2661 3523 2715 Ὀ
3572 2665 3667 2736 γὰρ

2261 2758 2496 2814 ἀκτῇσας
2525 2757 2615 2805 καὶ
2648 2749 3027 2824 διαπειληθεὶς,
3075 2754 3144 2814 ὥς
3184 2772 3369 2823 φασιν,
3434 2752 3542 2825 οὐχ
3592 2754 3848 2805 ὑπονοοῦν-

2258 2861 2367 2909 τος,
2401 2840 2531 2894 ἀλλὰ
2565 2849 2655 2894 τοῦ
2686 2837 2793 2900 ἤδη
2829 2850 3003 2914 σαφῶς
3057 2847 3148 2895 καὶ
3191 2840 3584 2919 ἀναντιρῥητως
3631 2840 3850 2895 πεισθέν-

2258 2949 2346 2994 τος
2378 2927 2525 2985 δοκεῖ
2550 2951 2655 2992 πως
2683 2929 2842 3005 ὀργὴν
2873 2926 3232 3004 ἐνδεδεῖχθαι.

2334 3113 2386 3164 2.
2430 3107 2589 3173 ⁷Αλλ’,
2630 3109 2752 3181 ὅπερ
2783 3109 2928 3180 ἔφην,
2974 3105 3058 3161 ἐπὶ
3095 3110 3182 3160 τὸν
3225 3111 3419 3182 καιρὸν
3459 3115 3640 3162 τοῦτον
3695 3105 3856 3178 ἀναφέ-

2262 3216 2413 3272 ρομεν
2461 3202 2556 3256 τὴν
2609 3197 2802 3252 αἰτίαν.
2865 3196 3008 3250 Ἐπεὶ
3053 3202 3216 3251 πόσον
3267 3202 3440 3252 πόνου
3486 3195 3568 3265 ἧν,
3610 3198 3649 3248 ὦ
3679 3194 3858 3268 θαυμά-

2265 3306 2365 3356 σιε,
2421 3285 2468 3339 ἐν
2517 3285 2759 3360 ἐπιστολῇ
2819 3285 3076 3360 βραχείᾳ,
3125 3291 3243 3362 περὶ
3299 3288 3378 3339 ὧν
3433 3287 3666 3356 ἐϐούλου,
3721 3286 3856 3338 οἱονεὶ

2262 3380 2416 3450 μόνον
2467 3381 2606 3450 μόνῳ
2659 3373 3025 3449 διαλεχθῆναι·
3082 3376 3136 3446 ἢ,
3187 3377 3232 3430 εἰ
3290 3381 3368 3450 μὴ
3430 3377 3696 3438 ἐπίστευες
3737 3394 3858 3449 γρα-

2263 3474 2329 3540 φῇ
2361 3467 2473 3537 (14)
2510 3469 2574 3518 τὰ
2603 3474 2841 3534 τοιαῦτα,
2873 3470 3004 3540 πρὸς
3051 3466 3231 3519 ἑαυτὸν
3269 3469 3759 3542 μπαπέμψασθαι;
3809 3461 3861 3517 Εἰ

2265 3553 2325 3609 δε
2375 3559 2577 3617 πάντως
2621 3555 2836 3619 ἐξειπεῖν
2901 3552 3030 3622 ἔδει,
3091 3561 3182 3609 καὶ
3243 3555 3478 3632 ἀναϐολῇ
3540 3561 3717 3634 καιρόν
3779 3553 3861 3607 οὐκ

2263 3641 2448 3698 ἐδίδου
2505 3647 2573 3697 τὰ
2619 3641 2979 3698 δυσκάθεκτον
3032 3665 3128 3708 της
3180 3644 3369 3719 ὀργῆς·
3432 3646 3546 3700 ἀλλ’
3592 3645 3746 3719 ἐνίγί
3770 3660 3861 3695 τινι

2261 3742 2363 3788 τῶν
2424 3731 2752 3803 ἐπιτηδείων,
2803 3739 2894 3787 καὶ
2947 3739 3146 3808 στέγειν
3214 3735 3498 3812 ἁπόρῥητα
3557 3739 3860 3810 πεφυκότων,

2264 3822 2381 3887 ἐξῆν
2415 3820 2482 3882 δή
2514 3843 2615 3876 που
2656 3832 2754 3876 τῶν
2794 3828 2925 3898 πρὸς
2979 3827 3121 3897 ἡμᾶς
3173 3823 3340 3896 λόγων
3381 3827 3706 3901 χρήσασθαι
3755 3818 3861 3874 δια-

2264 3919 2420 3988 κόνῳ.
2448 3919 2579 3968 Νυνὶ
2634 3909 2693 3967 δὲ
2745 3919 2882 3977 τίνος
2939 3913 3067 3988 οὐχὶ
3123 3916 3595 3990 περιτεθρύλληται
3651 3918 3717 3968 τὰ
3769 3912 3866 3963 ὦτα

2265 4011 2365 4057 τῶν
2427 4003 2543 4056 κατ’
2609 3999 2995 4062 ὁποιωδήποτε
3057 4008 3246 4078 χρείαν
3291 4006 3416 4078 ὑμῖν
3475 4004 3862 4078 ἐπιφοιτώντων,

2267 4095 2332 4156 ὡς
2378 4096 2524 4168 ἡμῶν
2590 4092 2719 4156 ἆτας
2797 4096 2940 4157 τινὰς
3014 4099 3313 4169 γραφόντων
3389 4101 3486 4150 καὶ
3556 4095 3870 4170 συγγραφόνο

2268 4203 2368 4237 των
2400 4184 2530 4256 (15);
2562 4186 2737 4256 Τούτῳ
2765 4185 2868 4258 γὰρ
2917 4188 2974 4237 σέ
3026 4203 3156 4256 φασι
3210 4187 3526 4259 κεχρῆσθαι
3556 4193 3631 4258 τῷ
3685 4184 3868 4260 ῥήματι

2268 4366 2375 4454 τόν.
2393 4361 2863 4454 Ράὶῐὶγηέμμρισι
2887 4365 3196 4454 πράγματα,
3234 4367 3375 4454 πρὸς
3389 4365 3589 4454 ἑαυτὸν
3617 4365 3869 4441 μεταπέμ-

2268 4433 2501 4508 ψασθαι.
2544 4431 2908 4498 matiam;
2927 4431 3017 4489 καί
3033 4431 3200 4490 ’τοῦτο
3224 4431 3319 4489 οὗκ
3347 4434 3484 4494 ἔδει.

2187 4494 2233 4549 D
2281 4494 2291 4508 ’
2343 4507 2452 4578 (15)
2482 4510 2603 4582 ’Καὶ
2632 4494 3058 4582 συγγραφόντων.
3109 4508 3205 4582 ῙίξιΔ
3250 4508 3441 4580 Harl.,
3503 4512 3656 4582 Vat.,
3707 4501 3871 4582 Coisl.

2271 4576 2577 4634 secundus
2594 4584 2650 4636 et
2665 4576 2820 4636 alitis
2836 4576 2872 4636 a
2888 4579 3249 4637 Combeﬁsio
3263 4576 3506 4638 citatus.
3531 4580 3734 4637 Deleta
3745 4576 3874 4632 sunt

2267 4649 2397 4706 haec
2425 4649 2613 4706 verba
2648 4649 2711 4706 in
2737 4650 3108 4723 Coisliniano
3140 4653 3363 4723 primo.
3403 4652 3562 4709 Editi
3592 4653 3623 4711 ἣ
3649 4666 3876 4723 συγγραῖ

2267 4727 2480 4794 φόντων.
2504 4721 2865 4794 Verteudum
2886 4726 3057 4794 putat
3081 4718 3514 4790 Combeﬁsius,
3539 4739 3609 4781 ac
3628 4718 3875 4780 conscri-

2269 4793 2498 4864 bamus,
2522 4793 2584 4849 id
2609 4799 2716 4860 est,
2745 4809 2818 4851 ac
2837 4793 3047 4850 si’aliis
3076 4795 3223 4851 socii
3249 4801 3305 4852 et
3329 4797 3657 4864 adjutores
3679 4795 3874 4850 simus.

2269 4863 2479 4939 [fateor
2504 4865 2652 4939 mihi
2677 4881 2798 4921 non
2829 4865 3075 4938 probari
3103 4865 3875 4939 hancinterpretationem.

2266 4935 2418 4991 Illud
2442 4937 2605 5010 enim
2630 4932 3036 5010 συγγραφόντων
3061 4937 3208 5010 nihil
3235 4937 3404 4994 aliud
3426 4932 3549 4995 Hoc
3577 4938 3710 5010 ΙοΟο
3735 4932 3879 5010 desi-

2267 5012 2433 5082 gnat,
2449 5008 2562 5082 uisi
2586 5003 3388 5082 librosetjpertractationes,
3408 5015 3477 5082 et
3506 5009 3788 5082 additum
3803 5003 3880 5082 vi-

2265 5081 2442 5136 detur
2460 5079 2537 5135 ad
2559 5079 3048 5153 explanationem
3059 5079 3462 5153 precedentis
3479 5081 3648 5153 vocis
3666 5081 3879 5153 γραφόν-

2265 5170 2387 5232 των,
2410 5167 2548 5233 quae
2569 5149 2708 5233 cum
2731 5151 2923 5233 accipi
2951 5149 3263 5233 possetdde
3287 5151 3505 5233 litteris
3533 5152 3638 5233 ad_
3655 5149 3880 5233 amicos

2267 5221 2718 5294 scriptis,aliam
2751 5221 3080 5280 adhibebat
3101 5222 3496 5292 Athanasius,
3514 5229 3580 5280 ut
3604 5221 3881 5280 Basiliam

2264 5298 2498 5366 pateret
2525 5309 2650 5350 non
2679 5294 3108 5366 incogitantem
3130 5299 3188 5351 et
3211 5295 3678 5366 imprudentem
3695 5305 3880 5350 noxas

2266 5365 2526 5447 scribere
2539 5370 2602 5447 ut
2621 5365 2927 5422 interdum
2945 5365 3011 5422 ﬁt
3023 5366 3084 5422 in
3097 5365 3394 5447 epistolis,
3404 5366 3882 5447 sed_dat_a_opera

2261 5435 2449 5510 libros
2473 5437 2534 5510 in
2554 5437 2671 5510 hoc
2695 5452 2913 5507 genere
2929 5454 3062 5494 com
3070 5435 3313 5510 ponere.
3330 5438 3483 5510 Hinc
3507 5435 3881 5494 Basiliohaac

2263 5508 2530 5582 audienti
2543 5509 2726 5582 subiit
2744 5510 2954 5582 vereri,
2967 5508 3221 5582 quodne
3234 5523 3394 5581 opus
3407 5508 3882 5582 haereticumno-

2263 5579 2412 5652 mini
2425 5596 2534 5636 suo
2547 5579 2815 5637 aﬂictum
2827 5579 3880 5652 fuissiét.Conﬁrmathancinterpre-

2262 5651 2550 5713 tationem
2569 5652 2719 5712 illud
2731 5652 2930 5713 Basilii
2947 5651 3022 5712 de
3039 5651 3347 5712 Eustathio
3369 5651 3618 5711 dictum
3630 5653 3694 5711 in
3705 5649 3875 5724 epist.
