4114 6384
257 329 345 384 301
1273 325 1760 383 EPISTOLARUM
1799 326 1884 383 CL

2000 327 2082 384 SlS
2121 330 2160 384 1.
2205 331 2417 389 EPIST.
2462 333 2666 393 XXVI’.

3549 350 3661 404 302

267 453 308 506 οἱ
343 450 429 505 ἰπὶ
475 449 666 514 λέξεως
710 450 784 502 τὰ
816 451 891 504 σὰ
922 447 1284 524 διηγούμενοί.
1319 450 1437 524 Ἐμὲ
1474 448 1552 519 δὲ,
1595 451 1682 504 ἐπὶ
1724 451 1885 504 πολλὰ

2001 457 2059 509 et
2097 457 2434 528 componi?
2475 462 2624 517 Nam
2673 461 2790 518 isto
2844 465 2898 519 te
2945 464 3246 522 vocabulo
3298 484 3480 526 usum
3527 487 3659 528 esse

269 547 350 601 τὴν
385 538 634 595 διάνοιαν
681 538 958 614 ἀγαγόντα
996 545 1091 600 τὴν
1140 539 1384 614 ἐμαυτοῦ,
1417 537 1568 594 οὐδέν
1608 561 1660 593 τι
1701 541 1890 615 μᾶλλον

271 640 352 694 τῆς
413 633 732 706 ἀμηχανίας
787 630 1032 705 ἀφίησιν.
1082 630 1242 684 Ὠστε
1292 651 1355 697 με
1407 636 1496 684 καὶ
1554 636 1788 684 τοιοῦτόν
1842 652 1894 684 τι

269 721 476 782 εἰσῆλθε
509 739 522 752 ”

271 811 457 866 ἑαυτοῦ
519 813 918 886 συγγράμμασι
979 813 1036 864 τὸ
1102 808 1221 883 ἐμὸν
1291 813 1454 883 ὄνομα
1513 809 1890 887 παραγράψας,

264 901 498 960 ἐλύπησέ
548 920 648 955 σου
703 905 798 960 τήν
846 899 1130 976 ὀρθότητα,
1174 904 1265 952 καὶ
1311 899 1505 959 ἐκείνην
1557 900 1758 973 ἀφεῖναι
1803 905 1890 959 τὴν

599 725 673 794 μή
745 740 822 782 τις
887 729 990 773 τῶν
1067 722 1337 796 αἰρετικῶν
1403 723 1705 795 κακούργως
1783 728 1891 784 τοῖς

265 996 438 1065 φωνὴν
503 992 866 1066 προηγάγετο.
925 989 1003 1043 Ού
1063 992 1165 1064 γὰρ
1224 986 1291 1049 δὴ
1357 997 1466 1053 τοῖς
1513 993 1892 1064 γεγραμμένοις

259 1080 342 1154 ὑφ’
378 1082 536 1154 ἡμῶν
591 1082 722 1156 πρὸς
750 1083 870 1140 τοὺς
918 1077 1159 1152 ἀνόμοιον
1203 1079 1317 1132 κατ’
1365 1079 1548 1132 ούσίαν
1588 1079 1889 1152 τολμήσαν-

263 1191 354 1232 τας
401 1171 570 1223 εἰπεῖν
618 1173 708 1223 τὸν
747 1173 866 1224 Υἱὸν
913 1173 1003 1223 καὶ
1048 1173 1176 1224 Θεὸν
1215 1177 1289 1241 τῷ
1329 1175 1436 1241 Θεῷ
1485 1174 1577 1222 καὶ
1627 1174 1812 1244 Πατρὶ,
1857 1170 1886 1229 ἦ

269 1265 402 1335 πρὸς
449 1264 578 1324 τοὺς
635 1265 842 1334 κτίσμα
902 1265 992 1314 καὶ
1045 1265 1249 1333 ποίημα
1292 1257 1420 1313 εἶναι
1468 1263 1525 1312 τὸ
1570 1267 1779 1333 Πνεῦμα
1831 1262 1888 1312 τὸ

275 1352 428 1422 ἅγιον
485 1350 1005 1423 ϐλασφημήσαντας,
1069 1352 1265 1408 ταύτην
1329 1348 1389 1401 ἂν
1447 1347 1729 1422 ἐπενεγκεῖν
1794 1353 1887 1408 τὴν

270 1437 541 1514 λοιδορίαν
592 1441 852 1514 ἠνέσχου,
898 1442 924 1493 ό
973 1443 1094 1502 τοὺς
1137 1438 1390 1513 μεγάλους
1429 1438 1620 1502 ἄθλους
1668 1437 1889 1502 ἐκείνους

270 1535 361 1583 καὶ
427 1529 778 1604 περιϐοήτους
852 1532 978 1604 ὑπὲρ
1044 1537 1134 1591 τῆς
1195 1526 1505 1604 ὀρθοδοξίας
1579 1526 1878 1600 διενεγκών.

262 1622 472 1681 Λύσαις
499 1621 620 1692 (16)
655 1616 708 1672 δ’
740 1619 800 1672 ἂν
844 1622 970 1694 ἠμῖς
1012 1624 1106 1678 τὴν
1137 1617 1440 1693 ἀμηχανίαν
1486 1618 1664 1690 αὐτὸς,
1699 1619 1742 1670 εἰ
1785 1617 1888 1671 ἐθε-

257 1709 475 1771 λήσειας
523 1712 594 1762 τὰ
629 1711 923 1769 κινήσαντά
965 1729 1022 1764 σε
1068 1712 1193 1783 πρὸς
1241 1712 1336 1769 τήν
1374 1709 1495 1762 καθ’
1525 1710 1670 1782 ἡμῶν
1718 1707 1884 1766 λύπην

247 1806 496 1873 φανερῶς
527 1797 852 1873 ἐξαγγεῖλαι.

838 2003 1176 2068 ΕΠΙΣΤΟΛὲ
1215 2011 1330 2078 Τς’.

2001 543 2188 614 aiunt,
2216 547 2321 618 qui
2365 532 2615 606 totidem
2645 552 2844 608 verbis
2875 559 2980 610 tua
3023 555 3304 612 referunt.
3347 561 3429 614 Me
3457 566 3658 618 autem

2000 633 2192 691 multa
2219 636 2422 693 animo
2454 643 2510 695 et
2535 642 2896 712 cogitatione
2922 653 3284 717 versantem,
3311 649 3459 704 nihil
3484 651 3660 722 quid-

1998 739 2188 796 quam
2220 726 2294 780 de
2336 729 2566 785 consilii
2592 731 2801 804 inopia
2844 735 3068 791 eximit.
3103 737 3294 802 Quare
3327 743 3384 794 et
3431 739 3659 812 aliquid

1999 812 2114 868 tale
2157 815 2305 871 mihi
2348 817 2408 872 in
2457 826 2720 876 mentem
2760 824 2942 892 venit,
2971 840 3120 880 num
3151 826 3289 898 quis
3337 827 3656 885 haereticus

1997 900 2206 958 dolose
2229 905 2352 960 suis
2379 905 2569 979 ipsius
2591 910 2824 983 scriptis
2850 927 3074 968 nomen
3095 930 3301 970 meum
3324 917 3657 989 ascribens,

1996 991 2334 1050 rectitudini
2359 999 2472 1052 tua:
2500 998 2841 1056 molestiam
2873 1002 3104 1070 crearit,
3133 1009 3313 1077 atque
3345 1006 3420 1061 ad
3447 1023 3658 1064 vocem

1996 1079 2174 1138 istam
2223 1084 2616 1143 emittendam
2663 1088 2954 1159 adegerit.
2994 1094 3123 1147 Non
3172 1094 3333 1148 enim
3359 1096 3430 1150 iis
3458 1113 3593 1168 quae
3621 1113 3658 1154 a

1997 1170 2172 1226 nobis
2195 1173 2418 1246 scripta
2441 1181 2580 1232 sunt
2601 1177 2890 1234 adversus
2911 1195 3014 1236 eos
3035 1185 3138 1252 qui
3161 1181 3369 1238 Filium
3391 1190 3447 1240 et
3468 1188 3655 1242 Deum

1997 1263 2118 1316 Deo
2150 1266 2206 1318 et
2236 1263 2392 1328 Patri
2439 1267 2775 1323 secundum
2807 1270 3135 1326 essentiam
3184 1272 3538 1330 dissimilem
3569 1275 3654 1331 di-

1997 1365 2129 1406 cere
2159 1353 2290 1407 ausi
2317 1357 2477 1424 sunt,
2503 1360 2605 1411 aut
2631 1357 2919 1413 adversus
2944 1375 3045 1415 eos
3071 1361 3178 1433 qui
3209 1363 3494 1434 Spiritum
3521 1382 3656 1421 san-

1996 1445 2160 1496 ctum
2191 1447 2529 1501 creaturam
2571 1450 2629 1502 et
2657 1447 2968 1518 opiﬁcium
3003 1466 3136 1505 esse
3163 1451 3521 1524 blasphemo
3553 1471 3654 1512 ore

1995 1530 2354 1598 docuerunt,
2401 1535 2832 1592 contumeliam
2886 1538 3046 1594 hanc
3094 1539 3288 1596 facere
3335 1542 3652 1616 voluisses,

1993 1619 2100 1691 qui
2130 1636 2355 1692 magna
2392 1623 2494 1680 illa
2539 1640 2610 1680 ac
2657 1625 2917 1682 celebria
2963 1630 3292 1687 certamina
3336 1647 3445 1703 pro
3491 1638 3656 1690 recta

1993 1708 2109 1765 ﬁde
2140 1711 2454 1783 pertulisti.
2483 1714 2784 1771 Liberabis
2813 1722 3015 1774 autem
3046 1734 3158 1774 nos
3195 1720 3272 1776 ab
3303 1721 3418 1777 hac
3445 1723 3656 1780 sollici-

1917 1817 1957 1872 Β
1995 1798 2222 1868 tudine,
2256 1799 2304 1855 si
2349 1801 2535 1858 modo
2580 1804 2836 1860 volueris
2885 1823 3022 1879 quae
3053 1812 3107 1864 te
3137 1809 3216 1865 ad
3263 1810 3421 1866 hanc
3450 1811 3512 1868 in
3542 1829 3655 1872 nos

1989 1886 2386 1947 offensionem
2418 1894 2877 1967 commoverint,
2913 1901 3114 1969 aperte
3147 1900 3508 1970 signiﬁcare.

2429 2017 2600 2090 105
2643 2021 2979 2077 EPISTOLA
3021 2025 3224 2078 XXVl'.

249 2122 605 2178 Caesarium
625 2121 920 2182 Basilius.
937 2124 1003 2178 in
1031 2137 1096 2178 eo
1126 2127 1306 2179 terrae
1325 2127 1494 2177 motu
1521 2123 1628 2193 qui
1641 2121 1909 2201 Na‘cwam
1939 2122 2171 2201 evertit,
2191 2121 2556 2201 mirabiliter
2573 2131 2882 2201 servatum
2916 2127 3220 2200 hortatur,
3241 2135 3310 2184 ut
3332 2135 3567 2201 gratias
3589 2151 3656 2192 re

292 2201 346 2251 et
371 2209 561 2264 opere
583 2195 712 2250 Deo
729 2195 1057 2263 persolvat,
1076 2209 1150 2251 ac
1173 2194 1439 2251 eamdem
1465 2208 1698 2263 semper
1723 2199 1973 2250 mentem
1995 2194 2253 2249 retineat
2280 2209 2459 2266 quam
2483 2198 2544 2250 in
2575 2197 2701 2265 ipso
2722 2201 2990 2267 periculi
3011 2194 3274 2258 articulo
3299 2194 3618 2262 habuerat.

505 2322 794 2394 Καισαρίῳ
823 2325 896 2390 τῷ
927 2314 1135 2392 ἀδελφῷ
1172 2322 1462 2395 Γρηγοφίον
1499 2317 1634 2389 (17).

319 2429 508 2502 ’Χάρις
564 2428 640 2498 τῷ
701 2433 839 2498 Θεῷ,
892 2434 964 2498 τῷ
1022 2429 1087 2480 τὰ
1139 2426 1325 2480 ἑαυτοῦ
1379 2427 1652 2499 θαυμάσια
1703 2429 1794 2478 καὶ
1838 2423 1886 2476 ἓν

246 2521 345 2568 σοὶ
383 2518 502 2587 (18)
547 2511 950 2590 ἔπιδείξαμένῳ,
983 2520 1073 2568 καὶ
1111 2515 1166 2570 ἐκ
1205 2518 1459 2569 τοσούτου
1507 2517 1728 2568 Θανάτου
1761 2511 1886 2567 δια-

253 2611 508 2658 σώσαντί
545 2624 607 2658 σε
637 2613 701 2679 τῇ
751 2625 805 2658 τε
852 2603 1077 2680 πατρίδι
1105 2610 1195 2658 καὶ
1225 2607 1351 2680 ἡμῖν
1384 2613 1493 2667 τοῖς
1529 2609 1884 2680 προσήκουσι.

265 2699 528 2747 Λείπεται
559 2691 625 2754 δὴ
667 2689 757 2748 οὖν
805 2699 876 2768 μὴ
925 2694 1256 2769 ἀχαρίστους
1305 2697 1440 2769 ἡμᾶς
1479 2694 1721 2767 ὀφθῆναι,
1753 2690 1888 2767 μηδ’

261 2780 529 2845 ἀναξίους
578 2792 660 2844 τῆς
713 2787 981 2847 τοσαύτης
1039 2784 1370 2860 εὐεργεσίας,
1423 2782 1551 2836 ἀλλὰ
1599 2786 1734 2836 κατά
1795 2779 1886 2835 δύ-

257 2892 438 2944 ναμιν
487 2876 578 2931 τὴν
618 2875 869 2949 ἡμετέραν
924 2871 1248 2948 διαγγέλλειν
1293 2872 1384 2927 τοῦ
1429 2881 1562 2927 Θεοῦ
1609 2875 1672 2926 τὰ
1718 2874 1886 2948 παρά-

261 2957 459 3024 δοξα·
518 2967 640 3030 καὶ,
708 2964 774 3026 ἧς
839 2965 971 3039 ἔργῳ
1037 2965 1394 3038 πεπειράμεθα
1459 2962 1883 3038 φιλανθρωπίας,

2421 2317 2684 2376 Caesarie
2718 2321 2990 2392 Gregorii
3015 2324 3228 2393 fratri.

2070 2423 2266 2481 Gratia
2313 2427 2449 2495 Deo,
2481 2427 2587 2499 qui
2617 2426 2920 2486 mirabilia
2951 2447 3060 2486 sua
3086 2435 3141 2487 et
3165 2431 3227 2486 in
3271 2436 3326 2489 te
3371 2436 3654 2509 ostendit,

1996 2517 2172 2586 teque
2195 2530 2267 2570 ex
2290 2514 2388 2571 tali
2405 2522 2596 2572 morte
2619 2517 2874 2574 servavit
2896 2520 3102 2591 patriae
3125 2537 3194 2576 ac
3217 2522 3392 2578 nobis
3416 2525 3650 2582 amicis.

1996 2602 2308 2675 Reliquum
2334 2604 2465 2675 jam
2511 2610 2619 2674 est,
2653 2611 2716 2662 ut
2755 2607 3135 2680 ingratinon
3180 2611 3512 2680 videamur,
3547 2631 3656 2671 nec

1993 2690 2227 2761 indigni
2257 2691 2552 2748 beneﬁcio
2575 2698 2762 2760 tanto,
2788 2695 2894 2750 sed
2917 2713 3028 2768 pro
3053 2697 3280 2754 viribus
3303 2717 3654 2760 enarremus

1995 2781 2096 2838 Dei
2125 2781 2435 2851 miracula,
2456 2787 2512 2838 et
2536 2799 2723 2855 quam
2745 2801 2806 2840 re
2837 2787 3062 2858 experti
3089 2805 3299 2844 sumus
3320 2791 3656 2862 benignita-

1993 2875 2134 2940 tem,
2167 2887 2301 2927 eam
2334 2871 2744 2941 celebremus;
2780 2890 2889 2930 nec
2922 2876 3119 2931 verbis
3152 2882 3385 2935 tantum
3432 2882 3658 2953 persol-

1991 2977 2211 3017 vamus
2255 2962 2500 3031 gratias,
2533 2961 2639 3017 sed
2683 2967 2740 3018 et
2780 2980 2959 3036 opere
2993 2965 3136 3021 tales
3168 2967 3377 3034 simus,
3407 2971 3652 3042 qualem

257 3054 472 3110 ταύτην
534 3051 814 3126 ἀνυμνείνο
865 3059 956 3106 καὶ
1022 3059 1093 3126 μὴ
1148 3053 1285 3126 λόγῳ
1346 3059 1500 3126 μόνον
1566 3049 1884 3105 ἀποδιδόναι

2000 3055 2052 3106 et
2082 3067 2242 3106 nunc
2274 3066 2403 3107 esse
2429 3055 2485 3106 te
2513 3067 2873 3122 persuasum
2902 3052 3222 3126 habemus,
3251 3055 3410 3114 facta
3442 3075 3509 3114 ex
3543 3061 3652 3115 mi-

247 3148 359 3203 τήν
413 3147 607 3218 χάριν,
658 3144 787 3199 ἄλλά
840 3151 931 3198 καὶ
979 3148 1111 3223 ἔργῳ
1163 3154 1396 3200 τοιοῦτον
1454 3147 1716 3218 γενέσθαι,
1777 3145 1881 3197 οἷον

238 3240 351 3288 καὶ
419 3243 514 3287 νῦν
580 3234 713 3288 εἶναι
777 3237 1084 3309 πειθόμεθα,
1144 3241 1540 3310 τεκμαιρόμενοι
1597 3243 1706 3297 τοῖς
1765 3238 1883 3307 περὶ

245 3327 318 3376 σε
371 3326 642 3398 θαύμασι.
701 3329 804 3379 Καὶ
850 3328 954 3378 ἕντι
1001 3326 1254 3399 μείζόνως
1311 3334 1384 3397 τῷ
1443 3333 1557 3396 Θεῷ
1621 3321 1882 3377 δουλεύειν

243 3413 720 3488 παρακαλοῦμεν,
786 3417 1115 3489 προσθήκαις
1191 3414 1269 3469 ἀεὶ
1335 3419 1392 3468 τὸ
1460 3414 1612 3488 φόϐον
1691 3415 1882 3466 συναύ-

246 3502 441 3574 ξοντα,
486 3509 580 3556 καὶ
625 3504 696 3567 εἰς
739 3507 798 3556 τὸ
836 3504 1024 3558 τέλειον
1075 3509 1437 3582 προκόπτοντα
1469 3504 1603 3575 (19),
1636 3503 1717 3555 ἵνα
1766 3506 1884 3578 φρό-

247 3613 407 3666 νιμοι
453 3594 726 3667 οἰκονόμοι
764 3602 862 3657 τῆς
907 3595 1042 3656 ζωῆς
1086 3597 1232 3668 ἡμῶν
1265 3591 1690 3666 ἁποδειχθώμεν,
1719 3592 1789 3653 εἰς
1822 3592 1881 3650 ἣν

251 3685 404 3755 ἡμᾶς
464 3685 496 3742 ἡ
564 3685 837 3756 ἀγαθότης
886 3692 977 3737 τοῦ
1036 3692 1170 3736 Θεοῦ
1234 3683 1600 3757 ἐταμιεύσατο.
1662 3682 1722 3736 Ei
1780 3684 1881 3756 γὰρ

250 3779 354 3826 καὶ
410 3779 584 3826 πᾶσιν
643 3775 768 3846 ἡμῖν
830 3777 1150 3850 πρόσταγμα
1202 3777 1316 3826 ἐστι
1372 3781 1716 3846 παραστῆσαι
1770 3771 1885 3824 ἑαυ-

251 3865 383 3925 τοὺς
438 3871 514 3934 τῷ
580 3871 720 3935 Θεῷ,
775 3866 900 3916 ὡσεὶ
959 3861 1014 3915 ἐκ
1073 3871 1262 3938 νεκρῶν
1325 3863 1538 3930 ζῶντας,
1602 3869 1706 3922 πῶς
1755 3860 1883 3932 οῦχὶ

253 3951 462 4024 μᾶλλον
510 3958 621 4013 τοῖς
677 3951 965 4023 ύψωθεῑσιν
1015 3951 1070 4004 ἐκ
1108 3961 1207 4005 τῶν
1253 3951 1426 4004 πυλῶν
1471 3959 1562 4004 τοῦ
1614 3953 1879 4016 Gavii-ou;

252 4048 432 4094 Τοῦτο
486 4038 629 4094 δ’ἆν
675 4041 933 4116 μάλιστα,
984 4044 1050 4104 ὡς
1106 4041 1328 4116 ἐμαυτὸν
1385 4043 1566 4108 πείθω,
1621 4041 1884 4114 κατορθω-

264 4132 411 4200 θείη,
488 4131 529 4182 εἰ
594 4131 978 4206 βουληθείημεν
1040 4131 1119 4184 ἀεὶ
1174 4137 1269 4191 τὴν
1333 4131 1496 4190 αὐτὴν
1558 4133 1708 4221 ἔχεινΔ
1767 4125 1892 4221 δια-ι

257 4238 435 4287 νοιαν,
498 4221 559 4280 ἣν
613 4225 828 4294 εἷχομεν
885 4221 969 4274 ἐπὶ
1021 4229 1113 4274 τοῦ
1179 4229 1364 4296 καιροῦ
1430 4229 1530 4273 τῶν
1591 4214 1873 4274 κινδύνων,

254 4313 482 4372 Πάντως
525 4314 629 4387 γὰρ
664 4331 768 4364 που
817 4312 985 4386 εἰσῄει
1017 4315 1130 4382 (20)
1175 4313 1316 4384 ἡμᾶς
1363 4318 1456 4363 τοῦ
1505 4309 1627 4384 βίου
1678 4312 1736 4360 τὸ
1784 4309 1881 4380 μά-

1989 3141 2070 3195 ris
2100 3141 2161 3196 in
2189 3145 2242 3196 te
2287 3140 2458 3196 editis
2502 3140 2867 3211 conjectura.
2895 3147 3087 3214 Atque
3116 3147 3181 3200 ut
3225 3145 3425 3202 adhuc
3456 3149 3652 3219 magis

1989 3229 2110 3285 Deo
2137 3229 2361 3286 servias
2387 3229 2721 3297 hortamur,
2741 3231 3192 3288 accessionibus
3216 3251 3455 3307 semper
3480 3237 3653 3294 timo-

1989 3335 2117 3374 rem
2149 3335 2400 3388 augens,
2434 3323 2489 3374 et
2530 3319 2609 3374 ad
2658 3319 3086 3392 perfectionem
3126 3325 3544 3396 progrediens,
3587 3333 3652 3385 ut

1990 3408 2316 3481 prudentes
2345 3407 2797 3480 dispensatores
2828 3410 2957 3465 vitae
2984 3416 3204 3467 nostrae
3235 3413 3651 3485 deprehenda-

1991 3515 2147 3565 mur,
2174 3502 2251 3554 ad
2275 3515 2462 3571 quam
2494 3514 2606 3553 nos
2631 3498 2972 3570 benignitas
2997 3501 3095 3557 Dei
3121 3506 3466 3562 reservavit.
3501 3511 3650 3565 Nam

1991 3589 2038 3645 si
2071 3589 2356 3646 omnibus
2390 3588 2565 3644 nobis
2602 3595 2976 3662 praeceptum
3008 3595 3118 3658 est,
3149 3597 3213 3648 ut
3251 3594 3648 3653 exhibeamus

1990 3695 2102 3735 nos
2135 3682 2252 3734 Deo
2279 3683 2572 3750 tanquam
2596 3693 2663 3734 ex
2686 3679 2937 3734 mortuis
2958 3679 3227 3736 viventes
3247 3684 3310 3752 ¹⁰,
3333 3686 3648 3754 quomodo

1991 3783 2113 3824 non
2144 3767 2204 3822 id
2241 3767 2434 3837 magis
2462 3773 2830 3840 praeceptum
2860 3768 2955 3836 iis,
2979 3772 3084 3840 qui
3122 3785 3193 3824 ex
3223 3772 3409 3842 portis
3439 3775 3649 3830 mortis

1991 3857 2168 3912 erecti
2210 3857 2390 3912 sunt?
2423 3855 2483 3910 Id
2523 3860 2724 3912 autem
2773 3858 3058 3925 maxime,
3101 3867 3164 3913 ut
3207 3860 3355 3915 mihi
3398 3861 3646 3933 quidem

1991 3946 2359 4021 persuadeo,
2417 3945 2902 4017 praastiterimus,
2963 3946 3011 4002 si
3065 3947 3315 4004 velimus
3363 3951 3645 4007 eamdem

1991 4053 2230 4109 semper
2273 4036 2525 4090 retinere
2570 4041 2857 4104 mentem,
2890 4051 3079 4108 quam
3112 4042 3380 4110 tempore
3420 4041 3650 4111 pericu-

1987 4126 2185 4183 lorum
2214 4124 2616 4181 habebamus.
2643 4124 2902 4181 Omnino
2929 4126 3088 4180 enim
3113 4134 3359 4184 venerat
3382 4130 3559 4185 nobis
3587 4129 3649 4186 in

1990 4221 2257 4273 mentem
2288 4215 2421 4270 vitae
2451 4215 2712 4284 vanitas,
2731 4230 2800 4270 ac
2829 4215 2974 4270 nihil
3001 4215 3192 4271 ﬁdum
3215 4233 3344 4272 esse
3373 4218 3433 4274 in
3464 4219 3648 4274 rebus

1989 4305 2298 4372 humanis,
2333 4303 2480 4360 nihil
2511 4303 2744 4370 stabile,
2778 4308 2841 4360 ut
2870 4321 3005 4376 quae
3033 4311 3155 4361 tam
3202 4305 3372 4362 facile
3420 4314 3650 4363 muten-

251 4421 430 4468 ταιον,
488 4407 581 4455 καὶ
639 4406 705 4463 ὡς
761 4399 914 4455 οὐδὲν
967 4405 1154 4455 πιστόν
1206 4411 1306 4454 τῶν
1356 4400 1713 4474 ἀνθρωπίνων,
1764 4402 1880 4451 οὔτε

2000 4401 2109 4452 tur.
2138 4394 2411 4450 Subierat
2440 4393 2619 4448 etiam
2651 4409 2782 4463 nos,
2810 4399 2872 4449 ut
2891 4394 3212 4451 verisimile
3235 4401 3342 4465 est,
3366 4397 3650 4468 quaedam

258 4495 478 4563 πάγων,
514 4492 658 4545 οὕτω
703 4488 903 4567 ῥᾳδίως
934 4494 1049 4564 (21)
1079 4491 1304 4564 ἐχόντων
1356 4493 1447 4552 τὰς
1487 4495 1872 4563 μεταπτώσεις.

269 4587 376 4634 Καί
426 4585 528 4634 πού
584 4600 667 4644 τις
713 4581 1024 4655 μεταμέλεια
1071 4585 1162 4654 μὲν
1201 4584 1256 4634 ἔκ
1305 4599 1360 4633 τε
1407 4588 1507 4633 τῶν
1552 4579 1759 4632 εἰκότων
1812 4577 1887 4630 ἐν-

269 4674 468 4741 εγίνετο
505 4674 638 4744 ἡμῖν
689 4669 773 4723 ἐπὶ
817 4678 928 4733 τοῖς
978 4671 1280 4743 φθάσασινο
1326 4671 1624 4740 ὑπόσχεσις
1664 4665 1724 4719 δε
1769 4669 1888 4740 περὶ

267 4768 372 4812 τῶν
437 4759 644 4835 ἐφεξῆς,
701 4760 744 4813 εἰ
798 4762 1233 4836 περισωθείημεν,
1286 4767 1400 4831 Θεῷ
1461 4755 1742 4823 δουλι-τύεινΙ
1797 4760 1888 4808 καὶ

335 4899 385 4934 ¹⁰
425 4899 610 4953 Rom.
651 4910 734 4963 vi,
779 4897 866 4952 13.

266 5028 409 5101 13ος
443 5021 666 5101 γράψας
701 5020 827 5101 καθ’
870 5021 1047 5101 ἡμῶν,
1073 5018 1263 5101 μᾶλλον
1310 5015 1370 5072 δὲ
1410 5015 1745 5101 avg/790135039
1776 5021 1885 5072 etc.

264 5090 530 5167 Scripsit
565 5090 794 5172 contra
816 5090 923 5172 nos
954 5093 1047 5147 vel
1071 5090 1272 5172 potius
1313 5090 1640 5172 composuit
1682 5090 1888 5172 tangas

269 5163 570 5226 semiones
612 5166 888 5223 convicio
936 5165 1193 5243 ornate:
1237 5163 1550 5243 eatumm'a
1584 5163 1886 5243 .refertos.

270 5240 492 5307 Eodem
523 5255 714 5296 sensu
747 5239 1083 5308 usurpatur
1109 5234 1258 5292 illud
1295 5233 1551 5291 verbum
1580 5233 1642 5288 in
1672 5233 1891 5304 episto-

267 5311 337 5369 lis
369 5315 491 5379 131,
525 5316 653 5390 223,
685 5314 815 5390 2-25.,
849 5312 979 5388 254,

336 5390 448 5455 (t6)
477 5375 718 5466 λύσαις.
750 5379 1145 5466 Sigquinqu'e‘
1172 5394 1322 5460 m_ss.
1353 5375 1889 5466 Editiglwsisxpau-

274 5447 350 5512 10‘
371 5447 508 5530 post
533 5457 684 5530 editi
708 5452 860 5530 ,καθ’
888 5447 1068 5530 ύμῶνῖ
1083 5449 1358 5530 Plerique
1398 5464 1544 5530 mss.
1572 5447 1690 5528 καθ’
1721 5448 1886 5527 imam,

347 5519 449 5603 (17)
484 5539 566 5603 Τῷ
598 5526 824 5601 ἀδελφῷ
858 5519 1174 5603 Γρήγορίου.
1209 5519 1601 5603 Desunt”th
1625 5519 1692 5600 in
1717 5519 1890 5590 quin-

285 5590 388 5670 que
412 5590 547 5663 mss:
583 5590 916 5676 Legu'iitiir
938 5590 1006 5650 in
1035 5590 1224 5676 tribus
1250 5590 1708 5676 vet‘u‘stissimis‘..
1732 5658 1765 5676 ν,

345 5659 570 5752 (18)]ἁᾶ
583 5659 819 5735 Euam.
854 5665 1210 5738 Prepositio
1236 5663 1445 5725 addita
1473 5679 1548 5720 ex
1576 5659 1891 5720 codicibus

1994 4485 2432 4558 praeteritorum
2464 4482 2834 4554 pmnitentia,
2865 4488 2920 4539 et
2949 4484 3022 4538 de
3059 4484 3273 4539 futuris
3303 4485 3646 4556 promissio,

1995 4574 2138 4643 Deo,
2185 4572 2234 4628 si
2282 4587 2679 4639 servaremur,
2721 4571 3110 4638 inserviendi,
3156 4587 3226 4626 ac
3279 4573 3456 4628 nobis
3504 4573 3650 4645 ipsis

1995 4661 2304 4731 diligentia
2335 4660 2503 4717 omni
2532 4660 2910 4732 invigilandi.
2939 4661 2996 4716 Si
3034 4677 3220 4731 quam
3265 4661 3426 4716 enim
3474 4661 3650 4718 nobis

1997 4750 2423 4822 cogitationem
2454 4749 2661 4804 mortis
2691 4747 3024 4820 periculum
3049 4748 3372 4806 imminens
3401 4750 3457 4806 in
3462 4750 3648 4822 jiciat,

1999 5009 2136 5067 Harl
2167 5050 2180 5076 ,
2213 5006 2387 5064 Coisl.
2412 5006 2630 5078 primo,
2653 5003 2800 5078 Med.
2831 5009 2888 5061 et
2915 5004 3221 5062 nonnullis
3249 5007 3400 5066 aliis.
3426 5008 3653 5066 ibidem

1997 5083 2265 5154 quinque
2296 5075 2532 5154 codices
2576 5075 3002 5150 ἐπιδεικνυμένῳ.
3037 5078 3151 5134 Sed
3192 5085 3310 5135 tres
3362 5083 3654 5154 antiquis-

1999 5151 2134 5210 simi
2168 5151 2231 5207 ut
2255 5153 2314 5206 in
2342 5151 2534 5206 editis.

2073 5228 2182 5296 (19)
2223 5228 2609 5306 Προκόπτοιζτα.
2749 5237 2894 5276 mss.
2918 5221 3219 5306 semuEditi
3237 5228 3649 5306 προκόπτονταςἶ

2069 5293 2180 5366 (⁷20)
2221 5293 2425 5368 Εἰσῄει.
2473 5295 2566 5350 Sic
2621 5293 2804 5349 etiam
2859 5309 2965 5348 sex
3010 5293 3149 5348 libri
3203 5293 3445 5351 veteres.
3503 5294 3654 5349 Editi

1997 5387 2143 5422 εισει.

2066 5443 2177 5509 (21)
2213 5434 2450 5509 Ῥᾳδίως.
2480 5435 2680 5509 Codex
2706 5435 3056 5509 Bigotianus
3084 5452 3128 5509 a_
3146 5433 3504 5509 Combeﬁsio
3528 5433 3654 5490 lau-

2001 5495 2394 5584 datusihabet
2415 5495 2631 5584 ῥᾳδίας,
2663 5515 2720 5584 et
2740 5495 2923 5579 paulo
2953 5514 3088 5584 post
3115 5505 3278 5563 idem
3309 5508 3652 5579 ὑποσχέσεις.

2073 5585 2093 5607 *
2133 5583 2294 5641 Alias
2326 5568 2568 5651 CCCX”,
2595 5568 2820 5652 scripta
2847 5568 3107 5637 an.'368.
