4114 6398
550 342 652 396 303

1940 337 1997 394 S.
2039 336 2289 393 BASILII
2326 338 2543 394 MAGNI

3780 354 3871 411 304

541 464 675 521 haec
702 468 755 521 te
785 462 1061 532 arbitror,
1092 465 1159 519 ut
1185 462 1280 519 his
1311 479 1500 535 quam
1531 462 1839 519 simillima
1892 462 2206 533 cogitasse.

2324 461 2516 515 ἑαυτῶν
2544 462 2879 536 ἐπιμέλεσθαι
2910 461 3023 534 (22)
3050 465 3186 515 κατὰ
3209 470 3381 517 πᾶσαν
3412 465 3679 543 ἀκρίϐειαν.
3709 477 3763 529 Εἰ
3786 480 3871 553 γὰρ

546 555 740 619 Quare
760 552 1081 609 necessarii
1113 551 1437 623 cujusdam
1464 553 1649 609 debiti
1680 551 1973 609 solutione
1998 550 2212 607 obstri-

546 643 625 700 eti
656 660 889 699 sumus.
932 646 1065 698 Haec
1097 642 1279 697 simul
1307 642 1480 698 laetus
1509 642 1589 698 ob
1623 643 1722 698 Dei
1748 657 1999 709 munus,
2031 640 2211 695 simul

548 737 604 790 et
650 733 725 789 de
773 732 985 788 futuris
1026 730 1334 801 sollicitus,
1362 731 1710 803 perfectioni
1740 736 1859 787 tua:
1912 729 2210 800 subjicere

546 839 737 881 ausus
780 839 937 878 sum.
971 822 1164 877 Tuum
1207 826 1408 877 autem
1456 826 1546 877 est
1574 821 1763 878 verba
1790 824 2003 876 nostra
2031 835 2209 892 aequo

547 920 605 970 et
630 913 751 969 leni
778 914 983 969 animo
1028 912 1323 983 accipere,
1357 911 1885 984 quemadmodum
1916 916 1971 968 et
2000 925 2209 967 coram

546 1003 608 1060 in
635 1002 949 1075 colloquiis
974 1000 1236 1058 solebas.

2318 571 2436 603 τινα
2461 554 2591 624 ἡμῖν
2639 556 2833 605 ἔννοιαν
2873 554 2897 604 ὁ
2946 559 3038 604 τοῦ
3069 554 3290 605 Θανάτου
3333 553 3566 621 κίνδυνος
3592 559 3875 636 ἐπικείμενος

2319 637 2579 711 ἐνεδίδου,
2612 638 2761 714 οἶμαί
2794 660 2850 693 σε
2890 641 2918 699 ἦ
2960 648 3143 707 ταῦτα,
3179 642 3208 701 ἢ
3262 641 3517 715 ἐγγύτατα
3557 652 3736 703 τούτων
3764 652 3874 707 ἀνα-

2317 728 2626 802 λογίζεσθαι
2685 738 2991 789 τηνικαῦτα.
3056 728 3219 784 Ὠστε
3280 731 3556 805 ἀναγκαίου
3615 737 3877 813 ὀφλήματος

2318 818 2517 873 ἐκτίσει
2541 822 2819 874 ὑπεύθυνοι
2844 821 3260 894 καθεστήκαμεν.
3293 828 3468 876 Ταῦτα
3494 827 3619 898 ὁμοῦ
3646 831 3728 900 μεν
3754 850 3877 906 περι.

2318 914 2498 982 χαρὴς
2528 911 2567 960 ὡ
2596 918 2658 983 τῇ
2706 918 2799 962 τοῦ
2848 917 2983 963 Θεοῦ
3029 906 3222 985 δωρεᾷ,
3259 913 3386 985 ὁμοῦ
3425 910 3483 967 δὲ
3527 920 3612 968 καὶ
3655 917 3876 990 φροντίδα

2318 1002 2455 1071 ἔχων
2484 1005 2603 1075 περὶ
2633 1008 2734 1052 τῶν
2763 999 3046 1073 μελλόντων
3075 1004 3204 1071 (23),
3241 1000 3582 1077 ἁπεθάρσησα
3609 1008 3877 1080 ὑπομνῆσαι

547 1097 639 1152 τὴν
668 1091 965 1149 τελειότητά
994 1110 1109 1145 σου.
1152 1093 1243 1143 Σόν
1272 1087 1332 1143 δέ
1370 1090 1513 1145 ἐστιν
1541 1091 1763 1165 εὐμενῶς
1786 1096 1878 1145 καὶ
1921 1092 2126 1165 ἡμέρως
2166 1091 2461 1166 προσέσθαι
2490 1091 2637 1163 ἡμῶν
2666 1094 2789 1154 τοὺς
2823 1090 3025 1163 λόγους,
3060 1092 3127 1152 ὡς
3150 1096 3240 1144 καὶ
3270 1090 3319 1144 ἐν
3345 1100 3456 1155 ταῖς
3483 1095 3593 1149 κατ’
3620 1097 3877 1171 ὀφθαλμοὺς

546 1181 775 1255 ὁμιλίαις
808 1200 893 1234 σοι
918 1177 978 1240 ἦν
1013 1182 1235 1241 σύνηθες
1259 1182 1397 1252 (24).

1072 1324 1314 1380 EPISTO
1324 1324 1412 1379 LA
1452 1324 1680 1381 XXVll'.

2870 1331 3209 1380 ΕΗΙΣΤΟΛΗ
3251 1325 3367 1381 ΚΖ.

545 1450 812 1509 Basilius
841 1464 917 1507 ea:
940 1449 1146 1506 morbo
1166 1454 1418 1506 sanatus
1448 1449 1637 1525 hieme
1658 1447 1988 1525 impeditur
2015 1448 2332 1519 quominus
2361 1447 2586 1525 invisat
2614 1449 2959 1525 Eusebium.
2989 1452 3464 1523 Properaturum
3492 1469 3553 1510 se
3570 1456 3879 1525 pollicetur,

1572 1522 1626 1578 si
1647 1536 1760 1592 per
1787 1522 1937 1577 anni
1968 1525 2195 1590 tempus
2221 1528 2276 1577 et
2300 1534 2415 1591 per
2440 1521 2665 1591 famem
2698 1523 2896 1579 liceat.

833 1646 1112 1715 Eusebio,
1144 1648 1418 1717 episcopo
1446 1646 1921 1703 Samosatorum.

622 1773 730 1830 Ubi
759 1771 860 1829 Dei
892 1772 1084 1843 gratia
1111 1787 1181 1828 ac
1209 1771 1491 1845 praesidio
1518 1775 1760 1829 tuarum
1785 1786 2035 1845 precum
2065 1786 2213 1844 pau-
2240 1771 2282 1826 Β

547 1863 741 1920 lulum
768 1878 1074 1933 emergere
1106 1877 1178 1917 ex
1210 1861 1425 1918 morbo
1454 1862 1617 1917 visus
1648 1877 1806 1930 sum,
1832 1877 1903 1917 ac
1928 1860 2209 1931 recollegi

548 1970 720 2011 meas
751 1954 930 2023 vires,
961 1956 1105 2009 tunc
1130 1952 1325 2009 hiems
1374 1952 1741 2024 supervenit,
1783 1951 1950 2007 domi
1981 1966 2093 2007 nos
2123 1950 2209 2006 in-

547 2043 822 2114 cludens,
854 2058 965 2099 nec
994 2042 1128 2100 loco
1162 2043 1367 2098 sinens
1396 2041 1644 2098 moveri.
1677 2040 1796 2097 Etsi
1825 2040 1987 2097 enim
2034 2040 2209 2097 solito

542 2131 723 2203 longe
753 2132 956 2189 mitior
987 2130 1268 2203 occurrit,
1298 2130 1447 2186 mihi
1479 2134 1682 2186 tamen
1714 2129 1858 2185 satis
1884 2128 2210 2185 vehemens

544 2221 657 2279 fuit
686 2227 751 2278 ut
779 2220 1119 2294 impediret,
1145 2220 1475 2293 quominus
1501 2234 1626 2275 non
1655 2216 1842 2275 modo
1869 2233 1940 2274 eo
1970 2218 2209 2288 vigente

543 2312 654 2369 iter
681 2311 938 2383 ingredi,
971 2311 1078 2367 sed
1115 2327 1228 2367 nec
1266 2308 1586 2383 paululum
1629 2308 1881 2381 quidem
1928 2323 2000 2364 ex
2038 2307 2207 2364 cubi-

545 2401 683 2459 culo
739 2402 913 2473 106
962 2400 1308 2473 prospicere
1353 2415 1621 2473 possem.
1676 2398 1791 2456 Sed
1834 2414 2031 2471 neque
2091 2398 2210 2455 hoc

544 2491 719 2564 parvi
767 2491 946 2560 duco,
994 2490 1161 2563 quod
1213 2488 1434 2559 dignus
1479 2488 1729 2557 habear,
1778 2487 1879 2560 qui
1921 2503 2059 2544 cum
2105 2492 2208 2545 tua

542 2581 763 2654 pietate
794 2595 902 2653 per
943 2579 1169 2635 litteras
1200 2578 1532 2651 colloquar,
1558 2578 1812 2650 jamque
1842 2577 1903 2632 in
1934 2582 2206 2633 anteces-

543 2686 681 2726 sum
730 2685 836 2742 spe
874 2668 1344 2742 responsionum
1391 2667 1798 2740 acquiescam.
1845 2666 2017 2732 Quod
2063 2666 2111 2722 si
2150 2670 2207 2723 et

542 2764 872 2831 tempestas
919 2758 1109 2827 sinat,
1158 2762 1215 2813 et
1263 2757 1399 2813 vitae
1454 2755 1632 2812 nobis
1684 2755 1888 2811 adhuc
1945 2755 2208 2828 supersit

539 2851 800 2920 tempus,
831 2862 943 2903 nec
980 2846 1342 2919 impervium
1374 2844 1553 2901 nobis
1588 2845 1701 2901 iter
1729 2844 1922 2900 fames
1947 2843 2202 2912 efﬁciat;

537 2937 654 2994 cito
683 2952 827 2993 sane
876 2952 1125 3008 precum
1156 2941 1400 2991 tuarum
1431 2933 1701 2990 subsidio
1740 2934 1863 2990 voti
1893 2937 2205 3006 compotes

536 3042 689 3097 esse,
734 3030 912 3100 teque
960 3024 1129 3083 domi
1162 3024 1557 3093 invenientes,
1590 3022 1653 3079 in
1702 3023 1893 3079 multo
1924 3023 2045 3079 otio
2075 3038 2202 3079 ma-

2678 1645 2911 1720 Εὐσεϐίῳ
2944 1645 3211 1721 ἓπισκόπῳ
3241 1652 3575 1723 Σαμοσάτων.

2389 1769 2513 1823 Ὀτε
2554 1778 2615 1844 τῇ
2668 1779 2760 1824 τοῦ
2794 1780 2927 1825 Θεοῦ
2972 1776 3158 1849 χάριτι
3188 1780 3277 1827 καὶ
3319 1783 3380 1848 τῇ
3436 1775 3650 1849 ϐοηθείᾳ
3682 1784 3769 1829 τῶν
3796 1784 3875 1828 σῶν

2317 1869 2631 1933 προσευχῶν
2662 1865 2848 1936 μικρὸν
2892 1862 3155 1938 ἀναφέρειν
3187 1863 3235 1916 ἐν
3274 1873 3373 1927 τῆς
3416 1864 3703 1941 ἀρρωστίας
3731 1863 3868 1930 ἔδοξα,

2316 1954 2407 2001 καὶ
2450 1948 2759 2023 ἀνελεξάμην
2805 1950 3031 2025 ἐμαυτοῦ
3080 1956 3170 2014 τὰς
3218 1950 3489 2027 δυνάμεις,
3521 1960 3634 2008 τότε
3662 1956 3686 2008 ὁ
3712 1958 3872 2027 χειμὼν

2318 2040 2611 2111 ἐπεγένετο,
2669 2043 2805 2093 οἶκοι
2860 2043 3149 2117 καθείργων
3201 2043 3359 2115 ἡμᾶς,
3418 2049 3508 2097 καὶ
3558 2046 3687 2097 κατὰ
3729 2049 3877 2116 χώραν

2317 2132 2482 2200 μένειν
2531 2131 2957 2202 συναναγκάζων.
3000 2131 3060 2185 Εἰ
3095 2133 3197 2205 γὰρ
3256 2137 3345 2185 καὶ
3398 2132 3566 2205 πολλῷ
3616 2138 3881 2206 κουφότερος

2316 2224 2413 2278 τῆς
2460 2220 2735 2280 συνηθείας
2776 2217 3069 2278 ἀπήντησεν
3094 2240 3107 2253 ·
3162 2219 3270 2273 ἀλλ’
3308 2217 3401 2274 οὖν
3431 2221 3604 2296 ἔμοιγε
3648 2224 3797 2283 ἱκανὸς
3823 2220 3880 2281 εἰς

2318 2303 2592 2378 ἐμπόδιον,
2632 2308 2737 2380 οὐχ
2785 2309 2920 2370 ὅπως
2968 2305 3265 2383 ὁδοιπορεῖν
3310 2307 3391 2363 δι’
3433 2312 3593 2365 αὐτοῦ
3630 2310 3750 2383 (25),
3788 2307 3879 2360 ἀλλ’

2316 2391 2441 2448 οὐδὲ
2464 2400 2651 2470 μικρὸν
2680 2400 2995 2471 προκύπτειν
3026 2406 3119 2451 τοῦ
3153 2395 3431 2472 δωματίου
3462 2397 3728 2455 δύνασθαι.
3748 2397 3874 2451 Ἐστι

2319 2481 2378 2537 δέ
2415 2505 2507 2558 μοι
2537 2483 2660 2539 οὐδὲ
2699 2494 2854 2540 τοῦτο
2883 2492 3093 2562 μικρὸν,
3122 2492 3180 2540 τὸ
3220 2489 3605 2553 καταξιοῦσθαι
3630 2486 3715 2542 διὰ
3741 2506 3878 2562 γραμ-

2317 2576 2492 2637 μάτων
2535 2574 2729 2647 ὁμιλεῖν
2776 2584 2837 2648 τῇ
2893 2576 3156 2650 θεοσεϐείᾳ
3202 2597 3318 2646 σου,
3362 2584 3458 2632 καὶ
3493 2587 3554 2652 τῇ
3602 2574 3760 2631 ἐλπίδι
3798 2582 3880 2627 τῶν

2316 2660 2628 2717 ἀντιδόσεων
2659 2660 2767 2724 ἤδη
2814 2668 3301 2741 προαναπαύεσθαι.
3344 2668 3414 2721 Εἰ
3450 2665 3509 2723 δὲ
3551 2672 3636 2721 καὶ
3672 2668 3695 2720 ὁ
3731 2667 3880 2739 καιρὸς

2314 2750 2514 2821 ἐνδοίη,
2556 2759 2645 2807 καὶ
2684 2763 2781 2816 τῆς
2832 2755 2968 2816 ζωῆς
3010 2757 3136 2829 ἡμῖν
3188 2759 3265 2809 ἔτι
3297 2756 3532 2812 λείποιτο
3571 2759 3675 2831 (26)
3700 2760 3881 2831 χρόνος,

2313 2846 2404 2895 καὶ
2446 2846 2518 2915 μὴ
2567 2844 2759 2916 ἄπορον
2803 2847 2929 2917 ἡμῖν
2958 2849 3053 2903 τὴν
3099 2841 3223 2897 ὁδὸν
3270 2847 3295 2897 ὁ
3333 2845 3493 2921 λιμὸς
3527 2845 3883 2920 ἀπεργάσαιτοο

2312 2934 2456 3004 ταχὺ
2502 2930 2562 2982 ἂν
2608 2933 2723 3003 (27)
2766 2935 3022 3007 τάχοιμεν
3070 2942 3165 2996 τῆς
3202 2932 3489 3009 ἐπιθυμίας
3530 2932 3621 2989 διὰ
3662 2943 3754 2988 τῶν
3802 2940 3885 2985 σῶν

2311 3029 2626 3094 προσευχῶν
2654 3038 2667 3051 ⁸
2701 3026 2791 3074 καὶ
2823 3022 2909 3075 ἐπὶ
2939 3032 3031 3085 τῆς
3070 3022 3243 3085 ἑστίας
3270 3044 3327 3077 σε
3370 3025 3752 3096 καταλαϐόντες,
3775 3022 3887 3075 κατὰ

536 3115 671 3189 gnis
716 3120 832 3173 tuae
863 3114 1173 3189 sapientiae
1218 3112 1514 3170 thesauris
1553 3112 1835 3170 exsatiari
1866 3114 2198 3184 possimus.

2312 3117 2485 3164 πᾶσαν
2545 3111 2750 3183 σχολὴν
2795 3120 2896 3163 τῶν
2945 3113 3183 3186 μεγάλων
3252 3116 3538 3193 θησαυρῶν
3593 3124 3683 3178 τῆς
3729 3117 3772 3168 ἐν
3820 3116 3887 3165 σοὶ

1044 3347 1152 3401 EPl
1162 3346 1386 3402 STOLA
1422 3343 1694 3400 XXVIII“.

2316 3205 2499 3273 σοφίας
2530 3198 2965 3276 ἐμφορηθείημεν.

2861 3350 3200 3400 ΕΗΙΣΤΟΛΗ
3243 3346 3373 3405 KH’.

538 3472 908 3546 Consolatur
928 3469 1438 3546 Neoczesarienses
1461 3474 1655 3546 morte
1674 3469 1937 3546 episcopi
1954 3472 2049 3525 sui
2065 3468 2351 3546 afﬂictos,
2377 3475 2431 3526 et
2454 3470 2741 3546 hortatur
2766 3476 2830 3527 ut
2855 3473 3261 3546 tranquillum
3290 3478 3543 3541 statum,
3568 3487 3730 3546 quem
3752 3468 3887 3528 curis

605 3543 881 3614 defuncti
903 3547 1208 3610 acceptum
1238 3542 1470 3610 referre
1498 3540 1737 3610 debent,
1770 3542 2022 3614 nimium
2043 3541 2317 3614 lugendo
2342 3557 2464 3597 non
2494 3544 2804 3612 amittant,
2826 3543 2931 3598 sed
2960 3540 3287 3614 diligenter
3312 3540 3633 3604 caveant-0
3660 3546 3824 3613 lupis,
3843 3546 3887 3596 et
3974 3560 3977 3564 '

600 3613 717 3686 pro
746 3630 808 3670 se
829 3615 1079 3685 quisque
1102 3620 1402 3669 conentur
1416 3618 1722 3683 pastorem
1752 3613 1974 3682 eligere
1996 3613 2253 3669 similem
2283 3613 2358 3668 iis
2383 3614 2488 3684 qui
2517 3628 2554 3670 a
2577 3615 2855 3685 Gregorii
2883 3613 3148 3685 tempore
3168 3630 3355 3688 usque
3380 3620 3466 3676 ad
3493 3619 3653 3675 hunc
3681 3616 3886 3673 beatum

605 3688 912 3745 ecclesiam
941 3690 1256 3742 rexerant.

736 3811 1021 3868 Ecclesiae
1044 3809 1524 3867 Neocaesariensi
1566 3809 1993 3866 consolatoria.

614 3940 660 3992 l.
701 3935 1092 3992 Postulabant
1121 3934 1373 4007 quidem
1393 3950 1529 4007 quae
1559 3933 2201 3991 accideruntnostram

534 4025 809 4097 ipsorum
840 4024 1247 4096 praesentiam,
1281 4028 1409 4080 tum
1439 4028 1505 4080 ut
1533 4024 1829 4080 honorem
1856 4023 2037 4080 beato
2066 4023 2199 4081 viro

535 4114 879 4185 vobiscum,
904 4114 1011 4186 qui
1031 4113 1086 4169 ei
1115 4113 1598 4185 conjunctissimi
1623 4114 1787 4183 estis,
1819 4130 1943 4171 una
1971 4114 2199 4186 persol-

536 4219 765 4271 verem,
782 4206 912 4258 tum
935 4206 1001 4258 ut
1018 4202 1314 4271 maeroris,
1333 4218 1518 4274 quem
1540 4218 1720 4258 casus
1742 4202 1955 4273 attulit,
1974 4219 2048 4259 ex
2066 4202 2200 4276 ipso

536 4309 740 4351 rerum
770 4291 1036 4348 tristium
1081 4291 1427 4365 spectaculo
1476 4290 1779 4364 particeps
1824 4291 2038 4361 forem,
2072 4297 2199 4350 tum

2463 3815 2538 3882 Τῇ
2574 3808 2864 3884 Ἐκκλησία
2890 3815 3309 3885 Νεοκαισαρείας
3335 3816 3766 3889 παραμυθητική.

2385 3938 2435 3990 1.
2482 3933 2696 4008 Ἀπῄτει
2854 3937 2922 3989 τὰ
2953 3935 3227 4009 συμϐάντα
3255 3941 3351 3997 τὴν
3392 3940 3543 4012 ἡμῶν
3586 3938 3747 3992 αὐτῶν
3771 3953 3887 4009 παρ·-

2310 4028 2519 4095 ουσίαν,
2547 4032 2640 4077 τοῦ
2680 4044 2733 4077 τε
2770 4030 2861 4084 τὴν
2891 4029 3100 4099 (28-29)
3128 4031 3286 4100 τιμὴν
3320 4036 3396 4101 τῷ
3427 4034 3673 4104 μακαρίῳ
3700 4034 3799 4087 τοῖς
3823 4025 3890 4078 οἱ·

2308 4116 2593 4175 κειοτάτοις
2643 4115 2763 4186 ὑμῖν
2810 4115 3261 4191 συνεκπληρῶσαι,
3312 4123 3406 4172 καὶ
3449 4126 3545 4171 τοῦ
3592 4126 3687 4180 τῆς
3722 4117 3801 4170 ἐπὶ
3833 4119 3892 4184 τῷ

2308 4205 2465 4256 πάθει
2501 4208 2780 4277 κατηφείας
2832 4201 2921 4257 ἀπ’
2963 4204 3130 4269 αὐτῆς
3178 4206 3295 4279 (30)
3338 4216 3436 4270 τῆς
3492 4210 3607 4269 θέας
3652 4214 3747 4260 τῶν
3788 4222 3893 4257 σκν-

2313 4294 2646 4368 θρωποτέρων
2694 4301 3113 4366 συμμετασχεῖν,
3152 4300 3243 4348 καὶ
3289 4297 3428 4350 ὥστε
3469 4306 3573 4351 τῶν
3624 4296 3892 4369 ἀναγκαίων

538 4384 723 4440 etiam
739 4387 802 4438 ut
824 4381 899 4437 de
919 4380 1275 4437 necessariis
1297 4380 1562 4436 consiliis
1585 4380 1908 4437 vobiscum
1929 4397 2129 4438 comm
2140 4399 2200 4438 u-

2314 4381 2676 4456 ϐουλευμάτων
2729 4384 2850 4455 ὑμῖν
2889 4391 3245 4445 κοινωνῆσαι·
3303 4384 3414 4440 ἐπεὶ
3475 4383 3535 4441 δι
3593 4390 3685 4446 τὴν
3743 4400 3895 4457 σωμα-

537 4472 831 4528 nicarem.
849 4468 963 4527 Sed
975 4469 1118 4541 quia
1135 4484 1491 4542 corpoream
1509 4470 1642 4540 conj
1654 4470 1997 4535 unctionem
2009 4470 2202 4528 multa

537 4559 1254 4633 interpellant,reliquum
1276 4563 1403 4614 erat
1425 4563 1487 4614 ut
1507 4574 1616 4631 per
1634 4558 1860 4615 litteras
1884 4560 2201 4618 vobiscum

537 4650 793 4723 partirer
822 4648 1165 4722 praesentia.
1193 4646 1365 4705 Miras
1394 4647 1574 4718 igitur
1600 4647 1713 4704 viri
1740 4648 1933 4720 dotes,
1954 4655 2203 4725 propter

613 4812 634 4832 '
674 4811 832 4866 Alias
864 4813 951 4879 VI,
984 4809 1207 4882 scripta
1236 4825 1398 4865 anno
1428 4812 1551 4865 368.

578 4938 581 4941 .
613 4884 658 4955 έ·
699 4882 855 4955 Alias
889 4884 1039 4955 ωςιι,
1073 4882 1493 4955 scripta_annq
1514 4884 1639 4955 3‘68.

612 4953 724 5033 (2_2)
767 4953 1151 5033 'En.tj.ié).s_aeatt.
1178 4951 1334 5009 Harl.
1370 4958 1426 5033 cf
1457 4952 1661 5033 Coisl.‘
1681 4951 1913 5033 primus
1959 4951 2199 5027 ἐπιμελή-

545 5022 752 5079 σεσθαι.
786 5022 957 5079 Edito
985 5025 1165 5097 Paris.
1186 5024 1464 5097 secunda
1495 5022 1873 5097 ἐπιμελεῖσθαι.

767 5100 894 5168 Περὶ
945 5102 1045 5146 τῶν
1092 5095 1392 5167 μελλόντων.
1446 5095 1590 5152 Βυσ
1626 5097 1864 5155 codices
1920 5098 2047 5170 ὑπὲρ
2096 5106 2196 5151 τῶν

540 5168 845 5243 μελλόντων.
2018 5168 2026 5170 -

610 5238 864 5313 (24)*Ητ
896 5239 1134 5297 σύνηθες.
1181 5237 1403 5313 Vocula
1438 5237 1617 5313 deest
1642 5239 1715 5313 in
1733 5241 2003 5313 quinque
2046 5256 2193 5298 mss.

538 5308 874 5380 codicibus,
907 5325 1032 5383 non
1056 5313 1259 5364 tamen
1288 5310 1350 5364 in
1381 5308 1570 5383 tribus
1597 5308 2049 5383 antiquissimis.

609 5385 721 5456 (25)
762 5384 838 5436 Δι’
881 5381 1065 5437 αὐτοῦ.
1116 5383 1276 5436 Hanc
1322 5380 1709 5456 vetustissimi
1742 5380 1984 5438 'codicis
2034 5383 2191 5439 Harl.

540 5451 1129 5526 scripturam,quam
1155 5456 1356 5507 tamen
1377 5451 1672 5507 recentior
1689 5469 1909 5509 manus
1930 5471 2107 5510 corru
2156 5457 2196 5511 it

534 5526 820 5581 addendo
845 5525 946 5582 ἔμ’.
970 5523 1328 5579 substituere
1348 5538 1471 5578 non
1495 5522 1768 5581 dubitavi
1790 5473 2190 5582 subabsumiie

536 5595 835 5723 editorgim
867 5569 1116 5654 lectioni
1163 5591 1240 5650 δι’
1287 5593 1533 5668 ἐμαυτοῦ,
1581 5569 1708 5665 pe;
1736 5569 2193 5667 mei£§J£."}ié7~

531 5679 705 5737 ingre
751 5685 793 5725 ι.

642 5682 771 5726 reai
779 5708 793 5723 .

2312 4476 2463 4532 τικὴν
2517 4474 2795 4545 συνάφειαν
2844 4472 3011 4526 πολλὰ
3060 4476 3127 4526 τὰ
3175 4470 3572 4545 διακωλύοντα,
3624 4475 3893 4547 λειπόμενον

2314 4558 2374 4623 ἦν
2405 4559 2501 4615 διὰ
2546 4570 2637 4615 τοῦ
2684 4565 2997 4636 γράμματος
3036 4572 3295 4617 κοινωνεῖν
3324 4566 3451 4639 ὑμῖν
3489 4574 3592 4618 τῶν
3619 4568 3888 4640 παρόντων.

2309 4655 2386 4706 Τὰ
2432 4654 2521 4725 μὲν
2560 4648 2649 4705 οὖν
2686 4660 2780 4705 τοῦ
2820 4649 3013 4729 ἀνδρὸς
3051 4655 3317 4727 θαύματα,
3356 4654 3434 4729 ἐφ’
3460 4658 3539 4720 οἷς
3568 4660 3659 4710 καὶ
3686 4654 3896 4729 μάλιστα

2377 4811 2486 4885 (26)
2524 4810 2635 4890 :Ert
2662 4812 2920 4890 λείποιτοἶ
2950 4814 3043 4871 Sic
3073 4814 3489 4888 antiquissimi
3519 4816 3785 4890 quinque
3813 4826 3897 4869 co-

2306 4884 2495 4940 dices.
2530 4884 2680 4940 Εάὶιὶ
2715 4890 2786 4957 μὴ
2822 4885 3158 4941 ἐπιλείποιτο.

2380 4957 2489 5037 (27)
2521 4960 2682 5037 Ταχρ
2715 4954 2807 5013 ἂν.
2843 4957 2935 5014 Sic
2986 4957 3685 5037 antiquissimi_c_odices
3730 4954 3894 5037 Hall,

2306 5027 2479 5097 Med.,
2512 5027 2689 5083 Coisl.
2726 5045 2864 5084 cum
2895 5044 3019 5085 uno
3048 5027 3363 5103 ein—Regiis.
3394 5031 3555 5103 Editi
3584 5034 3730 5103 τάχα
3756 5031 3830 5085 ἄν.

2378 5103 2586 5172 (28-29)
2627 5106 2730 5153 Τοῦ
2774 5119 2828 5152 τε
2855 5106 2965 5159 τήν.
3010 5099 3169 5158 Harl.
3200 5099 3260 5158 ei
3286 5102 3436 5160 Med.
3489 5111 3564 5172 τῷ
3603 5099 3802 5172 τέ’τήν,
3845 5099 3897 5154 et

2304 5160 2936 5261 Firmis!
3210 5248 3221 5261 .
3404 5248 3419 5261 .
3532 5160 3542 5174 ’

2378 5241 2492 5313 (³ο)
2516 5240 2647 5296 Ἀπ’
2676 5240 2859 5317 αὐτῆς.
2895 5246 2980 5300 lta
3007 5245 3138 5317 vat.
3172 5248 3232 5317 et
3275 5248 3546 5317 quatuor
3591 5247 3711 5305 alii.
3758 5240 3897 5317 Editi

2303 5317 2361 5368 et
2389 5319 2506 5370 tres
2532 5315 2922 5371 vetustissimi
2951 5316 3189 5371 codices
3213 5313 3455 5377 ἔπ’-αὐτῆ
3470 5339 3510 5379 ς.
3547 5319 3664 5375 Sed
3709 5316 3896 5372 minus

2301 5390 2494 5462 recte.
2542 5388 2691 5441 Nam
2739 5386 2908 5462 locus
2954 5386 3254 5462 gemellus
3293 5388 3354 5443 in
3394 5389 3574 5462 epist.
3621 5394 3688 5446 86
3730 5385 3898 5443 habet

2300 5454 2391 5509 ἀπ’
2435 5456 2599 5519 αὐτῆς
2644 5465 2736 5518 τῆς
2781 5454 3049 5532 ἐναργείας
3090 5467 3190 5532 τῶν
3229 5454 3525 5532 ὁρωμένων.
3566 5462 3669 5518 Ex
3704 5469 3893 5516 rerum

2300 5535 2759 5610 conspectarum
2803 5531 3218 5610 evidentia_._ln
3259 5531 3383 5588 hac
3435 5532 3736 5606 scriptura
3768 5542 3895 5585 con-

2298 5602 2564 5658 sentiunt
2588 5617 2802 5659 omnes
2826 5619 2972 5660 mss.
3006 5602 3267 5660 codices.
