4114 6408
277 256 386 312 305

1296 254 1788 312 EPISTOLARUM
1826 253 2064 312 GLASS.
2104 252 2150 310 Ι.
2189 256 2406 316 EPIST.
2445 259 2675 316 XXVIII.

3571 264 3679 320 306

278 383 371 438 τὴν
404 378 607 451 ζημίαν
638 377 767 449 ἡμῖν
806 376 923 448 (31)
966 374 1229 452 ἀφόρητον
1267 378 1530 454 ὑπάρχειν
1576 378 1898 451 λογίζεσθαι,

2018 394 2173 452 quas
2197 380 2381 438 etiam
2409 383 2675 440 maxime
2697 383 2992 439 damnum
3021 383 3200 440 nobis
3227 383 3678 443 intolerandum

283 468 391 523 οὔτ’
439 467 504 521 ἂν
555 465 839 528 ἐπιστολῆς
909 471 1101 541 μέτρον
1169 465 1485 532 ὑποδέξαιτο
1516 512 1530 540 ,
1591 473 1684 522 καὶ
1749 468 1910 530 ἄλλως

282 561 450 634 ἄωρον
486 555 988 633 ἀνδραγαθημάτων
1026 557 1216 616 πλήθει
1267 561 1356 611 τὸν
1402 558 1552 631 λόγον
1595 561 1906 635 προσάγειν,

280 648 417 701 οὑτω
451 651 904 720 συμπεπτωκυίας
944 655 1042 708 τῆς
1097 646 1284 719 ψυχῆς
1339 649 1486 720 ἡμῶν
1535 646 1619 700 ἐπὶ
1650 644 1712 720 τῇ
1745 647 1904 721 λύπῃ.

276 743 341 791 Τί
394 741 503 812 γὰρ
556 745 660 790 τῶν
706 736 902 788 ἐκείνου
959 743 1194 788 τοιοῦτον
1220 780 1236 807 ,
1289 735 1394 789 οἷον
1451 737 1481 796 ἣ
1552 746 1646 800 τῆς
1697 742 1907 810 μνήμης

276 829 425 901 ὑμῶν
461 825 730 894 ἐκπεσεῖν,
762 826 792 885 ἦ
843 826 1150 878 σιωπᾶσθαι
1195 825 1339 889 ἄξιον
1393 827 1712 899 νομισθῆναι
1758 828 1903 898 (32);

270 919 464 971 Πάντα
517 919 614 989 μὲν
686 919 788 989 γὰρ
840 913 1044 988 ἀθρόως
1099 915 1325 979 εἰσάπαξ

265 1010 332 1060 τό
370 1003 435 1059 δε
485 1005 543 1058 ἐκ
570 1010 768 1080 μέρους
792 1003 958 1076 λέγειν
1003 1001 1226 1057 δέδοικα
1257 1009 1329 1078 μὴ
1358 1003 1653 1080 προδοσίαν
1682 1008 1781 1079 ἔχῃ
1810 1012 1905 1067 τῆς

273 1095 551 1158 ἀληθείας.
589 1097 824 1166 Οῖχεται
883 1092 1011 1168 ἀνὴρ
1064 1089 1457 1166 διαφανέστατα
1509 1091 1577 1153 δὴ
1638 1103 1738 1148 τῶν
1785 1095 1906 1146 καθ’

279 1185 462 1240 ἑαυτὸν
540 1192 714 1239 πᾶσιν
783 1185 915 1256 όμοῦ
980 1189 1091 1245 τοῖς
1159 1181 1502 1257 ἀνθρωπίνοις
1557 1186 1904 1260 ὑπερενεγκὼν

286 1274 520 1346 ἀγαθοῖς,
553 1277 782 1349 ἔρεισμα
827 1269 1107 1346 πατρίδος,
1137 1272 1457 1331 Ἐκκλησιῶν
1505 1277 1724 1348 κόσμος,
1771 1281 1904 1326 στῦ-

285 1364 375 1427 λος
427 1369 513 1416 καὶ
568 1360 855 1438 ἑδραίωμα
908 1371 1004 1424 τῆς
1048 1359 1331 1427 ἀληθείας,
1385 1366 1652 1438 στερέωμα
1701 1371 1798 1426 τῆς
1835 1363 1904 1425 εἰς

289 1457 514 1529 Χριστὸν
563 1458 824 1521 πίστεως,
879 1451 1090 1513 οἰκείοις
1140 1450 1417 1525 ἀσφάλεια,
1472 1449 1905 1526 δυσμαχώτατος

285 1552 390 1605 τοῖς
445 1546 797 1608 ὑπεναντίοις,
860 1541 1024 1615 φύλαξ
1080 1547 1334 1614 πατρῴων
1384 1544 1615 1615 θεσμῶγ,
1655 1561 1902 1616 νεωτερο-

819 1629 831 1645 3

281 1639 458 1696 ποιίας
511 1634 714 1706 ἐχθρός
738 1646 753 1662 ⁹
811 1629 860 1683 ἐν
892 1630 1058 1703 ἑαυτῷ
1089 1627 1125 1684 δ
1129 1635 1295 1694 εικνὺς
1323 1637 1380 1685 τό
1417 1631 1638 1685 παλαιὸν
1665 1639 1762 1694 τῆς
1791 1632 1902 1685 Ἐκ-

1377 916 1533 969 εἰπεῖν
1590 915 1864 990 ἀμήχανον
1889 933 1902 946 ⁸

2017 469 2310 527 accidisse
2326 473 2858 540 arbritramur,nec
2872 473 3142 546 epistola
3153 490 3441 532 mensura
3452 476 3672 549 capiat,

2016 563 2074 616 et
2107 559 2378 634 alioquin
2410 563 2904 635 intempestivum
2945 563 3020 620 de
3058 564 3346 637 praclare
3375 565 3676 623 factorum

2014 649 2394 708 multitudine
2420 669 2761 709 sermonem
2782 653 3110 719 instituere,
3135 671 3276 710 cum
3302 653 3454 711 adeo
3478 655 3677 712 concio

2015 739 2167 795 derit
2189 741 2432 797 animus
2456 746 2660 799 noster
2679 742 2759 798 ob
2785 759 3126 800 maerorem.
3162 745 3482 810 Quodnam
3514 744 3676 801 enim

2012 827 2172 884 illius
2201 829 2426 886 factum
2458 831 2573 887 tale
2604 835 2712 902 est,
2735 831 2904 904 quod
2934 837 3040 888 aut
3068 849 3099 887 e
3129 837 3336 890 nostra
3377 833 3677 891 memoria

2014 917 2267 989 excidat,
2284 924 2387 975 aut
2411 920 2645 976 silentio
2666 921 2800 992 jure
2823 937 2894 976 ac
2914 921 3130 978 merito
3148 923 3674 995 pratermittatur?

2013 1006 2161 1063 Fieri
2200 1008 2362 1064 enim
2399 1025 2522 1066 non
2562 1014 2777 1082 potest,
2819 1015 2884 1066 ut
2922 1010 3109 1066 semel
3147 1011 3358 1067 omnia
3395 1012 3676 1068 dicantur

2013 1098 2337 1153 acervatim
2369 1115 2382 1153 :
2425 1114 2498 1154 ex
2527 1103 2696 1172 parte
2725 1103 2926 1155 autem
2959 1099 3180 1164 dicere,
3209 1117 3421 1157 vereor
3443 1116 3518 1156 ne
3538 1115 3676 1173 pro-

2012 1185 2301 1242 ditionem
2314 1187 2537 1244 habeat
2553 1188 3066 1246 veritatis.lnteriit
3078 1189 3168 1245 vir
3180 1190 3456 1246 omnium
3471 1206 3674 1263 aqua.-

2010 1275 2158 1332 lium
2187 1277 2246 1332 in
2269 1276 2557 1333 omnibus
2588 1277 2770 1333 simul
2795 1278 3082 1334 humanis
3101 1277 3279 1335 bonis
3301 1280 3671 1352 prastantis-

2012 1363 2222 1432 simus,
2281 1364 2558 1422 columen
2599 1365 2832 1438 patria,
2873 1366 3278 1423 Ecclesiarum
3315 1367 3523 1437 decus,
3563 1383 3670 1424 co-

2009 1452 2221 1509 lumna
2240 1459 2298 1510 et
2314 1453 2733 1510 fulcimentum
2756 1455 3040 1522 veritatis,
3053 1455 3506 1512 ﬁrmamentum
3526 1455 3670 1513 ﬁdei

2008 1542 2071 1598 in
2093 1542 2678 1605 Christum,suorum
2701 1544 3277 1617 tutela,adversariis
3295 1546 3671 1617 inexpugna-

2009 1631 2170 1703 bilis,
2199 1633 2404 1703 legum
2443 1637 2836 1706 paternarum
2875 1640 3104 1703 custos,
3145 1635 3429 1692 novitatis
3467 1635 3670 1692 inimi-

277 1723 501 1785 κλησίας
557 1731 778 1794 σχῆμα,
819 1722 925 1773 οἷον
982 1719 1084 1773 ἀπό
1131 1740 1267 1782 τινος
1326 1723 1661 1796 ἱεροπρεποῡς
1689 1721 1898 1790 εἰκόνος,

2010 1737 2140 1792 cus,
2162 1722 2488 1779 ostendens
2503 1723 2565 1779 in
2579 1722 2777 1796 seipso
2798 1723 3061 1797 priscam
3085 1725 3356 1781 Ecclesia
3379 1724 3664 1798 speciem,

268 1822 364 1875 τῆς
410 1811 660 1887 ἀρχαίας
714 1812 1108 1881 καταστάσεως,
1151 1813 1212 1863 τὸ
1265 1807 1407 1874 εἶδος
1459 1819 1554 1873 τῆς
1609 1811 1696 1865 ὑπ’
1745 1811 1901 1864 αὑτὸν

267 1901 602 1962 Ἐκκλησίας
650 1897 980 1975 διαμορφῶν,
1041 1902 1174 1960 ᾧστε
1219 1903 1342 1962 τοὺς
1395 1900 1536 1972 αύτῷ
1590 1905 1904 1974 συγγενομέ-

265 2011 388 2054 νους
420 1998 540 2054 τοῖς
571 1992 678 2064 πρὸ
726 1987 1016 2041 διακοσίων
1048 1987 1172 2041 ἐτῶν
1219 1995 1310 2042 καὶ
1356 1988 1588 2043 ἐπέκεινα
1619 1995 1901 2064 φωστήρων

273 2087 464 2154 τρόπον
497 2078 816 2153 ἐκλάμψασι
860 2083 1229 2152 συγγεγονέναι
1269 2075 1462 2132 δοκεῖν.
1515 2079 1691 2142 Οὕτως
1749 2076 1900 2132 οὐδὲν

277 2173 473 2223 οἴκοθεν
517 2166 653 2222 οὑδὲ
704 2172 954 2241 νεωτέρας
999 2171 1115 2240 (33)
1160 2171 1338 2243 φρενὸς
1380 2169 1583 2242 εὑρημα
1627 2173 1899 2245 προέφερεν

272 2261 299 2312 ό
348 2260 526 2335 ἀνὴρ·
592 2258 748 2329 ἀλλὰ,
801 2261 938 2312 κατά
994 2263 1088 2318 τὴν
1136 2263 1404 2322 Μωυσέως
1461 2258 1696 2331 εὐλογίαν
1778 2254 1900 2330 ᾔδει

263 2350 624 2424 προκομίζειν
665 2348 722 2400 ἐκ
781 2356 880 2400 τῶν
922 2344 1130 2402 ἀδύτων
1169 2357 1257 2409 τῆς
1295 2344 1520 2424 καρδίας
1560 2348 1720 2400 αὑτοῦ
1761 2345 1898 2418 ἀγα-

263 2443 367 2493 θῶν
425 2442 722 2512 θησαυρῶν
756 2482 770 2506 ,
821 2437 1022 2491 παλαιὰ
1082 2437 1314 2490 παλαιῶν
1341 2481 1355 2508 ,
1409 2443 1500 2490 καὶ
1559 2436 1758 2489 παλαιά
1794 2439 1896 2489 ἀπὸ

264 2535 563 2602 προσώπου
621 2532 764 2583 νέων.
805 2531 983 2602 Ταύτῃ
1041 2547 1123 2580 τοι
1173 2532 1264 2580 καὶ
1304 2536 1398 2591 τῆς
1433 2531 1796 2603 προτιμησεως
1838 2526 1897 2578 οὑ

271 2622 413 2670 κατά
466 2625 564 2676 τήν
622 2617 835 2676 ἡλικίαν
904 2616 956 2669 ἐν
1003 2624 1112 2679 τοῖς
1161 2616 1435 2688 συλλόγοις
1489 2625 1587 2670 τῶν
1637 2618 1898 2690 ὁμοτίμων

280 2707 519 2772 ἠξιοῦτο,
549 2705 656 2758 ἀλλ’
698 2708 829 2781 ὑπὲρ
855 2709 1052 2768 πάντας
1092 2708 1153 2765 ἧν
1195 2715 1266 2779 τῷ
1309 2715 1405 2769 τῆς
1447 2711 1635 2779 σοφίας
1663 2705 1898 2780 ἀρχαίῳ,

281 2793 344 2847 ἐκ
407 2803 588 2858 κοινῆς
645 2801 1051 2871 συγχωρήσεως
1111 2799 1170 2849 τό
1217 2803 1468 2870 πρωτεῖον
1519 2797 1898 2868 καρπούμενος.

279 2884 453 2938 Ὀσον
493 2882 553 2938 δὲ
595 2895 680 2947 τῆς
722 2889 969 2947 τοιαύτης
999 2883 1213 2958 ἀγωγῆς
1261 2889 1321 2938 τὸ
1371 2881 1579 2961 κέρδος,
1628 2881 1799 2945 οὐδεὶς
1837 2883 1898 2936 ἂν

281 2973 640 3042 ἐπιζητήσειε,
694 2978 828 3050 πρὸς
883 2977 1016 3048 ὑμᾶς
1074 2973 1395 3030 ἀποϐλέπων.
1456 2980 1619 3028 Μόνοι
1674 2976 1798 3048 γὰρ,
1830 2974 1898 3026 ὧν

2011 1811 2092 1868 ad
2131 1817 2392 1868 veterem
2431 1816 2678 1882 statum,
2717 1813 2901 1869 veluti
2940 1815 3019 1870 ad
3057 1829 3295 1871 sacram
3327 1814 3667 1887 quamdam

2008 1902 2360 1974 imaginem,
2389 1902 2669 1959 Ecclesia
2709 1903 2821 1960 sibi
2844 1905 3186 1962 commissa
3205 1905 3469 1962 formam
3497 1904 3668 1961 efﬁn-

2009 2007 2178 2063 gens,
2204 1992 2288 2049 ita
2313 1996 2374 2048 ut
2399 1991 2504 2064 qui
2535 2008 2673 2048 cum
2707 2008 2778 2049 eo
2813 1993 3111 2062 vixerunt,
3136 2010 3261 2050 una
3298 2011 3440 2050 cum
3463 1993 3535 2050 iis
3559 1993 3665 2066 qui

2008 2088 2147 2138 ante
2174 2081 2464 2138 ducentos
2485 2097 2680 2138 annos
2701 2087 2757 2138 et
2779 2082 3040 2155 amplius
3059 2082 3454 2140 luminarium
3472 2082 3666 2138 instar

2007 2171 2524 2244 resplenduerant,
2547 2171 2766 2227 vixisse
2805 2171 2919 2227 sibi
2943 2172 3285 2228 videantur.
3317 2172 3484 2228 Adeo
3513 2171 3665 2228 nihil

2007 2261 2082 2317 de
2109 2277 2240 2325 suo,
2263 2277 2374 2317 nec
2401 2259 2592 2316 ullum
2614 2260 2959 2317 recentioris
2988 2261 3209 2318 mentis
3230 2261 3547 2317 inventum
3578 2259 3664 2316 vir

2005 2349 2102 2406 ille
2132 2349 2452 2423 promebat
2482 2368 2495 2405 :
2523 2349 2650 2417 sed,
2685 2349 3025 2406 secundum
3057 2351 3274 2424 Moysis
3302 2349 3664 2407 benedictio-

2006 2455 2169 2507 nem,
2201 2438 2466 2512 proferre
2485 2442 2741 2495 noverat
2769 2455 2840 2494 ex
2865 2439 3065 2495 cordis
3088 2439 3179 2494 sui
3199 2439 3457 2506 arcanis,
3487 2438 3666 2496 bonis

2007 2528 2228 2584 scilicet
2259 2527 2577 2593 thesauris,
2607 2532 2814 2584 vetera
2856 2533 3148 2595 veterum,
3195 2533 3251 2584 et
3289 2532 3489 2586 vetera
3527 2533 3665 2585 ante

2005 2618 2223 2676 faciem
2247 2620 2566 2675 novorum'
2581 2620 2618 2674 ι.
2644 2619 2810 2690 107
2832 2617 2977 2674 Hinc
2997 2624 3054 2674 et
3074 2617 3416 2690 primoloco
3437 2633 3562 2674 non
3579 2633 3667 2675 se-

2006 2708 2276 2764 cundum
2299 2710 2537 2764 atatem
2577 2708 2638 2762 in
2683 2707 3079 2764 conventibus
3114 2708 3540 2781 episcoporum
3579 2707 3666 2763 di-

2007 2814 2162 2869 gnus
2187 2796 2543 2864 habebatur,
2578 2796 2682 2852 sed
2715 2813 2900 2868 supra
2926 2813 3137 2852 omnes
3186 2801 3312 2854 erat
3354 2797 3664 2868 sapientia

2007 2887 2381 2960 antiquitate,
2410 2884 2641 2958 primas
2674 2886 2986 2942 communi
3025 2901 3322 2942 concessu
3359 2885 3662 2942 obtinens.

2009 2979 2246 3043 Quanta
2275 2980 2477 3032 autem
2509 2973 2642 3031 talis
2672 2974 3063 3031 institutionis
3097 2974 3340 3044 utilitas,
3363 2990 3545 3030 nemo
3569 2989 3665 3030 re-

279 3066 448 3137 ῖσμεν,
483 3066 511 3124 ἦ
561 3061 763 3137 κομιδῆ
806 3083 867 3136 γε
919 3062 968 3115 ἐν
1009 3063 1206 3136 ὀλίγοις
1257 3066 1391 3132 (34),
1452 3063 1499 3115 ἐν
1551 3071 1777 3136 χειμῶνι
1805 3082 1898 3116 το-

2010 3066 2297 3142 quisierit,
2329 3065 2514 3122 modo
2539 3064 2599 3120 in
2621 3081 2728 3121 vos
2764 3064 2972 3121 oculos
3003 3071 3332 3122 convertat.
3363 3068 3514 3121 Nam
3554 3064 3667 3120 soli

272 3157 443 3226 σούτῳ
482 3159 578 3206 καὶ
630 3153 850 3206 λαίλαπι
892 3156 1214 3229 πραγμάτων
1249 3152 1545 3226 ἀκύμαντον
1584 3161 1646 3226 τῇ
1702 3151 1895 3206 ἐκείνου

262 3243 586 3317 κυϐερνήσει
635 3248 731 3302 τὴν
763 3243 904 3304 ζωὴν
954 3239 1256 3315 διηγάγετε.
1303 3243 1379 3295 Οὑ
1409 3245 1510 3316 γὰρ
1551 3241 1726 3313 ἥψατο
1755 3243 1896 3315 ὑμῶν

265 3337 551 3411 αἱρετικῶν
625 3335 933 3406 πνευμάτων
1018 3333 1149 3394 ζάλη
1187 3374 1201 3399 ,
1277 3335 1738 3404 καταποντισμοὺς
1802 3329 1895 3384 ἔπ-

264 3429 484 3497 άγουσα
513 3428 609 3476 καὶ
635 3427 866 3496 ναυάγια
903 3430 1021 3485 ταῖς
1064 3423 1484 3498 εὑπεριτρέπτοις
1503 3421 1727 3494 ψυχαῖς.
1755 3425 1899 3479 Μὴτε
1933 3418 1936 3420 ’

266 3510 326 3567 δὲ
383 3513 596 3583 ἅψαιτό
650 3531 794 3583 ποτε,
841 3512 881 3562 ὦ
915 3515 1152 3564 Δέσποτα
1193 3519 1291 3564 τῶν
1322 3511 1582 3581 ἁπάντων,
1619 3509 1670 3570 ὃς
1712 3517 1786 3580 τῷ
1823 3517 1897 3580 σῷ

267 3605 552 3677 θεράποντι
605 3605 893 3676 Γρηγορίῳ,
925 3609 1000 3672 τῷ
1046 3599 1099 3664 ἐξ
1138 3599 1309 3676 ἀρχῆς
1339 3599 1617 3672 πηξαμένῳ
1648 3599 1762 3671 (35)
1801 3603 1896 3657 τὴν

265 3689 520 3768 κρηπῖδα
549 3700 646 3752 τῆς
672 3689 1004 3756 Ἐκκλησίας,
1035 3698 1129 3752 τῆς
1173 3689 1256 3742 ἐπὶ
1305 3695 1565 3763 μήκιστον
1616 3687 1900 3769 ἀταραξίας

265 3791 359 3844 τὴν
398 3786 574 3860 χάριν
617 3779 843 3844 εδωκας.
870 3781 966 3836 Ἣν
995 3787 1068 3856 μὴ
1112 3779 1353 3857 προδῶτε
1394 3783 1540 3854 ὑμεῖς
1572 3779 1620 3833 ἐν
1649 3789 1723 3852 τῷ
1761 3800 1898 3855 παρ-

270 3878 379 3928 όντι
411 3880 624 3946 καιρῷ·
670 3867 810 3944 μηδὲ
847 3873 1048 3945 θρήνων
1095 3869 1337 3945 ἀμετρίᾳ,
1381 3876 1471 3923 καὶ
1525 3877 1597 3940 τῷ
1649 3866 1898 3931 ἐκδότους

269 3964 490 4026 ἑαυτούς
519 3969 636 4024 τοῖς
681 3961 930 4035 λυπηροῖς
967 3969 1212 4026 ποιῆσαι,
1273 3964 1392 4021 τοὺς
1446 3968 1546 4012 τῶν
1605 3958 1896 4032 ἀναγκαίων

271 4058 494 4128 καιρούς
538 4057 653 4114 τοῖς
703 4047 1045 4124 ἐφεδρεύουσι
1087 4052 1345 4126 πρόησθε.
1380 4048 1514 4104 Ἀλλ’
1547 4049 1590 4102 εἰ
1639 4045 1723 4102 δεῖ
1759 4052 1894 4102 πάν-

280 4162 381 4204 τως
438 4144 636 4214 θρηνεῖν
687 4141 885 4216 (ὥσπερ
928 4136 1016 4193 οὑν
1057 4143 1117 4193 οὗ
1163 4159 1298 4213 φημι
1324 4141 1460 4210 (36),
1493 4140 1577 4191 ἶνα
1605 4143 1676 4212 μὴ
1711 4140 1896 4213 ὁμοιω-

278 4234 448 4307 θῶμεν
477 4235 528 4284 ἑν
558 4234 732 4302 τούτῳ
765 4229 878 4302 (37)
923 4237 1034 4291 τοῖς
1080 4233 1153 4301 μὴ
1197 4232 1419 4302 ἔχουσιν
1469 4225 1700 4300 ἐλπίδα),
1748 4230 1896 4302 ὑμεῖς

346 4343 390 4377 ¹¹
429 4338 621 4396 Levit.
649 4354 809 4405 xxvr,
842 4341 928 4393 40.

2007 3174 2162 3231 quos
2191 3155 2562 3227 noverimus,
2597 3159 2701 3210 aut
2727 3160 2882 3210 certe
2904 3170 3044 3210 cum
3061 3153 3274 3228 paucis
3301 3153 3662 3221 admodum,

2004 3248 2066 3304 in
2097 3251 2263 3304 tanta
2291 3261 2492 3302 rerum
2523 3249 2881 3318 tempestate
2908 3261 2977 3302 ac
2995 3244 3256 3316 procella
3275 3243 3665 3316 tranquillam

2003 3337 2164 3394 illius
2212 3335 2648 3407 gubernatione
2691 3335 2878 3390 vitam
2935 3334 3162 3404 egistis.
3203 3335 3335 3390 Non
3364 3333 3525 3389 enim
3555 3349 3664 3390 vos

2007 3425 2200 3496 attigit
2215 3422 2633 3480 hareticorum
2647 3428 2966 3478 ventorum
2984 3427 3187 3489 astus,
3213 3422 3666 3479 submersiones

2005 3510 2343 3583 importans
2376 3514 2434 3564 et
2453 3507 2774 3577 naufragia
2805 3507 3129 3564 animabus
3158 3507 3330 3563 facile
3360 3505 3665 3562 mutabili-

2005 3599 2144 3657 bus.
2178 3603 2380 3672 Neque
2413 3613 2554 3654 vero
2586 3599 2840 3669 attingat
2859 3613 3210 3670 unquam,o
3249 3597 3665 3653 universorum

2009 3691 2278 3758 Domine,
2337 3689 2442 3762 qui
2494 3687 2728 3746 famulo
2784 3694 2890 3745 tuo
2937 3687 3239 3759 Gregorio,
3271 3704 3307 3744 a
3345 3703 3466 3759 quo
3495 3685 3662 3742 basis

2007 3780 2287 3837 Ecclesia
2332 3779 2410 3834 ab
2462 3778 2632 3835 initio
2687 3782 3026 3848 compacta,
3059 3775 3506 3849 tranquillitatis
3536 3775 3664 3831 lon-

2006 3870 2273 3941 gissima
2301 3883 2528 3924 munus
2559 3865 2795 3922 dedisti.
2850 3867 3042 3930 Quam
3094 3879 3202 3919 vos
3247 3863 3361 3920 hoc
3393 3868 3664 3935 tempore

2007 3958 2278 4015 amittere
2307 3956 2515 4024 nolite,
2543 3971 2739 4027 neque
2766 3952 3109 4009 immodicis
3135 3952 3442 4026 lacrymis,
3474 3969 3546 4009 ac
3575 3957 3664 4010 to-

2005 4053 2097 4106 tos
2147 4063 2258 4104 vos
2307 4045 2549 4102 marori
2597 4044 2900 4111 dedendo,
2931 4059 3133 4099 rerum
3180 4043 3661 4099 necessariarum

2004 4136 2513 4212 opportunitatem
2569 4134 2999 4191 insidiantibus
3048 4132 3344 4205 prodatis.
3404 4132 3578 4199 Quod
3612 4133 3663 4190 si

2005 4227 2252 4286 omnino
2277 4224 2609 4297 lugendum
2639 4229 2728 4280 est
2754 4223 2858 4296 (ita
2889 4239 3034 4280 sane
3089 4239 3214 4279 non
3240 4223 3451 4291 sentio,
3479 4239 3555 4280 ne
3597 4223 3660 4280 in

345 4450 465 4518 (3t)
505 4447 688 4518 Ἡμῖν.
717 4443 870 4502 Edit.
913 4443 1102 4518 Basil._
1132 4443 1404 4518 secunda
1440 4447 1498 4500 et
1535 4443 1717 4518 Paris.
1749 4445 1890 4518 ὑμῖν,

2010 4443 2125 4499 [1υο
2151 4440 2338 4518 Βεθεὶὶζ
2364 4439 2515 4518 Editi
2539 4443 2637 4518 σύν
2651 4437 2861 4518 ,ὀλίγοις
2875 4483 2882 4493 ,

281 4515 420 4597 Alia
450 4515 513 4574 ret
555 4515 664 4597 sex.
697 4533 840 4597 mss.
883 4515 1464 4597 nﬁiv..lhl_(l‘en1mtrgs
1505 4516 1895 4597 vetustissimi

285 4592 523 4646 codices
548 4596 608 4644 et
627 4589 753 4643 duo
772 4587 1168 4658 Regiihabent
1183 4588 1490 4659 λογίζεσθαι
1510 4603 1618 4658 pro
1635 4604 1706 4642 eo
1727 4587 1895 4659 quod

286 4665 494 4718 eratin
537 4658 1076 4732 εόἱιίελογιζόμιθᾳ.
1109 4658 1289 4732 Illud,
1315 4659 1387 4730 ἐφ’
1421 4661 1494 4719 οἷς
1547 4659 1705 4732 idem
1737 4658 1897 4732 valet

283 4751 353 4791 ac
377 4737 537 4789 ὥστε.
576 4731 780 4789 Simile
809 4730 1153 4803 exemplum
1194 4731 1386 4803 habes
1429 4746 1616 4801 supra
1636 4730 1696 4784 in
1717 4730 1892 4803 epist.

277 4806 356 4863 ad
388 4805 724 4862 Maximum
757 4808 816 4858 et
839 4801 1005 4874 infra?
1024 4803 1083 4857 in
1105 4818 1198 4874 ep.
1223 4806 1290 4858 68
1312 4801 1388 4874 ad
1413 4803 1702 4874 Athanas.
1722 4801 1896 4874 Quod

273 4895 419 4935 cum
441 4876 682 4933 librarii
703 4890 824 4947 non
844 4873 1259 4947 intelligerent,
1283 4873 1380 4928 alii
1401 4875 1634 4947 ὑπάρχει
1659 4873 1894 4947 λογίζεστ

275 4954 365 5004 θαι
425 4949 540 5020 {sic
575 4947 752 5020 enim
812 4946 873 5000 in
931 4945 1237 5001 nonnullis
1281 4962 1430 5020 mss.
1486 4944 1746 5020 legitur),
1796 4944 1897 5020 alii

273 5016 547 5095 ὑπάρχειν
573 5019 894 5095 λογιζόμεθα
920 5022 1278 5095 posuerunt.
1295 5017 1504 5095 _[Quod
1533 5016 1823 5095 prastat]

491 5088 857 5164 Νομισθῆναι,
918 5088 1166 5144 Addunt
1209 5088 1411 5164 editif;
1448 5089 1896 5164 dif'legLO’Oﬁt/Et!

279 5159 380 5222 sed
412 5168 547 5221 haec
574 5159 803 5218 desunt
841 5161 902 5216 in
937 5169 1168 5231 septem
1196 5176 1341 5215 mss.
1375 5160 1558 5231 Paulo
1591 5159 1729 5230 post
1755 5159 1899 5231 editi

281 5239 434 5291 εἰπεῖν
456 5233 723 5290 ἀδύνατον
755 5239 815 5288 et
861 5237 933 5306 μὴ
959 5228 1203 5303 προδιδώ
1224 5251 1275 5283 τι
1303 5240 1398 5293 τῆς
1428 5228 1692 5293 ἀληθείας.
1725 5230 1898 5287 Codi-

279 5327 376 5367 ces
399 5317 540 5366 octo
566 5325 720 5363 mss.
760 5311 826 5360 ut
857 5307 917 5359 in
949 5307 1130 5358 textu.

347 5387 456 5447 (33:
499 5377 644 5434 Οὐδὲ
687 5380 967 5450 νεωτέρας.
1021 5371 1187 5426 Οὐδέν
1234 5374 1296 5429 in
1340 5376 1470 5431 Vat.
1520 5373 1896 5450 et_Combef.

283 5443 464 5511 Paulo
486 5459 626 5528 post
653 5443 929 5528 legimus
963 5462 1103 5528 cum
1143 5453 1369 5518 septem
1413 5462 1562 5502 mss.
1594 5443 1694 5498 ἀπὸ
1738 5465 1902 5518 προσ-

288 5531 438 5589 ώπου,
469 5523 614 5583 éditi
648 5523 760 5576 ἀπὸ
793 5523 1115 5594 πρρσωπωνΞ

357 5587 450 5673 :34}
488 5601 570 5654 Ἐν
605 5587 845 5669 ὀλίγοιςζ
868 5591 963 5646 Ita
984 5588 1161 5656 Harl.,
1198 5587 1370 5646 Coisl.
1401 5587 1655 5662 primus,
1689 5590 1816 5646 Vat.
1850 5593 1908 5647 et

2076 4518 2188 4583 (35)
2225 4508 2528 4584 [Ῑηξαμένῳ.
2561 4511 2710 4566 Editi
2753 4508 2910 4584 ante
2952 4508 3109 4584 hanc
3159 4523 3371 4584 vocem
3423 4509 3660 4584 addunt

2003 4580 2192 4654 καλῶς,
2243 4580 2410 4656 quod
2438 4580 2501 4656 in
2531 4588 2667 4656 octo
2707 4580 3274 4656 is._desideratur.
3301 4581 3516 4656 __Statim
3547 4597 3658 4656 pro

2005 4674 2076 4713 eo
2107 4649 2280 4729 quod
2294 4655 2503 4731 eratin
2532 4654 2705 4710 editis
2729 4662 2819 4713 τῆς
2850 4651 3093 4731 ἐπιμὸνορ
3125 4649 3430 4724 ἀταραξίας,
3459 4649 3659 4709 lectio-

2004 4727 2144 4785 nem
2176 4733 2310 4784 octo
2336 4727 2615 4782 codicum
2643 4741 2786 4780 mss.
2818 4727 3233 4795 apposuimus.

2078 4801 2189 4870 (36)
2220 4802 2296 4852 Οὔ
2329 4819 2481 4871 φημι.
2517 4793 2996 4871 Βεθει-ηθεξιῐὶο.
3021 4794 3080 4848 in
3103 4793 3295 4871 tribus
3334 4811 3506 4861 mss.,
3543 4795 3658 4871 sed

2005 4864 2350 4928 necesSaria
2379 4864 2614 4924 videtur
2641 4866 2718 4922 ad
2750 4864 3055 4920 sententia
3086 4865 3322 4935 seriem,
3355 4882 3424 4921 ac
3474 4867 3660 4924 miror

2005 4959 2138 4999 eam
2166 4960 2204 4999 a
2228 4940 2588 4998 Combetisio
2606 4936 2888 5010 expungi.
2909 4939 3056 4992 Nam
3079 4936 3451 5010 perabsurda
3472 4939 3658 4994 dixis-

2007 5022 2095 5069 set
2130 5014 2380 5069 Basilius
2419 5008 2752 5078 lugendu'm
2796 5024 2948 5073 esse,
2978 5024 3053 5063 ne
3097 5008 3319 5064 similes
3350 5010 3539 5065 simus
3565 5011 3659 5066 his

2006 5086 2110 5158 qui
2141 5102 2309 5157 spem
2334 5099 2456 5158 non
2477 5081 2732 5158 habent.
2761 5079 2940 5158 Paulo
2961 5081 3404 5158 postaddimus
3435 5078 3495 5134 δέ
3523 5087 3659 5153 post

2006 5151 2257 5230 ῧμεῑςὶξκ
2286 5153 2608 5230 codicibus
2651 5151 2831 5220 Harl.,
2864 5151 3049 5217 Med.,
3077 5152 3258 5208 Coisl.
3310 5151 3562 5224 utroque
3600 5157 3660 5209 et

2007 5231 2541 5367 “3:71;??310'70-379).
2605 5296 2696 5352 Sic
2755 5294 2994 5350 codices
3049 5311 3211 5367 mss.
3247 5299 3407 5367 octo.
3471 5294 3660 5350 Iidem

2009 5365 2192 5445 paulo
2219 5375 2354 5442 post
2384 5365 2611 5445 habent
2630 5369 3086 5445 προστησάμενοι.
3111 5365 3259 5445 Εᾷὶίὶ
3375 5367 3580 5445 τούτοις
3605 5369 3662 5420 et

2008 5435 2468 5518 ξτεριστῆσάμενοι.
2495 5435 2795 5518 Editiones
2821 5435 3049 5509 Hagan.
3067 5444 3122 5494 et
3140 5438 3276 5493 dua
3301 5435 3661 5493 Basileenses

2009 5514 2237 5571 habent
2265 5514 2468 5588 προσ-τη
2478 5514 2710 5585 σάμενοι.
