4114 6444
388 268 492 323 307

1763 259 1819 316 S.
1862 255 2112 314 BASILlI
2148 255 2370 312 MAGNI

3657 268 3763 324 308

388 390 507 447 hoc
532 387 603 444 iis
632 383 736 458 qui
770 398 939 457 spem
969 397 1094 440 non
1125 381 1377 453 habent,
1407 381 1630 440 similes
1648 381 1888 454 simus),
1913 395 2045 446 vos,

2165 373 2243 446 δὲ,
2275 379 2318 431 εἰ
2349 374 2516 448 δοκεῖ,
2550 379 2656 433 οἷόν
2705 400 2782 442 τις
2833 382 3002 456 χορὸς
3046 383 3310 458 πενθήρης
3359 387 3444 438 τὸν
3486 395 3771 462 κορυφαῖον

389 479 439 536 si
463 478 722 545 videtur,
753 478 1080 547 postquam
1107 473 1290 530 veluti
1319 473 1590 544 lugubris
1620 471 1872 545 quidam
1903 469 2046 525 cho-

387 584 494 626 rus
526 565 844 639 proprium
872 563 1043 620 vobis
1091 563 1309 619 ducem
1356 562 1760 637 prmfeceritis,
1813 558 2050 617 concin-

387 657 528 714 nius
554 672 694 711 cum
717 654 853 726 ipso
876 669 1088 710 casum
1123 652 1360 710 deﬂete.

461 751 517 804 2.
542 748 733 818 Atque
756 747 805 800 is
821 743 1211 817 quidem,etsi
1233 744 1308 799 ad
1328 747 1658 800 extremam
1683 742 2048 796 senectutem

389 853 514 894 non
537 834 826 909 pervenit,
857 840 918 890 at
947 839 1102 890 certe
1131 834 1298 906 quod
1327 833 1407 890 ad
1433 839 1696 906 tempus,
1723 847 1847 904 quo
1875 829 2050 886 vobis

390 926 648 1001 praefuit,
674 925 902 995 attinet,
928 924 1072 980 satis
1105 924 1236 979 vitae
1268 924 1500 980 habuit.
1543 921 1819 996 Corporis
1845 926 2049 977 autem

390 1022 626 1074 tantum
659 1015 960 1088 particeps
1005 1013 1133 1083 fuit,
1166 1018 1466 1087 quantum
1509 1029 1752 1069 necesse
1800 1017 1947 1082 erat,
1989 1015 2053 1067 ut

391 1107 579 1164 animi
611 1105 1016 1162 constantiam
1047 1103 1106 1159 in
1138 1104 1300 1160 illius
1332 1103 1645 1160 doloribus
1677 1101 2050 1176 perferendis

390 1199 748 1254 ostenderet.
775 1195 947 1250 Forte
978 1199 1178 1251 autem
1201 1198 1467 1250 vestrum
1491 1194 1710 1266 aliquis
1729 1193 2049 1259 existimet,

388 1289 629 1358 tempus
650 1283 1198 1340 commiserationis
1215 1300 1345 1340 esse
1366 1284 1808 1340 incrementum
1821 1287 1878 1339 et
1889 1298 2054 1338 amo-

388 1375 472 1432 ris
504 1374 935 1444 accessionem,
971 1389 1094 1429 non
1125 1377 1326 1430 autem
1355 1373 1646 1430 satietatis
1667 1371 2053 1429 occasionem

388 1464 483 1522 his
515 1463 620 1536 qui
667 1463 896 1536 experti
945 1467 1104 1530 sunt,
1136 1463 1219 1519 ita
1247 1467 1314 1520 ut
1339 1467 1570 1536 quanto
1599 1461 1858 1532 longiori
1895 1467 2052 1518 tem-

390 1569 536 1628 pore
559 1553 701 1609 estis
717 1551 1079 1608 beneﬁcium
1097 1553 1343 1625 experti,
1363 1557 1530 1608 tanto
1543 1551 1807 1625 amplius
1829 1551 2053 1607 orbita-

389 1647 511 1701 tem
543 1643 846 1711 sentiatis;
871 1647 1156 1698 caeterum
1184 1643 1453 1715 corporis
1478 1643 1622 1714 justi
1649 1642 1743 1699 vel
1773 1641 2055 1698 umbram

2159 467 2352 522 ἑαυτῶν
2410 473 2858 544 προστησάμενοι,
2905 471 3273 550 ἐμμελέστερον
3325 474 3438 548 μετ’
3464 474 3656 530 ἐκείνου
3704 481 3766 532 τὸ

2163 559 2368 632 συμϐὰν
2391 559 2776 616 ἀποκλαύσατε.

2229 739 2282 791 2.
2329 741 2574 810 Καίτοιγε
2603 738 2646 791 εἰ
2688 742 2780 791 καὶ
2824 743 2896 812 μὴ
2952 738 3030 792 ἐπ’
3061 738 3296 813 ἓσχατου
3345 747 3519 818 γήρως
3548 743 3770 803 ἤλαυνεν

2159 827 2184 878 6
2218 825 2366 901 ἀνὴρ,
2401 825 2506 879 ἀλλ’
2540 823 2627 880 οὖν
2676 836 2769 881 τοῦ
2811 848 2870 901 γε
2915 834 3114 905 χρόνου
3165 830 3326 884 ἕνεκεν
3379 839 3477 894 τῆς
3513 835 3772 912 ὑμετέρας

2160 915 2494 984 ἐπιστασίας,
2554 917 2649 970 ούκ
2695 915 2876 980 ἐνδεῶς
2923 918 3038 992 εἶχε
3080 928 3173 973 τοῦ
3206 919 3352 994 βίου.
3398 929 3504 976 Τοῦ
3556 944 3610 978 τε
3667 931 3774 978 σώ-

2158 1025 2323 1078 ματος
2351 1013 2598 1059 τοσοῦτον
2627 1015 2886 1080 μετεῖχεν,
2922 1010 3042 1061 ὅσον
3073 1017 3170 1070 τῆς
3213 1009 3404 1082 ψυχῆς
3432 1014 3489 1064 τὸ
3516 1018 3771 1088 καρτερόν
3804 1027 3812 1034 '

2159 1093 2243 1147 ἐπὶ
2270 1103 2383 1157 ταῖς
2410 1093 2702 1168 ἀλγηδόσιν
2735 1097 2894 1150 αὐτοῦ
2928 1094 3210 1154 δεικνύναι.
3244 1104 3422 1172 Τυχόν
3472 1098 3531 1155 δὲ
3573 1104 3633 1154 οἷν
3686 1124 3776 1166 τις

2160 1185 2302 1258 ὑμῶν
2331 1185 2605 1254 ὑπολάϐοι,
2639 1188 2720 1239 ὃτι
2750 1192 2839 1240 καὶ
2885 1189 2911 1240 6
2939 1193 3132 1264 χρόνος
3163 1189 3384 1252 αὔξησις
3416 1194 3769 1265 συμπαθείας,

2159 1280 2250 1328 καὶ
2276 1278 2548 1349 προσθήκη
2599 1277 2832 1351 φίλτρου,
2865 1277 2994 1350 ούχὶ
3054 1277 3260 1352 ἀφορμὴ
3312 1284 3469 1356 κόρου
3517 1289 3624 1343 τοῖς
3655 1302 3776 1336 πει-

2160 1366 2397 1440 ραθεῖσιν
2432 1364 2692 1438 ἐγγίνεται
2739 1368 2875 1439 (38),
2909 1370 3064 1435 ὥστε,
3097 1370 3204 1441 ὅσῳ
3257 1368 3305 1421 ἓν
3357 1369 3550 1423 πλείονι
3587 1376 3773 1446 χρόνῳ

2161 1462 2259 1517 τῆς
2297 1455 2591 1530 εὐεργεσίας
2614 1459 2950 1529 πεπείρασθε,
2979 1461 3216 1531 τοσούτῳ
3265 1459 3456 1532 μᾶλλον
3494 1470 3590 1525 τῆς
3641 1461 3776 1515 ἀπο-

2160 1543 2376 1616 λείψεως
2405 1544 2811 1599 ἐπαισθάνεσθαι
2844 1545 2958 1618 (39)
2985 1568 2998 1582 °
3038 1554 3279 1621 σώματος
3329 1546 3390 1602 δὲ
3435 1547 3647 1605 δικαίου
3677 1556 3776 1606 καὶ

2165 1639 2290 1688 σκιά
2318 1643 2409 1689 τοῦ
2459 1641 2649 1699 παντὸς
2683 1635 2805 1701 ἀξία
2839 1645 2946 1700 τοῖς
2976 1638 3240 1698 εύλαϐέσι,
3293 1645 3394 1694 Καὶ
3425 1644 3500 1700 εἴη
3549 1662 3608 1715 γε
3645 1643 3776 1695 πολ-

392 1733 559 1806 apud
576 1733 709 1806 pios
730 1732 945 1805 quovis
964 1732 1194 1789 honore
1209 1733 1458 1804 dignam
1473 1738 1824 1812 esse.Atque
1845 1736 2056 1806 optan-

2165 1723 2276 1786 λοὺς
2306 1726 2448 1798 ὑμῶν
2481 1727 2594 1797 (40)
2641 1724 2725 1779 ἐπὶ
2779 1729 2972 1790 ταύτης
3018 1724 3147 1781 εἶναι
3202 1736 3294 1790 τῆς
3348 1726 3582 1792 διανοίας
3619 1728 3775 1802 (ούδέ

391 1821 541 1878 dum
573 1821 822 1894 quidem
852 1824 916 1876 ut
943 1820 1116 1876 multi
1161 1837 1232 1876 ex
1282 1821 1455 1877 vobis
1483 1821 1566 1876 sic
1611 1821 1815 1877 animo
1859 1820 2055 1876 aﬂ‘ecti

393 1911 512 1967 sint
543 1914 758 1983 (neque
791 1909 953 1966 enim
991 1925 1103 1981 ego
1132 1911 1265 1983 ipse
1291 1910 1546 1966 dixerim
1577 1911 1770 1966 virum
1793 1925 1924 1965 esse
1953 1924 2056 1966 ne-

392 2000 770 2074 gligendum)
801 2021 813 2055 :
847 1999 955 2055 sed
983 1999 1100 2055 hoc
1143 1999 1378 2056 consilii
1421 2000 1522 2070 do,
1559 2004 1622 2056 ut
1645 1999 1915 2055 dolorem
1946 2000 2054 2056 hu-

391 2091 650 2147 maniter
668 2089 1004 2162 perferatis.
1029 2090 1260 2146 Etenim
1289 2106 1673 2163 quaecunque
1700 2090 1896 2146 dicere
1917 2105 2056 2163 pos-

392 2179 512 2235 sint
549 2180 654 2252 qui
698 2179 997 2235 damnum
1035 2179 1377 2251 ,deplorant
1409 2222 1423 2247 ,
1470 2177 1681 2252 neque
1738 2194 1775 2235 a
1821 2179 2054 2252 meipso

389 2267 768 2338 ignorantur.
793 2267 1200 2341 Siletqnidem
1231 2268 1440 2339 lingua
1476 2268 1800 2324 ﬂuviorum
1827 2268 1888 2324 in
1929 2283 2055 2323 mo-

389 2372 520 2412 rem
554 2372 733 2412 aures
765 2356 998 2412 alluens
1030 2373 1043 2411 :
1078 2356 1278 2412 cordis
1317 2361 1518 2412 autem
1569 2356 1961 2430 profundum,
2017 2373 2054 2412 a

390 2448 631 2502 nemine
645 2445 904 2502 hactenu
915 2463 942 2500 s
954 2445 1486 2518 comprehensum,
1503 2446 1754 2502 somniis
1769 2445 2051 2513 debilius,

390 2539 691 2606 quantum
723 2550 870 2590 sane
902 2534 981 2591 ad
1010 2535 1290 2591 homines
1321 2535 1551 2601 attinet,
1593 2535 1874 2591 avolavit.
1909 2535 2053 2602 Quis

387 2624 490 2682 illo
515 2624 591 2680 ad
614 2623 880 2680 futurum
904 2623 1366 2696 praevidendum
1389 2625 1661 2681 acutior?
1681 2625 1818 2686 Quis
1840 2625 1900 2680 in
1928 2630 2052 2682 tam

391 2713 590 2770 stabili
611 2730 682 2769 ac
709 2713 890 2769 ﬁrma
919 2713 1107 2768 animi
1142 2712 1344 2768 indole
1374 2713 1628 2770 idoneus
1651 2713 1780 2778 fuit,
1804 2714 1909 2787 qui
1935 2714 2051 2770 ful-

389 2819 537 2877 gure
592 2801 765 2858 citius
809 2817 904 2857 res
958 2802 1434 2872 aggrederetur?
1493 2805 1535 2860 Ο
1591 2804 1800 2859 civitas
1843 2804 2048 2860 multis

387 2893 636 2965 quidem
660 2892 791 2962 jam
813 2891 990 2946 malis
1014 2897 1438 2964 prmoccupata
1469 2909 1482 2948 :
1519 2893 1624 2948 sed
1652 2897 1854 2950 tamen
1884 2893 2048 2950 nullo

388 2997 638 3056 prorsus
660 2981 722 3036 in
753 2979 1030 3053 partibus
1059 2981 1141 3037 ad
1164 2982 1351 3037 vitam
1376 2983 1734 3039 necessariis
1756 2983 1839 3038 sic
1867 2983 2044 3041 laesa!

388 3076 557 3129 Nunc
588 3072 869 3128 deﬂoruit
919 3072 1023 3128 tibi
1073 3076 1322 3128 ornatus
1367 3072 1830 3146 pulcherrimus,
1866 3075 2051 3131 conti-
2081 3102 2120 3158 ρ

387 3161 511 3217 cuit
557 3160 839 3229 Ecclesia,
890 3165 1226 3216 conventus
1280 3163 1478 3218 tristes
1520 3166 1686 3222 sunt.
1728 3179 2052 3220 consessus

387 3267 557 3308 sacer
569 3251 964 3324 coryphteum
976 3249 1617 3319 desiderat,sermones
1630 3252 1866 3324 mystici
1879 3255 1921 3323 ι
1933 3253 2053 3324 08

390 3340 848 3412 explanatorem
895 3343 1271 3412 exspectant,
1331 3340 1505 3412 pueri
1570 3345 1826 3413 patrem,
1877 3359 2052 3398 senes

391 3429 1038 3502 mqualem,optimates
1055 3428 1683 3502 principem,populus
1703 3434 2052 3503 patronum,

389 3533 692 3593 pauperes
721 3519 1072 3574 nutritorem
1101 3538 1114 3588 ;
1147 3534 1364 3574 omnes
1400 3519 1752 3576 nominibus
1790 3521 2057 3577 maxime

392 3607 650 3682 propriis
674 3608 872 3680 ipsum
915 3613 1224 3677 vocantes,
1250 3609 1308 3664 in
1335 3610 1582 3682 propria
1603 3609 1943 3668 calamitate
1971 3611 2058 3667 lu-

394 3702 559 3754 ctum
593 3696 708 3752 sibi
737 3697 994 3770 quisque
1025 3698 1341 3770 proprium
1371 3702 1552 3770 atque
1597 3701 2057 3756 convenientem

395 3787 601 3843 edunt.
645 3786 760 3844 Sed
810 3803 932 3860 quo
966 3788 1115 3843 mihi
1138 3805 1340 3844 sermo
1371 3804 1498 3861 prae
1521 3789 1928 3862 lacrymarum
1960 3806 2061 3848 vo-

395 3877 625 3950 luptate
648 3877 908 3949 rapitur?
933 3880 1059 3932 Non
1078 3877 1531 3947 evigilabimus?
1553 3894 1678 3935 non
1701 3880 2062 3953 semetipsos

397 3966 791 4036 colligemus?
812 3982 934 4022 non
947 3967 1344 4040 respiciemus
1359 3969 1438 4024 ad
1459 3985 1847 4026 communem
1865 3971 2064 4026 Domi-

400 4054 680 4126 num,qui
697 4059 1026 4126 postquam
1042 4071 1544 4129 unumquemque
1562 4063 1910 4116 sanctorum
1929 4065 2065 4117 aeta-

401 4144 444 4201 ti
482 4159 607 4199 sum
647 4143 783 4199 sivit
817 4145 1127 4216 inservire,
1159 4146 1442 4216 congruis
1473 4147 1848 4220 temporibus
1879 4149 1958 4205 ad
1998 4165 2064 4206 se

402 4249 612 4290 rursus
628 4234 975 4290 revocavit?
1001 4237 1044 4290 N
1055 4250 1169 4290 unc
1189 4235 1250 4290 in
1273 4240 1544 4308 tempore
1561 4235 1717 4292 illius
1735 4237 2063 4295 verborum

401 4322 828 4389 recordamini,
867 4323 972 4396 qui
1012 4341 1150 4379 eum
1201 4325 1665 4382 concionaretur
1709 4327 1877 4399 apud
1932 4344 2060 4395 vos,

2161 1817 2263 1890 γὰρ
2297 1815 2452 1877 αὐτὸς
2492 1814 2690 1888 ἀμελῶς
2741 1818 2883 1889 ἔχειν
2931 1824 3024 1869 τοῦ
3077 1814 3266 1894 ἀνδρός
3310 1839 3444 1893 φημι
3501 1821 3770 1894 χρῆναι)ο

2165 1903 2273 1957 ἀλλ’
2328 1902 2660 1980 ἀνθρωπίνως
2716 1905 3052 1979 συμϐουλεύω
3098 1910 3156 1959 τὸ
3205 1907 3436 1982 λυπηρόν
3485 1905 3773 1985 διαφέρειν.

2164 1994 2306 2050 Ἐπεὶ
2363 1997 2463 2048 ὅσα
2508 1999 2569 2067 γέ
2618 1994 2760 2049 ἔστιν
2818 1995 2976 2049 εἰπεῖν
3035 1995 3476 2071 ἀποκλαιομένους
3539 2004 3634 2058 τὴν
3674 2000 3774 2062 Cn-

2163 2089 2288 2158 μίαν
2319 2129 2335 2157 ,
2397 2081 2520 2138 οὐδὲ
2579 2085 2665 2158 ἐμὲ
2729 2085 2885 2138 αὐτὸν
2945 2083 3234 2160 διαφεύγει.
3291 2095 3469 2161 Σιωπᾷ
3509 2090 3626 2162 (41)
3675 2093 3772 2162 μὲν

2163 2174 2388 2248 γλῶττα,
2419 2178 2672 2247 ποταμοῖς
2719 2178 2816 2228 ῖσα
2865 2177 2960 2238 τὰς
3007 2174 3167 2240 ἀκοὰς
3197 2175 3591 2240 ἐπικλύζουσα·
3638 2199 3774 2254 καρ-

2165 2260 2288 2326 δίας
2335 2261 2395 2316 δὲ
2441 2263 2628 2336 βάθος,
2657 2261 2833 2317 οὐδενὶ
2871 2269 2998 2328 τέως
3028 2267 3141 2334 (42)
3174 2266 3530 2336 καταληπτὸν,
3562 2267 3768 2343 ὀνείρων

2163 2352 2551 2428 ἀσθενέστερον,
2597 2356 2698 2406 ὅσα
2747 2373 2805 2427 γε
2859 2358 2992 2428 πρὸς
3047 2354 3372 2429 ἀνθρώπους,
3429 2353 3764 2431 διιπτάμενον

2163 2446 2398 2516 οἴχεται.
2427 2447 2520 2506 Τίς
2550 2442 2788 2517 ὀξύτερον
2818 2444 2930 2516 (43)
2959 2443 3150 2497 ἐκείνου
3199 2443 3517 2522 προϊδέσθαι
3560 2451 3619 2500 τό
3650 2447 3768 2520 μέλ-

2161 2533 2280 2602 λον;
2313 2537 2393 2596 τίς
2431 2531 2480 2585 ἐν
2506 2534 2638 2585 οὕτω
2662 2535 2897 2610 σταθερῳ
2935 2539 3025 2587 καὶ
3064 2539 3239 2608 παγίῳ
3287 2544 3379 2597 τῆς
3424 2535 3612 2609 ψυχῆς
3650 2539 3770 2596 ἤθεί

2163 2622 2440 2698 ἀστραπῆς
2505 2625 2693 2695 τάχιον
2753 2630 2862 2685 τοῖς
2916 2627 3223 2699 πράγμασιν
3281 2624 3504 2678 ἐπελθεῖν
3559 2628 3766 2693 ἱκανός;

2160 2711 2231 2766 Ὦ
2293 2713 2442 2776 πόλις
2504 2712 2715 2774 πολλοῖς
2761 2714 2852 2786 μὶν
2905 2710 3013 2772 ἤδη
3073 2714 3458 2791 προειλημμένη
3517 2717 3766 2785 πάθεσιν,

2159 2803 2247 2856 ὑπ’
2295 2798 2503 2864 οὐδενός
2553 2821 2612 2874 γε
2661 2806 2766 2876 μὴν
2814 2803 2980 2866 οὕτως
3035 2803 3103 2865 εἰς
3159 2803 3295 2857 αὐτὰ
3342 2807 3409 2857 τὰ
3452 2809 3632 2880 καίρια
3671 2813 3768 2858 τοῦ

2159 2892 2282 2967 βίου
2311 2893 2674 2966 ζημιωθεῐσαι
2706 2899 2814 2946 Νῦν
2854 2891 3124 2952 ἀπηνθηκέ
3177 2901 3263 2947 σοῖ
3313 2898 3512 2969 κόσμος
3563 2895 3590 2948 ὁ
3636 2893 3772 2948 κάλ-

2157 2983 2362 3044 λιστοςο
2418 2982 2707 3041 Ἐκκλησία
2759 2979 2820 3035 δε
2875 2987 3072 3056 μέμυκε
3100 3023 3113 3050 ,
3166 2988 3253 3037 καὶ
3313 2985 3768 3058 σκυθρωμάζουσι

2157 3075 2499 3145 πανηγύρεις,
2526 3077 2616 3124 καὶ
2654 3074 2712 3124 τὸ
2746 3073 2880 3148 ἱερὸν
2918 3069 3193 3146 συνέδριον
3232 3075 3319 3126 τὸν
3345 3082 3626 3150 κορυφαῖον
3647 3073 3767 3127 ἔπι-

2159 3164 2328 3228 ποθεῖ,
2355 3161 2503 3234 λόγοι
2559 3158 2619 3214 δὴ
2670 3167 2924 3234 μυστικοὶ
2975 3166 3063 3215 τὸν
3108 3162 3368 3237 ἐξηγητὴν
3400 3162 3764 3238 ἀναμένουσιν,

2162 3253 2211 3305 οἱ
2258 3247 2447 3312 παῖδες
2470 3254 2556 3303 τὸν
2595 3254 2814 3326 πατέρα,
2848 3254 2897 3305 οἱ
2925 3252 3218 3328 πρεσϐῦται
3246 3255 3334 3305 τὸν
3379 3253 3688 3320 ἡλικιώτην,
3719 3255 3769 3306 οἱ

2163 3339 2212 3393 ἐν
2241 3340 2372 3394 τέλει
2409 3344 2498 3393 τὸν
2530 3341 2774 3416 ἔξαρχον,
2819 3342 2844 3393 ό
2886 3337 3058 3415 δῆμος
3093 3345 3180 3394 τὸν
3206 3344 3533 3418 προστάτην,
3567 3346 3615 3396 οἱ
3643 3341 3768 3417 βίου

2166 3427 2400 3504 δεόμενοι
2439 3435 2525 3483 τὸν
2564 3435 2788 3505 τροφέα.
2851 3433 3039 3494 πάντες
3076 3431 3231 3484 αὐτόν
3271 3431 3328 3484 ἐκ
3373 3440 3471 3485 τῶν
3520 3431 3772 3485 οἰκειοτά-

2163 3541 2263 3574 των
2304 3520 2567 3595 ὀνομάτων
2616 3520 3060 3595 ἀνακαλούμενοι,
3115 3521 3202 3575 ἑπὶ
3255 3521 3428 3592 οἰκείῳ
3481 3524 3635 3576 πάθει
3686 3521 3774 3575 οἰ-

2164 3616 2300 3662 κεῖον
2332 3609 2472 3682 αὐτῷ
2512 3615 2602 3662 καὶ
2641 3615 2979 3684 προσήκοντα
3020 3611 3241 3674 ἕκαστος
3264 3614 3351 3663 τὸν
3384 3613 3570 3687 θρῆνον
3595 3613 3776 3686 αἴρου-

2169 3717 2250 3752 σιν
2281 3701 2418 3770 (44).
2460 3699 2614 3752 Ἀλλά
2653 3707 2755 3752 ποῦ
2798 3719 2890 3773 μοι
2939 3701 2964 3752 6
3001 3699 3150 3772 λόγος
3195 3699 3277 3774 ύφ“
3305 3697 3502 3763 ἡδονῆς
3539 3709 3638 3754 τῶν
3670 3697 3775 3754 δα-

2166 3791 2336 3864 κρύων
2363 3787 2659 3862 ἐκφέρεταις
2717 3789 2828 3842 Ούκ
2869 3788 3230 3864 ἀνανηψομεν;
3281 3789 3387 3864 ούχ
3426 3791 3574 3864 ἡμῶν
3601 3788 3774 3843 αὐτῶν

2167 3881 2527 3952 γενησόμεθα;
2579 3878 2672 3932 οὐκ
2713 3877 3069 3953 ἀποϐλέψομεν
3103 3883 3232 3955 πρὸς
3259 3883 3347 3932 τόν
3375 3883 3546 3934 κοινὸν
3579 3882 3775 3933 Δεσπόο

2168 3991 2282 4038 την,
2327 3971 2402 4034 ὃς,
2436 3971 2653 4024 ἕκαστον
2683 3978 2784 4023 τῶν
2815 3970 2976 4044 ἁγίων
3015 3979 3078 4045 τῇ
3134 3968 3247 4044 ἰδίᾳ
3298 3977 3448 4044 γενεᾷ
3492 3971 3777 4046 ἐπιτρέψας

2170 4062 2623 4135 ὑπηρετήσασθαι,
2658 4068 2765 4122 τοῖς
2809 4062 3108 4120 καθήκουσι
3153 4065 3369 4136 χρόνοις
3417 4063 3545 4135 πρὸς
3591 4061 3777 4114 ἑαυτὸν

2169 4150 2323 4203 πάλιν
2372 4148 2750 4218 ἀνεκαλέσατο,
2795 4157 2903 4203 Νῦν
2955 4149 3003 4203 ἐν
3058 4159 3227 4225 καιρῷ
3284 4158 3383 4203 τῶν
3418 4149 3612 4204 ἐκεινου
3663 4170 3778 4223 φω-

2170 4247 2269 4291 νῶν
2304 4241 2680 4312 ύπομνὴσθητε
2702 4261 2714 4273 ·
2749 4240 2804 4302 ὃς
2836 4239 3194 4300 ἐκκλησιάζων
3245 4241 3368 4313 ύμῖν
3422 4238 3502 4293 ἀεὶ
3543 4237 3578 4293 δ
3584 4238 3774 4293 ιεστέλ-

2171 4328 2283 4382 λετο
2309 4373 2322 4399 ,
2390 4329 2636 4397 Βλέπετε,
2696 4328 2854 4402 λέγων
2881 4373 2894 4400 ,
2959 4333 3076 4390 τοὺς
3133 4332 3321 4398 κύνας,
3383 4327 3598 4402 βλέπετε
3656 4332 3773 4390 τοὺς

473 4449 589 4520 (38)
627 4447 941 4521 Ἐγγίνεται.
985 4450 1069 4505 lta
1096 4449 1252 4505 Harl.
1285 4454 1342 4506 et
1387 4450 1564 4506 Cois].
1612 4452 1871 4523 primus.
1912 4452 2062 4508 Editi
2098 4463 2140 4516 D
2173 4452 2505 4536 nonufuisse
2535 4455 2703 4536 Ponti
2733 4454 3003 4510 civitates
3032 4453 3509 4536 conj_icimus_ex
3561 4455 3778 4536 Grego-

405 4539 624 4592 γινεται.

411 4665 438 4716 Θ
465 4593 601 4715 '(39)9
629 4593 1093 4647 Ἐπαισθάνεσθαι.
1130 4597 1217 4650 Ita
1247 4592 1401 4648 Harl.
1434 4597 1491 4648 et
1521 4594 1671 4652 Med.
1700 4594 1852 4652 Editi
1883 4594 2065 4650 ἔπαισε

444 4683 570 4715 ανεσ
607 4682 647 4716 ε.

444 4682 647 4718 ανεσυε.

482 4735 599 4808 (40)
635 4734 821 4806 Ὑμῶν.
855 4736 946 4791 Sic
975 4752 1125 4791 mss.
1161 4752 1282 4792 sex.
1311 4736 1458 4792 Editi
1489 4738 1657 4808 ἡμῶν.

485 4807 595 4882 (41.)
637 4813 831 4882 Σι-ωπᾷ.
877 4808 1030 4882 Editi
1074 4808 1310 4882 addunt
1337 4811 1427 4881 μὲν
1455 4807 1582 4880 γὰρ.
1619 4807 1733 4865 Sed
1757 4814 2065 4882 postrema

409 4876 624 4932 vocula
648 4876 816 4934 abest
844 4879 922 4934 ab
943 4880 1234 4935 omnibus
1265 4876 1416 4935 mss.

479 4948 599 5018 (42)
639 4953 788 5009 Τέως.
843 4952 976 5005 Haec
1028 4952 1242 5007 vocula
1271 4951 1478 5007 addita
1511 4967 1583 5007 ex
1613 4955 1750 5006 octo
1779 4967 1921 5008 mss.
1957 4952 2066 5008 lbi-

410 5018 552 5094 dem
583 5023 700 5094 tres
723 5021 1116 5094 vetustissimi
1145 5025 1245 5075 ὃσα
1273 5043 1357 5094 γε.

483 5092 717 5164 (43)-Τίς
765 5091 1021 5164 ὀξύτερον.
1083 5094 1168 5149 lta
1215 5091 1333 5150 tres
1386 5093 1773 5150 vetustissimi
1827 5094 2066 5151 codices

410 5177 551 5218 cum
578 5161 708 5216 aliis
730 5161 1026 5238 quatuor.
1059 5165 1425 5238 Subauditur
1454 5169 1642 5230 ἱκανός,
1673 5166 1838 5238 quod
1880 5167 2065 5238 paulo

406 5238 549 5361 lpost
573 5233 869 5306 sequitUr;
901 5235 995 5289 cui
1016 5235 1264 5308 quidem
1289 5253 1428 5292 cum
1459 5239 1659 5293 minus
1692 5233 2068 5294 attenderem

431 5305 657 5361 ibrarii.
690 5306 871 5361 credo
914 5322 1017 5360 eos
1072 5308 1401 5361 scribsisse-
1439 5315 1502 5361 ut
1549 5315 1634 5361 est
1674 5309 1734 5361 in
1763 5309 1958 5361 editis-
1987 5316 2066 5361 τίς

431 5305 871 5380 ᾖβτθτὶἱίοτθάο
914 5305 1402 5380 eos—scripsisse,
1439 5315 1502 5364 ut
1549 5315 1634 5364 est
1674 5309 1734 5364 in
1763 5309 1958 5374 editis,
1987 5316 2066 5371 τίς

411 5376 670 5452 ὀξύτερος..
699 5377 872 5443 Quod
899 5384 1100 5452 autem
1133 5376 1316 5451 paulo
1347 5376 1483 5452 pest
1511 5381 1592 5435 ait
1616 5383 2065 5438 Neocaesaream

408 5448 612 5522 multis
637 5449 765 5520 jam
793 5449 968 5522 malis
997 5448 1478 5522 praeoccupa‘tam
1512 5452 1873 5522 fuissetnon
1905 5454 2063 5508 vide-

408 5523 505 5574 tur
527 5519 590 5574 id
620 5521 821 5594 referri
854 5519 1033 5594 posse
1081 5523 1159 5576 ad
1204 5519 1427 5578 famem
1457 5523 1531 5578 de
1562 5538 1685 5594 qua
1717 5521 1972 5578 Basilius
2003 5525 2064 5579 in

409 5591 773 5663 praecedenti
820 5591 1093 5667 epistola.
1146 5597 1266 5651 Hoc
1324 5595 1482 5651 enim
1541 5591 1702 5650 malo
1752 5601 2062 5652 contactas

2172 4527 2261 4582 rio
2287 4529 2446 4599 Naz..
2479 4527 2584 4599 qui
2629 4525 2854 4599 famem
2897 4542 2968 4582 eo
3013 4526 3353 4599 graviorem
3398 4525 3580 4599 fuisse
3610 4526 3776 4599 dicit,

2173 4598 2336 4672 quod
2368 4597 2758 4670 nonpossint
2789 4598 3214 4672 _(_3appadoce_s,
3248 4603 3314 4654 ut
3355 4597 3674 4653 maritimae
3700 4597 3782 4653 ci-

2171 4669 2402 4742 vitates,
2434 4669 2539 4742 ret’
2571 4686 2644 4726 ea
2697 4669 2944 4742 quibus
2977 4669 3296 4742 abundant
3340 4674 3695 4742 exportare,
3720 4674 3783 4726 et

2173 4741 2396 4814 quibus
2427 4741 2700 4814 indigent
2717 4740 3023 4814 invehere.
3058 4741 3312 4814 Respicit
3342 4740 3486 4810 ergo
3528 4740 3783 4797 Basilius

2173 4812 2253 4868 ad
2283 4812 2448 4870 illam
2480 4813 2858 4885 potissimum
2883 4812 3286 4868 calamitatem
3314 4828 3437 4885 qua
3464 4816 3780 4885 Neocaesa-

2171 4900 2338 4940 ream
2387 4883 2706 4953 Gregorius
2757 4883 3067 4955 Nyssenus
3117 4899 3232 4940 sua
3260 4883 3432 4940 aetate
3485 4883 3778 4941 afﬂictam

2173 4955 2354 5010 fuisse
2380 4961 2644 5025 testatur,
2679 4954 2818 5010 cum
2849 4954 3074 5024 ingenti
3100 4959 3270 5012 terras
3311 4961 3481 5012 motu
3519 4955 3780 5012 aediﬁcia

2173 5027 2382 5082 omnia
2409 5033 2546 5100 tum
2592 5025 3014 5100 publica_tum
3072 5027 3305 5100 privata
3348 5028 3555 5100 ruinas
3585 5032 3779 5100 traxe-

2172 5105 2332 5171 runt,
2367 5115 2438 5154 ac
2463 5097 2659 5153 solum
2692 5097 3008 5171 templum,
3037 5097 3205 5171 quod
3237 5115 3274 5154 a
3316 5099 3601 5167 Gregorio
3629 5099 3780 5154 aedi-

2172 5169 2419 5226 ﬁcatum
2453 5170 2666 5238 fuerat,
2697 5169 2952 5225 illaesum
2991 5169 3074 5225 et_
3102 5170 3392 5226 intactum
3422 5171 3777 5242 permansit,

2186 5243 2299 5298 Vit.
2323 5243 2386 5298 S.
2412 5244 2585 5311 Greg.
2615 5247 2756 5297 tom.
2792 5244 2881 5312 Ill,
2908 5257 2966 5313 p.
3004 5245 3125 5297 554.
3163 5241 3449 5296 Eumdem
3491 5247 3778 5297 eventum

2172 5313 2439 5386 referunt
2478 5314 2536 5368 in
2570 5314 2886 5370 Chronicis
2941 5313 3341 5386 Hieronymus
3380 5319 3439 5370 et
3465 5314 3782 5386 Theopha-

2173 5401 2280 5440 nes
2307 5385 2385 5439 ad
2414 5401 2644 5440 annum
2677 5388 2802 5440 344.

2244 5459 2634 5532 (44λΑἵρουσιν
2685 5458 2955 5532 Quatuor
2995 5456 3776 5532 mss._recent_io_resipsum,

2174 5527 2266 5584 Sic
2297 5527 2477 5583 etiam
2508 5528 2778 5585 secunda
2806 5544 2992 5584 manu
3020 5527 3201 5598 Harl.,
3227 5527 3332 5583 sed
3353 5528 3522 5585 initio
3548 5527 3779 5584 habue-

2171 5604 2264 5656 rat
2295 5603 2507 5674 αἴρουσι
2520 5643 2532 5656 .
