4114 6410
329 302 440 359 309

1353 278 1849 355 EéISTOLARUM
1884 290 2166 351 cmssrs
2203 295 2248 350 ι.
2285 296 2499 354 EPIST.
2541 298 2723 356 xxnx.

3539 285 3542 288 ’
3628 300 3734 354 310

339 428 539 488 κακοὺς
591 423 836 498 ἐργάτας.
889 423 1074 477 Πολλοὶ
1129 426 1180 478 οἰ
1231 425 1393 485 κύνες.
1448 428 1512 478 Τί
1575 423 1708 495 λέγω
1760 423 1903 480 κύνες
1944 435 1957 486 ;

2078 435 2316 494 semper
2341 421 2732 492 admonebat,
2763 423 2980 481 Cavete
3009 437 3206 489 canes,
3237 421 3536 495 inquiens,
3567 437 3736 480 cave-

340 519 516 571 Λύκοι
539 517 630 589 μὲν
661 509 754 566 οὖν
794 512 997 588 βαρεῖς,
1029 512 1077 565 ἐν
1133 512 1399 586 ἐπιφανείᾳ
1445 511 1716 587 προϐάτων
1768 513 1827 563 τὸ
1876 505 1965 562 δο-

341 609 495 679 λερὸν
549 606 994 680 ὑποκρύπτοντες,
1065 609 1341 676 πανταχοῦ
1397 611 1487 664 τῆς
1542 604 1846 674 οἰκουμένης
1904 601 1962 650 τὸ

337 702 586 768 Χριστοῦ
642 697 886 765 ποίμνιον
949 689 1276 750 διασπῶσιν.
1327 691 1429 753 Ούς
1487 691 1766 765 φυλακτέον
1819 691 1959 762 ύμῖν,

339 783 702 860 ἕγρηγορικοῦ
738 801 877 845 τινος
934 787 1178 855 ποιμένος
1229 781 1534 854 ἐπιστασίᾳ.
1588 788 1681 834 Ὃν
1719 781 1961 853 ὑμέτερον

339 877 435 948 μὲν
469 873 718 937 αἰτῆσαι,
775 871 1089 944 φιλονεικίας
1141 873 1321 934 πάσης
1371 876 1462 925 καὶ
1492 871 1844 946 φιλοπρωτίας
1871 872 1962 931 τὰς

338 963 535 1035 ψυχὰς
595 963 1003 1034 καθαρεύοντας,
1053 969 1146 1014 τοῦ
1212 966 1409 1035 Κυρίου
1436 958 1496 1014 δί
1543 957 1813 1022 ἀναδεῖξαι
1847 980 1859 992 ·
1910 959 1962 1020 ὃς

344 1053 449 1106 ἀπὸ
513 1060 607 1105 τοῦ
665 1051 894 1124 μεγάλου
946 1052 1248 1126 προστάτου
1301 1059 1398 1113 τῆς
1454 1049 1771 1112 Ἐκκλησιας
1817 1051 1960 1122 ὑμῶν

348 1146 644 1216 Γρηγορίου
677 1145 844 1216 μέχρι
872 1148 965 1194 τοῦ
1001 1145 1264 1217 μακαρίου
1292 1144 1499 1208 τούτου,
1550 1139 1700 1193 ἄλλον
1753 1139 1834 1192 ἐπ’
1863 1139 1960 1191 οἳλ-

353 1231 421 1304 λῳ
459 1232 571 1298 (45)
608 1233 917 1305 προστιθεὶς
943 1236 1034 1283 καὶ
1071 1231 1414 1305 συναρμόζων
1455 1229 1555 1299 ἀεὶ,
1596 1230 1700 1282 οἷον
1727 1232 1783 1282 ἔκ
1823 1249 1960 1290 τινος

349 1321 517 1395 ἆρμοῦ
549 1323 659 1388 (46)
719 1319 874 1372 λίθων
932 1319 1242 1392 πολυτελῶν,
1287 1322 1587 1392 θαυμαστὸν
1617 1320 1722 1372 οἷον
1774 1318 1959 1380 κάλλος

339 1419 434 1471 τῆς
469 1409 776 1471 Ἐκκλεσίας
807 1410 949 1482 ὑμῶν
990 1408 1305 1485 ἐχαρίσατο.
1355 1408 1516 1462 Ὠστε
1563 1404 1687 1461 οὐδὲ
1728 1415 1826 1461 τῶν
1878 1406 1960 1480 ἐφ-

341 1499 463 1562 εξῆς
495 1497 857 1552 ἁπελπιστέονο
892 1495 1021 1552 Οἵδε
1050 1502 1150 1571 γὰρ
1186 1502 1378 1575 Κύριος
1413 1501 1529 1560 τοὺς
1559 1503 1709 1559 ὄντας
1757 1497 1916 1550 αὐτοῦ
1942 1518 1955 1531 ·

340 1592 436 1640 καὶ
469 1585 665 1659 ἀγάγοι
707 1586 766 1638 ἂν
798 1587 870 1650 εἰς
899 1591 956 1640 τὸ
987 1591 1144 1661 μέσον
1174 1591 1297 1651 τοὺς
1327 1586 1448 1662 παρ’
1476 1589 1622 1661 ἡμῶν
1677 1589 1844 1658 τυχὸν
1899 1585 1957 1638 ού

341 1673 844 1753 προσδοκωμένους.

415 1859 472 1911 3.
508 1854 681 1907 Πάλαι
709 1873 772 1927 με
795 1853 1005 1907 θέλοντα
1031 1861 1130 1906 τῶν
1173 1854 1337 1928 λόγων
1367 1856 1680 1908 παύσασθαι
1709 1856 1748 1905 ὡ
1789 1851 1950 1913 ὀδύνη

339 1953 439 2007 τῆς
497 1940 729 2019 καρδίας
778 1943 873 1996 οὐκ
929 1943 1188 2019 ἐπιτρέπει
1236 1965 1248 1978 ο
1309 1943 1417 1996 ἀλλ’
1472 1943 1777 2002 ἕπισκήπτω
1832 1946 1954 2017 ὑμῖν

339 2037 471 2108 πρὸς
511 2043 614 2086 τῶν
677 2037 936 2108 Πατέρων,
995 2037 1125 2108 πρὸς
1172 2041 1262 2094 τῆς
1305 2035 1466 2103 ὀρθῆς
1525 2039 1774 2103 πίστεως,
1825 2036 1956 2108 πρὸς

338 2131 434 2178 τοῦ
465 2127 737 2197 μακαρίου
769 2122 978 2190 τούτου,
1009 2119 1365 2182 διαναστῆναι
1392 2128 1485 2182 τὴν
1526 2122 1733 2195 ψυχὴν,
1769 2123 1954 2176 οἰκεῖον

338 2216 567 2267 ἕκαστον
635 2211 820 2265 ἑαυτοῦ
859 2216 918 2265 τὸ
951 2209 1382 2286 σπουδαζόμενον
1429 2216 1698 2287 κρίναντα,
1747 2217 1836 2265 καὶ
1867 2221 1957 2274 τῆς

338 2301 418 2375 ἐφ’
477 2301 702 2374 ἑκάτερα
756 2310 858 2354 τῶν
895 2304 1226 2376 πραγμάτων
1285 2301 1549 2363 ἐκϐάσεως
1598 2307 1802 2376 πρῶτον
1869 2301 1959 2354 αύ-

340 2396 432 2445 τὸν
513 2391 834 2444 ἀπολαύσειν
916 2393 1224 2464 ἡγούμενον,
1279 2387 1440 2464 μηδὲ,
1500 2395 1559 2444 τὸ
1606 2399 1716 2453 τοῖς
1755 2391 1959 2452 πολλοῖς

344 2480 661 2554 συμϐαῖνον,
707 2484 839 2554 πρὸς
896 2483 984 2532 τὸν
1032 2480 1253 2538 πλησίον
1307 2485 1402 2540 τὴν
1462 2489 1560 2534 τῶν
1612 2490 1792 2533 κοινῶν
1841 2479 1958 2533 ἐπι-

346 2573 551 2646 μεῢειαν
579 2570 910 2626 ἀπωθεῖσθαι
940 2593 952 2606 ·
988 2569 1114 2644 εἶτα,
1150 2572 1374 2625 ἑκάστου
1422 2581 1484 2646 τῇ
1534 2572 1693 2625 αὐτοῦ
1752 2569 1962 2645 διανοίᾳ

348 2672 448 2715 τῶν
497 2665 825 2737 πραγμάτων
884 2661 1276 2737 ὀλιγωροῦντος,
1316 2662 1489 2715 λαθεῖν
1533 2662 1766 2724 ἅπαντας
1820 2660 1880 2716 ’ίδ
1887 2683 1960 2716 ιον

347 2751 556 2815 ἑαυτοῖς
611 2755 776 2804 κακὸν
843 2748 938 2804 διὰ
1017 2759 1106 2813 τῆς
1175 2751 1409 2826 ἀμελείας
1479 2750 1958 2826 ἐπισπασαμένους,

340 2849 528 2895 Ταῦτα
557 2844 654 2894 εἴτε
678 2844 742 2903 ὡς
769 2845 1012 2914 γειτόνων
1043 2843 1366 2914 συμπάθεια,
1423 2845 1522 2894 εἴτε
1561 2843 1630 2902 ὥς
1678 2838 1961 2915 ὁμοδοξού-

343 2950 485 2983 ντων
515 2935 752 2983 κοινωνία
773 2933 911 3003 (47),
960 2933 1058 2983 εἴτε
1104 2935 1215 3000 καὶ,
1270 2932 1392 3006 ὅπερ
1426 2928 1766 3006 ἀληθέστερόν
1823 2930 1958 2996 ἐστι,

354 3028 433 3089 τῷ
503 3028 592 3080 τῆς
641 3018 843 3090 ἀγάπης
891 3022 1204 3093 πειθομένων
1261 3023 1422 3092 νόμῳ,
1475 3025 1566 3073 καὶ
1617 3023 1704 3072 τὸν
1765 3022 1821 3072 ἑκ
1867 3027 1960 3073 τοῦ

2076 515 2134 566 te
2158 515 2465 580 operarios
2491 515 2682 570 malos
2716 516 2781 569 ¹².
2811 516 3001 572 Canes
3029 528 3154 569 non
3176 513 3374 586 pauci.
3413 513 3567 578 Quid
3595 513 3732 570 dico

2073 615 2254 656 canes
2277 602 2304 658 ?
2335 607 2460 659 lmo
2493 619 2630 660 vero
2650 603 2778 676 lupi
2808 619 3043 674 graves,
3077 603 3181 675 qui
3216 602 3330 658 sub
3362 603 3568 658 ovium
3601 618 3730 675 spe-

2072 690 2160 746 cie
2189 690 2399 748 dolum
2431 697 2838 763 contegentes,
2865 692 3093 766 ubique
3143 697 3436 748 terrarum
3485 707 3730 762 gregem

2072 779 2285 837 Christi
2314 781 2605 838 divellunt
2631 798 2644 837 :
2670 782 2774 854 qui
2803 781 2975 838 vobis
3005 780 3234 837 vitandi
3255 785 3395 836 sunt
3429 779 3729 850 vigilantis

2070 868 2327 940 alicujus
2357 871 2615 942 pastoris
2642 871 2946 943 praesidio.
2973 869 3145 926 Hunc
3172 875 3437 926 vestrum
3476 869 3727 941 quidem

2069 961 2158 1014 est
2186 963 2409 1031 petere,
2442 959 2663 1016 animis
2687 960 2766 1016 ab
2796 961 2963 1016 omni
2990 958 3372 1016 contentione
3402 964 3583 1031 atque
3604 975 3729 1015 am-

2067 1046 2292 1104 bitione
2317 1049 2656 1121 repurgatis
2681 1069 2692 1106 :
2729 1049 2968 1106 Domini
2997 1065 3157 1118 vero,
3189 1048 3528 1116 ostendere,
3555 1048 3660 1120 qui
3691 1064 3728 1104 a

2071 1153 2295 1207 magno
2322 1137 2424 1194 illo
2444 1138 2718 1195 Ecclesiae
2757 1143 2960 1195 vestrae
2992 1138 3146 1194 duce
3195 1137 3478 1208 Gregorio
3533 1153 3726 1210 usque

2069 1227 2148 1284 ad
2178 1228 2340 1284 hunc
2368 1228 2638 1299 beatum,
2661 1228 2917 1284 alterum
2946 1229 3009 1284 in
3039 1227 3284 1284 alterius
3313 1227 3514 1283 locum
3564 1227 3726 1282 sufﬁ-

2068 1317 2253 1384 ciens,
2278 1333 2635 1391 semperque
2662 1318 2986 1390 adaptans,
3015 1316 3178 1372 velut
3205 1332 3279 1373 ex
3298 1315 3570 1390 quadam
3593 1332 3724 1388 pre-

2068 1405 2364 1462 tiosorum
2389 1406 2663 1479 lapidum
2693 1407 3116 1471 commissura,
3149 1405 3372 1460 mirum
3403 1420 3724 1462 ornamen-

2068 1498 2198 1552 tum
2231 1495 2506 1552 Ecclesiae
2536 1500 2748 1552 vestrae
2778 1496 3032 1568 largitus
3077 1498 3182 1551 est.
3237 1496 3428 1560 Quare
3478 1510 3591 1550 nec
3647 1494 3724 1550 de

2069 1586 2438 1642 successuris
2481 1585 2938 1659 desperandum
2995 1589 3104 1642 est.
3149 1585 3320 1641 Novit
3375 1584 3536 1640 enim
3580 1601 3724 1642 suos

2068 1676 2374 1743 Dominus,
2405 1679 2462 1732 et
2490 1676 2756 1748 proferre
2787 1676 2849 1732 in
2875 1675 3144 1732 medium
3175 1677 3391 1747 potest,
3421 1690 3578 1747 quos
3607 1674 3723 1731 for-

1983 1775 2027 1830 Β
2065 1768 2222 1822 tasse
2249 1780 2373 1821 non
2401 1769 2848 1838 exspectamus.

2137 1858 2190 1912 3.
2225 1854 2461 1910 Dudum
2492 1871 2588 1912 me
2607 1855 2908 1912 volentem
2935 1855 3200 1911 sermoni
3229 1855 3417 1911 finem
3445 1854 3722 1928 impone-

2063 1958 2148 2012 re,
2181 1943 2355 1999 dolor
2384 1944 2582 2000 cordis
2631 1960 2754 2000 non
2787 1944 2926 2000 sinit
2957 1963 2970 2000 :
3008 1945 3115 2000 sed
3141 1944 3410 2001 obtestor
3450 1959 3558 2000 vos
3615 1957 3723 2015 per

2065 2035 2286 2098 Patres,
2311 2048 2420 2104 per
2447 2037 2672 2089 rectam
2703 2033 2910 2096 ﬁdem,
2934 2049 3042 2107 per
3072 2034 3234 2090 hunc
3281 2035 3552 2102 beatum,
3609 2032 3718 2089 eri-

2066 2123 2219 2195 gatis
2245 2123 2872 2195 animum,proprium
2895 2123 3008 2179 sibi
3031 2123 3290 2196 quisque
3310 2123 3373 2178 id
3401 2121 3569 2195 quod
3591 2120 3720 2192 agi-

2065 2217 2162 2270 tur
2189 2213 2503 2278 ducentes,
2532 2218 2589 2269 et
2611 2229 2813 2270 rerum
2833 2214 2895 2270 in
2925 2219 3246 2287 utramque
3264 2217 3498 2284 partem
3526 2211 3721 2268 exitus

2067 2303 2386 2376 participes
2428 2319 2492 2358 se
2519 2303 2580 2358 in
2624 2303 2834 2376 primis
2881 2303 3008 2360 fore
3051 2303 3482 2373 existimantes,
3530 2302 3612 2358 ita
3658 2305 3723 2358 ut

2065 2409 2270 2450 rerum
2296 2393 2714 2449 communium
2745 2409 2973 2466 curam,
3005 2398 3068 2449 ut
3113 2391 3380 2465 plerique
3419 2391 3629 2459 solent,
3660 2391 3722 2446 in

2067 2483 2413 2557 proximum
2443 2498 2567 2539 non
2592 2483 2896 2554 rejiciatis,
2929 2498 2998 2539 ac
3029 2487 3240 2555 postea
3261 2495 3632 2554 unoquoque
3660 2481 3723 2536 in

2070 2573 2275 2629 animo
2309 2588 2422 2628 suo
2450 2587 2546 2628 res
2576 2572 2937 2643 negligente,
2979 2587 3191 2627 omnes
3218 2570 3332 2627 sibi
3362 2570 3478 2642 ipsi
3508 2585 3613 2642 per
3640 2569 3728 2624 in-

2069 2663 2299 2719 curiam
2323 2661 2639 2735 proprium
2677 2661 2910 2718 malum
2939 2661 3354 2734 imprudentes
3389 2663 3723 2717 accersant.

2070 2754 2205 2808 Haec
2236 2757 2439 2807 autem
2467 2750 2591 2806 sive
2623 2755 2688 2806 ut
2709 2751 3049 2807 vicinorum
3106 2749 3724 2816 commiserationem,

2071 2840 2196 2896 sive
2240 2844 2305 2896 ut
2356 2840 2520 2896 idem
2591 2839 2974 2896 sentientium
3033 2839 3545 2910 communionem,
3601 2838 3728 2895 sive

2069 2930 2270 2998 etiam,
2329 2929 2498 3002 quod
2538 2929 2740 2985 verius
2797 2933 2905 2998 est,
2946 2933 3012 2985 ut
3041 2928 3347 2985 charitatis
3388 2928 3506 2998 legi
3547 2927 3725 2984 obse-

2067 3019 2405 3092 quentium,
2457 3022 2512 3074 et
2564 3017 2899 3091 periculum
2980 3017 3195 3073 silentii
3269 3016 3721 3084 declinantium,

354 3118 629 3168 σιωπῆσαι
662 3107 905 3162 κίνδυνον
956 3108 1309 3179 ἐκκλινὸντων,
1358 3112 1490 3182 μετὰ
1527 3112 1708 3172 πάσης
1761 3110 1957 3172 εύνοίας

2071 3109 2235 3166 omni
2257 3125 2396 3165 cum
2419 3107 2839 3165 benevolentia
2867 3108 3154 3180 excipite;
3187 3123 3546 3180 persuasum
3576 3105 3726 3163 illud

345 3195 576 3261 δέξασθε
607 3219 620 3232 ·
675 3202 1029 3271 πεπεισμένοι,
1077 3199 1158 3250 ὅτι
1209 3200 1474 3270 καύχημα
1526 3199 1671 3271 ἡμῶν
1703 3197 1838 3265 ἐστε,
1867 3218 1961 3252 κα-

343 3290 514 3361 θάπερ
564 3292 651 3339 καὶ
684 3289 837 3360 ἡμεῖς
887 3290 1030 3360 ὑμῶν
1089 3287 1162 3350 εἰς
1211 3291 1305 3346 τὴν
1362 3289 1555 3360 ἡμέραν
1597 3295 1688 3340 τοῦ
1741 3293 1957 3361 Κυρίου,

338 3383 434 3430 καὶ
466 3379 553 3430 ὅτι
583 3377 639 3430 ἐκ
667 3385 760 3430 τοῦ
793 3373 1153 3449 δοθησομίνου
1184 3379 1421 3449 ποιμένος
1451 3377 1572 3449 ὑμῖν
1603 3378 1632 3437 ἦ
1667 3375 1751 3429 ἐπι
1779 3377 1956 3430 πλέον·

337 3475 416 3538 τῷ
452 3463 738 3540 συνδέσμῳ
765 3475 861 3528 τῆς
891 3465 1094 3538 ἀγάπης
1132 3465 1518 3539 ἑνωθησόμεθα,
1580 3467 1608 3525 ἦ
1659 3469 1791 3539 πρὸς
1832 3487 1934 3520 παν

337 3557 462 3616 τελῆ
500 3553 789 3610 διάστασιν
824 3578 837 3589 ·
871 3555 897 3607 ὃ
950 3561 1022 3629 μὴ
1072 3559 1293 3629 γένοιτο,
1353 3552 1492 3628 μηδὲ
1539 3557 1691 3607 ἔσται
1742 3563 1806 3628 τῇ
1864 3564 1956 3608 τοῦ

341 3654 484 3701 Θεοῦ
515 3648 729 3722 χάριτι,
785 3643 902 3698 οὐδ’
933 3644 992 3697 ἂν
1047 3645 1206 3707 αὐτὸς
1257 3648 1457 3718 εἰποιμι
1504 3651 1592 3696 νῦν
1643 3643 1956 3719 βλάσφημον

338 3733 524 3794 οὐδέν.
552 3743 718 3789 Τοῦτο
751 3731 810 3788 δὲ
855 3730 1049 3787 εἰδέναι
1079 3736 1215 3807 ὑμᾶς
1268 3732 1585 3806 βουλόμεθα,
1641 3735 1740 3803 ὅτι,
1784 3735 1827 3787 εἰ
1867 3740 1957 3788 καὶ

339 3830 474 3902 πρὸς
523 3830 618 3884 τὴν
674 3825 880 3900 εἰρήνην
913 3832 1012 3877 τῶν
1042 3823 1362 3883 Ἐκκλησιῶν
1424 3827 1779 3898 συντρέχοντα
1831 3827 1956 3898 ἡμῖν

336 3916 439 3969 οὐκ
470 3917 700 3988 ἔσχομεν
743 3914 858 3976 (48)
890 3916 976 3966 τὸν
1009 3915 1268 3990 μακάριον
1324 3909 1416 3965 διά
1465 3933 1625 3977 τινας.
1678 3916 1750 3976 ὡς
1801 3915 1956 3977 αὐτὸς

337 4007 470 4078 ἡμῖν
503 4001 886 4072 διεϐεϐαιοῦτο,
935 4003 1234 4076 προλήψεις,
1286 4001 1390 4054 ἀλλ’
1438 3999 1524 4054 οὖν
1579 4022 1640 4075 γε
1685 4012 1780 4066 τῆς
1827 4009 1958 4079 πρὸς

346 4096 503 4148 αὐτὸν
535 4091 843 4169 ὁμοδοξίας,
897 4099 988 4146 καὶ
1035 4102 1125 4146 τοῦ
1183 4091 1263 4146 ἀεὶ
1295 4096 1533 4144 κοινωνὸν
1596 4091 1957 4147 ἐπικαλεῖσθαι

346 4191 450 4237 τῶν
478 4189 608 4259 πρὸς
639 4188 759 4245 τοὺς
788 4185 1074 4258 αἱρετικοὺς
1101 4181 1332 4255 ἀγώνων,
1352 4184 1452 4234 ὑπὸ
1483 4184 1712 4258 μάρτυρι
1741 4191 1812 4254 τῷ
1843 4193 1955 4255 Θεῷ

341 4281 436 4330 καὶ
467 4275 759 4350 ἀνθρώποις
799 4283 905 4336 τοῖς
935 4277 1330 4348 πεπειραμένοις
1377 4274 1522 4346 ἡμῶν
1554 4270 1742 4326 οὐδένα
1774 4279 1954 4350 καιρὸν

341 4365 630 4438 ἀπελείφθη
637 4384 748 4438 μιν.

895 4466 1232 4515 ΕΠΙΣΤΟΛΠ
1276 4460 1401 4517 ΚΘ’.

2068 3199 2362 3256 habentes
2387 3215 2499 3255 vos
2528 3215 2660 3255 esse
2691 3202 2963 3254 nostram
2987 3197 3405 3268 gloriationem
3431 3197 3725 3269 quemad-

2069 3290 2320 3346 modum
2352 3294 2408 3346 et
2434 3306 2546 3346 nos
2573 3293 2768 3346 vestra
2795 3288 3022 3346 erimus
3047 3288 3106 3343 in
3150 3287 3386 3344 Domini
3415 3287 3511 3344 die
3537 3305 3550 3342 :
3587 3303 3726 3343 nos-

2067 3396 2186 3454 que
2207 3386 2386 3454 prout
2415 3385 2624 3452 pastor
2645 3379 2816 3436 vobis
2847 3379 3106 3446 dabitur,
3140 3378 3234 3434 vel
3279 3378 3499 3434 arctius
3528 3378 3726 3434 chari-

2068 3472 2202 3528 tatis
2261 3470 2504 3527 vinculo
2555 3469 2873 3526 vobiscum
2925 3484 3057 3525 esse
3106 3469 3590 3540 conjungendos,
3629 3466 3725 3522 vel

2063 3577 2314 3635 prorsus
2342 3558 2803 3630 disjungendos,
2833 3558 3000 3630 quod
3029 3557 3276 3631 quidem
3316 3556 3495 3626 absit,
3525 3571 3725 3628 neque

2067 3651 2168 3708 Dei
2199 3651 2390 3722 gratia
2415 3650 2535 3720 ﬁet,
2563 3664 2761 3721 neque
2794 3664 2940 3705 sane
2962 3648 3090 3720 ipse
3113 3663 3274 3704 nunc
3306 3645 3724 3703 contumeliosi

2064 3742 2406 3816 quidquam
2435 3740 2710 3796 dixerim.
2739 3742 2858 3795 Hoc
2881 3743 3084 3794 autem
3109 3739 3260 3794 scire
3281 3753 3390 3792 vos
3418 3736 3718 3802 volumus,

2065 3838 2122 3890 et
2141 3832 2188 3888 si
2213 3832 2459 3888 beatum
2481 3829 2651 3885 illum
2684 3828 2764 3884 ad
2793 3827 3191 3883 Ecclesiarum
3221 3842 3434 3898 pacem
3468 3841 3723 3880 concur-

2063 3927 2294 3979 rentem
2326 3935 2448 3976 non
2474 3918 2806 3974 habuimus
2839 3921 3083 3989 propter
3110 3915 3434 3989 quasdam,
3480 3920 3544 3971 ut
3592 3915 3722 3987 ipse

2063 4011 2241 4068 nobis
2266 4008 2610 4077 afﬁrmavit,
2639 4007 2994 4078 anticipatas
3012 4005 3366 4078 opiniones;
3393 4004 3498 4060 sed
3519 4008 3721 4062 tamen

2063 4101 2225 4158 idem
2257 4116 2397 4156 cum
2428 4099 2557 4172 ipso
2589 4097 2903 4168 sentiendi,
2935 4111 3198 4168 eumque
3255 4109 3494 4167 semper
3537 4098 3724 4150 certa-

2063 4190 2302 4248 minum
2323 4188 2617 4245 adversus
2648 4185 2958 4242 haereticos
2981 4184 3337 4257 participem
3360 4183 3722 4248 advocandi,

2063 4297 2195 4348 nos,
2229 4280 2348 4336 Deo
2378 4281 2526 4334 teste
2561 4281 2615 4332 et
2641 4274 2992 4332 hominibus
3023 4274 3126 4347 qui
3155 4273 3344 4329 nostri
3386 4271 3721 4346 periculum

2061 4369 2351 4436 fecerunt,
2388 4365 2618 4423 nullum
2650 4367 2887 4436 tempus
2919 4361 3336 4420 intermisisse.

2499 4456 2672 4527 109
2715 4455 3053 4511 EPISTOLA
3094 4453 3292 4510 xx1x*.

335 4590 606 4647 Basilius
636 4589 980 4657 Ancyranis
1008 4587 1312 4656 signiﬁcat
1341 4591 1652 4655 acceptum
1684 4601 1758 4642 ex
1782 4592 1971 4643 morte
2001 4601 2200 4642 eorum
2241 4582 2498 4652 episcopi
2526 4579 2856 4657 Athanasii
2878 4579 3166 4657 dolorem,
3191 4579 3616 4657 cujussummo
3648 4575 3720 4630 de

413 4661 682 4718 ecclesiis
739 4648 956 4716 nierita
1001 4648 1324 4730 pfcedicat.
1380 4648 1682 4713 Hortatur
1732 4663 1799 4712 ut
1848 4663 2121 4726 caveant,
2178 4648 2511 4713 ite—rursus
2558 4654 2622 4708 in
2679 4652 2966 4708 electione
3011 4649 3274 4718 episcopi
3329 4648 3720 4704 dissensiones

412 4737 782 4789 nascantur.

504 4864 581 4930 Τῇ
615 4854 902 4928 Ἐκκλησίᾳ
931 4855 1194 4928 Ἀγκύρας
1218 4855 1627 4928 παραμυθητική
1659 4853 1792 4925 (49).

412 4964 587 5019 Πολύν
640 4965 765 5038 ἡμῖν
823 4967 1016 5038 χρόνον
1078 4967 1282 5022 σιωπὴν
1338 4960 1632 5020 ἐνεποίησεν
1677 4963 1706 5020 ἡ
1769 4959 1952 5019 ἔκπλη-

411 5096 460 5130 ¹²
493 5090 758 5163 Philipp.
801 5105 882 5157 ιιι,
911 5091 965 5145 2.

410 5221 528 5288 (45)
561 5216 675 5269 Ἐπ’
703 5215 864 5287 ἄλλῳ.
900 5213 991 5271 Sic
1019 5217 1154 5269 octo
1197 5212 1437 5269 codices
1479 5227 1631 5266 mss.
1669 5209 1818 5266 Editi
1873 5209 1954 5262 ἐπ’

551 5361 770 5434 Ἀρμοῦς
808 5359 902 5434 Sic
923 5373 1026 5412 sex
1055 5372 1201 5434 mss.
1234 5353 1588 5434 Editiéppou.
1612 5353 1798 5434 Paulo
1819 5356 1956 5434 post

338 5424 521 5492 editio
568 5424 938 5492 Parisiensis
983 5429 1104 5502 παρ’
1161 5429 1322 5502 υμῶν.
1369 5424 1512 5482 Aliae
1559 5424 1850 5481 editiones
1899 5428 1956 5479 ct

343 5525 488 5564 mss.
520 5505 771 5578 codices
790 5507 1024 5571 septem
1053 5499 1176 5578 παρξ
1216 5500 1386 5578 ἡμων.
1507 5571 1516 5578 ⁸
1607 5567 1640 5578 η
1787 5567 1824 5578 υ

414 5581 527 5649 (4-7)
553 5567 935 5649 Συμπάθειατ...
953 5567 1229 5649 κοινωνία·
1423 5567 1646 5624 vetusti
1693 5567 1953 5649 codices,

349 5638 553 5709 melius
584 5638 785 5724 qiuam
806 5646 872 5702 in
898 5642 1071 5700 editis
1105 5643 1481 5716 συμπαθείᾳ...
1517 5644 1784 5713 κοινωνίᾳ.
1841 5638 1957 5696 Sed

2371 4847 2660 4906 Ecclesiae
2684 4847 2948 4916 Ancyra:
2977 4844 3404 4902 consolatoria.

2134 4959 2492 5016 Diuturnum
2532 4953 2708 5010 nobis
2739 4951 3043 5009 silentium
3071 4950 3361 5025 imposuit
3388 4951 3577 5009 animi
3602 4955 3721 5009 stu-

2106 5207 2331 5267 ostulat
2362 5219 2578 5261 sensus
2607 5209 2671 5277 uit
2715 5203 3399 5277 ΙΘεᾶῐιιΓΑσυμπάθειαν...
3450 5207 3719 5277 κοινωνίαν

2106 5227 2331 5267 οεῑωειι
2362 5227 2578 5261 sensus
2608 5227 2671 5261 ιιι
2716 5227 2950 5274 legatur
3001 5227 3399 5277 συμπαυειαν...
3450 5227 3715 5256 κοινωνιαν

2061 5227 2252 5338 Editio
2278 5276 2690 5346 Haganoensis
2714 5275 3010 5332 consentit
3040 5291 3179 5331 cum
3207 5292 3354 5331 mss.
3385 5273 3715 5346 codicibus.

2085 5353 2248 5443 ~(48)
2311 5343 2421 5403 Ούκ
2477 5352 2724 5421 ἔσχομεν.
2789 5352 2869 5404 Ita
2914 5363 3064 5406 mss.
3115 5352 3364 5419 septem.
3425 5344 3576 5400 Editi
3624 5343 3718 5396 οὐκ

2064 5443 2727 5566 αῆῗξῗλῖαραμυθητική.
2754 5493 2886 5547 Haec
2914 5505 3035 5546 vox
3061 5488 3271 5566 addita
3307 5501 3523 5566 ex_sex
3552 5501 3706 5543 mss.

2132 5557 2154 5590 δ
2192 5557 2586 5636 A'lias'LXVII,
2619 5564 2839 5637 scripta
2869 5577 3030 5619 anno
3062 5562 3165 5618 368
3191 5557 3464 5614 exeunte.
