4114 6406
373 281 471 334 311
1763 269 1822 327 S.
1863 265 1998 323 BAS

2154 265 2347 322 MAGN
2355 262 2376 318 Ι
3649 265 3753 324 312

372 417 486 476 por
507 416 580 456 ex
605 397 968 471 gravissimo
981 397 1164 455 tristis
1185 401 1436 454 eventus
1452 396 1689 454 nuntio.
1708 397 1997 466 Postquam

2151 388 2230 452 ξις
2265 396 2362 450 τῆς
2410 387 2718 464 βαρυτάτης
2774 381 3021 456 ἀγγελίας
3074 389 3167 436 τοῦ
3227 382 3522 457 συμϐάντος
3563 397 3747 446 κακοῦ,

378 471 520 547 vero
549 488 866 561 paululum
899 487 1168 561 quodam
1194 487 1381 543 modo
1406 503 1478 542 ex
1500 483 1901 542 taciturnitate
1921 497 2002 537 no

2158 483 2284 533 Επεὶ
2332 475 2391 532 δε
2441 481 2628 552 μικρόν
2675 495 2785 536 πως
2837 480 2930 534 τῆς
2989 471 3219 546 ἀφασίας
3269 471 3642 548 ἀνηνέγκαμεν,
3692 477 3753 538 ἣν

375 560 825 648 recollegimus,
857 560 1048 650 quam
1077 577 1240 633 velut
1269 577 1331 645 ii,
1362 592 1622 648 quorum
1649 589 1828 631 aures
1853 572 2000 628 vehe

2149 570 2214 630 ὡς
2245 569 2431 639 οἱ(50)
2460 566 2653 640 βροντῆ
2705 563 2902 638 μεγάλη
2961 564 3056 624 τὰς
3108 560 3270 624 ἀκοὰς
3320 563 3753 637 καταπλαγέντες,

378 671 568 727 menti
592 671 818 726 tonitru
847 668 1138 742 perculsae
1166 673 1327 739 sunt,
1350 668 1514 742 passi
1544 683 1757 723 sumus
1781 683 1794 732 ;
1837 678 2003 719 neces

2148 659 2472 730 πεπόνθαμεν
2502 678 2513 690 -
2548 654 2842 727 ἀναγκαίως
2897 659 2986 703 νῦν
3037 650 3442 725 έπεστενάξαμεν
3488 661 3561 724 τῷ
3617 675 3756 729 σνμ-

389 761 552 817 sario
583 775 748 816 nunc
775 759 847 815 de
875 775 945 815 eo
975 759 1137 831 quod
1169 756 1931 827 accidit,ingemuimus,et
1955 751 2014 808 in

2149 745 2320 816 ϐάντι,
2367 751 2460 798 καὶ
2505 744 2699 819 μεταξὺ
2768 738 3077 815 ὀδυρόμενοι
3131 745 3223 800 τὴν
3281 740 3559 802 επιστολὴν
3634 745 3757 818 ὑμῖν

385 855 473 905 ter
501 849 698 905 luctus
737 847 1056 921 epistolam
1108 848 1268 904 hanc
1298 847 1377 903 ad
1429 863 1540 904 vos
1579 845 1882 909 misimus,
1914 857 2010 898 n01

2150 835 2505 910 ἐξεπέμψαμεν
2534 857 2546 869 ·
2625 834 2684 888 οὐ
2711 831 3101 907 ’παρακλήσεως
3169 831 3350 898 ἕνεκεν,
3391 837 3489 896 (τίς
3549 835 3653 908 γὰρ
3696 834 3759 888 ἂν

387 937 750 995 consolandi
781 937 992 1007 gratia,
1035 936 1195 1009 (quis
1230 936 1390 993 enim
1443 952 1643 994 sermo
1699 932 2010 990 inveniatu

2150 932 2241 979 καὶ
2311 925 2461 998 λόγος
2523 926 2751 1000 εὑρεθείη
2834 925 3099 984 τοσαύτης
3179 927 3448 998 συμφορᾶς
3512 922 3686 998 ἰατρός
3720 926 3763 996 ;)

387 1033 571 1086 tantm
627 1027 900 1084 medicus
939 1026 1375 1097 calamitatis?)
1436 1025 1546 1082 sed
1602 1024 1804 1082 cordis
1851 1026 2012 1079 nostr

2153 1014 2281 1068 ἀλλά
2318 1019 2410 1074 τὴν
2439 1011 2632 1074 ὀδύνην
2662 1022 2754 1076 τῆς
2782 1009 3010 1086 καρδίας
3051 1013 3218 1084 ἡμῶν,
3260 1011 3378 1064 καθ’
3418 1013 3540 1065 ὅσον
3601 1010 3766 1066 δυνα-

389 1117 684 1183 dolorem,
697 1122 992 1190 quantum
1024 1116 1354 1190 possimus,
1371 1116 1544 1173 vobis
1564 1116 1679 1172 hac
1694 1129 1838 1170 voce
1856 1111 2012 1182 signi

2154 1109 2262 1171 τόν,
2296 1103 2464 1166 ἐκτῆς
2507 1113 2700 1178 φωνῆς,
2730 1105 2923 1164 ταύτης
2970 1103 3092 1174 ὑμῖν
3151 1097 3606 1174 διασημαίνοντες.
3652 1110 3765 1157 Νῦν

391 1208 664 1263 ﬁcantes.
691 1187 854 1278 opus
883 1187 1046 1262 nunc
1067 1205 1215 1262 mihi
1237 1211 1441 1262 essent
1459 1204 1735 1262 Jeremiaa
1756 1203 2016 1260 lamenta

2157 1191 2380 1268 ἐδεόμην
2418 1203 2517 1246 τῶν
2566 1194 2812 1267 Ἰερεμίου
2862 1194 3082 1266 θρήνων,
3132 1196 3222 1243 καὶ
3277 1191 3320 1244 εἰ
3361 1187 3428 1251 δή
3475 1211 3552 1254 τις
3607 1192 3767 1256 ἄλλος

393 1297 606 1363 tiones,
633 1295 757 1351 etsi
795 1295 934 1368 quis
975 1311 1123 1351 sane
1163 1294 1317 1352 alius
1352 1311 1422 1352 ex
1461 1294 1656 1350 beatis
1694 1291 2010 1349 hominibu

2156 1291 2256 1336 τῶν
2310 1282 2580 1358 μακαρίων
2617 1278 2820 1357 ἀνδρῶν
2877 1286 3148 1354 συμφορᾶς
3205 1282 3424 1353 μέγεθος
3463 1280 3769 1356 (51)έμπα-

396 1385 804 1443 calamitatem
831 1383 1168 1440 maximam
1197 1383 1384 1440 modo
1420 1381 1878 1440 commovendis
1924 1380 2021 1437 ani

2161 1374 2257 1434 θῶς
2316 1369 2654 1446 ἀπωδύρατο.
2713 1375 2984 1424 Πέπτωκεν
3052 1368 3206 1442 ἀνὴρ,
3281 1369 3466 1433 στῦλος
3507 1379 3581 1442 τῷ
3654 1375 3770 1424 ὄντι

399 1474 512 1531 mis
539 1473 763 1530 idoneo
791 1472 1160 1529 lamentatus
1188 1477 1297 1528 est.
1347 1471 1571 1528 Cecidit
1598 1473 1712 1535 vir,
1754 1486 1896 1526 vere
1953 1485 2024 1526 co

2159 1467 2250 1515 καὶ
2319 1458 2593 1538 ἑδραίωμα
2645 1468 2743 1522 τῆς
2800 1458 3110 1521 Ἐκκλησιας
3146 1475 3160 1488 ·
3219 1458 3410 1532 μᾶλλον
3479 1456 3540 1513 δι
3615 1460 3771 1522 αὐτὸς

396 1564 614 1621 lumna
642 1569 700 1621 et
727 1562 1182 1620 ﬁrmamentum
1215 1562 1512 1631 Ecclesiae,
1544 1561 1634 1618 vel
1672 1562 1872 1635 potius
1918 1562 2021 1634 ipsi

2160 1554 2251 1624 μεν
2282 1551 2398 1624 (52)
2435 1554 2562 1626 πρὸς
2599 1554 2694 1609 τὴν
2735 1553 3017 1635 Δμακαρίαν
3063 1548 3204 1610 ζωὴν
3254 1547 3430 1624 ἀρθεὶς
3479 1547 3564 1621 ἀφ’
3617 1551 3771 1622 ἡμῶν

399 1654 652 1726 quidem
682 1652 761 1709 ad
791 1652 1038 1709 beatam
1067 1652 1256 1708 vitam
1287 1651 1563 1708 sublatus
1589 1667 1625 1709 a
1653 1633 1829 1708 nobis
1859 1633 2005 1708 abiit

2162 1642 2373 1711 οἴχεται
2398 1656 2411 1669 °
2446 1635 2690 1699 κίνδυνος
2720 1633 2780 1690 δὲ
2809 1637 2868 1689 οὐ
2899 1639 3107 1710 μικρός,
3168 1640 3240 1709 μὴ
3291 1635 3472 1690 πολλοὶ
3523 1644 3596 1708 τῷ
3640 1636 3774 1712 έρεί-

401 1759 526 1800 non
560 1742 691 1799 leve
721 1747 925 1798 autem
955 1742 1292 1815 periculum
1315 1747 1520 1808 est,ne
1543 1741 1714 1798 multi
1745 1741 2026 1798 subtractc

2167 1748 2331 1802 σματι
2384 1731 2551 1799 τούτῳ
2595 1726 2979 1802 ὑπεξαιρεθέντι
3026 1729 3491 1797 συγκαταπέσωσι,
3557 1731 3648 1779 καὶ
3704 1728 3777 1780 τὰ

401 1833 518 1890 hoc
545 1814 966 1888 fundamento?
993 1837 1299 1901 corruant,
1358 1837 1416 1889 et
1466 1848 1602 1904 qua;
1647 1831 1707 1886 in
1747 1830 2020 1887 nonnulli

2167 1819 2340 1891 σαθρά
2367 1837 2518 1870 τινων
2545 1819 2736 1891 φανερὰ
2786 1819 3024 1888 γένηται.
3059 1814 3365 1869 Κέκλεισται
3423 1819 3592 1888 στόμα
3638 1815 3778 1891 παῤ-

401 1922 650 1996 putrida
675 1926 836 1988 sunt,
869 1921 1191 1978 manifesta
1228 1922 1405 1979 ﬁant.
1454 1902 1737 1978 Clausum
1768 1927 1857 1978 est
1885 1938 1976 1991 os,
2000 1938 2026 1977 e

2164 1908 2358 1982 ῥησίας
2387 1926 2440 1959 τε
2488 1902 2698 1967 δικαίας
2723 1906 2836 1978 (53)
2872 1909 2966 1957 καὶ
3016 1903 3204 1978 λόγους
3247 1907 3472 1980 χάριτος
3516 1903 3595 1958 ἐπ’
3633 1904 3782 1958 οἰκο-

397 1992 569 2085 iusta
597 2011 839 2067 dicendi
857 2010 1160 2082 libertate,
1201 2016 1257 2069 et
1300 2011 1508 2084 gratiae
1551 2011 1753 2068 verbis
1807 2011 1886 2068 ad
1935 2011 2022 2067 fra

2169 1993 2306 2070 δομῇ
2367 2003 2462 2057 τῆς
2522 1997 2682 2057 ὅντως
2759 1993 2810 2046 έν
2915 2001 3030 2065 Θεῷ
3114 1995 3230 2065 (55)
3313 1997 3639 2066 κινουμένης.
3706 1992 3782 2047 *Ω

403 2081 562 2158 trum
583 2100 1039 2156 aediﬁcationem
1063 2081 1327 2159 scatens:
1355 2101 1643 2157 Abierunt
1670 2100 1886 2157 mentis
1925 2115 2028 2156 con

2169 2087 2398 2147 ποσάκις
2461 2105 2552 2159 μοι
2619 2086 2999 2157 (κατηγορήσω
3069 2085 3170 2158 γὰρ
3239 2082 3493 2154 ἐμαυτοῦ)
3557 2081 3782 2142 iusta”

403 2190 557 2255 silia,
588 2190 693 2263 qui
722 2205 859 2246 vere
907 2190 967 2246 in
1000 2193 1118 2246 Deo
1166 2189 1688 2247 commovebatur.
1737 2192 1780 2247 Ο
1825 2190 2028 2263 quotie

2171 2175 2536 2248 ἀγανακτῆσαι
2591 2175 2728 2226 κατά
2754 2179 2847 2226 τοῦ
2894 2169 3086 2248 ἀνδρὸς
3118 2193 3132 2206 ·
3191 2173 3292 2240 ὅτι,
3344 2171 3470 2236 ὅλως
3507 2176 3783 2245 γενόμενος

403 2280 553 2336 mihi
583 2260 912 2352 (accusabo
943 2279 1105 2335 enim
1145 2295 1241 2335 me
1273 2279 1427 2351 ipse)
1454 2279 1755 2350 indignari
1789 2260 1971 2335 subiit
1999 2278 2028 2335 ί]

2171 2275 2268 2328 τῆς
2316 2264 2594 2338 ἐπιθυμίας
2621 2271 2714 2318 τοῦ
2772 2262 3030 2316 ἀναλῦσαι
3072 2267 3163 2316 καὶ
3199 2265 3294 2315 σύν
3352 2270 3570 2338 Χριστῷ
3620 2260 3773 2336 εἶναι,

403 2348 623 2434 virum,
651 2367 822 2441 quod
848 2373 1008 2426 totus
1034 2369 1094 2425 in
1125 2385 1196 2425 eo
1242 2348 1544 2425 desiderio
1590 2348 1658 2426 ut
1706 2368 2028 2426 discederet

2172 2359 2230 2408 τὸ
2286 2354 2542 2428 ἐπιμεῖναι
2581 2353 2631 2408 έν
2686 2361 2747 2427 τῇ
2809 2356 2968 2428 σαρκὶ
3015 2351 3075 2404 οὐ
3132 2357 3450 2426 προετίμησε
3497 2348 3573 2405 δι’
3615 2354 3773 2424 ἡμᾶς.

406 2464 687 2531 essetque
714 2475 854 2514 cum
877 2457 1128 2527 Christo,
1153 2474 1512 2530 permanere
1529 2459 1589 2515 in
1612 2475 1792 2515 carne
1819 2463 2031 2532 propte

2175 2449 2313 2519 Πρός
2353 2449 2470 2498 τίνα
2495 2443 2674 2497 λοιπὸν
2705 2445 2800 2506 τὰς
2842 2438 3120 2516 φροντίδας
3159 2450 3260 2495 τῶν
3293 2441 3615 2500 Ἐκκλησιῶν
3655 2442 3779 2512 (55)

406 2565 520 2606 nos
550 2565 676 2605 non
706 2548 1032 2620 praetulerit
1063 2550 1129 2602 ¹³.
1165 2549 1419 2606 Cuinam
1448 2549 1736 2621 deinceps
1778 2531 2031 2606 Ecclesia

2175 2535 2518 2610 ῦπερθώμεθα
2547 2551 2561 2601 ;
2593 2538 2712 2586 τίνα
2761 2535 3002 2586 κοινωνόν
3056 2540 3156 2585 τῶν
3200 2531 3444 2608 λυπηρῶν
3495 2531 3781 2605 λάϐωμενς

407 2655 544 2700 rum
575 2655 786 2695 curam
813 2637 1155 2695 deferemus
1179 2640 1207 2696 ?
1244 2655 1430 2712 quem
1472 2639 1882 2710 adjungemus
1938 2655 2032 2695 mo

2175 2629 2294 2677 τίνα
2321 2627 2572 2700 μεριστὴν
2606 2631 2701 2686 τῆς
2760 2621 3077 2696 εὐφροσύνης
3125 2622 3276 2692 (56);
3333 2620 3402 2674 Ὢ.
3448 2629 3545 2684 τῆς
3601 2617 3788 2682 δεινῆς

405 2730 717 2786 lestiarum
749 2728 982 2784 socium
1015 2728 1042 2783 ?
1081 2710 1280 2801 quem:
1303 2729 1520 2786 lzetitize
1569 2729 1922 2802 participem
1947 2730 1976 2786 ?
2021 2736 2030 2780 4

2178 2719 2337 2776 ὅντως
2364 2718 2454 2766 καὶ
2477 2715 2791 2787 σκυθρωπῆς
2834 2711 3089 2788 ἐρημίαςι
3148 2719 3263 2773 Πῶς
3300 2710 3527 2786 ἀκριϐῶς
3579 2712 3791 2784 ὡμοιώ-

409 2835 652 2890 gravem
692 2818 1042 2891 tristemque
1081 2799 1498 2874 solitudinem!
1534 2799 1855 2885 Quomodo
1889 2818 2029 2892 plan

2181 2805 2339 2876 θημεν
2405 2802 2644 2856 πελεκᾶνι
2709 2800 2941 2877 έρημικῷ
2981 2819 2995 2870 ;
3041 2799 3196 2854 Ἀλλὰ
3247 2804 3352 2874 μην
3402 2801 3469 2853 τά
3531 2818 3592 2872 γε
3650 2818 3790 2852 συν-

409 2888 632 2965 similes
657 2907 796 2964 facti
828 2888 1041 2965 sumus
1070 2908 1335 2964 solitario
1367 2908 1666 2982 pellicano
1699 2912 1744 2945 “
1772 2911 1800 2966 ?
1831 2888 1949 2967 Sed
1978 2911 2034 2966 ta

2179 2895 2403 2966 αφθέντα
2431 2891 2556 2966 μέλη
2599 2900 2692 2954 τῆς
2725 2890 3053 2959 Ἐκκλησίας,
3088 2891 3194 2944 οἷον
3236 2889 3338 2942 ὑπό
3391 2888 3580 2962 ψυχῆς
3625 2907 3792 2958 τινος,

409 3013 550 3054 men
578 2998 790 3068 juncta
819 2997 973 3053 inter
1003 3013 1067 3054 se
1099 2979 1384 3054 Ecclesiae
1429 2998 1730 3068 membra,
1779 2997 1942 3054 velut
1988 2999 2034 3054 al

2177 2991 2270 3043 τῆς
2322 2981 2513 3034 ἐκείνου
2574 2983 2927 3054 προστασίας,
2991 2979 3063 3042 εἰς
3123 2983 3247 3052 μίαν
3304 2979 3635 3052 συμπάθειαν
3690 2983 3795 3032 καὶ

410 3087 618 3144 anima
647 3086 940 3158 quadam,
975 3085 1054 3142 ab
1085 3086 1278 3158 ipsius
1298 3086 1592 3156 regimine
1618 3089 1681 3143 in
1713 3103 1899 3144 unam
1930 3102 2035 3143 con

2179 3070 2368 3144 ἀκριϐῆ
2429 3075 2698 3122 κοινωνίαν
2776 3070 3223 3145 συναρμοσθέντα,
3290 3072 3381 3120 καὶ
3456 3066 3795 3140 φυλάσσεται

413 3157 756 3233 sensionem
775 3181 830 3232 et
843 3157 1193 3232 accuratam
1208 3177 1705 3232 communionem
1727 3181 2038 3248 compacta

2182 3158 2279 3216 διὰ
2306 3168 2396 3214 τοῦ
2431 3157 2730 3233 συνδέσμου
2760 3167 2856 3222 τῆς
2888 3159 3096 3236 εἰρήνης
3126 3161 3253 3232 πρὸς
3293 3161 3389 3218 τήν
3427 3161 3795 3231 πνέυματικὴν

413 3270 471 3322 et
508 3270 823 3322 servantur
877 3270 1225 3321 constanter
1267 3281 1375 3337 per
1412 3266 1581 3337 pacis
1624 3247 1932 3322 vinculum
1991 3281 2038 3322 εις

2181 3251 2501 3326 ἀρμολογίαν
2556 3254 2780 3322 παγίως,
2811 3253 2902 3303 καί
2941 3249 3345 3323 φυλαχθήσεται
3389 3248 3464 3310 εἰς
3489 3247 3588 3316 ἀεὶ,
3630 3255 3796 3302 τοῦτο

415 3354 790 3427 spiritualem
853 3336 1470 3425 coagmentationem,
1538 3360 1595 3412 et
1669 3355 2040 3412 servabuntu

2179 3348 2272 3394 τοῦ
2327 3348 2461 3395 Θεοῦ
2512 3340 2894 3414 χαριζομένου,
2935 3336 3126 3414 έδραία
3173 3343 3340 3412 μένειν
3388 3343 3480 3392 καὶ
3539 3337 3798 3410 ἀμετακι-

416 3459 675 3516 semper,
706 3444 824 3500 Deo
845 3445 905 3500 id
930 3444 1237 3515 largiente,
1269 3450 1333 3501 ut
1354 3444 1533 3501 ﬁrma
1563 3461 1634 3502 ac
1658 3445 1912 3502 immota
1943 3462 2041 3503 ma

2179 3451 2314 3490 νητα
2341 3440 2436 3493 τῆς
2467 3434 2732 3506 μακαρίας
2783 3427 2976 3491 ἐκείνης
3003 3427 3192 3501 ψυχῆς
3217 3429 3284 3481 τὰ
3329 3429 3477 3502 ἔργα,
3536 3430 3639 3480 ὅσα
3701 3427 3788 3479 ἒν-

412 3513 598 3589 neant
620 3533 812 3588 beatae
838 3532 990 3589 illius
1015 3513 1232 3589 animae
1254 3549 1855 3607 opera,quaecunque
1883 3534 2037 3592 Eccle

2182 3519 2381 3579 ἠθλησε
2431 3526 2546 3580 ταὶς
2612 3517 2948 3579 Ἐκκλησίαις
3018 3524 3109 3569 τοῦ
3160 3523 3313 3570 Θεοῦο
3388 3515 3530 3574 Πλὴν
3598 3513 3704 3567 ἀλλ’
3765 3515 3797 3568 ὅ

418 3621 520 3678 siis
550 3622 649 3677 Dei
673 3622 1018 3679 exantlavit.
1049 3625 1264 3678 Verum
1304 3629 1607 3680 certamen
1638 3640 1762 3680 non
1814 3641 2043 3697 parvun

2183 3608 2323 3682 ἀγὼν
2349 3611 2460 3680 (57)
2490 3608 2548 3661 οὐ
2600 3612 2808 3684 μικρὸς,
2857 3613 2928 3680 μή
2963 3625 3096 3670 τινες
3141 3606 3295 3660 πάλιν
3351 3602 3518 3681 ἔριδες
3562 3610 3654 3658 καὶ
3705 3602 3800 3658 δι-

417 3712 733 3778 incumbit,
764 3729 840 3769 ne
860 3729 1073 3768 rursus
1101 3712 1233 3770 lites
1259 3729 1330 3770 ac
1351 3713 1663 3770 discordiae
1693 3715 1753 3770 in
1800 3714 2042 3787 praesuli

2183 3702 2502 3772 χοστασίαι,
2540 3697 2626 3750 ἐπὶ
2677 3702 2772 3757 τὴν
2816 3697 3032 3770 ἐκλογὴν
3077 3703 3170 3750 τοῦ
3209 3702 3626 3769 προστατοῦντος
3656 3697 3795 3748 ἀνα-

419 3803 706 3860 electione
758 3807 1097 3872 nascentes,
1149 3820 1397 3861 omnem
1446 3805 1626 3862 simul
1677 3806 1950 3864 laborem
2002 3822 2044 3863 e:

2187 3797 2419 3863 φυείσαι,
2446 3790 2617 3842 πάντα
2645 3789 2776 3861 ὁμοῦ
2797 3791 2883 3842 τὸν
2914 3791 3072 3842 κόπον
3102 3785 3158 3840 ἔκ
3195 3795 3291 3850 τῆς
3311 3788 3591 3860 τυχούσης
3611 3781 3795 3860 ἔριδος

419 3893 690 3966 qualibet
717 3893 1098 3951 dissensione
1127 3893 1501 3953 subvertant.

940 3895 1098 3951 sione
1127 3893 1501 3953 subvertant.
2186 3877 2565 3954 ἀνατρέψωσιν.

499 4071 545 4106 ¹³
574 4069 830 4144 Philipp.
851 4085 893 4141 1,
925 4074 1019 4129 23.
1107 4073 1152 4107 ¹⁸
1183 4071 1336 4130 Psal.
1365 4088 1434 4144 cr,
1467 4077 1520 4129 7.

499 4251 608 4325 (ξος
636 4247 723 4325 Ὠς
748 4248 816 4325 οξ.
853 4248 944 4305 Sic
974 4264 1186 4325 omnes
1217 4250 1450 4325 antiqui
1471 4250 1727 4308 codices.
1758 4251 1907 4309 Editi
1928 4255 2076 4314 ὡσεί.

1487 4250 1727 4308 :odices.
1758 4251 1907 4309 Editi
1928 4255 2076 4314 ὡσεί.
2191 4253 2506 4311 Medicteus
2537 4251 2678 4308 cod.
2719 4249 2799 4304 ἐπ’
2827 4248 3112 4325 οἰκοδομῇ.

428 4321 668 4398 Ibidem
687 4320 1019 4398 ἐκπλαγέντες
1061 4321 1122 4376 in
1153 4320 1524 4398 tribus—mss.
1573 4331 1693 4398 N9v_
1712 4325 1894 4396 paulo
1943 4342 2053 4398 pos

2256 4326 2379 4398 7(54)
2408 4325 2489 4398 ’Ἐν
2522 4325 2638 4398 θεῷ..
2669 4320 3234 4398 peest_praepositio_
3263 4322 3320 4398 in
3351 4321 3594 4398 duobus
3618 4327 3798 4380 vetu-

429 4393 600 4467 deest
655 4392 714 4447 in
775 4393 982 4467 tribus,
1024 4409 1134 4467 nec
1169 4395 1520 4467 necessaria
1569 4401 1655 4451 est
1682 4392 1810 4450 haec
1838 4392 2078 4454 voc‘ula.
2194 4392 2468 4453 stissimis
2499 4392 2809 4451 codicibus
2831 4392 3014 4450 Cois]:
3036 4401 3093 4451 et
3112 4395 3260 4467 Med.
3287 4397 3415 4450 Non
3443 4395 3632 4450 multo
3657 4401 3800 4467 post

429 4464 608 4541 Paulo
637 4469 772 4541 post
793 4465 1041 4541 Basilius
1073 4465 1132 4519 in
1169 4464 1262 4518 his
1306 4465 1550 4541 verbis,
1586 4472 1678 4528 Τίς
1717 4470 1816 4540 γὰρ
1877 4467 1936 4519 ἂν
1963 4490 2054 4541 ,κα

2195 4468 2508 4541 Medacaaus
2544 4476 2634 4541 τῇς
2664 4467 2940 4541 ἐπιθυμίας
2980 4475 3070 4519 τοῦ
3117 4465 3489 4541 ἀναχωρῆσαι,
3547 4464 3678 4539 quo
3719 4483 3797 4541 ex_

428 4535 649 4608 λόγος..ζ
677 4536 870 4607 ἰατρός,
905 4535 1136 4613 videtur
1161 4537 1454 4613 respicere
1478 4538 1554 4613 ad
1583 4535 1834 4613 versum,
1851 4540 2082 4613 antiqui
2191 4539 2376 4596 verbo
2444 4535 2836 4596 conﬁrmatur
2892 4535 3312 4613 interpretatio
3362 4535 3801 4612 quam—secuti

428 4607 642 4680 pOetze,
675 4624 857 4680 quem
890 4607 1030 4664 citat
1059 4607 1403 4680 Plutarchus
1428 4609 1596 4664 initio
1627 4610 1760 4665 libri
1812 4612 1898 4666 De
1940 4607 2080 4668 co'n-
2193 4629 2424 4668 sumus.

429 4679 952 4756 solalz'oné,A‘,buxﬁ;
980 4684 1238 4756 νοσοςξσης
1268 4679 1399 4732 εἰσὶν
1443 4680 1610 4756 ἰατροὶ
1649 4680 1816 4753 λόγοι,
1843 4685 2054 4741 Anima

2264 4684 2376 4755 (55)
2404 4689 2519 4756 Τῶν
2552 4680 2892 4756 Ἐκκλησιῶν.
2929 4683 3056 4737 Duo
3084 4679 3322 4738 codices
3351 4680 3515 4753 Regii
3533 4685 3590 4738 et
3613 4680 3791 4738 Coisl.

430 4753 776 4821 aegrotantis
805 4757 946 4806 sunt
976 4753 1193 4808 medici
1215 4753 1534 4808 sermones;

1494 4753 1534 4806 ςξ
2193 4753 2496 4811 secundus
2516 4762 2615 4806 τῶν
2647 4753 3119 4810 ἐκκλησιαστικῶν.

503 4823 616 4890 (51)
637 4830 912 4900 ξυμφορᾶς
931 4826 1162 4900 μέγεθος.
1189 4824 1512 4900 Vaticanus
1529 4824 1717 4900 codex
1741 4841 1876 4880 cum
1898 4827 2081 4889 Regio

2264 4830 2376 4900 (56)
2410 4826 2764 4900 Εὐφρο-σύνηςς
2792 4825 2890 4900 Δεἰς
2930 4829 3181 4900 uterque
3234 4826 3376 4895 Reg.
3427 4829 3485 4880 et
3541 4828 3795 4897 uterque

503 4847 616 4890 (υτ)
641 4847 912 4896 Δυμφορας
931 4847 1162 4894 μεγευος.
1198 4847 1512 4880 vuucauus
1529 4847 1717 4880 CUUCX
1741 4847 1876 4880 cum
1901 4847 2056 4889 uegit

431 4893 703 4971 secundo
729 4893 980 4971 et_Coisl.
1016 4895 1283 4971 secundo
1334 4899 1608 4971 συμφορὰ-ς
1649 4902 1924 4968 μεγίστας.
1958 4900 2056 4954 Sta

1604 4847 1717 4880 ρει
1741 4847 1876 4880 cum
1901 4847 2081 4889 nemo
2264 4847 2376 4898 (υο)
2411 4847 2478 4878 nu
2519 4847 2764 4900 ροσυνης.
2799 4847 2890 4879 mc
2932 4847 3181 4896 uterque

1604 4919 1608 4971 ᾖ
1649 4902 1924 4968 μεγίστας.
1958 4900 2080 4954 Sta-
2194 4899 2369 4971 Coisl.
2402 4847 2548 4971 Maia
2575 4896 2836 4971 i_n_editis
2864 4899 3229 4971 σωφροσῦνης.

430 4966 536 5020 tim
578 4965 636 5018 in
670 4964 910 5040 duobus
942 4981 1085 5040 mss.
1117 4963 1519 5040 ἐδραίωμαλῖῆξ
1565 4963 1828 5033 ἀληθείας,
1876 4971 2055 5039 ﬁrma

2264 4970 2381 5040 (57)
2414 4966 2806 5040 Ἀλλ’ῥάγὼν.
2857 4963 3265 5040 Sic"quinque
3323 4966 3582 5023 codices.
3643 4965 3796 5022 Editi

429 5037 1025 5113 ηιεξηζιιηιυςεηήιᾳιίξἱ
1146 5037 1185 5113 _’
1878 5037 1882 5039 ⁷

2194 5040 2345 5103 ἄλλος
2363 5037 2521 5113 ἀγών.
2550 5037 2775 5113 Ibidem
2797 5041 2956 5113 πάγιν
2977 5037 3248 5113 additum
3272 5054 3341 5113 ex
3364 5045 3626 5113 quatuor
3645 5055 3791 5113 mss.

501 5109 615 5184 (52)
645 5107 809 5169 Αὐτὸς
837 5111 947 5178 μέν.
981 5107 1202 5163 Vocula
1232 5108 1438 5166 addita
1464 5126 1532 5167 ex
1583 5113 1728 5168 Med.
1786 5117 1843 5168 et
1890 5113 2072 5170 Coisl.
2196 5107 2430 5180 Legitur
2456 5111 2639 5184 paulo
2667 5115 2813 5184 post
2852 5107 2911 5165 in
2947 5111 3252 5184 Vaticano,
3286 5107 3468 5180 Regio
3522 5109 3794 5166 secundo

427 5181 646 5253 primo.
743 5249 788 5255 __
884 5253 888 5255 Α
1074 5247 1092 5255 _
1565 5253 1575 5255 _

2193 5190 2248 5238 et
2276 5181 2752 5240 Coislfsecundo
2790 5183 2876 5235 ἐπὶ
2902 5186 2994 5240 τὴν
3025 5182 3238 5253 ἐκλογὴν
3282 5190 3374 5234 τοῦ
3419 5184 3789 5255 μεταστάντος,

501 5256 616 5318 (53)
649 5249 952 5325 Πναρῥησίας
978 5269 1039 5325 τεΔ
1061 5247 1293 5318 δικαίας,
1326 5256 1434 5308 etc.
1466 5256 1528 5308 In
1564 5253 1656 5309 his
1683 5260 1738 5311 et
1781 5257 2078 5325 sequenti-

2195 5257 2328 5311 liles
2350 5261 2404 5311 et
2435 5255 2749 5310 discordia:
2769 5269 2905 5325 qua:
2932 5258 2990 5309 in
3017 5247 3294 5324 defuncti
3321 5247 3607 5310 electione
3626 5269 3795 5325 exor-

426 5323 542 5379 bus
572 5321 824 5379 vocibus
855 5321 1041 5378 secuti
1073 5338 1282 5378 sumus
1317 5325 1584 5396 quinque
1616 5332 1846 5382 veteres
1869 5321 2078 5394 libros,
2191 5333 2270 5384 ια’
2301 5329 2576 5393 fuerant.
2623 5325 2735 5382 Sed
2777 5321 3002 5382 utravis
3057 5321 3230 5381 lectio
3288 5325 3598 5395 probetur.
3643 5324 3792 5381 illud

425 5411 645 5466 nempe
678 5399 814 5468 Reg.
842 5400 1182 5466 utrumque.
1217 5395 1388 5449 Coisl.
1422 5395 1745 5468 utrumque
1771 5404 1828 5454 et
1854 5401 2082 5456 Vatica~
2191 5415 2428 5467 semper
2459 5415 2530 5453 ex
2563 5399 2654 5454 his
2676 5397 2906 5468 verbis,
2933 5413 3007 5454 ne
3033 5412 3247 5453 rursus
3281 5399 3435 5462 lites,
3486 5403 3622 5466 etc.,
3653 5411 3794 5452 con-

426 5481 596 5542 num.
639 5466 840 5542 Plures
897 5471 1095 5542 autem
1142 5482 1331 5542 quam
1389 5483 1493 5542 sex
1547 5466 1687 5542 non
1731 5470 2076 5542 habuimus.
2189 5466 2428 5542 cludere
2459 5469 2612 5534 licet,
2637 5467 2984 5542 electionem
3019 5468 3326 5525 Athanasii
3351 5468 3790 5542 interpellatam

429 5539 600 5622 peest
627 5538 787 5622 enim
814 5537 941 5594 haec
963 5537 1216 5622 epistola
1243 5540 1300 5622 in
1330 5539 1708 5622 codicellarl.
1743 5541 1897 5622 _F.diti
1936 5543 2076 5622 παρ-
2188 5541 2668 5598 dissensionibus
2699 5540 2907 5599 fuisse.

423 5607 612 5680 ρησίας
635 5627 687 5660 τι
714 5609 885 5682 λόγοις
915 5607 1140 5684 χάριτος
1190 5608 1268 5664 ἐπ’
1298 5607 1609 5686 οἰκοδομήν.
1651 5611 1842 5669 Habet
1896 5607 2078 5674 etiam
