4114 6462
180 335 290 398 3Y3

832 489 1183 539 ΕΠΙΣΤΟΛΗ
1223 484 1301 540 Λ’.

1281 358 1762 418 EPISTOLARUM
1800 355 2072 416 CLASSIS
2109 361 2150 418 Ι.
2194 364 2404 423 EPIST.
2456 367 2634 422 XXXI.

3529 361 3638 419 314-

2439 492 2613 562 ιιο
2652 489 2987 546 EPlSTOLA
3023 487 3192 544 xxxx

241 577 470 661 Frater
490 577 1039 661 morbos,hiemem
1059 584 1529 661 e_tn_eggtiu,al_iw
1543 596 1738 640 causae
1753 580 1867 661 Bas

1979 595 2056 661 tm
2074 586 2438 652 prohibuere
2452 590 2534 645 ad
2545 588 2867 644 Eusebium
2885 585 3469 661 proﬁcisci.Matrem
3489 587 3636 642 ami-

311 650 584 728 sit,_unde
598 652 855 710 morbus
877 650 1504 712 recruduitiEcclesiis
1525 671 1645 710 non
1668 653 1878 728 melius
1902 657 1987 706 est
2003 650 2182 724 quam
2200 661 2386 728 ipsius
2407 650 2910 728 corpori.Narrat
2929 650 3144 715 electos
3168 659 3355 727 fuisse
3380 663 3634 727 Ancyra

308 729 363 779 et
394 723 814 780 Neocwsareae
844 729 1170 798 episcopos.
1203 729 1489 784 Precibus
1521 725 1768 782 Eusebii
1795 729 2106 792 acceptum
2138 723 2345 800 refert,
2379 723 2542 804 quoii
2567 732 2947 788 inimicorum
2980 723 3232 786 insidias
3259 723 3559 800 e/fugerit.

605 821 849 896 Εὐσεϐίῳ
881 822 1151 898 έπισκόπῳ
1182 829 1519 899 Σαμοσάτων.

309 920 381 974 Εἰ
454 921 642 984 πάσας
710 921 898 994 ἑφεξῆς
943 922 1198 998 γράφοιμι
1249 927 1343 986 τὰς
1414 924 1584 985 αἰτίας
1648 921 1732 996 ὑφ’
1802 921 1870 972 ὧν

231 1014 418 1084 μέχρι
467 1017 565 1062 τοῦ
622 1015 875 1085 παρόντος
918 1015 1289 1085 κατεσχέθην,
1337 1017 1428 1066 καὶ
1486 1015 1622 1067 πάνυ
1675 1014 1864 1088 ὡρμη-

232 1102 405 1172 μένος
449 1101 585 1174 πρὸς
634 1104 730 1158 τὴν
784 1105 884 1159 σὴν
937 1101 1262 1172 θεοσέϐειαν,
1304 1104 1530 1177 ἱστορίας
1586 1102 1647 1155 οἷν
1700 1110 1868 1176 μῆκος

235 1190 542 1262 ἀπέραντον
620 1188 1024 1264 ἔκπληρώσαιμι
1057 1235 1070 1249 .
1129 1197 1330 1254 Νόσους
1387 1197 1476 1266 μὲν
1557 1191 1868 1252 ἐπαλλήλους

239 1283 346 1330 καὶ
401 1287 657 1349 χειμῶνος
713 1277 1002 1352 έπάχθειαν
1047 1283 1199 1353 (58),
1245 1287 1336 1335 καὶ
1379 1285 1695 1356 πραγμάτων
1750 1301 1869 1334 συν-

230 1372 390 1440 οχὴν
418 1374 654 1443 παρίμηι
690 1369 876 1442 λέγειν,
907 1376 1146 1447 γνώριμα
1183 1376 1306 1425 ὄντα
1343 1379 1434 1427 καὶ
1463 1370 1570 1432 ἤδη
1603 1369 1868 1447 προδεδη-

219 1456 454 1530 λωμένα
495 1461 607 1528 (59)
637 1466 700 1530 τῇ
741 1458 1025 1519 τελειότητί
1056 1481 1172 1518 σου.
1203 1469 1312 1516 Νῦν
1361 1459 1420 1515 δὲ
1455 1467 1546 1516 καὶ
1603 1463 1664 1522 ἣν
1706 1467 1867 1536 μόνην

218 1543 400 1619 εἶχον
442 1554 542 1600 τοῦ
600 1545 728 1620 βίου
785 1552 1124 1622 παραμυθίαν
1153 1555 1249 1611 τὴν
1277 1556 1498 1625 μητέρα,
1531 1557 1620 1606 καὶ
1671 1555 1867 1612 ταύτην

217 1634 526 1709 ἀφῃρέθην
564 1637 668 1689 ὑπὸ
698 1644 800 1689 τῶν
835 1637 1100 1714 ἁμαρτιῶν
1131 1660 1232 1714 μου
1263 1641 1398 1713 (60).
1431 1647 1532 1696 Καὶ
1587 1646 1658 1716 μὴ
1711 1662 1869 1695 κατα-

211 1724 479 1797 γελάσῃς
506 1744 613 1798 μου
666 1729 737 1788 ὡς
779 1725 828 1778 ἐν
867 1730 1034 1799 τούτῳ
1062 1737 1158 1792 τῆς
1197 1729 1401 1792 ἡλικίας
1443 1730 1686 1806 ὀρφανίαν
1736 1731 1867 1784 ἁπο-

217 1809 568 1887 δυρομένου·
620 1811 749 1867 ἀλλὰ
799 1817 1066 1888 σύγγνωθί
1092 1837 1183 1890 μοι
1231 1818 1416 1891 ψυχῆς
1457 1823 1736 1894 χωρισμόν
1784 1821 1868 1874 ἀν-

218 1910 407 1964 εκτῶς
457 1907 536 1976 μὴ
603 1907 827 1979 φέροντι,
861 1905 920 1966 ἧς
957 1903 1110 1958 οὐδὲν
1151 1905 1389 1972 ἀντάξιον
1438 1907 1488 1961 ἐν
1539 1918 1650 1974 τοῖς
1698 1910 1867 1965 λειπο-

217 1996 420 2064 μένοις
469 1994 602 2068 ὁρῶ.
646 1992 808 2046 Πάλιν
861 1991 948 2048 οὖν
999 2015 1092 2068 μοι
1147 1998 1439 2071 ὑπέστρεψε
1483 2001 1549 2052 τὰ
1597 1997 1870 2076 appears-

219 2101 403 2153 ματα,
466 2087 566 2134 καὶ
613 2082 768 2135 πάλιν
809 2081 891 2136 ἐπὶ
947 2083 1124 2148 κλίνης
1181 2089 1498 2161 κατάκειμαι
1545 2087 1630 2142 ἐπὶ
1673 2099 1868 2167 μικρᾶς

1897 821 1949 875 Α

2256 829 2531 901 Eusebio,
2565 831 2830 901 episcopo
2867 829 3346 885 Samosatorum.

2050 925 2108 982 Si
2137 941 2352 983 omnes
2388 927 2597 984 ordine
2645 927 2972 983 scriberem
3027 941 3263 994 causas,
3295 924 3523 997 quibus
3570 922 3634 978 in

1974 1014 2138 1071 hunc
2187 1032 2376 1090 usque
2417 1017 2578 1074 diem
2631 1017 2908 1073 detentus
2968 1032 3126 1084 sum,
3157 1030 3516 1088 quanquam
3555 1011 3635 1069 ad

1975 1110 2146 1162 tuam
2173 1107 2456 1180 pietatem
2480 1107 2783 1180 proﬁcisci
2806 1107 3054 1163 omnino
3085 1105 3430 1178 cupiebam,
3453 1104 3633 1158 histo-

1975 1194 2076 1249 riae
2109 1195 2323 1252 seriem
2350 1195 2648 1252 inﬁnitam
2694 1199 3083 1268 pertexerem.
3107 1193 3341 1249 Morbos
3382 1191 3633 1264 quidem

1976 1283 2126 1340 alios
2153 1284 2283 1340 aliis
2314 1285 2721 1355 succedentes,
2752 1284 2969 1340 hiemis
2998 1280 3634 1351 molestiam,negotio-

1975 1388 2112 1429 rum
2143 1374 2595 1430 continuitatem
2651 1373 2862 1430 omitto
2905 1373 3127 1442 dicere,
3152 1387 3290 1428 cum
3317 1375 3460 1426 nota
3488 1369 3628 1437 sint,

1977 1468 2034 1520 et
2051 1464 2183 1535 jam
2205 1468 2371 1536 prius
2401 1464 2666 1520 indicata
2686 1461 3044 1536 praestantiae
3075 1464 3385 1517 tuae.Nunc
3405 1462 3628 1528 autem,

1975 1554 2145 1626 quod
2196 1553 2443 1610 unicum
2506 1552 2807 1610 habebam
2845 1553 2970 1608 vita:
3025 1551 3330 1619 solatium,
3375 1552 3631 1606 matrem

1976 1645 2157 1701 etiam
2187 1643 2266 1700 ob
2295 1660 2434 1701 mea
2463 1649 2712 1717 peccata
2741 1643 3070 1700 amisi.Nec
3099 1657 3194 1697 me
3220 1637 3634 1710 derideas,qui

1974 1734 2037 1790 id
2065 1734 2249 1790 aetatis
2275 1733 2517 1804 lugeam
2555 1733 2898 1802 orbitatem,
2931 1731 3039 1788 sed
3067 1733 3314 1801 ignosce
3343 1728 3512 1793 mihi,
3543 1741 3632 1782 se-

1973 1824 2354 1896 parationem
2380 1824 2598 1880 animae
2630 1823 2922 1896 patienter
2945 1836 3070 1878 non
3099 1819 3327 1887 ferenti,
3361 1818 3456 1875 cui
3482 1814 3632 1872 nihil

1975 1913 2460 1986 comparandum
2487 1913 2549 1970 in
2578 1912 2824 1985 reliquis
2852 1913 3035 1969 rebus
3061 1910 3260 1968 video.
3279 1912 3508 1965 Rursus
3526 1905 3633 1976 igi-

1974 2007 2070 2060 tur
2110 2003 2260 2060 mihi
2301 2003 2528 2059 reversi
2571 2007 2713 2058 sunt
2740 2001 2958 2072 morbi,
2990 2014 3324 2073 rursusque
3371 1998 3433 2053 in
3475 1996 3629 2052 lecto

1974 2091 2295 2163 decumbo,
2347 2092 2578 2162 exiguis
2628 2107 2876 2164 prorsus
2922 2090 3148 2146 viribus
3202 2088 3524 2152 ﬂuctuans,
3575 2086 3634 2142 et

215 2171 511 2232 παντελῶς
554 2180 656 2234 τῆς
711 2169 977 2246 δυνάμεως
1048 2175 1274 2228 σαλεύων
1309 2219 1324 2244 ,
1381 2182 1471 2230 καὶ
1548 2183 1702 2252 μόνον
1753 2184 1867 2254 (61)

1979 2187 2211 2240 tantum
2244 2197 2367 2237 non
2398 2180 2648 2251 singulis
2670 2181 2832 2236 horis
2861 2178 3269 2236 necessarium
3294 2180 3430 2232 vitae
3446 2175 3630 2230 ﬁnem

213 2260 325 2312 οὐκ
372 2259 455 2333 ἐφ’
492 2261 730 2324 ἑκάστης
776 2264 910 2337 ὧρας
948 2266 1008 2314 τὸ
1059 2261 1340 2336 ἀναγκαῖον
1393 2271 1556 2342 πέρας
1603 2277 1698 2332 τῆς
1733 2274 1867 2334 ζωῆς

213 2347 624 2424 ἐκδεχόμενος.
660 2353 726 2404 Αἱ
757 2348 816 2404 δε
845 2351 1152 2413 Ἐκκλησίαι
1184 2351 1383 2428 σχεδόν
1414 2377 1466 2409 τι
1485 2359 1866 2434 μαραπλησίως

213 2449 300 2511 τῷ
340 2445 570 2514 σώματί
617 2461 720 2514 μου
779 2438 1098 2514 διάκεινται,
1141 2442 1341 2516 ἀγαθῆς
1368 2449 1459 2519 μὲν
1518 2445 1730 2512 ἐλπίδος
1781 2451 1865 2504 οὐ·

222 2526 432 2602 δεμιᾶς
497 2531 955 2604 ὑποφαινομένης,
1007 2530 1084 2586 ἀεὶ
1136 2529 1196 2586 δὲ
1247 2537 1374 2607 πρὸς
1415 2538 1475 2588 τὸ
1527 2545 1706 2612 χεῖρον
1761 2548 1863 2592 τῶν

224 2622 578 2694 πραγμάτων
640 2619 1013 2696 ὑπορῥεὸντων.
1044 2623 1156 2694 (62)
1183 2627 1318 2687 Τέως
1373 2621 1408 2678 δ
1411 2629 1433 2677 ὲ
1489 2628 1518 2685 ἡ
1564 2635 1610 2679 Ν
1615 2631 1862 2682 εοκαισά-

224 2727 364 2782 pcta
427 2714 520 2762 καὶ
566 2712 599 2768 ἠ
661 2709 906 2785 Ἀγκυρα
963 2708 1146 2774 ἔδοξαν
1212 2716 1352 2785 ἔχειν
1411 2711 1713 2789 διαδόχους
1762 2729 1862 2772 τῶν

219 2795 597 2867 ἀπελθόντων,
647 2804 740 2852 καὶ
793 2804 960 2876 μέχρι
1015 2808 1107 2853 τοῦ
1150 2809 1239 2854 νῦν
1295 2804 1692 2876 ἡσυχάζουσιν,
1727 2808 1862 2862 Ἀλλ’

216 2884 366 2941 οὗδέ
428 2890 564 2960 ἡμῖν
621 2891 670 2941 οἱ
715 2888 1131 2952 ἐπιϐουλεύοντες
1193 2898 1419 2950 ποιῆσαί
1457 2914 1507 2946 τι
1545 2904 1636 2948 τοῦ
1696 2900 1863 2972 θυμοῦ

218 2981 337 3028 καὶ
379 2985 487 3038 τῆς
530 2981 738 3052 πικρίας
790 2978 939 3042 ἄξιον
977 2983 1141 3056 μέχρι
1194 2988 1286 3034 τοῦ
1333 2987 1590 3058 παρόντος
1632 3005 1863 3061 συνεχω-

233 3067 528 3140 ρήθησαν.
567 3071 661 3119 Καὶ
704 3070 893 3122 τούτου
942 3073 1037 3128 τὴν
1094 3069 1262 3122 αἰτίαν
1309 3078 1424 3133 ταῖς
1455 3081 1575 3136 σαῖς
1603 3076 1730 3152 ὑπὲρ
1761 3086 1862 3130 τῶν

236 3155 582 3214 Ἐκκλησιῶν
637 3157 938 3232 πρεσϐείαις
991 3157 1269 3235 προδήλως
1317 3163 1468 3235 ἡμεῖς
1535 3162 1857 3241 ἁνατίθεμεν.

225 3245 408 3300 ’.Ωστε
461 3252 536 3320 μὴ
615 3246 900 3323 ἀποκάμῃς
949 3254 1378 3324 προσευχόμενος
1434 3255 1561 3330 ὑπὲρ
1610 3265 1710 3308 τῶν
1771 3259 1890 3312 Ἐκ-

1975 2277 2350 2345 exspectans.
2377 2270 2646 2326 Ecclesiae
2678 2274 2881 2326 autem
2910 2285 3033 2325 non
3056 2267 3172 2324 alio
3200 2267 3322 2322 fere
3342 2263 3528 2320 modo
3558 2277 3630 2318 ac

1975 2378 2193 2434 corpus
2223 2377 2429 2418 meum
2461 2360 2685 2416 affectae
2708 2359 3035 2429 sunt,bona
3062 2357 3310 2430 quidem
3342 2369 3449 2426 spe
3465 2350 3631 2408 nulla

1973 2453 2316 2523 affulgonte,
2340 2451 2523 2507 rebus
2572 2466 2711 2506 vero
2761 2465 3000 2522 semper
3029 2449 3091 2504 in
3120 2446 3381 2504 deterius
3420 2443 3630 2500 subla-

1971 2543 2279 2601 bentibus.
2298 2541 2539 2596 Interim
2565 2543 2952 2596 Neocaesarea
2981 2543 3038 2595 et
3061 2543 3296 2609 Ancyra
3327 2534 3469 2591 visae
3491 2535 3634 2588 sunt

1970 2633 2196 2691 habere
2245 2645 2623 2686 successores
2667 2645 2879 2685 eorum
2923 2627 3028 2701 qui
3076 2627 3375 2687 obierunt,
3408 2628 3466 2680 et
3511 2623 3631 2678 huc

1972 2737 2166 2795 usque
2199 2719 2656 2792 conquiescunt.
2691 2717 2806 2776 Sed
2835 2732 2947 2773 nec
2989 2716 3080 2782 iis,
3121 2715 3226 2788 qui
3263 2713 3441 2770 nobis
3487 2709 3632 2767 insi-

1971 2812 2235 2880 diantur,
2261 2813 2325 2864 ut
2353 2807 2580 2880 aliquid
2612 2806 2925 2862 iracundia
2946 2821 3059 2861 sua
3097 2809 3154 2860 et
3183 2802 3507 2860 acerbitate
3537 2797 3631 2854 di-

1973 2915 2160 2972 gnum
2191 2897 2476 2963 facerent,
2509 2896 2801 2952 hactenus
2847 2909 3204 2950 concessum
3237 2896 3367 2959 est;
3396 2902 3631 2960 nosque

1973 2990 2103 3062 ejus
2126 2987 2209 3043 rei
2235 3001 2483 3042 causam
2515 2985 2630 3042 tuis
2669 3001 2780 3057 pro
2813 2983 3084 3039 Ecclesiis
3115 2980 3394 3054 precibus
3424 2976 3629 3050 palam

1972 3078 2312 3137 tribuimus.
2340 3077 2534 3142 Quare
2563 3090 2673 3148 pro
2706 3073 2979 3129 Ecclesiis
3019 3070 3326 3146 precando
3359 3073 3415 3124 et
3442 3070 3631 3123 Deum

1974 3165 2282 3226 exorando
2329 3181 2404 3220 ne
2456 3163 2800 3221 delasseris.
2832 3163 2906 3217 Iis
2936 3162 3042 3235 qui
3087 3160 3256 3231 digni
3306 3158 3493 3226 fuere,
3522 3153 3631 3227 qui

1974 3263 2089 3316 tuae
2119 3253 2418 3313 sanctitati
2448 3254 2807 3320 ministrent,
2838 3253 2937 3308 dic
2981 3251 3238 3309 salutem
3280 3246 3632 3322 plurimam.

244 3334 520 3408 πλησιῶν,
543 3341 636 3390 καὶ
666 3334 936 3412 διισωπῶν
965 3342 1054 3391 τὸν
1086 3343 1213 3393 Θεόν
1245 3341 1376 3414 (63).
1407 3346 1536 3405 Τοὺς
1560 3346 1975 3411 καταξιωθέντας
2005 3345 2435 3421 ἐξυπηρετεῐσθαι
2463 3352 2524 3417 τῇ
2560 3345 2799 3401 όσιότητί
2842 3361 2935 3394 σου
2961 3339 3241 3414 πάμπολλα
3265 3341 3532 3413 πρόσειπε.

810 3468 1150 3518 ΕΠΙΣΤΟΛΗ
1191 3463 1316 3519 ΛΑ’.

2509 3469 2746 3525 EPISTO
2756 3471 2843 3525 LA
2881 3467 3105 3524 XXXI“.

230 3587 462 3647 Fames
482 3588 756 3646 nondum
784 3589 996 3646 sedata
1033 3591 1335 3668 Basiliam
1356 3592 1600 3668 detinet,
1631 3596 1946 3668 quominus
1977 3598 2295 3655 comitetur
2332 3596 2667 3668 Hypatium
2695 3593 3208 3662 consanguineum
3233 3604 3427 3668 suum.
3451 3587 3634 3668 Hunc

311 3677 554 3736 sanare
566 3676 908 3736 concessum
928 3677 1040 3736 non
1051 3663 1259 3732 fuerat
1271 3664 1363 3720 his
1375 3667 1482 3736 qui
1496 3659 1656 3724 (1οὸιὰ
1675 3671 2061 3726 curationum
2081 3659 2416 3726 habebant:
2411 3659 2800 3736 Quamobrem
2824 3659 2954 3721 eum
2977 3662 3344 3736 commendat
3359 3659 3629 3720 Eusebio,

313 3739 385 3790 ut
408 3735 506 3791 vel
516 3735 754 3804 fratres
775 3734 1252 3804 religiosissimos
1273 3734 1564 3808 accersat,
1586 3740 1693 3810 qui
1721 3741 1775 3797 ei
1803 3743 2179 3809 medeantur,
2198 3741 2292 3797 vel
2321 3734 2517 3809 ipsum
2548 3739 2630 3794 ad
2657 3739 2795 3793 illos
2817 3753 2952 3792 cum
2984 3736 3200 3791 litteris
3229 3734 3451 3788 mittat.

527 3830 767 3904 Εὐσεϐίῳ
799 3831 915 3903 (64)
946 3831 1215 3905 ἐπισκόπῳ
1254 3837 1594 3907 Σαμοσάτων.

318 3939 488 3993 Οὓπω
527 3941 668 4012 ἡμᾶς
709 3939 735 3991 ό
774 3938 926 4013 λιμός
973 3937 1148 4000 ἀνῆκτο
1207 3937 1390 4017 διόπερ
1438 3940 1700 4015 ἀναγκαία
1740 3946 1865 4019 ἡμῖν

248 4029 390 4084 ἔστιν
449 4032 480 4088 ἡ
541 4029 627 4083 ἐπὶ
683 4036 779 4092 τῆς
825 4029 1021 4092 πόλεως
1066 4027 1296 4104 διαγωὴ,
1331 4032 1362 4091 ἢ
1406 4031 1707 4107 οἰκονομίας
1757 4036 1865 4108 (65)

270 4172 824 4298 ἂγεξὸἐειξνπάχθιιαν.
860 4172 951 4230 Sic
983 4173 1214 4247 antiqui
1266 4190 1372 4231 sex
1418 4174 1678 4234 codices.
1711 4177 1868 4236 Editi

258 4264 571 4300 απεγυειαν.

325 4267 985 4392 (ἓὲἧειῖᾕρδεοῗιυλωμένος.⁸
1007 4318 1140 4372 Haec
1179 4315 1553 4392 indicaverat
1583 4317 1645 4376 in
1672 4320 1856 4392 epist.

251 4394 358 4464 ‘27,:
391 4388 620 4464 nempe
660 4392 874 4459 praeter
926 4388 1190 4464 hiemem
1221 4393 1278 4445 et
1298 4390 1614 4464 morbum,
1665 4388 1866 4464 ipsam

254 4463 438 4534 etiam
461 4460 714 4534 famem,
743 4475 880 4532 quae
909 4460 1238 4534 plurimum
1257 4461 1311 4518 ei
1337 4461 1527 4518 dabat
1557 4460 1784 4534 negotii
1803 4464 1865 4520 in

257 4531 658 4588 sublevandis
702 4531 1094 4603 pauperibus.

324 4604 442 4673 (60)
477 4603 774 4676 Ἀμαρτιῶν
825 4602 948 4676 μου.
979 4605 1156 4660 Deest
1203 4602 1352 4660 illud
1403 4619 1742 4676 pronomen
1802 4604 1866 4662 in

256 4681 523 4749 quatuor
552 4691 700 4730 mss.

323 4749 442 4824 (ﬁt)
475 4745 799 4824 9163029925.
841 4748 979 4824 Tres
1000 4745 1242 4803 codices
1262 4750 1415 4820 μόνον
1447 4747 1596 4820 οὐχί.

327 4817 441 4886 (62)
475 4817 624 4873 Vide
650 4817 973 4874 Addenda.

324 4894 441 4962 (63)
483 4893 588 4962 Τὸν
614 4894 761 4945 Θεὸν.
793 4892 932 4946 Post
967 4890 1078 4946 has
1118 4905 1294 4946 voces
1323 4889 1466 4947 editi
1498 4888 1733 4947 addunt
1752 4895 1864 4962 καὶ,

258 4961 418 5035 quod
456 4961 721 5035 deest‘in
745 4976 849 5016 sex
878 4977 1025 5035 mss.

323 5035 436 5101 (64)
479 5031 734 5104 Εὐσεϐίῳ.
761 5033 1051 5098 Quamvis
1082 5033 1320 5088 codices
1351 5048 1455 5088 sex
1485 5031 1753 5104 habeant
1773 5034 1868 5086 Εὐ-

269 5103 474 5184 σεεωνᾲ,
506 5105 636 5184 guu
667 5103 894 5184 autem,
923 5120 1147 5184 nempe
1171 5106 1491 5184 Vaticanus
1523 5110 1580 5184 et
1606 5103 1868 5184 alius_in-

270 5177 441 5246 signis
503 5175 787 5232 Ecclesia:
833 5175 1206 5242 Parisiensis,
1236 5179 1363 5246 πρὸς
1410 5175 1714 5228 Εὖσεϐωνᾶν
1762 5175 1868 5229 ἐπί-

272 5263 610 5320 σκοπον,ῐ]0[ι
636 5246 1229 5320 tamenmutanidum
1251 5246 1398 5320 duxi
1419 5247 1588 5320 quod
1615 5247 1676 5302 in
1694 5246 1869 5320 editis

268 5318 590 5390 legebatur.
626 5323 689 5375 In
721 5318 930 5375 codice
961 5319 1262 5382 Medicam,
1297 5319 1396 5390 qui
1427 5318 1518 5374 est
1542 5319 1871 5390 vetustissi-

270 5388 724 5460 mus,recentior
743 5407 888 5446 man
899 5406 968 5462 us
991 5393 1278 5462 apposuit
1302 5388 1448 5446 illud
1471 5388 1765 5462 Εὐσεϐωνᾷ.
1787 5393 1871 5446 Ex

268 5463 506 5521 aliorum
553 5469 766 5521 tamen
822 5461 1104 5518 codicum
1136 5463 1487 5518 auctoritate
1508 5461 1871 5530 conjici'non

275 5535 556 5610 immerito
579 5541 814 5610 posset,
835 5532 1160 5610 Eusebium
1182 5536 1670 5610 Samosatensem
1697 5535 1873 5610 Euse-

280 5605 476 5692 bonam
496 5604 668 5692 apud
688 5607 877 5692 §_v‘ros
899 5604 1291 5692 suos.di‘otum
1314 5605 1520 5692 fuisse.
1538 5609 1606 5659 At
1627 5604 1875 5692 nondu-

278 5677 422 5737 bium
448 5675 604 5758 quin
633 5675 919 5739 ad'illum
950 5676 1176 5752 scripta
1199 5675 1378 5735 fuerit
1405 5677 1534 5733 haec
1563 5676 1820 5751 epistola.
1853 5694 1867 5747 ;

2258 3838 2536 3907 Eusebio,
2569 3837 2844 3906 episcopo
2873 3834 3343 3890 Samosatorum.

2047 3945 2324 4003 Nondum
2353 3960 2465 3999 nos
2504 3943 2696 3998 fames
2726 3941 3002 4014 reliquit;
3035 3940 3407 4012 quapropter
3450 3935 3513 3990 in
3550 3932 3632 3989 ci-

1973 4031 2152 4093 vitate
2172 4049 2484 4091 remanere
2505 4047 2752 4089 necesse
2776 4031 3098 4100 habemus,
3124 4028 3218 4085 vel
3237 4024 3635 4100 dispensatio-

1977 4177 2277 4250 siquidem
2309 4175 2656 4250 Basilius,utp
2678 4176 2740 4231 in
2771 4173 3091 4250 prioribus,
3115 4174 3369 4250 excusat
3384 4169 3633 4236 famem,

1977 4241 2084 4306 cur
2105 4248 2184 4305 ad
2206 4264 2346 4304 eum
2376 4263 2501 4304 non
2531 4248 2748 4304 veniat.
2773 4241 2842 4302 ln
2864 4241 3138 4318 pluribus
3160 4241 3469 4318 codicibus
3484 4257 3632 4318 mss.

1977 4321 2306 4393 conjuncta
2335 4323 2424 4375 est
2449 4319 2705 4392 epistola
2733 4311 2883 4393 cum'
2895 4317 3025 4393 aliis
3046 4316 3124 4372 ad
3141 4313 3475 4393 Eusebium
3498 4311 3637 4393 s‘cri-

1975 4383 2145 4465 ptis';
2171 4408 2304 4448 eam
2350 4383 2551 4465 autem
2600 4391 2869 4462 proxime
2896 4391 2954 4465 in
2987 4387 3272 4465 omnibus
3311 4383 3636 4465 codicibus

1978 4454 2269 4536 sequitur
2300 4463 2565 4536 epistola
2600 4454 2869 4536 l_46,quse
2917 4460 3205 4536 inscripta
3223 4461 3328 4536 est
3364 4464 3434 4536 τῷ
3469 4454 3631 4536 αὐτῷ,

1975 4526 2197 4661 ηθὶηἴρ
2222 4526 2418 4590 εἰᾶθ’[η
2459 4526 2805 4599 Euseboné,
2837 4526 3120 4605 quamvis
3163 4529 3242 4584 ad
3269 4526 3635 4583 Antiochum

1976 4609 2128 4661 Euse
2176 4607 2215 4660 ii
2242 4605 2439 4661 fratris
2475 4609 2578 4660 aut
2608 4605 2834 4660 sororis
2878 4603 3070 4658 ﬁlium
3103 4600 3324 4661 scripta
3350 4599 3446 4655 sit.

1976 4599 2215 4662 Eusebii
2242 4605 2439 4661 fratris
2475 4609 2578 4660 aut
2608 4605 2834 4660 sororis
2860 4599 3070 4658 'ﬁlium
3103 4600 3324 4670 scripta
3350 4599 3446 4655 sit.

2048 4676 2652 4749 (65)Οἰκονομίας.ᾼ1ά
2710 4680 2818 4749 est,
2869 4680 3278 4749 utpauperes
3315 4670 3632 4749 adjuvem,

1974 4740 2072 4805 vel
2101 4740 2311 4805 saltem
2341 4740 2928 4805 commiserationem
2955 4740 3066 4800 illis
3087 4740 3636 4814 impendam.Saep_e

1899 4816 1942 4870 Ι)
1977 4819 2154 4892 apud,
2188 4819 2469 4892 Basilium
2501 4819 2771 4891 οἰκονομία
2795 4816 3029 4892 dlpitlll:
3043 4814 3103 4870 id
3145 4812 3312 4892 quod
3357 4812 3635 4892 pauperi-

1976 4885 2091 4948 bus
2122 4891 2519 4947 distribuitur.
2542 4885 2848 4962 Vituperat
2867 4887 2928 4942 in
2995 4889 3344 4962 Comment._
3366 4886 3428 4940 in
3475 4885 3631 4962 Isar,

1975 4979 2037 5036 p.
2060 4966 2187 5031 418,
2219 4963 2508 5036 praesules
2540 4961 2643 5033 qui
2679 4956 2838 5036 male
2869 4963 3108 5036 partam
3130 4957 3452 5036 pecuniam
3475 4956 3634 5012 acci-

1977 5030 2297 5107 piuntv'el
2331 5035 2408 5090 ad
2439 5030 2583 5107 suos
2621 5030 2961 5107 usus,_i31rt
3011 5030 3147 5101 λόγῳ
3202 5035 3294 5107 τῆς
3339 5036 3436 5081 τῶν
3488 5047 3638 5081 πτω-

1977 5101 2238 5178 ξζευόντων
2277 5105 2324 5157 ἐν
2351 5113 2414 5178 τῇ
2446 5103 2738 5178 Ἐκκλησία⁸
2769 5101 3084 5178 οἰκονομίας,
3118 5101 3214 5178 pel
3248 5116 3360 5170 per
3389 5115 3635 5178 causam

1978 5172 2398 5232 distribuendi'
2451 5172 2823 5245 pauperibus
2886 5172 3212 5230 Ecclesiae.
3262 5176 3326 5228 1n
3379 5172 3636 5245 epistola

1977 5253 2045 5304 92
2073 5247 2399 5304 Orientales
2443 5243 2596 5302 inter
2635 5245 2796 5302 mala
2838 5245 3109 5302 Ecclesiae
3138 5245 3287 5301 illud
3329 5244 3508 5299 etiam
3534 5243 3669 5298 de—'

1978 5319 2235 5392 plorant,
2262 5319 2430 5392 quod
2477 5317 2780 5392 ambitiosi
2831 5317 3118 5392 praesules
3165 5317 3462 5392 οἰκονομίας
3491 5334 3631 5367 πτω-

1976 5389 2111 5464 χῶν,
2138 5390 2430 5461 pecunias
2458 5389 3182 5461 pauperibus’destinatas
3211 5389 3272 5444 in
3314 5403 3458 5441 suos
3487 5401 3634 5514 usus;

3283 5473 3502 5514 conver
3528 5472 3606 5513 an

3283 5472 3606 5515 CODVBPIaD

2049 5535 2070 5555 *
2100 5531 2257 5605 Alias
2289 5535 2404 5598 VII,
2439 5533 2660 5605 scripta
2689 5549 2852 5589 anno
2885 5537 3011 5589 369.

2050 5605 2094 5627 “
2123 5604 2283 5662 Alias
2313 5604 2608 5671 CCLXVII,
2633 5605 2854 5678 scripta
2883 5619 3044 5661 anno
3077 5605 3198 5659 369.
