4114 6452
455 329 561 386 315

1824 325 1882 381 8.
1927 318 2179 376 BASILH
2216 317 2408 374 MAGN
2416 321 2458 374 Ι.

3731 321 3849 377 316

454 453 549 510 nis
575 465 786 520 causa,
812 449 906 506 vel
933 449 1482 508 commiserationis
1504 451 1567 508 in
1588 449 1925 507 afﬂictatos.
1950 443 2118 501 Unde

2234 441 2424 513 ἕνεκεν,
2485 444 2514 504 ἦ
2576 447 2898 518 συμπαθείας
2949 452 3052 497 τῶν
3102 442 3412 516 θλιϐομένων
3443 484 3457 499 .
3502 440 3656 497 “Οθεν
3710 440 3851 496 οὑδὶ

455 558 532 599 ne
561 557 724 598 nunc
771 540 1020 613 quidem
1049 541 1214 613 potui
1247 541 1529 598 comitem
1561 557 1658 597 me
1707 539 1815 594 via:
1855 534 2120 609 praebere

457 631 880 688 colendissimo
907 629 1074 686 fratri
1100 631 1377 702 Hypatio,
1400 647 1584 704 quem
1615 645 1738 685 non
1761 631 1994 684 tantum
2016 623 2121 678 ho-

455 721 622 777 noris
660 722 702 790 ι
723 722 765 790 1
785 721 827 790 1
879 735 1067 775 causa
1102 719 1343 774 fratrem
1371 720 1678 791 appellare
1709 732 1984 792 possum,
2014 711 2121 768 sed

457 814 704 883 propter
757 807 1097 863 naturalem
1127 825 1263 881 quae
1313 809 1465 864 inter
1500 825 1613 864 nos
1660 805 1972 864 intercedit
2017 819 2120 859 ne-

458 897 1396 967 cessitudinem:consanguinei
1443 897 1604 953 enim
1665 913 1896 952 sumus.
1952 891 2122 959 Quali

457 988 554 1046 ille
585 987 800 1043 morbo
830 987 1082 1053 laboret,
1109 1002 1307 1058 neque
1329 991 1494 1042 tuam
1514 986 1924 1060 praestantiam
1949 981 2118 1051 fugit.

459 1076 742 1132 Dolemus
773 1079 996 1142 autem,
1031 1075 1199 1148 quod
1226 1077 1287 1130 in
1336 1092 1407 1132 eo
1439 1093 1575 1149 spes
1621 1074 1820 1131 omnis
1851 1072 2123 1129 abscissa

460 1165 536 1221 sit
585 1163 925 1227 levamenti,
980 1163 1482 1237 quandoquidem
1537 1165 1609 1220 iis
1648 1163 1755 1236 qui
1791 1160 2124 1218 sanationis

456 1253 622 1310 dona
658 1252 906 1323 habent,
936 1253 1086 1309 nihil
1115 1254 1176 1309 in
1205 1253 1304 1309 illo
1337 1270 1546 1310 eorum
1575 1270 1711 1326 quae
1744 1251 1955 1316 solent,
1982 1265 2123 1322 ope-

456 1342 578 1399 rari
605 1358 960 1398 concessum
997 1347 1107 1398 est.
1143 1343 1435 1409 Quocirca
1470 1359 1682 1398 rursus
1726 1357 1976 1415 precum
1999 1344 2124 1395 tua—

456 1447 594 1488 rum
625 1431 917 1488 auxilium
941 1431 1243 1503 implorat.
1273 1435 1357 1488 Tu
1398 1438 1602 1488 autem
1624 1431 1858 1487 exorari
1887 1434 1943 1486 te
1975 1428 2123 1499 sine,

457 1525 524 1576 ut
553 1537 732 1593 opem
761 1520 1011 1576 solitam
1041 1537 1165 1576 non
1196 1521 1481 1590 deneges,
1517 1526 1647 1577 tum
1676 1519 1756 1576 ob
1786 1524 1952 1576 tuam
1983 1533 2127 1590 erga

461 1613 818 1680 aegrotantes
863 1609 1475 1679 commiserationem,
1509 1614 1636 1665 tum
1680 1613 1887 1665 nostra
1917 1623 2122 1672 causa,

459 1699 567 1771 qui
612 1715 723 1772 pro
763 1715 835 1755 eo
888 1715 1247 1772 precamur:
1297 1705 1353 1756 et
1381 1699 1432 1755 si
1473 1699 1604 1755 ﬁeri
1656 1703 1872 1772 potest,
1918 1697 2128 1754 fratres

2227 539 2315 583 νῦν
2365 529 2638 592 ἠδυνήθην
2676 543 2993 594 κοινωνῆσαι
3024 541 3115 595 τῆς
3153 530 3282 586 ὁδοῦ
3311 540 3381 603 τῷ
3429 529 3850 606 αἰδεσιμωτάτῳ

2229 617 2434 694 ἁδελφῷ
2479 629 2703 696 Ὑπατίῳ
2738 629 2874 694 (66),
2918 624 2972 676 ὃν
3016 623 3110 676 οὐκ
3142 623 3267 675 αὖτό
3301 620 3366 681 δὴ
3398 629 3550 675 τοῦτο
3581 621 3852 695 εὐφημίας

2229 709 2388 764 ἕνεκεν
2451 709 2669 786 ἀδελφὸν
2737 717 2846 786 ἔχω
2901 716 3304 790 προσαγορεύειν
3333 756 3348 782 ,
3406 709 3536 764 ἀλλὰ
3591 708 3686 764 διὰ
3746 716 3849 770 τὴν

2227 810 2531 876 προσοῦσαν
2587 805 2712 876 ἡμῖν
2759 803 2814 855 ἐκ
2866 807 3065 876 φύσεως
3113 803 3428 860 οἰκειότηταο
3481 803 3697 874 αἳματος
3735 803 3851 873 γάρ

2230 889 2381 964 ἐσμεν
2427 899 2518 944 τοῦ
2573 893 2754 950 αὐτοῦ.
2815 892 2908 954 ’ος
2969 895 3132 945 ὁποῖα
3184 893 3274 964 μὲν
3323 893 3527 963 κάμνει,
3563 887 3686 943 οὐδὲ
3743 895 3852 948 τὴν

2233 985 2330 1039 σὴν
2384 981 2531 1034 ἔλαθε
2573 987 2876 1055 τιμιότητα⁰
2907 982 3060 1034 λυπεῖ
3091 978 3151 1034 δὲ
3197 983 3371 1054 ἡμᾶς,
3404 981 3484 1033 ὅτι
3539 986 3688 1032 πᾶσα
3735 1000 3852 1032 ποι-

2229 1073 2489 1146 ραμυθίας
2539 1071 2682 1134 ἐλπὶς
2727 1071 2808 1125 ἐπ’
2855 1072 2993 1143 αὐτῷ
3042 1075 3433 1146 περικέκοπται,
3474 1078 3575 1122 τῶν
3615 1069 3854 1141 ἑχόντων

2230 1164 2296 1213 τὰ
2323 1169 2420 1222 τῆς
2471 1163 2655 1224 ἰασέως
2703 1167 3022 1235 χαρίσματα
3065 1157 3216 1213 οὐδὲν
3261 1159 3339 1212 ἐπ’
3371 1159 3531 1212 αὐτοῦ
3580 1167 3679 1212 τῶν
3714 1178 3855 1211 συν-

2231 1253 2370 1308 ἠθων
2433 1250 2707 1326 ἐνεργῆσαι
2761 1252 3236 1325 συγχωρηθέντων.
3268 1254 3355 1302 Διὸ
3387 1249 3540 1303 πάλιν
3592 1257 3691 1301 τῶν
3736 1256 3856 1301 σῶν

2230 1349 2544 1415 προσευχῶν
2585 1345 2676 1400 τήν
2730 1340 2980 1415 βοήθειαν
3025 1339 3366 1394 ἐπικαλεῖται.
3397 1343 3462 1392 Σὺ
3505 1335 3565 1391 δὲ
3600 1341 3667 1391 τὰ
3711 1357 3854 1390 συν-

2232 1433 2334 1489 ήθη
2386 1439 2702 1504 προστῆναι,
2731 1435 2821 1483 καὶ
2875 1427 2969 1483 διὰ
3010 1435 3105 1489 τὴν
3160 1436 3382 1482 σεαυτοῦ
3435 1433 3554 1504 περὶ
3583 1431 3703 1490 τοὺς
3737 1430 3854 1480 κά-

2233 1540 2453 1594 μνοντας
2501 1519 2918 1592 εὐσπλαγχνίαν,
2950 1525 3040 1572 καὶ
3086 1515 3161 1571 δι’
3217 1521 3358 1592 ἡμᾶς
3395 1521 3517 1581 τοὺς
3568 1519 3695 1593 ὑπερ
3740 1518 3855 1570 αὗ-

2233 1617 2325 1663 τοῦ
2372 1609 2771 1686 πρεσϐεύοντας,
2818 1609 3174 1683 παραλήθητι·
3227 1613 3338 1676 καί,
3380 1607 3424 1660 εἰ
3474 1610 3564 1680 μὲν
3610 1605 3715 1660 οἶόν
3764 1626 3853 1678 τε,

2234 1704 2365 1774 πρὸς
2443 1700 2622 1753 ἑαυτὸν
2698 1699 3029 1772 μεταστείλαι
3079 1699 3192 1770 (67)
3255 1701 3373 1760 τοὺς
3438 1695 3858 1758 εὐλαϐεστάτους

459 1789 949 1858 religiosissimos
975 1789 1054 1845 ad
1085 1789 1472 1862 temetipsum
1503 1805 1800 1857 accersas,
1827 1793 1893 1844 ut
1921 1788 1983 1843 in
2007 1788 2126 1843 tuis

2237 1798 2335 1841 τῶν
2363 1787 2616 1862 ἀδελφῶν,
2646 1790 2780 1841 ὥστε
2809 1790 2909 1841 ὑπὸ
2939 1795 3057 1851 ταῖς
3107 1794 3226 1848 σαῖς
3265 1786 3421 1856 ὂψεσι
3457 1787 3852 1860 προσαχθῆναι

457 1877 650 1951 ipsius
682 1877 875 1934 oculis
909 1878 962 1934 ei
987 1878 1222 1934 medela
1253 1878 1576 1948 aﬂ‘eratur;
1609 1879 1700 1934 sin
1721 1879 1837 1935 hoc
1871 1877 2003 1933 ﬁeri
2027 1893 2127 1933 ne'

460 1967 789 2040 quit,illum
814 1983 954 2023 cum
1001 1967 1211 2024 litteris
1238 1968 1538 2024 dimittere
1563 1973 1620 2023 et
1648 1967 1933 2023 fratribus
1973 1967 2129 2023 ultra

461 2057 979 2114 commorantibus
1011 2057 1446 2114 commendare
1476 2057 1765 2128 digneris.

985 2167 1224 2222 EPISTO
1237 2167 1326 2221 LA
1367 2166 1595 2220 ΧΧΧΙΓ.

2239 1880 2376 1932 αὐτῶ
2433 1883 2527 1938 τὴν
2575 1877 2885 1950 ἐπιμέλειαν·
2945 1878 2989 1930 εἰ
3043 1873 3102 1930 δὲ
3157 1885 3314 1930 τοῦτο
3362 1873 3660 1944 ἀδύνατον,
3712 1878 3857 1949 μετὰ

2236 1970 2556 2043 γραμμάτων
2631 1967 2786 2020 αὐτὸν
2842 1966 3190 2040 προπέμψαι,
3245 1971 3336 2020 καὶ
3405 1973 3678 2024 συστῆσαι
3739 1971 3857 2026 τοῖς

2237 2059 2526 2134 ἔμπροσθεν
2564 2057 2914 2120 καταξίωσον.

2786 2169 3126 2218 ΕΠΙΣΤΟΛΗ
3168 2165 3292 2219 ΛΒ’.

464 2272 614 2329 Cum
643 2273 941 2330 Caesarius
979 2275 1237 2330 moriens
1257 2289 1369 2329 sua
1390 2275 1593 2330 omnia
1621 2261 1989 2342 pauperibus
2022 2275 2296 2347 legasset,
2319 2277 2447 2347 ejus
2467 2280 2644 2344 pater
2669 2277 2726 2330 et
2749 2274 2952 2343 frater
2980 2273 3276 2399 quidtguid
3311 2273 3612 2343 reliquum
3632 2272 3752 2342 fuit
3771 2271 3855 2328 de

534 2346 720 2399 ipsius
753 2346 937 2399 bonis.
971 2360 1106 2399 aute
1133 2347 1407 2399 expilata
1436 2346 1707 2399 fuerant.
1741 2345 1806 2399 id
1829 2347 2033 2399 statim
2065 2347 2126 2399 in
2155 2347 2520 2399 muneribus
2548 2345 2936 2399 sublevandis
2965 2351 3019 2399 et
3061 2345 3134 2399 de
3176 2344 3428 2399 itoribus
3469 2343 3854 2399 abso/vendis

534 2346 720 2418 ipsius
753 2346 937 2409 bonis,
971 2360 1106 2416 quae
1133 2347 1407 2415 expilata
1433 2346 1707 2414 fuerant,
1741 2345 1806 2399 id
1829 2347 2033 2401 statim
2065 2345 2126 2403 in
2151 2345 2520 2418 pauperibus
2548 2345 2936 2401 sublevandis
2965 2351 3019 2400 et
3061 2345 3134 2418 de

3176 2344 3428 2399 itoribus
3469 2343 3854 2399 abso/vendis

535 2415 1023 2490 insumpserunt;
1057 2418 1158 2472 sed
1175 2423 1384 2485 postea
1412 2418 1805 2490 sycophantae
1835 2418 2016 2472 multi
2043 2415 2423 2489 prodierunt,
2449 2418 2554 2490 qui
2571 2418 2893 2490 pecuniam
2921 2432 2957 2490 a
2979 2431 3038 2472 se
3065 2417 3394 2490 Casarium
3426 2416 3717 2490 accepisse
3743 2415 3840 2470 di-

535 2493 755 2544 cerent.
787 2489 955 2545 Unde
981 2489 1328 2558 Gregorium
1354 2489 1786 2544 molestissimis
1807 2486 2058 2560 negotiis
2085 2486 2474 2564 implicatum
2496 2486 2770 2546 Basilius
2795 2488 3130 2558 Sophronia
3152 2486 3558 2544 commendat.

947 2595 1288 2665 Sophronia
1317 2597 1631 2665 magistro.

539 2701 904 2774 LParticeps
932 2706 1024 2757 est
1050 2701 1339 2775 temporis
1355 2705 1410 2757 et
1435 2705 1552 2758 Deo
1573 2701 1999 2760 dilectissimus
2014 2703 2127 2760 fra-

460 2794 551 2846 ter
605 2795 810 2846 noster
841 2792 1158 2861 Gregorius
1213 2794 1555 2864 episcopus.
1589 2791 1757 2848 Dolet
1795 2793 1954 2849 enim
1987 2810 2126 2850 cum

463 2879 751 2936 omnibus
782 2885 839 2935 et
872 2880 1000 2953 ipse
1036 2880 1270 2952 injuriis
1303 2882 1623 2948 continuis,
1652 2881 1812 2938 velut
1842 2884 2126 2957 inexspe-

461 2971 636 3024 ctatis
668 2969 1044 3042 quibusdam
1074 2969 1271 3042 plagis
1302 2970 1638 3042 perculsus.
1669 2975 1818 3028 Nam
1849 2972 2126 3029 homines

459 3059 648 3114 Deum
671 3074 794 3114 non
813 3059 1374 3129 timentes,fortasse
1405 3061 1588 3116 etiam
1619 3065 1676 3116 et
1704 3061 2127 3131 magnitudine

461 3147 763 3204 malorum
796 3148 1009 3212 coacti,
1025 3149 1362 3204 calumnias
1379 3148 1460 3204 illi
1486 3149 1750 3206 inierunt
1769 3165 1840 3206 eo
1857 3151 2123 3220 nomine,

458 3238 628 3311 quod
672 3237 962 3294 Caesarius
1001 3239 1291 3310 pecunias
1342 3237 1421 3294 ah
1468 3238 1617 3310 ipsis
1668 3240 1982 3311 acceperit.
2012 3243 2128 3296 Nec

459 3327 755 3383 damnum
778 3327 1099 3384 molestum
1123 3332 1210 3382 est
1235 3346 1247 3395 ;
1277 3327 1512 3383 dudum
1545 3329 1705 3384 enim
1727 3329 2128 3402 didicitpecu-

459 3417 594 3471 nias
627 3421 1048 3484 contemnere;
1082 3417 1187 3471 sed
1221 3415 1365 3488 quia
1395 3433 1530 3473 cum
1567 3419 1847 3490 exiguam
1876 3419 2126 3475 omnino

459 3508 698 3577 partem
745 3503 1089 3576 acceperint
1133 3504 1293 3560 illius
1345 3505 1668 3578 bonorum,
1703 3523 1773 3563 eo
1817 3507 1983 3580 quod
2028 3522 2126 3562 res

461 3592 654 3665 ipsius
680 3607 867 3664 penes
918 3609 1126 3649 servos
1156 3597 1357 3650 essent
1383 3611 1454 3650 ac
1493 3595 1773 3652 homines
1816 3595 2001 3652 servis
2038 3596 2124 3652 ni-

460 3682 585 3740 hilo
616 3682 822 3738 indole
860 3682 1162 3747 meliores,
1195 3684 1321 3757 qui,
1353 3684 1655 3741 liherrime
1689 3686 2128 3757 pretiosissima

460 3788 720 3845 quaeque
771 3773 1394 3845 partiti,paucissima
1446 3775 1698 3832 omnino
1748 3776 1833 3832 eis
1862 3791 2128 3833 reserva-

458 3867 637 3930 runt;
669 3863 798 3918 haec
823 3863 906 3928 illi
937 3863 1347 3921 existimantes
1377 3864 1526 3920 nulli
1555 3865 1822 3923 obnoxia
1850 3882 1984 3923 esse
2007 3881 2128 3922 cre-

461 3950 660 4020 ditori,
688 3967 832 4007 mox
871 3951 933 4007 in
973 3968 1196 4022 egenos
1246 3953 1652 4027 insumpsere,
1682 3959 1808 4011 tum
1840 3954 1924 4017 ob.
1948 3971 2126 4011 suam

459 4039 732 4112 ipsorum
763 4043 1256 4114 propensionem,
1288 4049 1418 4099 tum
1451 4044 1530 4100 ob
1575 4044 1843 4102 defuncti
1877 4061 2118 4102 vocem.

465 4131 669 4184 Fertur
688 4129 849 4185 enim
889 4130 1112 4187 dixisse
1153 4133 1599 4191 morienszMea
1627 4136 1828 4192 omnia
1850 4138 1983 4192 velo
2007 4150 2130 4192 esse

460 4233 818 4289 pauperum.
842 4222 1048 4293 Itaque
1068 4226 1134 4277 ut
1153 4222 1276 4278 dati
1307 4239 1344 4279 a
1374 4224 1634 4280 Caesario
1659 4225 1930 4280 mandati
1957 4226 2128 4281 mini-

464 4309 591 4374 stri,
646 4308 846 4365 statim
899 4310 1028 4365 haec
1085 4311 1517 4384 dispensarunt
1572 4313 1810 4370 utiliter.
1845 4317 1910 4371 Et
1965 4331 2129 4373 nunc

535 4428 558 4449 "
596 4425 759 4482 Alias
786 4427 1054 4500 ιΧξςΧιν,
1089 4427 1315 4500 scripta
1345 4444 1509 4485 anno
1541 4433 1668 4486 369.

464 4502 837 4572 convertant.
872 4497 1018 4572 Hinc
1039 4499 1101 4553 in
1140 4497 1379 4572 Re’gulis
1405 4500 2048 4572 fusioribus,lnterrog.
2073 4507 2124 4570 9,

464 4574 522 4626 et
569 4570 628 4625 in
675 4569 931 4651 epistola
981 4571 1255 4643 proxime
1303 4571 1579 4644 sequenti
1628 4573 1913 4646 οἰκονομεῖν
1964 4569 2130 4630 bona

463 4657 856 4715 pauperibus.

536 4713 648 4785 (6:6)
686 4713 911 4785 Ὑποιτίῳ
940 4713 1038 4785 Sic
1091 4714 1249 4770 citati
1280 4731 1316 4770 a
1370 4714 1735 4771 Combeﬁsio
1789 4716 2028 4774 codices
2073 4721 2132 4773 et

466 4783 636 4859 ljarl.
659 4788 716 4839 et
763 4784 865 4859 alii
885 4783 1120 4857 plures.
1152 4785 1301 4859 Editi
1324 4787 1590 4859 ’Υπαθίῳη
1606 4786 1788 4859 Paulo
1820 4794 1958 4859 post
1987 4789 2129 4844 editi

469 4851 566 4935 «ita
603 4860 726 4935 τὴν,
751 4851 1008 4935 ὑποῦσαν.
1039 4858 1452 4935 Antiquissimi
1483 4851 1720 4935 codices
1742 4851 1923 4929 Harl”
1953 4860 2127 4930 Med.,

469 4925 642 4982 Cois].
677 4929 733 4981 et
762 4926 862 4982 alii
890 4928 1169 4984 nonnulli
1190 4925 1254 4985 ut
1281 4930 1342 4986 in
1372 4934 1564 4986 textu.

542 4998 651 5074 (67)
691 4999 1059 5074 Μεταστεῐλαι.
1091 5005 1153 5056 in
1181 5002 1295 5057 hac
1333 5017 1484 5058 voce
1535 5007 1590 5056 et
1633 5000 1753 5057 alia
1780 5017 1914 5074 quae
1946 5000 2130 5074 paulo

468 5073 609 5147 post
635 5069 918 5136 occurrit,
956 5085 1176 5147 nempe
1213 5074 1542 5147 προπέμψαι,
1571 5089 1694 5129 non
1745 5069 2133 5147 cdnsentiunt

469 5140 709 5217 codices
744 5155 933 5217 mss,,_
959 5140 1454 5217 aliis—accentum
1498 5145 1559 5199 in
1590 5145 1945 5217 penultima,
1993 5145 2131 5217 aliis

467 5211 530 5288 in
551 5211 1070 5288 _ante_penult_ima,_
1091 5218 1158 5268 ut
1197 5215 1258 5269 in
1296 5211 1663 5288 imperativo
1702 5232 1812 5288 par
1853 5211 1948 5288 est
1972 5215 2128 5288 ﬁeri.

467 5283 857 5355 habentibus.
893 5284 1006 5339 Sed
1056 5283 1412 5355 imperativo
1452 5288 1538 5341 uti
1587 5283 1788 5342 minus
1839 5287 2133 5344 familiare

470 5354 698 5431 Basilii,
739 5370 877 5409 cum
937 5354 1270 5431 praesertim
1319 5358 1642 5431 Eusebium
1702 5359 2130 5431 alloqueretur,

468 5441 652 5498 quem
684 5426 746 5481 in
778 5426 1045 5497 parentis
1065 5426 1199 5482 loco
1224 5429 1630 5484 reverebatur.

543 5497 669 5574 (_t_38)_
696 5503 968 5574 Emppouiqb
989 5503 1288 5574 μαγίστρῳ.
1319 5500 1562 5574 Addunt
1593 5501 1806 5566 Regius
1831 5501 2132 5557 secundus

472 5571 530 5622 et
549 5568 866 5644 vaticanus
891 5568 925 5623 δ
931 5568 998 5644 ιὸι⁷
1011 5577 1048 5623 Γ
1051 5568 1294 5644 puppes
1335 5569 1635 5644 ἐπίσκοπον,
1665 5574 1942 5642 Gregorii
1983 5576 2133 5642 epis-

473 5639 608 5707 copi
625 5655 830 5699 causa.
863 5643 1035 5701 Initio
1051 5639 1329 5716 epistola:
1357 5643 1588 5705 habent
1629 5639 1844 5700 omnes
1891 5639 2133 5702 codices

2663 2598 2933 2669 Σωφρονίφ
2985 2598 3262 2668 μανίστρφ
3302 2593 3438 2662 (68)-

2314 2709 2362 2761 1.
2409 2703 2683 2756 Ἀπολαύει
2710 2710 2800 2755 τοῦ
2844 2708 3031 2777 καιροῦ
3079 2700 3632 2773 καὶόθεοφιλέστατος
3695 2696 3851 2753 ἀδελ-

2238 2798 2331 2867 φὸς
2379 2799 2524 2867 ἡμῶν
2593 2797 2883 2866 Γρηγὸριος
2935 2793 2960 2844 ὁ
3019 2790 3322 2876 ἐπίσκοπος·
3394 2787 3681 2844 Ὀδυνᾶται
3740 2793 3850 2866 γὰρ

2237 2887 2368 2960 μετὰ
2399 2886 2604 2937 πάντων
2643 2887 2732 2935 καὶ
2765 2882 2920 2944 αὐτὸς
2953 2880 3219 2956 ἐπηρείαις
3269 2878 3669 2943 ἀλλεπαλλὴλοις
3710 2880 3850 2952 (69),

2238 2975 2411 3046 ὥσπερ
2443 2977 2554 3025 τισὶ
2597 2971 2825 3043 πληγαῖς
2881 2967 3305 3046 ἀπροσδοκήτοις
3356 2974 3688 3042 τυπτόμενος.
3719 2968 3852 3022 Ἀν-

2155 3101 2198 3159 C
2241 3066 2438 3137 θρωποι
2474 3064 2574 3137 γὰρ
2615 3065 2686 3134 μὴ
2721 3060 3026 3133 φοϐοὑμενοι
3079 3063 3167 3112 τὸν
3222 3062 3370 3128 Θεὸν,
3398 3062 3544 3132 τάχα
3600 3078 3700 3112 που
3758 3063 3854 3112 καὶ

2237 3152 2338 3204 ὑπὸ
2393 3157 2486 3203 τοῦ
2543 3151 2788 3223 μεγέθους
2844 3157 2946 3201 τῶν
3003 3157 3174 3200 κακῶν
3233 3146 3568 3221 βιαζομενοι,
3631 3145 3854 3222 ἐπηρεά-

2241 3243 2421 3303 ζουσιν
2476 3239 2657 3310 αὐτῷ⁹
2708 3240 2773 3299 ὡς
2819 3243 3079 3311 χρήματα
3136 3242 3430 3311 Καισαρίου
3487 3235 3609 3313 παρ’
3677 3236 3851 3289 αὐτῶν

2239 3329 2522 3402 εἰληφότος.
2573 3333 2675 3381 Καὶ
2731 3328 2790 3380 οὐ
2839 3331 2896 3380 τὸ
2954 3336 3048 3390 τῆς
3099 3327 3297 3400 ζημίας
3339 3325 3508 3401 βαρύ·
3544 3325 3705 3379 πάλαι
3741 3328 3848 3400 γὰρ

2237 3419 2394 3490 ἔμαθε
2445 3418 2738 3491 χρημάτων
2794 3417 3070 3490 ὑπερορᾷν·
3127 3415 3234 3468 ἀλλ’
3285 3417 3384 3487 ὅτι,
3437 3417 3601 3492 μικρὰ
3653 3435 3848 3468 παντε-

2235 3507 2330 3568 λῶς
2362 3504 2631 3578 δεξάμενοι
2665 3513 2764 3559 τῶν
2795 3505 3011 3572 ἐκείνου,
3047 3502 3142 3558 διὰ
3183 3509 3242 3558 τὸ
3274 3505 3358 3558 ἐπὶ
3402 3505 3629 3567 οἰκέταις
3681 3505 3849 3558 αὐτοῦ

2236 3599 2476 3669 γενέσθαι
2503 3600 2588 3648 τὸν
2630 3594 2746 3668 βίον
2801 3600 2893 3648 καὶ
2942 3594 3230 3671 ἀνθρώποις
3280 3592 3433 3649 οὖδὲν
3464 3595 3672 3648 οἰκετῶν
3705 3597 3850 3668 αἱρε-

2236 3691 2475 3761 τωτέροις
2525 3689 2613 3737 τὸν
2674 3689 2864 3760 τρόπον
2895 3727 2909 3750 ,
2967 3687 3016 3736 οἱ
3081 3688 3218 3738 κατὰ
3281 3685 3472 3744 πολλὴν
3541 3681 3723 3738 ἄδειαν
3776 3687 3851 3737 τὰ

2236 3773 2481 3827 πλείστου
2547 3773 2672 3837 ἄξια
2757 3769 3184 3846 διανειμάμενοι,
3267 3773 3528 3846 ἐλάχιστα
3579 3772 3851 3835 παντελῶς

2239 3863 2519 3918 ἀπέσωσαν
2572 3866 2795 3924 τούτοιςο
2836 3863 2871 3915 οἱ
2899 3867 3195 3936 νομίζοντες
3232 3865 3341 3936 (70)
3382 3860 3573 3937 μηδενὶ
3628 3864 3849 3916 ὑποκεῖ-

2241 3957 2384 4019 σθαι,
2454 3955 2602 4016 suae;
2651 3951 2921 4006 ἀνάλωσαν
2971 3953 3043 4014 εἰς
3089 3958 3211 4014 τοὺς
3265 3950 3562 4026 δεομένους,
3601 3958 3692 4005 καὶ
3750 3949 3851 4006 διὰ

2236 4049 2330 4102 τὴν
2357 4044 2549 4096 ἑαυτῶν
2589 4047 2914 4118 προαίρεσιν,
2947 4047 3038 4094 καὶ
3094 4039 3188 4095 διὰ
3234 4047 3328 4101 τὴν
3361 4048 3532 4115 φωνὴν
3576 4050 3668 4095 τοῦ
3707 4061 3843 4094 κατι

2236 4137 2554 4207 οιχομένου.
2599 4136 2822 4204 Λέγεται
2878 4135 2980 4207 ’γὰρ
3048 4140 3201 4185 τοῦτο
3260 4132 3416 4185 εἰπεῖν
3473 4131 3846 4200 ἀποθνήσκων,

2237 4223 2317 4276 ὃτι
2377 4225 2458 4276 Τὰ
2514 4221 2612 4295 ἐμὰ
2681 4224 2854 4274 πάντα
2923 4219 3184 4295 βούλομαι
3256 4223 3498 4293 γενέσθαι
3553 4229 3651 4274 τῶν
3708 4239 3850 4274 πτω-

2236 4322 2372 4387 χῶν.
2405 4319 2494 4373 Ὡς
2523 4308 2608 4364 οὖν
2633 4307 2870 4364 διάκονοι
2902 4320 2993 4372 τῆς
3023 4311 3228 4373 ἐντολῆς
3257 4319 3347 4364 τοῦ
3382 4317 3670 4387 Καισαρίου
3699 4310 3842 4380 (71),

2237 4431 2263 4482 ὁ
2304 4429 2602 4488 ἐπίσκοπος.
2634 4426 2974 4483 Habuimus
3025 4432 3222 4500 autem
3283 4431 3515 4500 septem
3569 4427 3630 4484 in
3664 4425 3848 4500 hanc

2237 4500 2594 4579 epistolam,
2637 4515 2875 4579 _n_empe
2928 4499 3143 4579 Harl.,
3200 4496 3589 4579 Med.:,_Vat_.,
3648 4496 3844 4579 Coisl‘.

2237 4568 3314 4644 utrumqueet_Regium‘utrumque.
3346 4571 3438 4627 Sic
3477 4572 3656 4644 etiam
3705 4568 3849 4626 editi

2237 4641 2821 4716 praeterfarticulum.
2847 4641 2959 4698 Sed
2986 4641 3097 4698 etsi
3113 4641 3342 4716 magna
3383 4642 3669 4716 codicum
3689 4658 3847 4698 mss.

2238 4713 2892 4785 arctoritas,quantum
2918 4718 3121 4769 tamen
3148 4713 3261 4768 illis
3283 4715 3399 4769 hoc
3419 4713 3553 4769 loco
3581 4713 3850 4769 tribuen-

2238 4787 2385 4842 dum
2410 4787 2505 4848 sit,
2533 4783 3020 4840 examinabimus
3044 4785 3105 4840 in
3147 4786 3281 4841 Vita
3313 4786 3551 4842 Basilii.

2311 4859 2418 4928 (69)
2457 4854 2896 4928 Ἀλλεπαλλὴλοις.
2921 4859 3063 4926 Reg.
3087 4857 3390 4912 secundus
3437 4862 3493 4913 et
3540 4855 3718 4914 Cois].
3751 4871 3848 4912 re-

2239 4945 2346 4987 cen
2357 4929 2467 4984 tior
2505 4927 2822 4987 ἐπαλλήλοις,

2312 5002 2421 5072 (70)
2444 5003 2681 5060 Τούτοις,
2695 4997 2735 5072 οξ
2747 4998 3064 5072 νομίζοντες.
3087 4998 3183 5054 His
3210 4999 3272 5054 in
3297 4998 3497 5054 verbis
3514 5003 3571 5055 et
3592 5014 3851 5072 sequen-

2243 5069 2410 5128 tibus"
2431 5086 2625 5143 usque
2661 5069 2740 5144 ad
2770 5069 2924 5144 ista,
2958 5083 3048 5144 καί
3105 5078 3194 5144 νον
3241 5074 3550 5144 περιέστηκε
3604 5069 3854 5144 codices

2240 5159 2454 5200 omnes
2509 5141 2654 5198 mss.
2684 5141 2913 5215 habent
2963 5142 3260 5215 pluralem
3306 5141 3662 5198 numerum.
3694 5141 3851 5200 Editi

2243 5230 2451 5271 secum
2508 5217 2800 5286 pugnant,
2837 5213 2984 5286 dum
3028 5213 3324 5286 pluralem
3373 5229 3696 5286 numerum
3734 5230 3853 5286 ise-

2240 5283 2718 5358 quuntur'in’his
2749 5283 3438 5358 νροὶὺῃεβιανειμάμενοι,
3476 5284 3570 5338 διὰ
3596 5291 3691 5344 τὴν
3722 5285 3852 5338 ἑαυ-

2240 5357 2338 5410 τῶν
2376 5362 2718 5430 προαίρεσιν,
2771 5357 3147 5430 singularem,
3175 5357 3314 5412 vero
3366 5357 3428 5412 in
3467 5358 3594 5413 istis
3653 5359 3847 5430 τούτῳ,

2240 5426 2492 5502 νομίζων,
2522 5426 2803 5494 ἀνάλωσεν,
2833 5426 3092 5494 διάκονος,
3125 5429 3448 5502 ᾠκονόμησε.

2313 5502 2423 5570 (71)
2463 5508 2565 5553 Τοῦ
2599 5504 2913 5574 Καισαρίου.
2947 5499 3236 5574 ρυυωνὶε
3290 5499 3398 5555 sex
3453 5499 3691 5574 codices
3727 5499 3848 5555 ha-

2240 5572 2426 5628 beant
2448 5580 2538 5624 τοῡ
2573 5571 2806 5647 Κυρίου)
2840 5571 2992 5647 Harl.
3025 5579 3117 5623 τοῦ
3162 5579 3417 5647 Χριστοῦ,
3437 5571 3613 5647 nolui
3641 5579 3850 5647 tamen

3239 5647 3252 5668 τ

2243 5649 2480 5702 mutare
2497 5643 2805 5715 vulgatam
2822 5643 3340 5717 scripturam.Non
3355 5644 3516 5702 enim
3536 5644 3636 5702 hic
3647 5643 3853 5714 agitur
