4114 6414
259 333 363 390 321

1250 338 1736 395 EPISTOLARUM
1777 335 2060 395 CLASSIS
2099 339 2141 392 Ι.
2184 338 2406 398 EPIST.
2461 342 2684 399 XXXVI.

3543 345 3649 402 322

246 458 342 511 '06
369 461 474 531 μὴν
506 456 660 525 ἀλλὰ,
710 463 902 535 καίπερ
943 459 1102 524 οὕτως
1134 461 1249 532 (88)
1296 462 1484 526 ἀθλίως
1514 466 1738 536 ἔχοντες,
1790 468 1882 536 μιᾷ

2003 462 2087 518 sic
2120 465 2343 521 misere
2364 465 2567 523 afﬂicti
2591 467 2805 537 simus,
2823 481 2944 522 una
2966 465 3193 523 utimur
3222 468 3659 540 consolatione,

265 550 585 623 παραμυθίᾳ
613 552 951 623 κεχρήμεθα,
990 555 1119 626 πρὸς
1165 557 1259 612 τὴν
1304 558 1401 613 σὴν
1452 550 1658 606 ἀπιδεῖν
1694 555 1888 625 ἡμερό-

267 657 423 705 τητα,
478 643 572 690 καὶ
621 637 677 690 ἐκ
730 647 831 700 τῆς
882 649 977 703 σῆς
1026 640 1218 705 ἐννοίας
1269 648 1358 695 καὶ
1405 648 1615 716 μνήμης
1663 650 1892 711 πραῧναι

267 736 363 790 τῆς
394 727 589 800 ψυχης
635 732 695 780 τό
744 727 1083 803 λυπούμενον.
1134 731 1335 807 Ὠσπερ
1384 735 1483 807 γὰρ
1534 739 1642 795 τοῖς
1694 731 1889 804 ὀφθαλ-

268 826 407 893 μοῖς,
469 814 685 871 ἐπειδάν
748 839 875 872 ποτε
931 826 1188 884 συντόνως
1238 825 1305 875 τὰ
1362 822 1577 897 λαμπρά
1640 820 1890 874 καταϐλέ-

268 908 439 981 ψωσι,
464 912 608 981 φέρει
646 910 764 960 τινὰ
800 910 1075 983 ῥᾳστώνην
1106 915 1233 985 πρὸς
1287 914 1354 965 τὰ
1401 915 1567 965 κυανά
1605 916 1691 963 καὶ
1717 911 1889 983 χλοά-

274 1002 433 1062 ζοντα
465 1006 564 1049 τῶν
595 1000 893 1071 χρωμάτων
925 999 1234 1053 ἐπανελθεῖν·
1270 1002 1405 1053 οὕτω
1436 1007 1525 1053 καὶ
1556 1008 1671 1063 ταῖς
1702 1003 1888 1073 ἡμετέ-

274 1108 391 1162 ραις
419 1088 653 1159 ψυχαῖς,
686 1089 791 1140 οἷον
826 1092 941 1156 (89)
972 1092 1163 1165 πραεῖά
1190 1110 1272 1152 τις
1316 1093 1482 1164 ἑπαφὴ
1527 1094 1586 1143 τό
1630 1088 1887 1164 ὀδυνηρόν

279 1176 580 1250 ἐξαιροῦσα,
616 1179 645 1235 ἡ
679 1183 860 1251 μνήμη
895 1186 989 1241 τῆς
1034 1188 1134 1242 σῆς
1174 1185 1470 1255 πραότητος
1500 1185 1590 1233 καὶ
1622 1179 1889 1253 ἐμμελείας

282 1265 407 1319 ἔστί·
469 1272 559 1319 καὶ
618 1267 856 1339 μάλιστα
913 1270 1035 1321 ὅταν
1089 1268 1475 1344 ἐνθυμηθῶμεν,
1527 1271 1608 1323 ὅτι
1650 1274 1708 1323 τὸ
1753 1272 1888 1322 κατά

273 1360 491 1409 σεαυτὸν
531 1356 671 1409 ἅπαν
703 1356 1029 1433 ἐπλήρωσας.
1056 1358 1149 1422 Ἐξ
1191 1360 1259 1412 ὧν
1290 1362 1478 1421 ἱκανῶς
1507 1364 1597 1412 καὶ
1626 1361 1751 1432 ἡμῖν
1782 1366 1887 1421 τοῖς

264 1444 589 1521 ἀνθρωποις,
634 1444 721 1498 ἐὰν
752 1446 1081 1521 εὐγνωμόνως
1114 1448 1228 1520 (90)
1267 1451 1334 1502 τὰ
1363 1450 1651 1523 πράγματα
1693 1451 1884 1521 κρίνω-

261 1554 368 1608 μει,
405 1538 481 1595 ὡς
511 1531 668 1588 οὐδὲν
718 1534 773 1588 ἐκ
825 1545 923 1597 τῆς
972 1544 1071 1598 σῆς
1110 1542 1277 1599 αἰτίας
1318 1537 1574 1591 ἀπόλωλεν
1629 1534 1881 1600 ἐνεδείξω·

260 1629 351 1677 καὶ
377 1626 531 1698 παρά
561 1632 679 1697 Θεῷ
708 1633 801 1687 τῆς
828 1634 929 1678 τῶν
968 1626 1135 1679 καλῶν
1173 1630 1473 1701 προθυμίας
1496 1631 1659 1702 μέγαν
1684 1634 1883 1698 σεαυτῷ

260 1716 348 1767 τόν
373 1716 575 1786 μισθόν
606 1718 939 1773 κατεκτήσω,
979 1721 1278 1791 Χαρίσαιτο
1313 1714 1374 1769 δέ
1405 1736 1463 1770 σε
1493 1719 1618 1790 ἡμῖν
1649 1721 1738 1770 καὶ
1768 1724 1884 1779 ταῖς

2000 557 2065 609 ut
2095 555 2493 627 respiciamus
2538 556 2617 612 ad
2659 562 2826 613 tuam
2872 556 3432 626 mansuetudinem,
3474 574 3544 613 ac
3576 558 3661 614 tui

2001 644 2365 712 cogitatione
2383 651 2439 701 et
2462 646 2884 702 recordatione
2913 645 3185 701 dolorem
3214 646 3400 701 animi
3425 646 3661 717 mitige-

1999 747 2162 789 mus.
2204 735 2735 798 Quemadmodum
2782 735 2944 791 enim
2990 734 3214 804 oculis,
3254 740 3659 808 posteaquam

1998 822 2224 877 intente
2251 839 2347 878 res
2370 823 2724 895 splendidas
2752 826 3536 896 conspexere,recreationis
3553 824 3661 881 ali-

1999 910 2144 981 quid
2177 911 2350 967 aﬂ‘ert
2372 912 2451 968 ad
2485 913 2774 969 caeruleos
2806 929 2873 967 ac
2905 914 3127 968 virides
3161 913 3392 969 colores
3422 914 3618 969 redire
3645 931 3659 983 ;

1997 999 2080 1055 ita
2108 1017 2352 1074 quoque
2394 1003 2614 1058 animis
2644 1005 2870 1059 nostris
2902 1003 3088 1059 veluti
3118 1003 3347 1060 blanda
3377 1004 3658 1076 quaedam

1998 1094 2391 1148 contrectatio
2418 1093 2692 1149 dolorem
2720 1093 3348 1164 abigens,recordatio
3371 1098 3486 1149 tute
3515 1094 3664 1150 leni-

1995 1182 2134 1236 tatis
2166 1196 2237 1236 ac
2275 1180 2599 1252 diligentiae
2627 1186 2718 1239 est
2742 1199 2754 1249 ;
2783 1187 2840 1239 et
2860 1184 3123 1239 maxime
3146 1199 3285 1238 cum
3308 1184 3517 1239 omnia
3537 1200 3575 1241 a
3602 1187 3658 1240 te

1995 1284 2105 1342 pro
2136 1269 2287 1326 virili
2313 1270 2475 1327 facta
2504 1287 2638 1328 esse
2683 1272 3164 1329 consideremus.
3201 1276 3285 1329 Ex
3325 1273 3550 1345 quibus
3600 1277 3660 1331 et

1994 1356 2239 1414 abunde
2264 1359 2443 1415 nobis
2470 1359 2845 1425 hominibus,
2865 1359 2914 1415 si
2942 1360 3017 1416 de
3042 1360 3226 1416 rebus
3246 1377 3422 1434 aequo
3448 1361 3657 1419 animo

1990 1446 2361 1518 judicemus,
2393 1448 2544 1505 nihil
2572 1450 2755 1523 culpa
2784 1455 2889 1506 tua
2920 1450 3168 1523 periisse
3203 1451 3557 1521 ostendisti;
3602 1456 3660 1509 et

1993 1537 2159 1609 apud
2199 1541 2385 1594 Deum
2418 1538 2501 1594 tui
2540 1538 2846 1596 bonarum
2894 1555 3098 1595 rerum
3132 1540 3316 1596 studii
3363 1556 3655 1610 magnam

1993 1625 2100 1683 tibi
2132 1628 2477 1683 mercedem
2510 1629 2904 1701 comparasti.
2937 1629 3180 1686 Utinam
3212 1633 3415 1686 autem
3448 1646 3658 1687 conce-

1992 1715 2099 1771 dat
2127 1722 2181 1773 te
2213 1718 2389 1774 nobis
2412 1722 2469 1774 et
2488 1718 2615 1774 suis
2642 1718 2910 1775 ecclesiis
2937 1720 3228 1775 Dominus
3248 1720 3327 1776 ad
3340 1719 3657 1777 utilitatem

262 1802 449 1857 έαυτοῦ
477 1802 794 1867 ἐκκλησίαις
821 1806 848 1857 ό
878 1808 1081 1879 Κύριος,
1127 1805 1206 1858 ἐπ’
1237 1806 1452 1879 ὠφελείᾳ
1498 1814 1591 1859 τοῦ
1639 1806 1763 1879 βίου
1794 1811 1882 1859 καί

1995 1806 2131 1861 vitae
2175 1806 2496 1863 hominum
2528 1812 2585 1863 et
2616 1808 3106 1865 emendationem
3136 1811 3485 1866 animarum
3514 1826 3658 1866 nos-

256 1888 555 1963 διορθώσει
581 1899 685 1944 τῶν
710 1891 902 1964 ψυχῶν
928 1895 1097 1965 ἡμῶν,
1117 1898 1208 1947 καὶ
1238 1894 1581 1958 καταξιὼσειε
1608 1893 1762 1947 πάλιν
1792 1903 1884 1956 τῆς

252 1979 555 2053 ἕπωφελοῦς
593 1986 893 2055 συντυχίας
927 2001 1021 2035 σου
1036 2028 1050 2041 ,

824 2131 1162 2181 ΕΠΙΣΤΟΛΗ
1202 2125 1324 2183 ΛΗ.

1991 1898 2245 1965 trarum,
2266 1896 2566 1969 nobisque
2586 1896 2807 1954 iterum
2836 1897 3119 1969 dignetur
3148 1903 3319 1956 tuum
3340 1898 3655 1971 perutilem

1990 1998 2389 2055 congressum
2419 1986 2774 2043 concedere.

2514 2130 2851 2187 EPISTOLA
2892 2129 3116 2186 XXXV‘.

986 2252 1380 2309 Commendat
1402 2252 1717 2309 Leontium
1742 2251 2015 2309 Basilius
2044 2259 2333 2326 tanquam
2358 2254 2620 2311 alterum
2648 2256 2932 2325 seipsum.

642 2376 1044 2451 ’Δνεπίγραφος,
1069 2379 1199 2451 ὑπὲρ
1231 2382 1500 2433 Λεοντίου.

325 2505 459 2578 Περὶ
506 2500 713 2555 πολλῶν
766 2504 879 2574 μὶν,
930 2504 999 2565 ὡς
1061 2499 1412 2579 διὰφερόντων
1455 2523 1565 2576 μοι,
1612 2504 1883 2558 ἑπέστειλά

258 2611 366 2659 σοι,
407 2596 530 2667 περὶ
581 2591 827 2644 πλειόνων
879 2588 938 2644 δε
980 2596 1070 2644 καὶ
1118 2591 1391 2649 ἐπιστελῶ,
1446 2596 1580 2646 Οὔτε
1609 2596 1712 2667 γὰρ
1762 2598 1882 2657 τοὺς

260 2679 535 2755 δεομνους
580 2682 835 2735 ἐπιλιπεῖν
869 2678 1112 2749 δυνατόν,
1154 2687 1268 2736 οὔτε
1299 2685 1441 2756 ἡμᾶς
1490 2683 1763 2759 ἀρνεῖσθαι
1787 2690 1881 2744 τὴν

247 2775 425 2846 χάριν
457 2774 566 2825 οἶόν
592 2790 667 2826 τε.
717 2770 796 2823 Οὐ
844 2775 949 2843 μήν
996 2770 1112 2824 ἔστί
1159 2792 1239 2833 τις
1283 2772 1592 2846 οἰκειότερός
1624 2792 1736 2846 μοι,
1768 2777 1882 2827 οὔτε

251 2861 457 2934 μᾶλλον
486 2860 789 2913 ἀναπαῦσαί
821 2879 887 2933 με
916 2858 992 2932 ἐφ’
1022 2860 1096 2921 οἷς
1125 2859 1186 2912 ἀν
1216 2856 1270 2913 εὖ
1304 2881 1355 2913 τι
1380 2862 1541 2913 πάθοι
1570 2864 1684 2933 (9t)
1720 2858 1880 2914 δυνά-

260 2968 451 3023 μενος,
490 2956 585 3001 τοῦ
629 2946 1045 3023 αἱδεσιμωτάτου
1100 2946 1325 3023 ἀδελφοῦ
1371 2955 1635 3004 Λεοντίου·
1681 2950 1742 3003 οὖ
1786 2956 1880 3012 τὴν

265 3039 452 3092 οἰκίαν
484 3038 616 3090 οὕτω
639 3035 835 3109 διάθες,
869 3041 940 3101 ὡς
968 3038 1028 3091 ἂν
1060 3039 1103 3092 εἰ
1131 3039 1287 3092 αὐτόν
1320 3039 1406 3113 ἐμὲ
1434 3040 1771 3109 καταλάϐοις,
1805 3046 1876 3114 μή

260 3127 320 3181 ἐν
345 3136 410 3201 τῇ
445 3134 591 3199 πενίᾳ
609 3131 800 3202 ταύτῃ,
827 3127 876 3180 ἐν
957 3135 1045 3181 νῦν
1077 3128 1181 3202 εἰμι
1208 3132 1303 3182 σὺν
1337 3137 1472 3201 Θεῷ,
1501 3128 1609 3183 ἀλλ’
1637 3130 1881 3205 εὐπορίας

247 3221 400 3280 τινὸς
424 3216 815 3291 ἐπειλημμένον,
848 3222 941 3270 καὶ
981 3217 1176 3294 ἀγροὺς
1203 3223 1534 3292 κεκτημένον.
1569 3220 1728 3279 Δῆλον
1752 3224 1878 3295 γὰρ,

246 3308 341 3361 ὅτι
370 3306 469 3360 οὐκ
500 3306 562 3359 ἃν
592 3306 850 3369 ἐποίησάς
887 3327 952 3381 με
992 3310 1210 3376 πένητα,
1258 3307 1366 3361 ἀλλ’
1412 3307 1664 3381 ἐφύλαξας
1716 3308 1777 3361 ἄν
1814 3312 1882 3363 τὰ

245 3401 517 3471 παρόντκ,
549 3398 579 3456 ἣ
614 3396 875 3459 ἐπέτεινας
904 3400 996 3456 τὴν
1038 3397 1307 3471 εὐπορίαν.
1336 3405 1502 3451 Τοῦτο
1532 3394 1621 3450 οὖν
1654 3403 1880 3459 ποιῆσαί

250 3506 317 3539 σε
337 3490 433 3539 καὶ
465 3484 515 3538 ἓν
541 3493 605 3558 τῇ
630 3490 979 3562 προειρημένῃ
1009 3505 1100 3559 μοι
1131 3486 1273 3560 οἰκίᾳ
1297 3494 1388 3540 τοῦ
1422 3484 1614 3561 ἀνδρὸς
1642 3507 1879 3562 παρακα-

245 3576 470 3649 λοῦμεν.
502 3577 713 3638 Μισθὸς
745 3572 805 3628 δέ
849 3595 935 3628 σοι
971 3576 1099 3649 ὑπερ
1148 3578 1354 3629 πάντων
1397 3578 1423 3629 ὁ
1474 3579 1703 3638 συνήθης
1752 3577 1878 3653 παρ’

250 3666 411 3740 ἐμοῦ,
435 3667 574 3739 εὖχή
602 3669 736 3741 πρὸς
755 3668 845 3719 τὸν
870 3666 1021 3739 ἅγιον
1050 3669 1178 3720 Θεὸν
1208 3667 1336 3742 ὑπερ
1366 3668 1433 3719 ὧν
1465 3668 1697 3741 κάμνεις,
1720 3668 1878 3730 καλός

248 3777 313 3811 τε
336 3761 431 3810 καὶ
462 3756 661 3829 ἀγαθὸς
690 3756 780 3826 ὢν,
812 3761 905 3811 καὶ
952 3756 1329 3833 προλαμϐάνων
1363 3760 1457 3821 τὰς
1495 3758 1731 3823 αἰτήσεις
1774 3766 1875 3812 τῶν

250 3844 295 3901 δ
298 3850 541 3921 εομένων.

816 4121 1161 4170 ΕΠΙΣΤΟΛΗ
1203 4114 1323 4181 Λς’.

2333 2382 2473 2436 Sine
2502 2381 2918 2451 inscriptione,
2946 2381 3019 2437 de
3047 2382 3314 2437 Leontio.

2065 2504 2145 2558 De
2176 2502 2384 2559 multis
2427 2502 2699 2575 quidem,
2730 2508 2797 2559 ut
2826 2502 2907 2561 ad
2937 2519 3035 2559 me
3064 2502 3509 2575 pertinentibus
3540 2502 3653 2560 tibi

1994 2592 2211 2664 scripsi
2242 2609 2255 2647 :
2291 2592 2396 2648 sed
2427 2596 2485 2648 et
2514 2592 2588 2648 de
2614 2592 2894 2664 pluribus
2917 2592 3372 2650 scribam.Nam
3392 2609 3503 2648 nec
3524 2592 3652 2649 ﬁeri

1992 2686 2188 2752 potest
2215 2684 2278 2737 ut
2305 2681 2645 2752 indigentes
2667 2682 2901 2747 desint;
2922 2698 3033 2738 nec
3061 2682 3520 2739 mihibeneﬁcia
3550 2682 3652 2739 de-

1990 2784 2215 2839 negare
2245 2769 2569 2840 integrum.
2608 2772 2651 2840 1
2671 2769 2782 2842 14
2814 2774 2943 2826 Non
2970 2774 3062 2827 est
3091 2776 3295 2827 tamen
3317 2771 3648 2843 quisquam

1991 2858 2141 2916 mihi
2178 2858 2582 2929 conjunctior,
2616 2864 2673 2915 et
2711 2860 2815 2932 qui
2845 2875 2964 2931 me,
3008 2860 3056 2916 si
3092 2860 3241 2933 quid
3272 2860 3326 2916 ei
3356 2876 3648 2932 prospere

1991 2948 2247 3020 eveniat,
2282 2948 2479 3019 magis
2504 2948 2806 3005 consolari
2837 2949 3048 3021 possit,
3076 2965 3264 3022 quam
3296 2949 3647 3006 colendissi-

1990 3053 2127 3093 mus
2166 3036 2348 3094 frater
2397 3038 2717 3093 Leontius:
2751 3038 2924 3109 cujus
2965 3037 3220 3094 domum
3269 3038 3353 3094 ita
3385 3039 3644 3111 suscipe,

1989 3125 2167 3197 quasi
2198 3126 2626 3198 memetipsum
2648 3131 2863 3182 nactus
2890 3125 3104 3182 fuisses
3134 3142 3259 3183 non
3298 3128 3361 3182 in
3400 3142 3474 3182 ea
3494 3142 3647 3200 pau-

1989 3218 2248 3288 pertate,
2271 3216 2331 3272 in
2361 3232 2488 3289 qua
2524 3231 2689 3271 nunc
2722 3215 2928 3272 divino
2950 3215 3250 3273 beneﬁcio
3277 3232 3508 3288 versor,
3540 3216 3649 3273 sed

1989 3304 2367 3377 opulentiam
2418 3305 2756 3377 quamdam
2809 3309 3227 3373 consecutum,
3297 3311 3352 3363 et
3418 3306 3650 3379 praedia

1988 3394 2420 3465 possidentem.
2452 3397 2601 3451 Nam
2644 3393 2851 3467 palam
2900 3398 2991 3451 est
3034 3394 3181 3462 fore,
3211 3399 3276 3451 ut
3312 3411 3649 3469 pauperem

1989 3498 2088 3539 me
2106 3498 2230 3540 non
2256 3484 2615 3551 faceres,sed
2632 3501 2907 3542 servares
2926 3485 3263 3558 praesentia,
3283 3490 3387 3542 aut
3406 3487 3649 3559 copiam

1990 3591 2245 3647 augeres
2268 3618 2281 3631 .
2324 3579 2445 3632 Hoc
2484 3577 2693 3649 itaque
2735 3576 2923 3633 facias
2976 3577 3159 3633 etiam
3198 3576 3503 3649 praedictis
3541 3578 3651 3635 viri

1988 3665 2204 3723 domui
2245 3681 2555 3739 rogamus.
2605 3668 2724 3723 Erit
2779 3676 2983 3723 autem
3023 3666 3128 3722 tibi
3174 3682 3211 3723 a
3261 3682 3360 3723 me
3398 3683 3510 3740 pro
3554 3668 3649 3723 his

1988 3755 2277 3812 omnibus
2325 3759 2610 3812 consueta
2636 3771 2890 3823 merces,
2932 3771 3142 3828 preces
3171 3755 3252 3811 ad
3282 3758 3469 3813 Deum
3513 3772 3650 3813 san-

1989 3848 2153 3901 ctum
2186 3859 2298 3916 pro
2330 3843 2667 3912 laboribus,
2701 3860 2855 3917 quos
2912 3844 3172 3917 suscipis
3221 3844 3458 3901 bonum
3497 3849 3553 3901 te
3591 3849 3650 3903 et

1986 3932 2250 4007 probum
2281 3933 2581 4007 praebens,
2610 3950 2682 3992 ac
2711 3933 3030 4006 petitiones
3056 3933 3460 4005 indigentium
3483 3939 3649 3993 ante-

1988 4028 2248 4082 vertens.

2472 4114 2819 4173 EPISTOLA
2862 4116 3153 4174 XXXVI".

252 4238 453 4311 Rogat
476 4239 768 4310 Basilius,
803 4245 868 4296 ut
893 4239 1246 4312 presbytero
1275 4241 1380 4315 qui
1409 4256 1546 4297 cum
1570 4241 1698 4310 ipso
1727 4240 2018 4315 educatus
2042 4239 2249 4309 fuerat
2273 4238 2442 4309 eique
2464 4238 2547 4295 ad
2585 4240 2808 4296 victum
2847 4240 3055 4297 labore
3083 4255 3190 4296 suo
3231 4240 3639 4307 ministrabat,

1459 4328 1619 4370 nova
1649 4312 2029 4386 percequatio
2056 4325 2178 4368 non
2210 4316 2443 4366 noceat.

567 4434 964 4512 ’Δνεπίγραφος,
1008 4436 1091 4491 ἐπὶ
1129 4437 1407 4511 ἐπικουρίᾳ
1435 4437 1569 4509 (92).

321 4559 385 4615 Ὀ
424 4559 775 4636 πρεσϐύτερος
827 4569 920 4614 τοῦ
968 4567 1173 4637 χωρίου
1221 4559 1399 4631 τοῦδε,
1435 4562 1604 4635 οἶμαι,
1642 4562 1724 4614 ὅτι
1773 4563 1877 4613 πά-

249 4650 340 4704 λαι
398 4653 663 4724 ἔγνωσται
712 4660 776 4725 τῇ
834 4652 1062 4726 εὐγενείᾳ
1111 4673 1226 4722 σου,
1284 4657 1362 4706 ὅτι
1406 4651 1546 4706 ἐστὶν
1596 4650 1709 4725 ἐμοὶ
1760 4654 1876 4703 σύν-

248 4760 463 4816 τροφός.
520 4745 586 4793 Τί
642 4738 730 4793 οὖν
778 4741 901 4794 ἄλλο
961 4738 1043 4796 δεῖ
1090 4762 1153 4815 με
1210 4743 1368 4796 εἰπεῖν
1416 4746 1548 4817 πρὸς
1601 4745 1659 4794 τό
1700 4738 1875 4793 δυσω-

248 4836 433 4892 πῆσαί
478 4849 578 4883 σου
614 4836 711 4889 τὴν
758 4835 1131 4906 χρηστότητα,
1170 4833 1369 4894 οἰκείως
1408 4832 1564 4885 αὐτὸν
1616 4828 1745 4884 ἰδεῖν
1786 4835 1877 4884 καὶ

252 4920 541 4995 βοηθῆσαι
586 4920 727 4993 αὐτῷ
785 4922 857 4985 εἰς
915 4925 982 4975 τὰ
1033 4924 1358 4999 πράγματας
1420 4922 1483 4975 Εἰ
1530 4924 1620 4995 μὲν
1658 4924 1759 4996 γὰρ
1790 4921 1878 4994 ἐμὲ

254 5010 514 5092 ἆγαπᾴςη
546 5013 722 5086 ὥσπερ
778 5008 867 5066 οὖν
922 5011 1146 5087 ἀγαπᾷς,
1200 5011 1446 5073 δηλονότι
1488 5016 1574 5065 καὶ
1626 5011 1714 5075 οὓς
1769 5010 1877 5064 ἀντ’

267 5320 289 5333 ἡ
326 5249 442 5318 (88)
483 5249 687 5321 Καίπερ
736 5245 922 5307 οὕτως.
976 5246 1069 5302 Sic
1119 5263 1269 5302 mss.
1314 5262 1438 5302 sex.
1489 5245 1645 5302 Editi
1684 5249 1869 5321 καίπερ
1896 5238 1925 5243 ’ν

256 5336 434 5379 οπως.

326 5392 437 5461 (89)
476 5386 630 5443 Οἴον.
665 5388 759 5444 Sic
792 5388 979 5443 etiam
1012 5405 1158 5443 mss.
1188 5404 1313 5444 sex.
1343 5387 1497 5443 Editi
1522 5388 1627 5445 οἷα.

297 5457 432 5547 ,(90)
476 5463 599 5516 Ἐὰν
642 5460 1005 5533 εὐγνωμόνως.
1058 5460 1149 5516 Sic
1209 5477 1355 5515 mss.
1399 5475 1526 5515 sex.
1576 5458 1726 5514 Editi
1777 5457 1870 5510 κᾶν

264 5540 607 5608 επῶρωμὸνως.

331 5598 433 5680 (91')
472 5607 588 5680 Ἐφ’
630 5601 716 5680 οἷς
748 5602 811 5655 ἂν
854 5598 1001 5680 seu
1035 5604 1218 5680 πάθοιἶ
1256 5603 1545 5674 Corrupte
1571 5601 1647 5680 _in
1700 5599 1872 5656 editis

262 5672 333 5748 ἐφ’
360 5672 425 5743 οἷς
448 5680 513 5735 ἂν
537 5672 624 5756 μὴ
660 5674 718 5732 εὖ
749 5695 807 5729 τι
833 5674 1083 5747 πάθοιμι.
1116 5674 1341 5732 Vulnus
1374 5672 1727 5731 sahavimus
1756 5687 1872 5744 ope

2272 4433 2415 4490 Sine
2454 4436 2868 4505 inscriptione,
2896 4437 3116 4493 auxilii
3153 4451 3356 4493 causa.

2057 4561 2302 4618 Novisse
2328 4559 2699 4632 jamdudum
2730 4559 3103 4616 nobilitatem
3152 4564 3318 4617 tuam
3364 4559 3641 4629 arbitror,

1984 4649 2101 4707 loci
2130 4650 2286 4705 illius
2323 4648 2745 4722 presbyterum
2781 4665 2905 4704 una
2943 4665 3187 4705 mecum
3212 4648 3397 4705 fuisse
3426 4648 3645 4705 educa-

1984 4744 2137 4796 tum.
2189 4738 2346 4805 Quid
2383 4739 2562 4808 igitur
2606 4737 2772 4794 aliud
2810 4737 3139 4793 dicendum
3171 4738 3319 4794 mihi
3363 4746 3471 4807 est,
3520 4755 3643 4812 quo

1986 4828 2424 4899 benignitatem
2448 4833 2614 4883 tuam
2629 4842 2894 4893 exorem,
2912 4832 2980 4884 ut
3003 4827 3210 4883 videas
3235 4827 3405 4884 illum
3427 4829 3642 4899 amice,

1988 4924 2169 4991 atque
2191 4917 2244 4974 ei
2268 4917 2345 4973 ad
2371 4916 2614 4986 negotia
2635 4931 2815 4987 opem
2837 4915 3034 4972 feras?
3066 4917 3123 4972 Si
3146 4917 3307 4973 enim
3330 4934 3427 4975 me
3446 4934 3638 4987 amas,

1988 5014 2055 5066 ut
2081 5008 2352 5082 profecto
2380 5022 2587 5075 amas;
2620 5021 2745 5062 non
2787 5005 3035 5063 dubium
3067 5006 3215 5080 quin
3253 5012 3311 5066 et
3346 5025 3502 5083 quos
3549 5024 3646 5066 eo-

1948 5238 1961 5244 ’
1981 5240 2259 5297 codicum
2291 5242 2431 5309 Reg.
2454 5236 2702 5309 secundi
2722 5241 2779 5293 et
2801 5238 3151 5296 Coisliniani
3173 5241 3446 5297 secundi.
3470 5244 3642 5297 Deest

1980 5313 2161 5385 etiam
2193 5305 2436 5385 negatio
2482 5315 2619 5385 ante
2651 5305 2704 5385 εᾷ
2730 5328 2781 5361 τι
2810 5311 2873 5365 in
2915 5313 3341 5385 antiquissimo
3373 5311 3551 5368 Coisl.
3584 5317 3642 5368 et

1980 5383 2152 5448 Med.,
2183 5382 2291 5437 sed
2320 5387 2567 5453 uterque
2598 5380 2800 5454 habet,
2835 5386 2901 5437 ut
2927 5380 3087 5454 editi,
3121 5386 3367 5454 πάθοιμι.

2052 5458 2166 5530 (_9_2)
2209 5454 2533 5530 Ἐπικουρίᾳ,
2582 5452 2730 5508 Editi
2776 5452 3079 5530 ἐπικουρίας
3112 5452 3319 5510 contra
3364 5452 3638 5508 omnium

1980 5525 2260 5583 codicum
2290 5525 2498 5579 ﬁdem.

2052 5601 2072 5620 '
2093 5598 2255 5653 Alias
2283 5596 2635 5663 CCXXXVI,
2671 5595 2894 5667 scripta
2922 5599 3059 5651 ante
3086 5595 3528 5667 episcopatum.

2052 5668 2271 5727 “Alias
2297 5667 2648 5734 CCXXVIll,
2672 5668 2895 5739 scripta
2915 5671 3054 5723 ante
3083 5666 3528 5740 episcopatum.
