4114 6394
516 291 619 346 323

1904 275 1964 334 S.
2003 271 2258 330 BASILII
2295 270 2519 330 MAGNI

3789 275 3908 332 32i-

516 412 658 470 dem
682 409 818 466 loco
850 421 921 464 ac
940 403 1244 479 meipsuin
1256 404 1478 474 habeo,
1493 403 1632 461 totis
1657 401 1880 459 viribus
1900 413 2161 457 recreare

2289 395 2516 469 ἐμαυτοῦ
2545 397 2656 468 (93)
2703 398 2833 470 ἔχω,
2867 395 3169 450 ἀναπαῦσαι
3197 395 3344 470 πάσῃ
3379 391 3601 472 δυνάμει
3639 405 3907 475 προαιρῇ.

517 500 773 559 coneris.
807 497 960 565 Quid
986 497 1166 568 igitur
1192 500 1284 552 est
1300 495 1465 569 quod
1485 495 1752 564 rogo?Ut
1777 492 1829 548 ei
1850 488 2175 561 descriptio

517 593 771 664 antiqua
811 592 1100 644 servetur.
1136 586 1452 642 Enimvero
1492 601 1616 641 non
1661 598 1876 656 parum
1914 581 2173 648 laborat,

517 681 667 739 mihi
694 679 772 736 ad
802 678 1032 734 victum
1065 675 1444 745 ministrans,
1477 689 1549 730 eo
1581 672 1749 746 quod
1776 686 1910 743 ego,
1940 674 2004 725 ut
2042 669 2176 741 ipse

516 771 653 840 scis,
693 768 843 825 nihil
881 766 1197 840 proprium
1244 763 1544 830 habeam,
1587 761 1695 818 sed
1743 761 2082 817 amicorum
2120 761 2178 814 et

514 858 998 931 propinquorum
1030 854 1212 910 rebus
1246 857 1572 910 sustenter.
1603 855 1809 924 Itaque
1830 848 2177 923 perindeut

515 963 738 1016 meam,
767 948 890 1001 imo
917 950 982 1000 ut
1007 949 1174 999 tuam
1201 942 1360 998 habe
1389 941 1572 1014 hujus
1596 940 1797 996 fratris
1817 939 2095 1003 domum,
2119 941 2174 993 et

512 1051 624 1108 pro
645 1034 864 1091 collato
889 1033 950 1088 in
981 1048 1121 1088 eum
1144 1030 1437 1087 beneﬁcio
1460 1029 1750 1103 praebebit
1779 1031 1934 1086 Deus
1959 1031 2016 1083 et
2044 1025 2168 1089 tibi,

511 1130 568 1181 et
592 1123 822 1195 domui,
840 1127 897 1178 et
917 1122 1022 1178 toti
1044 1125 1143 1177 tuo
1172 1121 1376 1191 generi
1401 1135 1583 1192 opem
1605 1121 1977 1174 consuetam.
2009 1115 2171 1172 Scias

510 1218 714 1271 autem
747 1212 892 1268 mihi
923 1227 1175 1284 prorsus
1203 1227 1366 1267 curae
1397 1225 1555 1276 esse,
1583 1213 1648 1264 ut
1669 1225 1739 1264 ex
1770 1204 2170 1282 peraequatio-

506 1320 584 1361 ne
607 1303 776 1360 nulla
803 1303 945 1359 huic
969 1302 1100 1359 viro
1134 1301 1358 1373 injuria
1386 1299 1698 1356 inferatur.

991 1479 1340 1537 EPISTOLA
1377 1476 1681 1533 XXXVII'.

2286 493 2347 541 Ti
2411 484 2498 541 οὖν
2548 487 2688 541 ἐστιν
2737 491 2764 541 ὅ
2820 487 3148 562 παρακαλῶ;
3205 486 3550 560 Φυλαχθῆναι
3603 491 3742 562 αύτῷ
3798 495 3906 550 τὴν

2285 577 2510 631 παλαιὰν
2552 577 2877 653 ἀπογραφήν.
2923 583 3023 632 Καὶ
3069 580 3170 652 γὰρ
3221 582 3310 631 καὶ
3353 580 3538 651 κάμνει
3577 580 3635 632 ού
3674 585 3910 654 μετρίως

2286 669 2411 740 ἡμῖν
2479 669 2749 742 ὑπηρετῶν
2823 669 2951 742 πρὸς
3002 670 3090 720 τόν
3143 666 3280 740 βίον,
3349 663 3443 720 διὰ
3502 672 3561 720 τὸ
3617 671 3776 742 ἡμᾶς,
3830 673 3909 731 ὡς

2287 758 2439 821 αὐτὸς
2489 756 2794 826 ἐπίστασαι,
2836 754 3003 831 μηδὲν
3059 758 3351 816 κεκτῆσθαι
3396 754 3556 825 ἴδιον,
3605 758 3732 812 ἀλλὰ
3782 766 3907 823 τοῖς

2283 856 2384 899 τῶν
2433 847 2589 920 φίλων
2647 853 2736 900 καὶ
2800 855 3062 920 συγγενῶν
3123 845 3400 922 ἀρκεῖσθαι
3455 849 3588 918 (94).
3662 847 3746 910 Ὠς
3804 856 3907 902 οῦν

2283 935 2402 1010 ἐμὸν
2437 935 2599 1005 οἶκον,
2648 937 2839 1011 μᾶλλον
2899 933 2957 989 δε
3016 940 3081 998 ὡς
3127 937 3336 1005 ἑαυτοῦ,
3390 937 3524 990 οὕτω
3581 940 3745 991 θέασα
3799 942 3903 991 τὸν

2279 1034 2371 1078 τοῦ
2411 1022 2636 1099 ἀδελφοῦ
2684 1023 2862 1079 τοῦδεο
2902 1029 2992 1078 καὶ
3050 1023 3165 1078 ἀντὶ
3212 1033 3309 1087 τῆς
3352 1024 3424 1086 εἰς
3468 1025 3622 1078 αὐτόν
3655 1026 3903 1089 εὐποιίας

2279 1115 2488 1190 παρέξει
2542 1119 2672 1179 Θεὸς
2728 1120 2818 1168 καὶ
2879 1121 2984 1184 σοὶ,
3045 1120 3136 1168 καὶ
3188 1116 3335 1188 οῖκῳ,
3385 1120 3475 1168 καὶ
3539 1120 3672 1188 γένει
3731 1121 3904 1170 παντί

2283 1223 2378 1256 σου
2407 1209 2501 1262 τὴν
2534 1206 2734 1262 συνήθη
2769 1202 3018 1277 βοήθειαν
3052 1204 3187 1268 (95).
3236 1209 3464 1256 Γίνωσκε
3507 1201 3568 1257 δέ
3612 1224 3704 1278 μοι
3750 1207 3900 1258 πάνυ

2279 1291 2510 1366 ἐπιμελὲς
2543 1295 2694 1364 εἶναι,
2725 1289 2892 1367 μηδὲν
2933 1291 2988 1346 ἐκ
3019 1302 3112 1355 τῆς
3164 1291 3455 1357 ἔξισώσεως
3497 1291 3904 1370 ἐπηρεασθῄαι

2277 1385 2364 1435 τὸν
2398 1384 2689 1456 ἄνθρωπον.

2830 1475 3159 1525 ΕΡΙΣΤΟΛΗ
3201 1470 3327 1529 ΔΖ’.

1329 1576 1803 1634 Commendatur
1827 1574 1982 1631 idem
2015 1571 2355 1642 presbyter.
2382 1570 2704 1645 eademque
2742 1570 2816 1627 de
2853 1585 3060 1629 causa.

542 1679 688 1738 Sine
709 1678 1112 1751 inscriptione,
1145 1691 1331 1734 causa
1360 1676 1532 1732 illius
1571 1675 1676 1747 qui
1704 1688 1902 1730 secum
1923 1673 2131 1744 fuerat
2198 1675 2239 1729 Β

1177 1766 1504 1823 enutritus.

580 1861 939 1934 Suspectam
979 1857 1111 1930 jam
1151 1855 1351 1914 habeo
1393 1853 1789 1926 epistolarum
1835 1849 2168 1908 multitudi-

443 1960 447 1961 '
505 1965 668 2006 nem.
683 1954 764 2005 Ac
787 1945 1573 2019 vehementerquidem,nec
1593 1942 1925 2016 petentium
1940 1941 2168 2013 impor-

504 2040 824 2097 tunitatem
846 2036 1332 2106 ferens,clamare
1355 2049 1562 2105 cogor.
1580 2033 1693 2090 Sed
1719 2037 1922 2089 tamen
1942 2030 2162 2103 scribo,

504 2146 644 2186 cum
667 2127 851 2185 aliam
873 2127 993 2183 mei
1018 2125 1381 2198 expediendi
1402 2124 1565 2181 viam
1586 2123 1853 2180 invenire
1874 2137 2000 2178 non
2028 2137 2164 2194 pos-

507 2220 837 2291 sim,quam
857 2218 906 2274 si
925 2216 1066 2272 dem
1084 2215 1198 2271 illis
1214 2214 1443 2272 litteras
1469 2212 1886 2283 ﬂagitantibus
1903 2210 2162 2267 subinde

504 2325 542 2366 a
570 2307 1014 2364 nobis.Vereor
1036 2305 1241 2377 itaque
1268 2321 1366 2374 ne,
1394 2303 1539 2376 quia
1573 2300 1746 2358 multi
1774 2301 2002 2358 litteras
2023 2316 2160 2372 per-

502 2396 722 2465 ferunt,
748 2411 908 2451 unus
932 2411 962 2450 e
981 2393 1183 2450 multis
1213 2392 1588 2449 existimetur
1615 2395 1671 2448 et
1692 2389 1877 2447 frater
1900 2389 2019 2445 ille.
2036 2390 2160 2459 Ego

504 2485 670 2542 enim
705 2483 927 2540 multos
966 2483 1114 2539 mihi
1153 2483 1214 2538 in
1251 2481 1451 2554 patria
1487 2480 1718 2537 amicos
1761 2496 1831 2536 ac
1865 2483 2157 2549 cognatos

506 2590 638 2631 esse
669 2573 880 2641 fateor,
904 2587 1124 2644 meque
1155 2571 1422 2644 parentis
1450 2569 1584 2626 loco
1616 2571 2009 2626 constitutum
2027 2583 2158 2624 esse

500 2667 747 2737 propter
760 2661 1117 2732 dignitatem
1131 2659 1316 2726 illam,
1333 2659 1394 2714 in
1413 2675 1537 2732 qua
1557 2675 1694 2714 sum
1711 2675 1748 2715 a
1764 2657 2020 2715 Domino
2041 2656 2158 2714 col-

499 2750 754 2807 locatus.
786 2752 952 2805 Hunc
979 2753 1182 2805 autem
1210 2747 1650 2804 collactaneum
1679 2746 1880 2803 habeo
1909 2745 2158 2802 nutricis

499 2856 648 2896 meae
677 2855 871 2894 unum
901 2837 1116 2906 ﬁlium,
1147 2842 1202 2893 et
1221 2852 1456 2909 precor,
1480 2843 1544 2893 ut
1577 2836 1823 2906 domus,
1845 2835 1905 2891 in
1927 2851 2053 2908 qua
2072 2833 2159 2890 fui

499 2928 815 2997 enutritus,
837 2927 898 2982 in
929 2927 1144 2983 eodem
1175 2930 1332 2982 statu
1361 2930 1744 2999 permaneat;
1789 2941 1860 2981 ne
1884 2924 2160 2981 beneﬁca

498 3017 562 3074 in
591 3032 804 3074 omnes
836 3019 878 3086 1
898 3017 940 3086 1
958 3016 1007 3088 5
1033 3015 1340 3085 dignitatis
1361 3019 1479 3070 tuae
1511 3015 1855 3086 praesentia,
1876 3014 2017 3070 huic
2028 3013 2157 3070 viro

500 3121 690 3164 causa
717 3107 792 3161 sit
822 3111 880 3161 et
908 3104 1144 3176 origino
1177 3122 1218 3158 ii
1238 3103 1482 3160 olestite.
1502 3102 1618 3160 Sed
1645 3103 1792 3175 quia
1821 3103 2155 3159 etiamnum

498 3212 572 3252 ex
605 3195 820 3251 eadem
852 3194 1039 3249 domo
1069 3192 1219 3262 alor,
1254 3192 1402 3248 nihil
1439 3191 1676 3247 habens
1715 3208 2016 3261 meorum,
2049 3193 2156 3248 sed

497 3285 825 3342 charorum
853 3287 1220 3338 sustentatus
1249 3280 1664 3351 facultatibus;
1693 3297 1907 3354 precor
1933 3287 1998 3337 ut
2013 3282 2157 3338 huic

496 3374 706 3443 domo,
723 3373 786 3428 in
811 3388 936 3444 qua
959 3372 1218 3436 nutritus
1240 3386 1397 3439 sum,
1428 3371 1511 3427 ita
1535 3386 1776 3442 parcas,
1793 3376 1859 3427 ut
1878 3371 2026 3428 mihi
2052 3371 2157 3428 ali-

496 3462 685 3518 menti
697 3461 937 3532 copiam
954 3463 1559 3516 conservaturus.Pro
1576 3460 1669 3515 his
1689 3465 1741 3516 te
1759 3459 1914 3516 Deus
1937 3466 2158 3518 aeterna

494 3551 703 3625 requie
716 3555 1078 3607 remuneret.
1103 3555 1294 3623 Atque
1315 3549 1464 3605 illud
1485 3550 1862 3624 etiam,quod
1880 3552 2156 3608 omnium

493 3641 880 3698 verissimum
903 3645 1012 3708 est,
1035 3639 1311 3710 dignitati
1330 3645 1445 3695 tuae
1473 3645 1685 3695 notum
1707 3655 1840 3696 esse
1864 3640 2158 3710 volo,ser—

494 3731 780 3787 vitiorum
798 3735 1033 3802 partem
1053 3729 1390 3786 maximam
1411 3728 1582 3785 illum
1599 3745 1635 3785 a
1651 3729 1828 3786 nobis
1843 3730 2153 3802 habuisse,

493 3821 654 3876 hanc
687 3818 1029 3875 mercedem
1051 3818 1482 3874 alimentorum
1503 3834 1782 3874 meorum
1802 3819 2154 3892 parentibus

495 3910 648 3965 meis
680 3907 1232 3981 suppeditantibus.
1266 3910 1485 3965 Merces
1517 3914 1720 3965 autem
1760 3908 1864 3965 illa
1902 3925 2026 3966 non
2065 3915 2156 3967 est

493 3997 744 4055 omnino
771 3998 1026 4066 donum,
1051 3999 1158 4052 sed
1179 4014 1328 4053 usus
1351 4013 1458 4070 per
1480 3998 1687 4056 vitam.
1711 3999 1906 4065 Quare
1933 3999 1983 4055 si
2003 3999 2151 4073 quid

494 4103 679 4160 grave
705 4086 819 4141 illis
841 4085 1147 4151 acciderit,
1171 4085 1309 4142 licet
1329 4087 1381 4142 ei
1402 4086 1503 4143 illa
1527 4087 1605 4143 ad
1625 4103 1723 4144 me
1747 4089 2070 4158 remittere,
2094 4094 2152 4146 et

493 4193 607 4249 ego
637 4175 736 4231 via
766 4174 887 4231 alia
916 4175 1156 4231 tributis
1183 4191 1255 4231 ac
1281 4176 1667 4233 exactoribus
1689 4193 1792 4234 ero
1821 4177 2146 4235 obnoxius.

2634 1669 3026 1743 Ἀνεπίγραφος,
3052 1670 3180 1743 ὑπὲρ
3209 1672 3520 1744 συντρόφου.

2344 1847 2641 1925 ’Υφορῶμαι
2667 1847 2846 1901 λοιπὸν
2871 1856 2972 1900 τῶν
3002 1845 3286 1901 ἐπιστολῶν
3324 1849 3381 1900 τὸ
3420 1846 3638 1911 πλῆθος.
3690 1853 3896 1911 Βιαίως

2273 1940 2384 2012 μεν,
2429 1943 2517 1990 καὶ
2561 1943 2634 2012 μὴ
2689 1942 2850 2011 φέρων
2897 1941 2992 1996 τὴν
3040 1935 3328 2010 ἱπάχθειαν
3377 1944 3478 1989 τῶν
3520 1935 3892 1992 ἀπαιτούντων

2272 2028 2432 2101 ἡμᾶς,
2495 2026 2733 2100 ἐκφωνεῖν
2773 2025 3160 2098 ἀναγκάζομαι.
3221 2028 3407 2099 Γράφω
3462 2023 3514 2078 δ’
3570 2023 3658 2079 οὖν
3717 2027 3888 2100 ὅμως,

2270 2115 2421 2169 ἄλλον
2451 2115 2760 2188 ἀπαλλαγῆς
2788 2119 2978 2189 τρόπον
3009 2113 3225 2168 ἐπινοεῖν
3271 2115 3366 2168 οὐκ
3413 2117 3550 2188 ἔχων
3606 2117 3637 2174 ἣ
3689 2112 3890 2179 διδοὺς

2271 2205 2450 2268 αὐτοῖς
2487 2208 2582 2268 τὰς
2620 2203 2894 2266 ἐπιστολὰς
2952 2204 3189 2257 αἰτοῦσιν
3237 2202 3485 2258 ἑκάστοτε
3541 2203 3663 2280 παρ’
3705 2207 3884 2279 ἡμῶν.

2271 2294 2537 2368 Φοϐοῦμαι
2591 2299 2763 2347 τοίνυν
2820 2299 2918 2368 μὴ,
2974 2289 3155 2352 ἐπειδὴ
3213 2293 3393 2346 πολλοὶ
3448 2295 3888 2370 προσκομίζουσι

2267 2387 2574 2458 γράμματα,
2623 2381 2694 2448 εἷς
2735 2392 2834 2436 τῶν
2877 2383 3074 2437 πολλῶν
3129 2385 3353 2458 νομισθῇ
3386 2389 3477 2437 καὶ
3521 2387 3547 2437 ό
3597 2381 3812 2458 ἀδελφὸς
3844 2387 3878 2437 ὁ

2270 2472 2435 2530 δεῖνα.
2488 2475 2621 2548 Ἐγώ
2663 2477 2766 2548 γὰρ
2806 2473 3026 2536 πολλοὺς
3072 2473 3250 2547 φίλους
3293 2479 3384 2527 καὶ
3429 2483 3692 2546 συγγενεῖς
3727 2477 3882 2547 ἔχειν

2267 2562 2352 2617 ἐπὶ
2380 2572 2475 2626 τῆς
2498 2560 2754 2637 πατρίδος
2783 2563 3035 2636 ὁμολογῶ,
3067 2569 3158 2616 καὶ
3196 2562 3352 2625 αὐτὸς
3383 2562 3451 2624 εἰς
3487 2569 3582 2622 τὴν
3611 2568 3882 2639 πατρικὴν

2266 2653 2412 2718 τάξιν
2461 2655 2740 2726 τετάχθαι,
2796 2649 2890 2706 διὰ
2945 2657 3004 2705 τό
3057 2661 3252 2725 σχῆμα
3296 2660 3452 2705 τοῦτο
3513 2652 3578 2714 εἰς
3631 2653 3657 2706 ὃ
3699 2653 3882 2717 ἔταξεν

2266 2745 2406 2816 ἡμᾶς
2461 2745 2488 2796 ό
2547 2746 2758 2818 Κύριος.
2817 2745 3100 2816 Σύντροφον
3168 2738 3228 2795 δε
3277 2749 3375 2804 τῆς
3429 2741 3756 2816 θρεψαμένης
3812 2763 3883 2816 με

2266 2834 2377 2884 υἱόν
2407 2840 2588 2886 τοῦτον
2628 2835 2737 2906 ἔχω
2781 2833 2868 2885 ἕνα
2893 2831 3029 2904 (96),
3084 2835 3175 2884 καὶ
3223 2835 3452 2905 εὔχομαι
3487 2836 3572 2885 τὸν
3609 2830 3771 2902 οἶκον,
3823 2832 3882 2885 ἐν

2266 2921 2307 2992 ᾧ
2338 2920 2644 2996 ἀνετράφην,
2678 2921 2762 2975 ἐπὶ
2791 2930 2882 2982 τῆς
2926 2923 3109 2994 ὁμοίας
3157 2924 3531 2983 καταστάσεως
3580 2917 3880 2995 διαμεῖναι,

2267 3011 2350 3064 ἵνα
2400 3017 2473 3085 μὴ
2519 3032 2572 3065 τι
2624 3014 2653 3071 ἡ
2707 3013 2900 3073 πάντας
2948 3011 3293 3086 εὐεργετοῦσά
3340 3008 3602 3085 ἐπιδημία
3637 3020 3734 3074 τῆς
3778 3020 3882 3074 σῆς

2265 3106 2618 3175 κοσμιότητος
2658 3101 2864 3176 ἀφορμὴ
2906 3104 3038 3175 πρὸς
3088 3100 3255 3160 λύπην
3306 3109 3380 3173 τῷ
3433 3098 3587 3176 ἀνδρὶ
3633 3105 3881 3174 γένηται,

2250 3191 2403 3261 ,⁹Αλλ’
2453 3187 2634 3250 ἐπειδὴ
2685 3194 2762 3243 ἔτι
2800 3195 2890 3244 καὶ
2924 3198 3012 3242 νῦν
3065 3189 3121 3242 ἐκ
3177 3197 3269 3243 τοῦ
3309 3190 3471 3244 αὐτοῦ
3522 3187 3880 3265 διατρέφομαι

2265 3284 2432 3349 οἴκου,
2473 3277 2624 3334 οὐδὲν
2671 3283 2807 3353 ἔχων
2855 3288 2954 3333 τῶν
3003 3278 3252 3353 ἐμαυτοῦ,
3303 3278 3614 3353 ἀρκούμενος
3662 3277 3722 3334 δὲ
3759 3288 3878 3344 τοῖς

2263 3378 2362 3424 τῶν
2392 3368 2694 3443 ἀγαπητῶν,
2727 3368 3016 3444 παρακαλῶ
3045 3369 3178 3422 οὕτω
3216 3371 3501 3442 φείσασθαι
3536 3378 3632 3432 τῆς
3674 3369 3876 3435 οἰκίας,

2264 3461 2296 3534 ᾖ
2324 3459 2621 3538 ἐνετράφην,
2655 3463 2726 3524 ὡς
2754 3459 2868 3533 ἐμοὶ
2894 3467 2990 3521 τῆς
3016 3467 3212 3534 τροφῆς
3239 3463 3334 3517 τὴν
3364 3463 3630 3534 χορηγίαν
3658 3455 3873 3513 διασῶ-

2266 3550 2424 3611 ζοντα
2449 3556 2581 3621 (97).
2626 3554 2728 3603 Καί
2774 3569 2830 3602 σε
2873 3551 2899 3602 ὁ
2944 3553 3074 3610 Θεὸς
3117 3547 3232 3601 ἀντὶ
3285 3551 3482 3602 τούτων
3514 3557 3612 3610 τῆς
3654 3549 3872 3604 αἰωνίου

2265 3637 2598 3700 ἀναπαύσεως
2640 3637 2927 3701 ἀξιώσειεν.
2987 3638 3176 3691 Ἐκεῖνο
3222 3655 3282 3708 γε
3331 3641 3435 3710 μὴν
3481 3640 3686 3691 πάντων
3738 3636 3872 3698 ἀλη-

2266 3729 2512 3781 θέστατον
2563 3733 2836 3800 γινώσκειν
2897 3747 2992 3780 σου
3048 3731 3141 3786 την
3193 3731 3521 3799 κοσμιότητα
3577 3725 3866 3801 βούλομαι,

2262 3818 2342 3871 ὅτι
2393 3827 2493 3870 τῶν
2546 3814 2894 3893 ἀνδραπόδων
2942 3821 3008 3870 τὰ
3040 3815 3261 3870 πλεῖστα
3289 3817 3415 3891 παρ’
3443 3818 3473 3875 ἡ
3480 3824 3591 3890 μῶν
3636 3818 3868 3894 ὑπῆρξεν

2261 3907 2403 3980 αύτῷ
2454 3910 2648 3981 μισθὸς
2693 3915 2790 3970 τῆς
2835 3914 3029 3980 τροφῆς
3077 3908 3244 3979 ἡμῶν,
3304 3914 3405 3958 τῶν
3461 3910 3648 3979 γονέων
3715 3909 3866 3981 ἡμῶν

2261 4001 2702 4074 παρασχομένων.
2746 3996 2804 4049 Ὀ
2856 3993 2915 4050 δὲ
2961 3998 3153 4067 μισθὸς
3189 3995 3247 4048 ού
3294 3994 3545 4056 παντελής
3592 3993 3707 4048 ἔστι
3759 3993 3869 4049 δω-

2183 4075 2227 4129 D
2257 4090 2370 4161 ρεὰ,
2406 4086 2534 4140 ἀλλὰ
2560 4095 2764 4162 χρῆσις
2796 4083 2890 4140 διὰ
2935 4085 3080 4160 βίου.
3128 4084 3309 4157 Ὠστε,
3341 4084 3427 4138 ἐάν
3469 4105 3523 4138 τι
3552 4083 3693 4159 βαρύ
3739 4091 3866 4160 περὶ

2260 4178 2394 4232 αὐτὰ
2412 4182 2647 4250 γένηται,
2675 4177 2872 4242 ἔξεστιν
2900 4177 3040 4249 αύτῷ
3061 4179 3172 4250 (98)
3203 4180 3330 4251 πρὸς
3358 4178 3498 4250 ἡμᾶς
3528 4173 3865 4250 ἀποπέμψαι,

489 4271 582 4320 καὶ
611 4264 836 4338 ἐσόμεθα
864 4267 1014 4338 ἡμεῖς
1050 4261 1084 4317 ὃ
1091 4267 1127 4317 ι’
1151 4265 1322 4338 ἐτέρας
1341 4262 1469 4319 ὁδοῦ
1495 4268 1776 4320 ὑπεύθυνοι
1797 4267 2079 4342 τελέσμασι
2099 4273 2189 4323 καὶ
2212 4268 2526 4330 ἀπαιτηταίς
2555 4268 2709 4322 πάλιν
2734 4271 3016 4342 γινόμενοι.

559 4443 766 4518 έΑῌεις
793 4443 1131 4518 CCXLVIII,
1162 4443 1384 4517 scripta
1414 4449 1552 4518 ante
1583 4445 2025 4518 episcopatum.

563 4516 677 4592 (93)
715 4514 995 4589 Ἐμαυτοῠ.
1044 4514 1136 4592 Sic
1185 4514 1335 4592 mss.
1387 4517 1538 4592 Editi
1582 4514 1727 4592 ἐμοῦ.
1777 4514 1962 4575 Paulo
2008 4523 2150 4592 post

486 4587 785 4663 quinque:
799 4605 951 4663 mss.
1006 4587 1344 4661 φυλαχθῆναι
1401 4588 1564 4660 αύτῷ.
1606 4587 1795 4646 ’Βεθεῑ
1841 4587 2149 4663 postrema

488 4659 603 4715 Vox
625 4659 684 4715 in
717 4659 914 4715 editis.

561 4732 672 4807 (9_4)
713 4731 1064 4807 Ἀρκεῖσθαιᾏ
1091 4731 1179 4788 Ita
1231 4729 1470 4807 codices
1525 4746 1650 4787 sex.
1670 4732 1839 4807 _Editi
1877 4734 2142 4807 χρῆσθαι.

485 4801 670 4857 Paulo
700 4801 841 4874 post
861 4803 1004 4858 editi
1031 4803 1098 4865 ὧς
1123 4811 1366 4874 σεαυτοῦ.
1401 4805 1536 4861 Mss.
1571 4808 1637 4858 ut
1666 4803 1728 4859 in
1756 4801 1936 4860 textu".

560 4875 674 4943 (95)
731 4879 836 4930 Τὴν
892 4877 1091 4932 συνήθη
1147 4875 1419 4943 βοήθειαν.
1469 4875 1665 4930 Potior
1727 4875 1961 4931 videtur
2012 4875 2144 4933 haec

487 4941 784 5014 scriptura
803 4945 1078 5000 codicum
1102 4941 1423 5002 Clarom.et
1439 4946 1956 5020 Combeﬁs.quam
1976 4947 2144 5019 quod

486 5011 716 5090 habent
748 5015 847 5068 alii
873 5016 1108 5090 codices
1139 5022 1232 5090 τὴν
1264 5016 1534 5090 βοήθειαν,
1900 5089 1903 5090 ν

1083 5035 1108 5072 s
1139 5037 1232 5076 την
1265 5035 1534 5077 βοηθειαν,

558 5084 674 5158 (96)
694 5082 847 5157 Ἔχω
869 5086 972 5140 ἕνα.
998 5087 1145 5145 Male
1169 5089 1232 5144 in
1254 5082 1432 5146 éditis
1451 5093 1582 5163 ἔχω,
1613 5091 1721 5160 ίυα,
1745 5089 1915 5164 quod
1943 5107 2018 5148 ex
2039 5107 2143 5149 sex

2254 4444 3026 4529 mssemend‘avimusﬂo‘x
3045 4445 3227 4529 iidem
3249 4444 3389 4529 editi
3412 4443 3664 4529 ἀνετραφη
3678 4461 3864 4529 ςιιιιθί

2255 4519 2468 4592 liusin
2496 4525 2758 4590 quatuor
2789 4518 3274 4592 mss.&wrpd<pm.
3309 4518 3400 4576 Sic
3439 4517 3866 4578 enim’habent

2254 4591 2442 4665 paulo
2463 4596 2600 4664 post
2629 4606 2842 4665 omnes
2862 4591 3004 4665 editi
3025 4591 3258 4665 et’_mss.

2329 4667 2444 4734 (97)
2465 4659 2844 4723 Ἀιασώζοντα.
2871 4663 2964 4718 Sic
2985 4659 3683 4734 Med.,Coisl.secundus,
3697 4675 3864 4734 unus

2254 4749 2325 4790 ex
2355 4732 2550 4804 Regiis
2579 4740 2638 4790 et
2666 4735 2924 4790 Clarom.
2954 4737 3015 4789 in
3053 4733 3350 4803 margine.
3382 4733 3543 4788 Idem
3572 4732 3764 4804 codex
3794 4732 3861 4789 in

2251 4810 2417 4862 textu
2441 4800 2842 4866 diaamCovrmv.
2883 4804 3087 4861 Codex
3135 4800 3404 4861 Ecclesiae
3434 4804 3620 4859 Paris.
3657 4800 3864 4856 διασω-

2257 4880 2452 4940 ζούσης
2479 4877 2782 4950 7secugnda
2823 4893 3054 4944 manu;
3103 4881 3165 4933 at
3207 4878 3408 4950 prima
3453 4891 3644 4931 manu
3671 4875 3864 4934 habet

2251 4965 2391 5005 cum
2423 4949 2597 5005 editis
2630 4945 3026 5009 διασώζουσαν.

2321 5021 2436 5094 (98)
2478 5019 2650 5092 Αὐτῷ.
2675 5022 2768 5078 Sic
2795 5021 3067 5095 quinque
3091 5036 3239 5078 mss.
3263 5017 3413 5076 Editi
3442 5017 3606 5077 αύτά.
