  <div class='ocr_page' id='page_1' title='image "/cluster/home/n/w/nwhite01/storage/ocr_20150623/32:no.4/coo.31924054869296/173.png"; bbox 0 0 4114 6424; ppageno 0'>
   <div class='ocr_carea' id='block_1_1' title="bbox 623 268 3979 348">
    <p class='ocr_par' dir='ltr' id='par_1_1' title="bbox 623 268 3979 348">
     <span class='ocr_line' id='line_1_1' title="bbox 623 268 3979 348; baseline -0.001 -15"><span class='ocrx_word' id='word_1_1' title='bbox 623 291 726 347; x_wconf 83' lang='lat'>327</span> <span class='ocrx_word' id='word_1_2' title='bbox 2000 276 2058 333; x_wconf 94' lang='lat' dir='ltr'>S.</span> <span class='ocrx_word' id='word_1_3' title='bbox 2097 268 2355 329; x_wconf 81' lang='lat' dir='ltr'>BASlLlI</span> <span class='ocrx_word' id='word_1_4' title='bbox 2390 270 2615 330; x_wconf 81' lang='lat' dir='ltr'><strong>MAGNI</strong></span> <span class='ocrx_word' id='word_1_5' title='bbox 3885 289 3979 348; x_wconf 71' lang='lat'>323</span> 
     </span>
    </p>
   </div>
   <div class='ocr_carea' id='block_1_2' title="bbox 618 397 2243 486">
    <p class='ocr_par' dir='ltr' id='par_1_2' title="bbox 618 400 2242 480">
     <span class='ocr_line' id='line_1_2' title="bbox 618 400 2242 480; baseline -0.01 -9"><span class='ocrx_word' id='word_1_6' title='bbox 618 418 771 474; x_wconf 89' lang='lat' dir='ltr'>inter</span> <span class='ocrx_word' id='word_1_7' title='bbox 793 427 855 467; x_wconf 91' lang='lat' dir='ltr'>se</span> <span class='ocrx_word' id='word_1_8' title='bbox 871 410 1029 474; x_wconf 87' lang='lat' dir='ltr'>sunt,</span> <span class='ocrx_word' id='word_1_9' title='bbox 1045 405 1151 480; x_wconf 87' lang='lat' dir='ltr'>qui</span> <span class='ocrx_word' id='word_1_10' title='bbox 1171 405 1384 462; x_wconf 90' lang='lat' dir='ltr'>eadem</span> <span class='ocrx_word' id='word_1_11' title='bbox 1405 403 1681 460; x_wconf 39' lang='lat' dir='ltr'>essentiae‘</span> <span class='ocrx_word' id='word_1_12' title='bbox 1695 402 1925 459; x_wconf 80' lang='lat' dir='ltr'>ratione</span> <span class='ocrx_word' id='word_1_13' title='bbox 1945 400 2242 470; x_wconf 89' lang='lat' dir='ltr'>designan</span> 
     </span>
    </p>
   </div>
   <div class='ocr_carea' id='block_1_3' title="bbox 2350 397 3975 486">
    <p class='ocr_par' dir='ltr' id='par_1_3' title="bbox 2350 397 3975 486">
     <span class='ocr_line' id='line_1_3' title="bbox 2350 397 3975 486; baseline 0.012 -38"><span class='ocrx_word' id='word_1_14' title='bbox 2350 443 2352 449; x_wconf 81' lang='lat'>,</span> <span class='ocrx_word' id='word_1_15' title='bbox 2383 397 2591 451; x_wconf 79' lang='grc' dir='ltr'>Παύλου</span> <span class='ocrx_word' id='word_1_16' title='bbox 2625 397 2842 476; x_wconf 73' lang='grc' dir='ltr'>δειχθῇ,</span> <span class='ocrx_word' id='word_1_17' title='bbox 2874 401 3019 458; x_wconf 74' lang='grc' dir='ltr'>οὗτοι</span> <span class='ocrx_word' id='word_1_18' title='bbox 3069 410 3159 459; x_wconf 80' lang='grc' dir='ltr'>καὶ</span> <span class='ocrx_word' id='word_1_19' title='bbox 3209 413 3322 471; x_wconf 85' lang='grc' dir='ltr'>τοῖς</span> <span class='ocrx_word' id='word_1_20' title='bbox 3373 407 3550 472; x_wconf 79' lang='grc' dir='ltr'>ἄλλοις</span> <span class='ocrx_word' id='word_1_21' title='bbox 3590 407 3941 486; x_wconf 76' lang='grc' dir='ltr'>ἕφαρμόσουσι</span> <span class='ocrx_word' id='word_1_22' title='bbox 3965 433 3975 446; x_wconf 91' lang='grc'>·</span> 
     </span>
    </p>
   </div>
   <div class='ocr_carea' id='block_1_4' title="bbox 618 486 2243 574">
    <p class='ocr_par' dir='ltr' id='par_1_4' title="bbox 618 486 2243 571">
     <span class='ocr_line' id='line_1_4' title="bbox 618 486 2243 571; baseline -0.012 -10"><span class='ocrx_word' id='word_1_23' title='bbox 618 509 731 560; x_wconf 90' lang='lat' dir='ltr'>tur.</span> <span class='ocrx_word' id='word_1_24' title='bbox 763 502 870 559; x_wconf 87' lang='lat' dir='ltr'>Ubi</span> <span class='ocrx_word' id='word_1_25' title='bbox 913 515 1056 556; x_wconf 80' lang='lat' dir='ltr'>vero</span> <span class='ocrx_word' id='word_1_26' title='bbox 1093 496 1230 571; x_wconf 89' lang='lat' dir='ltr'>quis</span> <span class='ocrx_word' id='word_1_27' title='bbox 1275 511 1365 560; x_wconf 92' lang='lat' dir='ltr'>eo,</span> <span class='ocrx_word' id='word_1_28' title='bbox 1403 493 1569 566; x_wconf 91' lang='lat' dir='ltr'>quod</span> <span class='ocrx_word' id='word_1_29' title='bbox 1599 507 1923 550; x_wconf 89' lang='lat' dir='ltr'>commune</span> <span class='ocrx_word' id='word_1_30' title='bbox 1956 495 2063 556; x_wconf 88' lang='lat' dir='ltr'>est,</span> <span class='ocrx_word' id='word_1_31' title='bbox 2095 486 2243 544; x_wconf 88' lang='lat' dir='ltr'>intel</span> 
     </span>
    </p>
   </div>
   <div class='ocr_carea' id='block_1_5' title="bbox 2356 486 3981 574">
    <p class='ocr_par' dir='ltr' id='par_1_5' title="bbox 2380 489 3981 574">
     <span class='ocr_line' id='line_1_5' title="bbox 2380 489 3981 574; baseline 0.012 -37"><span class='ocrx_word' id='word_1_32' title='bbox 2380 492 2470 540; x_wconf 81' lang='grc' dir='ltr'>καὶ</span> <span class='ocrx_word' id='word_1_33' title='bbox 2527 489 2658 542; x_wconf 85' lang='grc' dir='ltr'>εἰσιν</span> <span class='ocrx_word' id='word_1_34' title='bbox 2707 490 2942 556; x_wconf 79' lang='grc' dir='ltr'>ἀλλήλοις</span> <span class='ocrx_word' id='word_1_35' title='bbox 3002 497 3293 568; x_wconf 82' lang='grc' dir='ltr'>ὁμοοὺσιοι,</span> <span class='ocrx_word' id='word_1_36' title='bbox 3339 499 3388 550; x_wconf 85' lang='grc' dir='ltr'>οἰ</span> <span class='ocrx_word' id='word_1_37' title='bbox 3416 507 3489 569; x_wconf 85' lang='grc' dir='ltr'>τῷ</span> <span class='ocrx_word' id='word_1_38' title='bbox 3537 499 3678 571; x_wconf 84' lang='grc' dir='ltr'>αὐτῷ</span> <span class='ocrx_word' id='word_1_39' title='bbox 3716 500 3849 574; x_wconf 79' lang='grc' dir='ltr'>λόγῳ</span> <span class='ocrx_word' id='word_1_40' title='bbox 3895 513 3981 568; x_wconf 84' lang='grc' dir='ltr'>τῆς</span> 
     </span>
    </p>
   </div>
   <div class='ocr_carea' id='block_1_6' title="bbox 617 576 2242 662">
    <p class='ocr_par' dir='ltr' id='par_1_6' title="bbox 617 577 2241 662">
     <span class='ocr_line' id='line_1_6' title="bbox 617 577 2241 662; baseline -0.012 -10"><span class='ocrx_word' id='word_1_41' title='bbox 617 595 791 659; x_wconf 91' lang='lat' dir='ltr'>lecto,</span> <span class='ocrx_word' id='word_1_42' title='bbox 816 591 895 648; x_wconf 92' lang='lat' dir='ltr'>ad</span> <span class='ocrx_word' id='word_1_43' title='bbox 916 587 1353 662; x_wconf 84' lang='lat' dir='ltr'>proprietatum</span> <span class='ocrx_word' id='word_1_44' title='bbox 1375 599 1436 639; x_wconf 92' lang='lat' dir='ltr'>se</span> <span class='ocrx_word' id='word_1_45' title='bbox 1459 582 1815 638; x_wconf 79' lang='lat' dir='ltr'>converterit</span> <span class='ocrx_word' id='word_1_46' title='bbox 1843 577 2241 638; x_wconf 79' lang='lat' dir='ltr'>consideratio</span> 
     </span>
    </p>
   </div>
   <div class='ocr_carea' id='block_1_7' title="bbox 2352 576 3977 662">
    <p class='ocr_par' dir='ltr' id='par_1_7' title="bbox 2381 576 3977 656">
     <span class='ocr_line' id='line_1_7' title="bbox 2381 576 3977 656; baseline 0.01 -28"><span class='ocrx_word' id='word_1_47' title='bbox 2381 576 2563 639; x_wconf 88' lang='grc' dir='ltr'>οὐσίας</span> <span class='ocrx_word' id='word_1_48' title='bbox 2618 581 3060 656; x_wconf 78' lang='grc' dir='ltr'>ὑπογραφόμευοι.</span> <span class='ocrx_word' id='word_1_49' title='bbox 3122 583 3363 639; x_wconf 80' lang='grc' dir='ltr'>Ἐπειδὰν</span> <span class='ocrx_word' id='word_1_50' title='bbox 3431 584 3492 640; x_wconf 86' lang='grc' dir='ltr'>δέ</span> <span class='ocrx_word' id='word_1_51' title='bbox 3544 608 3644 652; x_wconf 89' lang='grc' dir='ltr'>τις,</span> <span class='ocrx_word' id='word_1_52' title='bbox 3699 593 3760 642; x_wconf 91' lang='lat'>1&#39;6</span> <span class='ocrx_word' id='word_1_53' title='bbox 3822 597 3977 645; x_wconf 80' lang='grc' dir='ltr'>κοινὸν</span> 
     </span>
    </p>
   </div>
   <div class='ocr_carea' id='block_1_8' title="bbox 616 668 2241 755">
    <p class='ocr_par' dir='ltr' id='par_1_8' title="bbox 616 668 2241 755">
     <span class='ocr_line' id='line_1_8' title="bbox 616 668 2241 755; baseline -0.012 -13"><span class='ocrx_word' id='word_1_54' title='bbox 616 698 894 755; x_wconf 89' lang='lat' dir='ltr'>nem,pcr</span> <span class='ocrx_word' id='word_1_55' title='bbox 906 695 1059 753; x_wconf 90' lang='lat' dir='ltr'>quas</span> <span class='ocrx_word' id='word_1_56' title='bbox 1077 677 1329 734; x_wconf 87' lang='lat' dir='ltr'>alterum</span> <span class='ocrx_word' id='word_1_57' title='bbox 1353 673 1430 729; x_wconf 90' lang='lat' dir='ltr'>ab</span> <span class='ocrx_word' id='word_1_58' title='bbox 1454 672 1639 729; x_wconf 87' lang='lat' dir='ltr'>altero</span> <span class='ocrx_word' id='word_1_59' title='bbox 1657 677 1991 745; x_wconf 84' lang='lat' dir='ltr'>separatur:</span> <span class='ocrx_word' id='word_1_60' title='bbox 2005 685 2127 725; x_wconf 92' lang='lat' dir='ltr'>non</span> <span class='ocrx_word' id='word_1_61' title='bbox 2139 668 2241 740; x_wconf 90' lang='lat' dir='ltr'>jan</span> 
     </span>
    </p>
   </div>
   <div class='ocr_carea' id='block_1_9' title="bbox 2352 668 3977 755">
    <p class='ocr_par' dir='ltr' id='par_1_9' title="bbox 2378 669 3977 754">
     <span class='ocr_line' id='line_1_9' title="bbox 2378 669 3977 754; baseline 0.009 -35"><span class='ocrx_word' id='word_1_62' title='bbox 2378 671 2576 740; x_wconf 86' lang='grc' dir='ltr'>μαθὼν,</span> <span class='ocrx_word' id='word_1_63' title='bbox 2605 669 2690 723; x_wconf 76' lang='grc' dir='ltr'>ἐπὶ</span> <span class='ocrx_word' id='word_1_64' title='bbox 2738 674 2805 724; x_wconf 78' lang='grc' dir='ltr'>τὰ</span> <span class='ocrx_word' id='word_1_65' title='bbox 2863 671 3141 736; x_wconf 81' lang='grc' dir='ltr'>ἰδιάζοντα</span> <span class='ocrx_word' id='word_1_66' title='bbox 3189 675 3356 752; x_wconf 66' lang='grc' dir='ltr'>τρέψῃ</span> <span class='ocrx_word' id='word_1_67' title='bbox 3412 681 3507 736; x_wconf 81' lang='grc' dir='ltr'>τὴν</span> <span class='ocrx_word' id='word_1_68' title='bbox 3550 680 3785 754; x_wconf 84' lang='grc' dir='ltr'>θεωρίαν,</span> <span class='ocrx_word' id='word_1_69' title='bbox 3821 678 3897 733; x_wconf 85' lang='grc' dir='ltr'>δι’</span> <span class='ocrx_word' id='word_1_70' title='bbox 3920 683 3977 735; x_wconf 85' lang='grc' dir='ltr'>ὧν</span> 
     </span>
    </p>
   </div>
   <div class='ocr_carea' id='block_1_10' title="bbox 616 757 2241 846">
    <p class='ocr_par' dir='ltr' id='par_1_10' title="bbox 616 757 2241 846">
     <span class='ocr_line' id='line_1_10' title="bbox 616 757 2241 846; baseline -0.011 -15"><span class='ocrx_word' id='word_1_71' title='bbox 616 773 879 846; x_wconf 83' lang='lat' dir='ltr'>amplius</span> <span class='ocrx_word' id='word_1_72' title='bbox 897 769 1071 835; x_wconf 83' lang='lat' dir='ltr'>ratio,</span> <span class='ocrx_word' id='word_1_73' title='bbox 1095 782 1201 840; x_wconf 88' lang='lat' dir='ltr'>per</span> <span class='ocrx_word' id='word_1_74' title='bbox 1227 779 1415 838; x_wconf 92' lang='lat' dir='ltr'>quam</span> <span class='ocrx_word' id='word_1_75' title='bbox 1453 761 1938 834; x_wconf 86' lang='lat' dir='ltr'>unumquodque</span> <span class='ocrx_word' id='word_1_76' title='bbox 1964 757 2241 830; x_wconf 82' lang='lat' dir='ltr'>cognosci</span> 
     </span>
    </p>
   </div>
   <div class='ocr_carea' id='block_1_11' title="bbox 2350 757 3975 846">
    <p class='ocr_par' dir='ltr' id='par_1_11' title="bbox 2377 760 3975 840">
     <span class='ocr_line' id='line_1_11' title="bbox 2377 760 3975 840; baseline 0.01 -31"><span class='ocrx_word' id='word_1_77' title='bbox 2377 760 2669 834; x_wconf 75' lang='grc' dir='ltr'>χωρίζεται</span> <span class='ocrx_word' id='word_1_78' title='bbox 2717 770 2808 814; x_wconf 88' lang='grc' dir='ltr'>τοῦ</span> <span class='ocrx_word' id='word_1_79' title='bbox 2860 763 3032 837; x_wconf 78' lang='grc' dir='ltr'>ἐτέρου</span> <span class='ocrx_word' id='word_1_80' title='bbox 3078 769 3138 817; x_wconf 91' lang='lat'>1&#39;6</span> <span class='ocrx_word' id='word_1_81' title='bbox 3205 767 3395 840; x_wconf 79' lang='grc' dir='ltr'>ἕτερον,</span> <span class='ocrx_word' id='word_1_82' title='bbox 3457 768 3631 822; x_wconf 84' lang='grc' dir='ltr'>οὐκέτι</span> <span class='ocrx_word' id='word_1_83' title='bbox 3678 771 3703 822; x_wconf 86' lang='grc' dir='ltr'><strong><em>ὁ</em></strong></span> <span class='ocrx_word' id='word_1_84' title='bbox 3768 769 3975 824; x_wconf 78' lang='grc' dir='ltr'>ἑκάστου</span> 
     </span>
    </p>
   </div>
   <div class='ocr_carea' id='block_1_12' title="bbox 615 850 2240 931">
    <p class='ocr_par' dir='ltr' id='par_1_12' title="bbox 615 850 2235 931">
     <span class='ocr_line' id='line_1_12' title="bbox 615 850 2235 931; baseline -0.012 -10"><span class='ocrx_word' id='word_1_85' title='bbox 615 869 731 931; x_wconf 89' lang='lat' dir='ltr'>tur,</span> <span class='ocrx_word' id='word_1_86' title='bbox 757 878 896 919; x_wconf 91' lang='lat' dir='ltr'>cum</span> <span class='ocrx_word' id='word_1_87' title='bbox 947 874 1020 915; x_wconf 90' lang='lat' dir='ltr'>ea</span> <span class='ocrx_word' id='word_1_88' title='bbox 1071 855 1321 921; x_wconf 88' lang='lat' dir='ltr'>ratione,</span> <span class='ocrx_word' id='word_1_89' title='bbox 1353 869 1488 926; x_wconf 81' lang='lat' dir='ltr'>quae</span> <span class='ocrx_word' id='word_1_90' title='bbox 1520 851 1594 907; x_wconf 89' lang='lat' dir='ltr'>de</span> <span class='ocrx_word' id='word_1_91' title='bbox 1641 851 1756 907; x_wconf 86' lang='lat' dir='ltr'>alio</span> <span class='ocrx_word' id='word_1_92' title='bbox 1812 850 2130 922; x_wconf 85' lang='lat' dir='ltr'>profertur,</span> <span class='ocrx_word' id='word_1_93' title='bbox 2162 864 2235 920; x_wconf 92' lang='lat' dir='ltr'>pe</span> 
     </span>
    </p>
   </div>
   <div class='ocr_carea' id='block_1_13' title="bbox 2352 850 3977 931">
    <p class='ocr_par' dir='ltr' id='par_1_13' title="bbox 2375 851 3977 931">
     <span class='ocr_line' id='line_1_13' title="bbox 2375 851 3977 931; baseline 0.009 -32"><span class='ocrx_word' id='word_1_94' title='bbox 2375 854 2717 922; x_wconf 74' lang='grc' dir='ltr'>γνωριστικὸς</span> <span class='ocrx_word' id='word_1_95' title='bbox 2789 851 2936 924; x_wconf 90' lang='grc' dir='ltr'>λόγος</span> <span class='ocrx_word' id='word_1_96' title='bbox 3008 863 3081 926; x_wconf 84' lang='grc' dir='ltr'>τῷ</span> <span class='ocrx_word' id='word_1_97' title='bbox 3137 860 3256 931; x_wconf 89' lang='grc' dir='ltr'>περί</span> <span class='ocrx_word' id='word_1_98' title='bbox 3297 864 3390 909; x_wconf 84' lang='grc' dir='ltr'>τοῦ</span> <span class='ocrx_word' id='word_1_99' title='bbox 3438 857 3592 910; x_wconf 82' lang='grc' dir='ltr'>ἄλλου</span> <span class='ocrx_word' id='word_1_100' title='bbox 3648 855 3742 911; x_wconf 81' lang='grc' dir='ltr'>διὰ</span> <span class='ocrx_word' id='word_1_101' title='bbox 3785 861 3977 914; x_wconf 87' lang='grc' dir='ltr'>πάντων</span> 
     </span>
    </p>
   </div>
   <div class='ocr_carea' id='block_1_14' title="bbox 616 940 2241 1022">
    <p class='ocr_par' dir='ltr' id='par_1_14' title="bbox 616 940 2238 1016">
     <span class='ocr_line' id='line_1_14' title="bbox 616 940 2238 1016; baseline -0.011 -5"><span class='ocrx_word' id='word_1_102' title='bbox 616 953 822 1012; x_wconf 87' lang='lat' dir='ltr'>omnia</span> <span class='ocrx_word' id='word_1_103' title='bbox 851 947 1196 1013; x_wconf 87' lang='lat' dir='ltr'>consentiet,</span> <span class='ocrx_word' id='word_1_104' title='bbox 1228 942 1507 1016; x_wconf 86' lang='lat' dir='ltr'>quamvis</span> <span class='ocrx_word' id='word_1_105' title='bbox 1538 941 1600 998; x_wconf 93' lang='lat' dir='ltr'>in</span> <span class='ocrx_word' id='word_1_106' title='bbox 1632 940 1938 1014; x_wconf 89' lang='lat' dir='ltr'>aliquibus</span> <span class='ocrx_word' id='word_1_107' title='bbox 1993 955 2238 996; x_wconf 92' lang='lat' dir='ltr'>commu</span> 
     </span>
    </p>
   </div>
   <div class='ocr_carea' id='block_1_15' title="bbox 2253 940 3878 1022">
    <p class='ocr_par' dir='ltr' id='par_1_15' title="bbox 2253 941 3878 1022">
     <span class='ocr_line' id='line_1_15' title="bbox 2253 941 3878 1022; baseline 0.009 -34"><span class='ocrx_word' id='word_1_108' title='bbox 2253 966 2267 978; x_wconf 96' lang='lat'><strong><em>-</em></strong></span> <span class='ocrx_word' id='word_1_109' title='bbox 2377 941 2838 1011; x_wconf 82' lang='grc' dir='ltr'>συνενεχθήσεται,</span> <span class='ocrx_word' id='word_1_110' title='bbox 2865 941 2960 995; x_wconf 78' lang='grc' dir='ltr'>κᾶν</span> <span class='ocrx_word' id='word_1_111' title='bbox 2985 946 3034 996; x_wconf 78' lang='grc' dir='ltr'>ἰν</span> <span class='ocrx_word' id='word_1_112' title='bbox 3054 964 3194 997; x_wconf 92' lang='grc' dir='ltr'>τισιν</span> <span class='ocrx_word' id='word_1_113' title='bbox 3222 947 3400 1022; x_wconf 81' lang='grc' dir='ltr'>εὑρεθῆ</span> <span class='ocrx_word' id='word_1_114' title='bbox 3431 950 3489 1000; x_wconf 89' lang='grc' dir='ltr'>τὸ</span> <span class='ocrx_word' id='word_1_115' title='bbox 3519 952 3690 1001; x_wconf 89' lang='grc' dir='ltr'>κοινὸν</span> <span class='ocrx_word' id='word_1_116' title='bbox 3721 951 3878 1022; x_wconf 81' lang='grc' dir='ltr'>ἔχων.</span> 
     </span>
    </p>
   </div>
   <div class='ocr_carea' id='block_1_16' title="bbox 613 1032 1564 1106">
    <p class='ocr_par' dir='ltr' id='par_1_16' title="bbox 613 1032 1564 1106">
     <span class='ocr_line' id='line_1_16' title="bbox 613 1032 1564 1106; baseline -0.013 -4"><span class='ocrx_word' id='word_1_117' title='bbox 613 1044 863 1101; x_wconf 84' lang='lat' dir='ltr'>nitatem</span> <span class='ocrx_word' id='word_1_118' title='bbox 892 1038 1115 1096; x_wconf 87' lang='lat' dir='ltr'>habere</span> <span class='ocrx_word' id='word_1_119' title='bbox 1135 1032 1564 1106; x_wconf 87' lang='lat' dir='ltr'>comperiatur.</span> 
     </span>
    </p>
   </div>
   <div class='ocr_carea' id='block_1_17' title="bbox 683 1117 2308 1200">
    <p class='ocr_par' dir='ltr' id='par_1_17' title="bbox 683 1117 2267 1199">
     <span class='ocr_line' id='line_1_17' title="bbox 683 1117 2267 1199; baseline -0.01 -9"><span class='ocrx_word' id='word_1_120' title='bbox 683 1139 735 1191; x_wconf 93' lang='lat'>3.</span> <span class='ocrx_word' id='word_1_121' title='bbox 773 1135 890 1188; x_wconf 81' lang='lat' dir='ltr'>Hoc</span> <span class='ocrx_word' id='word_1_122' title='bbox 911 1128 1093 1199; x_wconf 83' lang='lat' dir='ltr'>igitur</span> <span class='ocrx_word' id='word_1_123' title='bbox 1120 1125 1380 1181; x_wconf 88' lang='lat' dir='ltr'>dicimus</span> <span class='ocrx_word' id='word_1_124' title='bbox 1416 1121 1619 1196; x_wconf 89' lang='lat' dir='ltr'>:quod</span> <span class='ocrx_word' id='word_1_125' title='bbox 1650 1120 1891 1195; x_wconf 89' lang='lat' dir='ltr'>proprie</span> <span class='ocrx_word' id='word_1_126' title='bbox 1923 1119 2163 1184; x_wconf 89' lang='lat' dir='ltr'>dicitur,</span> <span class='ocrx_word' id='word_1_127' title='bbox 2201 1117 2267 1174; x_wconf 93' lang='lat' dir='ltr'>id</span> 
     </span>
    </p>
   </div>
   <div class='ocr_carea' id='block_1_18' title="bbox 2349 1117 3974 1200">
    <p class='ocr_par' dir='ltr' id='par_1_18' title="bbox 2444 1117 3974 1200">
     <span class='ocr_line' id='line_1_18' title="bbox 2444 1117 3974 1200; baseline 0.006 -27"><span class='ocrx_word' id='word_1_128' title='bbox 2444 1121 2502 1173; x_wconf 88' lang='lat'>3.</span> <span class='ocrx_word' id='word_1_129' title='bbox 2531 1117 2696 1172; x_wconf 74' lang='grc' dir='ltr'>Τοῦτο</span> <span class='ocrx_word' id='word_1_130' title='bbox 2716 1123 2885 1173; x_wconf 82' lang='grc' dir='ltr'>τοίνυν</span> <span class='ocrx_word' id='word_1_131' title='bbox 2917 1126 3079 1196; x_wconf 80' lang='grc' dir='ltr'>φαμέν</span> <span class='ocrx_word' id='word_1_132' title='bbox 3111 1139 3125 1153; x_wconf 86' lang='lat'>&#39;</span> <span class='ocrx_word' id='word_1_133' title='bbox 3157 1127 3216 1177; x_wconf 98' lang='lat'>1&#39;6</span> <span class='ocrx_word' id='word_1_134' title='bbox 3264 1121 3413 1188; x_wconf 82' lang='grc' dir='ltr'><strong>ἰδίως</strong></span> <span class='ocrx_word' id='word_1_135' title='bbox 3451 1124 3720 1200; x_wconf 86' lang='grc' dir='ltr'>λεγόμενον</span> <span class='ocrx_word' id='word_1_136' title='bbox 3768 1136 3842 1199; x_wconf 80' lang='grc' dir='ltr'>τῷ</span> <span class='ocrx_word' id='word_1_137' title='bbox 3890 1136 3974 1191; x_wconf 86' lang='grc' dir='ltr'>τῆς</span> 
     </span>
    </p>
   </div>
   <div class='ocr_carea' id='block_1_19' title="bbox 607 1206 2232 1296">
    <p class='ocr_par' dir='ltr' id='par_1_19' title="bbox 607 1207 2232 1296">
     <span class='ocr_line' id='line_1_19' title="bbox 607 1207 2232 1296; baseline -0.01 -15"><span class='ocrx_word' id='word_1_138' title='bbox 607 1221 959 1296; x_wconf 87' lang='lat' dir='ltr'>hypostasis</span> <span class='ocrx_word' id='word_1_139' title='bbox 979 1214 1226 1274; x_wconf 91' lang='lat' dir='ltr'>nomine</span> <span class='ocrx_word' id='word_1_140' title='bbox 1245 1211 1637 1278; x_wconf 87' lang='lat' dir='ltr'>indicari.Qui</span> <span class='ocrx_word' id='word_1_141' title='bbox 1656 1211 1820 1268; x_wconf 91' lang='lat' dir='ltr'>enim</span> <span class='ocrx_word' id='word_1_142' title='bbox 1845 1209 2158 1266; x_wconf 89' lang='lat' dir='ltr'>hominem</span> <span class='ocrx_word' id='word_1_143' title='bbox 2178 1207 2232 1264; x_wconf 90' lang='lat' dir='ltr'>di</span> 
     </span>
    </p>
   </div>
   <div class='ocr_carea' id='block_1_20' title="bbox 2350 1206 3975 1296">
    <p class='ocr_par' dir='ltr' id='par_1_20' title="bbox 2373 1206 3975 1291">
     <span class='ocr_line' id='line_1_20' title="bbox 2373 1206 3975 1291; baseline 0.008 -33"><span class='ocrx_word' id='word_1_144' title='bbox 2373 1206 2714 1272; x_wconf 77' lang='grc' dir='ltr'>ὑποστάσεως</span> <span class='ocrx_word' id='word_1_145' title='bbox 2761 1207 3059 1269; x_wconf 81' lang='grc' dir='ltr'>δηλοῦσθαι</span> <span class='ocrx_word' id='word_1_146' title='bbox 3131 1214 3353 1290; x_wconf 79' lang='grc' dir='ltr'>ῥήματι.</span> <span class='ocrx_word' id='word_1_147' title='bbox 3407 1213 3466 1267; x_wconf 77' lang='lat'>&#39;0</span> <span class='ocrx_word' id='word_1_148' title='bbox 3537 1218 3640 1290; x_wconf 79' lang='grc' dir='ltr'>γὰρ</span> <span class='ocrx_word' id='word_1_149' title='bbox 3715 1218 3975 1291; x_wconf 83' lang='grc' dir='ltr'>ἄνθρωπον</span> 
     </span>
    </p>
   </div>
   <div class='ocr_carea' id='block_1_21' title="bbox 605 1295 2230 1386">
    <p class='ocr_par' dir='ltr' id='par_1_21' title="bbox 605 1295 2230 1386">
     <span class='ocr_line' id='line_1_21' title="bbox 605 1295 2230 1386; baseline -0.01 -16"><span class='ocrx_word' id='word_1_150' title='bbox 605 1295 716 1386; x_wconf 64' lang='lat' dir='ltr'>xit,</span> <span class='ocrx_word' id='word_1_151' title='bbox 760 1309 1078 1368; x_wconf 86' lang='lat' dir='ltr'>confusam</span> <span class='ocrx_word' id='word_1_152' title='bbox 1131 1303 1472 1378; x_wconf 87' lang='lat' dir='ltr'>quamdam</span> <span class='ocrx_word' id='word_1_153' title='bbox 1512 1301 1713 1357; x_wconf 91' lang='lat' dir='ltr'>ideam</span> <span class='ocrx_word' id='word_1_154' title='bbox 1749 1315 1858 1373; x_wconf 88' lang='lat' dir='ltr'>per</span> <span class='ocrx_word' id='word_1_155' title='bbox 1883 1298 2230 1356; x_wconf 85' lang='lat' dir='ltr'>indeﬁnitan</span> 
     </span>
    </p>
   </div>
   <div class='ocr_carea' id='block_1_22' title="bbox 2354 1295 3979 1386">
    <p class='ocr_par' dir='ltr' id='par_1_22' title="bbox 2374 1295 3979 1380">
     <span class='ocr_line' id='line_1_22' title="bbox 2374 1295 3979 1380; baseline 0.008 -33"><span class='ocrx_word' id='word_1_156' title='bbox 2374 1295 2526 1348; x_wconf 87' lang='grc' dir='ltr'>εἰπὼν</span> <span class='ocrx_word' id='word_1_157' title='bbox 2593 1297 2980 1374; x_wconf 82' lang='grc' dir='ltr'>ἐσκεδασμένην</span> <span class='ocrx_word' id='word_1_158' title='bbox 3035 1306 3153 1356; x_wconf 80' lang='grc' dir='ltr'>τινὰ</span> <span class='ocrx_word' id='word_1_159' title='bbox 3206 1299 3446 1357; x_wconf 87' lang='grc' dir='ltr'>διάνοιαν</span> <span class='ocrx_word' id='word_1_160' title='bbox 3493 1314 3565 1378; x_wconf 84' lang='grc' dir='ltr'>τῷ</span> <span class='ocrx_word' id='word_1_161' title='bbox 3605 1304 3838 1380; x_wconf 77' lang='grc' dir='ltr'>ἀορίστῳ</span> <span class='ocrx_word' id='word_1_162' title='bbox 3896 1316 3979 1370; x_wconf 90' lang='grc' dir='ltr'>τῆς</span> 
     </span>
    </p>
   </div>
   <div class='ocr_carea' id='block_1_23' title="bbox 606 1387 2231 1473">
    <p class='ocr_par' dir='ltr' id='par_1_23' title="bbox 606 1387 2231 1473">
     <span class='ocr_line' id='line_1_23' title="bbox 606 1387 2231 1473; baseline -0.01 -13"><span class='ocrx_word' id='word_1_163' title='bbox 606 1399 1108 1473; x_wconf 83' lang='lat' dir='ltr'>signiﬁcationem</span> <span class='ocrx_word' id='word_1_164' title='bbox 1137 1393 1386 1450; x_wconf 86' lang='lat' dir='ltr'>auribus</span> <span class='ocrx_word' id='word_1_165' title='bbox 1418 1391 1636 1460; x_wconf 90' lang='lat' dir='ltr'>intulit,</span> <span class='ocrx_word' id='word_1_166' title='bbox 1667 1390 1751 1446; x_wconf 89' lang='lat' dir='ltr'>sic</span> <span class='ocrx_word' id='word_1_167' title='bbox 1775 1394 1841 1445; x_wconf 95' lang='lat' dir='ltr'>ut</span> <span class='ocrx_word' id='word_1_168' title='bbox 1881 1394 2099 1444; x_wconf 89' lang='lat' dir='ltr'>natura</span> <span class='ocrx_word' id='word_1_169' title='bbox 2128 1387 2231 1460; x_wconf 90' lang='lat' dir='ltr'>qui</span> 
     </span>
    </p>
   </div>
   <div class='ocr_carea' id='block_1_24' title="bbox 2355 1387 3980 1473">
    <p class='ocr_par' dir='ltr' id='par_1_24' title="bbox 2375 1389 3980 1470">
     <span class='ocr_line' id='line_1_24' title="bbox 2375 1389 3980 1470; baseline 0.007 -33"><span class='ocrx_word' id='word_1_170' title='bbox 2375 1392 2640 1458; x_wconf 73' lang='grc' dir='ltr'>σημασίας</span> <span class='ocrx_word' id='word_1_171' title='bbox 2695 1398 2756 1463; x_wconf 80' lang='grc' dir='ltr'>τῆ</span> <span class='ocrx_word' id='word_1_172' title='bbox 2814 1389 2942 1465; x_wconf 75' lang='grc' dir='ltr'>ἀκοῇ</span> <span class='ocrx_word' id='word_1_173' title='bbox 3005 1391 3298 1452; x_wconf 78' lang='grc' dir='ltr'>ἐνεποίησεν</span> <span class='ocrx_word' id='word_1_174' title='bbox 3329 1413 3344 1429; x_wconf 80' lang='grc' dir='ltr'><strong><em>ο</em></strong></span> <span class='ocrx_word' id='word_1_175' title='bbox 3389 1396 3525 1447; x_wconf 80' lang='grc' dir='ltr'>ὥστε</span> <span class='ocrx_word' id='word_1_176' title='bbox 3579 1399 3672 1453; x_wconf 80' lang='grc' dir='ltr'>τὴν</span> <span class='ocrx_word' id='word_1_177' title='bbox 3736 1398 3830 1468; x_wconf 68' lang='grc' dir='ltr'>μὲν</span> <span class='ocrx_word' id='word_1_178' title='bbox 3899 1400 3980 1470; x_wconf 84' lang='grc' dir='ltr'>φύ-</span> 
     </span>
    </p>
   </div>
   <div class='ocr_carea' id='block_1_25' title="bbox 606 1473 2231 1558">
    <p class='ocr_par' dir='ltr' id='par_1_25' title="bbox 606 1473 2231 1548">
     <span class='ocr_line' id='line_1_25' title="bbox 606 1473 2231 1548; baseline -0.01 1"><span class='ocrx_word' id='word_1_179' title='bbox 606 1492 747 1548; x_wconf 92' lang='lat' dir='ltr'>dem</span> <span class='ocrx_word' id='word_1_180' title='bbox 779 1506 850 1546; x_wconf 91' lang='lat' dir='ltr'>eo</span> <span class='ocrx_word' id='word_1_181' title='bbox 875 1486 1121 1544; x_wconf 89' lang='lat' dir='ltr'>nomine</span> <span class='ocrx_word' id='word_1_182' title='bbox 1146 1481 1518 1548; x_wconf 89' lang='lat' dir='ltr'>ostendatur,</span> <span class='ocrx_word' id='word_1_183' title='bbox 1550 1473 1884 1536; x_wconf 81' lang='lat' dir='ltr'>subsistens</span> <span class='ocrx_word' id='word_1_184' title='bbox 1909 1481 2112 1535; x_wconf 88' lang='lat' dir='ltr'>autem</span> <span class='ocrx_word' id='word_1_185' title='bbox 2143 1493 2231 1533; x_wconf 81' lang='lat' dir='ltr'>res</span> 
     </span>
    </p>
   </div>
   <div class='ocr_carea' id='block_1_26' title="bbox 2350 1473 3975 1558">
    <p class='ocr_par' dir='ltr' id='par_1_26' title="bbox 2373 1475 3975 1558">
     <span class='ocr_line' id='line_1_26' title="bbox 2373 1475 3975 1558; baseline 0.01 -32"><span class='ocrx_word' id='word_1_186' title='bbox 2373 1493 2455 1526; x_wconf 92' lang='grc' dir='ltr'>σιν</span> <span class='ocrx_word' id='word_1_187' title='bbox 2495 1475 2548 1528; x_wconf 72' lang='grc' dir='ltr'>ἐκ</span> <span class='ocrx_word' id='word_1_188' title='bbox 2586 1486 2680 1530; x_wconf 83' lang='grc' dir='ltr'>τοῦ</span> <span class='ocrx_word' id='word_1_189' title='bbox 2738 1479 2984 1553; x_wconf 84' lang='grc' dir='ltr'>ὀνόματος</span> <span class='ocrx_word' id='word_1_190' title='bbox 3042 1479 3366 1552; x_wconf 81' lang='grc' dir='ltr'>δηλωθῆναι,</span> <span class='ocrx_word' id='word_1_191' title='bbox 3407 1486 3466 1536; x_wconf 88' lang='grc' dir='ltr'>τὸ</span> <span class='ocrx_word' id='word_1_192' title='bbox 3513 1481 3572 1538; x_wconf 76' lang='grc' dir='ltr'>δὲ</span> <span class='ocrx_word' id='word_1_193' title='bbox 3614 1486 3858 1558; x_wconf 88' lang='grc' dir='ltr'>ὑφεστὼς</span> <span class='ocrx_word' id='word_1_194' title='bbox 3912 1487 3975 1558; x_wconf 88' lang='grc'>(8)</span> 
     </span>
    </p>
   </div>
   <div class='ocr_carea' id='block_1_27' title="bbox 605 1562 2230 1654">
    <p class='ocr_par' dir='ltr' id='par_1_27' title="bbox 605 1566 2225 1654">
     <span class='ocr_line' id='line_1_27' title="bbox 605 1566 2225 1654; baseline -0.011 -14"><span class='ocrx_word' id='word_1_195' title='bbox 605 1587 662 1640; x_wconf 92' lang='lat' dir='ltr'>et</span> <span class='ocrx_word' id='word_1_196' title='bbox 696 1580 937 1654; x_wconf 86' lang='lat' dir='ltr'>proprie</span> <span class='ocrx_word' id='word_1_197' title='bbox 964 1574 1211 1633; x_wconf 91' lang='lat' dir='ltr'>nomine</span> <span class='ocrx_word' id='word_1_198' title='bbox 1235 1569 1826 1642; x_wconf 76' lang='lat' dir='ltr'>designata,minime</span> <span class='ocrx_word' id='word_1_199' title='bbox 1856 1566 2225 1637; x_wconf 83' lang='lat' dir='ltr'>significetur</span> 
     </span>
    </p>
   </div>
   <div class='ocr_carea' id='block_1_28' title="bbox 2348 1562 3973 1654">
    <p class='ocr_par' dir='ltr' id='par_1_28' title="bbox 2367 1562 3973 1650">
     <span class='ocr_line' id='line_1_28' title="bbox 2367 1562 3973 1650; baseline 0.007 -33"><span class='ocrx_word' id='word_1_200' title='bbox 2367 1570 2458 1618; x_wconf 84' lang='grc' dir='ltr'>καὶ</span> <span class='ocrx_word' id='word_1_201' title='bbox 2488 1562 2803 1642; x_wconf 83' lang='grc' dir='ltr'>δηλούμενον</span> <span class='ocrx_word' id='word_1_202' title='bbox 2846 1568 2997 1634; x_wconf 84' lang='grc' dir='ltr'>ἰδίως</span> <span class='ocrx_word' id='word_1_203' title='bbox 3053 1574 3153 1625; x_wconf 89' lang='grc' dir='ltr'>ὑπὸ</span> <span class='ocrx_word' id='word_1_204' title='bbox 3184 1581 3275 1626; x_wconf 87' lang='grc' dir='ltr'>τοῦ</span> <span class='ocrx_word' id='word_1_205' title='bbox 3331 1577 3586 1648; x_wconf 86' lang='grc' dir='ltr'>ὀνόματος</span> <span class='ocrx_word' id='word_1_206' title='bbox 3631 1577 3859 1650; x_wconf 83' lang='grc' dir='ltr'>πρᾶγμά</span> <span class='ocrx_word' id='word_1_207' title='bbox 3912 1581 3973 1650; x_wconf 74' lang='grc' dir='ltr'>μή</span> 
     </span>
    </p>
   </div>
   <div class='ocr_carea' id='block_1_29' title="bbox 607 1655 2232 1740">
    <p class='ocr_par' dir='ltr' id='par_1_29' title="bbox 607 1655 2232 1740">
     <span class='ocr_line' id='line_1_29' title="bbox 607 1655 2232 1740; baseline -0.012 -11"><span class='ocrx_word' id='word_1_208' title='bbox 607 1672 716 1740; x_wconf 89' lang='lat' dir='ltr'>Qui</span> <span class='ocrx_word' id='word_1_209' title='bbox 736 1675 938 1727; x_wconf 91' lang='lat' dir='ltr'>autem</span> <span class='ocrx_word' id='word_1_210' title='bbox 966 1663 1221 1722; x_wconf 88' lang='lat' dir='ltr'>Paulum</span> <span class='ocrx_word' id='word_1_211' title='bbox 1245 1659 1683 1730; x_wconf 87' lang='lat' dir='ltr'>dixit,ostendit</span> <span class='ocrx_word' id='word_1_212' title='bbox 1706 1657 1768 1714; x_wconf 93' lang='lat' dir='ltr'>in</span> <span class='ocrx_word' id='word_1_213' title='bbox 1791 1673 1854 1713; x_wconf 80' lang='lat' dir='ltr'>re</span> <span class='ocrx_word' id='word_1_214' title='bbox 1875 1657 1992 1713; x_wconf 93' lang='lat' dir='ltr'>hoc</span> <span class='ocrx_word' id='word_1_215' title='bbox 2011 1655 2232 1712; x_wconf 54' lang='lat' dir='ltr'>nomini</span> 
     </span>
    </p>
   </div>
   <div class='ocr_carea' id='block_1_30' title="bbox 2355 1655 3980 1740">
    <p class='ocr_par' dir='ltr' id='par_1_30' title="bbox 2371 1657 3980 1736">
     <span class='ocr_line' id='line_1_30' title="bbox 2371 1657 3980 1736; baseline 0.009 -30"><span class='ocrx_word' id='word_1_216' title='bbox 2371 1659 2722 1729; x_wconf 89' lang='grc' dir='ltr'>σημανθῆναι.</span> <span class='ocrx_word' id='word_1_217' title='bbox 2769 1659 2827 1712; x_wconf 85' lang='grc' dir='ltr'><strong>Ὀ</strong></span> <span class='ocrx_word' id='word_1_218' title='bbox 2887 1657 2946 1714; x_wconf 69' lang='grc' dir='ltr'>δὲ</span> <span class='ocrx_word' id='word_1_219' title='bbox 2994 1661 3196 1714; x_wconf 84' lang='grc' dir='ltr'>Παῦλον</span> <span class='ocrx_word' id='word_1_220' title='bbox 3236 1662 3388 1716; x_wconf 84' lang='grc' dir='ltr'>εἰπὼν</span> <span class='ocrx_word' id='word_1_221' title='bbox 3416 1661 3606 1726; x_wconf 82' lang='grc' dir='ltr'>ἔδειξεν</span> <span class='ocrx_word' id='word_1_222' title='bbox 3653 1661 3702 1716; x_wconf 79' lang='grc' dir='ltr'>έν</span> <span class='ocrx_word' id='word_1_223' title='bbox 3759 1673 3836 1736; x_wconf 89' lang='grc' dir='ltr'>τῷ</span> <span class='ocrx_word' id='word_1_224' title='bbox 3894 1662 3980 1725; x_wconf 88' lang='grc' dir='ltr'>δη·</span> 
     </span>
    </p>
   </div>
   <div class='ocr_carea' id='block_1_31' title="bbox 601 1745 2226 1834">
    <p class='ocr_par' dir='ltr' id='par_1_31' title="bbox 601 1746 2226 1834">
     <span class='ocr_line' id='line_1_31' title="bbox 601 1746 2226 1834; baseline -0.011 -14"><span class='ocrx_word' id='word_1_225' title='bbox 601 1760 938 1834; x_wconf 84' lang='lat' dir='ltr'>signiﬁcata</span> <span class='ocrx_word' id='word_1_226' title='bbox 969 1754 1393 1812; x_wconf 87' lang='lat' dir='ltr'>subsistentem</span> <span class='ocrx_word' id='word_1_227' title='bbox 1423 1750 1855 1806; x_wconf 74' lang='lat' dir='ltr'>naturamJloc</span> <span class='ocrx_word' id='word_1_228' title='bbox 1873 1747 2054 1817; x_wconf 86' lang='lat' dir='ltr'>igitur</span> <span class='ocrx_word' id='word_1_229' title='bbox 2070 1746 2226 1818; x_wconf 86' lang='lat' dir='ltr'>bypo</span> 
     </span>
    </p>
   </div>
   <div class='ocr_carea' id='block_1_32' title="bbox 2350 1745 3975 1834">
    <p class='ocr_par' dir='ltr' id='par_1_32' title="bbox 2366 1745 3975 1828">
     <span class='ocr_line' id='line_1_32' title="bbox 2366 1745 3975 1828; baseline 0.006 -30"><span class='ocrx_word' id='word_1_230' title='bbox 2366 1745 2594 1820; x_wconf 78' lang='grc' dir='ltr'>λουμένῳ</span> <span class='ocrx_word' id='word_1_231' title='bbox 2672 1751 2772 1802; x_wconf 89' lang='grc' dir='ltr'>ὑπὸ</span> <span class='ocrx_word' id='word_1_232' title='bbox 2838 1758 2930 1803; x_wconf 82' lang='grc' dir='ltr'>τοὺ</span> <span class='ocrx_word' id='word_1_233' title='bbox 3005 1751 3258 1825; x_wconf 82' lang='grc' dir='ltr'>ὀνόματος</span> <span class='ocrx_word' id='word_1_234' title='bbox 3328 1756 3600 1828; x_wconf 76' lang='grc' dir='ltr'>πράγματι</span> <span class='ocrx_word' id='word_1_235' title='bbox 3673 1755 3975 1828; x_wconf 86' lang='grc' dir='ltr'>ὑφεστῶσαν</span> 
     </span>
    </p>
   </div>
   <div class='ocr_carea' id='block_1_33' title="bbox 603 1835 2228 1918">
    <p class='ocr_par' dir='ltr' id='par_1_33' title="bbox 603 1835 2228 1916">
     <span class='ocr_line' id='line_1_33' title="bbox 603 1835 2228 1916; baseline -0.011 -8"><span class='ocrx_word' id='word_1_236' title='bbox 603 1851 781 1910; x_wconf 87' lang='lat' dir='ltr'>stasis</span> <span class='ocrx_word' id='word_1_237' title='bbox 811 1851 920 1916; x_wconf 88' lang='lat' dir='ltr'>est,</span> <span class='ocrx_word' id='word_1_238' title='bbox 949 1861 1075 1903; x_wconf 91' lang='lat' dir='ltr'>non</span> <span class='ocrx_word' id='word_1_239' title='bbox 1104 1841 1419 1899; x_wconf 84' lang='lat' dir='ltr'>indeﬁnita</span> <span class='ocrx_word' id='word_1_240' title='bbox 1443 1838 1719 1895; x_wconf 70' lang='lat' dir='ltr'>essentize</span> <span class='ocrx_word' id='word_1_241' title='bbox 1753 1837 1941 1907; x_wconf 90' lang='lat' dir='ltr'>notio,</span> <span class='ocrx_word' id='word_1_242' title='bbox 1992 1851 2128 1909; x_wconf 67' lang='lat' dir='ltr'>qua:</span> <span class='ocrx_word' id='word_1_243' title='bbox 2177 1835 2228 1892; x_wconf 96' lang='lat' dir='ltr'>ol</span> 
     </span>
    </p>
   </div>
   <div class='ocr_carea' id='block_1_34' title="bbox 2351 1835 3976 1918">
    <p class='ocr_par' dir='ltr' id='par_1_34' title="bbox 2366 1836 3976 1918">
     <span class='ocr_line' id='line_1_34' title="bbox 2366 1836 3976 1918; baseline 0.006 -30"><span class='ocrx_word' id='word_1_244' title='bbox 2366 1841 2460 1895; x_wconf 77' lang='grc' dir='ltr'>τὴν</span> <span class='ocrx_word' id='word_1_245' title='bbox 2491 1841 2664 1910; x_wconf 79' lang='grc' dir='ltr'>φύσιν.</span> <span class='ocrx_word' id='word_1_246' title='bbox 2695 1846 2860 1893; x_wconf 84' lang='grc' dir='ltr'>Τοῦτο</span> <span class='ocrx_word' id='word_1_247' title='bbox 2899 1836 2987 1894; x_wconf 83' lang='grc' dir='ltr'>οὑν</span> <span class='ocrx_word' id='word_1_248' title='bbox 3031 1841 3170 1895; x_wconf 75' lang='grc' dir='ltr'>ἔστιν</span> <span class='ocrx_word' id='word_1_249' title='bbox 3224 1845 3254 1902; x_wconf 81' lang='grc' dir='ltr'><strong>ἠ</strong></span> <span class='ocrx_word' id='word_1_250' title='bbox 3305 1843 3618 1914; x_wconf 82' lang='grc' dir='ltr'>ὑπόστασις,</span> <span class='ocrx_word' id='word_1_251' title='bbox 3669 1843 3778 1918; x_wconf 86' lang='grc' dir='ltr'>οὐχ</span> <span class='ocrx_word' id='word_1_252' title='bbox 3836 1847 3869 1904; x_wconf 78' lang='grc' dir='ltr'>ἡ</span> <span class='ocrx_word' id='word_1_253' title='bbox 3903 1843 3976 1898; x_wconf 78' lang='grc' dir='ltr'>ἀό-</span> 
     </span>
    </p>
   </div>
   <div class='ocr_carea' id='block_1_35' title="bbox 601 1925 2226 2006">
    <p class='ocr_par' dir='ltr' id='par_1_35' title="bbox 601 1925 2226 2002">
     <span class='ocr_line' id='line_1_35' title="bbox 601 1925 2226 2002; baseline -0.011 -3"><span class='ocrx_word' id='word_1_254' title='bbox 601 1932 1191 1999; x_wconf 90' lang='lat' dir='ltr'>communitatemrei</span> <span class='ocrx_word' id='word_1_255' title='bbox 1203 1929 1548 2002; x_wconf 66' lang='lat' dir='ltr'>signiﬁcatus</span> <span class='ocrx_word' id='word_1_256' title='bbox 1563 1927 1785 1984; x_wconf 87' lang='lat' dir='ltr'>nullam</span> <span class='ocrx_word' id='word_1_257' title='bbox 1799 1925 2004 1982; x_wconf 92' lang='lat' dir='ltr'>sedem</span> <span class='ocrx_word' id='word_1_258' title='bbox 2017 1925 2226 1998; x_wconf 82' lang='lat' dir='ltr'>reperit</span> 
     </span>
    </p>
   </div>
   <div class='ocr_carea' id='block_1_36' title="bbox 2348 1925 3973 2006">
    <p class='ocr_par' dir='ltr' id='par_1_36' title="bbox 2364 1929 3973 2006">
     <span class='ocr_line' id='line_1_36' title="bbox 2364 1929 3973 2006; baseline 0.006 -27"><span class='ocrx_word' id='word_1_259' title='bbox 2364 1946 2544 1999; x_wconf 89' lang='grc' dir='ltr'>ριστος</span> <span class='ocrx_word' id='word_1_260' title='bbox 2570 1937 2668 1991; x_wconf 91' lang='grc' dir='ltr'>τῆς</span> <span class='ocrx_word' id='word_1_261' title='bbox 2715 1930 2902 1992; x_wconf 88' lang='grc' dir='ltr'>οὐσίας</span> <span class='ocrx_word' id='word_1_262' title='bbox 2944 1933 3132 2004; x_wconf 79' lang='grc' dir='ltr'>ἔννοια,</span> <span class='ocrx_word' id='word_1_263' title='bbox 3173 1929 3439 2006; x_wconf 85' lang='grc' dir='ltr'>μηδεμίαν</span> <span class='ocrx_word' id='word_1_264' title='bbox 3492 1935 3547 1986; x_wconf 79' lang='grc' dir='ltr'>ἐκ</span> <span class='ocrx_word' id='word_1_265' title='bbox 3595 1941 3693 1997; x_wconf 85' lang='grc' dir='ltr'>τῆς</span> <span class='ocrx_word' id='word_1_266' title='bbox 3747 1939 3973 1995; x_wconf 84' lang='grc' dir='ltr'>κοινότη-</span> 
     </span>
    </p>
   </div>
   <div class='ocr_carea' id='block_1_37' title="bbox 599 2014 2224 2102">
    <p class='ocr_par' dir='ltr' id='par_1_37' title="bbox 599 2014 2224 2102">
     <span class='ocr_line' id='line_1_37' title="bbox 599 2014 2224 2102; baseline -0.01 -16"><span class='ocrx_word' id='word_1_267' title='bbox 599 2029 707 2086; x_wconf 87' lang='lat' dir='ltr'>sed</span> <span class='ocrx_word' id='word_1_268' title='bbox 727 2044 860 2102; x_wconf 80' lang='lat' dir='ltr'>quae</span> <span class='ocrx_word' id='word_1_269' title='bbox 879 2021 1048 2099; x_wconf 91' lang='lat' dir='ltr'>quod</span> <span class='ocrx_word' id='word_1_270' title='bbox 1072 2034 1398 2078; x_wconf 88' lang='lat' dir='ltr'>commune</span> <span class='ocrx_word' id='word_1_271' title='bbox 1422 2018 1485 2074; x_wconf 92' lang='lat' dir='ltr'>in</span> <span class='ocrx_word' id='word_1_272' title='bbox 1510 2016 1714 2089; x_wconf 90' lang='lat' dir='ltr'>aliqua</span> <span class='ocrx_word' id='word_1_273' title='bbox 1743 2031 1806 2071; x_wconf 89' lang='lat' dir='ltr'>re</span> <span class='ocrx_word' id='word_1_274' title='bbox 1845 2019 1902 2070; x_wconf 90' lang='lat' dir='ltr'>et</span> <span class='ocrx_word' id='word_1_275' title='bbox 1930 2014 2224 2071; x_wconf 91' lang='lat' dir='ltr'>incircum</span> 
     </span>
    </p>
   </div>
   <div class='ocr_carea' id='block_1_38' title="bbox 2351 2014 3976 2102">
    <p class='ocr_par' dir='ltr' id='par_1_38' title="bbox 2364 2022 3976 2099">
     <span class='ocr_line' id='line_1_38' title="bbox 2364 2022 3976 2099; baseline 0.006 -30"><span class='ocrx_word' id='word_1_276' title='bbox 2364 2035 2452 2079; x_wconf 88' lang='grc' dir='ltr'>τος</span> <span class='ocrx_word' id='word_1_277' title='bbox 2525 2025 2618 2071; x_wconf 83' lang='grc' dir='ltr'>τοῦ</span> <span class='ocrx_word' id='word_1_278' title='bbox 2697 2025 3082 2094; x_wconf 79' lang='grc' dir='ltr'>σημαινομένου</span> <span class='ocrx_word' id='word_1_279' title='bbox 3162 2025 3351 2076; x_wconf 81' lang='grc' dir='ltr'>στάσιν</span> <span class='ocrx_word' id='word_1_280' title='bbox 3426 2023 3750 2099; x_wconf 84' lang='grc' dir='ltr'>εὑρίσκουσα</span> <span class='ocrx_word' id='word_1_281' title='bbox 3779 2068 3796 2094; x_wconf 89' lang='grc'>,</span> <span class='ocrx_word' id='word_1_282' title='bbox 3882 2022 3976 2078; x_wconf 80' lang='grc' dir='ltr'>ἀλλ’</span> 
     </span>
    </p>
   </div>
   <div class='ocr_carea' id='block_1_39' title="bbox 598 2104 2223 2192">
    <p class='ocr_par' dir='ltr' id='par_1_39' title="bbox 598 2104 2223 2192">
     <span class='ocr_line' id='line_1_39' title="bbox 598 2104 2223 2192; baseline -0.009 -17"><span class='ocrx_word' id='word_1_283' title='bbox 598 2119 889 2192; x_wconf 84' lang='lat' dir='ltr'>scriptum</span> <span class='ocrx_word' id='word_1_284' title='bbox 917 2118 1026 2182; x_wconf 87' lang='lat' dir='ltr'>est,</span> <span class='ocrx_word' id='word_1_285' title='bbox 1053 2127 1160 2185; x_wconf 88' lang='lat' dir='ltr'>per</span> <span class='ocrx_word' id='word_1_286' title='bbox 1188 2109 1548 2181; x_wconf 88' lang='lat' dir='ltr'>conspicuas</span> <span class='ocrx_word' id='word_1_287' title='bbox 1577 2104 1972 2180; x_wconf 88' lang='lat' dir='ltr'>proprietates</span> <span class='ocrx_word' id='word_1_288' title='bbox 2012 2107 2223 2161; x_wconf 91' lang='lat' dir='ltr'>restrin</span> 
     </span>
    </p>
   </div>
   <div class='ocr_carea' id='block_1_40' title="bbox 2352 2104 3977 2192">
    <p class='ocr_par' dir='ltr' id='par_1_40' title="bbox 2364 2108 3977 2186">
     <span class='ocr_line' id='line_1_40' title="bbox 2364 2108 3977 2186; baseline 0.004 -25"><span class='ocrx_word' id='word_1_289' title='bbox 2364 2110 2394 2167; x_wconf 82' lang='grc' dir='ltr'>ἡ</span> <span class='ocrx_word' id='word_1_290' title='bbox 2456 2111 2514 2161; x_wconf 86' lang='grc' dir='ltr'>τό</span> <span class='ocrx_word' id='word_1_291' title='bbox 2571 2108 2646 2180; x_wconf 86' lang='grc'>(9)</span> <span class='ocrx_word' id='word_1_292' title='bbox 2688 2114 2857 2162; x_wconf 84' lang='grc' dir='ltr'>κοινόν</span> <span class='ocrx_word' id='word_1_293' title='bbox 2931 2129 2986 2164; x_wconf 88' lang='grc' dir='ltr'>τε</span> <span class='ocrx_word' id='word_1_294' title='bbox 3059 2115 3150 2164; x_wconf 83' lang='grc' dir='ltr'>καὶ</span> <span class='ocrx_word' id='word_1_295' title='bbox 3224 2110 3612 2186; x_wconf 78' lang='grc' dir='ltr'>ἀπερίγραπτον</span> <span class='ocrx_word' id='word_1_296' title='bbox 3656 2111 3705 2165; x_wconf 73' lang='grc' dir='ltr'>ἓν</span> <span class='ocrx_word' id='word_1_297' title='bbox 3763 2122 3842 2186; x_wconf 79' lang='grc' dir='ltr'>τῷ</span> <span class='ocrx_word' id='word_1_298' title='bbox 3887 2121 3977 2168; x_wconf 83' lang='grc' dir='ltr'>τινὶ</span> 
     </span>
    </p>
   </div>
   <div class='ocr_carea' id='block_1_41' title="bbox 598 2194 2223 2282">
    <p class='ocr_par' dir='ltr' id='par_1_41' title="bbox 598 2194 2223 2282">
     <span class='ocr_line' id='line_1_41' title="bbox 598 2194 2223 2282; baseline -0.014 -15"><span class='ocrx_word' id='word_1_299' title='bbox 598 2209 684 2282; x_wconf 91' lang='lat' dir='ltr'>git</span> <span class='ocrx_word' id='word_1_300' title='bbox 714 2224 786 2264; x_wconf 90' lang='lat' dir='ltr'>ac</span> <span class='ocrx_word' id='word_1_301' title='bbox 813 2199 1282 2270; x_wconf 84' lang='lat' dir='ltr'>circumscribit;</span> <span class='ocrx_word' id='word_1_302' title='bbox 1313 2194 1840 2272; x_wconf 88' lang='lat' dir='ltr'>quemadmodum</span> <span class='ocrx_word' id='word_1_303' title='bbox 1872 2198 1929 2250; x_wconf 91' lang='lat' dir='ltr'>et</span> <span class='ocrx_word' id='word_1_304' title='bbox 1953 2195 2223 2266; x_wconf 88' lang='lat' dir='ltr'>Scriptur.</span> 
     </span>
    </p>
   </div>
   <div class='ocr_carea' id='block_1_42' title="bbox 2349 2194 3974 2282">
    <p class='ocr_par' dir='ltr' id='par_1_42' title="bbox 2364 2195 3974 2282">
     <span class='ocr_line' id='line_1_42' title="bbox 2364 2195 3974 2282; baseline 0.004 -30"><span class='ocrx_word' id='word_1_305' title='bbox 2364 2200 2635 2274; x_wconf 73' lang='grc' dir='ltr'>πράγματι</span> <span class='ocrx_word' id='word_1_306' title='bbox 2684 2195 2779 2252; x_wconf 81' lang='grc' dir='ltr'>διὰ</span> <span class='ocrx_word' id='word_1_307' title='bbox 2846 2208 2946 2252; x_wconf 85' lang='grc' dir='ltr'>τῶν</span> <span class='ocrx_word' id='word_1_308' title='bbox 3023 2199 3424 2276; x_wconf 73' lang='grc' dir='ltr'>ἐπιφαινομένων</span> <span class='ocrx_word' id='word_1_309' title='bbox 3488 2198 3788 2276; x_wconf 79' lang='grc' dir='ltr'>ἰδιωμάτων</span> <span class='ocrx_word' id='word_1_310' title='bbox 3839 2225 3974 2282; x_wconf 83' lang='grc' dir='ltr'>παρ-</span> 
     </span>
    </p>
   </div>
   <div class='ocr_carea' id='block_1_43' title="bbox 599 2282 2224 2372">
    <p class='ocr_par' dir='ltr' id='par_1_43' title="bbox 599 2282 2224 2372">
     <span class='ocr_line' id='line_1_43' title="bbox 599 2282 2224 2372; baseline -0.01 -17"><span class='ocrx_word' id='word_1_311' title='bbox 599 2299 737 2372; x_wconf 87' lang='lat' dir='ltr'>ipsa</span> <span class='ocrx_word' id='word_1_312' title='bbox 777 2293 929 2352; x_wconf 87' lang='lat' dir='ltr'>solet</span> <span class='ocrx_word' id='word_1_313' title='bbox 956 2289 1148 2348; x_wconf 90' lang='lat' dir='ltr'>simile</span> <span class='ocrx_word' id='word_1_314' title='bbox 1174 2287 1491 2361; x_wconf 87' lang='lat' dir='ltr'>quidpiam</span> <span class='ocrx_word' id='word_1_315' title='bbox 1524 2285 1740 2352; x_wconf 90' lang='lat' dir='ltr'>facere,</span> <span class='ocrx_word' id='word_1_316' title='bbox 1775 2299 1909 2340; x_wconf 90' lang='lat' dir='ltr'>cum</span> <span class='ocrx_word' id='word_1_317' title='bbox 1942 2283 2003 2339; x_wconf 94' lang='lat' dir='ltr'>in</span> <span class='ocrx_word' id='word_1_318' title='bbox 2050 2282 2224 2340; x_wconf 91' lang='lat' dir='ltr'>multi</span> 
     </span>
    </p>
   </div>
   <div class='ocr_carea' id='block_1_44' title="bbox 2349 2282 3974 2372">
    <p class='ocr_par' dir='ltr' id='par_1_44' title="bbox 2369 2292 3974 2370">
     <span class='ocr_line' id='line_1_44' title="bbox 2369 2292 3974 2370; baseline 0.004 -30"><span class='ocrx_word' id='word_1_319' title='bbox 2369 2296 2576 2342; x_wconf 86' lang='grc' dir='ltr'>ιστῶσα</span> <span class='ocrx_word' id='word_1_320' title='bbox 2621 2293 2710 2342; x_wconf 81' lang='grc' dir='ltr'>καὶ</span> <span class='ocrx_word' id='word_1_321' title='bbox 2771 2292 3171 2365; x_wconf 86' lang='grc' dir='ltr'>περιγράφουσα</span> <span class='ocrx_word' id='word_1_322' title='bbox 3203 2307 3216 2321; x_wconf 87' lang='grc'>⁶</span> <span class='ocrx_word' id='word_1_323' title='bbox 3263 2294 3327 2353; x_wconf 83' lang='grc' dir='ltr'>ὡς</span> <span class='ocrx_word' id='word_1_324' title='bbox 3380 2296 3578 2366; x_wconf 37' lang='grc' dir='ltr'>καὶιτῆ</span> <span class='ocrx_word' id='word_1_325' title='bbox 3629 2299 3807 2370; x_wconf 70' lang='grc' dir='ltr'>Γραφῇ</span> <span class='ocrx_word' id='word_1_326' title='bbox 3864 2298 3974 2350; x_wconf 81' lang='grc' dir='ltr'>σύν-</span> 
     </span>
    </p>
   </div>
   <div class='ocr_carea' id='block_1_45' title="bbox 599 2371 2224 2452">
    <p class='ocr_par' dir='ltr' id='par_1_45' title="bbox 599 2371 2224 2452">
     <span class='ocr_line' id='line_1_45' title="bbox 599 2371 2224 2452; baseline -0.01 -8"><span class='ocrx_word' id='word_1_327' title='bbox 599 2371 730 2445; x_wconf 83' lang='lat' dir='ltr'>aliis</span> <span class='ocrx_word' id='word_1_328' title='bbox 779 2383 950 2452; x_wconf 92' lang='lat' dir='ltr'>locis,</span> <span class='ocrx_word' id='word_1_329' title='bbox 989 2385 1119 2437; x_wconf 90' lang='lat' dir='ltr'>tum</span> <span class='ocrx_word' id='word_1_330' title='bbox 1175 2379 1236 2434; x_wconf 92' lang='lat' dir='ltr'>in</span> <span class='ocrx_word' id='word_1_331' title='bbox 1286 2375 1538 2433; x_wconf 89' lang='lat' dir='ltr'>historia</span> <span class='ocrx_word' id='word_1_332' title='bbox 1581 2373 1740 2431; x_wconf 86' lang='lat' dir='ltr'>Jobi.</span> <span class='ocrx_word' id='word_1_333' title='bbox 1786 2375 1937 2429; x_wconf 87' lang='lat' dir='ltr'>Nam</span> <span class='ocrx_word' id='word_1_334' title='bbox 1983 2388 2121 2445; x_wconf 73' lang='lat' dir='ltr'>quae</span> <span class='ocrx_word' id='word_1_335' title='bbox 2177 2388 2224 2429; x_wconf 55' lang='lat' dir='ltr'>at</span> 
     </span>
    </p>
   </div>
   <div class='ocr_carea' id='block_1_46' title="bbox 2347 2371 3972 2452">
    <p class='ocr_par' dir='ltr' id='par_1_46' title="bbox 2366 2381 3972 2446">
     <span class='ocr_line' id='line_1_46' title="bbox 2366 2381 3972 2446; baseline 0.005 -15"><span class='ocrx_word' id='word_1_336' title='bbox 2366 2381 2488 2441; x_wconf 86' lang='grc' dir='ltr'>ηθες</span> <span class='ocrx_word' id='word_1_337' title='bbox 2515 2382 2572 2432; x_wconf 85' lang='grc' dir='ltr'>τὸ</span> <span class='ocrx_word' id='word_1_338' title='bbox 2611 2387 2845 2432; x_wconf 81' lang='grc' dir='ltr'>τοιοῦτον</span> <span class='ocrx_word' id='word_1_339' title='bbox 2882 2388 3048 2434; x_wconf 85' lang='grc' dir='ltr'>ποιεῖν</span> <span class='ocrx_word' id='word_1_340' title='bbox 3101 2383 3150 2434; x_wconf 77' lang='grc' dir='ltr'>ἓν</span> <span class='ocrx_word' id='word_1_341' title='bbox 3202 2381 3372 2443; x_wconf 82' lang='grc' dir='ltr'>ἄλλοις</span> <span class='ocrx_word' id='word_1_342' title='bbox 3415 2401 3470 2435; x_wconf 91' lang='grc' dir='ltr'>τε</span> <span class='ocrx_word' id='word_1_343' title='bbox 3525 2382 3732 2446; x_wconf 85' lang='grc' dir='ltr'>πολλοῖς</span> <span class='ocrx_word' id='word_1_344' title='bbox 3785 2390 3887 2438; x_wconf 85' lang='grc' dir='ltr'>καί</span> <span class='ocrx_word' id='word_1_345' title='bbox 3927 2385 3972 2439; x_wconf 80' lang='grc' dir='ltr'>ἐν</span> 
     </span>
    </p>
   </div>
   <div class='ocr_carea' id='block_1_47' title="bbox 596 2461 2221 2550">
    <p class='ocr_par' dir='ltr' id='par_1_47' title="bbox 596 2461 2221 2550">
     <span class='ocr_line' id='line_1_47' title="bbox 596 2461 2221 2550; baseline -0.011 -16"><span class='ocrx_word' id='word_1_346' title='bbox 596 2477 802 2550; x_wconf 90' lang='lat' dir='ltr'>ipsum</span> <span class='ocrx_word' id='word_1_347' title='bbox 822 2472 1077 2530; x_wconf 86' lang='lat' dir='ltr'>attinent</span> <span class='ocrx_word' id='word_1_348' title='bbox 1106 2468 1775 2538; x_wconf 88' lang='lat' dir='ltr'>narratura,postquam</span> <span class='ocrx_word' id='word_1_349' title='bbox 1792 2462 1988 2534; x_wconf 89' lang='lat' dir='ltr'>primo</span> <span class='ocrx_word' id='word_1_350' title='bbox 2009 2461 2070 2518; x_wconf 93' lang='lat' dir='ltr'>id</span> <span class='ocrx_word' id='word_1_351' title='bbox 2090 2477 2221 2535; x_wconf 41' lang='lat' dir='ltr'>quoi</span> 
     </span>
    </p>
   </div>
   <div class='ocr_carea' id='block_1_48' title="bbox 2348 2461 3973 2550">
    <p class='ocr_par' dir='ltr' id='par_1_48' title="bbox 2364 2467 3973 2546">
     <span class='ocr_line' id='line_1_48' title="bbox 2364 2467 3973 2546; baseline 0.004 -25"><span class='ocrx_word' id='word_1_352' title='bbox 2364 2477 2426 2542; x_wconf 73' lang='grc' dir='ltr'>τῇ</span> <span class='ocrx_word' id='word_1_353' title='bbox 2471 2471 2609 2522; x_wconf 81' lang='grc' dir='ltr'>κατὰ</span> <span class='ocrx_word' id='word_1_354' title='bbox 2658 2473 2745 2522; x_wconf 86' lang='grc' dir='ltr'>τόν</span> <span class='ocrx_word' id='word_1_355' title='bbox 2805 2468 2922 2523; x_wconf 81' lang='grc' dir='ltr'>Ἰὼϐ</span> <span class='ocrx_word' id='word_1_356' title='bbox 2978 2473 3217 2546; x_wconf 82' lang='grc' dir='ltr'>ἵστορίᾳ.</span> <span class='ocrx_word' id='word_1_357' title='bbox 3277 2467 3488 2531; x_wconf 79' lang='grc' dir='ltr'>Ἐπειδὴ</span> <span class='ocrx_word' id='word_1_358' title='bbox 3529 2474 3633 2546; x_wconf 82' lang='grc' dir='ltr'>γὰρ</span> <span class='ocrx_word' id='word_1_359' title='bbox 3687 2471 3860 2546; x_wconf 82' lang='grc' dir='ltr'>ἔμελλε</span> <span class='ocrx_word' id='word_1_360' title='bbox 3909 2478 3973 2528; x_wconf 82' lang='grc' dir='ltr'>τὰ</span> 
     </span>
    </p>
   </div>
   <div class='ocr_carea' id='block_1_49' title="bbox 597 2552 2222 2638">
    <p class='ocr_par' dir='ltr' id='par_1_49' title="bbox 597 2552 2222 2624">
     <span class='ocr_line' id='line_1_49' title="bbox 597 2552 2222 2624; baseline -0.009 -1"><span class='ocrx_word' id='word_1_361' title='bbox 597 2578 924 2624; x_wconf 90' lang='lat' dir='ltr'>commune</span> <span class='ocrx_word' id='word_1_362' title='bbox 949 2565 1006 2618; x_wconf 93' lang='lat' dir='ltr'>et</span> <span class='ocrx_word' id='word_1_363' title='bbox 1042 2554 1565 2622; x_wconf 84' lang='lat' dir='ltr'>commemoravit,</span> <span class='ocrx_word' id='word_1_364' title='bbox 1594 2559 1651 2609; x_wconf 89' lang='lat' dir='ltr'>et</span> <span class='ocrx_word' id='word_1_365' title='bbox 1678 2552 1846 2624; x_wconf 85' lang='lat' dir='ltr'>dixit,</span> <span class='ocrx_word' id='word_1_366' title='bbox 1891 2553 2063 2609; x_wconf 88' lang='lat' dir='ltr'>homo</span> <span class='ocrx_word' id='word_1_367' title='bbox 2088 2570 2101 2618; x_wconf 90' lang='lat'><strong>;</strong></span> <span class='ocrx_word' id='word_1_368' title='bbox 2130 2557 2222 2608; x_wconf 88' lang='lat' dir='ltr'>sta</span> 
     </span>
    </p>
   </div>
   <div class='ocr_carea' id='block_1_50' title="bbox 2347 2552 3972 2638">
    <p class='ocr_par' dir='ltr' id='par_1_50' title="bbox 2362 2555 3972 2638">
     <span class='ocr_line' id='line_1_50' title="bbox 2362 2555 3972 2638; baseline 0.003 -26"><span class='ocrx_word' id='word_1_369' title='bbox 2362 2564 2481 2634; x_wconf 87' lang='grc' dir='ltr'>περὶ</span> <span class='ocrx_word' id='word_1_370' title='bbox 2529 2560 2689 2612; x_wconf 83' lang='grc' dir='ltr'>αὐτοῦ</span> <span class='ocrx_word' id='word_1_371' title='bbox 2743 2555 3069 2632; x_wconf 77' lang='grc' dir='ltr'>διηγεῖσθαι,</span> <span class='ocrx_word' id='word_1_372' title='bbox 3112 2565 3360 2636; x_wconf 86' lang='grc' dir='ltr'>πρότερον</span> <span class='ocrx_word' id='word_1_373' title='bbox 3411 2568 3502 2614; x_wconf 83' lang='grc' dir='ltr'>τοῦ</span> <span class='ocrx_word' id='word_1_374' title='bbox 3533 2570 3706 2615; x_wconf 83' lang='grc' dir='ltr'>κοινοῦ</span> <span class='ocrx_word' id='word_1_375' title='bbox 3769 2584 3972 2638; x_wconf 79' lang='grc' dir='ltr'>μνημο-</span> 
     </span>
    </p>
   </div>
   <div class='ocr_carea' id='block_1_51' title="bbox 594 2640 2219 2728">
    <p class='ocr_par' dir='ltr' id='par_1_51' title="bbox 594 2640 2219 2724">
     <span class='ocr_line' id='line_1_51' title="bbox 594 2640 2219 2724; baseline -0.01 -11"><span class='ocrx_word' id='word_1_376' title='bbox 594 2657 702 2713; x_wconf 91' lang='lat' dir='ltr'>tim</span> <span class='ocrx_word' id='word_1_377' title='bbox 719 2651 946 2710; x_wconf 90' lang='lat' dir='ltr'>dirimit</span> <span class='ocrx_word' id='word_1_378' title='bbox 963 2665 1072 2724; x_wconf 88' lang='lat' dir='ltr'>per</span> <span class='ocrx_word' id='word_1_379' title='bbox 1092 2647 1152 2704; x_wconf 92' lang='lat' dir='ltr'>id</span> <span class='ocrx_word' id='word_1_380' title='bbox 1178 2645 1343 2720; x_wconf 90' lang='lat' dir='ltr'>quod</span> <span class='ocrx_word' id='word_1_381' title='bbox 1367 2643 1679 2717; x_wconf 90' lang='lat' dir='ltr'>proprium</span> <span class='ocrx_word' id='word_1_382' title='bbox 1704 2640 2219 2713; x_wconf 71' lang='lat' dir='ltr'>est,addendo,qu2</span> 
     </span>
    </p>
   </div>
   <div class='ocr_carea' id='block_1_52' title="bbox 2348 2640 3973 2728">
    <p class='ocr_par' dir='ltr' id='par_1_52' title="bbox 2363 2649 3973 2728">
     <span class='ocr_line' id='line_1_52' title="bbox 2363 2649 3973 2728; baseline 0.003 -27"><span class='ocrx_word' id='word_1_383' title='bbox 2363 2653 2613 2722; x_wconf 82' lang='grc' dir='ltr'>νεύσασα,</span> <span class='ocrx_word' id='word_1_384' title='bbox 2680 2654 2770 2702; x_wconf 89' lang='grc' dir='ltr'>καὶ</span> <span class='ocrx_word' id='word_1_385' title='bbox 2831 2649 3072 2718; x_wconf 82' lang='grc' dir='ltr'>εἰποῦσα,</span> <span class='ocrx_word' id='word_1_386' title='bbox 3151 2652 3444 2725; x_wconf 78' lang='grc' dir='ltr'>ἄνθρωπος,</span> <span class='ocrx_word' id='word_1_387' title='bbox 3494 2651 3646 2714; x_wconf 84' lang='grc' dir='ltr'>εὐθύς</span> <span class='ocrx_word' id='word_1_388' title='bbox 3700 2650 3973 2728; x_wconf 76' lang='grc' dir='ltr'>ἀποτέμνει</span> 
     </span>
    </p>
   </div>
   <div class='ocr_carea' id='block_1_53' title="bbox 593 2731 2218 2814">
    <p class='ocr_par' dir='ltr' id='par_1_53' title="bbox 593 2731 2218 2809">
     <span class='ocr_line' id='line_1_53' title="bbox 593 2731 2218 2809; baseline -0.01 -6"><span class='ocrx_word' id='word_1_389' title='bbox 593 2745 809 2802; x_wconf 71' lang='lat' dir='ltr'>dam“.</span> <span class='ocrx_word' id='word_1_390' title='bbox 845 2740 958 2800; x_wconf 90' lang='lat' dir='ltr'>Sed</span> <span class='ocrx_word' id='word_1_391' title='bbox 980 2737 1245 2795; x_wconf 81' lang='lat' dir='ltr'>essentiac</span> <span class='ocrx_word' id='word_1_392' title='bbox 1267 2735 1518 2809; x_wconf 92' lang='lat' dir='ltr'>quidem</span> <span class='ocrx_word' id='word_1_393' title='bbox 1544 2731 2108 2804; x_wconf 89' lang='lat' dir='ltr'>descriptionem,ut</span> <span class='ocrx_word' id='word_1_394' title='bbox 2137 2746 2218 2786; x_wconf 82' lang='lat' dir='ltr'>sei</span> 
     </span>
    </p>
   </div>
   <div class='ocr_carea' id='block_1_54' title="bbox 2348 2731 3973 2814">
    <p class='ocr_par' dir='ltr' id='par_1_54' title="bbox 2362 2736 3973 2814">
     <span class='ocr_line' id='line_1_54' title="bbox 2362 2736 3973 2814; baseline 0.002 -22"><span class='ocrx_word' id='word_1_395' title='bbox 2362 2749 2435 2812; x_wconf 85' lang='grc' dir='ltr'>τῷ</span> <span class='ocrx_word' id='word_1_396' title='bbox 2489 2736 2752 2803; x_wconf 81' lang='grc' dir='ltr'>ἰδιάζοντι</span> <span class='ocrx_word' id='word_1_397' title='bbox 2804 2739 2854 2792; x_wconf 81' lang='grc' dir='ltr'>ἐν</span> <span class='ocrx_word' id='word_1_398' title='bbox 2919 2748 2982 2813; x_wconf 75' lang='grc' dir='ltr'>τῇ</span> <span class='ocrx_word' id='word_1_399' title='bbox 3037 2742 3315 2814; x_wconf 76' lang='grc' dir='ltr'>προσθήκῃ</span> <span class='ocrx_word' id='word_1_400' title='bbox 3367 2748 3483 2812; x_wconf 82' lang='grc' dir='ltr'>τοῦ,</span> <span class='ocrx_word' id='word_1_401' title='bbox 3531 2761 3632 2805; x_wconf 91' lang='grc' dir='ltr'>τις.</span> <span class='ocrx_word' id='word_1_402' title='bbox 3667 2741 3833 2795; x_wconf 79' lang='grc' dir='ltr'>Ἀλλὰ</span> <span class='ocrx_word' id='word_1_403' title='bbox 3885 2752 3973 2804; x_wconf 88' lang='grc' dir='ltr'>τῆς</span> 
     </span>
    </p>
   </div>
   <div class='ocr_carea' id='block_1_55' title="bbox 591 2819 2216 2912">
    <p class='ocr_par' dir='ltr' id='par_1_55' title="bbox 591 2819 2216 2904">
     <span class='ocr_line' id='line_1_55' title="bbox 591 2819 2216 2904; baseline -0.011 -12"><span class='ocrx_word' id='word_1_404' title='bbox 591 2831 791 2891; x_wconf 91' lang='lat' dir='ltr'>monis</span> <span class='ocrx_word' id='word_1_405' title='bbox 811 2828 1123 2904; x_wconf 88' lang='lat' dir='ltr'>proposito</span> <span class='ocrx_word' id='word_1_406' title='bbox 1159 2824 1308 2881; x_wconf 91' lang='lat' dir='ltr'>nihil</span> <span class='ocrx_word' id='word_1_407' title='bbox 1345 2823 1784 2880; x_wconf 91' lang='lat' dir='ltr'>conducentem</span> <span class='ocrx_word' id='word_1_408' title='bbox 1809 2820 2070 2876; x_wconf 87' lang='lat' dir='ltr'>reticuit:</span> <span class='ocrx_word' id='word_1_409' title='bbox 2103 2819 2216 2876; x_wconf 50' lang='lat' dir='ltr'>illul</span> 
     </span>
    </p>
   </div>
   <div class='ocr_carea' id='block_1_56' title="bbox 2350 2819 3975 2912">
    <p class='ocr_par' dir='ltr' id='par_1_56' title="bbox 2361 2828 3975 2912">
     <span class='ocr_line' id='line_1_56' title="bbox 2361 2828 3975 2912; baseline 0.002 -27"><span class='ocrx_word' id='word_1_410' title='bbox 2361 2835 2450 2904; x_wconf 73' lang='grc' dir='ltr'>μεν</span> <span class='ocrx_word' id='word_1_411' title='bbox 2481 2831 2665 2895; x_wconf 77' lang='grc' dir='ltr'>οὐσίας</span> <span class='ocrx_word' id='word_1_412' title='bbox 2694 2837 2790 2891; x_wconf 74' lang='grc' dir='ltr'>τὴν</span> <span class='ocrx_word' id='word_1_413' title='bbox 2843 2833 3169 2907; x_wconf 76' lang='grc' dir='ltr'>ὑπογραφὴν,</span> <span class='ocrx_word' id='word_1_414' title='bbox 3225 2836 3290 2894; x_wconf 81' lang='grc' dir='ltr'>ὡς</span> <span class='ocrx_word' id='word_1_415' title='bbox 3343 2828 3496 2885; x_wconf 70' lang='grc' dir='ltr'>οὐδὲν</span> <span class='ocrx_word' id='word_1_416' title='bbox 3549 2836 3808 2909; x_wconf 82' lang='grc' dir='ltr'>φέρουσαν</span> <span class='ocrx_word' id='word_1_417' title='bbox 3867 2841 3975 2912; x_wconf 81' lang='grc' dir='ltr'>κίρ-</span> 
     </span>
    </p>
   </div>
   <div class='ocr_carea' id='block_1_57' title="bbox 589 2909 2214 2997">
    <p class='ocr_par' dir='ltr' id='par_1_57' title="bbox 589 2909 2214 2993">
     <span class='ocr_line' id='line_1_57' title="bbox 589 2909 2214 2993; baseline -0.009 -12"><span class='ocrx_word' id='word_1_418' title='bbox 589 2930 791 2982; x_wconf 90' lang='lat' dir='ltr'>autem</span> <span class='ocrx_word' id='word_1_419' title='bbox 822 2919 1068 2993; x_wconf 78' lang='lat' dir='ltr'>quidam</span> <span class='ocrx_word' id='word_1_420' title='bbox 1087 2913 1346 2989; x_wconf 89' lang='lat' dir='ltr'>propriis</span> <span class='ocrx_word' id='word_1_421' title='bbox 1365 2912 1521 2969; x_wconf 91' lang='lat' dir='ltr'>notis</span> <span class='ocrx_word' id='word_1_422' title='bbox 1547 2911 1857 2979; x_wconf 78' lang='lat' dir='ltr'>indicat,et</span> <span class='ocrx_word' id='word_1_423' title='bbox 1874 2909 2075 2966; x_wconf 91' lang='lat' dir='ltr'>locum</span> <span class='ocrx_word' id='word_1_424' title='bbox 2106 2909 2214 2966; x_wconf 69' lang='lat' dir='ltr'>refe</span> 
     </span>
    </p>
   </div>
   <div class='ocr_carea' id='block_1_58' title="bbox 2347 2909 3972 2997">
    <p class='ocr_par' dir='ltr' id='par_1_58' title="bbox 2361 2918 3972 2997">
     <span class='ocr_line' id='line_1_58' title="bbox 2361 2918 3972 2997; baseline 0.001 -23"><span class='ocrx_word' id='word_1_425' title='bbox 2361 2918 2454 2982; x_wconf 89' lang='grc' dir='ltr'>δος</span> <span class='ocrx_word' id='word_1_426' title='bbox 2509 2925 2636 2996; x_wconf 87' lang='grc' dir='ltr'>πρὸς</span> <span class='ocrx_word' id='word_1_427' title='bbox 2685 2925 2772 2974; x_wconf 87' lang='grc' dir='ltr'>τὸν</span> <span class='ocrx_word' id='word_1_428' title='bbox 2823 2925 3155 2997; x_wconf 84' lang='grc' dir='ltr'>προκείμενον</span> <span class='ocrx_word' id='word_1_429' title='bbox 3204 2929 3297 2974; x_wconf 85' lang='grc' dir='ltr'>τοῦ</span> <span class='ocrx_word' id='word_1_430' title='bbox 3345 2920 3501 2994; x_wconf 85' lang='grc' dir='ltr'>λόγου</span> <span class='ocrx_word' id='word_1_431' title='bbox 3539 2926 3756 2992; x_wconf 87' lang='grc' dir='ltr'>σκοπόν,</span> <span class='ocrx_word' id='word_1_432' title='bbox 3825 2923 3972 2978; x_wconf 82' lang='grc' dir='ltr'>ἐσιώ-</span> 
     </span>
    </p>
   </div>
   <div class='ocr_carea' id='block_1_59' title="bbox 586 2998 2211 3088">
    <p class='ocr_par' dir='ltr' id='par_1_59' title="bbox 586 2998 2211 3075">
     <span class='ocr_line' id='line_1_59' title="bbox 586 2998 2211 3075; baseline -0.012 -3"><span class='ocrx_word' id='word_1_433' title='bbox 586 3029 727 3074; x_wconf 91' lang='lat' dir='ltr'>rens</span> <span class='ocrx_word' id='word_1_434' title='bbox 756 3014 814 3067; x_wconf 91' lang='lat' dir='ltr'>et</span> <span class='ocrx_word' id='word_1_435' title='bbox 837 3023 1079 3065; x_wconf 91' lang='lat' dir='ltr'>morum</span> <span class='ocrx_word' id='word_1_436' title='bbox 1115 3003 1360 3073; x_wconf 90' lang='lat' dir='ltr'>indicia,</span> <span class='ocrx_word' id='word_1_437' title='bbox 1384 3007 1440 3058; x_wconf 91' lang='lat' dir='ltr'>et</span> <span class='ocrx_word' id='word_1_438' title='bbox 1468 3015 1851 3075; x_wconf 73' lang='lat' dir='ltr'>quaecunque</span> <span class='ocrx_word' id='word_1_439' title='bbox 1880 2998 2211 3056; x_wconf 87' lang='lat' dir='ltr'>extrinsecu</span> 
     </span>
    </p>
   </div>
   <div class='ocr_carea' id='block_1_60' title="bbox 2347 2998 3972 3088">
    <p class='ocr_par' dir='ltr' id='par_1_60' title="bbox 2356 3008 3972 3088">
     <span class='ocr_line' id='line_1_60' title="bbox 2356 3008 3972 3088; baseline 0.001 -23"><span class='ocrx_word' id='word_1_440' title='bbox 2356 3031 2537 3071; x_wconf 87' lang='grc' dir='ltr'>πησε·</span> <span class='ocrx_word' id='word_1_441' title='bbox 2595 3015 2681 3065; x_wconf 88' lang='grc' dir='ltr'>τὸν</span> <span class='ocrx_word' id='word_1_442' title='bbox 2740 3008 2800 3064; x_wconf 72' lang='grc' dir='ltr'>δε</span> <span class='ocrx_word' id='word_1_443' title='bbox 2854 3013 2970 3064; x_wconf 82' lang='grc' dir='ltr'>τινὰ</span> <span class='ocrx_word' id='word_1_444' title='bbox 3047 3008 3143 3064; x_wconf 83' lang='grc' dir='ltr'>διὰ</span> <span class='ocrx_word' id='word_1_445' title='bbox 3187 3020 3288 3064; x_wconf 88' lang='grc' dir='ltr'>τῶν</span> <span class='ocrx_word' id='word_1_446' title='bbox 3340 3011 3542 3065; x_wconf 83' lang='grc' dir='ltr'>οἰκείων</span> <span class='ocrx_word' id='word_1_447' title='bbox 3589 3017 3972 3088; x_wconf 81' lang='grc' dir='ltr'>γνωρισμάτων</span> 
     </span>
    </p>
   </div>
   <div class='ocr_carea' id='block_1_61' title="bbox 589 3088 2214 3175">
    <p class='ocr_par' dir='ltr' id='par_1_61' title="bbox 589 3088 2214 3160">
     <span class='ocr_line' id='line_1_61' title="bbox 589 3088 2214 3160; baseline -0.01 1"><span class='ocrx_word' id='word_1_448' title='bbox 589 3102 838 3160; x_wconf 92' lang='lat' dir='ltr'>collecta</span> <span class='ocrx_word' id='word_1_449' title='bbox 872 3097 1232 3154; x_wconf 86' lang='lat' dir='ltr'>distinctura</span> <span class='ocrx_word' id='word_1_450' title='bbox 1277 3093 1446 3148; x_wconf 89' lang='lat' dir='ltr'>illum</span> <span class='ocrx_word' id='word_1_451' title='bbox 1477 3095 1668 3158; x_wconf 90' lang='lat' dir='ltr'>erant,</span> <span class='ocrx_word' id='word_1_452' title='bbox 1694 3094 1807 3146; x_wconf 90' lang='lat' dir='ltr'>eta</span> <span class='ocrx_word' id='word_1_453' title='bbox 1836 3088 2147 3146; x_wconf 92' lang='lat' dir='ltr'>communi</span> <span class='ocrx_word' id='word_1_454' title='bbox 2174 3088 2214 3144; x_wconf 84' lang='lat' dir='ltr'>si</span> 
     </span>
    </p>
   </div>
   <div class='ocr_carea' id='block_1_62' title="bbox 2348 3088 3973 3175">
    <p class='ocr_par' dir='ltr' id='par_1_62' title="bbox 2354 3100 3973 3175">
     <span class='ocr_line' id='line_1_62' title="bbox 2354 3100 3973 3175; baseline 0.002 -22"><span class='ocrx_word' id='word_1_455' title='bbox 2354 3101 2764 3175; x_wconf 78' lang='grc' dir='ltr'>χαρακτηρίζει,</span> <span class='ocrx_word' id='word_1_456' title='bbox 2809 3106 2900 3154; x_wconf 88' lang='grc' dir='ltr'>καὶ</span> <span class='ocrx_word' id='word_1_457' title='bbox 2930 3105 3086 3154; x_wconf 83' lang='grc' dir='ltr'>τόπον</span> <span class='ocrx_word' id='word_1_458' title='bbox 3133 3100 3362 3174; x_wconf 74' lang='grc' dir='ltr'>λέγουσα</span> <span class='ocrx_word' id='word_1_459' title='bbox 3408 3107 3496 3155; x_wconf 81' lang='grc' dir='ltr'>καὶ</span> <span class='ocrx_word' id='word_1_460' title='bbox 3545 3104 3611 3155; x_wconf 78' lang='grc' dir='ltr'>τὰ</span> <span class='ocrx_word' id='word_1_461' title='bbox 3671 3111 3763 3156; x_wconf 79' lang='grc' dir='ltr'>τοῦ</span> <span class='ocrx_word' id='word_1_462' title='bbox 3819 3107 3973 3166; x_wconf 83' lang='grc' dir='ltr'>ἤθους</span> 
     </span>
    </p>
   </div>
   <div class='ocr_carea' id='block_1_63' title="bbox 584 3177 2209 3267">
    <p class='ocr_par' dir='ltr' id='par_1_63' title="bbox 584 3177 2209 3267">
     <span class='ocr_line' id='line_1_63' title="bbox 584 3177 2209 3267; baseline -0.011 -17"><span class='ocrx_word' id='word_1_463' title='bbox 584 3192 873 3267; x_wconf 86' lang='lat' dir='ltr'>gniﬁcatu</span> <span class='ocrx_word' id='word_1_464' title='bbox 895 3190 1262 3260; x_wconf 73' lang='lat' dir='ltr'>separatura;</span> <span class='ocrx_word' id='word_1_465' title='bbox 1279 3182 1434 3239; x_wconf 90' lang='lat' dir='ltr'>adeo</span> <span class='ocrx_word' id='word_1_466' title='bbox 1452 3186 1516 3237; x_wconf 91' lang='lat' dir='ltr'>ut</span> <span class='ocrx_word' id='word_1_467' title='bbox 1531 3178 1853 3253; x_wconf 90' lang='lat' dir='ltr'>perspicua</span> <span class='ocrx_word' id='word_1_468' title='bbox 1867 3178 1928 3234; x_wconf 92' lang='lat' dir='ltr'>in</span> <span class='ocrx_word' id='word_1_469' title='bbox 1958 3177 2209 3234; x_wconf 91' lang='lat' dir='ltr'>omnibu</span> 
     </span>
    </p>
   </div>
   <div class='ocr_carea' id='block_1_64' title="bbox 2348 3177 3973 3267">
    <p class='ocr_par' dir='ltr' id='par_1_64' title="bbox 2352 3189 3973 3267">
     <span class='ocr_line' id='line_1_64' title="bbox 2352 3189 3973 3267; baseline 0.002 -24"><span class='ocrx_word' id='word_1_470' title='bbox 2352 3196 2715 3264; x_wconf 84' lang='grc' dir='ltr'>γνωρίσματα,</span> <span class='ocrx_word' id='word_1_471' title='bbox 2765 3196 2854 3244; x_wconf 86' lang='grc' dir='ltr'>καὶ</span> <span class='ocrx_word' id='word_1_472' title='bbox 2907 3193 3009 3244; x_wconf 88' lang='grc' dir='ltr'>ὅσα</span> <span class='ocrx_word' id='word_1_473' title='bbox 3043 3199 3142 3244; x_wconf 86' lang='grc' dir='ltr'>τῶν</span> <span class='ocrx_word' id='word_1_474' title='bbox 3214 3190 3396 3254; x_wconf 79' lang='grc' dir='ltr'>ἔξωθεν</span> <span class='ocrx_word' id='word_1_475' title='bbox 3456 3189 3973 3267; x_wconf 81' lang='grc' dir='ltr'>συμπαραληφθέντα</span> 
     </span>
    </p>
   </div>
   <div class='ocr_carea' id='block_1_65' title="bbox 583 3267 2208 3356">
    <p class='ocr_par' dir='ltr' id='par_1_65' title="bbox 583 3267 2208 3347">
     <span class='ocr_line' id='line_1_65' title="bbox 583 3267 2208 3347; baseline -0.01 -7"><span class='ocrx_word' id='word_1_476' title='bbox 583 3285 744 3342; x_wconf 90' lang='lat' dir='ltr'>esset</span> <span class='ocrx_word' id='word_1_477' title='bbox 771 3279 951 3347; x_wconf 89' lang='lat' dir='ltr'>illius,</span> <span class='ocrx_word' id='word_1_478' title='bbox 983 3276 1158 3347; x_wconf 88' lang='lat' dir='ltr'>cujus</span> <span class='ocrx_word' id='word_1_479' title='bbox 1185 3290 1280 3330; x_wconf 91' lang='lat' dir='ltr'>res</span> <span class='ocrx_word' id='word_1_480' title='bbox 1302 3275 1485 3343; x_wconf 82' lang='lat' dir='ltr'>gestae</span> <span class='ocrx_word' id='word_1_481' title='bbox 1509 3273 1853 3336; x_wconf 87' lang='lat' dir='ltr'>narrantur,</span> <span class='ocrx_word' id='word_1_482' title='bbox 1894 3267 2208 3340; x_wconf 84' lang='lat' dir='ltr'>descriptio</span> 
     </span>
    </p>
   </div>
   <div class='ocr_carea' id='block_1_66' title="bbox 2344 3267 3969 3356">
    <p class='ocr_par' dir='ltr' id='par_1_66' title="bbox 2350 3279 3969 3356">
     <span class='ocr_line' id='line_1_66' title="bbox 2350 3279 3969 3356; baseline 0.002 -24"><span class='ocrx_word' id='word_1_483' title='bbox 2350 3281 2604 3356; x_wconf 76' lang='grc' dir='ltr'>χωρίζειν</span> <span class='ocrx_word' id='word_1_484' title='bbox 2661 3280 2818 3334; x_wconf 86' lang='grc' dir='ltr'>αὐτὸν</span> <span class='ocrx_word' id='word_1_485' title='bbox 2883 3285 2968 3334; x_wconf 82' lang='grc' dir='ltr'>καὶ</span> <span class='ocrx_word' id='word_1_486' title='bbox 3028 3279 3252 3354; x_wconf 79' lang='grc' dir='ltr'>ἀφιστᾴν</span> <span class='ocrx_word' id='word_1_487' title='bbox 3284 3281 3454 3355; x_wconf 78' lang='grc' dir='ltr'>ἔμελλε</span> <span class='ocrx_word' id='word_1_488' title='bbox 3502 3290 3597 3345; x_wconf 89' lang='grc' dir='ltr'>τῆς</span> <span class='ocrx_word' id='word_1_489' title='bbox 3637 3292 3822 3347; x_wconf 82' lang='grc' dir='ltr'>κοινῆς</span> <span class='ocrx_word' id='word_1_490' title='bbox 3877 3304 3969 3342; x_wconf 84' lang='grc' dir='ltr'>ση-</span> 
     </span>
    </p>
   </div>
   <div class='ocr_carea' id='block_1_67' title="bbox 584 3356 2209 3449">
    <p class='ocr_par' dir='ltr' id='par_1_67' title="bbox 584 3356 2204 3434">
     <span class='ocr_line' id='line_1_67' title="bbox 584 3356 2204 3434; baseline -0.01 -6"><span class='ocrx_word' id='word_1_491' title='bbox 584 3389 656 3429; x_wconf 80' lang='lat' dir='ltr'>ex</span> <span class='ocrx_word' id='word_1_492' title='bbox 684 3368 950 3434; x_wconf 92' lang='lat' dir='ltr'>nomine,</span> <span class='ocrx_word' id='word_1_493' title='bbox 980 3382 1053 3422; x_wconf 89' lang='lat' dir='ltr'>ex</span> <span class='ocrx_word' id='word_1_494' title='bbox 1072 3366 1228 3431; x_wconf 92' lang='lat' dir='ltr'>loco,</span> <span class='ocrx_word' id='word_1_495' title='bbox 1260 3378 1336 3418; x_wconf 91' lang='lat' dir='ltr'>ex</span> <span class='ocrx_word' id='word_1_496' title='bbox 1365 3359 1552 3416; x_wconf 91' lang='lat' dir='ltr'>animi</span> <span class='ocrx_word' id='word_1_497' title='bbox 1575 3356 2136 3431; x_wconf 83' lang='lat' dir='ltr'>proprietatibus,ex</span> <span class='ocrx_word' id='word_1_498' title='bbox 2164 3357 2204 3412; x_wconf 90' lang='lat' dir='ltr'>ii</span> 
     </span>
    </p>
   </div>
   <div class='ocr_carea' id='block_1_68' title="bbox 2345 3356 3970 3449">
    <p class='ocr_par' dir='ltr' id='par_1_68' title="bbox 2348 3368 3970 3449">
     <span class='ocr_line' id='line_1_68' title="bbox 2348 3368 3970 3449; baseline 0.001 -25"><span class='ocrx_word' id='word_1_499' title='bbox 2348 3377 2548 3446; x_wconf 87' lang='grc' dir='ltr'>μασίας</span> <span class='ocrx_word' id='word_1_500' title='bbox 2581 3387 2596 3404; x_wconf 83' lang='grc'>⁶</span> <span class='ocrx_word' id='word_1_501' title='bbox 2643 3374 2779 3425; x_wconf 82' lang='grc' dir='ltr'>ὥστε</span> <span class='ocrx_word' id='word_1_502' title='bbox 2822 3368 2917 3425; x_wconf 80' lang='grc' dir='ltr'>διὰ</span> <span class='ocrx_word' id='word_1_503' title='bbox 2954 3375 3159 3426; x_wconf 86' lang='grc' dir='ltr'>πάντων</span> <span class='ocrx_word' id='word_1_504' title='bbox 3214 3371 3402 3447; x_wconf 80' lang='grc' dir='ltr'>ἐναργῆ</span> <span class='ocrx_word' id='word_1_505' title='bbox 3449 3380 3539 3425; x_wconf 84' lang='grc' dir='ltr'>τοῦ</span> <span class='ocrx_word' id='word_1_506' title='bbox 3595 3374 3970 3449; x_wconf 83' lang='grc' dir='ltr'>ἱστορουμένου</span> 
     </span>
    </p>
   </div>
   <div class='ocr_carea' id='block_1_69' title="bbox 580 3445 2205 3537">
    <p class='ocr_par' dir='ltr' id='par_1_69' title="bbox 580 3445 2205 3537">
     <span class='ocr_line' id='line_1_69' title="bbox 580 3445 2205 3537; baseline -0.009 -20"><span class='ocrx_word' id='word_1_507' title='bbox 580 3477 720 3535; x_wconf 72' lang='lat' dir='ltr'>quin</span> <span class='ocrx_word' id='word_1_508' title='bbox 745 3456 1115 3515; x_wconf 85' lang='lat' dir='ltr'>extrinsecus</span> <span class='ocrx_word' id='word_1_509' title='bbox 1161 3453 1222 3509; x_wconf 93' lang='lat' dir='ltr'>in</span> <span class='ocrx_word' id='word_1_510' title='bbox 1279 3467 1349 3507; x_wconf 94' lang='lat' dir='ltr'>eo</span> <span class='ocrx_word' id='word_1_511' title='bbox 1401 3445 2205 3537; x_wconf 12' lang='lat' dir='ltr'>conspiciebantur.rQuods</span> 
     </span>
    </p>
   </div>
   <div class='ocr_carea' id='block_1_70' title="bbox 2344 3445 3969 3537">
    <p class='ocr_par' dir='ltr' id='par_1_70' title="bbox 2345 3460 3969 3537">
     <span class='ocr_line' id='line_1_70' title="bbox 2345 3460 3969 3537; baseline 0.001 -23"><span class='ocrx_word' id='word_1_512' title='bbox 2345 3464 2588 3534; x_wconf 87' lang='grc' dir='ltr'>γενέσθαι</span> <span class='ocrx_word' id='word_1_513' title='bbox 2653 3467 2748 3522; x_wconf 77' lang='grc' dir='ltr'>τὴν</span> <span class='ocrx_word' id='word_1_514' title='bbox 2798 3463 3130 3537; x_wconf 81' lang='grc' dir='ltr'>ὑπογραφὴν,</span> <span class='ocrx_word' id='word_1_515' title='bbox 3171 3460 3226 3514; x_wconf 73' lang='grc' dir='ltr'>ἐκ</span> <span class='ocrx_word' id='word_1_516' title='bbox 3275 3469 3368 3514; x_wconf 78' lang='grc' dir='ltr'>τοῦ</span> <span class='ocrx_word' id='word_1_517' title='bbox 3429 3461 3702 3536; x_wconf 86' lang='grc' dir='ltr'>ὀνόματος,</span> <span class='ocrx_word' id='word_1_518' title='bbox 3749 3461 3810 3515; x_wconf 73' lang='grc' dir='ltr'>ἔκ</span> <span class='ocrx_word' id='word_1_519' title='bbox 3880 3471 3969 3518; x_wconf 88' lang='grc' dir='ltr'>τοῦ</span> 
     </span>
    </p>
   </div>
   <div class='ocr_carea' id='block_1_71' title="bbox 581 3536 2206 3624">
    <p class='ocr_par' dir='ltr' id='par_1_71' title="bbox 581 3536 2206 3610">
     <span class='ocr_line' id='line_1_71' title="bbox 581 3536 2206 3610; baseline -0.01 -2"><span class='ocrx_word' id='word_1_520' title='bbox 581 3547 856 3608; x_wconf 76' lang='lat' dir='ltr'>essentiae</span> <span class='ocrx_word' id='word_1_521' title='bbox 885 3544 1151 3601; x_wconf 87' lang='lat' dir='ltr'>dedisset</span> <span class='ocrx_word' id='word_1_522' title='bbox 1186 3541 1505 3610; x_wconf 85' lang='lat' dir='ltr'>rationem,</span> <span class='ocrx_word' id='word_1_523' title='bbox 1529 3538 1696 3594; x_wconf 89' lang='lat' dir='ltr'>nulla</span> <span class='ocrx_word' id='word_1_524' title='bbox 1726 3553 1870 3593; x_wconf 86' lang='lat' dir='ltr'>sane</span> <span class='ocrx_word' id='word_1_525' title='bbox 1893 3536 2100 3592; x_wconf 92' lang='lat' dir='ltr'>fuisset</span> <span class='ocrx_word' id='word_1_526' title='bbox 2139 3552 2206 3592; x_wconf 95' lang='lat' dir='ltr'>eo</span> 
     </span>
    </p>
   </div>
   <div class='ocr_carea' id='block_1_72' title="bbox 2346 3536 3971 3624">
    <p class='ocr_par' dir='ltr' id='par_1_72' title="bbox 2346 3547 3971 3624">
     <span class='ocr_line' id='line_1_72' title="bbox 2346 3547 3971 3624; baseline 0.002 -21"><span class='ocrx_word' id='word_1_527' title='bbox 2346 3555 2525 3622; x_wconf 85' lang='grc' dir='ltr'>τόπου,</span> <span class='ocrx_word' id='word_1_528' title='bbox 2558 3552 2613 3605; x_wconf 85' lang='grc' dir='ltr'>ἑκ</span> <span class='ocrx_word' id='word_1_529' title='bbox 2655 3560 2755 3605; x_wconf 82' lang='grc' dir='ltr'>τῶν</span> <span class='ocrx_word' id='word_1_530' title='bbox 2811 3560 2906 3614; x_wconf 91' lang='grc' dir='ltr'>τῆς</span> <span class='ocrx_word' id='word_1_531' title='bbox 2961 3550 3150 3624; x_wconf 76' lang='grc' dir='ltr'>ψυχῆς</span> <span class='ocrx_word' id='word_1_532' title='bbox 3206 3547 3527 3624; x_wconf 83' lang='grc' dir='ltr'>ἰδιωμάτων,</span> <span class='ocrx_word' id='word_1_533' title='bbox 3581 3551 3637 3604; x_wconf 78' lang='grc' dir='ltr'>ἐκ</span> <span class='ocrx_word' id='word_1_534' title='bbox 3683 3560 3784 3605; x_wconf 86' lang='grc' dir='ltr'>τῶν</span> <span class='ocrx_word' id='word_1_535' title='bbox 3851 3554 3971 3619; x_wconf 79' lang='grc' dir='ltr'>ἔξω-</span> 
     </span>
    </p>
   </div>
   <div class='ocr_carea' id='block_1_73' title="bbox 577 3627 2202 3716">
    <p class='ocr_par' dir='ltr' id='par_1_73' title="bbox 577 3627 2199 3710">
     <span class='ocr_line' id='line_1_73' title="bbox 577 3627 2199 3710; baseline -0.01 -13"><span class='ocrx_word' id='word_1_536' title='bbox 577 3656 736 3710; x_wconf 89' lang='lat' dir='ltr'>rum,</span> <span class='ocrx_word' id='word_1_537' title='bbox 760 3653 895 3710; x_wconf 79' lang='lat' dir='ltr'>quae</span> <span class='ocrx_word' id='word_1_538' title='bbox 926 3635 1088 3691; x_wconf 89' lang='lat' dir='ltr'>dicta</span> <span class='ocrx_word' id='word_1_539' title='bbox 1118 3635 1275 3698; x_wconf 90' lang='lat' dir='ltr'>sunt,</span> <span class='ocrx_word' id='word_1_540' title='bbox 1293 3631 1354 3686; x_wconf 93' lang='lat' dir='ltr'>in</span> <span class='ocrx_word' id='word_1_541' title='bbox 1383 3633 1613 3686; x_wconf 83' lang='lat' dir='ltr'>naturae</span> <span class='ocrx_word' id='word_1_542' title='bbox 1643 3627 2037 3700; x_wconf 85' lang='lat' dir='ltr'>explicatione</span> <span class='ocrx_word' id='word_1_543' title='bbox 2058 3641 2199 3682; x_wconf 92' lang='lat' dir='ltr'>men</span> 
     </span>
    </p>
   </div>
   <div class='ocr_carea' id='block_1_74' title="bbox 2343 3627 3968 3716">
    <p class='ocr_par' dir='ltr' id='par_1_74' title="bbox 2345 3637 3968 3716">
     <span class='ocr_line' id='line_1_74' title="bbox 2345 3637 3968 3716; baseline 0.002 -23"><span class='ocrx_word' id='word_1_544' title='bbox 2345 3642 2426 3694; x_wconf 88' lang='grc' dir='ltr'>θεν</span> <span class='ocrx_word' id='word_1_545' title='bbox 2456 3646 2576 3716; x_wconf 86' lang='grc' dir='ltr'>περὶ</span> <span class='ocrx_word' id='word_1_546' title='bbox 2635 3641 2791 3694; x_wconf 87' lang='grc' dir='ltr'>αὐτόν</span> <span class='ocrx_word' id='word_1_547' title='bbox 2833 3644 3212 3715; x_wconf 76' lang='grc' dir='ltr'>θεωρουμένων.</span> <span class='ocrx_word' id='word_1_548' title='bbox 3269 3641 3335 3696; x_wconf 89' lang='grc' dir='ltr'>Εἰ</span> <span class='ocrx_word' id='word_1_549' title='bbox 3384 3637 3444 3694; x_wconf 76' lang='grc' dir='ltr'>δε</span> <span class='ocrx_word' id='word_1_550' title='bbox 3481 3645 3569 3694; x_wconf 90' lang='grc' dir='ltr'>τὸν</span> <span class='ocrx_word' id='word_1_551' title='bbox 3624 3649 3717 3704; x_wconf 89' lang='grc' dir='ltr'>τῆς</span> <span class='ocrx_word' id='word_1_552' title='bbox 3772 3643 3968 3705; x_wconf 82' lang='grc' dir='ltr'>οὐσίας</span> 
     </span>
    </p>
   </div>
   <div class='ocr_carea' id='block_1_75' title="bbox 575 3715 2200 3808">
    <p class='ocr_par' dir='ltr' id='par_1_75' title="bbox 575 3715 2200 3808">
     <span class='ocr_line' id='line_1_75' title="bbox 575 3715 2200 3808; baseline -0.009 -21"><span class='ocrx_word' id='word_1_553' title='bbox 575 3730 686 3787; x_wconf 90' lang='lat' dir='ltr'>tio.</span> <span class='ocrx_word' id='word_1_554' title='bbox 721 3725 946 3784; x_wconf 88' lang='lat' dir='ltr'>Eadem</span> <span class='ocrx_word' id='word_1_555' title='bbox 994 3722 1159 3779; x_wconf 90' lang='lat' dir='ltr'>enim</span> <span class='ocrx_word' id='word_1_556' title='bbox 1195 3720 1344 3777; x_wconf 88' lang='lat' dir='ltr'>ratio</span> <span class='ocrx_word' id='word_1_557' title='bbox 1389 3717 1598 3776; x_wconf 88' lang='lat' dir='ltr'>fuisset</span> <span class='ocrx_word' id='word_1_558' title='bbox 1623 3735 1698 3808; x_wconf 81' lang='lat' dir='ltr'>ac</span> <span class='ocrx_word' id='word_1_559' title='bbox 1719 3715 2056 3808; x_wconf 82' lang='lat' dir='ltr'>deBaldad</span> <span class='ocrx_word' id='word_1_560' title='bbox 2087 3718 2200 3773; x_wconf 89' lang='lat' dir='ltr'>Sau</span> 
     </span>
    </p>
   </div>
   <div class='ocr_carea' id='block_1_76' title="bbox 2341 3715 3966 3808">
    <p class='ocr_par' dir='ltr' id='par_1_76' title="bbox 2342 3715 3966 3808">
     <span class='ocr_line' id='line_1_76' title="bbox 2342 3715 3966 3808; baseline 0.003 -25"><span class='ocrx_word' id='word_1_561' title='bbox 2342 3715 2527 3784; x_wconf 86' lang='grc' dir='ltr'>ἐδίδου</span> <span class='ocrx_word' id='word_1_562' title='bbox 2589 3729 2740 3803; x_wconf 90' lang='grc' dir='ltr'>λόγον</span> <span class='ocrx_word' id='word_1_563' title='bbox 2797 3734 2928 3800; x_wconf 82' lang='grc'>(10),</span> <span class='ocrx_word' id='word_1_564' title='bbox 2969 3727 3195 3804; x_wconf 78' lang='grc' dir='ltr'>οὐδεμία</span> <span class='ocrx_word' id='word_1_565' title='bbox 3245 3729 3306 3783; x_wconf 79' lang='grc' dir='ltr'>ἂν</span> <span class='ocrx_word' id='word_1_566' title='bbox 3364 3729 3561 3804; x_wconf 77' lang='grc' dir='ltr'>ἐγένετο</span> <span class='ocrx_word' id='word_1_567' title='bbox 3609 3740 3710 3784; x_wconf 85' lang='grc' dir='ltr'>τῶν</span> <span class='ocrx_word' id='word_1_568' title='bbox 3753 3733 3966 3808; x_wconf 75' lang='grc' dir='ltr'>εἰρημέ⁹</span> 
     </span>
    </p>
   </div>
   <div class='ocr_carea' id='block_1_77' title="bbox 576 3806 2201 3899">
    <p class='ocr_par' dir='ltr' id='par_1_77' title="bbox 576 3806 2198 3899">
     <span class='ocr_line' id='line_1_77' title="bbox 576 3806 2198 3899; baseline -0.01 -23"><span class='ocrx_word' id='word_1_569' title='bbox 576 3819 756 3888; x_wconf 91' lang='lat' dir='ltr'>chita,</span> <span class='ocrx_word' id='word_1_570' title='bbox 786 3816 982 3889; x_wconf 91' lang='lat' dir='ltr'>deque</span> <span class='ocrx_word' id='word_1_571' title='bbox 1014 3811 1248 3886; x_wconf 89' lang='lat' dir='ltr'>Sophar</span> <span class='ocrx_word' id='word_1_572' title='bbox 1285 3809 1557 3899; x_wconf 83' lang='lat' dir='ltr'>Minnaeo,</span> <span class='ocrx_word' id='word_1_573' title='bbox 1581 3812 1639 3864; x_wconf 92' lang='lat' dir='ltr'>et</span> <span class='ocrx_word' id='word_1_574' title='bbox 1664 3807 1740 3864; x_wconf 93' lang='lat' dir='ltr'>de</span> <span class='ocrx_word' id='word_1_575' title='bbox 1768 3806 2044 3899; x_wconf 73' lang='lat' dir='ltr'>singulis,</span> <span class='ocrx_word' id='word_1_576' title='bbox 2073 3821 2198 3899; x_wconf 87' lang='lat' dir='ltr'>quo</span> 
     </span>
    </p>
   </div>
   <div class='ocr_carea' id='block_1_78' title="bbox 2338 3806 3963 3899">
    <p class='ocr_par' dir='ltr' id='par_1_78' title="bbox 2340 3806 3963 3899">
     <span class='ocr_line' id='line_1_78' title="bbox 2340 3806 3963 3899; baseline 0.003 -27"><span class='ocrx_word' id='word_1_577' title='bbox 2340 3841 2438 3872; x_wconf 91' lang='grc' dir='ltr'>νων</span> <span class='ocrx_word' id='word_1_578' title='bbox 2487 3819 2534 3873; x_wconf 77' lang='grc' dir='ltr'>ἐν</span> <span class='ocrx_word' id='word_1_579' title='bbox 2585 3829 2647 3894; x_wconf 76' lang='grc' dir='ltr'>τῇ</span> <span class='ocrx_word' id='word_1_580' title='bbox 2707 3829 2798 3882; x_wconf 90' lang='grc' dir='ltr'>τῆς</span> <span class='ocrx_word' id='word_1_581' title='bbox 2851 3823 3055 3893; x_wconf 81' lang='grc' dir='ltr'>φύσεως</span> <span class='ocrx_word' id='word_1_582' title='bbox 3086 3820 3332 3894; x_wconf 78' lang='grc' dir='ltr'>ἑρμηνείᾳ</span> <span class='ocrx_word' id='word_1_583' title='bbox 3382 3826 3586 3894; x_wconf 80' lang='grc' dir='ltr'>μνήμη.</span> <span class='ocrx_word' id='word_1_584' title='bbox 3629 3821 3687 3874; x_wconf 84' lang='grc' dir='ltr'>Ὀ</span> <span class='ocrx_word' id='word_1_585' title='bbox 3725 3806 3831 3899; x_wconf 75' lang='grc' dir='ltr'>γὰρ</span> <span class='ocrx_word' id='word_1_586' title='bbox 3866 3806 3963 3877; x_wconf 83' lang='grc' dir='ltr'>αὐ-</span> 
     </span>
    </p>
   </div>
   <div class='ocr_carea' id='block_1_79' title="bbox 575 3894 2200 3987">
    <p class='ocr_par' dir='ltr' id='par_1_79' title="bbox 575 3894 2200 3987">
     <span class='ocr_line' id='line_1_79' title="bbox 575 3894 2200 3987; baseline -0.009 -23"><span class='ocrx_word' id='word_1_587' title='bbox 575 3923 712 3965; x_wconf 90' lang='lat' dir='ltr'>rum</span> <span class='ocrx_word' id='word_1_588' title='bbox 742 3905 825 3962; x_wconf 87' lang='lat' dir='ltr'>ibi</span> <span class='ocrx_word' id='word_1_589' title='bbox 847 3904 1071 3961; x_wconf 90' lang='lat' dir='ltr'>mentio</span> <span class='ocrx_word' id='word_1_590' title='bbox 1099 3900 1186 3972; x_wconf 87' lang='lat' dir='ltr'>ﬁt,</span> <span class='ocrx_word' id='word_1_591' title='bbox 1207 3897 1556 3957; x_wconf 89' lang='lat' dir='ltr'>hominibus</span> <span class='ocrx_word' id='word_1_592' title='bbox 1589 3899 1659 3953; x_wconf 80' lang='grc'>¹⁶.</span> <span class='ocrx_word' id='word_1_593' title='bbox 1719 3899 1913 3964; x_wconf 84' lang='lat' dir='ltr'>Quam</span> <span class='ocrx_word' id='word_1_594' title='bbox 1950 3896 2132 3987; x_wconf 84' lang='lat' dir='ltr'>igitur</span> <span class='ocrx_word' id='word_1_595' title='bbox 2171 3894 2200 3950; x_wconf 76' lang='lat' dir='ltr'><strong>i1</strong></span> 
     </span>
    </p>
   </div>
   <div class='ocr_carea' id='block_1_80' title="bbox 2339 3894 3964 3987">
    <p class='ocr_par' dir='ltr' id='par_1_80' title="bbox 2342 3894 3964 3987">
     <span class='ocr_line' id='line_1_80' title="bbox 2342 3894 3964 3987; baseline 0.002 -24"><span class='ocrx_word' id='word_1_596' title='bbox 2342 3914 2432 3972; x_wconf 85' lang='grc' dir='ltr'>τὸς</span> <span class='ocrx_word' id='word_1_597' title='bbox 2477 3909 2538 3963; x_wconf 83' lang='grc' dir='ltr'>ἂν</span> <span class='ocrx_word' id='word_1_598' title='bbox 2587 3907 2649 3970; x_wconf 73' lang='grc' dir='ltr'>ἦν</span> <span class='ocrx_word' id='word_1_599' title='bbox 2678 3909 2848 3982; x_wconf 85' lang='grc' dir='ltr'>λόγος,</span> <span class='ocrx_word' id='word_1_600' title='bbox 2898 3910 2950 3972; x_wconf 88' lang='grc' dir='ltr'>ὃς</span> <span class='ocrx_word' id='word_1_601' title='bbox 2996 3915 3086 3963; x_wconf 81' lang='grc' dir='ltr'>καὶ</span> <span class='ocrx_word' id='word_1_602' title='bbox 3125 3910 3208 3964; x_wconf 76' lang='grc' dir='ltr'>ἐπὶ</span> <span class='ocrx_word' id='word_1_603' title='bbox 3245 3917 3338 3964; x_wconf 79' lang='grc' dir='ltr'>τοῦ</span> <span class='ocrx_word' id='word_1_604' title='bbox 3365 3907 3583 3986; x_wconf 62' lang='grc' dir='ltr'>Βαλδραΐ</span> <span class='ocrx_word' id='word_1_605' title='bbox 3634 3894 3964 3987; x_wconf 11' lang='grc' dir='ltr'>τοὺγΣαυχί-</span> 
     </span>
    </p>
   </div>
   <div class='ocr_carea' id='block_1_81' title="bbox 575 3985 2200 4077">
    <p class='ocr_par' dir='ltr' id='par_1_81' title="bbox 575 3985 2200 4061">
     <span class='ocr_line' id='line_1_81' title="bbox 575 3985 2200 4061; baseline -0.008 -8"><span class='ocrx_word' id='word_1_606' title='bbox 575 3995 798 4053; x_wconf 90' lang='lat' dir='ltr'>nostris</span> <span class='ocrx_word' id='word_1_607' title='bbox 827 3993 1008 4051; x_wconf 90' lang='lat' dir='ltr'>rebus</span> <span class='ocrx_word' id='word_1_608' title='bbox 1037 3989 1341 4061; x_wconf 83' lang='lat' dir='ltr'>agnovisti</span> <span class='ocrx_word' id='word_1_609' title='bbox 1368 3987 1733 4045; x_wconf 90' lang='lat' dir='ltr'>discriminis</span> <span class='ocrx_word' id='word_1_610' title='bbox 1763 3989 2059 4044; x_wconf 90' lang='lat' dir='ltr'>rationem</span> <span class='ocrx_word' id='word_1_611' title='bbox 2082 3985 2200 4041; x_wconf 92' lang='lat' dir='ltr'>inte</span> 
     </span>
    </p>
   </div>
   <div class='ocr_carea' id='block_1_82' title="bbox 2339 3985 3964 4077">
    <p class='ocr_par' dir='ltr' id='par_1_82' title="bbox 2341 4000 3964 4077">
     <span class='ocr_line' id='line_1_82' title="bbox 2341 4000 3964 4077; baseline 0.001 -25"><span class='ocrx_word' id='word_1_612' title='bbox 2341 4019 2456 4069; x_wconf 88' lang='grc' dir='ltr'>του,</span> <span class='ocrx_word' id='word_1_613' title='bbox 2518 4005 2609 4053; x_wconf 80' lang='grc' dir='ltr'>καὶ</span> <span class='ocrx_word' id='word_1_614' title='bbox 2647 4003 2814 4077; x_wconf 83' lang='grc' dir='ltr'>Σοφὰρ</span> <span class='ocrx_word' id='word_1_615' title='bbox 2863 4007 2959 4054; x_wconf 85' lang='grc' dir='ltr'>τοῦ</span> <span class='ocrx_word' id='word_1_616' title='bbox 3015 4004 3294 4066; x_wconf 87' lang='grc' dir='ltr'>Μινναίου,</span> <span class='ocrx_word' id='word_1_617' title='bbox 3333 4005 3424 4054; x_wconf 81' lang='grc' dir='ltr'>καὶ</span> <span class='ocrx_word' id='word_1_618' title='bbox 3478 4000 3552 4074; x_wconf 77' lang='grc' dir='ltr'>ἐφ’</span> <span class='ocrx_word' id='word_1_619' title='bbox 3593 4001 3817 4056; x_wconf 77' lang='grc' dir='ltr'>ἑκάστου</span> <span class='ocrx_word' id='word_1_620' title='bbox 3858 4012 3964 4056; x_wconf 87' lang='grc' dir='ltr'>τῶν</span> 
     </span>
    </p>
   </div>
   <div class='ocr_carea' id='block_1_83' title="bbox 575 4077 2200 4163">
    <p class='ocr_par' dir='ltr' id='par_1_83' title="bbox 575 4077 2195 4154">
     <span class='ocr_line' id='line_1_83' title="bbox 575 4077 2195 4154; baseline -0.006 -13"><span class='ocrx_word' id='word_1_621' title='bbox 575 4084 901 4142; x_wconf 86' lang='lat' dir='ltr'>essentiam</span> <span class='ocrx_word' id='word_1_622' title='bbox 921 4086 978 4138; x_wconf 92' lang='lat' dir='ltr'>et</span> <span class='ocrx_word' id='word_1_623' title='bbox 997 4079 1536 4154; x_wconf 83' lang='lat' dir='ltr'>hypostasim,eam</span> <span class='ocrx_word' id='word_1_624' title='bbox 1552 4083 1608 4134; x_wconf 92' lang='lat' dir='ltr'>et</span> <span class='ocrx_word' id='word_1_625' title='bbox 1629 4077 1708 4134; x_wconf 91' lang='lat' dir='ltr'>ad</span> <span class='ocrx_word' id='word_1_626' title='bbox 1722 4077 1928 4135; x_wconf 87' lang='lat' dir='ltr'>divina</span> <span class='ocrx_word' id='word_1_627' title='bbox 1944 4078 2195 4147; x_wconf 86' lang='lat' dir='ltr'>dogmat</span> 
     </span>
    </p>
   </div>
   <div class='ocr_carea' id='block_1_84' title="bbox 2338 4077 3963 4163">
    <p class='ocr_par' dir='ltr' id='par_1_84' title="bbox 2343 4087 3963 4163">
     <span class='ocr_line' id='line_1_84' title="bbox 2343 4087 3963 4163; baseline 0.001 -21"><span class='ocrx_word' id='word_1_628' title='bbox 2343 4088 2447 4142; x_wconf 80' lang='grc' dir='ltr'>ἐκεῖ</span> <span class='ocrx_word' id='word_1_629' title='bbox 2483 4091 2934 4163; x_wconf 79' lang='grc' dir='ltr'>μνημονευθέντων</span> <span class='ocrx_word' id='word_1_630' title='bbox 2987 4087 3294 4163; x_wconf 81' lang='grc' dir='ltr'>ἀνθρώπων,</span> <span class='ocrx_word' id='word_1_631' title='bbox 3349 4087 3444 4142; x_wconf 71' lang='lat' dir='ltr'>&quot;Ov</span> <span class='ocrx_word' id='word_1_632' title='bbox 3509 4094 3683 4142; x_wconf 82' lang='grc' dir='ltr'>τοίνυν</span> <span class='ocrx_word' id='word_1_633' title='bbox 3739 4090 3788 4143; x_wconf 85' lang='grc' dir='ltr'>ἐν</span> <span class='ocrx_word' id='word_1_634' title='bbox 3846 4099 3963 4156; x_wconf 87' lang='grc' dir='ltr'>τοῖς</span> 
     </span>
    </p>
   </div>
   <div class='ocr_carea' id='block_1_85' title="bbox 574 4168 2199 4255">
    <p class='ocr_par' dir='ltr' id='par_1_85' title="bbox 574 4168 2199 4242">
     <span class='ocr_line' id='line_1_85' title="bbox 574 4168 2199 4242; baseline -0.004 -11"><span class='ocrx_word' id='word_1_635' title='bbox 574 4173 962 4242; x_wconf 87' lang='lat' dir='ltr'>transferens,</span> <span class='ocrx_word' id='word_1_636' title='bbox 994 4187 1118 4227; x_wconf 92' lang='lat' dir='ltr'>non</span> <span class='ocrx_word' id='word_1_637' title='bbox 1149 4168 1397 4226; x_wconf 91' lang='lat' dir='ltr'>errabis.</span> <span class='ocrx_word' id='word_1_638' title='bbox 1425 4169 1506 4224; x_wconf 93' lang='lat' dir='ltr'>De</span> <span class='ocrx_word' id='word_1_639' title='bbox 1550 4168 1742 4224; x_wconf 88' lang='lat' dir='ltr'>Patris</span> <span class='ocrx_word' id='word_1_640' title='bbox 1774 4168 2032 4224; x_wconf 89' lang='lat' dir='ltr'>essentia</span> <span class='ocrx_word' id='word_1_641' title='bbox 2059 4169 2199 4242; x_wconf 93' lang='lat' dir='ltr'>quid</span> 
     </span>
    </p>
   </div>
   <div class='ocr_carea' id='block_1_86' title="bbox 2338 4168 3963 4255">
    <p class='ocr_par' dir='ltr' id='par_1_86' title="bbox 2340 4175 3963 4255">
     <span class='ocr_line' id='line_1_86' title="bbox 2340 4175 3963 4255; baseline 0.002 -24"><span class='ocrx_word' id='word_1_642' title='bbox 2340 4178 2458 4232; x_wconf 86' lang='grc' dir='ltr'>καθ’</span> <span class='ocrx_word' id='word_1_643' title='bbox 2510 4181 2642 4252; x_wconf 75' lang='grc' dir='ltr'>ἡμᾶς</span> <span class='ocrx_word' id='word_1_644' title='bbox 2672 4181 2823 4252; x_wconf 77' lang='grc' dir='ltr'>ἔγνως</span> <span class='ocrx_word' id='word_1_645' title='bbox 2879 4175 3139 4255; x_wconf 87' lang='grc' dir='ltr'>διαφορᾶς</span> <span class='ocrx_word' id='word_1_646' title='bbox 3189 4178 3341 4252; x_wconf 86' lang='grc' dir='ltr'>λόγον</span> <span class='ocrx_word' id='word_1_647' title='bbox 3408 4178 3494 4232; x_wconf 83' lang='grc' dir='ltr'>ἐπὶ</span> <span class='ocrx_word' id='word_1_648' title='bbox 3536 4199 3592 4233; x_wconf 90' lang='grc' dir='ltr'>τε</span> <span class='ocrx_word' id='word_1_649' title='bbox 3628 4188 3726 4244; x_wconf 89' lang='grc' dir='ltr'>τῆς</span> <span class='ocrx_word' id='word_1_650' title='bbox 3765 4181 3963 4246; x_wconf 88' lang='grc' dir='ltr'>οὐσίας</span> 
     </span>
    </p>
   </div>
   <div class='ocr_carea' id='block_1_87' title="bbox 573 4257 2198 4342">
    <p class='ocr_par' dir='ltr' id='par_1_87' title="bbox 573 4257 2198 4339">
     <span class='ocr_line' id='line_1_87' title="bbox 573 4257 2198 4339; baseline -0.004 -17"><span class='ocrx_word' id='word_1_651' title='bbox 573 4263 724 4339; x_wconf 91' lang='lat' dir='ltr'>quid</span> <span class='ocrx_word' id='word_1_652' title='bbox 743 4265 785 4335; x_wconf 84' lang='lat'><strong>1</strong></span> <span class='ocrx_word' id='word_1_653' title='bbox 805 4263 909 4334; x_wconf 82' lang='lat'><strong>17</strong></span> <span class='ocrx_word' id='word_1_654' title='bbox 929 4261 1035 4318; x_wconf 92' lang='lat' dir='ltr'>tibi</span> <span class='ocrx_word' id='word_1_655' title='bbox 1060 4263 1340 4330; x_wconf 77' lang='lat' dir='ltr'>suggeret</span> <span class='ocrx_word' id='word_1_656' title='bbox 1364 4258 1646 4329; x_wconf 87' lang='lat' dir='ltr'>cogitatio</span> <span class='ocrx_word' id='word_1_657' title='bbox 1677 4257 1788 4329; x_wconf 89' lang='lat' dir='ltr'>(fas</span> <span class='ocrx_word' id='word_1_658' title='bbox 1817 4258 1979 4315; x_wconf 91' lang='lat' dir='ltr'>enim</span> <span class='ocrx_word' id='word_1_659' title='bbox 2001 4274 2125 4315; x_wconf 93' lang='lat' dir='ltr'>non</span> <span class='ocrx_word' id='word_1_660' title='bbox 2142 4275 2198 4315; x_wconf 81' lang='lat' dir='ltr'>es</span> 
     </span>
    </p>
   </div>
   <div class='ocr_carea' id='block_1_88' title="bbox 2337 4257 3962 4342">
    <p class='ocr_par' dir='ltr' id='par_1_88' title="bbox 2339 4269 3962 4342">
     <span class='ocr_line' id='line_1_88' title="bbox 2339 4269 3962 4342; baseline 0.002 -22"><span class='ocrx_word' id='word_1_661' title='bbox 2339 4273 2431 4322; x_wconf 85' lang='grc' dir='ltr'>καὶ</span> <span class='ocrx_word' id='word_1_662' title='bbox 2458 4277 2554 4330; x_wconf 89' lang='grc' dir='ltr'>τῆς</span> <span class='ocrx_word' id='word_1_663' title='bbox 2601 4270 2961 4338; x_wconf 85' lang='grc' dir='ltr'>ὑποστάσεως,</span> <span class='ocrx_word' id='word_1_664' title='bbox 3001 4277 3181 4322; x_wconf 87' lang='grc' dir='ltr'>τοῦτον</span> <span class='ocrx_word' id='word_1_665' title='bbox 3229 4271 3527 4342; x_wconf 81' lang='grc' dir='ltr'>μετατιθεὶς</span> <span class='ocrx_word' id='word_1_666' title='bbox 3571 4273 3658 4322; x_wconf 82' lang='grc' dir='ltr'>καὶ</span> <span class='ocrx_word' id='word_1_667' title='bbox 3703 4269 3786 4322; x_wconf 82' lang='grc' dir='ltr'>ἐπὶ</span> <span class='ocrx_word' id='word_1_668' title='bbox 3849 4280 3962 4323; x_wconf 81' lang='grc' dir='ltr'>τῶν</span> 
     </span>
    </p>
   </div>
   <div class='ocr_carea' id='block_1_89' title="bbox 572 4348 2197 4434">
    <p class='ocr_par' dir='ltr' id='par_1_89' title="bbox 572 4348 2197 4419">
     <span class='ocr_line' id='line_1_89' title="bbox 572 4348 2197 4419; baseline -0.005 -7"><span class='ocrx_word' id='word_1_669' title='bbox 572 4353 653 4413; x_wconf 88' lang='lat' dir='ltr'>ad</span> <span class='ocrx_word' id='word_1_670' title='bbox 666 4359 887 4410; x_wconf 89' lang='lat' dir='ltr'>certam</span> <span class='ocrx_word' id='word_1_671' title='bbox 901 4351 1088 4407; x_wconf 90' lang='lat' dir='ltr'>ullam</span> <span class='ocrx_word' id='word_1_672' title='bbox 1106 4365 1175 4405; x_wconf 88' lang='lat' dir='ltr'>ac</span> <span class='ocrx_word' id='word_1_673' title='bbox 1193 4348 1505 4405; x_wconf 82' lang='lat' dir='ltr'>deﬁnitam</span> <span class='ocrx_word' id='word_1_674' title='bbox 1517 4348 1940 4419; x_wconf 89' lang='lat' dir='ltr'>cogitationem</span> <span class='ocrx_word' id='word_1_675' title='bbox 1956 4349 2197 4406; x_wconf 71' lang='lat' dir='ltr'>animum</span> 
     </span>
    </p>
   </div>
   <div class='ocr_carea' id='block_1_90' title="bbox 2337 4348 3962 4434">
    <p class='ocr_par' dir='ltr' id='par_1_90' title="bbox 2342 4354 3962 4434">
     <span class='ocr_line' id='line_1_90' title="bbox 2342 4354 3962 4434; baseline 0.002 -25"><span class='ocrx_word' id='word_1_676' title='bbox 2342 4359 2488 4410; x_wconf 83' lang='grc' dir='ltr'>θείων</span> <span class='ocrx_word' id='word_1_677' title='bbox 2529 4355 2828 4432; x_wconf 87' lang='grc' dir='ltr'>δογμάτων,</span> <span class='ocrx_word' id='word_1_678' title='bbox 2869 4358 2976 4431; x_wconf 84' lang='grc' dir='ltr'>οὐχ</span> <span class='ocrx_word' id='word_1_679' title='bbox 3033 4357 3374 4434; x_wconf 80' lang='grc' dir='ltr'>ἁμαρτήσεις.</span> <span class='ocrx_word' id='word_1_680' title='bbox 3420 4366 3532 4420; x_wconf 87' lang='grc' dir='ltr'>Πῶς</span> <span class='ocrx_word' id='word_1_681' title='bbox 3584 4362 3641 4410; x_wconf 89' lang='grc' dir='ltr'>τὸ</span> <span class='ocrx_word' id='word_1_682' title='bbox 3686 4354 3813 4411; x_wconf 84' lang='grc' dir='ltr'>εἶναι</span> <span class='ocrx_word' id='word_1_683' title='bbox 3854 4368 3962 4413; x_wconf 82' lang='grc' dir='ltr'>τοῦ</span> 
     </span>
    </p>
   </div>
   <div class='ocr_carea' id='block_1_91' title="bbox 574 4437 2199 4524">
    <p class='ocr_par' dir='ltr' id='par_1_91' title="bbox 574 4437 2198 4514">
     <span class='ocr_line' id='line_1_91' title="bbox 574 4437 2198 4514; baseline -0.002 -14"><span class='ocrx_word' id='word_1_684' title='bbox 574 4443 806 4514; x_wconf 87' lang='lat' dir='ltr'>sistere,</span> <span class='ocrx_word' id='word_1_685' title='bbox 838 4458 910 4498; x_wconf 91' lang='lat' dir='ltr'>eo</span> <span class='ocrx_word' id='word_1_686' title='bbox 936 4438 1104 4514; x_wconf 91' lang='lat' dir='ltr'>quod</span> <span class='ocrx_word' id='word_1_687' title='bbox 1119 4453 1481 4511; x_wconf 88' lang='lat' dir='ltr'>persuasum</span> <span class='ocrx_word' id='word_1_688' title='bbox 1501 4437 1575 4493; x_wconf 91' lang='lat' dir='ltr'>sit</span> <span class='ocrx_word' id='word_1_689' title='bbox 1594 4438 1752 4494; x_wconf 88' lang='lat' dir='ltr'>hanc</span> <span class='ocrx_word' id='word_1_690' title='bbox 1772 4439 2097 4496; x_wconf 90' lang='lat' dir='ltr'>essentiam</span> <span class='ocrx_word' id='word_1_691' title='bbox 2128 4458 2198 4497; x_wconf 87' lang='lat' dir='ltr'>su</span> 
     </span>
    </p>
   </div>
   <div class='ocr_carea' id='block_1_92' title="bbox 2339 4437 3964 4524">
    <p class='ocr_par' dir='ltr' id='par_1_92' title="bbox 2339 4450 3964 4524">
     <span class='ocr_line' id='line_1_92' title="bbox 2339 4450 3964 4524; baseline 0.001 -22"><span class='ocrx_word' id='word_1_692' title='bbox 2339 4451 2564 4522; x_wconf 87' lang='grc' dir='ltr'>Πατρός,</span> <span class='ocrx_word' id='word_1_693' title='bbox 2619 4451 2646 4502; x_wconf 84' lang='grc' dir='ltr'><strong>ὅ</strong></span> <span class='ocrx_word' id='word_1_694' title='bbox 2690 4468 2742 4502; x_wconf 90' lang='grc' dir='ltr'>τι</span> <span class='ocrx_word' id='word_1_695' title='bbox 2797 4452 2922 4502; x_wconf 68' lang='grc' dir='ltr'>ποτε</span> <span class='ocrx_word' id='word_1_696' title='bbox 2997 4450 3302 4502; x_wconf 83' lang='grc' dir='ltr'>ὑποτίθεται</span> <span class='ocrx_word' id='word_1_697' title='bbox 3351 4468 3447 4502; x_wconf 90' lang='grc' dir='ltr'>σου</span> <span class='ocrx_word' id='word_1_698' title='bbox 3499 4451 3530 4508; x_wconf 81' lang='grc' dir='ltr'>ἡ</span> <span class='ocrx_word' id='word_1_699' title='bbox 3580 4451 3744 4502; x_wconf 81' lang='grc' dir='ltr'>ἔννοια</span> <span class='ocrx_word' id='word_1_700' title='bbox 3791 4453 3964 4524; x_wconf 87' lang='grc' dir='ltr'>(πρὸς</span> 
     </span>
    </p>
   </div>
   <div class='ocr_carea' id='block_1_93' title="bbox 569 4527 2194 4614">
    <p class='ocr_par' dir='ltr' id='par_1_93' title="bbox 569 4527 2194 4608">
     <span class='ocr_line' id='line_1_93' title="bbox 569 4527 2194 4608; baseline -0.003 -17"><span class='ocrx_word' id='word_1_701' title='bbox 569 4549 682 4608; x_wconf 91' lang='lat' dir='ltr'>pra</span> <span class='ocrx_word' id='word_1_702' title='bbox 702 4548 948 4590; x_wconf 91' lang='lat' dir='ltr'>omnem</span> <span class='ocrx_word' id='word_1_703' title='bbox 979 4545 1108 4586; x_wconf 91' lang='lat' dir='ltr'>esse</span> <span class='ocrx_word' id='word_1_704' title='bbox 1129 4527 1596 4600; x_wconf 90' lang='lat' dir='ltr'>cogitationem),</span> <span class='ocrx_word' id='word_1_705' title='bbox 1619 4527 1682 4582; x_wconf 93' lang='lat' dir='ltr'>id</span> <span class='ocrx_word' id='word_1_706' title='bbox 1708 4531 1764 4583; x_wconf 91' lang='lat' dir='ltr'>et</span> <span class='ocrx_word' id='word_1_707' title='bbox 1787 4528 1862 4584; x_wconf 90' lang='lat' dir='ltr'>de</span> <span class='ocrx_word' id='word_1_708' title='bbox 1893 4528 2034 4586; x_wconf 87' lang='lat' dir='ltr'>Filio</span> <span class='ocrx_word' id='word_1_709' title='bbox 2062 4529 2194 4586; x_wconf 78' lang='lat' dir='ltr'>inte]</span> 
     </span>
    </p>
   </div>
   <div class='ocr_carea' id='block_1_94' title="bbox 2339 4527 3964 4614">
    <p class='ocr_par' dir='ltr' id='par_1_94' title="bbox 2339 4536 3964 4614">
     <span class='ocr_line' id='line_1_94' title="bbox 2339 4536 3964 4614; baseline -0.001 -22"><span class='ocrx_word' id='word_1_710' title='bbox 2339 4536 2488 4592; x_wconf 66' lang='grc' dir='ltr'>οὐδὲν</span> <span class='ocrx_word' id='word_1_711' title='bbox 2532 4540 2635 4614; x_wconf 81' lang='grc' dir='ltr'>γὰρ</span> <span class='ocrx_word' id='word_1_712' title='bbox 2681 4537 2820 4590; x_wconf 83' lang='grc' dir='ltr'>ἐστιν</span> <span class='ocrx_word' id='word_1_713' title='bbox 2871 4536 3284 4610; x_wconf 76' lang='grc' dir='ltr'>ἀποτεταγμένον</span> <span class='ocrx_word' id='word_1_714' title='bbox 3330 4541 3502 4610; x_wconf 86' lang='grc' dir='ltr'>νόημα</span> <span class='ocrx_word' id='word_1_715' title='bbox 3543 4539 3659 4609; x_wconf 91' lang='grc'><strong>(11)</strong></span> <span class='ocrx_word' id='word_1_716' title='bbox 3687 4542 3778 4596; x_wconf 82' lang='grc' dir='ltr'>τὴν</span> <span class='ocrx_word' id='word_1_717' title='bbox 3840 4538 3964 4611; x_wconf 77' lang='grc' dir='ltr'>ψυ-</span> 
     </span>
    </p>
   </div>
   <div class='ocr_carea' id='block_1_95' title="bbox 567 4617 2192 4704">
    <p class='ocr_par' dir='ltr' id='par_1_95' title="bbox 567 4617 2192 4696">
     <span class='ocr_line' id='line_1_95' title="bbox 567 4617 2192 4696; baseline -0.002 -15"><span class='ocrx_word' id='word_1_718' title='bbox 567 4624 742 4696; x_wconf 89' lang='lat' dir='ltr'>liges,</span> <span class='ocrx_word' id='word_1_719' title='bbox 765 4621 1034 4678; x_wconf 91' lang='lat' dir='ltr'>similiter</span> <span class='ocrx_word' id='word_1_720' title='bbox 1062 4623 1120 4675; x_wconf 92' lang='lat' dir='ltr'>et</span> <span class='ocrx_word' id='word_1_721' title='bbox 1137 4619 1213 4674; x_wconf 85' lang='lat' dir='ltr'>de</span> <span class='ocrx_word' id='word_1_722' title='bbox 1239 4617 1460 4690; x_wconf 90' lang='lat' dir='ltr'>Spiritu</span> <span class='ocrx_word' id='word_1_723' title='bbox 1494 4621 1726 4673; x_wconf 89' lang='lat' dir='ltr'>sancto.</span> <span class='ocrx_word' id='word_1_724' title='bbox 1768 4620 1918 4675; x_wconf 88' lang='lat' dir='ltr'>Nam</span> <span class='ocrx_word' id='word_1_725' title='bbox 1949 4620 2104 4677; x_wconf 87' lang='lat' dir='ltr'>ratio</span> <span class='ocrx_word' id='word_1_726' title='bbox 2133 4620 2192 4677; x_wconf 92' lang='lat' dir='ltr'>in</span> 
     </span>
    </p>
   </div>
   <div class='ocr_carea' id='block_1_96' title="bbox 2336 4617 3961 4704">
    <p class='ocr_par' dir='ltr' id='par_1_96' title="bbox 2336 4623 3961 4704">
     <span class='ocr_line' id='line_1_96' title="bbox 2336 4623 3961 4704; baseline 0.002 -25"><span class='ocrx_word' id='word_1_727' title='bbox 2336 4633 2443 4702; x_wconf 80' lang='grc' dir='ltr'>χὴν</span> <span class='ocrx_word' id='word_1_728' title='bbox 2503 4623 2803 4704; x_wconf 85' lang='grc' dir='ltr'>ἐπερείδειν·</span> <span class='ocrx_word' id='word_1_729' title='bbox 2860 4623 2955 4680; x_wconf 81' lang='grc' dir='ltr'>διὰ</span> <span class='ocrx_word' id='word_1_730' title='bbox 3005 4630 3063 4679; x_wconf 88' lang='grc' dir='ltr'>τὸ</span> <span class='ocrx_word' id='word_1_731' title='bbox 3129 4629 3410 4680; x_wconf 83' lang='grc' dir='ltr'>πεπεῖσθαι</span> <span class='ocrx_word' id='word_1_732' title='bbox 3466 4627 3593 4680; x_wconf 85' lang='grc' dir='ltr'>αὐτό</span> <span class='ocrx_word' id='word_1_733' title='bbox 3643 4629 3769 4702; x_wconf 73' lang='grc' dir='ltr'>ὑπερ</span> <span class='ocrx_word' id='word_1_734' title='bbox 3850 4635 3961 4682; x_wconf 83' lang='grc' dir='ltr'>πᾶν</span> 
     </span>
    </p>
   </div>
   <div class='ocr_carea' id='block_1_97' title="bbox 569 4706 2194 4791">
    <p class='ocr_par' dir='ltr' id='par_1_97' title="bbox 569 4706 2190 4782">
     <span class='ocr_line' id='line_1_97' title="bbox 569 4706 2190 4782; baseline -0.004 -11"><span class='ocrx_word' id='word_1_735' title='bbox 569 4711 753 4771; x_wconf 89' lang='lat' dir='ltr'>creati</span> <span class='ocrx_word' id='word_1_736' title='bbox 773 4717 831 4768; x_wconf 91' lang='lat' dir='ltr'>et</span> <span class='ocrx_word' id='word_1_737' title='bbox 852 4706 1481 4782; x_wconf 88' lang='lat' dir='ltr'>incomprehensibilis</span> <span class='ocrx_word' id='word_1_738' title='bbox 1501 4721 1625 4763; x_wconf 92' lang='lat' dir='ltr'>una</span> <span class='ocrx_word' id='word_1_739' title='bbox 1645 4711 1701 4763; x_wconf 93' lang='lat' dir='ltr'>et</span> <span class='ocrx_word' id='word_1_740' title='bbox 1729 4708 1944 4765; x_wconf 86' lang='lat' dir='ltr'>eadem</span> <span class='ocrx_word' id='word_1_741' title='bbox 1965 4710 2026 4766; x_wconf 93' lang='lat' dir='ltr'>in</span> <span class='ocrx_word' id='word_1_742' title='bbox 2051 4711 2190 4767; x_wconf 90' lang='lat' dir='ltr'>Patr</span> 
     </span>
    </p>
   </div>
   <div class='ocr_carea' id='block_1_98' title="bbox 2336 4706 3961 4791">
    <p class='ocr_par' dir='ltr' id='par_1_98' title="bbox 2336 4715 3961 4791">
     <span class='ocr_line' id='line_1_98' title="bbox 2336 4715 3961 4791; baseline 0 -19"><span class='ocrx_word' id='word_1_743' title='bbox 2336 4716 2465 4772; x_wconf 87' lang='grc' dir='ltr'>εἶναι</span> <span class='ocrx_word' id='word_1_744' title='bbox 2493 4717 2704 4791; x_wconf 82' lang='grc' dir='ltr'>νόημα),</span> <span class='ocrx_word' id='word_1_745' title='bbox 2751 4724 2905 4770; x_wconf 83' lang='grc' dir='ltr'>τοῦτο</span> <span class='ocrx_word' id='word_1_746' title='bbox 2947 4721 3038 4769; x_wconf 85' lang='grc' dir='ltr'>καὶ</span> <span class='ocrx_word' id='word_1_747' title='bbox 3091 4715 3175 4769; x_wconf 81' lang='grc' dir='ltr'>ἐπὶ</span> <span class='ocrx_word' id='word_1_748' title='bbox 3231 4723 3322 4770; x_wconf 82' lang='grc' dir='ltr'>τοῦ</span> <span class='ocrx_word' id='word_1_749' title='bbox 3379 4719 3504 4770; x_wconf 83' lang='grc' dir='ltr'>Υἰοῦ</span> <span class='ocrx_word' id='word_1_750' title='bbox 3543 4722 3767 4789; x_wconf 82' lang='grc' dir='ltr'>νοήσεις,</span> <span class='ocrx_word' id='word_1_751' title='bbox 3795 4725 3961 4772; x_wconf 71' lang='grc' dir='ltr'>τοῦτο</span> 
     </span>
    </p>
   </div>
   <div class='ocr_carea' id='block_1_99' title="bbox 570 4798 2195 4883">
    <p class='ocr_par' dir='ltr' id='par_1_99' title="bbox 570 4798 2195 4870">
     <span class='ocr_line' id='line_1_99' title="bbox 570 4798 2195 4870; baseline -0.002 -11"><span class='ocrx_word' id='word_1_752' title='bbox 570 4807 629 4860; x_wconf 93' lang='lat' dir='ltr'>et</span> <span class='ocrx_word' id='word_1_753' title='bbox 647 4803 709 4858; x_wconf 92' lang='lat' dir='ltr'>in</span> <span class='ocrx_word' id='word_1_754' title='bbox 725 4801 869 4857; x_wconf 89' lang='lat' dir='ltr'>Filio</span> <span class='ocrx_word' id='word_1_755' title='bbox 888 4805 944 4856; x_wconf 92' lang='lat' dir='ltr'>et</span> <span class='ocrx_word' id='word_1_756' title='bbox 963 4801 1026 4856; x_wconf 91' lang='lat' dir='ltr'>in</span> <span class='ocrx_word' id='word_1_757' title='bbox 1047 4798 1265 4870; x_wconf 91' lang='lat' dir='ltr'>Spiritu</span> <span class='ocrx_word' id='word_1_758' title='bbox 1279 4800 1489 4853; x_wconf 90' lang='lat' dir='ltr'>sancto</span> <span class='ocrx_word' id='word_1_759' title='bbox 1507 4801 1615 4852; x_wconf 90' lang='lat' dir='ltr'>est.</span> <span class='ocrx_word' id='word_1_760' title='bbox 1639 4799 1840 4870; x_wconf 87' lang='lat' dir='ltr'>Neque</span> <span class='ocrx_word' id='word_1_761' title='bbox 1868 4798 2032 4855; x_wconf 91' lang='lat' dir='ltr'>enim</span> <span class='ocrx_word' id='word_1_762' title='bbox 2061 4799 2195 4856; x_wconf 61' lang='lat' dir='ltr'>aliut</span> 
     </span>
    </p>
   </div>
   <div class='ocr_carea' id='block_1_100' title="bbox 2335 4798 3960 4883">
    <p class='ocr_par' dir='ltr' id='par_1_100' title="bbox 2335 4805 3960 4883">
     <span class='ocr_line' id='line_1_100' title="bbox 2335 4805 3960 4883; baseline -0.001 -21"><span class='ocrx_word' id='word_1_763' title='bbox 2335 4810 2581 4868; x_wconf 81' lang='grc' dir='ltr'>ὡσαύτως</span> <span class='ocrx_word' id='word_1_764' title='bbox 2631 4811 2722 4859; x_wconf 82' lang='grc' dir='ltr'>καὶ</span> <span class='ocrx_word' id='word_1_765' title='bbox 2759 4805 2843 4860; x_wconf 85' lang='grc' dir='ltr'>ἐπὶ</span> <span class='ocrx_word' id='word_1_766' title='bbox 2879 4813 2971 4858; x_wconf 85' lang='grc' dir='ltr'>τοῦ</span> <span class='ocrx_word' id='word_1_767' title='bbox 3027 4808 3319 4880; x_wconf 85' lang='grc' dir='ltr'>Πνεὺματος</span> <span class='ocrx_word' id='word_1_768' title='bbox 3363 4813 3456 4859; x_wconf 82' lang='grc' dir='ltr'>τοῦ</span> <span class='ocrx_word' id='word_1_769' title='bbox 3511 4805 3692 4878; x_wconf 83' lang='grc' dir='ltr'>ἁγίου.</span> <span class='ocrx_word' id='word_1_770' title='bbox 3729 4805 3788 4858; x_wconf 87' lang='grc' dir='ltr'>Ὁ</span> <span class='ocrx_word' id='word_1_771' title='bbox 3848 4810 3960 4883; x_wconf 78' lang='grc' dir='ltr'>γὰρ</span> 
     </span>
    </p>
   </div>
   <div class='ocr_carea' id='block_1_101' title="bbox 567 4885 2192 4968">
    <p class='ocr_par' dir='ltr' id='par_1_101' title="bbox 567 4885 2192 4962">
     <span class='ocr_line' id='line_1_101' title="bbox 567 4885 2192 4962; baseline -0.002 -15"><span class='ocrx_word' id='word_1_772' title='bbox 567 4890 767 4962; x_wconf 85' lang='lat' dir='ltr'>magis</span> <span class='ocrx_word' id='word_1_773' title='bbox 795 4894 887 4946; x_wconf 90' lang='lat' dir='ltr'>est</span> <span class='ocrx_word' id='word_1_774' title='bbox 912 4885 1651 4961; x_wconf 87' lang='lat' dir='ltr'>incomprehensibile,aut</span> <span class='ocrx_word' id='word_1_775' title='bbox 1674 4887 2033 4956; x_wconf 89' lang='lat' dir='ltr'>increatum,</span> <span class='ocrx_word' id='word_1_776' title='bbox 2059 4889 2192 4947; x_wconf 52' lang='lat' dir='ltr'>aliut</span> 
     </span>
    </p>
   </div>
   <div class='ocr_carea' id='block_1_102' title="bbox 2336 4885 3961 4968">
    <p class='ocr_par' dir='ltr' id='par_1_102' title="bbox 2336 4894 3961 4968">
     <span class='ocr_line' id='line_1_102' title="bbox 2336 4894 3961 4968; baseline 0 -17"><span class='ocrx_word' id='word_1_777' title='bbox 2336 4906 2426 4952; x_wconf 80' lang='grc' dir='ltr'>τοῦ</span> <span class='ocrx_word' id='word_1_778' title='bbox 2474 4896 2726 4950; x_wconf 79' lang='grc' dir='ltr'>ἀκτίστου</span> <span class='ocrx_word' id='word_1_779' title='bbox 2777 4901 2868 4948; x_wconf 85' lang='grc' dir='ltr'>καὶ</span> <span class='ocrx_word' id='word_1_780' title='bbox 2921 4903 3016 4950; x_wconf 86' lang='grc' dir='ltr'>τοῦ</span> <span class='ocrx_word' id='word_1_781' title='bbox 3059 4894 3430 4956; x_wconf 77' lang='grc' dir='ltr'>ἀκαταλήπτου</span> <span class='ocrx_word' id='word_1_782' title='bbox 3477 4895 3626 4968; x_wconf 84' lang='grc' dir='ltr'>λόγος</span> <span class='ocrx_word' id='word_1_783' title='bbox 3665 4897 3735 4959; x_wconf 83' lang='grc' dir='ltr'>εἷς</span> <span class='ocrx_word' id='word_1_784' title='bbox 3769 4902 3874 4950; x_wconf 85' lang='grc' dir='ltr'>καὶ</span> <span class='ocrx_word' id='word_1_785' title='bbox 3933 4898 3961 4951; x_wconf 84' lang='grc' dir='ltr'><strong><em>ὁ</em></strong></span> 
     </span>
    </p>
   </div>
   <div class='ocr_carea' id='block_1_103' title="bbox 566 4979 2191 5063">
    <p class='ocr_par' dir='ltr' id='par_1_103' title="bbox 566 4979 2191 5053">
     <span class='ocr_line' id='line_1_103' title="bbox 566 4979 2191 5053; baseline 0.001 -15"><span class='ocrx_word' id='word_1_786' title='bbox 566 4979 1100 5045; x_wconf 90' lang='lat' dir='ltr'>minus.Quoniam</span> <span class='ocrx_word' id='word_1_787' title='bbox 1124 4983 1325 5036; x_wconf 85' lang='lat' dir='ltr'>autem</span> <span class='ocrx_word' id='word_1_788' title='bbox 1345 4981 1582 5051; x_wconf 88' lang='lat' dir='ltr'>oportet</span> <span class='ocrx_word' id='word_1_789' title='bbox 1601 4993 1708 5052; x_wconf 87' lang='lat' dir='ltr'>per</span> <span class='ocrx_word' id='word_1_790' title='bbox 1725 4980 2004 5053; x_wconf 88' lang='lat' dir='ltr'>proprias</span> <span class='ocrx_word' id='word_1_791' title='bbox 2027 4981 2191 5040; x_wconf 89' lang='lat' dir='ltr'>notio</span> 
     </span>
    </p>
   </div>
   <div class='ocr_carea' id='block_1_104' title="bbox 2337 4979 3962 5063">
    <p class='ocr_par' dir='ltr' id='par_1_104' title="bbox 2337 4985 3962 5063">
     <span class='ocr_line' id='line_1_104' title="bbox 2337 4985 3962 5063; baseline -0.002 -20"><span class='ocrx_word' id='word_1_792' title='bbox 2337 4987 2489 5051; x_wconf 83' lang='grc' dir='ltr'>αὐτὸς</span> <span class='ocrx_word' id='word_1_793' title='bbox 2516 4985 2602 5041; x_wconf 75' lang='grc' dir='ltr'>ἐπί</span> <span class='ocrx_word' id='word_1_794' title='bbox 2621 5005 2676 5040; x_wconf 90' lang='grc' dir='ltr'>τε</span> <span class='ocrx_word' id='word_1_795' title='bbox 2725 4993 2818 5040; x_wconf 85' lang='grc' dir='ltr'>τοῦ</span> <span class='ocrx_word' id='word_1_796' title='bbox 2867 4989 3074 5063; x_wconf 85' lang='grc' dir='ltr'>Πατρός</span> <span class='ocrx_word' id='word_1_797' title='bbox 3116 4991 3209 5041; x_wconf 84' lang='grc' dir='ltr'>καὶ</span> <span class='ocrx_word' id='word_1_798' title='bbox 3243 4993 3337 5040; x_wconf 81' lang='grc' dir='ltr'>τοῦ</span> <span class='ocrx_word' id='word_1_799' title='bbox 3365 4988 3490 5040; x_wconf 83' lang='grc' dir='ltr'>Υἰοΰ</span> <span class='ocrx_word' id='word_1_800' title='bbox 3546 4990 3638 5040; x_wconf 89' lang='grc' dir='ltr'>καὶ</span> <span class='ocrx_word' id='word_1_801' title='bbox 3666 4993 3758 5040; x_wconf 81' lang='grc' dir='ltr'>τοῦ</span> <span class='ocrx_word' id='word_1_802' title='bbox 3789 4985 3962 5061; x_wconf 79' lang='grc' dir='ltr'>ἁγίου</span> 
     </span>
    </p>
   </div>
   <div class='ocr_carea' id='block_1_105' title="bbox 642 5121 1448 5195">
    <p class='ocr_par' dir='ltr' id='par_1_105' title="bbox 642 5121 1448 5195">
     <span class='ocr_line' id='line_1_105' title="bbox 642 5121 1448 5195; baseline -0.001 -15"><span class='ocrx_word' id='word_1_803' title='bbox 642 5126 687 5161; x_wconf 79' lang='grc'>¹⁵</span> <span class='ocrx_word' id='word_1_804' title='bbox 726 5123 837 5180; x_wconf 88' lang='lat' dir='ltr'>Job</span> <span class='ocrx_word' id='word_1_805' title='bbox 859 5139 897 5190; x_wconf 78' lang='grc' dir='ltr'>ι,</span> <span class='ocrx_word' id='word_1_806' title='bbox 925 5127 974 5179; x_wconf 85' lang='grc'><strong>1.</strong></span> <span class='ocrx_word' id='word_1_807' title='bbox 1055 5121 1238 5179; x_wconf 74' lang='lat' dir='ltr'>16Job</span> <span class='ocrx_word' id='word_1_808' title='bbox 1268 5138 1330 5195; x_wconf 81' lang='lat' dir='ltr'>ii,</span> <span class='ocrx_word' id='word_1_809' title='bbox 1357 5124 1448 5179; x_wconf 88' lang='grc'>11.</span> 
     </span>
    </p>
   </div>
   <div class='ocr_carea' id='block_1_106' title="bbox 635 5263 2260 5346">
    <p class='ocr_par' dir='ltr' id='par_1_106' title="bbox 635 5263 2002 5346">
     <span class='ocr_line' id='line_1_106' title="bbox 635 5263 2002 5346; baseline 0 -26"><span class='ocrx_word' id='word_1_810' title='bbox 635 5269 716 5346; x_wconf 88' lang='grc'>(</span> <span class='ocrx_word' id='word_1_811' title='bbox 739 5263 1190 5346; x_wconf 34' lang='lat' dir='ltr'>‘°Yg;.:c&#39;1:m;.‘Du9.</span> <span class='ocrx_word' id='word_1_812' title='bbox 1209 5281 1358 5320; x_wconf 86' lang='lat' dir='ltr'>mss.</span> <span class='ocrx_word' id='word_1_813' title='bbox 1391 5267 1653 5344; x_wconf 87' lang='grc' dir='ltr'>ὑφεστηκό</span> <span class='ocrx_word' id='word_1_814' title='bbox 1663 5285 1702 5330; x_wconf 81' lang='grc' dir='ltr'>ς.</span> <span class='ocrx_word' id='word_1_815' title='bbox 1782 5345 1788 5346; x_wconf 15' lang='lat'><em>7</em></span> <span class='ocrx_word' id='word_1_816' title='bbox 1985 5339 2002 5346; x_wconf 39' lang='grc' dir='ltr'><strong>Δ</strong></span> 
     </span>
    </p>
   </div>
   <div class='ocr_carea' id='block_1_107' title="bbox 2347 5263 3972 5346">
    <p class='ocr_par' dir='ltr' id='par_1_107' title="bbox 2347 5270 3972 5346">
     <span class='ocr_line' id='line_1_107' title="bbox 2347 5270 3972 5346; baseline 0.002 -16"><span class='ocrx_word' id='word_1_817' title='bbox 2347 5273 2554 5330; x_wconf 82' lang='lat' dir='ltr'>nostris</span> <span class='ocrx_word' id='word_1_818' title='bbox 2591 5270 2929 5346; x_wconf 91' lang='lat' dir='ltr'>codicibus,</span> <span class='ocrx_word' id='word_1_819' title='bbox 2953 5275 3010 5346; x_wconf 85' lang='lat' dir='ltr'>et</span> <span class='ocrx_word' id='word_1_820' title='bbox 3040 5271 3407 5346; x_wconf 89' lang='lat' dir='ltr'>editionibus</span> <span class='ocrx_word' id='word_1_821' title='bbox 3433 5275 3666 5343; x_wconf 86' lang='lat' dir='ltr'>Hagan.</span> <span class='ocrx_word' id='word_1_822' title='bbox 3694 5276 3752 5330; x_wconf 91' lang='lat' dir='ltr'>et</span> <span class='ocrx_word' id='word_1_823' title='bbox 3780 5275 3972 5334; x_wconf 84' lang='lat' dir='ltr'>Basi-</span> 
     </span>
    </p>
   </div>
   <div class='ocr_carea' id='block_1_108' title="bbox 635 5339 3702 5418">
    <p class='ocr_par' dir='ltr' id='par_1_108' title="bbox 635 5339 3702 5418">
     <span class='ocr_line' id='line_1_108' title="bbox 635 5339 3702 5418; baseline 0.002 -27"><span class='ocrx_word' id='word_1_824' title='bbox 635 5342 713 5418; x_wconf 69' lang='lat'>_(9)_</span> <span class='ocrx_word' id='word_1_825' title='bbox 739 5339 876 5418; x_wconf 25' lang='grc' dir='ltr'>’φίλι’</span> <span class='ocrx_word' id='word_1_826' title='bbox 908 5340 952 5418; x_wconf 28' lang='grc' dir='ltr'>ἡ,</span> <span class='ocrx_word' id='word_1_827' title='bbox 994 5341 1101 5418; x_wconf 48' lang='grc' dir='ltr'>τό..</span> <span class='ocrx_word' id='word_1_828' title='bbox 1137 5339 1228 5418; x_wconf 84' lang='lat' dir='ltr'>Sic</span> <span class='ocrx_word' id='word_1_829' title='bbox 1281 5353 1425 5392; x_wconf 89' lang='lat' dir='ltr'>mss.</span> <span class='ocrx_word' id='word_1_830' title='bbox 1476 5341 1690 5418; x_wconf 88' lang='lat' dir='ltr'>omnes</span> <span class='ocrx_word' id='word_1_831' title='bbox 1739 5345 1795 5396; x_wconf 94' lang='lat' dir='ltr'>et</span> <span class='ocrx_word' id='word_1_832' title='bbox 1839 5339 2004 5414; x_wconf 90' lang='lat' dir='ltr'>apud</span> <span class='ocrx_word' id='word_1_833' title='bbox 2045 5347 2219 5416; x_wconf 81' lang='lat' dir='ltr'>Nyss.</span> <span class='ocrx_word' id='word_1_834' title='bbox 2332 5345 2517 5403; x_wconf 89' lang='lat' dir='ltr'>leensi</span> <span class='ocrx_word' id='word_1_835' title='bbox 2547 5345 2762 5418; x_wconf 86' lang='lat' dir='ltr'>prima.</span> <span class='ocrx_word' id='word_1_836' title='bbox 2796 5339 2927 5401; x_wconf 83' lang='lat' dir='ltr'>Mox</span> <span class='ocrx_word' id='word_1_837' title='bbox 2958 5345 3082 5418; x_wconf 86' lang='lat' dir='ltr'>duo</span> <span class='ocrx_word' id='word_1_838' title='bbox 3109 5339 3567 5418; x_wconf 67' lang='grc' dir='ltr'>ωεξ.ὑποτίθετοῖι</span> <span class='ocrx_word' id='word_1_839' title='bbox 3599 5364 3702 5398; x_wconf 86' lang='grc' dir='ltr'>σοι.</span> 
     </span>
    </p>
   </div>
   <div class='ocr_carea' id='block_1_109' title="bbox 562 5407 2187 5489">
    <p class='ocr_par' dir='ltr' id='par_1_109' title="bbox 562 5407 2112 5489">
     <span class='ocr_line' id='line_1_109' title="bbox 562 5407 2112 5489; baseline -0.001 -21"><span class='ocrx_word' id='word_1_840' title='bbox 562 5407 718 5468; x_wconf 68' lang='grc' dir='ltr'>Εάὶῐὶ</span> <span class='ocrx_word' id='word_1_841' title='bbox 900 5413 978 5489; x_wconf 63' lang='grc' dir='ltr'>τό.</span> <span class='ocrx_word' id='word_1_842' title='bbox 1011 5407 1167 5489; x_wconf 67' lang='lat' dir='ltr'>Infra</span> <span class='ocrx_word' id='word_1_843' title='bbox 1195 5413 1330 5489; x_wconf 43' lang='lat'>11:88..</span> <span class='ocrx_word' id='word_1_844' title='bbox 1352 5425 1501 5489; x_wconf 76' lang='lat' dir='ltr'>mss.</span> <span class='ocrx_word' id='word_1_845' title='bbox 1533 5413 1590 5461; x_wconf 82' lang='grc' dir='ltr'>τὸ</span> <span class='ocrx_word' id='word_1_846' title='bbox 1616 5420 1822 5489; x_wconf 63' lang='grc' dir='ltr'>τοιοὺτο</span> <span class='ocrx_word' id='word_1_847' title='bbox 1853 5407 2038 5469; x_wconf 68' lang='grc' dir='ltr'>ποιεῖν.</span> <span class='ocrx_word' id='word_1_848' title='bbox 2092 5407 2112 5416; x_wconf 52' lang='grc'>⁷</span> 
     </span>
    </p>
   </div>
   <div class='ocr_carea' id='block_1_110' title="bbox 2342 5407 3967 5489">
    <p class='ocr_par' dir='ltr' id='par_1_110' title="bbox 2407 5407 3967 5489">
     <span class='ocr_line' id='line_1_110' title="bbox 2407 5407 3967 5489; baseline 0.003 -17"><span class='ocrx_word' id='word_1_849' title='bbox 2407 5417 2514 5487; x_wconf 79' lang='lat' dir='ltr'>(li)</span> <span class='ocrx_word' id='word_1_850' title='bbox 2545 5407 2754 5489; x_wconf 68' lang='grc' dir='ltr'>Νόημα.</span> <span class='ocrx_word' id='word_1_851' title='bbox 2788 5419 2961 5489; x_wconf 86' lang='lat' dir='ltr'>Deest</span> <span class='ocrx_word' id='word_1_852' title='bbox 2979 5417 3041 5472; x_wconf 91' lang='lat' dir='ltr'>in</span> <span class='ocrx_word' id='word_1_853' title='bbox 3091 5415 3249 5489; x_wconf 72' lang='lat' dir='ltr'>Harl.</span> <span class='ocrx_word' id='word_1_854' title='bbox 3278 5422 3337 5472; x_wconf 92' lang='lat' dir='ltr'>et</span> <span class='ocrx_word' id='word_1_855' title='bbox 3378 5417 3515 5489; x_wconf 87' lang='lat' dir='ltr'>alio</span> <span class='ocrx_word' id='word_1_856' title='bbox 3545 5417 3776 5481; x_wconf 81' lang='lat' dir='ltr'>codice,</span> <span class='ocrx_word' id='word_1_857' title='bbox 3833 5435 3967 5477; x_wconf 89' lang='lat' dir='ltr'>nec</span> 
     </span>
    </p>
   </div>
   <div class='ocr_carea' id='block_1_111' title="bbox 633 5479 2258 5559">
    <p class='ocr_par' dir='ltr' id='par_1_111' title="bbox 633 5479 2220 5559">
     <span class='ocr_line' id='line_1_111' title="bbox 633 5479 2220 5559; baseline 0.018 -33"><span class='ocrx_word' id='word_1_858' title='bbox 633 5484 746 5554; x_wconf 67' lang='grc' dir='ltr'>(ιο)</span> <span class='ocrx_word' id='word_1_859' title='bbox 772 5479 988 5559; x_wconf 59' lang='grc' dir='ltr'>’βδξὸου</span> <span class='ocrx_word' id='word_1_860' title='bbox 1018 5480 1188 5550; x_wconf 83' lang='grc' dir='ltr'>λόγον.</span> <span class='ocrx_word' id='word_1_861' title='bbox 1215 5480 1628 5559; x_wconf 78' lang='lat' dir='ltr'>_Coisl._primus</span> <span class='ocrx_word' id='word_1_862' title='bbox 1651 5479 1839 5559; x_wconf 61' lang='grc' dir='ltr'>ἐδήλου</span> <span class='ocrx_word' id='word_1_863' title='bbox 1860 5485 2220 5557; x_wconf 74' lang='grc' dir='ltr'>λογον.ΡᾶυῙο</span> 
     </span>
    </p>
   </div>
   <div class='ocr_carea' id='block_1_112' title="bbox 2346 5479 3971 5559">
    <p class='ocr_par' dir='ltr' id='par_1_112' title="bbox 2346 5479 3971 5559">
     <span class='ocr_line' id='line_1_112' title="bbox 2346 5479 3971 5559; baseline 0.004 -15"><span class='ocrx_word' id='word_1_864' title='bbox 2346 5479 2740 5559; x_wconf 66' lang='lat' dir='ltr'>necessarium</span> <span class='ocrx_word' id='word_1_865' title='bbox 2773 5488 3028 5544; x_wconf 86' lang='lat' dir='ltr'>videtur.</span> <span class='ocrx_word' id='word_1_866' title='bbox 3047 5490 3114 5559; x_wconf 67' lang='lat' dir='ltr'>in</span> <span class='ocrx_word' id='word_1_867' title='bbox 3143 5487 3358 5543; x_wconf 89' lang='lat' dir='ltr'>iisdem</span> <span class='ocrx_word' id='word_1_868' title='bbox 3385 5487 3697 5544; x_wconf 90' lang='lat' dir='ltr'>codicibus</span> <span class='ocrx_word' id='word_1_869' title='bbox 3720 5479 3971 5559; x_wconf 82' lang='lat' dir='ltr'>legitur</span> 
     </span>
    </p>
   </div>
   <div class='ocr_carea' id='block_1_113' title="bbox 560 5555 2185 5634">
    <p class='ocr_par' dir='ltr' id='par_1_113' title="bbox 560 5555 2185 5634">
     <span class='ocr_line' id='line_1_113' title="bbox 560 5555 2185 5634; baseline 0.002 -23"><span class='ocrx_word' id='word_1_870' title='bbox 560 5561 698 5634; x_wconf 78' lang='lat' dir='ltr'>post</span> <span class='ocrx_word' id='word_1_871' title='bbox 737 5555 880 5634; x_wconf 89' lang='lat' dir='ltr'>editi</span> <span class='ocrx_word' id='word_1_872' title='bbox 905 5560 998 5634; x_wconf 61' lang='lat'><strong>1&#39;01?</strong></span> <span class='ocrx_word' id='word_1_873' title='bbox 1045 5555 1631 5634; x_wconf 42' lang='grc' dir='ltr'>’Σαγχίτουτμδερῐεῑῃ</span> <span class='ocrx_word' id='word_1_874' title='bbox 1683 5555 1936 5634; x_wconf 81' lang='lat' dir='ltr'>codices</span> <span class='ocrx_word' id='word_1_875' title='bbox 1959 5565 2016 5613; x_wconf 94' lang='lat' dir='ltr'>et</span> <span class='ocrx_word' id='word_1_876' title='bbox 2046 5563 2185 5634; x_wconf 57' lang='lat' dir='ltr'>Nysa</span> 
     </span>
    </p>
   </div>
   <div class='ocr_carea' id='block_1_114' title="bbox 2343 5555 3968 5634">
    <p class='ocr_par' dir='ltr' id='par_1_114' title="bbox 2343 5555 3968 5634">
     <span class='ocr_line' id='line_1_114' title="bbox 2343 5555 3968 5634; baseline 0.006 -22"><span class='ocrx_word' id='word_1_877' title='bbox 2343 5558 2643 5634; x_wconf 78' lang='grc' dir='ltr'>Ξιπερείδειν.</span> <span class='ocrx_word' id='word_1_878' title='bbox 2678 5559 2824 5616; x_wconf 80' lang='lat' dir='ltr'>Editi</span> <span class='ocrx_word' id='word_1_879' title='bbox 2854 5555 3166 5634; x_wconf 68' lang='grc' dir='ltr'>ὑπερείδειν.</span> <span class='ocrx_word' id='word_1_880' title='bbox 3220 5560 3498 5633; x_wconf 86' lang='lat' dir='ltr'>Quinque</span> <span class='ocrx_word' id='word_1_881' title='bbox 3547 5577 3697 5617; x_wconf 88' lang='lat' dir='ltr'>mss.</span> <span class='ocrx_word' id='word_1_882' title='bbox 3761 5555 3838 5616; x_wconf 62' lang='lat' dir='ltr'>tit</span> <span class='ocrx_word' id='word_1_883' title='bbox 3894 5565 3968 5621; x_wconf 92' lang='lat' dir='ltr'>in</span> 
     </span>
    </p>
   </div>
   <div class='ocr_carea' id='block_1_115' title="bbox 560 5620 2185 5696">
    <p class='ocr_par' dir='ltr' id='par_1_115' title="bbox 560 5620 2185 5696">
     <span class='ocr_line' id='line_1_115' title="bbox 560 5620 2185 5696; baseline 0.004 -16"><span class='ocrx_word' id='word_1_884' title='bbox 560 5620 628 5683; x_wconf 72' lang='lat' dir='ltr'>ut</span> <span class='ocrx_word' id='word_1_885' title='bbox 655 5625 717 5682; x_wconf 92' lang='lat' dir='ltr'>in</span> <span class='ocrx_word' id='word_1_886' title='bbox 746 5633 930 5684; x_wconf 84' lang='lat' dir='ltr'>textu.</span> <span class='ocrx_word' id='word_1_887' title='bbox 959 5620 1228 5682; x_wconf 85' lang='lat' dir='ltr'>Subinde</span> <span class='ocrx_word' id='word_1_888' title='bbox 1254 5621 1395 5679; x_wconf 85' lang='lat' dir='ltr'>editi</span> <span class='ocrx_word' id='word_1_889' title='bbox 1419 5620 1536 5686; x_wconf 74' lang='grc' dir='ltr'>Πῶς</span> <span class='ocrx_word' id='word_1_890' title='bbox 1563 5620 1672 5696; x_wconf 84' lang='grc' dir='ltr'>οὖν,</span> <span class='ocrx_word' id='word_1_891' title='bbox 1697 5627 1802 5682; x_wconf 86' lang='lat' dir='ltr'>sed</span> <span class='ocrx_word' id='word_1_892' title='bbox 1839 5628 2010 5686; x_wconf 88' lang='lat' dir='ltr'>deest</span> <span class='ocrx_word' id='word_1_893' title='bbox 2037 5620 2126 5683; x_wconf 66' lang='grc' dir='ltr'>οὗῖι</span> <span class='ocrx_word' id='word_1_894' title='bbox 2156 5631 2185 5687; x_wconf 80' lang='lat' dir='ltr'>il</span> 
     </span>
    </p>
   </div>
   <div class='ocr_carea' id='block_1_116' title="bbox 887 5620 2512 5696">
    <p class='ocr_par' dir='ltr' id='par_1_116' title="bbox 887 5620 2512 5696">
     <span class='ocr_line' id='line_1_116' title="bbox 887 5620 2512 5696; baseline 0.002 -13"><span class='ocrx_word' id='word_1_895' title='bbox 887 5642 930 5683; x_wconf 75' lang='grc' dir='ltr'>ι.</span> <span class='ocrx_word' id='word_1_896' title='bbox 959 5620 1228 5682; x_wconf 85' lang='lat' dir='ltr'>Subinde</span> <span class='ocrx_word' id='word_1_897' title='bbox 1254 5621 1395 5679; x_wconf 85' lang='lat' dir='ltr'>editi</span> <span class='ocrx_word' id='word_1_898' title='bbox 1419 5620 1536 5686; x_wconf 74' lang='grc' dir='ltr'>Πῶς</span> <span class='ocrx_word' id='word_1_899' title='bbox 1563 5620 1672 5696; x_wconf 84' lang='grc' dir='ltr'>οὖν,</span> <span class='ocrx_word' id='word_1_900' title='bbox 1697 5627 1802 5682; x_wconf 86' lang='lat' dir='ltr'>sed</span> <span class='ocrx_word' id='word_1_901' title='bbox 1839 5628 2010 5686; x_wconf 90' lang='lat' dir='ltr'>deest</span> <span class='ocrx_word' id='word_1_902' title='bbox 2037 5620 2126 5683; x_wconf 66' lang='grc' dir='ltr'>οὗῖρ</span> <span class='ocrx_word' id='word_1_903' title='bbox 2156 5631 2219 5687; x_wconf 91' lang='lat' dir='ltr'>in</span> <span class='ocrx_word' id='word_1_904' title='bbox 2331 5620 2512 5689; x_wconf 77' lang='lat' dir='ltr'>textu.</span> 
     </span>
    </p>
   </div>
  </div>
