4114 6382
222 273 333 333 329

1218 264 1721 325 EPISTOLARUM
1757 262 2045 324 CLASSIS
2082 264 2126 320 Ι.
2164 264 2378 325 EPIST.
2418 267 2690 327 XXXVIII.

3539 274 3648 334 330

248 402 555 475 Πνεὺμοιτος
599 396 777 455 ἐστιν.
810 396 890 451 Οῦ
919 396 1020 470 γὰρ
1050 396 1109 447 τὸ
1139 394 1229 467 μὲν
1274 391 1465 467 μᾶλλον
1513 390 1877 450 ἁκατάληπτὸν

2016 403 2096 445 ies
2122 388 2510 451 inconfusam
2553 393 2852 452 Trinitatis
2882 394 3332 457 distinctionem
3375 399 3642 471 habere;

252 514 309 549 τε
333 497 427 546 καὶ
451 492 736 560 οἴκτιστον,
770 491 835 540 τὸ
873 482 933 539 δὲ
970 486 1147 544 ἧττον.
1196 482 1335 536 Ἐπεὶ
1390 479 1449 535 δε
1492 486 1603 556 χρὴ
1657 478 1752 535 διὰ
1779 489 1879 533 τῶν

262 581 580 643 ἱδιαζόντων
633 581 870 652 σημείων
909 573 1215 647 ἀσύγχυτον
1244 570 1330 626 ἐπὶ
1379 580 1440 632 τῆ
1454 592 1475 634 ς
1514 568 1747 646 Τριάδος
1787 574 1881 628 τὴν

260 670 546 747 διάκρισιν
580 671 698 737 (i2)
742 668 907 739 ἔχειν,
950 666 1008 717 1'6
1057 666 1149 736 μὲν
1195 669 1381 723 κοινῶς
1424 659 1883 736 ἕπιθεωρούμενον,

263 765 375 817 οἷον
394 764 455 814 τὸ
485 760 742 811 οἴκτιστον
766 754 920 827 Μγω,
953 753 982 813 ᾖ
1017 755 1076 805 τό
1107 753 1233 825 ὑπὲρ
1276 756 1453 804 πᾶσαν
1502 748 1818 821 κατάληψιν,
1851 747 1881 807 ἦ

266 856 391 906 εἴτι
431 854 697 914 τοιοῦτον,
730 843 789 897 οῦ
824 839 1352 916 συμπαραληψόμεθα
1392 838 1460 901 εἰς
1501 843 1595 897 τὴν
1620 845 1713 891 τοῦ
1742 834 1887 890 ἰδια-

268 942 461 1004 ζοντος
490 940 701 1013 κρίσιν·
750 932 1131 1005 ἐπιζητήσομεν
1168 926 1227 983 δὲ
1267 932 1422 1002 μόνον
1476 923 1551 981 δι’
1581 928 1648 978 ὧν
1692 929 1722 986 ἡ
1769 930 1889 1002 περὶ

268 1032 505 1086 ἑκαστον
553 1029 721 1080 ἔννοια
769 1021 1043 1094 τηλαυγῶς
1067 1024 1159 1073 καὶ
1190 1017 1418 1093 ἀμικτως
1448 1024 1543 1080 τῆς
1576 1019 1893 1094 συνθεωρου-

275 1125 434 1197 μένης
459 1116 905 1192 ἀφορισθήσεται.

358 1301 417 1354 4.
462 1293 644 1356 Καλῶς
695 1288 785 1345 οὖν
841 1292 983 1364 ἔχειν
1026 1309 1119 1364 μοι
1176 1285 1325 1342 δοκεῖ
1373 1288 1534 1348 οὕτως
1587 1285 1900 1360 ᾀνιχνεῦσαι

278 1392 370 1440 τόν
397 1387 575 1457 λόγον.
617 1389 728 1436 Πᾶν
776 1382 900 1454 ὅπερ
954 1378 1015 1432 ἂν
1056 1378 1127 1440 εἰς
1156 1379 1293 1452 ἡμᾶς
1337 1376 1393 1430 ἐκ
1438 1379 1579 1439 θείας
1632 1372 1903 1449 δυνάμεως

275 1475 481 1550 ἀγαθὸν
513 1474 716 1547 φθάσῃ,
749 1479 841 1531 τῆς
871 1471 1040 1522 πάντα
1086 1466 1136 1520 ἕν
1185 1473 1348 1520 πᾶσιν
1397 1465 1710 1541 ἐνεργούσης
1738 1465 1903 1539 χαρι-

279 1585 363 1626 τος
392 1563 659 1638 ἐνέργειαν
698 1558 828 1613 εἶναι
860 1577 1022 1631 φαμεν
1041 1578 1054 1591 ι
1083 1557 1254 1617 καθώς
1300 1574 1460 1628 φησιν
1487 1555 1512 1606 ό
1560 1552 1905 1621 Ἀπόστολος,

284 1658 362 1708 ὅτι
430 1659 620 1707 Ταῦτα
682 1646 741 1703 δε
814 1650 985 1700 πάντα
1042 1646 1235 1721 ἐνεργεῖ
1298 1648 1357 1698 1'6
1416 1644 1464 1697 ἓν
1529 1648 1619 1696 καὶ
1673 1646 1732 1695 1'6
1781 1642 1906 1695 αὖτό

286 1750 505 1816 Πνεῦμα
530 1784 547 1808 ,

280 1840 581 1893 Ζητοῦντες
610 1825 671 1882 δὲ
697 1826 816 1881 εἰέκ
842 1829 1001 1900 μόνον
1041 1832 1133 1879 τοῦ
1179 1824 1331 1897 ἁγίου
1370 1825 1667 1897 Πνεῦματος
1718 1824 1748 1880 ἡ
1809 1830 1909 1874 τῶν

278 1922 505 1996 ἀγαθῶν
552 1921 793 1994 χορηγία
833 1920 928 1974 τήν
985 1913 1160 1989 ἀρχὴν
1216 1912 1475 1983 λαϐοῦσα,
1545 1912 1679 1964 οὕτω
1733 1930 1909 1987 παρα-

276 2019 496 2084 γίνεται
548 2015 657 2068 τοῖς
705 2005 887 2072 ἀξίοις,
948 2003 1100 2058 πάλιν
1158 2005 1259 2056 ὑπὸ
1292 2011 1387 2064 τῆς
1426 2008 1635 2077 Γραῖνῆς
1676 1997 1910 2072 ὁδηγοῦ-

278 2104 427 2176 μεθα
474 2098 552 2161 εἰς
606 2100 667 2150 τὸ
719 2104 811 2157 τῆς
848 2098 1112 2169 χορηγίας
1168 2100 1267 2146 τῶν
1315 2090 1521 2164 ἀγαθῶν
1551 2098 1650 2144 τῶν
1681 2086 1777 2143 διὰ
1820 2096 1911 2143 τοῦ

280 2191 598 2262 Πνεύματος
667 2186 793 2259 ημῖν
850 2184 1222 2258 ἐνεργουμένων
1292 2180 1534 2256 ἀρχηγόν
1600 2184 1691 2232 καὶ
1748 2182 1913 2231 αἴτιον

274 2284 368 2334 τὸν
427 2283 685 2352 μονογενῆ
750 2277 881 2328 Θεὸν
934 2270 1063 2325 εἶναι
1117 2272 1405 2325 πιστεύειν.
1464 2267 1641 2323 Πάντα
1678 2271 1781 2344 γὰρ
1836 2264 1909 2320 δι’

278 2369 453 2423 αὐτοῦ
482 2365 829 2440 γεγενῆσθαι,
862 2367 954 2415 καὶ
995 2360 1042 2415 ἐν
1088 2361 1231 2432 αὐτῷ
1265 2362 1600 2429 συνεστάναι,
1633 2361 1777 2435 παρά
1824 2366 1915 2436 τῆς

279 2459 442 2532 ἁγίας
510 2462 719 2532 Γραφῆς
778 2448 1166 2524 ἐδιδάχθημεν.
1212 2448 1374 2502 ’Ὅταν
1431 2453 1602 2501 τοίνυν
1656 2450 1917 2523 καὶπρὸς

285 2547 492 2604 ἐκείνην
535 2543 829 2616 ὑψωθὼμεν
878 2545 967 2600 τὴν
1009 2542 1223 2608 ἔννοιαν,
1276 2538 1456 2609 πάλιν,
1505 2539 1607 2590 ὑπὸ
1670 2546 1760 2599 τῆς
1807 2539 1916 2590 θεο-

288 2639 556 2689 πνεύστον
603 2634 970 2708 χειραγωγίας
1001 2628 1309 2702 ἀναγόμενοι
1359 2629 1471 2701 (13)
1519 2622 1910 2699 διδασκόμεθα,

292 2727 375 2778 ὅτι
422 2721 495 2777 δι’
560 2720 756 2782 ἐκείνης
811 2722 904 2792 μὲν
960 2720 1131 2771 πάντα
1181 2726 1278 2779 τῆς
1331 2714 1603 2790 δυνάμεως
1632 2714 1687 2768 ἐκ
1713 2723 1805 2769 τοῦ
1834 2720 1907 2789 μὴ

286 2818 445 2874 ὄντος
494 2811 563 2872 εἰς
603 2813 662 2863 τό
706 2811 839 2862 εἶναι
865 2810 1177 2882 παράγεται,
1212 2806 1271 2859 οὗ
1316 2810 1420 2879 μὴν
1474 2801 1599 2858 οὐδὲ
1627 2803 1681 2868 ἐξ
1718 2802 1910 2866 ἐκείνης

294 2902 595 2975 ειναρχως·
656 2896 780 2952 ἀλλά
855 2901 939 2957 τίς
1013 2894 1126 2948 ἐστι
1199 2892 1421 2968 δύναμις
1478 2892 1765 2965 ἀγεννήτως
1819 2897 1909 2946 καὶ

301 2990 558 3064 ἀναρχως
584 2988 873 3060 ὑφεστῶσα,
904 2989 1020 3047 ἣτις
1066 2983 1205 3038 ἐστὶν
1247 2983 1394 3036 αἰτία
1420 2992 1510 3045 τῆς
1540 2982 1778 3035 ἁπάντων
1808 2990 1908 3035 τῶν

303 3084 465 3134 ὄντων
518 3076 698 3138 αἰτίας.
761 3076 851 3129 Ἐκ
898 3077 1001 3151 γὰρ
1045 3081 1136 3127 τοῦ
1169 3077 1370 3148 Πατρός
1423 3074 1448 3125 ό
1479 3075 1619 3139 Υἱός,
1653 3069 1731 3124 δι’
1754 3068 1813 3125 οὗ
1843 3075 1909 3125 τὰ

292 3171 493 3235 πάντα,
638 3168 860 3219 πάντοτε
912 3168 972 3217 1'6
1032 3170 1240 3237 Πνεῦμα
1285 3166 1343 3216 1'6
1392 3162 1538 3236 ἅγιον
1588 3160 1908 3236 ἀχωρίστως

287 3264 700 3313 σννεπινοεῐται.
759 3255 835 3308 Οῦ
893 3256 996 3328 γὰρ
1056 3256 1196 3307 ἔστιν
1248 3251 1296 3305 ἐν
1344 3257 1579 3326 περινοίᾳ
1633 3259 1722 3305 τοῦ
1780 3253 1906 3305 Υἰοῦ

283 3350 541 3422 γενέσθαι
568 3389 581 3415 ,
659 3350 731 3419 μὴ

285 3434 513 3495 Ἐπειδὴ
549 3440 723 3489 τοίννν
768 3437 827 3487 1'6
886 3434 1035 3505 ἅγιον
1092 3439 1322 3506 Πνεῦμα,
1374 3431 1461 3505 ἀφ’
1520 3431 1580 3484 οὗ
1633 3437 1783 3484 πᾶσα
1820 3429 1903 3484 ἐπὶ

833 3344 1370 3418 προκατανγασθέντα
1458 3349 1529 3413 τῷ
1608 3348 1895 3414 Πνεῦματι.

282 3534 382 3588 την
413 3527 593 3580 κτίσιν
621 3527 653 3583 ἠ
693 3533 795 3578 τῶν
833 3522 1044 3597 ἀγαθῶν
1080 3526 1324 3597 χορηγία
1373 3522 1621 3595 πηγαζει,
1654 3529 1745 3573 τοῦ
1778 3523 1902 3573 Υὶοῦ

283 3620 381 3692 μὲν
412 3621 671 3691 ἤρτηται,
787 3610 1126 3674 ἀδιαστάτως
1171 3610 1732 3684 συγκαταλαμϐάνεται
1754 3625 1769 3640 ’
1810 3619 1903 3672 τῆς

286 3704 349 3760 ἴε
401 3714 496 3759 τοῦ
545 3707 754 3778 Πατρός
806 3702 981 3765 αἰτίας
1020 3700 1301 3775 ἐξημμένον
1333 3704 1448 3773 (14)
1487 3703 1599 3772 ἔχει
1646 3703 1704 3753 1'6
1750 3698 1898 3768 εἶναι,

286 3798 405 3850 ὅθεν
459 3799 555 3846 καὶ
607 3792 981 3866 ἐκπορεύεται·
1031 3799 1184 3843 τοῦτο
1230 3794 1578 3865 γνωριστικον
1630 3798 1722 3849 τῆς
1766 3791 1903 3841 κατα

285 3891 383 3944 τὴν
415 3886 718 3937 ὑπόστασιν
779 3878 1043 3942 ἰδιότητος
1090 3887 1305 3953 σημεῖον
1362 3882 1495 3951 ἔχει,
1551 3883 1609 3931 τό
1651 3881 1781 3951 μετὰ
1814 3880 1902 3929 τόν

286 3980 413 4030 Υἱόν
587 3978 679 4025 καὶ
722 3975 815 4024 σὺν
866 3971 1006 4043 αὐτῷ
1056 3970 1430 4044 γνωρίζεσθαι,
1477 3973 1567 4020 καὶ
1609 3972 1668 4021 τό
1710 3967 1764 4019 ἐκ
1812 3973 1904 4020 τοῦ

290 4068 505 4139 Πατρός
552 4062 866 4136 ὑφεστάναι.
906 4060 966 4112 Ὀ
1011 4058 1069 4113 δί
1122 4062 1259 4122 Υἱὸς,
1315 4059 1341 4110 ό
1375 4061 1434 4110 τό
1474 4055 1529 4110 ἐκ
1568 4064 1659 4110 τοῦ
1700 4061 1904 4131 Πατρός

298 4155 728 4229 ἐκπορεῦνόμενον
782 4157 990 4223 Πνεῦμα
1040 4144 1113 4201 δι’
1171 4148 1357 4202 ἑαυτοῦ
1403 4152 1495 4199 καὶ
1552 4148 1666 4220 μεθ’
1719 4146 1905 4199 ἑαυτοῦ

291 4247 586 4319 γνωρίζων,
636 4245 791 4314 μόνος
846 4245 1126 4311 μονογενῶς
1179 4235 1234 4290 ἐκ
1271 4244 1363 4289 τοῦ
1416 4234 1695 4309 ἀγεννής-ου
1736 4238 1905 4308 φωτὸς

288 4332 586 4407 ἐκλάμψας,
636 4326 910 4402 οὐδεμίαν,
966 4330 1102 4379 κατὰ
1138 4330 1196 4380 τό
1229 4322 1437 4387 ida/1:61
1466 4334 1562 4379 τῶν
1605 4327 1905 4398 γνωρισμά-

289 4445 416 4491 των,
448 4427 549 4479 τὰν
585 4423 856 4471 κοινωνίαν
898 4421 1013 4489 ’ἔχει
1040 4419 1168 4492 πρός
1208 4420 1295 4468 τὸν
1347 4419 1554 4489 Πατέρα
1607 4417 1637 4473 ἡ
1689 4418 1819 4489 πρὸς
1847 4418 1903 4466 τὸ

290 4521 511 4586 Πνεῦμα
561 4513 620 4562 1'6
655 4509 804 4581 οἷγιον
828 4528 841 4541 ·
906 4505 1034 4558 ἀλλὰ
1061 4513 1173 4568 τοῖς
1219 4505 1510 4581 εἰρημένοις
1542 4510 1780 4578 σημείοις
1807 4508 1904 4577 μό-

286 4625 373 4666 νος
422 4599 759 4674 γνωρίζεται.
794 4596 853 4649 Ὀ
886 4592 945 4648 δὲ
983 4594 1067 4649 ἐπὶ
1120 4597 1324 4647 πάντων
1374 4598 1504 4657 Θεὸς
1557 4594 1813 4670 ἐξαίρετόν
1855 4613 1907 4646 τι

286 4700 581 4768 γνώρισμα
622 4695 717 4751 τῆς
762 4686 947 4740 ἑαυτοῦ
1001 4686 1357 4752 ὑποστάσεως,
1405 4689 1463 4737 1'6
1519 4690 1699 4757 Πατὴρ
1755 4681 1906 4754 εἶναι,

366 4802 413 4837 ιτ
442 4802 459 4853 t
489 4800 625 4853 Cor.
651 4812 751 4865 xu,
788 4799 871 4851 tt.
952 4794 1189 4850 "Joan.
1216 4808 1256 4863 ι,
1282 4798 1337 4849 3.
1418 4794 1460 4827 ιε’
1486 4791 1715 4848 Coloss.
1747 4808 1787 4860 1,
1823 4796 1906 4847 t7.

362 4908 481 4981 (12)
523 4907 842 4981 Διακρισινκ
881 4898 1135 4959 Μὶιιθῖιὶ
1186 4900 1358 4958 editis
1408 4904 1708 4976 σύγκρισιν.
1777 4902 1911 4958 Mss.

289 4979 517 5039 omnes
553 4983 616 5033 ut
642 4992 702 5031 in
727 4979 972 5051 textu.“
1289 5049 1295 5051 _
1331 5048 1374 5051 __
1562 5046 1597 5051 _
1747 5041 1760 5051 ,

364 5057 485 5124 (13)
531 5052 890 5120 Ἀναγόριενοι.
920 5044 1013 5101 Sic
1060 5060 1213 5101 mss.
1246 5049 1302 5102 et
1331 5048 1505 5117 Nyss.
1561 5042 1707 5101 Ediii
1742 5042 1914 5116 ἐναγό-

299 5144 412 5178 ιιενο
418 5145 433 5176 ι
442 5166 455 5179 ι

295 5184 307 5198 ’
364 5197 485 5268 (ii)
521 5192 862 5265 Ἱίξηριριίνον.
887 5191 1201 5268 Ducit-uss.
1235 5186 1602 5268 ἐξηρτημένον,

512 5249 663 5320 Bia-166
691 5249 792 5341 ’ςὸν
842 5262 982 5314 rid».
1032 5260 1123 5341 Sic
1170 5249 1628 5341 quatuor'ttegii
1656 5256 1916 5341 codices,

298 5329 385 5398 sic‘
405 5329 592 5397 etiam
622 5334 827 5411 prima
862 5348 1051 5411 manu
1089 5329 1434 5411 habuerunt
1464 5331 1620 5411 ituri.
1653 5338 1710 5387 et
1739 5329 1915 5411 Cois].

296 5414 549 5486 primus.
587 5403 745 5466 EUiti
787 5407 934 5486 pitu
964 5411 1055 5455 τοῦ
1100 5408 1246 5473 rio-3,
1276 5420 1415 5477 qua:
1446 5404 1745 5486 scriptura
1781 5403 1919 5486 ferri

299 5471 414 5541 non
442 5487 675 5567 potest,
701 5471 844 5565 cuin
874 5475 1038 5561 idem
1061 5471 1321 5567 prorsus:
1342 5482 1535 5542 sonet,
1563 5471 1633 5530 ac
1661 5474 1725 5530 id
1754 5471 1921 5567 quod

307 5546 587 5630 sequitur,
621 5556 718 5605 καὶ
748 5553 842 5602 σὺν
871 5546 1037 5618 αὐτῳ.
1063 5546 1194 5614 Quo
1220 5554 1425 5604 autem
1456 5561 1637 5602 sensu
1665 5553 1803 5618 post
1833 5546 1920 5602 Fi-

574 5666 842 5723 PATROL.
876 5657 984 5714 Gn.
1012 5656 1206 5714 XXXII.

1990 479 2159 553 quod
2206 483 2606 540 communiter
2653 483 3091 556 consideratur,
3137 488 3319 561 quale
3348 493 3452 562 est,
3480 490 3650 565 quod

1991 568 2323 628 increatum
2355 572 2513 644 dico,
2544 574 2711 648 quod
2741 579 2831 630 est
2860 591 3047 648 supra
3077 591 3322 634 omnem
3345 579 3652 651 cogitatio-

1993 673 2156 726 nem,
2183 664 2288 717 aut
2319 661 2370 717 si
2399 661 2547 734 quid
2590 662 2934 734 ejusmodi;
2990 662 3052 719 id
3099 680 3489 740 nequaquam
3533 683 3656 726 una

1996 762 2381 805 assumemus
2425 749 2506 806 ad
2540 750 2967 824 prolirietatem
3017 753 3499 824 dijudicandam,
3550 755 3659 814 sed

1997 838 2374 910 requiremus
2405 843 2638 897 tantum
2668 857 2776 915 per
2804 858 2940 915 quia
2983 844 3463 920 uniuscujusque
3492 846 3659 903 notio

1998 925 2259 983 dilucide
2303 932 2361 985 et
2403 928 2552 985 citra
2599 929 3025 988 admistionem
3058 931 3137 990 ab
3167 949 3262 1002 ea,
3295 950 3432 1009 qua:
3481 933 3663 996 simul

2002 1015 2437 1088 consideratur,
2470 1018 2743 1090 sejuncta
2771 1019 2864 1077 sit.

2081 1288 2132 1341 4.
2166 1287 2374 1359 Itaque
2405 1301 2529 1342 non
2558 1285 2670 1343 abs
2687 1302 2750 1343 re
2777 1303 2907 1345 esse
2929 1288 3079 1346 mihi
3098 1290 3336 1347 videtur
3355 1291 3471 1348 hoc
3488 1296 3670 1366 pacto

2010 1374 2307 1430 rationem
2320 1375 2707 1447 investigare.
2733 1378 3149 1453 Quodcunque
3170 1381 3247 1437 ad
3261 1397 3370 1437 nos
3384 1398 3455 1437 ex
3471 1381 3674 1440 divina

2014 1467 2307 1536 potestate
2356 1463 2587 1521 bonum
2627 1467 2875 1538 venerit,
2903 1469 3109 1527 omnia
3137 1469 3201 1525 in
3231 1470 3518 1527 omnibus
3548 1470 3675 1529 effi-

2016 1553 2224 1609 cientis
2254 1555 2461 1625 gratiee
2489 1570 2643 1629 opus
2673 1572 2807 1613 esse
2838 1556 3117 1632 dicimus,
3149 1561 3676 1633 quemadmodum

2019 1642 2101 1699 ait
2131 1644 2454 1716 Apostolus
2488 1661 2500 1698 :
2530 1645 2676 1701 Ha'c
2705 1652 2905 1703 autem
2951 1650 3153 1706 omnia
3192 1656 3483 1720 operatur
3521 1665 3679 1707 unus

635 1735 877 1813 διαιροῦν
937 1732 1052 1809 ἰδίᾳ
1122 1735 1323 1807 ἐκοίστῷ
1390 1736 1563 1796 καθὼς
1626 1730 1899 1806 βούλεται.

2020 1736 2199 1802 atque
2226 1731 2379 1788 idem
2406 1733 2694 1804 Spiritus,
2724 1734 2997 1793 dividens
3017 1739 3332 1809 sigillalim
3363 1740 3683 1812 unicuique

2019 1826 2201 1891 prout
2229 1821 2441 1877 vult”.
2474 1822 2849 1896 Inquirentes
2880 1830 3105 1898 autem,
3132 1842 3211 1884 an
3241 1844 3277 1883 a
3310 1827 3438 1884 solo
3470 1832 3683 1884 sancto

2022 1909 2243 1982 Spiritu
2267 1908 2571 1966 bonorum
2599 1911 2838 1982 largitio
2865 1914 3162 1985 originem
3206 1916 3465 1982 habens,
3491 1916 3575 1973 ita
3603 1914 3684 1973 ad

2021 1998 2239 2070 dignos
2268 1999 2599 2071 perveniat,
2625 2016 2839 2057 rursus
2886 2019 2922 2059 a
2963 2004 3271 2077 Scriptura
3296 2006 3414 2062 huc
3441 2004 3686 2061 deduci-

2022 2104 2176 2160 mur,
2204 2093 2269 2144 ut
2293 2087 2626 2160 largitionis
2646 2089 2973 2159 bonorum,
2995 2108 3135 2166 quae
3162 2093 3411 2166 Spiritus
3432 2098 3681 2151 sanctus

2022 2178 2084 2235 in
2127 2177 2302 2234 nobis
2331 2177 2532 2250 efﬁcit,
2566 2184 2878 2237 auctorem
2908 2187 2965 2238 et
3007 2198 3261 2240 causam
3306 2184 3685 2256 unigenitum

2024 2270 2211 2323 Deum
2242 2284 2371 2323 esse
2396 2272 2737 2327 credamus.
2759 2268 2976 2328 Omnia
2990 2272 3149 2329 enim
3173 2289 3280 2346 per
3301 2274 3504 2348 ipsum
3526 2273 3685 2330 facta

2024 2373 2155 2413 esse
2176 2358 2241 2423 ιθ,
2274 2362 2331 2413 et
2357 2357 2419 2413 in
2450 2359 2584 2431 ipso
2614 2359 3024 2432 consistere”,
3057 2377 3094 2418 a
3125 2368 3337 2419 sancta
3382 2363 3688 2436 Scriptura

2024 2446 2366 2503 didicimus.
2388 2449 2538 2503 Cum
2567 2446 2747 2519 igitur
2777 2449 2857 2506 ad
2886 2450 3043 2507 hanc
3073 2450 3532 2524 intelligentiam
3561 2451 3686 2508 fue-

2022 2537 2214 2594 rimus
2240 2537 2450 2606 evecti,
2477 2553 2688 2593 rursus
2719 2554 2757 2595 a
2785 2538 3072 2596 divinitus
3103 2542 3398 2614 inspirata
3429 2541 3688 2599 admini-

2023 2626 2159 2683 culo
2188 2642 2299 2683 ceu
2328 2641 2517 2683 manu
2546 2626 2709 2684 ducti
2740 2614 3052 2699 docemur,
3077 2630 3286 2687 omnia
3316 2632 3393 2688 ab
3424 2631 3528 2687 illa
3557 2630 3688 2705 qui-

2020 2716 2161 2774 dem
2191 2718 2402 2774 virtute
2432 2732 2506 2773 ex
2529 2715 2719 2774 nihilo
2762 2718 3038 2791 produci,
3074 2736 3198 2776 non
3236 2724 3442 2777 tamen
3474 2721 3553 2777 ab
3582 2720 3686 2778 illa

2021 2808 2152 2863 sine
2172 2805 2507 2879 principio;
2535 2806 2642 2863 sed
2666 2808 3006 2879 quamdam
3037 2825 3168 2865 esse
3197 2812 3480 2867 virtutem
3506 2809 3681 2882 inge—

2018 2897 2138 2954 nite
2160 2900 2217 2953 et
2243 2896 2370 2952 sine
2401 2895 2698 2969 principio
2736 2897 3183 2968 subsistentem,
3214 2916 3351 2972 quae
3377 2915 3563 2956 causa
3592 2900 3683 2956 est

2016 3002 2218 3043 rerum
2249 2985 2524 3041 omnium
2555 3000 2773 3043 causae.
2806 2989 2955 3043 Nam
3004 3004 3078 3044 ex
3130 2990 3300 3045 Patre
3343 2988 3541 3059 Filius,
3568 3003 3678 3062 per

1935 3118 1977 3174 Ο
2015 3091 2198 3150 quem
2229 3075 2458 3140 omnia,
2489 3089 2757 3147 quocum
2784 3091 3024 3150 semper
3051 3077 3302 3151 Spiritus
3325 3082 3569 3135 sanctus
3589 3077 3677 3135 in-

2015 3163 2937 3239 separabiliterintelligitur.Non
2952 3165 3097 3221 enim
3119 3171 3313 3240 potest
3344 3167 3672 3241 quisquam

2013 3256 2089 3312 de
2121 3254 2260 3311 Filio
2287 3254 2571 3325 cogitare,
2603 3253 2708 3327 qui
2731 3269 2855 3310 non
2887 3254 2959 3312 sit
2996 3256 3163 3329 prius
3210 3273 3245 3312 a
3280 3256 3501 3329 Spiritu
3540 3255 3672 3313 illu-

2013 3348 2253 3402 stratus.
2299 3343 2598 3409 Quoniam
2643 3343 2823 3413 igitur
2872 3345 3124 3415 Spiritus
3174 3352 3439 3413 sanctus,
3472 3361 3510 3403 a
3546 3362 3671 3420 quo

2010 3432 2209 3490 omnis
2238 3431 2300 3488 in
2326 3447 2453 3488 rem
2479 3437 2746 3489 creatam
2775 3432 3080 3490 bonorum
3126 3434 3365 3506 largitio
3395 3436 3669 3504 scaturit,

2013 3523 2152 3580 Filio
2183 3521 2432 3594 quidem
2468 3527 2731 3578 cohaeret
2776 3538 2847 3579 ac
2891 3525 3249 3596 coujunctus
3279 3529 3386 3593 est,
3419 3524 3670 3597 quicum

2011 3612 2190 3669 simul
2220 3610 2498 3687 sinerullo
2545 3610 2862 3667 intervallo
2901 3613 3268 3686 concipitur;
3297 3613 3481 3671 habet
3524 3630 3669 3671 vero

2010 3720 2141 3760 esse
2161 3700 2336 3759 ex‘iaa
2362 3716 2574 3769 causa,
2599 3716 2737 3774 quae
2770 3704 2940 3757 Pater
2966 3707 3077 3770 est,
3108 3718 3474 3768 connexum,
3506 3704 3668 3760 unde

2011 3799 2068 3850 et
2080 3792 2377 3866 procedit;
2401 3789 2557 3845 illius
2575 3789 2913 3845 secundum
2935 3791 3312 3864 hypostasim
3328 3792 3665 3864 proprietas

2010 3883 2127 3939 hoc
2171 3882 2345 3951 signo
2380 3878 2739 3946 declaratur,
2767 3880 2935 3951 quod
2994 3885 3131 3953 post
3172 3881 3385 3937 Filium
3431 3885 3486 3938 et
3527 3898 3666 3939 cum

2015 3970 2157 4027 Filio
2181 3968 2584 4041 cognoscitur,
2603 3978 2659 4023 et
2678 3966 2846 4039 quod
2868 3983 2940 4024 ex
2977 3972 3143 4025 Patre
3167 3968 3459 4027 subsistit.
3486 3970 3669 4027 Filius

2010 4075 2155 4115 vero
2184 4058 2290 4131 qui
2314 4072 2387 4112 ex
2422 4059 2590 4112 Patre
2620 4056 3051 4129 procedentem
3097 4058 3377 4131 Spiritum
3406 4074 3512 4132 per
3538 4075 3668 4116 sese

2012 4165 2083 4206 ac
2114 4163 2319 4204 secum
2348 4151 2559 4202 notum
2576 4145 2714 4202 facit
2740 4163 2754 4214 ;
2791 4162 2860 4201 ac
2884 4145 3049 4202 solus
3076 4147 3377 4218 unigenite
3402 4164 3474 4205 ex
3504 4147 3670 4221 inge-

2011 4240 2137 4296 nita
2158 4238 2290 4295 lucc
2321 4235 2559 4305 effulsit,
2587 4234 2841 4309 nullam,
2873 4238 3041 4310 quod
3068 4237 3146 4293 ad
3178 4238 3509 4309 signorum,
3532 4238 3670 4313 qui-

2010 4330 2126 4385 bus
2156 4327 2546 4399 dignoscitur,
2581 4326 3013 4400 proprietatem
3058 4329 3284 4396 attinet,
3317 4344 3456 4384 cum
3495 4329 3670 4384 Patre

2015 4426 2116 4475 aut
2144 4418 2363 4491 Spiritu
2404 4418 2613 4471 sancto
2653 4417 3151 4472 communitatem
3182 4416 3404 4473 habet:
3434 4416 3544 4473 sed
3572 4416 3669 4485 iis,

2013 4526 2150 4583 quae
2176 4507 2322 4576 dixi,
2353 4506 2541 4577 signis
2587 4504 2751 4562 solus
2794 4507 3167 4577 agnoscitur.
3214 4506 3323 4573 Qui
3354 4510 3556 4563 autem
3583 4511 3674 4564 est

2015 4596 2417 4672 superomnia
2439 4596 3205 4668 Deus,prmcipuamquam.
3221 4596 3339 4651 iam
3360 4596 3403 4667 ι
3422 4595 3671 4667 183nm

2016 4686 2364 4763 hypostasis
2395 4691 2626 4756 notam,
2658 4685 2824 4760 quod
2857 4688 3029 4741 Pater
3056 4690 3169 4757 est,
3215 4690 3271 4742 et
3309 4685 3477 4759 quod
3506 4685 3676 4743 nulla

2020 4908 2169 4965 lium
2196 4911 2254 4963 et
2281 4921 2420 4961 cum
2449 4904 2591 4961 Filio
2626 4902 2883 4977 Spiritus
2916 4907 3181 4970 sanctus,
3205 4901 3267 4959 id
3308 4903 3468 4961 infra
3495 4902 3681 4977 expli-

2023 4984 2119 5036 cat
2151 4977 2399 5034 Basilius
2420 4992 2559 5032 cum
2585 4974 2688 5043 ait,
2712 4977 3156 5047 Consequenter
3198 4977 3434 5047 quidem
3471 4974 3678 5032 secun-

2023 5051 2167 5107 dum
2188 5050 2483 5117 ordinem,
2512 5048 2833 5115 conjuncta
2871 5062 3007 5103 vero
3031 5048 3359 5103 secundum
3392 5054 3680 5104 naturam

2026 5130 2145 5178 tres
2173 5134 2457 5189 personas
2483 5118 3140 5189 cognoscz'.Coniirmat
3172 5119 3330 5175 hanc
3364 5119 3683 5175 lectionem

2026 5188 2317 5249 scholium
2333 5190 2410 5246 ad
2426 5188 2760 5261 marginem
2773 5188 3033 5261 duorum
3049 5190 3326 5246 codicum
3340 5191 3683 5261 Regiorum,

2025 5260 2999 5339 utobservavitCombeﬁsius.Sed
3010 5262 3177 5339 quod
3199 5263 3258 5317 in
3278 5260 3496 5339 eodem
3513 5260 3684 5315 scho-

2026 5337 2108 5392 lio
2135 5335 2351 5406 legitur
2377 5333 2561 5406 paulo
2591 5339 2731 5407 post
2771 5329 3058 5407 6816:2163
3082 5337 3175 5385 καὶ
3202 5333 3326 5407 μεθ’-
3344 5332 3553 5407 ἑαυτὸν,
3572 5344 3687 5399 per

2028 5402 2522 5482 seipsunret'post
2543 5402 2822 5482 séipsum,
2854 5405 2919 5461 id
2946 5404 3168 5482 frustra
3196 5402 3491 5482 probatur
3516 5405 3687 5457 Uom-

2028 5472 2264 5555 beiisio.
2298 5472 2817 5555 Repugnat'enim
2857 5474 3142 5555 omnibus
3173 5472 3486 5555 codicibus
3515 5488 3689 5540 mss.,

2031 5565 2144 5607 nec
2173 5547 2295 5606 ulla
2327 5544 2533 5606 subest
2558 5553 2870 5605 contextus
2895 5544 3257 5605 immutandi
3285 5558 3496 5600 causa.

3410 5655 3469 5710 11
