4114 6392
507 309 607 366 331

1899 298 1955 356 8.
1996 292 2248 351 BASILII
2283 293 2506 352 MAGNI

3759 310 3859 368 332

506 432 776 490 subsistit
822 447 895 489 ex
939 446 1149 499 causa,
1189 430 1355 488 solus
1401 430 1624 499 habet;
1682 428 1922 499 hocque
1946 436 2139 479 rursus

2268 424 2359 472 xui
2404 419 2459 473 ἐκ
2506 418 2774 496 μηδεμιᾶς
2813 421 2924 494 (16)
2963 420 3135 484 αἰτίας
3172 421 3486 493 ὑποστῆναι,
3530 429 3685 499 μόνος
3712 432 3860 503 ἔχει·

504 523 727 579 indicio
749 526 806 578 et
830 523 960 595 ipse
989 522 1229 595 proprie
1259 521 1661 591 cognoscitur.
1697 517 2073 589 Quapropter
2098 511 2159 566 in

504 612 777 668 essentite
803 610 1233 666 communitate
1263 609 1520 665 dicimus
1556 623 1669 663 nec
1700 605 2021 668 cohaerere,
2048 614 2160 655 nec

505 700 943 757 communicari
969 715 1145 772 posse
1166 715 1303 772 quae
1327 697 1781 754 considerantur
1801 695 1861 749 in
1880 691 2160 749 Trinitate

501 790 747 861 indicia,
761 807 869 865 per
884 806 1020 863 quae
1037 789 1372 863 proprietas
1399 787 1780 844 constituitur
1799 782 2159 841 traditarum

501 880 563 937 in
593 880 713 936 ﬁde
743 895 1162 953 personarum,
1196 894 1568 951 unaquaque
1616 874 1875 949 propriis
1922 870 2158 928 indiciis

502 969 754 1026 discrete
798 968 1127 1033 intellecta;
1159 967 1241 1024 ita
1283 972 1349 1024 ut
1396 984 1463 1023 ex
1502 965 1673 1022 dictis
1715 964 1950 1021 indiciis
1982 959 2156 1016 diffe-

498 1058 694 1115 rentia
712 1058 1129 1131 hypostasewn
1150 1054 1641 1129 deprehendatur
1660 1073 1672 1123 ;
1706 1059 1766 1111 at
1784 1069 1947 1118 vero,
1969 1067 2156 1124 quan-

497 1152 627 1204 tum
655 1147 864 1203 attinet
888 1146 967 1203 ad
996 1146 1059 1201 id
1088 1146 1253 1219 quod
1281 1145 1653 1202 immensum
1675 1149 1783 1214 est,
1802 1143 1970 1216 quod
1996 1158 2157 1198 com-

495 1236 793 1310 prehendi
816 1251 940 1292 non
970 1239 1191 1309 potest,
1215 1235 1384 1307 quod
1414 1239 1684 1291 creatum
1713 1249 1834 1289 non
1862 1236 1968 1301 est,
1987 1231 2156 1304 quod

493 1326 627 1383 loco
656 1325 823 1382 nullo
878 1324 1410 1389 circumscribitur,
1462 1330 1518 1380 et
1572 1324 1806 1397 reliqua
1853 1322 2153 1393 ejusmodi

495 1416 721 1479 omnia,
772 1415 1100 1471 discrimen
1154 1414 1388 1470 nullum
1432 1414 1507 1471 sit
1533 1415 1594 1470 in
1624 1414 1858 1469 viviﬁca
1887 1418 2103 1468 natura
2135 1429 2148 1467 :

492 1505 553 1561 in
585 1508 774 1571 Patre,
812 1504 1088 1577 inquam,
1125 1508 1181 1561 et
1225 1504 1388 1571 Filio,
1420 1508 1474 1559 et
1518 1503 1737 1577 Spiritu
1787 1506 2016 1570 sancto,
2045 1500 2152 1557 sed

492 1595 779 1652 continua
801 1595 1085 1668 quaedam
1111 1598 1168 1650 et
1192 1594 1453 1650 indivisa
1476 1594 1731 1650 societas
1754 1594 1813 1649 in
1847 1592 1990 1666 ipsis
2020 1608 2152 1664 per-

492 1684 801 1759 spiciatur.
834 1688 1026 1758 Atque
1051 1700 1159 1758 per
1188 1700 1343 1758 quas
1372 1684 1506 1758 quis
1537 1684 1929 1756 cogitationes
1961 1682 2147 1754 maje-

490 1778 707 1832 statem
741 1775 918 1830 unius
950 1790 1181 1838 earum,
1212 1790 1349 1847 quae
1378 1774 1440 1830 in
1478 1773 1758 1830 Trinitate
1800 1772 2143 1840 creduntur,
2178 1779 2219 1833 Β

486 1879 890 1937 personarum
910 1863 1283 1931 intellexerit,
1298 1879 1407 1937 per
1422 1863 1671 1920 easdem
1694 1862 1819 1918 sine
1842 1861 1962 1917 ullo
1982 1876 2147 1934 pror-

489 1971 592 2010 sus
628 1952 977 2010 discrimine
1007 1953 1315 2026 procedet,
1349 1953 1412 2009 in
1455 1955 1643 2019 Patre,
1675 1957 1731 2008 et
1761 1951 1902 2008 Filio
1934 1955 1989 2006 et
2022 1950 2145 2023 Spi-

484 2043 603 2100 ritu
644 2047 853 2099 sancto
885 2042 1139 2112 gloriam
1184 2046 1365 2115 atque
1415 2042 1796 2114 majestatem
1845 2056 2140 2098 cernens:

489 2133 658 2191 nullo
695 2132 890 2207 spatio
930 2132 1085 2189 inter
1109 2135 1363 2202 Patrem,
1399 2137 1455 2189 et
1485 2132 1716 2201 Filium,
1757 2137 1815 2188 et
1859 2131 2145 2204 Spiritum

486 2228 767 2280 sanctum
810 2223 1238 2293 intercedente,
1277 2225 1339 2279 in
1380 2239 1500 2296 quo
1531 2239 1703 2279 mens
1733 2221 1896 2278 velut
1949 2236 2144 2278 vacuo

484 2312 862 2370 obambulet.
904 2311 1060 2369 Nihil
1089 2312 1250 2369 enim
1280 2316 1391 2382 est,
1424 2311 1593 2385 quod
1638 2313 1791 2367 inter
1820 2312 1982 2385 ipsos
2024 2326 2147 2366 me-

485 2401 655 2457 dium
699 2401 999 2456 inseratur
1031 2417 1044 2456 :
1077 2416 1277 2473 neque
1315 2406 1528 2473 praeter
1567 2400 1834 2457 divinam
1864 2404 2143 2456 naturam

482 2490 608 2547 ulla
640 2489 759 2547 alia
796 2506 891 2546 res
935 2494 1023 2546 est
1051 2490 1405 2560 subsistens,
1436 2507 1571 2564 quae
1610 2491 1808 2565 ipsam
1858 2506 1893 2547 a
1944 2492 2146 2563 seipsa

484 2581 569 2637 rei
597 2580 807 2637 alienae
830 2580 1184 2653 interpositu
1212 2580 1479 2637 dividere
1500 2586 1712 2654 queat;
1742 2597 1937 2654 neque
1966 2580 2143 2653 spatii

487 2669 831 2743 cujuspiam
887 2685 1011 2725 non
1065 2669 1450 2726 subsistentis
1504 2669 1772 2726 vacuitas
1811 2669 2142 2739 intercedit,

485 2776 625 2834 quae
655 2759 874 2816 divinae
900 2760 1179 2816 essentiae
1200 2760 1581 2817 harmoniam
1609 2761 1875 2817 hiulcam
1906 2760 2142 2830 efﬁciat,

487 2850 846 2906 continuum
870 2849 1187 2921 interjectu
1207 2850 1385 2906 vacui
1414 2850 1725 2906 dirimens.
1766 2851 1880 2906 Sed
1906 2851 2011 2923 qui
2042 2852 2144 2907 Pa-

485 2942 640 2995 trem
680 2938 987 3003 intelle'xit,
1012 2943 1068 2996 et
1112 2956 1251 2996 eum
1293 2940 1355 2995 in
1401 2940 1604 3013 seipso
1630 2940 1937 3007 intellexit,
1972 2945 2029 2997 et
2057 2940 2142 2996 Fi~

483 3028 634 3084 lium
660 3028 847 3084 animi
872 3029 1257 3101 perceptione
1278 3029 1463 3085 simul
1489 3033 1577 3086 est
1614 3030 1986 3103 complexus.
2034 3030 2146 3095 Qui

487 3122 691 3175 autem
714 3118 982 3190 percepit
1004 3118 1244 3190 Filium,
1276 3135 1312 3174 a
1340 3119 1479 3175 Filio
1510 3119 1797 3192 Spiritum
1824 3136 1948 3175 non
1971 3135 2142 3192 sepa-
2175 3140 2215 3194 ς

485 3206 773 3274 ravit,sed
785 3212 1222 3279 consequenter
1232 3208 1478 3281 quidem
1495 3209 1833 3265 secundum
1846 3208 2140 3277 ordinem,

488 3298 808 3368 conjuncte
847 3312 989 3352 vero
1045 3297 1383 3353 secundum
1421 3303 1726 3365 naturam,
1756 3299 1933 3354 trium
1966 3298 2145 3355 simul

486 3385 841 3458 permistam
872 3386 934 3441 in
962 3386 1163 3458 seipso
1191 3386 1377 3443 ﬁdem
1420 3388 1732 3461 expressit.
1764 3392 1831 3446 Et
1871 3389 1975 3462 qui
2021 3389 2145 3462 Spi-

485 3475 668 3531 ritum
693 3478 931 3531 tantum
952 3474 1119 3544 dixit,
1159 3476 1619 3548 comprehendit
1649 3478 1828 3534 simul
1858 3479 1973 3535 hac
2006 3496 2145 3535 con-

485 3564 745 3620 fessione
767 3568 824 3620 et
853 3580 993 3620 eum
1032 3565 1206 3636 cujus
1237 3565 1487 3638 Spiritus
1518 3573 1624 3623 est.
1650 3570 1717 3624 Et
1753 3569 1897 3642 quia
1930 3569 2144 3626 Christi

485 3658 575 3711 est
601 3654 873 3728 Spiritus,
907 3658 964 3711 et
991 3670 1064 3711 ex
1094 3654 1235 3721 Deo,
1267 3657 1791 3729 quemadmodum
1821 3659 1962 3716 dicit
1992 3660 2141 3715 Pau-

480 3743 576 3800 lus
598 3744 646 3779 ²⁰
676 3762 688 3800 :
717 3748 784 3800 ut
808 3760 879 3800 ex
924 3749 1136 3801 catena
1174 3749 1512 3802 extremum
1558 3762 1748 3803 unum
1790 3748 1895 3821 qui
1931 3765 2144 3822 appre-

479 3832 712 3903 hendit,
754 3832 1009 3890 alterum
1049 3833 1231 3892 etiam
1274 3839 1609 3892 extremum
1652 3836 1829 3893 simul
1860 3838 2136 3907 attraxit;

482 3922 564 3979 ita
615 3923 720 3995 qui
777 3923 1059 3996 Spiritum
1099 3925 1357 3996 attraxit,
1416 3930 1481 3982 ut
1532 3926 1613 3983 ait
1658 3927 2040 4000 Propheta“,
2083 3933 2141 3985 et

480 4011 694 4068 Filium
725 4015 783 4067 et
824 4015 1057 4070 Patrem
1096 4030 1204 4086 per
1254 4018 1457 4087 ipsum
1509 4016 1691 4072 simul
1740 4018 1934 4075 traxit.
1983 4019 2132 4085 Quin

480 4099 664 4156 etiam
687 4099 901 4156 Filium
949 4102 999 4156 si
1027 4101 1162 4174 quis
1200 4119 1339 4159 vere
1370 4105 1855 4176 apprehenderit,
1888 4107 2136 4165 habebit

478 4204 618 4244 eum
648 4188 953 4259 utrinque,
982 4190 1123 4246 hinc
1171 4192 1421 4264 quidem
1461 4196 1697 4250 Patrem
1738 4212 1938 4264 suum,
1972 4198 2132 4256 illinc

473 4293 618 4334 vero
640 4277 925 4350 Spiritum
952 4281 1269 4352 proprium
1308 4297 1431 4337 una
1467 4297 1672 4337 secum
1703 4283 2128 4341 adducentem.

470 4370 675 4441 Neque
701 4366 863 4424 enim
890 4384 928 4424 ο,
956 4371 1125 4425 Patre
1163 4369 1269 4442 qui
1314 4386 1555 4443 semper
1601 4378 1687 4428 est
1730 4373 1790 4429 in
1825 4377 1994 4430 Patre
2026 4375 2128 4431 ab-

471 4457 667 4552 scindi
694 4457 944 4552 poterit,
970 4474 1168 4552 neque
1217 4476 1252 4515 a
1292 4460 1538 4552 proprio
1593 4462 1811 4552 Spiritu
1855 4481 2123 4538 unquam
2156 4496 2204 4552 Β

468 4546 818 4618 sejungatur
842 4547 948 4619 qui
984 4546 1045 4602 in
1075 4546 1209 4619 ipso
1252 4547 1431 4604 efﬁcit
1462 4550 1688 4606 omnia.
1717 4551 1993 4609 Similiter
2022 4571 2124 4611 aur

464 4638 585 4692 tem
615 4640 671 4692 et
696 4635 802 4709 qui
826 4639 1059 4692 Patrem
1088 4638 1330 4710 recepit,
1357 4638 1535 4694 simul
1556 4656 1799 4713 quoque
1830 4647 1888 4698 et
1909 4643 2123 4701 Filium

462 4730 519 4780 et
549 4726 834 4798 Spiritum
853 4729 1147 4798 potestate
1182 4728 1426 4801 recepit.
1445 4732 1572 4785 Non
1594 4730 1756 4786 enim
1778 4737 1973 4803 potest
1998 4734 2120 4791 ullo

459 4814 646 4871 modo
677 4816 859 4872 sectio
891 4820 996 4873 aut
1023 4817 1240 4874 divisio
1272 4819 1621 4889 excogitari,
1654 4820 1735 4876 ita
1782 4826 1843 4877 ut
1881 4828 1986 4880 aut
2035 4825 2118 4881 Fi-

454 4902 572 4959 lius
599 4904 832 4977 absque
868 4908 1038 4962 Patre
1079 4907 1463 4981 intelligatur,
1503 4915 1608 4967 aut
1638 4911 1890 4983 Spiritus
1920 4907 2118 4987 sejun-

456 4996 634 5065 gatur
679 5009 716 5049 a
752 4993 896 5050 Filio
930 5013 943 5050 :
973 4996 1080 5052 sed
1120 4997 1183 5053 in
1225 4998 1320 5055 his
1360 4999 1681 5057 ineffabilis
1721 5002 2007 5075 quaedam
2060 5008 2117 5062 et

525 5122 574 5156 ²⁰
600 5123 774 5179 Rom.
805 5136 927 5185 V111,
952 5125 1005 5177 9.
1083 5125 1128 5158 ²¹
1152 5124 1307 5192 Psal,
1336 5142 1522 5195 cxvui,
1563 5132 1684 5186 131.

520 5248 635 5330 (16)
686 5248 775 5330 ’ξζκ
820 5244 1375 5330 μηδεμιᾶς.ηῧϐθΐᾶι
1419 5253 1484 5309 in
1528 5254 1701 5311 editis
1756 5259 2108 5330 praepositio

445 5334 582 5391 quae
609 5319 926 5391 legiturin
957 5319 1244 5376 Omnibus
1274 5339 1424 5379 mss.

516 5391 626 5474 (μιᾷ)
668 5388 1134 5474 Παρμθῖεὸομένων.
1192 5395 1277 5449 Ita
1309 5409 1547 5474 omnes
1604 5414 1764 5474 mss._
1816 5404 1872 5456 et
1916 5404 2103 5474 "Nyss.

441 5460 1075 5546 Editi'rfupuélcé‘opévwv,
1112 5468 1363 5537 excepta
1392 5469 1597 5523 tamen
1628 5470 1886 5528 editione
1912 5460 2105 5546 Haga-

438 5537 655 5605 ηοεῃεὶ
682 5541 756 5605 οι,
772 5537 946 5593 Basil.
971 5537 1192 5605 prima.

510 5598 624 5670 (18)
666 5598 1089 5664 Ἀὂιάσπαστον.
1129 5607 1284 5665 Harl.
1319 5612 1376 5667 et
1406 5624 1561 5666 unus
1608 5626 1681 5669 ex
1710 5614 1905 5686 Regiis
1946 5614 2101 5673 ἀδιά-

2269 514 2359 563 καὶ
2391 507 2486 564 διὰ
2513 515 2700 565 τούτου
2751 513 2904 565 πάλιν
2934 519 3026 565 τοῦ
3059 517 3280 586 σημείου
3312 518 3401 567 καὶ
3450 515 3616 580 αύτός
3653 516 3875 583 ἰδιαζὸν-

2268 621 2369 663 τως
2416 601 2837 675 ἐπιγινώσκεται.
2900 605 3098 657 Τούτου
3159 603 3319 656 ἕνεκεν
3370 602 3435 656 ἓν
3479 613 3541 680 τῇ
3583 616 3676 670 τῆς
3706 610 3876 674 οὐσίας

2267 694 2530 749 κοινότητι
2579 690 2859 765 ἀσύμϐατά
2904 712 3065 765 φαμεν
3116 688 3245 745 εἶναι
3293 693 3384 746 καὶ
3450 693 3766 756 ἀκοινώνητα
3813 703 3873 754 τὰ

2267 779 2681 856 ἐπιθεωρούμενα
2817 778 3013 857 Τριάδι
3054 786 3435 858 γνωρίσματα,
3468 781 3540 838 δι’
3570 782 3636 838 ὧν
3677 790 3706 846 ἠ
3743 785 3870 842 ἰδιό-

2266 889 2362 930 της
2390 875 2715 945 παρίσταται
2765 880 2866 924 τῶν
2913 870 2961 923 ἐν
2993 879 3055 945 τῇ
3089 875 3270 925 πίστει
3297 870 3737 949 παραδεδομένων
3761 878 3861 950 (17)

2265 966 2577 1034 προσώπων,
2624 959 2847 1014 ἑκάστου
2890 968 2996 1022 τοῖς
3039 957 3197 1023 ἰδίοις
3225 967 3560 1037 γνωρίσμασι
3592 961 3855 1043 διακεκρι-

2265 1052 2423 1120 μένως
2473 1049 3037 1123 καταλαμϐανομένουο
3097 1054 3233 1103 ὥστε
3287 1047 3380 1103 δ’ιά
3436 1060 3535 1104 τῶν
3585 1054 3853 1127 εἰρημένων

2268 1142 2495 1210 σημείων
2554 1144 2611 1191 τό
2668 1144 3057 1214 κεχωρισμένον
3120 1148 3221 1193 τῶν
3278 1142 3616 1195 ὑποστάσεων
3678 1143 3858 1221 ἐξευρε-

2266 1229 2455 1286 θῆναι·
2515 1231 2651 1281 κατὰ
2708 1226 2767 1282 δὲ
2817 1232 2874 1282 1'6
2930 1232 3162 1305 ἄπειρον,
3215 1235 3306 1283 καὶ
3361 1229 3742 1301 ἀκατάληπτον,
3773 1238 3857 1288 καὶ

2262 1319 2319 1369 τό
2351 1315 2610 1380 ἀκτίστως
2642 1315 2791 1387 εἶναι,
2824 1323 2909 1372 καὶ
2943 1316 3134 1393 μηδενὶ
3173 1323 3316 1392 τόπῳ
3360 1320 3741 1397 περιειλῆφθαι,
3774 1328 3857 1376 καὶ

2260 1412 2394 1458 πᾶσι
2430 1414 2534 1467 τοῖς
2581 1410 2860 1477 τοιούτοις,
2922 1406 3187 1483 μηδεμίαν
3243 1406 3374 1462 εἶναι
3426 1409 3759 1485 παραλλαγὴν
3811 1410 3856 1465 ἐν

2258 1504 2318 1569 τῇ
2378 1498 2615 1568 ζωοποιῲ
2670 1500 2841 1570 φύσει,
2886 1496 2969 1551 ἐπὶ
3024 1502 3226 1575 Πατρός
3273 1497 3406 1571 λέγω
3452 1503 3543 1552 καὶ
3597 1502 3718 1553 Υὶοῦ
3774 1506 3856 1554 καὶ

2260 1588 2559 1659 Πνεύματος
2603 1587 2791 1658 ἁγίου*
2839 1586 2970 1641 ἀλλὰ
3020 1609 3138 1641 τινα
3192 1593 3390 1661 συνεχή
3464 1593 3554 1642 καὶ
3603 1586 3855 1644 ἀδιάσπα-

2261 1694 2382 1728 στον
2432 1676 2543 1749 (18)
2597 1682 2867 1729 κοινωνίαν
2911 1676 2959 1729 ἓν
3008 1679 3188 1741 αὐτοῖς
3242 1679 3571 1752 θεωρεῖσθαι.
3632 1685 3732 1733 Καὶ
3786 1676 3853 1733 δι’

2257 1765 2324 1816 ὧν
2366 1766 2427 1817 ἄν
2478 1786 2554 1827 τις
2600 1768 2871 1840 νοημάτων
2921 1771 2979 1820 τό
3029 1768 3299 1841 μεγαλεῖον
3344 1767 3455 1830 ἑνός
3502 1789 3639 1832 τινος
3683 1778 3779 1822 τῶν
3808 1767 3852 1821 ἔν

2256 1863 2317 1928 τῇ
2366 1853 2494 1928 ἀγία
2545 1854 2739 1929 Τριάδι
2794 1861 3180 1930 πιστευομένων
3225 1862 3584 1927 κατανοήσειε,
3619 1856 3711 1912 διὰ
3758 1867 3850 1912 τῶν

2254 1942 2423 1995 αὐτῶν
2490 1944 2894 2020 προσελεύσετ-αι
2952 1944 3365 2022 ἀπαραλλάκτως
3396 1989 3413 2015 ,
3486 1945 3570 2000 ἐπὶ
3638 1950 3849 2024 Πατρός,

2252 2036 2344 2085 καὶ
2391 2034 2536 2099 Υἰοῦ,
2588 2038 2679 2085 καὶ
2732 2036 3025 2106 Πνεύματος
3074 2034 3225 2107 ἁγίου
3278 2039 3370 2094 τὴν
3426 2031 3586 2099 δόξαν
3637 2034 3846 2109 βλέπων,

2254 2119 2303 2174 ἐν
2361 2118 2535 2174 οὐδενὶ
2575 2119 2918 2196 διαλείμματι
2973 2124 3168 2197 μεταξύ
3220 2127 3431 2200 Πατρός
3477 2129 3567 2179 καὶ
3614 2128 3733 2179 Υὶοῦ
3770 2130 3850 2179 καὶ

2255 2210 2405 2283 ἁγίου
2466 2214 2760 2285 Πνεύματος
2816 2220 2913 2275 τῆς
2970 2209 3204 2275 διανοίας
3251 2214 3849 2288 κενεμϐατούσης.Διότι

2254 2297 2407 2353 οὐδέν
2437 2298 2551 2353 ἐστι
2589 2305 2647 2353 τό
2681 2298 2775 2354 diu
2812 2306 2974 2376 μέσου
3030 2306 3223 2356 τούτων
3258 2309 3702 2380 παρενειρόμενον,
3745 2308 3848 2358 οὔτε

2252 2397 2475 2466 πρᾶγμα
2520 2393 2747 2463 ὑφεστὼς
2790 2391 2912 2444 ἀλλο
2965 2412 3017 2444 τι
3062 2395 3207 2467 παρά
3257 2397 3347 2451 τὴν
3383 2394 3529 2447 θείαν
3578 2397 3743 2467 φύσιν,
3784 2395 3845 2455 ὡς

2252 2481 2618 2556 καταμερίζειν
2673 2480 2832 2540 αὐτὴν
2882 2485 3011 2557 πρός
3064 2481 3251 2542 ἑαυτὴν
3294 2479 3389 2536 διὰ
3439 2493 3533 2546 τῆς
3575 2491 3666 2537 τοῦ
3716 2482 3846 2536 ἀλλο-

2254 2576 2397 2647 τρίου
2464 2581 2890 2647 παρεμπτώσεως
2957 2570 3262 2628 δύνασθαν·
3329 2579 3454 2631 οὔτε
3512 2572 3851 2650 διαστήματός

2253 2682 2391 2725 τινος
2424 2661 2788 2717 ἀνυποστάτου
2830 2668 3063 2735 κενότης,
3113 2669 3228 2727 ἣτις
3257 2669 3543 2738 κεχηνέναι
3588 2672 3722 2720 ποιεῖ
3762 2672 3850 2729 τῆς

2257 2753 2399 2814 θείας
2447 2752 2630 2816 ούσίας
2676 2758 2770 2813 την
2818 2756 2949 2828 πρὸς
2999 2754 3187 2813 ἑαυτὴν
3236 2755 3518 2831 ἁρμονίαν,
3568 2765 3629 2830 τῇ
3675 2775 3850 2830 παρεν-

2256 2842 2389 2915 θήκη
2418 2850 2510 2894 τοῦ
2548 2851 2695 2896 κενοῦ
2748 2846 2806 2896 τό
2853 2847 3071 2917 συνεχὲς
3105 2842 3519 2901 διαστέλλουσα.
3562 2844 3694 2900 Ἀλλ’
3723 2847 3747 2898 6
3772 2847 3851 2897 τὸν

2256 2935 2463 3007 Πατέρα
2508 2936 2705 2995 νοήσας
2753 2932 2909 2985 αὐτόν
2950 2953 3003 2986 τε
3060 2932 3135 3007 ἐφ’
3168 2933 3355 2986 ἑαυτοῦ
3402 2933 3609 3002 ἐνόησε,
3652 2939 3738 2988 καὶ
3773 2936 3850 2986 τόν

2252 3020 2373 3075 Υἰὸν
2400 3029 2461 3079 τῆ
2520 3017 2731 3094 διανοίᾳ
2770 3019 3227 3097 συμπαρεδέξατο.
3259 3023 3317 3075 Ὁ
3362 3019 3426 3078 δὲ
3466 3032 3645 3078 τοῦτον
3672 3023 3850 3093 λαϐὼν,

2252 3118 2346 3163 τοῦ
2392 3112 2515 3163 Υἰοῦ
2559 3114 2617 3163 τό
2658 3118 2867 3184 Πνεῦμα
2922 3112 3017 3164 ούκ
3045 3111 3375 3187 ἀπεμέρισε-θ,
3414 3113 3527 3167 ἀλλ’
3577 3112 3852 3174 ἀκολούθως

2254 3200 2343 3271 μὲν
2374 3200 2509 3251 κατά
2555 3203 2648 3257 τὴν
2690 3199 2857 3268 τάξιν,
2916 3205 3252 3275 συνημμένως
3301 3198 3360 3255 δὲ
3404 3206 3548 3256 κατά
3575 3206 3665 3263 τὴν
3709 3205 3850 3277 φύσιν

2252 3298 2352 3342 τῶν
2385 3298 2541 3365 τριῶν
2589 3294 2724 3343 κατά
2770 3295 2959 3345 ταυτὸν
3001 3297 3430 3369 συγκεκραμένην
3465 3294 3513 3349 ἐν
3561 3295 3723 3367 ἐαυτῷ
3766 3297 3851 3352 τὴν

2252 3383 2435 3432 πίστιν
2489 3377 2877 3436 ἀνετυπώσατο.
2924 3387 3025 3435 Καὶ
3078 3383 3103 3434 6
3147 3387 3206 3435 τό
3252 3390 3471 3456 Πνεῦμα
3510 3389 3661 3458 μόνον
3709 3383 3850 3436 εἰπὼν

2256 3468 2633 3544 συμπεριέλαϐε
2675 3479 2737 3544 τῇ
2795 3471 3047 3546 ὁμολογίᾳ
3083 3492 3248 3546 ταυτῃ
3298 3477 3391 3525 καὶ
3452 3477 3539 3528 τόν
3572 3475 3631 3527 οὔ
3662 3473 3771 3527 ἐστι
3798 3474 3851 3525 τό

2254 3566 2481 3632 Πνεῦμα.
2545 3558 2646 3612 Καὶ
2698 3558 2877 3619 ἐπειδὴ
2934 3569 3025 3614 τοῦ
3080 3569 3316 3636 Χριστοῦ
3368 3559 3490 3617 ἐστι
3536 3567 3594 3617 τό
3634 3570 3849 3635 Πνεῦμα,

2252 3655 2341 3701 καὶ
2371 3649 2428 3702 ἐκ
2457 3657 2549 3702 τοῦ
2581 3658 2736 3722 Θεοῦ,
2783 3652 2949 3713 καθώς
2998 3671 3158 3725 φησιν
3205 3654 3229 3704 6
3261 3651 3469 3717 Παῦλος
3499 3654 3646 3727 (19)·
3689 3655 3849 3725 ὥσπερ

2251 3737 2305 3802 ἐξ
2334 3738 2565 3801 ἁλύσεως
2608 3740 2632 3791 6
2672 3747 2764 3792 τοῦ
2813 3740 2921 3804 ἑνός
2966 3742 3129 3816 οἶκρου
3164 3740 3433 3816 ἁψάμενος
3478 3749 3569 3797 καὶ
3610 3743 3667 3797 τό
3696 3744 3851 3815 ἕτερον

2250 3830 2408 3904 ἄκρον
2455 3831 2907 3899 συνεπεσπάσατο,
2964 3831 3129 3894 οὕτως
3185 3832 3211 3883 6
3268 3834 3326 3884 1'6
3381 3839 3598 3908 Πνεῦμα
3625 3832 3846 3901 ἑλκύσας,

2246 3921 2421 3981 καθώς
2447 3938 2605 3992 φησιν
2639 3921 2664 3971 6
2696 3926 2995 3993 Προφήτης,
3028 3917 3100 3973 δι’
3129 3920 3290 3974 αὐτοῦ
3344 3927 3440 3976 καὶ
3492 3926 3577 3976 τόν
3617 3925 3730 3975 Υὶόν
3766 3924 3849 3973 καὶ

2244 4013 2331 4061 τόν
2360 4014 2567 4083 Πατέρα
2597 4008 3053 4082 συνεφειλκύσατο.
3088 4015 3188 4064 Καὶ
3220 4010 3264 4065 εἰ
3302 4014 3390 4064 τόν
3441 4015 3563 4066 Υἰόν
3608 4010 3847 4070 ἀληθινῶς

2244 4117 2325 4161 τις
2351 4097 2523 4161 λάϐοι,
2567 4097 2667 4161 ἔξει
2707 4099 2862 4151 αὐτόν
2904 4099 3236 4175 ἑκατέρωθεν,
3288 4104 3361 4159 πη
3415 4104 3510 4174 μὲν
3552 4104 3634 4155 τόν
3673 4100 3845 4153 ἑαυτοῦ

2243 4192 2468 4261 Πατέρα,
2503 4193 2575 4246 πη
2625 4184 2684 4240 δὲ
2731 4192 2789 4240 1'6
2822 4185 2960 4241 ἴδιον
2992 4196 3203 4263 Πνεῦμα
3243 4196 3674 4265 συνεπαγόμενον.
3718 4190 3843 4239 Οὔτε

2238 4280 2341 4351 γὰρ
2390 4285 2483 4329 τοῦ
2515 4280 2720 4352 Πατρός
2766 4280 2792 4330 6
2842 4276 2921 4331 ἀεὶ
2969 4276 3018 4331 ἐν
3061 4286 3134 4349 τῷ
3166 4283 3335 4355 Πατρὶ
3367 4279 3437 4331 ὢν
3487 4279 3835 4354 ἀποτμηθῆναι

2240 4364 2547 4439 δυνήσεται,
2591 4371 2707 4420 οὔτε
2756 4376 2847 4420 τοῦ
2883 4371 3184 4442 Πνεύματὸς
3231 4388 3356 4421 ποτε
3388 4365 3838 4442 διαζευχθήσεται

2236 4464 2327 4508 τοῦ
2358 4453 2499 4508 ἰδίου
2545 4458 2571 4508 6
2615 4459 2786 4509 πάντα
2824 4456 2870 4509 ἐν
2902 4457 3043 4530 αύτῷ
3085 4456 3318 4531 ἐνεργῶν.
3346 4457 3619 4521 Ὡσαύτως
3668 4453 3723 4510 δε
3757 4458 3841 4507 καὶ

2236 4548 2260 4597 6
2289 4550 2375 4598 τόν
2421 4550 2629 4621 Πατέρα
2674 4543 2951 4620 δεξάμενος
2980 4552 3069 4600 καὶ
3119 4550 3206 4600 τόν
3255 4550 3374 4601 Υὶόν
3424 4554 3517 4602 καὶ
3554 4552 3610 4602 τό
3643 4552 3843 4617 Πνεῦμα

2234 4632 2667 4710 συμπαρεδέξατο
2699 4645 2760 4710 τῇ
2808 4634 3048 4710 δυνάμει.
3096 4636 3171 4689 Ού
3220 4639 3321 4713 γὰρ
3377 4640 3524 4690 ἔστιν
3575 4636 3842 4693 ἐπινοῆσαι

2229 4730 2393 4799 τομὴν
2451 4726 2480 4785 ἦ
2543 4722 2804 4801 διαίρεσιν
2849 4727 2963 4779 κατ’
3010 4723 3201 4779 ούὸένα
3250 4731 3461 4802 τρόπον,
3519 4728 3588 4790 ὡς
3638 4727 3667 4785 ἦ
3727 4726 3839 4777 Υἱὸν

2227 4820 2396 4890 χωρὶς
2424 4819 2633 4891 Πατρός
2660 4818 2930 4888 νοηθῆναι,
2967 4818 2996 4876 ἦ
3046 4819 3103 4868 1'6
3158 4823 3367 4890 Πνεῦμα
3416 4824 3509 4869 τοῦ
3552 4818 3675 4870 Υἰοῦ
3729 4811 3840 4867 δια-

2230 4904 2558 4976 ζευχθῆναι·
2616 4904 2745 4958 ἀλλά
2800 4926 2880 4967 τις
2946 4905 3175 4981 ἄῤῥητος
3234 4912 3325 4959 καὶ
3388 4906 3742 4965 ἀκατανὸητος
3792 4902 3837 4954 ἐν

2226 4997 2429 5059 τούτοις
2468 4994 2918 5069 καταλαμϐάνεται
2955 5001 3046 5049 καὶ
3079 4998 3108 5055 ἡ
3154 5001 3398 5051 κοινωνία
3435 5000 3527 5049 καὶ
3557 4998 3587 5056 ἡ
3625 4991 3869 5069 διάκρι-¹

2224 5283 2433 5320 στατον.

2291 5336 2400 5409 (19)
2438 5336 2496 5388 '0
2544 5335 2766 5399 Παῦλος.
2812 5337 2971 5394 Harl.
3018 5343 3075 5395 et
3103 5342 3219 5394 tres
3268 5337 3367 5394 alii
3414 5334 3823 5409 6A’A7réa'1'oipc.

2219 5405 2400 5481 Paulo
2426 5414 2563 5481 post
2587 5408 2838 5481 quidam
2869 5426 3015 5465 mss.
3041 5416 3131 5463 xui
3156 5414 3242 5463 τόν
3273 5412 3393 5463 Υὶὸν
3417 5407 3630 5470 ἀληθῶς
3658 5405 3826 5459 λάϐοι.

2219 5423 2563 5535 PaUIOJJOSt
2587 5423 2838 5481 quxaam
2869 5426 3015 5465 mss.
3041 5423 3131 5463 xui
3156 5423 3242 5463 τόν
3275 5423 3393 5463 Υιον
3417 5423 3512 5465 αΑη
3527 5423 3630 5470 ma;
3659 5423 3825 5459 Ααδοι.

2214 5480 2344 5563 ltiox
2372 5495 2403 5535 e
2452 5480 2516 5563 i_ti_
2544 5482 2779 5563 T6_d'7iov
2821 5489 3050 5554 Πνεῦμα.
3095 5485 3332 5555 Septem
3362 5496 3506 5539 mss.
3544 5483 3603 5536 et
3653 5481 3825 5547 Greg.

2213 5552 2386 5623 Nyss.
2416 5559 2485 5608 ut
2502 5552 2564 5609 in
2596 5557 2780 5610 textu.
