4114 6398
307 311 420 369 333

1297 273 1795 371 EPISTOLARUM
1824 310 2105 370 CLASSIS
2134 310 2178 370 ι.
2215 313 2443 372 EPIST.
2476 315 2763 376 XXXVIII.

3610 326 3716 384 33i-

316 458 431 509 σις,
489 437 609 491 οὔτε
673 445 771 500 τῆς
827 446 934 492 τῶν
1000 438 1341 493 ὑποστάσιων
1397 435 1657 515 διαφορᾶς
1733 441 1792 492 1'6
1850 446 1942 500 τῆς

2060 435 2688 512 incomprehensibilis
2717 444 3188 518 deprehenditur
3246 449 3373 503 tum
3430 447 3711 523 societas,

315 532 537 603 φύσεως
581 531 806 601 συνεχὴς
860 524 1202 599 ὃιασπώσης,
1269 532 1386 582 οὔτε
1429 537 1523 590 τῆς
1572 529 1706 582 κατά
1733 531 1827 587 τήν
1857 526 1944 580 οὐ·

318 622 448 672 σίαν
494 621 797 678 κοινότητος
846 621 907 671 τὸ
968 614 1175 680 ἰδιάζον
1239 625 1337 671 τῶν
1393 620 1772 694 γνωρισμάτων
1821 616 1944 689 ἀνα-

317 710 574 781 χεούσης
602 709 743 779 (20).
785 711 873 766 Μὴ
931 708 1212 781 θαυμάσῃς
1264 704 1342 779 δὲ,
1375 707 1494 761 εἰτὸ
1536 708 1663 761 αὐτὸ
1693 712 1784 761 καὶ
1814 726 1943 760 συν-

322 801 565 872 ημμένον
631 801 722 850 καὶ.
788 794 1182 873 διακεκριμένον
1237 797 1366 851 εἶναί
1424 817 1607 872 φαμεν,
1656 802 1748 851 καί
1827 817 1945 850 τινα

320 888 659 961 ἐπινοοῦμεν,
719 889 892 962 ὥσπερ
944 887 992 940 ἐν
1049 889 1343 962 αἰνίγματι,
1401 893 1583 948 καινὴν
1634 893 1725 941 καὶ
1774 890 1943 962 παρά-

324 977 489 1043 δοξον
546 976 823 1055 διάκρισίν
880 998 935 1033 τε
974 984 1326 1053 συνημμένην,
1386 983 1475 1032 καὶ
1541 976 1940 1054 διακεκριμένην

325 1071 647 1141 συνάφεια-ν.
710 1069 771 1121 Εἰ
806 1088 908 1145 γαρ
962 1074 1033 1142 μή
1072 1089 1155 1131 τις
1201 1073 1478 1146 ἐριστικῶς
1529 1074 1620 1122 καὶ
1658 1074 1789 1146 πρὸς
1845 1069 1940 1123 ἐπ-

322 1165 511 1233 ήρειαν
556 1159 745 1211 ἀκούοι
789 1158 904 1231 (21)
962 1166 1055 1211 τοῦ
1096 1159 1275 1231 λόγου,
1315 1164 1406 1212 καὶ
1456 1158 1506 1212 ἓν
1533 1166 1643 1223 τοῖς
1672 1159 1944 1222 αἰσθητοῖς

333 1245 557 1302 δυνατόν
584 1246 702 1301 ἐστι
739 1252 799 1300 το
826 1255 1059 1302 τοιοῦτον
1089 1250 1270 1324 εὑρεῖν.

418 1540 469 1591 5.
500 1538 599 1588 Καί
644 1553 748 1606 μου
808 1530 1032 1596 δέξασθε
1085 1538 1172 1587 τὸν
1210 1534 1383 1607 λόγον,
1438 1539 1508 1598 ὼς
1533 1531 1835 1609 ὑπόδειγμα
1856 1539 1948 1589 καὶ

344 1626 492 1677 σκιὰν
550 1622 819 1691 ἀληθείας,
885 1623 991 1697 οὐχ
1066 1626 1134 1687 ὡς
1219 1623 1382 1683 αὐτὴν
1434 1633 1533 1676 τῶν
1624 1627 1947 1698 πραγμάτων

338 1713 604 1775 ἀλήθειαν,
677 1712 753 1766 Οὐ
805 1714 907 1787 γὰρ
936 1709 1159 1766 δυνατόν
1199 1712 1316 1766 ἐστι
1362 1709 1456 1766 διὰ
1475 1714 1681 1766 πάντων
1711 1714 1946 1790 ἐφαρμο-

2047 530 2176 584 tum
2207 528 2535 599 distinctio,
2565 548 2762 607 neque
2794 534 3215 608 hypostasewn
3238 535 3577 597 differentia
3595 556 3706 599 na-

2051 621 2200 674 turte
2249 621 2744 692 conjunctionem
2792 623 3127 693 divellente,
3176 640 3377 699 neque
3432 630 3710 687 essentia:

2051 709 2461 767 communitate
2472 711 2826 769 indiciorum
2840 716 3269 786 proprietatem
3283 716 3712 776 confundente.

2051 796 2133 852 Ne
2162 798 2397 855 mireris
2418 805 2622 857 autem
2648 802 2697 857 si
2720 802 2886 858 idem
2907 807 2959 859 et
2975 804 3369 875 conjunctum
3391 810 3448 862 et
3487 806 3708 865 discre-

2049 890 2177 942 tum
2204 903 2337 945 esse
2357 888 2636 961 dicimus,
2656 896 2714 949 et
2732 893 3070 964 quamdam
3091 894 3453 966 cogitamus,
3467 896 3632 953 velut
3652 897 3716 955 in

2051 976 2388 1047 aenigmate,
2412 994 2640 1037 novam
2679 983 2853 1054 119
2912 986 2970 1038 et
3014 982 3443 1041 admirabilem
3496 985 3719 1044 discre-

2048 1068 2274 1123 tionem
2304 1070 2716 1141 conjunctam,
2741 1077 2799 1129 et
2825 1072 3316 1144 conjunctionem
3368 1075 3712 1134 discretam.

2052 1157 2284 1214 Etenim
2315 1158 2365 1214 si
2390 1159 2526 1231 quis
2556 1176 2683 1217 non
2711 1177 2786 1217 ex
2817 1161 3224 1219 contendendi
3245 1167 3304 1220 et
3332 1164 3713 1223 calumnian-

2052 1246 2115 1302 di
2133 1247 2334 1303 studio
2358 1263 2705 1306 sermonem
2734 1250 2904 1308 audit
2933 1255 3133 1324 potest
3161 1251 3345 1309 etiam
3373 1253 3436 1310 in
3502 1255 3712 1327 rebus,

2052 1351 2191 1409 qua:
2237 1352 2426 1395 sensu
2481 1339 2915 1414 percipiuntur,
2968 1341 3267 1414 quiddam
3326 1342 3519 1401 simile
3548 1344 3713 1402 inve-

2053 1440 2169 1482 nll'l
2181 1468 2194 1481 .

2127 1520 2179 1572 5.
2198 1519 2281 1572 Ac
2318 1517 2503 1575 verba
2521 1517 2770 1590 quidem
2799 1534 2938 1576 mea
2963 1519 3240 1593 accipite,
3263 1523 3330 1578 ut
3361 1523 3715 1595 exemplum

2057 1608 2114 1661 et
2138 1605 2421 1663 umbram
2449 1608 2737 1681 veritatis,
2770 1624 2896 1666 non
2925 1613 2992 1666 ut
3017 1609 3219 1683 ipsam
3248 1626 3452 1668 rerum
3499 1612 3718 1670 verita-

2057 1699 2196 1752 tem.
2252 1699 2381 1753 Non
2423 1697 2586 1754 enim
2630 1698 2761 1755 ﬁeri
2814 1703 3029 1772 potest,
3088 1704 3155 1757 ut
3184 1701 3434 1759 omnino
3460 1703 3720 1775 quadret

331 1806 530 1863 σθῆναι
568 1806 627 1856 τὸ
683 1802 733 1855 ἐν
787 1784 897 1865 τοῖς
927 1798 1289 1876 ὐποδείγμασι
1314 1804 1657 1877 θεωρούμενον
1686 1784 1797 1868 τοῖς
1810 1784 1944 1880 ’πρὸς

2056 1784 2120 1841 id
2148 1786 2317 1857 quod
2338 1786 2402 1842 in
2432 1787 2723 1880 exemplis
2745 1787 3151 1880 speculamur,
3185 1806 3326 1847 cum
3346 1791 3442 1859 iis,
3477 1791 3554 1848 ad
3579 1808 3715 1866 quae

322 1893 410 1952 ἂή
454 1901 560 1945 τῶν
616 1887 1019 1964 ὑποδειγμάτων
1081 1896 1237 1967 χρεία
1262 1892 1741 1968 παραλαμϐάνεται.
1787 1895 1949 1947 Πόθεν

324 1979 414 2036 οὖν
478 2001 647 2056 φαμεν
705 1984 764 2034 τὸ
817 1978 1209 2055 διακεκριμένον
1266 1981 1377 2056 άμα
1433 1986 1523 2035 καὶ
1574 1985 1790 2057 συναφὲς
1833 1983 1950 2056 (22)

327 2070 511 2124 ἐκτῶν
568 2072 705 2123 κατὰ
752 2074 844 2129 τὴν
905 2072 1159 2129 αἴσθησιν
1213 2073 1340 2144 ἡμῖν
1368 2076 1788 2146 προφαινομένων
1819 2070 1947 2124 ἀνα-

322 2161 694 2234 ).ογίζεσθαι;
744 2157 887 2219 Ἤδη
945 2163 1071 2213 ποτε
1112 2168 1204 2213 τοῦ
1256 2159 1303 2213 ἐν
1355 2168 1415 2234 τῇ
1464 2160 1639 2235 νεφέλη
1672 2161 1825 2224 τόξου
1853 2165 1947 2220 τὴν

319 2248 655 2325 λαμπηδόνα
710 2252 849 2303 κατά
914 2253 973 2303 τὸ
1032 2252 1118 2326 ἔαρ
1166 2251 1432 2304 τεθέασαι·
1494 2248 1654 2304 ἐκεῖνο
1709 2250 1840 2323 λέγω
1886 2253 1947 2304 τὸ
2008 2295 2015 2301 .

320 2342 502 2413 τόξον,
564 2342 688 2414 ὅπερ
747 2342 774 2393 ό
820 2344 990 2402 κοινός
1054 2338 1206 2413 λόγος
1239 2341 1340 2416 ἶριν
1380 2342 1553 2393 εἴωθεν
1586 2339 1943 2414 ἐπονομάζειν

322 2433 349 2484 ὃ
380 2450 548 2505 φασιν
604 2434 653 2483 οί
709 2434 830 2505 περὶ
872 2437 1040 2483 ταῦτα
1069 2425 1231 2483 δεινοὶ
1260 2433 1377 2483 τότε
1410 2431 1789 2501 συνίστασθαι,
1824 2432 1946 2483 ὅταν

325 2521 723 2595 ἀνακεκραμὴη
778 2539 859 2582 τις
912 2528 942 2594 ᾗ
1003 2524 1133 2596 πρὸς
1183 2524 1272 2573 τὸν
1312 2518 1439 2594 ἀέρα
1492 2525 1653 2589 νοτὶς,
1701 2529 1795 2584 τῆς
1843 2530 1945 2574 τῶν

326 2614 638 2684 πνευμάτων
695 2608 818 2683 βίας
869 2613 928 2663 τό
988 2608 1037 2662 ἐν
1092 2616 1198 2671 τοῖς
1240 2608 1424 2683 ἀτμοῖς
1462 2611 1621 2684 ὑγρόν
1651 2615 1741 2663 καὶ
1768 2614 1942 2684 παχὺ,

328 2698 553 2774 νεφὼδες
580 2698 691 2760 ἤδη
731 2704 1019 2773 γενόμενον,
1053 2700 1119 2761 εἰς
1167 2701 1311 2753 ὑετόν
1344 2699 1753 2764 ἀποθλιϐοὐσης.
1815 2707 1946 2753 Συν-

324 2792 590 2844 ίστασθαι
637 2786 699 2842 δὲ
748 2788 994 2861 λέγουσιν
1050 2797 1232 2853 οῡτῶς.
1290 2785 1536 2843 Ἐπειδὰν
1585 2793 1615 2849 ἠ
1661 2796 1754 2843 τοῦ
1792 2790 1945 2850 ἡλίου

327 2880 486 2942 ἀκτὶς
538 2882 672 2932 κατὰ
709 2883 768 2933 1'6
824 2879 1049 2951 πλάγιον
1098 2876 1493 2955 ὑποδραμοῦσα
1539 2882 1598 2932 τὸ
1648 2879 1844 2933 πυκνὸν
1892 2899 1947 2933 τι

334 2974 436 3022 καὶ
500 2972 768 3044 συνηρεφὲς
820 2977 920 3031 τῆς
946 2974 1236 3043 νεφώσιως,
1270 2976 1380 3022 εἶτα
1415 2971 1552 3022 κατὰ
1575 2972 1635 3022 1'6
1665 2970 1787 3023 εὐθὺ
1809 2970 1946 3043 νέφει

330 3065 443 3113 τινῖ
490 3062 577 3111 τόν
622 3055 755 3112 ἴδιον
807 3058 997 3112 κύκλον
1055 3058 1474 3133 ἐναπερείσηται,
1528 3060 1634 3112 οἷόν
1654 3079 1733 3122 τις
1757 3065 1941 3134 καμπὴ

328 3154 424 3203 καὶ
482 3145 731 3210 ἐπάνοδος
783 3155 876 3201 τοῦ
928 3150 1098 3222 φωτός
1171 3152 1305 3222 πρὸς
1350 3152 1503 3203 ἐαυτό
1557 3154 1780 3221 γίνεται,
1851 3158 2014 3224 τῇςα

322 3242 502 3311 αὐγῆς
538 3241 673 3314 πρός
700 3241 759 3292 1'6
790 3239 1010 3312 ἔμπαλιν
1032 3236 1133 3291 ἀπὸ
1172 3246 1265 3292 τοῦ
1308 3238 1472 3314 ὑγροῦ
1533 3259 1589 3292 τε
1648 3244 1739 3293 καὶ
1793 3240 1942 3293 στίλ-

320 3328 513 3392 ϐοντος
534 3327 868 3391 ἀναλυούσης
896 3331 1030 3400 (23).
1065 3324 1281 3387 Ἐπειδή
1315 3329 1417 3402 γὰρ
1450 3331 1607 3403 φύσις
1658 3327 1772 3383 ἐστὶ
1826 3337 1944 3394 ταῖς

319 3415 625 3492 φλογώδεσι
670 3424 1061 3493 μαρμαρυγαῖς,
1117 3420 1161 3471 εἰ
1207 3438 1308 3471 τινι
1396 3423 1512 3492 λείῳ
1569 3423 1937 3494 προσπέσοιεν,

316 3512 451 3584 πρὸς
495 3508 688 3571 ἑαυτὰς
742 3508 898 3561 πάλιν
958 3506 1369 3576 ἐπανακλᾶσθαι,
1429 3508 1732 3585 κυκλοτερὲς
1759 3506 1818 3562 δὲ
1846 3517 1938 3563 τοῦ

316 3597 474 3656 ἡλίου
524 3601 585 3651 1'6
638 3606 853 3670 σχῆμα,
905 3600 962 3650 τὸ
1014 3593 1107 3650 διὰ
1143 3605 1235 3658 τῆς
1284 3596 1489 3659 ἀκτῖνος
1528 3597 1576 3650 ἐν
1604 3607 1685 3670 πῷ
1711 3599 1855 3672 ὑγρῷ
1885 3619 1939 3652 τε

318 3692 415 3740 καὶ
464 3687 591 3760 λείῳ
648 3694 742 3739 τοῦ
793 3685 942 3761 ἀέρος
983 3691 1265 3760 γινόμενον·
1327 3685 1382 3751 ἐξ
1434 3686 1671 3760 ἀνάγκης
1723 3692 1936 3742 κατὰτὸ

322 3786 526 3851 σχῆμα
568 3785 662 3830 τοῦ
714 3776 937 3836 ἡλιακοῦ
991 3776 1183 3830 κύκλου
1250 3781 1339 3830 καὶ
1393 3780 1419 3829 6
1467 3783 1845 3854 παρακείμενος
1864 3787 1937 3851 τῷ

319 3872 460 3941 νέφει
525 3865 629 3944 ἀὴρ
679 3863 775 3920 διά
823 3875 918 3930 τῆς
991 3864 1416 3929 ἀποστιλϐούσης
1480 3867 1649 3940 αὐγῆς
1690 3870 1936 3944 περιγρά-

321 3975 494 4030 φεται·
552 3956 696 4030 Αὕτη
754 3960 927 4009 τοίνυν
979 3958 1009 4016 ἠ
1066 3956 1201 4029 αὐγὴ
1248 3960 1337 4009 καὶ
1398 3962 1630 4030 συνεχής
1664 3956 1938 4032 ἐστιπρὸς

323 4046 538 4116 ἑαυτὴν,
608 4052 703 4099 καὶ
761 4042 1036 4121 διῄρηται.
1077 4046 1386 4123 Πολύχροος
1417 4046 1531 4118 (24)
1557 4048 1658 4122 γάρ
1694 4066 1771 4109 τις
1802 4054 1937 4101 οῦσα

326 4142 419 4190 καὶ
464 4134 766 4204 πολυειδὴς,
816 4135 1023 4210 ἀφανῶς
1072 4145 1179 4200 τοῖς
1206 4137 1460 4201 ποίκίλοις
1490 4138 1671 4190 ἄνθεσι
1703 4145 1797 4200 τῆς
1837 4136 1936 4211 βα-

325 4236 428 4300 φῆς
480 4230 609 4303 πρὸς
670 4226 858 4284 ἑαυτὴν
902 4232 1283 4300 κατακιρνᾶται
1339 4233 1439 4278 τῶν
1492 4224 1933 4302 ἐτεροχροούντων

317 4322 415 4377 τὴν
464 4321 596 4393 πρὸς
635 4315 836 4373 ἄλληλα
896 4314 1163 4389 συμϐολὴν
1209 4315 1265 4368 ἐκ
1295 4322 1396 4368 τῶν
1423 4315 1588 4387 ὄψεων
1613 4318 1760 4389 ἡμῶν
1798 4319 1934 4370 κατά

315 4410 374 4460 τὸ
413 4406 632 4467 λεληθὸς
675 4405 1090 4458 ὑποκλέπτουσα·
1159 4408 1225 4466 ὡς
1274 4409 1347 4479 μὴ
1425 4404 1485 4457 ἂν
1546 4404 1934 4478 ἐπιγνωσθῆναι

317 4504 410 4550 τοῦ
460 4495 702 4568 γλαυκοῦ
745 4499 873 4571 πρός
920 4499 981 4548 1'6
1019 4497 1285 4570 πυραυγὲς
1330 4497 1418 4547 τὸν
1447 4491 1540 4548 διὰ
1583 4499 1745 4569 μέσου
1776 4500 1932 4549 τόπον
1966 4520 2010 4575 D

315 4590 408 4640 τόν
435 4588 731 4660 μιγνύοντα
754 4583 866 4657 ('25)
904 4581 941 4637 δ
946 4584 978 4637 ι’
1012 4581 1200 4638 ἑαυτοῦ
1228 4589 1321 4637 καὶ
1345 4585 1653 4660 χωρίζοντα
1680 4589 1775 4644 τὴν
1831 4594 1931 4639 τῶν

315 4683 505 4754 χροῶν
567 4674 867 4750 ἑτερότητα,
920 4680 952 4734 ἤ
1016 4682 1109 4727 τοῦ
1161 4677 1619 4749 πυραυγοῦςπρός
1642 4677 1701 4727 τὸ
1733 4680 1929 4749 ωορφύ-

390 4804 515 4873 (20)
552 4799 935 4873 Ἀναχεούσηςο
980 4800 1144 4855 Unus
1175 4802 1317 4869 Reg.
1346 4801 1706 4871 συγχεούσης.
1753 4798 1936 4858 Paulo

316 4871 611 4949 postdup
641 4888 787 4949 mss.
816 4872 1067 4949 57901119.“
1143 4942 1157 4949 _
1265 4905 1268 4916 ι

374 4950 511 5075 1(ξι)
569 4944 800 4999 Ἀκούοι.
848 4941 952 5001 ἐἷο
1025 4942 1181 4999 Harl.
1231 4947 1289 4999 et
1330 4941 1504 4998 Coisl.
1534 4942 1768 5014 primus
1796 4959 1936 5000 cum

375 5018 387 5028 ’
446 5032 518 5072 us
546 5015 866 5072 aliis.Editi
897 5012 1287 5075 ἀκούει.ΝῩ85.
1318 5012 1579 5067 ἀκούοιτο.
1615 5013 1936 5075 Aliquanto

318 5012 518 5075 tribus
546 5015 866 5087 aliis.Editi
897 5012 1287 5087 auxerit-guNyss.
1312 5012 1579 5087 amoma.
1615 5013 1936 5087 Aliquanto

322 5089 479 5146 infra
500 5103 629 5145 non
658 5086 820 5159 male
844 5087 907 5142 in
946 5085 1176 5159 eodem
1222 5085 1395 5159 Coisl.
1437 5086 1609 5142 deest
1660 5085 1769 5147 τοῖς
1798 5090 1938 5159 post

327 5163 696 5236 θεωρούμενον.
722 5158 961 5236 Ibidem
996 5157 1120 5213 duo
1152 5174 1296 5236 mss.
1333 5156 1752 5236 ἐφρρμόσασθαι.

394 5228 532 5305 (ΞΞῙ
574 5235 821 5306 Συναφές.
878 5232 1013 5285 Haec
1071 5228 1645 5306 scriptura'codicis
1669 5228 1832 5286 Harl.
1881 5231 1940 5306 et

324 5301 575 5364 duorum
609 5301 758 5376 Reg.
790 5303 979 5376 longe
1000 5301 1371 5376 praeferenda
1406 5301 1660 5376 vulgatae
1688 5305 1935 5376 συμφυές.

330 5322 575 5364 uuorum
609 5322 758 5376 heg.
790 5322 979 5371 longe
1000 5322 1371 5373 prwierenua
1407 5322 1660 5371 VUlgalw
1688 5322 1752 5354 συ
1800 5322 1935 5374 φυες.

330 5378 783 5455 Πῐιιωῄᾳυίάθρ]
817 5375 939 5430 hac
966 5387 1115 5455 voce
1145 5372 1395 5455 Basilius
1415 5372 1528 5454 sub
1549 5371 1733 5428 ﬁnem
1755 5322 1936 5444 ﬁujus

326 5447 592 5523 epistolae;
619 5449 738 5509 sed
753 5460 951 5523 eam,
972 5447 1036 5498 ut
1058 5459 1173 5523 sua
1202 5447 1416 5523 sponte
1445 5447 1647 5523 minus
1660 5459 1916 5523 commto

325 5511 477 5599 dam,
494 5511 649 5586 lenit
684 5511 996 5599 addendo
1023 5514 1201 5599 οὶονείλ
1227 5511 1412 5598 Paulo
1440 5520 1580 5599 post
1607 5514 1749 5599 editi
1769 5515 1814 5568 εὶ
1843 5511 1941 5599 δὴτ

321 5586 605 5663 ποτε.Ἰ)υο
656 5609 833 5655 mss.
897 5587 945 5641 εἰ
988 5604 1129 5643 ποτε.
1163 5586 1565 5659 Quinque‘alii
1588 5592 1646 5644 et
1673 5590 1850 5661 Nyss.
1878 5591 1943 5645 ut

307 5670 358 5734 in
384 5681 566 5739 textu.

2061 1890 2209 1930 usus
2235 1876 2653 1949 exemplorum
2675 1877 3021 1937 adhibetur.
3052 1880 3219 1936 Unde
3242 1880 3425 1950 igitur
3454 1880 3717 1939 dicimus

2057 1962 2382 2021 discretum
2413 1966 2594 2022 simul
2622 1970 2680 2023 et
2692 1968 3087 2039 conjunctum
3112 1984 3187 2025 ex
3214 1969 3309 2040 iis,
3331 1985 3469 2042 quae
3494 1971 3719 2027 nostris

2056 2054 2339 2110 sensibus
2368 2055 2701 2128 conspicua
2725 2061 2885 2126 sunt,
2918 2058 3210 2130 spectari?
3221 2058 3252 2111 J
3259 2075 3357 2115 am
3380 2058 3525 2116 olim
3539 2075 3718 2116 arcus

2053 2143 2115 2200 in
2140 2145 2303 2201 nube
2332 2145 2718 2218 splendorem
2745 2162 2933 2203 verno
2952 2150 3223 2221 tempore
3250 2148 3475 2218 vidisti;
3507 2165 3719 2208 arcum

2053 2235 2225 2292 illum
2245 2235 2399 2307 dico,
2433 2252 2618 2309 quem
2644 2238 2986 2294 communis
3011 2238 3305 2311 loquendi
3333 2255 3481 2295 usus
3501 2239 3719 2298 iridem

2055 2340 2274 2381 vocare
2328 2327 2682 2383 consuevit:
2741 2342 2927 2399 quem
2993 2327 3245 2399 quidem
3271 2327 3493 2384 harum
3514 2344 3720 2388 rerum

2054 2414 2225 2486 periti
2249 2414 2458 2473 dicunt
2482 2415 2753 2484 conﬂari,
2777 2419 2907 2472 tum
2937 2432 3080 2473 cum
3109 2416 3477 2474 admiscetur
3498 2417 3721 2476 humor

2056 2502 2275 2577 aliquis
2306 2505 2431 2561 aeri
2465 2498 2571 2573 ;'vi
2603 2510 2922 2562 ventorum
2946 2505 3010 2561 id
3037 2506 3208 2580 quod
3270 2506 3331 2563 in
3384 2507 3722 2580 vaporibus

2053 2593 2379 2650 humidum
2405 2610 2478 2650 ac
2498 2610 2773 2651 crassum
2791 2594 3173 2651 esteﬂ‘ectum
3181 2595 3311 2668 jam
3327 2594 3719 2667 nebulosum,

2051 2683 2116 2738 in
2142 2682 2415 2755 pluviam
2427 2685 2801 2756 exprimente
2827 2683 3502 2742 acresolvente.Ferunt
3517 2689 3721 2744 autem

2052 2771 2182 2827 ﬁeri
2209 2772 2323 2828 hoc
2350 2773 2559 2829 modo.
2596 2772 2704 2829 Ubi
2732 2772 2873 2829 solis
2888 2773 3096 2829 radius
3126 2773 3371 2847 oblique
3385 2773 3448 2831 id
3464 2774 3633 2848 quod
3655 2775 3721 2832 in

2050 2860 2278 2919 nebula
2307 2861 2567 2918 densum
2599 2866 2657 2918 et
2680 2877 2947 2934 opacum
2976 2866 3084 2933 est,
3115 2863 3475 2935 penetravit,
3497 2863 3718 2921 deinde

2050 2954 2215 3006 recta
2243 2950 2455 3007 orbem
2488 2966 2671 3007 suum
2696 2950 2760 3007 in
2790 2950 2997 3024 aliqua
3024 2949 3188 3007 nube
3207 2951 3514 3024 impressit
3541 2970 3555 3021 ;
3587 2953 3719 3026 qui-

2050 3038 2197 3097 dam
2248 3040 2496 3097 luminis
2545 3040 2726 3113 quasi
2775 3055 3167 3114 repercussus
3232 3056 3303 3098 ac
3348 3041 3580 3097 reditus
3633 3041 3716 3099 ad

2052 3131 2321 3203 seipsum
2373 3130 2461 3201 ﬁt,
2513 3129 2837 3203 splendore
2884 3130 2964 3187 ab
3002 3146 3074 3188 eo
3100 3130 3268 3204 quod
3299 3130 3627 3188 humidum
3657 3135 3715 3190 et

2052 3222 2245 3278 nitens
2265 3228 2355 3279 est
2378 3222 2745 3279 contrariam
2764 3222 3094 3295 in‘partem
3146 3221 3371 3279 reﬂexo
3383 3265 3396 3279 .
3412 3222 3713 3289 Quoniam

2050 3313 2215 3368 enim
2247 3327 2318 3368 ea
2346 3313 2502 3369 inest
2530 3311 2834 3369 ﬂammeis
2859 3311 3198 3383 fulgoribus
3218 3317 3457 3384 natura,
3489 3319 3556 3370 ut
3577 3313 3712 3371 siin

2047 3418 2178 3459 rem
2208 3403 2568 3477 quampiam
2589 3403 2804 3460 laevem
2824 3403 3167 3469 inciderint,
3181 3403 3711 3462 rursusreﬂectan—

2049 3495 2143 3549 tur
2172 3492 2252 3548 ad
2274 3491 2656 3564 semetipsos,
2679 3491 2943 3549 rotunda
2968 3496 3058 3549 est
3076 3496 3279 3550 autem
3310 3492 3451 3549 solis
3488 3493 3709 3566 ﬁgura,

2046 3597 2184 3654 quae
2203 3597 2312 3655 per
2337 3581 2579 3639 radium
2606 3582 2670 3638 in
2696 3580 2952 3639 humido
2978 3580 3237 3655 laevique
3258 3597 3393 3639 aere
3418 3583 3711 3657 imprimi-

2045 3674 2162 3737 tur;
2192 3675 2514 3745 propterea
2542 3670 2885 3729 necessario
2933 3671 3272 3727 secundum
3301 3672 3514 3729 solaris
3542 3672 3708 3730 orbis

2044 3759 2327 3830 ﬁguram,
2394 3776 2498 3817 aer
2550 3759 2733 3817 etiam
2779 3760 2885 3832 qui
2932 3758 3082 3816 nubi
3106 3759 3426 3833 proximus
3457 3764 3565 3833 est,
3598 3777 3708 3835 per

2045 3847 2563 3920 splendescentem
2590 3847 2890 3918 fulgorem
2947 3847 3475 3905 circumscribitur.
3498 3852 3705 3923 Itaque

2045 3937 2094 3993 is
2122 3936 2322 4007 fulgor
2377 3942 2433 3993 et
2489 3937 2552 3993 in
2583 3952 2645 3992 se
2674 3936 3000 3993 continuus
3030 3942 3089 3994 et
3119 3936 3351 3993 divisus
3376 3942 3490 3997 est.
3520 3939 3707 3997 Multi-

2045 4027 2209 4084 color
2228 4026 2390 4083 enim
2422 4042 2493 4084 ac
2516 4025 2903 4083 multiformis
2926 4041 3067 4082 cum
3122 4026 3217 4091 sit,
3272 4043 3481 4084 secum
3518 4029 3705 4086 variis

2042 4117 2313 4173 tinctura
2354 4114 2605 4172 ﬂoribus
2652 4114 2906 4172 latenter
2953 4115 3399 4186 commiscetur,
3431 4116 3705 4176 colorum

2041 4205 2196 4263 inter
2224 4221 2287 4261 se
2315 4205 2693 4262 diversorum
2752 4204 3219 4261 commissuram
3258 4210 3440 4279 atque
3486 4207 3706 4278 permi-

2044 4296 2304 4352 stionem
2342 4294 2531 4351 oculis
2560 4294 2806 4359 nostris,
2846 4294 3088 4350 nemine
3144 4296 3455 4362 sentiente,
3501 4295 3704 4353 subri-

2041 4384 2409 4459 piens;adeo
2442 4390 2504 4441 ut
2529 4399 2655 4441 non
2684 4388 3054 4454 agnoscatur
3066 4383 3306 4441 medius
3326 4384 3706 4441 intercedens

2041 4475 2362 4532 caeruleum
2416 4476 2570 4532 inter
2592 4479 2647 4531 et
2687 4474 2935 4532 rutilum
2988 4474 3180 4545 locus,
3209 4490 3281 4531 ac
3308 4475 3570 4531 miscens
3596 4490 3706 4549 per

2042 4582 2105 4623 se
2135 4572 2192 4623 et
2221 4582 2514 4638 separans
2537 4564 2940 4622 diversitatem
2966 4565 3260 4633 colorum,
3316 4568 3423 4621 aut
3457 4564 3704 4623 rutilum

2040 4657 2193 4713 inter
2221 4660 2279 4713 et
2301 4670 2699 4729 purpureum,
2728 4658 2832 4712 aut
2850 4654 3035 4711 istum
3063 4653 3219 4710 inter
3247 4658 3305 4711 et
3325 4652 3700 4713 electrinum.

2119 4799 2232 4871 (25)
2290 4797 2668 4860 Ἀναλυούσης.
2739 4797 2858 4871 δίοΔ
2897 4812 3048 4871 mss.
3108 4810 3324 4871 omnes
3377 4799 3436 4871 et
3473 4799 3696 4871 _Nyss.

2045 4886 2157 4944 pro
2184 4866 2267 4944 eo
2304 4871 2475 4944 quod
2532 4874 2684 4944 erat
2722 4866 3088 4944 coitionibus
3132 4867 3329 4923 Basilii
3376 4866 3708 4944 άναλαμπουτ

2048 4938 2357 5006 ἇηςΕᾱὶίὶὀ
2386 4945 2535 5011 Heg.
2575 4939 2951 5013 ἀναλαϐούσης.
3000 4938 3321 5013 Aliquanto
3379 4938 3709 5013 post'editi

2045 5019 2102 5071 et
2143 5030 2319 5086 mss,
2342 5008 2605 5086 quatuor
2652 5012 2967 5086 κυκλοτερὲς
2991 5008 3076 5086 ,δὲ
3111 5008 3282 5064 “τοῡτο
3306 5008 3543 5086 -σγξῆμα,
3583 5010 3707 5086 -ὃιά

2045 5093 2161 5148 τῆς.
2214 5085 2328 5141 Sed
2360 5082 2580 5156 inelior
2609 5084 2737 5139 visa
2768 5089 2857 5140 est
2881 5082 3186 5156 scriptura
3212 5082 3709 5156 codiois'Harl.Aet

2044 5157 2223 5213 unius
2248 5171 2321 5212 ex
2350 5154 2544 5224 Regiis
2575 5170 2762 5228 quam
2794 5155 2975 5212 secuti
3003 5154 3236 5212 sumus.
3272 5155 3366 5212 Sic
3393 5157 3575 5213 etiam
3624 5154 3706 5213 le-

2045 5228 2201 5300 gitur
2223 5228 2388 5300 apud
2418 5231 2589 5300 Nyss.

2113 5302 2224 5423 {2})
2260 5296 2580 5374 Πολύχροος.
2641 5297 2818 5355 Coisl.
2866 5301 3119 5373 uterque
3182 5302 3239 5357 et
3278 5314 3436 5356 unus
3488 5296 3706 5368 Regius

2144 5391 2439 5423 υγοωιιος..

2043 5389 2413 5433 ποΑυχρωμος.
2426 5414 2439 5428 .

2119 5391 2439 5445 Αυχρωμος..

2119 5446 2235 5513 (25)
2283 5449 2455 5516 Τόπον
2516 5445 2604 5495 τόν
2662 5444 2962 5516 μιγνύοντα.
3040 5444 3169 5499 Duo
3245 5456 3392 5516 mss.
3444 5442 3549 5516 Δτὸυ
3619 5458 3707 5512 μι-

2046 5512 2260 5587 γνύντα.
2322 5514 2560 5587 Legitur
2608 5512 2774 5590 apud
2826 5516 2997 5585 Greg.
3057 5516 3231 5586 Nyss,
3263 5512 3380 5584 ὅρον
3402 5513 3490 5564 τὸν
3519 5530 3706 5584 μιγνυ-

2048 5604 2197 5660 μενον
2204 5628 2218 5643 ,
