4114 6380
256 331 356 392 337

1241 329 1738 391 EPISTOLABUM
1778 326 2061 386 CLASSIS
2098 330 2142 383 Ι.
2181 329 2395 387 EPIST.
2441 331 2714 387 XXXVIII.

3564 328 3671 383 338

264 462 387 532 τρὸς
413 461 782 530 ⁹ινωριίσμοισι
822 454 1385 529 χαρακτηριζῳενοη
1436 455 1497 509 Εἰ
1532 457 1635 530 γὰρ
1692 457 1722 513 ἠ
1774 455 1899 506 ὑπὸ·

2016 450 2333 524 proprium
2364 453 2692 510 existentiaa
2726 452 3202 524 uniuscujusque
3258 449 3502 519 signum
3535 455 3624 506 est
3655 468 3669 520 ;

279 567 466 609 στασις
521 550 584 598 τό
630 542 856 607 ἰδιάζον
924 553 1020 605 τῆς
1076 544 1297 597 ἑκάστου
1355 544 1616 619 ὑπάρξεως
1685 545 1902 616 σημεῖόν

280 637 409 709 ἑστι,
441 642 537 688 τοῦ
570 631 632 688 δὲ
666 638 880 710 Πατρός
912 630 970 687 εδ
976 653 1049 686 ιον
1078 636 1135 685 τό
1194 631 1486 704 ἀγεννήτως
1537 631 1668 685 εἶναι
1723 631 1903 704 ὁμολο-

277 736 472 800 γεῖται,
524 730 877 799 μιμόρρωται
922 721 981 777 δέ
1017 725 1043 775 6
1076 726 1191 786 Υἱός
1240 731 1353 786 τοίς
1382 731 1473 776 τοῦ
1508 726 1713 796 Πατρός
1748 718 1901 774 ἰδιώ-

275 835 444 890 μασιν
467 836 482 849 ·
517 816 625 890 ἄρα
654 813 836 866 οὐκέτι
887 809 1120 885 διαμένει
1148 819 1219 882 τῷ
1252 817 1422 885 Πατρὶ
1474 812 1591 864 κατ’
1645 810 1902 885 ἐξαίρετον

276 904 355 959 ἐπ’
380 905 548 957 αὑτοῦ
574 908 740 976 μόνον
772 905 830 955 τό
861 900 1136 974 ἀγέννητον
1174 900 1438 973 λέγεσθαι,
1478 904 1616 975 εἰπερ
1653 909 1725 971 τῷ
1760 895 1901 952 ἰδιά-

276 996 427 1057 ζοντι
453 1001 550 1048 τοῦ
604 996 816 1066 Πατρός
858 993 887 1050 ἡ
938 998 1030 1044 τοῦ
1078 998 1396 1062 Μονογενοῦς
1444 994 1902 1066 χαρακτηρίζεται

274 1083 529 1160 ὗπαρξις.

345 1180 404 1229 7.
473 1171 617 1227 ’.ἁλλ’

284 1268 476 1316 “Vi”
541 1261 771 1314 ἐνταῦθα
825 1270 899 1332 τῷ
964 1258 1272 1331 Ἀποστάλφ
1339 1260 1365 1310 ὁ
1428 1257 1601 1330 ὶὸγος,
1657 1260 1785 1331 πρὸς
1846 1255 1898 1306 ὃν

290 1352 487 1426 ﬁlium
561 1354 787 1412 ταύταις
869 1350 1143 1425 ἐχρήσατο
1230 1357 1344 1409 ταῖς
1436 1356 1647 1421 φωναῖς,
1736 1342 1897 1409 δοξης

291 1440 620 1514 ἀπαύγασμα
687 1439 866 1511 λέγων,
937 1444 1025 1491 καὶ
1099 1446 1425 1512 χαρακτῆρα
1495 1438 1838 1496 ὑποστάσεως
1880 1456 1893 1467 ·

291 1532 438 1602 ὅνπερ
487 1532 514 1581 6
571 1527 805 1604 ἀκριϐῶς
864 1532 1060 1589 νοήσας
1123 1523 1276 1579 οὐδέν
1343 1527 1555 1601 εὑρήσει
1615 1532 1725 1587 τοῖς
1772 1523 1895 1593 παρ’

685 1174 839 1245 ἡμεῖς
887 1174 1042 1223 τοῦτό
1101 1188 1285 1243 φαμεν,
1345 1171 1425 1222 ὅτι
1489 1171 1655 1245 ἕτερον
1708 1166 1901 1241 πληροῖ

869 1350 1004 1425 ἐχρή
1015 1368 1143 1403 σατο
1230 1357 1344 1409 ταῖς
1436 1356 1647 1421 φωναῖς,

2016 543 2205 598 Patris
2237 548 2441 599 autem
2462 544 2776 616 proprium
2809 542 2960 599 illud
2981 557 3134 608 esse,
3159 547 3224 596 ut
3246 538 3543 610 ingenitus
3573 540 3667 611 sit,

2004 630 2328 703 explorata
2358 648 2451 687 res
2483 638 2591 702 est,
2623 648 2696 689 ac
2728 631 2918 688 Patris
2963 636 3169 686 tamen
3203 627 3671 701 proprietatibus

2013 719 2189 776 Filius
2237 722 2535 790 ﬁguratur
2589 737 2662 777 ac
2704 720 3101 793 designatur;
3148 718 3328 786 igitur
3376 732 3500 773 non
3539 717 3669 788 jam

2009 811 2324 881 proprium
2348 809 2497 865 illud
2528 810 2684 866 Patri
2716 815 2937 877 manet,
2963 814 3028 864 ut
3059 808 3223 863 solus
3246 806 3669 876 dictaturinge-

2010 897 2189 965 nitus,
2218 898 2517 971 siquidem
2549 899 2734 955 Patris
2762 899 3131 972 proprietate
3162 897 3299 969 ipsa
3319 895 3503 952 etiam
3539 894 3670 950 Uni-

2010 987 2194 1056 geniti
2223 987 2568 1046 exsistentia
2587 988 2961 1059 designatur.

2081 1170 2134 1219 7.
2168 1164 2282 1223 Sed
2314 1182 2425 1221 nos
2457 1165 2573 1222 hoc
2601 1165 2881 1235 dicimus,
2907 1165 2985 1223 ad
3015 1165 3182 1223 aliud
3219 1165 3336 1222 hoc
3365 1164 3498 1221 loco
3529 1178 3663 1237 pro-

2008 1255 2275 1327 positum
2303 1261 2576 1328 spectare
2630 1256 2896 1329 Apostoli
2947 1257 3306 1322 orationem,
3368 1254 3447 1310 ad
3495 1252 3664 1325 quod

2007 1344 2336 1416 respiciens
2361 1345 2454 1401 his
2487 1362 2634 1402 usus
2682 1352 2769 1402 est
2797 1346 3072 1413 vocibus,
3123 1344 3328 1415 gloriae
3382 1343 3662 1417 splendo-

2004 1451 2156 1504 rem,
2187 1434 2417 1502 dieens,
2466 1440 2523 1491 et
2570 1435 2925 1508 hypostasis
2981 1436 3279 1507 ﬁguram:
3313 1431 3480 1506 quod
3520 1447 3659 1504 pro-

2004 1524 2267 1596 positum
2311 1524 2361 1580 si
2407 1523 2547 1597 quis
2610 1524 2924 1595 diligenter
2984 1521 3473 1589 eonsideraverit,
3513 1520 3662 1576 nihil

289 1623 431 1693 ἡμῶν
455 1623 748 1695 εἰρημένοις
798 1620 1121 1691 μαχόμενον,
1173 1614 1285 1668 ἀλλ’
1326 1614 1410 1668 ἐπί
1459 1634 1597 1676 τινος
1657 1610 1891 1674 ἰδιαζού-

2011 1614 2255 1687 reperiet
2284 1613 2376 1670 his
2405 1630 2543 1687 quae
2572 1614 2838 1670 diximus
2870 1613 3264 1681 contrarium,
3300 1611 3408 1667 sed
3433 1627 3658 1667 sermo-

288 1728 383 1770 σης
429 1708 629 1769 ἐννοίας
682 1709 771 1759 τόν
824 1706 975 1779 λόγον
1034 1703 1419 1778 διεξαγόμενον.
1481 1706 1556 1757 Οὐ
1607 1706 1706 1779 γαρ
1757 1704 1895 1763 ὅπως

278 1795 604 1873 aramus»
631 1796 718 1850 ἀπ’
761 1795 991 1855 αλλήλων
1031 1798 1086 1848 αἱ
1141 1797 1462 1855 ὑποστάσεις
1513 1789 1608 1846 δια
1657 1802 1757 1845 τῶν
1811 1791 1896 1844 ἐπι

272 1892 601 1963 φαινομένων
670 1891 921 1960 σημείων,
981 1887 1007 1938 6
1067 1883 1411 1947 ἀποστολικός
1469 1886 1895 1959 πραγματεύεται

269 1977 452 2051 λόγος,
507 1975 617 2030 ἀλλ’
651 1978 790 2037 ὅπως
831 1978 891 2027 τό
938 1978 1155 2046 γνήσιόν
1206 1993 1262 2026 τε
1306 1978 1397 2025 καὶ
1428 1969 1751 2025 ἀδιάστατον
1804 1975 1895 2023 καὶ

273 2070 614 2140 συνημμένον
666 2074 763 2127 τῆς
809 2071 904 2117 τοῦ
951 2066 1074 2117 Υἱον
1105 2067 1236 2136 πρός
1268 2067 1354 2115 τόν
1396 2064 1605 2135 Πατέρα
1658 2065 1893 2133 σχέσεως

268 2157 515 2215 νοηθείη.
547 2154 639 2216 Ὠς
662 2156 765 2228 γὰρ
814 2154 909 2206 οὐκ
940 2151 1096 2220 εἶπεν,
1154 2152 1245 2214 Ὃς
1273 2152 1341 2203 ὢν
1375 2148 1507 2215 δόξα
1552 2159 1644 2204 τοῦ
1694 2153 1895 2225 Πατρός

268 2248 541 2318 (καίτοιγε
581 2246 641 2296 τό
674 2242 859 2305 ἀληθές
916 2242 1076 2303 οὕτως
1132 2242 1288 2314 ἔχει),
1346 2239 1494 2310 ἀλλά,
1525 2248 1678 2293 τοῦτο
1716 2258 1893 2314 παρα-

268 2334 441 2388 λιπὼν
512 2336 582 2396 ὡς
649 2331 1077 2405 ὁμολογούμενον,
1145 2334 1202 2383 τὸ
1280 2336 1352 2403 μὴ
1418 2329 1541 2382 ἄλλο
1616 2348 1668 2381 τι
1733 2324 1893 2392 δόξης

272 2420 422 2486 εἶδος
449 2422 539 2476 ἐπὶ
571 2429 663 2475 τοῦ
705 2425 928 2497 Πατρός,
961 2425 1051 2473 καὶ
1088 2421 1254 2490 ἕτερον
1318 2418 1403 2472 ἐπὶ
1451 2427 1543 2472 τοῦ
1594 2421 1717 2474 Υἱοῦ
1766 2426 1895 2471 νοεῖν

277 2510 589 2581 διδάσκων,
622 2510 784 2572 αὐτῆς
810 2518 910 2573 τῆς
945 2517 1041 2563 τοῦ
1098 2512 1303 2583 Πατρός
1354 2505 1515 2572 δόξης
1567 2506 1898 2581 ἀπαῦγασμα

273 2607 369 2661 τήν
421 2610 521 2655 τοῦ
582 2608 903 2673 Μονογινοϋς
955 2597 1243 2675 διορίζεται
1301 2594 1480 2666 δόξαν,
1527 2602 1584 2651 τό
1638 2594 1898 2651 ἀδιαστά-

276 2711 379 2752 τως
430 2691 550 2763 (34)
611 2691 1032 2743 συνιπινοιῖσϐαι
1074 2697 1144 2761 τῷ
1202 2693 1370 2761 Πατρὶ
1426 2692 1513 2740 τόν
1569 2690 1687 2741 Υἱόν
1726 2707 1894 2740 κατα-

277 2781 557 2842 σκευάζων
618 2779 673 2832 ἐκ
719 2787 813 2833 τοῦ
869 2781 1003 2831 κατὰ
1053 2782 1111 2830 τό
1187 2787 1287 2851 pri»;
1343 2774 1748 2850 ὑποδιίγματος.
1813 2776 1896 2836 Ὠς

278 2873 393 2944 γὰρ
426 2869 485 2922 ix
522 2877 608 2930 τῆς
658 2868 846 2942 φλογός
875 2870 966 2941 μὲν
998 2869 1026 2926 ἡ
1064 2866 1225 2939 αὐγὴ,
1280 2866 1339 2919 οὔ
1371 2871 1475 2939 μὴν
1528 2868 1724 2941 ὑστέρα
1766 2868 1898 2939 μετὰ

2002 1719 2144 1762 nem
2175 1705 2254 1762 ad
2280 1704 2646 1775 singularem
2681 1705 3018 1778 quamdam
3070 1705 3379 1762 notionem
3418 1718 3664 1759 revoca-

2003 1798 2151 1851 tum.
2186 1796 2314 1851 Non
2344 1795 2506 1850 enim
2535 1799 2601 1851 ut
2629 1794 2996 1868 hypostases
3032 1794 3185 1851 inter
3234 1810 3296 1850 se
3347 1809 3422 1849 ex
3470 1791 3661 1863 signis

2004 1884 2347 1956 conspicuis
2378 1888 2792 1955 secernuntur,
2818 1884 3150 1958 apostolica
3176 1882 3505 1939 instituitur
3530 1897 3662 1938 ora-

2003 1973 2104 2040 tio,
2138 1972 2246 2029 sed
2278 1978 2342 2029 ut
2365 1973 2632 2044 genuina
2655 1974 3031 2047 indivisaque
3071 1978 3128 2029 et
3157 1971 3507 2029 consociata
3537 1970 3661 2027 Filii

2003 2063 2080 2119 ad
2110 2065 2339 2118 Patrem
2397 2061 2609 2118 relatio
2665 2062 3058 2133 intelligatur.
3127 2059 3659 2128 Quemadmodum

2003 2152 2165 2208 enim
2189 2167 2314 2207 non
2344 2150 2514 2217 dixit,
2549 2152 2663 2219 Qui
2688 2157 2772 2208 est
2813 2152 3007 2222 gloria
3035 2152 3242 2209 Patris
3276 2158 3658 2223 (quanquam

2009 2241 2219 2297 veritas
2275 2241 2356 2297 ita
2416 2257 2480 2296 se
2534 2240 2756 2312 habet),
2814 2240 2945 2309 sed,
2994 2241 3110 2296 hoc
3161 2238 3564 2314 prmtermisso
3597 2242 3662 2293 ut

2002 2329 2335 2402 explorato,
2364 2345 2487 2384 non
2513 2328 2693 2386 aliam
2725 2329 3062 2401 quamdam
3083 2328 3285 2400 gloriae
3306 2327 3568 2400 speciem
3597 2325 3661 2381 in

2004 2424 2195 2488 Patre,
2227 2424 2283 2476 et
2313 2418 2496 2476 aliam
2526 2419 2588 2474 in
2620 2419 2761 2474 Filio
2791 2419 3182 2490 cogitandam
3231 2434 3361 2475 esse
3408 2416 3656 2487 docens,

2002 2509 2193 2583 ipsius
2240 2509 2428 2566 Patris
2482 2508 2685 2579 gloriae
2739 2508 3124 2581 splendorem
3178 2524 3309 2564 esse
3368 2506 3663 2579 Unigeniti

2003 2599 2261 2671 gloriam
2282 2598 2585 2666 decernit;
2615 2614 2686 2653 ex
2741 2597 2894 2654 lucis
2918 2598 3197 2671 exemplo
3228 2597 3562 2670 perﬁciens,
3598 2600 3679 2668 ut,

2013 2690 2180 2759 121
2211 2687 2389 2743 Filius
2412 2704 2551 2743 cum
2574 2690 2742 2743 Patre
2762 2687 3017 2743 indivise
3042 2686 3424 2757 intelligatur.
3442 2688 3661 2752 Quem-

2004 2776 2342 2834 admodum
2369 2776 2530 2832 cnim
2560 2791 2634 2831 ex
2658 2776 2913 2847 ﬂamma
2936 2776 3184 2847 quidem
3216 2775 3525 2848 splendor,
3551 2791 3660 2832 nc-

2003 2885 2122 2940 que
2150 2871 2357 2922 tamen
2385 2866 2639 2921 ﬂamma
2667 2865 2983 2937 posterior,
3006 2865 3114 2920 sed
3144 2864 3323 2919 simul
3355 2869 3419 2921 ut
3442 2864 3662 2919 effulsit

290 2962 396 3017 τὴν
426 2956 590 3028 φλόγα
619 2957 750 3011 ἐστὶν
780 2959 811 3017 ἠ
873 2957 1035 3028 αὐγὴ,
1096 2954 1202 3008 ἀλλ’
1255 2956 1385 3029 ὁμοῦ
1432 2975 1487 3008 τε
1539 2957 1568 3013 ἡ
1634 2955 1759 3028 φλόξ
1804 2954 1896 3008 ἀν-

2011 2957 2276 3024 ﬂamma,
2318 2956 2499 3012 etiam
2546 2955 2649 3010 lux
2703 2954 2884 3011 simul
2943 2953 3348 3027 resplenduit;
3392 2953 3477 3010 sic
3538 2953 3663 3009 vult

293 3046 516 3119 ὶλαοαψι,
546 3050 629 3099 καὶ
669 3046 1092 3118 σνναπηυγάσῦη
1148 3048 1207 3098 τό
1255 3053 1359 3118 φῶς
1390 3066 1402 3079 ·
1464 3045 1599 3097 οὕτω
1654 3042 1898 3118 βούλεται

284 3134 467 3189 καὶἕκ
514 3144 604 3189 τοῦ
658 3139 867 3212 Πατρός
913 3138 1003 3208 μὲν
1050 3138 1137 3187 τὸν
1197 3138 1315 3188 Υὶόν
1371 3135 1622 3204 νοεῖσθαι,
1678 3134 1735 3186 οὗ
1792 3140 1896 3207 μὴν

281 3228 587 3300 παρατάσιι
617 3231 719 3279 τινὶ
750 3222 1151 3298 διαστηματικῇ
1186 3232 1279 3287 τῆς
1334 3232 1424 3276 τοῦ
1468 3226 1671 3298 Πατρός
1729 3226 1896 3299 ὑπάρ-

280 3316 412 3380 ξεως
439 3319 529 3368 τόν
560 3323 821 3387 Morir/cvi
885 3310 920 3367 δ
926 3314 1241 3390 ιορὶζεσϐαι,
1293 3312 1401 3366 ἀλλ’
1442 3316 1522 3366 ἀεὶ
1558 3323 1629 3385 τῷ
1660 3313 1811 3387 αἰτίῳ
1840 3318 1897 3367 τό

279 3406 339 3469 ἐξ
404 3406 570 3459 αὑτοῦ
636 3404 1138 3478 συννπολαμϐανειν.
1216 3406 1363 3458 Κατὰ
1432 3407 1518 3455 τόν
1596 3402 1748 3456 αὑτὸν
1811 3400 1897 3456 οὖν

280 3499 504 3570 τρόπον,
598 3497 773 3569 ὥσπερ
862 3492 1213 3567 ἕφιρμηνιύων
1289 3496 1399 3569 τόν,
1467 3489 1900 3568 προαποδοθὲντα

278 3593 429 3654 νοῦν,
486 3588 580 3636 καὶ
638 3585 979 3645 ὑποστάσεως
1034 3585 1357 3659 χαρακτῆρα
1401 3601 1534 3655 φησι
1590 3582 1729 3653 (35),
1785 3590 1897 3643 τοῖς

285 3681 615 3748 σωματικοῖς
658 3675 798 3746 ἡμᾶς
851 3669 1212 3745 ὑποδείγμασι
1265 3675 1397 3747 πρός
1444 3676 1532 3730 τὴν
1578 3680 1676 3723 τῶν
1726 3670 1894 3747 ἀορά-

280 3783 389 3816 των
417 3770 768 3837 χιιραγωγὼν
822 3765 1163 3819 κατανόησιν.
1217 3761 1305 3824 Ὠς
1332 3762 1434 3835 γὰρ
1487 3764 1544 3814 τὸ
1590 3770 1743 3833 σῶμα
1773 3764 1899 3813 πάν-

282 3872 384 3914 τως
414 3851 558 3905 ἐστὶν
597 3850 646 3903 ἐν
700 3856 968 3925 σχήματι,
1017 3850 1120 3904 ἀλλ’
1170 3853 1340 3925 ἕτερος
1391 3853 1482 3923 μὶν
1536 3852 1561 3901 6
1617 3857 1709 3902 τοῦ
1758 3855 1897 3923 σχή-

282 3962 468 4016 ματος,
493 3942 667 4016 Ξτιρος
695 3936 754 3993 δὲ
784 3942 811 3992 6
867 3948 960 3993 τοῦ
1022 3946 1265 4013 σώματος
1310 3938 1461 4012 λόγος
1496 3960 1508 3972 ·
1542 3944 1631 3992 καὶ
1683 3939 1778 3992 οὐκ
1834 3941 1897 3992 ἄν

283 4053 366 4095 τις
427 4027 729 4094 ἀποδιδοὺς
788 4035 873 4084 τόν
940 4030 1185 4107 ἑκατέρου
1241 4034 1435 4084 τούτων
1494 4032 1710 4104 ὁρισμόν
1772 4050 1899 4082 συν-

292 4124 524 4195 mlum
556 4130 633 4193 τῷ
682 4126 801 4197 περὶ
844 4128 935 4174 τοῦ
967 4124 1140 4195 ἕτερον
1169 4142 1182 4154 ·
1234 4120 1367 4180 πλὴν
1422 4118 1571 4189 ἀλλα,
1621 4120 1717 4173 κάν
1762 4121 1898 4194 λόγῳ

290 4208 573 4289 διακρίνῃς
602 4214 663 4264 τὸ
693 4220 887 4284 σχῆμα
923 4219 1015 4263 τοῦ
1057 4217 1319 4284 σώματος,
1353 4213 1383 4269 ἠ
1428 4213 1579 4283 φύσις
1630 4210 1689 4263 οὗ
1734 4230 1899 4286 παρα-

2005 3046 2186 3103 etiam
2237 3061 2310 3101 ex
2356 3047 2526 3100 Patre
2579 3043 2827 3116 quidem
2890 3042 3097 3099 Filium
3144 3042 3414 3114 intelligi,
3463 3057 3661 3114 neque

2008 3141 2212 3192 tamen
2242 3134 2365 3190 ulla
2393 3132 2683 3189 intervalli
2708 3133 2999 3189 distantia
3024 3150 3061 3189 a
3091 3133 3280 3189 Patris
3311 3130 3663 3190 exsistentia

2012 3225 2392 3296 Unigenitum
2414 3222 2633 3288 dirimi,
2665 3222 2770 3279 sed
2802 3238 3042 3295 semper
3068 3238 3191 3279 una
3218 3239 3358 3278 cum
3390 3237 3575 3278 causa
3598 3220 3663 3276 id

2006 3314 2173 3389 quod
2198 3330 2273 3371 ex
2300 3330 2485 3370 causa
2505 3318 2594 3369 est
2612 3311 2865 3385 concipi.
2902 3312 3196 3368 Eumdem
3217 3311 3396 3382 igitur
3426 3311 3506 3367 ad
3535 3327 3662 3368 mo-

2005 3406 2174 3477 dum,
2226 3403 2407 3460 veluti
2456 3402 2817 3459 sententiam
2878 3402 3047 3474 prius
3094 3402 3434 3474 expositam
3487 3402 3661 3457 inter~

2006 3500 2274 3565 pretans,
2297 3493 2477 3549 etiam
2508 3492 2857 3565 hypostasis
2889 3492 3151 3562 ﬁguram
3189 3492 3349 3558 dicit,
3384 3507 3664 3563 corpora-

2004 3585 2165 3641 libus
2197 3599 2308 3640 nos
2330 3580 2618 3654 exemplis
2639 3580 2719 3637 ad
2738 3580 3200 3636 indivisibilium
3220 3598 3409 3637 manu
3434 3581 3661 3636 ducens

2006 3672 2481 3745 intelligentiam.
2518 3670 3046 3736 Quemadmodum
3076 3670 3238 3725 enim
3278 3670 3387 3725 etsi
3438 3685 3662 3740 corpus

2007 3763 2256 3821 omnino
2294 3762 2356 3817 in
2394 3760 2592 3831 ﬁgura
2637 3764 2746 3828 est,
2791 3759 2909 3815 alia
2953 3761 3187 3829 ﬁgurae,
3230 3759 3348 3815 alia
3390 3758 3661 3831 corporis

2005 3853 2176 3924 ratio,
2211 3867 2283 3907 ac
2313 3850 2361 3905 si
2391 3850 2527 3922 quis
2561 3848 2842 3905 utriusvis
2872 3849 3093 3905 horum
3126 3848 3323 3905 trad'it
3362 3848 3660 3904 deﬁnitio-

2006 3959 2168 4010 nem,
2199 3940 2551 4012 neutiquam
2582 3938 2644 3994 iu
2670 3954 2806 3994 eam
2835 3955 2971 4010 quas
3004 3937 3246 3994 alterius
3277 3944 3365 3994 est
3401 3938 3656 4005 incidat;

2007 4032 2114 4090 sed
2142 4036 2338 4088 tamen
2370 4028 2605 4085 etiamsi
2629 4028 2858 4084 ratione
2890 4028 3150 4098 ﬁguram
3202 4044 3238 4084 a
3269 4044 3521 4101 corpore
3565 4027 3661 4083 di-

2009 4119 2315 4189 screveris,
2350 4123 2565 4174 natura
2596 4134 2718 4173 non
2776 4116 3037 4173 admittit
3074 4117 3518 4184 discretionem,
3553 4116 3663 4172 sed

2007 4211 2258 4267 alterum
2290 4225 2429 4265 cum
2461 4207 2649 4264 altero
2698 4207 3092 4279 conjunctum
3140 4206 3529 4278 intelligitur:
3579 4206 3663 4263 ita

284 4298 514 4375 δέχεται
568 4305 664 4359 τὴν
740 4297 1033 4376 διάκρισιν,
1111 4299 1238 4353 ἀλλὰ
1306 4304 1639 4374 σννημμένως
1712 4309 1899 4354 νοεῖται

2011 4318 2135 4358 rem
2162 4298 2445 4373 explicari
2474 4303 2748 4370 oportere
2769 4301 2970 4353 censet
2989 4297 3310 4369 Apostolus
3335 4314 3347 4352 :
3383 4295 3662 4369 quamvis

282 4395 420 4466 μετὰ
443 4399 540 4444 τοῦ
571 4390 746 4466 ἑτέρου
775 4393 835 4443 τὸ
880 4391 1047 4464 ἕτερον
1076 4411 1089 4424 ·
1119 4391 1279 4452 οὕτως
1309 4393 1473 4443 οἴεται
1522 4386 1631 4443 δεῖν
1681 4391 1706 4442 6
1747 4391 1899 4443 Ἀπὸ-

287 4480 496 4546 στολος,
518 4478 615 4532 κᾶν
645 4481 672 4532 6
697 4487 789 4541 τῆς
818 4483 1042 4541 πίστεως
1076 4479 1227 4553 λόγος
1279 4478 1586 4552 ἀσύγχντον
1634 4485 1726 4532 καὶ
1776 4476 1899 4554 διῃ-

285 4574 527 4644 σηριένην
555 4570 668 4642 (36)
694 4573 788 4627 τὴν
828 4576 928 4621 τῶν
955 4570 1290 4622 ὑποστάσεων
1342 4565 1582 4643 διδάσκῃ
1617 4565 1652 4621 δ
1658 4571 1895 4642 ιανροράν,

286 4660 420 4715 ἀλλά
448 4664 544 4713 καὶ
583 4661 643 4712 τό
668 4660 933 4733 προσεχὲς
960 4663 1050 4711 καὶ
1107 4660 1259 4712 οἱονεὶ
1313 4661 1545 4732 augetis;
1593 4666 1686 4711 τοῦ
1734 4666 1903 4712 Μονο-

282 4759 475 4825 γινοῠς
531 4751 660 4825 πρός
723 4752 813 4802 τόν
883 4752 1091 4823 Πατέρα
1135 4744 1230 4801 διὰ
1278 4756 1379 4801 τῶν
1428 4747 1706 4822 εἰρημένων
1771 4767 1902 4823 παρ-

287 4842 513 4899 ίστησιν
543 4840 657 4911 (37)
692 4859 706 4874 θ
735 4837 842 4911 οὐχ
872 4841 938 4900 ὡς
967 4838 1063 4891 οὐκ
1091 4842 1231 4900 ὄντος
1279 4836 1327 4891 ἓν
1357 4840 1651 4891 ὑποστάσει
1680 4842 1771 4892 καὶ
1811 4846 1903 4891 τοῦ

280 4936 636 5003 Μονογενοῦς,
663 4926 773 4981 ἀλλ’
803 4931 869 4990 ὡς
897 4928 958 4981 οὗ
1006 4924 1445 5003 παραδεχομένου
1476 4930 1743 5002 μεσότητά
1790 4948 1907 4981 τινα

282 5031 381 5085 τῆς
412 5020 609 5074 ἑαυτοῦ
640 5022 764 5093 πρός
793 5020 881 5071 τὸν
931 5022 1139 5095 Πατέρα
1193 5017 1416 5081 bene»;
1452 5038 1464 5052 ο
1499 5019 1633 5071 ὥστε
1692 5021 1779 5071 τόν
1832 5037 1905 5091 τῳ

287 5118 607 5186 χαρακτῆρι
635 5116 729 5162 τοῦ
758 5114 1077 5181 Μονογενοῦς
1108 5103 1202 5161 διὰ
1230 5116 1330 5161 τῶν
1367 5116 1462 5170 τῆς
1500 5106 1688 5180 ψυχῆς
1727 5107 1905 5181 ὀμμά-

357 5382 473 5454 (34)
503 5383 578 5435 Τό
611 5374 979 5440 ἀδιαστάτως.
1033 5375 1206 5435 Coisl.
1238 5376 1469 5451 primus
1522 5380 1580 5429 τό
1632 5372 1907 5431 ἀδιασπά-

491 5533 570 5585 ψη
582 5541 658 5580 σι.
679 5526 784 5599 _Ita
812 5537 922 5599 sex
946 5538 1093 5599 m_s_s_.
1116 5537 1227 5599 pro
1258 5537 1329 5578 eo
1350 5519 1529 5599 quod
1547 5525 1678 5599 erat
1698 5520 1763 5599 in
1790 5519 1911 5577 edi-

301 5591 503 5675 ιῇξξὲοἱσ.
525 5595 739 5675 _Pa_ulo
755 5591 1139 5675 pqsteditid
1150 5591 1566 5675 Haganognsis
1620 5593 1681 5675 ξξί
1707 5595 1808 5667 γὰρ
1836 5610 1907 5675 τιΖ

303 5666 427 5730 Aliae
462 5671 541 5727 Οὐ
568 5672 676 5745 γὰρ
708 5666 794 5725 τόῖ
828 5666 1108 5739 Quinque
1135 5681 1281 5723 mss.
1315 5669 1374 5724 et
1402 5666 1575 5735 Greg.
1622 5666 1792 5739 Nyss;
1848 5667 1915 5721 ut

2006 4390 2150 4447 ﬁdei
2202 4387 2479 4445 doctrina
2524 4386 2906 4443 ineonfusam
2956 4403 3027 4442 ac
3082 4386 3405 4441 discretam
3449 4377 3666 4440 doécat

2008 4481 2420 4553 hypostasewn
2448 4476 2873 4541 differentiam,
2891 4475 3281 4531 nihilominus
3315 4480 3515 4531 tamen
3535 4474 3667 4531 Uni-

2010 4569 2192 4641 geniti
2218 4568 2398 4624 etiam
2425 4583 2566 4623 cum
2593 4570 2758 4622 Patre
2781 4566 3206 4622 cohaerentiam
3228 4581 3298 4620 ac
3324 4564 3503 4620 veluti
3526 4581 3666 4620 con-

2010 4650 2335 4717 cretionem
2366 4657 2461 4713 his
2490 4656 2691 4711 verbis
2722 4655 3024 4722 declarat;
3052 4670 3175 4709 non
3199 4654 3355 4725 quod
3379 4654 3441 4709 in
3470 4654 3665 4727 hypo-

2011 4748 2158 4806 stasi
2190 4762 2436 4820 quoque
2457 4761 2582 4804 non
2608 4746 2682 4801 sit
2708 4745 3082 4814 Unigcnitus,
3116 4744 3220 4799 sed
3251 4744 3417 4816 quod
3452 4744 3511 4800 in
3554 4761 3668 4800 sua

2010 4856 2148 4896 cum
2171 4840 2341 4894 Patre
2389 4834 2814 4907 conjunctione
2862 4833 3012 4889 nihil
3047 4833 3320 4889 medium
3365 4833 3664 4903 admittat,

2012 4929 2166 4988 adeo
2191 4932 2256 4984 ut
2284 4925 2564 5000 quisquis
2593 4924 2781 4980 animi
2811 4922 3001 4979 oculis
3036 4924 3331 4994 L'mgeniti
3361 4924 3668 4982 characte-

2014 5035 2141 5077 rem
2173 5017 2392 5073 intente
2419 5012 2761 5085 respexerit,
2784 5012 2988 5070 veniat
3026 5013 3206 5071 etiam
3233 5013 3296 5070 in
3325 5014 3670 5088 hypostasis

2014 5107 2198 5165 Patris
2228 5103 2683 5175 intelligentiam
2709 5122 2722 5173 ;
2758 5119 2879 5160 non
2916 5108 3111 5161 tamen
3144 5108 3379 5161 mutata
3410 5110 3511 5163 aut
3542 5122 3672 5180 per-

2016 5376 2077 5434 in
2108 5378 2407 5433 contextu.

2088 5451 2203 5518 (36)
2235 5450 2572 5518 ’Ᾱσύγχντον
2603 5450 2691 5498 καὶ
2739 5442 3082 5518 διῃρημένην.
3127 5448 3214 5518 lta_
3249 5446 3479 5514 septem
3520 5459 3671 5500 mss.

2020 5526 2077 5577 et
2095 5511 2274 5589 Nyss.
2302 5511 2602 5574 Ed'i'tiones
2634 5511 3159 5587 ΒίιδίΙΙῙάοίνγχυτος
3186 5511 3527 5589 διῃρᾳῆιιιένην,

2094 5584 2201 5663 (3Ἷ)
2244 5598 2598 5663 Παριστησιν.
2648 5591 2731 5663 Ita
2762 5605 2905 5643 mss.
2953 5584 3201 5658 septem.
3240 5584 3386 5641 Etllii
3419 5590 3675 5659 παρίστα-

2025 5683 2129 5717 σιν.
2159 5662 2335 5737 Νδέεέ
2361 5662 2748 5738 παρίσταο-θαι.
