4114 6410
477 318 581 383 847

1848 321 1906 380 S.
1946 317 2197 379 BASILII
2233 317 2428 375 MAGN
2438 319 2474 374 Ι.

3740 313 3847 372 348

474 447 799 505 viduarum
842 463 912 504 ac
955 447 1367 521 orphanorum
1399 464 1607 507 curam
1640 446 1934 520 suscipis:
1986 460 2132 517 quo-

2252 461 2363 509 σας,
2414 449 2599 517 χηρῶν
2643 446 2732 494 καὶ
2784 441 3010 516 ὀρρανῶν
3053 440 3224 513 μάτην
3270 440 3514 512 πρόνοιαν
3568 445 3718 509 ποιῇ.
3773 441 3845 490 Τὸ

475 552 613 594 rum
645 538 898 596 alterum
930 539 1179 596 stultum
1205 544 1293 596 est
1318 545 1374 596 et
1403 539 1807 613 periculosum
1833 557 1845 604 ;
1878 537 2131 594 alterum

475 642 615 684 vero
645 627 898 685 humani
929 633 984 684 et
1013 629 1437 685 misericordis.
1472 632 1658 685 Grave
1686 633 1775 684 est
1802 626 1996 694 nobis,
2029 623 2131 696 qui

477 716 695 788 privati
725 735 956 787 sumus,
989 717 1154 790 apud
1182 717 1607 789 imperatorem
1633 717 1836 790 loqui:
1867 715 1972 771 sed
2003 730 2133 786 gra-

476 804 611 860 vius
661 805 764 862 tibi
800 805 1095 863 videbitur
1159 806 1325 878 apud
1371 809 1555 862 Deum
1610 822 1862 862 causam
1913 802 2131 858 dicere.

479 893 686 950 Nullus
716 895 879 950 enim
911 894 1010 950 Dei
1035 900 1092 952 et
1119 895 1440 952 hominum
1470 895 1767 951 mediator
1798 890 2130 965 apparebit.

481 983 626 1047 Quae
645 981 862 1056 legisti,
894 1000 1018 1040 non
1055 984 1429 1054 intellexisti;
1460 1001 1604 1042 nam
1643 984 1692 1039 si
1721 981 2132 1049 intellexisses,

477 1087 602 1129 non
632 1089 778 1131 sane
809 1074 1302 1132 condemnasses.

1028 1220 1363 1275 EPISTOLA
1406 1219 1579 1273 XLll'.

2242 534 2330 602 μὲν
2387 533 2483 606 γὰρ
2537 534 2752 602 μανικὸν
2803 535 2894 583 καὶ
2945 524 3289 598 ἐπικίνδυνον,
3335 531 3392 580 τὸ
3438 523 3496 580 δὲ
3554 526 3844 599 φιλοικτίρ-

2243 639 2397 692 μονος
2455 625 2544 672 καὶ
2607 621 2918 692 συμπαθοῦς
2975 620 3102 690 (70).
3168 618 3425 689 Ἐπαχθες
3491 618 3616 688 ἡμῖν
3680 614 3845 686 λέγειν

2242 712 2368 784 πρὸς
2420 707 2663 781 βασιλέα,
2719 705 2932 771 ἰδιώτας
2985 712 3165 768 ὄντας·
3216 707 3600 778 ἐπαχθέστερον
3651 701 3711 756 δέ
3761 724 3848 756 σοι

2244 804 2534 870 φανήσεται
2568 802 2624 850 τὸ
2669 798 2831 870 λέγειν
2868 799 2978 865 (7i)
3023 801 3153 872 πρὸς
3194 801 3344 854 Θεόν.
3386 792 3579 856 Οὐδεὶς
3614 797 3712 870 γαρ
3759 813 3846 866 με-

2247 893 2396 949 σίτης
2450 896 2582 941 Θεοῦ
2623 893 2712 941 καὶ
2758 886 3036 962 ἀνθρώπων
3077 891 3388 959 φανήσεται.
3423 884 3485 938 ⁸Λ
3529 889 3705 958 μέντοι
3736 884 3845 955 (7‘2)

2245 980 2504 1051 ἀνέγνως,
2555 980 2648 1032 οῦκ
2702 983 2894 1052 ἔγνως·
2953 979 2995 1031 εἰ
3048 981 3150 1052 γὰρ
3209 981 3400 1050 ἔγνως,
3461 980 3552 1030 οῦκ
3607 975 3666 1027 ἆν
3723 994 3849 1026 κατ-

2245 1073 2417 1142 ἔγνως.

2794 1218 3133 1266 ΕΠΙΣΤΟΛΗ
3174 1211 3297 1265 ΜΚ·

480 1340 730 1416 Chiloni
748 1341 1121 1416 demonstrat
1169 1349 1385 1400 auctor
1433 1343 1699 1412 epistolae
1744 1357 1866 1397 non
1909 1340 2054 1397 satis
2105 1338 2734 1416 e_sse_r_ecteincipere,
2766 1338 2870 1416 sed
2898 1339 2970 1416 in_
3007 1334 3853 1416 perseverantiapmniaesse

547 1415 781 1482 posita;
817 1415 1002 1484 plura
1046 1416 1234 1470 tradit
1279 1407 1568 1472 solitaria:
1608 1416 1743 1470 vitae
1767 1417 2100 1484 prmeepta,
2127 1413 2191 1465 in
2242 1410 2329 1484 liis
2376 1415 2439 1484 ut
2479 1407 2600 1484 non
2643 1410 2845 1466 statim
2889 1410 2970 1466 ad
3016 1423 3312 1484 summum
3352 1407 3737 1476 perfectionis
3789 1419 3853 1484 se

550 1482 850 1548 intendat,
881 1487 983 1542 sed
1022 1487 1326 1557 paulatim
1364 1487 1814 1557 progrediatur.
1858 1482 2784 1557 Cavendumjmprimismonet,
2813 1496 2892 1557 ne
2917 1496 3027 1550 per
3063 1482 3386 1557 speciosam
3419 1492 3660 1534 causam
3690 1483 3852 1532 recte

551 1557 614 1613 in
650 1559 870 1614 saeculo
899 1553 1141 1614 vivendi
1169 1564 1222 1614 et
1249 1553 1600 1628 spirituales
1635 1561 1958 1613 conventus
1992 1553 2267 1620 obeundi,
2300 1553 2646 1609 solitudinis
2670 1553 2987 1622 fastidium
3018 1553 3284 1622 obrepat.

772 1681 871 1738 Ad
911 1681 1222 1739 Chilonem
1252 1682 1616 1754 discipulum
1653 1697 1850 1738 suum.

557 1809 608 1860 1.
650 1805 939 1863 Salutaris
971 1806 1057 1862 rei
1088 1812 1300 1863 auctor
1328 1822 1430 1863 ero
1458 1807 1583 1878 tibi,
1619 1821 1905 1876 germane
1934 1804 2134 1870 frater,

480 1893 531 1949 si
553 1893 806 1951 libenter
836 1911 871 1951 a
900 1911 997 1952 me
1028 1895 1349 1952 consilium
1378 1895 1454 1952 de
1483 1895 1665 1951 rebus
1691 1894 1942 1964 agendis
1973 1908 2136 1949 acce-

479 1981 677 2054 peris:
720 1999 791 2039 ac
840 1983 916 2040 de
963 1984 1034 2039 iis
1064 1985 1348 2051 maxime,
1380 1983 1455 2040 de
1499 1984 1722 2057 quibus
1751 1983 1882 2055 ipse
1911 1980 2137 2051 rogasti

478 2075 545 2128 ut
573 2071 680 2127 tibi
719 2072 1036 2129 consilium
1073 2073 1378 2130 daremus.
1428 2075 1579 2130 Nam
1636 2072 1969 2129 solitariam
2008 2069 2136 2143 qui-

477 2160 618 2216 dem
649 2161 834 2218 vitam
861 2162 1123 2235 incipere
1154 2163 1326 2218 multi
1355 2162 1607 2219 fortasse
1635 2163 1768 2219 ausi
1806 2165 1980 2217 sunt:
2029 2158 2135 2214 sed

477 2265 629 2320 rem,
660 2255 726 2307 ut
763 2267 875 2324 par
918 2257 1027 2321 est,
1059 2252 1372 2309 absolvere
1415 2252 1592 2325 pauci
1623 2252 1888 2325 profecto
1937 2249 2138 2307 elabo-

479 2345 782 2397 raverunt.
816 2346 896 2397 Ac
923 2343 1176 2398 omnino
1201 2357 1324 2398 non
1355 2342 1416 2398 in
1436 2345 1748 2415 proposito
1775 2341 1973 2397 solum
1999 2355 2135 2395 con-

482 2428 635 2485 sistit
661 2431 892 2486 exitus:
928 2431 1034 2486 sed
1072 2431 1134 2486 in
1163 2431 1357 2486 existu
1383 2430 1664 2488 laborum
1689 2430 1934 2486 fructus.
1968 2428 2138 2485 Nulla

485 2532 631 2587 ergo
685 2519 947 2582 utilitas,
996 2536 1122 2576 non
1179 2520 1645 2593 properantibus
1711 2520 1790 2576 ad
1847 2519 2138 2592 propositi

482 2605 690 2676 ﬁnem,
719 2609 826 2664 sed
855 2609 1022 2666 initio
1052 2609 1178 2665 solo
1211 2609 1649 2666 monachorum
1676 2609 1862 2665 vitam
1888 2609 2138 2664 circum-

482 2695 926 2754 scribentibus:
983 2700 1131 2772 quin
1173 2699 1353 2755 etiam
1401 2704 1458 2756 et
1515 2699 1913 2756 deridendum
1953 2698 2137 2756 relin-

481 2791 675 2859 quunt
719 2804 893 2844 suum
936 2789 1204 2862 ipsorum
1251 2790 1654 2863 prepositum,
1687 2789 1748 2846 in
1796 2789 2052 2860 ignaviae
2081 2794 2139 2845 et

475 2875 736 2934 levitatis
767 2879 994 2936 crimen
1025 2881 1190 2952 apud
1222 2885 1456 2936 exteros
1482 2881 1870 2937 incurrentes.
1904 2883 2052 2937 Nam
2082 2885 2139 2937 et

473 2965 550 3022 de
598 2966 818 3024 talibus
863 2969 1153 3025 Dominus
1205 2969 1385 3027 dicit:
1441 2971 1582 3039 Quis
1637 2972 1842 3028 volens
1895 2971 2136 3027 domum

471 3056 798 3127 aediﬁcare,
837 3075 960 3115 non
997 3060 1170 3128 prius
1213 3061 1422 3116 sedens
1460 3066 1767 3130 computat
1807 3066 2131 3130 sumptum,

469 3160 551 3203 an
593 3148 811 3205 habeat
847 3150 1061 3220 quibus
1107 3163 1255 3218 opus
1303 3151 1378 3206 sit
1423 3150 1504 3206 ad
1548 3151 2024 3207 absolvendum?
2061 3166 2135 3206 ne

463 3241 859 3309 posteaquam
904 3240 1171 3307 posuerit
1221 3240 1709 3308 fundamentum,
1754 3246 1809 3296 et
1859 3255 1978 3295 non
2027 3255 2132 3310 po-

472 3327 655 3382 tuerit
703 3329 1002 3398 perﬁcere,
1034 3328 1330 3397 incipiant
1370 3329 1633 3386 illudere
1674 3332 1726 3386 ei
1770 3335 2132 3400 praetereun-

474 3421 580 3484 tes,
631 3416 944 3473 dicentes:
995 3419 1112 3473 Hic
1169 3419 1340 3474 homo
1384 3420 1851 3489 fundamentum
1909 3421 2130 3490 posuit,

475 3508 530 3558 et
570 3519 691 3561 non
735 3508 931 3576 potuit
975 3510 1473 3564 consummare".
1511 3508 1747 3564 Initium
1790 3509 1971 3579 igitur
2017 3508 2134 3564 ala-

476 3609 640 3650 crem
667 3611 738 3651 ac
767 3602 1115 3669 promptum
1143 3598 1204 3652 in
1231 3597 1447 3654 virtute
1476 3614 1860 3670 progressum
1888 3599 2131 3656 habeat.

477 3684 707 3742 Etenim
739 3687 1244 3755 generosissimus
1275 3687 1474 3744 athela
1515 3687 1732 3743 Paulus
1777 3688 1989 3744 nolens
2022 3705 2134 3744 nos

475 3774 552 3830 de
577 3775 698 3831 vita
729 3775 884 3832 bene
914 3781 1052 3833 ante
1080 3782 1214 3832 acta
1245 3793 1487 3834 securos
1513 3778 1705 3847 otiari,
1730 3777 1837 3834 sed
1865 3778 2132 3851 quotidie

477 3863 634 3920 ultra
672 3866 976 3938 progredi,
1018 3867 1132 3922 ait:
1183 3868 1323 3934 Quae
1369 3874 1529 3924 retro
1577 3875 1716 3924 sunt
1754 3869 2128 3936 obliviscens,

477 3953 560 4010 ad
602 3969 672 4010 ea
709 3970 848 4011 vero
879 3971 1012 4026 quae
1039 3962 1179 4012 sunt
1211 3958 1421 4026 priora
1465 3958 1790 4014 extendens
1823 3960 2130 4028 meipsum,

467 4044 660 4113 juxta
688 4059 933 4113 scopum
963 4060 1290 4117 persequor
1319 4047 1401 4102 ad
1431 4047 1705 4103 bravium
1735 4063 2011 4117 supernas
2043 4064 2137 4105 vo-

551 4177 598 4212 ²⁶
641 4178 779 4233 Luc.
823 4192 940 4241 xxv,
981 4182 1172 4236 28-30.

552 4303 573 4325 *
609 4301 770 4358 Alias
802 4307 844 4359 Ι.

550 4373 668 4450 (70)
711 4377 1174 4450 Καὶ-συμπαθοῦς.
1209 4376 1394 4450 Bigot.
1429 4381 1520 4430 καὶ
1547 4377 1875 4450 λογιστικοῦ,

552 4447 665 4518 (ᾙ)
707 4449 776 4498 Τὸ
824 4445 1004 4518 λέγειν.
1038 4448 1188 4503 Vetit
1237 4445 1578 4516 Cotelerius,
1611 4445 1900 4508 adversus
1953 4451 2139 4508 Deum

481 4517 664 4574 verba
690 4517 917 4592 facere.
955 4519 1069 4592 Sed
1099 4519 1214 4574 hac
1257 4535 1400 4592 voce
1439 4521 1737 4591 judicium
1763 4522 2138 4592 designatur,

482 4603 556 4662 ac
573 4589 850 4662 omnium
873 4590 1184 4646 actionum
1213 4589 1527 4648 reddenda
1549 4594 1732 4662 ratio;
1755 4589 1954 4650 statim
1979 4595 2142 4650 enim

483 4658 727 4716 additur
764 4662 1074 4718 neminem
1121 4678 1285 4718 nunc
1328 4662 1480 4718 inter
1519 4658 1728 4720 Deam'
1755 4671 1811 4720 et
1863 4665 2142 4722 homines

481 4732 881 4809 mediatorem
910 4733 1202 4791 futurum.
1239 4734 1381 4809 Vide
1421 4737 1550 4790 Not.
1584 4735 1665 4809 ad
1702 4736 2020 4809 epistolam
2051 4742 2140 4794 33.

556 4801 670 4876 (72)
707 4803 771 4858 Ἀ
799 4808 993 4876 μέντοι,
1037 4811 1146 4862 etc.
1182 4809 1316 4862 Haec
1345 4801 1802 4876 desumpsimus
1833 4825 1907 4864 ex
1936 4809 2144 4865 codice

484 4874 814 4953 ljarlgeano.
849 4879 1101 4953 pesunt
1138 4878 1324 4953 enim_
1343 4877 1407 4953 in
1454 4874 1744 4953 Medicina
1774 4883 1832 4953 et
1886 4886 2144 4953 utroque

484 4945 662 5002 Ccisl.
713 4951 769 5002 et
811 4946 942 5002 aliis
989 4964 1026 5005 a
1065 4949 1430 5006 Combeﬁsio
1483 4954 1542 5006 et
1587 4950 1876 5008 Cotelerio
1925 4945 2140 5009 citatis.

483 5017 698 5087 Narrat
727 5019 1093 5074 Sozomenus
1121 5019 1225 5078 lib.
1258 5038 1314 5082 v.
1349 5039 1401 5077 c.
1434 5025 1520 5087 18,
1549 5022 1854 5080 lulianum
1887 5023 2148 5081 celeber-

482 5086 651 5168 rimis
677 5089 980 5168 episcopis
1017 5092 1328 5168 scripsisse
1359 5093 1419 5148 in
1449 5093 1578 5168 haec
1617 5096 1841 5168 verba:
1877 5097 2142 5168 Ἀνέγνων,

487 5160 665 5231 ἔγνων,
719 5160 1004 5234 κατέγνων,
1038 5160 1198 5233 Legi,
1245 5166 1515 5234 cognovi,
1557 5160 2009 5225 condemnavi
2043 5184 2147 5224 eos

483 5235 688 5312 autem
740 5231 824 5288 sic
858 5231 1254 5312 respondisse
1284 5231 1853 5312 :‘Agz’yv’wgbnﬂodx
1879 5243 2067 5312 ἕγνως’
2105 5240 2148 5292 εἰ

483 5305 801 5383 γᾷρᾼὲγνως,
847 5303 941 5383 οὐκ
967 5303 1048 5357 νόιν
1079 5311 1352 5383 κατέγνως,
1386 5303 1623 5378 Legisti,
1645 5311 1752 5383 343d
1780 5303 2148 5383 non'cogno-

485 5376 659 5447 nisti;
685 5392 828 5433 nam
855 5376 911 5431 si
937 5376 1483 5447 cognovis'ses.'non
1529 5376 2023 5440 condemnasses:
2035 5383 2150 5439 Ad-

485 5445 784 5522 dit__idem
830 5445 1086 5522 script—or
1120 5449 1299 5522 hanc
1334 5451 1651 5522 epistolam
1679 5454 1890 5511 Basilio
1919 5473 1956 5512 a
1992 5471 2149 5512 non-

486 5517 668 5593 nullis
695 5535 819 5576 non
849 5517 978 5576 sine
1003 5519 1306 5593 probabili
1335 5517 1563 5579 ratione
1595 5525 1861 5582 attribui.

564 5591 676 5669 (73)
715 5595 846 5669 Πρρς
885 5591 1116 5669 Χίλωνα.
1177 5595 1313 5669 illnc
1366 5593 1620 5667 epistola
1668 5596 1730 5652 in
1778 5597 1985 5654 codice
2039 5601 2152 5655 Ma-

493 5663 770 5718 zarinaeo'
799 5663 1146 5723 inscribitur
1192 5664 1373 5738 ὁμιλία
1402 5663 1570 5740 ’πρός,
1628 5671 1748 5725 etc.
1815 5672 1880 5726 ln
1945 5670 2151 5729 codice

2468 1681 2600 1754 Πρὸς
2638 1677 2846 1732 Χίλωνα
2885 1681 2994 1746 (73)
3036 1696 3121 1730 τον
3161 1675 3320 1730 αὐτοῦ
3359 1676 3620 1748 μαθητήν.

2325 1809 2369 1860 1.
2428 1808 2690 1879 Σωτῂρίου
2757 1806 3068 1878 πράγματος
3141 1805 3305 1862 αἱτιος
3376 1803 3665 1872 γενήσομαί
3735 1800 3848 1869 (74)

2247 1914 2351 1963 σοι,
2380 1892 2419 1945 ὦ
2461 1900 2644 1966 γνήσιε
2685 1891 2894 1966 ἀδελφὴ,
2928 1894 2972 1946 εἰ
3014 1890 3182 1954 ἡδέως
3237 1890 3672 1963 συμϐουλευθείης
3722 1889 3848 1962 παρ’

2243 1986 2390 2056 ἡμῶν
2440 1987 2506 2036 τὰ
2559 1988 2833 2060 πρακτέα·
2889 1983 3120 2056 μάλιστα
3173 1985 3292 2055 περὶ
3357 1981 3424 2031 ὧν
3491 1982 3631 2052 ἡμᾶς
3688 1978 3850 2041 αὐτὸς

2244 2073 2602 2149 παρεκαλεσας
2654 2073 3044 2147 συμϐουλεῦσαι
3098 2091 3201 2126 σοι.
3251 2074 3320 2124 Τό
3377 2073 3468 2142 μὲν
3514 2071 3613 2144 γὰρ
3656 2071 3853 2142 κατάρ-

2246 2163 2438 2227 ξασθαι
2477 2170 2567 2215 τοῦ
2615 2168 2873 2235 μονὴρους
2924 2160 3046 2234 βίον
3077 2159 3284 2221 πολλοῖς
3324 2162 3453 2220 ἴσως
3494 2157 3810 2230 τετόλμηται
3833 2175 3846 2189 ·

2244 2258 2302 2306 τὸ
2344 2251 2402 2306 δὲ
2460 2252 2614 2315 ἀξίως
2658 2251 2946 2305 ἐπιτελέσαι
2985 2251 3183 2322 ὀλίγοις
3225 2251 3372 2321 τάχα
3399 2267 3500 2301 πον
3537 2252 3846 2306 πεπόνηται.

2247 2349 2348 2397 Καὶ
2412 2345 2613 2403 παντως
2665 2342 2759 2394 οὐκ
2816 2342 2864 2393 ἐν
2922 2342 3168 2416 προθέσει
3226 2338 3538 2412 μόνον’(Ἱὸ)
3583 2340 3641 2389 τὸ
3703 2337 3849 2397 τέλος

2245 2435 2499 2506 ὑπάρχει,
2551 2431 2654 2484 ἀλλ’
2707 2430 2754 2483 ἐν
2802 2439 2874 2501 τῷ
2935 2430 3066 2483 τέλει
3121 2433 3178 2482 τό
3232 2424 3419 2503 κέρδος
3472 2435 3570 2480 τῶν
3625 2445 3844 2483 πεπονη-

2244 2527 2426 2597 μένων.
2478 2523 2678 2574 Οὐκοῦν
2731 2517 2882 2574 οὐδὲν
2939 2520 3113 2592 ὄφελος
3164 2525 3274 2581 τοῖς
3323 2522 3394 2591 μὴ
3459 2520 3589 2591 πρὸς
3638 2519 3696 2568 τό
3752 2523 3848 2568 τοῦ

2248 2620 2447 2666 σκοποῦ
2494 2606 2662 2673 τέλος
2693 2610 3053 2684 ἕπειγομένοις,
3099 2610 3235 2682 ἄχρι
3288 2605 3348 2661 δε
3396 2616 3486 2669 τῆς
3535 2605 3713 2681 ἀρχῆς
3753 2609 3849 2678 μό-

2244 2723 2334 2765 νης
2382 2704 2572 2754 ἑστῶσι
2605 2704 2692 2755 τὸν
2731 2709 2830 2753 τῶν
2881 2708 3127 2772 μοναχῶν
3169 2697 3287 2772 βίον
3310 2715 3322 2728 ·
3356 2697 3415 2750 οὐ
3459 2701 3562 2770 μὴν
3601 2695 3731 2748 ἀλλὰ
3755 2700 3851 2748 καὶ

2245 2792 2628 2864 καταγέλαστον
2705 2789 3163 2863 καταλιμπάνουσι
3223 2793 3317 2847 τήν
3393 2787 3590 2841 ἑαυτῶν
3661 2787 3851 2859 πρόθε-

2249 2902 2352 2953 σιν,
2407 2878 2687 2954 ἀνανδρίας
2741 2884 2830 2932 καὶ
2881 2877 3125 2940 ἀϐουλίας
3177 2879 3322 2952 παρὰ
3376 2884 3475 2928 τῶν
3533 2875 3714 2938 ἔξωθεν
3767 2873 3853 2946 ἐγ-

2245 2973 2570 3046 καλούμενοι.
2631 2975 2766 3029 ψησὶ
2819 2971 2920 3046 γὰρ
2955 2970 3066 3042 (76)
3109 2973 3200 3021 καὶ
3251 2969 3277 3020 ὁ
3338 2969 3524 3042 Κύριος
3573 2985 3692 3037 περι
3745 2974 3851 3018 τῶν

2243 3066 2488 3116 τοιούτων
2520 3083 2533 3098 ·
2619 3066 2751 3130 Τίς,
2831 3059 3140 3134 βουλόμενος
3223 3055 3363 3110 οἶκον
3445 3053 3847 3130 οἰκοδομῆσαι,

2245 3154 2370 3226 οὐχὶ
2437 3160 2646 3226 πρῶτον
2711 3152 2937 3211 καθίσας
3002 3148 3226 3222 ψηφίζει
3299 3152 3388 3205 τὴν
3451 3143 3728 3216 δαπάνην,
3805 3146 3852 3197 εἰ

2245 3246 2357 3316 ἔχει
2422 3245 2488 3294 τὰ
2551 3244 2684 3315 πρὸς
2758 3239 3125 3314 ἀπαρτισμόν;
3188 3242 3257 3310 μή
3321 3256 3465 3306 ποτε,
3523 3238 3692 3297 θέντος
3759 3235 3854 3287 αὖ·

2243 3340 2335 3386 τοῦ
2405 3330 2632 3405 θεμέλιον
2657 3375 2671 3400 ,
2746 3335 2836 3384 καὶ
2899 3334 2970 3403 μὴ
3053 3328 3330 3400 ἰσχύοντος
3395 3325 3693 3392 ἑκτελέσαι,
3755 3327 3850 3400 ἅρ-

2245 3423 2434 3486 ξωνται
2508 3420 2778 3494 ἐμπαίζειν
2853 3419 2997 3490 αὐτῷ
3062 3419 3110 3470 οἱ
3179 3421 3695 3492 παραπορευόμενοι,
3771 3414 3852 3468 λέ-

2241 3533 2454 3584 γοντες,
2534 3513 2613 3564 ὃτι
2677 3510 2735 3562 Ὀ
2810 3511 3080 3582 ἄνθρωπος
3146 3507 3292 3569 οὗτος
3365 3506 3590 3580 θεμέλιον
3654 3506 3847 3573 ἔθηκε,

2242 3607 2332 3655 καὶ
2409 3601 2502 3654 οῦκ
2567 3604 2796 3672 ἴσχυσεν
2863 3598 3147 3652 ἐκτελέσαι.
3206 3596 3263 3650 Ἦ
3327 3594 3415 3648 οὖν
3478 3595 3621 3670 ἀρχὴ
3682 3594 3850 3666 ἐχέτω

2241 3698 2336 3752 τὴν
2392 3697 2660 3768 προκοπήν
2718 3693 2998 3766 προθύμως
3059 3689 3141 3742 ἐπὶ
3187 3696 3259 3760 τῷ
3307 3689 3694 3761 κατορθώματι.
3746 3691 3852 3739 Καὶ

2241 3785 2343 3856 γὰρ
2411 3783 2435 3833 ὁ
2496 3785 2853 3853 γενναιότατος
2929 3778 3156 3840 ἀθλητὴς
3233 3777 3472 3842 Παῦλος,
3533 3775 3853 3850 βουλόμενος

2244 3875 2383 3945 ἡμᾶς
2451 3872 2563 3942 (77)
2644 3875 2714 3943 μὴ
2796 3868 3156 3944 ἐπαμεριμνεῑν
3233 3874 3336 3928 τοῖς
3418 3865 3854 3940 προϐεϐιωμὲνοις

2245 3959 2492 4033 ἀγαθοῖς,
2551 3958 2660 4011 ἀλλ’
2710 3960 2968 4033 ὁσημεραι
3019 3957 3093 4017 εἰς
3158 3959 3215 4008 τὸ
3275 3959 3455 4030 πρόσω
3500 3960 3853 4029 προκόπτειν,

2244 4050 2380 4121 λέγει
2413 4067 2425 4080 '
2507 4056 2618 4102 Τῶν
2705 4049 2917 4101 ὄπισθεν
3004 4045 3505 4118 ἐπιλανθανόμενος,
3599 4052 3708 4106 τοῖς
3793 4043 3856 4098 δὲ

2248 4309 2432 4380 Regio
2478 4311 2617 4365 2895
2651 4307 2792 4380 haec
2813 4305 3160 4380 _leguntur:
3192 4307 3338 4380 Τινὲς
3366 4308 3460 4380 τόν
3496 4303 3641 4380 λόγον
3668 4309 3852 4356 τοῦτον

2249 4375 2526 4454 τοῦῖιγίου
2556 4375 2925 4454 Νείλου-εἶναί
2952 4377 3185 4454 λέγουσι,
3221 4377 3477 4448 Quidam
3530 4375 3681 4434 hanc
3720 4390 3862 4432 ora-

2253 4451 2469 4510 tionem
2496 4452 2694 4509 sancti
2719 4451 2850 4507 Nili
2878 4466 2999 4507 esse
3026 4451 3255 4507 dicunt.

2321 4525 2433 4595 (74-)
2477 4527 2790 4596 I‘svbaogui.
2817 4525 3003 4596 _Unus
3035 4537 3108 4577 ex
3136 4521 3333 4596 R_egiis
3378 4520 3689 4579 codicibus
3723 4518 3870 4592 εὖγε-

2251 4589 2501 4670 νήσομαι.
2536 4589 2704 4670 Unus
2731 4592 2939 4649 itidem
2970 4596 3110 4670 Reg.
3146 4589 3198 4645 εὖ
3225 4589 3535 4670 γενήσομαι.

2325 4665 2433 4741 (75)
2473 4671 2660 4741 Μόνον.
2689 4669 2830 4741 Reg.
2849 4665 3164 4741 secundus
3190 4669 3343 4738 μόνῃ.
3371 4665 3530 4723 Infra
3550 4665 3672 4722 duo
3701 4681 3862 4722 mss.

2254 4734 2496 4817 codices
2526 4738 2722 4817 obtine
2748 4734 2996 4817 δέ-ᾁλλάι,
3231 4807 3269 4817 ..

2325 4812 2438 4882 (76)
2479 4807 2624 4883 enat
2651 4811 2775 4883 γάρ.
2817 4809 3106 4883 Voculam
3132 4807 3480 4883 addidimus
3509 4824 3583 4865 ex
3620 4807 3871 4883 duobus

2254 4878 2427 4956 mss.
2451 4878 2670 4940 Statim'
2711 4878 2931 4956 Regius
2981 4880 3529 4956 secundusim’gpyov
3560 4897 3670 4956 pro
3701 4878 3868 4956 οἷκον.

2257 4953 2447 5028 Paulo
2499 4958 2638 5028 post
2689 4953 2833 5010 editi
2887 4953 2971 5008 ἵνα
3025 4958 3247 5026 μήποτε.
3293 4952 3414 5011 Sed'
3454 4955 3538 5006 ἶνα
3563 4952 3752 5009 ‘deest
3802 4953 3876 5008 in

2255 5026 2468 5083 iisdem
2500 5026 2648 5082 mss.

2331 5099 2440 5170 (77)
2473 5097 2655 5172 ’Πμᾶς.
2681 5100 2846 5172 Hanc
2874 5112 3088 5172 vocem
3119 5095 3471 5172 addidimus
3500 5113 3574 5172 ex
3606 5100 3746 5172 Reg.
3768 5111 3884 5152 co-

2257 5167 2390 5226 dice
2423 5167 2653 5242 primo.
2685 5169 2997 5242 Secundus
3029 5169 3115 5242 sic
3142 5168 3360 5226 habet:
3393 5171 3671 5242 προθύμως
3699 5167 3781 5220 ἐπὶ
3800 5172 3884 5242 ’τὸ

2258 5250 2356 5315 τῶν
2407 5236 2824 5315 κατορθωμάτων
2875 5240 3016 5303 τέλος
3067 5240 3388 5313 ἐπειγομένη.
3430 5236 3594 5315 Τοῦτο
3638 5242 3738 5314 γὰρ
3785 5236 3828 5292 δ
3835 5261 3886 5293 ι-

2261 5310 2452 5366 δάσκει
2767 5309 2888 5388 ἰδίῳ
2912 5309 3359 5388 κατορθώματι...
3387 5317 3457 5384 μὴ
3507 5309 3883 5388 ἐπαμερὶμνείν

2259 5392 2384 5452 τοῖς,
2415 5385 2802 5442 οῐοζΙηὶειίιηι
2834 5386 3026 5456 igitur
3049 5385 3275 5442 acriter
3298 5391 3583 5455 properet
3611 5385 3692 5440 ad
3711 5391 3886 5441 recte

2255 5457 2564 5527 factorum
2593 5459 2794 5526 ﬁnem.
2825 5457 2898 5512 Id
2926 5457 3082 5514 enim
3111 5472 3218 5513 nos
3261 5456 3430 5514 docet
3458 5458 3723 5526 propria:
3753 5460 3885 5512 vir-

2263 5530 2408 5586 tutis
2456 5530 2727 5599 eat-empto
2764 5530 3048 5600 Paulus;
3089 5543 3162 5586 ne
3205 5529 3431 5586 scilicet
3471 5529 3544 5584 de
3573 5529 3696 5585 vita
3727 5535 3887 5586 ante

2266 5601 2410 5658 bene
2465 5607 2607 5658 acta
2648 5601 2846 5657 securi
2895 5601 3170 5671 otiemur,
3220 5600 3324 5658 sed
3381 5600 3644 5673 quotidie
3697 5601 3885 5659 ultra

2263 5673 2755 5746 progrediamur,
2785 5673 3007 5742 dicens,
3034 5676 3148 5729 etc.
