4114 6434
226 355 309 419 3L9
1303 377 1798 438 EPISTOLARUM
1836 374 2125 435 CLASSIS
2163 379 2204 434 Ι.
2256 380 2469 440 EPIST.
2512 384 2668 440 XLII.

3566 382 3673 447 350

236 488 523 567 ἔμπροσθε-ν
559 495 1047 576 ἰπεκτεινόμενος,
1078 504 1212 557 κατά
1237 522 1429 557 σκοπόν
1463 500 1639 557 διώκω
1662 505 1773 575 (78)
1817 502 1896 556 ὲπι

2017 504 2271 561 cationis
2296 507 2365 563 ³⁷.
2397 509 2549 565 Nam
2574 508 2710 565 talis
2746 509 2920 582 126
2937 512 3027 567 est
3053 511 3178 567 tota
3202 509 3521 568 hominum
3545 512 3668 572 vita

245 583 293 635 τὸ
324 580 587 658 βραϐεῖον
623 599 740 653 τῆς
789 595 907 645 ἄνω
935 593 1187 655 κλήσεως.
1238 600 1484 656 Τοιοῦτος
1522 597 1621 670 γὰρ
1668 596 1906 667 ὑπάρχει

258 672 360 740 ὅλος
381 677 408 730 ὸ
441 687 553 731 τῶν
587 678 911 754 ἀνθρώπων
940 681 1079 757 βίος,
1110 688 1180 756 μὴ
1212 682 1529 758 ἀρκούμενος
1555 691 1663 748 τοῖς
1689 686 1900 757 φθάσα-

276 788 368 837 σιν,
394 767 532 823 ana
559 776 902 847 τρεφόμενος
932 773 991 826 0'5
1049 780 1156 835 τοῖς
1214 774 1452 845 φθάσασι
1509 774 1721 847 μᾶλλον,
1775 772 1904 827 ἀλλά

279 868 379 924 τοῖς
401 860 685 934 μέλλουσι.
716 866 787 915 Τί
812 864 921 935 γὰρ
953 861 1134 935 ὠφελεῖ
1175 864 1446 936 ἄνθρωπον
1498 864 1524 915 ὁ
1563 864 1755 936 χθιζός
1811 871 1902 924 τῆς

276 956 503 1027 γαστρὸς
532 954 718 1026 κόρος,
746 956 980 1027 σήμερον
1010 961 1105 1014 τῆς
1135 951 1364 1025 ἐμφύτου
1387 957 1565 1016 πείνης
1588 958 1681 1012 τήν
1708 952 1900 1006 οἰκείαν

276 1050 371 1105 τῆς
395 1040 655 1119 βρώσεως
680 1044 1030 1117 παραμυθίαν
1059 1046 1131 1115 μὴ
1164 1044 1520 1116 εὑρισκούσης
1550 1062 1563 1113 ;
1593 1044 1772 1106 Οὕτως
1812 1038 1900 1095 οὖν

269 1128 401 1186 οὐδὲ
430 1132 632 1204 ψυχῆς
657 1128 853 1207 κέρδος
892 1138 986 1185 τοῦ
1028 1134 1282 1204 χθεσινοῦ
1333 1135 1755 1209 κατορθώματος,
1810 1141 1901 1194 τῆς

267 1231 573 1296 σημερινῆς
604 1220 1097 1295 ἀπολιμπανομένου
1150 1218 1583 1299 δικαιοπραγίας·
1646 1223 1768 1276 Οἷον
1798 1224 1898 1299 γὰρ

260 1311 407 1386 εὕρω
440 1331 522 1379 σε,
555 1315 721 1383 φησὶ,
752 1314 986 1365 τοιοῦτόν
1012 1330 1069 1364 σε
1098 1320 1282 1387 κρινῶ.

345 1406 407 1458 2.
438 1400 648 1454 Οὐκοῦν
676 1402 904 1474 μάταιος
933 1404 1024 1473 μεν
1049 1408 1139 1455 τοῦ
1162 1397 1375 1454 δικαίου
1402 1402 1573 1455 ὁκὸπο
1584 1422 1625 1472 ς,
1655 1400 1901 1474 ἀνέγκλη-

268 1510 375 1553 τος
410 1486 477 1543 δε
503 1495 709 1544 καὶτοῦ
742 1489 1055 1564 ἀμαρτωλοῡ
1085 1492 1111 1543 ό
1138 1494 1345 1565 τρόπος,
1391 1489 1751 1564 ἐπιγενομένης
1786 1491 1898 1563 (79)

274 1578 574 1652 suum;
599 1599 612 1613 ’
644 1586 723 1650 τῷ
744 1582 835 1652 μὲν
869 1577 970 1633 ἀπὸ
1000 1587 1091 1633 τοῦ
1120 1584 1409 1653 κρείττονος
1459 1581 1544 1632 ἐπὶ
1584 1582 1643 1633 τό
1694 1588 1896 1654 χεῖρον,

274 1678 356 1741 τῷ
390 1666 455 1722 δὲ
485 1667 587 1722 ἀπό
618 1675 713 1722 τοῦ
743 1672 982 1743 χείρονος
1024 1668 1108 1722 ἐπὶ
1149 1672 1208 1723 τὸ
1229 1676 1461 1745 κρεῖττον
1491 1668 1887 1742 μεταϐληθένττ.

266 1765 468 1812 Ταῦτα
492 1757 589 1810 καί
617 1765 714 1811 τοῦ
745 1757 997 1821 Ἰεζεκιὴλ
1025 1760 1095 1821 ὡς
1140 1756 1195 1811 ἐκ
1242 1764 1527 1832 προσώπου
1574 1766 1667 1811 τοῦ
1702 1763 1896 1833 Κυρίου

2013 608 2139 650 non
2185 600 2468 654 contenta
2506 598 2577 655 iis
2620 615 2751 673 quae
2800 605 3261 672 praecesserunt,
3306 601 3415 658 sed
3446 605 3669 660 nutrita

2012 697 2137 739 non
2175 685 2369 755 magis
2405 688 2714 760 praeteritis
2770 705 2956 761 quam
3014 688 3248 746 futuris.
3302 689 3458 756 Quid
3502 691 3666 748 enim

2011 773 2259 844 prodest
2301 775 2533 835 homini
2569 778 2851 835 hesterna
2910 779 3133 835 ventris
3174 778 3439 850 satietas,
3479 780 3662 838 hodie

2010 861 2192 921 insita
2246 864 2405 921 fame
2436 869 2803 925 conveniens
2853 868 2970 926 cibi
3001 868 3287 926 solatium
3329 885 3452 927 non
3495 870 3664 927 inve-

2010 950 2209 1010 niente
2234 954 2263 1009 ‘I
2294 955 2385 1011 Sic
2409 955 2591 1027 igitur
2608 973 2805 1031 neque
2837 957 3051 1015 animae
3078 957 3319 1015 lucrum
3364 958 3554 1016 ullum
3595 977 3669 1017 ex

2009 1046 2165 1099 recte
2194 1042 2354 1101 facto
2382 1045 2860 1121 hesterno,qnod
2880 1047 2957 1104 ab
2974 1047 3267 1106 hodierno
3298 1065 3480 1122 opere
3500 1051 3667 1123 justo

2009 1129 2319 1189 deseritur.
2353 1134 2603 1203 Qualem
2641 1139 2818 1206 enim,
2851 1136 3065 1210 inquit,
3096 1139 3330 1210 reperio
3362 1145 3439 1206 te,
3475 1140 3658 1197 talem

2011 1224 2067 1277 te
2082 1222 2318 1293 judico.
2621 1223 2625 1227 ’

2080 1404 2135 1456 2.
2175 1403 2381 1474 Itaque
2416 1418 2613 1460 vanus
2650 1408 2739 1461 est
2770 1403 2917 1476 justi
2952 1404 3148 1475 labor,
3188 1405 3470 1479 inculpati
3508 1406 3654 1465 item

2008 1494 2148 1545 sunt
2176 1493 2510 1567 peccatoris
2538 1509 2759 1563 mores,
2793 1495 3249 1567 superveniente
3286 1496 3661 1554 immutatio-

2007 1594 2083 1635 ne
2108 1595 2120 1646 ;
2155 1555 2322 1638 alteri
2350 1555 2597 1654 quidem
2621 1598 2659 1639 a
2675 1555 2887 1641 virtute
2913 1584 2993 1640 ad
3015 1584 3248 1653 vitium,
3263 1584 3433 1642 alteri
3459 1590 3661 1642 autem

2007 1686 2045 1726 a
2074 1668 2217 1728 vitio
2242 1671 2316 1727 ad
2347 1671 2623 1730 virtutem
2655 1674 2961 1732 translato.
3015 1678 3148 1732 Haec
3194 1679 3252 1732 et
3298 1675 3661 1733 Ezechielem

2006 1758 2169 1816 velut
2196 1775 2270 1817 ex
2312 1775 2579 1833 persona
2624 1763 2859 1821 Domini
2901 1763 3221 1821 docentem
3262 1765 3474 1822 audire
3502 1764 3660 1822 licet.

256 1843 708 1920 δογματίζοντος
733 1848 872 1900 ἔστιν
900 1845 1147 1903 ἀκοῦσαι.
1172 1846 1288 1900 Ἐὰν
1307 1850 1431 1920 γὰρ,
1458 1852 1636 1920 φησιν,
1661 1845 1896 1909 ἐκκλίνας

2010 1849 2068 1905 Si
2094 1849 2277 1921 enim,
2309 1851 2520 1923 inquit,
2548 1852 2751 1923 justus
2790 1852 3098 1911 declinans
3155 1853 3491 1928 deliquerit,
3537 1870 3663 1912 non

248 1940 285 1990 ὁ
321 1933 559 1998 δίκαιος
576 1935 959 2011 πλημμελήσῃ,
982 1936 1041 1991 οὐ
1073 1940 1144 2010 μὴ
1168 1938 1387 2009 μνησθω
1414 1945 1513 1990 τῶν
1546 1932 1896 1990 δικαιοσυνῶν

246 2027 333 2079 ὧν
370 2027 637 2087 ἐποίησεν
663 2028 955 2101 ἔμπροσθεν
984 2028 1123 2097 (80).
1159 2025 1267 2080 ἀλλ’
1289 2025 1338 2079 ἐν
1368 2035 1431 2100 τῇ
1473 2026 1706 2100 ἁμαρτία
1735 2027 1895 2080 αὐτοῦ

241 2116 653 2172 ἀποθανεῖται.
689 2119 758 2170 Τὸ
790 2112 850 2169 δὲ
876 2116 1005 2169 αὐτὸ
1032 2135 1164 2189 φησι
1191 2120 1281 2170 καὶ
1301 2121 1420 2190 περὶ
1444 2124 1535 2168 τοῦ
1562 2116 1891 2192 ἀμαρτωλοῦ·

241 2208 391 2261 Ἐὰν
428 2205 768 2281 ἐπιστρέψας
795 2211 996 2280 ποιήσῃ
1035 2203 1398 2277 δικαιοσύνην,
1427 2209 1564 2270 ζωὴν
1600 2209 1818 2270 ζήσεται
1848 2204 1895 2258 ἐν

242 2297 435 2368 αὐτῇ.
498 2303 614 2351 Ποῦ
643 2299 744 2370 γὰρ
802 2298 853 2349 οἱ
903 2302 1148 2350 τοσοῦτοι
1199 2302 1399 2355 Μωύσῆ
1443 2303 1533 2348 τοῦ
1588 2297 1898 2370 θεράποντος

242 2391 453 2454 πόνοι,
486 2395 591 2447 τῆς
620 2384 671 2438 ἐν
703 2392 902 2459 στιγμῇ
938 2385 1045 2455 (81)
1069 2384 1366 2458 ἀντιλογίας
1407 2384 1897 2460 παραγραψαμένης

253 2476 445 2530 αὐτοῦ
478 2480 582 2535 τήν
608 2474 685 2538 εἰς
720 2479 816 2533 τὴν
845 2482 942 2546 γῆν
990 2483 1083 2537 τῆς
1131 2474 1445 2547 ἐπαγγελίας
1500 2470 1746 2543 εἴσοδον,
1787 2482 1895 2529 Ποῦ

256 2563 330 2619 δὲ
357 2570 463 2619 καὶ
490 2567 521 2623 ἡ
556 2571 653 2617 τοῦ
684 2567 838 2627 Γιεζῆ
875 2569 1271 2638 συναναστροφὴ
1305 2567 1436 2639 πρὸς
1465 2568 1552 2616 τὸν
1578 2563 1893 2632 Ἐλισσαῖον,

256 2654 722 2730 φιλοχρηματίας
750 2654 915 2727 χάριν
952 2653 1141 2727 λέπραν
1193 2652 1666 2726 ἐπισπασαμένου;
1723 2657 1787 2707 Τί
1839 2650 1899 2707 δὲ

251 2749 365 2799 καὶ
392 2753 495 2797 τοῦ
528 2743 760 2806 πλήθους
785 2750 882 2807 τῆς
914 2746 1105 2816 σοφίας
1131 2751 1204 2814 τῷ
1242 2742 1535 2816 Σολομῶντι
1579 2742 1776 2816 ὄφελος,
1807 2747 1898 2797 καὶ

258 2835 298 2893 ἡ
338 2832 699 2909 προλαϐοῦσα
724 2834 947 2892 τοιαύτη
972 2834 1139 2887 ἔννοια
1168 2832 1238 2895 εἰς
1269 2835 1397 2886 Θεὸν
1430 2834 1563 2903 (82),
1595 2833 1810 2906 ὕστερον
1843 2831 1898 2888 ix

262 2931 378 2984 τῆς
405 2927 819 2994 γυναικομανίας
851 2921 925 2985 εἰς
969 2918 1393 2997 εἰδωλολατρείαν
1435 2921 1596 2976 αὐτοῦ
1626 2920 1895 2975 ἐκπεπτω-

273 3008 793 3078 κότος;Ἀλλόόδὲ
843 3015 933 3065 τὸν
964 3013 1218 3088 μακάριον
1260 3008 1424 3066 Δαϐὶδ
1466 3013 1491 3064 ό
1538 3015 1896 3085 μετεωρισμός

280 3099 495 3174 ἀφῆκεν
523 3100 830 3174 ἀνέγκλητον
864 3097 961 3154 διὰ
984 3106 1077 3161 τήν
1132 3101 1198 3163 εἰς
1252 3106 1346 3160 τὴν
1391 3109 1485 3155 τοῦ
1542 3102 1657 3172 (83)
1701 3101 1894 3175 Οὐρίου

270 3192 665 3266 πλημμελειαν.
727 3189 915 3268 ’Ἤρκει
965 3188 1025 3246 δε
1080 3197 1170 3246 καὶ
1218 3193 1247 3251 ἡ
1285 3177 1387 3246 ’τοῦ
1439 3187 1620 3246 ’ἰούδα
1664 3190 1765 3245 ἀπὸ
1804 3199 1895 3245 τοῦ

266 3287 574 3359 κρείττονος
604 3282 678 3346 εἰς
706 3284 767 3336 τό
806 3289 987 3357 χεῖρον
1036 3284 1389 3355 μετάπτωσις,
1438 3284 1565 3358 πρὸς
1614 3280 1896 3355 ἀσφάλειαν

270 3381 371 3427 τοῦ
402 3375 549 3427 κατά
578 3375 709 3427 Θεὸν
738 3372 1158 3446 πολιτευομένου,
1192 3372 1268 3439 ὃς,
1297 3369 1347 3424 ἐν
1384 3374 1661 3435 τοσούτοις
1684 3375 1897 3446 χρόνοις

270 3462 639 3537 μαθητευθεὶς
668 3470 741 3534 τῷ
770 3470 1010 3538 Χριστῷ,
1053 3462 1271 3535 ὕστερον
1301 3469 1474 3538 μικρῷ
1522 3460 1759 3535 λήμματι
1809 3463 1896 3514 τὸν

271 3549 621 3607 διδάσκαλον
680 3549 1079 3625 ἀπεμπολήσας,
1112 3550 1279 3623 ἑαυτῷ
1331 3550 1569 3624 ἀγχόνην
1622 3549 1897 3626 ἐπραγμα-

273 3645 528 3696 τεύσατο.
562 3648 730 3696 Τοῦτο
781 3636 870 3694 οὖν
927 3645 1159 3712 γνωστόν
1218 3659 1304 3695 σοι
1342 3643 1473 3693 ἔστω
1522 3641 1654 3712 (84),
1688 3637 1894 3712 ἀδελφὲ,

277 3734 365 3784 ὅτι
408 3732 520 3803 οὐχ
587 3730 612 3782 ὁ
652 3730 822 3791 καλῶς
871 3728 1185 3805 ἀρχόμενος,
1229 3724 1375 3790 οὗτος
1426 3728 1611 3790 τέλειος
1644 3750 1656 3763 ·
1713 3727 1821 3782 ἀλλ’
1872 3729 1897 3779 ό

278 3821 454 3882 καλῶς
514 3819 905 3893 ἀποτιθέμενος,
967 3819 1117 3882 οὗτος
1164 3817 1382 3892 δόκιμος
1432 3821 1577 3893 παρά
1615 3826 1748 3890 Θεῷ.
1807 3822 1893 3876 Μὴ

278 3907 373 3964 οὖν
408 3907 517 3981 δῷς
549 3911 707 3963 ὕπνον
737 3918 845 3973 τοῖς
903 3909 1206 3982 ὀφθαλμοῖς,
1252 3906 1462 3981 ἀδελφε,
1512 3905 1652 3982 μηδε
1698 3926 1898 3961 νυστα-

280 4004 419 4073 γμὸν
471 4008 590 4061 σοῖς
639 3998 939 4073 βλεφάροις,
997 4001 1080 4053 ἵνα
1138 4001 1313 4072 σωθῇς
1370 4000 1542 4071 ὥσπερ
1600 3994 1792 4072 δορκάς
1843 3996 1899 4051 ἐκ

288 4088 532 4163 βρόχων,
564 4095 656 4143 καὶ
712 4091 887 4163 ὥσπερ
947 4092 1116 4163 ὄρνεον
1178 4087 1233 4141 ἐκ
1278 4084 1527 4161 παγίδος.
1588 4086 1743 4141 Βλὶπε
1770 4088 1897 4162 γὰρ,

287 4181 377 4233 ὃτι
429 4182 537 4251 (85)
587 4178 636 4232 ἐν
696 4182 841 4252 μέσῳ
897 4174 1139 4251 παγίδων
1196 4175 1485 4240 διαϐαίνεις
1514 4220 1527 4244 ,
1587 4181 1677 4230 καὶ
1729 4174 1898 4230 ἐπάνω

283 4274 499 4343 τείχους
555 4269 765 4342 ὑψηλοῦ
816 4276 1136 4343 περιπατεῖς,
1187 4269 1299 4323 ὅθεν
1357 4267 1453 4321 οὐκ
1493 4263 1770 4321 άκίνδυνον
1823 4275 1897 4338 τῷ

282 4364 644 4415 καταπεσόντι
700 4362 760 4413 τὸ
812 4367 1023 4432 πτῶμα.
1077 4362 1163 4419 Μὴ
1229 4353 1316 4410 οὖν
1365 4356 1552 4419 εὐθέως
1624 4356 1695 4420 εἰς
1743 4355 1898 4433 ἀκρό-

280 4469 423 4510 τητα
482 4448 764 4511 ἀσκήσεως
825 4446 1056 4521 ἑκτείνης
1130 4450 1347 4502 σεαυτόν
1395 4467 1410 4481 -
1475 4443 1708 4519 μάλιστα
1756 4442 1898 4519 μηδέ

283 4540 567 4615 saepqu
595 4538 710 4610 (86)
743 4546 968 4609 σεαυτῷ,
1006 4538 1089 4591 ἵνα
1135 4541 1208 4610 μὴ
1240 4535 1295 4601 ἐξ
1333 4534 1569 4612 ἀπειρίας
1616 4534 1702 4609 ἀφ’
1726 4534 1893 4608 ὕψους

281 4639 377 4691 τῆς
422 4628 706 4690 ἀσκήσεως
761 4632 946 4701 πέσῃς.
1012 4633 1267 4700 Κρείσσον
1322 4628 1424 4700 γὰρ
1472 4626 1503 4684 ἡ
1554 4624 1668 4678 κατ’
1719 4624 1895 4698 ὀλίγον

166 4786 181 4793 ι
279 4724 553 4798 προκοπή.
598 4720 748 4774 Κατά
800 4720 987 4794 μικρὸν
1047 4716 1137 4772 οὖν
1188 4716 1370 4773 scisma
1419 4718 1515 4780 τὰς
1561 4711 1758 4781 ἡδονὰς
1804 4721 1895 4770 τοῦ

351 4900 399 4935 ’7
444 4895 668 4969 Philip.
730 4912 816 4967 iu,
894 4895 979 4967 13,

280 4989 349 5045 v1,
387 4978 439 5029 5.

1057 4898 1139 4952 14.
1215 4893 1263 4932 ³⁸
1326 4894 1535 4953 Ezech.
1604 4895 1760 4967 XNiIi,
1802 4895 1890 4952 24.

348 5151 715 5225 (78)-Διὼκωε
738 5148 894 5225 ﬂag;
925 5145 1230 5225 secundus
1253 5141 1486 5225 διώκων.
1520 5144 1710 5205 Paulo
1751 5150 1896 5221 post

287 5238 360 5301 ex_
374 5218 607 5301 eodem
641 5218 1127 5301 addi‘ti’aloghpos‘t
1153 5221 1411 5295 ὑπάρχει.

345 5296 455 5367 (79)
483 5292 912 5367 Ἐπιγενομένης.
956 5290 1048 5349 Sic
1074 5291 1197 5348 duo
1227 5290 1396 5364 mss,
1441 5290 1660 5351 melius
1701 5305 1893 5365 quam

284 5365 339 5422 in
356 5365 538 5423 editis
564 5365 913 5437 ἑπαγομένης.

348 5434 1155 5517 (80)-Ἔμπρορθτνηῡθεεεΐρῐι
1192 5437 1335 5507 Reg.
1378 5434 1671 5494 secundo.
1708 5434 1893 5494 Paulo

286 5506 412 5582 poet
435 5506 605 5568 idem
636 5506 842 5566 codex
872 5509 953 5561 ὅτι
972 5506 1144 5582 ζωὴν.

351 5584 459 5656 t8!)
480 5590 590 5647 Τῆς
620 5583 673 5636 ἐν
703 5586 939 5653 στιγμῇ.
970 5580 1113 5650 Reg.
1152 5577 1469 5656 secundus
1508 5585 1605 5643 τῆς
1663 5587 1894 5654 στιγμῆς

294 5660 396 5717 τῆς,
419 5650 551 5714 eum
580 5650 968 5713 momentum
996 5650 1514 5709 contradictionis.

286 5778 299 5785 -
357 5726 457 5797 (82)
479 5728 690 5785 Ἐννοια
720 5724 801 5786 εἰς
857 5726 1008 5779 Θεόν.
1048 5724 1226 5780 Recte
1268 5720 1553 5781 observat
1600 5721 1895 5781 Combeﬁ-

2003 1938 2373 1996 recordabor
2401 1956 2613 1998 eorum
2643 1958 2780 2016 quae
2814 1943 2973 2015 juste
3003 1943 3142 2000 fecit
3170 1949 3385 2002 antea:
3438 1945 3547 2002 sed
3599 1945 3661 2002 in

2004 2033 2254 2101 peccato
2277 2046 2388 2087 suo
2419 2030 2704 2088 morietur
2724 2033 2793 2089 ³⁸.
2819 2033 2967 2090 Dicit
2986 2032 3191 2091 autem
3215 2034 3483 2108 idipsum
3509 2038 3566 2091 et
3585 2034 3661 2091 de

2007 2124 2354 2191 peccatore:
2400 2120 2458 2178 Si
2487 2120 2882 2179 considerans
2911 2122 3116 2181 fecerit
3156 2123 3458 2195 justitiam
3504 2124 3663 2183 vivet

2004 2206 2068 2263 in
2097 2208 2232 2280 ipsa
2252 2211 2321 2264 ’9.
2357 2210 2487 2276 Quo
2517 2210 2680 2267 enim
2709 2215 2797 2269 tot
2838 2226 2911 2268 ac
2956 2212 3102 2269 tanti
3150 2211 3391 2270 labores
3444 2212 3661 2271 famuli

2004 2296 2246 2370 Moysis,
2274 2314 2416 2355 cum
2444 2298 2650 2371 ipsum
2678 2299 2774 2357 vel
2797 2300 2981 2358 unius
3019 2301 3313 2359 momenti
3360 2302 3662 2361 contradi-

2006 2386 2124 2444 ctio
2150 2390 2317 2443 terrae
2360 2388 2676 2461 promissae
2698 2389 2867 2447 aditu
2897 2391 3156 2449 arcuerit
3183 2394 3206 2448 ‘2
3240 2393 3370 2458 Quo
3417 2396 3474 2449 et
3501 2392 3662 2449 Giezi

2005 2492 2148 2533 cum
2179 2475 2387 2533 Elisaeo
2408 2477 2739 2542 convictus,
2772 2495 2912 2536 cum
2956 2479 3073 2536 sibi
3122 2479 3355 2553 lepram
3387 2481 3656 2554 pecuniae

2006 2581 2213 2623 amore
2233 2565 2509 2623 asciverit
2535 2567 2563 2623 ‘2
2594 2568 2748 2633 Quid
2779 2573 2837 2625 et
2863 2568 3175 2641 sapientiae
3213 2569 3535 2627 multitudo
3558 2573 3660 2629 Sa-

2005 2654 2315 2713 lomonem
2340 2656 2517 2727 juvit,
2559 2661 2881 2731 tantusque
2921 2657 3022 2715 Dei
3079 2673 3251 2716 amor
3304 2659 3657 2732 praeteritus,

2008 2760 2148 2801 cum
2179 2744 2573 2817 postmodum
2612 2745 2827 2803 insano
2868 2746 3190 2805 mulierum
3246 2763 3455 2806 amore
3492 2747 3662 2807 dela-

2007 2849 2154 2907 psus
2179 2833 2257 2891 sit
2271 2835 2336 2890 in
2361 2833 2816 2892 idololatriam?
2847 2835 2963 2893 Sed
2986 2851 3186 2910 neque
3211 2836 3461 2895 beatum
3494 2837 3664 2896 Davi-

2006 2923 2147 2981 dem
2211 2923 2430 2982 mentis
2493 2924 2792 2981 aberratio
2852 2924 3231 3000 inculpatum
3276 2926 3525 2995 dimisit,
3581 2926 3662 2984 ob

2006 3011 2349 3069 admissum
2368 3012 2430 3068 in
2451 3028 2702 3069 uxorem
2723 3012 2875 3069 Uria:
2900 3017 3240 3085 peccatum.
3263 3013 3418 3071 Satis
3452 3017 3657 3071 autem

2007 3106 2164 3160 esset
2183 3106 2242 3159 et
2258 3101 2424 3159 Judaa
2454 3118 2491 3159 a
2519 3102 2731 3159 virtute
2761 3102 2841 3159 ad
2878 3102 3090 3161 vitium
3131 3103 3361 3176 lapsus,
3390 3103 3470 3163 ad
3496 3120 3655 3171 eum,

1927 3231 1970 3286 Ο
2008 3191 2113 3265 qui
2140 3191 2326 3248 vitam
2348 3191 2687 3248 secundum
2704 3194 2893 3249 Deum
2915 3191 3060 3264 agit,
3083 3192 3657 3251 communiendum:

2007 3281 2113 3356 qui
2141 3280 2377 3338 tamdiu
2406 3281 2620 3339 Christi
2645 3281 3005 3355 discipulus,
3020 3286 3234 3355 postea
3263 3281 3557 3354 magistro
3578 3282 3658 3341 ob

2007 3358 2295 3441 exiguum
2320 3370 2559 3427 lucrum
2588 3370 2918 3440 divendito,
2951 3371 3067 3428 sibi
3085 3371 3214 3446 ipse
3242 3371 3533 3447 laqueum
3556 3388 3659 3446 pa-

2004 3460 2179 3528 ravit,
2210 3459 2361 3515 Illud
2392 3459 2593 3533 itaque
2613 3465 2997 3534 perspectum
3025 3461 3131 3518 tibi
3152 3461 3245 3527 sit,
3286 3461 3486 3545 frater,
3535 3477 3658 3521 non

2006 3566 2146 3607 eum
2195 3549 2299 3622 qui
2342 3550 2496 3606 bene
2542 3550 2772 3624 incipit,
2816 3551 3147 3624 perfectum
3195 3567 3362 3609 esse:
3414 3551 3519 3608 sed
3557 3551 3663 3627 qui

2005 3637 2160 3695 bene
2195 3638 2432 3708 desinit,
2466 3655 2605 3697 eum
2634 3655 2766 3696 esse
2811 3640 2929 3696 Deo
2954 3639 3303 3714 probatum.
3352 3643 3432 3697 Ne
3481 3640 3662 3714 igitur

2006 3726 2265 3793 dederis,
2287 3727 2485 3795 frater,
2529 3744 2815 3783 somnum
2853 3728 3060 3800 oculis,
3106 3744 3304 3801 neque
3352 3727 3660 3801 palpebris

2005 3816 2124 3872 tuis
2154 3816 2643 3873 dormitationem
2664 3818 2734 3887 ³ο,
2754 3822 2817 3873 ut
2834 3817 3036 3874 salvus
3061 3817 3172 3874 ﬁas
3195 3819 3356 3873 velut
3376 3818 3560 3874 dama
3583 3833 3657 3872 ex

2007 3904 2304 3976 cassibus,
2332 3909 2390 3963 et
2417 3904 2580 3962 velut
2609 3906 2739 3962 avis
2760 3922 2833 3963 ex
2859 3905 3094 3980 laqueis
3112 3907 3182 3962 3‘.
3207 3904 3533 3962 Considera
3550 3920 3659 3979 per

2006 3993 2239 4051 medios
2262 3999 2314 4050 te
2332 3993 2586 4067 laqueos
2614 3994 2888 4062 transire,
2913 4000 2970 4051 ct
2990 4010 3177 4069 supra
3195 3994 3499 4052 excelsum
3531 4011 3661 4052 mu-

2005 4099 2142 4141 rum
2172 4082 2508 4152 ambulare,
2527 4099 2600 4140 ex
2618 4099 2742 4158 quo
2763 4083 3143 4157 periculosus
3173 4083 3414 4141 cadenti
3428 4083 3659 4157 lapsus.

2006 4175 2385 4246 Quapropter
2402 4188 2476 4229 ne
2506 4173 2704 4229 statim
2729 4173 2808 4230 ad
2847 4173 2981 4233 vitae
3008 4173 3279 4231 asceticaa
3318 4175 3555 4248 apicem
3580 4177 3660 4232 te-

2003 4262 2332 4335 metipsum
2369 4261 2693 4321 intendas:
2736 4263 3001 4321 maxime
3055 4278 3200 4321 vero
3246 4279 3325 4321 ne
3381 4262 3485 4320 tibi
3524 4263 3658 4337 ipse

2005 4351 2300 4424 conﬁdas,
2331 4355 2394 4409 ut
2420 4367 2496 4409 ne
2526 4351 2608 4410 ob
2643 4351 3010 4425 imperitiam
3034 4368 3108 4409 ex
3147 4368 3390 4409 summo
3420 4351 3659 4411 ascetici

2002 4442 2252 4500 instituti
2279 4441 2526 4501 labaris.
2557 4445 2709 4500 Nam
2735 4442 2920 4499 satius
2939 4442 3116 4499 fuerit
3152 4442 3446 4516 paulatim
3476 4441 3659 4515 proti-

2004 4547 2156 4590 cere.
2186 4534 2391 4605 Itaque
2410 4530 2749 4605 voluptates
2777 4531 2912 4589 vitae
2933 4531 3161 4588 sensim
3178 4530 3657 4598 subtrahe,tuam

2003 4635 2249 4677 omnem
2279 4618 2778 4677 consuetudinem
2807 4619 3039 4691 delens,
3068 4634 3145 4677 ne
3176 4618 3326 4675 forte
3366 4618 3416 4676 si
3444 4618 3646 4675 subito

2003 4725 2216 4771 omnes
2244 4708 2426 4768 simul
2452 4709 2793 4784 voluptates
2819 4707 3086 4777 irritaris,
3120 4706 3227 4765 tibi
3253 4709 3381 4781 ipse
3412 4707 3655 4766 turbam

2003 4895 2050 4930 ²⁹
2089 4891 2235 4949 ibid.
2293 4895 2381 4959 27,
2457 4896 2544 4948 28.

2660 4892 2707 4925 ³ο
2747 4887 2896 4946 Psal.
2967 4906 3155 4959 cxxxr,
3222 4893 3275 4946 4.
3391 4891 3437 4927 ³¹
3479 4894 3655 4951 Prov.

2006 5143 2143 5216 sius;
2162 5139 2486 5216 legendum
2517 5141 2690 5195 εὔνοια
2717 5138 2788 5204 είς
2834 5145 2977 5211 Θεὸν,
3027 5139 3211 5215 idque
3251 5138 3314 5199 in
3364 5141 3653 5216 interpre-

2003 5214 2190 5273 tando
2218 5214 2407 5270 secuti
2436 5229 2672 5270 sumus.

2074 5290 2189 5359 (83)
2222 5286 2310 5359 Ei;
2337 5288 2431 5345 τὴν
2456 5285 2696 5359 τρυηεὶο
2737 5284 2862 5341 duo
2892 5285 3130 5359 codices
3173 5302 3317 5342 mss.
3350 5283 3526 5359 ,Editi
3585 5284 3651 5345 εἰς

2003 5354 2115 5433 τοᾷ.
2149 5354 2380 5433 Ibidem
2404 5357 2546 5413 editi
2574 5354 2742 5433 ἀρκεῖ.
2778 5359 2905 5433 Duo
2952 5357 3192 5414 codices
3239 5361 3305 5414 ut
3344 5358 3407 5414 in
3460 5359 3649 5413 textu.

2004 5431 2192 5515 Iidem
2217 5428 2402 5515 paulo
2425 5434 2564 5515 post
2587 5428 2933 5515 μαθητευθεὶς
2960 5437 3033 5502 τῷ
3062 5434 3261 5505 Κυρίῳ.

2076 5506 2191 5576 (84)
2219 5500 2628 5576 Ἔστωξυθοει
2652 5500 2984 5576 in_du_obus
3004 5500 3165 5576 mss.

2073 5568 2186 5645 (85)
2205 5573 2372 5648 sim}
2398 5575 2518 5648 γὰρ,
2553 5574 2652 5629 ὅτι.
2682 5572 2775 5629 Sic
2803 5573 2927 5629 duo
2956 5572 3216 5637 codices,
3273 5569 3426 5627 alius
3471 5568 3649 5644 βλέπε,

2005 5645 2288 5731 aeneam
2312 5645 2497 5731 erant,
2531 5647 2619 5731 ang:

2076 5717 2189 5790 (86)
2214 5711 2524 5793 Θαρῥήσηὲ.
2557 5717 2652 5774 Sic
2687 5715 2811 5774 duo
2835 5731 2989 5775 mss.
3020 5712 3171 5772 Editi
3211 5711 3473 5790 θαρῥήσῃ.
