4114 6382
529 336 625 391 331
1899 332 1962 392 S.
2015 329 2261 389 BASILII
2300 329 2517 390 MAGNI

3793 336 3901 391 352

525 463 926 522 tentationum
951 475 1240 516 accersas.
1257 457 1403 516 Cum
1427 465 1628 517 autem
1653 477 1840 517 unum
1863 457 2185 531 voluptatis

2315 455 2448 525 Βίου,
2483 457 2799 532 ἐξαφανίζων
2834 465 3054 512 σεαυτοῦ
3086 465 3259 512 πάσαν
3293 459 3570 516 συνήθειαν
3609 458 3747 530 (87),
3803 466 3904 532 μή.

529 555 816 612 morbum
848 551 904 606 vi
933 549 1328 623 superaveris,
1349 551 1597 620 accinge
1624 555 1676 606 te
1709 550 1785 606 ad
1815 549 2185 621 voluptatem

530 644 710 700 aliam
773 639 1248 701 debellandam;
1309 644 1365 695 ct
1423 640 1502 696 ita
1557 640 1807 695 demum
1850 637 2188 709 voluptates

531 749 744 790 omnes
791 730 1138 802 tempestive
1188 728 1488 784 domabis.
1529 732 1676 784 Nam
1720 726 2040 800 voluptatis
2060 725 2188 798 qui-

533 822 672 878 dem
703 836 925 877 nomen
961 834 1172 884 unum,
1224 817 1329 872 sed
1378 834 1470 873 res
1521 817 1791 873 diversse.
1840 817 1932 870 Sis
1985 815 2188 886 itaque

534 913 818 985 primum,
855 909 1055 975 frater,
1090 906 1147 962 in
1186 907 1352 977 127
1390 906 1712 962 tentatione
1736 906 1902 962 omni
1931 904 2183 977 patiens.

537 1000 827 1068 Qualibus
877 1003 1080 1053 autem
1129 995 1563 1052 tentationibus
1619 995 1814 1052 fidelis
1873 993 2186 1068 probatur,

534 1090 764 1147 damnis
819 1086 1170 1154 mundanis,
1237 1085 1779 1154 criminationibus,
1833 1082 2185 1152 mendaciis,

535 1177 936 1242 contumacia,
991 1175 1552 1244 obtrectationibus,
1602 1173 2120 1247 persccutionibus
2163 1171 2190 1225 ?

537 1269 632 1324 llis
663 1273 717 1324 ct
747 1265 1044 1322 similibus
1070 1264 1363 1337 probatur
1393 1264 1606 1319 tidclis.
1640 1263 1860 1319 Deinde
1903 1263 1985 1317 sis
2011 1263 2188 1318 etiam

533 1356 795 1430 quietus,
828 1370 948 1410 non
985 1369 1257 1426 praeceps
1291 1353 1514 1418 verbis,
1548 1369 1668 1409 non
1701 1353 2014 1423 litigiosus,
2066 1367 2189 1407 non

2297 565 2439 616 ποτε,
2475 546 2674 622 ἁθρόως
2705 552 2879 611 πάσας
2905 550 3036 621 ὁμοῦ
3066 548 3302 621 ἐρεθίσας
3327 550 3420 610 τὰς
3469 544 3682 614 ἡδονὰς,
3740 547 3900 620 ὄχλον

2297 647 2599 710 πειρασμῶν
2652 649 2852 710 σεαυτῷ
2907 638 3194 711 ἐπαγάγης.
3223 638 3404 690 Ἰἰνίκα
3454 635 3506 690 δ’
3546 637 3605 689 ἆν
3654 646 3746 690 τοῦ
3797 637 3902 701 ἑνὸς

2298 729 2492 788 πάθους
2523 737 2616 791 τῆς
2648 726 2848 790 ἡδονῆς
2885 732 3020 781 κατα
3071 731 3262 802 κράτος
3309 732 3572 803 περιγένῃ,
3621 732 3751 802 πρὸς
3804 733 3900 786 τὴν

2298 817 2471 892 ἑτέραν
2502 816 2698 877 ἡδονήν
2730 819 3047 892 παράταξαι,
3079 824 3166 870 καὶ
3196 820 3330 871 οὕτω
3360 827 3544 870 πασῶν
3574 827 3673 870 τῶν
3695 814 3902 876 ἡδονῶν

2298 907 2549 980 εὐκαίρως
2575 915 2913 982 περιγενηση.
2946 905 3168 970 Ἡδονῆς
3197 912 3298 983 γαρ
3331 911 3492 981 ὄνομα
3542 911 3633 980 μεν
3664 908 3733 975 ἓν,
3769 909 3904 980 πρά-

2296 1016 2474 1069 γματα
2507 995 2565 1050 δὲ
2596 994 2842 1072 διάφορα.
2904 1003 3114 1069 Τοίνυν,
3171 994 3375 1070 ἀδελφε,
3428 1000 3518 1049 ἔσο
3574 1005 3777 1070 πρῶτον
3809 1000 3903 1069 μεν

2299 1087 2680 1158 ὑπομονητικὸς
2714 1091 2824 1150 ι88)
2857 1091 2987 1162 πρὸς
3013 1089 3180 1140 πάντα
3222 1090 3532 1161 πειρασμόν.
3577 1094 3906 1161 Πειρασμοῖς

2301 1173 2359 1229 δὲ
2380 1186 2631 1239 ποταποίς
2665 1174 3012 1250 δοκιμάζεται
3041 1179 3066 1230 ο
3099 1181 3306 1243 πιστὸς,
3333 1177 3552 1249 ζημίαίς
3592 1184 3904 1248 κοσμικαῖς,

2300 1264 2614 1338 ἐγκλήμασι,
2657 1266 3118 1340 καταορεῦσμασιν,
3178 1265 3481 1333 ἀπειθείαις,
3535 1265 3906 1329 καταλαλιαῖς,

2301 1351 2594 1428 ὃιωγμοίς;
2644 1357 2726 1417 Εἰς
2767 1364 2933 1409 ταῦτα
2961 1362 3050 1408 καὶ
3075 1360 3140 1409 τα
3195 1363 3415 1408 τοιαῦτα
3468 1351 3820 1428 δοκιμάζεται
3883 1354 3911 1407 ὁ

533 1447 593 1503 in
617 1444 1062 1502 contentionem
1091 1459 1343 1515 pronus,
1377 1459 1500 1498 non
1549 1442 1806 1522 cupidps
1849 1441 2052 1512 gloria:
2094 1457 2192 1495 va-

534 1551 647 1606 ηερ,
674 1550 793 1590 non
833 1533 1108 1590 etl‘uticns
1132 1548 1375 1599 arcana,
1411 1532 1516 1588 sed
1537 1532 1654 1588 ﬁde
1695 1532 1934 1602 dignus,
1969 1546 2091 1586 non
2130 1529 2192 1585 in

539 1639 818 1680 sermone
849 1622 1094 1691 multus,
1129 1621 1232 1677 sed
1266 1626 1392 1678 esto
1426 1637 1666 1694 semper
1694 1637 1814 1676 non
1847 1621 1924 1676 ad
1969 1619 2191 1676 docen-

539 1713 708 1780 dum,
743 1711 847 1768 sed
880 1711 959 1767 ad
1007 1711 1363 1766 discendum
1411 1716 1676 1784 paratus.
1726 1713 1804 1766 Ne
1857 1710 2088 1766 curiose
2119 1709 2194 1764 dc

2315 1715 2506 1787 ἕτοιμος
2537 1711 2596 1766 δε
2619 1713 2834 1767 ῐσθιαεὶ
2883 1719 2952 1786 μη
3001 1718 3133 1787 πρὸς
3187 1710 3562 1780 διδασκαλίαν,
3599 1711 3726 1764 ἀλλά
3779 1716 3913 1786 πρὸς

539 1803 658 1860 vita
690 1801 1002 1858 mundana
1034 1800 1323 1874 inquiras,
1366 1799 1528 1855 unde
1573 1800 1721 1855 nihil
1773 1799 1876 1856 tibi
1925 1815 2195 1855 accessu-

2315 1806 2558 1862 αάθησιν.
2593 1809 2674 1862 Μὴ
2709 1805 3053 1878 περιεργάζου
3085 1801 3238 1876 βίους
3267 1805 3571 1875 κου-μικοὺς,
3607 1804 3720 1854 ὅθεν
3750 1799 3909 1854 οὐδέν

539 1907 676 1949 rum
708 1891 780 1948 sit
802 1890 1213 1957 emolumenti,
1248 1889 1558 1946 Aitcnim:
1600 1891 1672 1946 Ut
1705 1905 1780 1946 ne
1820 1891 2104 1962 loquatur
2132 1903 2194 1943 os

540 1967 733 2039 meum
765 1996 946 2050 opera
975 1980 1280 2036 hominum
1303 1982 1368 2034 ³³.
1395 1979 1504 2046 Qui
1535 1979 1694 2035 enim
1723 1996 1794 2036 ea
1820 1995 1957 2052 quae
1987 1993 2197 2052 pecca-

540 2077 740 2128 torum
777 2074 919 2125 sunt
947 2069 1167 2124 lubens
1197 2068 1482 2142 loquitur,
1509 2068 1625 2125 cito
1654 2068 1712 2124 in
1765 2085 1828 2124 se
1872 2068 2200 2124 exsuscitat

542 2159 900 2233 voluptates.
934 2162 1059 2214 lmo
1084 2159 1285 2230 potius
1311 2159 1584 2214 curiosus
1611 2157 1690 2214 sis
1747 2158 1806 2212 in
1857 2157 1979 2213 vita
2001 2157 2196 2229 justo-

539 2263 680 2304 rum
735 2246 1148 2321 exquirenda:
1197 2247 1279 2303 ita
1305 2247 1464 2304 enim
1507 2247 1612 2303 tibi
1658 2247 1786 2320 ipse
1818 2245 2204 2318 comparabis

543 2338 878 2394 utilitatem.
914 2341 992 2394 Ne
1034 2338 1113 2392 sis
1154 2337 1237 2392 tui
1279 2337 1637 2393 ostendendi
1680 2336 1958 2410 cupidus,
2006 2351 2197 2408 pagos

542 2433 644 2484 aut
675 2427 893 2484 domos
923 2427 1440 2496 circumcursans;
1471 2427 1575 2499 sed
1599 2427 1728 2483 lucc
1749 2432 1814 2483 ut
1853 2427 2198 2483 animarum

539 2517 793 2589 laqueos
817 2516 975 2586 fuge.
1009 2515 1064 2572 Si
1087 2516 1223 2589 quis
1263 2520 1465 2572 autem
1497 2521 1552 2572 te
1596 2516 1675 2572 ob
1727 2516 1980 2572 multam
2011 2515 2199 2588 pieta-

543 2612 685 2674 tem,
714 2607 775 2662 in
820 2607 1074 2663 domum
1117 2623 1293 2662 suam
1348 2607 1552 2663 multis
1601 2607 1676 2663 de
1716 2608 1918 2664 causis
1970 2606 2198 2678 invitet,

545 2696 738 2753 discat
767 2697 872 2769 qui
905 2696 1036 2753 talis
1068 2700 1158 2751 est
1184 2695 1367 2751 ﬁdem
1419 2697 1782 2752 centurionis
1833 2698 2022 2771 sequi,
2073 2698 2200 2769 qui,

545 2803 684 2843 cum
713 2785 889 2840 Jesus
921 2785 1248 2841 curationis
1274 2801 1416 2856 ergo
1465 2786 1543 2842 ad
1582 2786 1785 2859 ipsum
1830 2791 2199 2860 properaret,

545 2877 903 2948 deprecatus
933 2880 1021 2930 est
1077 2874 1172 2930 his
1217 2875 1448 2931 verbis:
1477 2877 1742 2947 Domine,
1786 2893 1905 2933 non
1945 2893 2074 2932 sum
2113 2877 2204 2934 di-

547 2981 700 3038 gnus
733 2973 797 3022 ut
829 2967 1017 3023 intres
1046 2965 1152 3022 sub
1183 2972 1403 3024 tectum
1435 2983 1653 3037 meum,
1687 2969 1792 3024 sed
1822 2972 2056 3025 tantum
2107 2969 2204 3024 dic

548 3054 793 3111 verbum
826 3060 878 3111 et
910 3055 1231 3111 sanabitur
1251 3071 1402 3125 puer
1431 3073 1594 3112 meus
1615 3057 1686 3114 ³³.
1718 3059 1866 3112 Cum
1899 3062 2102 3113 autem
2151 3057 2199 3113 ei

2317 3069 2436 3121 παῖς
2466 3079 2589 3132 μου,
2621 3066 2722 3111 Τοῦ
2764 3055 2823 3111 δὲ
2856 3059 3032 3128 Ἰησοῦ
3065 3059 3286 3119 εἰπόντος
3339 3058 3480 3129 αὐτῷ
3515 3079 3528 3092 ·
3578 3056 3801 3129 Ὕπαγε,
3857 3061 3924 3119 ὡς

547 3145 716 3200 Jcsus
738 3143 1024 3200 dixisset:
1068 3145 1239 3216 Vade,
1270 3147 1424 3201 sicut
1455 3146 1786 3215 credidisti,
1816 3148 1927 3216 fiat
1977 3147 2090 3203 tibi
2115 3147 2161 3182 3‘
2188 3165 2199 3202 :

2317 3149 2644 3210 ἐπίστευσας,
2672 3149 2942 3219 γενηθήτω
2975 3167 3058 3200 σοι
3092 3169 3103 3182 ·
3141 3148 3260 3206 ἰάθη
3295 3150 3320 3199 ὁ
3351 3155 3476 3208 παῖς
3507 3146 3607 3200 ἀπὸ
3652 3155 3744 3207 τῆς
3782 3150 3924 3220 ὧρας

545 3249 699 3306 puer
726 3233 826 3290 illa
856 3234 989 3306 ipsa
1038 3233 1190 3290 hora
1221 3239 1470 3290 sanatus
1527 3241 1632 3292 est.
1678 3239 1795 3292 Hoc
1843 3236 2047 3309 itaque
2098 3235 2203 3292 tibi

544 3327 758 3378 notum
787 3322 878 3391 sit,
908 3322 1104 3394 frater,
1131 3339 1253 3380 non
1281 3324 1493 3380 Christi
1515 3325 1848 3397 prwsentia,
1871 3326 1979 3382 sed
2000 3329 2204 3399 peten-

2299 1451 2500 1506 πιστός.
2536 1446 2753 1499 Ἔπειτα
2784 1444 2842 1500 ὃζε
2867 1452 2955 1499 καὶ
2985 1449 3214 1518 ἡσῦχιος
3263 1449 3371 1511 ἔσο,
3431 1451 3501 1518 μὴ
3551 1450 3814 1520 προπετὴς
3855 1444 3909 1496 ἐν

2298 1535 2456 1606 λόγῳ,
2497 1540 2568 1608 μὴ
2601 1536 2885 1609 ἐριστικός,
2917 1541 2985 1610 μὴ
3016 1536 3319 1610 φιλόνεικος,
3350 1541 3421 1608 μὴ
3479 1532 3771 1600 κενόδοξος,
3829 1539 3906 1608 μή

2302 1623 2628 1695 ἐξηγητικος,
2666 1624 2793 1677 αλλὰ
2827 1625 3127 1698 φιλοπιστος
3159 1626 3267 1695 (89)
3301 1645 3314 1656 °
3348 1628 3418 1697 μὴ
3467 1622 3515 1675 ἐν
3544 1623 3682 1695 λόγῳ
3721 1623 3908 1690 πολὺς,

2307 1912 2390 1945 σοι
2428 1897 2783 1968 προσγένηται
2839 1892 3033 1965 ὄφελος.
3093 1897 3230 1950 Φησὶ
3280 1895 3426 1965 γάρ’
3481 1891 3660 1952 "Or-:0);
3711 1890 3771 1942 ἂν
3831 1896 3902 1963 μη

2302 1982 2502 2056 λαληση
2539 1987 2595 2034 το
2628 1987 2798 2054 στόμα
2821 2001 2920 2055 μου
2961 1985 3027 2035 τα
3057 1985 3184 2057 ἔργα
3225 1990 3324 2034 τῶν
3370 1980 3672 2056 ἀνθρώπων.
3703 1988 3761 2032 Ὁ
3804 1983 3912 2052 γὰρ

2305 2069 2475 2131 ἡδέως
2504 2071 2668 2124 λαλῶν
2706 2075 2770 2125 τα
2799 2081 2897 2124 τῶν
2943 2071 3260 2147 ἁμαρτωλῶν
3307 2071 3519 2144 ἑτοίμως
3571 2070 3691 2124 καθ’
3720 2070 3915 2122 ἑαυτοῦ

2307 2162 2570 2225 ἐξυπνίζει
2598 2164 2690 2223 τας
2719 2158 2934 2222 ἡδονάς.
2971 2160 3174 2213 Μᾶλλον
3224 2157 3282 2213 δε
3338 2159 3764 2234 πολυπραγμόνει
3821 2163 3915 2211 τὸν

2305 2260 2402 2304 τῶν
2431 2247 2650 2303 δικαίων
2679 2250 2794 2324 βίον
2816 2271 2828 2284 ο
2862 2250 2994 2302 οὕτω
3021 2253 3121 2326 γαρ
3157 2249 3216 2301 ἂν
3250 2251 3487 2324 εὑρήσεις
3517 2249 3685 2320 ἐαυτῷ
3704 2249 3913 2321 ὄφελος.

2309 2348 2392 2401 Μὴ
2427 2346 2514 2394 ἔσο
2549 2339 2903 2415 γιλενὸείκτης
2927 2345 3062 2410 (90),
3110 2344 3370 2416 περιάγων
3403 2343 3496 2402 τας
3523 2347 3698 2414 κώμας
3727 2341 3755 2398 ἦ
3810 2343 3914 2401 τας

2309 2431 2478 2492 οἰκίας
2511 2451 2522 2463 ·
2555 2439 2705 2503 φεῦγε
2738 2428 2796 2483 0":
2822 2433 3011 2492 ταυτας
3042 2433 3107 2490 ὡς
3147 2429 3340 2502 ψυχῶν
3372 2425 3623 2502 παγίδας.
3657 2428 3714 2482 Εἰ
3744 2425 3804 2481 δέ
3828 2447 3913 2488 τις

2309 2517 2403 2573 δια
2433 2520 2623 2578 πολλὴν
2652 2519 2913 2572 εὐλάϐειαν
2962 2521 3307 2594 προτρέπεταί
3362 2538 3418 2572 σε
3466 2519 3534 2580 εἰς
3581 2522 3667 2571 τὸν
3721 2518 3917 2571 ἑαυτοῦ

2307 2608 2448 2663 οἶκον
2488 2609 2685 2662 πολλῶν
2726 2612 3028 2685 προφάσεων
3068 2609 3213 2662 ἕνεκα
3240 2630 3252 2641 ·
3295 2609 3592 2682 μανθανέτω
3622 2609 3648 2660 ὁ
3678 2615 3919 2668 τοιοῦτος

2309 2699 2607 2753 ἀκολουθεῖν
2633 2707 2692 2757 τῆ
2726 2704 2899 2751 πίστει
2929 2705 3020 2750 τοῦ
3052 2698 3460 2774 ἑκατοντάρχου,
3493 2698 3564 2766 ὃς,
3605 2706 3697 2749 τοῦ
3731 2697 3918 2756 Ἰησοῦ

2314 2793 2582 2866 θεραπείας
2606 2791 2767 2863 χάριν
2807 2792 2938 2864 πρὸς
2968 2788 3121 2841 αὑτὸν
3158 2787 3507 2861 ἐπειγομένου,
3556 2793 3917 2862 παρῃτήσατο

2310 2883 2472 2954 λέγων
2507 2902 2518 2914 ·
2559 2883 2736 2952 Κῦφιε,
2766 2879 2860 2932 οῦκ
2891 2880 2996 2953 εἰμί
3029 2882 3198 2940 ἱκανὸς
3229 2881 3312 2931 ἱνα
3335 2899 3436 2952 μου
3463 2880 3564 2931 ὑπό
3589 2883 3684 2937 τὴν
3719 2881 3921 2950 στέγην

2317 2971 2572 3043 εἰσελθης,
2607 2967 2732 3021 ἀλλα
2759 2973 2912 3042 μόνον
2940 2969 3046 3022 εἰπέ
3073 2969 3225 3041 λόγον
3256 2973 3388 3040 (91),
3440 2973 3530 3021 καὶ
3579 2968 3864 3026 ἰαθήσεται
3895 2969 3922 3020 ὁ

2317 3239 2527 3301 ἐκείνης.
2559 3246 2723 3292 Τοῦτο
2749 3235 2836 3290 οὖν
2883 3242 3110 3310 γνωστόν
3144 3257 3228 3290 σοι
3271 3240 3424 3304 ἔστω,
3457 3233 3662 3310 aenea,
3698 3237 3781 3288 ὅτι
3814 3236 3926 3308 οὐχ

2316 3333 2345 3389 ἡ
2381 3337 2472 3382 τοῦ
2503 3335 2739 3403 Χριστοῦ
2765 3333 3051 3401 παρουσία,
3087 3327 3194 3380 ἀλλ’
3225 3329 3254 3386 ἡ
3298 3332 3476 3389 πίστις
3515 3334 3606 3380 τοῦ
3647 3326 3924 3389 αἰτοῦντος

548 3411 618 3467 tis
647 3411 767 3468 ﬁde
795 3411 1114 3468 liberatum
1144 3413 1325 3470 fuisse
1350 3419 1765 3484 aegrotantem.
1805 3419 1888 3472 lta
1934 3422 1991 3472 et
2041 3432 2202 3472 nunc

550 3506 829 3574 precante
858 3507 914 3558 te
943 3502 1004 3558 in
1034 3519 1154 3576 quo
1187 3504 1366 3560 fueris
1392 3505 1546 3576 loco,
1577 3511 1634 3563 et
1670 3511 1893 3577 mgroto
1924 3506 2202 3564 credente

549 3607 614 3648 se
646 3590 924 3664 precibus
954 3593 1069 3648 tuis
1092 3593 1365 3664 adjutum
1385 3594 1476 3663 iri,
1502 3595 1776 3653 evenient
1796 3596 1879 3653 illi
1898 3597 2105 3655 omnia
2129 3613 2203 3654 ex

548 3681 863 3738 sententia.

620 3867 672 3918 3.
705 3861 840 3917 Plus
871 3865 1072 3919 autem
1103 3879 1289 3937 quam
1320 3864 1642 3922 Dominum
1672 3865 2048 3940 propinquos
2071 3870 2204 3923 tuos

550 3965 675 4006 non
691 3950 921 4020 diliges.
943 3953 1057 4019 Qui
1085 3955 1261 4021 enim,
1290 3955 1506 4028 inquit,
1519 3962 1778 4026 patrem,
1801 3961 1906 4013 aut
1926 3964 2199 4027 matrem,

553 4045 659 4096 aut
685 4042 916 4110 fratres
945 4057 1132 4112 supra
1163 4057 1254 4100 me
1281 4045 1633 4116 diligit,non
1665 4053 1748 4102 est
1778 4062 1870 4103 me
1889 4047 2109 4118 dignus
2131 4048 2200 4102 ³⁵.

554 4128 709 4194 Quid
738 4144 881 4185 vero
911 4129 1022 4186 sibi
1053 4131 1180 4187 vult
1221 4132 1455 4188 Domini
1483 4133 1841 4191 mandatum
1864 4135 1891 4190 ?
1939 4136 2005 4191 Si
2049 4136 2202 4206 quis,

551 4217 900 4291 inquit,non
923 4220 1083 4275 tollit
1105 4236 1338 4277 crucem
1365 4237 1556 4294 suam,
1583 4229 1636 4280 et
1654 4224 1930 4295 sequitur
1948 4240 2057 4292 me,
2083 4240 2204 4280 non

549 4313 741 4378 potest
763 4324 925 4364 meus
945 4324 1068 4365 esse
1082 4310 1416 4380 discipulus
1437 4314 1505 4366 ³⁸⁵.
1542 4312 1714 4378 Quod
1740 4313 1789 4368 si
1827 4313 1900 4369 iis
1937 4313 2041 4386 qui
2069 4330 2207 4370 san-

553 4397 732 4469 guine
763 4397 869 4454 tibi
909 4400 1216 4471 conjuncti
1252 4406 1409 4474 sunt,
1436 4417 1558 4459 una
1605 4419 1745 4460 cum
1776 4403 2006 4461 Christo
2039 4421 2204 4462 mor-

551 4493 691 4544 tuus
714 4505 798 4558 es,
821 4489 971 4561 quid
996 4505 1207 4546 rursus
1236 4489 1326 4546 vis
1356 4507 1496 4548 cum
1528 4492 1641 4548 illis
1667 4495 1936 4551 versari?
1965 4496 2067 4552 Sin
2098 4511 2202 4552 au-

553 4582 672 4634 tem
717 4593 855 4650 quae
908 4578 1256 4636 destruxisti
1321 4585 1566 4654 propter
1624 4583 1941 4651 Christum,
1995 4600 2206 4640 rursus

553 4667 818 4723 tediﬁcas
849 4675 1093 4742 propter
1131 4675 1423 4742 cognatos
1472 4673 1628 4738 tuos,
1688 4673 2206 4744 praevaricatorem

555 4756 812 4828 teipsum
840 4759 1173 4816 constituis.
1207 4763 1287 4818 Ne
1311 4759 1490 4832 igitur
1520 4761 1600 4818 ob
1640 4761 1915 4820 afﬁnium
1965 4768 2207 4821 tuorum

629 4917 674 4950 ³³
717 4916 876 4974 Psal.
907 4934 1015 4984 xw,
1050 4923 1102 4975 4.
1193 4923 1240 4956 ³³
1281 4921 1478 4980 Matth.
1517 4939 1640 4994 vm,
1684 4927 1736 4980 8.
1833 4925 1880 4959 3"
1919 4923 2068 4981 ibid.
2122 4930 2206 4982 l3.

652 5059 739 5138 ῥῖ)
771 5063 1068 5138 Συνὴοειαν.
1103 5063 1503 5122 Combeﬁsius
1529 5066 1808 5138 intelligit
1834 5066 1910 5124 de
1954 5083 2209 5126 consue-

558 5131 762 5188 tudine
780 5132 1162 5189 saecularium
1189 5141 1245 5191 et
1273 5138 1538 5194 maxime
1559 5131 1901 5196 mulierum.
1927 5143 1998 5197 At
2019 5141 2210 5199 multo

557 5203 747 5282 satius
776 5203 975 5260 visum
1001 5205 1284 5282 esthhaeci
1304 5209 1575 5282 accipere
1626 5210 1701 5266 de
1731 5211 2015 5268 vitiorum
2063 5215 2210 5270 abo-

554 5273 739 5356 lenda
767 5274 1224 5356 consuetudine.
1263 5278 1357 5356 Sic
1384 5273 1540 5337 in'fra
1565 5283 2100 5356 auctorhEpistolae
2131 5283 2211 5342 ad

550 5345 824 5426 jun_io_res
855 5348 1070 5426 suadet
1099 5347 1228 5426 ὀργῆ
1242 5370 1282 5426 ς*
1299 5349 1613 5426 ἀφανισμόν.
1644 5345 1894 5426 Basilius
1921 5358 2062 5426 Reg.
2091 5357 2208 5412 fus.

557 5433 616 5488 p.
645 5421 748 5473 344
772 5438 786 5477 :
915 5422 1102 5494 μικρὸς
1128 5417 1192 5494 δὲ
1221 5417 1371 5484 οὗτος
1398 5417 1534 5494 ἁγών
1559 5432 1656 5485 τῆς
1699 5425 1881 5478 ἑαυτοῦ
1938 5417 2210 5489 συνηθείας

559 5493 937 5570 περιγενέσθαι.
966 5491 1102 5570 Non
1119 5491 1254 5570 _leve
1282 5491 1481 5551 autem
1506 5496 1670 5551 illud
1693 5504 2017 5568 certamen,
2040 5515 2209 5558 suam

558 5562 745 5625 ipsius
769 5562 1261 5621 consuetudinem
1293 5581 1551 5624 vmcere.

625 5633 742 5702 (88)
770 5640 1179 5710 Υπομονητικὸς,
1213 5635 1361 5712 Reg.
1402 5638 1706 5698 secundus
1732 5643 2064 5715 ὑπομονικὸς.

2317 3417 2640 3492 ἠλευθέρωσε
2664 3420 2750 3468 τὸν
2777 3418 3059 3490 κάμνοντα.
3085 3415 3236 3468 Οὕτω
3265 3419 3355 3468 καὶ
3373 3423 3485 3487 νῦν,
3515 3423 3610 3468 σοῦ
3629 3414 3926 3486 εὐχομένου

2317 3508 2365 3561 ἐν
2395 3509 2434 3579 ᾧ
2551 3509 2663 3579 (92)
2686 3512 2848 3578 τόπῳ,
2882 3512 2972 3559 καὶ
3002 3513 3093 3559 τοῦ
3147 3508 3427 3578 κάμνοντος
3452 3508 3810 3574 πίστώθντ⁰ς’
3843 3506 3928 3557 ὅτι

2317 3605 2433 3661 ταῖς
2465 3605 2584 3657 σαῖς
2607 3596 2788 3669 εὐχαῖς
2821 3594 3169 3671 βοηθήσεται,
3205 3594 3527 3655 ἀποϐήσεται
3556 3594 3696 3665 αὐτῷ
3745 3596 3929 3647 πάντα

2316 3689 2674 3760 καταθυμίως.

2389 3869 2441 3922 3.
2477 3864 2632 3918 Ιιλέον
2666 3860 2725 3917 δὲ
2755 3871 2846 3917 τοῦ
2879 3869 3070 3938 Κυρίου
3102 3867 3218 3924 τοὺς
3250 3863 3469 3928 οἰκείους
3519 3881 3613 3917 σου
3667 3868 3738 3938 μὴ
3794 3863 3928 3937 ἀγα-

2319 3961 2522 4016 mna;
2572 3954 2628 4006 Ὀ
2684 3956 2785 4029 γὰρ
2836 3951 3071 4026 ἀγαπῶν,
3138 3958 3289 4025 φησὶ,
3343 3959 3545 4029 πατέρα
3599 3954 3629 4012 ἦ
3695 3957 3925 4027 μητέρα,

2319 4047 2346 4104 ἣ
2411 4042 2665 4117 ἀδελφοὺς
2713 4044 2838 4116 ὑπὲρ
2891 4042 2998 4116 ἐμὲ,
3052 4042 3145 4095 ουκ
3198 4045 3309 4096 ἔστι
3360 4062 3463 4116 μου
3513 4043 3676 4106 οἰξιος.
3745 4049 3809 4097 Τί
3866 4040 3929 4096 δε

2321 4133 2566 4207 βούλεται
2595 4135 2624 4191 ἡ
2683 4140 2773 4185 τοῦ
2824 4137 3018 4208 Κυρίου
3074 4132 3242 4191 ἐντολή
3282 4150 3295 4202 ;
3347 4137 3408 4186 Εἴ
3459 4153 3554 4204 τις,
3599 4137 3777 4205 φησὶν,
3827 4133 3928 4184 οὐκ

2319 4227 2454 4298 αἴρει
2510 4227 2596 4276 τὸν
2667 4226 2893 4295 σταυρὸν
2962 4215 3145 4288 αὐτοῦ,
3221 4227 3310 4275 καὶ
3360 4221 3634 4275 ακολουθεῖ
3688 4240 3795 4294 μοι,
3860 4221 3924 4273 οῦ

2321 4311 2543 4366 δύναταί
2617 4333 2718 4386 μου
2792 4309 2922 4364 εἶναι
2977 4314 3238 4385 μαθητής.
3298 4313 3358 4365 Εἰ
3425 4313 3765 4372 συναπέθανες
3841 4319 3922 4380 τῷ

2319 4411 2535 4480 Χριστῷ
2590 4401 2690 4455 ἀπὸ
2723 4408 2821 4455 τῶν
2881 4410 3141 4474 συγγενῶν
3175 4422 3268 4455 σου
3317 4410 3415 4455 τῶν
3463 4405 3600 4456 κατα
3651 4403 3844 4477 σάρκα,
3873 4406 3930 4454 τί

2318 4493 2471 4547 πάλιν
2503 4493 2550 4546 ἐν
2581 4493 2760 4555 αὐτοῖς
2793 4491 3207 4568 ἀναστρέφεσθαι
3257 4493 3454 4562 θέλειςς
3500 4494 3560 4547 Εἰ
3604 4490 3664 4546 δε
3716 4492 3750 4544 ἃ
3789 4512 3927 4546 κατ-

2319 4584 2504 4646 έλυσας
2565 4579 2658 4636 διὰ
2703 4586 2955 4658 ἳριστόν,
3012 4582 3166 4636 πάλιν
3232 4591 3398 4636 ταῦτα
3465 4580 3762 4656 οἰκοδομεῖς
3830 4579 3932 4636 δ’ιά

2318 4677 2440 4736 τοὺς
2503 4679 2770 4745 συγγενεῖς
2830 4691 2948 4738 σου,
2997 4671 3309 4745 παραϐάτην
3361 4676 3578 4725 σεαυτὸν
3637 4673 3926 4743 καθιστᾷς,

2320 4765 2405 4819 Μὴ
2464 4757 2552 4813 οὖν
2609 4757 2703 4813 δια
2754 4764 2909 4835 χρέος
2947 4770 3045 4813 τῶν
3099 4771 3358 4835 συγγενῶν
3415 4782 3508 4815 σου
3560 4761 3932 4836 ἀναχωρὴσης

2320 4923 2368 4958 ³⁵
2406 4922 2607 4981 Matth.
2639 4939 2698 4992 ι,
2728 4927 2819 4982 37.
2897 4925 2944 4960 ³⁸
2986 4926 3122 4982 Luc.
3153 4941 3269 4987 xw.
3305 4930 3396 4984 27.

2392 5067 2504 5140 (89)
2537 5066 2863 5140 Φιλὸπιστος.
2887 5068 3326 5140 Percommoda
3356 5068 3587 5126 videtur
3615 5067 3936 5140 Combeﬁ-

2322 5137 2786 5214 sii‘emendatio,
2810 5139 2924 5214 Aqui
2951 5140 3277 5212 legendum
3321 5145 3525 5198 censet
3553 5137 3879 5213 φιλὸπεῦστο
3891 5164 3936 5214 ς,

2321 5211 2603 5268 audienti
2637 5211 2912 5280 cupidus.

2392 5284 2499 5359 (_90)
2538 5281 2921 5359 Φιλενδείκτης.
2955 5287 3082 5342 Duo
3121 5302 3268 5343 mss.
3301 5281 3714 5359 φιλεκὸημητής,
3757 5298 3942 5354 pere-

2319 5355 2616 5424 grinandi
2645 5357 2925 5425 cupidus.

2536 5426 3094 5502 βίπὶῌλργονςλοοάθι
3123 5429 3413 5502 Mancia”;
3443 5428 3600 5502 λογῳ.

2396 5497 2508 5575 (9.2)
2537 5498 2619 5550 Ἐν
2645 5500 2688 5575 ᾧ
2831 5499 2924 5557 Sic
2949 5517 3106 5575 _mss.
3148 5501 3298 5557 Editi
3326 5501 3375 5554 ἐν
3399 5503 3438 5574 ᾧ
3471 5496 3758 5575 ᾖζίΡοιιΙΟ
3785 5505 3944 5572 post

2323 5568 2466 5626 editi
2491 5568 2608 5634 ταῖς
2639 5568 2822 5644 εὐχαῖς
2851 5576 2910 5629 et
2938 5571 3244 5646 ἁγαπήσῃς.
3273 5568 3495 5631 Μεείυὶ
3523 5573 3583 5630 in
3619 5568 3938 5630 contextu.
