4114 6412
563 301 668 360 355

1924 297 1981 356 S.
2021 294 2277 355 BASILII
2312 296 2556 357 MAGNI.

3822 311 3924 367 356

565 426 909 497 aenigmata,
976 423 1352 499 explicantur
1420 425 1756 500 apostolica
1824 423 2191 481 documenta

2327 422 2680 499 ἀποκαλύψεις
2729 431 3093 502 παροιμιακῶν
3167 424 3509 501 αἰνιγμάτων,
3571 427 3751 497 λύσεις
3805 434 3929 489 ἀπο-

565 519 951 591 exponuntur
978 516 1339 588 evangelicae
1392 516 1719 584 sententiae,
1756 514 2061 585 theologia
2112 529 2216 571 au-

562 605 759 675 ditur;
790 604 909 664 illic
938 621 1301 676 congressus
1331 605 1586 663 fratrum
1634 604 2054 677 spiritualium,
2087 619 2217 659 ma-

563 711 749 768 gnam
779 694 1200 752 occurentibus
1226 710 1300 751 ex
1354 693 1559 752 vultus
1597 698 1846 768 aspectu
1899 693 2214 750 utilitatem

560 784 980 859 praebentium.
1026 787 1111 842 Tu
1170 788 1373 842 autem
1425 788 1480 841 te
1505 784 1637 858 ipse
1668 800 1703 842 a
1728 783 1904 841 tantis
1932 781 2110 839 bonis
2131 781 2210 839 ef-

558 874 746 932 fecisti
794 873 1078 946 alienum,
1125 877 1307 947 atque
1353 872 1449 929 hic
1495 872 2113 943 desidesbelluarum
2150 870 2214 927 in

559 980 793 1022 morem
854 963 1153 1022 efferatus.
1230 962 1401 1019 Vides
1448 963 1611 1020 enim
1675 963 1773 1020 hic
1826 962 2211 1019 solitudinem

558 1070 869 1127 magnam,
921 1053 1426 1111 inhumanitatem
1478 1069 1602 1111 non
1647 1053 1975 1120 modicam,
2025 1067 2212 1126 penu-

556 1145 711 1202 riam
741 1143 1052 1215 doctrinae,
1074 1144 1542 1218 disiunctionem
1576 1160 1613 1201 a
1634 1143 1944 1214 fratribus,
1978 1158 2048 1199 ac
2095 1141 2211 1216 spi-

555 1235 741 1293 ritum
786 1250 931 1306 erga
974 1234 1077 1292 Dei
1119 1234 1484 1291 mandatum
1529 1234 1708 1292 valde
1738 1234 1989 1291 inertem
2016 1249 2087 1291 ac
2114 1247 2209 1290 so-

556 1324 824 1383 cordem.
860 1328 1010 1383 Cum
1041 1324 1223 1395 igitur
1241 1324 1463 1382 talibus
1493 1341 1565 1382 ac
1594 1325 1777 1382 tantis
1820 1327 1876 1381 te
1922 1322 2210 1397 speciosis

554 1416 892 1474 rationibus
907 1431 1101 1490 prava
1128 1414 1450 1489 insurgens
1489 1415 1770 1487 cogitatio
1800 1415 2077 1484 frangere
2107 1428 2210 1470 vo-

551 1505 730 1563 luerit
761 1524 774 1575 ;
806 1520 1050 1579 oppone
1081 1505 1135 1562 ei
1162 1520 1270 1578 per
1296 1505 1463 1579 piam
1479 1504 1992 1562 ratiocinationem
2014 1503 2208 1577 ipsius

553 1596 641 1652 rei
664 1595 1116 1670 experientiam,
1146 1595 1354 1652 dicens
1385 1613 1398 1651 :
1436 1594 1942 1668 Quandoquidem
1972 1597 2035 1650 tu
2059 1593 2209 1651 mihi

554 1684 705 1742 dicis
746 1686 913 1743 bona
964 1701 1094 1742 esse
1142 1701 1278 1759 quae
1325 1685 1389 1740 in
1434 1684 1665 1741 mundo
1696 1688 1855 1752 sunt,
1888 1687 2209 1757 propterea

2328 515 2578 569 στολικῶν
2650 513 3024 591 διδαγμάτων,
3099 515 3442 590 εύαγγελικῶν
3507 523 3779 594 νοημάτων
3854 525 3928 595 (3)

2326 605 2548 677 ἔκθεσις,
2612 605 2877 679 θεολογίας
2929 604 3197 681 ἀκρόασις,
3282 605 3516 682 ἀδελφῶν
3590 621 3928 686 πνευματκῶν

2327 700 2615 769 συντυχίαι
2664 697 2762 769 (4),
2813 696 3040 770 μεγάλην
3097 704 3209 759 τοῖς
3265 696 3677 772 ἐντυγχάνουσιν
3724 701 3781 755 ἐκ
3835 713 3932 766 τῆς

2326 784 2443 848 θέας
2499 792 2591 838 τοῦ
2642 789 2927 862 προσώπου
2984 790 3078 846 τὴν
3136 785 3379 860 ὠφέλειαν
3429 792 3785 865 παρεχόντων.
3862 796 3930 845 Σύ

2325 871 2405 942 δὲ,
2437 878 2696 928 τοσούτων
2748 874 2955 948 ἀγαθῶν
2995 874 3261 951 ἀλλότριον
3319 880 3534 932 σεαυτὸν
3587 886 3932 944 καταστήσας

2321 963 2559 1023 κάθησαι
2586 961 2771 1019 ἐνθάδε
2808 963 3186 1042 ἓξηγριωμίνος
3208 969 3342 1031 ἴσως
3368 974 3477 1031 τοῖς
3506 970 3714 1044 θηρσίν.
3769 970 3933 1045 Ὁρᾷς

2320 1055 2423 1130 γὰρ
2485 1053 2708 1108 ἐνταῦθα
2755 1056 2973 1130 ἱρημίαν
3025 1055 3240 1123 πολλὴν,
3295 1055 3667 1133 ἀπανθρωπίαν
3700 1059 3795 1113 οὐκ
3828 1060 3932 1114 ὀλί-

2320 1164 2440 1216 γην.
2470 1142 2690 1219 ἀπορίαν
2730 1141 2765 1198 δ
2771 1141 3104 1217 ιδασκαλιας,
3134 1143 3367 1221 ἀδελφῶν
3416 1146 3777 1225 ἀλλοτρίωσιν,
3837 1156 3932 1205 καὶ

2321 1234 2379 1285 τὸ
2427 1240 2629 1307 πνεῦμα
2680 1238 2799 1309 περὶ
2850 1238 2944 1293 τὴν
2997 1232 3204 1294 ἕντολὴν
3256 1243 3349 1289 τοῦ
3398 1244 3532 1291 Θεοῦ
3585 1238 3773 1314 ἀργίαν
3803 1243 3933 1314 ἕχον

2319 1322 2531 1382 πολλὴν.
2587 1330 2748 1376 Ὅταν
2802 1320 2889 1376 οὖν
2948 1327 3219 1388 τοιαύταις
3264 1330 3355 1379 καὶ
3388 1330 3676 1392 τοσαύταις
3714 1328 3935 1403 εύλογο-

2321 1415 2503 1486 φανέσι
2590 1412 2914 1487 προφάσεσιν
2995 1411 3336 1467 ἐπαναστᾶσα
3397 1417 3427 1475 ἡ
3498 1420 3703 1493 πονηρά
3760 1421 3939 1473 ἔννοια

2318 1500 2645 1576 καταῤῥῆξαί
2703 1520 2760 1555 σε
2816 1501 2932 1574 θελῃ
2994 1502 3089 1574 (5),
3141 1501 3488 1578 ἀντιπαράθες
3530 1504 3662 1580 αὐτῇ
3697 1503 3793 1560 διὰ
3830 1516 3934 1561 τοῦ

2318 1589 2563 1654 εὐσεϐοῦς
2612 1590 2870 1664 λογισμοῦ
2925 1595 3019 1650 τὴν
3072 1599 3254 1669 πεῖραν
3306 1601 3399 1647 τοῦ
3452 1596 3786 1671 πράγματος,
3840 1597 3935 1651 λέ-

2316 1702 2440 1753 γων,
2485 1677 2698 1739 Ἐπειδὴ
2762 1685 2825 1733 σὺ
2869 1679 3031 1753 λέγεις
3081 1701 3172 1755 μοι
3224 1682 3357 1736 καλά
3414 1686 3481 1737 τὰ
3532 1683 3581 1737 ἐν
3640 1694 3713 1758 τῷ
3742 1691 3935 1760 κόσμῳ

554 1790 698 1846 ergo
726 1774 867 1831 illuc
893 1774 1338 1844 transmigravi,
1370 1774 1690 1843 indignum
1723 1774 2024 1846 meipsum
2049 1772 2196 1845 judi-

2319 1772 2468 1834 εἰναι,
2524 1766 2618 1823 διὰ
2666 1777 2817 1824 τοῦτο
2876 1768 2972 1843 ἐγὼ
3040 1768 3262 1825 ἐνταῦθα
3324 1779 3630 1847 μετῴκησα,
3719 1774 3937 1841 ἀνάξιον

551 1880 699 1922 cans
727 1863 942 1921 mundi
984 1863 1183 1922 bonis.
1218 1862 1370 1920 Sunt
1397 1862 1558 1919 enim
1589 1862 1804 1919 mundi
1831 1862 2011 1918 bonis
2041 1861 2206 1919 mala

551 1953 833 2025 admista,
879 1970 948 2010 ac
984 1952 1166 2023 longe
1214 1957 1583 2025 exsuperant
1629 1952 1811 2009 mala.
1863 1955 2013 2008 Nam
2064 1967 2207 2009 cum

551 2044 885 2119 aliquando
924 2045 1313 2102 accessissem
1345 2043 1424 2100 ad
1455 2042 1793 2117 spirituales
1852 2046 2206 2114 conventus,

549 2135 612 2192 in
664 2150 856 2191 unum
905 2134 1149 2191 fratrem
1195 2134 1295 2191 vix
1347 2133 1595 2190 tandem
1641 2133 1846 2204 incidi,
1874 2133 1980 2207 qui
2019 2136 2207 2191 Deum

549 2225 757 2282 timere
786 2224 1105 2282 videbatur
1132 2240 1145 2291 ;
1175 2223 1283 2280 sed
1314 2224 1365 2280 is
1388 2223 1704 2280 tenebatur
1732 2224 1905 2296 129
1931 2222 2045 2280 sub
2073 2222 2205 2280 dia-

547 2314 731 2385 bolo;
780 2318 961 2387 atque
988 2330 1062 2371 ex
1090 2314 1223 2387 ipso
1255 2312 1450 2369 audivi
1476 2312 1710 2385 lepidos
1761 2328 2091 2383 sermones,
2149 2316 2207 2370 et

547 2404 840 2462 conﬁctas
866 2404 947 2461 ad
967 2403 1180 2461 obvios
1208 2418 1484 2477 quosque
1504 2401 1896 2477 decipiendos
1941 2401 2202 2459 fabulas.

549 2493 761 2551 Multos
813 2497 950 2567 post
988 2492 1192 2565 ipsum
1258 2491 1485 2548 oﬂ‘endi
1537 2491 1719 2563 fures,
1767 2496 2059 2565 raptores,
2117 2496 2207 2565 ty-

547 2599 797 2641 rannos.
832 2583 958 2640 Vidi
1008 2582 1315 2640 ebriorum
1342 2581 1609 2655 speciem
1664 2581 2012 2639 indecorem
2041 2600 2054 2651 ;
2082 2581 2207 2638 vidi

543 2672 904 2745 sanguinem
935 2687 1373 2746 oppressorum
1407 2691 1420 2741 ;
1449 2670 1573 2728 vidi
1603 2687 1847 2745 quoque
1877 2671 2203 2728 mulierum

542 2762 1077 2837 pulchritudinem,
1108 2777 1232 2836 qua
1280 2761 1572 2835 pudicitia
1600 2778 1740 2818 mea
1784 2761 2198 2835 torquebatur.

538 2857 621 2909 Ac
650 2851 1064 2910 fornicationis
1119 2849 1370 2925 quidem
1419 2866 1574 2923 opus
1624 2850 1846 2923 effugi;
1881 2850 1993 2907 sed
2016 2851 2192 2922 virgi-

538 2942 791 3000 nitatem
842 2957 1044 2999 meam
1093 2941 1292 2999 cordis
1346 2940 1709 3013 cogitatione
1758 2941 2092 3014 inquinavi.
2135 2943 2202 2998 Et

540 3031 764 3089 multos
792 3031 1042 3105 quidem
1074 3045 1388 3087 sermones
1444 3030 1664 3087 animas
1712 3029 1886 3087 utiles
1940 3029 2148 3087 audivi
2180 3047 2194 3099 ;

2320 1859 2541 1933 ἰμαυθὸν
2587 1863 2764 1935 κρίνας
2809 1868 2909 1912 τῶν
2960 1867 3053 1913 τοῦ
3105 1866 3309 1935 κόσμου
3366 1862 3555 1920 καλῶν.
3610 1871 3929 1941 Παραμέμι-

2317 1970 2441 2003 κται
2468 1952 2569 2026 γάρ
2600 1956 2711 2014 τοῖς
2738 1957 2831 2003 τοῦ
2856 1954 3059 2024 κόσμου
3098 1951 3274 2015 καλοῖς
3303 1954 3370 2005 τά
3398 1957 3555 2025 κακὰ,
3594 1959 3687 2008 καὶ
3736 1955 3930 2029 μᾶλλον

2319 2040 2586 2116 ὑπεραίρει
2637 2041 2702 2091 τὰ
2752 2042 2909 2095 κακὰ.
2968 2046 3385 2115 Παραγενόμενος
3440 2043 3510 2115 (6)
3576 2047 3679 2119 γὰρ
3723 2043 3932 2099 ποτεέν

2316 2136 2429 2191 ταῖς
2507 2136 2885 2203 πνευματικαῖς
2965 2134 3343 2206 πανηγύρεσιν,
3399 2131 3471 2186 ἑνὶ
3537 2135 3627 2207 μεν
3719 2131 3931 2209 ἀδελφῷ

2317 2218 2461 2293 μόλις
2516 2222 2638 2272 ποτε
2695 2223 3025 2294 περιέτυχον,
3098 2223 3157 2272 τὸ
3184 2223 3274 2294 μὲν
3312 2217 3484 2275 δόκεῖν
3519 2222 3598 2295 (7)
3627 2222 3930 2298 φοϐουμένῳ

2315 2311 2404 2362 τόν
2445 2311 2657 2382 Κύριον,
2688 2313 3021 2385 κρατουμένῳ
3078 2305 3137 2363 δὲ
3193 2312 3293 2363 ὑπὸ
3352 2319 3446 2365 τοῦ
3502 2308 3770 2378 διαϐόλου,
3830 2319 3929 2368 καὶ

2316 2402 2524 2457 ἤκουσα
2578 2418 2684 2473 παρ
2741 2398 2916 2452 ἀὐτοῦ
2969 2398 3153 2473 λόγους
3182 2400 3435 2474 κομψοὺς,
3483 2407 3574 2456 καὶ
3601 2404 3792 2476 μύθους
3819 2424 3924 2458 πε-

2316 2485 2644 2561 πλασμένους
2691 2488 2766 2550 εἰς
2823 2486 3025 2548 ἀπάτην
3068 2498 3167 2542 τῶν
3216 2488 3660 2564 ἐντυγχανόντων.
3703 2492 3929 2559 Πολλοῖς

2318 2573 2377 2630 δὲ
2432 2576 2541 2651 μετ’
2592 2576 2748 2630 αὐτὸν
2805 2578 2882 2650 (8)
2942 2582 3228 2653 συνέτυχον
3286 2579 3548 2650 κλέπταις,
3583 2581 3928 2658 ἄρπαξι,τυ-

2313 2668 2533 2743 ράννοις.
2602 2663 2756 2721 Εἶδον
2803 2669 3093 2741 μεθυόντων
3145 2678 3338 2743 σχῆμα
3364 2670 3639 2745 ἄσχημον,
3666 2674 3732 2724 τὰ
3763 2675 3928 2746 αἷμα-

2312 2776 2378 2809 τα
2432 2757 2509 2830 (9)
2567 2764 2666 2810 τῶν
2731 2763 3213 2832 καταπονουμένων.
3273 2756 3432 2815 Εἶδον
3487 2757 3546 2815 δὲ
3601 2768 3692 2815 καὶ
3732 2761 3926 2828 κάλλος

2310 2855 2590 2919 γυναικῶν,
2648 2845 2939 2921 βασανίζον
2992 2867 3092 2922 μου
3149 2853 3243 2909 τήν
3304 2853 3666 2927 σωφροσύνην.
3727 2857 3831 2905 Καὶ
3864 2856 3925 2906 τὸ

2310 2940 2401 3009 μὲν
2462 2943 2557 2999 τῆς
2605 2941 2847 3013 προνείας
2901 2939 3050 3011 ἔργον
3110 2934 3379 3012 διέφυγον·
3447 2944 3542 2999 τὴν
3593 2937 3654 2994 δέ
3692 2940 3927 3015 ἐμαυτοῦ

2309 3028 2589 3099 παρθενίαν
2616 3024 2835 3099 ἐμόλυνα
2860 3029 2996 3080 κατά
3039 3023 3276 3081 διάνοιαν
3319 3025 3562 3103 καρδίας.
3626 3035 3728 3084 Καὶ
3788 3031 3926 3085 πολ-

540 3121 646 3177 sed
670 3126 877 3179 tamen
911 3120 1146 3178 nullum
1167 3119 1331 3193 apud
1348 3118 1707 3189 magistrum
1728 3118 1921 3192 reperi
1945 3118 2196 3190 dignam

2311 3114 2407 3167 λῶν
2437 3118 2527 3189 μὲν
2558 3114 2763 3174 ἀκήκοα
2800 3115 2965 3189 λόγων
2994 3116 3341 3191 ψυχωφελῶν·
3391 3118 3526 3178 πλὴν
3561 3120 3684 3198 παρ’
3742 3118 3925 3175 οὐδενὶ

540 3210 922 3268 sermonibus
947 3209 1248 3266 virtutem.
1291 3210 1426 3265 Post
1454 3208 1570 3265 hoc
1598 3223 1811 3264 rursus
1859 3207 2065 3264 audivi
2112 3208 2198 3264 in-

537 3299 949 3358 numerabiles
997 3299 1346 3370 tragcedias,
1404 3314 1540 3372 qum
1593 3296 1955 3355 effeminatis
2000 3298 2197 3355 modis

540 3389 815 3446 animum
870 3388 1176 3446 subibant.
1217 3391 1443 3445 Rursus
1500 3386 1701 3444 audivi
1744 3387 2036 3446 citharam
2060 3404 2197 3445 sua-

536 3479 686 3535 viter
712 3481 1123 3550 resonantem,
1144 3477 1428 3551 plausum
1445 3477 1816 3546 saltantium,
1845 3494 2195 3535 scurrarum

536 3583 766 3636 vocem,
799 3566 1185 3625 stoliditatem
1213 3566 1492 3635 multam,
1525 3566 1791 3636 facetias,
1836 3566 2027 3624 turbae
2083 3568 2193 3625 im-

535 3673 764 3714 mensas
810 3656 1162 3714 clamorem.
1213 3655 1342 3712 Vidi
1387 3654 1691 3728 lacrymas
1769 3654 2188 3729 spoliatorum,

536 3746 777 3803 dolores
824 3762 1035 3803 eorum
1082 3744 1189 3820 qui
1246 3743 1708 3803 abducebantur
1768 3760 1804 3801 a
1847 3745 2187 3818 tyrannide,

534 3835 824 3908 ejulatum
868 3851 1079 3893 eorum
1133 3835 1240 3908 qui
1297 3834 1755 3908 torquebantur.
1817 3835 1882 3890 Et
1931 3834 2078 3905 vidi,
2135 3839 2194 3892 et

536 3941 674 3982 ecce
725 3942 849 3983 non
898 3929 1026 3982 erat
1076 3928 1409 3982 conventus
1459 3922 1805 3997 spiritualis,
1861 3924 1966 3980 sed
2024 3939 2193 3983 mare

534 4012 730 4069 ventis
781 4013 1077 4085 agitatum
1134 4028 1207 4068 ac
1262 4011 1596 4080 turbatum,
1629 4027 1841 4069 omnes
1868 4011 2048 4068 simul
2076 4011 2192 4069 ﬂu-

537 4101 731 4158 ctibus
758 4102 881 4159 suis
920 4106 1156 4159 tentans
1182 4100 1459 4159 obruere.
1495 4100 1596 4157 Dic
1644 4101 1812 4170 mihi,
1842 4116 1878 4157 o
1909 4101 2192 4172 cogitatio

535 4189 720 4256 mala,
775 4195 833 4247 et
882 4191 1266 4264 temporariae
1314 4189 1634 4262 voluptatis
1683 4206 1753 4246 ac
1787 4206 1956 4246 vana=
1987 4190 2191 4261 gloriae

533 4280 800 4344 daemon,
846 4279 996 4354 quid
1023 4278 1172 4337 mihi
1198 4282 1288 4336 est
1313 4278 1485 4348 lucri,
1512 4279 1562 4335 si
1596 4279 1726 4335 haec
1753 4282 1810 4336 et
1839 4284 2105 4353 spectem
2136 4283 2194 4339 et

608 4463 684 4534 (3)
728 4459 1038 4534 Νοημάτῳν.
1072 4459 1214 4527 Reg.
1264 4454 1579 4534 secundus
1628 4452 2024 4529 διαταγμάτων.
2079 4458 2190 4514 Ma-

531 4527 825 4591 zarinteus
845 4527 991 4586 'cod.
1022 4527 1491 4602 παραγγελμάτων.

599 4605 677 4676 (4)
723 4607 1032 4676 Συντυχίαι.
1092 4597 1254 4676 Regi.
1292 4597 1597 4655 secundus
1647 4603 1924 4676 Euvruziat
1960 4599 2189 4671 μεγάλην

530 4669 666 4738 τοῖς
708 4669 1199 4746 συντυγχάνουσινή
1235 4669 1292 4746 ἐκ
1332 4678 1435 4746 ⁸τῆς
1500 4669 2040 4746 προσούσηςηαύξοῖς
2096 4679 2189 4724 τοῦ

532 4750 823 4820 Πνεύματος
861 4742 1080 4818 χάριτος
1109 4748 1202 4802 τὴν
1229 4742 1470 4816 ὠφέλειαν
1501 4742 1816 4817 παρέχουσα
1848 4759 1860 4796 :
1897 4743 2191 4820 {fratrum

531 4814 950 4888 spiritualium"
974 4814 1327 4887 congressus
1345 4814 1629 4888 magnam
1649 4814 2191 4888 congredientibus

532 4885 608 4946 ea:
636 4890 819 4946 insita
844 4890 968 4944 illis
997 4885 1264 4958 Spiritus
1287 4888 1498 4958 gratia
1520 4885 1838 4958 utilitatem
1856 4885 2079 4958 ferens.

734 4965 793 5012 Σε
847 4958 988 5031 θέλῃ.
1040 4956 1389 5015 Ρτοηοωθη
1427 4956 1703 5016 additum
1754 4971 1829 5013 ex
1882 4956 2064 5028 Regio
2097 4973 2191 5014 se-

609 5046 650 5085 n
695 5045 755 5086 ο.

531 5045 732 5087 cunao
740 5071 755 5087 .

604 5101 683 5171 (6)
736 5104 1172 5175 Παραγενόμενος.
1228 5102 1322 5158 Sic
1385 5100 1509 5158 duo
1561 5116 1709 5157 mss.
1760 5098 1912 5157 Editi
1956 5118 2188 5174 παραγι-

529 5179 789 5248 νόμενος.)
881 5245 888 5248 _
992 5238 1011 5248 _
1240 5243 1287 5248 μ
1383 5245 1410 5248 _
1785 5242 1799 5248 _
1935 5210 2147 5248 ____-

598 5240 702 5317 (7),
729 5247 800 5297 Τὸ
839 5245 933 5317 μὲν
980 5238 1172 5317 δοκεῖν.
1233 5243 1328 5299 Sic
1358 5245 1520 5317 _Reg.
1576 5242 1900 5317 secundus.
1935 5242 2086 5300 Editi
2113 5251 2187 5315 τῷ

528 5313 619 5391 μὲν
661 5313 867 5391 δοκεῖν.
901 5314 1380 5391 Paulopostcod
1409 5317 1551 5391 Maz.
1584 5314 1979 5391 πεπλεγμένους.

599 5391 680 5458 (8)
707 5387 832 5443 Μετ’
859 5386 1033 5439 αὐτόν.
1068 5385 1196 5441 1)ὴο
1228 5401 1375 5458 ωδε.
1408 5388 1516 5458 μετ’
1546 5385 1728 5454 αὐτοῦ,
1751 5385 1895 5458 cum
1916 5401 2005 5443 eo.

602 5456 676 5530 (9)
717 5463 792 5514 Τὰ
833 5460 1053 5530 αἵματα.
1103 5460 1325 5530 Auctor
1363 5456 1547 5526 huius
1579 5456 1866 5530 epistolae,
1906 5470 2090 5530 quem
2121 5456 2186 5513 in

527 5526 846 5588 Palaestina
872 5526 1091 5585 vixisse
1109 5543 1234 5600 non
1263 5526 1517 5585 obscure
1536 5526 2187 5600 perspiscitur;videtur

526 5601 799 5658 horribili
810 5600 1107 5673 vitiorum
1120 5599 1525 5673 picturahanc
1540 5599 2184 5673 potissimumgentem

527 5676 758 5731 notare.
783 5671 943 5729 Illius
951 5669 1363 5731 narrationem
1374 5669 2021 5743 conﬁrmatGregorius
2038 5674 2184 5745 Nys-

2308 3212 2409 3256 τῶν
2441 3201 2781 3257 διδασκάλων
2805 3205 2951 3281 εὖρον
3001 3203 3149 3270 ἀξίαν
3194 3214 3294 3259 τῶν
3332 3206 3498 3280 λόγων
3539 3212 3641 3268 ui)?
3699 3208 3912 3284 ἀρετήν,

2307 3297 2454 3348 Μετά
2492 3291 2553 3348 δὲ
2582 3301 2735 3348 τοῦτο
2764 3294 2917 3348 πάλιν
2970 3301 3169 3371 μυρίων
3200 3300 3410 3356 ἤκουσα
3454 3293 3919 3373 τραγῳδημάτων,

2306 3383 2484 3457 μέλεσι
2513 3387 2885 3461 τεθρυμμένοις
2914 3381 3264 3459 ἐνδεδυμένων
3335 3387 3468 3459 (10).
3499 3387 3658 3441 Πάλιν
3712 3386 3925 3447 ἀκήκοα

2304 3475 2525 3550 κιθάρας
2585 3471 2692 3534 ἡδὺ
2740 3475 3004 3548 ἡχούσης,
3048 3480 3149 3528 τών
3202 3480 3396 3552 κρότων
3434 3478 3550 3550 (il)
3578 3485 3677 3530 τῶν
3704 3477 3924 3551 ἁλλομέ-

2303 3584 2421 3633 νων,
2478 3567 2564 3625 τὴς
2636 3571 2803 3637 φωνῆς
2852 3571 2951 3617 τῶν
2985 3563 3321 3637 γελοιαστῶν,
3368 3570 3573 3639 μωρίας
3600 3565 3796 3629 πολλῆς
3827 3572 3923 3623 καὶ

2304 3654 2661 3730 εὐτραπελίας,
2685 3654 2849 3727 ὄχλου
2877 3653 3151 3729 ἀμυθήτου
3186 3654 3342 3729 βοήν.
3376 3653 3533 3710 Εἶδον
3580 3660 3647 3710 τὰ
3704 3653 3925 3733 δάκρυα

2301 3752 2399 3797 τῶν
2459 3742 2801 3815 συληθέντων,
2865 3746 2958 3797 τάν
3012 3740 3200 3806 ὀδύνας
3256 3753 3358 3797 τῶν
3411 3743 3748 3820 ἀπαγομένων
3803 3750 3921 3820 (12)

2303 3836 2403 3886 ὑπό
2446 3840 2536 3894 τῆς
2586 3829 2918 3906 τυραννίδος,
2979 3837 3075 3893 τὴν
3131 3836 3365 3907 οἷμωγὴν
3411 3842 3509 3887 τῶν
3542 3834 3917 3909 βασανιζομέ-

2302 3943 2420 3979 νων.
2468 3927 2569 3976 Καὶ
2624 3918 2786 3992 εἶδον,
2842 3927 2933 3975 καὶ
2994 3919 3109 3976 ἰδοὺ
3140 3923 3236 3976 ούκ
3264 3924 3327 3983 ἦν
3357 3929 3648 4002 πανήγυρις
3677 3945 3918 4000 πνευμα-

2302 4016 2446 4081 τικὴ,
2500 4011 2627 4065 ἀλλά
2689 4011 2931 4065 θάλασσα
2984 4011 3325 4087 ἀνεμιζομένη
3380 4019 3471 4067 καὶ
3526 4020 3912 4090 ταραττομένη,

2302 4105 2500 4165 πάντας
2531 4103 2661 4176 ὁμοῦ
2686 4108 2798 4164 τοῖς
2827 4102 2989 4166 αὐτῆς
3019 4104 3144 4176 (13)
3189 4106 3393 4177 κύμασι
3448 4104 3681 4177 καλύψαι
3737 4125 3914 4159 σπου-

2305 4188 2561 4253 δάζοντα.
2624 4194 2755 4265 Λέγε
2802 4211 2914 4265 μοι,
2966 4192 3006 4244 ὧ
3062 4197 3196 4251 κακὴ
3230 4195 3415 4262 ἔννοια,
3447 4199 3538 4247 καί
3568 4196 3594 4247 ὁ
3626 4202 3721 4258 τῆς
3744 4215 3915 4271 προσ-

2302 4285 2488 4357 καίρου
2515 4276 2845 4345 ἡδυπαθείας
2884 4301 2939 4335 τε
2963 4286 3053 4335 καὶ
3082 4278 3380 4347 κενοδοξίας
3412 4280 3641 4358 δαίμων,
3692 4288 3746 4337 τί
3806 4305 3911 4358 μοι

2300 4472 2503 4537 senus,
2538 4457 2732 4537 quiin
2762 4452 3014 4537 epistola
3027 4458 3104 4537 de
3121 4452 3310 4537 iisqui
3327 4461 3553 4537 adeunt
3570 4462 3913 4537 Hierosoly-

2302 4534 2603 4610 ma,__tom.
2631 4531 2724 4593 ΙΙΙ,
2752 4545 2812 4603 p.
2845 4534 2968 4610 6ξ3,
3000 4531 3251 4610 testatur
3278 4533 3513 4610 nullum
3542 4549 3672 4610 esse
3703 4531 3913 4610 impu-

2297 4601 2499 4678 ritatis
2513 4615 2724 4671 genus,
2744 4601 2911 4678 quod
2941 4618 3063 4678 non
3080 4603 3154 4678 _in
3179 4603 3325 4678 locis
3350 4601 3914 4678 Hierosolymitanis

2298 4677 2671 4746 perpetretur
2705 4689 2718 4726 :
2747 4673 3231 4746 adulteria,furta
3247 4673 3687 4733 idololatrias'et
3708 4680 3912 4735 caedes

2298 4744 2754 4811 commemorat,
2797 4760 2868 4800 ac
2905 4744 3119 4802 nullibi
3174 4750 3412 4803 tantum
3435 4747 3653 4805 furoris
3673 4764 3807 4806 esse
3827 4751 3913 4807 ad

2297 4814 2679 4893 fundendum
2698 4832 2805 4872 san
2814 4815 3078 4886 guinem,
3092 4832 3215 4893 non
3229 4833 3554 4876 exrumore
3564 4819 3910 4893 aliquo,sed

2298 4902 2371 4942 ΒΧ
2408 4887 2723 4944 oculorum
2742 4903 2991 4945 suorum
3020 4890 3361 4947 testimomo
3390 4887 3724 4949 assevera't.

2369 4959 2481 5029 (10)
2512 4954 2915 5034 Ἐνδεᾷυμένων,
2945 4961 3081 5017 Post
3107 4960 3268 5034 hanc
3307 4978 3520 5034 vocem
3566 4962 3787 5034 legitur
3840 4965 3909 5022 in

2298 5028 2440 5109 Reg.
2466 5028 2745 5109 Secundo
2776 5028 3002 5109 ἀπάτην,
3030 5031 3138 5087 sed
3165 5032 3401 5109 videtur
3428 5028 3771 5108 Obrepsisse
3791 5051 3909 5109 pro

2296 5101 2451 5176 πάλιν
2478 5102 2646 5176 quod
2675 5102 2846 5159 deest
2873 5103 2936 5158 in
2965 5103 3082 5160 hoc
3110 5104 3339 5161 codice.

2367 5173 2878 5248 (ii)‘T93v_ap61'wy.
2913 5176 2999 5231 Ita.
3045 5177 3185 5248 Heg.
3236 5176 3559 5248 secundus.
3613 5175 3768 5233 Editi
3817 5180 3912 5230 τὸν

2294 5248 2500 5322 κρότον.
2558 5245 2786 5322 Ibitith
2820 5245 2940 5322 duo
2965 5245 3203 5322 codices
3231 5256 3331 5301 τῶν
3361 5247 3681 5322 ὀχουμένων.
3720 5248 3912 5322 Paulo

2295 5315 2433 5387 post
2459 5315 2786 5398 legendum
2818 5315 2970 5389 βοῆς,
3005 5317 3209 5398 ut_hoc
3245 5315 3471 5376 nomen
3499 5315 3639 5377 cum
3671 5320 3913 5377 caeteris

2294 5388 2774 5459 praecedentibus
2800 5388 3109 5446 conSOnet.

2301 5458 2314 5543 ζ
2364 5459 2476 5530 (i2)
2513 5458 2919 5543 ΑἈπαγομέεθων.
2968 5464 3054 5517 Ita
3101 5460 3224 5518 duo
3266 5462 3429 5534 Regii
3459 5463 3715 5520 codices.
3749 5461 3913 5519 Editi

2294 5548 2356 5583 επ
2431 5550 2474 5583 ον
2500 5550 2643 5589 ενων,

2359 5549 2635 5674 ῃ3ςτοῖς
2660 5603 2843 5666 αὐτῆς·
2884 5606 2971 5661 lta
2994 5619 3157 5661 unus
3196 5605 3382 5664 codex
3419 5624 3433 5664 :
3465 5605 3619 5665 alius
3646 5611 3754 5669 τοῖς
3785 5603 3914 5659 iam.

2289 5673 2405 5737 τῆς.
2435 5673 2589 5734 Editi
2612 5682 2723 5739 τοῖς
2752 5674 2945 5738 αὐτοῖς.
