4114 6384
195 294 296 353 357

1244 298 1734 362 EPISTOLARUM
1771 298 2056 362 CLASSIS
2093 302 2140 364 Ι.
2180 306 2396 367 EPIST.
2440 311 2595 368 XLII.

3500 328 3606 386 358

206 426 265 477 τὸ
312 422 493 497 ὄφελος
554 431 661 489 τῆς
724 427 927 481 τούτων
1007 429 1220 505 θεωρίας
1274 447 1329 483 τε
1374 433 1465 483 καὶ
1520 426 1815 505 ἀκροάσεως

1953 428 2220 503 audiam,
2243 449 2383 491 cum
2408 435 2557 493 nulli
2584 452 2794 496 eorum
2823 439 3046 513 quibus
3074 442 3298 516 injuria
3314 447 3400 517 ﬁt,
3424 465 3606 524 opem

208 512 403 590 μηδενὶ
459 524 565 569 τῶν
616 513 983 593 ἀδικουμένων
1014 517 1288 593 βοηθῆσαι
1325 519 1590 593 ἰσχύοντι,
1617 525 1750 594 μήτε
1780 515 1840 572 δὲ

205 614 318 671 τοῖς
377 604 666 669 ἀδυνάτοις
724 607 1005 683 ἐπαμῦναι,
1060 614 1188 683 μήτε
1233 613 1357 673 τοὺς
1386 609 1499 682 (14)
1546 610 1838 686 σφαλλομέ-

205 718 327 762 νους
402 695 817 771 διορθώσασθαι
888 703 1331 774 συγχωρουμένῳ·
1406 702 1555 774 τάχα
1611 697 1671 754 δὲ
1721 700 1836 776 μέλ-

203 788 353 842 λοντι
385 789 505 860 (15)
556 792 648 841 καὶ
698 787 919 862 ἐμαυτὸν
962 789 1423 866 προσαπολλύειν;
1484 789 1682 867 Ὠσπερ
1734 794 1834 865 γὰρ

205 878 388 951 ὀλίγον
438 874 589 954 ὕδωρ
635 879 864 953 καθαρόν
918 881 1019 932 ὑπό
1060 877 1253 940 πολλῆς
1301 879 1461 944 ζάλης
1505 878 1691 954 ἀνέμου
1745 885 1836 935 καὶ

202 975 491 1042 κονιορτοῦ
542 966 870 1041 ἀφανίζεται,
920 972 1082 1032 οὕτως
1127 968 1163 1022 ἂ
1189 970 1470 1043 νομίζομεν
1500 969 1635 1023 καλὰ
1673 969 1722 1023 ἓν
1760 978 1834 1043 τῷ

203 1057 312 1133 βίῳ
362 1064 539 1111 ποιεῖν
588 1057 723 1131 (16),
774 1059 875 1111 ὑπὸ
928 1065 1020 1112 τοῦ
1058 1058 1291 1122 πλήθους
1319 1067 1418 1113 τῶν
1464 1068 1638 1113 κακῶν
1668 1060 1833 1114 καλύ-

198 1168 419 1203 πτεται.
482 1151 552 1202 Ai
605 1151 696 1221 μὲν
732 1149 834 1223 γὰρ
879 1144 1178 1222 τραγῳδίαι
1216 1150 1389 1224 ὥσπερ
1432 1149 1679 1209 σκόλοπες
1723 1154 1834 1214 τοῖς

198 1240 345 1291 κατὰ
371 1241 463 1291 τόν
491 1236 614 1311 βίον
646 1234 720 1290 δι’
753 1237 1006 1312 εὐθυμίας
1035 1243 1126 1291 καὶ
1154 1244 1334 1314 χαρᾶς
1358 1237 1406 1291 ἒν
1436 1246 1551 1302 ταῖς
1580 1236 1833 1316 καρδίαις

202 1327 376 1380 αὐτῶν
430 1327 827 1401 έμπήσσονται,
868 1330 957 1380 ἶνα
1006 1335 1097 1389 τῆς
1142 1323 1463 1401 ψαλμῳδίας
1515 1327 1827 1405 ἐπισκοτίσῃ

207 1420 273 1470 τὸ
320 1419 570 1492 καθαρόν·
620 1418 676 1470 αἱ
711 1412 770 1470 δὲ
821 1416 1049 1490 οἰμωγαὶ⁹
1082 1422 1172 1471 καὶ
1218 1419 1243 1470 6
1296 1414 1533 1494 ὀδυρμὸς
1578 1428 1678 1473 τῶν
1715 1416 1834 1473 ἁδι-

212 1509 482 1579 κουμένων
536 1504 819 1580 ἀνθρώπων
867 1508 1013 1581 παρὰ
1062 1515 1164 1560 τῶν
1212 1506 1482 1581 ὁμοφύλων
1530 1506 1829 1585 ἐπάγονται,

209 1599 304 1648 ἵνα
336 1592 526 1669 δειχθῇ
558 1603 660 1649 τῶν
693 1601 927 1656 πενήτων
1020 1598 1280 1670 ύπομονη.

282 1691 334 1741 5.
367 1689 459 1748 Τίς
510 1681 599 1737 οὖν
648 1683 865 1759 ὠφέλεια
894 1684 1029 1759 ἐμοὶ,
1062 1686 1091 1746 ἦ
1133 1682 1377 1745 δηλονότι
1424 1695 1515 1750 τῆς
1563 1689 1751 1762 ψυχῆς
1794 1689 1826 1747 ἡ

1950 515 2102 574 ferre
2130 536 2361 594 queam
2387 540 2400 579 :
2433 539 2629 598 neque
2658 524 2835 585 liceat
2863 528 3010 586 mihi
3038 515 3369 592 imbecilles
3388 515 3606 596 defen-

1947 606 2111 677 dere,
2144 614 2249 667 aut
2294 617 2561 670 errantes
2604 616 2930 687 corrigere;
2960 618 3087 678 imo
3126 621 3308 681 etiam
3355 625 3605 702 insuper

1947 711 2045 752 me
2091 697 2223 771 ipse
2276 699 2427 758 forte
2475 703 2819 775 perditurus
2861 707 3025 765 sim?
3071 697 3603 777 Quemadmodum

1947 783 2108 841 enim
2137 787 2455 859 paululum
2484 806 2659 864 aquae
2684 808 2853 865 puras
2882 810 3113 868 magna
3138 800 3299 858 venti
3336 805 3603 874 procella

1946 888 2016 931 ac
2074 875 2317 948 pulvere
2362 878 2734 954 dissipatur;
2777 883 2862 940 sic
2916 901 3053 958 quas
3104 889 3281 946 nobis
3322 893 3602 952 videmur

1945 963 2231 1035 praeclare
2269 966 2333 1024 in
2376 969 2595 1026 steculo
2620 970 2838 1043 facere,
2871 974 3175 1035 malorum
3219 980 3601 1042 multitudine

1943 1052 2300 1141 obruuntur.
2349 1060 2500 1116 Nam
2548 1062 2879 1132 tragoediae,
2918 1065 3078 1123 velut
3124 1069 3268 1141 pali,
3299 1072 3363 1128 in
3403 1074 3600 1132 cordi-

1942 1140 2061 1198 bus
2115 1160 2325 1203 eorum
2373 1148 2478 1220 qui
2524 1149 2584 1205 in
2630 1151 2851 1209 saeculo
2896 1159 3052 1222 sunt,
3095 1140 3203 1230 per
3228 1158 3498 1219 laetitiam
3527 1179 3597 1222 ac

1943 1232 2236 1303 gaudium
2284 1236 2634 1308 inﬁguntur,
2665 1244 2730 1298 ut
2771 1243 3129 1315 psalmodiae
3166 1249 3411 1321 puritati
3439 1256 3600 1310 tene-

1941 1321 2084 1379 bras
2137 1324 2474 1384 offundant.
2528 1331 2710 1386 Porro
2758 1331 3017 1403 ejulatus
3065 1337 3444 1413 gemitusque
3490 1342 3597 1400 ho-

1942 1413 2177 1470 minum
2199 1414 2281 1487 inj
2293 1417 2486 1473 uriam
2509 1434 2547 1476 a
2563 1419 2880 1478 tribulibus
2904 1424 3264 1496 patientium
3285 1430 3596 1502 proferun-

1942 1506 2057 1572 tur,
2088 1508 2153 1561 ut
2178 1520 2517 1579 pauperum
2546 1509 2894 1568 ostendatur
2922 1514 3236 1586 patientia.

2014 1688 2065 1739 5.
2100 1684 2242 1750 Quae
2264 1686 2444 1757 igitur
2464 1688 2609 1745 mihi
2638 1689 2756 1748 alia
2775 1690 3019 1763 utilitas,
3041 1693 3158 1752 nisi
3185 1699 3342 1755 certe
3372 1699 3593 1759 animas

201 1774 420 1849 βλάϐης
464 1777 566 1829 Διὰ
600 1778 752 1829 τοῦτο
805 1771 894 1829 οὖν
946 1774 1042 1849 ἐγὼ
1087 1779 1453 1849 μεταναστεύω
1503 1776 1586 1832 ἐπὶ
1623 1781 1691 1832 τὰ
1734 1783 1821 1856 ἤθη

1939 1772 2236 1830 damnum
2265 1777 2293 1831 ἰ)
2334 1777 2543 1850 Itaque
2571 1793 2706 1835 eam
2736 1780 2817 1837 ob
2847 1796 3099 1840 causam
3127 1800 3237 1856 ego
3271 1787 3429 1845 velut
3458 1806 3595 1862 pas-

190 1867 264 1926 ὡς
323 1866 634 1941 στρουθίον.
692 1871 783 1927 Ὠς
833 1866 1109 1941 στρουθίον
1167 1868 1269 1940 γὰρ
1321 1865 1578 1942 ἒρρύσθην
1631 1866 1685 1920 ἐκ
1733 1878 1830 1932 τῆς

185 1952 425 2028 παγίδος
482 1962 587 2008 τῶν
639 1956 977 2031 θηρευόντων.
1034 1960 1133 2010 Καὶ
1179 1958 1280 2032 γὰρ
1323 1955 1369 2009 ἐν
1401 1959 1566 2031 ταύτῃ
1612 1965 1675 2030 τῇ
1712 1956 1831 2032 ἔρὴ-

187 2067 272 2119 μῳ
329 2042 537 2118 διάγω,
593 2043 634 2098 ὦ
662 2049 797 2104 κακή
832 2046 1023 2114 ἔννοια,
1074 2044 1125 2098 ἐν
1240 2047 1265 2099 6
1310 2048 1501 2120 Κύριος
1546 2044 1827 2123 διέτριϐεν.

187 2131 458 2189 Ἐνταῦθα
512 2136 545 2193 ἠ
590 2131 723 2208 δρῦς
773 2136 803 2194 ἡ
854 2133 1086 2208 Μαμϐρὴ
1148 2136 1299 2207 (1³7)·
1350 2133 1574 2190 ἐνταῦθα
1610 2139 1640 2196 η
1674 2138 1829 2213 ούρα-

180 2229 409 2299 νορόρος
462 2222 683 2297 κλίμαξ,
736 2228 826 2277 καὶ
875 2226 931 2276 αἱ
972 2231 1073 2276 τῶν
1122 2222 1349 2297 ἀγγέλων
1396 2225 1740 2299 παρεμϐολαὶ,
1774 2232 1829 2283 αἱ

181 2322 222 2385 ᾧ
276 2312 493 2367 Ἰακὼϐ
546 2312 821 2386 ὀφθεῖσαι·
869 2311 1093 2366 ἐνταῦθα
1138 2316 1168 2373 ἡ
1226 2315 1434 2387 ἕρημος,
1469 2313 1519 2367 ἐν
1641 2318 1666 2368 6
1706 2316 1829 2394 λαὸς

184 2405 467 2479 ἁγνισθεὶς
516 2407 889 2479 ἐνομοθετήθη,
946 2410 1035 2458 καὶ
1083 2409 1249 2469 οὕτως
1304 2404 1372 2467 εἰς
1427 2411 1522 2466 τὴν
1576 2415 1675 2479 γῆν
1731 2417 1826 2473 τῆς

188 2494 517 2568 επαγγελίας
566 2493 806 2549 εἰσελθὼν
838 2495 949 2567 (18)
996 2491 1104 2548 εἶδε
1134 2499 1282 2548 Θεόν.
1319 2495 1575 2549 Ἐνταῦθα
1620 2501 1679 2550 τὸ
1711 2501 1825 2571 ᾆοος

187 2590 247 2639 τὸ
318 2584 657 2659 Καρμήλιον,
706 2583 756 2637 ἐν
816 2581 857 2657 ᾧ
919 2584 1116 2654 Ἠλίας,
1186 2585 1522 2659 αὐλιζόμενος
1575 2596 1647 2658 τῷ
1706 2597 1821 2661 Θεῷ

185 2678 586 2752 χύηρέστησεν.
637 2676 893 2731 Ἐνταῦθα
946 2679 1003 2729 τὸ
1054 2672 1235 2729 πεδίον
1283 2675 1332 2729 ἐν
1383 2674 1422 2749 ᾧ
1466 2675 1818 2752 ἀναχωρήσας

187 2764 465 2842 Ἔσδρας,
506 2767 683 2828 πάσας
732 2767 828 2827 τάς
877 2766 1248 2828 θεοπνεύστους
1308 2764 1525 2839 βίϐλους
1577 2769 1818 2843 προστά-

188 2876 370 2929 γματι
419 2863 555 2909 Θεοῦ
611 2853 939 2929 ἑξηρεύξατο.
1000 2854 1258 2908 Ἐνταῦθα
1306 2857 1337 2914 ἡ
1385 2857 1596 2929 ἔρημος,
1638 2855 1684 2909 ἐν
1792 2859 1818 2910 6

198 2947 477 3019 μακάριος
544 2944 790 3013 Ἰωάννης,
880 2940 1273 3018 ἆκριδοφαγῶν,
1358 2947 1634 3019 μετάνοιαν
1711 2955 1816 3009 τοῖς

204 3034 509 3109 ἀνθρώποις
551 3032 807 3111 ἐκήρυξεν.
856 3032 1111 3089 Ἐνταῦθα
1155 3038 1214 3088 τὸ
1263 3039 1380 3111 ἄρος
1435 3043 1536 3088 τῶν
1580 3035 1812 3109 Ἐλαιων,

202 3124 279 3187 εἷς
308 3123 337 3175 ὃ
366 3123 394 3175 ὁ
438 3126 665 3198 Χριστός
699 3125 1050 3200 ἀνερχόμενος
1080 3126 1444 3197 προσηύχετο,
1485 3126 1620 3198 ἡμᾶς
1652 3122 1817 3180 διδά-
1848 3163 1886 3218 C

196 3232 341 3268 σκων
405 3216 826 3291 προσεύχεσθαι.
869 3214 1124 3269 Ἐνταῦθα
1175 3216 1200 3267 ὁ
1232 3219 1458 3289 Χριστὸς
1501 3217 1527 3268 ό
1574 3225 1671 3280 τῆς
1698 3215 1816 3294 ἐρή-

188 3326 292 3379 μου
325 3305 498 3379 φίλος.
542 3311 680 3363 Φησὶ
723 3308 848 3380 γάρ·
887 3304 1056 3358 Ὅπου
1107 3305 1211 3358 εἰσὶ
1268 3302 1366 3358 δύο
1421 3307 1452 3366 ἡ
1508 3314 1649 3380 τρεῖς
1700 3326 1819 3360 συν-

190 3400 414 3469 ηγμένοι
469 3396 544 3457 εἰς
598 3398 658 3448 τὸ
707 3394 829 3468 ἐμόν
867 3398 1048 3468 ὄνομα,
1105 3393 1210 3448 ἐκεῖ
1261 3395 1368 3468 εἰμι
1416 3393 1464 3447 ἐν
1516 3400 1660 3469 μάσω
1717 3396 1818 3449 αύ-

187 3495 287 3538 τῶν
320 3487 464 3557 (19).
526 3486 783 3539 Ἐνταῦθά
830 3485 861 3542 ἠ
909 3488 1059 3543 στενή
1120 3488 1210 3536 καὶ
1256 3483 1567 3558 τεθλιμμένη
1608 3481 1750 3550 ὁδὸς,
1782 3487 1812 3544 ἠ

190 3575 481 3648 ἀπάγουσα
533 3573 607 3637 εἰς
655 3578 748 3633 τὴν
798 3573 958 3635 ζωήν.
1031 3572 1287 3627 Ἐνταῦθα
1353 3569 1678 3628 διδάσκαλοι
1730 3579 1818 3628 καὶ

188 3674 481 3739 προφῆται,
511 3666 562 3717 οἱ
610 3662 659 3716 ἐν
700 3661 944 3738 ἐρημίαις
993 3662 1331 3736 πλανώμενοι,
1373 3668 1463 3716 καὶ
1510 3667 1674 3739 ὄρεσι,
1726 3670 1817 3718 καὶ

191 3755 497 3825 σπηλαίοις,
551 3757 644 3806 καὶ
692 3760 810 3814 ταῖς
856 3752 1012 3815 ὀπαῖς
1060 3761 1151 3813 τῆς
1204 3759 1324 3824 γῆς.
1381 3752 1636 3807 Ἐνταῦθα
1686 3752 1815 3807 ἁπό-

192 3845 367 3899 στολοι
421 3848 519 3897 καὶ
567 3841 957 3915 εύαγγελισταὶ,
1007 3847 1098 3894 καὶ
1145 3842 1171 3894 6
1214 3850 1314 3894 τῶν
1340 3851 1588 3915 μοναχῶν
1628 3846 1816 3917 ἔρημο-

190 3935 407 3995 πολίτης
457 3932 600 4007 βίος.
645 3939 827 3986 Ταῦτα
866 3935 1037 3983 τοίνυν
1092 3929 1345 3993 ἑκουσίως
1392 3927 1812 4004 καταδέδεγμαι,

188 4027 273 4077 ἶνα
322 4022 473 4075 λάϐω
528 4023 659 4096 ἅπερ
716 4028 825 4081 τοῖς
872 4022 1107 4095 μάρτυσι
1155 4027 1248 4073 τοῦ
1279 4027 1516 4095 Χριστοῦ
1563 4026 1653 4073 καὶ
1704 4029 1815 4083 τοῖς

189 4113 373 4175 ἀλλοις
416 4119 580 4165 πᾶσιν
620 4111 794 4183 ἁγίοις
847 4107 1185 4182 ἕπήγγελται⁸
1243 4109 1326 4161 ἵνα
1376 4105 1625 4179 ἀψευδώς
1661 4108 1810 4182 λέγω

189 4205 289 4256 Διά
362 4206 478 4265 τούς
554 4201 745 4273 λόγους
819 4206 920 4252 τῶν
1004 4197 1219 4271 χειλέων
1300 4217 1396 4252 σου
1454 4197 1553 4271 ἐγὼ
1621 4198 1814 4271 ἐφύλα-

186 4290 250 4353 ξα
302 4289 461 4352 ὁδούς
540 4288 795 4364 σκληράς.
852 4286 1046 4358 Ἐγνων
1114 4289 1218 4361 γὰρ
1289 4289 1377 4338 τὸν
1451 4289 1542 4360 μὲν
1605 4287 1808 4360 θεοφιλῆ

182 4384 427 4460 Ἀϐραὰμ
475 4389 541 4454 τῇ
593 4387 687 4432 τοῦ
742 4385 877 4432 Θεοῦ
929 4384 1065 4450 φωνῇ
1122 4378 1443 4450 πειθόμενον,
1490 4381 1579 4430 καὶ
1623 4396 1691 4439 εις
1720 4383 1814 4437 τὴν

180 4494 381 4549 ἔρημον
458 4475 825 4545 μετοικοῦνταο
896 4471 989 4520 καὶ
1042 4466 1225 4521 Ἰσαὰκ
1290 4461 1814 4541 καταδυναστευομε-

177 4584 281 4619 νῦν.
329 4569 425 4617 καὶ
458 4558 656 4615 Ἰακὼϐ
712 4561 799 4610 τόν
838 4559 1178 4632 πατριάρχην
1236 4554 1577 4620 ξενιτεύονταο
1622 4556 1815 4632 Ἰωσὴφ

177 4661 261 4710 τὸν
309 4660 565 4728 σώφρονα
618 4644 1156 4722 διαπιπρασκόμενον,
1212 4652 1331 4707 τοῦς
1379 4653 1476 4709 τῆς
1518 4644 1817 4721 ἐγκρατείας

178 4748 390 4822 εὑρετὰς
449 4747 593 4815 τρεῖς
641 4733 841 4797 παῖδας
885 4742 1352 4811 πυρομαχοῦντας,
1390 4734 1581 4791 Δανιὴλ
1633 4731 1814 4788 δεύτε-

175 4857 257 4910 ρον
306 4835 382 4897 εἰς
427 4832 626 4885 λάκκον
674 4827 888 4881 λεόντων
935 4823 1410 4898 παραϐαλλόμενον,
1466 4827 1553 4877 τὸν
1613 4824 1815 4900 παρρη-

1941 1878 2039 1917 ser
2069 1864 2429 1934 transmigro
2454 1866 2516 1921 in
2547 1873 2806 1925 montes.
2842 1872 2986 1927 Sum
3017 1873 3179 1929 enim
3207 1874 3357 1933 sicut
3381 1893 3596 1950 passer

1938 1966 2009 2006 ex
2038 1949 2259 2024 laqueo
2301 1954 2652 2012 venantium
2680 1956 2968 2015 liberatus
2992 1961 3060 2014 ‘0.
3104 1964 3334 2021 Etenim
3371 1949 3435 2022 in
3476 1966 3594 2025 hac

1939 2039 2258 2097 solitudine
2287 2042 2465 2113 dego,
2493 2059 2529 2101 ο
2558 2045 2720 2103 mala
2750 2048 3049 2120 cogitatio,
3076 2049 3139 2107 in
3160 2067 3283 2124 qua
3306 2055 3595 2113 Dominus

1939 2135 2214 2187 versatus
2264 2136 2369 2189 est.
2417 2133 2518 2189 Hic
2546 2150 2805 2208 quercus
2834 2138 3098 2196 Mambre
3139 2156 3153 2197 :
3192 2141 3289 2198 hic
3319 2143 3484 2201 scala
3506 2145 3592 2203 fe-

1937 2235 2075 2277 rens
2102 2220 2182 2277 ad
2206 2222 2448 2296 coelum,
2480 2230 2536 2282 et
2566 2226 2920 2298 angelorum
2951 2235 3148 2288 castra
3172 2248 3209 2288 a
3236 2232 3422 2291 Jacob
3451 2251 3593 2294 con-

1939 2314 2184 2382 specta;
2229 2311 2328 2368 hic
2378 2313 2657 2389 solitudo,
2687 2317 2749 2373 in
2788 2333 2913 2391 qua
2943 2320 3208 2392 populus
3234 2324 3589 2395 puriﬁcatus

1933 2399 2131 2469 legem
2177 2403 2427 2475 accepit,
2478 2409 2535 2462 et
2580 2405 2663 2463 ita
2693 2408 2942 2464 demum
2972 2408 3034 2466 in
3083 2413 3307 2469 terram
3332 2415 3593 2485 promis-

1934 2488 2121 2546 sionis
2148 2491 2455 2561 ingressus
2485 2496 2676 2552 Deum
2704 2496 2874 2553 vidit.
2912 2497 3012 2555 Hic
3040 2516 3221 2557 mons
3260 2502 3590 2577 Carmelus,

1929 2578 1992 2636 in
2021 2597 2144 2655 quo
2176 2581 2330 2639 Elias
2364 2599 2757 2643 commorans
2805 2586 3030 2660 placuit
3076 2592 3237 2660 Deo;
3278 2592 3375 2649 hic
3426 2610 3589 2652 cam-

1928 2686 2068 2743 pus,
2097 2672 2159 2726 in
2202 2687 2386 2741 quem
2434 2689 2572 2730 cum
2607 2675 2823 2733 Esdras
2872 2679 3242 2749 secessisset,
3274 2696 3486 2739 omnes
3511 2683 3586 2741 li-

1925 2757 2069 2815 bros
2117 2759 2400 2817 divinitus
2441 2762 2786 2836 inspiratos,
2829 2768 2948 2822 Deo
2972 2766 3243 2841 jubente,
3276 2772 3584 2831 eructavit.

1927 2848 2027 2905 Hic
2080 2847 2363 2921 solitudo,
2409 2850 2472 2906 in
2524 2868 2650 2925 qua
2699 2852 2914 2910 beatus
2970 2857 3256 2928 Joannes,
3319 2858 3587 2919 locustae

1925 2937 2131 3005 edens,
2173 2937 2521 2995 hominibus
2561 2941 2734 3013 13o
2762 2942 3177 3015 paenitentiam
3209 2947 3587 3019 praedicavit.

1926 3026 2029 3083 Hic
2054 3042 2232 3083 mons
2261 3028 2591 3097 Olivarum,
2607 3030 2668 3087 in
2700 3048 2886 3105 quem
2909 3048 3049 3090 cum
3081 3035 3351 3093 Christus
3372 3053 3587 3095 ascen-

1926 3116 2112 3173 disset
2162 3117 2374 3188 oravit,
2407 3134 2580 3175 orare
2610 3136 2723 3176 nos
2757 3121 3007 3178 docens.
3042 3122 3142 3181 Hic
3174 3124 3440 3183 Christus
3481 3143 3586 3183 so-

1923 3205 2193 3262 litudinis
2223 3212 2480 3265 amator.
2511 3209 2605 3266 Ait
2632 3210 2796 3267 enim
2825 3228 2838 3267 :
2870 3212 2981 3269 Ubi
3003 3213 3123 3270 duo
3162 3221 3297 3272 sunt
3330 3222 3435 3274 aut
3468 3223 3589 3276 tres

1926 3298 2265 3368 congregati
2304 3298 2370 3354 in
2408 3300 2650 3356 nomine
2690 3316 2839 3372 meo,
2882 3300 2966 3358 ibi
3009 3318 3140 3360 sum
3179 3304 3244 3361 in
3274 3307 3467 3362 medio
3498 3323 3588 3364 eo-

1924 3388 2154 3445 rum“.
2203 3387 2304 3443 Hic
2348 3396 2609 3460 angusta
2656 3395 2714 3448 et
2757 3396 2923 3449 arcta
2970 3392 3086 3460 via,
3118 3410 3256 3468 quae
3306 3396 3471 3453 ducit
3508 3398 3590 3455 ad

1924 3474 2133 3532 vitam.
2175 3476 2278 3532 Hic
2326 3476 2606 3535 doctores
2653 3483 2708 3536 et
2759 3481 3095 3554 prophetia,
3135 3483 3198 3539 in
3248 3483 3587 3543 solitudini-

1923 3564 2039 3621 bus
2096 3570 2383 3640 errantes,
2435 3584 2505 3625 ac
2552 3570 2886 3639 montibus,
2920 3571 3348 3647 speluncisque
3398 3580 3458 3633 et
3494 3576 3585 3634 fo-

1922 3656 2260 3713 raminibus
2286 3662 2454 3714 terrae
2481 3660 2550 3718 ⁸³,
2578 3659 2680 3716 Hic
2710 3660 2972 3732 apostoli
2998 3666 3057 3717 et
3085 3664 3495 3734 evangelistae,
3529 3670 3588 3723 et

1924 3746 2364 3802 monachorum
2390 3753 2622 3804 semota
2647 3747 2726 3805 ab
2752 3747 3007 3805 urbibus
3040 3750 3179 3806 vita.
3217 3754 3349 3808 Haec
3378 3751 3584 3826 itaque

1922 3836 2077 3892 ultro
2111 3836 2368 3909 suscepi,
2403 3841 2467 3893 ut
2509 3853 2853 3911 consequar
2880 3854 3018 3912 quae
3051 3838 3266 3897 Christi
3311 3843 3587 3915 martyri-

1920 3924 2039 3981 bus
2087 3928 2142 3982 et
2188 3924 2472 3982 omnibus
2520 3925 2654 3983 aliis
2702 3926 2923 3984 sanctis
2966 3928 3270 4001 promissa
3310 3936 3486 4001 sunt;
3520 3937 3587 3991 ut

1922 4032 2061 4072 vere
2104 4031 2175 4072 ac
2208 4014 2357 4072 citra
2385 4015 2774 4073 mendacium
2808 4017 3012 4074 dicam
3061 4035 3073 4074 :
3112 4019 3375 4090 Propter
3403 4023 3589 4082 verba

1927 4106 2224 4163 tabiorum
2255 4111 2495 4163 tuorum
2516 4121 2616 4177 ego
2648 4108 2950 4166 custodivi
2974 4109 3103 4165 vias
3129 4109 3317 4168 duras
3346 4112 3413 4168 ‘3.
3437 4113 3588 4170 Novi

1923 4194 2084 4251 enim
2131 4194 2383 4250 charum
2440 4197 2559 4252 Deo
2613 4196 2923 4254 Abraham
2982 4198 3090 4271 qui
3144 4200 3279 4256 voci
3336 4201 3438 4258 Dei
3480 4202 3587 4259 ob-

1924 4289 2166 4342 secutus
2209 4288 2319 4352 est,
2370 4288 2428 4342 et
2454 4286 2516 4341 in
2560 4285 2944 4343 solitudinem
2972 4287 3291 4359 migravit;
3324 4295 3381 4347 et
3417 4293 3587 4349 lsaac

1923 4374 2193 4448 potentia
2235 4390 2619 4448 oppressum,
2666 4381 2723 4433 et
2753 4377 2940 4433 Jacob
2983 4378 3388 4450 patriarcham
3417 4397 3587 4454 pere-

1927 4465 2304 4537 grinantem;
2345 4465 2639 4538 pudicum
2667 4466 2891 4541 Joseph
2919 4466 3330 4538 divenditum;
3365 4485 3583 4542 pueros

1930 4560 2044 4611 tres
2090 4553 2469 4611 abstinentiae
2516 4555 2882 4627 inventores,
2914 4556 3019 4629 qui
3059 4556 3350 4614 adversus
3377 4559 3582 4629 ignem

1924 4647 2313 4717 pugnarunt;
2357 4643 2661 4701 Danielem
2692 4645 2878 4702 semel
2917 4650 2973 4701 et
3014 4644 3232 4702 iterum
3261 4647 3323 4703 in
3352 4647 3583 4706 fossam

1922 4733 2168 4789 leonum
2214 4720 2593 4805 conjectum;
2626 4734 2947 4790 Jeremiam
2987 4732 3177 4790 libere
3206 4735 3580 4809 loquentem,

1921 4823 2080 4880 coeni
2106 4822 2267 4880 laeui
2296 4823 2646 4888 addictum;
2693 4824 2913 4881 Isaiam
2946 4839 3307 4882 arcanorum
3346 4833 3582 4900 specta-

245 5018 290 5052 ιθ
322 5012 493 5071 Psal.
532 5024 733 5079 cxxrn,
759 5012 814 5063 7.
894 5006 939 5041 Η
967 5004 1168 5063 Matth.
1197 5019 1360 5073 xvm,
1390 5005 1482 5062 20.
1560 5004 1608 5039 ⁴²
1636 5002 1815 5062 Hebr.
1839 5036 1920 5088 χι,
1952 5004 2042 5058 38.
2119 5002 2167 5037 ‘3
2194 5001 2349 5058 Psal.
2383 5018 2494 5070 xvr,
2526 5004 2582 5057 4.

247 5176 353 5243 (14)
381 5178 540 5233 Μήτε
582 5171 729 5253 ιιόύςζ
770 5170 885 5253 etc.
918 5168 1077 5251 ξος..
1103 5164 1412 5253 secandus
1432 5169 1574 5246 flii)“
1617 5160 1678 5253 δὲ
1702 5173 1803 5253 τεῖέν

178 5232 500 5300 ἀδικούντων
553 5250 651 5302 τῆν
703 5232 873 5315 όρμὴν
923 5232 1186 5320 ξιξιοῖκόψαι
1237 5232 1528 5320 δυναμένῳ,
1567 5241 1702 5320 μήτε
1741 5233 1805 5290 δὲ

180 5323 288 5380 τοὺς
318 5309 882 5392 σφαλλομένους-οἱα
916 5309 1068 5366 Cum
1099 5322 1208 5365 nec
1237 5309 1588 5379 iniquorum
1618 5309 1804 5378 impe-

181 5396 297 5447 tum
321 5385 620 5467 repetierit:
651 5385 918 5443 valeam.
1133 5450 1183 5467 η
1208 5452 1218 5467 ,
1398 5449 1450 5467 ἡ,

246 5449 683 5532 (15)”Μεῗθλοντι.
885 5450 1343 5532 προσαπολλύειν...
1398 5449 1803 5532 Signduorllm

180 5521 447 5591 codicum
466 5549 585 5608 ope
605 5521 984 5608 emendatur
1002 5522 1166 5597 quod
1187 5525 1315 5579 erat
1329 5521 1391 5577 in
1408 5521 1585 5579 editis
1605 5521 1800 5595 μᾶλλον

178 5623 254 5659 τι.
268 5648 281 5659 .
297 5648 311 5661 .
325 5650 337 5661 .
349 5643 366 5661 .
382 5602 838 5661 ποοσὶεπολλύντι.

251 5658 363 5747 (rei
376 5658 565 5739 ηὲιξὲθζ
577 5676 727 5737 Post
746 5672 921 5731 hanc
938 5680 1149 5725 vocem
1169 5663 1407 5727 addunt
1425 5667 1570 5738 Reg.
1584 5678 1799 5724 secun-

1916 5163 2033 5219 dus
2095 5168 2151 5221 et
2203 5166 2343 5221 Maz.
2391 5162 2604 5217 ἐνώπιον

1920 5237 2097 5377 wish)
2129 5305 2382 5383 Μαμᾷρή.
2408 5308 2676 5383 Ita_mss.
2712 5308 2866 5383 Editi
2895 5307 3112 5383 Maégr'i.

1986 5378 2428 5453 (18)_F.‘i5u16a'w.
2484 5378 2606 5435 Hoc
2659 5379 2919 5437 verbum
2977 5378 3255 5437 additum
3314 5397 3388 5437 ex
3435 5383 3577 5453 Reg.

1913 5449 2203 5506 secundo.
3524 5449 3548 5453 ⁷

1984 5522 2095 5594 (19)
2152 5522 2233 5576 Ἐν
2288 5526 2430 5595 μέσῳ
2485 5523 2677 5582 αὐτῶν.
2730 5525 2873 5595 Reg.
2935 5521 3242 5580 secundus
3306 5530 3416 5595 μετ’
3477 5522 3577 5576 αύ-

1914 5612 2016 5646 των
2025 5634 2038 5650 ο

2686 5163 2991 5239 ἀνθρώπων.
3057 5165 3274 5226 Coram
3330 5169 3585 5227 homini-
3640 5210 3645 5219 -
