4114 6440
552 294 656 350 359

1926 288 1985 346 S.
2026 287 2282 346 BASILII
2320 288 2544 347 MAGNI

3811 297 3914 355 360

552 421 766 487 torem,
802 432 970 474 serra
998 418 1265 484 sectum;
1306 414 1641 473 abductum
1690 416 1750 473 in
1798 414 2208 489 captivitatem

2318 420 2547 475 σιαστὴν
2612 420 2720 488 (‘20)
2785 417 3032 492 Ἰερεμίαν
3088 416 3155 479 εἰς
3206 416 3396 471 λοὶκκον
3455 416 3716 495 βορϐόρου
3764 440 3917 476 κατα-

551 507 871 574 Israelem;
924 510 1220 564 Joannem
1267 506 1543 564 adulterii
1591 506 2065 579 objurgatorem,
2113 521 2210 563 ca-

549 600 670 673 pite
718 601 1099 667 truncatum;
1146 601 1444 668 martyres
1488 595 1699 653 Christi
1737 596 1813 652 de
1842 595 2042 652 medio
2068 596 2210 652 sub-

549 689 727 746 latos.
780 690 846 744 Et
892 686 1043 761 quid
1090 686 1364 759 pluribus
1396 701 1599 742 moror
1628 686 1657 742 ?
1706 685 1810 742 ubi
1840 689 1897 741 et
1922 684 2050 758 ipse
2081 684 2208 742 Sal-

549 782 723 835 vator
748 793 857 851 pro
887 775 1064 833 nobis
1094 775 1415 832 cruciﬁxus
1443 779 1552 842 est,
1586 779 1653 831 ut
1681 779 1870 833 morte
1916 790 2031 831 sua
2062 774 2206 831 vivi-

548 867 758 924 ﬁcaret
781 881 915 936 nos,
946 870 1003 923 et
1032 880 1531 938 unumquemque
1561 870 1840 922 nostrum
1869 863 1951 921 ad
1975 864 2206 937 patien-

547 958 695 1015 tiam
738 957 1012 1012 incitaret
1039 971 1111 1013 ac
1140 953 1418 1012 traheret.
1449 954 1540 1011 Ad
1568 954 1731 1011 hunc
1762 954 2000 1024 festino,
2032 957 2089 1011 et
2126 954 2207 1011 ad

547 1050 802 1115 Patrem,
855 1050 914 1101 et
964 1043 1043 1100 ad
1094 1043 1379 1117 Spiritum
1428 1047 1733 1101 sanctum.
1767 1042 2205 1115 Legitimusin-

544 1134 735 1192 veniri
786 1149 990 1205 conor,
1023 1132 1344 1204 indignum
1392 1136 1617 1190 memet
1657 1132 1940 1204 judicans
1992 1132 2207 1189 mundi

543 1224 748 1282 bonis.
780 1226 1072 1281 Caeterum
1101 1238 1300 1295 neque
1327 1237 1441 1293 ego
1470 1227 1717 1296 propter
1745 1221 2066 1294 mundum,
2097 1221 2207 1278 sed

544 1314 813 1372 mundus
842 1316 1087 1387 propter
1117 1328 1234 1369 me.
1258 1314 1391 1370 Haec
1417 1312 1596 1383 igitur
1624 1318 1787 1385 apud
1818 1312 2206 1386 temetipsum

543 1408 854 1478 reputans,
900 1418 1093 1476 eaque
1142 1401 1480 1473 diligenter,
1535 1406 1601 1458 ut
1655 1402 1760 1458 tibi
1811 1401 2040 1458 dictum
2091 1406 2202 1473 est,

545 1508 906 1567 exsequens,
956 1491 1197 1548 decerta
1254 1506 1362 1564 pro
1409 1490 1654 1547 veritate
1685 1506 1876 1565 usque
1927 1490 2006 1548 ad
2037 1506 2205 1547 mor-

546 1588 687 1641 tem.
739 1582 970 1639 Etenim
1024 1580 1289 1639 Christus
1347 1580 1421 1637 ad
1472 1586 1729 1637 mortem
1772 1580 1992 1654 usque}
2011 1581 2205 1637 factus

546 1677 639 1731 est
663 1671 975 1729 obedieus.
1037 1669 1153 1727 Sed
1200 1675 1256 1726 et
1307 1670 1631 1743 Apostolus
1663 1669 1847 1727 dicit:
1894 1672 2094 1727 Videte
2130 1685 2206 1727 ne

2318 501 2681 580 δικαζόμενον
2749 507 2968 561 Ἠσαίαν
3038 510 3126 561 τόν
3193 515 3292 560 τῶν
3360 506 3672 583 ἀποκρύφων
3735 512 3917 571 θεατὴν

2315 596 2645 672 πριζόμενον·
2703 600 2790 650 τὸν
2845 596 3052 671 Ἰσραὴλ
3140 596 3683 671 αἰχμαλωτιζόμενον·
3754 600 3919 653 Ἰωάν-

2315 704 2407 743 νην
2448 689 2535 739 τόν
2582 695 2678 749 τῆς
2734 692 2984 760 μοιχείας
3029 685 3245 759 ἔλεγχον
3294 685 3721 761 ἀποτεμνόμενον·
3770 687 3918 742 ἀναι-

2313 779 2597 849 ρουμένους
2651 780 2773 839 τοὺς
2822 783 3057 851 Χριστοῦ
3113 776 3403 851 μάρτυρας.
3456 781 3558 830 Καὶ
3606 778 3688 829 ἵνα
3731 782 3783 831 τί
3827 799 3922 852 μα-

2314 865 2596 941 κρολογῶ;
2660 868 2790 920 ὅπου
2848 885 2909 938 γε
2958 870 3049 919 καὶ
3102 864 3254 927 αὐτὸς
3319 866 3345 918 ό
3385 870 3562 942 Σωτὴρ
3613 865 3918 941 ἐσταυρώθη

2316 958 2445 1031 ὑπὲρ
2494 958 2661 1030 ἡμῶν,
2707 957 2790 1010 ἶνα
2837 963 2909 1018 τῷ
2958 954 3143 1009 ἑαυτοῦ
3177 957 3382 1028 θανάτῳ
3420 958 3556 1029 ἡμᾶς
3588 957 3916 1032 ζωοποιήσῃ,

2315 1051 2405 1099 καὶ
2455 1045 2650 1108 πάντας
2719 1048 2861 1120 ἡμᾶς
2907 1050 3037 1119 πρὸς
3092 1049 3187 1104 τὴν
3235 1047 3500 1119 ὑπομονὴν
3572 1044 3759 1121 ἀλείφῃ
3833 1053 3920 1102 καὶ

2316 1134 2532 1209 ἐλκύσῃ.
2586 1138 2726 1210 Πρὸς
2774 1142 2953 1187 τοῦτον
3011 1132 3309 1207 ἐπείγομαι,
3364 1138 3455 1186 καὶ
3510 1137 3638 1209 πρὸς
3676 1139 3761 1189 τόν
3806 1139 3919 1189 Πά-

2314 1228 2459 1300 τέρα,
2490 1228 2582 1277 καὶ
2613 1228 2671 1277 τὸ
2706 1231 2912 1298 Πνεῦμα
2940 1226 2998 1276 τό
3036 1222 3183 1295 ἅγιον
3216 1223 3350 1293 (21).
3392 1228 3613 1287 Γνησιος
3652 1225 3924 1301 εὑρεθῆναι

2317 1311 2665 1388 ἀγωνίζομαι,
2712 1312 2919 1377 ἀνάξιον
2968 1311 3189 1387 ἐμαυτόν
3237 1316 3418 1387 κρίνας
3445 1321 3546 1365 τῶν
3588 1320 3682 1366 τοῦ
3721 1318 3925 1388 κόσμον

2314 1404 2503 1460 καλῶν.
2555 1403 2696 1462 Πλήν
2752 1402 2859 1456 ἀλλ’
2908 1399 3034 1456 οὐδε
3084 1404 3187 1474 εγὼ
3239 1398 3333 1455 διὰ
3376 1405 3464 1456 τὸν
3505 1407 3726 1476 κόσμον,
3764 1403 3875 1457 ἀλλ’
3901 1410 3926 1458 ό

2314 1497 2511 1568 κόσμος
2562 1490 2638 1546 δι’
2690 1493 2799 1566 ἐμέ.
2847 1499 3027 1545 Tot-57a
3066 1489 3153 1544 οὖν
3200 1490 3249 1544 ἐν
3281 1491 3444 1564 ἑαυτῷ
3484 1490 3925 1567 ἐπιλογιζόμενος,

2314 1589 2403 1637 καὶ
2457 1582 2610 1636 τελῶν
2667 1581 2802 1635 αὐτά
2860 1576 3184 1647 σπουδαίως,
3232 1583 3370 1635 κατὰ
3419 1585 3476 1635 τὸ
3517 1581 3785 1657 εἰρημένον
3821 1603 3926 1656 σοι,

2318 1671 2575 1745 ἀγώνισαι
2636 1672 2762 1746 ὑπὲρ
2820 1677 2915 1732 τῆς
2945 1669 3189 1733 ἀληθείας
3237 1672 3332 1733 ἕως
3364 1672 3609 1726 θανάτου.
3667 1677 3771 1725 Καὶ
3825 1675 3925 1747 γὰρ

548 1762 791 1835 quando
815 1762 889 1818 sit
922 1762 983 1816 in
1030 1760 1157 1815 ulto
1190 1765 1450 1816 vestrum
1484 1774 1588 1816 cor
1614 1775 1892 1830 pravum,
1929 1766 1995 1815 ut
2024 1761 2205 1817 desci-

2316 1764 2341 1815 ό
2390 1765 2624 1837 Χριστὸς
2672 1760 2903 1823 ὑπήκοος
2947 1764 3123 1832 γέγονε
3160 1764 3326 1835 μέχρι
3362 1762 3604 1814 θανάτου.
3649 1760 3810 1814 Ἀλλά
3840 1762 3927 1816 καὶ

545 1858 675 1909 seat
722 1866 760 1909 a
807 1852 928 1909 Deo
978 1851 1210 1907 vivente
1248 1865 1271 1906 ,ο
1317 1851 1420 1905 sed
1469 1850 1875 1907 exhortemini
1916 1866 2014 1906 vos
2048 1851 2203 1906 invi-

545 1957 690 2018 cem,
740 1948 794 1997 et
839 1940 1134 2009 wdiﬁcate
1187 1939 1415 2010 singuli
1462 1940 1754 2010 singulos,
1793 1940 2068 2011 quandiu
2118 1939 2207 1995 di-

545 2033 706 2087 citur
755 2030 879 2086 dies
932 2029 1347 2085 hodiernus“.
1400 2031 1548 2084 Nam
1593 2028 1723 2083 dies
1760 2028 2089 2085 hodiernus
2127 2030 2205 2086 si-

543 2118 789 2190 gniﬁcat
842 2122 1036 2175 totum
1097 2117 1228 2174 vitm
1286 2122 1509 2175 nostrae
1568 2122 1830 2191 tempus.
1887 2118 1980 2175 Sic
2023 2118 2205 2189 igitur

539 2210 771 2280 vivens,
830 2207 1031 2271 frater,
1088 2210 1141 2262 te
1201 2206 1330 2279 ipse
1406 2206 1697 2275 servabis,
1755 2222 1989 2280 nosque
2043 2208 2204 2264 exhi-

539 2297 786 2368 larabis,
810 2303 867 2355 et
885 2299 1074 2354 Deum
1097 2296 1463 2368 gloriﬁcabis
1487 2296 1547 2354 in
1569 2295 1791 2353 saecula
1816 2297 2198 2355 saeculorum.

541 2391 753 2445 Amen.

1112 2620 1445 2677 EPISTOLA
1484 2620 1686 2677 XLlll‘.

2316 1853 2341 1903 ό
2399 1850 2715 1911 Ἀπόστολός
2767 1869 2920 1922 φησι.
2978 1849 3190 1903 Βλέπετε
3237 1854 3442 1923 μήποτε
3497 1852 3647 1903 ἔσται
3707 1852 3757 1903 ἓν
3823 1872 3921 1905 τινι

2313 1942 2456 2014 ὑμῶν
2540 1936 2739 2015 καρδία
2821 1940 3054 2013 πονηρὰ,
3140 1938 3207 2000 εἰς
3286 1943 3345 1992 τὸ
3440 1937 3741 1999 ἀποστῆναι
3820 1939 3915 1994 ἀπὸ

2316 2038 2450 2084 Θεοῦ
2535 2030 2643 2101 (2?)
2726 2028 2919 2089 ζῶντος
3008 2026 3137 2080 ἀλλὰ
3222 2026 3470 2090 ἀλλήλους
3553 2029 3947 2106 παρακαλεῖτε,’

2312 2125 2403 2173 καὶ
2459 2121 2528 2182 εἷς
2585 2121 2672 2172 ’ὸν
2727 2120 2814 2171 ἕνα
2861 2114 3207 2191 οἰκοδομεῖτε,
3248 2120 3413 2194 ἄχρις
3462 2114 3522 2172 οὗ
3573 2123 3633 2173 τὸ
3697 2125 3924 2197 σήμερον

2310 2209 2535 2282 λέγεται.
2589 2211 2659 2262 Τό
2718 2210 2820 2283 γὰρ
2882 2213 3104 2282 σήμερον
3153 2213 3399 2282 σημαίνει
3442 2206 3556 2261 ὅλον
3604 2212 3692 2263 τόν
3729 2216 3924 2285 χρόνον

2310 2309 2407 2362 τῆς
2467 2302 2605 2362 ζωῆς
2656 2300 2822 2371 ἡμῶν.
2875 2298 3057 2359 Οὕτως
3108 2297 3197 2351 οὖν
3253 2297 3662 2372 πολιτευόμενος,
3714 2296 3923 2373 amet,

2311 2393 2402 2442 καὶ
2461 2391 2673 2441 σεαυτόν
2723 2392 2930 2455 σώσεις,
3008 2391 3098 2440 καὶ
3149 2389 3292 2460 ἡμᾶς
3345 2387 3636 2461 εὐφρανεῖς,
3696 2393 3784 2441 καὶ
3833 2393 3919 2442 τόν

2314 2478 2441 2532 Θεόν
2474 2474 2715 2540 δοξάσεις
2747 2476 2819 2538 εἰς
2862 2474 2985 2538 τοὺς
3021 2476 3210 2539 αἰῶνας
3239 2484 3339 2531 τῶν
3370 2476 3590 2535 αἰώνων,
3628 2479 3806 2551 Ἀμήν.

2855 2625 3197 2674 ΕΠΙΣΤΟΛΗ
3239 2620 3349 2674 ΜΓ

715 2728 1011 2795 Basilius,
1041 2742 1145 2783 seu
1176 2727 1371 2799 quivis
1400 2726 1554 2783 alius
1584 2727 1851 2798 epistolae
1880 2732 2113 2798 auctor,
2146 2731 2497 2803 evangelica
2524 2733 2829 2800 prmeepta
2858 2729 3152 2785 solitariis
3183 2727 3447 2785 breviter
3474 2730 3740 2800 exponit.

964 2856 1314 2913 Admonitio
1342 2854 1425 2912 ad
1443 2856 1740 2926 juniores.

607 2968 776 3027 Disce
808 2971 873 3024 tu
900 2965 1003 3041 qui
1054 2964 1390 3022 solitariam
1419 2964 1603 3021 vitam
1644 2935 1832 3037 degis,
1862 2965 2089 3039 quique
2112 2965 2191 3022 ﬂ-

2735 2855 3005 2907 Νονθεσία
3032 2856 3164 2930 πρὸς
3190 2856 3310 2916 τοὺς
3336 2858 3502 2917 νέους.

2378 2964 2526 3017 Μείθε
2576 2967 2642 3016 σὺ
2696 2963 2721 3014 ό
2769 2961 3007 3035 your/Ite.»
3051 2965 3143 3014 καὶ
3170 2963 3362 3023 πιστὸς
3389 2962 3685 3034 ἄνθρωπος,
3711 2967 3923 3025 καὶτῆς

531 3056 683 3113 delis
715 3057 902 3113 homo
935 3069 1005 3110 ac
1034 3053 1270 3126 pietatis
1296 3051 1490 3109 cultor
1519 3068 1604 3120 es,
1640 3056 1696 3108 et
1734 3052 1986 3109 edocere
2014 3069 2196 3109 evan-

2309 3051 2568 3114 εὖσεϐείας
2621 3050 2867 3125 ἐργάτης,
2924 3055 3014 3103 καὶ
3067 3046 3373 3122 διδάχθητι
3402 3050 3743 3123 εὐαγγελικην
3774 3053 3922 3105 πολι-

532 3145 791 3216 gelieum
844 3141 1087 3199 vivendi
1142 3156 1360 3212 genus,
1401 3140 1673 3213 corporis
1730 3139 1792 3195 in
1849 3141 2193 3198 servitutem

527 3233 965 3301 redactionem,
1010 3231 1291 3304 spiritum
1335 3229 1649 3297 humilem,
1699 3230 1917 3286 mentis
1975 3230 2194 3304 purita-

528 3328 672 3394 tem,
720 3323 825 3379 irte
876 3320 1361 3378 exstinctionem.
1415 3320 1689 3383 Coactus,
1747 3319 1998 3393 insuper
2034 3319 2193 3377 adde

527 3416 774 3486 propter
818 3408 1187 3476 Dominum;
1236 3408 1466 3464 damno
1510 3407 1786 3474 atfectus,
1832 3423 1908 3465 ne
1955 3408 2189 3482 litiges;

527 3501 669 3558 odio
740 3498 1007 3560 habitus,
1081 3496 1317 3568 dilige;
1372 3496 1789 3571 persecutione
1867 3497 2189 3571 appetitus,

525 3591 850 3658 sustineto;
882 3587 1040 3645 male
1065 3587 1339 3653 audiens,
1365 3586 1635 3644 obsecra.
1653 3587 1744 3644 Sis
1770 3592 2018 3660 peccato
2034 3603 2191 3644 mor-

523 3686 663 3738 tuus
688 3699 702 3750 ;
733 3681 813 3737 sis
846 3694 971 3736 una
992 3693 1131 3735 cum
1165 3680 1284 3734 Deo
1309 3676 1634 3733 cruciﬁxus
1660 3695 1673 3745 ;
1706 3692 1915 3733 curam
1940 3693 2186 3733 omnem

520 3770 780 3829 transfer
835 3769 897 3826 in
956 3768 1303 3838 Dominum,
1372 3766 1539 3839 131
1597 3771 1662 3823 ut
1715 3767 2034 3841 reperiaris
2082 3766 2187 3823 ubi

522 3859 880 3934 angelorum
912 3863 1056 3915 sunt
1086 3856 1416 3930 myriades,
1460 3856 2003 3930 primogenitorum
2040 3872 2184 3913 con-

518 3956 759 4013 ventus,
811 3946 1228 4021 apostolorum
1282 3945 1520 4011 throni,.
1552 3945 1991 4019 prophetarum
2034 3962 2185 4019 prae-

519 4037 801 4096 cellentes
859 4036 1057 4103 sedes,
1117 4040 1356 4109 sceptra
1430 4035 1937 4108 patriarcharum,
2015 4051 2182 4091 mar-

519 4132 721 4203 tyrum
777 4141 1039 4193 coronae,
1089 4125 1391 4196 justorum
1452 4126 1779 4197 praeconia.
1838 4128 1994 4181 Inter
2065 4125 2179 4181 hos

513 4218 714 4290 justos
764 4221 826 4273 ut
880 4220 945 4272 tu
996 4215 1128 4288 ipse
1187 4214 1625 4284 annumereris,
1686 4214 2066 4286 concupisce,
2116 4214 2178 4271 in

519 4307 749 4364 Christo
776 4307 923 4363 Jesu
956 4303 1211 4361 Domino
1240 4308 1467 4359 nostro.
1492 4302 1607 4376 ipsi
1638 4302 1827 4374 gloria
1845 4303 1906 4359 in
1929 4303 2177 4363 saecula.

516 4403 728 4454 Amen.

1088 4501 1426 4559 EPISTOLA
1468 4501 1690 4557 XLIV".

2305 3147 2464 3209 τείαν,
2558 3146 2801 3214 σώματος
2883 3136 3272 3213 δονλαγωγίαν,
3332 3145 3575 3214 φρόνημα
3649 3146 3917 3211 ταπεινόν,

2304 3231 2497 3292 ἑννοίας
2562 3231 2920 3303 καθαρότητα,
2980 3228 3144 3304 ὀργῆς
3202 3227 3514 3303 ἀφανισμόν.
3591 3229 3915 3305 Ἀγγαρενό-

2302 3340 2468 3395 μενος,
2521 3320 2797 3396 προστίθει
2857 3316 2953 3371 διὰ
3009 3321 3096 3371 τόν
3158 3321 3367 3393 Κύριον⁸
3445 3317 3915 3394 ἀποστερούμενος,

2301 3414 2375 3484 μὴ
2433 3406 2680 3471 δικάζον·
2751 3410 3083 3482 μισούμενος,
3140 3406 3341 3480 ἀγάπα·
3421 3406 3755 3481 διωκόμενος,
3825 3408 3920 3462 ἁν-

2303 3504 2453 3572 έχουι
2511 3496 3002 3572 βλασφημούμενος,
3064 3496 3375 3573 παρακάλει.
3459 3499 3775 3571 Νεκρώθητι
3853 3507 3914 3558 τῇ

2302 3588 2553 3664 ἁμαρτίᾳ,
2601 3588 2939 3661 σταυρωθητι
2996 3594 3069 3638 τῶ
3127 3593 3261 3658 Θεῷ·
3333 3586 3455 3645 ὃλην
3513 3590 3601 3644 τὴν
3653 3591 3919 3661 μέριμναν

2299 3679 2513 3750 μετάθες
2565 3675 2649 3729 ἐπὶ
2695 3679 2782 3729 τόν
2833 3679 3045 3750 Κύριον,
3105 3677 3187 3727 ἶνα
3239 3677 3453 3749 εὑρεθῇς
3500 3676 3631 3728 ὅπου
3674 3674 3917 3749 ἀγγέλων

2296 3762 2569 3841 μυριάδες,
2623 3770 2966 3840 πρωτοτόκων
3030 3767 3369 3841 πανηγύρεις,
3430 3763 3732 3818 ἀποστόλων
3795 3769 3918 3842 θρό-

2482 3862 2759 3931 προεοητῶν
2842 3850 3141 3929 προεδρίαι,
3226 3863 3472 3931 σκῆπτρα
3530 3865 3912 3929 πατριαρχῶν,

3033 3939 3255 3996 δικαίων
3351 3946 3568 3997 ἔπαινοι.
3657 3944 3913 4006 Ἐκείνοις

2294 3876 2394 3925 νοι,

2294 3946 2571 4020 μαρτύρων
2660 3947 2922 4017 στέφανοι,

2295 4039 2512 4090 σεαυτόν
2542 4042 2651 4096 τοῖς
2692 4030 2917 4096 δικαίοις
2965 4032 3295 4106 ἐπιθύμησον
3348 4035 3820 4109 συναριγμηθῆναι
3859 4034 3909 4088 ἐν

2290 4133 2509 4200 Χριστῷ
2555 4124 2734 4183 Ἰησοῦ
2794 4132 2868 4195 τῷ
2928 4128 3102 4196 Κυρίῳ
3156 4126 3323 4197 ἡμῶν.
3383 4124 3532 4195 Αὐτῷ
3576 4125 3606 4184 ἠ
3658 4120 3801 4188 δόξα
3841 4126 3908 4187 εἰς

2289 4217 2406 4277 τούς
2437 4214 2641 4275 αἰῶνας.
2671 4213 2856 4286 Ἀμήν.

2812 4503 3151 4552 ΕΠΙΣΤΟᾹΠ
3192 4496 3318 4553 MA'.

512 4631 707 4702 Lapsa
736 4629 1033 4689 monacho
1063 4633 1279 4686 auctor
1309 4628 1576 4702 epistolae
1596 4628 1862 4702 primum
1887 4630 2123 4702 peccati
2149 4626 2646 4702 magnitudinem,
2679 4624 2896 4702 deinde
2928 4623 3408 4702 misericordiam
3440 4623 3711 4680 divinam
3747 4632 3902 4683 ante

1358 4699 1564 4756 oculos
1587 4700 1781 4769 ponit,
1812 4696 1962 4755 etv’ut
1994 4700 2077 4756 ad
2104 4716 2165 4758 se
2193 4696 2410 4764 veniat,
2448 4698 2701 4768 benigne
2729 4696 3039 4752 hortatur.

942 4827 1044 4883 Ad
1079 4826 1441 4885 monachum
1486 4826 1741 4896 lapsum.

594 4935 639 4988 t.
671 4931 934 4989 Salutem
962 4947 1083 4988 non
1114 4933 1397 5004 dicimus,
1428 4931 1574 5007 quia
1605 4945 1728 4987 non
1757 4933 1845 4987 est
1874 4929 2035 4987 salus
2065 4930 2174 4988 im-

587 5056 634 5091 “
659 5054 832 5111 Hebr.
860 5072 941 5124 ill,
974 5057 1058 5123 i2,
1092 5061 1178 5116 l3.

586 5180 607 5201 '
637 5179 796 5235 Alias
828 5183 890 5235 II.

580 5252 626 5273 "
650 5250 810 5307 Alias
848 5254 943 5309 Ill.

583 5323 690 5397 (ΞΟ)
751 5321 1190 5397 Παῤῥησιαστήν.
1269 5328 1411 5397 Quae
1462 5324 1541 5379 ab
1602 5326 1718 5381 hac
1768 5340 1915 5397 voce
1972 5339 2169 5397 usque

511 5392 600 5449 ad'
639 5392 1185 5462 nmiae/leguntur,
1226 5395 1437 5450 addita
1475 5400 1711 5452 suntex
1741 5396 1986 5452 duobus
2020 5392 2163 5451 m'ss.

511 5480 547 5520 a
576 5464 937 5520 Combeﬁsio
965 5464 1179 5518 citatis.

579 5537 693 5607 (2t)
744 5541 814 5589 To‘
874 5542 1084 5607 Πνεῦμα
1138 5540 1196 5587 τό
1248 5535 1417 5606 ἅγιον.
1493 5539 1576 5607 ita
1627 5539 1766 5606 Reg.
1837 5536 2161 5593 secundus.

510 5605 660 5660 Editi
703 5612 760 5659 τό
788 5607 955 5679 ’ἅγιον
1004 5605 1232 5679 Πνεῦμα.
1278 5605 1363 5679 Er
1409 5606 1625 5679 eodem
1667 5605 1874 5679 codice
1903 5608 2165 5679 legimus

508 5679 740 5746 γνήσιος,
790 5676 932 5735 editi
986 5676 1235 5749 γνησίως.
1307 5678 1472 5737 Idem
1517 5677 1706 5737 habet
1759 5676 2160 5754 ἀγωνιξιῆιενοςο

2648 4824 2787 4897 Πρός
2811 4822 3047 4895 μοναχὸν
3079 4818 3365 4874 ἐκπεσόντα
3393 4820 3527 4893 ('23).

2358 4935 2406 4988 1.
2444 4934 2654 5005 Χαίρειν
2710 4928 2769 4982 οὗ
2814 4927 3047 5001 λέγομεν,
3100 4929 3181 4982 ὅτι
3223 4928 3318 4982 οὐκ
3367 4930 3475 4982 ἔστι
3527 4934 3737 5006 χαίρειν
3779 4938 3892 4992 τοῖς

2280 5178 2585 5307 Μοχόῌλὴν
2617 5176 2725 5230 ἀλλ’
2762 5193 2836 5235 ex
2863 5178 3107 5235 duobus
3144 5195 3291 5235 mss.
3324 5178 3523 5237 Prima
3570 5195 3688 5236 vox
3718 5179 3902 5238 deest

2280 5269 2340 5307 in
2370 5268 2403 5307 e
2450 5259 2564 5307 ηις.

2278 5255 2340 5308 in
2370 5251 2564 5307 editis.

2350 5326 2464 5396 (22;
2493 5327 2620 5396 ῖΛπὸ
2657 5329 2813 5377 Θεοῦ.
2846 5322 2939 5379 Sic
2979 5322 3102 5379 duo
3150 5338 3296 5378 mss.
3330 5324 3502 5380 Deest
3538 5324 3897 5396 praepositio

2275 5394 2335 5450 in
2367 5395 2563 5451 editis.

2351 5469 2463 5540 (23)
2534 5470 2670 5540 Πρός

2275 5537 2411 5594 eod.
2448 5536 2603 5607 1908',
2637 5536 2739 5593 sed
2764 5536 2953 5594 manu
2981 5537 3331 5601 recentiore,
3361 5536 3608 5603 Ἀλέξων,
3638 5538 3740 5592 Ad
3766 5555 3896 5594 mo-

2273 5610 2537 5683 nachum
2555 5610 2805 5683 tamam
2834 5610 3139 5683 Ateaium.
3164 5607 3576 5683 Cod,Colbert.
3599 5612 3700 5663 457
3728 5614 3893 5683 επρὸς

2273 5676 2517 5735 διάκονον
2548 5676 2851 5753 ἐκπεσόντα,
2878 5681 2981 5737 Ad
3007 5680 3331 5741 diaconum
3360 5681 3622 5753 lapsum.

3406 5464 3586 5522 Addit
3663 5466 3893 5536 Regius

2765 5469 2958 5539 οναχόν
3022 5463 3328 5539 ἐκπεσόντα.
