4114 6376
146 247 155 257 ’
244 266 347 324 361

1277 264 1775 325 EPISTOLARUM
1814 262 2101 320 CLASSIS
2134 261 2177 318 Ι.
2218 264 2433 322 EPIST.
2471 266 2648 323 XLIV.

3531 270 3638 325 362

255 388 502 445 ἀσεϐέσιν
559 390 703 462 (24).
766 389 887 444 Ἔτι
934 392 1036 464 γὰρ
1087 389 1311 445 ἀπιστία
1374 411 1438 466 με
1482 395 1736 467 περιέχεὶ,
1790 393 1881 443 καὶ

1994 386 2123 461 piis.
2161 388 2376 445 Adhuc
2422 390 2584 447 enim
2636 388 2985 447 incredulus
3021 406 3180 461 sum,
3210 406 3321 447 nec
3335 391 3398 447 in
3428 395 3640 464 pectus

253 481 351 533 ούκ
400 479 696 555 ἐπέρχεταί
745 500 846 553 μου
909 479 981 541 εἰς
1034 484 1129 539 τὴν
1186 477 1411 555 καρδίαν
1459 484 1518 534 τό
1575 480 1880 539 τηλικοῦτον

255 568 522 641 ἀτόπημα
569 574 664 621 καὶ
716 573 775 621 τὸ
819 567 1144 644 ἐπιχείρημα
1194 572 1253 621 τό
1302 575 1436 643 μέγα
1486 569 1511 622 ὃ
1554 568 1801 645 ἔπραξας,
1838 571 1882 621 εἰ

252 678 312 731 γε
349 660 496 711 κατά
544 661 605 710 τό
661 661 963 732 φαινόμενον
1005 655 1114 717 ἤδη
1171 664 1334 711 πᾶσιν
1379 660 1543 721 οὕτως
1572 661 1705 731 ἔχει.
1730 666 1880 711 Θαυ-

252 748 416 821 μάξω
461 749 569 820 γὰρ
628 755 739 809 πῶς
799 748 827 805 ἡ
887 750 1118 806 τοσαύτη
1172 752 1332 820 σοφία
1372 749 1657 815 κατεπόθη,
1698 755 1809 808 πῶς
1845 746 1875 804 ἡ

251 839 504 894 τοσαύτη
562 833 805 911 ἀκρίϐεια
850 831 1063 893 διελύθη
1091 852 1105 866 ·
1160 838 1315 890 πόθεν
1347 839 1378 896 ἠ
1406 840 1637 894 τοσαύτη
1677 834 1878 907 τύφλω-

255 946 346 988 σις
401 927 704 1000 περιεχύθη
731 941 745 954 ·
804 933 931 997 πῶς,
992 922 1160 999 μηδὲν
1230 928 1290 979 τὸ
1361 926 1571 979 σύνολον
1615 924 1878 991 ἐννοήσας,

251 1018 520 1074 τοιαύτην
573 1019 665 1068 καὶ
702 1017 965 1073 τοσαύτην
1005 1013 1263 1068 ἀπώλειαν
1306 1014 1499 1088 ψυχῶν
1539 1015 1788 1090 εἰργάσω.
1819 1014 1882 1066 Εἰ

249 1109 359 1179 γὰρ
408 1104 608 1165 ἀληθὲς
644 1111 820 1174 τοῦτο,
853 1100 1241 1179 παραδέδωκας
1278 1106 1389 1177 (25)
1420 1110 1512 1159 καὶ
1541 1110 1635 1164 τὴν
1686 1109 1879 1157 σαυτοῦ

260 1195 459 1267 ψυχὴν
527 1202 603 1267 τῷ
660 1192 833 1267 βυθῷ,
881 1198 972 1247 καὶ
1022 1196 1229 1255 πάντων
1281 1203 1380 1247 τῶν
1446 1194 1735 1247 ἀκουόντων
1785 1197 1880 1251 τὴν

261 1282 508 1337 ἀσέϐειαν
574 1287 775 1342 ταύτην
841 1286 929 1336 τόν
985 1288 1130 1337 τόνον
1182 1283 1498 1358 παρελυσας.
1543 1288 1648 1343 Τὴν
1703 1288 1881 1337 πίστιν

266 1373 569 1436 ἡθὲτησας·
638 1381 734 1425 τοῦ
794 1370 986 1446 ἀγῶνος
1033 1381 1124 1426 τοῦ
1181 1373 1343 1426 καλοῦ
1401 1374 1739 1446 ἠστοχησας.
1794 1374 1882 1425 Διό

271 1460 416 1534 ἀλγῶ
467 1465 546 1515 ἐπὶ
600 1466 710 1520 σοί.
759 1468 917 1524 Ποῖος
957 1464 1059 1536 γὰρ
1090 1464 1247 1538 ἱερεὺς
1276 1460 1477 1514 ἀκούων
1507 1463 1621 1533 (26)
1647 1462 1707 1514 ού
1749 1462 1882 1534 θρη-

272 1557 457 1618 nica;
534 1559 684 1613 ποῖος
740 1550 1186 1613 ἐκκλησιαστικός
1254 1551 1314 1603 ού
1390 1555 1670 1619 κόπτεται;
1738 1557 1884 1611 ποῖος

270 1639 446 1703 λαὶκός
486 1640 546 1692 ού
612 1640 1014 1714 σκυθρωπάζει;
1069 1647 1213 1701 ποῖος
1270 1639 1510 1703 ἀσκητὴς
1564 1640 1623 1693 ού
1669 1642 1880 1709 πενθεῐ;

1988 494 2195 533 meum
2234 478 2415 536 intrat
2461 483 2697 536 tantum
2725 479 2896 536 nefas
2944 495 3014 536 ac
3061 494 3354 550 magnum
3382 480 3638 552 facinus,

1988 567 2155 640 quod
2178 568 2473 626 admisisti
2506 588 2518 626 :
2552 571 2603 625 si
2648 569 2898 643 quidem
2933 585 3052 634 res,
3101 570 3181 626 uti
3199 570 3325 641 jam
3355 570 3638 628 omnibus

1988 657 2309 715 manifesta
2336 664 2443 726 est,
2501 660 2585 717 ita
2611 676 2744 715 sese
2772 659 2976 716 habet.
3005 660 3278 716 Admiror
3297 661 3456 716 enim
3488 676 3640 733 quo-

1987 747 2176 803 modo
2225 748 2519 820 sapientia
2555 752 2721 806 tanta
2740 748 3033 821 absorpta
3054 751 3148 819 sit,
3174 750 3488 822 quomodo
3517 755 3643 807 tam

1988 841 2274 892 accurata
2320 837 2558 893 vivendi
2605 840 2760 895 ratio
2809 837 3127 903 dissoluta;
3193 839 3353 895 unde
3386 840 3642 896 circum-

1987 924 2127 979 fusa
2163 924 2340 981 fuerit
2377 927 2614 983 caecitas
2644 932 2839 996 tanta;
2870 926 3182 999 quomodo
3218 928 3367 984 nihil
3396 944 3645 1001 prorsus

1989 1014 2402 1085 considerans,
2448 1016 2631 1073 talem
2681 1033 2752 1073 ac
2804 1022 3036 1074 tantam
3067 1017 3413 1073 animarum
3450 1018 3647 1090 perni-

1989 1102 2144 1159 ciem
2199 1103 2529 1162 induxeris.
2583 1106 2650 1162 Id
2706 1106 2865 1162 enim
2891 1105 2942 1162 si
2977 1122 3189 1163 verum
3209 1111 3319 1175 est,
3349 1107 3647 1164 tradidisti

1989 1196 2049 1249 et
2091 1197 2257 1249 tuam
2321 1194 2511 1266 ipsius
2560 1196 2831 1251 animam
2882 1194 3193 1266 barathro,
3241 1200 3298 1252 et
3343 1196 3643 1265 omnium,

1990 1282 2096 1355 qui
2145 1282 2515 1355 impietatem
2573 1284 2733 1340 hanc
2771 1283 3049 1351 audiunt,
3100 1284 3291 1340 robur
3318 1285 3643 1342 exsolvisti.

1991 1372 2226 1427 lrritam
2255 1371 2446 1428 fecisti
2476 1372 2692 1442 ﬁdem;
2726 1373 3023 1430 aberrasti
3053 1376 3432 1430 acertamine
3457 1374 3643 1431 bono.

1993 1461 2375 1532 Quapropter
2400 1461 2577 1518 doleo
2599 1467 2701 1519 tua
2723 1478 2931 1519 causa.
2982 1462 3125 1528 Quis
3159 1462 3320 1518 enim
3340 1463 3648 1531 sacerdos,

1991 1549 2097 1605 ubi
2122 1551 2399 1618 audierit,
2434 1558 2534 1609 tua
2583 1569 2769 1609 causa
2806 1568 2929 1609 non
2982 1552 3452 1609 lamentabitur?
3510 1553 3649 1626 quis

1993 1640 2431 1698 ecclesiasticus
2499 1658 2625 1699 non
2688 1643 2961 1715 plangit?
2996 1643 3134 1715 quis
3194 1642 3386 1699 laicus
3414 1642 3651 1700 tristitia

264 1732 422 1802 Τάχα
488 1734 582 1782 καὶ
636 1730 662 1782 6
713 1728 859 1792 ἣλιος
914 1728 1198 1783 ἐσκότασεν
1241 1730 1327 1783 ἐπὶ
1381 1738 1455 1802 τῷ
1504 1737 1579 1801 σῷ
1621 1735 1881 1802 πτώματι,

1994 1745 2117 1786 non
2147 1729 2445 1786 afﬁcitur?
2488 1732 2624 1803 quis
2682 1731 3019 1787 monachus
3039 1748 3161 1787 non
3193 1731 3449 1789 moeret?
3482 1735 3652 1789 Forte

256 1824 350 1871 καὶ
408 1821 470 1871 αἱ
521 1816 777 1892 δυνάμεις
830 1828 931 1872 τῶν
989 1819 1216 1894 ούρανῶν
1257 1821 1363 1891 (27)
1409 1818 1765 1877 ἐσαλεύθησαν
1803 1821 1887 1872 ἐπὶ

251 1916 317 1981 τῇ
370 1916 439 1981 σῇ
500 1907 752 1981 ἀπωλείᾳ.
815 1905 1148 1982 Ἐδοίκρυσαν
1201 1913 1291 1962 καὶ
1330 1910 1379 1961 οἱ
1408 1907 1724 1961 ἀναίσθπτοι
1751 1907 1889 1960 λίθοι

266 1996 356 2051 ἐπὶ
394 2006 465 2070 τῇ
526 2006 593 2070 σῇ
654 2002 855 2072 μανίᾳ*
911 1997 1169 2051 ἔκλαυσαν
1220 1995 1279 2051 δὲ
1334 2003 1425 2051 καὶ
1467 2000 1518 2050 οἰ
1564 1996 1745 2073 ἐχθροὶ
1796 1994 1890 2051 διὰ

1329 2087 1352 2101 al

255 2092 354 2145 τὴν
414 2086 711 2161 ὑπερϐολὴν
766 2095 858 2148 τῆς
897 2086 1115 2160 ἀνομίας
1157 2107 1274 2143 σου.
1329 2087 1402 2140 ’Ὠ
1448 2087 1641 2150 πολλῆς
1694 2093 1886 2160 πωρώ-

256 2195 397 2239 σεως
425 2176 545 2249 (28)
574 2177 588 2232 Σ
623 2172 662 2228 ὦ
695 2173 875 2238 δεινῆς
925 2177 1227 2250 ὠμότητοςε
1280 2177 1357 2229 Ού
1409 2180 1537 2231 Θεὸν
1586 2175 1845 2249 ἐφοϐήθης
1870 2214 1883 2228 .

256 2265 359 2319 ούκ
453 2264 766 2339 ἀνθρώπους
842 2262 1116 2339 ᾖδέσθης·
1183 2266 1242 2319 ού
1310 2266 1488 2339 φίλους
1562 2264 1881 2341 ἔιετράπης’

262 2354 378 2408 ἀλλ’
409 2356 547 2428 ὁμοῦ
578 2357 751 2408 πάντα
788 2353 1121 2429 ἐναυάγησας
1146 2377 1159 2390 ·
1211 2358 1341 2429 ὁμοῦ
1377 2358 1549 2409 πάντα
1594 2354 1882 2417 ἐσυλήθης.

263 2449 355 2499 Διό
409 2444 571 2498 πάλιν
622 2443 763 2516 ἀλγῶ
817 2443 902 2498 ἐπὶ
964 2450 1068 2515 σοὶ,
1121 2444 1287 2498 ἄθλιε
1340 2444 1400 2497 Ὀ
1450 2453 1541 2506 τῆς
1609 2443 1886 2517 βασιλείας

257 2541 397 2587 πᾶσι
447 2538 540 2587 τὸν
586 2539 732 2587 τόνον
787 2532 1144 2607 ἀπαγγέλλων,
1185 2542 1282 2595 τῆς
1310 2532 1587 2607 βασιλείας
1626 2532 1881 2597 ἐξέπεσες.

255 2622 316 2676 ’0
358 2633 462 2686 τῆς
524 2619 884 2685 διδασκαλίας
935 2626 1023 2675 τὸν
1084 2622 1237 2696 φόϐον
1289 2629 1451 2676 πᾶσιν
1500 2622 1744 2696 ἐμποιῶν,
1790 2623 1885 2675 ούκ

258 2717 431 2786 ἔσχες
492 2711 648 2786 φόϐον
687 2720 826 2766 Θεοῦ
885 2710 1129 2765 ἀπέναντι
1173 2721 1274 2765 τῶν
1330 2712 1603 2786 ὀφθαλμῶν
1654 2731 1771 2764 σου·
1825 2712 1885 2765 Ὀ

262 2803 574 2875 ἁγιωσύνην
620 2805 928 2877 κηρύσσων,
984 2801 1168 2875 ἐναγὴς
1207 2803 1450 2876 εὑρίσκῃ.
1486 2800 1546 2855 Ὀ
1599 2799 1684 2855 ἐπὶ
1726 2800 1885 2862 ἀκτη-

270 2894 482 2965 μοσύνη
518 2897 881 2966 σεμνυνόμενος
922 2893 1057 2963 (29),
1100 2891 1522 2965 συλοχρηματῶν
1579 2890 1883 2966 ἑφευρίσκη.

272 2989 338 3034 ’0
400 2984 494 3038 την
540 2989 625 3033 τοῦ
676 2990 812 3035 Θεοῦ
856 2980 1072 3034 κόλασιν
1131 2978 1551 3055 ἐπιδεικνύμενος
1628 2978 1721 3034 διὰ
1792 2990 1886 3042 τῆς

1994 1818 2176 1876 etiam
2202 1819 2401 1890 solLob
2432 1825 2601 1877 tuum
2632 1821 2876 1894 lapsum
2924 1821 3286 1878 obscuratus
3318 1826 3427 1893 est,
3456 1827 3514 1879 et
3533 1823 3653 1879 vir-

1995 1912 2152 1964 tutes
2201 1908 2492 1964 caelorum
2524 1914 2846 1965 commotas
2902 1915 3045 1965 sunt
3071 1910 3151 1966 ob
3178 1911 3428 1967 exitium
3456 1914 3650 1967 tuum.

1997 1998 2151 2063 Quin
2177 2003 2234 2053 et
2273 1997 2507 2070 lapides
2568 2015 2782 2054 sensus
2828 2004 3104 2071 expertes
3152 1999 3457 2056 insaniam
3487 2005 3655 2058 tuam

1995 2087 2366 2144 defleverunt
2397 2106 2410 2143 :
2443 2088 2753 2161 ploravere
2788 2105 3034 2162 quoque
3072 2088 3300 2145 inimici
3329 2089 3409 2146 ob
3430 2090 3655 2163 iniqui-

1995 2177 2134 2234 tatis
2159 2181 2275 2233 tute
2320 2178 2822 2247 magnitudinem.
2883 2180 2926 2235 Ο
2958 2194 3250 2248 magnam
3281 2179 3611 2235 caecitatem
3637 2179 3651 2236 ι

1997 2269 2040 2324 Ο
2063 2266 2281 2323 miram
2310 2268 2723 2323 crudelitatem
2754 2268 2767 2323 !
2802 2271 2991 2324 Deum
3045 2284 3171 2324 non
3218 2268 3501 2335 timuisti;
3544 2269 3656 2326 ho-

1995 2356 2192 2412 mines
2217 2358 2503 2413 reveritus
2532 2374 2659 2413 non
2679 2373 2742 2413 es
2770 2375 2783 2425 ;
2841 2373 2962 2413 non
3013 2362 3068 2413 te
3091 2358 3275 2414 amici
3295 2363 3652 2427 moverunt;

1995 2445 2105 2501 sed
2128 2446 2310 2503 simul
2327 2447 2604 2503 omnium
2632 2447 3017 2517 naufragium
3043 2447 3232 2504 fecisti
3265 2466 3279 2517 ;
3326 2448 3507 2505 simul
3521 2465 3657 2522 spo-

1992 2534 2171 2591 liatus
2224 2551 2287 2591 es
2341 2536 2652 2594 omnibus.
2703 2536 2997 2602 Quocirca
3043 2536 3261 2593 iterum
3311 2552 3499 2594 causa
3528 2542 3654 2606 tua,

1993 2624 2195 2690 miser,
2230 2623 2429 2679 doleo.
2463 2624 2573 2690 Qui
2603 2624 2772 2694 regni
2800 2624 3148 2681 violentiam
3181 2630 3365 2697 atque
3403 2625 3657 2682 difﬁcul~

1994 2717 2178 2769 tatem
2209 2713 2495 2769 omnibus
2525 2712 2960 2782 annuntiabas,
3000 2729 3189 2783 regno
3226 2714 3521 2770 excidisti.
3543 2713 3657 2781 Qui

1993 2801 2282 2858 doctrinm
2330 2807 2561 2858 metum
2613 2802 2898 2858 omnibus
2943 2802 3303 2872 incutiebas,
3379 2804 3482 2859 Dei
3528 2819 3655 2860 non

1992 2891 2262 2948 habuisti
2301 2893 2578 2947 timorem
2626 2891 2707 2948 ob
2745 2891 2952 2947 oculos
2984 2897 3139 2948 tuos.
3188 2892 3299 2957 Qui
3330 2893 3657 2949 sanctimo-

1993 2981 2161 3037 niam
2190 2980 2595 3054 praedicabas,
2618 2980 2904 3037 scelestus
2932 2980 3421 3053 deprehenderis.
3447 2981 3558 3047 Qui
3578 2981 3654 3038 de

273 3075 602 3144 ὑφηγήσεως,
681 3072 839 3133 αὐτὸς
919 3070 1134 3123 κόλασιν
1217 3078 1419 3142 σεαυτῷ
1510 3069 1881 3144 προεξένησας.

1994 3071 3133 3145 paupertatefgloriabare,pecuniarum
3145 3072 3424 3127 inventus
3441 3087 3503 3127 es
3519 3087 3656 3145 rap-

264 3167 394 3224 Πῶς
476 3179 532 3213 σε
609 3162 895 3236 θρηνήσω;
978 3168 1090 3223 πῶς
1146 3159 1360 3232 ἀλγήσω
1425 3158 1509 3213 ἐπὶ
1577 3164 1693 3227 σοί;
1772 3167 1885 3221 Πῶς

258 3250 505 3314 ἐξέπεσεν
562 3251 590 3301 ό
656 3249 922 3326 ἑωσφόρος
979 3251 1006 3302 ό
1066 3251 1206 3323 πρωί
1259 3249 1373 3321 (30)
1432 3247 1734 3315 ἀνατέλλων,
1793 3253 1884 3302 καὶ

260 3338 547 3416 συνετρίϐη
597 3338 682 3393 ἐπὶ
740 3348 836 3400 τῆς
891 3347 1029 3413 γῆς;
1092 3342 1294 3401 Παντὸς
1347 3336 1621 3400 ἀκούοντος
1681 3339 1885 3410 ἡχήσει

255 3432 328 3484 τὰ
411 3429 687 3503 ἀμφότερα
750 3426 880 3482 ὦτα.
950 3436 1070 3489 Πῶς
1132 3429 1157 3480 ό
1230 3428 1538 3501 Ναζιραῖος,
1604 3429 1629 3479 6
1692 3427 1884 3499 ἐκλάμ-

254 3540 372 3574 πων
426 3521 560 3595 ὑπὲρ
618 3523 876 3594 χρυσίον,
936 3516 1223 3571 ἐσκότασεν
1282 3519 1410 3593 ὑπὲρ
1452 3515 1720 3584 ἀσϐόλην;
1770 3519 1885 3578 υίὸς

259 3613 397 3663 Σιὼν
453 3610 482 3661 ό
532 3613 732 3681 τίμιος,
781 3617 893 3670 πῶς
939 3605 1134 3680 ἐγένετο
1168 3614 1352 3669 σκεῦος
1397 3608 1714 3680 οἶχρηστοη
1747 3606 1878 3665 Οὗη

258 3705 449 3774 μνήμη
511 3706 613 3750 τῶν
672 3701 819 3751 θείων
868 3703 1081 3771 Γραφῶν
1131 3698 1232 3750 ὑπό
1274 3698 1480 3750 πάντων
1510 3694 1755 3765 ἢαλείτο,
1789 3701 1887 3755 σή-

258 3808 428 3865 μερον
475 3785 710 3840 ἀπώλετο
749 3790 810 3839 τό
857 3791 1191 3860 μνημόσυνον
1223 3786 1383 3839 αὑτοῦ
1431 3786 1542 3859 μετ’
1592 3789 1763 3857 ἤχου.
1823 3784 1883 3837 Ὀ

263 3878 485 3941 όξύνους
542 3875 700 3940 ὀξέως
775 3875 1026 3929 ἀπώλετο.
1100 3875 1159 3929 Ὀ
1228 3873 1477 3936 πολύνους
1558 3873 1882 3929 πυλύπλοκον

262 3967 536 4040 ἁμαρτίαν
604 3966 909 4041 εἰργάσατο.
985 3968 1051 4019 Οἱ
1100 3968 1203 4039 γὰρ
1262 3964 1576 4037 ὠφελημένοι
1640 3965 1740 4017 ὑπὸ
1792 3973 1883 4025 τῆς

268 4067 374 4119 σῆς
423 4054 788 4118 διδασκαλίας
839 4054 1131 4115 ἐϐλάϐησαν
1191 4058 1293 4108 ύπὸ
1342 4064 1434 4116 τῆς
1480 4061 1579 4115 σῆς
1609 4052 1879 4116 ἀπωλείας.

273 4147 345 4197 Οἱ
392 4148 483 4207 τὰς
528 4145 691 4208 ἀκοὰς
745 4146 1113 4221 παρατιθέντὲς
1152 4143 1236 4197 ἐπὶ
1286 4151 1350 4217 τῇ
1406 4151 1470 4216 σῇ
1524 4142 1704 4216 ὁμιλίᾳ
1732 4145 1886 4219 ἔφρα-

267 4237 365 4302 ξαν
419 4239 488 4289 τά
530 4234 642 4290 ὦτα
700 4236 788 4290 ἐπὶ
840 4245 903 4310 τῇ
964 4245 1030 4310 σῇ
1079 4235 1326 4309 ἀπωλείᾳ.
1375 4235 1507 4308 Ἐγὼ
1549 4232 1626 4308 δὲ,
1687 4236 1885 4310 θρηνῶν

259 4333 355 4381 καὶ
415 4328 820 4401 σκυθρωπάζων
881 4328 1015 4398 (3i),
1088 4331 1179 4379 καὶ
1240 4329 1545 4401 παρειμένος
1611 4327 1883 4407 πάντοθεν,

259 4422 354 4470 καὶ
408 4413 616 4469 σποδόν
678 4418 801 4469 ὡσεὶ
853 4417 1009 4490 οἶρτον
1063 4411 1273 4483 ἕσθίων,
1333 4419 1424 4467 καὶ
1485 4415 1679 4467 σάκκον
1706 4413 1790 4467 ἐπὶ
1818 4422 1880 4488 τῇ
1914 4455 1960 4509 D

262 4506 447 4579 πληγῇ
502 4526 606 4579 μου
662 4504 960 4581 ἓπιρῥίψας,
1023 4507 1244 4558 τοιαῦτά
1294 4524 1379 4558 σοι
1434 4503 1669 4578 ἐγκώμια
1691 4501 1887 4580 διεξέρ-

254 4615 441 4670 χομαι
475 4611 489 4625 ·
548 4594 741 4668 μᾶλλον
797 4592 858 4648 δε
906 4593 1213 4669 ἐπιταφίους
1285 4593 1470 4666 λόγους
1550 4595 1883 4666 συντςσίσσων²

257 4683 641 4762 ἀπαράκλητος
710 4688 803 4737 καὶ
875 4682 1225 4761 ἀθεράπευτος
1281 4679 1532 4736 διατελῶ·
1580 4684 1663 4735 ὃτι
1715 4684 1885 4756 παρά-

254 4776 453 4836 κλησις
491 4778 783 4849 κέκρυπται
830 4772 933 4827 ἀπὸ
971 4782 1073 4827 τῶν
1132 4772 1410 4847 ὀφθαλμῶν
1461 4792 1586 4846 μου,
1640 4775 1732 4824 καὶ
1788 4774 1883 4825 ούκ

332 4898 452 4971 (24)
490 4905 612 4960 Τοῖς
649 4897 910 4954 ἀσεϐέσιν.
944 4898 1096 4955 Editi
1139 4897 1190 4951 ἓν
1239 4905 1364 4971 τοῖς.
1403 4896 1519 4971 sed
1564 4895 1883 4971 hteqprae-

259 4968 783 5047 pesitio_deest_in
805 4971 987 5047 Coisl.
1051 4970 1322 5027 secundo
1365 4974 1421 5025 et
1448 4968 1511 5025 in
1540 4968 1817 5041 pluribus
1846 4983 1885 5026 a

261 5042 635 5102 Combeﬁsio
667 5042 881 5099 citatis.

331 5121 449 5185 (25)
489 5111 932 5189 Hapadédoixqg._
957 5116 1085 5189 Duq
1117 5129 1270 5189 mss.
1309 5107 1643 5189 παρείὸῶκοιςτ

332 5182 453 5257 (26)
496 5182 756 5241 Ἀκούων.
783 5186 934 5241 Editi
966 5185 1202 5257 addunt
1233 5182 1318 5257 ξπί
1360 5182 1604 5257 o‘oz',_sed
1635 5185 1759 5239 hmc
1788 5182 1888 5257 de-

266 5254 407 5316 sunt
434 5254 502 5315 in
532 5261 683 5330 Reg.
717 5257 992 5330 secundo
1020 5262 1084 5330 et
1107 5255 1282 5313 Coisl.
1325 5262 1382 5330 et
1406 5254 1539 5310 aliis
1581 5273 1617 5311 a
1638 5256 1888 5313 Combe-

261 5332 396 5389 tisio
426 5327 653 5397 citatis,
684 5346 759 5387 ac
790 5328 1007 5385 melius
1030 5328 1312 5383 videntur
1341 5327 1577 5382 deesse.

339 5408 451 5478 (27)
489 5410 607 5457 Τῶν
639 5395 901 5478 οὐρανῶν.
941 5400 1033 5457 Sic
1072 5402 1218 5470 Reg.
1276 5397 1451 5454 Coisl.
1485 5403 1540 5454 et
1566 5401 1702 5456 M82.
1738 5395 1891 5454 Editi

265 5483 353 5527 τοῦ
380 5475 604 5530 ούρανοῦ
619 5517 634 5530 .

335 5496 809 5627 (ξέἷρέῖὲὧσεως.
842 5541 937 5600 Sic
966 5541 1144 5599 editio
1168 5539 1522 5598 Basileensis
1547 5544 1604 5598 et
1634 5544 1755 5599 tres
1778 5555 1889 5598 no-

618 5648 905 5716 PATROL,
947 5643 1050 5699 Gn.
1088 5639 1296 5698 XXXII.

1996 3167 2108 3221 tor.
2169 3161 2283 3227 Qui
2324 3161 2650 3217 imminens
2683 3177 2720 3216 a
2769 3164 2886 3216 Deo
2919 3160 3282 3233 supplicium
3305 3161 3652 3219 disserendo

1995 3251 2385 3321 ostendebas,
2411 3251 2515 3307 tibi
2536 3251 2665 3323 ipse
2693 3251 3056 3308 accersivisti
3085 3251 3470 3324 supplicium.
3501 3253 3656 3317 Quo-

1994 3341 2180 3397 modo
2206 3345 2261 3396 te
2279 3340 2543 3410 lugebo?
2559 3340 2871 3413 quomodo
2895 3345 2996 3396 tua
3009 3356 3196 3397 causa
3216 3341 3436 3397 dolebo
3456 3340 3481 3394 ?
3504 3358 3654 3413 quo-

1994 3431 2180 3487 modo
2193 3430 2411 3487 excidit
2423 3429 2631 3486 lucifer
2646 3431 2751 3502 qui
2764 3445 2946 3486 mane
2956 3430 3282 3501 oriebatur,
3297 3431 3654 3488 etcontritus

1994 3525 2086 3575 est
2101 3519 2162 3575 in
2185 3520 2380 3587 terra?
2396 3518 2647 3575 Cuilibet
2662 3519 2933 3575 audienti
2963 3520 3125 3575 auris
3140 3524 3394 3592 utraque
3418 3520 3650 3589 tinniet,

1994 3608 2312 3675 Quomodo
2344 3611 2659 3664 Nazarmus
2676 3624 2825 3664 auro
2846 3607 3239 3680 splendidior,
3263 3608 3512 3679 fuligine
3533 3608 3652 3664 fac-

1991 3701 2088 3754 tus
2118 3702 2209 3754 est
2223 3696 2545 3754 obcurior?
2569 3695 2951 3751 venerandus
2967 3696 3125 3751 filius
3157 3695 3650 3768 Sion,quomodo

1991 3786 2187 3844 factus
2219 3803 2280 3841 es
2310 3801 2422 3841 vas
2461 3784 2715 3842 inutile?
2769 3784 2950 3855 Cujus
2998 3784 3063 3840 in
3101 3785 3286 3841 sacris
3334 3785 3651 3857 Scripturis

1989 3875 2259 3949 legendis
2288 3873 2734 3947 praedicabatur
2758 3873 3054 3930 memoria
3085 3873 3163 3929 ab
3189 3873 3648 3945 omnibus,ejus

1990 3966 2171 4023 hodie
2191 3964 2487 4021 memoria
2517 3979 2656 4019 cum
2688 3963 2890 4019 sonitu
2910 3963 3103 4035 periit.
3127 3964 3236 4029 Qui
3264 3963 3651 4033 eratingenio

1992 4056 2113 4113 acri
2137 4059 2192 4111 et
2229 4052 2441 4123 veloci,
2459 4052 2738 4108 velociter
2751 4052 3003 4121 interiit;
3026 4052 3314 4126 praeditus
3329 4052 3654 4126 prudentia

1993 4143 2324 4217 multiplici,
2376 4141 2695 4214 multiplex
2736 4148 3053 4215 peccatum
3088 4143 3473 4215 perpetravit.
3510 4142 3650 4208 Qui-

1992 4236 2110 4292 bus
2162 4235 2326 4290 enim
2371 4231 2599 4305 profuit
2635 4231 2913 4288 doctrina
2942 4237 3069 4301 tua,
3129 4232 3172 4287 ii
3224 4247 3300 4288 ex
3330 4236 3433 4288 tuo
3472 4231 3651 4287 exitio

1994 4326 2291 4381 damnum
2317 4336 2622 4393 accepere.
2648 4321 2757 4387 Qui
2782 4336 2958 4377 aures
2985 4320 3300 4393 colloquiis
3330 4319 3449 4376 tuis
3470 4318 3652 4376 adhi-

1992 4413 2273 4480 buerunt,
2304 4412 2347 4480 1
2361 4410 2475 4482 32
2500 4409 2854 4466 obturaverc
2873 4410 3139 4482 pernicie
3160 4415 3264 4466 tua
3284 4407 3510 4466 audita.
3530 4410 3651 4478 Ego

1993 4519 2137 4561 vero
2161 4501 2502 4557 lamentans
2521 4498 2876 4571 tristemque
2898 4498 3131 4555 vultum
3158 4513 3282 4570 prae
3312 4513 3410 4553 me
3433 4497 3651 4563 ferens,

1993 4598 2051 4649 et
2081 4589 2389 4647 undelibet
2444 4587 2777 4658 exsolutus,
2834 4590 2893 4643 et
2944 4587 3207 4643 cinerem
3249 4586 3409 4643 velut
3429 4602 3654 4659 panem

1992 4680 2343 4749 comedens,
2374 4693 2552 4734 sacco
2603 4677 2667 4733 in
2708 4676 2954 4748 plagam
3004 4692 3207 4732 meam
3252 4674 3495 4746 injecto,
3544 4673 3656 4731 tibi

1993 4767 2293 4844 ejusmodi
2310 4764 2617 4840 praeconia
2636 4779 2942 4832 recenseo,
2958 4764 3082 4821 imo
3098 4762 3299 4837 potius
3318 4763 3657 4820 orationem

1990 4894 2095 4952 stri
2124 4892 2362 4950 codices
2393 4893 2451 4946 et
2478 4888 2577 4945 alii
2607 4905 2645 4946 a
2670 4887 3033 4947 Combeﬁsio
3063 4888 3248 4945 citati.
3279 4887 3470 4945 Editio
3499 4886 3659 4945 Pari-

1993 4965 2208 5024 siensis
2239 4967 2543 5038 πηρώσεως.

2067 5038 2176 5109 (29)
2217 5030 2603 5109 Σεμνυνόμενος.
2640 5030 2731 5088 Sic
2756 5048 2910 5109 mss:
2934 5031 3086 5109 Editi
3114 5035 3441 5109 σεμνόμενοςτ

2070 5101 2390 5181 (30)-Πρωὶ
2418 5101 2509 5160 Sic
2528 5103 2662 5181 duo
2683 5119 2829 5158 mss.
2854 5104 3022 5181 ‘Editi
3069 5101 3282 5181 πρώηνέ
3304 5101 3493 5181 Ijaulo
3523 5104 3666 5181 post

1996 5171 2486 5302 ex'iisdex'xciliinss.
2528 5174 2787 5246 legimus
2845 5173 3072 5234 ἀσϐόλην
3104 5171 3216 5248 pro
3242 5173 3465 5227 ἄσϐολον
3495 5171 3664 5246 quod

1999 5257 2125 5302 erat
2156 5265 2214 5302 1n
2248 5265 2278 5302 e
2326 5264 2342 5302 1
2371 5263 2439 5301 IS.

2032 5257 2125 5307 rat
2156 5250 2214 5305 in
2248 5247 2439 5303 editis.

1999 5268 2125 5308 erat
2156 5268 2214 5305 1n
2248 5268 2439 5303 8011.15.

2073 5323 2187 5394 (3‘1)
2227 5318 2647 5394 Σκυθρωπάζων.
2680 5320 2819 5394 Post
2847 5317 3007 5375 hanc
3034 5334 3250 5394 vocem
3276 5315 3512 5394 addunt
3538 5312 3663 5394 duo

2000 5385 2240 5450 codices
2308 5385 2400 5464 κάξ
2476 5392 2876 5464 ⁸παριστοίμε-ῑςιι-ος
2970 5391 3299 5464 σκυθρωπός.
3370 5385 3665 5464 Observat

2002 5465 2184 5522 etiam
2234 5458 2636 5521 Combeﬁsius
2690 5458 2931 5519 codices
2985 5458 3126 5518 suos
3157 5460 3380 5517 habere
3407 5458 3669 5534 παριστά-

2000 5555 2171 5613 μενος.

3258 5629 3346 5686 12.
