4114 6428
533 329 635 384 363

528 541 779 613 Iamque
806 539 1106 595 medelam
1137 538 1421 606 admitto;
1453 539 1678 610 quippe
1718 536 2073 593 abscondita
2101 539 2190 592 est

532 631 612 687 ab
640 629 830 686 oculis
874 628 1024 684 meis
1055 627 1409 694 consolatio,
1460 643 1570 682 nec
1601 632 1689 682 est
1713 627 2048 682 fomentum
2080 641 2192 697 ap-

1910 323 1969 379 S.
2010 319 2258 378 BASILII
2299 321 2519 377 MAGNI

530 449 850 506 funebrem
875 462 1271 521 componens,
1285 446 1760 504 consolationem
1790 445 2163 515 nullam,nul

2296 449 2410 500 ἔστι
2472 445 2726 518 μάλαγμα
2775 444 3046 514 ἐπιθεῖναι,

3789 328 3894 384 364
3955 350 3968 356 ’

3125 449 3241 500 οὔτε
3321 447 3512 517 ἔλαιον,
3565 453 3682 503 οὔτε
3735 470 3901 503 κατα-

2301 532 2554 608 δέσμους.
2611 543 2760 588 *Εστι
2816 540 2918 609 γὰρ
2977 537 3007 594 ἡ
3060 536 3236 608 πληγή
3291 557 3392 610 μου
3451 535 3704 615 ὀδυνηρά.
3744 542 3900 593 Πόθεν

2307 625 2597 698 ἰαθήσομαι
2623 643 2635 691 ;

530 735 780 794 ponere,
803 733 999 790 neque
1027 717 1249 786 oleum,
1283 732 1477 788 neque
1509 715 1862 788 ligamenta.
1902 718 2001 770 Est
2029 715 2191 770 enim
2219 711 2400 785 plaga
2429 730 2558 770 mea
2583 715 2810 771 doloris
2837 714 3034 788 plena.
3060 714 3227 771 Unde
3259 715 3563 773 sanabor?

601 832 655 882 ρ.
699 829 757 883 Si
788 841 912 898 qua
957 824 1136 894 igitur
1192 823 1393 879 adhuc
1425 839 1563 895 spes
1596 823 1702 878 tibi
1729 827 2002 895 superest
2030 820 2188 876 salu-

529 917 634 978 tis;
660 917 708 972 si
737 931 861 987 qua
890 914 1108 985 exigua
1158 912 1259 968 Dei
1289 911 1644 979 recordatio,
1677 912 1726 966 si
1757 911 1922 984 quod
1952 910 2190 967 deside-

528 1006 686 1062 rium
714 1004 1055 1059 futurorum
1077 1002 1399 1063 bonorum,
1417 1001 1464 1056 si
1483 1001 1620 1074 quis
1648 1005 1840 1056 metus
1871 999 2192 1073 supplicio-

529 1111 686 1162 rum,
720 1109 857 1165 quae
890 1097 1124 1147 servata
1141 1096 1280 1146 sunt
1305 1106 1425 1146 non
1446 1089 2190 1162 pmnitentibus,resipisce

528 1182 809 1239 velociter
842 1199 854 1236 :
884 1180 1085 1237 attolle
1117 1179 1323 1236 oculos
1376 1183 1512 1235 tuos
1541 1180 1601 1234 in
1634 1179 1875 1246 cmlum,
1907 1179 2188 1248 intellige,

526 1273 752 1330 desiste
801 1290 838 1329 a
880 1277 982 1328 tua
1010 1271 1299 1343 nequitia,
1351 1275 1561 1325 excute
1615 1269 2049 1326 circumfusam
2084 1270 2189 1325 tibi

526 1365 896 1430 ebrietatem,
926 1362 1172 1429 insurge
1193 1361 1255 1415 in
1286 1376 1425 1415 eum
1458 1359 1561 1432 qui
1604 1365 1658 1414 te
1686 1359 2028 1431 prostravit.
2054 1360 2189 1415 For-

525 1454 658 1510 titer
687 1468 906 1510 conare
939 1468 969 1508 e
1001 1455 1157 1507 terra
1185 1465 1518 1520 resurgere.
1547 1448 1880 1505 Recordare
1908 1448 2053 1505 boni
2085 1465 2190 1522 pa-

526 1544 721 1612 storis,
745 1543 851 1615 qui
875 1555 1248 1613 persequens
1282 1543 1446 1594 eruet
1485 1543 1563 1594 te.
1607 1538 1855 1594 Etiamsi
1885 1538 2189 1610 supersint

525 1649 702 1690 crura
731 1633 873 1702 duo,
898 1634 1002 1687 aut
1023 1629 1303 1686 auriculae
1333 1628 1671 1691 summitas,
1700 1628 1859 1684 resili
1881 1627 1958 1684 ab
1989 1644 2060 1684 eo
2081 1627 2185 1700 qui

524 1729 579 1780 te
608 1721 961 1778 vulneravit.
997 1723 1219 1776 Memor
1256 1723 1386 1774 esto
1436 1717 1894 1774 miserationum
1930 1717 2051 1784 Dei,
2079 1718 2184 1790 qui

523 1817 694 1868 curat
723 1811 855 1869 oleo
877 1814 934 1866 et
960 1809 1123 1865 vino.
1175 1813 1254 1866 Ne
1285 1808 1568 1880 desperes
1611 1807 1886 1863 salutem.
1950 1810 2183 1863 Revoca

521 1903 582 1958 in
612 1901 972 1957 memoriam
1003 1915 1138 1972 quae
1157 1899 1378 1971 scripta
1401 1903 1558 1968 sunt,
1587 1913 1807 1970 nempe
1831 1897 2075 1969 lapsum
2094 1913 2180 1953 re-

521 2007 784 2062 surgere,
810 2004 1089 2047 aversum
1122 1989 1473 2053 converti“,
1511 2004 1871 2060 percussum
1893 1988 2108 2054 curari,
2142 2004 2180 2044 a

517 2082 724 2138 bestiis
754 2086 994 2154 captum
1009 2079 1270 2147 liberari,
1287 2078 1669 2134 confitentem
1685 2093 1806 2133 non
1823 2077 2010 2148 rejici.
2047 2081 2178 2134 Non

515 2172 678 2228 enim
689 2171 817 2227 vult
840 2173 992 2227 Deus
1009 2175 1263 2225 mortem
1282 2167 1636 2241 peccatoris,
1651 2166 2176 2239 quemadmodum

489 2259 642 2316 'vult
669 2258 936 2315 converti
958 2259 1184 2330 ipsum,
1210 2257 1479 2312 etvivere
1503 2258 1571 2313 ‘5.
1605 2259 1684 2311 Ne
1715 2256 2173 2327 contempseris,

513 2348 677 2404 velut
703 2348 762 2403 in
786 2346 1089 2403 malorum
1110 2345 1484 2418 profundum
1511 2343 1898 2416 collapsus“.
1918 2346 2176 2416 Tempus

511 2437 812 2511 patientiae
835 2441 945 2502 est,
979 2441 1217 2507 tempus
1250 2434 1533 2504 lenitatis,
1569 2439 1805 2505 tempus
1828 2433 2172 2497 curationis,

513 2532 754 2600 tempus
802 2525 1264 2582 emendationis.
1323 2527 1548 2598 Lapsus
1576 2525 1681 2580 es?
1729 2539 2007 2596 exsurge.
2041 2524 2176 2579 Pec-

512 2616 698 2674 casti?
727 2615 954 2672 desine.
998 2617 1076 2671 Ne
1133 2619 1252 2669 stes
1287 2613 1346 2669 in
1396 2614 1491 2670 via
1550 2617 1937 2684 peccatorum
1971 2614 2040 2678 ‘3,
2065 2613 2174 2669 sed

508 2705 693 2763 resili.
725 2709 876 2762 Nam
910 2721 1049 2760 cum
1087 2719 1410 2760 conversus
1441 2703 1831 2773 ingemueris,
1889 2707 2030 2759 tunc
2054 2720 2173 2759 ser-

508 2795 749 2852 vabere.
783 2797 880 2850 Est
903 2793 1063 2849 enim
1095 2809 1165 2848 ex
1187 2792 1504 2849 laboribus
1547 2793 1797 2858 sanitas,
1834 2797 1890 2848 et
1911 2793 2074 2848 salus
2101 2809 2173 2849 ex

510 2885 862 2942 sudoribus.
921 2882 1066 2939 Vide
1111 2884 1288 2953 igitur
1317 2899 1392 2938 ne
1423 2882 1594 2953 forte,
1640 2883 1787 2938 dum
1815 2898 2052 2939 servare
2082 2884 2172 2938 vis

505 2991 640 3048 qua:
693 2992 831 3032 eum
875 2973 1181 3030 nonnullis
1232 2978 1449 3046 pactus
1509 2989 1594 3039 es,
1648 2972 1796 3028 inita
1844 2989 1984 3028 cum
2052 2976 2170 3029 Deo

504 3071 702 3137 pacta,
736 3081 873 3138 qua;
907 3079 1114 3120 coram
1171 3063 1373 3118 multis
1440 3063 1690 3118 testibus
1745 3063 2053 3134 professus
2082 3079 2167 3130 es,

504 3154 974 3224 transgrediare.
1011 3156 1091 3209 Ne
1130 3152 1308 3223 igitur
1329 3151 1408 3207 ob
1429 3152 1732 3208 humanas
1752 3151 2054 3224 quasdam
2072 3168 2166 3208 ra-

501 3243 924 3300 tiocinationes
967 3243 1264 3298 cuncteris
1323 3241 1400 3297 ad
1452 3257 1547 3296 me
1583 3241 1803 3297 venire.
1845 3244 1967 3312 Ego
2005 3241 2165 3296 enim

501 3338 813 3407 receptum
863 3336 1174 3388 mortuum
1232 3347 1438 3387 meum
1478 3331 1722 3402 lugebo,
1773 3347 1884 3401 ego
1915 3331 2161 3392 curabo:

502 3439 616 3494 ego
658 3438 865 3479 amare
911 3421 1072 3478 ﬂebo
1131 3437 1314 3494 super
1365 3421 1716 3476 contritione
1770 3420 1906 3475 filiae
1931 3422 2166 3492 generis

502 3513 640 3570 mei.
678 3512 986 3585 Excipient
1033 3516 1087 3567 te
1139 3527 1372 3578 omnes,
1425 3527 1637 3567 omnes
1671 3527 1733 3566 se
1758 3511 1862 3567 tibi
1883 3511 2162 3567 laborum

502 3604 697 3659 socios
729 3602 1082 3673 adjungent.
1139 3604 1219 3657 Ne
1272 3600 1655 3673 despondeas
1688 3600 1961 3656 animum
1997 3618 2009 3656 :
2042 3617 2162 3657 me-

498 3707 634 3748 mor
665 3691 745 3747 sis
773 3690 1009 3746 dierum
1036 3689 1445 3762 antiquorum.
1487 3691 1583 3744 Est
1609 3689 1768 3744 salus
1803 3707 1814 3744 :
1849 3693 1936 3744 est
1962 3705 2162 3745 emen-

497 3782 682 3840 datio.
745 3779 1012 3847 Contide,
1068 3795 1144 3835 ne
1193 3779 1496 3852 desperes.
1558 3782 1687 3834 Non
1741 3784 1831 3834 est
1869 3778 1964 3834 lex
2011 3780 2161 3836 citra

497 3871 974 3927 misericordiam
1003 3875 1196 3925 morte
1223 3869 1660 3934 condemnans,
1687 3868 1793 3924 sed
1828 3868 2021 3939 gratia
2051 3869 2158 3925 dif-

494 3960 690 4016 ferens
722 3975 994 4031 pmnam,
1048 3963 1404 4030 exspectans
1447 3957 1958 4014 emendationem.
2001 3961 2156 4014 Non-

496 4048 644 4103 dum
672 4047 930 4104 occlusae
964 4051 1106 4102 sunt
1139 4047 1326 4113 fores;
1359 4047 1529 4103 audit
1567 4063 1868 4120 sponsus:
1897 4064 2018 4104 non
2050 4049 2154 4104 do-

492 4138 760 4194 minatur
811 4142 1148 4210 peccatum.
1209 4136 1568 4206 Redintegra
1629 4137 1830 4193 denuo
1875 4138 2150 4196 luctam:

492 4245 568 4285 ne
593 4227 866 4298 moreris,
925 4227 1028 4283 sed
1070 4227 1154 4283 tui
1213 4226 1401 4299 ipsius
1451 4233 1508 4283 et
1565 4229 1834 4284 omnium
1875 4234 2150 4286 nostrum

491 4318 774 4375 miserere
799 4319 860 4373 in
889 4316 1120 4374 Christo
1172 4318 1308 4371 Jesu
1355 4315 1612 4372 Domino
1641 4321 1872 4388 nostro,
1904 4319 1997 4374 cui
2030 4319 2154 4390 glo-

488 4407 579 4465 ria
603 4413 660 4464 et
679 4407 1002 4480 imperium
1025 4421 1188 4462 nunc
1215 4411 1271 4462 et
1301 4421 1544 4478 semper
1591 4405 1654 4462 in
1710 4407 1934 4466 saecula
1969 4425 2153 4466 saecu-

486 4496 707 4557 lorum.
734 4501 946 4554 Amen.

2372 825 2423 875 2.
2467 824 2528 874 Εἴ
2555 841 2636 882 τις
2665 817 2751 874 οὖν
2791 824 2866 874 ἔτι
2914 820 3057 884 ἐλπὶς
3095 821 3427 875 ὑπολείπεταί
3477 843 3560 876 σοι
3621 831 3896 900 σωτηρίας,

2302 912 2345 960 εἴ
2386 929 2466 971 τις
2524 909 2761 984 βραχεῖα
2801 917 2978 984 μνήμη
3034 917 3151 985 περὶ
3204 917 3290 964 τὸν
3359 916 3508 982 Θεὸν,
3541 917 3585 966 εἷ
3626 934 3705 976 τις
3745 918 3900 978 πόθος

2300 1006 2399 1048 τῶν
2438 999 2717 1071 μελλόντων
2773 999 3000 1072 ἀγαθῶν,
3058 1004 3101 1052 εἳ
3147 1021 3228 1062 τις
3286 1001 3436 1073 φόϐος
3477 1011 3576 1054 τῶν
3641 1006 3898 1062 τεθησαυ-

2299 1093 2555 1160 ρισμένων
2634 1090 2892 1143 κολάσεων
2966 1098 3070 1150 τοῖς
3157 1089 3559 1164 ἀμετανοήτοις.
3641 1092 3897 1166 ἀνάνηψον

2300 1182 2543 1250 ταχέως.
2604 1183 2791 1253 επαρον
2842 1182 2953 1253 (32)
3006 1185 3127 1242 τοὺς
3185 1181 3476 1255 ὀφθαλμούς
3537 1203 3630 1236 σου
3689 1185 3760 1247 εἰς
3813 1190 3897 1238 τὸν

2301 1268 2534 1343 οὐρανὸν,
2604 1269 2712 1322 ἐλθὲ
2776 1271 2846 1333 εἰς
2917 1273 3288 1342 συναίσθησιν,
3349 1281 3553 1326 παῦσαι
3625 1273 3725 1327 ἀπὸ
3808 1285 3900 1337 τῆς

2297 1363 2545 1432 πονηρίας
2588 1379 2703 1424 σου,
2743 1358 3026 1412 ἀπὸσεισαι
3057 1365 3151 1418 τὴν
3190 1365 3569 1436 περιχυθεῖσάν
3599 1383 3683 1416 σοι
3713 1367 3896 1437 μέθην,

2299 1445 2566 1500 ἐπανάστα
2613 1459 2684 1519 τῷ
2731 1448 3075 1502 καταϐαλόντι
3132 1470 3204 1502 σε.
3263 1450 3520 1523 Ἱσχυσον
3561 1451 3616 1504 ἐκ
3641 1461 3739 1525 γῆς
3769 1453 3900 1508 ἑπα-

2227 1574 2266 1627 B
2297 1547 2570 1596 ναστῆναι.
2632 1541 2913 1597 Μνήσθητι
2958 1548 3050 1592 τοῦ
3099 1539 3298 1612 ἀγαθοῦ
3333 1545 3590 1614 ποιμένος,
3634 1547 3712 1596 ὅτι
3742 1564 3901 1598 κατα-

3198 1625 3221 1643 ,ν

2298 1622 2503 1678 διώκων
2557 1627 2799 1690 ἐξελείταί
2878 1647 2954 1683 σε.
3033 1627 3137 1681 Κᾶν
3285 1625 3382 1682 δύο
3432 1630 3609 1694 σκέλη,
3668 1633 3696 1691 ἦ
3749 1632 3902 1695 λοϐὸς

2295 1715 2467 1783 ὠτίου,
2543 1715 2893 1776 ἀποπήὃησον
2965 1716 3065 1771 ἀπὸ
3129 1727 3220 1771 τοῦ
3304 1726 3759 1794 τραυματίσαντός
3821 1743 3896 1778 σε.

2291 1809 2571 1865 Μνὴσθητι
2623 1816 2720 1860 τῶν
2767 1807 3045 1883 οἰκτιρμῶν
3107 1810 3220 1880 (33)
3280 1817 3371 1861 τοῦ
3423 1818 3579 1876 Θεοῦ,
3637 1814 3717 1864 ὅτι
3752 1814 3897 1886 θερα-

2292 1901 2430 1949 πεύει
2478 1897 2630 1970 ἐλαίῳ
2691 1904 2781 1951 καὶ
2829 1903 2969 1971 οἴνῳ.
3030 1905 3111 1958 Μὴ
3161 1898 3450 1974 ἀπελπίσῃς
3479 1906 3572 1959 τὴν
3613 1911 3891 1977 σωτηρίαν.

2292 1987 2537 2040 Ἀνάλαϐε
2584 1994 2676 2046 τὴν
2729 1995 2937 2062 μνήμην
3000 1999 3098 2041 τῶν
3156 1996 3546 2065 γεγραμμένων,
3615 1993 3696 2045 ὁτι
3741 1995 3767 2046 6
3815 1999 3896 2047 πί-

2285 2097 2425 2129 πτων
2474 2077 2774 2146 ἀνίσταται,
2853 2083 2942 2131 καὶ
2991 2081 3016 2130 ό
3080 2077 3416 2155 ἀποστρέφων
3475 2081 3812 2157 ἐπιστρέφει·
3870 2090 3895 2137 ό

2284 2167 2559 2240 πεπληγὼς
2635 2170 2986 2242 θεραπεύεται,
3053 2170 3078 2220 6
3146 2169 3461 2244 θηριάλωτος
3547 2179 3894 2245 περιγίνεται,

2285 2259 2310 2308 ὁ
2342 2257 2802 2330 ἐξομολογούμενος
2859 2258 2954 2310 οὐκ
3009 2256 3378 2316 ἀποϐάλλεται,
3436 2260 3510 2312 Ou’
3564 2262 3692 2314 θέλει
3723 2266 3825 2338 γὰρ
3867 2268 3893 2316 ὸ

2288 2352 2478 2421 Κύριος
2510 2351 2594 2400 τὸν
2638 2350 2854 2400 θάνατον
2902 2356 2994 2401 τοῦ
3047 2348 3380 2424 ἀμαρτωλοῡ,
3430 2352 3499 2414 ὡς
3551 2355 3608 2404 τὸ
3653 2351 3893 2428 ἐπιστρέ-

2295 2437 2385 2508 lhau.
2430 2443 2520 2490 καὶ
2581 2441 2674 2510 ζῇν
2732 2438 2908 2490 αὐτόν.
2970 2443 3055 2497 Μὴ
3118 2441 3187 2501 ὡς
3236 2444 3303 2501 εὶς
3343 2438 3511 2512 βάθος
3561 2442 3663 2513 (34)
3712 2452 3886 2495 κακῶν

2284 2526 2516 2600 ἐμπεσὼν
2556 2533 2981 2601 καταφρονήσῃς.
3042 2533 3230 2603 Καιρός
3279 2528 3481 2601 ἀνοχῆς
3539 2529 3669 2599 ἐστι,
3708 2536 3894 2606 καιρὸς

2282 2619 2670 2691 μακροθυμίας,
2740 2621 2921 2688 καιρὸς
3017 2617 3222 2684 ἰάσεως,
3291 2623 3472 2692 καιρὸς
3537 2616 3894 2694 διορθώσεως.

2283 2703 2643 2772 Ὠλίσθησας;
2723 2705 3004 2781 ἐξεγείρου.
3076 2705 3367 2782 Ἥμαρτες;
3428 2711 3732 2781 ἡσύχασον.
3801 2716 3892 2771 Μὴ

2285 2803 2415 2868 στῇς
2468 2796 2514 2847 ἐν
2564 2792 2672 2867 όδῷ
2729 2795 3066 2870 ἁμαρτωλῶν,
3122 2796 3249 2849 ἀλλὰ
3297 2796 3668 2858 ἀποπήδησον·
3727 2799 3896 2854 Ὀταν

2205 2931 2243 2987 C
2279 2887 2380 2957 γὰρ
2437 2883 2774 2959 ἐπιστραφεὶς
2823 2885 3088 2958 στενάξῃς,
3150 2891 3263 2938 τότε
3313 2889 3554 2962 σωθήσῃ·
3589 2888 3742 2942 Ἐστι
3786 2893 3892 2964 γὰρ

2288 2972 2299 2987 ,
2418 2978 2426 2986 ,
2573 2976 2583 2985 .
2665 2979 2674 2987 ,
2857 2978 2866 2987 .
2943 2973 2988 2987 ,ν
3047 2971 3161 2987 ....
3511 2982 3519 2987 .
3618 2977 3668 2987 .,
3837 2977 3860 2987 -

2280 2972 2334 3025 ἐκ
2365 2978 2530 3026 πόνων
2563 2976 2729 3046 ὑγεία,
2785 2978 2874 3025 καὶ
2935 2973 2988 3037 ἐξ
3040 2971 3276 3050 ἱδρώτων
3323 2982 3575 3050 σωτηρία.
3618 2977 3756 3054 Ὀρα
3801 2977 3894 3032 οὖν

2279 3068 2507 3135 μήποπε,
2599 3065 2864 3125 συνθήκας
2954 3061 3266 3137 βουλόμενός
3352 3086 3500 3118 τινων
3592 3067 3888 3140 φυλάττειν,

2277 3151 2515 3227 παραθῇς
2577 3155 2665 3212 τὰς
2721 3156 2850 3227 πρὸς
2907 3155 2994 3204 τὸν
3053 3158 3180 3206 Θεὸν
3235 3157 3515 3224 συνθήκας,
3570 3156 3632 3219 ἃς
3690 3159 3892 3232 ὡμολό-

2275 3262 2448 3314 γησας
2497 3241 2581 3294 ἐπὶ
2636 3241 2833 3294 πολλῶν
2878 3247 3178 3319 μαρτύρων,
3232 3251 3317 3304 Μὴ
3353 3241 3440 3298 οὖν
3473 3244 3568 3299 διά
3615 3267 3763 3311 τινας
3792 3249 3889 3302 λο-

2274 3336 2498 3404 γισμοὺς
2547 3331 2901 3406 ἀνθρωπίνους
2961 3332 3190 3406 ὀκνήσῃς
3251 3333 3412 3387 ἐλθεῖν
3478 3340 3604 3411 πρὸς
3632 3341 3715 3410 μέ.
3753 3337 3891 3411 Ἐγὼ

2273 3424 2371 3497 γὰρ
2430 3421 2696 3474 ἀναλαϐὼν
2750 3425 2835 3474 τόν
2897 3428 3071 3496 νεκρόν
3127 3442 3228 3496 μου
3274 3425 3541 3497 θρηνήσω,
3584 3423 3681 3498 ἐγὼ
3723 3429 3890 3503 θερα-

2272 3516 2470 3580 πεύσω,
2545 3512 2644 3584 ἐγὼ
2714 3522 2910 3588 πικρῶς
2961 3513 3260 3586 κλαύσομαι
3317 3512 3400 3567 ἐπὶ
3457 3519 3515 3568 τὸ
3577 3519 3893 3592 σύντριμμα

2271 3611 2360 3662 τῆς
2416 3604 2670 3677 θυγατρὸς
2718 3611 2809 3654 τοῦ
2867 3606 3042 3674 γένους
3099 3623 3223 3676 μου,
3276 3606 3470 3668 Πάντες
3501 3625 3557 3658 σε
3600 3602 3886 3679 δέχονται,

2269 3691 2451 3752 πάντες
2510 3711 2595 3744 σοι
2662 3697 3082 3764 συμπονὴσουσι.
3130 3698 3215 3752 Μὴ
3273 3690 3529 3768 ἀναπέϐῃς
3560 3698 3700 3766 (35)·
3737 3705 3888 3770 μνή-

2271 3783 2429 3838 σθητι
2481 3783 2683 3854 ἡμερῶν
2726 3783 2989 3857 ἀρχαίων·
3047 3781 3200 3835 ’Ἐστι
3252 3789 3509 3857 σωτηρία,
3564 3787 3679 3837 ἔστι
3727 3782 3887 3863 διόρ-

2269 3871 2449 3932 θωσις.
2480 3873 2699 3946 Θάρσει,
2759 3876 2830 3943 μὴ
2879 3869 3191 3946 ἀπελπίσῃς.
3234 3871 3344 3925 Ούκ
3385 3875 3497 3925 ἔστι
3522 3877 3677 3947 νόμος
3705 3896 3884 3931 κατα-

2265 3956 2498 4020 δικάζων
2551 3964 2638 4012 τόν
2682 3965 2850 4036 χωρὶς
2917 3961 3199 4036 οἰκτιρμῶν
3249 3963 3486 4031 θάνατον,
3541 3961 3668 4016 ἀλλὰ
3704 3969 3886 4038 χάρις

2264 4051 2632 4123 ύπερτιθεμένη
2687 4054 2781 4108 τὴν
2839 4050 3074 4120 κόλασιν,
3131 4047 3452 4125 ἐκδεχομένη
3495 4056 3588 4112 τὴν
3647 4049 3878 4130 διόρθω-

2265 4159 2368 4195 σιν.
2397 4143 2557 4192 Οὔπω
2584 4139 2924 4198 ἐκλείσθησαν
2978 4143 3032 4192 αἱ
3083 4142 3238 4217 θύραι
3268 4159 3280 4172 ·
3349 4140 3528 4196 ἀκούει
3558 4144 3582 4196 ό
3608 4150 3829 4217 νυμφίος
3859 4165 3873 4178 ⁶

2262 4228 2320 4280 ού
2369 4232 2597 4303 κυριεύει
2641 4228 2890 4302 ἁμαρτία·
2947 4229 3328 4283 Ἀναπάλαισον
3368 4230 3522 4284 πάλιν
3551 4277 3568 4302 ,
3617 4237 3689 4306 μὴ
3740 4255 3878 4288 κατ-

2261 4323 2530 4390 οκνήσῃς,
2600 4323 2690 4370 καὶ
2767 4323 2982 4371 σεαυτὸν
3067 4319 3433 4396 οἰκτείρησον,
3501 4325 3592 4374 καὶ
3673 4324 3877 4387 πάντας

2260 4411 2401 4479 ἡμᾶς
2449 4408 2560 4472 (36)
2622 4406 2670 4459 ἐν
2721 4415 2934 4482 Χριστῷ
2988 4409 3165 4467 Ἰησοῦ
3209 4418 3281 4482 τῷ
3329 4414 3502 4486 Κυρίῳ
3547 4412 3716 4484 ἡμῶν,
3761 4414 3802 4485 ᾧ
3836 4417 3869 4474 ἡ

2261 4494 2394 4560 δόξα
2438 4502 2528 4549 καὶ
2570 4500 2627 4549 τὸ
2678 4501 2868 4574 κράτος
2917 4506 3005 4552 νῦν
3052 4504 3143 4553 καὶ
3183 4496 3262 4553 ἀεὶ
3292 4499 3363 4563 εἰς
3391 4504 3512 4564 τοὺς
3537 4501 3728 4565 αἰῶνας
3763 4511 3876 4556 τῶν

2275 4585 2491 4642 αἰώνων.
2519 4585 2706 4661 Ἀμήν.

557 4876 604 4914 ’⁸⁵
640 4873 855 4937 Jerem.
884 4889 1002 4952 για,
1034 4880 1088 4936 4.
1167 4872 1214 4918 ιε
1254 4878 1465 4938 Ezech.
1494 4889 1652 4953 mu,
1689 4881 1776 4940 32.
1855 4871 1899 4919 η
1944 4873 2122 4942 Prov.
2154 4891 2170 4941 1'

2280 4903 2311 4957 ι,
2342 4884 2394 4942 3.
2474 4875 2521 4922 ‘9
2562 4883 2782 4958 Psal.1,
2820 4876 2869 4942 1.

553 5166 662 5240 (32)
700 5164 1076 5245 ξ’ῌῖταρονχξὶρ
1112 5173 1441 5245 tresﬂmss.
1476 5168 1625 5245 Editi
1677 5171 1905 5245 ἔπαιρον.
1952 5169 2136 5228 Paulo

479 5238 620 5312 pOSt
644 5238 787 5312 editi
807 5238 1199 5292 καταϐάλλοντι.
1231 5244 1366 5299 MSS.
1388 5244 1451 5299 ut
1473 5243 1532 5297 in
1567 5247 1754 5299 textu.

551 5313 656 5399 ('33)
697 5307 808 5364 Τῶν
838 5311 1139 5385 οἰκτιρμῶν.
1175 5313 1267 5368 Sic
1288 5318 1406 5368 tres
1451 5331 1595 5369 mss.
1621 5314 1774 5371 Editi
1797 5318 1913 5376 τοὺς
1943 5314 2136 5388 οἰκτιρ-

476 5387 656 5526 μοῖθςέ)
697 5457 783 5511 Μὴ
836 5455 904 5515 ὡς
960 5457 1031 5517 εὶς
1089 5441 1274 5530 βάθος»
1335 5465 1425 5520 Ὠς
1483 5455 1758 5515 additum
1830 5457 2134 5516 extribus

2247 5188 2397 5226 mss.
2422 5171 2642 5244 nostris
2667 5174 2884 5244 praeter
2911 5154 3402 5244 CombefisianoS.

2313 5247 2423 5316 (35)
2463 5247 2548 5316 Μὴ
2619 5240 2897 5315 ἁνάπέσῃς.
2946 5243 3038 5299 Sic
3086 5243 3355 5316 quinque
3409 5241 3648 5299 codices
3699 5251 3862 5302 mss.-

2241 5314 2394 5369 Editi
2417 5319 2485 5386 μὴ
2518 5314 2788 5386 ἀπεισθῇς.

2313 5385 2428 5459 (3-6)
2471 5388 2678 5459 Πάντας
2707 5385 2864 5459 ἡμᾶς.
2924 5387 3067 5459 Quae
3129 5391 3464 5459 sequuntur
3507 5385 3720 5446 addita
3779 5404 3866 5446 ex

2241 5457 2424 5529 Regio
2456 5457 2724 5515 secundo
2744 5457 2808 5515 et
2837 5457 3014 5516 Coisl.
3049 5457 3339 5515 secundo.
