  <div class='ocr_page' id='page_1' title='image "/cluster/home/n/w/nwhite01/storage/ocr_20150623/32:no.4/coo.31924054869296/192.png"; bbox 0 0 4114 6378; ppageno 0'>
   <div class='ocr_carea' id='block_1_1' title="bbox 309 305 410 361">
    <p class='ocr_par' dir='ltr' id='par_1_1' title="bbox 309 305 410 361">
     <span class='ocr_line' id='line_1_1' title="bbox 309 305 410 361; baseline -0.02 0"><span class='ocrx_word' id='word_1_1' title='bbox 309 305 410 361; x_wconf 80' lang='lat'><strong><em>365</em></strong></span> 
     </span>
    </p>
   </div>
   <div class='ocr_carea' id='block_1_2' title="bbox 861 426 1399 483">
    <p class='ocr_par' dir='ltr' id='par_1_2' title="bbox 861 426 1399 483">
     <span class='ocr_line' id='line_1_2' title="bbox 861 426 1399 483; baseline 0.006 -3"><span class='ocrx_word' id='word_1_2' title='bbox 861 431 1210 482; x_wconf 83' lang='grc' dir='ltr'><strong><em>ΕΠΙΣΤΟΛΗ</em></strong></span> <span class='ocrx_word' id='word_1_3' title='bbox 1268 426 1399 483; x_wconf 66' lang='grc' dir='ltr'><strong><em>ΜΕ.</em></strong></span> 
     </span>
    </p>
   </div>
   <div class='ocr_carea' id='block_1_3' title="bbox 1344 295 2683 362">
    <p class='ocr_par' dir='ltr' id='par_1_3' title="bbox 1344 295 2683 362">
     <span class='ocr_line' id='line_1_3' title="bbox 1344 295 2683 362; baseline 0.001 -3"><span class='ocrx_word' id='word_1_4' title='bbox 1344 300 1834 361; x_wconf 79' lang='lat' dir='ltr'><strong><em>EPISTOLARUM</em></strong></span> <span class='ocrx_word' id='word_1_5' title='bbox 1870 295 2149 356; x_wconf 82' lang='lat' dir='ltr'><strong><em>CLASSlS</em></strong></span> <span class='ocrx_word' id='word_1_6' title='bbox 2187 298 2233 357; x_wconf 94' lang='grc' dir='ltr'><strong>Ι.</strong></span> <span class='ocrx_word' id='word_1_7' title='bbox 2271 301 2486 360; x_wconf 88' lang='lat' dir='ltr'><strong><em>EPIST.</em></strong></span> <span class='ocrx_word' id='word_1_8' title='bbox 2530 302 2683 362; x_wconf 83' lang='lat' dir='ltr'><strong>XLV.</strong></span> 
     </span>
    </p>
   </div>
   <div class='ocr_carea' id='block_1_4' title="bbox 3574 309 3682 366">
    <p class='ocr_par' dir='ltr' id='par_1_4' title="bbox 3574 309 3682 366">
     <span class='ocr_line' id='line_1_4' title="bbox 3574 309 3682 366; baseline 0 -1"><span class='ocrx_word' id='word_1_9' title='bbox 3574 309 3682 366; x_wconf 87' lang='lat'><strong><em>366</em></strong></span> 
     </span>
    </p>
   </div>
   <div class='ocr_carea' id='block_1_5' title="bbox 2496 427 3272 500">
    <p class='ocr_par' dir='ltr' id='par_1_5' title="bbox 2496 427 3272 500">
     <span class='ocr_line' id='line_1_5' title="bbox 2496 427 3272 500; baseline 0 -17"><span class='ocrx_word' id='word_1_10' title='bbox 2496 428 2836 485; x_wconf 81' lang='lat' dir='ltr'><strong><em>EPISTOLA</em></strong></span> <span class='ocrx_word' id='word_1_11' title='bbox 2875 427 3053 484; x_wconf 82' lang='lat' dir='ltr'><strong><em>XLv&#39;.</em></strong></span> <span class='ocrx_word' id='word_1_12' title='bbox 3101 427 3272 500; x_wconf 83' lang='lat'><strong><em>133</em></strong></span> 
     </span>
    </p>
   </div>
   <div class='ocr_carea' id='block_1_6' title="bbox 308 521 3701 610">
    <p class='ocr_par' dir='ltr' id='par_1_6' title="bbox 308 521 3701 610">
     <span class='ocr_line' id='line_1_6' title="bbox 308 521 3701 610; baseline 0 -27"><span class='ocrx_word' id='word_1_13' title='bbox 308 528 460 583; x_wconf 83' lang='lat' dir='ltr'><strong><em>Cum</em></strong></span> <span class='ocrx_word' id='word_1_14' title='bbox 480 522 734 606; x_wconf 71' lang='lat' dir='ltr'><strong><em>quidam</em></strong></span> <span class='ocrx_word' id='word_1_15' title='bbox 762 524 997 610; x_wconf 69' lang='lat' dir='ltr'><strong><em>relictis</em></strong></span> <span class='ocrx_word' id='word_1_16' title='bbox 1022 527 1259 607; x_wconf 65' lang='lat' dir='ltr'><strong><em>magnis</em></strong></span> <span class='ocrx_word' id='word_1_17' title='bbox 1287 526 1492 610; x_wconf 75' lang='lat' dir='ltr'><strong><em>opibus</em></strong></span> <span class='ocrx_word' id='word_1_18' title='bbox 1510 599 1522 610; x_wconf 41' lang='grc' dir='ltr'><strong>Ι</strong></span> <span class='ocrx_word' id='word_1_19' title='bbox 1540 523 1934 610; x_wconf 66' lang='lat' dir='ltr'><strong><em>monasticam</em></strong></span> <span class='ocrx_word' id='word_1_20' title='bbox 1947 521 2157 610; x_wconf 42' lang='lat' dir='ltr'><strong><em>‘vitam-</em></strong></span> <span class='ocrx_word' id='word_1_21' title='bbox 2185 525 2504 610; x_wconf 54' lang='lat' dir='ltr'><strong><em>amptemas</em></strong></span> <span class='ocrx_word' id='word_1_22' title='bbox 2551 533 2717 610; x_wconf 74' lang='lat' dir='ltr'><strong><em>esset,</em></strong></span> <span class='ocrx_word' id='word_1_23' title='bbox 2748 541 2821 583; x_wconf 90' lang='lat' dir='ltr'><strong><em>ac</em></strong></span> <span class='ocrx_word' id='word_1_24' title='bbox 2842 531 3157 610; x_wconf 43' lang='lat' dir='ltr'><strong><em>poste&#39;aex</em></strong></span> <span class='ocrx_word' id='word_1_25' title='bbox 3193 542 3422 610; x_wconf 61' lang='lat' dir='ltr'><strong><em>summo</em></strong></span> <span class='ocrx_word' id='word_1_26' title='bbox 3454 529 3701 597; x_wconf 78' lang='lat' dir='ltr'><strong><em>pietatis</em></strong></span> 
     </span>
    </p>
   </div>
   <div class='ocr_carea' id='block_1_7' title="bbox 380 596 3704 669">
    <p class='ocr_par' dir='ltr' id='par_1_7' title="bbox 380 596 3704 669">
     <span class='ocr_line' id='line_1_7' title="bbox 380 596 3704 669; baseline 0.001 -16"><span class='ocrx_word' id='word_1_27' title='bbox 380 598 624 669; x_wconf 75' lang='lat' dir='ltr'><strong><em>fervore</em></strong></span> <span class='ocrx_word' id='word_1_28' title='bbox 652 597 721 650; x_wconf 82' lang='lat' dir='ltr'><strong><em>in</em></strong></span> <span class='ocrx_word' id='word_1_29' title='bbox 753 596 1135 653; x_wconf 74' lang='lat' dir='ltr'><strong><em>adulterium</em></strong></span> <span class='ocrx_word' id='word_1_30' title='bbox 1159 603 1213 653; x_wconf 70' lang='lat' dir='ltr'><strong><em>et</em></strong></span> <span class='ocrx_word' id='word_1_31' title='bbox 1243 596 1372 654; x_wconf 81' lang='lat' dir='ltr'><strong><em>alia</em></strong></span> <span class='ocrx_word' id='word_1_32' title='bbox 1401 599 1631 655; x_wconf 83' lang='lat' dir='ltr'><strong><em>scelera</em></strong></span> <span class='ocrx_word' id='word_1_33' title='bbox 1658 596 1986 669; x_wconf 70' lang='lat' dir='ltr'><strong><em>incidisset,</em></strong></span> <span class='ocrx_word' id='word_1_34' title='bbox 2016 600 2232 669; x_wconf 83' lang='lat' dir='ltr'><strong><em>auctor</em></strong></span> <span class='ocrx_word' id='word_1_35' title='bbox 2259 597 2547 668; x_wconf 71' lang='lat' dir='ltr'><strong><em>epistolae,</em></strong></span> <span class='ocrx_word' id='word_1_36' title='bbox 2579 599 2685 669; x_wconf 87' lang='lat' dir='ltr'><strong><em>qui</em></strong></span> <span class='ocrx_word' id='word_1_37' title='bbox 2726 614 2859 654; x_wconf 83' lang='lat' dir='ltr'><strong><em>cum</em></strong></span> <span class='ocrx_word' id='word_1_38' title='bbox 2892 613 2956 654; x_wconf 91' lang='lat' dir='ltr'><strong><em>eo</em></strong></span> <span class='ocrx_word' id='word_1_39' title='bbox 2986 598 3422 668; x_wconf 77' lang='lat' dir='ltr'><strong><em>Hierosolymis</em></strong></span> <span class='ocrx_word' id='word_1_40' title='bbox 3453 596 3704 657; x_wconf 76' lang='lat' dir='ltr'><strong><em>commo-</em></strong></span> 
     </span>
    </p>
   </div>
   <div class='ocr_carea' id='block_1_8' title="bbox 383 667 3704 746">
    <p class='ocr_par' dir='ltr' id='par_1_8' title="bbox 383 667 3704 746">
     <span class='ocr_line' id='line_1_8' title="bbox 383 667 3704 746; baseline 0.002 -22"><span class='ocrx_word' id='word_1_41' title='bbox 383 673 556 725; x_wconf 76' lang='lat' dir='ltr'><strong><em>ratus</em></strong></span> <span class='ocrx_word' id='word_1_42' title='bbox 585 668 833 746; x_wconf 48' lang='lat' dir='ltr'><strong><em>fuerat,</em></strong></span> <span class='ocrx_word' id='word_1_43' title='bbox 848 669 1083 736; x_wconf 80' lang='lat' dir='ltr'><strong><em>peccati</em></strong></span> <span class='ocrx_word' id='word_1_44' title='bbox 1124 673 1179 724; x_wconf 88' lang='lat' dir='ltr'><strong><em>et</em></strong></span> <span class='ocrx_word' id='word_1_45' title='bbox 1199 669 1481 746; x_wconf 60' lang='lat' dir='ltr'><strong><em>scandali</em></strong></span> <span class='ocrx_word' id='word_1_46' title='bbox 1507 667 1979 746; x_wconf 62' lang='lat' dir='ltr'><strong><em>magnitudinem</em></strong></span> <span class='ocrx_word' id='word_1_47' title='bbox 1994 667 2058 746; x_wconf 66' lang='grc' dir='ltr'>εἰ</span> <span class='ocrx_word' id='word_1_48' title='bbox 2081 669 2357 746; x_wconf 68' lang='lat' dir='ltr'><strong><em>exponit,</em></strong></span> <span class='ocrx_word' id='word_1_49' title='bbox 2387 667 2685 746; x_wconf 69' lang='lat' dir='ltr'><strong><em>simulcjae</em></strong></span> <span class='ocrx_word' id='word_1_50' title='bbox 2721 685 2825 739; x_wconf 81' lang='lat' dir='ltr'><strong><em>spe</em></strong></span> <span class='ocrx_word' id='word_1_51' title='bbox 2877 667 3304 746; x_wconf 67' lang='lat' dir='ltr'><strong><em>misericordia:</em></strong></span> <span class='ocrx_word' id='word_1_52' title='bbox 3359 671 3614 738; x_wconf 67' lang='lat' dir='ltr'><strong><em>Divinas,</em></strong></span> <span class='ocrx_word' id='word_1_53' title='bbox 3648 678 3704 729; x_wconf 89' lang='lat' dir='ltr'><strong><em>et</em></strong></span> 
     </span>
    </p>
   </div>
   <div class='ocr_carea' id='block_1_9' title="bbox 385 737 3630 814">
    <p class='ocr_par' dir='ltr' id='par_1_9' title="bbox 385 737 3630 814">
     <span class='ocr_line' id='line_1_9' title="bbox 385 737 3630 814; baseline 0.001 -16"><span class='ocrx_word' id='word_1_54' title='bbox 385 737 661 809; x_wconf 73' lang='lat' dir='ltr'><strong><em>exemplo</em></strong></span> <span class='ocrx_word' id='word_1_55' title='bbox 701 739 1059 795; x_wconf 63' lang='lat' dir='ltr'><strong><em>Judworum</em></strong></span> <span class='ocrx_word' id='word_1_56' title='bbox 1091 755 1163 796; x_wconf 87' lang='lat' dir='ltr'><strong><em>ac</em></strong></span> <span class='ocrx_word' id='word_1_57' title='bbox 1194 741 1545 809; x_wconf 75' lang='lat' dir='ltr'><strong><em>Gentilium,</em></strong></span> <span class='ocrx_word' id='word_1_58' title='bbox 1576 737 1683 814; x_wconf 64' lang='lat' dir='ltr'><strong><em>q&#39;ui</em></strong></span> <span class='ocrx_word' id='word_1_59' title='bbox 1710 746 1854 795; x_wconf 85' lang='lat' dir='ltr'><strong><em>tunc</em></strong></span> <span class='ocrx_word' id='word_1_60' title='bbox 1878 737 1961 794; x_wconf 90' lang='lat' dir='ltr'><strong><em>ad</em></strong></span> <span class='ocrx_word' id='word_1_61' title='bbox 1985 737 2092 793; x_wconf 85' lang='lat' dir='ltr'><strong><em>Dei</em></strong></span> <span class='ocrx_word' id='word_1_62' title='bbox 2113 737 2899 812; x_wconf 37' lang='lat' dir='ltr'><strong><em>cultum’compellebaatur,</em></strong></span> <span class='ocrx_word' id='word_1_63' title='bbox 2928 741 3009 797; x_wconf 84' lang='lat' dir='ltr'><strong><em>ad</em></strong></span> <span class='ocrx_word' id='word_1_64' title='bbox 3034 742 3338 797; x_wconf 74' lang='lat' dir='ltr'><strong><em>&#39;certamen</em></strong></span> <span class='ocrx_word' id='word_1_65' title='bbox 3369 749 3630 800; x_wconf 84' lang='lat' dir='ltr'><strong><em>revocat.</em></strong></span> 
     </span>
    </p>
   </div>
   <div class='ocr_carea' id='block_1_10' title="bbox 721 837 1543 913">
    <p class='ocr_par' dir='ltr' id='par_1_10' title="bbox 721 837 1543 913">
     <span class='ocr_line' id='line_1_10' title="bbox 721 837 1543 913; baseline -0.002 -21"><span class='ocrx_word' id='word_1_66' title='bbox 721 842 864 913; x_wconf 89' lang='grc' dir='ltr'>Πρός</span> <span class='ocrx_word' id='word_1_67' title='bbox 917 840 1209 913; x_wconf 82' lang='grc' dir='ltr'>μονάζοντα</span> <span class='ocrx_word' id='word_1_68' title='bbox 1239 837 1543 897; x_wconf 74' lang='grc' dir='ltr'>ἐκπεσόντα,</span> 
     </span>
    </p>
   </div>
   <div class='ocr_carea' id='block_1_11' title="bbox 390 926 1937 1004">
    <p class='ocr_par' dir='ltr' id='par_1_11' title="bbox 390 926 1937 1004">
     <span class='ocr_line' id='line_1_11' title="bbox 390 926 1937 1004; baseline -0.004 -17"><span class='ocrx_word' id='word_1_69' title='bbox 390 926 465 988; x_wconf 14' lang='grc' dir='ltr'><strong><em>1.ν</em></strong></span> <span class='ocrx_word' id='word_1_70' title='bbox 506 934 682 992; x_wconf 86' lang='grc' dir='ltr'>Διττός</span> <span class='ocrx_word' id='word_1_71' title='bbox 738 951 831 1004; x_wconf 92' lang='grc' dir='ltr'><strong><em>μοι</em></strong></span> <span class='ocrx_word' id='word_1_72' title='bbox 884 929 1034 1003; x_wconf 98' lang='grc' dir='ltr'>φόϐος</span> <span class='ocrx_word' id='word_1_73' title='bbox 1098 928 1353 1001; x_wconf 77' lang='grc' dir='ltr'>ἐνέσκηψς</span> <span class='ocrx_word' id='word_1_74' title='bbox 1398 938 1507 993; x_wconf 91' lang='grc' dir='ltr'>τοῖς</span> <span class='ocrx_word' id='word_1_75' title='bbox 1563 938 1654 991; x_wconf 84' lang='grc' dir='ltr'>τῆς</span> <span class='ocrx_word' id='word_1_76' title='bbox 1699 926 1937 991; x_wconf 76' lang='grc' dir='ltr'><strong><em>διανοίας</em></strong></span> 
     </span>
    </p>
   </div>
   <div class='ocr_carea' id='block_1_12' title="bbox 305 1017 1933 1095">
    <p class='ocr_par' dir='ltr' id='par_1_12' title="bbox 305 1017 1933 1095">
     <span class='ocr_line' id='line_1_12' title="bbox 305 1017 1933 1095; baseline -0.002 -21"><span class='ocrx_word' id='word_1_77' title='bbox 305 1021 531 1084; x_wconf 86' lang='grc' dir='ltr'>κόλποις</span> <span class='ocrx_word' id='word_1_78' title='bbox 564 1019 621 1073; x_wconf 78' lang='grc' dir='ltr'>ἐκ</span> <span class='ocrx_word' id='word_1_79' title='bbox 669 1027 766 1082; x_wconf 80' lang='grc' dir='ltr'>τῆς</span> <span class='ocrx_word' id='word_1_80' title='bbox 804 1025 924 1094; x_wconf 84' lang='grc' dir='ltr'>περὶ</span> <span class='ocrx_word' id='word_1_81' title='bbox 975 1023 1032 1072; x_wconf 74' lang='grc' dir='ltr'><strong><em>σε</em></strong></span> <span class='ocrx_word' id='word_1_82' title='bbox 1061 1020 1375 1083; x_wconf 80' lang='grc' dir='ltr'><strong><em>ὑποθέσεως.</em></strong></span> <span class='ocrx_word' id='word_1_83' title='bbox 1402 1018 1469 1073; x_wconf 86' lang='grc' dir='ltr'><strong>Ἦ</strong></span> <span class='ocrx_word' id='word_1_84' title='bbox 1506 1022 1608 1095; x_wconf 73' lang='grc' dir='ltr'>γάρ</span> <span class='ocrx_word' id='word_1_85' title='bbox 1638 1039 1715 1080; x_wconf 85' lang='grc' dir='ltr'><strong><em>τις</em></strong></span> <span class='ocrx_word' id='word_1_86' title='bbox 1763 1017 1933 1090; x_wconf 85' lang='grc' dir='ltr'>ἀσυμ-</span> 
     </span>
    </p>
   </div>
   <div class='ocr_carea' id='block_1_13' title="bbox 306 1109 1935 1186">
    <p class='ocr_par' dir='ltr' id='par_1_13' title="bbox 306 1109 1935 1186">
     <span class='ocr_line' id='line_1_13' title="bbox 306 1109 1935 1186; baseline -0.002 -21"><span class='ocrx_word' id='word_1_87' title='bbox 306 1115 487 1172; x_wconf 68' lang='grc' dir='ltr'>παθὴς</span> <span class='ocrx_word' id='word_1_88' title='bbox 520 1115 708 1185; x_wconf 81' lang='grc' dir='ltr'><strong><em>τρόπος</em></strong></span> <span class='ocrx_word' id='word_1_89' title='bbox 736 1109 1226 1186; x_wconf 82' lang='grc' dir='ltr'>προκαταρξάμενος</span> <span class='ocrx_word' id='word_1_90' title='bbox 1278 1109 1345 1170; x_wconf 84' lang='grc' dir='ltr'><strong><em>εἰς</em></strong></span> <span class='ocrx_word' id='word_1_91' title='bbox 1391 1111 1789 1183; x_wconf 79' lang='grc' dir='ltr'><strong><em>μισανθρωπίας</em></strong></span> <span class='ocrx_word' id='word_1_92' title='bbox 1819 1111 1935 1176; x_wconf 89' lang='lat'><strong><em>(37)</em></strong></span> 
     </span>
    </p>
   </div>
   <div class='ocr_carea' id='block_1_14' title="bbox 313 1197 1931 1279">
    <p class='ocr_par' dir='ltr' id='par_1_14' title="bbox 313 1197 1931 1275">
     <span class='ocr_line' id='line_1_14' title="bbox 313 1197 1931 1275; baseline -0.003 -21"><span class='ocrx_word' id='word_1_93' title='bbox 313 1201 558 1275; x_wconf 72' lang='grc' dir='ltr'>ἔγκλημά</span> <span class='ocrx_word' id='word_1_94' title='bbox 631 1220 695 1273; x_wconf 82' lang='grc' dir='ltr'><strong><em>με</em></strong></span> <span class='ocrx_word' id='word_1_95' title='bbox 758 1200 968 1275; x_wconf 79' lang='grc' dir='ltr'>ῥίπτει·</span> <span class='ocrx_word' id='word_1_96' title='bbox 1025 1200 1056 1259; x_wconf 81' lang='grc' dir='ltr'><strong><em>ἡ</em></strong></span> <span class='ocrx_word' id='word_1_97' title='bbox 1120 1197 1273 1262; x_wconf 75' lang='grc' dir='ltr'>αὖθις</span> <span class='ocrx_word' id='word_1_98' title='bbox 1332 1200 1623 1271; x_wconf 81' lang='grc' dir='ltr'><strong><em>συμπαθεῖν</em></strong></span> <span class='ocrx_word' id='word_1_99' title='bbox 1676 1197 1931 1266; x_wconf 83' lang='grc' dir='ltr'>ἐθελοντα,</span> 
     </span>
    </p>
   </div>
   <div class='ocr_carea' id='block_1_15' title="bbox 320 1288 1933 1366">
    <p class='ocr_par' dir='ltr' id='par_1_15' title="bbox 320 1288 1933 1366">
     <span class='ocr_line' id='line_1_15' title="bbox 320 1288 1933 1366; baseline -0.003 -22"><span class='ocrx_word' id='word_1_100' title='bbox 320 1293 565 1366; x_wconf 80' lang='grc' dir='ltr'>καὶπρὸς</span> <span class='ocrx_word' id='word_1_101' title='bbox 610 1292 679 1342; x_wconf 78' lang='grc' dir='ltr'>τὰ</span> <span class='ocrx_word' id='word_1_102' title='bbox 707 1290 851 1347; x_wconf 87' lang='grc' dir='ltr'>πάθη</span> <span class='ocrx_word' id='word_1_103' title='bbox 903 1288 1448 1362; x_wconf 78' lang='grc' dir='ltr'>καταμαλακίζεσθαι,</span> <span class='ocrx_word' id='word_1_104' title='bbox 1496 1296 1668 1351; x_wconf 88' lang='grc' dir='ltr'>κακῶς</span> <span class='ocrx_word' id='word_1_105' title='bbox 1716 1292 1933 1361; x_wconf 84' lang='grc' dir='ltr'>μετατί-</span> 
     </span>
    </p>
   </div>
   <div class='ocr_carea' id='block_1_16' title="bbox 329 1374 1933 1454">
    <p class='ocr_par' dir='ltr' id='par_1_16' title="bbox 329 1374 1933 1454">
     <span class='ocr_line' id='line_1_16' title="bbox 329 1374 1933 1454; baseline -0.004 -19"><span class='ocrx_word' id='word_1_106' title='bbox 329 1383 457 1440; x_wconf 82' lang='grc' dir='ltr'>θησί</span> <span class='ocrx_word' id='word_1_107' title='bbox 482 1384 617 1453; x_wconf 78' lang='grc'><strong><em>(38).</em></strong></span> <span class='ocrx_word' id='word_1_108' title='bbox 654 1384 839 1454; x_wconf 79' lang='grc' dir='ltr'><strong><em>Διόπερ</em></strong></span> <span class='ocrx_word' id='word_1_109' title='bbox 871 1383 961 1431; x_wconf 87' lang='grc' dir='ltr'>καὶ</span> <span class='ocrx_word' id='word_1_110' title='bbox 1003 1374 1385 1453; x_wconf 78' lang='grc' dir='ltr'>διαχαράττειν</span> <span class='ocrx_word' id='word_1_111' title='bbox 1432 1377 1626 1452; x_wconf 86' lang='grc' dir='ltr'>μέλλων</span> <span class='ocrx_word' id='word_1_112' title='bbox 1656 1383 1803 1430; x_wconf 88' lang='grc' dir='ltr'>τουτί</span> <span class='ocrx_word' id='word_1_113' title='bbox 1832 1397 1933 1451; x_wconf 86' lang='grc' dir='ltr'><strong><em>μου</em></strong></span> 
     </span>
    </p>
   </div>
   <div class='ocr_carea' id='block_1_17' title="bbox 329 1467 1935 1543">
    <p class='ocr_par' dir='ltr' id='par_1_17' title="bbox 329 1467 1935 1543">
     <span class='ocr_line' id='line_1_17' title="bbox 329 1467 1935 1543; baseline -0.003 -20"><span class='ocrx_word' id='word_1_114' title='bbox 329 1475 390 1524; x_wconf 80' lang='grc' dir='ltr'><strong><em>τό</em></strong></span> <span class='ocrx_word' id='word_1_115' title='bbox 418 1472 656 1543; x_wconf 79' lang='grc' dir='ltr'>γράμμα,</span> <span class='ocrx_word' id='word_1_116' title='bbox 710 1472 801 1527; x_wconf 78' lang='grc' dir='ltr'>τὴν</span> <span class='ocrx_word' id='word_1_117' title='bbox 853 1470 944 1541; x_wconf 79' lang='grc' dir='ltr'>μὲν</span> <span class='ocrx_word' id='word_1_118' title='bbox 992 1475 1153 1541; x_wconf 82' lang='grc' dir='ltr'>χεῖρα</span> <span class='ocrx_word' id='word_1_119' title='bbox 1203 1476 1477 1543; x_wconf 87' lang='grc' dir='ltr'>ναρκῶσαν</span> <span class='ocrx_word' id='word_1_120' title='bbox 1523 1474 1634 1530; x_wconf 90' lang='grc' dir='ltr'>τοῖς</span> <span class='ocrx_word' id='word_1_121' title='bbox 1661 1467 1935 1540; x_wconf 76' lang='grc' dir='ltr'>λογισμοῖς</span> 
     </span>
    </p>
   </div>
   <div class='ocr_carea' id='block_1_18' title="bbox 329 1554 1936 1635">
    <p class='ocr_par' dir='ltr' id='par_1_18' title="bbox 329 1554 1936 1635">
     <span class='ocr_line' id='line_1_18' title="bbox 329 1554 1936 1635; baseline -0.002 -22"><span class='ocrx_word' id='word_1_122' title='bbox 329 1559 602 1635; x_wconf 77' lang='grc' dir='ltr'>ἔνεύρωσα,</span> <span class='ocrx_word' id='word_1_123' title='bbox 661 1562 722 1611; x_wconf 85' lang='grc' dir='ltr'>τὸ</span> <span class='ocrx_word' id='word_1_124' title='bbox 764 1554 825 1611; x_wconf 72' lang='grc' dir='ltr'><strong><em>δὲ</em></strong></span> <span class='ocrx_word' id='word_1_125' title='bbox 883 1562 1183 1632; x_wconf 84' lang='grc' dir='ltr'>πρόσωπον,</span> <span class='ocrx_word' id='word_1_126' title='bbox 1229 1558 1551 1633; x_wconf 68' lang='grc' dir='ltr'><strong><em>ἠπορημένον</em></strong></span> <span class='ocrx_word' id='word_1_127' title='bbox 1608 1556 1664 1609; x_wconf 79' lang='grc' dir='ltr'>ἐκ</span> <span class='ocrx_word' id='word_1_128' title='bbox 1718 1566 1815 1619; x_wconf 83' lang='grc' dir='ltr'>τῆς</span> <span class='ocrx_word' id='word_1_129' title='bbox 1853 1558 1936 1609; x_wconf 84' lang='grc' dir='ltr'><strong><em>ἐπὶ</em></strong></span> 
     </span>
    </p>
   </div>
   <div class='ocr_carea' id='block_1_19' title="bbox 326 1646 1937 1721">
    <p class='ocr_par' dir='ltr' id='par_1_19' title="bbox 326 1646 1937 1721">
     <span class='ocr_line' id='line_1_19' title="bbox 326 1646 1937 1721; baseline -0.002 -18"><span class='ocrx_word' id='word_1_130' title='bbox 326 1656 407 1703; x_wconf 82' lang='grc' dir='ltr'>σοὶ</span> <span class='ocrx_word' id='word_1_131' title='bbox 443 1653 758 1721; x_wconf 73' lang='grc' dir='ltr'>κατηφείας,</span> <span class='ocrx_word' id='word_1_132' title='bbox 789 1646 1074 1700; x_wconf 76' lang='grc' dir='ltr'>ἀλλοιῶσαι</span> <span class='ocrx_word' id='word_1_133' title='bbox 1122 1647 1216 1700; x_wconf 65' lang='grc' dir='ltr'>οὐκ</span> <span class='ocrx_word' id='word_1_134' title='bbox 1253 1649 1486 1719; x_wconf 84' lang='grc' dir='ltr'>ἵσχυσα,</span> <span class='ocrx_word' id='word_1_135' title='bbox 1534 1649 1799 1709; x_wconf 80' lang='grc' dir='ltr'>τοσαύτης</span> <span class='ocrx_word' id='word_1_136' title='bbox 1846 1666 1937 1720; x_wconf 91' lang='grc' dir='ltr'><strong><em>μοι</em></strong></span> 
     </span>
    </p>
   </div>
   <div class='ocr_carea' id='block_1_20' title="bbox 318 1737 1936 1811">
    <p class='ocr_par' dir='ltr' id='par_1_20' title="bbox 318 1737 1936 1811">
     <span class='ocr_line' id='line_1_20' title="bbox 318 1737 1936 1811; baseline -0.003 -19"><span class='ocrx_word' id='word_1_137' title='bbox 318 1739 399 1792; x_wconf 78' lang='grc' dir='ltr'><strong><em>ἐπὶ</em></strong></span> <span class='ocrx_word' id='word_1_138' title='bbox 454 1743 545 1791; x_wconf 81' lang='grc' dir='ltr'>σοὶ</span> <span class='ocrx_word' id='word_1_139' title='bbox 603 1741 897 1811; x_wconf 82' lang='grc' dir='ltr'>κεχυμένης</span> <span class='ocrx_word' id='word_1_140' title='bbox 932 1737 1043 1809; x_wconf 73' lang='lat'><strong><em>(39}</em></strong></span> <span class='ocrx_word' id='word_1_141' title='bbox 1100 1737 1386 1809; x_wconf 80' lang='grc' dir='ltr'>αἰσχύνης,</span> <span class='ocrx_word' id='word_1_142' title='bbox 1445 1738 1511 1797; x_wconf 84' lang='grc' dir='ltr'>ὡς</span> <span class='ocrx_word' id='word_1_143' title='bbox 1559 1742 1651 1789; x_wconf 81' lang='grc' dir='ltr'>καὶ</span> <span class='ocrx_word' id='word_1_144' title='bbox 1710 1741 1805 1795; x_wconf 83' lang='grc' dir='ltr'>τὴν</span> <span class='ocrx_word' id='word_1_145' title='bbox 1844 1742 1936 1788; x_wconf 82' lang='grc' dir='ltr'>τοῦ</span> 
     </span>
    </p>
   </div>
   <div class='ocr_carea' id='block_1_21' title="bbox 315 1826 1935 1901">
    <p class='ocr_par' dir='ltr' id='par_1_21' title="bbox 315 1826 1935 1901">
     <span class='ocr_line' id='line_1_21' title="bbox 315 1826 1935 1901; baseline -0.002 -20"><span class='ocrx_word' id='word_1_146' title='bbox 315 1833 590 1901; x_wconf 86' lang='grc' dir='ltr'>στόματος</span> <span class='ocrx_word' id='word_1_147' title='bbox 649 1826 945 1900; x_wconf 84' lang='grc' dir='ltr'>σύμπτυξιν</span> <span class='ocrx_word' id='word_1_148' title='bbox 992 1834 1331 1899; x_wconf 79' lang='grc' dir='ltr'>παραχρῆμα</span> <span class='ocrx_word' id='word_1_149' title='bbox 1381 1829 1606 1894; x_wconf 82' lang='grc' dir='ltr'><strong><em>πίπτειν,</em></strong></span> <span class='ocrx_word' id='word_1_150' title='bbox 1647 1834 1747 1878; x_wconf 89' lang='grc' dir='ltr'><strong><em>τῶν</em></strong></span> <span class='ocrx_word' id='word_1_151' title='bbox 1813 1845 1935 1898; x_wconf 88' lang='grc' dir='ltr'>χει-</span> 
     </span>
    </p>
   </div>
   <div class='ocr_carea' id='block_1_22' title="bbox 308 1913 1938 1991">
    <p class='ocr_par' dir='ltr' id='par_1_22' title="bbox 308 1913 1938 1991">
     <span class='ocr_line' id='line_1_22' title="bbox 308 1913 1938 1991; baseline -0.001 -22"><span class='ocrx_word' id='word_1_152' title='bbox 308 1917 439 1970; x_wconf 69' lang='grc' dir='ltr'>λέων</span> <span class='ocrx_word' id='word_1_153' title='bbox 512 1936 618 1989; x_wconf 84' lang='grc' dir='ltr'><strong><em>μου</em></strong></span> <span class='ocrx_word' id='word_1_154' title='bbox 688 1916 759 1979; x_wconf 82' lang='grc' dir='ltr'><strong><em>εἰς</em></strong></span> <span class='ocrx_word' id='word_1_155' title='bbox 829 1914 1097 1988; x_wconf 85' lang='grc' dir='ltr'>κλαυθμόν</span> <span class='ocrx_word' id='word_1_156' title='bbox 1173 1913 1576 1991; x_wconf 76' lang='grc' dir='ltr'><strong><em>ἐκτρεπομένων.</em></strong></span> <span class='ocrx_word' id='word_1_157' title='bbox 1631 1918 1810 1989; x_wconf 85' lang='grc' dir='ltr'>Οἶμοι,</span> <span class='ocrx_word' id='word_1_158' title='bbox 1886 1919 1938 1968; x_wconf 87' lang='grc' dir='ltr'><strong><em>τί</em></strong></span> 
     </span>
    </p>
   </div>
   <div class='ocr_carea' id='block_1_23' title="bbox 310 2002 1935 2083">
    <p class='ocr_par' dir='ltr' id='par_1_23' title="bbox 310 2002 1935 2083">
     <span class='ocr_line' id='line_1_23' title="bbox 310 2002 1935 2083; baseline 0 -25"><span class='ocrx_word' id='word_1_159' title='bbox 310 2006 534 2083; x_wconf 60' lang='grc' dir='ltr'>γράψω,</span> <span class='ocrx_word' id='word_1_160' title='bbox 585 2006 617 2066; x_wconf 78' lang='grc' dir='ltr'><strong><em>ἡ</em></strong></span> <span class='ocrx_word' id='word_1_161' title='bbox 678 2010 733 2058; x_wconf 87' lang='grc' dir='ltr'><strong><em>τί</em></strong></span> <span class='ocrx_word' id='word_1_162' title='bbox 786 2004 1073 2078; x_wconf 71' lang='grc' dir='ltr'>λογίσομαι</span> <span class='ocrx_word' id='word_1_163' title='bbox 1130 2004 1181 2058; x_wconf 81' lang='grc' dir='ltr'>ἐν</span> <span class='ocrx_word' id='word_1_164' title='bbox 1246 2002 1444 2081; x_wconf 75' lang='grc' dir='ltr'>τριόδῳ</span> <span class='ocrx_word' id='word_1_165' title='bbox 1518 2004 1935 2079; x_wconf 47' lang='grc' dir='ltr'>ἀπειλημμένος</span> 
     </span>
    </p>
   </div>
   <div class='ocr_carea' id='block_1_24' title="bbox 313 2095 1940 2169">
    <p class='ocr_par' dir='ltr' id='par_1_24' title="bbox 313 2095 1940 2169">
     <span class='ocr_line' id='line_1_24' title="bbox 313 2095 1940 2169; baseline -0.001 -19"><span class='ocrx_word' id='word_1_166' title='bbox 313 2096 437 2150; x_wconf 73' lang='grc' dir='ltr'><strong><em>Ἐὰν</em></strong></span> <span class='ocrx_word' id='word_1_167' title='bbox 510 2095 645 2148; x_wconf 81' lang='grc' dir='ltr'>ἔλθω</span> <span class='ocrx_word' id='word_1_168' title='bbox 705 2095 777 2158; x_wconf 83' lang='grc' dir='ltr'><strong><em>εἰς</em></strong></span> <span class='ocrx_word' id='word_1_169' title='bbox 839 2100 1050 2168; x_wconf 78' lang='grc' dir='ltr'>μνήμην</span> <span class='ocrx_word' id='word_1_170' title='bbox 1103 2103 1195 2156; x_wconf 80' lang='grc' dir='ltr'>τῆς</span> <span class='ocrx_word' id='word_1_171' title='bbox 1258 2099 1517 2169; x_wconf 76' lang='grc' dir='ltr'>προτέρας</span> <span class='ocrx_word' id='word_1_172' title='bbox 1569 2115 1663 2148; x_wconf 91' lang='grc' dir='ltr'><strong><em>σου</em></strong></span> <span class='ocrx_word' id='word_1_173' title='bbox 1716 2101 1940 2169; x_wconf 83' lang='grc' dir='ltr'>ματαίας</span> 
     </span>
    </p>
   </div>
   <div class='ocr_carea' id='block_1_25' title="bbox 312 2173 1940 2260">
    <p class='ocr_par' dir='ltr' id='par_1_25' title="bbox 312 2173 1940 2260">
     <span class='ocr_line' id='line_1_25' title="bbox 312 2173 1940 2260; baseline 0.001 -23"><span class='ocrx_word' id='word_1_174' title='bbox 312 2185 679 2260; x_wconf 79' lang='grc' dir='ltr'>ἀναστροφῆς,</span> <span class='ocrx_word' id='word_1_175' title='bbox 731 2186 816 2237; x_wconf 83' lang='grc' dir='ltr'>ὅτε</span> <span class='ocrx_word' id='word_1_176' title='bbox 881 2204 940 2237; x_wconf 84' lang='grc' dir='ltr'><strong><em>σε</em></strong></span> <span class='ocrx_word' id='word_1_177' title='bbox 993 2185 1096 2245; x_wconf 59' lang='grc'><strong><em>(40)</em></strong></span> <span class='ocrx_word' id='word_1_178' title='bbox 1144 2183 1406 2259; x_wconf 71' lang='grc' dir='ltr'>περιέρρει</span> <span class='ocrx_word' id='word_1_179' title='bbox 1458 2173 1698 2250; x_wconf 83' lang='grc' dir='ltr'>πλοῦτος,</span> <span class='ocrx_word' id='word_1_180' title='bbox 1740 2189 1830 2237; x_wconf 86' lang='grc' dir='ltr'>καὶ</span> <span class='ocrx_word' id='word_1_181' title='bbox 1881 2188 1940 2238; x_wconf 82' lang='grc' dir='ltr'>τὸ</span> 
     </span>
    </p>
   </div>
   <div class='ocr_carea' id='block_1_26' title="bbox 309 2270 1939 2349">
    <p class='ocr_par' dir='ltr' id='par_1_26' title="bbox 309 2270 1939 2349">
     <span class='ocr_line' id='line_1_26' title="bbox 309 2270 1939 2349; baseline 0 -22"><span class='ocrx_word' id='word_1_182' title='bbox 309 2278 597 2349; x_wconf 73' lang='grc' dir='ltr'>χαμερπες</span> <span class='ocrx_word' id='word_1_183' title='bbox 637 2270 901 2347; x_wconf 70' lang='grc' dir='ltr'>δοξάριον,</span> <span class='ocrx_word' id='word_1_184' title='bbox 932 2278 1128 2348; x_wconf 87' lang='grc' dir='ltr'>φρίττω</span> <span class='ocrx_word' id='word_1_185' title='bbox 1160 2295 1172 2307; x_wconf 91' lang='grc'><strong>·</strong></span> <span class='ocrx_word' id='word_1_186' title='bbox 1233 2275 1392 2331; x_wconf 82' lang='grc' dir='ltr'>ἡνίκα</span> <span class='ocrx_word' id='word_1_187' title='bbox 1444 2274 1616 2326; x_wconf 84' lang='grc' dir='ltr'>εἵπετό</span> <span class='ocrx_word' id='word_1_188' title='bbox 1671 2294 1757 2327; x_wconf 93' lang='grc' dir='ltr'><strong><em>σοι</em></strong></span> <span class='ocrx_word' id='word_1_189' title='bbox 1786 2274 1939 2327; x_wconf 87' lang='grc' dir='ltr'>κολά-</span> 
     </span>
    </p>
   </div>
   <div class='ocr_carea' id='block_1_27' title="bbox 313 2356 1948 2434">
    <p class='ocr_par' dir='ltr' id='par_1_27' title="bbox 313 2356 1948 2434">
     <span class='ocr_line' id='line_1_27' title="bbox 313 2356 1948 2434; baseline -0.001 -21"><span class='ocrx_word' id='word_1_190' title='bbox 313 2380 423 2413; x_wconf 85' lang='grc' dir='ltr'><strong><em>κων</em></strong></span> <span class='ocrx_word' id='word_1_191' title='bbox 486 2359 707 2427; x_wconf 84' lang='grc' dir='ltr'>πλῆθος,</span> <span class='ocrx_word' id='word_1_192' title='bbox 741 2364 829 2411; x_wconf 84' lang='grc' dir='ltr'>καὶ</span> <span class='ocrx_word' id='word_1_193' title='bbox 860 2367 1080 2432; x_wconf 83' lang='grc' dir='ltr'>τρυφῆς,</span> <span class='ocrx_word' id='word_1_194' title='bbox 1135 2356 1423 2419; x_wconf 82' lang='grc' dir='ltr'>ἀπόλαυσις</span> <span class='ocrx_word' id='word_1_195' title='bbox 1470 2363 1793 2433; x_wconf 84' lang='grc' dir='ltr'>πρόσκαιρος</span> <span class='ocrx_word' id='word_1_196' title='bbox 1814 2378 1948 2434; x_wconf 82' lang='grc' dir='ltr'><strong><em>μετά</em></strong></span> 
     </span>
    </p>
   </div>
   <div class='ocr_carea' id='block_1_28' title="bbox 310 2444 1942 2524">
    <p class='ocr_par' dir='ltr' id='par_1_28' title="bbox 310 2444 1942 2524">
     <span class='ocr_line' id='line_1_28' title="bbox 310 2444 1942 2524; baseline 0 -21"><span class='ocrx_word' id='word_1_197' title='bbox 310 2457 619 2524; x_wconf 71' lang='grc' dir='ltr'>προφανοῦς</span> <span class='ocrx_word' id='word_1_198' title='bbox 665 2445 913 2500; x_wconf 70' lang='grc' dir='ltr'>κινδύνου</span> <span class='ocrx_word' id='word_1_199' title='bbox 944 2453 1035 2500; x_wconf 85' lang='grc' dir='ltr'>καὶ</span> <span class='ocrx_word' id='word_1_200' title='bbox 1066 2444 1265 2500; x_wconf 73' lang='grc' dir='ltr'>ἀδίκων</span> <span class='ocrx_word' id='word_1_201' title='bbox 1319 2452 1491 2522; x_wconf 86' lang='grc' dir='ltr'>πόρων</span> <span class='ocrx_word' id='word_1_202' title='bbox 1529 2465 1543 2480; x_wconf 75' lang='grc' dir='ltr'>σ</span> <span class='ocrx_word' id='word_1_203' title='bbox 1584 2453 1675 2501; x_wconf 85' lang='grc' dir='ltr'>καὶ</span> <span class='ocrx_word' id='word_1_204' title='bbox 1721 2455 1791 2509; x_wconf 78' lang='grc' dir='ltr'><strong><em>πη</em></strong></span> <span class='ocrx_word' id='word_1_205' title='bbox 1853 2454 1942 2524; x_wconf 71' lang='grc' dir='ltr'>μὲν</span> 
     </span>
    </p>
   </div>
   <div class='ocr_carea' id='block_1_29' title="bbox 309 2507 2014 2614">
    <p class='ocr_par' dir='ltr' id='par_1_29' title="bbox 309 2507 2014 2614">
     <span class='ocr_line' id='line_1_29' title="bbox 351 2507 1863 2524; baseline -0.009 14"><span class='ocrx_word' id='word_1_206' title='bbox 351 2507 362 2524; x_wconf 81' lang='grc'><strong><em>⁵</em></strong></span> <span class='ocrx_word' id='word_1_207' title='bbox 426 2507 437 2522; x_wconf 85' lang='grc'><strong><em>⁸</em></strong></span> <span class='ocrx_word' id='word_1_208' title='bbox 603 2507 616 2510; x_wconf 78' lang='grc'><em>’</em></span> <span class='ocrx_word' id='word_1_209' title='bbox 1389 2507 1398 2522; x_wconf 77' lang='grc' dir='ltr'><strong><em>ι</em></strong></span> <span class='ocrx_word' id='word_1_210' title='bbox 1781 2507 1787 2509; x_wconf 55' lang='grc' dir='ltr'><em>ν</em></span> <span class='ocrx_word' id='word_1_211' title='bbox 1853 2507 1863 2524; x_wconf 80' lang='grc' dir='ltr'><strong><em>ι</em></strong></span> 
     </span>
     <span class='ocr_line' id='line_1_30' title="bbox 309 2507 2014 2614; baseline 0.001 -23"><span class='ocrx_word' id='word_1_212' title='bbox 309 2538 632 2614; x_wconf 82' lang='grc' dir='ltr'>ἀρχοντικοὶ</span> <span class='ocrx_word' id='word_1_213' title='bbox 663 2536 813 2610; x_wconf 86' lang='grc' dir='ltr'>φόϐοι</span> <span class='ocrx_word' id='word_1_214' title='bbox 844 2534 1170 2612; x_wconf 77' lang='grc' dir='ltr'>διερρίπιζόν</span> <span class='ocrx_word' id='word_1_215' title='bbox 1223 2556 1318 2589; x_wconf 90' lang='grc' dir='ltr'><strong><em>σου</em></strong></span> <span class='ocrx_word' id='word_1_216' title='bbox 1367 2541 1462 2596; x_wconf 77' lang='grc' dir='ltr'>τὴν</span> <span class='ocrx_word' id='word_1_217' title='bbox 1520 2545 1617 2600; x_wconf 84' lang='grc' dir='ltr'>τῆς</span> <span class='ocrx_word' id='word_1_218' title='bbox 1677 2544 1943 2613; x_wconf 82' lang='grc' dir='ltr'>σωτηρίας</span> <span class='ocrx_word' id='word_1_219' title='bbox 1973 2507 2014 2561; x_wconf 81' lang='grc' dir='ltr'><strong>Β</strong></span> 
     </span>
    </p>
   </div>
   <div class='ocr_carea' id='block_1_30' title="bbox 306 2623 1940 2701">
    <p class='ocr_par' dir='ltr' id='par_1_30' title="bbox 306 2623 1940 2701">
     <span class='ocr_line' id='line_1_31' title="bbox 306 2623 1940 2701; baseline 0 -19"><span class='ocrx_word' id='word_1_220' title='bbox 306 2631 585 2694; x_wconf 83' lang='grc' dir='ltr'>ύπόνοίαν,</span> <span class='ocrx_word' id='word_1_221' title='bbox 628 2631 701 2686; x_wconf 80' lang='grc' dir='ltr'><strong><em>πὴ</em></strong></span> <span class='ocrx_word' id='word_1_222' title='bbox 728 2623 787 2680; x_wconf 79' lang='grc' dir='ltr'><strong><em>δὲ</em></strong></span> <span class='ocrx_word' id='word_1_223' title='bbox 817 2623 1090 2699; x_wconf 76' lang='grc' dir='ltr'>ὃημοσιων</span> <span class='ocrx_word' id='word_1_224' title='bbox 1125 2626 1336 2701; x_wconf 90' lang='grc' dir='ltr'>θόρυϐοι</span> <span class='ocrx_word' id='word_1_225' title='bbox 1375 2623 1678 2680; x_wconf 83' lang='grc' dir='ltr'>διεσάλευόν</span> <span class='ocrx_word' id='word_1_226' title='bbox 1712 2648 1807 2682; x_wconf 91' lang='grc' dir='ltr'><strong><em>σου</em></strong></span> <span class='ocrx_word' id='word_1_227' title='bbox 1845 2635 1940 2689; x_wconf 80' lang='grc' dir='ltr'>τὴν</span> 
     </span>
    </p>
   </div>
   <div class='ocr_carea' id='block_1_31' title="bbox 313 2714 1938 2790">
    <p class='ocr_par' dir='ltr' id='par_1_31' title="bbox 313 2714 1938 2790">
     <span class='ocr_line' id='line_1_32' title="bbox 313 2714 1938 2790; baseline 0 -18"><span class='ocrx_word' id='word_1_228' title='bbox 313 2718 521 2785; x_wconf 78' lang='grc' dir='ltr'>ἑστίαν,</span> <span class='ocrx_word' id='word_1_229' title='bbox 556 2720 587 2777; x_wconf 82' lang='grc' dir='ltr'><strong><em>ἡ</em></strong></span> <span class='ocrx_word' id='word_1_230' title='bbox 620 2736 674 2770; x_wconf 86' lang='grc' dir='ltr'><strong><em>τε</em></strong></span> <span class='ocrx_word' id='word_1_231' title='bbox 715 2721 921 2789; x_wconf 86' lang='grc' dir='ltr'>συνοχὴ</span> <span class='ocrx_word' id='word_1_232' title='bbox 955 2724 1055 2768; x_wconf 88' lang='grc' dir='ltr'><strong><em>τῶν</em></strong></span> <span class='ocrx_word' id='word_1_233' title='bbox 1094 2725 1265 2768; x_wconf 81' lang='grc' dir='ltr'>κακῶν</span> <span class='ocrx_word' id='word_1_234' title='bbox 1298 2714 1651 2790; x_wconf 81' lang='grc' dir='ltr'>ἀπεσφαίριζέ</span> <span class='ocrx_word' id='word_1_235' title='bbox 1689 2719 1801 2789; x_wconf 77' lang='grc'>(41)</span> <span class='ocrx_word' id='word_1_236' title='bbox 1844 2739 1938 2772; x_wconf 91' lang='grc' dir='ltr'><strong><em>σου</em></strong></span> 
     </span>
    </p>
   </div>
   <div class='ocr_carea' id='block_1_32' title="bbox 314 2802 1942 2881">
    <p class='ocr_par' dir='ltr' id='par_1_32' title="bbox 314 2802 1942 2881">
     <span class='ocr_line' id='line_1_33' title="bbox 314 2802 1942 2881; baseline 0 -20"><span class='ocrx_word' id='word_1_237' title='bbox 314 2812 409 2861; x_wconf 84' lang='grc' dir='ltr'>τὸν</span> <span class='ocrx_word' id='word_1_238' title='bbox 438 2816 561 2860; x_wconf 81' lang='grc' dir='ltr'>νοῦν</span> <span class='ocrx_word' id='word_1_239' title='bbox 586 2810 714 2881; x_wconf 86' lang='grc' dir='ltr'>πρὸς</span> <span class='ocrx_word' id='word_1_240' title='bbox 764 2810 854 2859; x_wconf 88' lang='grc' dir='ltr'><strong><em>τόν</em></strong></span> <span class='ocrx_word' id='word_1_241' title='bbox 889 2802 1172 2879; x_wconf 70' lang='grc' dir='ltr'>δυνάμενόν</span> <span class='ocrx_word' id='word_1_242' title='bbox 1207 2825 1292 2858; x_wconf 90' lang='grc' dir='ltr'><strong><em>σοι</em></strong></span> <span class='ocrx_word' id='word_1_243' title='bbox 1332 2804 1545 2880; x_wconf 78' lang='grc' dir='ltr'>βοηθεῖν</span> <span class='ocrx_word' id='word_1_244' title='bbox 1578 2825 1590 2838; x_wconf 88' lang='grc'>·</span> <span class='ocrx_word' id='word_1_245' title='bbox 1624 2809 1781 2866; x_wconf 82' lang='grc' dir='ltr'>ἡνίκα</span> <span class='ocrx_word' id='word_1_246' title='bbox 1804 2812 1942 2861; x_wconf 82' lang='grc' dir='ltr'>κατὰ</span> 
     </span>
    </p>
   </div>
   <div class='ocr_carea' id='block_1_33' title="bbox 328 2894 1938 2973">
    <p class='ocr_par' dir='ltr' id='par_1_33' title="bbox 328 2894 1938 2973">
     <span class='ocr_line' id='line_1_34' title="bbox 328 2894 1938 2973; baseline 0.002 -25"><span class='ocrx_word' id='word_1_247' title='bbox 328 2900 521 2970; x_wconf 77' lang='grc' dir='ltr'>μικρὸν</span> <span class='ocrx_word' id='word_1_248' title='bbox 601 2895 833 2969; x_wconf 80' lang='grc' dir='ltr'>ἐμελέτας</span> <span class='ocrx_word' id='word_1_249' title='bbox 911 2894 1315 2969; x_wconf 85' lang='grc' dir='ltr'>περιϐλέπεσθαι</span> <span class='ocrx_word' id='word_1_250' title='bbox 1390 2899 1477 2948; x_wconf 88' lang='grc' dir='ltr'><strong><em>τόν</em></strong></span> <span class='ocrx_word' id='word_1_251' title='bbox 1552 2904 1787 2973; x_wconf 84' lang='grc' dir='ltr'>Σωτῆρα,</span> <span class='ocrx_word' id='word_1_252' title='bbox 1848 2902 1938 2971; x_wconf 85' lang='grc' dir='ltr'>φέ-</span> 
     </span>
    </p>
   </div>
   <div class='ocr_carea' id='block_1_34' title="bbox 333 2983 1941 3061">
    <p class='ocr_par' dir='ltr' id='par_1_34' title="bbox 333 2983 1941 3061">
     <span class='ocr_line' id='line_1_35' title="bbox 333 2983 1941 3061; baseline 0.001 -23"><span class='ocrx_word' id='word_1_253' title='bbox 333 3005 498 3061; x_wconf 87' lang='grc' dir='ltr'>ροντα</span> <span class='ocrx_word' id='word_1_254' title='bbox 529 2987 618 3057; x_wconf 68' lang='grc' dir='ltr'>μὲν</span> <span class='ocrx_word' id='word_1_255' title='bbox 665 2988 791 3059; x_wconf 88' lang='grc' dir='ltr'>πρός</span> <span class='ocrx_word' id='word_1_256' title='bbox 832 2984 1077 3058; x_wconf 77' lang='grc' dir='ltr'>ὠφέλειαν</span> <span class='ocrx_word' id='word_1_257' title='bbox 1134 2988 1254 3047; x_wconf 77' lang='grc' dir='ltr'>τοὺς</span> <span class='ocrx_word' id='word_1_258' title='bbox 1318 2983 1524 3057; x_wconf 89' lang='grc' dir='ltr'>φόϐους,</span> <span class='ocrx_word' id='word_1_259' title='bbox 1576 2986 1824 3061; x_wconf 80' lang='grc' dir='ltr'>ῥυόμενον</span> <span class='ocrx_word' id='word_1_260' title='bbox 1880 2984 1941 3039; x_wconf 79' lang='grc' dir='ltr'>δέ</span> 
     </span>
    </p>
   </div>
   <div class='ocr_carea' id='block_1_35' title="bbox 335 3079 931 3144">
    <p class='ocr_par' dir='ltr' id='par_1_35' title="bbox 335 3079 931 3144">
     <span class='ocr_line' id='line_1_36' title="bbox 335 3079 931 3144; baseline -0.003 -17"><span class='ocrx_word' id='word_1_261' title='bbox 335 3094 417 3135; x_wconf 83' lang='grc' dir='ltr'>σε.</span> <span class='ocrx_word' id='word_1_262' title='bbox 492 3080 576 3127; x_wconf 82' lang='grc' dir='ltr'>καὶ</span> <span class='ocrx_word' id='word_1_263' title='bbox 651 3079 931 3144; x_wconf 85' lang='grc' dir='ltr'>σκέποντα,</span> 
     </span>
    </p>
   </div>
   <div class='ocr_carea' id='block_1_36' title="bbox 326 3161 1938 3240">
    <p class='ocr_par' dir='ltr' id='par_1_36' title="bbox 326 3161 1938 3240">
     <span class='ocr_line' id='line_1_37' title="bbox 326 3161 1938 3240; baseline 0.001 -22"><span class='ocrx_word' id='word_1_264' title='bbox 326 3162 532 3226; x_wconf 75' lang='grc' dir='ltr'>ἀδείαις</span> <span class='ocrx_word' id='word_1_265' title='bbox 572 3185 587 3198; x_wconf 79' lang='grc' dir='ltr'><strong><em>ο</em></strong></span> <span class='ocrx_word' id='word_1_266' title='bbox 645 3167 805 3223; x_wconf 84' lang='grc' dir='ltr'>ἡνίκα</span> <span class='ocrx_word' id='word_1_267' title='bbox 841 3161 1137 3236; x_wconf 72' lang='grc' dir='ltr'>ἐγυμνάζου</span> <span class='ocrx_word' id='word_1_268' title='bbox 1200 3166 1331 3239; x_wconf 88' lang='grc' dir='ltr'>πρός</span> <span class='ocrx_word' id='word_1_269' title='bbox 1393 3163 1681 3237; x_wconf 78' lang='grc' dir='ltr'>μεταϐολὴν</span> <span class='ocrx_word' id='word_1_270' title='bbox 1750 3174 1938 3240; x_wconf 81' lang='grc' dir='ltr'>σεμνοῦ</span> 
     </span>
    </p>
   </div>
   <div class='ocr_carea' id='block_1_37' title="bbox 318 3250 1937 3331">
    <p class='ocr_par' dir='ltr' id='par_1_37' title="bbox 318 3250 1937 3331">
     <span class='ocr_line' id='line_1_38' title="bbox 318 3250 1937 3331; baseline -0.001 -23"><span class='ocrx_word' id='word_1_271' title='bbox 318 3259 546 3329; x_wconf 80' lang='grc' dir='ltr'>τρόπου,</span> <span class='ocrx_word' id='word_1_272' title='bbox 597 3251 928 3314; x_wconf 79' lang='grc' dir='ltr'>σκυϐαλίζων</span> <span class='ocrx_word' id='word_1_273' title='bbox 958 3256 1049 3325; x_wconf 80' lang='grc' dir='ltr'><strong><em>μέν</em></strong></span> <span class='ocrx_word' id='word_1_274' title='bbox 1100 3272 1194 3305; x_wconf 86' lang='grc' dir='ltr'><strong><em>σου</em></strong></span> <span class='ocrx_word' id='word_1_275' title='bbox 1233 3256 1328 3311; x_wconf 81' lang='grc' dir='ltr'>τὴν</span> <span class='ocrx_word' id='word_1_276' title='bbox 1373 3250 1747 3308; x_wconf 80' lang='grc' dir='ltr'>πολυκίνδυνον</span> <span class='ocrx_word' id='word_1_277' title='bbox 1786 3275 1937 3331; x_wconf 89' lang='grc' dir='ltr'>περι-</span> 
     </span>
    </p>
   </div>
   <div class='ocr_carea' id='block_1_38' title="bbox 1006 3073 1938 3139">
    <p class='ocr_par' dir='ltr' id='par_1_38' title="bbox 1006 3073 1938 3139">
     <span class='ocr_line' id='line_1_39' title="bbox 1006 3073 1938 3139; baseline 0.002 -12"><span class='ocrx_word' id='word_1_278' title='bbox 1006 3073 1265 3135; x_wconf 78' lang='grc' dir='ltr'>παίζοντα</span> <span class='ocrx_word' id='word_1_279' title='bbox 1337 3074 1450 3126; x_wconf 87' lang='grc' dir='ltr'>κατ’</span> <span class='ocrx_word' id='word_1_280' title='bbox 1508 3074 1667 3128; x_wconf 72' lang='grc' dir='ltr'>αὐτοῦ</span> <span class='ocrx_word' id='word_1_281' title='bbox 1719 3075 1770 3128; x_wconf 75' lang='grc' dir='ltr'>ἐν</span> <span class='ocrx_word' id='word_1_282' title='bbox 1823 3082 1938 3139; x_wconf 86' lang='grc' dir='ltr'>ταῖς</span> 
     </span>
    </p>
   </div>
   <div class='ocr_carea' id='block_1_39' title="bbox 316 3344 1936 3416">
    <p class='ocr_par' dir='ltr' id='par_1_39' title="bbox 316 3344 1936 3416">
     <span class='ocr_line' id='line_1_40' title="bbox 316 3344 1936 3416; baseline -0.001 -18"><span class='ocrx_word' id='word_1_283' title='bbox 316 3349 533 3410; x_wconf 83' lang='grc' dir='ltr'>ουσίαν,</span> <span class='ocrx_word' id='word_1_284' title='bbox 610 3345 756 3396; x_wconf 80' lang='grc' dir='ltr'>οἴκου</span> <span class='ocrx_word' id='word_1_285' title='bbox 832 3359 889 3395; x_wconf 81' lang='grc' dir='ltr'><strong><em>τε</em></strong></span> <span class='ocrx_word' id='word_1_286' title='bbox 963 3344 1235 3415; x_wconf 82' lang='grc' dir='ltr'>θεραπείαν</span> <span class='ocrx_word' id='word_1_287' title='bbox 1291 3346 1381 3395; x_wconf 85' lang='grc' dir='ltr'>καὶ</span> <span class='ocrx_word' id='word_1_288' title='bbox 1436 3347 1680 3396; x_wconf 88' lang='grc' dir='ltr'>συνοίκου</span> <span class='ocrx_word' id='word_1_289' title='bbox 1729 3344 1936 3416; x_wconf 85' lang='grc' dir='ltr'>ὁμιλίαν</span> 
     </span>
    </p>
   </div>
   <div class='ocr_carea' id='block_1_40' title="bbox 317 3425 1937 3507">
    <p class='ocr_par' dir='ltr' id='par_1_40' title="bbox 317 3425 1937 3507">
     <span class='ocr_line' id='line_1_41' title="bbox 317 3425 1937 3507; baseline -0.001 -21"><span class='ocrx_word' id='word_1_290' title='bbox 317 3432 733 3507; x_wconf 76' lang='grc' dir='ltr'>ἀπαρνούμενος.</span> <span class='ocrx_word' id='word_1_291' title='bbox 764 3428 919 3493; x_wconf 84' lang='grc' dir='ltr'>’Ὁλος</span> <span class='ocrx_word' id='word_1_292' title='bbox 968 3425 1027 3483; x_wconf 67' lang='grc' dir='ltr'><strong><em>δὲ</em></strong></span> <span class='ocrx_word' id='word_1_293' title='bbox 1077 3433 1192 3497; x_wconf 76' lang='grc'>(42)</span> <span class='ocrx_word' id='word_1_294' title='bbox 1222 3432 1526 3506; x_wconf 77' lang='grc' dir='ltr'>μετάρσιος,</span> <span class='ocrx_word' id='word_1_295' title='bbox 1582 3432 1756 3507; x_wconf 74' lang='grc' dir='ltr'>ὥσπερ</span> <span class='ocrx_word' id='word_1_296' title='bbox 1800 3431 1937 3495; x_wconf 84' lang='grc' dir='ltr'>ξένος</span> 
     </span>
    </p>
   </div>
   <div class='ocr_carea' id='block_1_41' title="bbox 315 3517 1935 3596">
    <p class='ocr_par' dir='ltr' id='par_1_41' title="bbox 315 3517 1935 3596">
     <span class='ocr_line' id='line_1_42' title="bbox 315 3517 1935 3596; baseline -0.001 -21"><span class='ocrx_word' id='word_1_297' title='bbox 315 3527 410 3577; x_wconf 82' lang='grc' dir='ltr'><strong><em>καὶ</em></strong></span> <span class='ocrx_word' id='word_1_298' title='bbox 440 3521 666 3590; x_wconf 79' lang='grc' dir='ltr'>ἀλήτης,</span> <span class='ocrx_word' id='word_1_299' title='bbox 723 3517 918 3594; x_wconf 72' lang='grc' dir='ltr'>ἀγρούς</span> <span class='ocrx_word' id='word_1_300' title='bbox 968 3524 1060 3572; x_wconf 86' lang='grc' dir='ltr'>καὶ</span> <span class='ocrx_word' id='word_1_301' title='bbox 1104 3519 1277 3583; x_wconf 80' lang='grc' dir='ltr'>πόλεις</span> <span class='ocrx_word' id='word_1_302' title='bbox 1329 3518 1628 3594; x_wconf 74' lang='grc' dir='ltr'>ἐξαμείϐων,</span> <span class='ocrx_word' id='word_1_303' title='bbox 1670 3518 1935 3596; x_wconf 73' lang='grc' dir='ltr'>κατέδρα-</span> 
     </span>
    </p>
   </div>
   <div class='ocr_carea' id='block_1_42' title="bbox 315 3607 1934 3687">
    <p class='ocr_par' dir='ltr' id='par_1_42' title="bbox 315 3607 1934 3687">
     <span class='ocr_line' id='line_1_43' title="bbox 315 3607 1934 3687; baseline -0.002 -21"><span class='ocrx_word' id='word_1_304' title='bbox 315 3632 409 3687; x_wconf 83' lang='grc' dir='ltr'><strong><em>μες</em></strong></span> <span class='ocrx_word' id='word_1_305' title='bbox 478 3610 566 3665; x_wconf 74' lang='grc' dir='ltr'><strong><em>ἐπὶ</em></strong></span> <span class='ocrx_word' id='word_1_306' title='bbox 612 3612 681 3663; x_wconf 83' lang='grc' dir='ltr'><strong><em>τὰ</em></strong></span> <span class='ocrx_word' id='word_1_307' title='bbox 715 3607 1071 3684; x_wconf 80' lang='grc' dir='ltr'>Ἰεροσόλυμα,</span> <span class='ocrx_word' id='word_1_308' title='bbox 1125 3611 1247 3663; x_wconf 83' lang='grc' dir='ltr'>ἔνθα</span> <span class='ocrx_word' id='word_1_309' title='bbox 1287 3629 1373 3662; x_wconf 90' lang='grc' dir='ltr'><strong><em>σοι</em></strong></span> <span class='ocrx_word' id='word_1_310' title='bbox 1430 3615 1521 3663; x_wconf 85' lang='grc' dir='ltr'><strong><em>καὶ</em></strong></span> <span class='ocrx_word' id='word_1_311' title='bbox 1583 3610 1740 3673; x_wconf 75' lang='grc' dir='ltr'>αὐτὸς</span> <span class='ocrx_word' id='word_1_312' title='bbox 1807 3631 1934 3664; x_wconf 88' lang='grc' dir='ltr'>συν-</span> 
     </span>
    </p>
   </div>
   <div class='ocr_carea' id='block_1_43' title="bbox 319 3697 1937 3778">
    <p class='ocr_par' dir='ltr' id='par_1_43' title="bbox 319 3697 1937 3778">
     <span class='ocr_line' id='line_1_44' title="bbox 319 3697 1937 3778; baseline -0.001 -22"><span class='ocrx_word' id='word_1_313' title='bbox 319 3700 617 3778; x_wconf 80' lang='grc' dir='ltr'>διατρίϐων</span> <span class='ocrx_word' id='word_1_314' title='bbox 695 3698 1011 3773; x_wconf 79' lang='grc' dir='ltr'>ἐμακάριζον</span> <span class='ocrx_word' id='word_1_315' title='bbox 1086 3707 1185 3751; x_wconf 88' lang='grc' dir='ltr'><strong><em>τῶν</em></strong></span> <span class='ocrx_word' id='word_1_316' title='bbox 1251 3697 1544 3757; x_wconf 78' lang='grc' dir='ltr'>ἀθλητικῶν</span> <span class='ocrx_word' id='word_1_317' title='bbox 1598 3704 1784 3768; x_wconf 89' lang='grc' dir='ltr'>πόνων,</span> <span class='ocrx_word' id='word_1_318' title='bbox 1853 3703 1937 3754; x_wconf 79' lang='grc' dir='ltr'>ὅτε</span> 
     </span>
    </p>
   </div>
   <div class='ocr_carea' id='block_1_44' title="bbox 317 3785 1936 3865">
    <p class='ocr_par' dir='ltr' id='par_1_44' title="bbox 317 3785 1936 3865">
     <span class='ocr_line' id='line_1_45' title="bbox 317 3785 1936 3865; baseline -0.002 -19"><span class='ocrx_word' id='word_1_319' title='bbox 317 3789 702 3865; x_wconf 75' lang='grc' dir='ltr'>ἑϐδοματικοῖς</span> <span class='ocrx_word' id='word_1_320' title='bbox 750 3789 962 3851; x_wconf 88' lang='grc' dir='ltr'>κύκλοις</span> <span class='ocrx_word' id='word_1_321' title='bbox 1020 3796 1204 3852; x_wconf 82' lang='grc' dir='ltr'>νῆστις</span> <span class='ocrx_word' id='word_1_322' title='bbox 1280 3785 1529 3842; x_wconf 74' lang='grc' dir='ltr'>διατελῶν</span> <span class='ocrx_word' id='word_1_323' title='bbox 1604 3797 1719 3861; x_wconf 83' lang='grc' dir='ltr'><strong><em>Θεῷ</em></strong></span> <span class='ocrx_word' id='word_1_324' title='bbox 1775 3810 1936 3864; x_wconf 89' lang='grc' dir='ltr'>προσ-</span> 
     </span>
    </p>
   </div>
   <div class='ocr_carea' id='block_1_45' title="bbox 319 3880 1938 3955">
    <p class='ocr_par' dir='ltr' id='par_1_45' title="bbox 319 3880 1938 3955">
     <span class='ocr_line' id='line_1_46' title="bbox 319 3880 1938 3955; baseline -0.002 -19"><span class='ocrx_word' id='word_1_325' title='bbox 319 3882 674 3955; x_wconf 76' lang='grc' dir='ltr'>εφιλοσόφεις,</span> <span class='ocrx_word' id='word_1_326' title='bbox 723 3880 852 3951; x_wconf 79' lang='grc' dir='ltr'>ὁμοῦ</span> <span class='ocrx_word' id='word_1_327' title='bbox 906 3882 996 3931; x_wconf 86' lang='grc' dir='ltr'>καὶ</span> <span class='ocrx_word' id='word_1_328' title='bbox 1042 3880 1135 3941; x_wconf 82' lang='grc' dir='ltr'><strong><em>τὰς</em></strong></span> <span class='ocrx_word' id='word_1_329' title='bbox 1164 3886 1264 3930; x_wconf 89' lang='grc' dir='ltr'><strong><em>τῶν</em></strong></span> <span class='ocrx_word' id='word_1_330' title='bbox 1312 3880 1595 3952; x_wconf 81' lang='grc' dir='ltr'>ἀνθρώπων</span> <span class='ocrx_word' id='word_1_331' title='bbox 1650 3885 1938 3951; x_wconf 81' lang='grc' dir='ltr'>συντυχίας</span> 
     </span>
    </p>
   </div>
   <div class='ocr_carea' id='block_1_46' title="bbox 318 3964 1936 4046">
    <p class='ocr_par' dir='ltr' id='par_1_46' title="bbox 318 3964 1936 4046">
     <span class='ocr_line' id='line_1_47' title="bbox 318 3964 1936 4046; baseline -0.002 -22"><span class='ocrx_word' id='word_1_332' title='bbox 318 3971 466 4044; x_wconf 70' lang='grc' dir='ltr'>λόγῳ</span> <span class='ocrx_word' id='word_1_333' title='bbox 504 3977 708 4046; x_wconf 79' lang='grc' dir='ltr'>τροπῆς</span> <span class='ocrx_word' id='word_1_334' title='bbox 763 3969 1084 4041; x_wconf 70' lang='grc' dir='ltr'>ὑποφεύγων,</span> <span class='ocrx_word' id='word_1_335' title='bbox 1134 3969 1375 4040; x_wconf 86' lang='grc' dir='ltr'>ἡσυχίαν</span> <span class='ocrx_word' id='word_1_336' title='bbox 1431 3964 1490 4021; x_wconf 71' lang='grc' dir='ltr'><strong><em>δὲ</em></strong></span> <span class='ocrx_word' id='word_1_337' title='bbox 1546 3973 1635 4021; x_wconf 84' lang='grc' dir='ltr'>καὶ</span> <span class='ocrx_word' id='word_1_338' title='bbox 1681 3989 1936 4043; x_wconf 82' lang='grc' dir='ltr'>μονότρο-</span> 
     </span>
    </p>
   </div>
   <div class='ocr_carea' id='block_1_47' title="bbox 324 4056 1938 4134">
    <p class='ocr_par' dir='ltr' id='par_1_47' title="bbox 324 4056 1938 4134">
     <span class='ocr_line' id='line_1_48' title="bbox 324 4056 1938 4134; baseline -0.002 -20"><span class='ocrx_word' id='word_1_339' title='bbox 324 4067 456 4114; x_wconf 85' lang='grc' dir='ltr'>πίαν</span> <span class='ocrx_word' id='word_1_340' title='bbox 509 4059 674 4131; x_wconf 77' lang='grc' dir='ltr'>ἑαυτῷ</span> <span class='ocrx_word' id='word_1_341' title='bbox 746 4056 1047 4133; x_wconf 76' lang='grc' dir='ltr'>ἱφαρμόσας</span> <span class='ocrx_word' id='word_1_342' title='bbox 1109 4060 1232 4120; x_wconf 78' lang='grc' dir='ltr'>τοὺς</span> <span class='ocrx_word' id='word_1_343' title='bbox 1307 4057 1610 4121; x_wconf 81' lang='grc' dir='ltr'>πολιτικοὺς</span> <span class='ocrx_word' id='word_1_344' title='bbox 1686 4058 1938 4134; x_wconf 86' lang='grc' dir='ltr'>θορύϐους</span> 
     </span>
    </p>
   </div>
   <div class='ocr_carea' id='block_1_48' title="bbox 332 4144 1937 4221">
    <p class='ocr_par' dir='ltr' id='par_1_48' title="bbox 332 4144 1937 4221">
     <span class='ocr_line' id='line_1_49' title="bbox 332 4144 1937 4221; baseline -0.001 -18"><span class='ocrx_word' id='word_1_345' title='bbox 332 4149 593 4213; x_wconf 78' lang='grc' dir='ltr'>ἑξέκλινας</span> <span class='ocrx_word' id='word_1_346' title='bbox 620 4151 759 4221; x_wconf 78' lang='grc'><strong><em>(43).</em></strong></span> <span class='ocrx_word' id='word_1_347' title='bbox 813 4150 994 4220; x_wconf 83' lang='grc' dir='ltr'>Σάκκῳ</span> <span class='ocrx_word' id='word_1_348' title='bbox 1035 4144 1095 4200; x_wconf 70' lang='grc' dir='ltr'><strong><em>δὲ</em></strong></span> <span class='ocrx_word' id='word_1_349' title='bbox 1123 4154 1318 4221; x_wconf 86' lang='grc' dir='ltr'>τραχεῖ</span> <span class='ocrx_word' id='word_1_350' title='bbox 1366 4168 1425 4200; x_wconf 88' lang='grc' dir='ltr'><strong><em>το</em></strong></span> <span class='ocrx_word' id='word_1_351' title='bbox 1487 4150 1639 4221; x_wconf 88' lang='grc' dir='ltr'>σῶμά</span> <span class='ocrx_word' id='word_1_352' title='bbox 1680 4168 1774 4202; x_wconf 90' lang='grc' dir='ltr'><strong><em>σου</em></strong></span> <span class='ocrx_word' id='word_1_353' title='bbox 1816 4146 1850 4203; x_wconf 78' lang='grc' dir='ltr'><em>δ</em></span> <span class='ocrx_word' id='word_1_354' title='bbox 1857 4170 1937 4202; x_wconf 88' lang='grc' dir='ltr'>ια-</span> 
     </span>
    </p>
   </div>
   <div class='ocr_carea' id='block_1_49' title="bbox 326 4236 1926 4315">
    <p class='ocr_par' dir='ltr' id='par_1_49' title="bbox 326 4236 1926 4315">
     <span class='ocr_line' id='line_1_50' title="bbox 326 4236 1926 4315; baseline -0.001 -22"><span class='ocrx_word' id='word_1_355' title='bbox 326 4242 547 4307; x_wconf 80' lang='grc' dir='ltr'>νύττων,</span> <span class='ocrx_word' id='word_1_356' title='bbox 596 4243 687 4291; x_wconf 83' lang='grc' dir='ltr'>καὶ</span> <span class='ocrx_word' id='word_1_357' title='bbox 729 4241 863 4311; x_wconf 80' lang='grc' dir='ltr'>ζώνη</span> <span class='ocrx_word' id='word_1_358' title='bbox 908 4236 1112 4311; x_wconf 69' lang='grc' dir='ltr'>σκληρᾷ</span> <span class='ocrx_word' id='word_1_359' title='bbox 1157 4241 1252 4296; x_wconf 78' lang='grc' dir='ltr'>τὴν</span> <span class='ocrx_word' id='word_1_360' title='bbox 1306 4237 1469 4310; x_wconf 88' lang='grc' dir='ltr'>ὀσφύν</span> <span class='ocrx_word' id='word_1_361' title='bbox 1525 4257 1619 4291; x_wconf 90' lang='grc' dir='ltr'><strong><em>σου</em></strong></span> <span class='ocrx_word' id='word_1_362' title='bbox 1664 4244 1926 4315; x_wconf 75' lang='grc' dir='ltr'>περισφίγ</span> 
     </span>
    </p>
   </div>
   <div class='ocr_carea' id='block_1_50' title="bbox 317 4323 1942 4405">
    <p class='ocr_par' dir='ltr' id='par_1_50' title="bbox 317 4323 1942 4405">
     <span class='ocr_line' id='line_1_51' title="bbox 317 4323 1942 4405; baseline 0 -22"><span class='ocrx_word' id='word_1_363' title='bbox 317 4352 455 4405; x_wconf 68' lang='grc' dir='ltr'>γων,</span> <span class='ocrx_word' id='word_1_364' title='bbox 489 4335 812 4404; x_wconf 85' lang='grc' dir='ltr'>καρτερικῶς</span> <span class='ocrx_word' id='word_1_365' title='bbox 840 4329 907 4380; x_wconf 85' lang='grc' dir='ltr'>τὰ</span> <span class='ocrx_word' id='word_1_366' title='bbox 958 4326 1092 4380; x_wconf 82' lang='grc' dir='ltr'><strong><em>ὀστᾶ</em></strong></span> <span class='ocrx_word' id='word_1_367' title='bbox 1139 4346 1235 4379; x_wconf 88' lang='grc' dir='ltr'><strong><em>σου</em></strong></span> <span class='ocrx_word' id='word_1_368' title='bbox 1288 4323 1567 4389; x_wconf 81' lang='grc' dir='ltr'>διέθλιϐες.</span> <span class='ocrx_word' id='word_1_369' title='bbox 1595 4332 1829 4401; x_wconf 76' lang='grc' dir='ltr'>Λαγόνας</span> <span class='ocrx_word' id='word_1_370' title='bbox 1882 4327 1942 4383; x_wconf 73' lang='grc' dir='ltr'><strong><em>δὲ</em></strong></span> 
     </span>
    </p>
   </div>
   <div class='ocr_carea' id='block_1_51' title="bbox 320 4415 1941 4493">
    <p class='ocr_par' dir='ltr' id='par_1_51' title="bbox 320 4415 1941 4493">
     <span class='ocr_line' id='line_1_52' title="bbox 320 4415 1941 4493; baseline -0.001 -19"><span class='ocrx_word' id='word_1_371' title='bbox 320 4428 438 4482; x_wconf 87' lang='grc' dir='ltr'>ταῖς</span> <span class='ocrx_word' id='word_1_372' title='bbox 480 4415 707 4480; x_wconf 76' lang='grc' dir='ltr'>ἐνδείαις</span> <span class='ocrx_word' id='word_1_373' title='bbox 763 4415 1035 4470; x_wconf 84' lang='grc' dir='ltr'>κοιλαίνων</span> <span class='ocrx_word' id='word_1_374' title='bbox 1092 4420 1258 4493; x_wconf 86' lang='grc' dir='ltr'>μέχρι</span> <span class='ocrx_word' id='word_1_375' title='bbox 1312 4424 1414 4470; x_wconf 83' lang='grc' dir='ltr'><strong><em>τῶν</em></strong></span> <span class='ocrx_word' id='word_1_376' title='bbox 1471 4422 1727 4470; x_wconf 89' lang='grc' dir='ltr'>νωτιαίων</span> <span class='ocrx_word' id='word_1_377' title='bbox 1773 4428 1941 4493; x_wconf 85' lang='grc' dir='ltr'>μερῶν</span> 
     </span>
    </p>
   </div>
   <div class='ocr_carea' id='block_1_52' title="bbox 324 4505 1942 4585">
    <p class='ocr_par' dir='ltr' id='par_1_52' title="bbox 324 4505 1942 4585">
     <span class='ocr_line' id='line_1_53' title="bbox 324 4505 1942 4585; baseline 0.011 -28"><span class='ocrx_word' id='word_1_378' title='bbox 324 4511 758 4584; x_wconf 75' lang='grc' dir='ltr'>ὑπεχαύνωσας’</span> <span class='ocrx_word' id='word_1_379' title='bbox 792 4511 882 4559; x_wconf 87' lang='grc' dir='ltr'>καὶ</span> <span class='ocrx_word' id='word_1_380' title='bbox 926 4511 1154 4579; x_wconf 83' lang='grc' dir='ltr'>φασκίας</span> <span class='ocrx_word' id='word_1_381' title='bbox 1193 4510 1284 4580; x_wconf 72' lang='grc' dir='ltr'>μὲν</span> <span class='ocrx_word' id='word_1_382' title='bbox 1342 4505 1542 4568; x_wconf 82' lang='grc' dir='ltr'>ἁπαλῆς</span> <span class='ocrx_word' id='word_1_383' title='bbox 1592 4512 1686 4567; x_wconf 67' lang='grc' dir='ltr'><strong><em>τὴν</em></strong></span> <span class='ocrx_word' id='word_1_384' title='bbox 1738 4517 1942 4585; x_wconf 81' lang='grc' dir='ltr'>χρῆσιν</span> 
     </span>
    </p>
   </div>
   <div class='ocr_carea' id='block_1_53' title="bbox 331 4592 1943 4675">
    <p class='ocr_par' dir='ltr' id='par_1_53' title="bbox 331 4592 1943 4675">
     <span class='ocr_line' id='line_1_54' title="bbox 331 4592 1943 4675; baseline -0.005 -24"><span class='ocrx_word' id='word_1_385' title='bbox 331 4597 651 4675; x_wconf 78' lang='grc' dir='ltr'>ἀπηρνήσω,</span> <span class='ocrx_word' id='word_1_386' title='bbox 692 4593 897 4650; x_wconf 79' lang='grc' dir='ltr'>ἔνδοθεν</span> <span class='ocrx_word' id='word_1_387' title='bbox 929 4592 989 4650; x_wconf 73' lang='grc' dir='ltr'><strong><em>δὲ</em></strong></span> <span class='ocrx_word' id='word_1_388' title='bbox 1035 4599 1127 4658; x_wconf 78' lang='grc' dir='ltr'><strong><em>τὰς</em></strong></span> <span class='ocrx_word' id='word_1_389' title='bbox 1161 4595 1418 4671; x_wconf 86' lang='grc' dir='ltr'>λαπάρας,</span> <span class='ocrx_word' id='word_1_390' title='bbox 1475 4599 1665 4659; x_wconf 87' lang='grc' dir='ltr'>σικύας</span> <span class='ocrx_word' id='word_1_391' title='bbox 1856 4595 1943 4652; x_wconf 77' lang='grc' dir='ltr'><strong><em>δί-</em></strong></span> 
     </span>
    </p>
   </div>
   <div class='ocr_carea' id='block_1_54' title="bbox 329 4686 1942 4763">
    <p class='ocr_par' dir='ltr' id='par_1_54' title="bbox 329 4686 1942 4763">
     <span class='ocr_line' id='line_1_55' title="bbox 329 4686 1942 4763; baseline 0.001 -23"><span class='ocrx_word' id='word_1_392' title='bbox 329 4709 425 4748; x_wconf 84' lang='grc' dir='ltr'><strong><em>κην</em></strong></span> <span class='ocrx_word' id='word_1_393' title='bbox 468 4686 790 4761; x_wconf 78' lang='grc' dir='ltr'>ὑφελκύσας,</span> <span class='ocrx_word' id='word_1_394' title='bbox 845 4693 951 4747; x_wconf 89' lang='grc' dir='ltr'>τοῖς</span> <span class='ocrx_word' id='word_1_395' title='bbox 1004 4692 1319 4762; x_wconf 81' lang='grc' dir='ltr'>νεφριτικοίς</span> <span class='ocrx_word' id='word_1_396' title='bbox 1356 4691 1577 4761; x_wconf 85' lang='grc' dir='ltr'>χωρίοις</span> <span class='ocrx_word' id='word_1_397' title='bbox 1611 4687 1942 4763; x_wconf 86' lang='grc' dir='ltr'>προσκολλᾶ-</span> 
     </span>
    </p>
   </div>
   <div class='ocr_carea' id='block_1_55' title="bbox 328 4771 1947 4852">
    <p class='ocr_par' dir='ltr' id='par_1_55' title="bbox 328 4771 1947 4852">
     <span class='ocr_line' id='line_1_56' title="bbox 328 4771 1947 4852; baseline -0.001 -20"><span class='ocrx_word' id='word_1_398' title='bbox 328 4780 460 4834; x_wconf 86' lang='grc' dir='ltr'>σθαι</span> <span class='ocrx_word' id='word_1_399' title='bbox 506 4775 734 4851; x_wconf 60' lang='grc' dir='ltr'>έϐιάζου</span> <span class='ocrx_word' id='word_1_400' title='bbox 760 4792 773 4806; x_wconf 85' lang='lat'><strong><em>&#39;</em></strong></span> <span class='ocrx_word' id='word_1_401' title='bbox 832 4774 953 4834; x_wconf 86' lang='grc' dir='ltr'>ὅλην</span> <span class='ocrx_word' id='word_1_402' title='bbox 1007 4771 1067 4829; x_wconf 75' lang='grc' dir='ltr'><strong><em>δὶ</em></strong></span> <span class='ocrx_word' id='word_1_403' title='bbox 1105 4779 1201 4835; x_wconf 82' lang='grc' dir='ltr'>τὴν</span> <span class='ocrx_word' id='word_1_404' title='bbox 1258 4771 1351 4837; x_wconf 73' lang='grc' dir='ltr'>τῆς</span> <span class='ocrx_word' id='word_1_405' title='bbox 1384 4780 1579 4852; x_wconf 85' lang='grc' dir='ltr'>σαρκός</span> <span class='ocrx_word' id='word_1_406' title='bbox 1616 4777 1837 4851; x_wconf 80' lang='grc' dir='ltr'>πιμελὴν</span> <span class='ocrx_word' id='word_1_407' title='bbox 1868 4775 1947 4831; x_wconf 74' lang='grc' dir='ltr'><strong><em>ἐκ·</em></strong></span> 
     </span>
    </p>
   </div>
   <div class='ocr_carea' id='block_1_56' title="bbox 418 4937 1944 5016">
    <p class='ocr_par' dir='ltr' id='par_1_56' title="bbox 418 4937 1944 5016">
     <span class='ocr_line' id='line_1_57' title="bbox 418 4937 1944 5016; baseline -0.001 -19"><span class='ocrx_word' id='word_1_408' title='bbox 418 4945 522 5016; x_wconf 72' lang='grc'><strong><em>37)</em></strong></span> <span class='ocrx_word' id='word_1_409' title='bbox 552 4940 992 5013; x_wconf 81' lang='grc' dir='ltr'>Μισανθρωπίας.</span> <span class='ocrx_word' id='word_1_410' title='bbox 1046 4937 1228 4996; x_wconf 84' lang='lat' dir='ltr'><strong><em>Coisl.</em></strong></span> <span class='ocrx_word' id='word_1_411' title='bbox 1287 4937 1522 5011; x_wconf 80' lang='lat' dir='ltr'><strong><em>primus</em></strong></span> <span class='ocrx_word' id='word_1_412' title='bbox 1571 4937 1944 5016; x_wconf 72' lang='grc' dir='ltr'>μισαδελφίας,</span> 
     </span>
    </p>
   </div>
   <div class='ocr_carea' id='block_1_57' title="bbox 408 5013 782 5082">
    <p class='ocr_par' dir='ltr' id='par_1_57' title="bbox 408 5013 782 5082">
     <span class='ocr_line' id='line_1_58' title="bbox 408 5013 782 5082; baseline -0.013 -12"><span class='ocrx_word' id='word_1_413' title='bbox 408 5013 458 5070; x_wconf 88' lang='lat' dir='ltr'><strong><em>ii</em></strong></span> <span class='ocrx_word' id='word_1_414' title='bbox 482 5013 782 5082; x_wconf 85' lang='lat' dir='ltr'><strong><em>fratrum.</em></strong></span> 
     </span>
    </p>
   </div>
   <div class='ocr_carea' id='block_1_58' title="bbox 392 5081 1951 5158">
    <p class='ocr_par' dir='ltr' id='par_1_58' title="bbox 392 5081 1951 5158">
     <span class='ocr_line' id='line_1_59' title="bbox 392 5081 1951 5158; baseline 0.005 -23"><span class='ocrx_word' id='word_1_415' title='bbox 392 5081 523 5158; x_wconf 82' lang='lat'><strong><em>(38)</em></strong></span> <span class='ocrx_word' id='word_1_416' title='bbox 552 5082 1204 5158; x_wconf 53' lang='lat' dir='ltr'><strong><em>Mirm-tenor._0ua_tuor</em></strong></span> <span class='ocrx_word' id='word_1_417' title='bbox 1229 5098 1382 5158; x_wconf 82' lang='lat' dir='ltr'><strong><em>mss.</em></strong></span> <span class='ocrx_word' id='word_1_418' title='bbox 1400 5081 1677 5158; x_wconf 80' lang='lat' dir='ltr'><strong><em>codices,</em></strong></span> <span class='ocrx_word' id='word_1_419' title='bbox 1700 5099 1825 5141; x_wconf 92' lang='lat' dir='ltr'><strong><em>non</em></strong></span> <span class='ocrx_word' id='word_1_420' title='bbox 1862 5090 1951 5143; x_wconf 88' lang='lat' dir='ltr'><strong><em>ta-</em></strong></span> 
     </span>
    </p>
   </div>
   <div class='ocr_carea' id='block_1_59' title="bbox 325 5150 1951 5227">
    <p class='ocr_par' dir='ltr' id='par_1_59' title="bbox 325 5150 1951 5227">
     <span class='ocr_line' id='line_1_60' title="bbox 325 5150 1951 5227; baseline -0.009 -11"><span class='ocrx_word' id='word_1_421' title='bbox 325 5150 473 5216; x_wconf 79' lang='lat' dir='ltr'><strong><em>men</em></strong></span> <span class='ocrx_word' id='word_1_422' title='bbox 494 5150 955 5227; x_wconf 59' lang='lat' dir='ltr'><strong><em>antiquissimi,</em></strong></span> <span class='ocrx_word' id='word_1_423' title='bbox 983 5152 1210 5227; x_wconf 73' lang='lat' dir='ltr'><strong><em>babent</em></strong></span> <span class='ocrx_word' id='word_1_424' title='bbox 1240 5150 1536 5212; x_wconf 76' lang='grc' dir='ltr'>διατίθησι.</span> <span class='ocrx_word' id='word_1_425' title='bbox 1578 5150 1750 5213; x_wconf 82' lang='lat' dir='ltr'><strong><em>Miror</em></strong></span> <span class='ocrx_word' id='word_1_426' title='bbox 1779 5158 1951 5215; x_wconf 89' lang='lat' dir='ltr'><strong><em>Com.</em></strong></span> 
     </span>
    </p>
   </div>
   <div class='ocr_carea' id='block_1_60' title="bbox 326 5220 1274 5298">
    <p class='ocr_par' dir='ltr' id='par_1_60' title="bbox 326 5220 1274 5298">
     <span class='ocr_line' id='line_1_61' title="bbox 326 5220 1274 5298; baseline -0.011 -11"><span class='ocrx_word' id='word_1_427' title='bbox 326 5227 615 5288; x_wconf 89' lang='lat' dir='ltr'><strong><em>beﬁsium</em></strong></span> <span class='ocrx_word' id='word_1_428' title='bbox 647 5220 767 5295; x_wconf 76' lang='lat' dir='ltr'><strong><em>legi</em></strong></span> <span class='ocrx_word' id='word_1_429' title='bbox 793 5225 943 5281; x_wconf 84' lang='lat' dir='ltr'><strong><em>velle</em></strong></span> <span class='ocrx_word' id='word_1_430' title='bbox 973 5220 1274 5298; x_wconf 79' lang='grc' dir='ltr'>διατίθημι.</span> 
     </span>
    </p>
   </div>
   <div class='ocr_carea' id='block_1_61' title="bbox 400 5296 1953 5373">
    <p class='ocr_par' dir='ltr' id='par_1_61' title="bbox 400 5296 1953 5373">
     <span class='ocr_line' id='line_1_62' title="bbox 400 5296 1953 5373; baseline 0 -16"><span class='ocrx_word' id='word_1_431' title='bbox 400 5302 516 5373; x_wconf 85' lang='lat'><strong><em>(39)</em></strong></span> <span class='ocrx_word' id='word_1_432' title='bbox 552 5300 669 5373; x_wconf 41' lang='lat' dir='ltr'><strong><em>{En-fc</em></strong></span> <span class='ocrx_word' id='word_1_433' title='bbox 695 5302 783 5352; x_wconf 83' lang='grc' dir='ltr'>σοὶ</span> <span class='ocrx_word' id='word_1_434' title='bbox 813 5300 1139 5373; x_wconf 51' lang='grc' dir='ltr'>κεχυμὶνηςε</span> <span class='ocrx_word' id='word_1_435' title='bbox 1165 5296 1291 5353; x_wconf 86' lang='lat' dir='ltr'><strong><em>Duo</em></strong></span> <span class='ocrx_word' id='word_1_436' title='bbox 1321 5296 1562 5373; x_wconf 68' lang='lat' dir='ltr'><strong><em>godices</em></strong></span> <span class='ocrx_word' id='word_1_437' title='bbox 1594 5314 1705 5371; x_wconf 90' lang='lat' dir='ltr'><strong><em>pro</em></strong></span> <span class='ocrx_word' id='word_1_438' title='bbox 1734 5298 1828 5373; x_wconf 88' lang='lat' dir='ltr'><strong><em>his</em></strong></span> <span class='ocrx_word' id='word_1_439' title='bbox 1850 5317 1953 5358; x_wconf 85' lang='lat' dir='ltr'><strong><em>vo-</em></strong></span> 
     </span>
    </p>
   </div>
   <div class='ocr_carea' id='block_1_62' title="bbox 327 5367 1953 5445">
    <p class='ocr_par' dir='ltr' id='par_1_62' title="bbox 327 5367 1953 5445">
     <span class='ocr_line' id='line_1_63' title="bbox 327 5367 1953 5445; baseline -0.001 -15"><span class='ocrx_word' id='word_1_440' title='bbox 327 5367 507 5445; x_wconf 73' lang='lat' dir='ltr'><strong><em>cibus</em></strong></span> <span class='ocrx_word' id='word_1_441' title='bbox 558 5371 806 5445; x_wconf 67' lang='lat' dir='ltr'><strong><em>habent</em></strong></span> <span class='ocrx_word' id='word_1_442' title='bbox 848 5367 1256 5445; x_wconf 57' lang='grc' dir='ltr'>ἐπικεχυμένης.</span> <span class='ocrx_word' id='word_1_443' title='bbox 1312 5369 1570 5425; x_wconf 88' lang='lat' dir='ltr'><strong><em>Colbert.</em></strong></span> <span class='ocrx_word' id='word_1_444' title='bbox 1595 5367 1679 5426; x_wconf 57' lang='lat' dir='ltr'><strong><em>&#39;et</em></strong></span> <span class='ocrx_word' id='word_1_445' title='bbox 1717 5372 1953 5445; x_wconf 88' lang='lat' dir='ltr'><strong><em>primus</em></strong></span> 
     </span>
    </p>
   </div>
   <div class='ocr_carea' id='block_1_63' title="bbox 332 5439 1133 5511">
    <p class='ocr_par' dir='ltr' id='par_1_63' title="bbox 332 5439 1133 5511">
     <span class='ocr_line' id='line_1_64' title="bbox 332 5439 1133 5511; baseline -0.014 -9"><span class='ocrx_word' id='word_1_446' title='bbox 332 5443 743 5502; x_wconf 83' lang='lat' dir='ltr'><strong><em>Coislinianus</em></strong></span> <span class='ocrx_word' id='word_1_447' title='bbox 783 5439 1133 5511; x_wconf 74' lang='grc' dir='ltr'>ἐπικειμένης.</span> 
     </span>
    </p>
   </div>
   <div class='ocr_carea' id='block_1_64' title="bbox 402 5510 1959 5590">
    <p class='ocr_par' dir='ltr' id='par_1_64' title="bbox 402 5510 1959 5590">
     <span class='ocr_line' id='line_1_65' title="bbox 402 5510 1959 5590; baseline -0.005 -17"><span class='ocrx_word' id='word_1_448' title='bbox 402 5519 509 5590; x_wconf 79' lang='grc'><strong><em>(40)</em></strong></span> <span class='ocrx_word' id='word_1_449' title='bbox 538 5516 663 5571; x_wconf 84' lang='grc' dir='ltr'>Ὀτε</span> <span class='ocrx_word' id='word_1_450' title='bbox 718 5533 809 5590; x_wconf 71' lang='grc' dir='ltr'>σε.</span> <span class='ocrx_word' id='word_1_451' title='bbox 870 5510 1141 5590; x_wconf 29' lang='lat' dir='ltr'><strong><em>Codices.</em></strong></span> <span class='ocrx_word' id='word_1_452' title='bbox 1171 5527 1300 5590; x_wconf 77' lang='lat' dir='ltr'><strong><em>non</em></strong></span> <span class='ocrx_word' id='word_1_453' title='bbox 1327 5511 1630 5590; x_wconf 5' lang='lat' dir='ltr'><strong><em>paueigérs</em></strong></span> <span class='ocrx_word' id='word_1_454' title='bbox 1662 5533 1767 5590; x_wconf 69' lang='grc' dir='ltr'>σοι,</span> <span class='ocrx_word' id='word_1_455' title='bbox 1799 5531 1959 5572; x_wconf 84' lang='lat' dir='ltr'><strong><em>unus</em></strong></span> 
     </span>
    </p>
   </div>
   <div class='ocr_carea' id='block_1_65' title="bbox 338 5582 1956 5659">
    <p class='ocr_par' dir='ltr' id='par_1_65' title="bbox 338 5582 1956 5659">
     <span class='ocr_line' id='line_1_66' title="bbox 338 5582 1956 5659; baseline -0.001 -19"><span class='ocrx_word' id='word_1_456' title='bbox 338 5582 421 5641; x_wconf 66' lang='grc' dir='ltr'>ὅτε</span> <span class='ocrx_word' id='word_1_457' title='bbox 445 5582 551 5649; x_wconf 75' lang='grc' dir='ltr'>σόν.</span> <span class='ocrx_word' id='word_1_458' title='bbox 583 5587 780 5647; x_wconf 83' lang='lat' dir='ltr'><strong><em>Paulo</em></strong></span> <span class='ocrx_word' id='word_1_459' title='bbox 823 5588 972 5659; x_wconf 89' lang='lat' dir='ltr'><strong><em>post</em></strong></span> <span class='ocrx_word' id='word_1_460' title='bbox 1005 5582 1146 5640; x_wconf 88' lang='lat' dir='ltr'><strong><em>editi</em></strong></span> <span class='ocrx_word' id='word_1_461' title='bbox 1173 5582 1407 5639; x_wconf 63' lang='grc' dir='ltr'>κολάκων</span> <span class='ocrx_word' id='word_1_462' title='bbox 1432 5585 1631 5644; x_wconf 80' lang='grc' dir='ltr'>πλήθη.</span> <span class='ocrx_word' id='word_1_463' title='bbox 1662 5587 1777 5644; x_wconf 83' lang='lat' dir='ltr'><strong><em>Sex</em></strong></span> <span class='ocrx_word' id='word_1_464' title='bbox 1808 5604 1956 5646; x_wconf 82' lang='lat' dir='ltr'><strong><em>mss.</em></strong></span> 
     </span>
    </p>
   </div>
   <div class='ocr_carea' id='block_1_66' title="bbox 341 5660 690 5726">
    <p class='ocr_par' dir='ltr' id='par_1_66' title="bbox 341 5660 690 5726">
     <span class='ocr_line' id='line_1_67' title="bbox 341 5660 690 5726; baseline -0.006 -3"><span class='ocrx_word' id='word_1_465' title='bbox 341 5663 405 5723; x_wconf 80' lang='lat' dir='ltr'><strong><em>ut</em></strong></span> <span class='ocrx_word' id='word_1_466' title='bbox 420 5660 473 5724; x_wconf 83' lang='lat' dir='ltr'><strong><em>in</em></strong></span> <span class='ocrx_word' id='word_1_467' title='bbox 503 5668 690 5726; x_wconf 82' lang='lat' dir='ltr'><strong><em>textu.</em></strong></span> 
     </span>
    </p>
   </div>
   <div class='ocr_carea' id='block_1_67' title="bbox 320 5032 355 5073">
    <p class='ocr_par' dir='ltr' id='par_1_67' title="bbox 320 5032 355 5073">
     <span class='ocr_line' id='line_1_68' title="bbox 320 5032 355 5073; baseline 0 0"><span class='ocrx_word' id='word_1_468' title='bbox 320 5032 355 5073; x_wconf 88' lang='grc' dir='ltr'><strong><em>ο</em></strong></span> 
     </span>
    </p>
   </div>
   <div class='ocr_carea' id='block_1_68' title="bbox 1969 836 2019 890">
    <p class='ocr_par' dir='ltr' id='par_1_68' title="bbox 1969 836 2019 890">
     <span class='ocr_line' id='line_1_69' title="bbox 1969 836 2019 890; baseline 0 0"><span class='ocrx_word' id='word_1_469' title='bbox 1969 836 2019 890; x_wconf 85' lang='grc' dir='ltr'><strong>Α</strong></span> 
     </span>
    </p>
   </div>
   <div class='ocr_carea' id='block_1_69' title="bbox 2489 838 3256 909">
    <p class='ocr_par' dir='ltr' id='par_1_69' title="bbox 2489 838 3256 909">
     <span class='ocr_line' id='line_1_70' title="bbox 2489 838 3256 909; baseline 0.001 -15"><span class='ocrx_word' id='word_1_470' title='bbox 2489 839 2592 894; x_wconf 85' lang='lat' dir='ltr'><strong><em>Ad</em></strong></span> <span class='ocrx_word' id='word_1_471' title='bbox 2618 838 2976 896; x_wconf 84' lang='lat' dir='ltr'><strong><em>monachum</em></strong></span> <span class='ocrx_word' id='word_1_472' title='bbox 3001 839 3256 909; x_wconf 76' lang='lat' dir='ltr'><strong><em>lapsum.</em></strong></span> 
     </span>
    </p>
   </div>
   <div class='ocr_carea' id='block_1_70' title="bbox 2121 924 3707 996">
    <p class='ocr_par' dir='ltr' id='par_1_70' title="bbox 2121 924 3707 996">
     <span class='ocr_line' id='line_1_71' title="bbox 2121 924 3707 996; baseline 0.005 -17"><span class='ocrx_word' id='word_1_473' title='bbox 2121 928 2171 981; x_wconf 79' lang='lat' dir='ltr'><strong><em>l.</em></strong></span> <span class='ocrx_word' id='word_1_474' title='bbox 2205 924 2433 996; x_wconf 80' lang='lat' dir='ltr'><strong><em>Duplex</em></strong></span> <span class='ocrx_word' id='word_1_475' title='bbox 2459 927 2640 985; x_wconf 90' lang='lat' dir='ltr'><strong><em>timor</em></strong></span> <span class='ocrx_word' id='word_1_476' title='bbox 2690 927 2871 984; x_wconf 80' lang='lat' dir='ltr'><strong><em>subiit</em></strong></span> <span class='ocrx_word' id='word_1_477' title='bbox 2926 928 3140 984; x_wconf 89' lang='lat' dir='ltr'><strong><em>mentis</em></strong></span> <span class='ocrx_word' id='word_1_478' title='bbox 3190 944 3343 986; x_wconf 64' lang='lat' dir='ltr'><strong><em>meai</em></strong></span> <span class='ocrx_word' id='word_1_479' title='bbox 3396 929 3566 985; x_wconf 89' lang='lat' dir='ltr'><strong><em>sinus</em></strong></span> <span class='ocrx_word' id='word_1_480' title='bbox 3604 933 3707 988; x_wconf 90' lang='lat' dir='ltr'><strong><em>tua</em></strong></span> 
     </span>
    </p>
   </div>
   <div class='ocr_carea' id='block_1_71' title="bbox 2044 1018 3705 1091">
    <p class='ocr_par' dir='ltr' id='par_1_71' title="bbox 2044 1018 3705 1091">
     <span class='ocr_line' id='line_1_72' title="bbox 2044 1018 3705 1091; baseline 0.005 -22"><span class='ocrx_word' id='word_1_481' title='bbox 2044 1028 2249 1071; x_wconf 89' lang='lat' dir='ltr'><strong><em>causa.</em></strong></span> <span class='ocrx_word' id='word_1_482' title='bbox 2280 1020 2395 1073; x_wconf 85' lang='lat' dir='ltr'><strong><em>Aut</em></strong></span> <span class='ocrx_word' id='word_1_483' title='bbox 2443 1018 2604 1074; x_wconf 91' lang='lat' dir='ltr'><strong><em>enim</em></strong></span> <span class='ocrx_word' id='word_1_484' title='bbox 2631 1034 3070 1091; x_wconf 64' lang='lat' dir='ltr'><strong><em>praeoccupans</em></strong></span> <span class='ocrx_word' id='word_1_485' title='bbox 3129 1036 3226 1075; x_wconf 92' lang='lat' dir='ltr'><strong><em>me</em></strong></span> <span class='ocrx_word' id='word_1_486' title='bbox 3277 1020 3705 1078; x_wconf 89' lang='lat' dir='ltr'><strong><em>immisericors</em></strong></span> 
     </span>
    </p>
   </div>
   <div class='ocr_carea' id='block_1_72' title="bbox 2042 1103 3706 1176">
    <p class='ocr_par' dir='ltr' id='par_1_72' title="bbox 2042 1103 3706 1176">
     <span class='ocr_line' id='line_1_73' title="bbox 2042 1103 3706 1176; baseline 0.005 -18"><span class='ocrx_word' id='word_1_487' title='bbox 2042 1103 2294 1176; x_wconf 89' lang='lat' dir='ltr'><strong><em>quidam</em></strong></span> <span class='ocrx_word' id='word_1_488' title='bbox 2322 1105 2508 1163; x_wconf 89' lang='lat' dir='ltr'><strong><em>animi</em></strong></span> <span class='ocrx_word' id='word_1_489' title='bbox 2526 1114 2728 1164; x_wconf 90' lang='lat' dir='ltr'><strong><em>motus</em></strong></span> <span class='ocrx_word' id='word_1_490' title='bbox 2750 1110 2812 1164; x_wconf 92' lang='lat' dir='ltr'><strong><em>in</em></strong></span> <span class='ocrx_word' id='word_1_491' title='bbox 2828 1108 3054 1164; x_wconf 88' lang='lat' dir='ltr'><strong><em>crimen</em></strong></span> <span class='ocrx_word' id='word_1_492' title='bbox 3084 1108 3543 1166; x_wconf 87' lang='lat' dir='ltr'><strong><em>inhumanitatis</em></strong></span> <span class='ocrx_word' id='word_1_493' title='bbox 3567 1126 3706 1167; x_wconf 92' lang='lat' dir='ltr'><strong><em>con-</em></strong></span> 
     </span>
    </p>
   </div>
   <div class='ocr_carea' id='block_1_73' title="bbox 2038 1192 3707 1267">
    <p class='ocr_par' dir='ltr' id='par_1_73' title="bbox 2038 1192 3707 1267">
     <span class='ocr_line' id='line_1_74' title="bbox 2038 1192 3707 1267; baseline 0.005 -20"><span class='ocrx_word' id='word_1_494' title='bbox 2038 1192 2169 1264; x_wconf 90' lang='lat' dir='ltr'><strong><em>jicit</em></strong></span> <span class='ocrx_word' id='word_1_495' title='bbox 2204 1212 2217 1250; x_wconf 94' lang='lat'><strong>:</strong></span> <span class='ocrx_word' id='word_1_496' title='bbox 2251 1198 2357 1251; x_wconf 88' lang='lat' dir='ltr'><strong><em>aut</em></strong></span> <span class='ocrx_word' id='word_1_497' title='bbox 2385 1211 2594 1252; x_wconf 83' lang='lat' dir='ltr'><strong><em>rursus</em></strong></span> <span class='ocrx_word' id='word_1_498' title='bbox 2633 1197 2904 1252; x_wconf 86' lang='lat' dir='ltr'><strong><em>misereri</em></strong></span> <span class='ocrx_word' id='word_1_499' title='bbox 2933 1197 3255 1267; x_wconf 73' lang='lat' dir='ltr'><strong><em>volentem,</em></strong></span> <span class='ocrx_word' id='word_1_500' title='bbox 3292 1198 3473 1255; x_wconf 86' lang='lat' dir='ltr'><strong><em>etiam</em></strong></span> <span class='ocrx_word' id='word_1_501' title='bbox 3514 1204 3580 1256; x_wconf 88' lang='lat' dir='ltr'><strong><em>ut</em></strong></span> <span class='ocrx_word' id='word_1_502' title='bbox 3626 1201 3707 1258; x_wconf 90' lang='lat' dir='ltr'><strong><em>ad</em></strong></span> 
     </span>
    </p>
   </div>
   <div class='ocr_carea' id='block_1_74' title="bbox 2044 1282 3776 1353">
    <p class='ocr_par' dir='ltr' id='par_1_74' title="bbox 2044 1282 3776 1353">
     <span class='ocr_line' id='line_1_75' title="bbox 2044 1282 3776 1353; baseline 0.005 -16"><span class='ocrx_word' id='word_1_503' title='bbox 2044 1282 2188 1339; x_wconf 89' lang='lat' dir='ltr'><strong><em>vitia</em></strong></span> <span class='ocrx_word' id='word_1_504' title='bbox 2210 1284 2650 1353; x_wconf 89' lang='lat' dir='ltr'><strong><em>remollescam,</em></strong></span> <span class='ocrx_word' id='word_1_505' title='bbox 2685 1286 2844 1343; x_wconf 90' lang='lat' dir='ltr'><strong><em>male</em></strong></span> <span class='ocrx_word' id='word_1_506' title='bbox 2894 1288 3201 1343; x_wconf 85' lang='lat' dir='ltr'><strong><em>convertit.</em></strong></span> <span class='ocrx_word' id='word_1_507' title='bbox 3235 1289 3427 1351; x_wconf 83' lang='lat' dir='ltr'><strong><em>Quare</em></strong></span> <span class='ocrx_word' id='word_1_508' title='bbox 3465 1293 3523 1347; x_wconf 90' lang='lat' dir='ltr'><strong><em>et</em></strong></span> <span class='ocrx_word' id='word_1_509' title='bbox 3545 1290 3706 1346; x_wconf 86' lang='lat' dir='ltr'><strong><em>hanc</em></strong></span> <span class='ocrx_word' id='word_1_510' title='bbox 3774 1318 3776 1322; x_wconf 55' lang='grc' dir='ltr'><strong><em>ι</em></strong></span> 
     </span>
    </p>
   </div>
   <div class='ocr_carea' id='block_1_75' title="bbox 2043 1373 3703 1450">
    <p class='ocr_par' dir='ltr' id='par_1_75' title="bbox 2043 1373 3703 1450">
     <span class='ocr_line' id='line_1_76' title="bbox 2043 1373 3703 1450; baseline 0.005 -23"><span class='ocrx_word' id='word_1_511' title='bbox 2043 1388 2245 1428; x_wconf 87' lang='lat' dir='ltr'><strong><em>meam</em></strong></span> <span class='ocrx_word' id='word_1_512' title='bbox 2276 1373 2595 1445; x_wconf 86' lang='lat' dir='ltr'><strong><em>epistolam</em></strong></span> <span class='ocrx_word' id='word_1_513' title='bbox 2618 1380 2994 1442; x_wconf 83' lang='lat' dir='ltr'><strong><em>exaraturus,</em></strong></span> <span class='ocrx_word' id='word_1_514' title='bbox 3026 1392 3277 1432; x_wconf 89' lang='lat' dir='ltr'><strong><em>manum</em></strong></span> <span class='ocrx_word' id='word_1_515' title='bbox 3309 1378 3555 1450; x_wconf 90' lang='lat' dir='ltr'><strong><em>quidem</em></strong></span> <span class='ocrx_word' id='word_1_516' title='bbox 3585 1384 3703 1435; x_wconf 89' lang='lat' dir='ltr'><strong><em>tor-</em></strong></span> 
     </span>
    </p>
   </div>
   <div class='ocr_carea' id='block_1_76' title="bbox 2043 1464 3706 1534">
    <p class='ocr_par' dir='ltr' id='par_1_76' title="bbox 2043 1464 3706 1534">
     <span class='ocr_line' id='line_1_77' title="bbox 2043 1464 3706 1534; baseline 0.005 -17"><span class='ocrx_word' id='word_1_517' title='bbox 2043 1468 2387 1534; x_wconf 89' lang='lat' dir='ltr'><strong><em>pescentem</em></strong></span> <span class='ocrx_word' id='word_1_518' title='bbox 2416 1464 2978 1521; x_wconf 81' lang='lat' dir='ltr'><strong><em>ratiocinationibus</em></strong></span> <span class='ocrx_word' id='word_1_519' title='bbox 2999 1465 3409 1533; x_wconf 86' lang='lat' dir='ltr'><strong><em>corroboravi,</em></strong></span> <span class='ocrx_word' id='word_1_520' title='bbox 3443 1468 3551 1524; x_wconf 91' lang='lat' dir='ltr'><strong><em>sed</em></strong></span> <span class='ocrx_word' id='word_1_521' title='bbox 3580 1468 3706 1524; x_wconf 89' lang='lat' dir='ltr'><strong><em>vul-</em></strong></span> 
     </span>
    </p>
   </div>
   <div class='ocr_carea' id='block_1_77' title="bbox 2044 1555 3707 1627">
    <p class='ocr_par' dir='ltr' id='par_1_77' title="bbox 2044 1555 3707 1627">
     <span class='ocr_line' id='line_1_78' title="bbox 2044 1555 3707 1627; baseline 0.004 -19"><span class='ocrx_word' id='word_1_522' title='bbox 2044 1555 2193 1620; x_wconf 86' lang='lat' dir='ltr'><strong><em>tum,</em></strong></span> <span class='ocrx_word' id='word_1_523' title='bbox 2222 1569 2294 1608; x_wconf 84' lang='lat' dir='ltr'><strong><em>ex</em></strong></span> <span class='ocrx_word' id='word_1_524' title='bbox 2324 1558 2620 1626; x_wconf 89' lang='lat' dir='ltr'><strong><em>concepta</em></strong></span> <span class='ocrx_word' id='word_1_525' title='bbox 2649 1559 2895 1627; x_wconf 85' lang='lat' dir='ltr'><strong><em>propter</em></strong></span> <span class='ocrx_word' id='word_1_526' title='bbox 2913 1559 2970 1611; x_wconf 87' lang='lat' dir='ltr'><strong><em>te</em></strong></span> <span class='ocrx_word' id='word_1_527' title='bbox 2998 1555 3233 1612; x_wconf 87' lang='lat' dir='ltr'><strong><em>tristitia</em></strong></span> <span class='ocrx_word' id='word_1_528' title='bbox 3259 1557 3530 1625; x_wconf 83' lang='lat' dir='ltr'><strong><em>anxium,</em></strong></span> <span class='ocrx_word' id='word_1_529' title='bbox 3572 1574 3707 1613; x_wconf 90' lang='lat' dir='ltr'><strong><em>mu-</em></strong></span> 
     </span>
    </p>
   </div>
   <div class='ocr_carea' id='block_1_78' title="bbox 2045 1642 3707 1716">
    <p class='ocr_par' dir='ltr' id='par_1_78' title="bbox 2045 1642 3707 1716">
     <span class='ocr_line' id='line_1_79' title="bbox 2045 1642 3707 1716; baseline 0.004 -20"><span class='ocrx_word' id='word_1_530' title='bbox 2045 1645 2170 1697; x_wconf 88' lang='lat' dir='ltr'><strong><em>tare</em></strong></span> <span class='ocrx_word' id='word_1_531' title='bbox 2196 1657 2317 1697; x_wconf 91' lang='lat' dir='ltr'><strong><em>non</em></strong></span> <span class='ocrx_word' id='word_1_532' title='bbox 2351 1642 2520 1714; x_wconf 87' lang='lat' dir='ltr'><strong><em>potui</em></strong></span> <span class='ocrx_word' id='word_1_533' title='bbox 2555 1660 2567 1698; x_wconf 89' lang='lat'><strong>:</strong></span> <span class='ocrx_word' id='word_1_534' title='bbox 2622 1648 2788 1699; x_wconf 90' lang='lat' dir='ltr'><strong><em>tanto</em></strong></span> <span class='ocrx_word' id='word_1_535' title='bbox 2828 1644 2997 1715; x_wconf 90' lang='lat' dir='ltr'><strong><em>mihi,</em></strong></span> <span class='ocrx_word' id='word_1_536' title='bbox 3051 1648 3153 1701; x_wconf 90' lang='lat' dir='ltr'><strong><em>tua</em></strong></span> <span class='ocrx_word' id='word_1_537' title='bbox 3201 1661 3406 1716; x_wconf 88' lang='lat' dir='ltr'><strong><em>causa,</em></strong></span> <span class='ocrx_word' id='word_1_538' title='bbox 3463 1647 3707 1704; x_wconf 90' lang='lat' dir='ltr'><strong><em>incusso</em></strong></span> 
     </span>
    </p>
   </div>
   <div class='ocr_carea' id='block_1_79' title="bbox 2045 1730 3706 1803">
    <p class='ocr_par' dir='ltr' id='par_1_79' title="bbox 2045 1730 3706 1803">
     <span class='ocr_line' id='line_1_80' title="bbox 2045 1730 3706 1803; baseline 0.005 -18"><span class='ocrx_word' id='word_1_539' title='bbox 2045 1730 2298 1803; x_wconf 89' lang='lat' dir='ltr'><strong><em>pudore,</em></strong></span> <span class='ocrx_word' id='word_1_540' title='bbox 2329 1737 2396 1787; x_wconf 90' lang='lat' dir='ltr'><strong><em>ut</em></strong></span> <span class='ocrx_word' id='word_1_541' title='bbox 2442 1733 2566 1787; x_wconf 88' lang='lat' dir='ltr'><strong><em>oris</em></strong></span> <span class='ocrx_word' id='word_1_542' title='bbox 2612 1732 2794 1789; x_wconf 91' lang='lat' dir='ltr'><strong><em>etiam</em></strong></span> <span class='ocrx_word' id='word_1_543' title='bbox 2840 1732 3058 1803; x_wconf 83' lang='lat' dir='ltr'><strong><em>ﬂexus,</em></strong></span> <span class='ocrx_word' id='word_1_544' title='bbox 3097 1734 3278 1790; x_wconf 81' lang='lat' dir='ltr'><strong><em>labiis</em></strong></span> <span class='ocrx_word' id='word_1_545' title='bbox 3323 1736 3473 1791; x_wconf 84' lang='lat' dir='ltr'><strong><em>meis</em></strong></span> <span class='ocrx_word' id='word_1_546' title='bbox 3500 1736 3563 1792; x_wconf 92' lang='lat' dir='ltr'><strong><em>in</em></strong></span> <span class='ocrx_word' id='word_1_547' title='bbox 3618 1736 3706 1793; x_wconf 90' lang='lat' dir='ltr'><strong><em>lu-</em></strong></span> 
     </span>
    </p>
   </div>
   <div class='ocr_carea' id='block_1_80' title="bbox 2046 1821 3711 1900">
    <p class='ocr_par' dir='ltr' id='par_1_80' title="bbox 2046 1821 3711 1900">
     <span class='ocr_line' id='line_1_81' title="bbox 2046 1821 3711 1900; baseline 0.005 -26"><span class='ocrx_word' id='word_1_548' title='bbox 2046 1824 2207 1875; x_wconf 90' lang='lat' dir='ltr'><strong><em>ctum</em></strong></span> <span class='ocrx_word' id='word_1_549' title='bbox 2236 1822 2564 1887; x_wconf 83' lang='lat' dir='ltr'><strong><em>conversis,</em></strong></span> <span class='ocrx_word' id='word_1_550' title='bbox 2607 1821 2807 1877; x_wconf 86' lang='lat' dir='ltr'><strong><em>statim</em></strong></span> <span class='ocrx_word' id='word_1_551' title='bbox 2835 1822 3196 1880; x_wconf 87' lang='lat' dir='ltr'><strong><em>concideret.</em></strong></span> <span class='ocrx_word' id='word_1_552' title='bbox 3230 1824 3332 1880; x_wconf 87' lang='lat' dir='ltr'><strong><em>Hei</em></strong></span> <span class='ocrx_word' id='word_1_553' title='bbox 3361 1825 3531 1895; x_wconf 90' lang='lat' dir='ltr'><strong><em>mihi,</em></strong></span> <span class='ocrx_word' id='word_1_554' title='bbox 3561 1825 3711 1900; x_wconf 87' lang='lat' dir='ltr'><strong><em>quid</em></strong></span> 
     </span>
    </p>
   </div>
   <div class='ocr_carea' id='block_1_81' title="bbox 2047 1908 3711 1984">
    <p class='ocr_par' dir='ltr' id='par_1_81' title="bbox 2047 1908 3711 1984">
     <span class='ocr_line' id='line_1_82' title="bbox 2047 1908 3711 1984; baseline 0.005 -20"><span class='ocrx_word' id='word_1_555' title='bbox 2047 1908 2335 1973; x_wconf 90' lang='lat' dir='ltr'><strong><em>scribam,</em></strong></span> <span class='ocrx_word' id='word_1_556' title='bbox 2364 1914 2470 1965; x_wconf 90' lang='lat' dir='ltr'><strong><em>aut</em></strong></span> <span class='ocrx_word' id='word_1_557' title='bbox 2497 1910 2649 1984; x_wconf 90' lang='lat' dir='ltr'><strong><em>quid</em></strong></span> <span class='ocrx_word' id='word_1_558' title='bbox 2679 1912 2937 1983; x_wconf 85' lang='lat' dir='ltr'><strong><em>cogitem</em></strong></span> <span class='ocrx_word' id='word_1_559' title='bbox 2969 1912 3029 1967; x_wconf 90' lang='lat' dir='ltr'><strong><em>in</em></strong></span> <span class='ocrx_word' id='word_1_560' title='bbox 3078 1913 3253 1969; x_wconf 86' lang='lat' dir='ltr'><strong><em>trivio</em></strong></span> <span class='ocrx_word' id='word_1_561' title='bbox 3301 1916 3658 1972; x_wconf 89' lang='lat' dir='ltr'><strong><em>constitutus</em></strong></span> <span class='ocrx_word' id='word_1_562' title='bbox 3682 1916 3711 1971; x_wconf 87' lang='lat'><strong>?</strong></span> 
     </span>
    </p>
   </div>
   <div class='ocr_carea' id='block_1_82' title="bbox 2049 1997 3713 2071">
    <p class='ocr_par' dir='ltr' id='par_1_82' title="bbox 2049 1997 3713 2071">
     <span class='ocr_line' id='line_1_83' title="bbox 2049 1997 3713 2071; baseline 0.005 -18"><span class='ocrx_word' id='word_1_563' title='bbox 2049 1997 2108 2053; x_wconf 90' lang='lat' dir='ltr'><strong><em>Si</em></strong></span> <span class='ocrx_word' id='word_1_564' title='bbox 2131 1998 2277 2053; x_wconf 91' lang='lat' dir='ltr'><strong><em>mihi</em></strong></span> <span class='ocrx_word' id='word_1_565' title='bbox 2309 1998 2525 2071; x_wconf 88' lang='lat' dir='ltr'><strong><em>prioris</em></strong></span> <span class='ocrx_word' id='word_1_566' title='bbox 2583 2004 2696 2055; x_wconf 83' lang='lat' dir='ltr'><strong><em>tuae</em></strong></span> <span class='ocrx_word' id='word_1_567' title='bbox 2723 2015 2897 2056; x_wconf 72' lang='lat' dir='ltr'><strong><em>vanae</em></strong></span> <span class='ocrx_word' id='word_1_568' title='bbox 2926 2001 3169 2057; x_wconf 81' lang='lat' dir='ltr'><strong><em>vivendi</em></strong></span> <span class='ocrx_word' id='word_1_569' title='bbox 3215 2002 3467 2059; x_wconf 86' lang='lat' dir='ltr'><strong><em>rationis</em></strong></span> <span class='ocrx_word' id='word_1_570' title='bbox 3516 2004 3713 2061; x_wconf 85' lang='lat' dir='ltr'><strong><em>veniat</em></strong></span> 
     </span>
    </p>
   </div>
   <div class='ocr_carea' id='block_1_83' title="bbox 2047 2087 3711 2165">
    <p class='ocr_par' dir='ltr' id='par_1_83' title="bbox 2047 2087 3711 2165">
     <span class='ocr_line' id='line_1_84' title="bbox 2047 2087 3711 2165; baseline 0.004 -22"><span class='ocrx_word' id='word_1_571' title='bbox 2047 2087 2109 2143; x_wconf 90' lang='lat' dir='ltr'><strong><em>in</em></strong></span> <span class='ocrx_word' id='word_1_572' title='bbox 2159 2093 2446 2158; x_wconf 90' lang='lat' dir='ltr'><strong><em>mentem,</em></strong></span> <span class='ocrx_word' id='word_1_573' title='bbox 2505 2104 2645 2144; x_wconf 90' lang='lat' dir='ltr'><strong><em>cum</em></strong></span> <span class='ocrx_word' id='word_1_574' title='bbox 2694 2088 3177 2146; x_wconf 86' lang='lat' dir='ltr'><strong><em>circumﬂuerent</em></strong></span> <span class='ocrx_word' id='word_1_575' title='bbox 3232 2097 3286 2147; x_wconf 91' lang='lat' dir='ltr'><strong><em>te</em></strong></span> <span class='ocrx_word' id='word_1_576' title='bbox 3339 2091 3578 2165; x_wconf 82' lang='lat' dir='ltr'><strong><em>divitiae,</em></strong></span> <span class='ocrx_word' id='word_1_577' title='bbox 3640 2109 3711 2152; x_wconf 89' lang='lat' dir='ltr'><strong><em>ac</em></strong></span> 
     </span>
    </p>
   </div>
   <div class='ocr_carea' id='block_1_84' title="bbox 2050 2175 3711 2249">
    <p class='ocr_par' dir='ltr' id='par_1_84' title="bbox 2050 2175 3711 2249">
     <span class='ocr_line' id='line_1_85' title="bbox 2050 2175 3711 2249; baseline 0.006 -18"><span class='ocrx_word' id='word_1_578' title='bbox 2050 2175 2222 2232; x_wconf 91' lang='lat' dir='ltr'><strong><em>humi</em></strong></span> <span class='ocrx_word' id='word_1_579' title='bbox 2249 2192 2464 2249; x_wconf 90' lang='lat' dir='ltr'><strong><em>repens</em></strong></span> <span class='ocrx_word' id='word_1_580' title='bbox 2516 2177 2787 2247; x_wconf 79' lang='lat' dir='ltr'><strong><em>gloriola,</em></strong></span> <span class='ocrx_word' id='word_1_581' title='bbox 2819 2179 3084 2235; x_wconf 87' lang='lat' dir='ltr'><strong><em>horreo:</em></strong></span> <span class='ocrx_word' id='word_1_582' title='bbox 3135 2196 3274 2236; x_wconf 91' lang='lat' dir='ltr'><strong><em>cum</em></strong></span> <span class='ocrx_word' id='word_1_583' title='bbox 3319 2181 3711 2241; x_wconf 87' lang='lat' dir='ltr'><strong><em>adulatorum</em></strong></span> 
     </span>
    </p>
   </div>
   <div class='ocr_carea' id='block_1_85' title="bbox 2051 2265 3713 2341">
    <p class='ocr_par' dir='ltr' id='par_1_85' title="bbox 2051 2265 3713 2341">
     <span class='ocr_line' id='line_1_86' title="bbox 2051 2265 3713 2341; baseline 0.005 -21"><span class='ocrx_word' id='word_1_584' title='bbox 2051 2268 2106 2321; x_wconf 92' lang='lat' dir='ltr'><strong><em>te</em></strong></span> <span class='ocrx_word' id='word_1_585' title='bbox 2169 2270 2518 2338; x_wconf 88' lang='lat' dir='ltr'><strong><em>sequeretur</em></strong></span> <span class='ocrx_word' id='word_1_586' title='bbox 2569 2265 2915 2336; x_wconf 88' lang='lat' dir='ltr'><strong><em>multitudo,</em></strong></span> <span class='ocrx_word' id='word_1_587' title='bbox 2972 2267 3393 2341; x_wconf 88' lang='lat' dir='ltr'><strong><em>fruererisque,</em></strong></span> <span class='ocrx_word' id='word_1_588' title='bbox 3432 2270 3604 2327; x_wconf 88' lang='lat' dir='ltr'><strong><em>brevi</em></strong></span> <span class='ocrx_word' id='word_1_589' title='bbox 3641 2288 3713 2329; x_wconf 89' lang='lat' dir='ltr'><strong><em>ac</em></strong></span> 
     </span>
    </p>
   </div>
   <div class='ocr_carea' id='block_1_86' title="bbox 2051 2355 3712 2433">
    <p class='ocr_par' dir='ltr' id='par_1_86' title="bbox 2051 2355 3712 2433">
     <span class='ocr_line' id='line_1_87' title="bbox 2051 2355 3712 2433; baseline 0.005 -23"><span class='ocrx_word' id='word_1_590' title='bbox 2051 2355 2419 2427; x_wconf 88' lang='lat' dir='ltr'><strong><em>temporaria</em></strong></span> <span class='ocrx_word' id='word_1_591' title='bbox 2439 2355 2906 2428; x_wconf 89' lang='lat' dir='ltr'><strong><em>voluptate,non</em></strong></span> <span class='ocrx_word' id='word_1_592' title='bbox 2934 2356 3063 2413; x_wconf 91' lang='lat' dir='ltr'><strong><em>sine</em></strong></span> <span class='ocrx_word' id='word_1_593' title='bbox 3094 2359 3416 2415; x_wconf 89' lang='lat' dir='ltr'><strong><em>manifesto</em></strong></span> <span class='ocrx_word' id='word_1_594' title='bbox 3444 2361 3712 2433; x_wconf 87' lang='lat' dir='ltr'><strong><em>periculo</em></strong></span> 
     </span>
    </p>
   </div>
   <div class='ocr_carea' id='block_1_87' title="bbox 2051 2445 3713 2522">
    <p class='ocr_par' dir='ltr' id='par_1_87' title="bbox 2051 2445 3713 2522">
     <span class='ocr_line' id='line_1_88' title="bbox 2051 2445 3713 2522; baseline 0.004 -21"><span class='ocrx_word' id='word_1_595' title='bbox 2051 2445 2331 2519; x_wconf 86' lang='lat' dir='ltr'><strong><em>etiniquo</em></strong></span> <span class='ocrx_word' id='word_1_596' title='bbox 2346 2449 2582 2518; x_wconf 69' lang='lat' dir='ltr'><strong><em>quaestu</em></strong></span> <span class='ocrx_word' id='word_1_597' title='bbox 2611 2463 2624 2502; x_wconf 91' lang='lat'><strong>:</strong></span> <span class='ocrx_word' id='word_1_598' title='bbox 2647 2450 2705 2502; x_wconf 91' lang='lat' dir='ltr'><strong><em>et</em></strong></span> <span class='ocrx_word' id='word_1_599' title='bbox 2729 2446 2949 2519; x_wconf 90' lang='lat' dir='ltr'><strong><em>partim</em></strong></span> <span class='ocrx_word' id='word_1_600' title='bbox 2969 2448 3218 2521; x_wconf 88' lang='lat' dir='ltr'><strong><em>quidem</em></strong></span> <span class='ocrx_word' id='word_1_601' title='bbox 3247 2450 3713 2522; x_wconf 82' lang='lat' dir='ltr'><strong><em>magistratuum</em></strong></span> 
     </span>
    </p>
   </div>
   <div class='ocr_carea' id='block_1_88' title="bbox 2051 2535 3712 2613">
    <p class='ocr_par' dir='ltr' id='par_1_88' title="bbox 2051 2535 3712 2613">
     <span class='ocr_line' id='line_1_89' title="bbox 2051 2535 3712 2613; baseline 0.004 -22"><span class='ocrx_word' id='word_1_602' title='bbox 2051 2535 2231 2592; x_wconf 90' lang='lat' dir='ltr'><strong><em>timor</em></strong></span> <span class='ocrx_word' id='word_1_603' title='bbox 2275 2540 2330 2591; x_wconf 91' lang='lat' dir='ltr'><strong><em>te</em></strong></span> <span class='ocrx_word' id='word_1_604' title='bbox 2363 2535 2438 2590; x_wconf 93' lang='lat' dir='ltr'><strong><em>de</em></strong></span> <span class='ocrx_word' id='word_1_605' title='bbox 2466 2535 2658 2592; x_wconf 89' lang='lat' dir='ltr'><strong><em>salute</em></strong></span> <span class='ocrx_word' id='word_1_606' title='bbox 2684 2536 3048 2607; x_wconf 83' lang='lat' dir='ltr'><strong><em>cogitantem</em></strong></span> <span class='ocrx_word' id='word_1_607' title='bbox 3071 2539 3398 2608; x_wconf 82' lang='lat' dir='ltr'><strong><em>exagitaret</em></strong></span> <span class='ocrx_word' id='word_1_608' title='bbox 3426 2557 3439 2596; x_wconf 91' lang='lat'><strong>:</strong></span> <span class='ocrx_word' id='word_1_609' title='bbox 3490 2542 3712 2613; x_wconf 88' lang='lat' dir='ltr'><strong><em>partim</em></strong></span> 
     </span>
    </p>
   </div>
   <div class='ocr_carea' id='block_1_89' title="bbox 2049 2625 3712 2697">
    <p class='ocr_par' dir='ltr' id='par_1_89' title="bbox 2049 2625 3712 2697">
     <span class='ocr_line' id='line_1_90' title="bbox 2049 2625 3712 2697; baseline 0.003 -15"><span class='ocrx_word' id='word_1_610' title='bbox 2049 2640 2194 2682; x_wconf 83' lang='lat' dir='ltr'><strong><em>vero</em></strong></span> <span class='ocrx_word' id='word_1_611' title='bbox 2216 2625 2599 2697; x_wconf 91' lang='lat' dir='ltr'><strong><em>publicorum</em></strong></span> <span class='ocrx_word' id='word_1_612' title='bbox 2620 2625 2996 2696; x_wconf 83' lang='lat' dir='ltr'><strong><em>negotiorum</em></strong></span> <span class='ocrx_word' id='word_1_613' title='bbox 3018 2627 3314 2684; x_wconf 86' lang='lat' dir='ltr'><strong><em>tumultus</em></strong></span> <span class='ocrx_word' id='word_1_614' title='bbox 3342 2634 3507 2686; x_wconf 90' lang='lat' dir='ltr'><strong><em>tuam</em></strong></span> <span class='ocrx_word' id='word_1_615' title='bbox 3528 2629 3712 2687; x_wconf 92' lang='lat' dir='ltr'><strong><em>inter-</em></strong></span> 
     </span>
    </p>
   </div>
   <div class='ocr_carea' id='block_1_90' title="bbox 2050 2713 3713 2791">
    <p class='ocr_par' dir='ltr' id='par_1_90' title="bbox 2050 2713 3713 2791">
     <span class='ocr_line' id='line_1_91' title="bbox 2050 2713 3713 2791; baseline 0.004 -21"><span class='ocrx_word' id='word_1_616' title='bbox 2050 2714 2359 2770; x_wconf 89' lang='lat' dir='ltr'><strong><em>turbarent</em></strong></span> <span class='ocrx_word' id='word_1_617' title='bbox 2378 2713 2845 2787; x_wconf 87' lang='lat' dir='ltr'><strong><em>domum,atque</em></strong></span> <span class='ocrx_word' id='word_1_618' title='bbox 2867 2715 3169 2772; x_wconf 87' lang='lat' dir='ltr'><strong><em>malorum</em></strong></span> <span class='ocrx_word' id='word_1_619' title='bbox 3190 2716 3528 2791; x_wconf 84' lang='lat' dir='ltr'><strong><em>frequentia</em></strong></span> <span class='ocrx_word' id='word_1_620' title='bbox 3550 2736 3713 2776; x_wconf 85' lang='lat' dir='ltr'><strong><em>men-</em></strong></span> 
     </span>
    </p>
   </div>
   <div class='ocr_carea' id='block_1_91' title="bbox 2049 2803 3709 2879">
    <p class='ocr_par' dir='ltr' id='par_1_91' title="bbox 2049 2803 3709 2879">
     <span class='ocr_line' id='line_1_92' title="bbox 2049 2803 3709 2879; baseline 0.004 -20"><span class='ocrx_word' id='word_1_621' title='bbox 2049 2806 2167 2859; x_wconf 85' lang='lat' dir='ltr'><strong><em>tem</em></strong></span> <span class='ocrx_word' id='word_1_622' title='bbox 2201 2807 2368 2859; x_wconf 89' lang='lat' dir='ltr'><strong><em>tuam</em></strong></span> <span class='ocrx_word' id='word_1_623' title='bbox 2390 2803 2468 2859; x_wconf 90' lang='lat' dir='ltr'><strong><em>ad</em></strong></span> <span class='ocrx_word' id='word_1_624' title='bbox 2499 2818 2660 2870; x_wconf 89' lang='lat' dir='ltr'><strong><em>eum,</em></strong></span> <span class='ocrx_word' id='word_1_625' title='bbox 2679 2804 2785 2875; x_wconf 90' lang='lat' dir='ltr'><strong><em>qui</em></strong></span> <span class='ocrx_word' id='word_1_626' title='bbox 2807 2804 3090 2876; x_wconf 82' lang='lat' dir='ltr'><strong><em>opitulari</em></strong></span> <span class='ocrx_word' id='word_1_627' title='bbox 3114 2806 3219 2862; x_wconf 89' lang='lat' dir='ltr'><strong><em>tibi</em></strong></span> <span class='ocrx_word' id='word_1_628' title='bbox 3249 2812 3503 2879; x_wconf 89' lang='lat' dir='ltr'><strong><em>poterat,</em></strong></span> <span class='ocrx_word' id='word_1_629' title='bbox 3530 2814 3709 2866; x_wconf 88' lang='lat' dir='ltr'><strong><em>retor-</em></strong></span> 
     </span>
    </p>
   </div>
   <div class='ocr_carea' id='block_1_92' title="bbox 2048 2891 3710 2969">
    <p class='ocr_par' dir='ltr' id='par_1_92' title="bbox 2048 2891 3710 2969">
     <span class='ocr_line' id='line_1_93' title="bbox 2048 2891 3710 2969; baseline 0.002 -20"><span class='ocrx_word' id='word_1_630' title='bbox 2048 2897 2258 2967; x_wconf 88' lang='lat' dir='ltr'><strong><em>queret</em></strong></span> <span class='ocrx_word' id='word_1_631' title='bbox 2286 2909 2299 2948; x_wconf 90' lang='lat'><strong>:</strong></span> <span class='ocrx_word' id='word_1_632' title='bbox 2336 2908 2472 2948; x_wconf 88' lang='lat' dir='ltr'><strong><em>cum</em></strong></span> <span class='ocrx_word' id='word_1_633' title='bbox 2504 2891 2798 2965; x_wconf 87' lang='lat' dir='ltr'><strong><em>paulatim</em></strong></span> <span class='ocrx_word' id='word_1_634' title='bbox 2832 2894 3210 2950; x_wconf 89' lang='lat' dir='ltr'><strong><em>Servatorem</em></strong></span> <span class='ocrx_word' id='word_1_635' title='bbox 3250 2895 3710 2969; x_wconf 89' lang='lat' dir='ltr'><strong><em>circumspicere</em></strong></span> 
     </span>
    </p>
   </div>
   <div class='ocr_carea' id='block_1_93' title="bbox 2047 2981 3709 3054">
    <p class='ocr_par' dir='ltr' id='par_1_93' title="bbox 2047 2981 3709 3054">
     <span class='ocr_line' id='line_1_94' title="bbox 2047 2981 3709 3054; baseline 0.003 -15"><span class='ocrx_word' id='word_1_636' title='bbox 2047 2981 2445 3051; x_wconf 86' lang='lat' dir='ltr'><strong><em>meditareris,</em></strong></span> <span class='ocrx_word' id='word_1_637' title='bbox 2476 2981 2722 3037; x_wconf 87' lang='lat' dir='ltr'><strong><em>timores</em></strong></span> <span class='ocrx_word' id='word_1_638' title='bbox 2768 2981 3018 3054; x_wconf 88' lang='lat' dir='ltr'><strong><em>quidem</em></strong></span> <span class='ocrx_word' id='word_1_639' title='bbox 3050 2982 3152 3039; x_wconf 89' lang='lat' dir='ltr'><strong><em>tibi</em></strong></span> <span class='ocrx_word' id='word_1_640' title='bbox 3188 2984 3267 3041; x_wconf 92' lang='lat' dir='ltr'><strong><em>ad</em></strong></span> <span class='ocrx_word' id='word_1_641' title='bbox 3297 2990 3463 3041; x_wconf 88' lang='lat' dir='ltr'><strong><em>tuam</em></strong></span> <span class='ocrx_word' id='word_1_642' title='bbox 3496 2986 3709 3044; x_wconf 86' lang='lat' dir='ltr'><strong><em>utilita-</em></strong></span> 
     </span>
    </p>
   </div>
   <div class='ocr_carea' id='block_1_94' title="bbox 2047 3070 3708 3146">
    <p class='ocr_par' dir='ltr' id='par_1_94' title="bbox 2047 3070 3708 3146">
     <span class='ocr_line' id='line_1_95' title="bbox 2047 3070 3708 3146; baseline 0.002 -17"><span class='ocrx_word' id='word_1_643' title='bbox 2047 3077 2168 3129; x_wconf 90' lang='lat' dir='ltr'><strong><em>tem</em></strong></span> <span class='ocrx_word' id='word_1_644' title='bbox 2209 3070 2588 3138; x_wconf 86' lang='lat' dir='ltr'><strong><em>inferentem,</em></strong></span> <span class='ocrx_word' id='word_1_645' title='bbox 2614 3070 2973 3127; x_wconf 81' lang='lat' dir='ltr'><strong><em>liberantem</em></strong></span> <span class='ocrx_word' id='word_1_646' title='bbox 3005 3088 3148 3129; x_wconf 89' lang='lat' dir='ltr'><strong><em>vero</em></strong></span> <span class='ocrx_word' id='word_1_647' title='bbox 3179 3089 3250 3129; x_wconf 91' lang='lat' dir='ltr'><strong><em>ac</em></strong></span> <span class='ocrx_word' id='word_1_648' title='bbox 3293 3079 3708 3146; x_wconf 88' lang='lat' dir='ltr'><strong><em>protegentem</em></strong></span> 
     </span>
    </p>
   </div>
   <div class='ocr_carea' id='block_1_95' title="bbox 2047 3160 3708 3235">
    <p class='ocr_par' dir='ltr' id='par_1_95' title="bbox 2047 3160 3708 3235">
     <span class='ocr_line' id='line_1_96' title="bbox 2047 3160 3708 3235; baseline 0.002 -16"><span class='ocrx_word' id='word_1_649' title='bbox 2047 3168 2124 3231; x_wconf 88' lang='lat' dir='ltr'><strong><em>te,</em></strong></span> <span class='ocrx_word' id='word_1_650' title='bbox 2146 3161 2252 3235; x_wconf 89' lang='lat' dir='ltr'><strong><em>qui</em></strong></span> <span class='ocrx_word' id='word_1_651' title='bbox 2283 3160 2333 3216; x_wconf 94' lang='lat' dir='ltr'><strong><em>ei</em></strong></span> <span class='ocrx_word' id='word_1_652' title='bbox 2365 3161 2514 3216; x_wconf 91' lang='lat' dir='ltr'><strong><em>dum</em></strong></span> <span class='ocrx_word' id='word_1_653' title='bbox 2561 3160 2624 3215; x_wconf 88' lang='lat' dir='ltr'><strong><em>in</em></strong></span> <span class='ocrx_word' id='word_1_654' title='bbox 2664 3164 2790 3217; x_wconf 89' lang='lat' dir='ltr'><strong><em>tuto</em></strong></span> <span class='ocrx_word' id='word_1_655' title='bbox 2821 3177 3006 3233; x_wconf 88' lang='lat' dir='ltr'><strong><em>esses,</em></strong></span> <span class='ocrx_word' id='word_1_656' title='bbox 3040 3162 3349 3220; x_wconf 87' lang='lat' dir='ltr'><strong><em>illuseras:</em></strong></span> <span class='ocrx_word' id='word_1_657' title='bbox 3380 3181 3520 3221; x_wconf 91' lang='lat' dir='ltr'><strong><em>cum</em></strong></span> <span class='ocrx_word' id='word_1_658' title='bbox 3550 3170 3604 3223; x_wconf 91' lang='lat' dir='ltr'><strong><em>te</em></strong></span> <span class='ocrx_word' id='word_1_659' title='bbox 3626 3166 3708 3222; x_wconf 89' lang='lat' dir='ltr'><strong><em>ad</em></strong></span> 
     </span>
    </p>
   </div>
   <div class='ocr_carea' id='block_1_96' title="bbox 2043 3250 3708 3323">
    <p class='ocr_par' dir='ltr' id='par_1_96' title="bbox 2043 3250 3708 3323">
     <span class='ocr_line' id='line_1_97' title="bbox 2043 3250 3708 3323; baseline 0.002 -14"><span class='ocrx_word' id='word_1_660' title='bbox 2043 3250 2432 3310; x_wconf 83' lang='lat' dir='ltr'><strong><em>innovandos</em></strong></span> <span class='ocrx_word' id='word_1_661' title='bbox 2453 3250 2979 3323; x_wconf 82' lang='lat' dir='ltr'><strong><em>acquirendosque</em></strong></span> <span class='ocrx_word' id='word_1_662' title='bbox 2999 3252 3284 3309; x_wconf 84' lang='lat' dir='ltr'><strong><em>honestos</em></strong></span> <span class='ocrx_word' id='word_1_663' title='bbox 3308 3270 3507 3311; x_wconf 89' lang='lat' dir='ltr'><strong><em>mores</em></strong></span> <span class='ocrx_word' id='word_1_664' title='bbox 3547 3271 3708 3312; x_wconf 82' lang='lat' dir='ltr'><strong><em>exer-</em></strong></span> 
     </span>
    </p>
   </div>
   <div class='ocr_carea' id='block_1_97' title="bbox 2047 3339 3706 3415">
    <p class='ocr_par' dir='ltr' id='par_1_97' title="bbox 2047 3339 3706 3415">
     <span class='ocr_line' id='line_1_98' title="bbox 2047 3339 3706 3415; baseline 0.002 -17"><span class='ocrx_word' id='word_1_665' title='bbox 2047 3339 2828 3414; x_wconf 88' lang='lat' dir='ltr'><strong><em>ceres,periculosissimam</em></strong></span> <span class='ocrx_word' id='word_1_666' title='bbox 2853 3346 3019 3397; x_wconf 90' lang='lat' dir='ltr'><strong><em>tuam</em></strong></span> <span class='ocrx_word' id='word_1_667' title='bbox 3042 3342 3413 3415; x_wconf 90' lang='lat' dir='ltr'><strong><em>opulentiam</em></strong></span> <span class='ocrx_word' id='word_1_668' title='bbox 3432 3345 3601 3401; x_wconf 87' lang='lat' dir='ltr'><strong><em>nihili</em></strong></span> <span class='ocrx_word' id='word_1_669' title='bbox 3620 3345 3706 3402; x_wconf 88' lang='lat' dir='ltr'><strong><em>fa-</em></strong></span> 
     </span>
    </p>
   </div>
   <div class='ocr_carea' id='block_1_98' title="bbox 2045 3430 3707 3503">
    <p class='ocr_par' dir='ltr' id='par_1_98' title="bbox 2045 3430 3707 3503">
     <span class='ocr_line' id='line_1_99' title="bbox 2045 3430 3707 3503; baseline 0.002 -15"><span class='ocrx_word' id='word_1_670' title='bbox 2045 3432 2226 3502; x_wconf 90' lang='lat' dir='ltr'><strong><em>ciens,</em></strong></span> <span class='ocrx_word' id='word_1_671' title='bbox 2252 3430 2460 3503; x_wconf 91' lang='lat' dir='ltr'><strong><em>reique</em></strong></span> <span class='ocrx_word' id='word_1_672' title='bbox 2492 3430 2803 3486; x_wconf 83' lang='lat' dir='ltr'><strong><em>familiaris</em></strong></span> <span class='ocrx_word' id='word_1_673' title='bbox 2834 3446 3046 3487; x_wconf 89' lang='lat' dir='ltr'><strong><em>curam</em></strong></span> <span class='ocrx_word' id='word_1_674' title='bbox 3076 3438 3133 3488; x_wconf 89' lang='lat' dir='ltr'><strong><em>et</em></strong></span> <span class='ocrx_word' id='word_1_675' title='bbox 3158 3435 3363 3490; x_wconf 85' lang='lat' dir='ltr'><strong><em>uxoris</em></strong></span> <span class='ocrx_word' id='word_1_676' title='bbox 3389 3441 3707 3492; x_wconf 86' lang='lat' dir='ltr'><strong><em>consuetu-</em></strong></span> 
     </span>
    </p>
   </div>
   <div class='ocr_carea' id='block_1_99' title="bbox 2044 3519 3707 3591">
    <p class='ocr_par' dir='ltr' id='par_1_99' title="bbox 2044 3519 3707 3591">
     <span class='ocr_line' id='line_1_100' title="bbox 2044 3519 3707 3591; baseline 0.002 -12"><span class='ocrx_word' id='word_1_677' title='bbox 2044 3522 2250 3579; x_wconf 85' lang='lat' dir='ltr'><strong><em>dinem</em></strong></span> <span class='ocrx_word' id='word_1_678' title='bbox 2277 3519 2603 3591; x_wconf 83' lang='lat' dir='ltr'><strong><em>refugiens.</em></strong></span> <span class='ocrx_word' id='word_1_679' title='bbox 2639 3520 2792 3585; x_wconf 88' lang='lat' dir='ltr'><strong><em>Quin</em></strong></span> <span class='ocrx_word' id='word_1_680' title='bbox 2815 3521 2995 3578; x_wconf 89' lang='lat' dir='ltr'><strong><em>etiam</em></strong></span> <span class='ocrx_word' id='word_1_681' title='bbox 3025 3526 3184 3577; x_wconf 90' lang='lat' dir='ltr'><strong><em>totus</em></strong></span> <span class='ocrx_word' id='word_1_682' title='bbox 3215 3523 3511 3590; x_wconf 91' lang='lat' dir='ltr'><strong><em>sublimis,</em></strong></span> <span class='ocrx_word' id='word_1_683' title='bbox 3545 3525 3707 3583; x_wconf 88' lang='lat' dir='ltr'><strong><em>velut</em></strong></span> 
     </span>
    </p>
   </div>
   <div class='ocr_carea' id='block_1_100' title="bbox 2042 3610 3699 3686">
    <p class='ocr_par' dir='ltr' id='par_1_100' title="bbox 2042 3610 3699 3686">
     <span class='ocr_line' id='line_1_101' title="bbox 2042 3610 3699 3686; baseline 0.002 -18"><span class='ocrx_word' id='word_1_684' title='bbox 2042 3611 2395 3686; x_wconf 87' lang='lat' dir='ltr'><strong><em>peregrinus</em></strong></span> <span class='ocrx_word' id='word_1_685' title='bbox 2425 3615 2482 3666; x_wconf 90' lang='lat' dir='ltr'><strong><em>et</em></strong></span> <span class='ocrx_word' id='word_1_686' title='bbox 2510 3626 2664 3677; x_wconf 87' lang='lat' dir='ltr'><strong><em>erro,</em></strong></span> <span class='ocrx_word' id='word_1_687' title='bbox 2700 3610 2862 3680; x_wconf 86' lang='lat' dir='ltr'><strong><em>agris</em></strong></span> <span class='ocrx_word' id='word_1_688' title='bbox 2892 3615 2950 3667; x_wconf 87' lang='lat' dir='ltr'><strong><em>et</em></strong></span> <span class='ocrx_word' id='word_1_689' title='bbox 2978 3611 3323 3669; x_wconf 88' lang='lat' dir='ltr'><strong><em>civitatibus</em></strong></span> <span class='ocrx_word' id='word_1_690' title='bbox 3346 3616 3699 3686; x_wconf 87' lang='lat' dir='ltr'><strong><em>peragratis,</em></strong></span> 
     </span>
    </p>
   </div>
   <div class='ocr_carea' id='block_1_101' title="bbox 2043 3699 3703 3775">
    <p class='ocr_par' dir='ltr' id='par_1_101' title="bbox 2043 3699 3703 3775">
     <span class='ocr_line' id='line_1_102' title="bbox 2043 3699 3703 3775; baseline 0.002 -17"><span class='ocrx_word' id='word_1_691' title='bbox 2043 3702 2243 3775; x_wconf 89' lang='lat' dir='ltr'><strong><em>petisti</em></strong></span> <span class='ocrx_word' id='word_1_692' title='bbox 2261 3699 2659 3772; x_wconf 85' lang='lat' dir='ltr'><strong><em>Jerosolyma,</em></strong></span> <span class='ocrx_word' id='word_1_693' title='bbox 2684 3699 2787 3755; x_wconf 91' lang='lat' dir='ltr'><strong><em>ubi</em></strong></span> <span class='ocrx_word' id='word_1_694' title='bbox 2818 3705 2877 3755; x_wconf 87' lang='lat' dir='ltr'><strong><em>et</em></strong></span> <span class='ocrx_word' id='word_1_695' title='bbox 2903 3700 3031 3772; x_wconf 91' lang='lat' dir='ltr'><strong><em>ipse</em></strong></span> <span class='ocrx_word' id='word_1_696' title='bbox 3067 3705 3268 3758; x_wconf 87' lang='lat' dir='ltr'><strong><em>tecum</em></strong></span> <span class='ocrx_word' id='word_1_697' title='bbox 3294 3710 3703 3761; x_wconf 88' lang='lat' dir='ltr'><strong><em>commoratus</em></strong></span> 
     </span>
    </p>
   </div>
   <div class='ocr_carea' id='block_1_102' title="bbox 2044 3788 3703 3863">
    <p class='ocr_par' dir='ltr' id='par_1_102' title="bbox 2044 3788 3703 3863">
     <span class='ocr_line' id='line_1_103' title="bbox 2044 3788 3703 3863; baseline 0.001 -14"><span class='ocrx_word' id='word_1_698' title='bbox 2044 3792 2125 3849; x_wconf 91' lang='lat' dir='ltr'><strong><em>ob</em></strong></span> <span class='ocrx_word' id='word_1_699' title='bbox 2156 3789 2468 3847; x_wconf 88' lang='lat' dir='ltr'><strong><em>athleticos</em></strong></span> <span class='ocrx_word' id='word_1_700' title='bbox 2498 3794 2556 3845; x_wconf 89' lang='lat' dir='ltr'><strong><em>te</em></strong></span> <span class='ocrx_word' id='word_1_701' title='bbox 2584 3788 2825 3845; x_wconf 88' lang='lat' dir='ltr'><strong><em>labores</em></strong></span> <span class='ocrx_word' id='word_1_702' title='bbox 2845 3788 3092 3844; x_wconf 89' lang='lat' dir='ltr'><strong><em>beatum</em></strong></span> <span class='ocrx_word' id='word_1_703' title='bbox 3122 3791 3703 3863; x_wconf 72' lang='lat' dir='ltr'><strong><em>praedicabam,cum</em></strong></span> 
     </span>
    </p>
   </div>
   <div class='ocr_carea' id='block_1_103' title="bbox 2044 3877 3703 3955">
    <p class='ocr_par' dir='ltr' id='par_1_103' title="bbox 2044 3877 3703 3955">
     <span class='ocr_line' id='line_1_104' title="bbox 2044 3877 3703 3955; baseline 0.002 -18"><span class='ocrx_word' id='word_1_704' title='bbox 2044 3896 2151 3955; x_wconf 88' lang='lat' dir='ltr'><strong><em>per</em></strong></span> <span class='ocrx_word' id='word_1_705' title='bbox 2180 3877 2553 3952; x_wconf 89' lang='lat' dir='ltr'><strong><em>septenarios</em></strong></span> <span class='ocrx_word' id='word_1_706' title='bbox 2583 3877 2837 3933; x_wconf 88' lang='lat' dir='ltr'><strong><em>circulos</em></strong></span> <span class='ocrx_word' id='word_1_707' title='bbox 2864 3878 3111 3949; x_wconf 89' lang='lat' dir='ltr'><strong><em>jejunus</em></strong></span> <span class='ocrx_word' id='word_1_708' title='bbox 3144 3896 3536 3952; x_wconf 89' lang='lat' dir='ltr'><strong><em>perseverans</em></strong></span> <span class='ocrx_word' id='word_1_709' title='bbox 3586 3887 3703 3940; x_wconf 89' lang='lat' dir='ltr'><strong><em>Deo</em></strong></span> 
     </span>
    </p>
   </div>
   <div class='ocr_carea' id='block_1_104' title="bbox 2044 3966 3708 4043">
    <p class='ocr_par' dir='ltr' id='par_1_104' title="bbox 2044 3966 3708 4043">
     <span class='ocr_line' id='line_1_105' title="bbox 2044 3966 3708 4043; baseline 0.004 -18"><span class='ocrx_word' id='word_1_710' title='bbox 2044 3966 2887 4043; x_wconf 88' lang='lat' dir='ltr'><strong><em>pbilosopbareris,simulque</em></strong></span> <span class='ocrx_word' id='word_1_711' title='bbox 2900 3983 3262 4041; x_wconf 86' lang='lat' dir='ltr'><strong><em>congressus</em></strong></span> <span class='ocrx_word' id='word_1_712' title='bbox 3272 3970 3577 4029; x_wconf 90' lang='lat' dir='ltr'><strong><em>humanos</em></strong></span> <span class='ocrx_word' id='word_1_713' title='bbox 3588 3974 3708 4031; x_wconf 87' lang='lat' dir='ltr'><strong><em>vel-</em></strong></span> 
     </span>
    </p>
   </div>
   <div class='ocr_carea' id='block_1_105' title="bbox 2043 4056 3706 4137">
    <p class='ocr_par' dir='ltr' id='par_1_105' title="bbox 2043 4056 3706 4137">
     <span class='ocr_line' id='line_1_106' title="bbox 2043 4056 3706 4137; baseline 0.002 -20"><span class='ocrx_word' id='word_1_714' title='bbox 2043 4061 2130 4117; x_wconf 89' lang='lat' dir='ltr'><strong><em>uti</em></strong></span> <span class='ocrx_word' id='word_1_715' title='bbox 2149 4059 2209 4115; x_wconf 93' lang='lat' dir='ltr'><strong><em>in</em></strong></span> <span class='ocrx_word' id='word_1_716' title='bbox 2241 4058 2447 4129; x_wconf 85' lang='lat' dir='ltr'><strong><em>fugam</em></strong></span> <span class='ocrx_word' id='word_1_717' title='bbox 2470 4072 2801 4113; x_wconf 89' lang='lat' dir='ltr'><strong><em>conversus</em></strong></span> <span class='ocrx_word' id='word_1_718' title='bbox 2828 4056 3144 4131; x_wconf 86' lang='lat' dir='ltr'><strong><em>devitares,</em></strong></span> <span class='ocrx_word' id='word_1_719' title='bbox 3175 4065 3355 4133; x_wconf 89' lang='lat' dir='ltr'><strong><em>atque</em></strong></span> <span class='ocrx_word' id='word_1_720' title='bbox 3382 4064 3706 4137; x_wconf 86' lang='lat' dir='ltr'><strong><em>tranquillo</em></strong></span> 
     </span>
    </p>
   </div>
   <div class='ocr_carea' id='block_1_106' title="bbox 2046 4146 3707 4222">
    <p class='ocr_par' dir='ltr' id='par_1_106' title="bbox 2046 4146 3707 4222">
     <span class='ocr_line' id='line_1_107' title="bbox 2046 4146 3707 4222; baseline 0.002 -15"><span class='ocrx_word' id='word_1_721' title='bbox 2046 4165 2118 4208; x_wconf 91' lang='lat' dir='ltr'><strong><em>ac</em></strong></span> <span class='ocrx_word' id='word_1_722' title='bbox 2145 4147 2410 4206; x_wconf 89' lang='lat' dir='ltr'><strong><em>solitario</em></strong></span> <span class='ocrx_word' id='word_1_723' title='bbox 2435 4146 2678 4203; x_wconf 88' lang='lat' dir='ltr'><strong><em>vivendi</em></strong></span> <span class='ocrx_word' id='word_1_724' title='bbox 2706 4162 2924 4218; x_wconf 87' lang='lat' dir='ltr'><strong><em>genere</em></strong></span> <span class='ocrx_word' id='word_1_725' title='bbox 2954 4147 3063 4204; x_wconf 91' lang='lat' dir='ltr'><strong><em>tibi</em></strong></span> <span class='ocrx_word' id='word_1_726' title='bbox 3119 4154 3355 4222; x_wconf 88' lang='lat' dir='ltr'><strong><em>parato,</em></strong></span> <span class='ocrx_word' id='word_1_727' title='bbox 3388 4152 3588 4209; x_wconf 87' lang='lat' dir='ltr'><strong><em>civiles</em></strong></span> <span class='ocrx_word' id='word_1_728' title='bbox 3619 4159 3707 4211; x_wconf 86' lang='lat' dir='ltr'><strong><em>tu-</em></strong></span> 
     </span>
    </p>
   </div>
   <div class='ocr_carea' id='block_1_107' title="bbox 2046 4236 3707 4311">
    <p class='ocr_par' dir='ltr' id='par_1_107' title="bbox 2046 4236 3707 4311">
     <span class='ocr_line' id='line_1_108' title="bbox 2046 4236 3707 4311; baseline 0.002 -15"><span class='ocrx_word' id='word_1_729' title='bbox 2046 4237 2273 4297; x_wconf 89' lang='lat' dir='ltr'><strong><em>multus</em></strong></span> <span class='ocrx_word' id='word_1_730' title='bbox 2319 4236 2674 4293; x_wconf 90' lang='lat' dir='ltr'><strong><em>declinares.</em></strong></span> <span class='ocrx_word' id='word_1_731' title='bbox 2730 4239 3022 4294; x_wconf 68' lang='lat' dir='ltr'><strong><em>Praeterea</em></strong></span> <span class='ocrx_word' id='word_1_732' title='bbox 3061 4254 3280 4311; x_wconf 90' lang='lat' dir='ltr'><strong><em>corpus</em></strong></span> <span class='ocrx_word' id='word_1_733' title='bbox 3308 4243 3483 4297; x_wconf 89' lang='lat' dir='ltr'><strong><em>tuum</em></strong></span> <span class='ocrx_word' id='word_1_734' title='bbox 3517 4243 3707 4299; x_wconf 88' lang='lat' dir='ltr'><strong><em>cilicio</em></strong></span> 
     </span>
    </p>
   </div>
   <div class='ocr_carea' id='block_1_108' title="bbox 2049 4322 3708 4403">
    <p class='ocr_par' dir='ltr' id='par_1_108' title="bbox 2049 4322 3708 4403">
     <span class='ocr_line' id='line_1_109' title="bbox 2049 4322 3708 4403; baseline 0.001 -16"><span class='ocrx_word' id='word_1_735' title='bbox 2049 4345 2265 4403; x_wconf 89' lang='lat' dir='ltr'><strong><em>aspero</em></strong></span> <span class='ocrx_word' id='word_1_736' title='bbox 2290 4327 2627 4393; x_wconf 89' lang='lat' dir='ltr'><strong><em>lancinans,</em></strong></span> <span class='ocrx_word' id='word_1_737' title='bbox 2673 4330 2729 4383; x_wconf 90' lang='lat' dir='ltr'><strong><em>et</em></strong></span> <span class='ocrx_word' id='word_1_738' title='bbox 2749 4342 2900 4384; x_wconf 83' lang='lat' dir='ltr'><strong><em>zona</em></strong></span> <span class='ocrx_word' id='word_1_739' title='bbox 2930 4327 3083 4385; x_wconf 88' lang='lat' dir='ltr'><strong><em>dura</em></strong></span> <span class='ocrx_word' id='word_1_740' title='bbox 3106 4328 3444 4399; x_wconf 88' lang='lat' dir='ltr'><strong><em>astringens</em></strong></span> <span class='ocrx_word' id='word_1_741' title='bbox 3462 4322 3708 4388; x_wconf 86' lang='lat' dir='ltr'><strong><em>lumbos</em></strong></span> 
     </span>
    </p>
   </div>
   <div class='ocr_carea' id='block_1_109' title="bbox 2048 4417 3712 4491">
    <p class='ocr_par' dir='ltr' id='par_1_109' title="bbox 2048 4417 3712 4491">
     <span class='ocr_line' id='line_1_110' title="bbox 2048 4417 3712 4491; baseline 0.001 -15"><span class='ocrx_word' id='word_1_742' title='bbox 2048 4424 2204 4491; x_wconf 89' lang='lat' dir='ltr'><strong><em>tuos,</em></strong></span> <span class='ocrx_word' id='word_1_743' title='bbox 2238 4417 2534 4491; x_wconf 89' lang='lat' dir='ltr'><strong><em>patienter</em></strong></span> <span class='ocrx_word' id='word_1_744' title='bbox 2581 4431 2720 4472; x_wconf 90' lang='lat' dir='ltr'><strong><em>ossa</em></strong></span> <span class='ocrx_word' id='word_1_745' title='bbox 2776 4421 2881 4472; x_wconf 90' lang='lat' dir='ltr'><strong><em>tua</em></strong></span> <span class='ocrx_word' id='word_1_746' title='bbox 2921 4417 3246 4476; x_wconf 87' lang='lat' dir='ltr'><strong><em>atterebas.</em></strong></span> <span class='ocrx_word' id='word_1_747' title='bbox 3298 4419 3450 4484; x_wconf 89' lang='lat' dir='ltr'><strong><em>Quin</em></strong></span> <span class='ocrx_word' id='word_1_748' title='bbox 3499 4425 3557 4477; x_wconf 91' lang='lat' dir='ltr'><strong><em>et</em></strong></span> <span class='ocrx_word' id='word_1_749' title='bbox 3609 4421 3712 4478; x_wconf 87' lang='lat' dir='ltr'><strong><em>ilia</em></strong></span> 
     </span>
    </p>
   </div>
   <div class='ocr_carea' id='block_1_110' title="bbox 2048 4505 3714 4580">
    <p class='ocr_par' dir='ltr' id='par_1_110' title="bbox 2048 4505 3714 4580">
     <span class='ocr_line' id='line_1_111' title="bbox 2048 4505 3714 4580; baseline 0.001 -15"><span class='ocrx_word' id='word_1_750' title='bbox 2048 4508 2251 4566; x_wconf 89' lang='lat' dir='ltr'><strong><em>inedia</em></strong></span> <span class='ocrx_word' id='word_1_751' title='bbox 2288 4521 2654 4575; x_wconf 84' lang='lat' dir='ltr'><strong><em>concavans,</em></strong></span> <span class='ocrx_word' id='word_1_752' title='bbox 2691 4521 2761 4561; x_wconf 91' lang='lat' dir='ltr'><strong><em>ea</em></strong></span> <span class='ocrx_word' id='word_1_753' title='bbox 2790 4522 2988 4578; x_wconf 87' lang='lat' dir='ltr'><strong><em>usque</em></strong></span> <span class='ocrx_word' id='word_1_754' title='bbox 3019 4506 3099 4563; x_wconf 91' lang='lat' dir='ltr'><strong><em>ad</em></strong></span> <span class='ocrx_word' id='word_1_755' title='bbox 3138 4505 3302 4563; x_wconf 90' lang='lat' dir='ltr'><strong><em>dorsi</em></strong></span> <span class='ocrx_word' id='word_1_756' title='bbox 3331 4513 3534 4580; x_wconf 89' lang='lat' dir='ltr'><strong><em>partes</em></strong></span> <span class='ocrx_word' id='word_1_757' title='bbox 3571 4509 3714 4567; x_wconf 80' lang='lat' dir='ltr'><strong><em>laxa</em></strong></span> 
     </span>
    </p>
   </div>
   <div class='ocr_carea' id='block_1_111' title="bbox 2051 4594 3714 4668">
    <p class='ocr_par' dir='ltr' id='par_1_111' title="bbox 2051 4594 3714 4668">
     <span class='ocr_line' id='line_1_112' title="bbox 2051 4594 3714 4668; baseline 0.001 -13"><span class='ocrx_word' id='word_1_758' title='bbox 2051 4596 2503 4668; x_wconf 79' lang='lat' dir='ltr'><strong><em>effecisti,atque</em></strong></span> <span class='ocrx_word' id='word_1_759' title='bbox 2534 4594 2732 4652; x_wconf 71' lang='lat' dir='ltr'><strong><em>fasciae</em></strong></span> <span class='ocrx_word' id='word_1_760' title='bbox 2763 4594 2962 4651; x_wconf 91' lang='lat' dir='ltr'><strong><em>mollis</em></strong></span> <span class='ocrx_word' id='word_1_761' title='bbox 2985 4595 3209 4667; x_wconf 90' lang='lat' dir='ltr'><strong><em>rejecto</em></strong></span> <span class='ocrx_word' id='word_1_762' title='bbox 3235 4612 3369 4665; x_wconf 91' lang='lat' dir='ltr'><strong><em>usu,</em></strong></span> <span class='ocrx_word' id='word_1_763' title='bbox 3404 4597 3714 4656; x_wconf 87' lang='lat' dir='ltr'><strong><em>abdomen</em></strong></span> 
     </span>
    </p>
   </div>
   <div class='ocr_carea' id='block_1_112' title="bbox 2050 4684 3713 4757">
    <p class='ocr_par' dir='ltr' id='par_1_112' title="bbox 2050 4684 3713 4757">
     <span class='ocr_line' id='line_1_113' title="bbox 2050 4684 3713 4757; baseline -0.001 -12"><span class='ocrx_word' id='word_1_764' title='bbox 2050 4687 2408 4746; x_wconf 86' lang='lat' dir='ltr'><strong><em>intrinsecus</em></strong></span> <span class='ocrx_word' id='word_1_765' title='bbox 2423 4684 2748 4741; x_wconf 65' lang='lat' dir='ltr'><strong><em>cucurbitas</em></strong></span> <span class='ocrx_word' id='word_1_766' title='bbox 2775 4685 2836 4739; x_wconf 93' lang='lat' dir='ltr'><strong><em>in</em></strong></span> <span class='ocrx_word' id='word_1_767' title='bbox 2867 4699 3102 4741; x_wconf 89' lang='lat' dir='ltr'><strong><em>morem</em></strong></span> <span class='ocrx_word' id='word_1_768' title='bbox 3129 4689 3526 4757; x_wconf 88' lang='lat' dir='ltr'><strong><em>contractum,</em></strong></span> <span class='ocrx_word' id='word_1_769' title='bbox 3558 4688 3713 4745; x_wconf 91' lang='lat' dir='ltr'><strong><em>reni-</em></strong></span> 
     </span>
    </p>
   </div>
   <div class='ocr_carea' id='block_1_113' title="bbox 2052 4773 3716 4846">
    <p class='ocr_par' dir='ltr' id='par_1_113' title="bbox 2052 4773 3716 4846">
     <span class='ocr_line' id='line_1_114' title="bbox 2052 4773 3716 4846; baseline 0.001 -12"><span class='ocrx_word' id='word_1_770' title='bbox 2052 4777 2167 4834; x_wconf 92' lang='lat' dir='ltr'><strong><em>bus</em></strong></span> <span class='ocrx_word' id='word_1_771' title='bbox 2196 4775 2604 4833; x_wconf 80' lang='lat' dir='ltr'><strong><em>adhaerescere</em></strong></span> <span class='ocrx_word' id='word_1_772' title='bbox 2630 4773 3009 4844; x_wconf 83' lang='lat' dir='ltr'><strong><em>cogebas.Ad</em></strong></span> <span class='ocrx_word' id='word_1_773' title='bbox 3035 4775 3483 4846; x_wconf 82' lang='lat' dir='ltr'><strong><em>haec,evaeuato</em></strong></span> <span class='ocrx_word' id='word_1_774' title='bbox 3517 4778 3716 4835; x_wconf 88' lang='lat' dir='ltr'><strong><em>carnis</em></strong></span> 
     </span>
    </p>
   </div>
   <div class='ocr_carea' id='block_1_114' title="bbox 2127 4935 3721 5011">
    <p class='ocr_par' dir='ltr' id='par_1_114' title="bbox 2127 4935 3721 5011">
     <span class='ocr_line' id='line_1_115' title="bbox 2127 4935 3721 5011; baseline 0.001 -16"><span class='ocrx_word' id='word_1_775' title='bbox 2127 4939 2239 5010; x_wconf 80' lang='grc'>(41)</span> <span class='ocrx_word' id='word_1_776' title='bbox 2268 4935 2665 5011; x_wconf 23' lang='grc' dir='ltr'>Ἀπλεσφαίριςε.</span> <span class='ocrx_word' id='word_1_777' title='bbox 2695 4936 2810 5011; x_wconf 60' lang='lat' dir='ltr'><strong><em>gic.</em></strong></span> <span class='ocrx_word' id='word_1_778' title='bbox 2834 4935 3030 5011; x_wconf 85' lang='lat' dir='ltr'><strong><em>_H_arl.,</em></strong></span> <span class='ocrx_word' id='word_1_779' title='bbox 3083 4935 3259 4993; x_wconf 91' lang='lat' dir='ltr'><strong><em>Coisl.</em></strong></span> <span class='ocrx_word' id='word_1_780' title='bbox 3318 4939 3574 5011; x_wconf 91' lang='lat' dir='ltr'><strong><em>primus,</em></strong></span> <span class='ocrx_word' id='word_1_781' title='bbox 3605 4942 3721 4997; x_wconf 89' lang='lat' dir='ltr'><strong><em>Me-</em></strong></span> 
     </span>
    </p>
   </div>
   <div class='ocr_carea' id='block_1_115' title="bbox 2058 5006 3722 5085">
    <p class='ocr_par' dir='ltr' id='par_1_115' title="bbox 2058 5006 3722 5085">
     <span class='ocr_line' id='line_1_116' title="bbox 2058 5006 3722 5085; baseline 0 -17"><span class='ocrx_word' id='word_1_782' title='bbox 2058 5006 2176 5085; x_wconf 10' lang='lat' dir='ltr'><strong><em>dic-7:.</em></strong></span> <span class='ocrx_word' id='word_1_783' title='bbox 2222 5006 2285 5065; x_wconf 55' lang='lat' dir='ltr'><strong><em>Et</em></strong></span> <span class='ocrx_word' id='word_1_784' title='bbox 2322 5006 2525 5085; x_wconf 57' lang='lat' dir='ltr'><strong><em>plures</em></strong></span> <span class='ocrx_word' id='word_1_785' title='bbox 2548 5006 2668 5064; x_wconf 83' lang='lat' dir='ltr'><strong><em>alii.</em></strong></span> <span class='ocrx_word' id='word_1_786' title='bbox 2697 5006 3249 5085; x_wconf 63' lang='lat' dir='ltr'><strong><em>Editi_&amp;1rso&#39;q)aiptaa.</em></strong></span> <span class='ocrx_word' id='word_1_787' title='bbox 3283 5006 3467 5069; x_wconf 70' lang='lat' dir='ltr'><strong><em>Paulo</em></strong></span> <span class='ocrx_word' id='word_1_788' title='bbox 3499 5006 3635 5085; x_wconf 57' lang='lat' dir='ltr'><strong><em>post</em></strong></span> <span class='ocrx_word' id='word_1_789' title='bbox 3658 5011 3722 5068; x_wconf 91' lang='lat' dir='ltr'><strong><em>in</em></strong></span> 
     </span>
    </p>
   </div>
   <div class='ocr_carea' id='block_1_116' title="bbox 2058 5079 3722 5141">
    <p class='ocr_par' dir='ltr' id='par_1_116' title="bbox 2058 5079 3722 5141">
     <span class='ocr_line' id='line_1_117' title="bbox 2058 5079 3722 5141; baseline -0.004 -1"><span class='ocrx_word' id='word_1_790' title='bbox 2058 5084 2250 5140; x_wconf 86' lang='lat' dir='ltr'><strong><em>tribus</em></strong></span> <span class='ocrx_word' id='word_1_791' title='bbox 2277 5079 2589 5136; x_wconf 77' lang='lat' dir='ltr'><strong><em>codicibus</em></strong></span> <span class='ocrx_word' id='word_1_792' title='bbox 2638 5079 3075 5136; x_wconf 87' lang='lat' dir='ltr'><strong><em>recentioribus</em></strong></span> <span class='ocrx_word' id='word_1_793' title='bbox 3104 5079 3275 5137; x_wconf 87' lang='lat' dir='ltr'><strong><em>deest</em></strong></span> <span class='ocrx_word' id='word_1_794' title='bbox 3322 5101 3407 5135; x_wconf 86' lang='grc' dir='ltr'><strong><em>σοι</em></strong></span> <span class='ocrx_word' id='word_1_795' title='bbox 3450 5079 3587 5141; x_wconf 76' lang='lat' dir='ltr'><strong><em>ante</em></strong></span> <span class='ocrx_word' id='word_1_796' title='bbox 3636 5103 3722 5136; x_wconf 86' lang='grc' dir='ltr'><strong><em>τον</em></strong></span> 
     </span>
    </p>
   </div>
   <div class='ocr_carea' id='block_1_117' title="bbox 2061 5163 3724 5297">
    <p class='ocr_par' dir='ltr' id='par_1_117' title="bbox 2061 5163 3724 5297">
     <span class='ocr_line' id='line_1_118' title="bbox 2061 5163 3724 5297; baseline 0.001 -17"><span class='ocrx_word' id='word_1_797' title='bbox 2061 5163 2529 5297; x_wconf 36' lang='grc' dir='ltr'><strong><em>Σωῖιξέςαῆολος-δέ.</em></strong></span> <span class='ocrx_word' id='word_1_798' title='bbox 2562 5221 2680 5297; x_wconf 86' lang='lat' dir='ltr'><strong><em>S_ic.</em></strong></span> <span class='ocrx_word' id='word_1_799' title='bbox 2721 5219 2904 5291; x_wconf 88' lang='lat' dir='ltr'><strong><em>Harl.,</em></strong></span> <span class='ocrx_word' id='word_1_800' title='bbox 2940 5219 3113 5278; x_wconf 91' lang='lat' dir='ltr'><strong><em>Coisl.</em></strong></span> <span class='ocrx_word' id='word_1_801' title='bbox 3163 5223 3395 5296; x_wconf 86' lang='lat' dir='ltr'><strong><em>primus</em></strong></span> <span class='ocrx_word' id='word_1_802' title='bbox 3437 5230 3493 5281; x_wconf 91' lang='lat' dir='ltr'><strong><em>et</em></strong></span> <span class='ocrx_word' id='word_1_803' title='bbox 3522 5223 3724 5297; x_wconf 88' lang='lat' dir='ltr'><strong><em>plures</em></strong></span> 
     </span>
    </p>
   </div>
   <div class='ocr_carea' id='block_1_118' title="bbox 2065 5290 2651 5355">
    <p class='ocr_par' dir='ltr' id='par_1_118' title="bbox 2065 5290 2651 5355">
     <span class='ocr_line' id='line_1_119' title="bbox 2065 5290 2651 5355; baseline -0.009 -2"><span class='ocrx_word' id='word_1_804' title='bbox 2065 5290 2185 5354; x_wconf 77' lang='lat' dir='ltr'><strong><em>alii.</em></strong></span> <span class='ocrx_word' id='word_1_805' title='bbox 2222 5290 2374 5352; x_wconf 84' lang='lat' dir='ltr'><strong><em>Editi</em></strong></span> <span class='ocrx_word' id='word_1_806' title='bbox 2402 5294 2529 5355; x_wconf 83' lang='grc' dir='ltr'>ὅλως</span> <span class='ocrx_word' id='word_1_807' title='bbox 2572 5290 2651 5349; x_wconf 80' lang='grc' dir='ltr'><strong><em>δέ.</em></strong></span> 
     </span>
    </p>
   </div>
   <div class='ocr_carea' id='block_1_119' title="bbox 2135 5364 3726 5440">
    <p class='ocr_par' dir='ltr' id='par_1_119' title="bbox 2135 5364 3726 5440">
     <span class='ocr_line' id='line_1_120' title="bbox 2135 5364 3726 5440; baseline -0.01 -8"><span class='ocrx_word' id='word_1_808' title='bbox 2135 5371 2249 5440; x_wconf 83' lang='grc'>(43)</span> <span class='ocrx_word' id='word_1_809' title='bbox 2277 5365 2586 5429; x_wconf 77' lang='grc' dir='ltr'>Ἐξὲκλινας.</span> <span class='ocrx_word' id='word_1_810' title='bbox 2617 5371 2704 5422; x_wconf 90' lang='lat' dir='ltr'><strong><em>lta</em></strong></span> <span class='ocrx_word' id='word_1_811' title='bbox 2730 5382 2834 5423; x_wconf 80' lang='lat' dir='ltr'><strong><em>sex</em></strong></span> <span class='ocrx_word' id='word_1_812' title='bbox 2863 5384 3012 5426; x_wconf 91' lang='lat' dir='ltr'><strong><em>mss.</em></strong></span> <span class='ocrx_word' id='word_1_813' title='bbox 3040 5386 3163 5426; x_wconf 92' lang='lat' dir='ltr'><strong><em>non</em></strong></span> <span class='ocrx_word' id='word_1_814' title='bbox 3189 5374 3255 5425; x_wconf 92' lang='lat' dir='ltr'><strong><em>ul</em></strong></span> <span class='ocrx_word' id='word_1_815' title='bbox 3282 5368 3344 5423; x_wconf 92' lang='lat' dir='ltr'><strong><em>in</em></strong></span> <span class='ocrx_word' id='word_1_816' title='bbox 3374 5367 3546 5423; x_wconf 87' lang='lat' dir='ltr'><strong><em>editis</em></strong></span> <span class='ocrx_word' id='word_1_817' title='bbox 3587 5364 3726 5428; x_wconf 77' lang='grc' dir='ltr'><strong><em>ἐξέκ-</em></strong></span> 
     </span>
    </p>
   </div>
   <div class='ocr_carea' id='block_1_120' title="bbox 2063 5440 3730 5585">
    <p class='ocr_par' dir='ltr' id='par_1_120' title="bbox 2063 5440 3730 5585">
     <span class='ocr_line' id='line_1_121' title="bbox 2063 5440 3730 5585; baseline -0.008 -7"><span class='ocrx_word' id='word_1_818' title='bbox 2063 5440 2254 5585; x_wconf 52' lang='lat' dir='ltr'><strong><em>M334)</em></strong></span> <span class='ocrx_word' id='word_1_819' title='bbox 2286 5511 2495 5585; x_wconf 62' lang='grc' dir='ltr'>Σέδεύας.</span> <span class='ocrx_word' id='word_1_820' title='bbox 2528 5508 2681 5567; x_wconf 90' lang='lat' dir='ltr'><strong><em>Editi</em></strong></span> <span class='ocrx_word' id='word_1_821' title='bbox 2713 5512 2897 5565; x_wconf 84' lang='grc' dir='ltr'>σικύου</span> <span class='ocrx_word' id='word_1_822' title='bbox 2928 5516 3138 5571; x_wconf 90' lang='lat' dir='ltr'><strong><em>contra</em></strong></span> <span class='ocrx_word' id='word_1_823' title='bbox 3165 5509 3441 5569; x_wconf 89' lang='lat' dir='ltr'><strong><em>omnium</em></strong></span> <span class='ocrx_word' id='word_1_824' title='bbox 3469 5524 3617 5567; x_wconf 90' lang='lat' dir='ltr'><strong><em>mss.</em></strong></span> <span class='ocrx_word' id='word_1_825' title='bbox 3632 5523 3730 5573; x_wconf 74' lang='lat' dir='ltr'><strong><em>co~</em></strong></span> 
     </span>
    </p>
   </div>
   <div class='ocr_carea' id='block_1_121' title="bbox 2069 5581 2517 5643">
    <p class='ocr_par' dir='ltr' id='par_1_121' title="bbox 2069 5581 2517 5643">
     <span class='ocr_line' id='line_1_122' title="bbox 2069 5581 2517 5643; baseline -0.013 0"><span class='ocrx_word' id='word_1_826' title='bbox 2069 5581 2273 5643; x_wconf 81' lang='lat' dir='ltr'><strong><em>dieum</em></strong></span> <span class='ocrx_word' id='word_1_827' title='bbox 2304 5581 2517 5638; x_wconf 90' lang='lat' dir='ltr'><strong><em>ﬁdem.</em></strong></span> 
     </span>
    </p>
   </div>
   <div class='ocr_carea' id='block_1_122' title="bbox 2140 5654 2457 5716">
    <p class='ocr_par' dir='ltr' id='par_1_122' title="bbox 2140 5654 2457 5716">
     <span class='ocr_line' id='line_1_123' title="bbox 2140 5654 2457 5716; baseline 0.006 -2"><span class='ocrx_word' id='word_1_828' title='bbox 2140 5655 2164 5680; x_wconf 75' lang='lat'><strong><em>&#39;</em></strong></span> <span class='ocrx_word' id='word_1_829' title='bbox 2188 5654 2348 5714; x_wconf 84' lang='lat' dir='ltr'><strong><em>Alias</em></strong></span> <span class='ocrx_word' id='word_1_830' title='bbox 2367 5655 2457 5716; x_wconf 81' lang='grc' dir='ltr'><strong><em>ιν.</em></strong></span> 
     </span>
    </p>
   </div>
  </div>
