4114 6414
505 326 608 386 367

1878 323 1938 378 s.
1977 320 2228 379 BASILII
2266 320 2493 382 MAGNI
3698 326 3703 331 ’
3767 340 3840 399 368

502 454 627 509 toto
656 452 858 525 adipe,
888 450 1204 509 exsiccasti
1254 454 1494 509 strenue
1523 454 1759 509 meatus
1792 448 1906 506 sub
1949 446 2134 504 ventri

2268 454 2517 521 κενώσας,
2593 455 2712 514 τοὺς
2783 460 2884 505 τῶν
2940 454 3312 531 ὑπογαστρίων
3358 456 3583 529 ὀχετοὺς
3632 469 3850 533 γενναίως

503 542 669 614 sitos,
696 547 753 599 et
780 543 914 617 ipso
942 547 1147 600 ventre
1176 543 1376 599 inedia
1402 546 1729 611 coarctato,
1775 540 2043 597 faciebas
2097 543 2163 596 ut

504 636 745 689 costatae
769 632 1130 705 partes,tecti
1156 633 1334 704 quasi
1362 632 1647 706 quaedam
1683 631 2164 698 eminentia,um-

500 720 679 778 bram
715 721 1074 778 inducerent
1111 721 1284 794 134
1323 722 1598 795 partibus
1646 719 1937 787 umbilici,
1981 723 2164 791 atque

501 815 812 868 contracto
838 801 1260 883 toto'organo,
1313 811 1623 867 nocturnis
1671 810 1838 867 horis
1869 808 2164 865 conﬁtens

499 902 643 971 Deo,
687 900 1101 973 lacrymarum
1152 899 1295 956 rivis
1323 899 1529 957 barbae
1574 899 1730 973 pilos
1787 898 2163 955 madefactos

498 989 958 1062 complanabas.
987 988 1143 1055 Quid
1176 994 1382 1045 autem
1410 1005 1565 1062 opus
1610 996 1704 1046 est
1730 1002 2040 1045 recensere
2065 1001 2163 1042 me

496 1079 778 1150 singula?
808 1077 1148 1134 Memineris
1171 1084 1322 1151 quot
1340 1084 1691 1137 sanctorum
1722 1095 1829 1136 ora
1856 1075 2161 1149 exceperis

494 1168 723 1239 osculo,
740 1172 891 1241 quot
919 1184 1095 1224 sacra
1114 1184 1372 1241 corpora
1393 1169 1712 1241 amplexus
1744 1169 1844 1235 sis,
1877 1170 2028 1241 quot
2050 1165 2161 1224 viri

489 1275 714 1318 manus
742 1263 875 1314 tuas
894 1257 1057 1314 velut
1072 1258 1467 1315 intaminatas
1498 1258 1790 1326 foverint;
1822 1262 1973 1331 quot
2003 1256 2158 1313 servi

488 1350 612 1418 Dei,
641 1348 805 1405 velut
830 1352 1211 1416 venerantes,
1242 1348 1627 1419 confugerint
1670 1348 1751 1406 ad
1800 1364 2000 1420 genua
2052 1351 2157 1406 tua

486 1440 975 1513 complectentes.

560 1535 617 1588 2.
648 1533 720 1587 At
743 1529 965 1585 horum
1014 1527 1151 1601 quis
1198 1527 1443 1584 tandem
1472 1528 1653 1585 ﬁnis?
1677 1527 1964 1598 Adulterii
1988 1528 2154 1586 fama

482 1620 745 1680 nuntiati
791 1618 1041 1689 crimen,
1069 1618 1289 1688 sagitta
1313 1617 1582 1675 velocius
1607 1618 1951 1691 pervolans,
1976 1635 2151 1676 aures

479 1715 721 1769 nostras
764 1710 1017 1776 sauciat,
1050 1708 1316 1765 acutiore
1370 1708 1613 1766 stimulo
1662 1708 1898 1765 viscera
1944 1713 2151 1767 nostra

2269 535 2540 613 ἐξήρανας,
2579 546 2813 618 γαστέρα
2858 562 2913 597 τε
2964 544 3127 603 αὐτὴν
3185 553 3299 606 ταῖς
3349 545 3583 612 ἀσιτίαις
3642 557 3852 626 συμπτύ-

2272 625 2477 696 ξας,τά
2505 634 2814 705 πλευριτικά
2860 636 3016 708 μέρη,
3048 635 3221 710 ὥσπερ
3277 639 3395 688 τινὰ
3434 641 3622 710 στέγης
3662 625 3854 714 έξδχὴνι

2269 724 2380 779 τοῖς
2420 727 2513 772 τοῦ
2561 720 2793 795 ὀμφαλοῦ
2841 723 3047 796 μέλεσιν
3082 726 3198 795 (45)
3248 724 3577 796 ἐπεσκίαζες,
3627 734 3718 782 καὶ
3753 751 3857 783 συν-

2271 807 2563 883 εσταλμένῳ
2637 812 2736 884 ὅλῳ
2788 821 2861 884 τῷ
2932 812 3154 888 ὀργάνῳ,
3213 818 3351 867 κατὰ
3415 820 3506 878 τας
3578 822 3862 895 νυκτερινὰς

2270 897 2405 970 ὧρας
2470 897 2973 973 ἀνθομολογούμενος
3019 912 3090 974 τῷ
3138 910 3273 974 Θεῷ,
3327 912 3438 967 τοῖς
3487 914 3588 959 τῶν
3634 905 3861 983 δακρύων

2271 984 2477 1058 ὀχετοῖς
2518 994 2612 1048 τὴν
2651 987 2897 1061 γενειάδα
2951 990 3216 1065 ἐμϐροχον
3255 995 3635 1068 καθωμάλιζες.
3677 1004 3775 1052 Καὶ
3813 1005 3863 1053 τί

2268 1094 2333 1147 με
2373 1072 2477 1128 -δεῖ
2543 1078 2845 1151 καταλέγειν
2898 1081 3143 1149 ἔκαστα;
3204 1086 3488 1143 Μνὴσθητι
3551 1087 3652 1139 ὅσα
3713 1087 3862 1160 ἁγίων

2274 1168 2513 1238 στόματα
2578 1167 2831 1241 φιλήματι
2894 1173 3246 1245 κατησπάσω,
3317 1174 3418 1226 ὅσα
3484 1176 3596 1251 ἱερὰ
3654 1182 3867 1251 σώματα

2266 1254 2611 1326 περιεπτύξω,
2647 1258 2761 1310 ὅσοι
2802 1277 2897 1311 σου
2924 1262 3015 1321 τὰς
3065 1268 3255 1335 χεῖρας
3286 1264 3352 1324 ὡς
3394 1261 3692 1339 ἀχράντους
3730 1286 3857 1343 περι

2263 1341 2481 1396 έθαλπον
2512 1359 2527 1374 '
2570 1347 2685 1399 ὅσοι
2716 1343 2896 1400 δοῦλοι
2950 1356 3104 1417 Θεοῦ,
3159 1353 3335 1425 ὥσπερ
3372 1351 3599 1427 λατρεῖς,
3642 1341 3867 1430 ὑπέδρα-

2259 1451 2355 1504 μον
2384 1441 2493 1496 τοῖς
2521 1439 2707 1507 γόνασί
2737 1456 2832 1489 σου
2853 1438 3293 1514 περιπλεκόμενοι.

2328 1526 2381 1577 2.
2409 1528 2510 1576 Καὶ
2547 1528 2738 1578 τούτων
2776 1529 2836 1579 τὸ
2884 1527 3025 1589 τέλος
3061 1533 3115 1581 τί
3146 1545 3160 1597 ;
3205 1536 3477 1603 Μοιχικῆς
3533 1536 3713 1607 φήμης
3751 1530 3786 1587 δ
3793 1555 3868 1588 ια-

2259 1610 2407 1684 ϐολὴ,
2469 1613 2653 1687 βέλους
2715 1616 2954 1692 ὀξύτερον
3002 1615 3340 1694 διιπταμένη,
3385 1629 3668 1696 τιτρώσκει
3722 1627 3870 1697 ἡμῶν

2256 1705 2352 1763 τὰς
2409 1701 2590 1775 ἀκοὰς,
2631 1703 2958 1781 ἀκμαιοτέρῳ
3015 1711 3206 1784 κέντρῳ
3258 1713 3325 1763 τὰ
3379 1711 3667 1785 σπλάγχνα
3719 1716 3867 1787 ἡμῶν

479 1814 928 1873 compungens.
971 1799 1110 1864 Quae
1137 1802 1261 1854 tam
1317 1798 1643 1855 artiﬁciosa
1694 1798 2134 1872 praestigiatoris

2257 1787 2631 1865 διανύττουσα.
2688 1801 2779 1858 Τίς
2831 1799 2862 1855 ἡ
2917 1805 3007 1850 τοῦ
3045 1803 3231 1871 γόητος
3270 1801 3386 1881 (46)
3442 1804 3678 1861 τοσαύτη
3735 1805 3868 1859 ἔντε-

472 1890 735 1948 versutia
777 1888 840 1944 in
869 1892 997 1944 tam
1024 1886 1434 1961 perniciosum
1485 1904 1697 1944 casum
1751 1892 1805 1944 te
1835 1887 2092 1960 conjecit
2120 1890 2149 1946 *Ρ

473 1982 762 2047 Qutenam
793 1977 1019 2035 diaboli
1044 1977 1295 2034 sinuosa
1322 1977 1475 2035 retia
1530 1982 1587 2034 te
1644 1978 2143 2048 constringentia,

468 2070 706 2128 virtutis
736 2084 954 2125 nervos
983 2068 1330 2125 immobiles
1359 2068 1800 2125 reddiderunt?
1849 2071 1975 2135 Quo
2036 2070 2142 2127 ab-

463 2161 586 2217 iere
635 2159 917 2216 laborum
948 2163 1193 2216 tuorum
1235 2158 1613 2215 narrationes
1641 2159 1670 2214 ?
1715 2158 1832 2215 Sed
1882 2159 2142 2215 fortasse

465 2265 712 2323 aequum
740 2264 868 2305 non
896 2253 985 2304 est
1012 2247 1107 2304 his
1136 2247 1323 2303 ﬁdem
1346 2247 1635 2304 adhibere
1660 2247 1687 2303 ?
1718 2249 1788 2303 Et
1827 2248 2140 2321 quomodo

462 2354 591 2396 non
619 2355 694 2395 ex
740 2337 1077 2395 manifestis
1108 2352 1180 2393 ea
1208 2336 1390 2393 etiam
1421 2337 1739 2393 credemus
1766 2353 1905 2410 quae
1939 2337 2139 2395 hacte-

459 2444 579 2486 nus
612 2427 974 2485 abscondita
1004 2426 1285 2483 fuerunt?
1310 2425 1613 2498 siquidem
1633 2427 1870 2483 animas
1895 2443 2031 2499 quae
2058 2427 2139 2485 ad

462 2521 655 2575 Deum
728 2516 1178 2587 confugiebant,
1214 2515 1584 2587 juramentis
1649 2516 1970 2572 horrendis
2031 2516 2137 2574 ob-

463 2606 774 2675 strinxisti,
824 2623 964 2662 cum
1021 2611 1229 2661 tamen
1284 2605 1646 2662 nominatim
1683 2605 1986 2679 quidquid
2041 2607 2136 2663 his

461 2695 712 2764 voculis,
742 2702 826 2753 est
857 2699 915 2751 et
952 2710 1094 2764 non,
1126 2693 1390 2766 amplius
1423 2699 1533 2764 est,
1573 2693 1819 2751 diabolo
1850 2695 2136 2752 attribua-

461 2791 561 2843 tur
588 2788 659 2842 ιθ.
692 2786 903 2858 Itaque
932 2784 1113 2841 simul
1153 2799 1400 2856 quoque
1431 2783 1669 2840 exitiosi
1698 2784 1946 2857 perjurii
1971 2784 2134 2842 fuisti

462 2891 745 2949 sponsor,
774 2879 956 2948 atque
1002 2873 1232 2930 institui
1260 2873 1501 2929 ascetici
1531 2873 1878 2931 charactere
1897 2873 1961 2930 in
1986 2889 2131 2931 con-

459 2969 758 3038 temptum
788 2963 1074 3034 adducto,
1107 2962 1187 3020 ad
1222 2962 1536 3035 apostolos
1580 2979 1779 3036 usque
1803 2964 2131 3037 ipsumque

458 3055 784 3112 Dominum
812 3052 1077 3109 dedecus
1102 3068 1173 3108 ac
1209 3051 1526 3109 infamiam
1564 3052 1975 3109 transmisisti.
2024 3054 2131 3109 De-

2251 1901 2384 1953 χνος
2439 1883 2676 1938 ποικιλία
2731 1885 2803 1947 εὶς
2830 1892 3079 1940 τοσοῦτόν
3127 1891 3239 1960 (4⁵7)
3296 1908 3353 1942 σε
3390 1896 3711 1965 περιήγαγεν
3750 1892 3859 1946 ὀλέ-

2254 1971 2396 2044 θριον
2444 1972 2747 2046 σκέλισμα;
2792 1979 2926 2027 Ποία
2972 1974 3276 2030 πολύπλοκα
3312 1985 3404 2031 τοῦ
3462 1975 3717 2033 διαϐόλου
3775 1978 3863 2035 δί-

2249 2077 2404 2126 κτυα,
2472 2063 2887 2135 περισφίγξαντα
2932 2084 3011 2130 σε,
3067 2067 3162 2128 τάς
3227 2075 3325 2129 τῆς
3376 2069 3561 2141 ἀρετῆς
3609 2068 3868 2145 ἐνεργείας

2250 2149 2531 2212 ἀκινήτους
2561 2150 2817 2225 ἀπηλεγξε
2845 2170 2858 2221 ;
2894 2161 3000 2207 Ποῦ
3040 2175 3132 2228 μοι
3178 2158 3242 2208 τὰ
3282 2153 3599 2231 δίηγὴματα
3626 2168 3724 2212 τῶν
3758 2169 3866 2213 σῶν

2246 2245 2414 2293 πόνων
2446 2244 2655 2312 οἴχεται
2687 2259 2702 2307 ;
2733 2241 2872 2316 Ἀρα
2907 2246 3007 2319 γὰρ
3050 2242 3347 2305 ἀπιστῆσαι
3378 2246 3521 2310 ἄξιον
3552 2264 3565 2315 ;
3621 2253 3721 2301 Καὶ
3754 2257 3867 2312 πῶς

2245 2329 2375 2401 οὐχὶ
2432 2328 2487 2381 ἐκ
2535 2338 2635 2383 τῶν
2666 2329 2891 2405 ἐναργῶν
2940 2338 3031 2386 καὶ
3082 2336 3150 2387 τὰ
3186 2338 3311 2398 τέως
3352 2335 3517 2409 ἀφανῆ
3568 2336 3634 2399 εἰς
3673 2343 3862 2392 πίστιν

2248 2415 2506 2493 δεξόμεθα
2539 2439 2551 2490 ;
2595 2420 2639 2473 εἰ
2695 2424 2789 2483 τὰς
2818 2430 2891 2493 τῷ
2923 2431 3037 2494 Θεῷ
3085 2429 3495 2498 προσφυγούσας
3525 2427 3629 2496 (48)
3664 2426 3859 2499 ψυχὰς

2246 2517 2484 2582 φρικτοῖς
2557 2511 2733 2583 ὅρκοις
2796 2512 3154 2581 κατέκλεισας,
3226 2515 3380 2568 ὁπότε
3425 2522 3862 2590 παρατετηρημέ-

2242 2618 2340 2661 νως
2383 2606 2475 2651 τοῦ
2536 2605 2622 2653 ναὶ
2694 2605 2786 2653 καὶ
2829 2609 2922 2654 τοῦ
2996 2601 3055 2654 οὗ
3102 2606 3160 2655 τὸ
3212 2608 3453 2677 περιττὸν
3502 2614 3575 2676 τῷ
3624 2601 3865 2679 διαϐόλῳ

2240 2707 2674 2763 προσνενεμηται.
2742 2690 2905 2765 Ὁμοῦ
2973 2698 3145 2746 τοίνυν
3219 2698 3310 2747 καὶ
3384 2700 3679 2772 παρορκίας
3744 2695 3865 2750 ὁλε-

2244 2778 2390 2851 θρίου
2437 2783 2654 2851 γέγονας
2702 2782 2907 2852 ἔγγυος,
2978 2787 3069 2835 καὶ
3127 2781 3381 2855 φαυλίσας
3434 2792 3526 2845 τῆς
3578 2782 3865 2848 ἀσκήσεως

2239 2869 2326 2918 τόν
2355 2878 2699 2943 χαρακτῆρα,
2738 2874 2905 2944 μέχρι
2951 2880 3052 2923 τῶν
3092 2870 3395 2926 ἀποστόλων
3447 2878 3537 2926 καὶ
3567 2873 3730 2927 αὐτοῦ
3763 2882 3865 2928 τοῦ

2242 2961 2437 3032 Κυρίου
2502 2956 2801 3031 ἀνέπεμψας
2851 2963 2909 3013 τὸ
2967 2957 3178 3034 αἶσχος.
3242 2967 3604 3036 Κατῄσχυνας
3652 2967 3712 3016 τὸ
3761 2973 3866 3027 τῆς

2238 3045 2446 3118 ἁγνείας
2520 3050 2803 3121 καύχημα,
2879 3047 3145 3123 ἐμωμήσω
3218 3058 3316 3115 τῆς
3391 3055 3736 3127 σωφροσύνης
3797 3056 3864 3106 τὸ

459 3143 762 3200 decorasti
792 3141 1083 3199 castitatis
1122 3140 1584 3211 gloriationem;
1624 3139 1763 3196 labe
1820 3141 2130 3214 aspersisti

2246 3133 2574 3210 ἓπάγγελμα’
2617 3136 2895 3211 ἐγενόμεθα
2947 3140 3298 3214 αἰχμαλώτων
3356 3138 3637 3217 τραγῳδία
3664 3160 3677 3173 ·
3724 3143 3865 3197 Ἰου-

460 3232 843 3290 continentiae
882 3236 1110 3299 votum,
1139 3231 1520 3303 captivorum
1554 3229 1698 3286 facti
1745 3247 1961 3286 sumus
2010 3236 2130 3288 tra-

461 3321 682 3395 goedia,
710 3338 747 3379 a
773 3320 994 3377 Iudaeis
1023 3326 1081 3376 et
1104 3319 1427 3391 gentilibus
1477 3335 1574 3375 res
1625 3323 1848 3376 nostrae
1889 3319 1953 3376 in
2001 3336 2130 3378 sce-

460 3427 609 3469 nam
630 3415 689 3467 et
719 3413 889 3467 actus
910 3409 1312 3465 deducuntur.
1361 3407 1658 3465 Discidisti
1686 3410 2128 3466 monachorum

462 3501 699 3569 studia;
750 3498 1161 3570 diligentiores
1193 3497 1608 3571 cautioresque
1656 3499 1719 3555 in
1747 3505 1976 3557 metum
2004 3501 2130 3558 for-

459 3589 876 3663 midinemque
906 3587 1231 3661 conjecisti,
1280 3586 1483 3644 adhuc
1512 3588 1742 3645 diaboli
1768 3593 2127 3661 potestatem

461 3680 878 3749 admirantes;
910 3678 1375 3750 negligentiores
1420 3694 1559 3735 vero
1608 3678 1689 3735 ad
1738 3679 2124 3752 sequendum

455 3769 904 3827 incontinentiae
952 3767 1298 3841 exemplum
1365 3767 1701 3825 traduxisti.
1764 3768 2122 3841 Dissolvisti,

457 3866 755 3934 quantum
787 3862 851 3917 in
880 3866 935 3917 te
963 3858 1520 3930 fuit,gloriationem
1548 3859 1907 3932 Christi,qui
1931 3859 2081 3917 dixit
2106 3877 2121 3918 :

459 3950 775 4022 Conﬁdz‘te,
836 3965 940 4021 ego
994 3951 1113 4005 vici
1164 3949 1458 4006 mundum
1491 3950 1561 4019 ⁵ο,
1603 3949 1858 4022 ejusque
1907 3950 2124 4021 princi-

457 4053 621 4110 pem.
656 4041 995 4096 Creatorem
1021 4037 1335 4094 dedecoris
1362 4037 1653 4094 miscuisti
1701 4039 1931 4111 patriae.
1980 4041 2123 4096 Vere

455 4127 781 4200 implevisti
805 4126 1217 4197 Proverbium,
1259 4128 1430 4183 Velut
1479 4143 1688 4184 cervus
1713 4129 1939 4199 sagitta
1968 4132 2122 4186 ictus

455 4218 517 4274 in
532 4219 737 4288 jecore
751 4218 819 4273 ⁵³.
856 4215 971 4274 Sed
992 4215 1141 4288 quid
1157 4216 1289 4288 jam
1310 4216 1338 4272 ?
1363 4219 1494 4272 Non
1515 4215 1729 4272 cecidit
1757 4216 2123 4274 fortitudinis

454 4308 655 4377 turris,
681 4323 716 4363 ο
750 4306 932 4362 frater
963 4322 978 4361 :
1007 4320 1132 4361 non
1155 4302 1608 4362 obsorduerunt
1636 4307 2020 4364 correctionis
2049 4324 2121 4365 ac

453 4396 860 4457 convectionis
875 4395 1164 4452 remedia:
1183 4410 1308 4452 non
1326 4394 1572 4452 occlusa
1592 4400 1681 4452 est
1698 4396 1908 4453 civitas
1923 4397 2121 4471 perfu-

452 4490 558 4561 gii.
588 4492 669 4546 Ne
715 4489 778 4545 in
806 4486 1112 4560 profundo
1144 4486 1446 4542 malorum
1495 4502 1877 4560 permaneas,
1911 4504 2023 4545 nec
2063 4493 2118 4545 te

450 4579 653 4637 trades
679 4576 1199 4636 homicidae.Novit
1218 4575 1512 4632 Dominus
1543 4576 1724 4633 elisos
1752 4578 2001 4648 erigere.
2034 4580 2117 4635 Ne

448 4669 663 4744 procul
688 4669 908 4741 fugias,
932 4667 1041 4725 sed
1069 4666 1151 4725 ad
1171 4682 1283 4724 nos
1318 4682 1576 4723 recurre.
1610 4669 1867 4724 Resume
1896 4667 2117 4725 iterum

447 4759 688 4817 labores
725 4758 1045 4831 juveniles,
1094 4756 1378 4814 secundis
1422 4760 1583 4812 recte
1607 4754 1782 4813 factis
1811 4756 1984 4814 humi
2028 4774 2116 4815 re-

451 4854 693 4921 pentem
734 4848 1167 4922 sordidamque
1204 4847 1577 4920 voluptatem
1606 4845 1834 4904 delens.
1866 4848 2113 4922 Respice

518 4975 566 5010 ‘9
596 4973 796 5031 Matth.
824 4988 883 5047 v,
908 4977 995 5031 37.
1074 4974 1123 5010 ⁸ο
1151 4975 1324 5031 Joan.
1356 4989 1469 5041 xvi,
1491 4975 1579 5031 33.

521 5118 630 5192 (45)
660 5117 901 5174 Μελεσιν.
927 5117 1098 5192 Coisl.
1132 5117 1365 5190 primus
1394 5122 1623 5192 μέρεσιν.

517 5190 773 5262 (46)ῨΤοῦ
802 5194 1013 5262 γόητος.
1035 5188 1347 5262 _Suspectae
1394 5188 1552 5246 mihi
1606 5192 1746 5262 sunt
1774 5188 1870 5246 hae
1903 5206 2106 5258 voces,

444 5260 582 5335 quae
613 5260 959 5335 ‘desuntAin
1011 5260 1260 5335 _d_uobus
1318 5261 1744 5318 vetustissimis
1794 5262 2107 5319 codicibus

442 5329 601 5391 Harl.
635 5341 693 5390 et
726 5331 899 5390 Coisl.
933 5329 1151 5405 primo.

512 5405 625 5478 (47)
658 5405 747 5478 Ei;
774 5403 1044 5457 τοσοῦτον.
1067 5406 1220 5478 Reg.
1253 5403 1556 5478 secundus
1595 5404 1665 5467 εἰς
1704 5405 1879 5461 τοῦτο.
1914 5405 2104 5464 Paulo

440 5482 581 5549 post
607 5474 744 5533 cod.
770 5478 1030 5533 Clarom.
1055 5474 1438 5547 ὑποσκέλισμα,

536 5551 620 5623 ᾇὸ)
655 5550 1092 5623 Προσφυγούγσας.
1126 5550 1252 5623 Quo
1278 5562 1424 5623 tnss.
1457 5551 1906 5623 προσφευγούσας.

533 5620 618 5688 49)
653 5618 754 5672 Καὶ
779 5618 1097 5696 τόν-τούτου.
1142 5618 1293 5696 Editi
1322 5622 1413 5670 καὶ
1441 5622 1529 5670 τόν
1552 5625 1643 5671 τοῦ
1664 5618 1866 5696 κόσμου
1887 5624 2096 5679 τούτου.

440 5686 660 5746 Omnes
693 5691 884 5750 nostri
908 5690 1147 5748 codices
1175 5695 1244 5749 ut
1270 5690 1334 5748 in
1365 5694 1552 5749 textu.

2240 3220 2417 3289 δαίοις
2484 3232 2575 3279 καὶ
2649 3226 2867 3287 Ἕλλησι
2921 3226 3407 3306 δραματουιογείται
3478 3234 3546 3284 τὰ
3602 3232 3862 3310 ἡμέτερα.

2239 3319 2471 3389 Διέτεμες
2528 3320 2769 3392 φρόνημα
2813 3328 3082 3392 μοναχών,
3133 3324 3251 3382 τοὺς
3309 3319 3710 3396 ἀκριϐεστέρους
3782 3323 3862 3386 εἰς

2239 3404 2393 3478 φόϐον
2437 3410 2526 3459 καὶ
2582 3403 2779 3460 δειλίαν
2829 3413 3039 3482 ἤγαγες,
3078 3411 3446 3484 θαυμάζοντας
3474 3414 3550 3465 ἔτι
3596 3420 3689 3465 τοῦ
3730 3409 3863 3466 δια-

2238 3493 2390 3549 ϐόλου
2446 3501 2540 3555 τὴν
2601 3493 2865 3571 δύναμιν⁸
2918 3504 3041 3561 τοὺς
3080 3496 3404 3577 ἀδιαφόρους
3445 3500 3512 3562 εἰς
3564 3500 3864 3565 ἀκολασίας

2238 3584 2393 3646 ζῆλον
2444 3588 2751 3659 μετέθηκας.
2806 3587 3053 3659 Ἐλυσας,
3107 3591 3228 3642 ὅσον
3304 3590 3391 3644 ἐπὶ
3452 3595 3555 3660 σοὶ,
3621 3594 3681 3644 τό
3757 3601 3864 3646 τοῦ

2236 3681 2472 3750 Χριστοῦ
2544 3679 2828 3751 καύχημα,
2898 3678 3169 3754 Θαρῥείτε,
3223 3679 3479 3752 λέγοντος,
3556 3678 3656 3753 ἐγὼ
3720 3687 3865 3737 νενί-

2234 3785 2374 3825 κηκα
2421 3769 2507 3819 τὸν
2563 3772 2783 3841 κόσμον,
2851 3773 2941 3821 καί
3013 3772 3101 3822 τόν
3154 3773 3338 3823 τούτου
3397 3772 3509 3843 (49)
3570 3772 3852 3845 ἄρχοντα.

2237 3855 2517 3930 Ἐκέρασας
2563 3865 2624 3931 τῇ
2700 3855 2926 3931 πατρίδι
2986 3868 3228 3934 κρατῆρα
3283 3857 3592 3934 δυσφημίας
3624 3876 3638 3889 ⁸
3691 3864 3865 3925 ὅντως

2234 3946 2306 4009 εἰς
2335 3949 2481 4020 ἔργον
2522 3950 2717 4020 ἤγαγες
2748 3951 2807 4000 τό
2851 3957 2943 4010 τῆς
2993 3954 3291 4024 Παροιμίας
3330 3954 3438 4021 (50)-
3470 3967 3484 3981 '
3526 3950 3614 4013 Ὠς
3660 3951 3861 4025 ἔλαφος

2231 4035 2487 4099 τοξευθεὶς
2547 4037 2617 4099 εἰς
2681 4038 2740 4089 τό
2784 4038 2949 4111 ἧπαρ.
2996 4037 3152 4092 Ἀλλὰ
3198 4043 3251 4091 τί
3305 4046 3438 4107 νῦν;
3504 4039 3580 4093 Οὐ
3640 4043 3862 4094 πέπτω-

2230 4144 2314 4177 κεν
2366 4126 2392 4177 ό
2447 4133 2537 4186 τῆς
2578 4125 2767 4197 ἰσχύος
2816 4130 3034 4203 πύργος,
3077 4124 3310 4201 ἀδελφέ’
3354 4128 3449 4182 οῦκ
3487 4128 3745 4204 ἐμωμήθη
3783 4133 3863 4185 τὰ

2229 4222 2323 4275 τῆς
2364 4212 2682 4288 ἐπιστροφῆς
2711 4217 2963 4289 φάρμακα
2994 4232 3008 4246 ·
3065 4216 3159 4270 οῦκ
3195 4214 3509 4277 ἀπεκλείσθη
3541 4226 3634 4272 τοῦ
3686 4239 3862 4280 κατα,

2231 4308 2545 4379 φευκτηρίου
2603 4306 2633 4362 ἡ
2694 4304 2858 4367 πόλις.
2908 4310 2995 4364 Μὴ
3039 4314 3112 4377 τῷ
3165 4304 3320 4379 βάθει
3364 4315 3465 4360 τῶν
3513 4316 3686 4361 κακῶν
3728 4307 3859 4363 ἔνα-

2228 4397 2474 4467 πομείνης
2506 4415 2519 4427 ·
2553 4394 2624 4466 μὴ
2661 4399 2882 4468 χρήσῃς
2906 4396 3018 4466 (51)
3053 4400 3273 4450 σεαυτόν
3302 4406 3376 4470 τῷ
3407 4395 3855 4473 ἀνθρωποκτόνῳ.

2230 4480 2386 4537 Οἶδεν
2436 4482 2683 4559 ἀνορθοῦν
2722 4484 3164 4561 κατεῤῥαγμένους
3214 4488 3240 4540 ό
3300 4490 3511 4562 Κύριος.
3568 4494 3730 4561 Φεῦγε
3770 4494 3857 4563 μή

2224 4578 2451 4650 μακρὰν,
2501 4574 2630 4629 ἀλλά
2675 4580 2806 4652 πρός
2855 4578 2992 4651 ἡμᾶς
3033 4574 3326 4655 ἀνάδραμε.
3373 4578 3623 4633 Ἀνοίλαϐε
3679 4580 3855 4634 πάλιν

2224 4669 2491 4729 νεανικοὺς
2554 4670 2762 4736 πόνους,
2827 4662 3089 4741 δευτέροις
3163 4670 3542 4743 κατορθώμασι
3612 4666 3861 4724 διαλύων

2223 4760 2318 4816 τὴν
2355 4756 2695 4830 χαμαίζηλον
2732 4761 2824 4810 καὶ
2861 4754 3095 4829 γλοιώδη
3137 4760 3250 4832 (52)
3284 4755 3501 4819 ἡδονήν.
3531 4758 3858 4814 Ἀνοίνευσόν

2224 4846 2291 4908 εἰς
2329 4851 2417 4906 τὴν
2447 4854 2540 4902 τοῦ
2595 4846 2771 4910 τέλους
2823 4848 3044 4922 ἡμέραν,
3097 4847 3234 4902 οὕτω
3295 4854 3736 4924 προσεγγίσασαν
3775 4858 3850 4924 τῇ

1655 4974 1698 5009 ⁵¹
1726 4975 1901 5031 Prov.
1922 4990 2043 5044 VIII,
2067 4978 2168 5042 22,
2197 4976 2288 5031 23.

2291 5115 2412 5203 (ἕρ).
2454 5119 2525 5203 ’ζρ
2563 5124 2657 5203 τῇς
2683 5121 2991 5203 παροιμίας.
3052 5118 3146 5203 Sic
3197 5117 3855 5203 emendavimus,_ope

2220 5187 2631 5265 codicisHarl.
2669 5195 2727 5246 et
2755 5187 3014 5248 aliorum
3052 5191 3337 5261 duorum,
3371 5191 3539 5265 quod
3594 5187 3727 5249 erat
3762 5187 3857 5250 'in

2218 5259 2400 5337 editis.
2414 5264 2503 5321 τὰς
2532 5267 2840 5337 παροιμίας.

2300 5332 2410 5408 (51)
2438 5337 2527 5408 Μὴ
2555 5332 2794 5407 χρήσῃς.
2833 5335 2924 5392 Sic
2954 5334 3136 5405 Harl.,
3163 5333 3339 5392 Coisl.
3363 5334 3597 5408 primus
3628 5337 3686 5393 et
3714 5339 3856 5393 tres

2214 5404 2336 5466 alii.
2369 5404 2521 5480 Editi
2556 5404 2906 5480 μόσχρἠζῃς.

2283 5478 2389 5553 (52)
2430 5474 2841 5553 Γλοιώδήῗδξο.
2873 5478 3010 5536 cod.
3041 5477 3297 5553 Clarom.
3332 5482 3390 5535 et
3420 5478 3631 5553 Paris._,
3667 5495 3856 5551 quo—

2209 5548 2349 5624 rum
2362 5548 2671 5624 scriptura
2686 5550 2924 5624 videtur
2945 5550 3323 5624 prmferenda
3339 5556 3396 5607 et
3414 5550 3590 5624 editis
3610 5551 3673 5624 in
3688 5548 3857 5624 qui-

2206 5623 2329 5697 bus
2359 5619 2577 5697 legitur
2603 5619 2876 5697 yluxo'id‘n,
2913 5619 2970 5697 et
2992 5621 3121 5697 aliis
3149 5638 3301 5678 mss.
3333 5622 3558 5697 partim
3605 5619 3849 5697 γλυῶδη

2206 5689 2578 5756 habentibus
2585 5689 2861 5768 ,partim
2897 5689 3175 5768 γελοιώδη,
