4114 6404
321 294 424 351 369

1341 299 1833 359 EPISTOLARUM
1873 299 2156 358 CLASSIS
2193 301 2237 356 1.
2278 301 2496 358 EPIST.
2539 302 2715 358 XLVI.

3621 302 3730 356 3'70

320 420 430 493 ζωῇ
474 422 647 493 ape»,
688 422 785 473 καὶ
820 424 994 494 γνῶθι
1040 430 1150 487 πῶς
1186 422 1364 479 λοιπὸν
1401 423 1670 481 Ἰουδαίων
1708 431 1800 480 καὶ
1845 425 1937 480 Ἐλ-

2063 425 2144 482 ad
2169 425 2307 481 ﬁnis
2338 425 2520 497 diem,
2565 426 2649 483 ita
2671 426 2803 483 vitae
2833 428 3054 483 nostris
3084 425 3353 483 vicinum
3382 441 3453 483 ac
3483 425 3733 498 propin-

318 508 487 567 λήνων
534 505 730 572 παῖδες
760 512 1163 567 συνελαύνονται
1200 517 1328 588 πρὸς
1380 516 1689 583 θεοσέϐειαν,
1740 521 1827 569 καὶ
1880 520 1949 589 μὴ

322 597 645 662 ἁπαξαπλῶς
676 598 958 677 ἀπαρνήσῃ
1002 607 1092 656 τὸν
1130 611 1222 658 τοῦ
1252 609 1455 679 κόσμου
1497 614 1731 681 Σωτῆρα·
1770 609 1842 679 μή
1892 625 1950 659 σε

319 690 351 746 ἡ
387 685 802 763 φρικωδεστατη
855 691 1022 750 ἐκείνη
1069 692 1335 769 καταλάϐῃ
1393 694 1672 770 ἀπόφασις,
1706 697 1804 764 ὅτι,
1839 695 1950 748 Οὐκ

318 774 451 832 οἶδα
479 777 638 852 ὑμᾶς,
672 783 810 844 τίνες
841 780 978 837 ἐστέ.

815 958 932 1033 (53)
970 967 1300 1019 ΕΡΙΣΤΟΛΗ
1339 963 1467 1030 Μς’.

2061 530 2273 587 quum,
2304 518 2565 571 etnosce
2592 515 2907 589 quomodo
2927 516 3059 587 jam
3088 515 3433 571 Judaeorum
3456 513 3513 571 et
3531 514 3730 571 Genti-

2058 602 2208 659 lium
2233 603 2342 659 filii
2371 605 2449 660 ad
2472 605 2574 661 Dei
2603 606 2830 662 cultum
2864 605 3450 677 compelluntur,nec
3479 603 3728 660 omnino

2060 690 2326 763 abneges
2354 695 2570 751 mundi
2599 696 2977 752 Servatorem
3006 713 3019 750 :
3053 710 3129 750 ne
3156 699 3210 750 te
3248 692 3514 750 maxime
3542 693 3731 749 horri-

2060 781 2196 837 bilis
2228 782 2328 839 illa
2358 783 2838 857 comprehendat
2873 783 3208 841 sententia:
3258 784 3400 839 Non
3434 783 3578 839 novi
3604 797 3724 853 vos,

2059 874 2306 945 quinam
2333 875 2462 930 sitis
2486 875 2555 929 ⁵³.

2490 965 2828 1022 EPISTULA
2869 965 3026 1019 XLVI
3088 963 3290 1036 135.

320 1048 613 1126 Virginem
631 1048 844 1126 lapsam
860 1050 1211 1126 vehementer
1225 1056 1413 1125 arguit
1429 1057 1625 1110 auctor
1648 1054 2158 1126 epistolaneamque
2176 1052 2520 1126 virginitatis
2536 1057 2676 1119 volo,
2688 1053 2835 1125 quod
2848 1052 3100 1124 negabat,
3118 1052 3575 1126 vereobstriclam
3587 1052 3727 1126 fuis-

386 1135 447 1197 se
466 1119 817 1197 demonstrat
829 1134 859 1197 ,°_
868 1139 937 1197 ac
948 1122 1193 1197 dolorem
1205 1119 1368 1179 suum
1382 1119 1689 1197 signiﬁcat;
1706 1125 1868 1195 quod,
1895 1119 2108 1197 Christo
2137 1119 2634 1197 sponsoqderelicto,
2664 1119 2900 1195 impium
2918 1119 3300 1197 corruptorem
3336 1119 3725 1193 elegerit.'Pos-

393 1195 573 1247 tremo
592 1195 815 1256 mortis,
827 1193 1039 1263 judicii
1061 1199 1114 1250 et
1139 1198 1338 1252 mterni
1353 1193 1615 1269 supplicii
1633 1193 1807 1267 metu,
1831 1213 1895 1252 ac
1912 1211 2006 1266 spe
2026 1194 2420 1250 misericordia:
2440 1196 2643 1251 divinae
2664 1193 3147 1266 adpaznilentiam
3174 1195 3444 1251 adducere
3468 1198 3720 1251 conatur.

743 1284 882 1355 Πρός
906 1285 1159 1358 παρθένον
1187 1285 1531 1341 ἐκπεσοῦσαν.

406 1373 587 1423 1.Νῦν
637 1372 826 1445 καιρὸς
867 1369 1121 1431 ἐκϐοῆσαι
1166 1376 1224 1427 τό
1269 1378 1590 1450 προφητικὸν
1630 1372 1809 1441 ἐκεῖνο,
1855 1379 1946 1428 καὶ

334 1457 517 1512 εἰπεῖν·
547 1463 627 1519 Τίς
656 1455 824 1512 δώσει
854 1468 916 1534 τῇ
950 1462 1142 1536 κεφαλῇ’
1171 1483 1272 1537 μου
1304 1461 1474 1539 ὕδωρ,
1504 1469 1596 1516 καὶ
1622 1471 1728 1526 τοῖς
1760 1464 1946 1538 ὀφθαλ-

334 1554 453 1621 μοῖς
478 1568 577 1620 μου
602 1553 784 1620 πηγὴν
816 1546 1081 1625 δακρύων,
1132 1557 1221 1605 καὶ
1250 1552 1549 1627 κλαύσομαι
1573 1556 1694 1616 τούς
1724 1573 1944 1628 τετραυ-

329 1641 677 1710 ματισμένους
708 1641 825 1705 (Si)
860 1640 1120 1716 θυγατρὸς
1138 1641 1267 1695 λαοῦ
1292 1663 1393 1715 μου
1420 1660 1432 1711 ;
1482 1643 1541 1696 Εἰ
1567 1645 1667 1718 γὰρ
1698 1647 1789 1696 καὶ
1818 1647 1944 1696 τοῦ-

326 1745 441 1788 τονς
479 1724 683 1798 βαθεῖα
710 1731 948 1801 περιέχει
982 1734 1129 1803 σιγὴ,
1176 1737 1267 1785 καὶ
1304 1739 1501 1785 κεῖνται
1532 1732 1674 1796 ἅπαξ
1708 1752 1937 1808 κεκαρω-

2526 1284 2625 1340 Ad
2664 1285 2948 1355 virginem
2989 1286 3245 1354 lapsam.

2128 1375 2178 1427 1.
2220 1375 2388 1428 Nunc
2414 1375 2657 1446 tempus
2694 1373 3073 1429 exclamandi
3103 1371 3522 1446 propheticum
3549 1371 3718 1439 illud,

2053 1476 2122 1517 ac
2146 1461 2413 1519 dicendi:
2451 1463 2592 1531 Quis
2616 1462 2784 1520 dabit
2805 1464 2995 1533 capiti
3017 1478 3143 1520 meo
3174 1478 3414 1535 aquam,
3447 1468 3503 1519 et
3529 1463 3719 1519 oculis

2050 1554 2194 1608 meis
2213 1553 2447 1622 fontem
2478 1554 2915 1624 lacrymarum,
2937 1558 2993 1610 et
3019 1552 3345 1623 deplorabo
3376 1553 3719 1608 vulneratos

2049 1640 2195 1708 ﬁlim
2214 1642 2436 1710 populi
2462 1643 2581 1698 mei
2601 1642 2689 1696 53?
2727 1641 3018 1707 Quamvis
3064 1640 3227 1697 enim
3254 1640 3388 1696 illos
3418 1640 3608 1696 altum
3640 1640 3719 1695 si-

2049 1717 2301 1784 lentium
2339 1733 2556 1798 teneat,
2601 1733 2966 1803 jaceantque
2999 1728 3185 1785 semel
3213 1728 3376 1785 malo
3395 1727 3614 1795 obruti,
3646 1743 3719 1785 ac

315 1820 460 1888 μένοι
487 1824 563 1885 τῷ
596 1812 774 1887 δεινῷ,
809 1822 901 1870 καὶ
930 1827 1003 1890 τῷ
1035 1824 1224 1894 καιρίῳ
1260 1829 1352 1883 τῆς
1387 1821 1591 1895 πληγῆς
1623 1821 1937 1897 ἀφῃρημένοι

2054 1817 2265 1874 lethale
2287 1818 2505 1875 vulnus
2522 1820 2724 1892 ipsum
2749 1820 2930 1876 etiam
2947 1818 3094 1875 mali
3115 1834 3362 1874 sensum
3383 1817 3714 1888 abstulerit;

312 1909 404 1957 καὶ
444 1904 617 1963 αὐτὴν
678 1902 788 1965 ἤδη
836 1914 928 1960 τοῦ
977 1910 1180 1970 πάθους
1220 1914 1312 1969 τὴν
1363 1913 1637 1970 αἴσθησιν·
1685 1910 1794 1963 ἀλλ’
1836 1910 1941 1982 οὐχ

313 1996 452 2067 ἡμᾶς
500 2014 563 2067 γε
612 1998 858 2068 παριέναι
907 1993 1170 2072 ἀδακρυτὶ
1201 2006 1451 2052 τοσοῦτον
1498 2009 1689 2073 πτῶμα
1715 2006 1849 2075 χρή.
1880 2001 1942 2054 Εἰ

312 2086 415 2159 γὰρ
449 2082 706 2157 Ἱερεμίας
739 2088 861 2148 τοὺς
896 2085 947 2138 ἐν
972 2086 1177 2161 πολέμῳ
1214 2092 1282 2141 τὰ
1337 2108 1559 2162 σωματα
1608 2089 1942 2162 πεπληγότας

309 2177 521 2246 μυρίων
559 2175 763 2246 θρήνων
803 2173 978 2238 ἀξίους
1008 2178 1192 2250 ἔκρινε·
1225 2182 1278 2230 τί
1306 2179 1367 2230 ἄν
1408 2198 1488 2240 τις
1517 2181 1654 2231 εἴποι
1681 2183 1813 2254 πρὸς
1839 2199 1940 2238 τη-

306 2260 568 2320 λικαύτην
598 2262 795 2335 ψυχῶν
828 2268 1129 2339 συμφοράη
1162 2268 1228 2319 Οἱ
1255 2272 1578 2342 τραυματίαι
1608 2288 1723 2338 σου,
1757 2274 1935 2341 φησιν,

311 2351 373 2404 οὐ
410 2356 746 2427 τραυματίαι
781 2354 1067 2429 ῥομφαίας,
1115 2360 1205 2409 καὶ
1252 2359 1301 2410 οἱ
1338 2362 1510 2433 νεκροί
1542 2377 1636 2410 σου
1672 2358 1731 2409 οῦ
1770 2364 1940 2433 νεκροὶ

314 2440 567 2515 πολέμου.
597 2441 755 2494 Ἀλλὰ
768 2446 824 2496 τό
850 2446 1057 2518 κέντρον
1080 2452 1169 2498 τοῦ
1201 2449 1350 2507 dum;
1382 2448 1626 2515 θανάτου,
1654 2451 1748 2506 τὴν
1776 2447 1942 2520 χαλε-

312 2536 420 2591 πὴν
462 2532 738 2606 ἁμαρτίαν
769 2529 1051 2609 ὀδύρομαι,
1084 2540 1175 2589 καὶ
1203 2538 1271 2589 τὰ
1298 2541 1643 2611 πεπυρωμένα
1672 2545 1762 2590 τοῦ
1783 2557 1940 2597 πονη-

310 2630 412 2697 ροῦ
436 2620 593 2695 βέλη,
626 2622 813 2695 ψυχὰς
852 2625 984 2698 ὁμοῦ
1011 2627 1142 2699 μετὰ
1174 2629 1429 2700 σωμάτων
1470 2626 1809 2703 βαρϐαρικῶς
1837 2649 1938 2682 κα-

310 2711 665 2785 ταφλέξαντα.
709 2712 777 2766 ’Ἡ
808 2713 1012 2786 μέγαλα
1041 2716 1155 2786 (55)
1187 2714 1248 2767 ἆν
1280 2717 1575 2779 στενάξειαν
1602 2720 1651 2770 οἱ
1681 2724 1772 2770 τοῦ
1805 2725 1938 2772 Θεοῦ

308 2805 495 2874 νόμοι,
520 2802 827 2860 τηλικοῦτον
855 2804 984 2876 ἄγος
1023 2806 1106 2857 ἐπὶ
1127 2814 1229 2877 γῆς
1259 2805 1637 2874 ἐπιϐλέποντες,
1671 2810 1781 2880 οἶγε
1807 2807 1937 2862 ἀπα-

312 2895 628 2965 γορεύοντες
663 2892 741 2946 ἀεὶ
783 2898 875 2947 καὶ
907 2893 1151 2968 βοῶντες,
1183 2896 1347 2949 πάλαι
1390 2901 1501 2971 μέν·
1536 2898 1646 2951 Οὐκ
1677 2898 1936 2973 ἐπιθυμή-

324 2998 445 3042 cst;
474 2984 567 3038 τὴν
608 2989 827 3053 γυναῖκα
854 2991 948 3036 τοῦ
987 2983 1209 3043 πλησίοι
1257 3005 1373 3039 σου·
1413 2983 1507 3040 διὰ
1538 2984 1597 3040 δὲ
1640 2997 1740 3040 τῶν
1772 2988 1934 3061 ἁγίων

323 3068 670 3140 Εὖαγγελίων,
704 3072 782 3123 ὅτι
812 3077 920 3133 Πᾶς
946 3073 970 3124 ὁ
1012 3071 1272 3145 ἐμϐλέπων
1301 3076 1415 3147 56)
1464 3081 1679 3147 γυναικί
1702 3082 1832 3150 πρός
1876 3081 1934 3130 τὸ

314 3156 651 3231 ἐπιθυμῆσαι
679 3160 847 3222 αὐτῆς
891 3158 963 3220 io“
969 3182 999 3220 η
1034 3161 1341 3235 ἐμοίχευσεν
1373 3164 1536 3223 αὐτὴν
1567 3164 1616 3217 ἐν
1644 3174 1706 3240 τῇ
1737 3164 1937 3242 καρδία

312 3248 508 3304 αὑτοῦ.
541 3256 649 3303 Νῦν
677 3248 738 3303 δὲ
769 3250 1026 3327 ἐφορῶσιν
1059 3252 1221 3312 αὐτὴν
1251 3251 1415 3316 ἀδεῶς
1435 3261 1818 3329 μοιχευομένην
1842 3265 1935 3310 τοῦ

309 3343 586 3392 Δεσπότου
614 3339 728 3412 (5⁸7)
758 3345 852 3401 τὴν
882 3343 1106 3414 νύμφην,
1130 3342 1162 3401 ἦ
1172 3363 1194 3404 ς
1215 3344 1245 3401 ἡ
1284 3344 1475 3416 κεφαλὴ
1498 3345 1522 3397 ὁ
1556 3350 1797 3418 Χριστός.
1825 3355 1936 3400 Στε-

307 3428 485 3493 νοξξειε
535 3425 588 3481 δ’
634 3428 694 3481 ἂν
729 3434 821 3482 καὶ
865 3430 1001 3482 αῦτά
1045 3439 1145 3483 τῶν
1191 3432 1356 3505 ἁγίων
1395 3436 1461 3486 τὰ
1503 3437 1772 3507 πνεύματα
1797 3436 1933 3509 (58)⁸

309 3521 489 3580 Φινεὲς
518 3521 613 3590 μὲν
652 3520 677 3570 ὁ
726 3519 987 3585 ζηλωτὴς,
1034 3521 1113 3573 ὅτι
1164 3526 1236 3594 μὴ
1292 3526 1382 3575 καὶ
1418 3530 1508 3574 νῦν
1541 3522 1737 3587 ἔξεστιν
1770 3525 1932 3596 αὐτῷ,

306 3610 403 3659 τὸν
468 3610 829 3681 σειρομοίστην
897 3612 1028 3682 μετὰ
1090 3618 1280 3685 χεῖρας
1332 3611 1561 3684 λαϐόντι,
1625 3622 1938 3688 σωματικῶς

306 3694 610 3755 ἐκδικῆσαι
648 3701 709 3750 τὸ
749 3698 940 3770 μύσος·
993 3699 1018 3751 ὀ
1070 3695 1129 3752 δὲ
1186 3704 1486 3762 Βαπτιστὴς
1545 3701 1804 3772 Ἰωάννης,
1855 3705 1936 3756 ὄτι

303 3791 383 3859 μὴ
415 3782 668 3852 δύναται,
716 3787 1014 3840 καταλιπὼν
1059 3790 1148 3850 τὰς
1191 3790 1296 3841 ἄνω
1351 3787 1650 3867 διατριϐὰς,
1699 3794 1933 3868 καθάπερ

304 3882 429 3930 τότε
487 3881 585 3936 τὴν
643 3880 855 3954 ἔρημον,
918 3877 1002 3931 ἐπὶ
1056 3882 1142 3931 τόν
1192 3879 1410 3953 ἔλεγχον
1454 3889 1553 3945 τῆς
1608 3889 1937 3957 παρανομίας

306 3964 559 4043 δραμεῖν,
605 3974 697 4021 καὶ
759 3969 805 4022 εἱ
847 3966 1034 4022 παθεῖν’
1069 3989 1121 4022 τι
1160 3967 1294 4036 δέοι,
1334 3976 1428 4030 τὴν
1479 3972 1708 4046 κεφαλὴν
1740 3973 1935 4028 ἀποθέ-

309 4059 445 4108 σθαι
475 4057 664 4129 μᾶλλον
694 4058 724 4118 ἢ
759 4062 854 4117 τὴν
901 4058 1222 4135 παρρησίαν.
1279 4062 1439 4134 Τάχα
1485 4059 1544 4114 δὲ
1737 4063 1932 4136 μᾶλλον

316 4148 464 4218 εἰπερ
496 4151 600 4219 ’καὶ
639 4149 789 4220 ἡμῖν,
822 4150 959 4201 κατὰ
988 4152 1075 4201 τόν
1102 4151 1361 4223 μακάριον
1417 4150 1592 4223 Ἅϐελ,
1638 4157 1729 4205 καὶ
1781 4152 1938 4215 αὐτὸς

307 4232 586 4287 ἀποθανὼν
627 4239 704 4288 ἔτι
746 4235 909 4307 λαλεῖ,
965 4241 1055 4289 καὶ
1094 4245 1182 4290 νῦν
1217 4237 1321 4311 βοᾷ
1359 4243 1451 4291 καὶ
1506 4244 1727 4314 κέκραγε
1756 4242 1935 4313 μεῖξον

300 4326 326 4378 ὁ
372 4325 620 4386 Ἰωάννης
662 4326 693 4386 ᾖ
749 4331 866 4399 περὶ
909 4335 1007 4388 τῆς
1051 4324 1385 4403 Ἡρωδιάδος
1422 4333 1558 4397 τότε,
1607 4331 1719 4382 Οῦκ
1759 4331 1931 4394 ἐξεστί

305 4435 391 4468 σοι
418 4413 570 4487 ἔχειν
596 4415 777 4474 αὐτήν.
815 4420 916 4470 Καὶ
944 4419 1069 4489 γὰρ,
1122 4417 1165 4469 εἰ
1208 4421 1266 4470 τό
1317 4427 1470 4492 σῶμα
1502 4419 1763 4489 Ἰωάννου,
1801 4424 1940 4473 κατὰ

2049 1922 2162 1962 nos
2184 1910 2387 1963 tamen
2408 1907 2536 1963 sine
2556 1907 2844 1980 lacrymis
2868 1912 3101 1964 tantum
3132 1923 3343 1963 casum
3369 1907 3717 1980 praetermit-

2048 1998 2171 2051 tere
2212 2012 2337 2051 non
2377 2000 2633 2069 oportet.
2665 1997 2916 2066 Etenim,
2961 1997 3012 2052 si
3054 2012 3318 2070 quorum
3361 2011 3616 2068 corpora
3652 1995 3716 2052 in

2046 2085 2207 2141 bello
2235 2101 2524 2157 percussa
2553 2091 2742 2153 erant,
2790 2102 2893 2141 eos
2939 2085 3227 2142 Jeremias
3258 2085 3593 2141 innumeris
3620 2084 3713 2141 la-

2048 2174 2274 2247 crymis
2301 2175 2519 2244 dignos
2539 2174 2871 2247 judicavit:
2915 2176 3211 2248 quidnam
3239 2174 3378 2247 quis
3413 2173 3628 2230 dixerit
3650 2173 3714 2230 in

2047 2268 2216 2321 tanta
2245 2265 2588 2321 animarum
2611 2266 2989 2323 calamitate?
3023 2267 3338 2322 Vulnerati
3366 2266 3471 2336 tui,
3498 2264 3712 2337 inquit,

2048 2370 2169 2411 non
2198 2360 2339 2411 sunt
2372 2358 2681 2413 vulnerati
2698 2356 2915 2427 gladii,
2961 2361 3015 2411 et
3049 2357 3276 2412 mortui
3307 2356 3398 2411 lui
3423 2370 3544 2411 non
3571 2359 3714 2411 sunt

2047 2446 2274 2500 mortui
2312 2445 2539 2501 belli“.
2577 2446 2690 2503 Sed
2730 2460 2884 2501 verae
2928 2444 3137 2501 mortis
3179 2444 3457 2501 aculeum
3496 2443 3712 2512 deﬂeo,

2048 2539 2365 2606 peccatum
2397 2551 2599 2606 grave,
2624 2540 2680 2592 et
2702 2535 2891 2605 ignita
2916 2534 3163 2605 maligni
3180 2534 3406 2605 jacula,
3424 2551 3561 2607 quae
3592 2534 3715 2591 ani-

2046 2639 2182 2679 mas
2213 2640 2337 2680 una
2378 2640 2518 2680 cum
2555 2624 2913 2697 corporibus
2942 2623 3262 2680 crudeliter
3290 2623 3705 2680 combussere.

2048 2715 2211 2770 Certe
2244 2715 2465 2771 scelere
2504 2718 2673 2771 tanto
2704 2714 2765 2770 in
2798 2719 2953 2771 terra
2983 2720 3314 2786 conspecto
3339 2713 3516 2771 valde
3543 2714 3714 2784 inge-

2044 2804 2305 2859 muerint
2327 2804 2427 2859 Dei
2456 2803 2640 2874 leges,
2670 2819 2807 2876 quae
2833 2803 3198 2859 interdicunt
3224 2818 3482 2875 semper,
3507 2818 3579 2859 ac
3599 2803 3715 2860 cla-

2045 2897 2234 2963 mant,
2270 2892 2416 2949 olim
2444 2892 2716 2966 quidem,
2738 2894 2873 2949 Non
2899 2893 3279 2962 concupisces
3299 2908 3547 2950 uxorem
3567 2908 3715 2963 pro-

2044 2984 2199 3040 ximi
2226 2984 2320 3040 tui
2342 2985 2430 3038 55:
2482 2999 2588 3055 per
2629 2998 2813 3039 sacra:
2851 2998 2992 3039 vero
3021 2982 3386 3053 Evangelia:
3439 2982 3715 3054 Quisquis

2046 3073 2263 3128 viderit
2305 3074 2620 3130 mulierem
2669 3073 2751 3129 ad
2799 3073 3347 3142 concupiscendum
3396 3087 3547 3141 eam,
3576 3074 3715 3142 jam

2046 3162 2377 3231 moechatus
2420 3168 2505 3220 est
2534 3177 2666 3219 eam
2713 3163 2777 3218 in
2826 3163 3007 3218 corde
3049 3177 3152 3218 suo
3179 3163 3250 3220 ⁵⁸.
3296 3164 3464 3218 Nunc
3511 3165 3716 3219 autem

2046 3252 2249 3309 vident
2278 3251 2643 3308 adulterium
2686 3251 3072 3323 impudenter
3119 3251 3493 3307 committere
3516 3250 3718 3322 ipsam

2046 3341 2286 3398 Domini
2327 3356 2641 3414 sponsam,
2670 3341 2843 3413 cujus
2889 3345 3070 3413 caput
3101 3339 3397 3397 Christus.
3447 3339 3716 3397 Profecto

2046 3435 2104 3487 et
2148 3432 2262 3504 ipsi
2308 3432 2718 3501 ingemiscant
2753 3435 3099 3488 sanctorum
3131 3430 3413 3503 spiritus:
3464 3430 3720 3487 Phinees

2045 3521 2298 3594 quidem
2324 3521 2560 3594 zelotes,
2610 3521 2777 3594 quod
2821 3536 2945 3576 non
2989 3521 3171 3577 etiam
3210 3535 3374 3576 nunc
3421 3519 3476 3576 ei
3520 3519 3715 3592 liceat,

2045 3611 2220 3668 hasta
2239 3612 2300 3667 in
2323 3626 2513 3667 manu
2535 3616 2801 3683 sumpta,
2827 3610 3215 3682 corporaliter
3240 3610 3438 3666 scelus
3470 3609 3716 3667 ulcisci:

2044 3702 2304 3758 Joannes
2332 3717 2476 3757 vero
2504 3700 2789 3773 Baptista,
2840 3699 3009 3772 quod
3056 3715 3180 3755 non
3226 3699 3443 3771 possit,
3500 3699 3721 3756 relictis

2047 3790 2322 3863 supernis
2373 3790 2646 3856 sedibus,
2693 3793 2759 3845 ut
2805 3789 2949 3845 olim
2996 3788 3340 3853 solitudine,
3392 3788 3468 3844 ad
3517 3788 3722 3844 redar-

2046 3880 2357 3951 guendam
2395 3879 2773 3952 iniquitatem
2824 3893 3169 3943 accurrere;
3224 3893 3294 3933 ac
3325 3877 3375 3933 si
3417 3876 3568 3950 quid
3592 3876 3720 3949 pati

2045 3973 2337 4043 oporteat,
2365 3973 2549 4041 caput
2575 3968 2774 4041 potius
2805 3967 3078 4025 amittere
3107 3982 3296 4040 quam
3333 3966 3625 4040 loquendi
3652 3966 3720 4022 li-

2046 4059 2360 4116 bertatem.
2394 4058 2547 4124 Quin
2592 4057 2814 4130 potius,
2865 4057 3165 4130 siquidem
3214 4061 3270 4113 et
3316 4056 3494 4114 nobis
3535 4056 3716 4113 beati.

2046 4149 2244 4206 Abelis
2310 4148 2610 4221 exemplo,
2661 4147 2797 4204 licet
2838 4152 3133 4217 mortuus,
3178 4146 3380 4203 adhuc
3426 4147 3715 4220 loquitur,

2049 4242 2231 4297 etiam
2255 4256 2419 4296 nunc
2446 4240 2669 4296 clamat
2699 4244 2755 4295 et
2803 4238 3167 4296 vociferatur
3213 4237 3391 4294 altius
3431 4241 3715 4306 Joannes,

2047 4347 2233 4404 quam
2267 4330 2408 4386 olim
2440 4330 2515 4385 de
2544 4329 2881 4386 Herodiade
2912 4347 2924 4384 :
2974 4330 3111 4385 Non
3163 4329 3302 4385 licet
3351 4328 3460 4383 tibi
3496 4328 3716 4384 habere

2050 4436 2179 4477 eam
2203 4421 2271 4474 ⁵⁷.
2316 4418 2432 4475 Etsi
2481 4419 2641 4474 enim
2682 4418 2930 4475 Joannis
2959 4433 3200 4489 corpus,
3255 4420 3437 4489 prout
3480 4419 3713 4471 naturas

305 4509 363 4556 τό
386 4503 681 4576 ἀναγκαῖον
716 4513 779 4578 τῇ
814 4508 987 4578 φύσει,
1036 4510 1123 4559 τόν
1170 4508 1303 4560 θεῖον
1356 4510 1473 4582 ὅρον
1519 4496 1875 4573 ἐδέξατοίκαὶ
1907 4512 1936 4570 ἡ

2054 4510 2457 4566 necessarium
2483 4513 2588 4580 est,
2625 4508 2896 4564 divinam
2942 4506 3300 4563 sententiam
3349 4505 3598 4577 excepit,
3633 4506 3712 4562 si-

302 4593 528 4667 γλῶσσα
561 4600 711 4667 σιγᾷ·
764 4594 905 4650 Ἀλλ’
937 4597 963 4647 ὁ
994 4594 1147 4668 λόγος
1176 4605 1268 4649 τοῦ
1320 4605 1455 4652 Θεοῦ
1496 4598 1555 4651 οῦ
1610 4595 1844 4655 δέδεται.
1880 4600 1938 4652 Ὀ

372 4711 422 4746 ⁵³
464 4712 612 4766 Luc.
642 4725 762 4777 xm,
785 4714 875 4767 '27.

367 4837 485 4911 (5‘53)
530 4832 754 4911 Ruffini
796 4834 1258 4911 translationem
1301 4837 1616 4911 antiquam
1660 4838 1932 4896 Latinam

290 4905 487 4983 hujus
510 4905 789 4983 epistola:
820 4906 1029 4962 habes.
1061 4911 1153 4977 III,
1187 4924 1246 4981 p.
1279 4913 1383 4983 740
1414 4905 1585 4983 séqq.

367 4981 492 5047 (54)
534 4981 669 5038 Τοὺς
689 4983 1255 5052 τετραυματισμένους.
1289 4981 1381 5038 Sic
1412 4981 1563 5037 mss:
1594 4986 1748 5038 octo.
1784 4982 1934 5039 Ediii

301 5055 357 5124 τρ
383 5053 719 5124 σύντριμμα.
758 5050 994 5124 Habent
1014 5050 1219 5124 tamen
1240 5058 1303 5107 ut
1327 5052 1489 5119 editi,
1512 5053 1634 5108 duo
1665 5055 1930 5109 vetustis-

301 5122 436 5177 simi
470 5122 720 5197 cOdices
748 5122 896 5177 Med.
946 5122 1216 5197 et__C0isl.
1246 5124 1496 5197 primus.
1535 5125 1648 5180 Sed
1676 5141 1812 5197 quis
1844 5141 1933 5181 se-

300 5198 578 5264 quuntur
594 5192 960 5264 scripturam
975 5193 1231 5249 aliorum
1248 5192 1525 5251 codicum
1545 5192 1930 5254 confirmant.

302 5265 485 5321 Paulo
517 5269 662 5338 post
707 5264 881 5340 Coisl.
926 5264 1501 5340 ΡΓὶωιιεγτηλικοῦτ-ον
1532 5275 1740 5340 πτῶμα,
1776 5269 1930 5323 alius

298 5336 557 5408 τοιοῦτον,
591 5342 715 5411 tres
748 5336 850 5391 alii
879 5343 1108 5390 τοιοῦτο.
1138 5339 1268 5393 Mox
1304 5338 1465 5395 idem
1495 5336 1666 5395 Coisl'.
1699 5340 1933 5411 primus

298 5414 355 5460 τὸ
388 5419 544 5483 σῶμα
572 5408 938 5483 πεπληγότας.

372 5477 483 5550 (55)
524 5481 592 5535 Ἥ
626 5477 1295 5553 μεγάλαηβξολυῐοτῳιθ
1324 5480 1519 5547 Coisl.,
1542 5480 1705 5552 Regii
1734 5486 1848 5538 tres
1875 5487 1931 5539 et

310 5556 551 5626 uterque
588 5549 787 5626 B'ig'ot.
820 5549 984 5608 Editi
1018 5549 1046 5609 ἦ
1079 5549 1234 5623 μέγα.
1268 5553 1397 5610 Mox
1424 5556 1543 5609 tres
1574 5549 1810 5612 codices
1849 5553 1931 5611 ἐπὶ

308 5630 399 5695 γῆς
425 5630 719 5695 βλέποντες.

953 4711 1003 4746 ⁸³
1039 4713 1253 4769 Jerem.
1283 4730 1363 4784 1x,
1392 4718 1441 4768 1.
1511 4714 1556 4749 5‘
1599 4716 1717 4772 Isa.
1750 4731 1887 4787 xxn,
1912 4720 1966 4772 2.

2051 4600 2249 4673 letque
2270 4599 2478 4669 lingua
2507 4616 2519 4654 :
2569 4599 2791 4655 Tamen
2825 4596 3068 4652 verbum
3098 4596 3208 4650 Dei
3231 4610 3351 4649 non
3381 4598 3466 4650 est
3493 4595 3713 4664 alliga-

2050 4717 2098 4751 ⁵⁵
2140 4717 2502 4783 Deut.v,2l.
2586 4714 2633 4749 εδ
2675 4711 2880 4769 Matth.
2911 4727 2968 4783 v,
3002 4714 3092 4766 28.
3167 4710 3212 4745 ⁵⁷
3256 4709 3462 4766 Matth.
3502 4726 3619 4780 xxv,
3651 4713 3705 4767 4.

2113 4842 2227 4908 (56)
2266 4838 2325 4891 Ὁ
2375 4836 2656 4911 ἐμϐλέπων.
2699 4836 2812 4911 ilic
2849 4834 3086 4911 variant
3123 4832 3360 4911 codices
3407 4850 3568 4911 mss.
3597 4837 3706 4892 Ha-

2040 4905 2187 4983 bent
2211 4905 2317 4966 alii
2345 4912 2370 4962 ὁ
2399 4905 2627 4983 βλέπων,
2663 4908 2760 4964 alii
2792 4909 2815 4959 ό
2843 4905 3121 4980 ἐμϐλέψας,
3160 4905 3432 4979 plerique
3476 4909 3609 4981 πρὸς
3646 4910 3705 4960 τὸ

2042 4981 2369 5054 ἐπιθυμῆσαι
2399 4981 2582 5038 αὐτὴν.

2114 5048 2229 5124 (57)
2269 5061 2370 5106 Τοῦ
2400 5055 2678 5124 Δεσπότου.
2706 5052 2791 5106 Ita
2812 5053 3042 5124 septem
3070 5065 3217 5105 mss.
3250 5048 3491 5109 melius.
3517 5066 3706 5123 quam

2040 5124 2181 5180 editi
2212 5117 2302 5183 τήν
2338 5144 2461 5178 ποτε
2500 5131 2591 5175 τοῦ
2623 5117 2930 5196 ἐπουρανὶἇυ
2965 5117 3223 5196 εσπότου
3261 5125 3486 5196 νύμφην.

2110 5200 2214 5257 (58)
2252 5199 2328 5249 Τά
2371 5198 2662 5269 πνεύματα.
2709 5192 2835 5269 Duo
2885 5192 3122 5250 codices
3174 5196 3241 5247 τὰ
3291 5192 3558 5267 τάγματα.
3610 5192 3703 5250 Sic

2040 5268 2221 5324 etiam
2253 5268 2434 5323 Paris.
2468 5266 2530 5323 in
2560 5266 2852 5335 margine.

2111 5340 2221 5411 (59)
2243 5335 2520 5428 suam
2559 5334 2781 5428 [lesuZnt
2809 5337 2950 5428 haec
2968 5335 3028 5392 in
3055 5337 3357 5428 plerisque
3391 5334 3702 5428 codicibus

2039 5408 2185 5486 mss.
2197 5408 2212 5481 ,
2239 5411 2299 5466 in
2332 5408 2553 5486 quibus
2582 5410 2797 5480 legitur
2825 5408 3015 5486 μᾷλλον
3032 5408 3125 5486 Ᾱὸέ.
3150 5408 3348 5486 _'Coisl.
3370 5408 3613 5486 primus
3637 5410 3700 5486 et

2040 5475 2604 5539 Medfcons’entiunt
2633 5475 2769 5537 cum
2801 5475 2995 5537 editis.
3030 5480 3209 5538 Paulo
3248 5475 3404 5552 post'
3424 5475 3699 5534 nonnulli

2041 5553 2278 5630 codices
2308 5555 2485 5630 αῦτήν.
2518 5557 2587 5608 Τὸ
2617 5557 2707 5627 μὲν
2727 5556 2827 5630 γὰρ
2859 5560 3032 5626 σῶμα.

2113 5625 2327 5683 “Alias
2356 5629 2420 5683 V.
2618 5625 2626 5627 ἡ
2738 5625 2741 5626 ⁷
2799 5625 2807 5637 “
