4114 6382
397 298 495 354 371

1789 291 1846 349 S.
1880 287 2130 346 BASILII
2167 289 2388 346 MAG-Nl

3681 293 3788 346 372

394 433 520 485 tum
544 419 612 475 ⁵⁸.
637 418 745 486 Qui
768 417 951 487 enim,
983 417 1210 492 nuptiis
1238 417 1512 476 conservi
1530 416 1790 483 violatis,
1819 415 2067 488 loquen-

2201 415 2302 487 γὰρ,
2345 411 2526 473 ἐπειδὴ
2563 410 2854 467 συνδούλου
2891 413 3062 486 γάμος
3091 412 3347 479 ἡθετεῖτο,
3372 415 3536 484 μέχρι
3563 415 3791 466 θανάτου

393 509 456 566 di
482 509 820 565 libertatem
853 509 928 564 ad
954 513 1209 566 mortem
1242 525 1435 581 usque
1467 507 1764 582 perduxit,
1795 520 2068 578 quonam

396 604 552 654 esset
580 597 785 655 animo
813 597 1123 665 futurus,si
1148 603 1378 655 tantam
1405 595 1833 654 contumeliam
1859 598 2069 650 sancto

397 687 638 744 Domini
670 687 939 743 thalamo
970 686 1198 743 illatam
1229 686 1644 759 conspiceret?

470 799 524 848 2.
557 796 630 850 At
665 798 746 858 tu,
796 797 1124 866 postquam
1170 793 1390 848 divinae
1426 793 1582 848 illius
1631 788 2072 863 conjunctionis

401 881 675 952 abjecisti
724 883 966 953 jugum,
1023 887 1203 954 atque
1257 881 1681 938 intaminatum
1738 879 1862 935 veri
1915 879 2074 947 regis

402 971 743 1028 thalamum
788 971 1052 1040 fugiens,
1100 972 1160 1026 in
1206 975 1446 1044 turpem
1493 970 1660 1026 illam
1700 968 2074 1042 impiumque

404 1060 808 1132 corruptelam
841 1060 998 1116 foede
1025 1059 1199 1132 lapsa
1239 1077 1322 1126 es,
1365 1076 1503 1116 cum
1526 1061 1655 1131 jam
1684 1074 1808 1114 non
1843 1057 2072 1113 habeas

404 1151 716 1223 quomodo
761 1165 1038 1206 amaram
1091 1150 1249 1206 hanc
1293 1150 1743 1206 accusationem
1799 1147 2075 1217 eﬂugias,

415 1239 587 1310 136
633 1254 744 1294 nec
775 1238 898 1294 ullo
943 1239 1128 1294 modo
1171 1243 1275 1294 aut
1303 1243 1428 1295 arte
1471 1238 1699 1294 malum
1749 1236 1896 1293 illud
1937 1237 2075 1292 abs-

406 1328 668 1384 condere
698 1343 910 1400 queas,
943 1343 1215 1401 prieceps
1255 1328 1317 1384 in
1356 1327 1676 1384 audaciam
1708 1325 2074 1398 prorumpis.

409 1420 474 1473 Et
497 1418 788 1489 quoniam
806 1417 1116 1490 impius,in
1131 1418 1502 1490 profundum
1521 1417 1820 1472 malorum
1845 1415 2077 1488 lapsus,

409 1506 697 1578 deinceps
737 1507 1086 1573 contemnit,
1138 1507 1272 1580 ipsa
1318 1507 1498 1563 etiam
1538 1510 1718 1579 pacta
1753 1521 1894 1562 cum
1939 1521 2080 1562 vero

413 1611 644 1668 sponso
673 1596 822 1652 inita
850 1596 1141 1666 abnegas,
1167 1612 1365 1669 neque
1394 1612 1526 1652 esse
1551 1601 1608 1652 te
1636 1595 1947 1666 virginem,
1970 1610 2082 1651 nec

413 1701 690 1758 unquam
710 1686 1060 1758 promisisse
1091 1687 1432 1752 clamitans,
1465 1686 1743 1759 quamvis
1768 1685 1954 1741 multa
1983 1701 2082 1740 ac-

2179 508 2274 562 τῆν
2322 504 2623 579 παρρησίαν
2670 509 3008 576 προαγαγὼν,
3062 507 3114 556 τί
3157 501 3216 554 ἆν
3261 503 3422 554 πάθοι
3471 501 3794 561 τηλικαύτην

2180 590 2371 667 ἐφορῶν
2394 593 2543 669 ὓϐριν
2569 597 2687 667 περὶ
2713 597 2800 646 τὸν
2836 593 2983 666 ἅγιον
3013 600 3106 645 τοῦ
3139 596 3334 664 Κυρίου
3358 599 3608 664 νυμφῶνα
3635 609 3648 659 ;

2252 793 2306 843 2.
2338 789 2493 843 Ἀλλά
2526 794 2612 856 σὺ,
2663 797 2760 852 τῆς
2806 791 2946 851 θείας
2990 791 3188 850 ἔκείνης
3234 792 3515 861 συναφείας
3542 791 3651 858 (60)
3701 792 3795 841 τὸν

2183 879 2342 950 ζυγὸν
2375 877 2737 955 ἀπορρίψασα,
2767 884 2856 932 καὶ
2904 884 2991 932 τὸν
3043 881 3133 952 μὲν
3180 880 3444 952 ἄχραντον
3486 886 3577 930 τοῦ
3610 877 3798 937 ἀληθι-

2181 975 2270 1020 νοῦ
2313 967 2568 1041 βασιλέως
2614 966 2897 1044 ἀποδρᾶσα
2921 977 3188 1042 νυμφῶνα,
3221 972 3349 1042 πρὸς
3393 964 3452 1020 δὲ
3481 972 3574 1026 τὴν
3604 969 3795 1041 ἄτιμον

2184 1060 2375 1116 ταύτην
2432 1063 2522 1110 καὶ
2577 1057 2737 1118 ἀσεϐῆ
2802 1060 2996 1132 φθορὰν
3051 1057 3294 1132 αἰσχρῶς
3345 1064 3603 1123 πεσοῦσα,
3659 1055 3793 1120 ἐπεὶ,

2186 1147 2279 1199 οὐκ
2333 1149 2472 1218 ἔχεις
2519 1156 2624 1208 πῶς
2680 1152 2774 1206 τὴν
2822 1150 3012 1222 πικρὰν
3060 1150 3255 1204 ταύτην
3323 1151 3642 1219 κατηγορίαν
3710 1145 3797 1198 ἐκ-

2187 1239 2373 1309 φύγῃς,
2406 1233 2532 1288 οὐδέ
2554 1242 2636 1297 τίς
2663 1235 2773 1289 ἐστί
2815 1255 2898 1289 σοι
2933 1241 3120 1310 τρόπος
3168 1233 3292 1288 οὐδὲ
3321 1241 3539 1308 μηχανή
3573 1239 3630 1288 τὸ
3685 1232 3800 1288 δει-

2186 1328 2269 1378 νὸν
2306 1326 2416 1395 (61)
2445 1333 2597 1378 τοῦτο
2645 1325 3004 1398 συγκαλύψαι,
3065 1327 3226 1398 ὁμόσε
3277 1333 3338 1396 τῇ
3386 1325 3546 1398 τόλμῃ
3581 1332 3798 1401 χωρεῖς.

2192 1419 2292 1469 Καὶ
2354 1411 2636 1488 ἐπειδήπερ
2693 1414 2908 1484 ἀσεϐὴς,
2957 1414 3194 1488 ἐμπεσὼν
3253 1416 3327 1476 είς
3379 1413 3542 1487 βάθος
3598 1423 3800 1482 κακῶν,

2186 1503 2367 1557 λοιπὸν
2407 1513 2738 1579 καταφρονεῖ,
2773 1505 2936 1566 αύτάς
2984 1503 3186 1578 ἀπαρνῆ
3222 1507 3315 1566 τὰς
3345 1507 3474 1579 πρὸς
3523 1507 3611 1557 τὸν
3658 1503 3798 1562 ἀληο

2192 1596 2328 1647 θινὸν
2384 1599 2600 1666 νυμφίον
2654 1597 2938 1659 συνθήκας,
2991 1597 3107 1646 οῦτε
3164 1589 3294 1646 εἶναι
3344 1595 3616 1668 παρθένος,
3681 1597 3804 1646 οὔτε

2191 1686 2530 1756 ὑποσχέσθαι
2560 1688 2682 1737 ποτε
2734 1683 2941 1758 βοῶσα,
2990 1685 3019 1743 ἦ
3063 1683 3228 1736 πολλὰ
3266 1687 3356 1756 μὲν
3407 1679 3585 1750 ἐδέξω,
3637 1683 3805 1736 πολλά

417 1775 666 1848 ceperis,
689 1774 878 1832 multa
898 1775 1407 1832 demonstraveris
1427 1774 1780 1846 virginitatis
1803 1776 2079 1848 pignora.

2201 1771 2251 1827 δὲ
2311 1771 2556 1837 ἐπεδείξω
2617 1777 2894 1850 παρθενίας
2956 1775 3288 1846 συνθήματα.
3357 1774 3640 1831 Μνήσθητι
3705 1781 3804 1836 τῆς

418 1867 654 1920 Revoca
673 1863 848 1920 tibiin
868 1865 1225 1921 memoriam
1242 1864 1596 1937 praeclaram
1617 1865 2082 1938 professionem,

419 1969 606 2026 quam
636 1953 909 2024 professa
934 1969 996 2008 es
1028 1969 1232 2010 coram
1257 1957 1397 2022 Deo,
1430 1954 1781 2026 angelisque
1807 1958 1863 2009 et
1891 1953 2084 2009 homi-

420 2041 623 2098 nibus.
652 2044 885 2098 Revoca
921 2042 1023 2098 tibi
1054 2043 1116 2098 in
1149 2043 1507 2100 memoriam
1536 2043 1880 2099 societatem
1906 2057 2087 2098 vene-

419 2131 700 2198 randam,
734 2136 792 2188 et
831 2149 1070 2188 sacrum
1116 2133 1418 2204 virginum
1460 2133 1733 2205 chorum,
1768 2149 1838 2189 ac
1865 2137 2087 2190 caetum

423 2221 681 2288 Domini,
721 2227 778 2278 et
807 2222 1130 2279 Ecclesiam
1161 2229 1531 2280 sanctorum.
1575 2223 1906 2279 Memineris
1938 2239 2086 2296 quo-

423 2327 542 2384 que
573 2312 823 2368 aniculae
853 2313 914 2368 in
965 2313 1166 2368 Chisto
1214 2313 1386 2380 aviae,
1429 2329 1566 2386 quae
1605 2313 1821 2369 virtute
1847 2313 2088 2385 juvene-

426 2402 540 2457 scit
580 2402 938 2469 etiamnum,
985 2407 1039 2458 et
1089 2403 1306 2460 ﬂoret:
1358 2403 1568 2460 matris
1607 2403 1810 2459 itidem
1862 2419 1998 2475 quae
2026 2403 2089 2459 in

425 2492 680 2548 Domino
711 2509 850 2547 cum
888 2491 988 2548 illa
1027 2493 1311 2558 decertat,
1341 2497 1397 2548 et
1422 2493 1595 2549 novis
1621 2493 1987 2566 quibusdam
2019 2509 2092 2550 ac

424 2581 675 2637 insuetis
697 2581 1010 2638 laboribus
1033 2582 1533 2638 consuetudinem
1563 2583 1890 2639 dissolvere
1914 2598 2094 2638 cona-

424 2675 560 2727 tur:
609 2671 878 2727 similiter
926 2676 981 2727 et
1012 2671 1235 2727 sororis
1278 2673 1500 2744 partim
1529 2671 1664 2728 illas
1709 2688 1818 2745 pro
1862 2672 2094 2729 viribus

421 2760 731 2830 imitantis,
767 2760 985 2833 partim
1027 2761 1208 2816 etiam
1257 2761 1495 2818 vincere
1548 2761 1983 2831 contendentis,
2037 2765 2094 2819 et

423 2850 583 2906 avita
611 2849 899 2921 praeclare
945 2849 1102 2906 facta
1145 2849 1496 2921 virginitatis
1527 2856 1884 2908 ornamento
1914 2867 2092 2925 supe-

421 2939 629 3002 rantis,
659 2943 714 2995 et
747 2943 799 2995 te
831 2955 1120 3011 sororem,
1156 2940 1241 2996 uti
1269 2941 1544 3014 putabat,
1573 2941 1877 3010 adsimile
1910 2949 2094 2999 certa-

420 3045 562 3087 men
592 3034 718 3086 tum
763 3046 1064 3099 sermone,
1100 3036 1224 3087 tum
1269 3032 1389 3089 vita
1428 3033 1594 3088 haud
1632 3034 1850 3103 ignave
1879 3050 2095 3107 provo-

2191 1863 2348 1924 καλῆς
2401 1864 2695 1936 ὁμολογίας,
2752 1865 2813 1923 ἣν
2871 1862 3218 1936 ὡμολόγησας
3272 1861 3482 1914 ἐνώπιον
3533 1869 3669 1914 Θεοῦ
3710 1867 3796 1915 καὶ

2194 1952 2421 2026 ἀγγέλων
2479 1959 2568 2006 καὶ
2617 1952 2916 2028 ἀνθρώπων.
2964 1953 3246 2010 Μνήσθητι
3294 1961 3387 2013 τῆς
3443 1961 3638 2023 σεμνῆς
3684 1971 3802 2003 συν-

2195 2039 2338 2104 οδίας
2394 2047 2480 2095 xui
2542 2045 2680 2118 ἱεροῦ
2749 2043 3011 2109 παρθένων
3086 2048 3276 2114 χοροῦ,
3335 2045 3423 2093 καὶ
3493 2048 3805 2112 συναγωγῆς

2198 2136 2414 2206 Κυρίου,
2478 2136 2570 2183 καὶ
2647 2130 2958 2193 Ἐκκλησίας
3025 2132 3202 2182 ὁσίων·
3272 2133 3362 2182 καὶ
3426 2129 3688 2202 γηραλέας
3755 2132 3804 2182 ἐν

2196 2228 2413 2294 Χριστῷ
2443 2222 2666 2293 μάμμης
2703 2221 2992 2282 νεαζούσης
3037 2221 3113 2272 ἔτι
3168 2224 3258 2271 καὶ
3290 2220 3400 2290 (6'2)
3455 2217 3806 2291 ἀκμαζούσης

2197 2316 2290 2368 τὴν
2322 2308 2526 2385 ἀρετὴν,
2558 2315 2648 2362 καὶ
2694 2314 2890 2384 μητρὸς
2943 2312 2990 2361 ἐν
3033 2313 3208 2383 Κυρίῳ
3240 2311 3372 2382 πρὸς
3410 2307 3603 2366 ἐκείνην
3642 2308 3801 2382 ἁμιλ-

2197 2397 2442 2472 λωμένης,
2484 2404 2574 2451 καὶ
2619 2398 2778 2462 ξένοις
2820 2403 2934 2452 τισὶ
2980 2403 3070 2451 καὶ
3119 2397 3307 2456 ἀήθεσι
3339 2399 3456 2468 (63)
3497 2403 3669 2460 πόνοις
3697 2417 3798 2449 κα-

2199 2488 2402 2541 ταλύειν
2461 2488 2849 2561 φιλονεικούσης
2912 2490 2978 2541 τὰ
3043 2495 3138 2550 τῆς
3204 2489 3480 2549 συνηθείας
3511 2487 3645 2558 (64),
3713 2493 3805 2540 καὶ

2201 2575 2424 2651 ἀδελφῆς
2477 2579 2663 2649 ὁμοίως
2719 2579 2784 2630 τὰ
2831 2580 2920 2649 μὲν
2983 2575 3178 2639 ἐκείνας
3223 2581 3571 2650 μιμουμένης,
3629 2579 3694 2629 τὰ
3749 2573 3809 2630 δὲ

2200 2673 2291 2720 καὶ
2355 2667 2676 2742 ὑπερϐαίνειν
2752 2666 3224 2740 φιλοτιμουμένης,
3293 2672 3384 2719 καὶ
3449 2687 3554 2728 τοις
3619 2668 3811 2738 παρθε-

2200 2764 2362 2820 νικοῖς
2423 2756 2866 2830 πλεονεκτήμασιν
2920 2759 3433 2831 ὑπερακοντιζούσης
3489 2759 3554 2808 τὰ
3614 2775 3812 2830 προγο-

2200 2852 2321 2902 νικά
2357 2851 2759 2925 κατορθώματα,
2818 2852 2909 2900 καὶ
2968 2850 3024 2900 σε
3080 2852 3174 2906 τὴν
3224 2844 3472 2921 ἀδελφὴν,
3532 2849 3602 2910 ὡς
3660 2848 3808 2919 ᾤετο,

2202 2943 2332 3016 πρὸς
2380 2945 2473 2998 τὴν
2532 2948 2630 2991 τῶν
2673 2942 2800 2991 ἴσων
2853 2937 3073 3012 ἅμιλλαν
3105 2942 3195 2990 καὶ
3225 2937 3361 3010 λόγῳ
3406 2942 3496 2991 καὶ
3535 2936 3638 3011 βίῳ
3671 2936 3811 3010 φιλο-

2202 3035 2372 3092 πόνως
2418 3027 2816 3101 ἐκκαλουμένης.
2870 3030 3151 3086 Μνησθητι
3197 3030 3415 3098 τούτων,
3468 3033 3558 3080 καὶ
3605 3025 3813 3099 ἀγγελι-

421 3120 636 3178 cantis.
669 3124 890 3177 Horum
921 3120 1258 3192 recordare,
1289 3127 1347 3179 et
1376 3122 1661 3194 angelicae
1686 3140 1808 3181 una
1837 3140 1976 3180 cum
2008 3125 2090 3182 eis

2201 3126 2299 3180 κῆς
2328 3123 2445 3194 περὶ
2489 3121 2576 3171 τὸν
2633 3120 2762 3171 Θεὸν
2816 3117 2924 3190 μετ’
2981 3115 3182 3170 ἐκείνων
3233 3121 3466 3192 χορείας,
3513 3121 3603 3169 καὶ
3660 3135 3813 3169 πνευ-

420 3210 582 3266 circa
610 3213 797 3265 Deum
824 3210 1078 3281 choreae,
1109 3214 1165 3266 et
1187 3210 1513 3280 spiritualis
1545 3212 1606 3266 in
1637 3227 1818 3269 carne
1848 3213 2006 3281 vitae,
2034 3218 2094 3271 et

421 3297 678 3355 caelestis
707 3298 768 3354 in
797 3303 954 3355 terra
983 3299 1254 3355 instituti.
1301 3300 1634 3356 Recordare
1665 3301 1899 3358 dierum
1931 3307 2091 3358 tran-

418 3387 768 3461 quillorum,
792 3392 848 3444 et
869 3389 1137 3444 noctium
1165 3388 1664 3459 illuminatarum,
1688 3395 1745 3447 et
1768 3391 2092 3449 cantilena-

418 3493 556 3534 rum
589 3476 1010 3548 spiritualium,
1053 3481 1109 3533 et
1156 3477 1518 3550 psalmodiis
1550 3496 1808 3547 sonores,
1841 3497 2091 3552 precum

420 3569 769 3623 sanctarum
814 3566 968 3622 thori
1009 3567 1157 3622 casti
1201 3572 1380 3640 atque
1424 3567 1786 3642 intaminati,
1837 3571 2092 3642 virginei

418 3671 800 3729 progressus,
839 3671 1064 3712 mensae
1102 3655 1340 3724 sobriae.
1373 3673 1443 3714 ac
1474 3658 1760 3731 praeclare
1790 3663 2092 3733 precantis

414 3751 480 3802 ut
523 3746 872 3818 incorrupta
921 3745 1026 3802 tibi
1075 3746 1391 3817 virginitas
1440 3756 1800 3804 servaretur.
1851 3751 1958 3807 Ubi
1988 3756 2094 3808 tua

415 3834 518 3891 illa
549 3835 751 3904 gravis
775 3835 1006 3907 species
1025 3841 1082 3891 et
1106 3836 1343 3892 honesti
1370 3853 1593 3906 mores,
1616 3839 1798 3895 vestis
1823 3839 1958 3896 vilis
1979 3841 2094 3897 vir-

420 3923 623 3994 ginem
655 3923 895 3986 decens,
927 3925 1180 3997 pulcher
1221 3943 1293 3982 ex
1326 3927 1558 3998 pudore
1589 3927 1796 3998 rubor,
1831 3936 1884 3985 et
1915 3931 2094 3987 deco-

419 4028 524 4069 rus
546 4028 619 4067 ex
639 4011 1006 4069 abstinentia
1026 4029 1094 4069 ac
1122 4014 1340 4085 vigiliis
1364 4015 1746 4073 eﬂlorescens
1773 4019 1986 4090 pallor,
2012 4025 2099 4085 at-

423 4116 543 4173 que
559 4101 724 4156 omni
745 4101 997 4173 pulchro
1011 4102 1210 4160 colore
1227 4103 1536 4160 decentius
1553 4105 1930 4164 elucescens?
1943 4111 2098 4176 Quo-

425 4192 534 4249 ties
560 4191 621 4246 in
652 4190 934 4262 precibus
958 4208 1070 4264 pro
1093 4193 1432 4263 virginitate
1463 4195 1611 4251 citra
1641 4198 1946 4254 maculam
1973 4216 2097 4257 ser-

427 4280 647 4349 vanda,
664 4279 1126 4352 fortelacrymas
1145 4281 1434 4338 effudisti?
1453 4286 1608 4348 Quot
1625 4283 1854 4342 litteras
1873 4287 1951 4343 ad
1966 4305 2100 4344 san-

430 4376 557 4429 ctos
573 4370 967 4442 exarasti,per
981 4387 1137 4443 quas
1154 4372 1256 4428 tibi
1278 4387 1487 4428 eorum
1502 4372 1879 4445 eiﬂagitabas
1893 4393 2100 4449 preces

505 4498 552 4533 ⁵⁸
594 4499 638 4552 Il
678 4495 826 4552 Tim.
859 4512 919 4566 11,
951 4499 1002 4552 9.

508 4624 625 4691 (60)
661 4627 956 4695 Συναφείας.
987 4621 1266 4678 Nonnulli
1296 4639 1446 4679 mss.
1479 4631 1770 4688 κοινωνίας.

509 4699 619 4764 (6t)
660 4698 729 4773 Τὸ
762 4691 948 4773 δεινόν.
971 4697 1150 4773 _l_)ees_t
1171 4702 1324 4773 τοῦτο
1346 4695 1562 4773 in_oc_to
1583 4714 1730 4753 mss.
1762 4699 1946 4773 Paulo
1967 4704 2105 4773 post

439 4767 502 4842 in
530 4781 636 4842 sex
660 4767 828 4842 deest
855 4765 1359 4842 βοιδίων-ἀληθινόν.
1396 4768 1510 4842 Sed
1542 4773 1864 4842 utrumque
1888 4765 2104 4840 legitur

439 4840 503 4894 in
526 4837 941 4892 vetustissimis
972 4837 1280 4894 codicibus
1311 4839 1483 4896 Coisl.
1517 4844 1573 4896 et
1601 4837 1833 4897 Mcd.ln
1854 4837 2105 4899 Harlaea-

443 4923 524 4964 no
558 4922 690 4980 non
707 4914 898 4963 exstat
926 4908 1054 4964 haec
1081 4910 1351 4980 epistola.

516 4977 784 5059 (62)“"Erf
814 4980 1046 5059 mansio
1079 4977 1254 5038 Coisl.
1294 4983 1527 5055 primus
1556 4988 1613 5042 et
1639 4985 1787 5040 Med.
1821 4987 2105 5059 Corrupte

447 5051 509 5107 in
539 5049 709 5104 editis
740 5051 880 5115 ἄρτι,
915 5053 944 5106 ἣ
972 5055 1104 5105 τότε.

519 5120 903 5202 (emulgent.
925 5123 1012 5176 Ita
1034 5123 1272 5179 codices
1300 5141 1449 5181 mss.
1483 5131 1637 5194 octo,
1675 5127 1890 5184 melius
1917 5145 2104 5202 quam

447 5191 590 5250 editi
619 5191 856 5250 ἀληθέσι.
1627 5191 1633 5194 ⁷
1899 5240 1901 5243 .

524 5266 634 5345 (δίε)
666 5268 750 5345 .Τᾲ
787 5266 1211 5345 τῆς-συνηθείας.
1248 5265 1338 5321 Sic
1369 5267 1501 5345 duo
1516 5270 1916 5342 antiquissimi
1949 5271 2108 5327 codi-

451 5335 758 5416 cesCo_i_sl._
779 5340 834 5391 et
855 5334 1001 5416 M_ed.
1040 5335 1310 5416 liditifi;
1344 5334 1703 5416 συνηθείαςτρ
1730 5346 1940 5416 κράτος,
1976 5360 2111 5400 con-

449 5409 784 5464 suetudinis
809 5409 994 5462 robur
1021 5407 1358 5463 dissolvere.
1387 5412 1516 5465 Mox
1544 5413 1684 5468 editi
1710 5407 1773 5466 τά
1804 5419 1892 5475 μὲν
1923 5407 2112 5475 κράτος

454 5482 666 5554 ἐκείνης.
704 5483 879 5554 Deest
905 5477 1074 5554 illud,
1117 5481 1252 5554 κατὰ
1301 5485 1503 5554 κράτος,
1548 5484 1610 5538 in
1647 5467 2005 5551 Octo.mss‘.;
2050 5467 2111 5541 at

453 5549 576 5630 duo
604 5556 833 5605 tantum
866 5549 1096 5630 habent
1115 5549 1569 5625 e‘xaivug,'nempe
1602 5556 1778 5612 Coisl.
1804 5549 2034 5630 primus
2055 5565 2112 5616 et

455 5619 642 5689 Colb.,
671 5637 826 5692 quos
864 5621 1051 5677 secuti
1091 5638 1325 5679 sumus.

2200 3216 2430 3282 ματικῆς
2471 3209 2520 3260 εν
2568 3211 2724 3280 σαρκὶ
2770 3206 2930 3273 ζωῆς,
2971 3211 3060 3259 καὶ
3091 3206 3333 3282 οὐρανίου
3382 3205 3465 3259 ἐπὶ
3522 3215 3622 3279 γῆς
3666 3206 3813 3259 πολι-

2199 3317 2474 3370 τεύματος.
2528 3298 2812 3354 Μνὴσθητι
2871 3298 3074 3372 ἡμερῶν
3130 3295 3420 3369 ἀθορύϐων,
3474 3301 3564 3349 καὶ
3610 3305 3812 3348 νυκτῶν

2199 3393 2618 3460 πεφωτισμένων,
2662 3391 2752 3438 καὶ
2807 3382 2958 3456 ᾠδῶν
3016 3393 3400 3458 πνευματικῶν,
3456 3391 3546 3438 καὶ
3595 3385 3816 3458 ψαλμῳ-

2203 3473 2324 3539 δίας
2372 3476 2593 3548 εῦήχου,
2645 3494 2736 3528 και
2793 3483 3106 3548 προσευχῶν
3150 3479 3328 3547 ἁγίων,
3380 3480 3470 3526 καὶ
3522 3474 3680 3546 ἁγνῆς
3719 3481 3814 3529 καὶ

2202 3565 2452 3639 ἀμιάντου
2486 3570 2688 3631 κοίτης,
2725 3569 2816 3616 καὶ
2864 3567 3186 3639 παρθενικῆς
3221 3561 3478 3638 προόδου,
3502 3568 3589 3617 καὶ
3626 3563 3816 3638 ἐγκρα-

2201 3663 2321 3718 τοῦς
2365 3655 2648 3730 τραπέζης,
2682 3659 2773 3707 καὶ
2829 3653 2998 3716 καλῶς
3050 3653 3337 3726 εὐχομένης
3389 3658 3482 3712 τὴν
3528 3655 3812 3728 παρθενίαν

2205 3765 2289 3798 σοι
2331 3747 2554 3819 ἄφθορον
2601 3745 2898 3819 τηρηθῆναι
2925 3745 3063 3814 (65).
3107 3750 3212 3796 Ποῦ
3270 3739 3330 3797 δέ
3384 3763 3470 3796 σοι
3513 3747 3570 3796 τὸ
3624 3748 3814 3816 σεμνὸν

2203 3833 2362 3888 ἐκεῖνο
2405 3843 2615 3907 σχῆμα,
2675 3841 2774 3886 ποῦ
2829 3829 2888 3886 δὲ
2944 3836 3002 3885 τὸ
3046 3837 3265 3907 κόσμιον
3318 3831 3464 3900 ἦθος,
3513 3837 3602 3886 καὶ
3656 3831 3816 3895 ἐσθὴς

2201 3923 2337 3992 λιτὴ,
2383 3927 2619 3998 παρθένῳ
2666 3927 2962 3997 πρέπουσα,
3019 3928 3110 3975 καὶ
3167 3921 3319 3974 καλὸν
3377 3925 3467 3996 μὲν
3525 3927 3583 3974 τὸ
3638 3921 3692 3986 ἐξ
3735 3924 3816 3974 αἰ-

2207 4012 2329 4076 δοῦς
2395 4013 2652 4088 ἐρύθημα,
2731 4013 2984 4088 εὐπρεπὴς
3053 4009 3111 4065 δὲ
3165 4013 3195 4070 ἡ
3258 4011 3310 4076 ἐξ
3363 4011 3664 4086 ἐγκρατείας
3719 4016 3816 4065 καὶ

2208 4103 2498 4178 ἀγρυπνίας
2541 4102 2838 4156 ἐπανθοῦσα
2889 4103 3154 4175 ὡχρὸτης,
3199 4106 3289 4154 καὶ
3327 4105 3505 4164 πάσης
3561 4102 3818 4175 εύχροίας

2207 4199 2549 4267 χαριέστερον
2602 4191 3014 4266 ἐπιλάμπουσα;
3073 4194 3300 4252 Ποσάκις
3352 4190 3401 4243 ἐν
3457 4198 3815 4263 προσευχαῖς,

2209 4287 2333 4356 ὑπὲρ
2366 4290 2458 4335 τοῦ
2488 4291 2722 4357 τηρῆσαι
2754 4283 2865 4353 (66)
2914 4286 3008 4339 τῆν
3059 4283 3334 4356 παρθενίαν
3383 4280 3626 4346 ἄσπιλον,
3689 4284 3816 4343 ἴσως

2211 4373 2421 4445 ἐξέχεας
2488 4369 2739 4448 δάκρυα;
2819 4377 2973 4426 Πόσα
3034 4367 3093 4423 δὲ
3169 4373 3458 4445 γράμματα
3508 4375 3633 4446 πρὸς
3689 4376 3817 4434 τοὺς

2283 4627 2395 4697 (625)
2441 4630 2541 4698 Καί
2595 4623 2858 4698 καλῶς...
2923 4626 3238 4698 τηρηθῆναι.
3299 4622 3468 4698 Editt
3501 4628 3636 4696 post
3689 4623 3823 4680 haec

2210 4694 2397 4755 verba
2416 4696 2649 4754 addunt
2669 4697 2883 4752 iterum
2910 4694 3106 4758 κοίτης,
3135 4711 3326 4767 eaque
3358 4694 3652 4767 collocant
3679 4702 3823 4751 ante

2212 4777 2302 4824 καὶ
2331 4770 2619 4844 ἐγκρατοῦς
2648 4773 2913 4850 τραπέζης
2943 4763 3375 4850 καίπαρθριξιῆβ
3406 4763 3657 4850 προόδου.
3693 4767 3821 4822 Ali-

2213 4791 2302 4824 και
2331 4789 2619 4844 εγκρατους
2648 4788 2913 4896 ἷραπεςοης
2943 4788 3375 4850 καμπαρυενικης
3406 4788 3657 4841 προοσον.
3693 4788 3818 4822 Λιι-

2213 4848 2300 4899 ter
2326 4841 2554 4914 antiqui
2588 4856 2657 4896 co
2705 4856 2842 4914 ires,
2875 4841 2932 4895 in
2966 4855 3175 4911 primis
3204 4838 3376 4914 Cois].
3407 4838 3634 4914 etltled.
3659 4854 3818 4914 quos

2213 4916 2397 4969 secuti
2435 4909 2663 4968 sumus.
2702 4911 2902 4966 Melius
2933 4909 3131 4966 tamen
3175 4909 3412 4965 videtur
3443 4909 3659 4965 abesse
3680 4909 3716 4965 ἐι
3741 4910 3821 4965 Bi-

2217 4990 2339 5055 got,
2365 4989 2619 5055 utroque
2650 4983 2792 5038 illud
2819 4988 2905 5035 καὶ
2927 4983 3161 5044 καλῶς...
3192 4984 3507 5055 τηρηθῆναι.
3538 4982 3824 5037 Credide-

2215 5054 2326 5113 rim
2358 5057 2467 5111 has
2497 5054 2673 5110 voces
2712 5055 3056 5110 referendas
3090 5069 3219 5109 esse
3250 5054 3326 5108 ad
3373 5070 3444 5125 ea
3471 5069 3606 5125 qute
3637 5070 3827 5125 supra

2216 5129 2290 5184 de
2316 5127 2558 5196 virginis
2595 5141 2797 5181 sorore
2845 5126 3147 5190 dicuntur,
3196 5142 3267 5180 ac
3310 5124 3449 5180 inde
3494 5124 3826 5196 excidisse.

2219 5194 2435 5254 Iisdem
2463 5197 2774 5254 codicibus
2807 5197 2935 5252 freti
2965 5197 3221 5265 legimus
3256 5196 3437 5267 paulo
3464 5201 3602 5268 post
3630 5194 3831 5268 ποῦ,δέ

2222 5291 2326 5338 σοι,
2350 5287 2459 5342 pro
2481 5285 2552 5324 eo
2573 5269 2739 5340 quod
2770 5274 2896 5324 erat
2917 5269 2978 5323 in
3009 5270 3180 5324 editis
3212 5277 3311 5320 ποῦ
3337 5272 3428 5340 μέν
3462 5267 3564 5331 σοι,
3591 5273 3642 5322 et
3667 5267 3830 5322 dele-

2217 5343 2418 5398 vimus
2446 5346 2535 5392 καί
2561 5345 2698 5396 ante
2729 5343 2984 5414 παρθένῳ.

2291 5415 2403 5486 (6(3)
2435 5420 2698 5486 Τηρῆσαι.
2734 5409 2872 5467 Post
2901 5409 3067 5486 hanc
3083 5427 3295 5486 vocem
3336 5409 3737 5486 editiaddunt
3771 5431 3832 5464 σε

2217 5478 2394 5556 quod
2414 5478 2580 5556 deest
2605 5485 2663 5538 in
2688 5501 2830 5556 mss.
2861 5491 3014 5538 octo.
3040 5483 3254 5556 Statim
3281 5482 3418 5538 editi
3439 5478 3826 5556 έξεδάκρυσας.

2219 5549 2349 5614 MSS.
2379 5571 2483 5611 sex
2510 5555 2720 5628 ἐξέχεας
2759 5553 2988 5630 δάκρυα,
3019 5554 3142 5610 duo
3174 5554 3386 5627 ἐξέχεας
3426 5549 3676 5628 δάκρυον.
