4078 6410
210 307 317 363 3Τ7
1246 305 1741 365 EPISTOLARUM
1776 303 2060 362 CLASSIS
2111 306 2153 361 Ι.
2181 306 2399 365 EPIST.
2428 306 2622 366 XLVI.
3026 356 3033 363 .
3509 312 3616 368 3'78

219 435 405 503 Πόσῳ,
439 426 654 485 δοκεῖτε
707 431 847 503 (82),
885 435 1126 506 χείρονος
1176 430 1524 495 ἀξιωθήσεται
1572 434 1843 505 τιμωρίας,

1956 428 2157 502 plicio,
2190 433 2435 504 putatis,
2467 433 2687 503 dignus
2716 433 3077 500 censebitur,
3103 435 3209 508 qui
3260 435 3469 493 Filium
3513 436 3616 494 Dei

220 520 251 574 ὁ
281 523 374 574 τὸν
421 523 546 574 Υίὸν
609 522 711 573 τοῦ
770 528 909 574 Θεοῦ
960 526 1358 590 καταπατήσας,
1413 526 1505 574 καὶ
1560 525 1655 580 τὴν
1707 519 1843 590 αὐτῷ

1957 520 2211 577 viventis
2243 520 2641 596 conculcavit,
2674 525 2850 598 eique
2900 526 3219 598 promissis
3263 527 3615 584 obstrictam

219 610 763 684 καθομολογηθεῖσαν
809 613 1013 684 νύμφην
1079 613 1349 679 νοθεύσας,
1395 615 1484 664 καὶ
1540 614 1597 663 τὸ
1648 617 1843 682 πνεῦμα

1959 626 2250 683 sponsam
2281 613 2573 670 adulterio
2602 615 3131 681 contaminavit,ac
3150 615 3427 687 spiritum
3442 616 3617 685 virgi-

222 708 324 762 τῆς
376 702 668 774 παρθενίας
716 700 1088 775 καθυϐρίσας;
1159 699 1292 753 Ἀλλ’
1336 699 1591 768 ἐϐούλετο,
1666 704 1843 773 φησὶν,

1958 700 2167 757 nitatis
2196 702 2559 759 contumelia
2581 703 2779 760 aﬂ‘ecit
2808 706 2878 759 ⁷³.
2909 709 2981 760 At
3005 704 3612 778 illa,inquit,volebat,

219 790 424 850 ἕκείνη’
458 795 553 843 xui
582 790 679 843 οὐκ
709 791 945 843 ἄκουσαν
999 789 1293 864 ἐϐιασάμην
1347 792 1460 864 (83)
1510 790 1694 849 αὐτήν.
1748 793 1843 843 Καὶ

1958 791 2289 847 necinvitaa
2347 793 2473 848 vim
2521 792 2849 850 intuli.Sed
2869 798 2926 848 et
2953 793 3281 850 libidinosa
3308 794 3413 850 illa
3443 798 3617 866 Egy-

218 883 327 956 γὰρ
364 883 397 940 ἡ
459 877 724 934 δέσποινα
787 882 815 939 ἦ
846 881 1052 943 ἄσωτος
1105 881 1136 939 ἡ
1196 880 1464 953 Αἰγυπτία
1492 880 1624 939 αὕτη
1656 886 1729 950 τῷ
1759 899 1843 931 xu-

1959 879 2084 951 ptia
2129 880 2381 937 domina
2437 883 2672 954 pulchri
2723 883 2968 955 Josephi
2998 898 3205 939 amore
3231 883 3611 953 insaniebat;

216 969 297 1038 λῷ
356 969 562 1042 Ἰωσὴφ
614 968 867 1041 ἐπεμάνη*
927 967 1035 1021 ἀλλ’
1085 968 1180 1021 οὐκ
1238 967 1445 1027 ἐνικησε
1498 972 1593 1027 τὴν
1668 966 1843 1041 ἀρετὴν

1958 984 2170 1024 verum
2198 985 2323 1026 non
2354 970 2490 1027 vicit
2518 972 2796 1028 virtutem
2827 972 3031 1044 pudici
3060 971 3225 1029 furor
3266 972 3611 1045 impudicas,

216 1066 318 1112 τοῦ
385 1063 655 1134 σώφρονος
701 1061 734 1116 ἡ
778 1062 943 1132 μανία
996 1065 1093 1119 τῆς
1131 1056 1453 1128 ἀκολάστου,
1487 1054 1630 1124 οὐδὲ,
1658 1061 1843 1130 χερσὶν

1958 1072 2178 1129 neque,
2207 1057 2309 1113 illa
2338 1059 2622 1115 manibus
2642 1060 2767 1115 vim
2795 1060 3102 1128 inferente,
3135 1061 3213 1116 ad
3232 1061 3614 1132 iniquitatem

1957 1145 2054 1201 ille
2084 1146 2358 1202 adactus.
2391 1152 2461 1204 At
2488 1148 2588 1204 illa
2618 1150 2731 1204 hoc
2757 1150 3455 1222 decreverat,inquit,nec
3488 1165 3613 1205 am-

1957 1235 2114 1307 plius
2135 1240 2263 1292 erat
2286 1236 2454 1308 virgo
2486 1255 2499 1304 ;
2533 1242 2589 1293 et
2614 1239 2662 1292 si
2689 1254 2801 1309 ego
2831 1255 2954 1295 non
3010 1239 3358 1307 voluissem,
3404 1239 3613 1294 fuisset

1958 1326 2038 1382 ab
2059 1326 2245 1383 altero
2271 1333 2579 1401 corrupta.
2595 1330 2920 1401 Oportebat
2938 1330 3184 1403 quidem
3202 1334 3259 1385 et
3275 1330 3485 1397 Filium
3506 1329 3611 1385 ho-

1957 1415 2137 1472 minis
2174 1416 2321 1472 tradi
2354 1433 2366 1471 :
2401 1417 2507 1473 sed
2540 1434 2623 1474 vae
2654 1418 2738 1473 illi
2770 1435 2875 1491 per
2895 1435 3077 1491 quem
3110 1419 3363 1475 traditus
3393 1423 3483 1475 est
3511 1419 3558 1453 ⁷⁸
3591 1435 3607 1485 ;

1958 1509 2140 1577 atque
2161 1506 2452 1562 scandala
2473 1508 2677 1563 venire
2698 1523 2943 1564 necesse
2973 1513 3063 1565 est
3094 1524 3105 1563 :
3128 1508 3235 1565 sed
3260 1524 3350 1565 vas
3380 1507 3464 1564 illi
3501 1523 3610 1580 per

1955 1610 2139 1667 quem
2168 1595 2418 1652 veniunt
2443 1597 2514 1653 ⁷⁵.

220 1148 394 1211 αὐτῆς
452 1146 803 1221 βιαζομένης,
854 1150 986 1223 πρὸς
1047 1153 1144 1207 τὴν
1184 1153 1512 1222 παρανομίαν
1544 1145 1850 1209 ἂείνοςέϐι-

226 1238 399 1295 άσθη.
463 1235 606 1291 Ἀλλ’
660 1236 897 1313 ἐκέκριτο
954 1236 1119 1311 ἐκείνη
1160 1244 1337 1303 τοῦτο,
1394 1241 1547 1310 φησὶ,
1588 1240 1679 1288 καὶ
1732 1235 1850 1288 οὐκ·

229 1330 319 1379 ἑτι
348 1323 409 1386 ἦν
453 1327 731 1402 παρθένος·
799 1330 891 1380 xui
930 1326 976 1380 εἰ
1020 1325 1121 1399 ἐγὼ
1178 1332 1250 1400 μὴ
1277 1324 1582 1399 ἐϐουλόμην,
1609 1328 1737 1400 πρὸς
1761 1323 1850 1376 ἄλ-

227 1414 329 1468 λον
359 1415 419 1467 ἄν
446 1415 632 1491 ἐφθάρη
685 1417 824 1487 (84).
888 1421 990 1470 Καὶ
1022 1416 1122 1493 γὰρ
1171 1420 1260 1469 τόν
1285 1419 1403 1470 Υἰόν
1429 1423 1521 1469 τοῦ
1551 1414 1845 1488 ἀνθρώπου,

235 1510 431 1578 φησὶν,
488 1501 587 1558 ἔδει
628 1502 1023 1581 παραδοθῆναι,
1064 1505 1174 1559 ἀλλ’
1209 1506 1328 1558 οὐαὶ
1368 1502 1442 1558 δι’
1473 1502 1533 1558 οὗ
1554 1501 1844 1579 παρεδόθη·

231 1600 330 1647 καὶ
358 1593 423 1647 τὰ
461 1590 736 1648 σκάνδαλα
782 1594 946 1649 ἐλθεῖν
999 1594 1224 1668 ἀνάγκη,
1277 1594 1384 1648 ἀλλ’
1403 1595 1522 1648 οὐαὶ
1577 1591 1722 1647 διοῦ
1759 1595 1847 1668 ἔρ-

228 1705 411 1757 χεται.

296 1781 350 1830 5.
373 1774 496 1828 Ἐπὶ
561 1775 770 1836 τούτοις
796 1774 933 1848 (85).
986 1779 1072 1835 Μὴ
1107 1779 1132 1828 ό
1156 1777 1362 1828 πίπτων
1396 1774 1491 1828 οὐκ
1522 1773 1799 1827 ἀνίσταται
1830 1778 1845 1830 ;
1885 1792 1926 1847 Β

221 1872 255 1923 ἦ
300 1868 328 1916 ὁ
386 1864 742 1936 ἀποστρέφων
792 1864 888 1918 οὐκ
931 1864 1273 1941 ἐπιστρέφεις
1334 1867 1431 1918 Δίά
1484 1868 1537 1917 τί
1603 1862 1866 1935 ἀπέστρεο·

210 1954 281 2026 ψε
313 1955 377 2011 νὴ
409 1956 673 2029 παρθένος
703 1953 1038 2030 ἀποστροφὴν
1072 1951 1287 2021 ἀναιδῆ,
1313 1958 1548 2027 καίτοιγε
1576 1952 1852 2006 ἀκούσασα

210 2052 464 2117 Χριστοῦ
498 2046 620 2114 (86)
645 2052 737 2097 τοῦ
761 2049 989 2118 νυμφίου
1022 2040 1119 2097 διὰ
1147 2045 1397 2118 Ἰερεμίου
1450 2044 1707 2116 λέγοντος·
1744 2047 1846 2096 Καὶ

2031 1777 2080 1828 5.
2116 1774 2200 1829 Ad
2220 1773 2350 1829 haec
2379 1778 2604 1840 autem,
2631 1775 2928 1848 Nunquid
2947 1776 3053 1849 qui
3077 1777 3389 1839 cadit.non
3414 1791 3612 1833 resur-

1954 1865 2073 1933 git?
2096 1868 2205 1919 aut
2229 1865 2336 1935 qui
2358 1878 2418 1920 se
2438 1866 2675 1932 avertit,
2706 1881 2828 1921 non
2858 1867 3250 1923 convertitur.
3278 1869 3394 1923 Cur
3406 1864 3612 1922 avertit

1956 1971 2021 2010 se
2041 1954 2210 2023 virgo
2232 1954 2543 2010 aversione
2560 1955 3165 2027 impudenti,tametsi
3182 1955 3611 2013 audivitChris-

1953 2049 2085 2100 tum
2111 2060 2401 2116 sponsum
2426 2059 2533 2115 per
2585 2045 2907 2101 Jeremiam
2964 2046 3266 2101 dicentem
3300 2063 3313 2100 :
3352 2046 3433 2102 Et
3455 2046 3606 2114 dixi,

1946 2140 2265 2205 postquam
2279 2140 2546 2190 scortata
2556 2136 2678 2204 fuit
2692 2136 2819 2192 haec
2830 2137 3056 2191 omnia:
3072 2137 3171 2191 Ad
3188 2151 3280 2192 me
3291 2142 3613 2206 revertere;

1953 2230 2009 2281 et
2039 2239 2282 2281 reversa
2321 2240 2441 2280 non
2489 2232 2571 2280 est
2603 2227 2672 2280 7".
2729 2226 3027 2296 Nunquid
3055 2227 3257 2282 resina
3280 2241 3402 2281 non
3432 2230 3516 2281 est
3543 2226 3609 2280 in

1955 2315 2228 2371 Galaad?
2245 2322 2351 2370 aut
2368 2315 2634 2370 medicus
2662 2331 2783 2370 non
2798 2322 2880 2370 est
2902 2316 3012 2370 ibi?
3037 2316 3234 2382 Quare
3255 2331 3376 2371 non
3399 2329 3607 2371 ascen-

1950 2404 2039 2459 dit
2069 2407 2305 2461 sanatio
2349 2405 2495 2474 ﬁlzee
2527 2405 2747 2474 populi
2772 2406 2889 2461 mei
2911 2405 2959 2438 ⁷⁸
2989 2405 3118 2460 ?Ac
3151 2404 3339 2460 multa
3359 2402 3609 2476 quidem

1947 2496 2210 2567 reperias
2236 2494 2294 2550 in
2314 2494 2519 2548 divina
2560 2493 2867 2566 Scriptura
2892 2493 3036 2550 mali
3094 2493 3385 2561 remedia,
3418 2492 3610 2548 multa

1948 2601 2021 2641 ex
2048 2584 2288 2640 interitu
2317 2584 2394 2640 ad
2421 2582 2677 2641 salutem
2708 2584 3175 2653 medicamenta,
3209 2584 3284 2639 de
3310 2587 3501 2640 morte
3521 2585 3609 2638 at-

1946 2690 2065 2746 que
2095 2673 2530 2729 resurrectione
2561 2674 2869 2746 mysteria,
2898 2674 2973 2730 de
3022 2674 3326 2730 horrendo
3379 2672 3607 2745 judicio

1944 2763 2141 2837 deque
2154 2767 2374 2818 aeterno
2390 2762 2687 2835 supplicio
2705 2763 3152 2834 testimonia,de
3175 2763 3528 2836 paenitentia
3553 2765 3611 2819 et

1944 2852 2123 2908 venia
2150 2856 2540 2924 peccatorum
2565 2851 2895 2924 dogmata;
2954 2853 3276 2908 innumera
3315 2851 3419 2907 illa
3469 2866 3606 2907 con-

1942 2942 2238 2997 versionis
2270 2941 2571 3012 exempla,
2599 2941 2980 3003 drachmam,
3042 2940 3369 3007 oviculam,
3412 2939 3607 2995 ﬁlium

226 3024 613 3099 ὑποδείγματω
644 3034 739 3088 τὴν
768 3025 1047 3104 δραχμὴν,
1088 3033 1146 3083 τὸ
1176 3029 1460 3104 πρόϐατον,
1493 3035 1580 3083 τὸν
1606 3034 1719 3084 υἱὸν
1748 3036 1835 3084 τὸν

1956 3028 2050 3102 qui
2079 3033 2544 3101 consumpserat
2569 3043 2663 3083 res
2693 3044 2837 3083 suas
2870 3045 3011 3084 cum
3042 3029 3281 3097 scortis,
3303 3027 3605 3101 perditum

224 3120 603 3189 καταφαγόντα
655 3121 751 3171 τόν
803 3116 924 3191 βίον
961 3122 1091 3191 μετά
1148 3128 1248 3173 τῶν
1292 3128 1513 3194 πορνῶν,
1563 3124 1649 3174 τὸν
1681 3120 1836 3174 ἀπολ-

1956 3124 2001 3175 3t
2027 3123 2353 3191 repertum,
2376 3123 2682 3174 mortuum
2705 3123 2762 3174 et
2790 3133 2999 3174 rursus
3034 3117 3607 3173 viventem.Utamur

1942 3208 2036 3263 his
2080 3206 2229 3263 mali
2261 3207 2542 3263 remediis
2559 3226 2571 3263 :
2588 3223 2696 3280 per
2717 3208 2848 3263 haec
2877 3208 3097 3263 animae
3122 3211 3342 3263 nostrae
3367 3206 3607 3262 medea-

1943 3299 2315 3368 mur.Cogita
2328 3303 2531 3355 autem
2550 3298 2711 3354 diem
2735 3304 3067 3354 extremam
3082 3297 3404 3371 (siquidem
3427 3299 3470 3367 1
3484 3297 3601 3369 39

1942 3403 2066 3443 non
2089 3392 2151 3443 tu
2182 3387 2312 3443 sola
2344 3386 2635 3443 saeculum
2659 3393 2953 3443 aeternum
2980 3387 3192 3457 vives),
3213 3386 3599 3457 anxietatem,

1946 3477 2430 3540 suffocationem,
2464 3478 2675 3533 mortis
2704 3478 2942 3547 horam,
2969 3481 3283 3547 urgentem
3321 3475 3424 3531 Dei
3473 3490 3606 3531 sen-

1946 3565 2573 3634 tentiam,festinantes
2597 3566 2866 3636 angelos,
2900 3567 3173 3622 animum
3203 3566 3432 3621 interea
3470 3579 3602 3634 gra-

1943 3656 2095 3712 viter
2124 3655 2631 3728 perturbatum,et
2656 3655 3369 3728 conscientiapeccatrice
3398 3668 3604 3709 amare

1945 3746 2377 3815 excruciatum,
2434 3761 2619 3817 seque
2674 3745 3093 3800 miserabiliter
3123 3745 3203 3800 ad
3233 3760 3306 3800 ea
3344 3760 3477 3815 quae
3508 3742 3605 3797 hic

1945 3839 2085 3892 sunt
2109 3840 2578 3904 convertentem,
2613 3851 2684 3890 ac
2712 3834 3156 3891 ineluctabilem
3194 3834 3387 3904 longae
3442 3832 3603 3888 illius

1942 3926 2443 3999 peregrinationis
2485 3926 2928 3982 necessitatem.
2982 3924 3260 3989 Describe
3336 3923 3482 3979 mihi
3540 3923 3605 3978 in

1944 4021 2143 4071 mente
2180 4019 2285 4070 tua
2328 4020 2666 4070 extremum
2696 4015 3039 4071 communis
3076 4015 3208 4070 vitae
3238 4013 3441 4083 ﬁnem,
3463 4027 3604 4069 cum

1942 4105 2142 4161 veniet
2168 4103 2343 4160 Filius
2377 4105 2477 4159 Dei
2505 4104 2568 4159 in
2595 4104 2790 4174 gloria
2819 4120 2931 4160 sua
2961 4120 3101 4160 cum
3144 4103 3376 4174 angelis
3436 4101 3558 4157 suis
3586 4118 3600 4156 :

1958 4195 2155 4252 Veniet
2169 4194 2405 4264 enim,et
2424 4209 2543 4250 non
2557 4194 2806 4250 silebit19
2817 4211 2829 4249 :
2841 4193 3128 4250 nimirum
3147 4192 3397 4266 quando
3408 4192 3606 4248 veniet

1940 4284 2325 4355 judicaturus
2363 4284 2538 4340 vivos
2566 4299 2637 4339 ac
2663 4288 3153 4356 mortuos,atque
3182 4282 3507 4354 unicuique
3520 4296 3607 4337 se-

1946 4374 2215 4429 cundum
2239 4389 2393 4447 opus
2421 4390 2599 4429 suum
2629 4373 2995 4440 redditurus,
3027 4372 3279 4446 quando
3309 4371 3457 4427 tuba
3502 4371 3606 4427 illa

1946 4479 2243 4534 magnum
2271 4463 2568 4536 quiddam
2590 4479 2661 4520 ac
2688 4464 3060 4519 horrendum
3083 4477 3308 4518 sonans
3325 4459 3606 4517 excitabit

208 2134 336 2188 εἰπα
404 2136 548 2207 μετά
612 2137 673 2186 τὸ
716 2137 1002 2204 πορνεύσαι
1051 2139 1214 2193 αὐτὴν
1259 2143 1427 2188 ταῦτα
1489 2136 1678 2187 πάνταο
1713 2136 1848 2209 Πρὸς

207 2227 274 2296 με
348 2221 711 2298 ἀπέστρεφον·
779 2228 870 2277 καὶ
946 2223 1041 2276 οὐκ
1123 2223 1423 2300 ἀνέστρεψε·
1521 2229 1605 2282 Μὴ
1655 2224 1843 2298 ῥητίνη

209 2312 311 2365 οὐκ
366 2315 519 2366 ἔστιν
579 2311 629 2364 ἐν
678 2308 933 2380 Γαλαάδ;
998 2313 1027 2373 ἣ
1068 2312 1260 2389 ἰατρὸς
1314 2313 1408 2367 οὐκ
1474 2316 1615 2366 ἔστιν
1691 2312 1841 2373 ἐκεῖ;

212 2406 314 2456 Διὰ
359 2407 416 2456 τί
470 2405 572 2455 οὐκ
629 2400 782 2461 ἀνέϐη
838 2406 987 2464 ’ίασις
1047 2405 1305 2478 θυγατρὸς
1355 2403 1484 2457 λαοῦ
1544 2423 1645 2477 μου
1702 2420 1715 2470 ;
1772 2402 1841 2455 Ἦ

214 2498 308 2546 καὶ
356 2490 534 2546 πολλά
737 2490 798 2544 ἆν
825 2492 992 2567 εὕροις
1029 2491 1078 2545 ἐν
1109 2513 1171 2551 τη
1208 2495 1320 2566 θείᾳ
1349 2499 1524 2567 Γραφῇ
1554 2499 1646 2546 τοῦ
1675 2499 1840 2545 κακοῦ

212 2581 549 2655 ἀλεξήματα,
579 2580 745 2634 πολλά
775 2578 835 2635 δὲ
864 2581 921 2645 ἐξ
969 2580 1227 2645 ἀπωλείας
1266 2582 1332 2644 εἰς
1376 2587 1639 2658 σωτηρίαν
1703 2584 1839 2655 φάρ-
1884 2630 1890 2636 .

213 2688 391 2745 μακα-
444 2669 517 2723 τά
571 2675 690 2745 περὶ
757 2673 982 2724 θανάτου
1048 2677 1139 2724 καί
1215 2670 1548 2735 ἀναστάσεως
1629 2676 1838 2746 μυστή-

210 2780 312 2838 ρια
342 2761 486 2833 (87),
524 2762 594 2813 τὰ
620 2764 740 2836 περὶ
779 2766 1004 2835 κρίσεως
1035 2760 1256 2836 φοϐερᾶς
1293 2767 1383 2816 xui
1410 2761 1619 2815 ἀίωνίου
1682 2762 1836 2815 κολά-

215 2870 355 2911 σεως
418 2850 648 2924 ῥήματα·
706 2851 777 2902 τά
818 2855 939 2925 περὶ
975 2855 1247 2924 μετανοίας
1293 2857 1385 2905 καὶ
1415 2850 1637 2925 ἀφέσεως
1676 2854 1816 2927 άμαρ

219 2940 483 3011 τημάτων
547 2934 806 3012 δόγματα’
867 2942 933 2992 τὰ
990 2945 1157 3014 μυρία
1210 2943 1378 2994 ἐκεῖνα
1406 2951 1498 3003 τῆς
1523 2939 1837 3015 ἐπιστροφῆς

217 3207 399 3261 ωλότα
463 3212 556 3260 καὶ
623 3210 893 3282 εὑρεθέντα
950 3209 1085 3281 (88),
1145 3214 1228 3263 τὸν
1283 3214 1461 3286 νεκρόν
1525 3216 1614 3264 καὶ
1679 3211 1836 3264 πάλιν

218 3296 592 3359 ὼαζήσαντα.
620 3303 836 3359 Τούτοις
863 3300 1196 3372 χρησώμεθα
1216 3301 1326 3371 (89)
1371 3307 1462 3352 τοῦ
1501 3296 1666 3353 κακοῦ
1725 3299 1835 3354 ἀλε-

221 3387 457 3462 ξήμασι,
515 3383 613 3440 διὰ
675 3389 872 3439 τούτων
927 3392 1015 3446 τὴν
1059 3387 1249 3461 ψυχὴν
1296 3388 1485 3441 ἑαυτῶν
1546 3389 1831 3463 ἰασὼμεθα.

219 3476 369 3531 Λάϐε
399 3473 463 3530 δὲ
493 3475 563 3537 εἰς
585 3478 780 3529 ἔννοιαν
817 3480 912 3535 τὴν
974 3475 1208 3549 ἐσχάτην
1268 3479 1465 3554 ἡμέραν
1493 3481 1511 3551 (
1543 3480 1601 3531 οὐ
1633 3482 1733 3553 γὰρ
1764 3476 1831 3539 δὴ

219 3570 352 3640 μόνη
391 3568 459 3618 σὺ
484 3568 577 3618 τόν
636 3564 801 3618 αἰῶνα
862 3564 1125 3639 βιώσεις),
1160 3567 1264 3620 οιαὶ
1314 3573 1567 3640 συνοχὴν,
1597 3574 1687 3621 καὶ
1717 3589 1835 3621 πνι-

215 3659 377 3729 γμόν,
438 3659 534 3707 xui
593 3656 820 3708 θανάτου
875 3664 1036 3730 ὥραν,
1075 3661 1166 3709 xui
1220 3659 1485 3730 άπόφασιν
1554 3666 1687 3712 Θεοῦ
1714 3679 1836 3711 κατ-

217 3750 562 3817 επείγουσαν,
601 3749 694 3797 καὶ
760 3742 1006 3817 ἀγγέλους
1044 3743 1473 3808 ἐπισπεύδοντας.
1523 3752 1613 3799 καὶ
1649 3733 1837 3821 -ξρυχὴν

218 3833 267 3888 ἓν
295 3838 503 3894 τούτοις
532 3829 718 3895 δεινῶς
785 3832 1190 3908 θορυϐοΰμένην,
1248 3840 1339 3888 καὶ
1387 3836 1678 3909 άμαρτωλῷ
1712 3857 1832 3890 συν·

220 3923 389 3979 ειδότι
413 3932 622 4000 πικρῶς
675 3928 1100 3998 μαστιγουμένην
1166 3926 1280 3996 (90)
1323 3928 1571 4000 καὶπρὸς
1612 3928 1679 3978 τά
1706 3923 1838 4000 τῇδε

222 4015 454 4076 ἐλεεινῶς
497 4012 936 4088 ἐπιστρέφουσαν,
1000 4018 1091 4066 καὶ
1143 4012 1499 4089 ἀπαραίτητον
1562 4023 1653 4075 τῆς
1731 4036 1834 4088 μα-

224 4110 359 4179 κρᾶς
409 4102 603 4165 ἐκείνης
660 4098 967 4175 ἀποδημίας
1043 4101 1294 4175 ἀνάγκην.
1364 4102 1665 4178 Διάγραψόν
1746 4124 1836 4177 μοι

226 4201 291 4267 τῇ
326 4189 536 4265 διανοίᾳ
562 4197 654 4251 τὴν
677 4191 973 4246 τελευταίαν
1004 4200 1096 4245 τοῦ
1128 4200 1304 4246 κοινοῦ
1356 4192 1477 4266 βίου
1536 4212 1834 4269 καταστρο-

223 4288 344 4357 φὴν,
379 4284 505 4335 ὅταν
568 4282 688 4355 ἔλθῃ
757 4283 782 4335 ό
830 4284 951 4345 Υἱὸς
1004 4290 1096 4335 τοῦ
1129 4290 1262 4337 Θεοῦ
1320 4281 1369 4335 ἓν
1407 4291 1469 4356 τῇ
1506 4280 1633 4356 δόξῃ
1676 4284 1835 4336 αὐτοῦ

234 4374 363 4446 μετὰ
421 4380 527 4424 τῶν
566 4370 798 4444 ἀγγέλων
842 4371 1024 4430 αὐτοῦ.
1080 4371 1227 4435 Ἥξει
1268 4373 1391 4447 γάρ,
1448 4377 1538 4424 xui
1577 4373 1635 4424 οὐ
1664 4393 1837 4449 παρα-

236 4466 589 4521 σιωπήσεται·
643 4463 764 4514 ὅταν
816 4461 936 4535 ἔλθη
992 4468 1168 4535 κρῖναι
1217 4464 1410 4526 ζῶντας
1449 4466 1539 4514 xui
1609 4466 1835 4538 νεκρούς,

303 4588 353 4621 ⁵³
383 4586 571 4662 Ηιειῃυἒ
587 4590 763 4662 ξ,29,
836 4589 888 4623 7‘
916 4590 1090 4645 Marc.
1129 4604 1252 4655 xw,
1284 4588 1375 4645 21.
1452 4588 1499 4623 ⁷⁵
1532 4588 1733 4646 Matth.
1768 4605 1927 4662 xvm,
1954 4593 2010 4644 7.
2084 4573 2370 4645 “Jerem.
2400 4592 2598 4660 vui,4.
2680 4589 2721 4624 ’Π
2746 4588 2964 4644 Jerem.
3022 4601 3106 4653 III,
3143 4593 3196 4643 7.
3272 4586 3321 4621 ⁷⁸
3381 4587 3599 4641 Jerem.

236 4675 357 4726 vm,
382 4664 469 4715 22.
553 4660 603 4694 79
627 4658 785 4716 Psal.
816 4675 967 4729 xux,
1000 4663 1055 4717 3.

303 4786 417 4862 (8_2)
470 4791 718 4862 Δοκεῖτε..
762 4784 855 4843 Sic
902 4801 1054 4862 mss.
1104 4783 1364 4862 codices.
1406 4784 1557 4840 Editi
1584 4780 1839 4862 θοκεῖται.

1956 4784 2108 4862 Εᾷἱίιί
2140 4788 2427 4862 μαρτύρια.

225 4852 413 4946 Paulo
424 4862 569 4946 post
580 4855 884 4946 editi,eic‘a
898 4857 1333 4946 Caarog.Novem
1352 4857 1641 4946 mss.‘11tin
1658 4861 1842 4914 textu.

2014 4852 2150 4946 ,(88)
2194 4852 2647 4946 liui'eﬁpseéx‘ru.‘
2685 4856 2767 4911 [ta
2794 4870 3060 4946 "novem.
3088 4871 3257 4946 mss._
3323 4852 3500 4946 Edlti.
3518 4856 3605 4946 xui

296 4926 792 5002 (83))Εϐιασςὶμην.
828 4932 1006 5002 Deest
1030 4928 1189 5002 αὐτὴν
1224 4928 1284 4984 in
1329 4927 1617 4984 omnibus
1668 4944 1843 4998 mss.,

228 5003 275 5057 si
300 5000 581 5073 excipias
615 5000 772 5073 duos
795 5000 1255 5073 vetustissimos.

299 5070 808 5158 (84371335.?110?
850 5070 937 5158 μὸξν
995 5070 1339 5158 ἐγθάρη.
1392 5070 1632 5127 codices
1694 5086 1841 5125 mss.

236 5158 473 5217 novem.
510 5143 663 5217 Editi
691 5143 1077 5217 npogﬂMuEw
1105 5143 1387 5217 διεφθάρη.

300 5218 413 5287 (85)
444 5215 571 5268 Ἐπὶ
602 5208 829 5287 τούτοις.
864 5214 1015 5270 Editi
1047 5208 1686 5287 addupthuaidétsed
1711 5213 1845 5287 hinc

234 5285 289 5343 in
310 5283 543 5343 novem
577 5286 802 5342 desunt
826 5302 973 5343 mss.
997 5290 1059 5340 ln
1084 5285 1332 5342 totidem
1360 5283 1671 5340 codicibus
1692 5284 1846 5340 desi-

233 5358 514 5416 derantur
533 5374 676 5431 quae
708 5358 768 5414 in
802 5357 977 5413 editis
1009 5362 1148 5431 post
1185 5355 1480 5431 ἐπιστρέφει
1518 5356 1840 5431 leguntur:

242 5432 309 5482 Οὐ
354 5434 482 5505 γὰρ,
516 5426 576 5484 εἴ
615 5450 701 5491 τις
744 5426 1037 5505 πέπτωκενᾎ
1074 5427 1259 5501 ὀφείλει
1283 5426 1375 5505 xui
1394 5426 1686 5505 κυλίεσθαι,
1710 5429 1844 5485 Νοη

247 5499 383 5559 enirn
406 5499 624 5577 siquis
659 5502 902 5577 cecidit,
925 5499 1095 5577 debet
1111 5499 1190 5577 'et_
1204 5500 1484 5577 votutari.

309 5578 409 5651 ςεδ)
449 5570 713 5651 Χριστοῦ.
733 5572 1004 5651 Δ(ῖοόὶίξεξε
1024 5570 1451 5651 Combeﬁsiani
1466 5577 1734 5643 χρηστοῦ.

307 5641 409 5720 (87;
478 5641 799 5723 Πυστήρία.
916 5642 1009 5700 Sic
1104 5641 1344 5700 codices
1439 5641 1591 5698 mss.
1689 5645 1846 5699 octo.

1956 4924 2130 4981 πάλιν
2160 4924 2445 5003 εὑρεθέντα.
2503 4926 2675 5003 illud,
2732 4926 2907 5003 πάλιν,
2964 4926 3138 4982 Coisl.
3170 4924 3349 4999 primi
3369 4930 3425 4983 et
3453 4925 3602 4983 Med.

1955 4997 2310 5056 auctoritate
2340 4998 2674 5073 posuimus
2697 5003 2833 5073 ante
2868 4997 3256 5073 ἀναστήσαντα.

2027 5075 2137 5152 (89)
2169 5069 2522 5152 Χρησῷμεθα,
2542 5069 2763 5152 Ἐάίῐὶο
2811 5070 2994 5152 Raris,
3034 5069 3239 5152 prima
3258 5071 3601 5152 xpnau’aaeu:

1959 5142 2187 5198 Ibidem
2218 5141 2381 5214 'editi
2418 5141 2757 5214 βοηθήματα.
2813 5141 3066 5214 Codices,
3088 5141 3265 5197 Coisl.
3290 5141 3605 5214 primuset

1956 5213 2272 5269 Medicaeus
2316 5208 2770 5286 vigesumum
2804 5213 3016 5270 iisdem
3058 5208 3317 5284 legimus
3344 5212 3485 5265 Λάϐε
3523 5208 3601 5267 δέ.

1954 5287 2128 5341 Deest
2155 5285 2372 5341 vocula
2405 5282 2555 5340 é‘é'in
2589 5283 2781 5340 editis.

2026 5357 2136 5425 (90)
2186 5361 2644 5429 Μοιστνισγουμένην.
2695 5350 2964 5429 Quatuor
2996 5356 3236 5429 codices
3312 5372 3604 5427 προμαστι-

1992 5431 2233 5500 ουμένην.
2268 5427 2498 5484 Ibidem
2541 5429 2675 5500 ‘duo
2730 5427 2969 5483 codices
2998 5427 3602 5500 unoarpéqovaum’au-

1977 5515 2010 5554 ο
2054 5494 2190 5572 post
2227 5500 2368 5555 editi
2415 5507 2475 5572 τῇ
2529 5494 2740 5572 διανοίᾳ
2798 5519 2893 5551 σου
2948 5503 3004 5555 et
3057 5494 3189 5572 μετά
3235 5494 3444 5549 πάντων
3501 5502 3601 5548 τῶν

1956 5556 2618 5643 ἀγγέλωηΝονθωίωεε.
2636 5574 2700 5627 ut
2717 5556 2778 5626 in
2811 5574 2994 5628 textu.
