4078 6416
429 264 534 326 379

1784 272 1820 331 S
1833 316 1846 330 .
1879 271 2129 329 BASILII
2167 269 2386 329 MAGNI

3696 269 3808 327 380

427 406 533 449 eos
556 391 662 465 qui
694 389 775 450 ab
813 391 960 451 orbe
981 394 1226 453 condito
1272 395 1645 467 dormierint,
1684 397 2086 471 etprocedent

2210 400 2282 449 ιαὶ
2350 392 2642 449 ἀποδοῦναι
2710 394 2916 468 ἑκάστῳ
2981 395 3119 448 κατά
3188 397 3284 454 τὴν
3356 393 3545 469 πρᾶξιν
3618 393 3807 447 αὐτοῦ·

429 480 535 553 qui
559 482 724 539 bona
734 482 1073 555 fecerint,in
1092 487 1595 543 resurrectionem
1605 487 1927 560 vitie8°,qui
1939 502 2082 543 vero

431 571 615 638 mala,
668 571 730 628 in
760 575 1259 631 resurrectionem
1273 577 1942 648 judicii.Revocatibiin
1963 592 2087 632 me-

430 661 691 719 moriam
721 663 947 719 Danieli
966 663 1235 721 oblatam
1265 666 1366 721 Dei
1410 667 1726 726 visionem.
1774 665 2086 740 quomodo

431 750 609 806 nobis
629 751 708 808 ob
729 752 936 809 oculos
944 753 1239 825 judicium
1254 756 2085 828 ponat.Aspiciebam,inquit,

432 839 620 897 donec
668 842 876 898 throni
894 844 1076 911 positi
1102 849 1326 913 sunt,et
1345 847 1648 917 Antiquus
1670 846 1900 902 dierum
1913 845 2083 902 sedit.

445 929 865 987 Vestimentum
889 933 1017 1002 ejus
1039 934 1364 990 candidum
1383 935 1559 1006 quasi
1585 936 1714 1001 nix,
1750 943 1803 991 et
1827 935 2088 1004 capillus

434 1017 650 1085 capitis
678 1021 805 1088 ejus
833 1020 1006 1090 quasi
1029 1022 1175 1077 lana
1202 1022 1458 1092 munda;
1478 1029 1626 1079 rota:
1643 1025 1773 1093 ejus
1804 1024 1955 1093 ignis
1993 1037 2090 1078 ar-

434 1105 855 1164 dens.Flumen
868 1110 1025 1179 ignis
1052 1110 1330 1168 trahebat
1352 1112 1415 1167 in
1437 1118 1750 1181 conspectu
1768 1112 2091 1182 ejus.Mitle

432 1195 1047 1268 milliazdeserviebant
1060 1201 1195 1269 ei,et
1216 1201 1373 1257 dena
1390 1202 1587 1258 millia
1602 1202 1815 1258 denum
1830 1202 2092 1257 millium

434 1287 788 1343 assistebant
820 1290 890 1344 ei.
915 1290 1259 1363 Judiciique
1280 1292 1473 1347 locum
1488 1293 1822 1361 constituit,
1856 1297 1909 1348 et
1951 1291 2095 1347 libri

434 1377 633 1444 aperti
649 1383 787 1433 sunt
813 1379 857 1415 ει
883 1397 895 1446 ;
921 1378 1102 1451 bona,
1127 1380 1311 1450 mala,
1338 1381 1685 1451 manifesta,
1719 1381 1977 1449 occulta,
1998 1398 2092 1438 ac-

433 1464 649 1534 tiones,
676 1466 882 1539 verba,
918 1470 1994 1541 cogitationes,omnia,acervatim,ut
2013 1470 2092 1526 ab

435 1555 722 1612 omnibus
751 1562 809 1613 et
837 1559 1068 1629 angelis
1089 1567 1145 1616 et
1168 1561 1518 1617 hominibus
1542 1562 1813 1617 exaudiri
1836 1563 2089 1634 possint,

436 1642 594 1700 clare
607 1648 663 1701 et
678 1652 884 1719 aperte
905 1649 1357 1706 revelantes.Ad
1370 1651 1499 1706 haec
1519 1651 1830 1723 quomodo
1845 1650 2091 1707 affectos

2193 493 2315 538 ὅταν
2344 488 2375 545 ἡ
2410 485 2637 558 σάλπιγξ
2666 490 2852 552 εκείνη,
2885 488 3021 558 μέγα
3049 505 3101 538 τι
3125 488 3216 537 καὶ
3266 483 3476 558 φοϐερὸν
3515 484 3807 555 ἠχήσασα,

2192 578 2310 636 τοὺς
2362 573 2449 628 ἀπ’
2505 575 2687 637 αἰῶνός
2740 573 2992 647 ἔξυπνίσῃ
3022 569 3400 637 κᾶθεύδοντας,
3431 578 3521 625 καὶ
3560 570 3814 645 ἐκπορεύ-

2197 684 2377 717 σονται
2441 667 2490 717 οἱ
2535 668 2603 717 τὰ
2655 663 2830 737 ἀγαθά
2865 669 3177 726 ποιήσαντες
3218 663 3290 725 εἰς
3315 664 3605 716 ἀνάστασιν
3639 663 3747 723 ζωῆ
3762 683 3807 728 ς,

2196 756 2245 806 οἱ
2285 751 2345 807 δὲ
2394 756 2460 806 τὰ
2516 754 2686 827 φαῦλα
2749 753 3033 828 πράξαντες
3086 752 3159 815 εἰς
3213 751 3504 805 ἀνάστασιν
3557 756 3806 825 κρίσεως.

2196 845 2477 902 Μνήσθητι
2529 852 2625 905 τῆς
2681 851 2774 896 τοῦ
2823 842 3008 901 Δανιὴλ
3067 844 3307 903 θεοπτίας
3358 843 3654 913 (91),ὅπως
3674 842 3809 913 ἡμῖν

2199 932 2284 986 ὑπ’
2341 932 2460 1004 ὄψιν
2509 935 2626 1005 ἄγει
2680 937 2774 991 τὴν
2842 936 3038 1006 κρίσιν.

2200 1027 2318 1074 ὅτου
2398 1024 2570 1095 θρόνοι
2654 1020 2924 1088 ἐτέθησαν,

2202 1113 2348 1169 θητο.
2397 1116 2497 1163 Καὶ
2546 1113 2604 1162 τὸ

3122 932 3425 1005 Ἐθεώρουν,
3482 951 3548 1003 φη
3559 936 3660 997 σὶν,
3710 932 3813 992 ἓως

3013 1026 3104 1074 καὶ
3152 1020 3381 1083 Παλαιὸς
3437 1021 3640 1092 ἡμερῶν
3689 1017 3813 1071 ἐκα-

2696 1106 2898 1183 ἔνδυμα
2949 1109 3107 1162 αὐτοῦ
3186 1108 3365 1161 λευκὸν
3439 1109 3565 1160 ὡσεὶ
3636 1112 3833 1179 χιὼν,.

2199 1204 2290 1252 καὶ
2336 1202 2366 1258 ἡ
2432 1199 2548 1275 θρὶξ
2597 1207 2689 1261 τῆς
2740 1199 2959 1271 κεφαλῆς
3013 1199 3174 1251 αὐτοῦ
3243 1202 3368 1251 ὡσεὶ
3431 1200 3564 1271 ἔριον
3645 1198 3817 1248 καθα-

2199 1294 2310 1363 ρὸν,
2360 1289 2410 1342 οἱ
2446 1294 2634 1365 τροχοὶ
2685 1288 2843 1341 αὑτοῦ
2904 1295 3009 1363 πῦρ
3087 1287 3285 1361 φλέγον.
3354 1289 3597 1359 Πο-αμὸς
3640 1288 3818 1360 πυρὸς

2200 1376 2359 1432 εἷλκεν
2451 1380 2739 1453 ἔμπροσθεν
2827 1378 3008 1432 αὐτοῦ.
3097 1377 3278 1431 Χιλιαι
3360 1372 3606 1449 χιλιάδες
3684 1373 3818 1427 ἕλει·-

2199 1472 2450 1545 τούργουν
2516 1469 2675 1539 αὐτῷ’
2752 1473 2842 1521 καὶ
2906 1471 3094 1544 μύριαι
3168 1463 3425 1541 μυριάδες
3520 1468 3820 1543 παρειστή-

2200 1563 2379 1612 κείσαν
2473 1558 2636 1630 αὐτῷ.
2743 1562 3024 1633 Κριτήριον
3122 1556 3353 1622 ἐκάθισε,
3445 1559 3536 1607 καὶ
3628 1552 3813 1626 βίϐλοι

2203 1647 2575 1719 ἀνεῴχθησαν·
2637 1650 2704 1700 τὰ
2759 1646 2913 1717 καλὰ,
2971 1650 3036 1699 τὰ
3075 1646 3266 1719 φαῦλα,
3336 1647 3402 1698 τά
3473 1645 3689 1717 φανερὰ,
3742 1645 3813 1695 τὰ

2473 1558 2636 1630 αὐτῷ.

436 1746 683 1791 necesse
712 1741 803 1792 est
830 1752 959 1794 esse
982 1754 1087 1794 eos
1108 1741 1212 1813 qui
1243 1739 1397 1796 male
1422 1740 1729 1796 vixerint?
1771 1741 1876 1796 Ubi
1894 1741 2097 1813 itaque

2210 1740 2549 1811 ιεκρυμμένα,
2603 1738 2668 1788 τὰ
2717 1738 3025 1812 πράγματα,
3070 1738 3137 1787 τὰ
3182 1736 3418 1810 ῥήματα,
3455 1735 3520 1786 τὰ
3574 1730 3814 1804 ἐνθυμὴ-

438 1822 645 1878 anima
668 1823 769 1880 illa
804 1825 1373 1901 abscondetur,qum
1396 1829 1456 1884 in
1488 1829 1677 1885 oculis
1708 1833 2096 1902 totspectato-

434 1924 571 1966 rum
599 1912 796 1970 subito
826 1916 955 1972 visa
985 1916 1159 1974 fuerit
1188 1917 1502 1975 dedecoris
1524 1918 1733 1990 plena?
1758 1918 1931 1984 Quali
1952 1934 2091 1974 vero

436 2013 688 2072 corpore
714 2002 948 2061 inﬁnita
972 2005 1073 2062 illa
1095 2013 1150 2062 et
1173 2006 1573 2063 intolerabilia
1597 2008 1851 2080 perieret
1870 2006 2094 2080 suppli-

438 2087 551 2158 cia,
575 2090 680 2147 ubi
700 2092 855 2161 ignis
884 2094 1301 2163 inexstinctus,
1344 2102 1401 2153 et
1432 2097 1650 2153 vermis
1688 2097 2096 2153 indesinenter

437 2179 979 2250 puniens,etimum
994 2185 1166 2242 inferi
1184 2186 1694 2243 tenebricosumet
1707 2186 1968 2243 horrend
1979 2203 2092 2253 um,

437 2267 774 2325 elululatus
809 2274 1019 2345 amari,
1046 2280 1102 2330 et
1130 2275 1392 2346 ejulatus
1442 2275 1678 2345 ingens,
1703 2280 1758 2331 et
1805 2276 2094 2348 ploratus,

439 2359 498 2410 et
523 2358 740 2414 stridor
770 2360 1133 2429 dentium,et
1159 2364 1264 2419 ubi
1288 2364 1449 2420 mala
1479 2365 1664 2420 ﬁnem
1691 2380 1813 2420 non
1844 2365 2099 2421 habent?

437 2444 528 2500 Ab
561 2447 654 2502 his
677 2454 811 2521 post
837 2457 1091 2507 mortem
1123 2452 1365 2510 liberari
1393 2469 1518 2509 non
1549 2453 1748 2518 datur,
1781 2470 1979 2527 neque
2013 2458 2103 2511 est

439 2535 740 2595 industria
753 2539 1098 2615 ulla,neque
1107 2559 1204 2599 ars
1221 2543 1546 2615 eﬁugiendi
1558 2559 1768 2600 amara
1783 2544 2072 2616 supplicia
2085 2588 2100 2604 .

2200 1846 2362 1900 ματα,
2425 1829 2491 1879 τὰ
2533 1829 2704 1878 πάντα
2770 1825 2969 1896 ἀθρόως
3035 1829 3145 1893 (92)
3202 1833 3272 1887 εἷς
3327 1823 3643 1887 ἐξάκουστον
3700 1829 3806 1881 τοῖς

2200 1921 2337 1969 πᾶσὶ
2378 1920 2467 1968 καὶ
2508 1915 2745 1987 αγγελοις
2800 1921 2891 1968 καὶ
2969 1913 3260 1989 ἀνθρώποις
3346 1922 3520 1986 σαφῶς
3598 1910 3796 1964 ἀνακαο

2200 2004 2514 2060 λύπτουσαι.
2547 2008 2686 2080 Πρὸς
2741 2012 2907 2058 ταῦτα
2944 2008 3208 2065 ποταποὺς
3251 2011 3381 2056 εἰναι
3427 2001 3629 2075 ἀνάγκη
3686 2020 3805 2061 τους

2202 2104 2371 2156 κακῶς
2429 2093 2793 2168 βεϐιωκότας;
2840 2101 2948 2147 Ποῦ
2997 2095 3102 2166 ἄρα
3168 2096 3197 2153 ἡ
3230 2093 3387 2166 ψυχῇ
3445 2091 3610 2151 ἐκείνη
3643 2111 3811 2143 κατα·

2206 2183 2448 2254 δύσεται,
2489 2186 2519 2243 ἡ
2598 2183 2646 2236 ἐν
2728 2184 2882 2256 ὄψεσι
2965 2187 3227 2237 τοσούτων
3298 2185 3490 2236 θεατῶν
3568 2181 3812 2255 ἐξαίφνης

2206 2275 2425 2348 ὀφθεῖσα
2464 2275 2727 2347 αἰσχύνης
2775 2272 3078 2342 ἀνάπλεωςς
3140 2278 3280 2346 Ποίῳ
3331 2268 3390 2326 δὲ
3456 2277 3662 2345 σώματι
3718 2273 3813 2331 τας

2208 2364 2526 2438 ἀπεράντους
2608 2362 2800 2425 ἐκείνας
2874 2368 2965 2417 καὶ
3030 2362 3377 2423 ἀνυποίστους
3448 2363 3806 2418 ὑποστήσεται

2208 2456 2496 2528 μάστιγας,
2543 2455 2670 2506 ὅπου
2724 2461 2827 2526 πῦρ
2883 2451 3161 2521 ἄσϐεστον,
3210 2457 3300 2504 καὶ
3345 2450 3551 2514 σκώληξ
3574 2448 3809 2502 ἀθάνατα

2210 2543 2463 2611 κολάζων,
2520 2549 2610 2596 καὶ
2675 2545 2886 2616 πυθμὴν
2929 2539 3063 2614 ᾅδου
3099 2545 3361 2603 σκοτεινὸς
3387 2546 3479 2594 καὶ
3517 2535 3810 2614 φρικώδης,

440 2630 531 2677 καὶ
562 2627 813 2701 οἰμωγαὶ,
873 2637 1075 2707 πικραὶ,
1138 2638 1227 2686 καὶ
1282 2633 1568 2706 ὀλολυγμὸς
1616 2633 1861 2705 ἐξαίσιος,
1893 2639 1982 2686 καὶ
2007 2633 2274 2707 κλαυθμὸς
2307 2639 2397 2686 καὶ
2423 2632 2661 2709 βρυγμὸς
2686 2630 2929 2698 ὀδόντων,
2964 2636 3055 2684 καὶ
3086 2635 3241 2708 πέρας
3261 2632 3356 2684 οὐκ
3395 2634 3509 2703 ἔχει
3533 2632 3600 2681 τὰ
3643 2624 3815 2687 δεινά.

438 2717 643 2768 Τούτων
663 2718 757 2771 οὐκ
780 2722 922 2773 ἔστιν
954 2720 1223 2795 ἀπαλλαγὴ
1246 2726 1379 2797 μετὰ
1406 2726 1640 2794 θάνατον,
1674 2721 1799 2778 οὐδέ
1822 2745 1898 2786 τις
1923 2723 2143 2794 ἐπίνοια,
2173 2720 2297 2778 οὐδὲ
2323 2727 2538 2796 μηχανὴ
2577 2730 2668 2776 τοῦ
2697 2719 2973 2776 διεκδῦναι
2995 2724 3060 2775 τὰ
3087 2724 3253 2796 πικρὰ
3282 2720 3630 2796 κολαστήρια.

512 2810 563 2862 6.
618 2810 750 2864 Haec
796 2825 961 2866 nunc
1012 2812 1189 2869 vitare
1231 2813 1546 2872 licet.Dum
1571 2819 1773 2871 autem
1802 2814 1957 2885 licet,
1982 2813 2094 2870 eri-
2135 2816 2174 2871 C

441 2911 659 2969 gamus
688 2901 1093 2974 nosmetipsos
1125 2919 1197 2958 ex
1220 2920 1387 2974 casu,
1416 2920 1614 2978 neque
1635 2905 1710 2961 de
1756 2904 1934 2961 nobis
1979 2902 2096 2977 ipsi

437 2986 915 3060 desperemus,si
940 3007 977 3047 a
1007 2991 1182 3048 malis
1201 2993 1684 3064 discesserimus,
1715 2997 1885 3050 Iesus
1927 2992 2095 3050 Cbri-

440 3081 567 3133 stus
593 3079 755 3134 venit
780 3080 843 3135 in
872 3081 1171 3139 mundum
1200 3089 1548 3155 peccatores
1569 3084 1769 3140 salvos
1798 3083 2095 3140 facturus.

451 3168 673 3237 Venite,
696 3171 1014 3228 adoremus
1056 3174 1508 3242 etprocidamus
1547 3173 2097 3244 anteillum,etple-

442 3271 853 3317 remusceram
874 3262 1078 3331 ipso".
1108 3261 1372 3319 Verbum
1402 3279 1631 3320 vocans
1661 3279 1772 3319 nos
1803 3262 1882 3319 ad
1912 3262 2096 3335 paeni-

441 3347 715 3413 tentiam,
738 3348 961 3406 clamat
991 3366 1063 3406 ac
1098 3352 1475 3408 vociferatur:
1520 3354 1716 3408 Venite
1738 3352 1819 3409 ad
1839 3368 1952 3421 me,
1976 3368 2095 3408 em-

444 3451 548 3493 nes
577 3438 685 3508 qui
713 3438 1003 3496 laboratis
1030 3447 1085 3497 et
1115 3444 1528 3511 eneraliestts,
1564 3448 1616 3498 et
1677 3458 1783 3513 ego
1830 3444 2099 3511 reﬁciam

445 3526 721 3583 voss3.Est
744 3527 926 3598 igitur
956 3530 1054 3585 via
1094 3530 1326 3602 salutis,
1360 3531 1410 3586 si
1439 3530 1623 3588 modo
1673 3532 1951 3588 velimus.
1992 3535 2099 3587 De-

448 3613 680 3684 glutivit
707 3632 872 3672 mors
919 3619 1291 3690 praevalens:
1329 3619 1435 3675 sed
1478 3618 1668 3693 probe
1709 3619 1874 3691 scito,
1913 3623 2101 3677 Deum

444 3720 692 3762 rursum
713 3707 1036 3765 abstulisse
1053 3709 1389 3780 lacrymam
1412 3725 1655 3766 omnem
1670 3709 1747 3766 ab
1770 3711 1936 3766 omni
1953 3711 2102 3767 facie

446 3797 868 3869 pmnitentium
886 3799 1186 3856 “.Fidelis
1200 3801 1491 3856 Dominus
1520 3802 1583 3856 in
1611 3801 1885 3857 omnibus
1912 3802 2103 3858 verbis

448 3887 644 3942 suis“.
678 3890 807 3943 Non
837 3889 1123 3945 mentitur
1153 3905 1290 3945 cum
1323 3889 1487 3946 dicit:
1511 3890 1577 3946 Si
1601 3891 1831 3960 fuerin!
1854 3898 2105 3960 peccata

449 3982 650 4032 vestra
684 3978 860 4048 quasi
883 3968 1260 4047 phaeniceum
1314 3981 1473 4036 sicut
1498 3981 1686 4035 nivem
1711 3980 2025 4037 dealbabe:
2054 3981 2108 4036 si

449 4079 588 4121 vero
613 4064 847 4134 fuerint
880 4074 942 4122 ut
967 4070 1292 4135 coccinum,
1321 4072 1474 4126 sicut
1508 4071 1713 4126 lanam
1735 4070 2101 4127 dealbabo'“.

2276 2817 2329 2869 6.
2361 2820 2543 2867 Ταῦτα
2599 2816 2800 2886 φεύγειν
2852 2812 3023 2875 ἔξεστι
3074 2819 3182 2863 νῦν.
3253 2810 3383 2872 Ἕως
3434 2809 3654 2877 ἔξεστιν,
3697 2806 3818 2860 ἐαυ-

2203 2905 2326 2965 τοὺς
2379 2905 2482 2955 ἀπὸ
2538 2910 2631 2955 τοῦ
2695 2907 2971 2975 πτώματος
3036 2899 3392 2974 ἀναλάϐωμεν,
3424 2895 3565 2973 μηδὲ
3595 2896 3818 2950 ἀπελπί-

2208 3011 2374 3065 σωμεν
2398 2991 2612 3044 ιἑαυτῶν
2669 2993 2804 3063 (93),
2865 2990 2947 3044 ἐὰν
3003 2988 3335 3064 ἀναλύσωμεν
3361 2992 3464 3042 απὸ
3485 2996 3584 3041 τῶν
3615 2995 3813 3043 κακῶν.

2204 3064 2414 3142 Ἰησοῦς
2468 3085 2698 3157 Χριστὸς
2748 3078 2899 3140 ἦλθεν
2954 3080 3025 3144 εἰς
3073 3084 3161 3134 τὸν
3205 3084 3402 3152 κόσμον
3472 3075 3817 3153 άμαρτωλούς

2207 3172 2399 3223 σώσαι.
2475 3176 2643 3239 Δεῦτε,
2714 3175 3160 3245 προσκυνήσωμεν
3253 3173 3344 3222 καὶ
3435 3171 3817 3242 προσπέσωμεν

2206 3260 2368 3333 αὐτῷ,
2426 3265 2517 3313 καὶ
2567 3260 2871 3334 κλαύσωμεν
2948 3260 3171 3314 ἐναντιον
3246 3259 3423 3314 αὐτοῦ.
3506 3263 3656 3331 Πμᾱς
3720 3253 3808 3308 ἐπὶ

2206 3353 2476 3424 μετάνοιαν
2543 3350 2711 3403 καλῶν
2769 3355 2794 3403 ό
2851 3354 3023 3422 Λόγος
3090 3348 3195 3423 βοᾷ
3234 3353 3323 3401 καὶ
3387 3351 3627 3423 κέκραγε·
3665 3350 3820 3398 Δεῦτε

2206 3445 2337 3517 πρὸς
2385 3445 2448 3515 με
2504 3444 2686 3503 πάντες
2750 3443 2799 3493 οἱ
2854 3448 3139 3502 κοπιῶντες
3229 3444 3319 3491 καὶ
3380 3439 3808 3511 πεφορτισμένοι.

2207 3529 2353 3602 κάγὼ
2404 3529 2689 3583 ἀναπαύσω
2733 3531 2869 3602 ὑμᾶς
2925 3532 3054 3595 ι9ἓ).
3112 3528 3289 3583 Ἔστιν
3340 3522 3428 3579 οὖν
3476 3521 3598 3585 ὁδὸς
3645 3542 3820 3581 σωτη-

2208 3626 2347 3696 ρίας,
2408 3619 2491 3673 ἐὰν
2542 3619 2780 3691 θέλωμεν.
2838 3623 3089 3673 Κατέπιεν
3164 3621 3190 3670 ό
3246 3619 3461 3677 θάνατος
3552 3616 3818 3687 ἰσχύσας,

2211 3709 2316 3763 ἀλλ’
2368 3706 2420 3762 εὖ
2472 3711 2607 3776 ἴσθι,
2666 3711 2743 3762 ὅτι
2792 3711 2945 3762 πάλιν
2998 3707 3196 3781 ἀφεῖλεν
3242 3712 3267 3760 ό
3300 3710 3426 3768 Θεὸς
3454 3711 3556 3758 πᾶν
3585 3701 3819 3776 δάκρυον

2213 3799 2313 3853 ἀπὸ
2371 3803 2561 3861 παντὸς
2632 3806 2917 3873 προσώπου
2970 3808 3070 3851 τῶν
3131 3800 3534 3871 μετανοούντων.
3619 3797 3822 3855 Πιστὸς

2214 3892 2401 3964 Κύριος
2464 3887 2511 3940 ἐν
2566 3896 2699 3942 πᾶσι
2754 3896 2864 3951 τοῖς
2917 3889 3088 3961 λόγοις
3141 3888 3327 3942 animi.
3391 3885 3466 3939 05
3561 3879 3822 3956 ψεύδεται

2214 3979 2367 4032 εἰπών
2436 3983 2572 4049 (93)·
2640 3978 2757 4032 Ἐαν
2813 3979 2942 4031 ὦσιν
3002 3980 3056 4030 αἰ
3120 3976 3371 4052 ἁμαρτίαι
3448 3976 3591 4048 ὑμῶν
3616 3975 3685 4034 ὡς
3708 3992 3823 4045 φοι-

2212 4077 2411 4133 νικουν,
2461 4070 2527 4129 ὡς
2578 4072 2740 4139 χιόνα
2787 4066 3035 4120 λευκανῶ·
3094 4065 3178 4118 ἐὰν
3235 4062 3294 4118 δὲ
3351 4062 3479 4117 ὦσιν
3554 4065 3624 4124 ὡς
3694 4066 3824 4113 κόκ-

451 4155 697 4208 Paratus
717 4160 809 4210 est
832 4171 1090 4226 magnus
1117 4157 1213 4213 ille
1252 4158 1597 4214 animarum
1648 4157 1918 4213 medicus
1952 4175 2097 4214 mor-

2214 4177 2372 4222 κινον,
2434 4161 2558 4209 ὡσεὶ
2621 4158 2754 4231 ἔριον
2814 4155 3060 4208 λευκανώ.
3110 4154 3346 4228 Ἒτοιμός
3402 4151 3542 4205 ἐστιν
3591 4153 3615 4202 ό
3655 4155 3827 4224 μέγας

451 4241 599 4299 bum
629 4246 800 4311 tuum
834 4261 1050 4300 sanare
1075 4266 1088 4308 ;
1113 4247 1215 4318 qui
1245 4262 1368 4303 non
1407 4247 1488 4302 tui
1518 4247 1723 4318 solius,
1749 4248 1855 4304 sed
1894 4264 2106 4304 eorum

450 4333 747 4403 omnium,
799 4336 903 4409 qui
934 4342 1179 4409 peccato
1228 4337 1288 4392 in
1313 4336 1659 4393 servitutem
1698 4338 1921 4394 addicti
1946 4344 2103 4408 sunt,

450 4429 771 4497 promptus
784 4431 871 4482 est
883 4426 1185 4482 liberator.
1199 4429 1241 4497 ι
1255 4426 1372 4500 40
1392 4426 1747 4484 Verbaillius
1767 4428 2107 4485 suntzdulce

451 4513 600 4570 illud
616 4530 687 4571 ac
706 4515 969 4571 salutare
983 4533 1051 4572 os
1073 4516 1221 4572 dixit
1244 4535 1254 4569 :
1281 4518 1418 4573 Non
1433 4532 1579 4586 opus
1598 4518 1819 4573 habent
1848 4519 2107 4575 valentes

451 4605 811 4676 medico,sed
837 4608 997 4663 male
1017 4608 1321 4663 habentes.
1339 4607 1475 4663 Non
1501 4608 1634 4664 veni
1663 4607 1745 4663 ad
1771 4609 2107 4664 vocandum

444 4695 666 4763 justus,
698 4695 802 4751 sed
828 4701 1170 4765 peccatores
1192 4697 1274 4751 ad
1300 4696 1717 4766 paenitentiam
1740 4697 2108 4763 3".Quaenam

455 4799 599 4853 ergo
630 4790 735 4842 tua
764 4786 1071 4842 excusatio
1102 4791 1210 4853 est,
1244 4792 1349 4842 aut
1372 4785 1616 4842 alterius
1646 4786 1934 4856 cujusvis,
1969 4777 2109 4842 eum

526 4945 574 4979 ⁸ο
599 4945 777 5001 Joan.
825 4962 880 5017 v,
913 4951 1001 5001 29.
1105 4948 1150 4982 ⁸¹
1179 4950 1322 5004 Dan.
1358 4962 1457 5017 vn,
1491 4952 1545 5015 9,
1587 4951 1665 5003 t0.

460 5032 645 5088 CXLIV,
677 5020 760 5071 13.
840 5016 886 5052 ⁸⁵
919 5017 1032 5073 Isa.
1059 5034 1095 5074 ι.
1130 5023 1212 5074 18.
1289 5020 1332 5054 ⁸⁷
1363 5019 1681 5091 Μᾶὶὼζῌ,
1712 5023 1797 5088 i2,
1827 5024 1908 5076 i3.

531 5171 645 5238 (91)
692 5172 1004 5245 Θείοτττίοις.Δ
1063 5169 1213 5245 inditi
1308 5173 1641 5234 θεοπτείας...
1711 5179 1863 5245 Ἕως,
1935 5192 2113 5245 φησιν,

459 5245 710 5313 ἐθεώρουν
742 5240 824 5291 ὅτε
850 5239 927 5313 οὔ.
965 5240 1212 5313 codices
1243 5258 1390 5299 mss.
1432 5259 1645 5298 omnes
1674 5250 1736 5299 ut
1761 5244 1821 5299 in
1856 5239 2040 5300 textu.

529 5310 738 5381 (9⁷2)Τὰ
798 5312 965 5363 πάντα
1013 5310 1227 5385 ἀθρόως.
1256 5314 1348 5368 Sic
1382 5330 1605 5384 magno
1642 5331 1944 5371 consensu
1967 5332 2110 5371 mss.

459 5386 610 5444 Editi
640 5402 810 5436 ταυτα
843 5384 1007 5458 πάντα
1036 5384 1277 5458 φανερῶς,

532 5460 641 5522 (93)
666 5456 913 5507 Ἐαντῶνι
939 5454 1182 5516 Ἐαντούς
1214 5454 1388 5511 Coisl.
1424 5456 1674 5511 Primus.

534 5531 645 5598 (θὶ)
706 5533 924 5581 Δεῦτε...
973 5528 1128 5599 ὑμᾶς.
1190 5529 1323 5581 Haec
1360 5527 1579 5599 desunt
1608 5527 1668 5599 in
1696 5533 1830 5584 octo
1877 5546 2022 5586 mss.
2052 5529 2110 5588 in

464 5595 684 5679 quibus
709 5599 792 5654 sic
818 5595 1037 5669 legitur
1060 5615 1072 5651 :
1097 5617 1363 5673 κεκραγεν.
1396 5597 1577 5654 Ἔστιν
1605 5595 1748 5665 ὁδός.

1770 4947 1816 4981 διε
1852 4946 2000 5002 Psal.
2036 4963 2188 5018 κείν,
2211 4951 2263 5003 6.

2215 4257 2314 4299 τῶν
2345 4246 2537 4319 ψυχῶν
2572 4245 3039 4321 ἰατρὸς-ἰάσασθαί
3072 4264 3166 4297 σου
3196 4247 3254 4297 τὸ
3284 4241 3531 4311 πάθος,ὂς
3563 4236 3687 4293 οὐδὲ
3706 4241 3821 4313 (96)

2216 4339 2535 4410 μονωτάτης,
2598 4334 2727 4388 ἀλλά
2803 4337 3007 4388 πάντων
3087 4343 3186 4386 τῶν
3278 4329 3676 4404 δεδουλωμένων
3756 4338 3819 4402 τῇ

2218 4427 2451 4501 ἁμαρτία
2507 4425 2647 4478 ἐστὶν
2698 4428 2900 4498 ἕτοιμος
2978 4424 3339 4499 ἐλευθερωτής.
3401 4422 3625 4475 Ἐκείνου
3716 4418 3825 4493 ῥή-

2218 4518 2355 4589 ματά
2404 4514 2565 4567 ἐστιν·
2622 4513 2781 4566 ἐκεῖνο
2840 4518 2896 4567 τὸ
2957 4513 3121 4585 γλυκύ
3170 4518 3260 4565 καὶ
3329 4516 3586 4584 σωτήριον
3649 4513 3829 4581 στόμα

2219 4608 2373 4661 εἶπεν.
2440 4604 2515 4657 Οὐ
2586 4605 2773 4678 χρείαν
2830 4606 3046 4676 ἔχουσιν
3113 4603 3164 4655 οἰ

3258 4602 3553 4674 ἰσχύοντες,
3616 4598 3824 4672 ἰατροῦ,

2218 4695 2348 4748 ἀλλά
2448 4696 2497 4746 οἱ
2591 4703 2767 4757 κακῶς
2866 4697 3090 4766 ἔχοντες.
3192 4692 3304 4745 Οὐκ
3370 4688 3523 4749 ἦλθον
3602 4688 3828 4741 καλέσαι

2221 4781 2477 4855 δικαίους,
2550 4783 2680 4836 ἀλλὰ
2750 4782 3090 4857 ἁμαρτωλοὺς
3168 4782 3241 4844 εἰς
3323 4781 3594 4854 μετάνοιαν
3680 4778 3822 4843 (97).

2369 4947 2416 4981 ⁸³
2442 4946 2638 5002 Matth.
2665 4961 2747 5013 χι,
2780 4949 2869 5001 28.
2975 4946 3023 4979 ⁸⁸
3056 4946 3173 5001 Isa.
3222 4959 3356 5014 xxv,
3398 4946 3452 4999 8.
3562 4943 3610 4977 ⁸⁵
3664 4938 3821 4998 Psal.

2224 5242 2236 5254 .
2298 5175 2411 5241 (95)
2444 5171 2633 5225 Εἰπὼν.
2691 5169 2843 5226 Editi
2897 5168 3130 5226 addunt
3163 5167 3504 5237 articulum,
3531 5165 3635 5223 sed
3657 5165 3831 5223 deest

2221 5259 2518 5389 Inﬁsﬁb;
2544 5310 2667 5366 οὐδὲ
2785 5313 3150 5389 ἐλευθερωτής.
3181 5314 3319 5385 llaec
3345 5309 3565 5367 desunt
3603 5310 3664 5367 in
3690 5314 3830 5367 octo

2224 5385 2560 5441 codicibus.

2295 5460 2405 5520 (97)
2440 5457 2525 5518 Ei;
2547 5457 2840 5529 μετάνοιαν.
2871 5455 3167 5529 Statim‘in
3213 5471 3317 5511 sex
3354 5453 3662 5511 codicibus
3696 5452 3830 5528 βρύα

2221 5527 2365 5582 λεται
2398 5526 2608 5605 Κύριος,
2632 5527 2860 5585 caeteris
2889 5526 3149 5584 omissis.
