4078 6400
142 296 249 353 381

1167 299 1655 358 EPISTOLARUM
1696 284 1981 360 CLASSIS
2020 299 2086 355 Π.
2130 301 2359 359 EPIST.
2403 303 2604 359 XLVII.

3467 300 3569 357 382

149 424 252 483 Τίς
281 414 375 472 οὖν
402 415 520 472 ἐστί
552 438 648 473 σοι
672 424 970 496 πρόφασις,
1011 426 1041 484 ἣ
1079 444 1184 478 τινι
1229 424 1390 498 ἄλλῳ,
1428 432 1598 478 ταῦτα
1642 423 1802 478 αὐτοῦ

1918 425 2039 482 haec
2059 426 2191 499 ipse
2217 426 2480 485 clamet?
2504 427 2639 484 Vult
2661 425 2952 483 Dominus
2973 440 3233 498 purgare
3262 427 3317 482 te
3343 441 3379 483 a
3399 424 3571 481 dolo-

156 510 440 584 βοῶντοςς
498 510 759 564 Βούλεται
821 516 1007 587 Κύριος
1067 517 1359 586 καθαρίσαι
1425 534 1483 568 σε
1539 514 1640 567 ἀπὸ
1709 521 1802 566 τοῦ

154 605 327 655 πόνου
384 606 482 661 τῆς
541 599 777 673 πληγῆς,
807 608 897 655 και
949 600 1121 668 δεῖξαί
1151 624 1236 657 σοι
1262 612 1370 678 φῶς
1416 603 1518 659 ἀπὸ
1559 607 1802 666 σκότους.

163 691 232 742 Σὲ
287 688 450 749 ξητεί
498 688 525 740 6
573 693 777 762 ποιμὴν
836 692 863 742 6
927 691 1105 762 καλὸς,
1171 694 1197 745 ό
1255 693 1553 746 καταλιπὼν
1606 694 1674 746 τὰ
1729 696 1800 765 μὴ

156 777 573 851 πεπλανημένα.
634 778 755 832 Ἐὰν
809 777 1002 853 ἐπιδῷς
1068 787 1312 850 σεαυτὴν,
1397 782 1493 836 οὐκ
1571 781 1801 846 ὀκνήσει,

158 864 287 922 οὐδ’
352 867 656 931 ἀπαξιώσει
698 889 757 923 σε
786 871 903 936 (98)
945 872 971 923 6
1011 870 1366 947 φιλάνθρωπος
1414 871 1625 926 ἐπὶτῶν
1651 876 1802 944 ὤμων

161 956 465 1032 βαστάσαι
493 966 598 1011 τῶν
639 955 811 1024 ἰδίων,
842 964 1068 1036 χαίρων,
1118 962 1200 1014 ὅτι
1230 962 1371 1036 εὗρεν
1402 962 1564 1014 αὐτοῦ
1589 965 1649 1013 τὸ
1678 965 1803 1037 πρό-

158 1046 332 1100 ϐατον
382 1050 445 1100 τό
503 1045 794 1110 ἀπολωλός.
860 1047 1117 1109 Ἐστηκεν
1156 1052 1183 1103 6
1221 1055 1418 1127 πατὴρ,
1446 1056 1538 1104 καὶ
1568 1053 1805 1123 ἀναμένει

158 1141 266 1196 τὴν
330 1141 436 1195 σήν
496 1135 602 1189 ἀπό
650 1146 743 1198 τῆς
792 1137 992 1202 πλάνης
1022 1137 1293 1194 ἐπάνοδον.
1327 1145 1495 1194 Μόνον
1526 1139 1800 1207 ἀνάλυσον,

168 1233 271 1279 καὶ
326 1229 402 1279 ἔτι
442 1246 543 1279 σου
604 1230 812 1301 μακρὰν
859 1232 1039 1295 οὔσης,
1071 1227 1431 1306 προσδραμὼν
1482 1229 1805 1283 ἐπιπεσεῖται

176 1314 274 1368 ἐπὶ
317 1319 403 1368 τόν
459 1316 731 1390 τράχηλόν
786 1336 902 1386 σου,
953 1324 1043 1371 καὶ
1074 1319 1298 1391 φιλικοῖς
1329 1318 1634 1393 ἀσπασμοῖς
1661 1339 1804 1395 περι-

177 1405 446 1467 πτύξεται
490 1410 580 1464 τήν
624 1406 728 1459 ὑπὸ
775 1414 870 1469 τῆς
903 1412 1175 1480 μετανοίας
1215 1406 1322 1468 ἤδη
1385 1411 1796 1482 κεκαθαρμένην.

186 1498 307 1548 Καὶ
343 1494 520 1552 στολὴν
543 1491 777 1561 ἓνδύσει,
802 1500 898 1555 τὴν
935 1502 1167 1572 πρώτην,
1199 1497 1386 1570 ψυχὴν
1419 1502 1536 1570 (99)
1574 1494 1803 1551 ἅπεκδυ-

190 1589 427 1656 σαμένην
468 1588 552 1637 τόν
598 1584 822 1638 παλαιόν
872 1587 1140 1661 ἄνθρωπον
1190 1592 1286 1641 σὺν
1328 1596 1445 1650 ταῖς
1489 1588 1648 1641 αὐτοῦ
1672 1590 1806 1662 πρά-

187 1671 309 1735 ξεσι
332 1694 345 1706 ·
375 1678 467 1726 καὶ
494 1676 773 1748 περιθήσει
802 1673 1084 1729 δακτύλιον
1131 1682 1321 1751 χερσὶν
1352 1676 1804 1750 ἁποπλυναμέναις

1910 514 1992 570 ris
2023 515 2219 588 plaga,
2255 533 2326 574 ac
2355 522 2494 589 post
2518 517 2798 574 tenebras
2842 515 2949 573 tibi
2995 515 3203 571 lumen
3232 514 3569 570 ostendere.

1914 606 2132 670 Quarit
2163 611 2219 663 te
2248 612 2457 680 pastor
2487 606 2706 672 bonus,
2731 605 2947 662 ovibus
2967 621 3101 678 qua
3122 620 3247 661 non
3276 619 3569 665 erravere,

1912 693 2231 753 derelictis.
2277 699 2352 753 Te
2403 695 2537 768 ipsa
2586 696 2632 751 si
2662 692 2989 765 dedideris,
3018 709 3143 749 non
3172 691 3570 757 cunctabitur,

1911 799 2109 857 neque
2139 784 2626 855 dedignabiturte
2657 784 2779 840 suis
2798 784 2987 857 ipsius
3015 782 3286 839 humeris
3310 786 3572 855 portare,

1910 870 2084 928 latus
2111 873 2279 945 quod
2336 888 2512 929 ovem
2561 889 2734 929 suam
2765 871 3068 945 perditam
3096 869 3409 926 invenerit.
3450 870 3577 925 Stat

1912 966 2102 1034 pater,
2132 978 2203 1018 ac
2233 967 2537 1035 exspectat
2570 966 2740 1018 tuum
2780 961 2858 1018 ab
2910 977 3108 1017 errore
3161 961 3437 1016 reditum.
3471 961 3575 1015 Rc-

1911 1056 2137 1109 vertere
2186 1052 2632 1117 tantummodo,
2693 1057 2869 1124 teque
2916 1051 3096 1123 longe
3125 1051 3325 1106 adhuc
3353 1053 3569 1115 stante,

1912 1158 2232 1199 accurrens
2291 1142 2467 1199 cadet
2519 1142 2581 1198 in
2634 1142 2856 1199 collum
2900 1147 3093 1208 tuum,
3126 1146 3182 1197 et
3212 1141 3421 1196 amicis
3448 1155 3572 1195 am-

1911 1232 2187 1305 plexibus
2202 1233 2330 1303 jam
2349 1232 3099 1305 panitentiaexpurgatam
3121 1230 3567 1303 complectetur.

1912 1322 2269 1389 Quinetiam“
2308 1322 2460 1378 stola
2506 1322 2706 1394 prima.
2762 1322 3034 1378 animam
3062 1322 3291 1391 induet,
3323 1319 3570 1376 homine

1914 1417 2110 1469 vetere
2140 1428 2281 1467 cum
2311 1411 2599 1484 operibus
2661 1412 2787 1467 suis
2842 1416 3107 1478 exutam,
3153 1408 3570 1480 annulumque

1912 1501 2195 1559 manibus
2218 1502 2428 1557 mortis
2459 1501 2756 1570 sanguine
2807 1500 3024 1557 ablutis
3049 1487 3483 1571 circumponet,
3515 1500 3573 1552 et

1912 1592 2146 1648 calceos
2177 1590 2346 1648 dabit
2366 1590 2677 1664 pedibusa
2704 1590 2796 1646 via
2826 1590 2988 1646 mala
3016 1589 3094 1646 ad
3115 1604 3358 1645 cursum
3389 1602 3571 1642 evan-

1913 1680 2048 1752 gelii
2069 1680 2238 1753 pacis
2266 1681 2596 1737 conversis.
2629 1684 2821 1753 Atque
2840 1679 3058 1736 latitia
3088 1695 3158 1735 ac
3189 1676 3570 1748 gaudiidiem

181 1770 278 1815 τοῦ
306 1765 535 1816 θανάτου
586 1768 647 1817 τό
677 1766 830 1838 αἷμα,
870 1771 959 1820 καὶ
1009 1764 1273 1827 ὑποδήσει
1324 1764 1497 1830 πόδας
1550 1767 1802 1842 ἀποστρέ-

1918 1769 2297 1827 annuntiabit
2340 1769 2464 1825 suis
2496 1774 2622 1825 tum
2663 1769 2893 1839 angelis
2932 1774 3060 1825 tum
3102 1766 3470 1834 hominibus,
3500 1780 3572 1821 ac

171 1851 387 1923 φαντας
438 1852 545 1906 ἀπὸ
602 1851 732 1907 ὁδοῦ
782 1864 952 1920 κακῆς
992 1861 1125 1933 πρός
1178 1861 1265 1910 τόν
1310 1854 1505 1933 δρόμον
1531 1865 1621 1911 τοῦ
1653 1857 1778 1928 εὐαογ

166 1942 354 2013 τελέου
384 1951 489 2005 τῆς
520 1943 755 2016 εἰρήνης.
815 1950 917 1999 Καὶ
965 1946 1285 2021 εὐφροσύνης
1340 1952 1429 2000 καὶ
1483 1954 1661 2023 χαρᾶς
1682 1949 1805 2020 ἠμέ-

173 2050 273 2105 ραυ
318 2033 644 2105 καταγγέλεί
698 2042 804 2096 τοῖς
859 2031 1019 2097 ἰδίοις
1063 2041 1153 2088 καὶ
1205 2034 1445 2109 ἄγγελοις
1486 2042 1577 2090 καὶ
1608 2036 1808 2112 ἀνθρώ-

171 2140 320 2183 ποις,
375 2127 479 2174 καὶ
527 2128 688 2176 παντὶ
715 2128 890 2197 τρόπῳ
937 2129 1032 2184 τὴν
1083 2129 1180 2183 σὴν
1229 2125 1465 2199 ἑορτάσει
1516 2131 1803 2201 σωτηρίαν.

176 2212 352 2284 Ἀμὴν
412 2214 522 2287 γὰρ
597 2211 751 2284 λέγω,
817 2219 1002 2287 φησὶν,
1075 2217 1216 2287 υμῖν,
1283 2217 1365 2268 ὅτι
1415 2219 1563 2291 χαρὰ
1608 2221 1807 2288 γίνεται

176 2298 227 2353 ἐν
288 2300 505 2374 οὐρανῷ
565 2299 777 2355 ἐνώπιον
853 2311 946 2356 τοῦ
1009 2311 1144 2358 Θεοῦ
1210 2303 1296 2357 ἐπὶ
1369 2305 1442 2358 ἑνὶ
1515 2304 1806 2381 ἁμαρτωλῷ

175 2390 550 2464 μετανοοῦντι.
594 2398 700 2445 Καν
729 2390 981 2466 ἐγκαλέσῃ
1012 2413 1096 2456 τις
1122 2402 1223 2446 τῶν
1254 2393 1466 2447 ἑστάσιν
1490 2391 1806 2464 δοκούντων,

181 2484 261 2532 ὄτι
286 2484 441 2552 ταχὺ
494 2480 895 2554 προσελήφθης·
947 2483 1101 2544 αὐτὸς
1153 2484 1179 2535 ό
1228 2481 1427 2555 ἀγαθὸς
1463 2490 1638 2560 πατὴρ
1677 2486 1806 2557 ὑπὲρ

1912 1859 2200 1917 omnibus
2264 1860 2464 1916 modis
2540 1860 2796 1915 salutem
2848 1865 3017 1915 tuam
3083 1856 3426 1914 celebrabit.
3479 1855 3574 1911 Ait

1912 1950 2075 2007 enim
2112 1970 2124 2004 :
2154 1949 2346 2005 Amen
2368 1949 2501 2005 dico
2515 1949 2699 2011 vobis,
2725 1949 2885 2020 quod
2901 1947 3195 2018 gaudium
3226 1947 3391 2002 estin
3421 1945 3569 2001 calo

1913 2055 2117 2096 coram
2134 2040 2273 2101 Deo,
2295 2054 2475 2108 super
2494 2054 2614 2093 uno
2641 2037 3286 2107 peccatorepanitente
3310 2035 3377 2087 ⁸⁸.
3400 2033 3570 2097 Quod

1914 2129 1964 2185 si
1992 2128 2295 2201 quispiam
2324 2144 2397 2183 ex
2416 2127 2487 2183 iis
2518 2127 2623 2201 qui
2649 2132 2805 2184 stare
2820 2126 2932 2182 sibi
2959 2125 3412 2194 videntur,vitio
3439 2139 3569 2178 ver-

1914 2218 2063 2287 terit,
2097 2219 2260 2289 quod
2284 2217 2399 2273 cito
2430 2220 2746 2289 assumpta
2779 2232 2839 2272 es
2861 2236 2874 2275 :
2898 2216 3026 2287 ipse
3054 2214 3150 2270 ille
3181 2214 3380 2269 bonus
3398 2216 3569 2284 pater

1912 2320 2024 2379 pro
2052 2310 2109 2361 te
2138 2304 2543 2377 respondebit,
2570 2304 2776 2360 dicens
2809 2319 2822 2356 :
2859 2302 3208 2359 Latandum
3232 2305 3319 2357 est
3344 2305 3401 2356 et
3420 2315 3567 2369 gau-

1915 2395 2209 2467 dendum,
2241 2395 2386 2467 quia
2445 2395 2575 2450 hac
2613 2394 2737 2450 ﬁlia
2784 2409 2923 2450 mea
2960 2396 3203 2449 mortua
3225 2396 3371 2463 erat,
3404 2396 3461 2447 et
3482 2405 3570 2445 re-

1914 2485 2077 2553 vixit,
2100 2489 2157 2542 et
2174 2484 2482 2557 deperdit.“
2509 2488 2655 2547 erat,
2689 2488 2745 2539 et
2784 2484 3026 2539 inventa
3054 2487 3142 2538 est
3167 2484 3240 2537 ⁸9.

183 2577 279 2622 σοῦ
326 2569 728 2641 ἀπολογήσεται
783 2570 966 2644 λέγων,
1006 2572 1372 2647 Εὐφρανθῆναι
1420 2570 1507 2627 δεῖ
1546 2579 1636 2627 καὶ
1664 2582 1920 2649 χαρῆναι⁹
1955 2577 2037 2627 ὅτι
2066 2575 2199 2632 αὕτη
2233 2576 2262 2633 ἡ
2296 2575 2532 2648 θυγάτηρ
2562 2592 2663 2647 μου
2720 2574 2877 2646 νεκρὰ
2917 2570 3000 2642 ἦν,
3049 2576 3140 2623 καὶ
3194 2569 3432 2641 ἀνέζησε,
3480 2573 3570 2621 καὶ

184 2658 524 2721 ἀπολωλυία,
552 2664 645 2712 καὶ
666 2661 873 2735 εὑρέθη.

788 2785 838 2822 ⁸9
875 2784 1023 2841 ibid.
1057 2790 1147 2846 32.

266 2911 382 2969 (98)
427 2909 739 2971 Ἀπαξιὼσει
771 2929 854 2965 σε.
890 2911 1179 2967 Voculam
1218 2910 1504 2968 addimus
1552 2927 1625 2968 ex
1659 2929 1807 2968 mss.

274 2975 389 3042 (99)
431 2986 613 3053 Ψυχὴν
663 2982 817 3039 Editi
874 2986 970 3041 τὴν
1023 2982 1210 3056 ψυχήν
1257 3002 1378 3040 σου.
1444 2983 1589 3039 MSS.
1634 2989 1698 3040 ut
1753 2984 1816 3041 in

256 2784 307 2819 ⁸⁸
352 2785 494 2841 Luc.
526 2802 627 2854 xv,
655 2791 709 2842 7.

1374 3328 1813 3418 CLASSIS

1921 2916 2109 2969 textu.

1926 3327 2421 3416 SECUNDA

498 3507 842 3593 Epistola
873 3525 1048 3591 quas
1080 3510 1145 3577 S.
1182 3509 1486 3576 Basilius
1518 3509 1890 3595 episcopus
1921 3509 2208 3594 scripsit
2239 3509 2325 3575 ab
2356 3526 2541 3574 anno
2573 3509 2693 3574 370
2718 3506 2805 3572 ad
2834 3522 3099 3572 annum
3129 3508 3268 3570 378.

748 3774 1086 3823 ΕΠΙΣΤΟΛΗ
1127 3770 1255 3827 ΜΖ’.

2438 3768 2777 3826 EPISTOLA
2820 3767 3050 3822 XLVII”.

189 3893 518 3965 Gregorius
547 3893 831 3967 Theoloyi
845 3900 1020 3965 pater
1046 3895 1365 3952 Eusebium
1390 3896 1888 3961 Samosatensem,
1939 3898 2117 3953 misso
2164 3895 2487 3951 Eustathio
2541 3894 2817 3960 diacono,
2866 3892 3085 3948 invitat
3116 3890 3197 3947 ad
3217 3890 3565 3948 electionem

932 3968 1194 4038 episcopi
1218 3969 1602 4026 Caesariensis
1629 3975 1693 4026 ut
1725 3985 1789 4026 eo
1816 3969 2150 4040 adjuvante
2178 3968 2448 4024 Basilius
2480 3967 2616 4035 eligi
2634 3968 2841 4034 possit.

685 4096 958 4167 Γρηγορίῳ
990 4092 1068 4162 (1)
1099 4092 1286 4168 ἑταίρῳ
1299 4136 1312 4150 .

269 4202 362 4259 Τίς
404 4193 564 4251 δώσει
605 4218 697 4271 μοι
743 4204 1007 4275 πτέρυγας
1056 4202 1184 4254 ὡσεὶ
1225 4207 1573 4277 περιστερᾶς;
1624 4202 1654 4260 ἣ
1703 4209 1808 4263 πῶς

192 4287 546 4361 ἀνακαινισθῇ
580 4308 681 4362 μου
738 4292 799 4342 τό
854 4297 1041 4366 γῆρας,
1077 4292 1213 4343 ὥστε
1241 4309 1305 4364 με
1351 4286 1645 4351 δυνηθῆναι
1692 4288 1807 4344 δια-

196 4377 350 4436 ϐῆναι
380 4381 520 4453 πρὸς
548 4382 644 4434 τὴν
691 4378 938 4452 ὑμετέραν
977 4377 1207 4451 ἀγάπην,
1258 4383 1349 4432 καὶ
1399 4382 1486 4432 τόν
1538 4399 1593 4433 τε
1646 4381 1807 4433 πόθον

202 4467 254 4519 ὃν
283 4471 392 4539 ἔχω
419 4467 500 4541 ἐφ’
527 4468 650 4540 ὑμῖν
680 4466 1002 4538 ἀναπαῦσαι,
1052 4473 1143 4521 καὶ
1188 4471 1252 4521 τὰ
1301 4468 1514 4543 λυπηρά
1564 4479 1662 4532 τῆς
1709 4470 1809 4542 ψυ-

204 4566 309 4632 χῆς
336 4555 739 4630 διηγήσασθαι,
768 4563 859 4611 καὶ
912 4554 986 4611 δι’
1011 4560 1154 4632 ὑμῶν
1211 4560 1457 4632 εὑρέσθαι
1500 4562 1618 4612 τινὰ
1644 4580 1812 4634 παρα-

204 4649 397 4720 μυθίαν
446 4656 551 4699 τῶν
603 4645 864 4718 θλίψεων;
917 4647 1031 4701 Ἐπὶ
1098 4650 1200 4721 γὰρ
1273 4657 1335 4722 τῇ
1406 4654 1656 4721 κοιμήσει
1720 4656 1811 4701 τοῦ

204 4742 468 4811 μακαρίου
511 4735 767 4790 Εὗσεϐἱου
815 4743 907 4790 τοῦ
954 4735 1241 4790 ἐπισκόπου
1296 4736 1451 4811 φόϐος
1498 4740 1637 4812 ἡμᾶς
1691 4759 1812 4791 κατ-

273 4829 346 4864 ⁸⁹’
385 4827 543 4884 Psal.
572 4844 683 4883 Liv.
715 4834 769 4884 7.
1354 4866 1357 4867 ν

266 4922 347 4988 ,1)
392 4922 702 4992 Γρηγορίῳ.
738 4915 1069 4992 Hic‘titulus
1110 4915 1194 4992 sic
1224 4917 1565 4975 habeturin
1598 4917 1820 4992 codici-

199 4974 692 5065 δυζνέιέίΜεᾴ.
749 4994 808 5044 et
838 4987 1021 5065 Cpisl.
1054 4987 1296 5065 primo:
1331 4994 1603 5065 Γρηγορίῳ
1634 4989 1820 5065 ἑταίρῳ

201 5070 318 5138 περὶ
353 5072 457 5126 τῆς
490 5064 793 5138 κοιμήσεως
830 5058 1085 5138 Εὐσεϐίου
1134 5067 1224 5138 τοῦ
1255 5058 1598 5113 ἐπισκόπου
1619 5066 1709 5138 καὶ
1742 5058 1820 5112 ὅτι

207 5129 316 5208 ἔχει
359 5140 468 5209 πρὸ
503 5129 781 5208 ὀφθαλμῶν
800 5136 892 5209 τὸν
920 5132 992 5194 εἰς
1033 5133 1127 5209 ἰὴν
1166 5130 1457 5209 igua-Mdv
1500 5129 1820 5200 ἐπιτήδειον,

210 5203 495 5279 Gregorio
515 5203 718 5263 sodali
736 5207 812 5263 de
830 5205 997 5279 obitu
1020 5203 1264 5279 Eusebii
1282 5206 1576 5279 episcopi;
1595 5203 1823 5279 etquod

211 5276 381 5339 habet
409 5296 544 5350 prae
574 5280 770 5335 oculis
787 5278 986 5334 virum
1013 5276 1095 5330 ad
1115 5276 1452 5350 episcopale
1470 5291 1688 5350 munus
1702 5277 1821 5350 ido-

206 5345 453 5409 neumfu
492 5352 629 5408 Legi
671 5366 796 5406 non
822 5351 1024 5421 potest
1078 5345 1817 5421 attentiushacepjstola,

214 5427 353 5497 quin
384 5440 525 5480 eam
583 5438 709 5479 non
765 5438 801 5477 a
825 5417 1086 5497 'Ba’silio,
1121 5417 1228 5497 sed
1255 5419 1457 5497 potius
1495 5417 1820 5497 debasilio

219 5489 490 5568 scriptam
509 5511 643 5551 esse
660 5497 891 5568 pateat.
911 5491 967 5546 Pl
969 5506 1111 5568 ures
1124 5495 1323 5544 tamen
1337 5489 1786 5568 decepittitulus
1807 5506 1820 5557 ;

225 5572 279 5624 at
297 5561 470 5625 hodie
485 5571 644 5626 inter
663 5561 939 5623 eruditos
962 5562 1081 5621 fere
1102 5561 1382 5620 convenit
1401 5576 1533 5615 eam
1549 5577 1585 5617 a
1607 5563 1823 5630 Grego-

223 5638 309 5697 rio
328 5648 509 5713 patre,
530 5640 645 5698 ﬁlii
670 5652 891 5703 manu,
905 5633 979 5693 ad
997 5632 1319 5693 Eusebium
1339 5634 1821 5690 Samosatensem

2482 4090 2770 4161 Gregorio
2799 4089 3016 4145 sodali.

1989 4199 2132 4266 Quis
2157 4197 2325 4254 dabit
2349 4197 2495 4253 mihi
2522 4196 2648 4253 alas
2673 4196 2825 4252 sicut
2847 4194 3144 4251 columba
3166 4194 3211 4230 ⁸9
3234 4194 3286 4249 *‘I
3304 4204 3407 4250 aut
3431 4210 3579 4266 quo-

1917 4288 2103 4346 modo
2126 4289 2364 4344 senium
2394 4303 2598 4343 meum
2629 4289 2968 4356 renovetur,
2996 4288 3062 4340 ut
3086 4284 3166 4340 ad
3196 4283 3576 4339 dilectionem

1919 4381 2177 4436 vestram
2206 4376 2480 4445 transire,
2504 4380 2560 4433 et
2589 4391 2790 4431 meum
2818 4371 3376 4431 vestridesiderium
3406 4387 3576 4427 exsa-

1919 4469 2066 4526 tiare
2099 4468 2351 4541 possim,
2383 4471 2441 4524 et
2470 4466 2772 4522 molestias
2816 4464 3003 4520 animi
3031 4478 3299 4527 narrare,
3337 4466 3394 4518 et
3422 4477 3458 4518 a
3479 4477 3575 4517 vo-

1920 4559 2015 4616 bis
2036 4558 2283 4631 aliquod
2295 4556 2751 4614 aﬂlictationum
2772 4554 3049 4611 levamen
3070 4551 3396 4624 consequi?
3427 4555 3577 4608 Nam

1921 4652 2162 4706 mortuo
2189 4646 2371 4704 beato
2396 4648 2683 4718 episcopo
2734 4643 3011 4709 Eusebio,
3062 4646 3257 4698 metus
3285 4657 3397 4696 nos
3422 4640 3580 4713 cepit

1923 4737 2091 4795 haud
2116 4752 2361 4810 parvus,
2394 4751 2469 4792 ne
2497 4735 2647 4791 forte
2672 4733 2775 4807 qui
2806 4730 3135 4804 aliquando
3159 4729 3431 4786 Ecclesia
3454 4746 3578 4786 me-

1929 4917 2213 4989 scriptam
2246 4916 2463 4989 fuisse.
2481 4918 2631 4989 Nam
2675 4925 2966 4989 senemse
2992 4925 3122 4989 esse
3150 4909 3581 4989 declaratauc:

1927 4993 2019 5069 _t_o_r
2048 4981 2331 5069 epistola.
2349 4990 2406 5042 et
2442 4986 2511 5069 ‘in
2552 4981 2944 5069 ‘Cappadocia
2973 4981 3352 5069 episcopum:
3384 4985 3449 5069 ut
3475 4981 3583 5069 qui

1924 5052 2135 5116 litteris
2195 5058 2335 5113 cieri
2385 5057 2460 5112 ad
2515 5052 2868 5111 electionem
2896 5052 3198 5124 episcopi;
3224 5057 3279 5109 et
3306 5052 3580 5108 Ecclesia

1928 5129 2303 5186 Casariensis
2324 5127 2736 5183 defensionem
2767 5124 3051 5180 invitatus
3071 5124 3266 5181 fuerit.
3300 5127 3353 5179 Is
3377 5129 3578 5180 autem

1927 5202 2003 5257 ad
2034 5217 2220 5273 quem
2249 5200 2455 5256 scribit
2486 5204 2542 5254 et
2570 5197 2782 5273 eadem
2806 5196 3089 5273 dignitate
3115 5196 3407 5273 praeditus
3432 5200 3577 5273 erat,

1927 5278 1985 5330 et
2012 5265 2321 5328 laboribus
2346 5287 2451 5342 pro
2484 5270 2745 5342 Ecclesia
2776 5268 3072 5342 susceptis
3118 5265 3337 5342 clarus.
3359 5272 3416 5342 et
3435 5265 3579 5342 ami-

1927 5361 2033 5400 cus
2059 5342 2290 5410 Basilio,
2318 5336 2429 5398 nec
2452 5341 2849 5413 Cappadocia
2872 5336 3125 5413 vicinus.
3156 5338 3369 5413 Omnia
3389 5336 3447 5391 in
3472 5338 3579 5390 Eu-

1928 5415 2164 5472 sebium
2192 5410 2678 5469 Samosatensem
2711 5412 2959 5467 miriﬁce
2986 5410 3367 5477 conveniunt,
3395 5422 3578 5479 quem

1927 5487 2122 5543 Basilii
2155 5485 2521 5541 ordinationi
2544 5484 2767 5539 scimus
2792 5483 3149 5538 interfuisse.

2001 5576 2013 5589 -
2056 5558 2219 5613 Alias
2248 5559 2335 5614 ιν.
2368 5558 2597 5631 Scripta
2623 5570 2785 5613 anno
2815 5558 2938 5611 370.
