4078 6380
456 274 561 333 383

1840 272 1897 329 S.
1938 269 2190 327 BASILII
2225 271 2444 328 MAGNI

3717 262 3831 325 384

456 396 705 472 tropolis
728 382 1233 455 nostrasinsidiati
1256 401 1419 470 sunt,
1440 414 1700 473 eamque
1722 396 2017 455 haereticis
2043 395 2117 451 zi-

2235 394 2404 451 ἐλαϐεν
2434 395 2494 451 οὑ
2525 396 2727 471 μικρὸς,
2768 397 2972 466 μήποτε
2999 391 3049 444 οἱ
3099 391 3226 445 ποτὶ
3278 387 3630 465 ἐφεδρεύοντας
3654 390 3734 459 (2)
3760 396 3829 461 τῇ

456 488 641 547 zaniis
663 487 964 561 complere
980 487 1323 558 voluerunt,
1346 506 1507 546 nunc
1533 489 1913 546 occasionem
1936 484 2115 555 nacti,

459 584 653 635 satam
676 578 869 635 multo
895 578 1102 635 labore
1150 579 1211 635 in
1242 581 1563 636 hominum
1589 580 1810 637 animis
1833 578 2117 652 pietatem

467 668 635 742 14],
692 668 896 741 pravis
958 670 1084 724 suis
1133 669 1423 726 doctrinis
1475 670 1801 735 eradicent,
1864 669 2117 740 ejusque

460 759 741 815 scindant
790 758 1129 815 unitatem:
1164 760 1332 833 quod
1379 764 1438 816 et
1482 760 1544 816 in
1592 760 1795 816 multis
1844 757 2118 815 Ecclesiis

459 847 822 905 factitarunt.
882 851 1207 921 Postquam
1257 853 1463 906 autem
1522 854 1580 906 et
1630 849 1770 905 cleri
1805 848 2012 904 litteras
2038 846 2119 902 ad

459 953 574 994 nos
591 941 905 1003 venerunt,
948 937 1332 994 exhortantes
1351 943 1417 994 ut
1436 954 1511 995 ne
1524 938 1827 1010 ejusmodi
1848 942 2120 1009 tempore

461 1026 901 1099 despiciamus;
961 1026 1453 1100 circumspiciens
1489 1043 2009 1101 quoquoversum,
2033 1041 2122 1082 re—

463 1119 746 1172 cordatus
794 1132 931 1171 sum
988 1121 1199 1173 vestras
1222 1117 1529 1173 charitatis
1550 1122 1847 1190 rectaeque
1874 1115 2036 1183 ﬁdei,
2064 1118 2123 1171 et

463 1205 641 1262 studii
693 1205 861 1277 quod
910 1221 1153 1279 semper
1205 1207 1268 1262 in
1314 1206 1606 1262 Ecclesias
1655 1208 1755 1262 Dei
1803 1205 2120 1262 adhibetis.

462 1295 656 1367 Atque
677 1310 751 1351 ea
779 1295 853 1351 de
875 1311 1066 1351 causa
1106 1296 1239 1351 misi
1267 1296 1551 1352 dilectum
1578 1296 1951 1352 Eustathium
1980 1310 2124 1351 con-

461 1384 809 1456 diaconum,
860 1385 967 1458 qui
1017 1388 1281 1441 vestram
1329 1385 1686 1457 gravitatem
1750 1384 2122 1452 adhortetur,

463 1477 784 1547 exoretque
805 1479 871 1530 ut
886 1474 1202 1531 exantlatis
1216 1476 1504 1531 omnibus
1526 1491 1636 1548 pro
1651 1474 1925 1531 Ecclesiis
1952 1474 2123 1530 labo-

466 1564 635 1619 ribus
682 1564 847 1620 hunc
905 1580 1151 1637 quoque
1230 1564 1492 1632 addatis,
1546 1564 1845 1636 simulque
1888 1565 2124 1620 senium

462 1668 670 1709 meum
698 1658 901 1710 vestro
919 1653 1198 1709 recreetis
1219 1669 1572 1723 congressu,
1623 1670 1693 1709 ac
1719 1653 2125 1726 percelebrem

464 1758 633 1798 sanae
679 1741 957 1798 Ecclesiae
1001 1743 1289 1816 pietatem
1336 1742 1699 1805 instauretis,
1731 1743 2127 1815 prteficientes

464 1831 518 1887 ei
545 1847 669 1887 una
696 1830 1020 1888 nobiscum
1047 1832 1316 1896 (simodo
1341 1832 1508 1902 digni
1529 1832 2007 1904 habeamur,qui
2025 1849 2128 1889 vo-

452 1918 699 1978 ‘biscum
729 1938 886 1995 opus
914 1922 1150 1978 bonum
1173 1922 1554 1995 adjuvemus)
1577 1928 1883 1995 pastorem
1918 1938 2130 1979 secun-

463 2010 613 2066 dum
635 2012 872 2067 Domini
900 2011 1292 2079 voluntatem,
1352 2012 1457 2085 qui
1499 2012 1694 2085 possit
1721 2014 1909 2085 ipstus
1939 2028 2131 2085 popu-

460 2100 589 2156 lum
621 2101 988 2171 gubernare.
1031 2101 1333 2157 Habemus
1374 2102 1535 2157 enim
1556 2102 1635 2158 ob
1669 2101 1878 2158 oculos
1906 2102 2127 2173 virum,

461 2190 756 2246 necvobis
786 2190 1061 2263 ignotum
1098 2206 1324 2263 :quem
1374 2191 1422 2245 si
1456 2191 1725 2247 obtinere
1777 2207 2126 2264 possumus,

461 2279 586 2336 scio
638 2280 1043 2352 acquisituros
1089 2295 1202 2336 nos
1226 2296 1518 2352 magnam
1571 2280 1734 2353 apud
1762 2284 1949 2336 Deum
1978 2281 2133 2337 ﬁdu-

461 2368 641 2427 ciam.
672 2376 855 2442 atque
892 2369 953 2425 in
993 2370 1314 2442 populum,
1354 2370 1459 2442 qui
1502 2386 1614 2426 nos
1662 2370 2001 2440 advocavit,
2027 2370 2132 2427 be-

464 2457 752 2513 neﬁcium
777 2458 1118 2514 maximum
1166 2458 1516 2514 collaturos.
1562 2458 1677 2516 Sed
1704 2459 1921 2515 iterum
1949 2464 2132 2532 atque

473 2546 699 2620 saepius
729 2563 900 2617 rogo,
933 2551 999 2603 ut
1028 2547 1194 2603 omni
1218 2547 1496 2621 deposita
1522 2548 1775 2618 segnitie
1805 2548 2131 2605 occurratis

464 2640 522 2691 et
542 2636 759 2692 hiemis
780 2636 1165 2694 difﬁcultates
1197 2638 1601 2694 antevertatis.

463 2734 627 2787 τῆσαι
650 2731 741 2779 καὶ
765 2726 1040 2804 προλαϐεῖν
1062 2729 1129 2780 τὰ
1157 2725 1210 2781 ἐκ
1236 2735 1327 2780 τοῦ
1358 2737 1620 2801 χειμῶνος
1651 2725 1918 2803 δυσχερῆ.

981 2877 1319 2934 EPISTOLA
1357 2878 1608 2935 XLVIII".

2226 483 2378 545 ἐκκλη
2389 506 2480 559 σιᾳ
2503 494 2565 544 τῆ
2580 507 2601 548 ς
2626 482 2992 559 μητροπόλεως
3020 483 3049 540 ἡ
3058 489 3188 554 μῶν,
3214 486 3307 534 καὶ
3333 479 3639 554 βουλόμενοι
3664 479 3836 537 αὐτὴν

2224 576 2496 650 αἰρετικῶν
2550 574 2798 635 ζιζανίων
2836 571 3136 647 πληρῶσαι,
3164 576 3355 645 καιροῦ
3399 577 3487 621 νῦν
3533 566 3837 640 λαϐόμενοι,

2223 670 2316 724 τὴν
2344 665 2514 736 πολλῷ
2539 667 2757 737 καμάτῳ
2782 668 3210 736 κατασπαρεῖσαν
3256 659 3304 712 ἐν
3333 667 3444 721 ταῖς
3481 658 3686 730 ⁸κλῐιυχαῖς
3731 664 3837 710 τῶν

2227 754 2508 831 ἀνθρώπων
2538 753 2801 808 εὐσέϐειαν
2832 759 2951 813 ταῖς
2973 750 3096 825 παρ’
3123 751 3316 803 ἑαυτῶν
3339 756 3594 823 πονηραῖς
3625 743 3840 801 διδασ-

2225 844 2433 907 καλίαις
2462 844 2818 920 ἐκριζώσωσι,
2850 846 2940 895 καὶ
2994 844 3192 903 ταύτης
3233 844 3328 899 τὴν
3377 839 3591 897 ἑνότητα
3614 840 3842 890 κατατέ-

2227 953 2399 1007 μωσιν
2421 951 2434 964 ·
2464 934 2585 1009 ὅπερ
2617 937 2708 985 καὶ
2754 932 2842 985 ἐπὶ
2878 930 3077 984 πολλῶν
3108 929 3429 989 Ἐκκλησιῶν
3457 933 3844 987 πεποιήκασιν.

2228 1021 2442 1082 Ἐπειδὴ
2476 1020 2536 1076 δὲ
2563 1027 2654 1075 καὶ
2677 1024 2970 1097 ’γράμματα
3008 1023 3136 1094 πρὸς
3177 1022 3314 1093 ἡμᾶς
3338 1018 3549 1092 ἀφίκετο
3576 1025 3670 1071 τοῦ
3698 1015 3843 1075 κλή-

2229 1132 2343 1187 ρου,
2376 1111 2781 1187 παρακαλοῦντα
2812 1114 2882 1183 μὴ
2915 1112 3248 1185 παροφθῆναι
3276 1107 3324 1160 ἐν
3376 1115 3543 1181 καιρῷ
3589 1108 3842 1177 τοιούτῳ,

2230 1202 2669 1277 περιϐλεψάμενος
2708 1199 2758 1252 ἐν
2785 1199 2956 1271 κύκλῳ
2996 1198 3119 1272 ἐμνη
3131 1200 3262 1257 σθην
3288 1206 3385 1260 τῆς
3421 1198 3670 1271 ὑμετέρας
3699 1194 3848 1267 ἀγά-

2231 1313 2354 1359 πης,
2386 1297 2478 1345 καὶ
2522 1300 2612 1352 τῆς
2661 1290 2817 1366 ὀρθῆς
2858 1294 3102 1357 πίστεως,
3148 1296 3361 1341 καὶτοῦ
3408 1286 3568 1352 ζήλου
3599 1285 3654 1338 ὃν
3686 1288 3850 1357 ἔχετε

2234 1382 2311 1435 ἀεὶ
2342 1384 2468 1455 ὑπερ
2499 1390 2599 1433 τῶν
2630 1382 2955 1438 Ἐκκλησιών
2996 1385 3090 1430 τοῦ
3123 1384 3279 1432 Θεοῦ.
3330 1380 3430 1430 Καὶ
3457 1378 3644 1429 τούτου
3673 1376 3848 1428 ἕνεκεν

2234 1471 2512 1525 ἀπέστειλα
2561 1473 2648 1524 τόν
2697 1468 2968 1541 ἀγαπητόν
3012 1467 3304 1521 Εὑστάθιον
3344 1469 3433 1519 τόν
3468 1462 3848 1534 συνδιάκονον,

2232 1561 2594 1635 παρακαλέσαι
2640 1561 2782 1633 ὑμῶν
2813 1563 2906 1617 τὴν
2933 1562 3357 1631 σεμνοπρέπειαν,
3387 1560 3479 1609 καὶ
3510 1551 3850 1614 δυσωπῆσαι

2232 1658 2369 1705 πᾶσι
2395 1658 2500 1712 τοῖς
2530 1651 2657 1723 ὑπὲρ
2689 1658 2789 1701 τῶν
2820 1647 3140 1705 Ἐκκλησιῶν
3190 1649 3441 1720 καμάτοις
3473 1650 3565 1698 καὶ
3610 1648 3699 1699 τὸν
3730 1664 3845 1697 πα-

2158 1771 2196 1825 B
2233 1746 2390 1817 ρόντα
2419 1739 2671 1793 ἐπιθεῖναι
2692 1753 2707 1769 ·
2740 1737 2912 1812 κάμοῦ
2937 1757 2992 1790 τε
3028 1740 3088 1790 τό
3133 1746 3296 1812 γῆρας
3321 1744 3382 1809 τῇ
3414 1739 3682 1807 συντυχίᾳ
3708 1732 3846 1786 ἀνοι-

2235 1839 2464 1885 παῦσαι·
2498 1834 2585 1882 καὶ
2629 1836 2691 1901 τῇ
2744 1828 2872 1901 ὀρθῇ
2903 1826 3191 1899 Ἐκκλησία
3219 1830 3313 1886 τὴν
3350 1824 3661 1901 περιϐόητον
3688 1824 3840 1876 εὗσέ-

2236 1920 2376 1974 ϐειαν
2404 1916 2825 1993 διορθώσασθαι,
2882 1913 3067 1977 δόντας
3111 1915 3241 1989 αὐτῇ
3293 1915 3404 1987 μεθ’
3436 1917 3586 1988 ἡμῶν
3634 1912 3702 1982 (εἰ
3738 1914 3845 1986 ἄρα

2235 2010 2677 2082 καταξιωθείημεν
2755 2005 3225 2060 συναντιλαϐἐσθαι
3284 2007 3405 2078 ὑμῖν
3480 2011 3573 2057 τοῦ
3640 2002 3847 2075 ἀγαθου

2237 2101 2410 2176 ἔργου)
2441 2103 2662 2171 ποιμένα
2691 2100 2826 2150 κατὰ
2856 2100 2912 2150 τὸ
2946 2095 3192 2169 βούλημα
3218 2103 3311 2148 τοὺ
3359 2099 3576 2169 Κυρίου,
3618 2090 3852 2166 δυνάμε-

2237 2210 2319 2243 νον
2368 2186 2637 2243 διευθῠναι
2684 2191 2771 2240 τόν
2825 2186 2947 2239 λαὸν
2991 2186 3169 2241 αὑτοῦ.
3202 2184 3435 2258 Ἔχομεν
3479 2187 3581 2257 γὰρ
3634 2185 3711 2254 (3)
3744 2185 3848 2258 πρὸ

2240 2280 2511 2353 ὀφθαλμῶν
2542 2274 2714 2353 ἄνδρα
2759 2277 2812 2329 ὃν
2851 2272 2976 2329 οὐδὲ
3024 2275 3174 2328 αὐτοὶ
3215 2273 3478 2346 ἀγνοεῖτε’
3521 2274 3581 2326 οὑ
3609 2273 3655 2326 εὶ
3683 2293 3846 2325 κατα-

2239 2370 2446 2434 ξιωθείη
2453 2388 2543 2442 μεν
2569 2368 2863 2439 ἐπιτυχεῖν,
2891 2362 2979 2419 οἶδ
2983 2385 3016 2417 α
3040 2367 3117 2418 ὅτι
3138 2364 3369 2437 μεγάλην
3393 2362 3684 2439 παρρησίαν
3702 2365 3840 2434 πρὸς

2237 2464 2323 2513 τόν
2356 2462 2483 2513 Θεὸν
2509 2458 2834 2529 κτησόμεθα,
2862 2460 2951 2508 καὶ
2979 2462 3052 2525 τῷ
3083 2452 3506 2527 ἓπικαλεσαμένῳ
3554 2454 3685 2525 ἡμᾶς
3723 2450 3855 2522 λαῷ¹

2237 2554 2493 2622 μεγίστην
2513 2547 2809 2622 εὐεργεσίαν
2829 2543 3432 2617 καταϐησόμεθα.Ἀλλὰ
3458 2541 3739 2618 παρακαλῶ
3762 2543 3842 2614 (4)

2236 2642 2327 2692 καὶ
2351 2637 2502 2691 πάλιν
2524 2642 2614 2690 καὶ
2634 2635 2902 2702 πολλάκις,
2931 2636 3102 2688 πάντα
3122 2639 3266 2688 ὄκνον
3288 2635 3657 2709 ὑπερθεμένους
3683 2630 3847 2685 ἁπαν·-

2786 2879 3126 2930 ΕῘΙΙΣΤΟΛΗ
3157 2880 3279 2931 ΜΗ.

463 3004 733 3060 Hiemem
762 3009 1010 3067 excusat
1052 3004 1324 3060 Basilius
1358 3018 1469 3059 cur
1498 3019 1619 3059 non
1658 3004 1989 3072 scripserit.
2030 3004 2219 3059 Mittit
2263 3002 2547 3072 epistolas
2573 3000 2902 3057 Antiochia
2936 3000 3184 3057 allatas.
3236 3000 3473 3056 Narrat
3516 2998 3599 3072 de
3636 3000 3846 3056 Demo-

533 3076 704 3145 philo
733 3077 1129 3130 simulacrum
1157 3076 1403 3143 pietatis
1437 3081 1491 3132 et
1515 3081 1693 3131 rectae
1716 3071 1861 3145 ﬁdei
1885 3091 2014 3145 prae
2056 3090 2117 3131 se
2157 3071 2416 3146 ferente,
2450 3079 2505 3129 et
2537 3072 2610 3128 de
2631 3075 3069 3143 episcoporum,
3096 3078 3230 3143 post
3260 3086 3553 3144 egressum
3579 3071 3848 3142 Eusebii,

538 3147 804 3204 adventu
834 3153 889 3203 et
921 3148 1304 3203 schismatico
1336 3149 1560 3203 animo.
1585 3148 1771 3219 Rogat
1800 3154 1865 3203 ut
1893 3162 1953 3204 se
1975 3148 2197 3203 revisat
2228 3161 2363 3202 vere
2388 3147 2651 3201 ineunte.

766 3271 1037 3333 Eusebio,
1068 3273 1341 3341 episcopo
1366 3271 1836 3328 Samosatorum.

545 3378 652 3434 Vix
702 3381 865 3435 nacti
916 3396 1129 3435 sumus
1168 3380 1273 3453 qui
1294 3379 1520 3435 litteras
1547 3379 1626 3435 ad
1657 3384 1825 3436 tuam
1854 3379 2134 3452 pietatem

465 3467 1047 3541 deferret,siquidem
1059 3469 1245 3525 nostri
1257 3468 1535 3525 homines
1551 3467 1633 3525 ita
1648 3469 1908 3525 hiemem
1922 3469 2135 3526 exhor-

469 3563 734 3626 rescunt,
758 3564 824 3614 ut
844 3575 920 3614 ne
941 3558 1255 3631 paululum
1279 3558 1528 3632 quidem
1551 3575 1624 3614 ex
1646 3560 1878 3615 {edibus
1898 3559 2133 3631 prospi-

468 3663 601 3704 cere
615 3647 818 3704 velint.
849 3651 998 3705 Nam
1027 3642 1453 3705 tanta'nivium
1484 3648 1660 3721 copia
1689 3648 1875 3705 abluti
1899 3665 2128 3717 sumus,

465 3741 531 3794 ut
556 3753 697 3793 cum
722 3736 871 3810 ipsis
896 3737 1132 3794 aedibus
1163 3738 1430 3811 cooperti
1463 3737 1593 3808 jam
1626 3737 1780 3794 duos
1802 3753 2039 3793 menses
2067 3737 2126 3793 in

467 3826 772 3899 speluncis
790 3825 1117 3884 latitemus.
1135 3830 1379 3883 Prorsus
1396 3827 1599 3900 itaque
1631 3826 1802 3883 nobis
1822 3826 2125 3897 ignosces,

538 3950 695 4025 Alias
726 3951 954 4025 CCLIV.
990 3951 1417 4025 Scriptaqinitio
1443 3952 1860 4025 episcopatus.

540 4026 612 4103 (2)
654 4019 1338 4103 :Epsipiz’agvrsg._l'ndicat
1385 4019 1701 4103 Gregorius
1736 4028 2017 4103 structas
2039 4022 2122 4103 ab

465 4093 700 4148 Arianis
755 4093 1007 4148 insidias
1065 4093 1339 4149 Ecclesiae
1397 4094 1751 4150 Caesariensi
1793 4111 1954 4150 anno
1993 4098 2121 4163 365,

467 4180 605 4221 cum
640 4163 852 4220 Valens
902 4164 963 4219 in
1013 4165 1174 4220 hanc
1204 4165 1416 4220 urbem
1459 4166 1621 4221 venit
1650 4182 1788 4220 cum
1817 4183 1925 4221 suo
1957 4167 2123 4221 Aria-

466 4252 685 4309 norum
707 4235 1145 4309 _episcoporum
1166 4236 1475 4309 comitatu.
1508 4240 1669 4293 Tunc
1712 4237 1983 4301 Basilius,
2018 4237 2125 4309 qui

467 4308 609 4380 sein
636 4306 1020 4380 solitudinem
1062 4307 1228 4380 pacis
1282 4307 1521 4364 tuendae
1565 4324 1753 4380 causa
1793 4306 2123 4380 receperat,

466 4379 547 4435 ad
587 4378 1079 4451 succurrendum
1122 4379 1417 4451 episcOpo
1438 4395 1547 4435 suo
1578 4379 1903 4445 advolavit,
1929 4378 2125 4435 omni-

464 4452 582 4523 bus
628 4450 811 4523 rebus
864 4449 1423 4523 Ecclesite'utilitati
1447 4450 1835 4523 posthabitis,
1877 4467 1947 4506 ac
1976 4467 2126 4523 pree-

466 4522 697 4579 clarum
721 4521 893 4577 illum
922 4520 1300 4593 triumphum
1351 4520 1696 4595 reportavit,
1737 4522 1814 4578 de
1841 4520 2127 4595 quo—Gre-

467 4595 676 4666 gorius
690 4598 841 4650 orat.
866 4596 956 4659 40,
986 4609 1045 4666 p.
1072 4596 1165 4666 39.

537 4667 617 4748 (β.)
656 4664 886 4748 Ἐχομεν
906 4664 1450 4748 γὰρ..8ἱεᾳρβςυοτ
1503 4664 1734 4748 antiqui
1786 4665 2026 4722 codices
2070 4669 2128 4724 et

466 4735 1109 4809 editiqufag'anOensis.
1139 4735 1290 4791 Εάὶϊί
1316 4738 1503 4809 ἔχομεν
1533 4740 1643 4809 μέν.

540 4807 824 4880 (Infanti
853 4808 1158 4880 παρακάλῶ,
1200 4812 1311 4864 etc.
1338 4807 1345 4809 ⁷
1373 4807 1613 4880 Minime
1681 4807 1902 4880 mirum
1928 4808 2126 4880 quod

468 4877 762 4951 Eusebius
812 4878 875 4934 in
921 4877 1220 4935 remotam
1262 4879 1643 4951 provinciam
1666 4878 1746 4935 ad
1772 4877 2125 4935 electionem

469 4948 740 5032 episcopi
764 4955 1023 5006 vocetur.
1054 4948 1397 5032 Nam,_cum
1427 4966 1583 5032 unus
1619 4950 1695 5006 sit
1720 4951 2123 5032 episcopatus,

470 5025 529 5075 et
552 5034 711 5073 unus
743 5034 907 5088 grex,
938 5038 1098 5093 saepe
1129 5022 1405 5095 incidunt
1425 5028 1700 5095 tempora
1721 5022 2042 5094 ejusmodi,
2065 5029 2129 5079 ut

468 5105 708 5171 curam”
730 5106 905 5171 suam
956 5092 1524 5171 et_’so_l_licitudinem
1550 5092 1852 5171 'episcopi
1887 5095 2126 5171 _exte_ri_s

469 5161 744 5238 Ecclesiis
774 5161 1055 5238 debeant.
1117 5166 1185 5238 Ut
1201 5165 1466 5238 haeream
1492 5161 1858 5238 inci—templo
1886 5166 2127 5221 Eusebii

470 5233 932 5296 Samosatensis,
981 5234 1215 5310 nemini
1261 5242 1504 5310 sanctus
1541 5236 1638 5310 ille
1669 5233 1899 5310 martyr
1922 5240 1982 5292 in
2008 5238 2126 5293 hoc

469 5321 687 5380 genere
717 5304 1040 5373 concessit,
1064 5321 1135 5360 ac
1157 5306 1216 5380 in
1240 5307 1424 5380 variis
1443 5308 1716 5363 Ecclesiis
1740 5304 2125 5380 presbyteros

468 5382 526 5450 et
554 5378 866 5443 diaconos,
886 5448 898 5450 _
926 5381 1105 5450 atque
1132 5377 1312 5450 etiam
1334 5378 1650 5450 episcopos
1682 5377 1906 5449 magno
1926 5377 2125 5436 Eccle-

471 5448 576 5504 sia:
620 5448 944 5504 commodo
965 5447 1283 5514 ordinavit,
1334 5447 1398 5505 ut
1436 5447 1688 5505 testatur
1717 5447 2121 5507 Tlfeodoretus

468 5519 627 5592 Hist.
661 5520 765 5592 lib.
795 5536 872 5589 1v,
896 5535 949 5575 c.
980 5523 1061 5592 13.
1116 5522 1197 5575 Ex
1232 5519 1577 5592 hacautem
1608 5521 1860 5592 epistola
1894 5527 1952 5578 et
1975 5538 2122 5578 non-

469 5590 649 5649 nullis
670 5591 799 5651 aliis
829 5589 1105 5670 ejusdem
1131 5591 1411 5665 Gregorii,
1435 5596 1493 5649 et
1519 5607 1593 5651 ex
1610 5589 1942 5665 laboribus,
1965 5610 2122 5668 quos

2583 3268 2837 3340 Εὑσεϐίῳ,
2866 3267 3134 3341 ἑπισκόπῳ
3164 3270 3501 3342 Σαμοσάτων.

2312 3376 2476 3440 Μόλις
2527 3378 2653 3450 ἡμῖν
2707 3375 2930 3449 ὑπῆρξεν
2975 3374 3243 3447 ἐπίτυχεῖν
3303 3371 3549 3429 διακόνου
3596 3378 3852 3450 γραμμά-

2242 3486 2339 3519 των
2394 3470 2521 3542 πρὸς
2572 3470 2664 3525 τὴν
2718 3471 2815 3524 οτην
2877 3464 3200 3518 θεοσέϐειαν·
3244 3462 3355 3518 ἐπεὶ
3403 3468 3514 3537 οἶγε
3567 3465 3688 3541 παρ’
3716 3468 3849 3539 ημῖν

2239 3557 2374 3610 οὑτω
2425 3555 2753 3618 κατέπτηξαν
2794 3559 2881 3608 τόν
2928 3564 3186 3628 χειμῶνα,
3241 3557 3312 3618 ὡς
3359 3552 3499 3629 μηδὲ
3548 3559 3605 3608 τό
3660 3560 3854 3631 μικρό-

2237 3666 2390 3699 τατον
2420 3648 2732 3721 προκύπτειν
2772 3654 2871 3698 τῶν
2917 3641 3195 3717 δωματίων
3234 3643 3537 3719 ἀνέχεσθαι.
3595 3649 3697 3698 Καὶ
3740 3648 3850 3721 γὰρ

2235 3738 2468 3808 τοσούτῳ
2522 3734 2709 3793 πλήθει
2756 3738 2950 3807 χιόνων
3005 3739 3369 3808 κατενίφημεν,
3424 3737 3489 3796 ὡς
3542 3734 3717 3796 αὐτοῖς
3774 3739 3852 3788 οῖ-

2235 3845 2362 3897 κοις,
2395 3827 2821 3896 καταχωσθέντες
2867 3828 2946 3897 (ὃ)
3007 3820 3105 3877 δύο
3164 3832 3335 3898 μῆνας
3385 3820 3493 3885 ἤδη
3535 3831 3646 3885 ταῖς
3675 3844 3855 3877 κατα-

2235 3949 2701 4031 ψρθῐτόΔΒοείΙῇ
2732 3965 2919 4031 causa
2950 3953 3264 4031 susceptos
3316 3953 3522 4031 narrat
3545 3949 3607 4005 in
3628 3950 3857 4031 oratio-

2235 3966 2272 4006 a
2301 3965 2469 4077 patre
2504 3965 2701 4005 basuu
2732 3965 2919 4031 causa
2950 3965 3264 4031 susceptos
3316 3965 3522 4031 narrat
3545 3965 3607 4005 1n
3628 3965 3857 4006 orauo-

2233 4023 2291 4103 ni
2346 4038 2414 4076 us
2451 4025 2512 4077 t9
2538 4027 2595 4103 et
2621 4026 2711 4091 26,
2741 4021 2911 4077 faeile
2935 4037 3685 4103 _perspic1mus_episcopos_
3700 4022 3862 4103 elec-

2233 4094 2469 4149 tionum
2502 4093 2728 4148 otiosos
2782 4092 3153 4165 spectatores
3195 4108 3319 4165 non
3346 4092 3549 4165 fuisse,
3574 4092 3690 4149 sed
3721 4093 3859 4165 plu-

2234 4165 2421 4237 rimas
2453 4180 2662 4220 earum
2691 4164 2893 4237 partes
2936 4164 3339 4237 conciliando
3362 4169 3419 4220 et
3462 4164 3856 4237 adhortando

2237 4236 2623 4292 sustinuisse.
2678 4235 2833 4301 Quin
2886 4236 3067 4292 etiam
3091 4235 3300 4292 electio
3325 4235 3630 4292 interdum
3662 4252 3857 4301 penes

2236 4308 2559 4380 episcopos
2603 4314 2730 4363 erat
2754 4326 2783 4380 ;r
2823 4312 3051 4380 etcum
3086 4309 3261 4380 varia
3308 4311 3512 4363 essent
3554 4307 3751 4380 plebis
3778 4324 3856 4365 ac

2236 4378 2375 4435 cleri
2407 4378 2627 4448 studia,
2660 4383 2724 4434 ut
2772 4379 2831 4434 in
2860 4378 3054 4434 Basilii
3083 4378 3371 4434 electione
3404 4378 3669 4449 contigit,
3702 4384 3856 4436 tunc
3884 4410 3887 4413 η

2235 4467 2305 4506 ea
2326 4466 2468 4523 pars
2491 4450 2775 4532 vincebat
2797 4451 2894 4506 cui
2925 4451 3120 4532 major
3146 4450 3389 4532 favebat
3418 4450 3857 4532 episcoporum

2234 4521 2544 4577 numerus.
2575 4524 2719 4577 Hinc
2756 4538 2898 4577 eum
2950 4524 3027 4578 ad
3059 4524 3418 4578 canonicam
3447 4521 3649 4577 Basilii
3690 4521 3857 4578 elec-

2160 4606 2203 4660 ι)
2236 4594 2459 4674 tionem
2485 4595 2724 4674 deesset
2750 4594 2943 4674 _uniu_s
2972 4594 3241 4666 episcopi
3288 4592 3673 4674 suffragium,
3708 4596 3855 4651 Gre-

2237 4665 2440 4739 gorius
2491 4665 2761 4739 Nazianzi
2816 4664 3505 4739 episco’pus,‘quamvis
3549 4664 3854 4739 senioiac

2235 4736 2451 4793 morbo
2480 4736 2810 4805 confectus,
2843 4736 3179 4792 Caesaream
3210 4736 3531 4803 advolavit,
3600 4742 3666 4792 ut
3695 4738 3854 4793 elec-

2238 4811 2457 4864 tionem
2483 4809 2715 4863 calculo
2737 4824 2843 4864 suo
2869 4810 3215 4878 adjuvaret,
3249 4807 3534 4881 βοηθήσων
3564 4817 3626 4881 τῇ
3662 4808 3845 4880 ψήφω,

2238 4882 2408 4949 Greg.
2442 4882 2611 4949 Naz.,
2646 4885 2795 4936 orat.
2834 4885 2920 4947 19,
2950 4895 3009 4951 p.
3042 4880 3169 4950 311,
3198 4880 3366 4947 et20,
3400 4880 3629 4953 p.343.

2308 4956 2384 5020 (ὅ)
2427 4954 2886 5022 Καταχωσθέντες.
2928 4950 3013 5006 Ita
3042 4968 3191 5009 mss.
3247 4967 3368 5007 sex.
3400 4950 3571 5006 ’Editi
3624 4955 3683 5007 et
3731 4954 3852 5005 tres

2236 5022 2630 5103 vetustissimi
2650 5023 2888 5103 codices
2912 5023 3091 5103 Harl.,
3109 5094 3124 5103 .
3145 5022 3295 5103 Med:
3328 5027 3384 5078 et
3415 5022 3591 5103 Coisl.
3616 5022 3856 5103 primus

2235 5093 2463 5149 habent
2482 5094 3129 5167 καταχωσθέντας.οι1οἀ
3154 5094 3401 5167 quidem
3430 5093 3637 5167 mirari
3666 5094 3855 5152 subit.

2236 5167 2386 5221 Nam
2410 5181 2572 5237 saepe
2604 5165 2756 5221 alias
2784 5166 2846 5221 in
2876 5165 3190 5237 ejusmodi
3207 5165 3353 5221 locis
3385 5165 3623 5221 codices
3638 5180 3861 5237 recen-

2236 5237 2415 5292 tiores
2458 5236 2919 5306 aCcusativum,’
2964 5237 3361 5293 vetustissimi
3404 5236 3862 5293 nominativum

2235 5307 2483 5364 habent.
2517 5310 2712 5373 Quare
2743 5310 2930 5364 satius
2950 5309 3147 5380 visum
3191 5315 3455 5380 esteam
3488 5308 3858 5380 scripturam

2232 5383 2508 5445 retinere,
2566 5381 2660 5434 cui
2713 5396 2816 5435 sex
2856 5379 3096 5443 codices
3147 5380 3264 5436 hoc
3293 5379 3453 5442 loco,
3484 5379 3625 5435 tres’
3661 5386 3859 5434 vetus-

2232 5449 2451 5506 tissimi
2490 5451 2550 5506 in
2583 5450 2716 5506 aliis
2749 5451 2897 5507 locis
2926 5452 3351 5522 suffragantur.
3411 5450 3607 5522 Paulo
3625 5457 3767 5507 ante
3789 5452 3857 5508 in

2232 5522 2424 5579 tribus
2444 5523 2872 5580 vetustissimis
2892 5519 3206 5580 codicibus
3227 5523 3441 5595 legitur
3455 5532 3555 5576 τῶν
3580 5519 3856 5597 δομάτων,
