4078 6392
246 314 351 372 385

1264 304 1760 366 EPISTOLARUM
1801 306 2082 365 CLASSIS
2116 309 2186 365 ll.
2226 310 2440 367 EPIST.
2479 312 2659 371 XLIX.

3543 312 3647 375 386

254 436 478 493 δύσεσιν
533 433 876 509 ἑμφωλεύειν.
926 439 1211 507 Συγγνώση
1255 429 1343 486 οὖν
1396 454 1600 496 παντως
1652 434 1799 506 ἡμῖν,
1829 436 1886 485 τό

1999 448 2135 489 cum
2167 437 2223 490 et
2250 436 2679 508 Cappadocum
2714 437 2902 494 animi
2928 437 3331 512 timiditatem,
3364 444 3657 516 etcorpo-

250 548 304 582 τε
330 526 566 600 ἄτολμον
615 534 722 578 τῶν
772 520 1200 578 Καππαδοκικῶν
1248 526 1319 593 (6)
1364 525 1530 594 ἠθῶν,
1560 529 1651 577 καὶ
1688 526 1747 575 1'6
1784 530 1885 575 τῶν

257 620 521 690 σωμάτων
556 612 882 673 δυσκίνητον
923 613 1289 687 ἐπιστάμενος,
1338 613 1382 665 εἰ
1423 618 1495 686 μὴ
1549 615 1735 666 θᾶττον
1766 610 1884 664 ἐπε-

258 705 557 778 στείλαμεν,
618 700 750 777 μηδ’
798 703 868 763 εἰς
921 710 1115 775 γνῶσιν
1160 703 1427 774 ἠγάγομεν
1485 710 1546 775 τῇ
1615 704 1886 773 τιμιότητί

259 816 355 850 σου
387 798 460 848 τὰ
514 792 621 846 ἀπὸ
664 802 763 853 τῆς
797 792 1146 864 Ἀντιοχείας,
1197 791 1232 844 ἃ
1260 793 1468 854 πάντως
1497 794 1587 863 μὲν
1611 790 1883 865 γνωρίζειν

258 903 343 937 σοι
368 883 532 936 ἕωλόν
566 880 686 934 ἐστι
720 885 812 933 καὶ
839 879 1074 955 ψυχρόν,
1109 879 1273 932 πάλαι
1303 881 1653 952 μεμαθηκότι,
1703 881 1771 941 ὡς
1826 881 1882 930 τὸ

255 973 432 1035 εἰκός·
496 970 638 1030 πλὴν
696 968 804 1022 ἀλλ’
860 966 1012 1022 οὐδὲν
1065 970 1350 1042 ἡγούμενοι
1414 976 1632 1042 πρᾶγμα
1671 972 1763 1020 καὶ
1817 969 1886 1020 τὰ

255 1062 568 1136 ἐγνωσμένα
647 1064 920 1133 σημαίνειν
952 1101 966 1127 ,
1032 1056 1404 1132 ἀπεστείλαμεν
1473 1061 1566 1120 τὰς
1641 1056 1736 1110 διὰ
1788 1063 1881 1109 τοῦ

258 1152 605 1226 ἀναγνώστου
664 1151 1012 1224 κομισθείσας
1064 1147 1364 1211 ἐπιστολάς.
1426 1154 1529 1203 Καὶ
1576 1156 1746 1201 ταῦτα
1790 1150 1880 1220 μὲν

266 1243 339 1304 εἰς
379 1249 663 1296 τοσοῦτον.
697 1238 758 1293 Ἠ
809 1236 869 1292 δε
901 1238 1446 1300 Κωνσταντινούπολις
1494 1241 1608 1311 ἔχει
1653 1243 1741 1292 τὸν
1785 1246 1883 1297 Δη-

269 1331 484 1406 μόφιλον
542 1329 710 1383 πολὺν
749 1325 858 1389 ἤδη
899 1332 1091 1402 χρόνον
1141 1331 1241 1398 (7),
1283 1330 1354 1391 ὡς
1399 1328 1491 1381 καὶ
1539 1328 1689 1381 αὐτοὶ
1738 1328 1883 1381 οὗτοι

275 1420 650 1493 ἀπαγγελοῦσι,
696 1423 787 1471 καὶ
817 1422 1243 1493 προκεκηρυκται
1288 1419 1496 1479 πάντως
1538 1426 1600 1492 τῇ
1643 1419 1883 1476 όσιότητί

277 1531 398 1565 σου.
443 1516 541 1565 Καί
562 1530 610 1563 τι
633 1514 754 1586 περὶ
802 1508 959 1562 αὐτὸν
1001 1508 1223 1582 πλάσμα
1272 1508 1552 1583 ὀρθότητος
1597 1513 1688 1561 καί
1738 1508 1883 1561 εὐλα-

275 1602 412 1662 ϐείας
486 1603 634 1674 παρὰ
695 1602 904 1653 πάντων
975 1605 1261 1673 συμφώνως
1331 1607 1433 1652 τῶν
1500 1598 1882 1672 ἀφικνουμένων

272 1691 576 1765 θρνλλεῑται,
612 1693 680 1752 ὡς
720 1694 812 1743 καὶ
862 1692 930 1743 τὰ
979 1686 1240 1742 διεστῶτα
1276 1698 1369 1750 τῆς
1400 1688 1591 1750 πόλεως
1634 1692 1764 1763 μέρη
1810 1689 1884 1750 εἰς

252 1874 467 1923 σκόπων
500 1874 595 1928 τὴν
629 1870 811 1921 ἕνωσιν
835 1864 1259 1931 καταδέξασθαι,
1291 1870 1358 1919 Οἱ
1380 1864 1440 1921 δὲ
1461 1870 1702 1941 ἡμέτεροι
1730 1864 1882 1921 οὐδὲν

254 1958 507 2033 ἀμείνους
565 1956 832 2031 ἐφάνησαν
898 1966 999 2010 τῶν
1066 1953 1314 2014 ἐλπίδων.
1382 1957 1720 2019 Ἐπιστάντες
1782 1960 1881 2033 γὰρ

256 2050 410 2112 εὐθὺς
459 2051 609 2101 κατὰ
650 2044 825 2110 πόδας
872 2055 964 2108 τῆς
1019 2048 1268 2121 ὑμετέρας
1326 2043 1532 2113 ἐξόδου,
1585 2045 1751 2099 πολλὰ
1792 2049 1883 2119 μὲν

253 2136 396 2193 εἶπον
452 2138 695 2213 λυπηρὰ,
723 2138 893 2191 πολλὰ
940 2134 1000 2190 δὲ
1048 2136 1325 2209 ἐποίησαν,
1359 2142 1451 2190 καὶ
1492 2136 1636 2197 τέλος
1684 2134 1884 2209 ἆνεχώ-

252 2249 453 2302 ρησαν,
491 2226 882 2301 βεϐαιώσαντες
925 2229 1052 2300 ἡμῖν
1099 2230 1159 2279 τό
1194 2231 1430 2299 σχίσμα.
1482 2226 1542 2280 Εἰ
1571 2230 1661 2299 μεν
1694 2222 1782 2278 οὖν
1834 2246 1886 2295 τι

254 2324 540 2391 γενήσεται
600 2315 801 2390 βέλτιον
835 2358 848 2384 ,
912 2321 1004 2369 καὶ
1065 2316 1111 2368 εἱ
1180 2318 1475 2370 παύσονται
1524 2323 1620 2378 τῆς
1673 2320 1883 2385 κακίας,

258 2405 464 2467 ἄδηλον
495 2412 659 2460 παντὶ
685 2407 821 2465 πλὴν
850 2406 882 2466 ἦ
914 2414 986 2466 τῶ
1017 2413 1130 2477 Θεῷ
1299 2408 1379 2458 Τὰ
1408 2408 1498 2479 μὲν
1536 2401 1624 2457 οὖν
1654 2409 1888 2478 παρόντα

260 2506 509 2555 τοιαῦτα.
542 2497 604 2551 Ἠ
637 2494 698 2550 δὲ
725 2497 880 2555 λοιπὴ
912 2496 1201 2555 Ἐκκλησία
1233 2496 1479 2549 εὐσταθεί
1521 2504 1584 2569 τῇ
1626 2503 1718 2548 τοῦ
1751 2504 1885 2549 Θεοῦ

258 2592 479 2664 χάριτι,
511 2592 607 2640 καὶ
635 2590 853 2659 εὔχεται
901 2587 1030 2659 ὁμοῦ
1082 2594 1157 2657 τῷ
1215 2582 1306 2661 ἦρι
1361 2583 1491 2639 ἰδεῖν
1523 2605 1581 2639 σε
1617 2585 1771 2638 πάλιν
1800 2584 1886 2639 ἐπὶ

257 2688 358 2741 τῆς
386 2682 667 2754 ἡμετέρας,
718 2682 810 2730 καὶ
860 2675 1211 2737 ἀνανεωθῆναι
1259 2673 1354 2729 διὰ
1399 2684 1497 2739 τῆς
1540 2674 1743 2747 ἀγαθῆς
1789 2696 1884 2728 σου

263 2765 652 2829 διδασκαλίας.
686 2765 861 2840 Κειμοὶ
892 2763 952 2820 δὲ
979 2770 1038 2819 τὸ
1071 2774 1225 2840 σῶμα
1250 2762 1403 2819 οὐδὲν
1427 2767 1635 2840 ἄμεινον
1663 2773 1760 2827 τῆς
1788 2785 1884 2819 συ-

260 2860 493 2919 νηθείας
517 2860 647 2929 ἔχει.

851 3003 1192 3053 ΕΗΙΣΤΟΛΗ
1226 2996 1358 3053 ΜΘ’.

1992 538 2129 578 rum
2155 529 2459 597 torporem
2503 528 2763 598 noveris,
2815 528 2864 584 si
2903 528 3074 584 citius
3111 544 3235 585 non
3274 531 3648 603 scripsimus,

1992 628 2189 686 neque
2215 615 2465 671 fecimus
2486 618 2895 689 praestantiam
2928 624 3093 675 tuam
3125 635 3334 676 eorum
3360 638 3497 694 quae
3535 628 3649 679 An-

1990 702 2212 761 tiochia
2240 704 2422 762 allata
2449 712 2590 763 sunt
2619 709 2933 764 certiorem
2962 725 2976 763 :
3008 724 3147 781 quae
3172 709 3420 782 quidem
3452 712 3646 767 omni-

1990 807 2070 847 no
2092 793 2197 849 tibi
2221 799 2365 850 nota
2394 796 2591 852 facere
2634 798 2956 853 rancidum
2998 803 3090 854 est
3138 804 3195 854 et
3244 798 3553 871 frigidum,
3584 805 3652 858 ut

1990 882 2095 953 qui
2125 882 2358 940 dudum
2381 884 2679 955 didiceris,
2710 892 2774 943 ut
2804 887 3121 944 verisimile
3151 893 3275 956 est;
3310 890 3417 946 sed
3446 895 3653 947 tamen

1988 970 2138 1026 nihil
2164 972 2535 1030 incommodi
2564 990 2697 1032 csse
2738 976 3169 1045 existimantes,
3203 977 3385 1034 etiam
3411 979 3652 1049 cognita

1991 1060 2351 1134 signiﬁcare,
2371 1063 2650 1121 misimus
2676 1065 2891 1123 allatas
2912 1066 3317 1138 perlectorem
3341 1067 3648 1139 epistolas.

1989 1153 2070 1206 Ac
2093 1150 2272 1206 dehis
2290 1151 2538 1223 quidem
2560 1154 3649 1228 hactenus.Constantinopolisautem

1984 1240 2355 1312 jamdudum
2370 1242 2556 1299 habet
2576 1244 3022 1316 Demophilum,
3040 1250 3105 1301 ut
3128 1250 3185 1301 et
3207 1245 3289 1301 illi
3310 1246 3424 1318 ipsi
3444 1261 3650 1302 narra-

1988 1331 2163 1402 bunt,
2197 1338 2378 1406 atque
2408 1339 2474 1391 ut
2502 1335 2715 1406 procul
2763 1334 2952 1392 dubio
2984 1336 3114 1407 jam
3152 1336 3319 1408 prius
3350 1329 3651 1394 sanctitati

1988 1428 2107 1480 tuae
2135 1423 2481 1479 nuntiatum
2501 1429 2608 1480 est.
2641 1430 2723 1481 Ac
2749 1424 2823 1480 de
2847 1425 2949 1480 illo
2973 1424 3223 1497 quidem
3254 1425 3648 1482 simulacrum

1990 1512 2302 1585 quoddam
2326 1519 2502 1569 rectae
2532 1513 2674 1569 ﬁdei
2697 1520 2754 1571 et
2781 1514 3021 1586 pietatis
3053 1513 3133 1570 ab
3154 1514 3439 1571 omnibus
3469 1515 3650 1571 adve-

1988 1602 2320 1671 nientibus,
2361 1602 2531 1674 142
2566 1619 2808 1659 summo
2854 1619 3155 1659 consensu
3178 1604 3462 1674 jactatur,
3495 1602 3648 1661 adeo

1942 1691 1951 1699 ’
1989 1697 2057 1748 ut
2080 1692 2260 1749 etiam
2291 1692 2651 1747 dissidentes
2682 1691 2938 1749 civitatis
2984 1697 3186 1765 partes
3216 1691 3550 1748 coaluerint
3584 1692 3649 1749 in

262 1785 446 1833 ταυτὸν
507 1779 796 1851 συνελθεῖν,
853 1784 945 1833 καὶ
996 1787 1095 1832 τῶν
1136 1778 1525 1851 πλησιοχώρων
1572 1781 1735 1839 τινὰς
1776 1778 1885 1832 ἐπι-

1999 1797 2204 1849 unum,
2225 1784 2405 1853 atque
2436 1797 2509 1837 ex
2538 1780 2749 1836 vicinis
2776 1781 3075 1854 episcopis
3103 1780 3379 1837 nonnulli
3400 1781 3651 1852 conjun-

1991 1873 2250 1928 ctionem
2263 1870 2526 1943 amplexi
2544 1871 2680 1928 sint.
2697 1871 2895 1929 Nostri
2916 1877 3120 1928 autem
3140 1888 3246 1944 spe
3268 1876 3323 1928 et
3344 1876 3651 1944 exspecta-

1990 1961 2150 2017 tione
2178 1976 2301 2016 non
2332 1960 2607 2016 exstitere
2630 1960 2927 2016 meliores.
2948 1964 3097 2017 Nam
3119 1976 3259 2017 cum
3291 1961 3492 2017 statim
3514 1965 3652 2033 post

1992 2065 2303 2120 egressum
2324 2052 2495 2105 tuum
2527 2049 2940 2120 advenissent,
2959 2049 3151 2105 multa
3179 2050 3427 2122 quidem
3459 2049 3651 2107 tristia

1995 2139 2220 2207 dixere,
2235 2137 2426 2194 multa
2442 2141 2622 2195 etiam
2644 2140 2859 2208 fecere,
2885 2155 2955 2195 ac
2977 2138 3218 2195 tandem
3241 2139 3652 2195 discesserunt

1993 2229 2236 2285 ﬁrmato
2257 2228 2434 2285 nobis
2468 2229 2812 2285 schismate.
2849 2231 3056 2284 Utrum
3081 2233 3283 2284 autem
3305 2227 3518 2284 melius
3538 2226 3649 2283 ali-

1994 2318 2144 2391 quid
2171 2318 2441 2374 futurum
2472 2320 2564 2385 sit,
2589 2323 2769 2391 atque
2790 2322 2992 2374 utrum
3018 2317 3096 2373 ab
3123 2317 3503 2390 improbitate
3534 2316 3653 2372 dis-

1995 2407 2219 2463 cessuri
2236 2406 2373 2477 sint,
2387 2408 2615 2463 nemini
2630 2408 2750 2464 nisi
2773 2409 2895 2463 Deo
2912 2411 3292 2479 compertum
3312 2411 3420 2463 est.
3446 2411 3651 2480 itaque

1992 2513 2091 2554 res
2121 2504 2445 2570 praesentes
2477 2502 2619 2554 sunt
2641 2497 2964 2567 ejusmodi.
2999 2496 3263 2553 Ecclesia
3289 2501 3492 2553 autem
3521 2496 3653 2553 reli-

1993 2603 2118 2660 qua
2147 2602 2255 2659 per
2286 2587 2386 2642 Dei
2411 2588 2669 2657 gratiam
2698 2586 2987 2660 praeclare
3018 2591 3152 2657 stat,
3178 2591 3355 2660 teque
3384 2590 3650 2660 exoptat,

1994 2675 2176 2731 simul
2199 2692 2268 2731 ac
2297 2691 2402 2731 ver
2427 2675 2731 2747 prodierit,
2764 2676 2979 2732 iterum
3012 2675 3180 2748 apud
3203 2690 3318 2731 nos
3344 2674 3567 2745 videre,
3596 2679 3654 2732 et

1992 2782 2102 2838 per
2130 2765 2357 2820 bonam
2386 2769 2557 2821 tuam
2580 2766 2920 2821 doctrinam
2949 2765 3251 2821 renovari.
3284 2765 3420 2822 Mihi
3447 2769 3653 2822 autem

1995 2871 2216 2928 corpus
2246 2854 2422 2912 solito
2448 2855 2662 2912 melius
2690 2871 2816 2912 non
2849 2871 2915 2912 se
2945 2855 3147 2912 habet.

2476 2994 2479 2997 ¹
2547 2999 2887 3057 EPISTOLA
2923 3000 3118 3056 XLIX‘.

265 3142 542 3201 Basilius
570 3143 806 3217 gratias
834 3141 965 3212 agit
988 3141 1277 3217 Arcadio,
1302 3141 1410 3217 ι]ᾳὶ
1427 3146 1782 3217 conceptam
1804 3157 1839 3198 α
1861 3157 1923 3197 se
1940 3141 2012 3199 de
2032 3157 2097 3199 eo
2115 3158 2275 3213 spem
2298 3143 2767 3213 signiﬁcaverat.
2793 3142 3105 3217 Promittit
3128 3140 3182 3217 ei
3199 3140 3471 3199 Basilius
3500 3154 3638 3197 mar

709 3220 911 3285 lyram
944 3214 1254 3285 reliquias,
1283 3212 1366 3268 ad
1380 3213 1690 3269 ecclesiam
1717 3214 1794 3271 ab
1826 3216 1953 3285 ipso
1987 3212 2418 3286 constructam,
2450 3218 2504 3270 si
2528 3230 2677 3287 quas
2706 3215 2972 3285 reperire
2997 3214 3204 3284 possit.

787 3352 989 3430 ’Δρκαδ
994 3360 1054 3429 ίῳ
1077 3355 1369 3428 ἐπισκόπῳ.

334 3486 750 3562 Ηύχαρίστησα
776 3490 850 3554 τῷ
878 3482 1011 3555 ἁγίῳ
1043 3490 1179 3555 Θεῷ,
1206 3482 1514 3555 γράμμασιν
1538 3479 1770 3555 ἐντυχὼν
1796 3490 1889 3543 τῆς

261 3575 540 3639 εὐλαϐείας
569 3576 738 3648 ὑμῶν,
769 3578 860 3626 καὶ
889 3576 1122 3645 εὔχομαι
1147 3572 1304 3633 αὐτός
1340 3590 1396 3623 τε
1432 3579 1529 3632 τῆς
1561 3569 1793 3636 ἐλπίδος,
1826 3572 1889 3632 ἣν

261 3670 415 3739 ἔχετε
446 3664 525 3738 ἐφ’
552 3666 703 3737 ἡμῖν,
736 3663 883 3726 ἄξιος
929 3660 1078 3730 εἶναι,
1112 3666 1202 3714 καὶ
1233 3663 1368 3734 ὑμᾶς
1412 3664 1497 3714 τόν
1539 3661 1624 3714 ἐπὶ
1661 3669 1724 3734 τῇ
1758 3669 1885 3735 τιμῇ

259 3759 434 3830 ἡμῶν,
466 3754 529 3813 ἢν
557 3753 641 3806 ἐπὶ
682 3748 755 3824 τῷ
809 3754 1022 3824 ὀνόματι
1066 3758 1158 3803 τοῦ
1211 3755 1407 3824 Κυρίου
1441 3750 1621 3808 Ἰησοῦ
1651 3758 1889 3827 Χριστοῦ

258 3853 454 3921 τιμᾶτε
479 3848 642 3916 ημᾶς,
677 3844 869 3915 μισθόν
894 3842 1082 3894 τέλειον
1113 3842 1462 3914 κομίσασθαι.
1496 3839 1890 3915 ’Υπερήσθημεν

263 3935 350 4005 δέ,
384 3937 471 3988 ὅτι
498 3937 614 3999 καὶ,
661 3935 912 4006 μέριμναν
942 3935 1245 4007 πρέπουσαν
1276 3938 1582 4003 Χριστιανῷ
1612 3928 1891 3982 ἀναλαϐόν-

262 4044 371 4092 τες,
390 4022 468 4083 εἱς
495 4018 658 4084 δόξαν
678 4028 771 4073 τοῦ
802 4020 1055 4093 ὀνόματος
1075 4028 1168 4073 τοῦ
1197 4027 1436 4095 Χριστοῦ
1461 4018 1600 4072 οἶκον
1622 4020 1887 4093 ἠγείρατε,

267 4117 365 4164 καὶ
393 4113 712 4182 ἠγαπήσατε
740 4118 813 4182 τῷ
844 4113 973 4177 ὄντι,
1019 4113 1156 4163 κατὰ
1183 4114 1242 4162 1'6
1282 4113 1659 4184 γεγραμμένον,
1707 4108 1889 4184 εὐπρέ-

268 4220 426 4254 πειαν
476 4203 619 4253 οῖκου
667 4203 888 4274 Κυρίου,
920 4199 1309 4275 εὐτρεπίσαντες
1353 4199 1550 4259 ἑαυτοῖς
1592 4203 1687 4257 τὴν
1738 4197 1892 4274 οὐρά-

260 4311 375 4344 νιον
408 4290 487 4360 (9)
517 4293 684 4363 μονὴν
718 4292 808 4347 τὴν
855 4290 1250 4362 ἡτοιμασμένην
1294 4286 1342 4340 ἐν
1364 4295 1426 4360 τῇ
1462 4286 1753 4340 ἀναπαύσει
1782 4293 1893 4348 τοῖς

265 4379 524 4453 ἀγαπῶσι
568 4381 628 4431 1'6
680 4381 843 4451 ὄνομα
887 4385 981 4430 τοῦ
1017 4384 1275 4452 Χριστοῦ.
1311 4377 1428 4430 Ἐὰν
1478 4373 1537 4429 δὲ
1584 4372 1892 4449 δυνηθῶμεν

267 4478 589 4542 περινοῆσαι
643 4465 867 4538 λείψανα
922 4469 1224 4542 μαρτύρων,
1285 4465 1553 4539 εὐχόμεθα
1594 4470 1686 4518 καὶ
1742 4465 1893 4518 αὐτοὶ

273 4557 644 4632 συμϐαλέσθαι
674 4557 820 4629 ἡμῶν
849 4564 914 4629 τῇ
951 4552 1189 4629 σπουδῇ.
1234 4556 1294 4609 Εἰ
1331 4558 1433 4629 γὰρ
1466 4556 1533 4616 εἰς
1558 4560 1892 4629 μνημόσυνον

272 4649 476 4701 αἰώνιον
502 4649 661 4700 ἔσται
689 4643 915 4715 δίκαιος,
955 4650 1191 4699 κοινωνοὶ
1228 4646 1339 4717 (10)
1371 4644 1617 4719 ἐσόμεθα,
1649 4642 1893 4703 δηλονότι

270 4746 368 4800 τῆς
398 4735 603 4811 ἀγαθῆς
633 4741 848 4810 μνήμης
883 4743 975 4798 τῆς
1024 4732 1390 4811 δοθησομένης
1437 4737 1561 4809 ὑμῖν
1599 4737 1746 4811 παρὰ
1798 4741 1892 4788 τοῦ

262 4848 447 4904 αγιου.

328 4995 384 5032 9°
413 4988 582 5050 Psal.
617 5005 756 5062 xxv,
788 4991 842 5045 8.
919 4990 991 5026 90"
1014 4989 1174 5047 Psal.
1202 5004 1316 5062 cn,
1343 4993 1396 5045 7.

336 5138 415 5209 (ὃ)
465 5130 931 5213 Κᾳππαδοκικῶν.
990 5129 1890 5213 Ιιξι-ᾘᾶιξιη..ϐοίξξημρςὶωιιῇ

1916 3340 1957 3396 C

1924 4694 1969 4748 D

268 5203 410 5282 Heg;
430 5209 699 5282 primus,
729 5205 994 5262 Clarom.
1010 5210 1067 5261 et
1084 5205 1275 5275 Bigot.
1301 5203 1473 5261 alter.
1498 5203 1653 5260 Editi
1672 5211 1925 5257 Καππα-.

268 5277 467 5340 Jour—(Br:
639 5327 647 5334 .

334 5358 412 5425 (7)
443 5352 617 5407 Πολύν
648 5347 761 5425 ἤδη
795 5347 1206 5425 χρόνον.-Ηειιτι.
1247 5351 1305 5403 et
1343 5346 1496 5425 M_ed._
1525 5364 1667 5425 cum
1699 5347 1890 5425 duob.

272 5418 397 5497 aliis
421 5426 583 5487 πολύς
612 5421 694 5484 ἥδ
697 5442 729 5482 η
756 5418 977 5497 χρόνος.
1011 5419 1207 5497 Paulo
1221 5426 1359 5497 p_0§t
1383 5420 1600 5497 legitur
1626 5418 1892 5492 ἀπαγγέλ-

271 5493 417 5549 λουσι
442 5499 502 5554 in
537 5489 871 5555 codicibus
903 5491 1059 5547 Harl.
1088 5497 1146 5563 et
1170 5489 1350 5547 Coisl.
1386 5489 1602 5563 primo.

347 5570 578 5650 (sintsi
623 5571 655 5631 ἦ
678 5570 952 5650 fessio:
999 5561 1172 5621 Coisl.
1222 5561 1473 5636 uterque
1513 5569 1570 5621 et
1610 5579 1772 5621 unus
1821 5579 1896 5621 ex

279 5639 459 5712 Regiis
474 5643 610 5706 πλὴν
642 5641 693 5698 εἰ
723 5646 805 5714 τῷ
839 5642 981 5709 Θεῷ.

2528 3359 2795 3417 Arcadio
2820 3359 3115 3429 episcopo.

2069 3484 2300 3540 Gratias
2326 3483 2419 3555 egi
2450 3485 2569 3540 Deo
2591 3488 2800 3539 sancto
2820 3482 2989 3540 lectis
3009 3481 3248 3555 pietatis
3276 3485 3395 3538 tuae
3422 3479 3650 3550 litteris,

1996 3588 2329 3646 precorque
2349 3578 2415 3630 ut
2435 3578 2491 3630 et
2512 3590 2623 3645 ego
2645 3589 2716 3629 ea
2738 3590 2867 3645 spe,
2882 3589 3073 3647 quam
3093 3572 3167 3628 de
3188 3589 3284 3628 me
3306 3569 3651 3642 concepisti,

1997 3661 2217 3732 dignus
2248 3662 2385 3732 sim,
2407 3668 2464 3718 ct
2495 3668 2555 3719 tu
2584 3663 2851 3728 honoris,
2875 3678 3059 3735 quem
3081 3662 3228 3717 mihi
3252 3661 3437 3717 habes
3456 3660 3519 3715 in
3547 3673 3656 3714 no-

1997 3752 2161 3807 mine
2190 3753 2427 3808 Domini
2472 3754 2611 3807 Jesu
2658 3751 2904 3820 Christi,
2952 3750 3295 3806 mercedem
3325 3748 3656 3822 perfectam

1995 3841 2245 3898 referas.
2295 3842 2477 3898 Valde
2517 3847 2723 3897 autem
2762 3842 3000 3896 laetatus
3047 3857 3206 3910 sum,
3233 3840 3401 3912 quod
3445 3853 3657 3894 curam

2001 3930 2334 3989 Christiano
2359 3931 2613 4000 dignam
2633 3931 2991 4003 suscipiens,
3015 3931 3271 3987 domum
3302 3929 3381 3985 ad
3403 3927 3657 3998 gloriam

1999 4020 2264 4077 nominis
2309 4019 2523 4077 Christi
2570 4020 3001 4089 construxeris,
3051 4035 3123 4075 ac
3168 4034 3309 4075 vere
3355 4015 3654 4087 dilexeris,

2002 4109 2155 4165 sicut
2181 4110 2470 4182 scriptum
2496 4111 2663 4181 est”,
2697 4109 2980 4165 decorem
3002 4108 3224 4165 domus
3250 4106 3487 4163 Domini
3513 4123 3525 4160 :
3552 4103 3661 4163 tibi

1998 4199 2117 4270 ipsi
2150 4214 2501 4270 praeparans
2526 4198 2829 4255 caelestem
2860 4198 3270 4267 mansionem,
3293 4195 3658 4252 destinatam

1999 4288 2062 4344 in
2088 4287 2294 4361 requie
2315 4287 2700 4358 diligentibus
2737 4303 2963 4343 nomen
2991 4286 3223 4344 Christi.
3253 4285 3428 4351 Quod
3458 4284 3508 4338 si
3528 4282 3658 4338 reli-

1998 4377 2176 4451 quias
2203 4384 2542 4450 martyrum
2568 4362 2930 4447 investigare
2958 4375 3212 4449 possim,
3231 4374 3411 4446 cupio
3442 4377 3499 4428 et
3527 4372 3661 4443 ipse

2001 4467 2181 4523 studii
2201 4468 2284 4523 tui
2311 4467 2554 4538 adjutor
2582 4483 2733 4523 esse.
2757 4469 2909 4523 Nam
2942 4467 2993 4522 si
3017 4466 3079 4521 in
3114 4462 3411 4520 memoria
3438 4465 3663 4517 aeterna

1999 4556 2109 4613 erit
2124 4556 2324 4628 justus
2337 4557 2429 4627 90',
2455 4556 2724 4629 profecto
2743 4556 2921 4612 bonas
2943 4555 3105 4611 illius
3124 4550 3456 4622 memoriae,
3471 4564 3662 4623 quam

1999 4646 2107 4704 tibi
2130 4652 2375 4704 sanctus
2396 4645 2716 4719 impertiet,
2747 4645 2971 4701 erimus
2992 4642 3337 4716 participes.

2075 5132 2155 5203 (9)
2176 5131 2464 5213 ριξριξνιεν.
2507 5128 2600 5213 Sic
2631 5126 2809 5186 Coisl.
2849 5130 3103 5200 uterque
3151 5129 3208 5185 et
3248 5128 3392 5198 Reg.
3454 5138 3667 5181 secun-

2003 5201 2144 5261 dus.
2176 5201 2328 5258 Editi
2359 5201 2621 5274 οὐρανίαν.

2073 5279 2183 5347 (10)
2217 5268 2482 5327 Κοινωνόί.
2512 5278 2661 5347 Ante
2686 5272 2847 5347 hanc
2871 5286 3086 5347 vocem
3113 5270 3256 5347 editi
3284 5268 3520 5327 addunt
3549 5271 3663 5337 καὶ,

2004 5343 2111 5403 sed
2138 5343 2268 5402 haec
2298 5344 2643 5418 conjunctio
2673 5344 2854 5418 abest~
2882 5343 2960 5400 ab
3003 5344 3302 5418 omnibus
3314 5357 3464 5418 mss.
3492 5352 3662 5418 quos

2002 5419 2067 5474 in
2090 5419 2249 5475 hanc
2266 5407 2585 5488 epistolam
2610 5407 2956 5488 habuimus,
2982 5430 3203 5487 nempe
3223 5429 3261 5469 a
3284 5410 3458 5482 Med.,
3482 5407 3659 5467 cois].

2004 5496 2283 5558 utroque,
2304 5485 2445 5544 _Vat.
2476 5494 2532 5544 et
2555 5491 2695 5558 Reg.
2730 5485 3021 5545 secundo.

2076 5562 2094 5584 "
2120 5556 2285 5619 Alias
2305 5556 2864 5632 CCCCVlll.Scripta
2882 5559 3050 5616 initio
3072 5556 3482 5631 episcopatus.
