4078 6392
526 315 629 371 387

1121 429 1460 487 EPISTULA
1503 430 1584 484 L‘.

1905 303 1960 359 S.
2003 285 2261 356 BASILII
2298 298 2516 356 MAGNI

3792 309 3911 364 388

2854 433 3192 482 ΕΠΙΣΤΟΛΗ
3231 427 3310 480 Ν’·

527 528 794 585 Basilius
825 525 1059 596 gratias
1089 523 1214 592 agit
1238 522 1510 590 episcopo
1543 518 1780 576 cuidam
1806 523 1982 574 aetate
2009 521 2063 643 ἵε
2097 517 2320 642 υέἶςιιιιθ
2345 515 2711 584 venerando,
2731 517 2840 588 qui
2858 520 3035 587 prior
3057 519 3141 576 ad
3163 533 3296 575 eum
3320 519 3645 588 scripserat
3676 520 3909 578 adhor-

2040 603 2120 643 an
2170 601 2416 643 icausa.

2040 601 2188 644 anai
2207 601 2416 643 causa.

1025 692 1372 748 Innocentio
1403 691 1696 759 episcopo.

601 787 774 844 Eccui
788 785 886 842 alii
903 781 1301 839 conveniebat
1320 785 1375 834 et
1392 778 1614 834 timidis
1633 776 1921 832 ﬁduciam
1940 775 2183 841 addere,

528 875 965 934 etdormientes
987 871 1264 938 excitare,
1281 869 1525 924 nisituae
1548 866 1777 922 domini
1802 866 1921 922 mei
1941 866 2142 938 pietati
2170 882 2182 920 :

527 968 632 1041 qui
664 971 826 1022 tuam
858 963 918 1018 in
967 959 1252 1016 omnibus
1297 958 1478 1014 rebus
1518 956 1946 1029 perfectionem
1978 955 2037 1011 in
2071 955 2186 1011 hoc

527 1070 772 1129 quoque
803 1049 1141 1112 declarasti,
1175 1047 1342 1120 quod
1374 1052 1429 1102 te
1461 1047 1640 1102 etiam
1672 1045 1748 1102 ad
1778 1061 1887 1100 nos
1926 1044 2185 1100 humiles

527 1145 836 1202 demittere
884 1139 1166 1205 volueris,
1198 1143 1265 1193 ut
1307 1152 1633 1208 germanus
1664 1135 1998 1208 discipulus
2028 1135 2184 1190 illius

526 1237 629 1310 qui
659 1233 842 1290 dixit:
867 1232 1000 1287 Illic
1022 1246 1152 1285 sum
1184 1229 1243 1284 in
1276 1227 1469 1284 medio
1489 1227 1689 1295 vestri,
1728 1241 1849 1282 non
1891 1230 2184 1298 tanquam

523 1322 910 1389 recumbens,
953 1319 1059 1375 sed
1118 1324 1408 1388 tanquam
1451 1317 1886 1371 ministram“.
1933 1318 2080 1371 Nam
2129 1319 2187 1371 et

525 1415 656 1487 ipse
677 1411 958 1482 dignatus
983 1425 1047 1464 es
1069 1407 1246 1463 nobis
1264 1406 1600 1461 ministrare
1623 1403 1994 1476 spiritualem
2015 1408 2182 1460 tuam

524 1503 814 1566 laetitiam,
876 1503 1058 1570 atque
1111 1493 1470 1551 venerandis
1526 1494 1642 1550 tuis
1685 1493 1894 1549 litteris
1949 1493 2184 1548 animos

526 1597 766 1650 nostros
823 1603 1114 1654 recreare,
1167 1591 1224 1640 et
1277 1584 1437 1639 velut
1491 1599 1820 1655 puerorum
1867 1582 2181 1638 infantiam

525 1682 683 1738 ulnis
713 1685 830 1736 tute
881 1674 1318 1746 magnitudinis
1361 1672 1662 1749 amplecti.
1710 1674 1958 1728 Precare
2006 1672 2185 1742 igitur

525 1773 781 1845 (bonum
815 1774 983 1824 tuum
1031 1765 1303 1822 animum
1348 1768 1684 1834 rogamus),
1713 1769 1778 1819 ut
1803 1763 1970 1832 digni
1997 1764 2184 1819 simus

524 1861 630 1935 qui
663 1877 698 1916 a
735 1858 905 1931 143
936 1855 1109 1912 vobis
1140 1853 1383 1923 magnis
1425 1853 1564 1908 viris
1617 1853 1996 1922 adjuvemur,
2029 1858 2085 1909 et
2115 1869 2183 1910 os

523 1966 595 2007 ac
649 1947 1002 2021 sapientiam
1053 1943 1448 2015 accipiamus,
1505 1945 1566 1996 ut
1611 1939 1788 1996 vobis
1845 1941 2182 1998 audeamus

2221 688 2269 741 Α

2715 687 3023 758 Ἰννοκεντίῳ
3052 687 3321 760 ἐπισκόπῳ
3349 688 3484 760 (Η).

2372 779 2473 827 Καὶ
2500 781 2602 828 τίνι
2647 776 2783 848 ἄλλῳ
2823 779 3008 851 ἔπρεπε
3055 784 3144 831 καὶ
3189 775 3381 841 δειλοῖς
3415 782 3612 854 θάρσος
3645 778 3905 853 ἐμποιεῖν,

2295 868 2384 915 καὶ
2432 861 2782 927 καθεύδοντας
2827 863 3144 936 διυπνίζειν,
3187 869 3214 928 ἡ
3272 876 3333 941 τῇ
3387 877 3452 940 σῇ
3500 877 3591 920 τοῦ
3643 871 3904 942 ἡμετέρου

2296 949 2556 1007 δεσπότου
2586 955 2865 1028 θεοσεϐείᾳ,
2901 957 2958 1018 ὃς
2988 962 3082 1016 τὴν
3107 956 3156 1009 ἐν
3190 964 3325 1010 πᾶσι
3359 967 3580 1010 σεαυτοῦ
3602 959 3906 1017 τελειότητα

2293 1039 2462 1093 καὶέν
2503 1045 2670 1114 τούτῳ
2725 1041 3026 1116 ἐγνωρισας,
3072 1054 3142 1116 τῷ
3199 1041 3596 1108 καταδέξασθαι
3642 1053 3734 1100 καὶ
3771 1049 3903 1119 ἡμῖν

2294 1139 2398 1191 τοῖς
2429 1140 2690 1195 ταπεινοῖς
2722 1134 3139 1204 συγκαταϐῆναι,
3170 1138 3234 1196 ὡς
3265 1134 3507 1197 ἀληθινός
3532 1137 3778 1208 μαθητὴς
3803 1145 3902 1189 τοῦ

2295 1221 2543 1292 εἰπόντος,
2572 1225 2649 1274 ὃτι
2684 1223 2820 1276 Ἐκεῖ
2858 1224 2964 1296 εἰμι
3007 1223 3056 1276 ἐν
3101 1229 3246 1297 μέσῳ
3288 1227 3450 1298 ὑμῶν,
3485 1226 3591 1297 ούχ
3618 1229 3689 1288 ὡς
3719 1228 3745 1278 ό
3779 1225 3904 1279 ἀνα-

2293 1317 2544 1384 κείμενος,
2577 1312 2686 1364 ἀλλ’
2717 1316 2787 1376 ὡς
2831 1315 2855 1365 ό
2903 1311 3188 1370 διακονῶν.
3254 1316 3602 1378 Κατηξίωσας
3649 1319 3750 1390 γὰρ
3807 1323 3905 1370 καὶ

2293 1401 2452 1464 αύτὸς
2478 1399 2798 1462 διακονῆσαι
2839 1405 2964 1476 ἡμῖν
2995 1409 3090 1462 τὴν
3118 1409 3216 1464 σήν
3240 1411 3594 1478 πνευματικὴν
3635 1407 3903 1482 εὐφροσύο

2291 1513 2402 1558 νην,
2427 1498 2516 1546 καὶ
2544 1501 2649 1554 τοῖς
2681 1498 2877 1566 τιμίοις
2901 1493 3014 1564 (12)
3057 1495 3244 1548 ἑαυτοῦ
3273 1498 3582 1569 γράμμασιν
3625 1495 3904 1550 ἀναλαϐεῖν

2293 1585 2438 1655 ἡμῶν
2484 1586 2575 1645 τὰς
2617 1583 2824 1654 ψυχὰς,
2870 1589 2960 1636 καὶ
3007 1587 3182 1658 ὥσπερ
3231 1583 3432 1638 παίδων
3491 1593 3788 1645 νηπιότητα
3826 1597 3902 1659 τῷ

2294 1672 2480 1724 ἑαυτοῦ
2510 1675 2715 1744 μεγέθει
2741 1673 3303 1748 προσαγκαλίσασθαι.
3331 1677 3510 1747 Εὔχου
3532 1672 3621 1728 οὖν
3648 1673 3904 1750 (δεόμεθά

2295 1782 2390 1815 σου
2426 1772 2516 1824 τῆς
2548 1761 2748 1834 ἀγαθῆς
2775 1762 2980 1836 ψυχῆς)
3029 1762 3208 1826 ἀξίους
3245 1766 3386 1837 ἡμᾶς
3420 1761 3550 1818 εἶναι
3579 1771 3670 1818 καὶ
3707 1764 3900 1821 ὑποδέ-

2291 1855 2491 1924 χεσθαι
2544 1855 2640 1914 τὰς
2685 1855 2829 1928 παρὰ
2877 1861 2977 1904 τῶν
3033 1854 3268 1926 μεγάλων
3317 1856 3459 1926 ὑμῶν
3518 1855 3771 1928 ὡφελείας,
3800 1862 3895 1910 καί

2293 1941 2571 2015 λαμϐάνειν
2604 1947 2775 2015 στόμα
2805 1948 2895 1995 καὶ
2941 1948 3126 2015 σοφίαν
3173 1943 3245 2005 εἰς
3285 1947 3344 1996 τό
3375 1943 3569 2018 τολμᾷν
3615 1943 3894 2018 ἀντιφθέγ-

527 2038 810 2112 Spiritum
839 2039 1116 2090 sanctum
1164 2031 1382 2086 ducem
1419 2029 1782 2085 habentibus
1824 2032 2130 2087 succinere
2163 2049 2176 2087 :

2300 2034 2480 2104 γεσθαι
2505 2034 2647 2105 ύμῖν,
2675 2041 2783 2094 τοῖς
2811 2035 2912 2084 ύπό
2943 2041 3033 2084 τοῦ
3070 2033 3220 2104 ἁγίου
3263 2037 3559 2106 Πνεύματος
3584 2033 3857 2108 ἀγομένοις
3882 2053 3895 2066 ·

526 2131 698 2201 cujus
729 2133 780 2184 te
807 2125 1071 2182 amicum
1107 2138 1176 2178 ac
1204 2121 1664 2191 gloriﬁcatorem
1692 2137 1820 2176 esse
1843 2121 2178 2192 audientes,

525 2235 784 2289 magnas
825 2216 906 2272 ob
954 2213 1121 2269 illam
1168 2217 1336 2268 tuam
1379 2211 1621 2267 ﬁrmam
1676 2227 1746 2267 ac
1789 2212 2064 2268 stabilem
2118 2215 2179 2270 in

529 2314 714 2368 Deum
746 2305 1123 2363 dilectionem
1145 2303 1369 2371 gratias
1391 2301 1651 2371 agimus,
1683 2308 2010 2358 orantesut
2039 2319 2179 2376 pars

524 2405 730 2456 nostra
774 2412 914 2452 cum
960 2392 1116 2448 veris
1170 2389 1591 2446 adoratoribus
1638 2391 1998 2459 inveniatur,
2029 2393 2182 2448 inter

524 2505 681 2563 quos
722 2491 778 2542 et
834 2490 1001 2540 tuam
1057 2480 1486 2553 perfectionem
1533 2480 1773 2550 reperiri
1822 2497 2180 2552 persuasum

521 2581 840 2641 habemus,
870 2579 926 2630 et
959 2586 1250 2640 magnum
1279 2569 1447 2624 illum
1471 2574 1528 2625 et
1561 2585 1768 2625 verum
1797 2570 2180 2644 episcopum,

524 2668 625 2742 qui
658 2671 847 2723 totum
877 2661 1087 2718 orbem
1117 2659 1241 2714 suis
1270 2658 1578 2714 miraculis
1609 2659 1952 2732 complevit,
1988 2661 2183 2717 Domi-

524 2773 671 2814 num
705 2768 1016 2824 rogamus.
1209 2795 1214 2799 .

1095 2846 1437 2903 EPISTOLA
1472 2847 1610 2904 LI“.

2292 2119 2350 2176 οὗ
2379 2123 2520 2195 φίλον
2562 2142 2620 2175 σε
2660 2119 2790 2175 εἶναι
2819 2127 2908 2174 καὶ
2960 2119 3268 2195 δοξαστῆρα
3306 2122 3548 2181 ἀληθινόν
3599 2123 3896 2195 ἀκούοντες,

2291 2213 2521 2286 μεγάλην
2553 2211 2634 2265 ἐπὶ
2668 2220 2730 2285 τῇ
2767 2211 2959 2286 στεῤῥᾲ
3004 2231 3098 2264 σου
3147 2217 3238 2264 καὶ
3283 2211 3475 2266 ἀκλινεῖ
3508 2219 3626 2288 περὶ
3651 2219 3737 2267 τὸν
3767 2220 3899 2268 Θεὸν

2292 2302 2470 2375 ἀγάπῃ
2503 2307 2594 2360 τὴν
2642 2303 2804 2376 χάριν
2858 2301 3244 2374 ὁμολογοῦμεν.
3300 2302 3574 2375 εὐχόμενοι
3602 2304 3718 2374 H3)
3759 2307 3898 2376 μετὰ

2289 2401 2384 2444 τῶν
2417 2391 2672 2450 ἀληθινῶν
2703 2399 3073 2466 προσκυνητᾱη
3107 2391 3377 2466 εὑρεθῆναι
3418 2393 3564 2464 ἡμῶν
3610 2397 3665 2444 τό
3707 2398 3887 2466 μέρος,

2291 2482 2340 2535 ἐν
2371 2483 2448 2544 οἷς
2478 2482 2797 2553 πεπείσμεθα
2823 2479 2953 2532 εἶναι
2975 2485 3064 2532 καὶ
3091 2485 3183 2538 τὴν
3219 2485 3317 2539 σὴν
3339 2480 3652 2547 τελειότητα,
3673 2488 3764 2534 καὶ
3796 2491 3894 2534 τοῦ

2291 2571 2520 2645 μεγάλου
2573 2574 2663 2622 καὶ
2717 2568 2964 2627 ἀληθινοῦ
3020 2569 3310 2622 ἐπισκόπου
3364 2577 3541 2623 πᾶσαν
3579 2576 3670 2630 την
3722 2572 3900 2623 οἰκουο

2292 2666 2447 2734 μένην
2478 2660 2570 2712 τοῦ
2613 2655 2754 2712 ἰδίου
2808 2659 3182 2732 πληρώσαντος
3234 2662 3518 2730 θαύματος,
3557 2669 3651 2714 τοῦ
3701 2666 3900 2736 Κυρίου

2295 2748 2539 2824 δεόμεθα.

2843 2852 3178 2900 ΕΠΙΣΤΟΛΗ
3220 2846 3342 2902 ΝΑ’.

522 2943 767 3016 Rcfellit
789 2940 1059 3016 Basilius
1086 2938 1357 3016 tif/ictam
1383 2935 1522 3016 sibi;
1539 2937 1928 3016 calumniam,
1963 2941 2438 3016 quoclLDianium
2453 2938 2892 3016 Caesariensem
2932 2935 3524 3016 anathematizasset.
3549 2938 3816 3016 _Fatetur
3842 2955 3900 2997 se

593 3008 867 3081 doluisse,
902 3011 1059 3082 quod
1089 3012 1136 3063 is
1159 3008 1446 3084 formulae
1475 3008 2005 3084 Constantinopoli
2028 3027 2065 3066 a
2097 3013 2351 3084 Georgio
2373 3013 2586 3068 allatte
2611 3008 3090 3084 subscripsisse“
3117 3009 3220 3064 sed
3249 3015 3446 3084 tamen
3477 3011 3560 3065 ad
3582 3013 3714 3084 ejus
3745 3027 3899 3067 com-

593 3080 933 3143 munionem
959 3083 1288 3148 accessisse,
1319 3085 1635 3150 postquam
1667 3080 1742 3136 ab
1765 3081 1874 3136 illo
1905 3090 2239 3152 aegrotante
2254 3080 2613 3150 accersitus,
2645 3081 2806 3136 nihil
2831 3095 2964 3136 eum
2995 3087 3209 3136 contra
3237 3081 3550 3138 Nica’nam
3576 3083 3758 3150 ﬁdem
3784 3084 3899 3140 sibi

591 3157 968 3230 proposuisse
991 3153 1287 3222 cognovit.

1035 3261 1326 3329 Bosporio
1365 3258 1660 3328 episcopo.

600 3360 648 3413 1.
687 3353 1003 3421 Quomodo
1050 3357 1228 3424 putas
1259 3349 1533 3405 animum
1564 3365 1768 3405 meum
1798 3350 2180 3410 vulneratum

521 3445 703 3503 fuisse
745 3443 1051 3500 auditione
1081 3440 1238 3495 illius
1260 3437 1596 3505 calumniae,
1625 3455 1749 3511 qua
1772 3456 1868 3496 me
1903 3457 2178 3514 asperse-

521 3539 662 3593 runt
683 3531 950 3590 nonnulli
972 3547 1043 3586 ex
1063 3527 1414 3585 hominibus
1438 3544 1556 3584 non
1583 3529 1986 3586 metuentibus
2009 3531 2178 3588 Judi-

519 3641 652 3682 cem
696 3621 1074 3696 perditurum
1121 3634 1354 3685 omnes,
1402 3617 1507 3688 qui
1547 3615 1880 3688 loquuntur
1929 3620 2180 3678 menda-

519 3713 795 3773 cium”?
829 3716 910 3767 Ita
954 3715 1018 3766 ut
1071 3712 1308 3764 noctem
1350 3712 1538 3762 totam
1581 3706 1662 3762 ob
1693 3706 2030 3765 dilectionis
2062 3715 2179 3766 tuas

517 3804 700 3862 verba
719 3802 1232 3876 peneinsomnem
1260 3796 1654 3866 transegerim
1685 3814 1697 3851 :
1724 3797 1878 3854 adeo
1907 3799 2178 3855 medium

516 3911 620 3952 cor
649 3910 854 3950 meum
896 3891 1170 3960 tetigerat
1217 3903 1458 3943 mceror.
1515 3888 1742 3943 Revera
1771 3888 1932 3944 enim
1963 3907 2178 3947 secun-

516 3983 666 4039 dum
689 3979 1149 4048 Salomonem”,
1173 3976 1480 4033 calumnia
1500 3977 1696 4032 virum
1731 3977 2010 4036 humiliat
2030 3998 2043 4036 :
2067 3997 2178 4038 nec

516 4073 843 4145 quisquam
876 4071 953 4125 ita
976 4067 1263 4125 obduruit
1282 4072 1340 4121 et
1361 4066 1694 4138 percalluit,
1718 4071 1782 4123 ut
1811 4068 2018 4126 animo
2052 4087 2176 4128 non

516 4166 850 4227 moveatur,
871 4166 927 4216 ct
946 4158 1117 4233 humi
1137 4172 1262 4212 non
1285 4161 1604 4223 sternatur,
1642 4157 1691 4212 si
1720 4157 1780 4212 in
1814 4175 1922 4215 ora
1952 4160 2178 4218 incidat

515 4251 594 4308 ad
618 4249 1001 4306 mendacium
1025 4245 1332 4320 proclivia.
1355 4251 1427 4301 At
1464 4246 1626 4301 enim
1656 4261 1899 4305 necesse
1929 4253 2016 4306 est
2044 4266 2176 4307 om-

1150 4399 1198 4433 9²
1222 4395 1373 4452 Psal.
1399 4411 1458 4460 ν,
1482 4401 1535 4451 7.
1613 4398 1662 4432 ⁸³
1687 4397 1874 4454 Eccle.
1899 4415 2000 4469 vu,
2023 4403 2075 4456 8.

587 4405 630 4438 9'
660 4405 797 4459 Luc.
820 4415 959 4468 xxn,
981 4403 1071 4455 27.

584 4556 606 4579 *
634 4555 793 4612 Alias
824 4551 1100 4610 CCCCIX.
1135 4550 1366 4622 Scripta
1390 4549 1556 4622 initio
1586 4549 1996 4622 episcopatus.

582 4628 629 4651 "
657 4627 818 4683 Alias
851 4627 1126 4696 LXXXVI,
1148 4623 1378 4693 Scripta
1407 4621 2015 4696 initioepiscopatus.

583 4701 708 4826 (13
743 4701 1052 4768 Ἰννοκεντίῳ
1109 4701 1398 4765 ἑπισκόπῳ.
1451 4701 1601 4748 Edltl
1659 4701 1896 4751 addunt
1946 4701 2169 4769 Ῥωμης,

509 4786 623 4828 nec
709 4770 816 4827 iter
843 4770 903 4825 in
943 4768 1228 4825 omnibus
1276 4765 1500 4820 nostris
1534 4764 1858 4836 codicibus
1903 4783 2072 4836 mss.,
2109 4770 2171 4825 in

511 4858 636 4916 quo
662 4841 1133 4916 manifestus_est
1152 4853 1319 4916 error
1335 4835 1745 4916 librariorpm,
1769 4853 1909 4892 cum
1936 4844 2174 4916 constat

514 4910 864 4980 Damasum,
878 4928 999 4968 non
1019 4911 1599 4981 Innocentiumtunc
1615 4910 1818 4981 Romae
1837 4910 2168 4981 praefuisse.

515 4984 629 5040 Sed
662 4984 775 5038 hoc
802 4979 1065 5039 erratum
1093 4982 1210 5037 alio
1227 4979 1580 5037 absurdiore
1602 4979 1886 5036 emendat
1915 4982 2171 5039 Combe-

511 5055 702 5123 ﬁsius,
732 5055 836 5126 qui
883 5055 1042 5109 hanc
1091 5052 1408 5126 epistolam
1457 5051 1983 5126 adlnnocentium
2029 5059 2171 5110 tunc

513 5123 786 5183 Ecclesiae
827 5123 1584 5196 Romaniepresbyterum
1633 5123 1982 5196 suspicatur
2024 5126 2170 5182 scri-

511 5204 680 5272 ptam
711 5197 916 5272 fuisse,
970 5202 1025 5251 et
1072 5211 1360 5272 magnum
1390 5196 1568 5272 illum
1603 5201 1658 5251 et
1707 5211 1913 5272 uerum
1953 5199 2177 5272 episco-

504 5267 676 5342 pum,
710 5271 815 5340 qui
844 5274 1032 5342 totum
1081 5267 1280 5322 orbem
1327 5267 1794 5342 suismiraculis
1826 5270 2167 5342 complevit,

511 5337 842 5397 Damasum
887 5341 1329 5410 interpretatur.
1362 5337 1604 5392 Videtur
1632 5337 1886 5394 illusisse
1911 5337 2169 5396 librariis

512 5431 651 5469 cum
685 5411 1012 5469 Innocentii
1044 5423 1286 5482 nomen,
1329 5423 1452 5480 quo
1499 5410 1744 5482 nomine
1793 5411 2169 5482 appellatum

513 5485 782 5541 sciebant
837 5480 1296 5553 celeberrimum
1346 5484 1553 5553 Romae
1599 5480 1988 5553 episcopum;
2041 5488 2169 5540 tum

513 5556 696 5632 etiam
725 5555 891 5628 quod
919 5554 1082 5632 idem
1113 5551 1492 5632 Innocentius
1540 5551 1602 5606 in
1640 5551 1902 5632 έθρίεῲιᾶ
1931 5557 1990 5609 81
2029 5554 2174 5632 dici:

513 5628 609 5686 tur
638 5621 877 5700 magnae
898 5625 1034 5683 urbi
1051 5621 1381 5701 praefuisse.
1408 5623 1576 5694 Sazpe
1597 5621 1757 5679 enim
1790 5625 1980 5682 Roma
2004 5626 2172 5700 apud

652 4701 1052 4780 ίξιβῐννοκεντίῳ
1097 4692 1409 4780 ἐπισκόπῳ..
1451 4692 1601 4774 ῌάὶῐί
1639 4692 1896 4780 ‘addu'nt
1946 4694 2169 4780 (Ρωμηος,
2200 4724 2250 4780 D

2788 3265 2992 3333 Βοσπορ
3003 3263 3062 3330 ίῳ
3088 3257 3376 3331 ἐπισκόπῳ.

2363 3357 2386 3409 1
2432 3360 2547 3414 Πως
2600 3370 2724 3424 μου,
2765 3353 2880 3417 οῖει,
2922 3354 3017 3408 τὴν
3051 3349 3238 3422 ψυχὴν
3268 3347 3537 3409 ὠδύνησεν
3568 3353 3598 3410 ἡ
3629 3351 3762 3412 ἀκοη
3801 3362 3902 3418 τῆς

2290 3446 2636 3515 συκοφαντίας
2703 3439 2943 3501 ἐκείνης,
3006 3441 3034 3498 ἡ
3101 3443 3352 3512 κατέχεόν
3421 3460 3520 3513 μου
3590 3443 3702 3509 (14)
3766 3449 3904 3507 τινὲς

2287 3541 2386 3584 τῶν
2439 3536 2510 3604 μὴ
2576 3529 2901 3603 φοϐουμένων
2949 3530 3035 3581 τόν
3102 3533 3299 3604 Κριτήν
3363 3530 3413 3590 ὃς
3462 3529 3638 3583 ἀπολεῖ
3697 3536 3906 3596 πάντας

2289 3626 2409 3683 τούς
2455 3620 2740 3682 λαλοῦντας
2786 3623 2844 3672 τό
2884 3615 3121 3690 ψεῦδος
3170 3617 3332 3671 Ὠστε
3388 3626 3562 3672 πᾶσαν
3610 3625 3705 3679 τὴν
3735 3625 3908 3677 νύκτα

2289 3711 2372 3764 ἐπὶ
2445 3718 2552 3773 τοῖς
2626 3711 2829 3784 ῥήμασι
2906 3718 3001 3771 τῆς
3057 3707 3270 3780 ἀγάπης
3329 3728 3464 3776 σου,
3536 3709 3712 3783 ὀλίγου
3763 3709 3902 3781 δεῖν,

2287 3803 2483 3861 ἄυπνος
2540 3801 2651 3871 (15)
2705 3796 3001 3871 διαμεῖναν
3063 3798 3198 3850 οὕτω
3247 3803 3416 3872 μέσης
3455 3798 3628 3870 ἣψατό
3667 3821 3770 3874 μου
3803 3811 3904 3867 τῆς

2287 3886 2512 3962 καρδίας
2567 3890 2596 3947 ἡ
2647 3886 2808 3945 λύπη.
2841 3886 3038 3948 Ὀντως
3089 3889 3214 3961 γὰρ,
3249 3891 3386 3939 κατὰ
3428 3891 3515 3940 τόν
3569 3889 3902 3962 Σολομῶντα,

2289 3984 2613 4053 συκοφαντία
2642 3975 2813 4052 ἄνδρα
2859 3985 3132 4030 ταπεινοῖο
3185 3982 3275 4030 καὶ
3319 3975 3494 4040 οὐδεὶς
3542 3982 3704 4052 οὕτως
3746 3979 3908 4033 ἀνάλ-

2285 4087 2458 4140 γητος,
2520 4070 2584 4128 ὡς
2639 4071 2710 4140 μὴ
2771 4068 2952 4119 παθεῖν
3009 4070 3102 4124 τὴν
3141 4065 3351 4138 ψυχὴν,
3388 4071 3478 4118 καὶ
3516 4072 3904 4141 κατακαμφθῆ-

2284 4178 2369 4209 ναι
2405 4157 2476 4218 εἰς
2518 4165 2637 4229 γῆν,
2687 4160 2917 4229 στόμασι
2970 4159 3101 4230 πρὸς
3147 4152 3497 4227 ψευδολογίαν
3538 4157 3766 4220 εύκόλοις
3795 4179 3901 4212 πα-

2283 4252 2522 4320 ραπεσὼν
2596 4247 2732 4317 (16).
2800 4244 2955 4299 Ἀλλά
3017 4247 3118 4318 γὰρ
3196 4243 3395 4318 ἀνάγκη
3455 4247 3627 4299 πάντα
3673 4251 3899 4321 στέγειν,

2285 4550 2568 4623 antiquos
2592 4548 2961 4623 μεγαλόπολις,
2992 4564 3213 4623 magna
3237 4551 3402 4620 urbs,
3429 4555 3705 4608 vocatur.

2355 4621 2470 4693 (12)
2504 4621 2734 4697 Καὶ-τοῖς
2763 4627 2980 4696 τιμίοις.
3011 4621 3166 4697 ΔΕόὶιξ
3195 4623 3257 4682 ἣν
3283 4627 3373 4675 καὶ
3400 4631 3504 4685 τοῖς
3534 4629 3746 4697 τιμίοις.
3779 4627 3904 4685 Sed

2284 4692 2414 4750 haec
2445 4692 2662 4766 vocula
2686 4692 3123 4766 non'reperitur
3150 4693 3210 4749 in
3243 4710 3387 4749 mss.

2355 4765 2467 4848 (.13)
2497 4765 2810 4838 Εύχόμενοι.
2842 4765 2926 4820 Ita
2959 4781 3107 4820 mss.
3135 4765 3426 4892 quinque,
3460 4782 3682 4848 nempe
3713 4769 3897 4852 Medz,

2355 4837 2462 4892 usl.
2494 4843 2746 4892 uteraue
2775 4840 2834 4892 et
2873 4837 2998 4892 duo
3035 4839 3221 4892 Begu.
3256 4837 3298 4890 P
3324 4853 3460 4892 ures
3490 4855 3552 4892 1n
3583 4839 3740 4892 hanc
3767 4856 3896 4892 em-

2285 4837 2462 4912 Coisl.
2494 4837 2746 4912 uterque
2767 4840 2834 4912 _et
2860 4837 2998 4912 _duo
3035 4837 3221 4912 Regii.
3256 4837 3469 4912 Plures
3490 4839 3552 4895 in
3583 4837 3740 4896 lianc
3767 4837 3896 4912 cpi;

2283 4909 2501 4965 stolam
2531 4907 2665 4964 noni
2685 4907 3034 4963 habuimus.
3069 4907 3219 4981 Editi
3250 4908 3536 4981 εὐχόμεθα.

2355 4981 2467 5051 (lli)
2503 4983 2762 5054 Karsxeov
2788 4999 2910 5052 μου.
2944 4983 3029 5036 lta
3058 4980 3230 5050 Med,
3259 4980 3413 5037 Harl.
3457 4987 3514 5038 et
3559 4981 3736 5040 Coisl.
3765 4981 3892 5054 pri-

2282 5050 2454 5109 mus.
2476 5050 2911 5124 ῌάἱῐὶκατέχεάν
2936 5071 3065 5124 μου.

2352 5126 2462 5187 (15)
2494 5121 2740 5183 Ἀύπνος.
2763 5121 2856 5179 Sic
2886 5121 3200 5196 Medicmus
3231 5123 3364 5180 cod.
3391 5127 3448 5180 et
3474 5124 3672 5196 prima
3697 5140 3898 5183 manu

2281 5195 2671 5269 Harlganus;
2725 5210 2861 5269 quae
2911 5195 3224 5269 scriptura
3255 5196 3396 5269 satis
3426 5195 3703 5269 congruit
3734 5198 3897 5269 stylo

2282 5266 2500 5334 Basilii,
2524 5282 2595 5321 ac
2620 5265 2770 5321 forte
2795 5265 2910 5322 hoc
2939 5265 3072 5322 loco
3105 5283 3140 5322 a
3166 5265 3423 5322 librariis
3464 5268 3652 5323 nimio
3684 5265 3898 5337 gram-

2279 5339 2515 5412 maticae
2547 5337 2748 5412 studio
2797 5342 3027 5412 mutata
3075 5343 3184 5394 est.
3220 5341 3281 5394 in
3309 5339 3427 5394 hac
3456 5339 3592 5412 ipsa
3630 5341 3901 5412 epistola

2280 5412 2416 5462 ὥστε
2447 5408 2646 5480 ἀγνοεῖν
2668 5408 2843 5470 αύτός.
2876 5409 3024 5464 Editi
3063 5411 3277 5464 ἄυπνον.

2349 5485 2460 5551 (16)
2495 5487 2855 5555 Παραπνεσών.Δ
2885 5483 3026 5555 Reg.
3055 5481 3362 5555 secundus
3385 5486 3440 5537 et
3469 5481 3904 5555 Coisl.gsecun-

2279 5549 2397 5608 dus
2426 5549 2746 5626 περιτέεσών.Δ
2774 5549 3191 5626 ibidemeditj
3227 5557 3482 5626 στόμασιν
3535 5559 3605 5614 εὶς
3633 5549 3902 5624 ψευδολο-

2279 5629 2427 5698 γίαν.
2462 5623 2601 5682 Tres
2625 5623 3032 5697 antiquissimi
3059 5624 3300 5684 codices
3319 5623 3397 5685 ἰιι
3423 5625 3486 5682 in
3518 5623 3705 5687 textu.
