4078 6374
194 323 292 380 389

1260 310 1745 377 EPISTOLARUM
1785 310 2069 373 CLASSIS
2107 305 2178 369 ΙῙ.
2216 314 2434 371 EPIST.
2484 314 2569 369 LI.

3490 320 3597 378 390

201 448 370 501 πάντα
408 445 723 519 ὑπομένειν,
779 448 877 505 τὴν
931 447 1056 521 ὑπέρ
1116 443 1309 498 ἑαυτῶν
1386 442 1663 502 ἐκδίκησιν
1720 440 1832 494 ἐπι-

1970 439 2044 496 tia
2064 437 2343 513 perferre,
2368 437 2576 494 omnia
2619 436 2928 509 sustinere,
2983 444 3259 498 nostram
3324 443 3597 517 ipsorum

205 535 490 612 τρέψαντες
533 536 652 607 (17)
717 545 792 608 τῷ
855 540 1047 610 Κυρίῳ,
1099 536 1150 597 ὃς
1201 534 1260 587 οὗ
1326 533 1634 610 περιόψεται
1675 533 1831 605 ἡμᾶς*

214 625 357 682 διότι
483 625 544 678 Ὀ
668 635 1004 699 συκοφαντῶν
1099 628 1294 683 πένητα
1382 623 1660 700 παροξύνει
1749 624 1837 673 τὸν

213 723 521 777 ποιήσαντα
568 716 750 772 αὐτόν.
808 719 875 769 Οἱ
939 720 1112 789 μέντοι
1163 718 1222 767 τὸ
1274 718 1450 767 καινὸν
1480 720 1634 766 τοῦτο
1656 707 1839 787 δρᾶμα

212 817 314 870 τῆς
360 805 477 859 καθ’
524 808 675 879 ἡμῶν
745 804 1087 879 βλασφημίας
1147 806 1413 865 συνθέντες
1468 801 1674 856 ἐοίκασι
1712 821 1837 853 παν-

214 897 376 959 τελῶς
447 894 685 949 ἀπιστεῖν
751 905 824 967 τῷ
853 898 1048 970 Καρίῳ,
1118 894 1171 957 ὃς
1217 898 1308 946 καὶ
1372 898 1491 968 περὶ
1541 895 1651 955 (18)
1675 889 1838 964 ἀργοῦ

213 988 462 1063 ῥήματος
511 981 704 1038 δώσειν
760 986 903 1059 ἡμᾶς
949 984 1100 1055 λογον
1159 982 1208 1035 ἐν
1267 991 1328 1057 τῇ
1389 985 1561 1057 ἡμέρᾳ
1610 988 1701 1041 τῆς
1730 983 1839 1054 κρί-

221 1096 350 1137 σεως
405 1075 732 1147 ἀπεφήνατο,
801 1075 936 1147 Ἐγώ
991 1069 1069 1140 δε,
1126 1073 1234 1126 εἶπέ
1287 1092 1397 1146 μοι,
1446 1074 1531 1124 τόν
1563 1074 1839 1144 μακαριώ-

220 1187 376 1220 τατον
440 1168 646 1219 Διάνιον
705 1164 823 1232 (l9)
880 1166 1281 1237 ἀνεθεμάτισα;
1340 1170 1507 1215 Τοῦτο
1570 1163 1672 1235 γὰρ
1695 1160 1839 1232 ἡμῶν

228 1255 579 1328 κατήγγειλαν
629 1257 765 1320 (20%
818 1260 926 1306 Ποῦ
982 1254 1010 1313 ἦ
1064 1257 1237 1319 πότε;
1308 1252 1457 1305 τίνων
1532 1255 1839 1323 παρόντωνς

239 1345 323 1398 ἐπὶ
361 1350 490 1418 ποίᾳ
538 1346 847 1419 προφάσει;
905 1342 1081 1414 ψιλοῖς
1117 1338 1350 1417 ῥημασιν
1409 1342 1439 1401 ἢ
1527 1339 1841 1415 ἐγγράφοις

244 1434 440 1509 ἕτεροις
491 1433 806 1500 ἀκολουθῶν,
872 1433 902 1493 ἣ
945 1432 1096 1493 αὐτὸς
1143 1434 1428 1505 κατάρχων
1472 1435 1562 1482 καὶ
1588 1429 1843 1481 αὖθεντῶν

668 635 1004 699 συκοφαντῶν

245 1531 341 1576 τοῦ
387 1522 707 1597 τολμήματος
739 1539 752 1591 ;
817 1521 889 1575 Ὠ
912 1530 1024 1591 ,τῆς
1073 1517 1341 1583 ἀναιδείας
1379 1528 1478 1572 τῶν
1497 1520 1667 1573 πάντα
1697 1519 1847 1591 φθεγ-

245 1616 465 1685 γομένων
515 1609 766 1688 ῥᾳδίωςῐ
812 1610 883 1664 Ὠ
937 1620 1030 1674 τῆς
1106 1614 1534 1684 καταφρονήσεως
1589 1616 1689 1660 τῶν
1750 1613 1846 1659 τοῦ

245 1709 373 1754 Θεοῦ
437 1703 705 1775 κριμάτων
736 1701 748 1754 !
813 1700 952 1759 Πλὴν
1017 1700 1060 1753 εἰ
1090 1704 1163 1773 μὴ
1207 1701 1313 1773 ἄρα
1344 1706 1418 1770 τῷ
1450 1698 1727 1770 πλάσματι
1758 1696 1849 1748 αὐ-

1944 530 2231 586 ultionem
2263 528 2671 602 permittentes
2695 528 2967 599 Domino,
2997 530 3102 603 qui
3153 547 3265 589 nos
3319 551 3443 592 non
3495 538 3598 595 de-

1946 619 2174 692 spiciet,
2233 620 2389 675 Nam
2440 619 2547 690 qui
2574 618 2991 674 calumniatur
3010 635 3362 696 pauperem,
3397 627 3600 685 irritat

1943 710 2131 778 ipsius
2163 708 2544 765 Conditorem
2571 708 2643 764 9".
2676 706 2969 763 Caeterum
3008 709 3113 782 qui
3158 726 3383 769 novam
3434 715 3600 773 illam

1945 799 2341 871 blasphemiae
2363 796 2635 853 fabulam
2649 796 2975 854 adversum
3004 815 3113 855 nos
3140 803 3599 878 concinnarunt,

1946 888 2226 944 videntur
2247 888 2496 943 omnino
2518 902 2643 941 non
2658 887 2898 943 credere
2922 890 3176 947 Domino
3190 892 3601 963 quirationem

1947 995 2059 1034 nos
2112 978 2173 1033 in
2212 977 2306 1032 die
2347 976 2558 1049 judicii
2603 976 2697 1032 vel
2724 975 2798 1032 de
2825 978 3017 1034 otioso
3048 980 3231 1037 verbo
3260 983 3603 1041 reddituros

1949 1067 2359 1152 pronuntiavit
2380 1068 2558 1124 95.Dic
2584 1074 2809 1136 autem,
2838 1084 3068 1139 quzeso,
3101 1085 3292 1139 egone
3335 1074 3606 1132 beatissi-

1949 1174 2119 1213 mum
2148 1156 2423 1213 llianium
2454 1156 2979 1213 anathematizavi?
3008 1161 3124 1215 Hoc
3144 1161 3304 1216 enim
3325 1162 3400 1219 de
3425 1165 3604 1221 nobis

1950 1246 2315 1302 dictitarunt.
2342 1245 2481 1301 Ubi?
2503 1244 2592 1300 vel
2621 1245 2869 1317 quando
2899 1246 2926 1301 ?
2953 1263 3157 1304 coram
3185 1251 3451 1322 quibus?
3480 1270 3604 1326 quo

1951 1340 2245 1409 praetextu
2273 1336 2300 1391 ?
2323 1335 2503 1392 nudis
2532 1335 2755 1404 verbis,
2784 1352 2861 1392 an
2908 1337 3167 1410 scripto?
3222 1340 3369 1398 alios
3418 1342 3606 1401 duces

1952 1441 2232 1499 sequens,
2276 1441 2352 1481 an
2394 1425 2520 1497 ipse
2559 1424 2854 1497 incoeptor
2875 1429 2931 1481 et
2962 1432 3171 1483 auctor
3200 1429 3481 1487 facinoris
3504 1434 3531 1490 ?
3561 1435 3605 1491 Ο

1952 1514 2397 1587 impudentiam
2423 1513 2739 1570 hominum
2763 1515 2971 1572 omnia
3010 1515 3181 1573 facile
3205 1517 3603 1591 loquentium!

1956 1606 1999 1660 Ο
2038 1609 2451 1675 contemptum
2513 1603 2882 1675 judiciorum
2937 1605 3037 1660 Dei
3071 1606 3083 1660 !
3118 1608 3240 1663 Nisi
3272 1608 3419 1666 forte
3450 1627 3613 1668 com-

1953 1697 2158 1749 mento
2181 1709 2294 1748 suo
2316 1693 2471 1748 hanc
2496 1691 2675 1747 etiam
2698 1692 3054 1762 tragoediam
3076 1695 3612 1768 adjicient,factum

241 1800 335 1843 τῶν
364 1795 461 1843 καὶ
490 1799 648 1844 τοῦτο
675 1785 1263 1865 προστρηῳδήσουσιν
1296 1792 1431 1854 ('2l),
1481 1788 1562 1839 ὅτι
1602 1785 1848 1859 ἐγενόμην

1970 1800 2053 1839 me
2084 1799 2215 1839 esse
2244 1780 2573 1854 aliquando
2594 1781 2676 1837 ita
2730 1781 3098 1855 dementem,
3145 1790 3208 1841 ut
3253 1803 3391 1845 mea
3420 1790 3613 1863 ipsius

233 1877 323 1924 καὶ
349 1874 557 1946 ἔκφρων
601 1875 747 1939 ποτε,
797 1873 933 1923 ὥστε
992 1871 1192 1941 ἀγνοῐεν
1248 1868 1406 1930 αὐτὸς
1446 1870 1513 1920 τὰ
1544 1867 1729 1920 ἑαυτοῦ

234 1981 399 2035 ματα.
442 1961 563 2014 Ἐπὶ
592 1962 695 2034 γὰρ
749 1968 850 2012 τῶν
905 1959 1171 2031 λογισμῶν
1229 1960 1487 2032 ὑπάρχῶν
1536 1965 1636 2009 τῶν
1687 1954 1852 2029 ἐμαυ-

233 2059 350 2117 τοῦ,
410 2047 570 2104 οὐδὲν
623 2046 750 2103 οῖδα
802 2054 1031 2111 ποιήσας
1078 2056 1333 2116 τοιοῦτον,
1364 2044 1490 2101 οὐδε
1517 2046 1854 2121 προελόμενος

234 2142 331 2200 τῆν
382 2140 591 2215 ἀρχὴν.
649 2138 782 2193 Ἀλλ’
819 2138 978 2192 ἐκεῖνο
1033 2137 1224 2211 μᾶλλον
1268 2137 1473 2211 ἐμαυτῷ
1548 2141 1858 2190 συνεπίστα-

234 2251 357 2305 μαι,
412 2231 499 2282 ὅτι
552 2227 608 2281 ἐκ
649 2233 865 2304 πρώτης
919 2228 1123 2289 ἡλικίας
1198 2229 1519 2301 συνετράφην
1583 2234 1656 2297 τῷ
1741 2227 1858 2301 περὶ

235 2321 397 2373 αὐτόν
459 2318 676 2393 φίλτρῳ,
730 2323 822 2372 καὶ
881 2316 1162 2371 ἀπέϐλεπον
1220 2321 1349 2392 πρὸς
1386 2321 1474 2370 τὸν
1527 2314 1721 2390 ἄνδρα,
1788 2318 1859 2377 ὡς

234 2415 328 2484 μὲν
378 2412 601 2482 γερκρὸς
655 2404 806 2475 ἰδεῖν,
867 2410 936 2469 ὡς
989 2405 1050 2461 δε
1121 2406 1539 2481 μεγαλοπρεπὴς,
1599 2408 1720 2459 ὅσον
1799 2402 1859 2458 δε

240 2504 382 2574 ἔχων
438 2502 501 2551 τὸ
551 2501 849 2573 ἱεροπρεπες
899 2496 948 2550 ἕν
976 2506 1047 2570 τῷ
1104 2493 1252 2553 εῖδει.
1296 2496 1439 2550 Ἑπιὶ
1484 2494 1545 2550 δέ
1570 2516 1661 2570 μοι
1680 2496 1858 2549 λοιπὸν

238 2595 335 2643 καὶ
361 2591 388 2642 ό
443 2588 596 2661 λόγος
636 2596 833 2664 παρῆν,
864 2591 980 2640 τότε
1044 2584 1110 2647 δὴ
1158 2593 1248 2640 καὶ
1275 2585 1376 2640 ἀπό
1407 2595 1507 2639 τῶν
1537 2596 1631 2649 τῆς
1671 2586 1858 2659 ψυχῆς

241 2681 463 2752 ἀγαθῶν
510 2677 673 2730 αὐτόν
724 2676 1095 2750 ἐπεγίνωσκον⁸
1142 2682 1233 2729 καὶ
1287 2679 1502 2752 ἔχαιρον
1551 2676 1712 2729 αὐτοῦ
1792 2685 1855 2749 τῇ

248 2773 536 2841 συνουσίᾳ,
581 2770 640 2819 τό
692 2766 889 2819 ἁπλοῦν
936 2771 1027 2819 καὶ
1056 2773 1286 2839 γενναῖον
1316 2770 1407 2818 καὶ
1436 2765 1718 2841 ἐλευθέριον
1744 2765 1859 2829 (‘22)

247 2867 355 2912 τῶν
414 2863 616 2927 τρόπων
655 2857 1088 2930 καταμανθάνων,
1146 2861 1238 2909 καὶ
1296 2857 1397 2909 ὅσα
1448 2855 1723 2918 οὒιλα123)
1768 2862 1861 2908 τοῦ

259 2943 484 3021 ἀνδρός,
508 2942 638 3014 ἴδια,
701 2949 732 3006 ἡ
796 2954 888 3007 τῆς
925 2944 1114 3017 ψυχῆς
1148 2948 1425 3021 ἡμερότης,
1458 2949 1517 2998 τὸ
1549 2944 1864 3019 μεγαλοφυὰ

264 3054 328 3089 τε
375 3036 503 3108 ὁμοῦ
543 3040 627 3088 καὶ
678 3041 868 3110 πρᾶον,
923 3039 981 3088 τὸ
1030 3035 1300 3109 εὐπρεπὲς,
1362 3039 1421 3088 τὸ
1483 3033 1759 3111 ἀόργητον,
1806 3037 1863 3087 τὸ

264 3121 491 3199 φαιδρὸν
555 3130 645 3178 καὶ
699 3125 1012 3201 εὐπρόσιτον
1070 3133 1132 3199 τῇ
1170 3128 1450 3198 σεμνότητι
1529 3128 1861 3198 κεκραμένον.
1899 3156 1939 3212 C

255 3214 424 3268 Ὧστε
478 3215 635 3268 αὐτὸν
692 3215 991 3288 ἱναρίθμιον
1030 3215 1177 3287 εἶχον
1244 3221 1356 3275 τοῖς
1406 3216 1866 3291 περιφανεστάτοις

248 3305 372 3358 κατ’
402 3303 591 3380 ἀρετήν
604 3346 618 3360 .

325 3399 384 3450 2.
418 3399 550 3470 Περὶ
597 3412 773 3467 μεντοι
828 3395 896 3446 τά
937 3392 1204 3446 τελευταῖα
1222 3401 1314 3446 τοῦ
1346 3392 1469 3467 βίον
1503 3393 1584 3453 (οὐ
1609 3396 1707 3470 γὰρ
1732 3395 1866 3447 ἀπο-

247 3484 538 3559 κρῦψομαι
611 3481 841 3543 τάληθές)
913 3482 1173 3541 ἐλυπήθην
1228 3481 1304 3536 ἐπ’
1371 3482 1508 3554 αὐτῷ
1558 3483 1725 3542 λύπην
1774 3482 1868 3535 οὐκ

251 3573 478 3632 ἀνεκτὴν
539 3575 675 3646 μετὰ
727 3572 926 3626 πολλῶν
968 3580 1069 3625 τῶν
1108 3574 1157 3624 ἓν
1182 3579 1245 3644 τῇ
1294 3569 1518 3649 πατρίδι
1545 3572 1870 3647 φοϐουμένων

252 3668 345 3717 τόν
399 3666 619 3736 Κύριον,
664 3663 750 3714 ἐπὶ
800 3669 864 3735 τῇ
928 3662 1207 3737 ὑπογραφῇ
1260 3670 1353 3722 τῆς
1385 3668 1613 3725 πίστεως
1643 3671 1739 3726 τῆς
1769 3665 1868 3716 ὑπὸ

252 3763 355 3813 τῆν
380 3756 504 3828 περὶ
561 3756 812 3826 Γεώργιον
870 3753 978 3813 (24)
1018 3749 1120 3804 ἀπὸ
1152 3760 1243 3812 τῆς
1277 3753 1872 3816 Κωνσταντὶνουπόλεως

252 3843 637 3916 κομισθείσης.
695 3837 840 3909 Εἶτα,
906 3840 1011 3903 οἶος
1090 3842 1277 3903 ἐκεῖνος
1349 3846 1610 3917 πραότητι
1679 3847 1871 3917 τρόπου

257 3938 355 3985 καὶ
405 3934 662 4002 ἐπιεικείᾳ
721 3932 915 3991 πάντος
981 3929 1327 4004 πληροφορείν
1410 3933 1462 3982 ἐν
1547 3931 1871 4004 σπλάγχνοις

258 4027 541 4097 πατρικοῖς
598 4017 932 4092 ἀνεχόμενος,
986 4016 1094 4077 ἤδη
1140 4025 1448 4073 καταπεσὼν
1515 4020 1588 4082 εἰς
1649 4025 1736 4079 τὴν
1791 4020 1879 4098 ἀρ-

268 4112 527 4186 ῥωστίαν,
575 4110 662 4183 ὑφ’
719 4111 749 4168 ἦ
761 4130 784 4171 ς
838 4114 929 4162 καὶ
948 4109 1193 4183 μετῆλθεν
1220 4108 1322 4163 ἀπὸ
1351 4117 1442 4163 τοῦ
1471 4108 1616 4182 βίου,
1646 4130 1879 4185 προσκα-

268 4200 553 4273 λεσάμενος
597 4201 740 4273 ἡμᾶς
796 4202 911 4273 ἔφη,
969 4201 1069 4253 ὑπὸ
1127 4199 1356 4275 μάρτυρι
1429 4208 1502 4272 τῷ
1579 4205 1753 4275 Κυρίω
1833 4204 1881 4254 ἓν

267 4289 531 4348 ἁπλότητι
593 4285 821 4363 καρδίας
914 4292 1275 4343 συντεθεῖσθαι
1325 4292 1415 4362 μὲν
1490 4297 1563 4360 τῷ
1622 4289 1722 4343 ἀπὸ
1786 4300 1881 4355 τῆς

268 4378 872 4442 Κωνσταντινουπόλεως
963 4398 1325 4455 γραμματειῳ,
1422 4375 1589 4451 μηδὲν
1669 4376 1727 4432 δὲ
1803 4381 1883 4435 in”

1956 1874 2146 1931 verba
2197 1889 2320 1929 non
2360 1888 2694 1928 noscerem.
2729 1872 2882 1927 Nihil
2914 1874 3073 1930 enim
3106 1876 3428 1950 ejusmodi,
3462 1881 3613 1939 dum

1962 1962 2211 2021 rationis
2242 1977 2496 2034 compos
2526 1959 2633 2029 fui,
2662 1966 2764 2016 aut
2792 1961 3001 2018 fecisse
3025 1979 3120 2019 me
3152 1965 3298 2032 scio,
3338 1973 3443 2025 aut
3484 1986 3614 2028 om-

1960 2054 2106 2111 nino
2131 2051 2327 2107 facere
2353 2050 2629 2105 voluisse.
2693 2049 2808 2105 Sed
2861 2051 3061 2123 potius
3100 2053 3248 2110 mihi
3291 2057 3478 2128 hujus
3532 2059 3618 2116 rei

1962 2141 2241 2201 conscius
2258 2155 2519 2206 sum,me
2541 2138 2619 2195 ab
2640 2138 2881 2195 ineunte
2902 2144 3073 2197 astate
3089 2143 3415 2202 educatum
3435 2148 3619 2205 fuisse

1963 2234 2024 2288 in
2080 2231 2236 2287 illius
2277 2244 2507 2296 amore,
2565 2232 2622 2284 et
2663 2228 2954 2283 intuendo
2981 2232 3399 2292 considerasse
3428 2253 3618 2310 quam

1965 2325 2120 2378 esset
2146 2320 2241 2375 ille
2270 2320 2361 2374 vir
2380 2323 2628 2390 aspectu
2655 2318 3277 2393 venerabilis,quanta
3305 2326 3622 2397 majestate

1964 2410 2577 2485 praeditus,quantum
2608 2407 2916 2477 dignitatis
2943 2413 3331 2469 sacerdotalis
3353 2430 3456 2471 ore
3478 2433 3621 2490 pras-

1965 2500 2181 2557 ferens.
2228 2502 2553 2570 Postquam
2603 2501 2807 2553 autem
2863 2497 3010 2554 mihi
3058 2499 3344 2575 deinceps
3385 2510 3441 2562 et
3470 2508 3623 2565 ratio

1970 2588 2180 2655 adfuit,
2212 2591 2343 2643 tum
2374 2602 2517 2642 vero
2540 2591 2596 2641 et
2621 2602 2689 2641 ex
2713 2586 2933 2642 animae
2962 2588 3140 2644 bonis
3165 2606 3304 2648 eum
3335 2609 3625 2654 noveram

1967 2679 2284 2752 ipsiusque
2314 2674 2489 2747 144
2517 2674 2863 2731 delectabar
2886 2679 3343 2747 consuetudine,
3397 2684 3629 2758 simpli-

1969 2769 2205 2824 citatem
2239 2770 2294 2821 et
2331 2763 2763 2835 ingenuitatem
2795 2780 2865 2821 ac
2912 2765 3329 2827 liberalitatem
3384 2789 3626 2833 morum

1968 2854 2359 2930 perspiciens,
2388 2859 2444 2910 et
2463 2868 2843 2925 quaecunque
2872 2854 2989 2912 alia
3010 2858 3257 2930 propria
3292 2866 3462 2918 erant
3516 2864 3629 2921 viri

1970 2948 2349 3012 ornamenta,
2390 2942 2579 2999 animi
2604 2944 3030 3013 mansuetudo,
3060 2950 3530 3017 magnanimitas
3552 2952 3629 3009 si-

1971 3036 2099 3095 mul
2125 3039 2182 3091 et
2208 3034 2442 3100 lenitas,
2484 3032 2687 3088 decori
2709 3033 3251 3102 studium,animus
3280 3041 3382 3097 iraa
3409 3058 3626 3115 expers

1971 3126 2237 3184 hilaritas
2264 3127 2320 3178 et
2345 3121 2667 3178 aﬁabilitas
2716 3123 3007 3193 gravitate
3075 3129 3380 3199 permista.
3435 3132 3631 3198 Quare

1972 3216 2175 3290 ipsum
2204 3213 2355 3269 inter
2383 3212 2662 3268 homines
2682 3212 2898 3270 virtute
2920 3217 3394 3287 spectatissimos
3421 3236 3635 3278 nume-

1971 3305 2209 3363 rabam.

2043 3399 2100 3451 2.
2134 3392 2247 3451 Sed
2278 3397 2483 3449 tamen
2512 3391 2671 3449 circa
2696 3396 3033 3451 extremum
3063 3395 3195 3452 vitae
3223 3401 3467 3471 tempus
3493 3407 3635 3461 (non

1975 3484 2137 3542 enim
2175 3482 2386 3539 celabo
2443 3482 2771 3554 veritatem)
2832 3483 2999 3539 dolui
3057 3485 3132 3541 de
3163 3487 3263 3544 illo
3297 3490 3638 3548 inconsola-

1976 3573 2171 3631 biliter
2186 3588 2325 3628 cum
2340 3570 2614 3643 pluribus
2636 3571 2697 3644 in
2711 3574 2907 3644 patria
2924 3575 3243 3632 Dominum
3259 3577 3633 3652 timentibus,

1978 3661 2146 3737 quod
2203 3660 2661 3733 subscripsisset
2710 3661 3189 3736 ﬁdeiaGeorgio
3221 3668 3641 3725 Constantino-

1979 3752 2104 3826 poli
2124 3749 2596 3818 allatae.Deinde,
2624 3754 2689 3805 ut
2716 3751 2812 3806 ille
2844 3767 2953 3824 pro
2985 3770 3095 3809 sua
3117 3770 3358 3812 morum
3396 3756 3641 3814 lenitate

1981 3847 2035 3899 et
2050 3839 2515 3897 mansuetudine
2534 3855 2655 3894 non
2678 3840 3049 3909 gravabatur
3069 3844 3356 3901 omnibus
3386 3850 3640 3919 paterno

1981 3936 2221 4005 pectore
2279 3928 2795 3998 satisfacere,cum
2836 3931 2964 4001 jam
2994 3930 3055 3987 in
3082 3933 3389 4004 morbum,
3413 3952 3486 3993 ex
3516 3953 3642 4010 quo

1984 4022 2165 4079 etiam
2187 4036 2217 4076 e
2248 4021 2371 4075 vita
2408 4019 2699 4089 discessit,
2723 4019 3030 4078 incidisset
3061 4039 3074 4089 ;
3114 4024 3292 4081 nobis
3316 4028 3644 4097 accersitis,

1987 4110 2155 4174 dixit,
2207 4108 2461 4165 Domino
2509 4114 2677 4179 teste,
2734 4125 2795 4166 se
2849 4112 3073 4185 scripto
3127 4114 3650 4191 Constantinopoli

1989 4200 2169 4258 allato
2194 4199 2257 4255 in
2281 4198 2659 4272 simplicitate
2689 4200 2887 4256 cordis
2936 4204 3293 4273 assensisse,
3342 4206 3451 4261 sed
3498 4207 3651 4264 nihil

1991 4290 2070 4347 ad
2098 4289 2240 4346 ﬁdei
2269 4289 2473 4345 Nicaeae
2497 4304 2533 4345 a
2560 4291 2786 4345 sanctis
2840 4291 3112 4347 Patribus
3145 4294 3424 4367 expositae
3479 4310 3648 4352 ever-

1993 4379 2227 4436 sionem
2280 4378 2392 4434 sibi
2436 4378 2851 4452 proposuisse,
2903 4396 3102 4453 neque
3146 4382 3313 4439 aliud
3350 4384 3412 4439 in
3466 4384 3651 4442 corde

268 4469 524 4528 ἀθετὴσει
578 4475 670 4528 τῆς
723 4470 859 4521 κατὰ
903 4472 1128 4522 Νικαιαν
1177 4469 1277 4521 ὑπὸ
1312 4474 1413 4520 τῶν
1455 4466 1616 4540 ἁγίων
1643 4471 1864 4542 Πατέρωτ

1992 4469 2239 4539 habere,
2261 4484 2449 4541 quam
2470 4469 2636 4541 quod
2658 4469 2736 4526 ab
2762 4469 2929 4526 initio
2952 4469 3237 4529 traditum
3293 4478 3610 4546 acceperat
3634 4492 3648 4531 :

264 4561 579 4618 ἓκτεθείσης
623 4562 851 4620 πίστεως
906 4557 1240 4634 προελέσθαυ
1301 4553 1441 4631 μηδὲ
1512 4556 1676 4620 ἄλλως
1744 4560 1885 4630 ἔχειν

262 4652 316 4705 ἓν
358 4656 428 4723 τῇ
498 4643 722 4721 καρδίᾳ,
777 4648 807 4706 ἦ
865 4649 930 4709 ὡς
979 4645 1264 4721 παρέλαϐεν
1320 4646 1375 4710 ἐξ
1422 4644 1615 4720 ἀρχῆς
1651 4645 1779 4700 ἀλλά
1798 4652 1888 4702 καὶ

343 4822 398 4857 ³⁸
432 4820 611 4876 Prov.
643 4831 762 4887 xiv,
795 4820 884 4874 31.
962 4816 1011 4853 ⁸⁵
1041 4816 1246 4877 Matth.
1281 4832 1381 4884 xu,
1413 4819 1503 4875 36.

343 4975 470 5056 (1⁷)
522 4967 942 5056 “feretris.
999 4970 1093 5028 Sic
1151 4969 1344 5056 ,Meﬂza
1397 4969 1589 5056 Ηατιι,
1617 4974 1672 5056 et
1742 4972 1885 5055 Res-

269 5040 541 5124 primus.
566 5040 719 5098 Editi
746 5040 802 5097 et
821 5040 926 5123 alii
954 5057 1107 5124 mss.
1140 5040 1527 5124 έῖςιρρίψοεντες.
1555 5042 1672 5124 ξθά
1703 5040 1889 5124 scrip:

273 5112 409 5189 tura
432 5130 634 5189 quam
653 5113 998 5189 sequimur,
1044 5112 1438 5186 Basilii’stylo
1472 5115 1686 5187 aptior,
1724 5121 1789 5171 ut
1812 5112 1893 5172 vi~

279 5188 352 5245 de
368 5184 549 5243 est'in
570 5184 902 5258 epistii26,
942 5188 1069 5258 289.

345 5259 463 5331 (18)
488 5254 709 5320 "micat
731 5254 1260 5330 mpiPConjunctio
1289 5255 1499 5313 addita
1521 5272 1593 5314 ex
1623 5258 1893 5332 quinque

278 5347 434 5389 mss.

352 5406 467 5465 (19)
501 5404 736 5457 Διάνιον.
764 5403 852 5457 Ita
880 5415 1092 5458 omnes
1117 5416 1268 5457 mss.
1312 5400 1463 5457 Editi
1488 5402 1742 5457 Διάνοιον.

353 5474 464 5546 (20)
497 5472 890 5546 Κατήγγειλαν.
929 5475 1067 5529 Tres
1124 5471 1361 5546 codices
1382 5488 1523 5546 non
1559 5472 1897 5545 antiquissi-

292 5545 376 5604 mi
399 5544 751 5620 κατήνεγκαν,
792 5545 907 5620 hoc:
934 5559 1157 5602 crzmen
1175 5544 1718 5620 nobisintulerunt.

370 5620 473 5693 (2|)
527 5613 1156 5701 Προστραγῳδήσουσιν.
1205 5618 1293 5676 Ita
1344 5619 1465 5675 tres
1515 5613 1907 5699 vetustissimi

1993 4559 2119 4616 imo
2149 4559 2331 4614 etiam
2352 4558 2586 4631 precari
2617 4575 2699 4627 se,
2734 4563 2798 4615 ut
2826 4574 2900 4614 ne
2927 4564 3291 4633 separetura
3321 4565 3481 4619 sorte
3510 4562 3655 4621 bea-

1995 4651 2199 4706 torum
2216 4651 2620 4706 trecentorum
2671 4647 2883 4705 decem
2912 4652 2971 4706 et
3010 4653 3147 4707 octo
3202 4650 3653 4726 episcoporum,

2000 4972 2239 5031 codices
2291 4988 2431 5030 cum
2489 4970 2767 5047 pluribus
2825 4970 2977 5032 aliis.
3025 4970 3177 5032 Editi
3230 4971 3660 5053 προστραγῳδή-

2003 5064 2196 5191 σωῶιέί
2256 5116 2609 5191 ’ξλευθέριονζ
2645 5119 2786 5191 Reg.
2868 5117 3178 5191 secundus
3238 5123 3296 5176 et
3346 5120 3525 5176 Coisl.
3576 5137 3666 5177 se-

2003 5188 2239 5264 cundus
2269 5188 2545 5264 ὣεύθερον.
2583 5188 2765 5245 Paulo
2788 5195 2932 5264 post
2960 5205 3034 5246 ex
3059 5190 3322 5264 antiquis
3352 5191 3664 5248 codicibus

2004 5260 2214 5317 addita
2244 5260 2461 5315 vocula
2491 5266 2631 5317 ποεῖ
2695 5260 2987 5343 quiaquia.

2076 5334 2190 5388 (23)
2239 5330 2380 5384 Ὀσα
2431 5297 2578 5384 ἄλλα.
2638 5279 2787 5388 Editi
2830 5334 2987 5388 addu

3116 5330 3177 5393 ἦν
3206 5333 3374 5407 quod
3411 5333 3580 5390 deest
3599 5332 3663 5388 in

2003 5403 2196 5459 tribus
2223 5403 2650 5460 vetustissimis
2677 5404 3013 5462 codicibus.

2078 5475 2188 5599 (024)
2235 5480 2509 5551 Γεώργιον.
2567 5478 2709 5548 Reg.
2766 5477 3070 5535 secundus
3137 5480 3195 5534 et
3247 5474 3424 5533 Coisl.

2078 5565 2093 5599 ν
2123 5566 2170 5599 ν.

2007 5565 2170 5619 γινον.

3502 5479 3541 5529 Γ
3544 5477 3667 5551 εώρ-
