  <div class='ocr_page' id='page_1' title='image "/cluster/home/n/w/nwhite01/storage/ocr_20150623/32:no.4/coo.31924054869296/205.png"; bbox 0 0 4078 6374; ppageno 0'>
   <div class='ocr_carea' id='block_1_1' title="bbox 507 283 608 338">
    <p class='ocr_par' dir='ltr' id='par_1_1' title="bbox 507 283 608 338">
     <span class='ocr_line' id='line_1_1' title="bbox 507 283 608 338; baseline -0.03 1"><span class='ocrx_word' id='word_1_1' title='bbox 507 283 608 338; x_wconf 89' lang='grc'>391</span> 
     </span>
    </p>
   </div>
   <div class='ocr_carea' id='block_1_2' title="bbox 1885 267 2482 329">
    <p class='ocr_par' dir='ltr' id='par_1_2' title="bbox 1885 267 2482 329">
     <span class='ocr_line' id='line_1_2' title="bbox 1885 267 2482 329; baseline -0.005 0"><span class='ocrx_word' id='word_1_2' title='bbox 1885 272 1942 329; x_wconf 93' lang='lat' dir='ltr'>S.</span> <span class='ocrx_word' id='word_1_3' title='bbox 1981 267 2233 328; x_wconf 75' lang='lat' dir='ltr'>BASILII</span> <span class='ocrx_word' id='word_1_4' title='bbox 2261 271 2482 329; x_wconf 82' lang='lat' dir='ltr'><strong>MAGNI</strong></span> 
     </span>
    </p>
   </div>
   <div class='ocr_carea' id='block_1_3' title="bbox 3773 279 3894 336">
    <p class='ocr_par' dir='ltr' id='par_1_3' title="bbox 3773 279 3894 336">
     <span class='ocr_line' id='line_1_3' title="bbox 3773 279 3894 336; baseline -0.008 0"><span class='ocrx_word' id='word_1_5' title='bbox 3773 279 3894 336; x_wconf 84' lang='lat'>392</span> 
     </span>
    </p>
   </div>
   <div class='ocr_carea' id='block_1_4' title="bbox 507 395 2156 478">
    <p class='ocr_par' dir='ltr' id='par_1_4' title="bbox 507 398 2156 478">
     <span class='ocr_line' id='line_1_4' title="bbox 507 398 2156 478; baseline -0.005 -17"><span class='ocrx_word' id='word_1_6' title='bbox 507 405 612 478; x_wconf 86' lang='lat' dir='ltr'>qui</span> <span class='ocrx_word' id='word_1_7' title='bbox 641 403 808 478; x_wconf 88' lang='lat' dir='ltr'>piam</span> <span class='ocrx_word' id='word_1_8' title='bbox 822 402 983 458; x_wconf 90' lang='lat' dir='ltr'>illam</span> <span class='ocrx_word' id='word_1_9' title='bbox 998 401 1335 458; x_wconf 83' lang='lat' dir='ltr'>doctrinam</span> <span class='ocrx_word' id='word_1_10' title='bbox 1347 399 1479 457; x_wconf 90' lang='lat' dir='ltr'>orbi</span> <span class='ocrx_word' id='word_1_11' title='bbox 1510 398 2156 464; x_wconf 83' lang='lat' dir='ltr'>annuntiarunt.Quare</span> 
     </span>
    </p>
   </div>
   <div class='ocr_carea' id='block_1_5' title="bbox 2274 395 3893 478">
    <p class='ocr_par' dir='ltr' id='par_1_5' title="bbox 2276 395 3893 478">
     <span class='ocr_line' id='line_1_5' title="bbox 2276 395 3893 478; baseline 0.006 -30"><span class='ocrx_word' id='word_1_12' title='bbox 2276 398 2531 469; x_wconf 69' lang='grc' dir='ltr'>εὔχεσθαι</span> <span class='ocrx_word' id='word_1_13' title='bbox 2584 401 2654 470; x_wconf 79' lang='grc' dir='ltr'>μὴ</span> <span class='ocrx_word' id='word_1_14' title='bbox 2711 397 3050 470; x_wconf 79' lang='grc' dir='ltr'>χωρισθῆναι</span> <span class='ocrx_word' id='word_1_15' title='bbox 3105 405 3197 458; x_wconf 80' lang='grc' dir='ltr'>τῆς</span> <span class='ocrx_word' id='word_1_16' title='bbox 3233 395 3449 472; x_wconf 75' lang='grc' dir='ltr'>μερίδος</span> <span class='ocrx_word' id='word_1_17' title='bbox 3478 409 3577 453; x_wconf 90' lang='grc' dir='ltr'>τῶν</span> <span class='ocrx_word' id='word_1_18' title='bbox 3607 409 3893 478; x_wconf 76' lang='grc' dir='ltr'>μακαρίων</span> 
     </span>
    </p>
   </div>
   <div class='ocr_carea' id='block_1_6' title="bbox 509 490 2164 553">
    <p class='ocr_par' dir='ltr' id='par_1_6' title="bbox 509 490 2164 553">
     <span class='ocr_line' id='line_1_6' title="bbox 509 490 2164 553; baseline -0.005 0"><span class='ocrx_word' id='word_1_19' title='bbox 509 496 676 553; x_wconf 91' lang='lat' dir='ltr'>omni</span> <span class='ocrx_word' id='word_1_20' title='bbox 709 494 907 550; x_wconf 86' lang='lat' dir='ltr'>cordis</span> <span class='ocrx_word' id='word_1_21' title='bbox 933 492 1309 550; x_wconf 80' lang='lat' dir='ltr'>dubitatione</span> <span class='ocrx_word' id='word_1_22' title='bbox 1331 491 1410 548; x_wconf 92' lang='lat' dir='ltr'>ob</span> <span class='ocrx_word' id='word_1_23' title='bbox 1459 492 1615 548; x_wconf 91' lang='lat' dir='ltr'>hanc</span> <span class='ocrx_word' id='word_1_24' title='bbox 1663 490 2164 546; x_wconf 83' lang='lat' dir='ltr'>asseverationem</span> 
     </span>
    </p>
   </div>
   <div class='ocr_carea' id='block_1_7' title="bbox 509 579 2162 654">
    <p class='ocr_par' dir='ltr' id='par_1_7' title="bbox 509 579 2162 654">
     <span class='ocr_line' id='line_1_7' title="bbox 509 579 2162 654; baseline -0.004 -13"><span class='ocrx_word' id='word_1_25' title='bbox 509 585 726 650; x_wconf 92' lang='lat' dir='ltr'>soluta,</span> <span class='ocrx_word' id='word_1_26' title='bbox 783 584 862 640; x_wconf 92' lang='lat' dir='ltr'>ad</span> <span class='ocrx_word' id='word_1_27' title='bbox 914 584 1042 654; x_wconf 89' lang='lat' dir='ltr'>ejus</span> <span class='ocrx_word' id='word_1_28' title='bbox 1097 582 1612 646; x_wconf 86' lang='lat' dir='ltr'>communionem,</span> <span class='ocrx_word' id='word_1_29' title='bbox 1664 586 1727 636; x_wconf 90' lang='lat' dir='ltr'>ut</span> <span class='ocrx_word' id='word_1_30' title='bbox 1781 579 2162 636; x_wconf 85' lang='lat' dir='ltr'>tumetetiam</span> 
     </span>
    </p>
   </div>
   <div class='ocr_carea' id='block_1_8' title="bbox 507 671 2164 741">
    <p class='ocr_par' dir='ltr' id='par_1_8' title="bbox 507 671 2164 741">
     <span class='ocr_line' id='line_1_8' title="bbox 507 671 2164 741; baseline -0.005 -10"><span class='ocrx_word' id='word_1_31' title='bbox 507 675 665 732; x_wconf 84' lang='lat' dir='ltr'>nosti</span> <span class='ocrx_word' id='word_1_32' title='bbox 686 674 1076 741; x_wconf 85' lang='lat' dir='ltr'>accessimus,</span> <span class='ocrx_word' id='word_1_33' title='bbox 1105 677 1161 728; x_wconf 91' lang='lat' dir='ltr'>et</span> <span class='ocrx_word' id='word_1_34' title='bbox 1200 687 1448 726; x_wconf 75' lang='lat' dir='ltr'>mcerere</span> <span class='ocrx_word' id='word_1_35' title='bbox 1475 671 1794 728; x_wconf 88' lang='lat' dir='ltr'>desiimus.</span> <span class='ocrx_word' id='word_1_36' title='bbox 1827 671 2009 738; x_wconf 88' lang='lat' dir='ltr'>lgitur</span> <span class='ocrx_word' id='word_1_37' title='bbox 2029 685 2164 740; x_wconf 61' lang='lat' dir='ltr'>quac</span> 
     </span>
    </p>
   </div>
   <div class='ocr_carea' id='block_1_9' title="bbox 508 759 2162 829">
    <p class='ocr_par' dir='ltr' id='par_1_9' title="bbox 508 759 2162 829">
     <span class='ocr_line' id='line_1_9' title="bbox 508 759 2162 829; baseline -0.005 -8"><span class='ocrx_word' id='word_1_38' title='bbox 508 765 684 821; x_wconf 91' lang='lat' dir='ltr'>nobis</span> <span class='ocrx_word' id='word_1_39' title='bbox 710 780 849 819; x_wconf 91' lang='lat' dir='ltr'>cum</span> <span class='ocrx_word' id='word_1_40' title='bbox 875 763 990 818; x_wconf 93' lang='lat' dir='ltr'>hoc</span> <span class='ocrx_word' id='word_1_41' title='bbox 1020 762 1144 816; x_wconf 91' lang='lat' dir='ltr'>viro</span> <span class='ocrx_word' id='word_1_42' title='bbox 1199 761 1606 826; x_wconf 84' lang='lat' dir='ltr'>intercessere,</span> <span class='ocrx_word' id='word_1_43' title='bbox 1640 759 1943 829; x_wconf 77' lang='lat' dir='ltr'>ejusmodi</span> <span class='ocrx_word' id='word_1_44' title='bbox 2003 763 2162 813; x_wconf 90' lang='lat' dir='ltr'>sunt.</span> 
     </span>
    </p>
   </div>
   <div class='ocr_carea' id='block_1_10' title="bbox 417 848 2166 924">
    <p class='ocr_par' dir='ltr' id='par_1_10' title="bbox 417 848 2166 924">
     <span class='ocr_line' id='line_1_10' title="bbox 417 848 2166 924; baseline -0.004 -14"><span class='ocrx_word' id='word_1_45' title='bbox 417 885 430 894; x_wconf 67' lang='grc' dir='ltr'><em>α</em></span> <span class='ocrx_word' id='word_1_46' title='bbox 510 853 685 920; x_wconf 89' lang='lat' dir='ltr'>Quod</span> <span class='ocrx_word' id='word_1_47' title='bbox 739 853 788 908; x_wconf 93' lang='lat' dir='ltr'>si</span> <span class='ocrx_word' id='word_1_48' title='bbox 825 852 962 924; x_wconf 86' lang='lat' dir='ltr'>quis</span> <span class='ocrx_word' id='word_1_49' title='bbox 1001 851 1165 906; x_wconf 88' lang='lat' dir='ltr'>dicat</span> <span class='ocrx_word' id='word_1_50' title='bbox 1227 867 1290 905; x_wconf 91' lang='lat' dir='ltr'>se</span> <span class='ocrx_word' id='word_1_51' title='bbox 1356 850 1602 906; x_wconf 66' lang='lat' dir='ltr'>nefarius</span> <span class='ocrx_word' id='word_1_52' title='bbox 1631 849 1885 919; x_wconf 90' lang='lat' dir='ltr'>alicujus</span> <span class='ocrx_word' id='word_1_53' title='bbox 1907 849 1968 904; x_wconf 90' lang='lat' dir='ltr'>in</span> <span class='ocrx_word' id='word_1_54' title='bbox 1996 848 2166 903; x_wconf 91' lang='lat' dir='ltr'>illum</span> 
     </span>
    </p>
   </div>
   <div class='ocr_carea' id='block_1_11' title="bbox 507 936 2166 1008">
    <p class='ocr_par' dir='ltr' id='par_1_11' title="bbox 507 936 2166 1008">
     <span class='ocr_line' id='line_1_11' title="bbox 507 936 2166 1008; baseline -0.004 -9"><span class='ocrx_word' id='word_1_55' title='bbox 507 942 887 999; x_wconf 61' lang='lat' dir='ltr'>contumeliae</span> <span class='ocrx_word' id='word_1_56' title='bbox 911 940 1220 997; x_wconf 90' lang='lat' dir='ltr'>conscium</span> <span class='ocrx_word' id='word_1_57' title='bbox 1255 938 1432 994; x_wconf 91' lang='lat' dir='ltr'>nobis</span> <span class='ocrx_word' id='word_1_58' title='bbox 1463 955 1618 1008; x_wconf 91' lang='lat' dir='ltr'>esse,</span> <span class='ocrx_word' id='word_1_59' title='bbox 1647 939 1696 994; x_wconf 92' lang='lat' dir='ltr'>is</span> <span class='ocrx_word' id='word_1_60' title='bbox 1717 938 1914 994; x_wconf 92' lang='lat' dir='ltr'>nonin</span> <span class='ocrx_word' id='word_1_61' title='bbox 1941 936 2166 1006; x_wconf 85' lang='lat' dir='ltr'>angulo</span> 
     </span>
    </p>
   </div>
   <div class='ocr_carea' id='block_1_12' title="bbox 509 1027 2164 1101">
    <p class='ocr_par' dir='ltr' id='par_1_12' title="bbox 509 1027 2164 1101">
     <span class='ocr_line' id='line_1_12' title="bbox 509 1027 2164 1101; baseline -0.003 -14"><span class='ocrx_word' id='word_1_62' title='bbox 509 1037 776 1088; x_wconf 90' lang='lat' dir='ltr'>susurret</span> <span class='ocrx_word' id='word_1_63' title='bbox 798 1030 1106 1096; x_wconf 87' lang='lat' dir='ltr'>serviliter,</span> <span class='ocrx_word' id='word_1_64' title='bbox 1131 1028 1238 1085; x_wconf 91' lang='lat' dir='ltr'>sed</span> <span class='ocrx_word' id='word_1_65' title='bbox 1261 1029 1324 1085; x_wconf 91' lang='lat' dir='ltr'>in</span> <span class='ocrx_word' id='word_1_66' title='bbox 1349 1034 1620 1101; x_wconf 88' lang='lat' dir='ltr'>apertam</span> <span class='ocrx_word' id='word_1_67' title='bbox 1648 1027 1844 1084; x_wconf 92' lang='lat' dir='ltr'>lucem</span> <span class='ocrx_word' id='word_1_68' title='bbox 1859 1027 2164 1100; x_wconf 87' lang='lat' dir='ltr'>prodiens,</span> 
     </span>
    </p>
   </div>
   <div class='ocr_carea' id='block_1_13' title="bbox 504 1121 950 1192">
    <p class='ocr_par' dir='ltr' id='par_1_13' title="bbox 504 1121 950 1192">
     <span class='ocr_line' id='line_1_13' title="bbox 504 1121 950 1192; baseline -0.002 -14"><span class='ocrx_word' id='word_1_69' title='bbox 504 1121 690 1178; x_wconf 86' lang='lat' dir='ltr'>libere</span> <span class='ocrx_word' id='word_1_70' title='bbox 715 1125 950 1192; x_wconf 80' lang='lat' dir='ltr'>arguat.</span> 
     </span>
    </p>
   </div>
   <div class='ocr_carea' id='block_1_14' title="bbox 1113 1403 1596 1462">
    <p class='ocr_par' dir='ltr' id='par_1_14' title="bbox 1113 1403 1596 1462">
     <span class='ocr_line' id='line_1_14' title="bbox 1113 1403 1596 1462; baseline 0 0"><span class='ocrx_word' id='word_1_71' title='bbox 1113 1406 1445 1462; x_wconf 80' lang='lat' dir='ltr'>EPISTOLA</span> <span class='ocrx_word' id='word_1_72' title='bbox 1480 1403 1596 1462; x_wconf 89' lang='lat' dir='ltr'>LII.</span> 
     </span>
    </p>
   </div>
   <div class='ocr_carea' id='block_1_15' title="bbox 2275 486 3892 565">
    <p class='ocr_par' dir='ltr' id='par_1_15' title="bbox 2275 486 3892 565">
     <span class='ocr_line' id='line_1_15' title="bbox 2275 486 3892 565; baseline 0.006 -26"><span class='ocrx_word' id='word_1_73' title='bbox 2275 487 2478 540; x_wconf 79' lang='grc' dir='ltr'>ἐκείνων</span> <span class='ocrx_word' id='word_1_74' title='bbox 2525 486 2822 539; x_wconf 84' lang='grc' dir='ltr'>ἐπισκόπων</span> <span class='ocrx_word' id='word_1_75' title='bbox 2872 493 2970 539; x_wconf 90' lang='grc' dir='ltr'>τῶν</span> <span class='ocrx_word' id='word_1_76' title='bbox 3029 493 3344 559; x_wconf 75' lang='grc' dir='ltr'>τριακοσίων</span> <span class='ocrx_word' id='word_1_77' title='bbox 3415 487 3682 544; x_wconf 76' lang='grc' dir='ltr'>δεκαοκτὼ</span> <span class='ocrx_word' id='word_1_78' title='bbox 3743 496 3892 565; x_wconf 78' lang='lat'>(25),</span> 
     </span>
    </p>
   </div>
   <div class='ocr_carea' id='block_1_16' title="bbox 2273 574 3895 654">
    <p class='ocr_par' dir='ltr' id='par_1_16' title="bbox 2273 574 3895 654">
     <span class='ocr_line' id='line_1_16' title="bbox 2273 574 3895 654; baseline 0.004 -25"><span class='ocrx_word' id='word_1_79' title='bbox 2273 586 2372 629; x_wconf 86' lang='grc' dir='ltr'>τῶν</span> <span class='ocrx_word' id='word_1_80' title='bbox 2458 581 2516 630; x_wconf 85' lang='grc' dir='ltr'>τὸ</span> <span class='ocrx_word' id='word_1_81' title='bbox 2567 576 2772 638; x_wconf 70' lang='grc' dir='ltr'>εὐσεϐὲς</span> <span class='ocrx_word' id='word_1_82' title='bbox 2824 582 3074 649; x_wconf 74' lang='grc' dir='ltr'>κήρυγμα</span> <span class='ocrx_word' id='word_1_83' title='bbox 3131 574 3535 650; x_wconf 75' lang='grc' dir='ltr'>διαγγειλαντων</span> <span class='ocrx_word' id='word_1_84' title='bbox 3702 582 3895 635; x_wconf 83' lang='grc' dir='ltr'>οἰκον-</span> 
     </span>
    </p>
   </div>
   <div class='ocr_carea' id='block_1_17' title="bbox 2274 665 3894 744">
    <p class='ocr_par' dir='ltr' id='par_1_17' title="bbox 2274 665 3894 744">
     <span class='ocr_line' id='line_1_17' title="bbox 2274 665 3894 744; baseline 0.004 -27"><span class='ocrx_word' id='word_1_85' title='bbox 2274 672 2421 739; x_wconf 79' lang='grc' dir='ltr'>μένῃ·</span> <span class='ocrx_word' id='word_1_86' title='bbox 2488 669 2622 719; x_wconf 77' lang='grc' dir='ltr'>ὥστε</span> <span class='ocrx_word' id='word_1_87' title='bbox 2679 669 2833 739; x_wconf 81' lang='grc' dir='ltr'>ἡμᾶς,</span> <span class='ocrx_word' id='word_1_88' title='bbox 2900 665 2984 718; x_wconf 86' lang='grc' dir='ltr'>ἐπὶ</span> <span class='ocrx_word' id='word_1_89' title='bbox 3023 675 3084 739; x_wconf 75' lang='grc' dir='ltr'>τῇ</span> <span class='ocrx_word' id='word_1_90' title='bbox 3133 667 3460 744; x_wconf 74' lang='grc' dir='ltr'>πληροφορίᾳ</span> <span class='ocrx_word' id='word_1_91' title='bbox 3497 673 3661 744; x_wconf 70' lang='grc' dir='ltr'>ταύτῃ</span> <span class='ocrx_word' id='word_1_92' title='bbox 3694 671 3894 724; x_wconf 82' lang='grc' dir='ltr'>λύσαν-</span> 
     </span>
    </p>
   </div>
   <div class='ocr_carea' id='block_1_18' title="bbox 2273 751 3894 831">
    <p class='ocr_par' dir='ltr' id='par_1_18' title="bbox 2273 751 3894 831">
     <span class='ocr_line' id='line_1_18' title="bbox 2273 751 3894 831; baseline 0.004 -24"><span class='ocrx_word' id='word_1_93' title='bbox 2273 775 2366 816; x_wconf 82' lang='grc' dir='ltr'>τας</span> <span class='ocrx_word' id='word_1_94' title='bbox 2422 763 2596 808; x_wconf 81' lang='grc' dir='ltr'>πᾶσαν</span> <span class='ocrx_word' id='word_1_95' title='bbox 2645 765 2742 808; x_wconf 87' lang='grc' dir='ltr'>τῶν</span> <span class='ocrx_word' id='word_1_96' title='bbox 2786 751 3014 828; x_wconf 75' lang='grc' dir='ltr'>καρδιῶν</span> <span class='ocrx_word' id='word_1_97' title='bbox 3076 761 3169 814; x_wconf 73' lang='grc' dir='ltr'>τὴν</span> <span class='ocrx_word' id='word_1_98' title='bbox 3219 754 3510 831; x_wconf 77' lang='grc' dir='ltr'>ὃιάκρισιν,</span> <span class='ocrx_word' id='word_1_99' title='bbox 3555 763 3626 821; x_wconf 81' lang='grc' dir='ltr'>ὡς</span> <span class='ocrx_word' id='word_1_100' title='bbox 3650 766 3742 814; x_wconf 83' lang='grc' dir='ltr'>καὶ</span> <span class='ocrx_word' id='word_1_101' title='bbox 3791 763 3894 814; x_wconf 69' lang='grc' dir='ltr'>αὖ·</span> 
     </span>
    </p>
   </div>
   <div class='ocr_carea' id='block_1_19' title="bbox 3779 856 3882 904">
    <p class='ocr_par' dir='ltr' id='par_1_19' title="bbox 3779 856 3882 904">
     <span class='ocr_line' id='line_1_19' title="bbox 3779 856 3882 904; baseline 0.019 -2"><span class='ocrx_word' id='word_1_102' title='bbox 3779 856 3882 904; x_wconf 81' lang='grc' dir='ltr'>καὶ</span> 
     </span>
    </p>
   </div>
   <div class='ocr_carea' id='block_1_20' title="bbox 2273 933 3891 1015">
    <p class='ocr_par' dir='ltr' id='par_1_20' title="bbox 2273 933 3891 1015">
     <span class='ocr_line' id='line_1_20' title="bbox 2273 933 3891 1015; baseline 0.005 -30"><span class='ocrx_word' id='word_1_103' title='bbox 2273 933 2628 1006; x_wconf 71' lang='grc' dir='ltr'>λυπουμένους</span> <span class='ocrx_word' id='word_1_104' title='bbox 2681 937 3015 992; x_wconf 77' lang='grc' dir='ltr'>παύσασθαι.</span> <span class='ocrx_word' id='word_1_105' title='bbox 3078 939 3156 988; x_wconf 81' lang='grc' dir='ltr'>Τά</span> <span class='ocrx_word' id='word_1_106' title='bbox 3209 939 3299 1008; x_wconf 80' lang='grc' dir='ltr'>μεν</span> <span class='ocrx_word' id='word_1_107' title='bbox 3375 934 3462 989; x_wconf 76' lang='grc' dir='ltr'>οὖν</span> <span class='ocrx_word' id='word_1_108' title='bbox 3493 940 3725 1013; x_wconf 75' lang='grc' dir='ltr'>ἡμέτερα</span> <span class='ocrx_word' id='word_1_109' title='bbox 3750 945 3891 1015; x_wconf 82' lang='grc' dir='ltr'>πρὸς</span> 
     </span>
    </p>
   </div>
   <div class='ocr_carea' id='block_1_21' title="bbox 2273 845 3690 921">
    <p class='ocr_par' dir='ltr' id='par_1_21' title="bbox 2273 845 3690 921">
     <span class='ocr_line' id='line_1_21' title="bbox 2273 845 3690 921; baseline 0.002 -24"><span class='ocrx_word' id='word_1_110' title='bbox 2273 849 2363 908; x_wconf 85' lang='grc' dir='ltr'>τὸς</span> <span class='ocrx_word' id='word_1_111' title='bbox 2409 845 2692 898; x_wconf 81' lang='grc' dir='ltr'>ἐπίστασαι</span> <span class='ocrx_word' id='word_1_112' title='bbox 2750 846 2884 915; x_wconf 77' lang='grc'>(26),</span> <span class='ocrx_word' id='word_1_113' title='bbox 2942 845 3242 918; x_wconf 73' lang='grc' dir='ltr'>προσελθεῖν</span> <span class='ocrx_word' id='word_1_114' title='bbox 3307 855 3368 906; x_wconf 86' lang='grc' dir='ltr'>τῆ</span> <span class='ocrx_word' id='word_1_115' title='bbox 3425 855 3690 921; x_wconf 68' lang='grc' dir='ltr'>κοινωνία,</span> 
     </span>
    </p>
   </div>
   <div class='ocr_carea' id='block_1_22' title="bbox 2274 1021 3891 1102">
    <p class='ocr_par' dir='ltr' id='par_1_22' title="bbox 2274 1021 3891 1102">
     <span class='ocr_line' id='line_1_22' title="bbox 2274 1021 3891 1102; baseline 0.004 -26"><span class='ocrx_word' id='word_1_116' title='bbox 2274 1027 2360 1076; x_wconf 86' lang='grc' dir='ltr'>τὸν</span> <span class='ocrx_word' id='word_1_117' title='bbox 2387 1021 2557 1099; x_wconf 75' lang='grc' dir='ltr'>ἄνδρα</span> <span class='ocrx_word' id='word_1_118' title='bbox 2583 1033 2823 1078; x_wconf 78' lang='grc' dir='ltr'>τοιαῦτα.</span> <span class='ocrx_word' id='word_1_119' title='bbox 2858 1024 2917 1077; x_wconf 87' lang='grc' dir='ltr'>Εἰ</span> <span class='ocrx_word' id='word_1_120' title='bbox 2949 1021 3103 1087; x_wconf 80' lang='grc' dir='ltr'>δέτις</span> <span class='ocrx_word' id='word_1_121' title='bbox 3133 1024 3274 1096; x_wconf 86' lang='grc' dir='ltr'>λέγοι</span> <span class='ocrx_word' id='word_1_122' title='bbox 3297 1028 3412 1098; x_wconf 80' lang='grc'>(27)</span> <span class='ocrx_word' id='word_1_123' title='bbox 3455 1031 3575 1081; x_wconf 79' lang='grc' dir='ltr'>τινα</span> <span class='ocrx_word' id='word_1_124' title='bbox 3637 1027 3891 1102; x_wconf 67' lang='grc' dir='ltr'>βλασφη-</span> 
     </span>
    </p>
   </div>
   <div class='ocr_carea' id='block_1_23' title="bbox 2273 1112 3894 1190">
    <p class='ocr_par' dir='ltr' id='par_1_23' title="bbox 2273 1112 3894 1190">
     <span class='ocr_line' id='line_1_23' title="bbox 2273 1112 3894 1190; baseline 0.004 -25"><span class='ocrx_word' id='word_1_125' title='bbox 2273 1119 2398 1186; x_wconf 89' lang='grc' dir='ltr'>μίαν</span> <span class='ocrx_word' id='word_1_126' title='bbox 2438 1112 2680 1186; x_wconf 87' lang='grc' dir='ltr'>ἀθέμιτον</span> <span class='ocrx_word' id='word_1_127' title='bbox 2711 1115 2784 1176; x_wconf 86' lang='grc' dir='ltr'>εἰς</span> <span class='ocrx_word' id='word_1_128' title='bbox 2823 1115 2979 1166; x_wconf 76' lang='grc' dir='ltr'>αὑτὸν</span> <span class='ocrx_word' id='word_1_129' title='bbox 3009 1119 3126 1187; x_wconf 63' lang='grc' dir='ltr'>ἡμῖν</span> <span class='ocrx_word' id='word_1_130' title='bbox 3168 1122 3563 1188; x_wconf 70' lang='grc' dir='ltr'>συνεγνωκέναι,</span> <span class='ocrx_word' id='word_1_131' title='bbox 3614 1123 3688 1190; x_wconf 77' lang='grc' dir='ltr'>μὴ</span> <span class='ocrx_word' id='word_1_132' title='bbox 3747 1121 3894 1172; x_wconf 82' lang='grc' dir='ltr'>κατά</span> 
     </span>
    </p>
   </div>
   <div class='ocr_carea' id='block_1_24' title="bbox 2273 1200 3891 1284">
    <p class='ocr_par' dir='ltr' id='par_1_24' title="bbox 2273 1200 3891 1284">
     <span class='ocr_line' id='line_1_24' title="bbox 2273 1200 3891 1284; baseline 0.005 -30"><span class='ocrx_word' id='word_1_133' title='bbox 2273 1207 2463 1275; x_wconf 84' lang='grc' dir='ltr'>γωνίαν</span> <span class='ocrx_word' id='word_1_134' title='bbox 2514 1203 2794 1278; x_wconf 78' lang='grc' dir='ltr'>θρυλλείτω</span> <span class='ocrx_word' id='word_1_135' title='bbox 2880 1200 3269 1279; x_wconf 77' lang='grc' dir='ltr'>δουλοπρεπῶς,</span> <span class='ocrx_word' id='word_1_136' title='bbox 3338 1204 3446 1257; x_wconf 84' lang='grc' dir='ltr'>ἀλλ’</span> <span class='ocrx_word' id='word_1_137' title='bbox 3470 1207 3539 1270; x_wconf 87' lang='grc' dir='ltr'>εἰς</span> <span class='ocrx_word' id='word_1_138' title='bbox 3579 1211 3638 1260; x_wconf 86' lang='grc' dir='ltr'>τὸ</span> <span class='ocrx_word' id='word_1_139' title='bbox 3666 1213 3891 1284; x_wconf 75' lang='grc' dir='ltr'>φανερὸν</span> 
     </span>
    </p>
   </div>
   <div class='ocr_carea' id='block_1_25' title="bbox 2277 1289 3543 1370">
    <p class='ocr_par' dir='ltr' id='par_1_25' title="bbox 2277 1289 3543 1370">
     <span class='ocr_line' id='line_1_25' title="bbox 2277 1289 3543 1370; baseline 0.005 -27"><span class='ocrx_word' id='word_1_140' title='bbox 2277 1290 2683 1360; x_wconf 84' lang='grc' dir='ltr'>ἀντικαταστὰς,</span> <span class='ocrx_word' id='word_1_141' title='bbox 2719 1289 3034 1364; x_wconf 77' lang='grc' dir='ltr'>διελεγχέτω</span> <span class='ocrx_word' id='word_1_142' title='bbox 3065 1296 3196 1366; x_wconf 83' lang='grc' dir='ltr'>μετά</span> <span class='ocrx_word' id='word_1_143' title='bbox 3219 1293 3543 1370; x_wconf 72' lang='grc' dir='ltr'>παρρησίας.</span> 
     </span>
    </p>
   </div>
   <div class='ocr_carea' id='block_1_26' title="bbox 2833 1401 3312 1456">
    <p class='ocr_par' dir='ltr' id='par_1_26' title="bbox 2833 1401 3312 1456">
     <span class='ocr_line' id='line_1_26' title="bbox 2833 1401 3312 1456; baseline 0.008 -4"><span class='ocrx_word' id='word_1_144' title='bbox 2833 1407 3167 1454; x_wconf 77' lang='grc' dir='ltr'>ΕΙΙΙΣΤΟΑΗ</span> <span class='ocrx_word' id='word_1_145' title='bbox 3194 1401 3312 1456; x_wconf 64' lang='grc' dir='ltr'>ΝΗ.</span> 
     </span>
    </p>
   </div>
   <div class='ocr_carea' id='block_1_27' title="bbox 509 1524 3889 1601">
    <p class='ocr_par' dir='ltr' id='par_1_27' title="bbox 509 1524 3889 1601">
     <span class='ocr_line' id='line_1_27' title="bbox 509 1524 3889 1601; baseline -0 -12"><span class='ocrx_word' id='word_1_146' title='bbox 509 1533 658 1589; x_wconf 88' lang='lat' dir='ltr'>Cum</span> <span class='ocrx_word' id='word_1_147' title='bbox 680 1545 950 1588; x_wconf 88' lang='lat' dir='ltr'>rumores</span> <span class='ocrx_word' id='word_1_148' title='bbox 978 1530 1175 1601; x_wconf 86' lang='lat' dir='ltr'>iniqui</span> <span class='ocrx_word' id='word_1_149' title='bbox 1197 1533 1268 1586; x_wconf 84' lang='lat' dir='ltr'>de</span> <span class='ocrx_word' id='word_1_150' title='bbox 1291 1529 1614 1585; x_wconf 87' lang='lat' dir='ltr'>Canonicis</span> <span class='ocrx_word' id='word_1_151' title='bbox 1643 1527 1725 1583; x_wconf 85' lang='lat' dir='ltr'>ad</span> <span class='ocrx_word' id='word_1_152' title='bbox 1752 1527 2073 1601; x_wconf 75' lang='lat' dir='ltr'>Basiliam,</span> <span class='ocrx_word' id='word_1_153' title='bbox 2091 1524 2172 1601; x_wconf 22' lang='grc' dir='ltr'>Διίεῇ</span> <span class='ocrx_word' id='word_1_154' title='bbox 2190 1524 2538 1601; x_wconf 75' lang='lat' dir='ltr'>Basilio_ad</span> <span class='ocrx_word' id='word_1_155' title='bbox 2554 1525 3132 1601; x_wconf 67' lang='lat' dir='ltr'>canonicasperlati</span> <span class='ocrx_word' id='word_1_156' title='bbox 3151 1527 3438 1601; x_wconf 82' lang='lat' dir='ltr'>fuissent,</span> <span class='ocrx_word' id='word_1_157' title='bbox 3462 1534 3755 1601; x_wconf 76' lang='lat' dir='ltr'>utrosque</span> <span class='ocrx_word' id='word_1_158' title='bbox 3782 1530 3889 1588; x_wconf 78' lang='lat' dir='ltr'>de-</span> 
     </span>
    </p>
   </div>
   <div class='ocr_carea' id='block_1_28' title="bbox 575 1596 3888 1670">
    <p class='ocr_par' dir='ltr' id='par_1_28' title="bbox 575 1596 3888 1670">
     <span class='ocr_line' id='line_1_28' title="bbox 575 1596 3888 1670; baseline 0 -12"><span class='ocrx_word' id='word_1_159' title='bbox 575 1596 1141 1670; x_wconf 73' lang='lat' dir='ltr'>docuitBosporius.</span> <span class='ocrx_word' id='word_1_160' title='bbox 1198 1603 1395 1656; x_wconf 84' lang='lat' dir='ltr'>Multa</span> <span class='ocrx_word' id='word_1_161' title='bbox 1453 1601 1526 1655; x_wconf 84' lang='lat' dir='ltr'>de</span> <span class='ocrx_word' id='word_1_162' title='bbox 1581 1597 2100 1655; x_wconf 84' lang='lat' dir='ltr'>Consubstantiali</span> <span class='ocrx_word' id='word_1_163' title='bbox 2139 1596 2372 1650; x_wconf 76' lang='lat' dir='ltr'>disserit</span> <span class='ocrx_word' id='word_1_164' title='bbox 2412 1597 2703 1670; x_wconf 64' lang='lat' dir='ltr'>Basilius,</span> <span class='ocrx_word' id='word_1_165' title='bbox 2732 1598 2892 1670; x_wconf 78' lang='lat' dir='ltr'>quod</span> <span class='ocrx_word' id='word_1_166' title='bbox 2914 1613 2951 1652; x_wconf 88' lang='lat' dir='ltr'>a</span> <span class='ocrx_word' id='word_1_167' title='bbox 2980 1599 3293 1653; x_wconf 79' lang='lat' dir='ltr'>nonnullis</span> <span class='ocrx_word' id='word_1_168' title='bbox 3324 1601 3514 1669; x_wconf 81' lang='lat' dir='ltr'>rejici,</span> <span class='ocrx_word' id='word_1_169' title='bbox 3543 1616 3579 1656; x_wconf 90' lang='lat' dir='ltr'>a</span> <span class='ocrx_word' id='word_1_170' title='bbox 3595 1596 3888 1670; x_wconf 78' lang='lat' dir='ltr'>patribus</span> 
     </span>
    </p>
   </div>
   <div class='ocr_carea' id='block_1_29' title="bbox 578 1669 3886 1741">
    <p class='ocr_par' dir='ltr' id='par_1_29' title="bbox 578 1669 3886 1741">
     <span class='ocr_line' id='line_1_29' title="bbox 578 1669 3886 1741; baseline 0 -11"><span class='ocrx_word' id='word_1_171' title='bbox 578 1669 966 1730; x_wconf 77' lang='lat' dir='ltr'>Antz‘oc/zenis</span> <span class='ocrx_word' id='word_1_172' title='bbox 991 1676 1398 1739; x_wconf 78' lang='lat' dir='ltr'>vituperatum</span> <span class='ocrx_word' id='word_1_173' title='bbox 1421 1674 1658 1741; x_wconf 76' lang='lat' dir='ltr'>fatetur</span> <span class='ocrx_word' id='word_1_174' title='bbox 1677 1672 2053 1738; x_wconf 81' lang='lat' dir='ltr'>aptissimum</span> <span class='ocrx_word' id='word_1_175' title='bbox 2076 1674 2272 1722; x_wconf 87' lang='lat' dir='ltr'>tamen</span> <span class='ocrx_word' id='word_1_176' title='bbox 2299 1683 2420 1722; x_wconf 83' lang='lat' dir='ltr'>esse</span> <span class='ocrx_word' id='word_1_177' title='bbox 2441 1669 2743 1741; x_wconf 75' lang='lat' dir='ltr'>contendit</span> <span class='ocrx_word' id='word_1_178' title='bbox 2773 1669 3062 1726; x_wconf 84' lang='lat' dir='ltr'>adversus</span> <span class='ocrx_word' id='word_1_179' title='bbox 3094 1671 3347 1728; x_wconf 65' lang='lat' dir='ltr'>haereses</span> <span class='ocrx_word' id='word_1_180' title='bbox 3368 1673 3507 1728; x_wconf 83' lang='lat' dir='ltr'>Arii</span> <span class='ocrx_word' id='word_1_181' title='bbox 3529 1679 3584 1729; x_wconf 86' lang='lat' dir='ltr'>et</span> <span class='ocrx_word' id='word_1_182' title='bbox 3600 1669 3886 1732; x_wconf 85' lang='lat' dir='ltr'>Sabellii.</span> 
     </span>
    </p>
   </div>
   <div class='ocr_carea' id='block_1_30' title="bbox 578 1739 2698 1816">
    <p class='ocr_par' dir='ltr' id='par_1_30' title="bbox 578 1739 2698 1816">
     <span class='ocr_line' id='line_1_30' title="bbox 578 1739 2698 1816; baseline -0.004 -14"><span class='ocrx_word' id='word_1_183' title='bbox 578 1747 826 1816; x_wconf 75' lang='lat' dir='ltr'>Refellit</span> <span class='ocrx_word' id='word_1_184' title='bbox 847 1761 942 1802; x_wconf 88' lang='lat' dir='ltr'>eos</span> <span class='ocrx_word' id='word_1_185' title='bbox 971 1746 1076 1816; x_wconf 87' lang='lat' dir='ltr'>qui</span> <span class='ocrx_word' id='word_1_186' title='bbox 1094 1746 1390 1814; x_wconf 85' lang='lat' dir='ltr'>Spiritum</span> <span class='ocrx_word' id='word_1_187' title='bbox 1421 1739 1695 1800; x_wconf 84' lang='lat' dir='ltr'>sanctum</span> <span class='ocrx_word' id='word_1_188' title='bbox 1726 1743 1882 1797; x_wconf 82' lang='lat' dir='ltr'>Filio</span> <span class='ocrx_word' id='word_1_189' title='bbox 1910 1745 2018 1797; x_wconf 88' lang='lat' dir='ltr'>aut</span> <span class='ocrx_word' id='word_1_190' title='bbox 2046 1741 2222 1796; x_wconf 78' lang='lat' dir='ltr'>Patri</span> <span class='ocrx_word' id='word_1_191' title='bbox 2239 1739 2698 1809; x_wconf 62' lang='lat' dir='ltr'>praponebant.</span> 
     </span>
    </p>
   </div>
   <div class='ocr_carea' id='block_1_31' title="bbox 1110 1904 1560 1960">
    <p class='ocr_par' dir='ltr' id='par_1_31' title="bbox 1110 1904 1560 1960">
     <span class='ocr_line' id='line_1_31' title="bbox 1110 1904 1560 1960; baseline -0.002 -1"><span class='ocrx_word' id='word_1_192' title='bbox 1110 1904 1210 1959; x_wconf 83' lang='lat' dir='ltr'>Ad</span> <span class='ocrx_word' id='word_1_193' title='bbox 1237 1904 1560 1960; x_wconf 84' lang='lat' dir='ltr'>canonicas</span> 
     </span>
    </p>
   </div>
   <div class='ocr_carea' id='block_1_32' title="bbox 579 2023 2164 2097">
    <p class='ocr_par' dir='ltr' id='par_1_32' title="bbox 579 2023 2164 2097">
     <span class='ocr_line' id='line_1_32' title="bbox 579 2023 2164 2097; baseline -0.006 -10"><span class='ocrx_word' id='word_1_194' title='bbox 579 2036 633 2088; x_wconf 82' lang='grc'>1.</span> <span class='ocrx_word' id='word_1_195' title='bbox 670 2032 972 2097; x_wconf 86' lang='lat' dir='ltr'>Quantum</span> <span class='ocrx_word' id='word_1_196' title='bbox 1002 2027 1180 2084; x_wconf 91' lang='lat' dir='ltr'>nobis</span> <span class='ocrx_word' id='word_1_197' title='bbox 1212 2034 1388 2084; x_wconf 86' lang='lat' dir='ltr'>antea</span> <span class='ocrx_word' id='word_1_198' title='bbox 1410 2027 1632 2084; x_wconf 88' lang='lat' dir='ltr'>doloris</span> <span class='ocrx_word' id='word_1_199' title='bbox 1662 2024 1851 2082; x_wconf 85' lang='lat' dir='ltr'>attulit</span> <span class='ocrx_word' id='word_1_200' title='bbox 1873 2023 2164 2080; x_wconf 90' lang='lat' dir='ltr'>molestus</span> 
     </span>
    </p>
   </div>
   <div class='ocr_carea' id='block_1_33' title="bbox 505 2117 2166 2192">
    <p class='ocr_par' dir='ltr' id='par_1_33' title="bbox 505 2117 2166 2192">
     <span class='ocr_line' id='line_1_33' title="bbox 505 2117 2166 2192; baseline -0.004 -15"><span class='ocrx_word' id='word_1_201' title='bbox 505 2136 736 2192; x_wconf 90' lang='lat' dir='ltr'>rumor,</span> <span class='ocrx_word' id='word_1_202' title='bbox 766 2135 889 2192; x_wconf 91' lang='lat' dir='ltr'>quo</span> <span class='ocrx_word' id='word_1_203' title='bbox 920 2135 1098 2174; x_wconf 87' lang='lat' dir='ltr'>aures</span> <span class='ocrx_word' id='word_1_204' title='bbox 1129 2123 1348 2173; x_wconf 71' lang='lat' dir='ltr'>nostrae</span> <span class='ocrx_word' id='word_1_205' title='bbox 1373 2117 1954 2179; x_wconf 83' lang='lat' dir='ltr'>circumsonuerunt,</span> <span class='ocrx_word' id='word_1_206' title='bbox 1999 2117 2166 2170; x_wconf 91' lang='lat' dir='ltr'>tanta</span> 
     </span>
    </p>
   </div>
   <div class='ocr_carea' id='block_1_34' title="bbox 501 2204 2167 2278">
    <p class='ocr_par' dir='ltr' id='par_1_34' title="bbox 501 2204 2167 2278">
     <span class='ocr_line' id='line_1_34' title="bbox 501 2204 2167 2278; baseline -0.006 -10"><span class='ocrx_word' id='word_1_207' title='bbox 501 2208 909 2268; x_wconf 70' lang='lat' dir='ltr'>atfecitlaatitia</span> <span class='ocrx_word' id='word_1_208' title='bbox 925 2206 1632 2278; x_wconf 74' lang='lat' dir='ltr'>religiosissimusfepisco</span> <span class='ocrx_word' id='word_1_209' title='bbox 1642 2221 1752 2276; x_wconf 90' lang='lat' dir='ltr'>pus</span> <span class='ocrx_word' id='word_1_210' title='bbox 1767 2204 1950 2260; x_wconf 88' lang='lat' dir='ltr'>frater</span> <span class='ocrx_word' id='word_1_211' title='bbox 1961 2209 2167 2258; x_wconf 90' lang='lat' dir='ltr'>noster</span> 
     </span>
    </p>
   </div>
   <div class='ocr_carea' id='block_1_35' title="bbox 503 2292 2166 2372">
    <p class='ocr_par' dir='ltr' id='par_1_35' title="bbox 503 2292 2166 2372">
     <span class='ocr_line' id='line_1_35' title="bbox 503 2292 2166 2372; baseline -0.004 -17"><span class='ocrx_word' id='word_1_212' title='bbox 503 2299 844 2372; x_wconf 90' lang='lat' dir='ltr'>Bosporius,</span> <span class='ocrx_word' id='word_1_213' title='bbox 877 2297 1122 2353; x_wconf 85' lang='lat' dir='ltr'>meliora</span> <span class='ocrx_word' id='word_1_214' title='bbox 1143 2296 1218 2352; x_wconf 89' lang='lat' dir='ltr'>de</span> <span class='ocrx_word' id='word_1_215' title='bbox 1256 2302 1450 2352; x_wconf 90' lang='lat' dir='ltr'>vestra</span> <span class='ocrx_word' id='word_1_216' title='bbox 1479 2296 1698 2368; x_wconf 87' lang='lat' dir='ltr'>pietate</span> <span class='ocrx_word' id='word_1_217' title='bbox 1725 2292 2166 2350; x_wconf 86' lang='lat' dir='ltr'>narrans.Dixit</span> 
     </span>
    </p>
   </div>
   <div class='ocr_carea' id='block_1_36' title="bbox 503 2384 2164 2458">
    <p class='ocr_par' dir='ltr' id='par_1_36' title="bbox 503 2384 2164 2458">
     <span class='ocr_line' id='line_1_36' title="bbox 503 2384 2164 2458; baseline -0.005 -13"><span class='ocrx_word' id='word_1_218' title='bbox 503 2388 685 2455; x_wconf 91' lang='lat' dir='ltr'>enim,</span> <span class='ocrx_word' id='word_1_219' title='bbox 749 2387 846 2443; x_wconf 90' lang='lat' dir='ltr'>Dei</span> <span class='ocrx_word' id='word_1_220' title='bbox 873 2387 1069 2458; x_wconf 84' lang='lat' dir='ltr'>gratia</span> <span class='ocrx_word' id='word_1_221' title='bbox 1125 2402 1336 2442; x_wconf 89' lang='lat' dir='ltr'>omnes</span> <span class='ocrx_word' id='word_1_222' title='bbox 1369 2386 1502 2441; x_wconf 91' lang='lat' dir='ltr'>illos</span> <span class='ocrx_word' id='word_1_223' title='bbox 1534 2401 1810 2440; x_wconf 89' lang='lat' dir='ltr'>rumores</span> <span class='ocrx_word' id='word_1_224' title='bbox 1842 2384 2164 2440; x_wconf 90' lang='lat' dir='ltr'>hominum</span> 
     </span>
    </p>
   </div>
   <div class='ocr_carea' id='block_1_37' title="bbox 502 2474 2162 2535">
    <p class='ocr_par' dir='ltr' id='par_1_37' title="bbox 502 2474 2162 2535">
     <span class='ocr_line' id='line_1_37' title="bbox 502 2474 2162 2535; baseline -0.004 -2"><span class='ocrx_word' id='word_1_225' title='bbox 502 2493 632 2535; x_wconf 90' lang='lat' dir='ltr'>esse</span> <span class='ocrx_word' id='word_1_226' title='bbox 690 2481 1035 2532; x_wconf 89' lang='lat' dir='ltr'>commenta</span> <span class='ocrx_word' id='word_1_227' title='bbox 1092 2491 1215 2530; x_wconf 91' lang='lat' dir='ltr'>non</span> <span class='ocrx_word' id='word_1_228' title='bbox 1273 2481 1552 2530; x_wconf 82' lang='lat' dir='ltr'>accurate</span> <span class='ocrx_word' id='word_1_229' title='bbox 1593 2474 1900 2530; x_wconf 85' lang='lat' dir='ltr'>veritatem</span> <span class='ocrx_word' id='word_1_230' title='bbox 1959 2489 2162 2528; x_wconf 91' lang='lat' dir='ltr'>rerum</span> 
     </span>
    </p>
   </div>
   <div class='ocr_carea' id='block_1_38' title="bbox 500 2563 2163 2633">
    <p class='ocr_par' dir='ltr' id='par_1_38' title="bbox 500 2563 2163 2633">
     <span class='ocr_line' id='line_1_38' title="bbox 500 2563 2163 2633; baseline -0.004 -11"><span class='ocrx_word' id='word_1_231' title='bbox 500 2571 837 2622; x_wconf 87' lang='lat' dir='ltr'>vestrarum</span> <span class='ocrx_word' id='word_1_232' title='bbox 851 2564 1156 2633; x_wconf 81' lang='lat' dir='ltr'>cognitam</span> <span class='ocrx_word' id='word_1_233' title='bbox 1189 2563 1845 2619; x_wconf 79' lang='lat' dir='ltr'>habentium.Addebat</span> <span class='ocrx_word' id='word_1_234' title='bbox 1867 2568 2069 2618; x_wconf 86' lang='lat' dir='ltr'>autem</span> <span class='ocrx_word' id='word_1_235' title='bbox 2101 2577 2163 2616; x_wconf 91' lang='lat' dir='ltr'>se</span> 
     </span>
    </p>
   </div>
   <div class='ocr_carea' id='block_1_39' title="bbox 501 2651 2157 2725">
    <p class='ocr_par' dir='ltr' id='par_1_39' title="bbox 501 2651 2157 2725">
     <span class='ocr_line' id='line_1_39' title="bbox 501 2651 2157 2725; baseline -0.003 -14"><span class='ocrx_word' id='word_1_236' title='bbox 501 2659 558 2711; x_wconf 91' lang='lat' dir='ltr'>et</span> <span class='ocrx_word' id='word_1_237' title='bbox 587 2653 925 2710; x_wconf 88' lang='lat' dir='ltr'>calumnias</span> <span class='ocrx_word' id='word_1_238' title='bbox 939 2653 1242 2708; x_wconf 83' lang='lat' dir='ltr'>invenisse</span> <span class='ocrx_word' id='word_1_239' title='bbox 1256 2653 1420 2725; x_wconf 91' lang='lat' dir='ltr'>apud</span> <span class='ocrx_word' id='word_1_240' title='bbox 1438 2669 1544 2707; x_wconf 91' lang='lat' dir='ltr'>vos</span> <span class='ocrx_word' id='word_1_241' title='bbox 1562 2652 1634 2708; x_wconf 89' lang='lat' dir='ltr'>de</span> <span class='ocrx_word' id='word_1_242' title='bbox 1653 2652 1830 2707; x_wconf 91' lang='lat' dir='ltr'>nobis</span> <span class='ocrx_word' id='word_1_243' title='bbox 1844 2651 2157 2716; x_wconf 85' lang='lat' dir='ltr'>nefandas,</span> 
     </span>
    </p>
   </div>
   <div class='ocr_carea' id='block_1_40' title="bbox 499 2739 2163 2818">
    <p class='ocr_par' dir='ltr' id='par_1_40' title="bbox 499 2739 2163 2818">
     <span class='ocr_line' id='line_1_40' title="bbox 499 2739 2163 2818; baseline -0.003 -19"><span class='ocrx_word' id='word_1_244' title='bbox 499 2744 834 2818; x_wconf 86' lang='lat' dir='ltr'>qualesque</span> <span class='ocrx_word' id='word_1_245' title='bbox 877 2742 1256 2815; x_wconf 89' lang='lat' dir='ltr'>protulerint,</span> <span class='ocrx_word' id='word_1_246' title='bbox 1314 2743 1417 2814; x_wconf 91' lang='lat' dir='ltr'>qui</span> <span class='ocrx_word' id='word_1_247' title='bbox 1449 2758 1571 2798; x_wconf 94' lang='lat' dir='ltr'>non</span> <span class='ocrx_word' id='word_1_248' title='bbox 1601 2746 1955 2814; x_wconf 77' lang='lat' dir='ltr'>exspectant</span> <span class='ocrx_word' id='word_1_249' title='bbox 1977 2757 2040 2795; x_wconf 92' lang='lat' dir='ltr'>se</span> <span class='ocrx_word' id='word_1_250' title='bbox 2072 2739 2163 2795; x_wconf 86' lang='lat' dir='ltr'>vel</span> 
     </span>
    </p>
   </div>
   <div class='ocr_carea' id='block_1_41' title="bbox 499 2831 2160 2901">
    <p class='ocr_par' dir='ltr' id='par_1_41' title="bbox 499 2831 2160 2901">
     <span class='ocr_line' id='line_1_41' title="bbox 499 2831 2160 2901; baseline -0.002 -12"><span class='ocrx_word' id='word_1_251' title='bbox 499 2833 674 2890; x_wconf 90' lang='lat' dir='ltr'>otiosi</span> <span class='ocrx_word' id='word_1_252' title='bbox 703 2833 870 2888; x_wconf 87' lang='lat' dir='ltr'>verbi</span> <span class='ocrx_word' id='word_1_253' title='bbox 891 2833 1187 2888; x_wconf 90' lang='lat' dir='ltr'>rationem</span> <span class='ocrx_word' id='word_1_254' title='bbox 1207 2831 1546 2888; x_wconf 87' lang='lat' dir='ltr'>reddituros</span> <span class='ocrx_word' id='word_1_255' title='bbox 1573 2831 1767 2887; x_wconf 90' lang='lat' dir='ltr'>Judici</span> <span class='ocrx_word' id='word_1_256' title='bbox 1790 2832 1850 2886; x_wconf 91' lang='lat' dir='ltr'>in</span> <span class='ocrx_word' id='word_1_257' title='bbox 1871 2831 1968 2886; x_wconf 88' lang='lat' dir='ltr'>die</span> <span class='ocrx_word' id='word_1_258' title='bbox 1994 2831 2160 2901; x_wconf 91' lang='lat' dir='ltr'>justo</span> 
     </span>
    </p>
   </div>
   <div class='ocr_carea' id='block_1_42' title="bbox 496 2921 2161 2991">
    <p class='ocr_par' dir='ltr' id='par_1_42' title="bbox 496 2921 2161 2991">
     <span class='ocr_line' id='line_1_42' title="bbox 496 2921 2161 2991; baseline -0.002 -13"><span class='ocrx_word' id='word_1_259' title='bbox 496 2922 902 2978; x_wconf 85' lang='lat' dir='ltr'>retributionis</span> <span class='ocrx_word' id='word_1_260' title='bbox 931 2921 1311 2987; x_wconf 85' lang='lat' dir='ltr'>illius.Quare</span> <span class='ocrx_word' id='word_1_261' title='bbox 1344 2923 1567 2990; x_wconf 88' lang='lat' dir='ltr'>gratias</span> <span class='ocrx_word' id='word_1_262' title='bbox 1607 2921 1705 2991; x_wconf 90' lang='lat' dir='ltr'>egi</span> <span class='ocrx_word' id='word_1_263' title='bbox 1736 2921 2161 2985; x_wconf 89' lang='lat' dir='ltr'>Domino,cum</span> 
     </span>
    </p>
   </div>
   <div class='ocr_carea' id='block_1_43' title="bbox 495 3012 2155 3086">
    <p class='ocr_par' dir='ltr' id='par_1_43' title="bbox 495 3012 2155 3086">
     <span class='ocr_line' id='line_1_43' title="bbox 495 3012 2155 3086; baseline -0.004 -16"><span class='ocrx_word' id='word_1_264' title='bbox 495 3013 624 3086; x_wconf 90' lang='lat' dir='ltr'>ipse</span> <span class='ocrx_word' id='word_1_265' title='bbox 651 3019 900 3069; x_wconf 88' lang='lat' dir='ltr'>sanatus</span> <span class='ocrx_word' id='word_1_266' title='bbox 944 3029 1018 3068; x_wconf 84' lang='lat' dir='ltr'>ex</span> <span class='ocrx_word' id='word_1_267' title='bbox 1046 3013 1228 3068; x_wconf 79' lang='lat' dir='ltr'>noxia</span> <span class='ocrx_word' id='word_1_268' title='bbox 1275 3012 1350 3068; x_wconf 89' lang='lat' dir='ltr'>de</span> <span class='ocrx_word' id='word_1_269' title='bbox 1382 3013 1554 3068; x_wconf 86' lang='lat' dir='ltr'>vobis</span> <span class='ocrx_word' id='word_1_270' title='bbox 1586 3012 1893 3084; x_wconf 89' lang='lat' dir='ltr'>opinione,</span> <span class='ocrx_word' id='word_1_271' title='bbox 1949 3026 2155 3083; x_wconf 86' lang='lat' dir='ltr'>quam,</span> 
     </span>
    </p>
   </div>
   <div class='ocr_carea' id='block_1_44' title="bbox 497 3102 2159 3172">
    <p class='ocr_par' dir='ltr' id='par_1_44' title="bbox 497 3102 2159 3172">
     <span class='ocr_line' id='line_1_44' title="bbox 497 3102 2159 3172; baseline -0.002 -14"><span class='ocrx_word' id='word_1_272' title='bbox 497 3108 564 3158; x_wconf 89' lang='lat' dir='ltr'>ut</span> <span class='ocrx_word' id='word_1_273' title='bbox 592 3102 915 3159; x_wconf 88' lang='lat' dir='ltr'>verisimile</span> <span class='ocrx_word' id='word_1_274' title='bbox 946 3107 1054 3170; x_wconf 88' lang='lat' dir='ltr'>est,</span> <span class='ocrx_word' id='word_1_275' title='bbox 1081 3119 1154 3157; x_wconf 78' lang='lat' dir='ltr'>ex</span> <span class='ocrx_word' id='word_1_276' title='bbox 1184 3102 1500 3157; x_wconf 89' lang='lat' dir='ltr'>hominum</span> <span class='ocrx_word' id='word_1_277' title='bbox 1525 3102 1829 3158; x_wconf 87' lang='lat' dir='ltr'>calumnia</span> <span class='ocrx_word' id='word_1_278' title='bbox 1882 3116 2159 3172; x_wconf 89' lang='lat' dir='ltr'>suscepe-</span> 
     </span>
    </p>
   </div>
   <div class='ocr_carea' id='block_1_45' title="bbox 494 3189 2158 3263">
    <p class='ocr_par' dir='ltr' id='par_1_45' title="bbox 494 3189 2158 3263">
     <span class='ocr_line' id='line_1_45' title="bbox 494 3189 2158 3263; baseline -0.002 -15"><span class='ocrx_word' id='word_1_279' title='bbox 494 3208 652 3259; x_wconf 86' lang='lat' dir='ltr'>ram;</span> <span class='ocrx_word' id='word_1_280' title='bbox 683 3197 810 3248; x_wconf 91' lang='lat' dir='ltr'>tum</span> <span class='ocrx_word' id='word_1_281' title='bbox 843 3192 1022 3247; x_wconf 88' lang='lat' dir='ltr'>etiam</span> <span class='ocrx_word' id='word_1_282' title='bbox 1050 3207 1157 3247; x_wconf 84' lang='lat' dir='ltr'>vos</span> <span class='ocrx_word' id='word_1_283' title='bbox 1191 3191 1447 3246; x_wconf 90' lang='lat' dir='ltr'>audiens</span> <span class='ocrx_word' id='word_1_284' title='bbox 1478 3191 1840 3263; x_wconf 86' lang='lat' dir='ltr'>deposuisse</span> <span class='ocrx_word' id='word_1_285' title='bbox 1870 3189 2054 3245; x_wconf 88' lang='lat' dir='ltr'>falsas</span> <span class='ocrx_word' id='word_1_286' title='bbox 2085 3189 2158 3244; x_wconf 92' lang='lat' dir='ltr'>de</span> 
     </span>
    </p>
   </div>
   <div class='ocr_carea' id='block_1_46' title="bbox 2921 1906 3247 1961">
    <p class='ocr_par' dir='ltr' id='par_1_46' title="bbox 2921 1906 3247 1961">
     <span class='ocr_line' id='line_1_46' title="bbox 2921 1906 3247 1961; baseline 0.012 -9"><span class='ocrx_word' id='word_1_287' title='bbox 2921 1906 3247 1961; x_wconf 87' lang='grc' dir='ltr'>Κανονικαῖς.</span> 
     </span>
    </p>
   </div>
   <div class='ocr_carea' id='block_1_47' title="bbox 2350 2022 3887 2104">
    <p class='ocr_par' dir='ltr' id='par_1_47' title="bbox 2350 2022 3887 2104">
     <span class='ocr_line' id='line_1_47' title="bbox 2350 2022 3887 2104; baseline 0.003 -26"><span class='ocrx_word' id='word_1_288' title='bbox 2350 2027 2398 2080; x_wconf 76' lang='grc'>1.</span> <span class='ocrx_word' id='word_1_289' title='bbox 2438 2022 2600 2077; x_wconf 88' lang='grc' dir='ltr'>Ὀσον</span> <span class='ocrx_word' id='word_1_290' title='bbox 2652 2025 2861 2082; x_wconf 78' lang='grc' dir='ltr'>ἠνίασεν</span> <span class='ocrx_word' id='word_1_291' title='bbox 2914 2026 3053 2097; x_wconf 82' lang='grc' dir='ltr'>ἡμᾶς</span> <span class='ocrx_word' id='word_1_292' title='bbox 3097 2030 3345 2101; x_wconf 85' lang='grc' dir='ltr'>πρότερον</span> <span class='ocrx_word' id='word_1_293' title='bbox 3370 2031 3515 2100; x_wconf 75' lang='grc' dir='ltr'>φήμη</span> <span class='ocrx_word' id='word_1_294' title='bbox 3543 2027 3754 2104; x_wconf 76' lang='grc' dir='ltr'>λυπηρά</span> <span class='ocrx_word' id='word_1_295' title='bbox 3790 2032 3887 2092; x_wconf 76' lang='grc' dir='ltr'>τὰς</span> 
     </span>
    </p>
   </div>
   <div class='ocr_carea' id='block_1_48' title="bbox 2276 2111 3886 2192">
    <p class='ocr_par' dir='ltr' id='par_1_48' title="bbox 2276 2111 3886 2192">
     <span class='ocr_line' id='line_1_48' title="bbox 2276 2111 3886 2192; baseline 0.005 -28"><span class='ocrx_word' id='word_1_296' title='bbox 2276 2111 2438 2175; x_wconf 74' lang='grc' dir='ltr'>ἀκοὰς</span> <span class='ocrx_word' id='word_1_297' title='bbox 2484 2116 2631 2186; x_wconf 77' lang='grc' dir='ltr'>ἡμῶν</span> <span class='ocrx_word' id='word_1_298' title='bbox 2692 2119 3100 2188; x_wconf 73' lang='grc' dir='ltr'>περιηχήσασα,</span> <span class='ocrx_word' id='word_1_299' title='bbox 3155 2124 3406 2168; x_wconf 81' lang='grc' dir='ltr'>τοσοῦτον</span> <span class='ocrx_word' id='word_1_300' title='bbox 3459 2121 3698 2192; x_wconf 76' lang='grc' dir='ltr'>εὔφρανεν</span> <span class='ocrx_word' id='word_1_301' title='bbox 3740 2121 3886 2192; x_wconf 70' lang='grc' dir='ltr'>ἡμᾶς</span> 
     </span>
    </p>
   </div>
   <div class='ocr_carea' id='block_1_49' title="bbox 2275 2201 3884 2279">
    <p class='ocr_par' dir='ltr' id='par_1_49' title="bbox 2275 2201 3884 2279">
     <span class='ocr_line' id='line_1_49' title="bbox 2275 2201 3884 2279; baseline 0.005 -25"><span class='ocrx_word' id='word_1_302' title='bbox 2275 2202 2716 2275; x_wconf 76' lang='grc' dir='ltr'>ὀθεοφιλέστατος</span> <span class='ocrx_word' id='word_1_303' title='bbox 2763 2202 3046 2266; x_wconf 82' lang='grc' dir='ltr'>ἐπίσκοπος</span> <span class='ocrx_word' id='word_1_304' title='bbox 3100 2206 3126 2256; x_wconf 84' lang='grc' dir='ltr'><strong><em>ὁ</em></strong></span> <span class='ocrx_word' id='word_1_305' title='bbox 3183 2201 3409 2278; x_wconf 74' lang='grc' dir='ltr'>ἀδελφὸς</span> <span class='ocrx_word' id='word_1_306' title='bbox 3465 2209 3610 2279; x_wconf 75' lang='grc' dir='ltr'>ἡμῶν</span> <span class='ocrx_word' id='word_1_307' title='bbox 3673 2215 3884 2262; x_wconf 83' lang='grc' dir='ltr'>Βοσπό-</span> 
     </span>
    </p>
   </div>
   <div class='ocr_carea' id='block_1_50' title="bbox 2273 2296 3883 2372">
    <p class='ocr_par' dir='ltr' id='par_1_50' title="bbox 2273 2296 3883 2372">
     <span class='ocr_line' id='line_1_50' title="bbox 2273 2296 3883 2372; baseline 0.005 -28"><span class='ocrx_word' id='word_1_308' title='bbox 2273 2313 2412 2366; x_wconf 86' lang='grc' dir='ltr'>ριος,</span> <span class='ocrx_word' id='word_1_309' title='bbox 2441 2296 2507 2345; x_wconf 80' lang='grc' dir='ltr'>τὰ</span> <span class='ocrx_word' id='word_1_310' title='bbox 2549 2313 2885 2368; x_wconf 76' lang='grc' dir='ltr'>χρηστοτερα</span> <span class='ocrx_word' id='word_1_311' title='bbox 2929 2299 3048 2368; x_wconf 83' lang='grc' dir='ltr'>περὶ</span> <span class='ocrx_word' id='word_1_312' title='bbox 3094 2304 3191 2357; x_wconf 83' lang='grc' dir='ltr'>τῆς</span> <span class='ocrx_word' id='word_1_313' title='bbox 3237 2301 3345 2358; x_wconf 79' lang='grc'><strong>(28)</strong></span> <span class='ocrx_word' id='word_1_314' title='bbox 3413 2297 3678 2360; x_wconf 75' lang='grc' dir='ltr'>εὐλαϐείας</span> <span class='ocrx_word' id='word_1_315' title='bbox 3736 2301 3883 2372; x_wconf 80' lang='grc' dir='ltr'>ὑμῶν</span> 
     </span>
    </p>
   </div>
   <div class='ocr_carea' id='block_1_51' title="bbox 2275 2379 3878 2460">
    <p class='ocr_par' dir='ltr' id='par_1_51' title="bbox 2275 2379 3878 2460">
     <span class='ocr_line' id='line_1_51' title="bbox 2275 2379 3878 2460; baseline 0.004 -26"><span class='ocrx_word' id='word_1_316' title='bbox 2275 2379 2686 2454; x_wconf 74' lang='grc' dir='ltr'>διηγησάμενος.</span> <span class='ocrx_word' id='word_1_317' title='bbox 2716 2381 2848 2454; x_wconf 71' lang='grc' dir='ltr'>Ἔφη</span> <span class='ocrx_word' id='word_1_318' title='bbox 2875 2386 2999 2457; x_wconf 82' lang='grc' dir='ltr'>γὰρ,</span> <span class='ocrx_word' id='word_1_319' title='bbox 3025 2392 3085 2456; x_wconf 75' lang='grc' dir='ltr'>τῇ</span> <span class='ocrx_word' id='word_1_320' title='bbox 3137 2392 3229 2437; x_wconf 75' lang='grc' dir='ltr'>τοῦ</span> <span class='ocrx_word' id='word_1_321' title='bbox 3298 2393 3432 2439; x_wconf 74' lang='grc' dir='ltr'>Θεοῦ</span> <span class='ocrx_word' id='word_1_322' title='bbox 3468 2389 3672 2460; x_wconf 78' lang='grc' dir='ltr'>χάριτι,</span> <span class='ocrx_word' id='word_1_323' title='bbox 3737 2391 3878 2440; x_wconf 74' lang='grc' dir='ltr'>πάν-</span> 
     </span>
    </p>
   </div>
   <div class='ocr_carea' id='block_1_52' title="bbox 2274 2470 3880 2549">
    <p class='ocr_par' dir='ltr' id='par_1_52' title="bbox 2274 2470 3880 2549">
     <span class='ocr_line' id='line_1_52' title="bbox 2274 2470 3880 2549; baseline 0.004 -26"><span class='ocrx_word' id='word_1_324' title='bbox 2274 2491 2339 2523; x_wconf 87' lang='grc' dir='ltr'>τα</span> <span class='ocrx_word' id='word_1_325' title='bbox 2403 2470 2570 2523; x_wconf 86' lang='grc' dir='ltr'>ἐκεῖνα</span> <span class='ocrx_word' id='word_1_326' title='bbox 2617 2474 2682 2524; x_wconf 79' lang='grc' dir='ltr'>τὰ</span> <span class='ocrx_word' id='word_1_327' title='bbox 2731 2471 3082 2546; x_wconf 83' lang='grc' dir='ltr'>θρυλληθέντα</span> <span class='ocrx_word' id='word_1_328' title='bbox 3139 2471 3420 2549; x_wconf 85' lang='grc' dir='ltr'>ἀνθρώπων</span> <span class='ocrx_word' id='word_1_329' title='bbox 3502 2472 3632 2528; x_wconf 81' lang='grc' dir='ltr'>εἶναι</span> <span class='ocrx_word' id='word_1_330' title='bbox 3712 2497 3880 2530; x_wconf 81' lang='grc' dir='ltr'>κατα-</span> 
     </span>
    </p>
   </div>
   <div class='ocr_carea' id='block_1_53' title="bbox 2274 2560 3884 2640">
    <p class='ocr_par' dir='ltr' id='par_1_53' title="bbox 2274 2560 3884 2640">
     <span class='ocr_line' id='line_1_53' title="bbox 2274 2560 3884 2640; baseline 0.004 -27"><span class='ocrx_word' id='word_1_331' title='bbox 2274 2562 2640 2634; x_wconf 82' lang='grc' dir='ltr'>σκευάσματα,</span> <span class='ocrx_word' id='word_1_332' title='bbox 2688 2561 2780 2613; x_wconf 71' lang='grc' dir='ltr'>οὐκ</span> <span class='ocrx_word' id='word_1_333' title='bbox 2837 2560 3068 2636; x_wconf 73' lang='grc' dir='ltr'>ἀκριϐῶς</span> <span class='ocrx_word' id='word_1_334' title='bbox 3115 2567 3209 2621; x_wconf 86' lang='grc' dir='ltr'>τὴν</span> <span class='ocrx_word' id='word_1_335' title='bbox 3268 2565 3388 2616; x_wconf 79' lang='grc' dir='ltr'>καθ’</span> <span class='ocrx_word' id='word_1_336' title='bbox 3434 2566 3571 2637; x_wconf 79' lang='grc' dir='ltr'>ὑμᾶς</span> <span class='ocrx_word' id='word_1_337' title='bbox 3600 2565 3884 2640; x_wconf 85' lang='grc' dir='ltr'>ἐπισταμέ-</span> 
     </span>
    </p>
   </div>
   <div class='ocr_carea' id='block_1_54' title="bbox 2270 2649 3886 2726">
    <p class='ocr_par' dir='ltr' id='par_1_54' title="bbox 2270 2649 3886 2726">
     <span class='ocr_line' id='line_1_54' title="bbox 2270 2649 3886 2726; baseline 0.005 -25"><span class='ocrx_word' id='word_1_338' title='bbox 2270 2671 2366 2702; x_wconf 89' lang='grc' dir='ltr'>νων</span> <span class='ocrx_word' id='word_1_339' title='bbox 2417 2649 2674 2709; x_wconf 77' lang='grc' dir='ltr'>ἀλήθειαν.</span> <span class='ocrx_word' id='word_1_340' title='bbox 2726 2653 3034 2726; x_wconf 85' lang='grc' dir='ltr'>Προσετίθει</span> <span class='ocrx_word' id='word_1_341' title='bbox 3235 2649 3316 2721; x_wconf 76' lang='grc' dir='ltr'>δὲ,</span> <span class='ocrx_word' id='word_1_342' title='bbox 3362 2655 3444 2706; x_wconf 85' lang='grc' dir='ltr'>ὅτι</span> <span class='ocrx_word' id='word_1_343' title='bbox 3491 2660 3583 2707; x_wconf 83' lang='grc' dir='ltr'>καὶ</span> <span class='ocrx_word' id='word_1_344' title='bbox 3634 2653 3886 2719; x_wconf 73' lang='grc' dir='ltr'>διαϐολὰς</span> 
     </span>
    </p>
   </div>
   <div class='ocr_carea' id='block_1_55' title="bbox 2271 2736 3884 2816">
    <p class='ocr_par' dir='ltr' id='par_1_55' title="bbox 2271 2736 3884 2816">
     <span class='ocr_line' id='line_1_55' title="bbox 2271 2736 3884 2816; baseline 0.005 -24"><span class='ocrx_word' id='word_1_345' title='bbox 2271 2736 2385 2814; x_wconf 75' lang='grc' dir='ltr'>εὗρε</span> <span class='ocrx_word' id='word_1_346' title='bbox 2442 2739 2565 2816; x_wconf 85' lang='grc' dir='ltr'>παρ’</span> <span class='ocrx_word' id='word_1_347' title='bbox 2620 2741 2740 2812; x_wconf 83' lang='grc' dir='ltr'>ὑμῖν</span> <span class='ocrx_word' id='word_1_348' title='bbox 2802 2741 2921 2792; x_wconf 89' lang='grc' dir='ltr'>καθ’</span> <span class='ocrx_word' id='word_1_349' title='bbox 2969 2743 3116 2814; x_wconf 78' lang='grc' dir='ltr'>ἡμῶν</span> <span class='ocrx_word' id='word_1_350' title='bbox 3185 2741 3423 2811; x_wconf 80' lang='grc' dir='ltr'>ἀνοσίας,</span> <span class='ocrx_word' id='word_1_351' title='bbox 3464 2749 3554 2797; x_wconf 81' lang='grc' dir='ltr'>καὶ</span> <span class='ocrx_word' id='word_1_352' title='bbox 3632 2750 3884 2809; x_wconf 71' lang='grc' dir='ltr'>τοιαύτας</span> 
     </span>
    </p>
   </div>
   <div class='ocr_carea' id='block_1_56' title="bbox 2270 2827 3893 2909">
    <p class='ocr_par' dir='ltr' id='par_1_56' title="bbox 2270 2827 3893 2909">
     <span class='ocr_line' id='line_1_56' title="bbox 2270 2827 3893 2909; baseline 0.004 -27"><span class='ocrx_word' id='word_1_353' title='bbox 2270 2832 2383 2890; x_wconf 88' lang='grc' dir='ltr'>οῑας</span> <span class='ocrx_word' id='word_1_354' title='bbox 2435 2828 2494 2881; x_wconf 79' lang='grc' dir='ltr'>ἂν</span> <span class='ocrx_word' id='word_1_355' title='bbox 2549 2833 2734 2882; x_wconf 81' lang='grc' dir='ltr'>εἰποιεν</span> <span class='ocrx_word' id='word_1_356' title='bbox 2782 2831 2831 2881; x_wconf 87' lang='grc' dir='ltr'>οἱ</span> <span class='ocrx_word' id='word_1_357' title='bbox 2894 2834 2964 2902; x_wconf 69' lang='grc' dir='ltr'>μὴ</span> <span class='ocrx_word' id='word_1_358' title='bbox 3017 2827 3360 2904; x_wconf 75' lang='grc' dir='ltr'>ἐκδεχόμενοι</span> <span class='ocrx_word' id='word_1_359' title='bbox 3415 2839 3505 2886; x_wconf 87' lang='grc' dir='ltr'>καὶ</span> <span class='ocrx_word' id='word_1_360' title='bbox 3563 2839 3678 2908; x_wconf 75' lang='grc' dir='ltr'>περὶ</span> <span class='ocrx_word' id='word_1_361' title='bbox 3715 2832 3893 2909; x_wconf 57' lang='grc' dir='ltr'>ἀργοῦ</span> 
     </span>
    </p>
   </div>
   <div class='ocr_carea' id='block_1_57' title="bbox 2267 2915 3883 2997">
    <p class='ocr_par' dir='ltr' id='par_1_57' title="bbox 2267 2915 3883 2997">
     <span class='ocr_line' id='line_1_57' title="bbox 2267 2915 3883 2997; baseline 0.005 -27"><span class='ocrx_word' id='word_1_362' title='bbox 2267 2919 2498 2993; x_wconf 77' lang='grc' dir='ltr'>ῥήματος</span> <span class='ocrx_word' id='word_1_363' title='bbox 2549 2915 2738 2972; x_wconf 70' lang='grc' dir='ltr'>δώσειν</span> <span class='ocrx_word' id='word_1_364' title='bbox 2794 2919 2944 2990; x_wconf 83' lang='grc' dir='ltr'>λόγον</span> <span class='ocrx_word' id='word_1_365' title='bbox 2986 2928 3058 2990; x_wconf 81' lang='grc' dir='ltr'>τῷ</span> <span class='ocrx_word' id='word_1_366' title='bbox 3112 2928 3274 2994; x_wconf 79' lang='grc' dir='ltr'>Κριτῇ</span> <span class='ocrx_word' id='word_1_367' title='bbox 3324 2920 3372 2973; x_wconf 77' lang='grc' dir='ltr'>ἐν</span> <span class='ocrx_word' id='word_1_368' title='bbox 3403 2924 3572 2997; x_wconf 77' lang='grc' dir='ltr'>ἡμέρᾳ</span> <span class='ocrx_word' id='word_1_369' title='bbox 3602 2929 3700 2985; x_wconf 66' lang='grc' dir='ltr'>τῆς</span> <span class='ocrx_word' id='word_1_370' title='bbox 3728 2923 3883 2978; x_wconf 78' lang='grc' dir='ltr'>ἀντα‹</span> 
     </span>
    </p>
   </div>
   <div class='ocr_carea' id='block_1_58' title="bbox 2267 3005 3884 3087">
    <p class='ocr_par' dir='ltr' id='par_1_58' title="bbox 2267 3005 3884 3087">
     <span class='ocr_line' id='line_1_58' title="bbox 2267 3005 3884 3087; baseline 0.005 -27"><span class='ocrx_word' id='word_1_371' title='bbox 2267 3005 2538 3070; x_wconf 74' lang='grc' dir='ltr'>ποδοσεως</span> <span class='ocrx_word' id='word_1_372' title='bbox 2568 3009 2728 3061; x_wconf 69' lang='grc' dir='ltr'>αὑτοῦ</span> <span class='ocrx_word' id='word_1_373' title='bbox 2759 3017 2819 3081; x_wconf 75' lang='grc' dir='ltr'>τῇ</span> <span class='ocrx_word' id='word_1_374' title='bbox 2851 3005 3040 3082; x_wconf 80' lang='grc' dir='ltr'>δικαίᾳ</span> <span class='ocrx_word' id='word_1_375' title='bbox 3080 3008 3216 3081; x_wconf 78' lang='grc'>(30).</span> <span class='ocrx_word' id='word_1_376' title='bbox 3277 3009 3438 3064; x_wconf 82' lang='grc' dir='ltr'>Ὠστε</span> <span class='ocrx_word' id='word_1_377' title='bbox 3491 3012 3884 3087; x_wconf 74' lang='grc' dir='ltr'>ηὖχαρίστησα</span> 
     </span>
    </p>
   </div>
   <div class='ocr_carea' id='block_1_59' title="bbox 2268 3097 3874 3172">
    <p class='ocr_par' dir='ltr' id='par_1_59' title="bbox 2268 3097 3874 3172">
     <span class='ocr_line' id='line_1_59' title="bbox 2268 3097 3874 3172; baseline 0.003 -23"><span class='ocrx_word' id='word_1_378' title='bbox 2268 3105 2339 3167; x_wconf 81' lang='grc' dir='ltr'>τῷ</span> <span class='ocrx_word' id='word_1_379' title='bbox 2400 3102 2596 3171; x_wconf 82' lang='grc' dir='ltr'>Κυρίῳ,</span> <span class='ocrx_word' id='word_1_380' title='bbox 2653 3097 2811 3159; x_wconf 71' lang='grc' dir='ltr'>αὐτὸς</span> <span class='ocrx_word' id='word_1_381' title='bbox 2858 3117 2910 3150; x_wconf 84' lang='grc' dir='ltr'>τε</span> <span class='ocrx_word' id='word_1_382' title='bbox 2963 3098 3126 3161; x_wconf 78' lang='grc' dir='ltr'>ἰαθεὶς</span> <span class='ocrx_word' id='word_1_383' title='bbox 3155 3104 3246 3157; x_wconf 75' lang='grc' dir='ltr'>τὴν</span> <span class='ocrx_word' id='word_1_384' title='bbox 3274 3098 3344 3172; x_wconf 71' lang='grc' dir='ltr'>ἐφ’</span> <span class='ocrx_word' id='word_1_385' title='bbox 3375 3101 3496 3172; x_wconf 81' lang='grc' dir='ltr'>ὑμῖν</span> <span class='ocrx_word' id='word_1_386' title='bbox 3538 3099 3874 3172; x_wconf 72' lang='grc' dir='ltr'>βλάϐην,ᾖν,</span> 
     </span>
    </p>
   </div>
   <div class='ocr_carea' id='block_1_60' title="bbox 2269 3185 3880 3267">
    <p class='ocr_par' dir='ltr' id='par_1_60' title="bbox 2269 3185 3880 3267">
     <span class='ocr_line' id='line_1_60' title="bbox 2269 3185 3880 3267; baseline 0.004 -29"><span class='ocrx_word' id='word_1_387' title='bbox 2269 3190 2337 3249; x_wconf 82' lang='grc' dir='ltr'>ὡς</span> <span class='ocrx_word' id='word_1_388' title='bbox 2395 3190 2574 3256; x_wconf 74' lang='grc' dir='ltr'>ἔοικεν,</span> <span class='ocrx_word' id='word_1_389' title='bbox 2629 3185 2682 3238; x_wconf 78' lang='grc' dir='ltr'>ἐκ</span> <span class='ocrx_word' id='word_1_390' title='bbox 2742 3192 3086 3260; x_wconf 70' lang='grc' dir='ltr'>συκοφαντίας</span> <span class='ocrx_word' id='word_1_391' title='bbox 3145 3185 3424 3264; x_wconf 79' lang='grc' dir='ltr'>ἀνθρώπων</span> <span class='ocrx_word' id='word_1_392' title='bbox 3482 3194 3621 3262; x_wconf 78' lang='grc' dir='ltr'>ἤμην</span> <span class='ocrx_word' id='word_1_393' title='bbox 3705 3212 3880 3267; x_wconf 87' lang='grc' dir='ltr'>παρα-</span> 
     </span>
    </p>
   </div>
   <div class='ocr_carea' id='block_1_61' title="bbox 494 3273 2156 3374">
    <p class='ocr_par' dir='ltr' id='par_1_61' title="bbox 494 3279 2156 3352">
     <span class='ocr_line' id='line_1_61' title="bbox 494 3279 2156 3352; baseline -0.002 -14"><span class='ocrx_word' id='word_1_394' title='bbox 494 3297 593 3338; x_wconf 91' lang='lat' dir='ltr'>me</span> <span class='ocrx_word' id='word_1_395' title='bbox 645 3281 1040 3352; x_wconf 90' lang='lat' dir='ltr'>suspiciones,</span> <span class='ocrx_word' id='word_1_396' title='bbox 1100 3281 1205 3336; x_wconf 91' lang='lat' dir='ltr'>ubi</span> <span class='ocrx_word' id='word_1_397' title='bbox 1243 3279 1498 3336; x_wconf 89' lang='lat' dir='ltr'>audistis</span> <span class='ocrx_word' id='word_1_398' title='bbox 1551 3279 1722 3352; x_wconf 65' lang='lat'>145</span> <span class='ocrx_word' id='word_1_399' title='bbox 1782 3295 1921 3352; x_wconf 64' lang='lat' dir='ltr'>quae</span> <span class='ocrx_word' id='word_1_400' title='bbox 1980 3279 2156 3335; x_wconf 85' lang='lat' dir='ltr'>frater</span> 
     </span>
    </p>
   </div>
   <div class='ocr_carea' id='block_1_62' title="bbox 2274 3273 3882 3374">
    <p class='ocr_par' dir='ltr' id='par_1_62' title="bbox 2274 3273 3882 3352">
     <span class='ocr_line' id='line_1_62' title="bbox 2274 3273 3882 3352; baseline 0.004 -24"><span class='ocrx_word' id='word_1_401' title='bbox 2274 3273 2567 3348; x_wconf 72' lang='grc' dir='ltr'>δεξάμενος,</span> <span class='ocrx_word' id='word_1_402' title='bbox 2618 3278 2754 3348; x_wconf 76' lang='grc' dir='ltr'>ὑμᾶς</span> <span class='ocrx_word' id='word_1_403' title='bbox 2799 3295 2854 3329; x_wconf 89' lang='grc' dir='ltr'>τε</span> <span class='ocrx_word' id='word_1_404' title='bbox 2907 3275 3138 3340; x_wconf 82' lang='grc' dir='ltr'>ἀκούσας</span> <span class='ocrx_word' id='word_1_405' title='bbox 3197 3276 3566 3331; x_wconf 83' lang='grc' dir='ltr'>ἀποτεθεῖσθαι</span> <span class='ocrx_word' id='word_1_406' title='bbox 3618 3283 3708 3343; x_wconf 82' lang='grc' dir='ltr'>τὰς</span> <span class='ocrx_word' id='word_1_407' title='bbox 3753 3281 3882 3352; x_wconf 67' lang='grc' dir='ltr'>ψευ-</span> 
     </span>
    </p>
   </div>
   <div class='ocr_carea' id='block_1_63' title="bbox 495 3368 2158 3441">
    <p class='ocr_par' dir='ltr' id='par_1_63' title="bbox 495 3368 2158 3441">
     <span class='ocr_line' id='line_1_63' title="bbox 495 3368 2158 3441; baseline -0.002 -15"><span class='ocrx_word' id='word_1_408' title='bbox 495 3375 700 3426; x_wconf 89' lang='lat' dir='ltr'>noster</span> <span class='ocrx_word' id='word_1_409' title='bbox 729 3369 1126 3425; x_wconf 80' lang='lat' dir='ltr'>asseveravit:</span> <span class='ocrx_word' id='word_1_410' title='bbox 1161 3372 1266 3441; x_wconf 89' lang='lat' dir='ltr'>qui</span> <span class='ocrx_word' id='word_1_411' title='bbox 1289 3369 1536 3440; x_wconf 86' lang='lat' dir='ltr'>quidem</span> <span class='ocrx_word' id='word_1_412' title='bbox 1569 3370 1743 3424; x_wconf 88' lang='lat' dir='ltr'>vobis</span> <span class='ocrx_word' id='word_1_413' title='bbox 1773 3385 1946 3424; x_wconf 89' lang='lat' dir='ltr'>suam</span> <span class='ocrx_word' id='word_1_414' title='bbox 1969 3368 2158 3441; x_wconf 90' lang='lat' dir='ltr'>ipsius</span> 
     </span>
    </p>
   </div>
   <div class='ocr_carea' id='block_1_64' title="bbox 496 3456 2158 3529">
    <p class='ocr_par' dir='ltr' id='par_1_64' title="bbox 496 3456 2158 3529">
     <span class='ocr_line' id='line_1_64' title="bbox 496 3456 2158 3529; baseline 0 -17"><span class='ocrx_word' id='word_1_415' title='bbox 496 3458 855 3513; x_wconf 89' lang='lat' dir='ltr'>sententiam</span> <span class='ocrx_word' id='word_1_416' title='bbox 881 3457 1028 3512; x_wconf 91' lang='lat' dir='ltr'>dum</span> <span class='ocrx_word' id='word_1_417' title='bbox 1043 3457 1596 3529; x_wconf 75' lang='lat' dir='ltr'>exposuit,omnino</span> <span class='ocrx_word' id='word_1_418' title='bbox 1610 3462 1665 3512; x_wconf 91' lang='lat' dir='ltr'>et</span> <span class='ocrx_word' id='word_1_419' title='bbox 1681 3461 1953 3512; x_wconf 89' lang='lat' dir='ltr'>nostram</span> <span class='ocrx_word' id='word_1_420' title='bbox 1977 3456 2158 3512; x_wconf 90' lang='lat' dir='ltr'>simul</span> 
     </span>
    </p>
   </div>
   <div class='ocr_carea' id='block_1_65' title="bbox 493 3545 2156 3619">
    <p class='ocr_par' dir='ltr' id='par_1_65' title="bbox 493 3545 2156 3619">
     <span class='ocr_line' id='line_1_65' title="bbox 493 3545 2156 3619; baseline -0.002 -16"><span class='ocrx_word' id='word_1_421' title='bbox 493 3546 980 3603; x_wconf 88' lang='lat' dir='ltr'>declaravit.Una</span> <span class='ocrx_word' id='word_1_422' title='bbox 996 3546 1147 3602; x_wconf 89' lang='lat' dir='ltr'>enim</span> <span class='ocrx_word' id='word_1_423' title='bbox 1162 3547 1220 3601; x_wconf 89' lang='lat' dir='ltr'>in</span> <span class='ocrx_word' id='word_1_424' title='bbox 1237 3551 1492 3619; x_wconf 90' lang='lat' dir='ltr'>utroque</span> <span class='ocrx_word' id='word_1_425' title='bbox 1508 3553 1785 3602; x_wconf 89' lang='lat' dir='ltr'>nostrum</span> <span class='ocrx_word' id='word_1_426' title='bbox 1798 3545 1873 3601; x_wconf 94' lang='lat' dir='ltr'>de</span> <span class='ocrx_word' id='word_1_427' title='bbox 1888 3546 2006 3601; x_wconf 88' lang='lat' dir='ltr'>ﬁde</span> <span class='ocrx_word' id='word_1_428' title='bbox 2025 3562 2156 3601; x_wconf 90' lang='lat' dir='ltr'>sen-</span> 
     </span>
    </p>
   </div>
   <div class='ocr_carea' id='block_1_66' title="bbox 493 3636 2153 3706">
    <p class='ocr_par' dir='ltr' id='par_1_66' title="bbox 493 3636 2153 3706">
     <span class='ocr_line' id='line_1_66' title="bbox 493 3636 2153 3706; baseline -0.001 -14"><span class='ocrx_word' id='word_1_429' title='bbox 493 3637 678 3693; x_wconf 84' lang='lat' dir='ltr'>tentia</span> <span class='ocrx_word' id='word_1_430' title='bbox 711 3655 723 3692; x_wconf 92' lang='lat'>:</span> <span class='ocrx_word' id='word_1_431' title='bbox 770 3636 1075 3706; x_wconf 88' lang='lat' dir='ltr'>siquidem</span> <span class='ocrx_word' id='word_1_432' title='bbox 1099 3641 1154 3692; x_wconf 92' lang='lat' dir='ltr'>et</span> <span class='ocrx_word' id='word_1_433' title='bbox 1185 3637 1542 3692; x_wconf 88' lang='lat' dir='ltr'>eorumdem</span> <span class='ocrx_word' id='word_1_434' title='bbox 1593 3639 1831 3692; x_wconf 90' lang='lat' dir='ltr'>Patrum</span> <span class='ocrx_word' id='word_1_435' title='bbox 1883 3636 2153 3691; x_wconf 58' lang='lat' dir='ltr'>haeredes</span> 
     </span>
    </p>
   </div>
   <div class='ocr_carea' id='block_1_67' title="bbox 493 3725 2155 3797">
    <p class='ocr_par' dir='ltr' id='par_1_67' title="bbox 493 3725 2155 3797">
     <span class='ocr_line' id='line_1_67' title="bbox 493 3725 2155 3797; baseline -0.001 -16"><span class='ocrx_word' id='word_1_436' title='bbox 493 3725 835 3797; x_wconf 85' lang='lat' dir='ltr'>sumus,qui</span> <span class='ocrx_word' id='word_1_437' title='bbox 864 3725 1170 3797; x_wconf 88' lang='lat' dir='ltr'>quondam</span> <span class='ocrx_word' id='word_1_438' title='bbox 1190 3726 1397 3782; x_wconf 71' lang='lat' dir='ltr'>Nicaeae</span> <span class='ocrx_word' id='word_1_439' title='bbox 1429 3741 1724 3795; x_wconf 90' lang='lat' dir='ltr'>magnum</span> <span class='ocrx_word' id='word_1_440' title='bbox 1755 3725 1989 3797; x_wconf 89' lang='lat' dir='ltr'>pietatis</span> <span class='ocrx_word' id='word_1_441' title='bbox 2006 3741 2155 3797; x_wconf 72' lang='lat' dir='ltr'>pra:-</span> 
     </span>
    </p>
   </div>
   <div class='ocr_carea' id='block_1_68' title="bbox 489 3815 2158 3888">
    <p class='ocr_par' dir='ltr' id='par_1_68' title="bbox 489 3815 2158 3888">
     <span class='ocr_line' id='line_1_68' title="bbox 489 3815 2158 3888; baseline -0.001 -17"><span class='ocrx_word' id='word_1_442' title='bbox 489 3815 737 3871; x_wconf 90' lang='lat' dir='ltr'>conium</span> <span class='ocrx_word' id='word_1_443' title='bbox 768 3815 1251 3886; x_wconf 86' lang='lat' dir='ltr'>promulgarunt:</span> <span class='ocrx_word' id='word_1_444' title='bbox 1285 3815 1460 3887; x_wconf 91' lang='lat' dir='ltr'>cujus</span> <span class='ocrx_word' id='word_1_445' title='bbox 1482 3815 1724 3888; x_wconf 66' lang='lat' dir='ltr'>reliquae</span> <span class='ocrx_word' id='word_1_446' title='bbox 1747 3815 1995 3888; x_wconf 89' lang='lat' dir='ltr'>quidem</span> <span class='ocrx_word' id='word_1_447' title='bbox 2022 3831 2158 3887; x_wconf 87' lang='lat' dir='ltr'>par-</span> 
     </span>
    </p>
   </div>
   <div class='ocr_carea' id='block_1_69' title="bbox 493 3904 2156 3973">
    <p class='ocr_par' dir='ltr' id='par_1_69' title="bbox 493 3904 2156 3973">
     <span class='ocr_line' id='line_1_69' title="bbox 493 3904 2156 3973; baseline 0.001 -13"><span class='ocrx_word' id='word_1_448' title='bbox 493 3910 580 3960; x_wconf 90' lang='lat' dir='ltr'>tes</span> <span class='ocrx_word' id='word_1_449' title='bbox 604 3904 925 3960; x_wconf 65' lang='lat' dir='ltr'>calumniaa</span> <span class='ocrx_word' id='word_1_450' title='bbox 953 3905 1100 3960; x_wconf 88' lang='lat' dir='ltr'>nulli</span> <span class='ocrx_word' id='word_1_451' title='bbox 1127 3905 1406 3961; x_wconf 66' lang='lat' dir='ltr'>obnoxiae</span> <span class='ocrx_word' id='word_1_452' title='bbox 1429 3912 1601 3973; x_wconf 91' lang='lat' dir='ltr'>sunt;</span> <span class='ocrx_word' id='word_1_453' title='bbox 1628 3905 1734 3961; x_wconf 85' lang='lat' dir='ltr'>sed</span> <span class='ocrx_word' id='word_1_454' title='bbox 1762 3921 1973 3961; x_wconf 91' lang='lat' dir='ltr'>vocem</span> <span class='ocrx_word' id='word_1_455' title='bbox 2005 3908 2156 3961; x_wconf 87' lang='lat' dir='ltr'>Con-</span> 
     </span>
    </p>
   </div>
   <div class='ocr_carea' id='block_1_70' title="bbox 493 3992 2154 4068">
    <p class='ocr_par' dir='ltr' id='par_1_70' title="bbox 493 3992 2154 4068">
     <span class='ocr_line' id='line_1_70' title="bbox 493 3992 2154 4068; baseline 0.002 -22"><span class='ocrx_word' id='word_1_456' title='bbox 493 3992 907 4048; x_wconf 89' lang='lat' dir='ltr'>substantialis</span> <span class='ocrx_word' id='word_1_457' title='bbox 931 3994 1088 4048; x_wconf 92' lang='lat' dir='ltr'>male</span> <span class='ocrx_word' id='word_1_458' title='bbox 1117 4011 1154 4050; x_wconf 91' lang='lat' dir='ltr'>a</span> <span class='ocrx_word' id='word_1_459' title='bbox 1175 3994 1479 4050; x_wconf 90' lang='lat' dir='ltr'>nonnullis</span> <span class='ocrx_word' id='word_1_460' title='bbox 1520 4000 1854 4066; x_wconf 90' lang='lat' dir='ltr'>acceptam,</span> <span class='ocrx_word' id='word_1_461' title='bbox 1888 4000 2028 4050; x_wconf 88' lang='lat' dir='ltr'>sunt</span> <span class='ocrx_word' id='word_1_462' title='bbox 2047 3995 2154 4068; x_wconf 90' lang='lat' dir='ltr'>qui</span> 
     </span>
    </p>
   </div>
   <div class='ocr_carea' id='block_1_71' title="bbox 489 4080 2152 4155">
    <p class='ocr_par' dir='ltr' id='par_1_71' title="bbox 489 4080 2152 4155">
     <span class='ocr_line' id='line_1_71' title="bbox 489 4080 2152 4155; baseline 0.003 -20"><span class='ocrx_word' id='word_1_463' title='bbox 489 4080 767 4136; x_wconf 91' lang='lat' dir='ltr'>nondum</span> <span class='ocrx_word' id='word_1_464' title='bbox 821 4083 1174 4153; x_wconf 88' lang='lat' dir='ltr'>receperint:</span> <span class='ocrx_word' id='word_1_465' title='bbox 1210 4099 1365 4155; x_wconf 91' lang='lat' dir='ltr'>quos</span> <span class='ocrx_word' id='word_1_466' title='bbox 1409 4083 1545 4154; x_wconf 90' lang='lat' dir='ltr'>quis</span> <span class='ocrx_word' id='word_1_467' title='bbox 1575 4085 1786 4154; x_wconf 86' lang='lat' dir='ltr'>etjure</span> <span class='ocrx_word' id='word_1_468' title='bbox 1820 4085 2152 4155; x_wconf 86' lang='lat' dir='ltr'>reprehen-</span> 
     </span>
    </p>
   </div>
   <div class='ocr_carea' id='block_1_72' title="bbox 491 4168 2151 4242">
    <p class='ocr_par' dir='ltr' id='par_1_72' title="bbox 491 4168 2151 4242">
     <span class='ocr_line' id='line_1_72' title="bbox 491 4168 2151 4242; baseline 0.004 -19"><span class='ocrx_word' id='word_1_469' title='bbox 491 4168 665 4238; x_wconf 89' lang='lat' dir='ltr'>derit,</span> <span class='ocrx_word' id='word_1_470' title='bbox 720 4185 789 4225; x_wconf 89' lang='lat' dir='ltr'>ac</span> <span class='ocrx_word' id='word_1_471' title='bbox 822 4185 1029 4225; x_wconf 90' lang='lat' dir='ltr'>rursus</span> <span class='ocrx_word' id='word_1_472' title='bbox 1052 4171 1229 4226; x_wconf 90' lang='lat' dir='ltr'>venia</span> <span class='ocrx_word' id='word_1_473' title='bbox 1261 4171 1481 4242; x_wconf 87' lang='lat' dir='ltr'>dignos</span> <span class='ocrx_word' id='word_1_474' title='bbox 1524 4171 1826 4242; x_wconf 89' lang='lat' dir='ltr'>judicarit.</span> <span class='ocrx_word' id='word_1_475' title='bbox 1869 4175 2018 4228; x_wconf 89' lang='lat' dir='ltr'>Nam</span> <span class='ocrx_word' id='word_1_476' title='bbox 2051 4177 2151 4230; x_wconf 86' lang='lat' dir='ltr'>Pa-</span> 
     </span>
    </p>
   </div>
   <div class='ocr_carea' id='block_1_73' title="bbox 489 4258 2152 4330">
    <p class='ocr_par' dir='ltr' id='par_1_73' title="bbox 489 4258 2152 4330">
     <span class='ocr_line' id='line_1_73' title="bbox 489 4258 2152 4330; baseline 0.003 -16"><span class='ocrx_word' id='word_1_477' title='bbox 489 4261 649 4330; x_wconf 83' lang='lat' dir='ltr'>trum</span> <span class='ocrx_word' id='word_1_478' title='bbox 696 4258 962 4330; x_wconf 88' lang='lat' dir='ltr'>vestigiis</span> <span class='ocrx_word' id='word_1_479' title='bbox 1012 4275 1136 4315; x_wconf 91' lang='lat' dir='ltr'>non</span> <span class='ocrx_word' id='word_1_480' title='bbox 1188 4260 1480 4328; x_wconf 87' lang='lat' dir='ltr'>insistere,</span> <span class='ocrx_word' id='word_1_481' title='bbox 1547 4277 1660 4316; x_wconf 89' lang='lat' dir='ltr'>nec</span> <span class='ocrx_word' id='word_1_482' title='bbox 1701 4277 1812 4317; x_wconf 86' lang='lat' dir='ltr'>sua</span> <span class='ocrx_word' id='word_1_483' title='bbox 1851 4262 2152 4320; x_wconf 87' lang='lat' dir='ltr'>sententia</span> 
     </span>
    </p>
   </div>
   <div class='ocr_carea' id='block_1_74' title="bbox 487 4347 2148 4423">
    <p class='ocr_par' dir='ltr' id='par_1_74' title="bbox 487 4347 2148 4423">
     <span class='ocr_line' id='line_1_74' title="bbox 487 4347 2148 4423; baseline 0.003 -20"><span class='ocrx_word' id='word_1_484' title='bbox 487 4363 700 4404; x_wconf 88' lang='lat' dir='ltr'>vocem</span> <span class='ocrx_word' id='word_1_485' title='bbox 733 4347 974 4404; x_wconf 86' lang='lat' dir='ltr'>illorum</span> <span class='ocrx_word' id='word_1_486' title='bbox 1000 4349 1298 4421; x_wconf 90' lang='lat' dir='ltr'>potiorem</span> <span class='ocrx_word' id='word_1_487' title='bbox 1328 4349 1572 4420; x_wconf 89' lang='lat' dir='ltr'>ducere,</span> <span class='ocrx_word' id='word_1_488' title='bbox 1592 4367 1688 4406; x_wconf 92' lang='lat' dir='ltr'>res</span> <span class='ocrx_word' id='word_1_489' title='bbox 1712 4356 1804 4406; x_wconf 89' lang='lat' dir='ltr'>est</span> <span class='ocrx_word' id='word_1_490' title='bbox 1820 4352 2148 4423; x_wconf 89' lang='lat' dir='ltr'>reprehen-</span> 
     </span>
    </p>
   </div>
   <div class='ocr_carea' id='block_1_75' title="bbox 487 4437 2147 4512">
    <p class='ocr_par' dir='ltr' id='par_1_75' title="bbox 487 4437 2147 4512">
     <span class='ocr_line' id='line_1_75' title="bbox 487 4437 2147 4512; baseline 0.004 -20"><span class='ocrx_word' id='word_1_491' title='bbox 487 4437 654 4494; x_wconf 90' lang='lat' dir='ltr'>sione</span> <span class='ocrx_word' id='word_1_492' title='bbox 685 4437 890 4506; x_wconf 80' lang='lat' dir='ltr'>digna,</span> <span class='ocrx_word' id='word_1_493' title='bbox 938 4444 1003 4494; x_wconf 90' lang='lat' dir='ltr'>ut</span> <span class='ocrx_word' id='word_1_494' title='bbox 1041 4439 1222 4511; x_wconf 91' lang='lat' dir='ltr'>plena</span> <span class='ocrx_word' id='word_1_495' title='bbox 1252 4442 1635 4512; x_wconf 80' lang='lat' dir='ltr'>arrogantiae.</span> <span class='ocrx_word' id='word_1_496' title='bbox 1686 4443 1910 4496; x_wconf 80' lang='lat' dir='ltr'>Rursus</span> <span class='ocrx_word' id='word_1_497' title='bbox 1942 4447 2147 4499; x_wconf 89' lang='lat' dir='ltr'>autem</span> 
     </span>
    </p>
   </div>
   <div class='ocr_carea' id='block_1_76' title="bbox 486 4528 2142 4603">
    <p class='ocr_par' dir='ltr' id='par_1_76' title="bbox 486 4528 2142 4603">
     <span class='ocr_line' id='line_1_76' title="bbox 486 4528 2142 4603; baseline 0.003 -19"><span class='ocrx_word' id='word_1_498' title='bbox 486 4528 889 4602; x_wconf 86' lang='lat' dir='ltr'>vituperatam</span> <span class='ocrx_word' id='word_1_499' title='bbox 917 4529 996 4586; x_wconf 90' lang='lat' dir='ltr'>ab</span> <span class='ocrx_word' id='word_1_500' title='bbox 1027 4529 1158 4586; x_wconf 88' lang='lat' dir='ltr'>aliis</span> <span class='ocrx_word' id='word_1_501' title='bbox 1209 4546 1446 4597; x_wconf 88' lang='lat' dir='ltr'>vocem,</span> <span class='ocrx_word' id='word_1_502' title='bbox 1505 4536 1852 4603; x_wconf 89' lang='lat' dir='ltr'>suspectam</span> <span class='ocrx_word' id='word_1_503' title='bbox 1898 4531 2142 4603; x_wconf 86' lang='lat' dir='ltr'>habere,</span> 
     </span>
    </p>
   </div>
   <div class='ocr_carea' id='block_1_77' title="bbox 595 4671 1830 4745">
    <p class='ocr_par' dir='ltr' id='par_1_77' title="bbox 595 4671 1830 4745">
     <span class='ocr_line' id='line_1_77' title="bbox 595 4671 1830 4745; baseline 0.004 -18"><span class='ocrx_word' id='word_1_504' title='bbox 595 4671 756 4729; x_wconf 85' lang='lat' dir='ltr'>Alias</span> <span class='ocrx_word' id='word_1_505' title='bbox 781 4672 934 4728; x_wconf 89' lang='lat' dir='ltr'>CCC.</span> <span class='ocrx_word' id='word_1_506' title='bbox 971 4673 1203 4744; x_wconf 86' lang='lat' dir='ltr'>Scripta</span> <span class='ocrx_word' id='word_1_507' title='bbox 1225 4672 1395 4730; x_wconf 88' lang='lat' dir='ltr'>initio</span> <span class='ocrx_word' id='word_1_508' title='bbox 1418 4672 1830 4745; x_wconf 90' lang='lat' dir='ltr'>episcopatus.</span> 
     </span>
    </p>
   </div>
   <div class='ocr_carea' id='block_1_78' title="bbox 502 4743 2144 4829">
    <p class='ocr_par' dir='ltr' id='par_1_78' title="bbox 502 4743 2144 4829">
     <span class='ocr_line' id='line_1_78' title="bbox 502 4743 2144 4829; baseline 0.002 -31"><span class='ocrx_word' id='word_1_509' title='bbox 502 4811 516 4828; x_wconf 47' lang='lat'><strong>,</strong></span> <span class='ocrx_word' id='word_1_510' title='bbox 559 4747 668 4829; x_wconf 58' lang='lat'>(25)</span> <span class='ocrx_word' id='word_1_511' title='bbox 710 4751 1004 4802; x_wconf 85' lang='grc' dir='ltr'>Δεκαοκτώ,</span> <span class='ocrx_word' id='word_1_512' title='bbox 1055 4743 1211 4801; x_wconf 86' lang='lat' dir='ltr'>Harl.</span> <span class='ocrx_word' id='word_1_513' title='bbox 1255 4761 1395 4801; x_wconf 93' lang='lat' dir='ltr'>cum</span> <span class='ocrx_word' id='word_1_514' title='bbox 1426 4743 1668 4802; x_wconf 78' lang='lat' dir='ltr'>duobus</span> <span class='ocrx_word' id='word_1_515' title='bbox 1699 4745 1833 4802; x_wconf 88' lang='lat' dir='ltr'>aliis</span> <span class='ocrx_word' id='word_1_516' title='bbox 1867 4743 2000 4800; x_wconf 74' lang='grc' dir='ltr'>δέκα</span> <span class='ocrx_word' id='word_1_517' title='bbox 2053 4753 2144 4801; x_wconf 84' lang='grc' dir='ltr'>καὶ</span> 
     </span>
    </p>
   </div>
   <div class='ocr_carea' id='block_1_79' title="bbox 491 4832 2143 4964">
    <p class='ocr_par' dir='ltr' id='par_1_79' title="bbox 491 4832 2143 4964">
     <span class='ocr_line' id='line_1_79' title="bbox 491 4832 646 4865; baseline 0 -1"><span class='ocrx_word' id='word_1_518' title='bbox 491 4832 646 4865; x_wconf 86' lang='grc' dir='ltr'>οκτω.</span> 
     </span>
     <span class='ocr_line' id='line_1_80' title="bbox 562 4885 2143 4964; baseline 0.005 -27"><span class='ocrx_word' id='word_1_519' title='bbox 562 4885 825 4964; x_wconf 48' lang='grc' dir='ltr'>(ἓωηὪς</span> <span class='ocrx_word' id='word_1_520' title='bbox 877 4907 968 4940; x_wconf 89' lang='grc' dir='ltr'>και</span> <span class='ocrx_word' id='word_1_521' title='bbox 1022 4888 1198 4964; x_wconf 34' lang='lat' dir='ltr'>auito;</span> <span class='ocrx_word' id='word_1_522' title='bbox 1235 4887 1548 4964; x_wconf 74' lang='grc' dir='ltr'>ἐπίστασαι.</span> <span class='ocrx_word' id='word_1_523' title='bbox 1607 4891 1741 4964; x_wconf 63' lang='grc' dir='ltr'>Ηξεο</span> <span class='ocrx_word' id='word_1_524' title='bbox 1768 4889 2143 4964; x_wconf 68' lang='lat' dir='ltr'>addidimus</span> 
     </span>
    </p>
   </div>
   <div class='ocr_carea' id='block_1_80' title="bbox 493 4955 2147 5082">
    <p class='ocr_par' dir='ltr' id='par_1_80' title="bbox 493 4955 2147 5082">
     <span class='ocr_line' id='line_1_81' title="bbox 493 4955 2147 5082; baseline 0.005 -73"><span class='ocrx_word' id='word_1_525' title='bbox 493 4955 813 5082; x_wconf 51' lang='lat' dir='ltr'>Bagistlribus</span> <span class='ocrx_word' id='word_1_526' title='bbox 859 4961 1235 5033; x_wconf 89' lang='lat' dir='ltr'>perantiquis</span> <span class='ocrx_word' id='word_1_527' title='bbox 1290 4961 1604 5018; x_wconf 90' lang='lat' dir='ltr'>codicibus</span> <span class='ocrx_word' id='word_1_528' title='bbox 1659 4961 1844 5030; x_wconf 84' lang='lat' dir='ltr'>Med.,</span> <span class='ocrx_word' id='word_1_529' title='bbox 1897 4961 2055 5018; x_wconf 88' lang='lat' dir='ltr'>Harl.</span> <span class='ocrx_word' id='word_1_530' title='bbox 2089 4967 2147 5018; x_wconf 90' lang='lat' dir='ltr'>et</span> 
     </span>
    </p>
   </div>
   <div class='ocr_carea' id='block_1_81' title="bbox 561 5099 2146 5179">
    <p class='ocr_par' dir='ltr' id='par_1_81' title="bbox 561 5099 2146 5179">
     <span class='ocr_line' id='line_1_82' title="bbox 561 5099 2146 5179; baseline 0.001 -19"><span class='ocrx_word' id='word_1_531' title='bbox 561 5099 1189 5179; x_wconf 24' lang='lat' dir='ltr'>(QllAézgc‘rltaHarlv</span> <span class='ocrx_word' id='word_1_532' title='bbox 1236 5103 1414 5161; x_wconf 87' lang='lat' dir='ltr'>Coisl.</span> <span class='ocrx_word' id='word_1_533' title='bbox 1451 5106 1706 5177; x_wconf 89' lang='lat' dir='ltr'>Uterque</span> <span class='ocrx_word' id='word_1_534' title='bbox 1752 5109 1811 5162; x_wconf 90' lang='lat' dir='ltr'>et</span> <span class='ocrx_word' id='word_1_535' title='bbox 1838 5107 1980 5176; x_wconf 83' lang='lat' dir='ltr'>Reg.</span> <span class='ocrx_word' id='word_1_536' title='bbox 2047 5122 2146 5162; x_wconf 89' lang='lat' dir='ltr'>se-</span> 
     </span>
    </p>
   </div>
   <div class='ocr_carea' id='block_1_82' title="bbox 489 5167 1112 5240">
    <p class='ocr_par' dir='ltr' id='par_1_82' title="bbox 489 5167 1112 5240">
     <span class='ocr_line' id='line_1_83' title="bbox 489 5167 1112 5240; baseline 0.005 -16"><span class='ocrx_word' id='word_1_537' title='bbox 489 5167 746 5224; x_wconf 90' lang='lat' dir='ltr'>cundus.</span> <span class='ocrx_word' id='word_1_538' title='bbox 776 5167 932 5224; x_wconf 41' lang='lat' dir='ltr'>&#39;Er&#39;iiti</span> <span class='ocrx_word' id='word_1_539' title='bbox 956 5171 1112 5240; x_wconf 79' lang='grc' dir='ltr'>λέγει.</span> 
     </span>
    </p>
   </div>
   <div class='ocr_carea' id='block_1_83' title="bbox 512 5244 2144 5321">
    <p class='ocr_par' dir='ltr' id='par_1_83' title="bbox 512 5244 2144 5321">
     <span class='ocr_line' id='line_1_84' title="bbox 512 5244 2144 5321; baseline 0.005 -27"><span class='ocrx_word' id='word_1_540' title='bbox 512 5244 675 5321; x_wconf 37' lang='lat'>&quot;(2.8)</span> <span class='ocrx_word' id='word_1_541' title='bbox 707 5247 830 5313; x_wconf 80' lang='grc' dir='ltr'>Περὶ</span> <span class='ocrx_word' id='word_1_542' title='bbox 862 5251 922 5321; x_wconf 71' lang='grc' dir='ltr'>τῆ</span> <span class='ocrx_word' id='word_1_543' title='bbox 938 5262 976 5302; x_wconf 87' lang='grc' dir='ltr'>ς.</span> <span class='ocrx_word' id='word_1_544' title='bbox 1008 5247 1180 5321; x_wconf 83' lang='lat' dir='ltr'>Deest</span> <span class='ocrx_word' id='word_1_545' title='bbox 1204 5247 1550 5321; x_wconf 65' lang='lat' dir='ltr'>praepositio</span> <span class='ocrx_word' id='word_1_546' title='bbox 1595 5248 1656 5302; x_wconf 92' lang='lat' dir='ltr'>in</span> <span class='ocrx_word' id='word_1_547' title='bbox 1678 5252 1810 5304; x_wconf 94' lang='lat' dir='ltr'>octo</span> <span class='ocrx_word' id='word_1_548' title='bbox 1840 5247 2144 5305; x_wconf 89' lang='lat' dir='ltr'>veteribus</span> 
     </span>
    </p>
   </div>
   <div class='ocr_carea' id='block_1_84' title="bbox 485 5312 1819 5390">
    <p class='ocr_par' dir='ltr' id='par_1_84' title="bbox 485 5312 1819 5390">
     <span class='ocr_line' id='line_1_85' title="bbox 485 5312 1819 5390; baseline 0.002 -23"><span class='ocrx_word' id='word_1_549' title='bbox 485 5312 677 5390; x_wconf 80' lang='lat' dir='ltr'>libris,</span> <span class='ocrx_word' id='word_1_550' title='bbox 711 5312 836 5368; x_wconf 84' lang='lat' dir='ltr'>nOn</span> <span class='ocrx_word' id='word_1_551' title='bbox 871 5315 1171 5390; x_wconf 63' lang='lat' dir='ltr'>tamenin</span> <span class='ocrx_word' id='word_1_552' title='bbox 1200 5312 1564 5374; x_wconf 82' lang='lat' dir='ltr'>Coisliniano</span> <span class='ocrx_word' id='word_1_553' title='bbox 1602 5321 1819 5390; x_wconf 90' lang='lat' dir='ltr'>primo.</span> 
     </span>
    </p>
   </div>
   <div class='ocr_carea' id='block_1_85' title="bbox 559 5385 2145 5508">
    <p class='ocr_par' dir='ltr' id='par_1_85' title="bbox 559 5385 2145 5508">
     <span class='ocr_line' id='line_1_86' title="bbox 559 5385 2145 5508; baseline 0.006 -71"><span class='ocrx_word' id='word_1_554' title='bbox 559 5388 663 5443; x_wconf 73' lang='lat'>(29)</span> <span class='ocrx_word' id='word_1_555' title='bbox 706 5385 1030 5508; x_wconf 64' lang='grc' dir='ltr'>Πρὲσετίθει.</span> <span class='ocrx_word' id='word_1_556' title='bbox 1072 5387 1166 5441; x_wconf 87' lang='lat' dir='ltr'>Sic</span> <span class='ocrx_word' id='word_1_557' title='bbox 1227 5395 1457 5459; x_wconf 86' lang='lat' dir='ltr'>septem</span> <span class='ocrx_word' id='word_1_558' title='bbox 1501 5385 1647 5446; x_wconf 75' lang='grc' dir='ltr'>ωεέ.</span> <span class='ocrx_word' id='word_1_559' title='bbox 1681 5392 1941 5447; x_wconf 85' lang='lat' dir='ltr'>codices.</span> <span class='ocrx_word' id='word_1_560' title='bbox 1991 5389 2145 5448; x_wconf 81' lang='lat' dir='ltr'>Editi</span> 
     </span>
     <span class='ocr_line' id='line_1_87' title="bbox 566 5475 878 5508; baseline 0.01 -3"><span class='ocrx_word' id='word_1_561' title='bbox 566 5475 773 5508; x_wconf 85' lang='grc' dir='ltr'>οσεπετι</span> <span class='ocrx_word' id='word_1_562' title='bbox 815 5476 878 5508; x_wconf 86' lang='grc' dir='ltr'>ει.</span> 
     </span>
    </p>
   </div>
   <div class='ocr_carea' id='block_1_86' title="bbox 487 5473 2143 5605">
    <p class='ocr_par' dir='ltr' id='par_1_86' title="bbox 487 5473 2143 5605">
     <span class='ocr_line' id='line_1_88' title="bbox 487 5473 878 5528; baseline 0.01 -21"><span class='ocrx_word' id='word_1_563' title='bbox 487 5473 878 5528; x_wconf 78' lang='grc' dir='ltr'>προσεπετιυει.</span> 
     </span>
     <span class='ocr_line' id='line_1_89' title="bbox 489 5524 2143 5605; baseline 0.007 -26"><span class='ocrx_word' id='word_1_564' title='bbox 489 5596 529 5605; x_wconf 80' lang='lat'>_</span> <span class='ocrx_word' id='word_1_565' title='bbox 561 5531 669 5590; x_wconf 61' lang='lat' dir='ltr'>t30)</span> <span class='ocrx_word' id='word_1_566' title='bbox 722 5535 795 5586; x_wconf 81' lang='grc' dir='ltr'>Τῆ</span> <span class='ocrx_word' id='word_1_567' title='bbox 857 5524 1062 5605; x_wconf 47' lang='lat' dir='ltr'>amata,</span> <span class='ocrx_word' id='word_1_568' title='bbox 1085 5533 1190 5605; x_wconf 52' lang='lat' dir='ltr'>ita</span> <span class='ocrx_word' id='word_1_569' title='bbox 1221 5529 1400 5605; x_wconf 71' lang='lat' dir='ltr'>Harl.,</span> <span class='ocrx_word' id='word_1_570' title='bbox 1424 5530 1596 5600; x_wconf 88' lang='lat' dir='ltr'>Med.,</span> <span class='ocrx_word' id='word_1_571' title='bbox 1621 5532 1794 5589; x_wconf 89' lang='lat' dir='ltr'>Coisl.</span> <span class='ocrx_word' id='word_1_572' title='bbox 1825 5533 2056 5605; x_wconf 87' lang='lat' dir='ltr'>primus</span> <span class='ocrx_word' id='word_1_573' title='bbox 2086 5538 2143 5592; x_wconf 88' lang='lat' dir='ltr'>et</span> 
     </span>
    </p>
   </div>
   <div class='ocr_carea' id='block_1_87' title="bbox 489 5596 1568 5668">
    <p class='ocr_par' dir='ltr' id='par_1_87' title="bbox 489 5596 1568 5668">
     <span class='ocr_line' id='line_1_90' title="bbox 489 5596 1568 5668; baseline 0.014 -17"><span class='ocrx_word' id='word_1_574' title='bbox 489 5596 631 5668; x_wconf 85' lang='lat' dir='ltr'>Reg.</span> <span class='ocrx_word' id='word_1_575' title='bbox 663 5599 990 5656; x_wconf 89' lang='lat' dir='ltr'>secundus.</span> <span class='ocrx_word' id='word_1_576' title='bbox 1020 5596 1170 5658; x_wconf 86' lang='lat' dir='ltr'>Editi</span> <span class='ocrx_word' id='word_1_577' title='bbox 1210 5609 1301 5664; x_wconf 84' lang='grc' dir='ltr'>τῆς</span> <span class='ocrx_word' id='word_1_578' title='bbox 1334 5598 1568 5664; x_wconf 74' lang='grc' dir='ltr'>δικαίας-</span> 
     </span>
    </p>
   </div>
   <div class='ocr_carea' id='block_1_88' title="bbox 2270 3363 3879 3441">
    <p class='ocr_par' dir='ltr' id='par_1_88' title="bbox 2270 3363 3879 3441">
     <span class='ocr_line' id='line_1_91' title="bbox 2270 3363 3879 3441; baseline 0.002 -22"><span class='ocrx_word' id='word_1_579' title='bbox 2270 3363 2378 3427; x_wconf 76' lang='grc' dir='ltr'>ὃεῖς</span> <span class='ocrx_word' id='word_1_580' title='bbox 2428 3372 2544 3441; x_wconf 85' lang='grc' dir='ltr'>περὶ</span> <span class='ocrx_word' id='word_1_581' title='bbox 2598 3368 2743 3438; x_wconf 79' lang='grc' dir='ltr'>ἡμῶν</span> <span class='ocrx_word' id='word_1_582' title='bbox 2801 3366 3111 3438; x_wconf 73' lang='grc' dir='ltr'>ὑπολήψεις,</span> <span class='ocrx_word' id='word_1_583' title='bbox 3191 3367 3246 3430; x_wconf 74' lang='grc' dir='ltr'>ἒξ</span> <span class='ocrx_word' id='word_1_584' title='bbox 3326 3369 3394 3419; x_wconf 85' lang='grc' dir='ltr'>ὧν</span> <span class='ocrx_word' id='word_1_585' title='bbox 3454 3370 3718 3428; x_wconf 72' lang='grc' dir='ltr'>ἠκούσατε</span> <span class='ocrx_word' id='word_1_586' title='bbox 3783 3379 3879 3424; x_wconf 75' lang='grc' dir='ltr'>τοῦ</span> 
     </span>
    </p>
   </div>
   <div class='ocr_carea' id='block_1_89' title="bbox 2268 3452 3878 3529">
    <p class='ocr_par' dir='ltr' id='par_1_89' title="bbox 2268 3452 3878 3529">
     <span class='ocr_line' id='line_1_92' title="bbox 2268 3452 3878 3529; baseline 0.004 -21"><span class='ocrx_word' id='word_1_587' title='bbox 2268 3453 2491 3528; x_wconf 70' lang='grc' dir='ltr'>ἀδελφοῦ</span> <span class='ocrx_word' id='word_1_588' title='bbox 2545 3457 2690 3528; x_wconf 81' lang='grc' dir='ltr'>ἡμῶν</span> <span class='ocrx_word' id='word_1_589' title='bbox 2737 3452 3254 3529; x_wconf 65' lang='grc' dir='ltr'>διαϐεϐαιωσαμένου</span> <span class='ocrx_word' id='word_1_590' title='bbox 3316 3458 3443 3527; x_wconf 75' lang='grc'>(31)·</span> <span class='ocrx_word' id='word_1_591' title='bbox 3492 3457 3542 3518; x_wconf 87' lang='grc' dir='ltr'>ὃς</span> <span class='ocrx_word' id='word_1_592' title='bbox 3593 3457 3642 3511; x_wconf 72' lang='grc' dir='ltr'>ἓν</span> <span class='ocrx_word' id='word_1_593' title='bbox 3682 3457 3762 3522; x_wconf 86' lang='grc' dir='ltr'>οἷς</span> <span class='ocrx_word' id='word_1_594' title='bbox 3817 3465 3878 3514; x_wconf 87' lang='grc' dir='ltr'>τὸ</span> 
     </span>
    </p>
   </div>
   <div class='ocr_carea' id='block_1_90' title="bbox 2266 3538 3880 3621">
    <p class='ocr_par' dir='ltr' id='par_1_90' title="bbox 2266 3538 3880 3621">
     <span class='ocr_line' id='line_1_93' title="bbox 2266 3538 3880 3621; baseline 0.002 -24"><span class='ocrx_word' id='word_1_595' title='bbox 2266 3545 2382 3598; x_wconf 87' lang='grc' dir='ltr'>καθ’</span> <span class='ocrx_word' id='word_1_596' title='bbox 2421 3545 2601 3597; x_wconf 84' lang='grc' dir='ltr'>ἑαυτὸν</span> <span class='ocrx_word' id='word_1_597' title='bbox 2678 3545 2785 3614; x_wconf 84' lang='lat'>(32)</span> <span class='ocrx_word' id='word_1_598' title='bbox 2859 3547 2981 3618; x_wconf 81' lang='grc' dir='ltr'>ὑμῖν</span> <span class='ocrx_word' id='word_1_599' title='bbox 3019 3549 3341 3621; x_wconf 78' lang='grc' dir='ltr'>παρέστησε,</span> <span class='ocrx_word' id='word_1_600' title='bbox 3377 3538 3715 3612; x_wconf 74' lang='grc' dir='ltr'>συναπέδειξε</span> <span class='ocrx_word' id='word_1_601' title='bbox 3748 3552 3880 3602; x_wconf 79' lang='grc' dir='ltr'>ποίν-</span> 
     </span>
    </p>
   </div>
   <div class='ocr_carea' id='block_1_91' title="bbox 2265 3634 3876 3711">
    <p class='ocr_par' dir='ltr' id='par_1_91' title="bbox 2265 3634 3876 3711">
     <span class='ocr_line' id='line_1_94' title="bbox 2265 3634 3876 3711; baseline 0.002 -24"><span class='ocrx_word' id='word_1_602' title='bbox 2265 3655 2366 3696; x_wconf 89' lang='grc' dir='ltr'>τως</span> <span class='ocrx_word' id='word_1_603' title='bbox 2408 3639 2499 3686; x_wconf 84' lang='grc' dir='ltr'>καὶ</span> <span class='ocrx_word' id='word_1_604' title='bbox 2569 3637 2628 3686; x_wconf 82' lang='grc' dir='ltr'>τὸ</span> <span class='ocrx_word' id='word_1_605' title='bbox 2676 3636 2940 3710; x_wconf 75' lang='grc' dir='ltr'>ἡμέτερον.</span> <span class='ocrx_word' id='word_1_606' title='bbox 2990 3642 3076 3688; x_wconf 87' lang='grc' dir='ltr'>Ἕν</span> <span class='ocrx_word' id='word_1_607' title='bbox 3133 3634 3231 3710; x_wconf 84' lang='grc' dir='ltr'>γάρ</span> <span class='ocrx_word' id='word_1_608' title='bbox 3279 3636 3327 3689; x_wconf 85' lang='grc' dir='ltr'>ἐν</span> <span class='ocrx_word' id='word_1_609' title='bbox 3385 3635 3695 3711; x_wconf 67' lang='grc' dir='ltr'>ἀμφοτέροις</span> <span class='ocrx_word' id='word_1_610' title='bbox 3745 3640 3876 3711; x_wconf 80' lang='grc' dir='ltr'>ἡμῖν</span> 
     </span>
    </p>
   </div>
   <div class='ocr_carea' id='block_1_92' title="bbox 2266 3721 3873 3796">
    <p class='ocr_par' dir='ltr' id='par_1_92' title="bbox 2266 3721 3873 3796">
     <span class='ocr_line' id='line_1_95' title="bbox 2266 3721 3873 3796; baseline 0.002 -20"><span class='ocrx_word' id='word_1_611' title='bbox 2266 3728 2324 3777; x_wconf 85' lang='grc' dir='ltr'>τὸ</span> <span class='ocrx_word' id='word_1_612' title='bbox 2378 3732 2469 3784; x_wconf 85' lang='grc' dir='ltr'>τῆς</span> <span class='ocrx_word' id='word_1_613' title='bbox 2525 3728 2752 3784; x_wconf 85' lang='grc' dir='ltr'>πίστεως</span> <span class='ocrx_word' id='word_1_614' title='bbox 2803 3729 3062 3796; x_wconf 76' lang='grc' dir='ltr'>φρονήμα,</span> <span class='ocrx_word' id='word_1_615' title='bbox 3117 3721 3298 3784; x_wconf 73' lang='grc' dir='ltr'>ἐπειδὴ</span> <span class='ocrx_word' id='word_1_616' title='bbox 3373 3731 3464 3778; x_wconf 81' lang='grc' dir='ltr'>καὶ</span> <span class='ocrx_word' id='word_1_617' title='bbox 3523 3735 3622 3778; x_wconf 89' lang='grc' dir='ltr'>τῶν</span> <span class='ocrx_word' id='word_1_618' title='bbox 3698 3727 3873 3780; x_wconf 68' lang='grc' dir='ltr'>αὐτῶν</span> 
     </span>
    </p>
   </div>
   <div class='ocr_carea' id='block_1_93' title="bbox 2266 3811 3874 3887">
    <p class='ocr_par' dir='ltr' id='par_1_93' title="bbox 2266 3811 3874 3887">
     <span class='ocr_line' id='line_1_96' title="bbox 2266 3811 3874 3887; baseline 0.003 -22"><span class='ocrx_word' id='word_1_619' title='bbox 2266 3816 2508 3887; x_wconf 84' lang='grc' dir='ltr'>Πατέρων</span> <span class='ocrx_word' id='word_1_620' title='bbox 2557 3811 2869 3886; x_wconf 72' lang='grc' dir='ltr'>κληρονόμοι</span> <span class='ocrx_word' id='word_1_621' title='bbox 2919 3822 3020 3865; x_wconf 91' lang='grc' dir='ltr'>τῶν</span> <span class='ocrx_word' id='word_1_622' title='bbox 3067 3816 3202 3866; x_wconf 86' lang='grc' dir='ltr'>κατὰ</span> <span class='ocrx_word' id='word_1_623' title='bbox 3254 3819 3350 3873; x_wconf 83' lang='grc' dir='ltr'>τὴν</span> <span class='ocrx_word' id='word_1_624' title='bbox 3405 3821 3628 3868; x_wconf 89' lang='grc' dir='ltr'>Νικαίαν</span> <span class='ocrx_word' id='word_1_625' title='bbox 3659 3819 3785 3869; x_wconf 72' lang='grc' dir='ltr'>ποτε</span> <span class='ocrx_word' id='word_1_626' title='bbox 3811 3821 3874 3870; x_wconf 84' lang='grc' dir='ltr'>τὸ</span> 
     </span>
    </p>
   </div>
   <div class='ocr_carea' id='block_1_94' title="bbox 2265 3901 3876 3980">
    <p class='ocr_par' dir='ltr' id='par_1_94' title="bbox 2265 3901 3876 3980">
     <span class='ocr_line' id='line_1_97' title="bbox 2265 3901 3876 3980; baseline 0.002 -25"><span class='ocrx_word' id='word_1_627' title='bbox 2265 3907 2400 3976; x_wconf 87' lang='grc' dir='ltr'>μέγα</span> <span class='ocrx_word' id='word_1_628' title='bbox 2454 3910 2546 3963; x_wconf 75' lang='grc' dir='ltr'>τῆς</span> <span class='ocrx_word' id='word_1_629' title='bbox 2608 3901 2874 3965; x_wconf 74' lang='grc' dir='ltr'>εὐσεϐείας</span> <span class='ocrx_word' id='word_1_630' title='bbox 2931 3902 3335 3975; x_wconf 64' lang='grc' dir='ltr'>ἐξαγγειλάντων</span> <span class='ocrx_word' id='word_1_631' title='bbox 3378 3910 3647 3980; x_wconf 81' lang='grc' dir='ltr'>κήρυγμα’</span> <span class='ocrx_word' id='word_1_632' title='bbox 3705 3902 3764 3958; x_wconf 80' lang='grc' dir='ltr'>οὗ</span> <span class='ocrx_word' id='word_1_633' title='bbox 3805 3909 3876 3959; x_wconf 77' lang='grc' dir='ltr'>τὰ</span> 
     </span>
    </p>
   </div>
   <div class='ocr_carea' id='block_1_95' title="bbox 2264 3992 3874 4068">
    <p class='ocr_par' dir='ltr' id='par_1_95' title="bbox 2264 3992 3874 4068">
     <span class='ocr_line' id='line_1_98' title="bbox 2264 3992 3874 4068; baseline 0.003 -24"><span class='ocrx_word' id='word_1_634' title='bbox 2264 3996 2354 4066; x_wconf 70' lang='grc' dir='ltr'>μὲν</span> <span class='ocrx_word' id='word_1_635' title='bbox 2402 3992 2534 4044; x_wconf 77' lang='grc' dir='ltr'>ἄλλα</span> <span class='ocrx_word' id='word_1_636' title='bbox 2577 3994 2916 4045; x_wconf 83' lang='grc' dir='ltr'>παντάπασίν</span> <span class='ocrx_word' id='word_1_637' title='bbox 2967 3992 3109 4045; x_wconf 87' lang='grc' dir='ltr'>ἐστιν</span> <span class='ocrx_word' id='word_1_638' title='bbox 3168 3993 3278 4066; x_wconf 88' lang='grc'>(33)</span> <span class='ocrx_word' id='word_1_639' title='bbox 3314 3992 3741 4068; x_wconf 71' lang='grc' dir='ltr'>ἀσυκοφάντητα,</span> <span class='ocrx_word' id='word_1_640' title='bbox 3772 4001 3874 4056; x_wconf 72' lang='grc' dir='ltr'>τὴν</span> 
     </span>
    </p>
   </div>
   <div class='ocr_carea' id='block_1_96' title="bbox 2266 4079 3875 4160">
    <p class='ocr_par' dir='ltr' id='par_1_96' title="bbox 2266 4079 3875 4160">
     <span class='ocr_line' id='line_1_99' title="bbox 2266 4079 3875 4160; baseline 0.004 -27"><span class='ocrx_word' id='word_1_641' title='bbox 2266 4079 2325 4135; x_wconf 73' lang='grc' dir='ltr'>δὲ</span> <span class='ocrx_word' id='word_1_642' title='bbox 2367 4090 2458 4134; x_wconf 79' lang='grc' dir='ltr'>τοῦ</span> <span class='ocrx_word' id='word_1_643' title='bbox 2535 4083 2818 4154; x_wconf 85' lang='grc' dir='ltr'>ὁμοονσίου</span> <span class='ocrx_word' id='word_1_644' title='bbox 2873 4086 3064 4154; x_wconf 77' lang='grc' dir='ltr'>φωνὴν,</span> <span class='ocrx_word' id='word_1_645' title='bbox 3121 4092 3294 4146; x_wconf 88' lang='grc' dir='ltr'>κακῶς</span> <span class='ocrx_word' id='word_1_646' title='bbox 3362 4087 3506 4160; x_wconf 84' lang='grc' dir='ltr'>παροί</span> <span class='ocrx_word' id='word_1_647' title='bbox 3547 4105 3698 4137; x_wconf 88' lang='grc' dir='ltr'>τινων</span> <span class='ocrx_word' id='word_1_648' title='bbox 3720 4085 3875 4145; x_wconf 82' lang='grc' dir='ltr'>ἐκλη-</span> 
     </span>
    </p>
   </div>
   <div class='ocr_carea' id='block_1_97' title="bbox 2264 4171 3876 4248">
    <p class='ocr_par' dir='ltr' id='par_1_97' title="bbox 2264 4171 3876 4248">
     <span class='ocr_line' id='line_1_100' title="bbox 2264 4171 3876 4248; baseline 0.003 -24"><span class='ocrx_word' id='word_1_649' title='bbox 2264 4174 2501 4245; x_wconf 73' lang='grc' dir='ltr'>φθεῐσαν,</span> <span class='ocrx_word' id='word_1_650' title='bbox 2554 4171 2660 4224; x_wconf 87' lang='grc' dir='ltr'>εἰσί</span> <span class='ocrx_word' id='word_1_651' title='bbox 2710 4191 2844 4233; x_wconf 87' lang='grc' dir='ltr'>τινες</span> <span class='ocrx_word' id='word_1_652' title='bbox 2918 4173 2967 4224; x_wconf 89' lang='grc' dir='ltr'>οί</span> <span class='ocrx_word' id='word_1_653' title='bbox 3046 4177 3206 4244; x_wconf 79' lang='grc' dir='ltr'>μήπω</span> <span class='ocrx_word' id='word_1_654' title='bbox 3274 4171 3720 4248; x_wconf 74' lang='grc' dir='ltr'>παραδεξάμενοι·</span> <span class='ocrx_word' id='word_1_655' title='bbox 3781 4176 3876 4238; x_wconf 76' lang='grc' dir='ltr'>οὓς</span> 
     </span>
    </p>
   </div>
   <div class='ocr_carea' id='block_1_98' title="bbox 2261 4257 3874 4336">
    <p class='ocr_par' dir='ltr' id='par_1_98' title="bbox 2261 4257 3874 4336">
     <span class='ocr_line' id='line_1_101' title="bbox 2261 4257 3874 4336; baseline 0.002 -22"><span class='ocrx_word' id='word_1_656' title='bbox 2261 4267 2352 4314; x_wconf 84' lang='grc' dir='ltr'>καὶ</span> <span class='ocrx_word' id='word_1_657' title='bbox 2400 4260 2666 4334; x_wconf 67' lang='grc' dir='ltr'>μέμψαιτο</span> <span class='ocrx_word' id='word_1_658' title='bbox 2723 4262 2785 4313; x_wconf 81' lang='grc' dir='ltr'>ἄν</span> <span class='ocrx_word' id='word_1_659' title='bbox 2846 4280 2928 4323; x_wconf 88' lang='grc' dir='ltr'>τις</span> <span class='ocrx_word' id='word_1_660' title='bbox 2991 4257 3230 4329; x_wconf 75' lang='grc' dir='ltr'>δικαίως,</span> <span class='ocrx_word' id='word_1_661' title='bbox 3253 4267 3343 4316; x_wconf 85' lang='grc' dir='ltr'>καὶ</span> <span class='ocrx_word' id='word_1_662' title='bbox 3361 4263 3514 4316; x_wconf 82' lang='grc' dir='ltr'>πάλιν</span> <span class='ocrx_word' id='word_1_663' title='bbox 3536 4267 3713 4336; x_wconf 86' lang='grc' dir='ltr'>μέντοι</span> <span class='ocrx_word' id='word_1_664' title='bbox 3742 4284 3874 4336; x_wconf 80' lang='grc' dir='ltr'>συγ-</span> 
     </span>
    </p>
   </div>
   <div class='ocr_carea' id='block_1_99' title="bbox 2259 4349 3875 4428">
    <p class='ocr_par' dir='ltr' id='par_1_99' title="bbox 2259 4349 3875 4428">
     <span class='ocr_line' id='line_1_102' title="bbox 2259 4349 3875 4428; baseline 0.002 -25"><span class='ocrx_word' id='word_1_665' title='bbox 2259 4357 2472 4424; x_wconf 77' lang='grc' dir='ltr'>γνώμης</span> <span class='ocrx_word' id='word_1_666' title='bbox 2511 4350 2698 4410; x_wconf 68' lang='grc' dir='ltr'>αὐτοὺς</span> <span class='ocrx_word' id='word_1_667' title='bbox 2755 4349 3042 4413; x_wconf 81' lang='grc' dir='ltr'>ἀξιώσειεν.</span> <span class='ocrx_word' id='word_1_668' title='bbox 3093 4355 3163 4404; x_wconf 89' lang='grc' dir='ltr'>Τὸ</span> <span class='ocrx_word' id='word_1_669' title='bbox 3216 4355 3307 4425; x_wconf 67' lang='grc' dir='ltr'>μὲν</span> <span class='ocrx_word' id='word_1_670' title='bbox 3355 4356 3456 4427; x_wconf 79' lang='grc' dir='ltr'>γὰρ</span> <span class='ocrx_word' id='word_1_671' title='bbox 3509 4356 3755 4426; x_wconf 81' lang='grc' dir='ltr'>Πατροίσι</span> <span class='ocrx_word' id='word_1_672' title='bbox 3800 4359 3875 4428; x_wconf 78' lang='grc' dir='ltr'>μὴ</span> 
     </span>
    </p>
   </div>
   <div class='ocr_carea' id='block_1_100' title="bbox 2262 4438 3875 4519">
    <p class='ocr_par' dir='ltr' id='par_1_100' title="bbox 2262 4438 3875 4519">
     <span class='ocr_line' id='line_1_103' title="bbox 2262 4438 3875 4519; baseline 0.003 -27"><span class='ocrx_word' id='word_1_673' title='bbox 2262 4439 2577 4507; x_wconf 82' lang='grc' dir='ltr'>ἀκολουθεῖν,</span> <span class='ocrx_word' id='word_1_674' title='bbox 2633 4444 2724 4492; x_wconf 79' lang='grc' dir='ltr'>καὶ</span> <span class='ocrx_word' id='word_1_675' title='bbox 2765 4444 2858 4497; x_wconf 73' lang='grc' dir='ltr'>τὴν</span> <span class='ocrx_word' id='word_1_676' title='bbox 2925 4438 3126 4492; x_wconf 81' lang='grc' dir='ltr'>ἐκείνων</span> <span class='ocrx_word' id='word_1_677' title='bbox 3185 4446 3354 4513; x_wconf 80' lang='grc' dir='ltr'>φωνὴν</span> <span class='ocrx_word' id='word_1_678' title='bbox 3407 4444 3522 4513; x_wconf 80' lang='grc'>(34)</span> <span class='ocrx_word' id='word_1_679' title='bbox 3547 4448 3875 4519; x_wconf 84' lang='grc' dir='ltr'>κυριωτέραν</span> 
     </span>
    </p>
   </div>
   <div class='ocr_carea' id='block_1_101' title="bbox 2258 4527 3876 4604">
    <p class='ocr_par' dir='ltr' id='par_1_101' title="bbox 2258 4527 3876 4604">
     <span class='ocr_line' id='line_1_104' title="bbox 2258 4527 3876 4604; baseline 0.001 -20"><span class='ocrx_word' id='word_1_680' title='bbox 2258 4531 2500 4585; x_wconf 89' lang='grc' dir='ltr'>τίθεσθαι</span> <span class='ocrx_word' id='word_1_681' title='bbox 2571 4537 2663 4590; x_wconf 82' lang='grc' dir='ltr'>τῆς</span> <span class='ocrx_word' id='word_1_682' title='bbox 2709 4527 2904 4582; x_wconf 76' lang='grc' dir='ltr'>ἑαυτῶν</span> <span class='ocrx_word' id='word_1_683' title='bbox 2955 4535 3186 4603; x_wconf 82' lang='grc' dir='ltr'>γνώμης,</span> <span class='ocrx_word' id='word_1_684' title='bbox 3239 4529 3566 4604; x_wconf 76' lang='grc' dir='ltr'>ἐγκλήματος</span> <span class='ocrx_word' id='word_1_685' title='bbox 3607 4532 3876 4603; x_wconf 77' lang='grc' dir='ltr'>ἀξιον,ῶς</span> 
     </span>
    </p>
   </div>
   <div class='ocr_carea' id='block_1_102' title="bbox 2329 4670 3878 4746">
    <p class='ocr_par' dir='ltr' id='par_1_102' title="bbox 2329 4670 3878 4746">
     <span class='ocr_line' id='line_1_105' title="bbox 2329 4670 3878 4746; baseline 0.006 -23"><span class='ocrx_word' id='word_1_686' title='bbox 2329 4677 2444 4746; x_wconf 32' lang='grc'>(31)-</span> <span class='ocrx_word' id='word_1_687' title='bbox 2485 4670 3024 4746; x_wconf 33' lang='grc' dir='ltr'>Δια-ϐεβαιωσαμένου.</span> <span class='ocrx_word' id='word_1_688' title='bbox 3081 4673 3360 4746; x_wconf 88' lang='lat' dir='ltr'>Quinque</span> <span class='ocrx_word' id='word_1_689' title='bbox 3383 4690 3529 4730; x_wconf 91' lang='lat' dir='ltr'>mss.</span> <span class='ocrx_word' id='word_1_690' title='bbox 3560 4689 3687 4731; x_wconf 90' lang='lat' dir='ltr'>non</span> <span class='ocrx_word' id='word_1_691' title='bbox 3719 4676 3878 4734; x_wconf 84' lang='lat' dir='ltr'>anti-</span> 
     </span>
    </p>
   </div>
   <div class='ocr_carea' id='block_1_103' title="bbox 2255 4742 3013 4818">
    <p class='ocr_par' dir='ltr' id='par_1_103' title="bbox 2255 4742 3013 4818">
     <span class='ocr_line' id='line_1_106' title="bbox 2255 4742 3013 4818; baseline -0.003 -18"><span class='ocrx_word' id='word_1_692' title='bbox 2255 4744 2536 4818; x_wconf 89' lang='lat' dir='ltr'>quissimi</span> <span class='ocrx_word' id='word_1_693' title='bbox 2560 4742 3013 4818; x_wconf 77' lang='grc' dir='ltr'>βεϐαιωσαμένου.</span> 
     </span>
    </p>
   </div>
   <div class='ocr_carea' id='block_1_104' title="bbox 2327 4814 3862 4889">
    <p class='ocr_par' dir='ltr' id='par_1_104' title="bbox 2327 4814 3862 4889">
     <span class='ocr_line' id='line_1_107' title="bbox 2327 4814 3862 4889; baseline 0.001 -19"><span class='ocrx_word' id='word_1_694' title='bbox 2327 4818 2448 4889; x_wconf 76' lang='lat'>(32)</span> <span class='ocrx_word' id='word_1_695' title='bbox 2479 4814 2696 4868; x_wconf 71' lang='lat' dir='ltr'>Tb&#39;xae&#39;</span> <span class='ocrx_word' id='word_1_696' title='bbox 2736 4814 2939 4868; x_wconf 79' lang='grc' dir='ltr'>ἑαυτὸν.</span> <span class='ocrx_word' id='word_1_697' title='bbox 2994 4814 3154 4872; x_wconf 86' lang='lat' dir='ltr'>Harl.</span> <span class='ocrx_word' id='word_1_698' title='bbox 3187 4820 3247 4874; x_wconf 90' lang='lat' dir='ltr'>et</span> <span class='ocrx_word' id='word_1_699' title='bbox 3276 4832 3434 4873; x_wconf 89' lang='lat' dir='ltr'>unus</span> <span class='ocrx_word' id='word_1_700' title='bbox 3455 4833 3530 4874; x_wconf 83' lang='lat' dir='ltr'>ex</span> <span class='ocrx_word' id='word_1_701' title='bbox 3568 4817 3763 4889; x_wconf 83' lang='lat' dir='ltr'>Regiis</span> <span class='ocrx_word' id='word_1_702' title='bbox 3789 4822 3862 4873; x_wconf 74' lang='grc' dir='ltr'>τὰ</span> 
     </span>
    </p>
   </div>
   <div class='ocr_carea' id='block_1_105' title="bbox 2255 4886 2597 4940">
    <p class='ocr_par' dir='ltr' id='par_1_105' title="bbox 2255 4886 2597 4940">
     <span class='ocr_line' id='line_1_108' title="bbox 2255 4886 2597 4940; baseline -0.006 0"><span class='ocrx_word' id='word_1_703' title='bbox 2255 4889 2374 4940; x_wconf 88' lang='grc' dir='ltr'>καθ’</span> <span class='ocrx_word' id='word_1_704' title='bbox 2396 4886 2597 4939; x_wconf 79' lang='grc' dir='ltr'>ἑαυτὸν.</span> 
     </span>
    </p>
   </div>
   <div class='ocr_carea' id='block_1_106' title="bbox 2330 4959 3866 5032">
    <p class='ocr_par' dir='ltr' id='par_1_106' title="bbox 2330 4959 3866 5032">
     <span class='ocr_line' id='line_1_109' title="bbox 2330 4959 3866 5032; baseline 0 -17"><span class='ocrx_word' id='word_1_705' title='bbox 2330 4963 2436 5032; x_wconf 80' lang='lat'>(_33)</span> <span class='ocrx_word' id='word_1_706' title='bbox 2488 4960 2684 5013; x_wconf 85' lang='grc' dir='ltr'>Ἐστιν.</span> <span class='ocrx_word' id='word_1_707' title='bbox 2712 4960 2905 5032; x_wconf 72' lang='lat' dir='ltr'>Hanc</span> <span class='ocrx_word' id='word_1_708' title='bbox 2951 4974 3188 5026; x_wconf 90' lang='lat' dir='ltr'>vocem,</span> <span class='ocrx_word' id='word_1_709' title='bbox 3220 4975 3360 5032; x_wconf 69' lang='lat' dir='ltr'>quae</span> <span class='ocrx_word' id='word_1_710' title='bbox 3381 4959 3552 5017; x_wconf 89' lang='lat' dir='ltr'>deest</span> <span class='ocrx_word' id='word_1_711' title='bbox 3579 4961 3640 5017; x_wconf 89' lang='lat' dir='ltr'>in</span> <span class='ocrx_word' id='word_1_712' title='bbox 3665 4959 3866 5031; x_wconf 90' lang='lat' dir='ltr'>editis,</span> 
     </span>
    </p>
   </div>
   <div class='ocr_carea' id='block_1_107' title="bbox 2256 5030 3872 5104">
    <p class='ocr_par' dir='ltr' id='par_1_107' title="bbox 2256 5030 3872 5104">
     <span class='ocr_line' id='line_1_110' title="bbox 2256 5030 3872 5104; baseline 0.002 -17"><span class='ocrx_word' id='word_1_713' title='bbox 2256 5030 2484 5087; x_wconf 90' lang='lat' dir='ltr'>habent</span> <span class='ocrx_word' id='word_1_714' title='bbox 2512 5047 2664 5104; x_wconf 87' lang='lat' dir='ltr'>mss.</span> <span class='ocrx_word' id='word_1_715' title='bbox 2691 5030 2926 5100; x_wconf 87' lang='lat' dir='ltr'>decem,</span> <span class='ocrx_word' id='word_1_716' title='bbox 2955 5047 3220 5103; x_wconf 90' lang='lat' dir='ltr'>quorum</span> <span class='ocrx_word' id='word_1_717' title='bbox 3241 5030 3311 5087; x_wconf 75' lang='lat' dir='ltr'>in</span> <span class='ocrx_word' id='word_1_718' title='bbox 3331 5038 3599 5104; x_wconf 89' lang='lat' dir='ltr'>quatuor</span> <span class='ocrx_word' id='word_1_719' title='bbox 3647 5030 3872 5103; x_wconf 85' lang='lat' dir='ltr'>legitur</span> 
     </span>
    </p>
   </div>
   <div class='ocr_carea' id='block_1_108' title="bbox 2255 5103 2826 5174">
    <p class='ocr_par' dir='ltr' id='par_1_108' title="bbox 2255 5103 2826 5174">
     <span class='ocr_line' id='line_1_111' title="bbox 2255 5103 2826 5174; baseline -0.005 -19"><span class='ocrx_word' id='word_1_720' title='bbox 2255 5106 2428 5156; x_wconf 76' lang='grc' dir='ltr'>πάντα</span> <span class='ocrx_word' id='word_1_721' title='bbox 2452 5103 2641 5174; x_wconf 77' lang='grc' dir='ltr'>μαθεῖν</span> <span class='ocrx_word' id='word_1_722' title='bbox 2665 5104 2826 5154; x_wconf 80' lang='grc' dir='ltr'>ἔστιν.</span> 
     </span>
    </p>
   </div>
   <div class='ocr_carea' id='block_1_109' title="bbox 2334 5171 3872 5246">
    <p class='ocr_par' dir='ltr' id='par_1_109' title="bbox 2334 5171 3872 5246">
     <span class='ocr_line' id='line_1_112' title="bbox 2334 5171 3872 5246; baseline -0.001 -12"><span class='ocrx_word' id='word_1_723' title='bbox 2334 5171 2583 5246; x_wconf 68' lang='grc' dir='ltr'>(34)’Τὴν</span> <span class='ocrx_word' id='word_1_724' title='bbox 2624 5171 2822 5225; x_wconf 82' lang='grc' dir='ltr'>ἐκείνων</span> <span class='ocrx_word' id='word_1_725' title='bbox 2856 5179 3040 5246; x_wconf 79' lang='grc' dir='ltr'>φωνήν.</span> <span class='ocrx_word' id='word_1_726' title='bbox 3074 5174 3166 5231; x_wconf 90' lang='lat' dir='ltr'>Sic</span> <span class='ocrx_word' id='word_1_727' title='bbox 3189 5173 3427 5230; x_wconf 89' lang='lat' dir='ltr'>codices</span> <span class='ocrx_word' id='word_1_728' title='bbox 3457 5191 3672 5231; x_wconf 89' lang='lat' dir='ltr'>omnes</span> <span class='ocrx_word' id='word_1_729' title='bbox 3709 5191 3872 5233; x_wconf 90' lang='lat' dir='ltr'>mss.</span> 
     </span>
    </p>
   </div>
   <div class='ocr_carea' id='block_1_110' title="bbox 2255 5245 3876 5318">
    <p class='ocr_par' dir='ltr' id='par_1_110' title="bbox 2255 5245 3876 5318">
     <span class='ocr_line' id='line_1_113' title="bbox 2255 5245 3876 5318; baseline 0.004 -19"><span class='ocrx_word' id='word_1_730' title='bbox 2255 5250 2314 5302; x_wconf 88' lang='lat' dir='ltr'>et</span> <span class='ocrx_word' id='word_1_731' title='bbox 2359 5245 2542 5318; x_wconf 83' lang='lat' dir='ltr'>paulo</span> <span class='ocrx_word' id='word_1_732' title='bbox 2590 5251 2727 5317; x_wconf 90' lang='lat' dir='ltr'>post</span> <span class='ocrx_word' id='word_1_733' title='bbox 2773 5245 2869 5305; x_wconf 77' lang='grc' dir='ltr'>τῆς</span> <span class='ocrx_word' id='word_1_734' title='bbox 2931 5245 3127 5298; x_wconf 79' lang='grc' dir='ltr'>ἑαυτῶν</span> <span class='ocrx_word' id='word_1_735' title='bbox 3185 5255 3414 5318; x_wconf 79' lang='grc' dir='ltr'>γνώμης.</span> <span class='ocrx_word' id='word_1_736' title='bbox 3467 5250 3687 5303; x_wconf 88' lang='lat' dir='ltr'>Contra</span> <span class='ocrx_word' id='word_1_737' title='bbox 3718 5248 3876 5305; x_wconf 88' lang='lat' dir='ltr'>editi</span> 
     </span>
    </p>
   </div>
   <div class='ocr_carea' id='block_1_111' title="bbox 2253 5316 3874 5392">
    <p class='ocr_par' dir='ltr' id='par_1_111' title="bbox 2253 5316 3874 5392">
     <span class='ocr_line' id='line_1_114' title="bbox 2253 5316 3874 5392; baseline 0.001 -22"><span class='ocrx_word' id='word_1_738' title='bbox 2253 5316 2608 5392; x_wconf 45' lang='grc' dir='ltr'>τῆς-ἐκείνορ</span> <span class='ocrx_word' id='word_1_739' title='bbox 2672 5326 2842 5388; x_wconf 74' lang='grc' dir='ltr'>φωνῆς</span> <span class='ocrx_word' id='word_1_740' title='bbox 2897 5316 3214 5392; x_wconf 74' lang='grc' dir='ltr'>κυριωτέραν</span> <span class='ocrx_word' id='word_1_741' title='bbox 3272 5316 3514 5370; x_wconf 80' lang='grc' dir='ltr'>τίθεσθαι</span> <span class='ocrx_word' id='word_1_742' title='bbox 3550 5324 3644 5376; x_wconf 78' lang='grc' dir='ltr'>τὴν</span> <span class='ocrx_word' id='word_1_743' title='bbox 3667 5318 3874 5372; x_wconf 80' lang='grc' dir='ltr'>ἑαυτῶν</span> 
     </span>
    </p>
   </div>
   <div class='ocr_carea' id='block_1_112' title="bbox 2252 5389 3881 5461">
    <p class='ocr_par' dir='ltr' id='par_1_112' title="bbox 2252 5389 3881 5461">
     <span class='ocr_line' id='line_1_115' title="bbox 2252 5389 3881 5461; baseline 0.005 -21"><span class='ocrx_word' id='word_1_744' title='bbox 2252 5395 2484 5461; x_wconf 72' lang='grc' dir='ltr'>γνώμην.</span> <span class='ocrx_word' id='word_1_745' title='bbox 2533 5389 2762 5444; x_wconf 87' lang='lat' dir='ltr'>Eorum</span> <span class='ocrx_word' id='word_1_746' title='bbox 2806 5390 2936 5461; x_wconf 69' lang='lat' dir='ltr'>voci</span> <span class='ocrx_word' id='word_1_747' title='bbox 2961 5389 3279 5461; x_wconf 73' lang='lat' dir='ltr'>propriam</span> <span class='ocrx_word' id='word_1_748' title='bbox 3315 5392 3682 5447; x_wconf 80' lang='lat' dir='ltr'>sententiam</span> <span class='ocrx_word' id='word_1_749' title='bbox 3713 5407 3881 5460; x_wconf 67' lang='lat' dir='ltr'>prae-</span> 
     </span>
    </p>
   </div>
   <div class='ocr_carea' id='block_1_113' title="bbox 2249 5459 3879 5533">
    <p class='ocr_par' dir='ltr' id='par_1_113' title="bbox 2249 5459 3879 5533">
     <span class='ocr_line' id='line_1_116' title="bbox 2249 5459 3879 5533; baseline 0.004 -18"><span class='ocrx_word' id='word_1_750' title='bbox 2249 5459 2496 5531; x_wconf 64' lang='lat' dir='ltr'>ponere.</span> <span class='ocrx_word' id='word_1_751' title='bbox 2549 5463 2678 5515; x_wconf 86' lang='lat' dir='ltr'>Non</span> <span class='ocrx_word' id='word_1_752' title='bbox 2727 5459 3284 5533; x_wconf 84' lang='lat' dir='ltr'>animadverterunt</span> <span class='ocrx_word' id='word_1_753' title='bbox 3335 5462 3441 5533; x_wconf 91' lang='lat' dir='ltr'>qui</span> <span class='ocrx_word' id='word_1_754' title='bbox 3465 5461 3630 5517; x_wconf 91' lang='lat' dir='ltr'>hunc</span> <span class='ocrx_word' id='word_1_755' title='bbox 3657 5459 3879 5521; x_wconf 80' lang='lat' dir='ltr'>lOcum</span> 
     </span>
    </p>
   </div>
   <div class='ocr_carea' id='block_1_114' title="bbox 2253 5531 3879 5608">
    <p class='ocr_par' dir='ltr' id='par_1_114' title="bbox 2253 5531 3879 5608">
     <span class='ocr_line' id='line_1_117' title="bbox 2253 5531 3879 5608; baseline 0.002 -20"><span class='ocrx_word' id='word_1_756' title='bbox 2253 5539 2584 5608; x_wconf 78' lang='lat' dir='ltr'>mutavere,</span> <span class='ocrx_word' id='word_1_757' title='bbox 2612 5531 3020 5608; x_wconf 81' lang='lat' dir='ltr'>negationem,</span> <span class='ocrx_word' id='word_1_758' title='bbox 3067 5549 3203 5604; x_wconf 67' lang='lat' dir='ltr'>qua:</span> <span class='ocrx_word' id='word_1_759' title='bbox 3225 5531 3557 5605; x_wconf 69' lang='lat' dir='ltr'>praecessit,</span> <span class='ocrx_word' id='word_1_760' title='bbox 3585 5533 3684 5589; x_wconf 92' lang='lat' dir='ltr'>hic</span> <span class='ocrx_word' id='word_1_761' title='bbox 3709 5551 3879 5608; x_wconf 87' lang='lat' dir='ltr'>quo-</span> 
     </span>
    </p>
   </div>
   <div class='ocr_carea' id='block_1_115' title="bbox 2251 5603 2788 5678">
    <p class='ocr_par' dir='ltr' id='par_1_115' title="bbox 2251 5603 2788 5678">
     <span class='ocr_line' id='line_1_118' title="bbox 2251 5603 2788 5678; baseline -0.004 -16"><span class='ocrx_word' id='word_1_762' title='bbox 2251 5620 2372 5678; x_wconf 89' lang='lat' dir='ltr'>que</span> <span class='ocrx_word' id='word_1_763' title='bbox 2402 5603 2788 5676; x_wconf 85' lang='lat' dir='ltr'>subintelligi.</span> 
     </span>
    </p>
   </div>
  </div>
