4078 6378
402 275 506 332 395

1789 264 1846 322 8.
1888 255 2136 316 BASILII
2172 257 2395 318 MAGNI

403 416 480 457 ne
503 398 900 473 prolabamur
926 397 988 454 in
1019 395 1362 470 corporales
1390 393 1852 468 perpessionum
1895 385 2058 457 cogi-

2177 384 2253 440 ἐπὶ
2307 393 2402 454 τὰς
2461 391 2766 463 σωματικὰς
2839 397 2941 444 τῶν
3013 392 3194 444 παθῶν
3269 390 3486 454 ἅννοίας.
3546 393 3622 446 Οὐ
3669 395 3780 468 γὰρ

405 490 824 545 tationes.Non
854 487 1014 543 enim
1036 486 1227 541 divisa
1257 489 1346 539 est
1375 481 1717 538 substantia
1748 496 1781 533 a
1816 481 1978 534 Patre
2000 474 2061 530 in

406 579 658 637 Filium:
709 594 907 650 neque
963 576 1206 631 ﬂuendo
1242 575 1480 646 dilapsa
1511 570 1833 642 generavit,
1866 581 2061 638 neque

402 669 734 743 proferens,
767 665 1288 740 quemadmodum
1321 663 1567 719 arbores
1618 661 1845 716 fructus
1871 655 2062 729 profe-

403 765 546 816 runt
579 778 590 815 :
648 759 753 814 sed
798 754 1222 812 inenarrabilis
1250 758 1307 809 et
1335 752 1814 824 indeprehensus
1841 746 2064 815 cogita-

403 849 670 906 tionibus
687 847 1008 903 hominum
1029 844 1245 899 divinae
1269 841 1670 912 generationis
1703 837 2064 894 modusHu-

401 939 561 995 milis
605 938 766 994 enim
813 951 1021 991 revera
1066 938 1123 990 et
1147 931 1403 988 carnalis
1433 936 1521 986 est
1548 929 1784 995 mentis,
1819 924 2063 982 caducis

402 1046 473 1086 ac
499 1026 938 1100 temporalibus
969 1023 1303 1081 assimilare
1333 1026 1580 1086 aeterna,
1605 1035 1675 1075 ac
1697 1017 2061 1083 existimare,

399 1116 923 1192 quemadmodum
950 1113 1310 1187 corporalia,
1334 1114 1412 1169 ita
1431 1117 1488 1168 et
1510 1115 1697 1166 Deum
1723 1107 1852 1180 pari
1879 1104 2062 1161 modo

399 1223 706 1279 generare;
733 1223 872 1262 cum
896 1209 1170 1277 oporteat
1192 1203 1446 1274 sumptis
1464 1218 1535 1257 ex
1558 1197 1858 1256 contrario
1891 1211 2064 1263 argu-

396 1296 616 1354 mentis
645 1295 722 1352 ad
755 1295 1040 1366 pietatem
1071 1288 1606 1360 concludere,quia
1637 1285 1919 1341 mortalia
1953 1283 2059 1340 sic.

395 1385 804 1442 immortalem
841 1399 965 1438 non
996 1382 1100 1438 sic.
1131 1385 1331 1452 Neque
1363 1379 1545 1448 igitur
1569 1375 1853 1445 neganda
1884 1389 2057 1442 gene-

394 1475 544 1532 ratio
572 1473 799 1540 divina,
826 1488 939 1528 nec
986 1469 1292 1543 corporeis
1341 1466 1807 1538 cogitationibus
1850 1468 2058 1520 conta-

394 1565 692 1622 minanda
714 1579 905 1620 mens.

463 1660 523 1712 4.
585 1657 837 1712 Sanctus
868 1657 1070 1710 autem
1127 1649 1377 1724 Spiritus
1424 1664 1563 1704 cum
1609 1650 1775 1702 Patre
1807 1643 2056 1716 quidem

2170 479 2419 553 ἐμερίσθη
2460 482 2490 538 η
2522 480 2679 533 οὐσία
2707 479 2808 533 ἀπό
2863 485 3064 554 Πατρός
3111 481 3183 544 εἰς
3212 483 3330 536 Υὶόν
3363 498 3378 514 ⁸
3429 479 3554 536 ούδε
3589 484 3785 558 ῥυεῖσα

2170 569 2455 642 ἐγέννησεν,
2496 568 2622 624 οὐδε
2671 570 3029 646 προϐαλοῦσα,
3070 575 3134 634 ὡς
3189 573 3258 625 τὰ
3295 574 3432 645 φυτά
3482 576 3599 635 τοὺς
3648 594 3780 650 καρο

2169 664 2318 727 ποὺς,
2385 661 2492 713 ἀλλ’
2545 661 2766 736 ἄρρητός
2827 667 2917 715 καὶ
2984 661 3316 724 ἀνεπινόητος
3371 662 3643 737 λογισμοῖς
3694 663 3784 717 ἀν-

2172 753 2387 824 θρώπων
2449 760 2544 813 τῆς
2610 753 2752 813 θείας
2814 757 3102 824 γεννήσεως
3159 753 3185 804 ό
3240 756 3454 826 τρόπος.
3513 760 3781 818 Ταπεινῆς

2167 843 2270 914 γὰρ
2302 849 2372 912 τῷ
2396 846 2504 893 ὄντι
2533 846 2623 894 καὶ
2655 845 2901 914 σαρκίνης
2958 841 3068 895 ἕστὶ
3107 839 3344 905 διανοίας
3373 849 3478 905 τοῖς
3525 846 3783 920 φθαρτοῖς

2169 935 2258 982 καὶ
2280 936 2620 1005 προσκαίροις
2651 930 2933 1004 ἀφομοιοῦν
2962 934 3030 985 τὰ
3059 929 3233 1002 ἀίδια,
3265 937 3356 986 καὶ
3414 935 3638 1003 οἴεσθαι,
3669 936 3777 1003 ὅτε,

2172 1023 2240 1082 ὡς
2273 1023 2338 1072 τὰ
2365 1023 2658 1094 σωματικὰ,
2692 1022 2827 1074 οὕτω
2851 1028 3001 1094 γεννᾴ
3022 1027 3114 1074 καὶ
3145 1024 3170 1075 ὁ
3201 1025 3331 1084 Θεὸς
3370 1023 3556 1096 ὁμοίως
3597 1043 3611 1059 ·
3655 1020 3780 1077 δέον

2172 1108 2226 1162 ἐκ
2246 1119 2345 1161 τῶν
2376 1109 2612 1163 ἐναντίων
2642 1111 2918 1184 λαμϐάνειν
2949 1115 3041 1174 τὰς
3080 1111 3316 1186 ἀφορμὰς
3345 1117 3479 1186 πρός
3509 1117 3600 1172 τὴν
3630 1113 3778 1168 εύσέ-

2172 1198 2310 1252 ϐειαν
2344 1215 2356 1228 ·
2410 1201 2507 1265 ὅτι,
2535 1198 2716 1260 ἐπειδὴ
2746 1203 2810 1253 τὰ
2842 1203 3003 1258 θνητὰ
3059 1201 3242 1271 οὕτως,
3294 1203 3320 1254 ό
3366 1201 3620 1264 ἀθάνατος
3668 1203 3782 1276 οὐχ

2171 1290 2354 1352 οὕτως.
2391 1294 2523 1344 Οὔτε
2547 1287 2635 1343 οὖν
2668 1289 2935 1365 ἀρνεῖσθαι
2966 1289 3050 1345 δεῖ
3075 1297 3171 1351 τὴν
3204 1295 3340 1346 θείαν
3359 1297 3624 1366 γέννησιν,
3656 1297 3782 1348 ούτε

2171 1388 2500 1453 σωματικαῖς
2527 1379 2743 1444 ἕννοίαις
2770 1381 3132 1457 καταῤῥυποῦν
3172 1382 3360 1436 ἑαυτοῦ
3384 1387 3478 1442 τὴν
3511 1380 3776 1437 διάνοιαν.

2237 1561 2291 1614 4.
2324 1562 2393 1611 Τό
2442 1555 2502 1612 δε
2551 1563 2758 1632 Πνεύμα
2782 1563 2841 1613 τό
2871 1560 3017 1632 ἅγιον
3069 1565 3239 1634 Πατρὶ
3268 1563 3357 1634 μὲν
3383 1565 3474 1613 καὶ
3511 1563 3618 1632 Υίῷ
3650 1581 3780 1614 συν-

2167 1650 2486 1722 ἀριθμεῖται,
2517 1645 2658 1702 διότι
2700 1654 2790 1702 καὶ
2812 1651 2939 1724 ὑπὲρ
2967 1654 3061 1709 τὴν
3117 1655 3290 1703 κτίσιν
3319 1649 3434 1704 ἐστί
3463 1668 3476 1680 ·
3523 1655 3776 1705 τέτακται

394 1751 452 1803 et
501 1745 642 1802 Filio
693 1747 1068 1809 numeratur,
1100 1741 1247 1813 quia
1294 1743 1349 1794 et
1379 1753 1564 1810 supra
1619 1752 1747 1791 rem
1791 1737 2054 1789 creatam

2177 1735 2246 1806 ἳε,
2287 1741 2351 1799 ὡς
2393 1737 2442 1790 ἄν
2480 1739 2776 1812 Εύαγγελίῳ
2825 1736 3192 1813 δεδιὸάγμεθα
3246 1742 3390 1815 παρὰ
3427 1748 3521 1793 τοῦ
3576 1747 3772 1815 Κυρίου

393 1840 514 1901 est;
562 1834 670 1890 sed
696 1850 768 1889 eo
797 1831 1008 1889 ordine
1047 1834 1420 1890 numeratur,
1449 1843 1631 1899 quem
1679 1827 1738 1881 in
1779 1828 2054 1892 Evange-

391 1926 474 1982 lio
503 1923 827 1980 didicimus
851 1938 888 1978 a
912 1921 1166 1977 Domino
1194 1919 1428 1974 dicente
1454 1935 1470 1971 :
1494 1918 1720 1972 Euntes
1755 1915 2056 1983 baptizate

388 2017 453 2072 in
480 2016 720 2070 nomine
740 2012 946 2068 Patris
967 2014 1020 2067 et
1045 2010 1195 2066 Filii
1222 2015 1276 2064 et
1305 2009 1572 2077 Spiritus
1599 2007 1796 2061 sancti
1817 2005 1910 2058 π’.
1946 2002 2055 2068 Qui

387 2110 591 2161 autem
618 2101 915 2176 praeponit
943 2100 1219 2170 Filio,aut
1248 2101 1416 2153 Patre
1450 2095 1594 2151 dicit
1629 2094 2054 2166 antiquiorem,

387 2194 608 2251 resistit
631 2192 730 2248 Dei
772 2189 1138 2248 ordinationi
1171 2192 1229 2244 et
1257 2203 1292 2243 a
1323 2201 1477 2242 sana
1500 2185 1622 2240 tide
1654 2184 1886 2239 alienus
1917 2187 2005 2238 est
2039 2198 2051 2235 :

389 2288 706 2356 acceptum
733 2278 1185 2352 gloriﬁcationis
1216 2275 1471 2332 modum
1495 2290 1621 2330 non
1643 2289 1912 2342 servans,
1949 2272 2056 2327 sed

389 2373 623 2445 sibiipsi
652 2387 874 2427 vocum
918 2368 1268 2436 novitatem,
1297 2370 1363 2421 ut
1390 2364 1625 2436 placeat
1678 2361 2048 2427 hominibus,

389 2461 759 2531 excogitans.
793 2459 850 2514 Si
875 2458 1037 2514 enim
1094 2460 1214 2512 Deo
1240 2459 1330 2510 est
1363 2452 1655 2525 superior,
1680 2469 1753 2507 ex
1785 2454 1904 2507 Deo
1929 2467 2053 2506 non

389 2555 502 2608 est.
560 2551 856 2621 Scriptum
911 2552 1000 2604 est
1028 2545 1187 2601 cnim
1225 2563 1237 2599 :
1292 2545 1558 2613 Spiritus
1588 2549 1784 2598 autem
1819 2558 1893 2598 ex
1935 2543 2054 2596 Deo

393 2643 568 2699 est“.
622 2639 679 2695 Si
733 2642 934 2695 autem
985 2653 1057 2692 ex
1107 2639 1248 2704 Deo,
1299 2633 1404 2706 qui
1446 2633 1576 2688 ﬁeri
1624 2636 1840 2704 potest,
1871 2636 1936 2686 ut
1983 2646 2055 2686 eo

391 2747 463 2787 ex
495 2745 620 2802 quo
651 2733 760 2795 est,
803 2727 1107 2799 antiquior
1135 2725 1252 2780 sit?
1287 2726 1418 2779 Jam
1460 2738 1602 2778 vero
1628 2738 1763 2794 qua:
1795 2721 2052 2788 insania,

389 2836 532 2876 cum
555 2835 715 2875 unus
748 2817 821 2873 sit
845 2816 1171 2888 ingenitus,
1207 2813 1436 2886 aliquid
1468 2812 1631 2868 aliud
1659 2811 1855 2867 dicere
1886 2811 2054 2880 inge-

389 2910 517 2966 nito
557 2908 834 2981 superius
865 2907 892 2962 ?
946 2905 1062 2961 Sed
1105 2919 1304 2976 neque
1360 2901 1524 2974 prior
1571 2906 1657 2956 est
1690 2900 2003 2969 Unigenito
2037 2935 2048 2981 ξ

387 2999 616 3071 quippe
635 2975 788 3053 cum
814 2995 967 3052 inter
998 2975 1294 3050 Filiumiet
1339 2995 1573 3048 Patrem
1597 2990 1743 3046 nihil
1783 2975 2052 3046 medium

2167 1827 2397 1890 εἰπόντος
2433 1846 2446 1858 ⁶
2518 1831 2855 1903 Πορευθέντες
2961 1828 3243 1902 βαπτίζετε
3326 1830 3397 1892 είς
3467 1833 3522 1882 τὸ
3602 1835 3762 1902 ὄνομα

2163 1925 2253 1969 τοῦ
2285 1920 2485 1992 Πατρός
2515 1923 2604 1969 καὶ
2651 1926 2744 1970 τοῦ
2793 1921 2918 1971 Υίοῦ
2974 1924 3064 1971 καὶ
3117 1926 3208 1972 τοῦ
3249 1918 3402 1991 ἁγίου
3448 1923 3762 1993 Πνεύματος.

2163 2014 2220 2056 Ὀ
2289 2003 2348 2059 δε
2413 2010 2680 2081 προτιθεὶς
2746 2009 2868 2061 Υἱοῦ
2935 2010 3062 2079 ΑΟ),
3117 2010 3146 2068 ἢ
3216 2008 3564 2084 πρεσϐύτερον
3609 2009 3773 2081 λέγων

2167 2100 2391 2168 Πατρός,
2425 2098 2567 2158 οὗτος
2614 2096 2927 2150 ἀνθίσταται
2976 2101 3065 2170 μὲν
3109 2106 3170 2170 τῇ
3218 2106 3312 2152 τοῦ
3349 2107 3484 2152 Θεοῦ
3513 2096 3772 2172 διαταγῇ,

2166 2183 2428 2260 ἀλλότριος
2469 2183 2528 2238 δὲ
2566 2194 2662 2247 τῆς
2712 2189 3058 2258 ὑγιαινούσης
3107 2193 3354 2258 πίστεως,
3400 2194 3472 2262 μὴ
3526 2188 3579 2241 ὃν
3632 2209 3776 2264 παρ-

2165 2275 2498 2350 έλαϐετρόπον
2539 2273 2842 2349 δοξολογίας
2901 2277 3189 2349 φυλάττων,
3251 2277 3358 2331 ἀλλ’
3400 2279 3565 2350 ἑαυτῷ
3596 2299 3778 2332 καινο-

2167 2371 2355 2438 φωνίαν
2408 2370 2540 2427 (il),
2605 2367 2672 2427 εἰς
2730 2366 3000 2440 ἀρέσκειαν
3063 2367 3366 2442 ἀνθρώπων,
3428 2369 3667 2422 ἐπινοῶν.
3714 2370 3779 2422 Εἰ

2163 2459 2264 2530 γὰρ
2298 2454 2548 2530 ἀνώτερον
2580 2464 2732 2521 Θεοῦ,
2766 2457 2860 2508 οὐκ
2910 2456 2965 2509 ἐκ
2991 2465 3082 2510 τοῦ
3121 2467 3275 2512 Θεοῦ.
3322 2463 3620 2533 Γέγραπται
3643 2462 3776 2534 γὰρ,

2164 2550 2233 2597 Τό
2284 2542 2341 2598 δε
2375 2552 2584 2618 Πνεῦμα
2637 2545 2689 2598 ἐκ
2728 2554 2820 2598 τοῦ
2867 2555 3021 2600 Θεοῦ.
3065 2545 3208 2601 Eii)“:
3255 2547 3310 2600 ἐκ
3344 2556 3435 2602 τοῦ
3467 2557 3624 2618 Θεοῦ,
3667 2557 3781 2610 πῶς

2164 2634 2513 2709 πρεσϐύτερόν
2553 2635 2666 2688 ἐστι
2694 2644 2784 2688 τοῦ
2834 2635 2886 2700 ἐξ
2938 2638 2997 2689 οὗ
3051 2637 3204 2704 iam;
3254 2643 3346 2702 Τίς
3377 2636 3436 2692 δε
3462 2643 3552 2692 καὶ
3584 2641 3612 2698 ἡ
3663 2657 3778 2692 πα-

2164 2727 2348 2799 ράνοια
2375 2725 2508 2796 (4-2),
2541 2725 2648 2788 ἑνός
2691 2730 2831 2788 ὄντος
2881 2735 2974 2779 τοῦ
3007 2725 3307 2799 ἀγεννήτου,
3357 2727 3479 2781 οῖλλο
3508 2748 3561 2781 τι
3607 2728 3778 2800 λέγειν

2165 2823 2256 2867 τοῦ
2288 2814 2568 2886 ἀγεννήτου
2629 2815 2918 2889 ἀνώτερον;
2972 2817 3104 2870 Ἀλλ’
3155 2815 3280 2872 ούδε
3316 2826 3409 2871 τοῦ
3457 2826 3779 2892 Μονογενοῦς

2165 2910 2412 2980 πρότερον
2451 2922 2464 2935 ο
2513 2903 2664 2957 οὐδὲν
2694 2909 2796 2979 γὰρ
2827 2911 2984 2979 μέσον
3043 2910 3166 2960 Υὶοῦ
3207 2913 3297 2961 καὶ
3348 2914 3566 2984 Πατρός.
3613 2910 3671 2963 Εἰ
3713 2906 3778 2962 δε

2163 3000 2232 3065 μή
2282 2993 2418 3046 ἐστιν
2450 2993 2504 3046 ἐκ
2545 3002 2699 3064 Θεοῦ,
2735 2993 2829 3048 διὰ
2855 3005 3090 3071 Χριστοῦ
3137 2995 3196 3050 δέ
3227 2998 3388 3066 ἐστιν,
3422 2995 3546 3052 οὐδέ
3576 2997 3689 3051 ἔστι
3712 3004 3776 3052 τό

392 3088 488 3146 sit.
526 3087 584 3143 Si
633 3091 836 3142 autem
868 3100 991 3140 non
1041 3088 1230 3138 estex
1261 3083 1401 3147 Deo,
1431 3086 1524 3136 est
1559 3097 1698 3136 vero
1748 3096 1856 3152 per
1877 3079 2054 3154 .Chri-

2177 3085 2428 3157 ταράπαν.
2462 3083 2623 3136 ’Ὥστε
2652 3087 2682 3143 ἡ
2745 3090 2863 3159 περὶ
2909 3091 3002 3145 τὴν
3051 3087 3196 3150 τάξιν
3249 3092 3558 3160 καινοτομία
3613 3088 3777 3151 αὐτῆς

393 3181 592 3244 stum;
639 3175 892 3232 omnino
940 3189 1065 3229 non
1110 3177 1221 3229 est.
1259 3174 1452 3237 Quare
1479 3170 1581 3226 illa
1602 3171 1759 3226 circa
1779 3170 2053 3226 ordinem

390 3267 627 3324 novitas
648 3266 842 3339 ipsius
859 3264 1224 3320 exsistentiaa
1245 3261 1428 3317 habet
1445 3260 2056 3328 eversionem,ettidei

391 3357 571 3414 totius
599 3354 841 3425 negatio
867 3356 1168 3424 est.£que
1196 3351 1376 3421 igitur
1405 3351 1660 3422 impium
1693 3354 1802 3413 est,
1830 3355 1886 3406 et
1915 3366 2056 3406 eum

394 3446 474 3503 ad
503 3461 632 3501 rem
663 3448 930 3500 creatam
952 3442 1273 3505 deducere,
1292 3446 1349 3496 et
1371 3445 1473 3496 aut
1499 3457 1685 3512 supra
1710 3440 1923 3496 Filium
1955 3445 2060 3496 aut

394 3551 585 3608 supra
630 3535 876 3589 Patrem
935 3547 1181 3604 ponere,
1236 3531 1358 3585 sive
1410 3531 1748 3585 secundum
1796 3536 2056 3603 tempus,

397 3626 520 3683 sive
543 3623 880 3681 secundum
914 3621 1215 3678 ordinem.
1238 3624 1429 3692 Atque
1456 3619 1587 3675 hinc
1617 3619 1864 3692 quidem
1899 3625 2057 3688 sunt,

395 3733 533 3790 quae
567 3731 602 3771 a
631 3718 835 3770 vestra
879 3713 1100 3784 pietate
1133 3710 1479 3766 audivimus
1510 3710 1731 3782 requiri
1767 3728 1780 3766 :
1814 3711 1978 3782 quod
2013 3710 2063 3766 si

394 3805 684 3863 Dominus
723 3803 976 3873 dederit,
1004 3804 1069 3857 ut
1097 3800 1160 3855 in
1191 3815 1382 3855 unum
1415 3800 1752 3864 veniamus,
1789 3799 2061 3856 fortassis

395 3899 471 3953 de
490 3896 584 3952 his
625 3894 817 3950 fusius
842 3893 1350 3965 disceptabimus,
1373 3907 1444 3946 ac
1487 3891 1690 3959 nobis,
1721 3891 1944 3964 quibus
1989 3891 2065 3946 de

395 3985 580 4042 rebus
601 3984 880 4039 certiores
905 3983 1033 4038 ﬁeri
1065 3980 1606 4053 cupimus,aliquid
1635 3981 1803 4052 quod
1831 3980 2064 4037 satisfa-

400 4097 433 4137 ο
449 4073 531 4130 iat
556 4078 613 4130 et
636 4071 1008 4146 persuadeat
1033 4086 1069 4127 a
1093 4069 1268 4126 vobis
1297 4069 1696 4127 exhibebitur.

861 4168 1027 4240 147
1076 4169 1419 4224 EPISTOLA
1456 4170 1611 4222 Llll'.

2164 3182 2258 3235 τῆς
2294 3172 2556 3249 ὑπάρξεως
2605 3172 2850 3233 ἀθέτησιν
2889 3177 3024 3247 ἔχει,
3079 3181 3169 3229 καὶ
3224 3177 3344 3239 ὅλης
3397 3185 3494 3240 τῆς
3543 3181 3779 3243 πίστεώς

2167 3261 2306 3315 ἐστιν
2345 3264 2586 3336 ἄρνησις.
2629 3263 2848 3336 Ὀμοίως
2873 3262 2962 3320 οὖν
3009 3264 3151 3318 ἐστιν
3201 3265 3399 3335 ἀσεϐὴς,
3431 3271 3521 3319 καὶ
3547 3266 3630 3320 ἐπὶ
3675 3272 3778 3326 τὴν

2166 3356 2335 3405 κτίσιν
2357 3362 2673 3425 καταγαγεῖν
2699 3356 2832 3423 (43),
2871 3359 2961 3407 καὶ
2988 3357 3316 3430 ύπερτιθέναι
3355 3356 3482 3410 αὐτὸ
3514 3358 3542 3416 ἡ
3577 3359 3701 3410 Υἱοῦ
3742 3359 3777 3418 ἦ

2175 3447 2400 3516 Πατρός,
2429 3443 2458 3502 ἡ
2488 3445 2624 3495 κατά
2651 3447 2739 3496 τόν
2769 3450 2982 3520 χρόνον,
3021 3446 3050 3504 ἦ
3093 3449 3230 3498 κατὰ
3258 3451 3352 3504 τὴν
3380 3446 3550 3509 τάξιν.
3588 3446 3650 3500 Ἀ
3685 3449 3783 3520 μὶν

2169 3527 2256 3584 οὖν
2302 3536 2510 3590 ἥκουσα
2558 3532 2924 3594 ἐπιξητεῐσθαι
2967 3538 3108 3609 παρὰ
3146 3543 3238 3596 τῆς
3289 3534 3554 3598 εὐλαϐείας
3606 3537 3782 3609 ὑμῶν,

2170 3622 2338 3673 ταῦτά
2367 3623 2507 3674 ἐστιν
2536 3639 2547 3652 ·
2589 3623 2675 3676 ἐὰν
2717 3620 2776 3676 δὲ
2803 3621 2879 3695 δῷ
2920 3628 2951 3676 ὅ
2986 3627 3177 3698 Κύριος
3213 3629 3304 3678 καὶ
3331 3625 3402 3686 εἰς
3427 3632 3613 3679 ταυτὸν
3635 3629 3788 3700 ἡμᾶς

2174 3710 2412 3773 ἀλληλοις
2441 3715 2702 3784 γενέσθαι,
2737 3716 2885 3786 τάχα
2913 3716 2973 3766 οἶν
3003 3735 3053 3767 τι
3091 3721 3181 3768 καὶ
3218 3720 3337 3790 περὶ
3379 3719 3573 3768 τούτων
3624 3716 3786 3769 πλέον

2174 3805 2422 3874 εἴποιμεν,
2456 3807 2544 3854 καὶ
2571 3803 2720 3855 αὐτοὶ
2761 3800 2813 3855 δ’
2841 3803 2900 3855 ἀν
2926 3810 3044 3878 περὶ
3065 3805 3131 3856 ὧν
3159 3805 3505 3880 ἐπιζητοῦμεν
3539 3808 3784 3882 εὖροιμέν

2171 3911 2285 3944 τινα
2315 3893 2436 3967 παρ’
2464 3895 2604 3965 ὑμῶν
2628 3893 2999 3969 πληροφορίαν.

2728 4176 3066 4224 ΕΠΙΣΤΟΛΗ
3105 4170 3222 4226 ΝΓ.

399 4265 800 4342 Demonstrat.
820 4259 1083 4342 Basilius
1123 4257 1580 4342 choi'episcqpi's,
1608 4259 1730 4342 sine
1757 4260 2040 4342 episcopis
2069 4257 2184 4342 sibi
2206 4260 2483 4342 subditis,
2521 4275 2774 4342 quorum
2807 4262 3096 4342 nonnulli
3119 4263 3314 4331 pretio
3353 4277 3572 4318 manus
3596 4264 3794 4334 impo-

471 4349 614 4414 nere
646 4331 1024 4414 ferebantur,
1056 4331 1393 4414 quantasit
1441 4329 1623 4414 hzijiis
1649 4330 1805 4414 facti
1831 4330 2184 4414 turpitudo;
2239 4347 2310 4388 ac
2341 4329 2613 4414 declarat
2669 4332 2744 4388 ab
2778 4334 3078 4389 altaribus
3120 4329 3515 4401 recessurum,
3548 4336 3602 4391 εί
3639 4329 3785 4407 quis

469 4412 600 4478 post
634 4401 791 4461 hanc
817 4409 1124 4472 acceptam
1157 4401 1471 4469 epistolam
1503 4402 1626 4458 tale
1647 4403 1963 4473 quidpiam
1985 4403 2408 4473 designaverit.

1015 4490 1488 4562 Chorepiscopis.

476 4588 529 4642 1.
559 4584 663 4642 Rei
707 4580 1035 4656 turpitudo,
1067 4579 1142 4635 de
1168 4595 1292 4652 qua
1321 4578 1540 4647 scribo,
1579 4579 1692 4636 hoc
1736 4580 1868 4653 ipso
1898 4582 2066 4655 quod

474 4684 546 4720 9"
577 4682 778 4740 Matth.
801 4695 994 4748 xxvm,
1027 4682 1114 4735 19.
1191 4678 1239 4713 9°
1275 4681 1291 4732 ι
1325 4680 1455 4734 Cor.
1493 4693 1552 4740 ιι,
1585 4679 1670 4734 12.

477 4796 494 4816 *
525 4791 684 4847 Alias
714 4790 934 4845 LXXVI.
961 4785 1383 4859 Scriptainitio
1407 4786 1818 4859 episcopatus.

477 4864 586 4934 (40)
632 4862 902 4933 Προτιθεὶς
940 4857 1510 4934 Yio-‘JISicplerique
1543 4857 1772 4934 antiqui
1803 4859 2062 4930 codices,

405 4929 899 5006 qu'orum'tamen
920 4929 1192 5006 nonnulli
1223 4929 1558 5006 habentroa
1591 4929 1734 5006 rio-3,
1759 4947 1916 5006 unus
1938 4953 2062 5006 προ-

411 4985 510 5066 δεὶς
532 5006 677 5071 Υἱοῦ,
705 5002 844 5075 editi
864 5005 1124 5075 προτιθεὶς
1145 5011 1296 5075 τοῦτο
1329 5004 1585 5075 τοῦγΥιοῦ.
1623 4985 2064 5061 Habentiidem

408 5076 551 5132 editi
586 5075 742 5145 λέγων
770 5071 941 5124 εἶναι’·
974 5073 1078 5145 sed
1099 5073 1353 5128 verbum
1385 5073 1532 5129 illud
1556 5075 1853 5142 posterius
1891 5076 2065 5133 abest

407 5166 443 5206 a
471 5144 773 5221 plerisque
800 5161 946 5221 mss.
971 5144 1627 5221 Yralde_autempd_ubito
1659 5163 1734 5202 an
1759 5146 1942 5218 aliqui
1966 5165 2063 5204 ex-

407 5215 694 5291 sti—ierint;
707 5215 815 5291 qui
850 5215 1130 5291 Spiritum
1156 5216 1309 5270 Patri
1351 5219 1408 5270 et
1435 5215 2052 5291 _Filiopreepon‘erent.

405 5288 796 5349 Verisimilius
826 5291 914 5341 est
964 5288 1544 5343 Pneumatomachos
1581 5288 1754 5344 hunc
1797 5306 2062 5348 errorem

405 5360 770 5437 adversariis
795 5356 1279 5437 suisafﬁnxisse.
1299 5361 1461 5414 Certe
1486 5361 1731 5437 Basilius
1761 5362 1890 5433 ipse
1923 5380 2058 5435 pos-

408 5440 501 5490 tea
547 5433 729 5504 hujus
762 5428 1274 5504 erroris_n0m_ine
1313 5436 1630 5504 accusatus
1672 5448 1708 5488 a
1755 5428 2060 5490 nonnullis

405 5505 535 5568 fuit,
564 5498 844 5560 ut'videre
875 5504 963 5555 est
991 5499 1050 5554 in
1083 5498 1253 5569 epist.
1283 5501 1407 5554 251.

481 5577 588 5645 (41)
650 5577 1027 5646 Καινοφωνίαν.
1097 5571 1188 5625 Sic
1246 5571 1415 5638 Med.,
1478 5572 1676 5644 C0iSi.,
1729 5575 1954 5646 primus
2004 5582 2060 5636 et

411 5642 662 5703 Clarom.
714 5642 864 5704 Edi'ti
900 5647 1229 5716 κενοφωνίας,
1261 5646 1490 5718 septem
1520 5642 1666 5700 mss.
1715 5642 2048 5720 κενοφωνίαν.

2677 4498 3108 4568 Χωρεπισκόποις
3139 4494 3274 4565 (44).

2248 4590 2318 4638 Τό
2377 4591 2470 4637 τοῦ
2526 4585 2828 4659 πράγματος
2884 4585 3072 4638 ἄτοπον
3113 4585 3248 4658 (43),
3315 4591 3429 4663 περὶ
3472 4607 3531 4640 ου
3597 4608 3794 4664 γραφω

2178 4791 2345 4873 Illud,
2380 4789 2975 4873 ἐπινοώνβωσοθίιαηε,
3010 4792 3224 4849 melius
3256 4797 3536 4865 congruit
3554 4811 3781 4852 vocum

2173 4868 2443 4919 novitati.

2389 4937 2673 5012 ξῐαράυοια.
2717 4935 2810 4992 Sic
2838 4940 2974 4992 octo
3002 4953 3157 4994 mss.
3187 4937 3339 5012 Editi
3366 4943 3629 5012 παροινία.

2245 5007 2507 5083 (43)]εῂ
2534 5012 2626 5066 τὴν
2667 5012 2838 5060 κτίσιν
2875 5018 3211 5083 καταγαγεῖν.
3249 5011 3358 5066 Sic.
3411 5007 3562 5066 mss.
3617 5015 3775 5068 octo.

2177 5079 2322 5134 Ediii
2344 5079 2419 5154 εἰς
2448 5085 2540 5137 τὴν
2563 5084 2734 5131 κτίσιν
2760 5086 2969 5154 Πνεῦμα
2993 5079 3261 5154 κατάγειν.

2245 5153 2356 5230 (4.4)
2399 5156 2859 5230 δωρεπισκόποις.
2884 5157 3026 5230 _lt_a_
3056 5153 3446 5210 vetustissimi
3514 5153 3786 5224 codices,

2173 5222 2350 5312 lla;er
2388 5222 2560 5306 C’ois‘l.
2595 5223 2845 5305 etMed.
2883 5224 3030 5309 [iditi
3062 5229 3119 5312 et
3143 5230 3259 5282 tres
3291 5242 3438 5280 mss.
3473 5231 3603 5307 πρὸς
3657 5222 3789 5292 τοὺς

2171 5297 2256 5366 ὑφ’
2288 5297 2466 5346 ἑαυτὸν
2503 5297 2838 5365 ἐπισκόπους,
2871 5297 3006 5349 ὥστε
3053 5302 3124 5370 μὴ
3150 5306 3468 5374 χειροτονεῖν
3508 5298 3592 5351 ἐπὶ
3630 5305 3785 5372 χρή-

3652 5391 3791 5444 ματι

2240 5508 2348 5590 (4ῖξ)
2372 5512 2527 5590 Τάς..
2558 5511 2780 5590 άτόπον.
2803 5513 3098 5590 liacvoce
3126 5511 3432 5590 interdum
3463 5517 3636 5590 turpe
3667 5514 3788 5590 ali-

2167 5579 2335 5664 quod
2361 5580 2785 5664 tacinusapud
2806 5582 3093 5642 Basilium
3123 5584 3497 5658 designatur,
3522 5579 3687 5644 velut
3715 5587 3787 5648 in

2166 5656 2339 5728 epist.
2374 5656 2669 5727 sequenti.
