4078 6374
239 316 337 379 401

1316 324 1807 383 EPISTOLARUM
1844 322 2126 380 CLASSIS
2164 325 2233 380 ll.
2272 324 2487 382 EPIST.
2530 325 2635 382 LV.

3563 329 3672 387 402

247 449 330 502 Διό
379 443 576 499 πολλοὶ
643 446 746 519 μὲν
808 447 1076 522 ὑπηρέται
1122 448 1465 522 ἀριθμοῦνται
1516 449 1632 502 καθ’
1672 449 1876 507 ἑκάστητ

2009 463 2080 503 ne
2110 463 2270 505 unus
2298 449 2569 523 quidem,
2615 453 2679 506 ut
2715 465 2826 505 vos
2851 448 2968 523 ipsi
3008 448 3434 520 testiﬁcamini,
3476 451 3672 510 homi-

250 542 452 609 κώμην,
503 535 667 599 ἄξιος
720 532 787 589 δε
837 535 1170 613 λειτουργίας
1214 546 1307 590 τοῦ
1349 540 1733 613 θυσιαστηρίου
1773 535 1898 591 οὐδε

256 628 325 689 εἷς
372 628 510 696 (57),
580 628 659 687 ὡς
741 627 899 700 ὑμεῖς
972 626 1123 679 αὐτοὶ
1185 636 1517 703 μαρτυρεῖτε,
1585 626 1897 702 ἀποροῦντες

267 714 462 792 ἀνδρῶν
494 715 547 769 ἓν
578 723 708 778 ταῖς
748 716 1132 791 ψηφοφορίαις.
1167 717 1308 771 Ἐπεὶ
1337 719 1425 769 οὖν
1456 719 1559 793 ὁρῶ
1587 722 1646 770 τό
1675 724 1898 791 πρᾶγμα

272 808 439 861 λοιπόν
523 805 598 867 εἰς

276 897 516 950 πλείστων
579 894 730 967 φόϐῳ
786 904 850 955 τῆ
863 917 884 958 ς
936 895 1309 971 στρατολογίας
1357 897 1722 950 εἰσποιουντων
1772 896 1892 949 ἐαυ-

684 808 980 865 ἀνήκεστον
1054 809 1257 881 προίόν,
1324 807 1556 880 μάλιστα
1617 815 1726 876 νῦν,
1793 816 1893 859 τῶν

270 991 386 1048 τοὺς
440 993 503 1058 τῇ
551 986 852 1059 ὑπηρεσίᾳ,
912 984 1208 1058 ἀναγκαίως
1254 986 1408 1045 ἦλθον
1453 987 1520 1048 εἰς
1570 989 1628 1039 τὸ
1674 985 1891 1039 ἀνανεὼο

266 1078 469 1130 σασθαι
530 1078 655 1138 τοὺς
708 1083 814 1126 τῶν
862 1079 1105 1150 Πατίρων
1156 1079 1402 1137 κανόνας’
1457 1080 1548 1128 καὶ
1606 1074 1890 1128 ἕπιστελλω

262 1167 385 1239 ὑμῖν
441 1164 762 1218 ἀποστεῖλαί
800 1183 893 1238 μοι
948 1170 1042 1223 τήν
1087 1163 1386 1241 ἀναγραφὴν
1434 1164 1661 1227 ἑκάστης
1711 1171 1890 1238 κώμης

268 1262 367 1307 τῶν
410 1256 829 1329 ὑπηρετούντων,
883 1259 974 1307 καὶ
1026 1256 1125 1307 ὑπὸ
1175 1259 1316 1316 τίνός
1360 1254 1603 1314 εἰσῆκται
1645 1256 1883 1319 ἕκαστος,

268 1349 363 1396 καὶ
422 1342 467 1395 ἑν
522 1348 657 1415 ποίῳ
719 1341 827 1416 βίῳ
883 1342 1046 1399 ἐστίν.
1100 1343 1289 1416 Ἔχετε
1338 1340 1398 1396 δὲ
1440 1348 1532 1396 καὶ
1580 1343 1726 1396 αὐτοὶ
1764 1333 1887 1416 παρ’

272 1432 485 1495 ἑαυτοῖς
522 1436 608 1491 τὴν
656 1430 988 1505 ἀναγραφὴν,
1038 1434 1173 1485 ὥστε
1214 1434 1593 1507 συγκρίνεσθαι
1630 1439 1733 1493 τοῖς
1762 1432 1886 1507 παρ’

273 1519 405 1593 ἡμῖν
442 1520 794 1595 ἀποκειμένοις
840 1524 1125 1596 γράμμασι
1162 1524 1230 1575 τὰ
1267 1525 1509 1597 ὑμέτερα,
1558 1527 1648 1575 καὶ
1694 1517 1885 1595 μηδενὶ

274 1612 463 1674 ἐξεῖναι
518 1612 729 1678 ἑαυτὸν,
789 1613 874 1665 ὅτε
931 1610 1197 1685 βούλεται,
1256 1613 1661 1687 παρεγγράφειν.
1731 1612 1884 1663 Οὕτω

266 1707 459 1775 μέντοι,
511 1704 649 1773 μετὰ
698 1705 794 1759 τὴν
859 1706 1071 1776 πρώτην
1133 1700 1436 1775 ἐπινέμησιν
1502 1705 1547 1755 εἰ
1598 1720 1731 1763 τινες
1781 1703 1882 1753 ὑπὸ

260 1789 634 1867 τῆοεσϐυτέρων
694 1790 1055 1862 εἰσήχθησαν,
1106 1792 1193 1844 ἐπὶ
1237 1793 1359 1851 τούς
1395 1790 1608 1853 λαῖκοὺς
1659 1789 1881 1865 ἀπορρι-

251 1889 445 1953 φῶσιν.
502 1881 734 1934 ⁴Ανωθιν
800 1876 859 1932 δὶ
910 1884 1121 1952 γένηται
1197 1881 1367 1932 αὐτῶν
1424 1881 1549 1956 παρ’
1606 1881 1747 1953 ὑμῶν
1806 1879 1883 1942 ἐξ·

253 1976 431 2033 ἐτασις
457 1988 471 2000 ⁸
526 1969 630 2022 κᾶν
679 1973 772 2043 μὲν
815 1969 957 2033 οἰξιοι
1004 1968 1123 2039 ὦσι,
1157 1979 1218 2045 τῇ
1268 1972 1492 2047 ὑμετέρα
1520 1969 1679 2042 ψήφῳ
1709 1989 1879 2044 παρα-

261 2056 643 2132 δεχθήτωσαν.
713 2059 1161 2133 Ἐπικαθαρίσατε
1213 2063 1328 2133 (58)
1387 2064 1481 2119 τὴν
1542 2060 1876 2130 Ἐκκλησίαν,

258 2154 383 2211 τοὺς
436 2148 691 2213 ἀναξίους
744 2148 906 2210 αὐτῆς
961 2148 1329 2217 ἀπελάσαντες,
1389 2154 1480 2203 καὶ
1545 2156 1637 2202 τοῦ
1693 2148 1877 2202 λοιποῦ

258 2238 521 2301 ἐξετάζετε
570 2239 691 2311 (59)
730 2242 822 2312 μὲν
850 2242 968 2300 τους
998 2237 1172 2302 ἀξίους
1210 2244 1300 2292 καὶ
1346 2235 1721 2315 παραδέχεσθε
1748 2260 1759 2271 ·
1802 2241 1873 2311 μὴ

2008 552 2156 593 num
2187 538 2442 610 penuria
2469 538 2819 595 laborantes
2845 537 2908 594 in
2930 537 3343 595 electionibus.
3375 541 3673 606 Quoniam

2006 626 2187 696 igitur
2200 626 2375 683 video
2394 643 2523 684 rem
2540 628 2600 684 in
2624 627 2857 685 malum
2865 627 2994 699 jam
3012 627 3353 685 insanabile
3364 630 3665 702 progredi,

2006 729 2169 770 nunc
2191 716 2545 788 praesertim,
2569 732 2710 772 cum
2738 714 2983 790 plurimi
3003 714 3227 771 militiae
3241 718 3667 790 metu,seipsos

2001 802 2064 859 in
2103 804 2503 862 ministerium
2543 806 2887 877 conjiciant,
2929 805 3271 861 necessario
3314 807 3544 862 accessi
3586 805 3667 863 ad

2002 895 2247 949 Patrum
2285 910 2551 950 canones
2588 894 3011 962 renovandos;
3044 909 3114 950 ac
3138 895 3309 949 vobis
3347 895 3567 966 scribo,
3601 898 3668 951 ut

2003 982 2252 1039 mittatis
2294 983 2443 1039 mihi
2496 983 2843 1055 catalogum
2897 982 3313 1039 ministrorum
3366 984 3666 1057 cujusque

2000 1072 2164 1145 pagi,
2188 1077 2243 1129 et
2266 1088 2302 1129 a
2322 1089 2445 1145 quo
2466 1072 2721 1145 quisque
2748 1071 2922 1145 149
2943 1071 3319 1128 introductus
3340 1072 3431 1142 sit,
3448 1077 3506 1129 et
3523 1089 3662 1146 quin

1999 1162 2131 1234 ejus
2174 1162 2249 1218 sit
2275 1161 2513 1219 vivendi
2542 1162 2714 1218 ratio.
2750 1163 2976 1218 Habete
3006 1167 3211 1218 autem
3251 1167 3307 1218 et
3346 1163 3463 1235 ipsi
3492 1163 3656 1236 apud

1999 1268 2108 1309 vos
2130 1251 2497 1323 catalogum,
2522 1256 2587 1308 ut
2624 1268 2762 1307 cum
2787 1251 3022 1324 scriptis
3046 1251 3212 1324 apud
3242 1268 3353 1308 nos
3373 1253 3659 1324 repositis

1997 1346 2197 1398 vestra
2242 1341 2648 1403 conferantur,
2680 1357 2790 1397 nec
2839 1341 3127 1413 cuiquam
3157 1340 3332 1397 liceat
3362 1342 3653 1413 seipsum,

1996 1447 2138 1488 eum
2162 1430 2431 1498 voluerit,
2456 1430 2805 1487 inscribere.
2848 1434 2934 1487 lta
2973 1446 3140 1498 sane,
3165 1430 3215 1485 si
3243 1431 3349 1503 qui
3378 1436 3515 1503 post
3539 1430 3655 1503 pri-

1996 1537 2161 1578 mam
2187 1521 2577 1577 indietionem
2607 1536 2645 1577 a
2674 1520 3037 1593 presbyteris
3057 1518 3381 1576 introducti
3412 1519 3653 1591 fuerint,

1992 1610 2146 1666 inter
2186 1608 2372 1665 laicos
2400 1608 2765 1679 rejieiantur.
2796 1611 3020 1664 Eorum
3061 1613 3264 1664 autem
3295 1624 3552 1664 examen
3577 1607 3654 1665 de

1991 1698 2233 1768 integro,
2248 1697 2515 1770 repetite,
2539 1702 2596 1754 et
2617 1697 2666 1753 si
2686 1697 2854 1769 digni
2873 1696 3114 1765 fuerint,
3139 1696 3432 1768 suffragio
3454 1702 3652 1753 vestro

1992 1786 2417 1861 suscipiantur.
2448 1789 2781 1861 Expurgate
2813 1786 3158 1853 Ecclesiam,
3180 1786 3463 1858 indignos
3485 1801 3554 1843 ex
3582 1803 3654 1845 ea

1989 1877 2309 1949 ejicientes.
2343 1877 2535 1949 Atque
2556 1875 2617 1931 in
2656 1881 2970 1949 posterum
3004 1875 3349 1931 examinate
3378 1876 3649 1949 quidem,

1988 1966 2091 2040 qui
2140 1965 2308 2036 digni
2349 1965 2486 2033 sint,
2529 1971 2586 2022 et
2623 1981 2726 2022 eos
2761 1964 3055 2021 admittite
3108 1982 3120 2020 :
3164 1965 3270 2021 sed
3317 1965 3482 2037 prius
3520 1981 3646 2022 non

1989 2054 2289 2125 ascribite,
2322 2071 2508 2128 quam
2541 2055 2621 2112 ad
2640 2070 2751 2111 nos
2782 2053 3136 2123 retuleritis;
3172 2058 3275 2110 aut
3304 2054 3510 2110 scitote
3532 2053 3643 2111 lai-

1988 2162 2128 2201 cum
2156 2145 2427 2201 futurum
2449 2161 2598 2213 esse,
2623 2145 2727 2217 qui
2757 2144 2884 2201 sine
2904 2143 3358 2215 nostrojudicio
3377 2143 3439 2199 in
3470 2143 3643 2200 mini—

1990 2234 2238 2291 sterium
2269 2235 2445 2291 fuerit
2474 2234 2804 2292 admissus.

248 2326 514 2402 ἀριθμεῖτε
589 2325 652 2381 δὲ
711 2333 836 2405 πρὶν
906 2327 975 2389 εἰς
1044 2331 1182 2403 ἡμᾶς
1246 2327 1632 2402 ἐπανενεγκεῖν·
1700 2328 1729 2387 ᾖ
1784 2332 2084 2401 γινώσκετε,
2152 2326 2226 2378 ὃτι
2284 2323 2459 2387 λαίκός
2511 2327 2658 2378 ἔσται
2709 2326 2735 2377 ό
2798 2326 2917 2378 ἄνευ
2984 2325 3233 2397 ἡμετέρας
3289 2328 3496 2397 γνώμης
3572 2323 3644 2384 εἰς

238 2418 543 2493 ὑπηρεσίαν
581 2411 922 2493 παραδεχθεί
930 2437 970 2480 ς.

872 2512 1155 2561 ΕΠΙΣΤΟΛ
1167 2515 1209 2561 Η
1246 2506 1367 2564 ΝΗ.

2526 2505 2861 2563 EPISTOLA
2906 2506 3035 2560 LV‘.

253 2615 577 2672 Decretum
598 2615 820 2672 Basilii
857 2614 1145 2672 adversus
1175 2621 1495 2673 extraneas
1521 2616 1799 2672 mulieres
1830 2630 1964 2671 cum
1998 2614 2354 2685 Paregorius
2380 2614 2698 2683 presbyter
2721 2614 2921 2685 minus
2950 2613 3332 2683 observaret;
3364 2612 3649 2669 hortatur

334 2701 470 2759 eum
497 2687 760 2743 Basilius
786 2693 852 2743 ut
878 2688 1154 2756 parendo
1182 2689 1380 2758 potius
1410 2703 1591 2759 quam
1622 2686 1965 2744 excusando
1994 2701 2116 2743 sese
2144 2684 2429 2759 defendat
2451 2698 2472 2759 ,j
2496 2701 2661 2759 secus
2692 2684 3118 2759 depositionem
3144 2686 3433 2759 minatur,
3468 2690 3648 2759 atque

335 2758 540 2827 ipsum
572 2760 739 2815 etiam
776 2756 1457 2816 excommunicationerh
1492 2766 1619 2815 tum
1652 2760 1787 2829 ipsi,
1818 2763 1945 2814 tum
1971 2773 2102 2814 eum
2133 2756 2572 2826 recipientibus,
2596 2758 2648 2811 si
2669 2756 3073 2813 sacerdotium
3102 2758 3257 2813 citra
3288 2756 3648 2812 emendatio-

335 2843 477 2886 nem
502 2829 619 2886 sibi
639 2835 897 2901 arroget.

637 2924 949 2995 Παρηγορίῳ
981 2919 1097 2991 (60)
1120 2918 1479 2996 πρεσϐυτέρῳ.

336 3025 611 3098 Ἐνέτυχόν
656 3046 753 3080 σου
808 3035 919 3088 τοῖς
961 3030 1243 3102 γράμμασι
1290 3030 1420 3102 μετά
1465 3030 1639 3090 πάσης
1676 3047 1872 3102 μακρο-
1911 3059 1950 3117 C

256 3117 472 3189 θυμίας,
513 3122 605 3169 καὶ
658 3115 940 3190 ἐθαύμασα
987 3125 1116 3185 πῶς,
1180 3114 1460 3191 δυνάμενος
1502 3119 1627 3191 ἡμῖν
1692 3122 1872 3171 συντόο

242 3228 360 3280 μως
420 3212 515 3260 καὶ
564 3207 789 3270 εὐκόλως
837 3206 1272 3280 ἀπολογήσασθαι
1330 3205 1425 3261 διὰ
1470 3217 1570 3260 τῶν
1617 3211 1869 3283 πραγμά-

241 3316 369 3369 των,
420 3304 531 3359 τοῖς
740 3302 1210 3373 κατηγορουμένοις
1263 3296 1514 3372 ἐπιμένειν
1566 3294 1868 3371 καταδέχη,

243 3385 424 3459 λόγοις
480 3383 543 3441 δί
592 3395 815 3460 μακροῖς
866 3389 1161 3462 θεραπεύειν
1211 3386 1497 3463 ἐπιχειρεῖς
1543 3390 1609 3440 τὰ
1661 3385 1866 3440 ἀνίατα.

243 3480 385 3529 Οὔτε
445 3484 650 3552 πρῶτοι
704 3480 822 3529 οὔτε
877 3480 1047 3549 μόνοι,
1107 3481 1426 3552 Παρηγόριε,
1486 3475 1868 3549 ἐνομοθετήσα-

240 3587 338 3640 μεν
392 3574 655 3640 γυναῖκας
705 3562 937 3640 ἀνδράσι
983 3571 1054 3640 μὴ
1109 3574 1385 3622 συνοικεῖν.
1427 3565 1561 3619 Ἀλλ’
1613 3564 1866 3637 ἀνάγνωθι

243 3660 336 3708 τόν
390 3654 733 3729 ἐξενεχθέντα
795 3659 987 3709 κανόνα
1043 3658 1186 3729 παρά
1252 3664 1352 3707 τῶν
1410 3655 1572 3727 ἀγίων
1631 3659 1869 3730 Πατέρων

243 3748 399 3821 ἡμῶν
457 3755 559 3799 τῶν
614 3745 665 3798 ἰν
844 3743 1051 3819 συνόδῳ
1105 3751 1351 3813 Νικαίας,
1406 3745 1461 3808 ὃς
1500 3754 1722 3822 φανερῶς
1764 3743 1868 3797 ἀπ-

245 3842 512 3912 ηγόρευσε
568 3839 943 3898 συνεισακτοὺς
996 3838 1111 3909 (61)
1166 3840 1237 3910 μὴ
1295 3837 1443 3888 dum.
1488 3836 1595 3908 (62)
1638 3834 1870 3908 Ἀγαμία

251 3923 314 3980 δὲ
362 3925 412 3979 ἓν
462 3929 632 4000 τούτῳ
678 3929 793 4000 ἔχει
836 3929 895 3980 τό
948 3930 1151 4001 σεμνόν,
1206 3924 1253 3979 ἐν
1294 3935 1366 3998 τῷ
1404 3926 1734 4002 κεχωρίσθαι
1773 3934 1868 3987 τῆς

245 4020 389 4091 μετά
426 4020 679 4089 γυναικός
731 4017 846 4090 (63)
893 4012 1191 4091 διαγωγῆς.
1243 4016 1326 4078 Ὠς
1374 4015 1457 4069 ἐὰν
1497 4013 1865 4089 ἐπαγγελλόμε-

246 4112 338 4168 νός
368 4126 455 4167 τις
501 4115 576 4178 τῷ
618 4106 854 4181 ὀνόματι,
907 4109 1042 4183 ἔργῳ
1084 4111 1150 4159 τά
1194 4115 1294 4159 τῶν
1323 4105 1532 4180 γυναιξὶ
1566 4109 1866 4159 συνοικούν-

249 4216 360 4250 των
411 4203 561 4270 ποιῇ,
616 4192 772 4260 δῆλός
825 4195 943 4250 ἐστι
990 4200 1047 4249 τό
1094 4199 1185 4270 μὲν
1236 4204 1332 4260 τῆς
1367 4198 1645 4271 παρθενίας
1684 4199 1866 4269 σεμνόν

245 4286 299 4340 ἐν
331 4295 397 4356 τῇ
431 4291 775 4362 προσηγορία
804 4282 1033 4358 διώκων,
1082 4293 1175 4339 τοῦ
1226 4282 1285 4340 δὲ
1329 4285 1446 4339 καθ’
1478 4282 1673 4345 ἡδονὴν
1715 4283 1869 4362 ἀπρε-

250 4385 383 4440 ποῦς
434 4381 508 4451 μὴ
575 4375 946 4450 ἀφιστάμενος.
1001 4378 1248 4449 Τοσούτῳ
1312 4372 1401 4428 οὖν
1457 4375 1646 4449 μᾶλλον
1703 4374 1866 4451 ἐχρῆν

256 4485 317 4519 σε
372 4466 590 4527 εὐκόλως
642 4463 776 4529 εἶξαι
831 4466 978 4539 ἡμῶν
1039 4474 1102 4542 τῇ
1155 4465 1391 4537 ἀξιώσει,
1443 4466 1644 4541 ὅσῳπερ
1704 4464 1865 4539 λέγεις

328 4630 447 4701 (57)
486 4625 628 4701 0.532
667 4627 761 4701 sig.
790 4630 876 4685 Ita
898 4631 1021 4701 tres
1048 4628 1441 4701 vetustissimi
1463 4630 1723 4701 codices,
1755 4648 1866 4701 pro

250 4696 351 4762 eo;
383 4696 552 4773 quod
594 4705 725 4757 erat
749 4700 813 4757 in
842 4699 1016 4757 editis
1044 4696 1236 4762 οὐδείς.
1277 4700 1452 4767 Quod
1498 4702 1579 4759 ait
1619 4696 1867 4760 Basilius

250 4772 729 4829 chorenisconos
758 4771 1080 4829 hominum
1099 4773 1352 4829 penuria
1371 4771 1652 4829 laborare
1671 4774 1734 4829 in
1755 4775 1867 4829 ele-

248 4775 729 4901 choregiscopos
758 4775 1080 4854 hominum
1099 4775 1352 4855 penuria
1371 4775 1652 4830 laborare
1671 4775 1734 4831 in
1755 4775 1869 4832 ele-

240 4847 433 4904 ctiom
485 4860 580 4927 us,
600 4844 668 4926 id
689 4842 765 4900 de
777 4843 1171 4927 eiectionibus
1189 4843 1542 4927 inferiorum
1565 4846 1865 4927 ministro-

232 4934 381 4976 rum
409 4915 615 4989 accipi
646 4930 771 4972 non
801 4914 984 4972 debet
1006 4914 1115 4989 sed
1136 4914 1641 4989 presbyterorum
1666 4922 1725 4975 et
1743 4918 1867 4976 dia-

236 4986 574 5057 conorum,
597 5002 755 5062 quos
792 4987 1061 5062 episcopi
1101 4986 1679 5062 cliorepi'scoporum
1712 4990 1868 5047 testi-

240 5062 523 5137 moniop
531 5057 1189 5137 robatoso‘rdingbant.

320 5134 435 5202 (58}
466 5128 941 5207 ’Ῑτίπικαθοιρίσοιτε⁸
975 5129 1129 5207 Editi
1165 5128 1402 5187 addunt
1437 5130 1546 5202 οὖν,
1570 5148 1707 5205 (ιυιθ
1736 5134 1866 5207 qui-

242 5201 391 5260 dem
408 5202 638 5261 vocula
657 5201 829 5259 deest
850 5202 913 5258 in
932 5201 1157 5274 nostris
1176 5206 1408 5274 septem
1429 5201 1577 5260 mss.

321 5278 425 5347 (59)
498 5274 1048 5354 ’4_wsl_éawrsi.._.....
1103 5272 1395 5354 ἐξετάζετε..
1441 5274 1596 5354 _Editi
1648 5274 1868 5354 ἀπελαυ-

247 5345 485 5410 νοντες...
517 5345 820 5411 ἐξετάσατε.
846 5345 1108 5403 Primam
1136 5361 1352 5402 vocem
1382 5346 1564 5404 trium
1597 5349 1870 5405 vetustis-

254 5419 573 5502 simorum,
614 5418 873 5477 alteram
922 5421 1154 5491 septem
1201 5415 1481 5474 codicum
1522 5420 1869 5478 auctoritate

254 5496 651 5550 mutavimus.

250 5624 253 5625 ν
304 5565 441 5638 ,(99)
471 5565 816 5638 Παρηγορίῳε
849 5559 1161 5638 uallari,
1200 5559 1378 5638 C_oisI.
1422 5562 1676 5638 primus,
1717 5562 1864 5638 Med.

253 5637 318 5692 et
338 5631 591 5694 Clarom.
617 5631 771 5694 cum
788 5632 993 5692 Basilii
1011 5631 1397 5689 editionibus.
1419 5631 1490 5690 At
1512 5634 1572 5691 in
1608 5651 1713 5691 sex
1738 5634 1869 5692 aliis

254 5706 563 5767 codicibus
596 5725 756 5779 mss,
794 5708 857 5765 et
886 5704 955 5764 in
987 5704 1296 5764 Pandectis
1329 5704 1547 5777 legitur
1575 5713 1864 5785 Γρηγορίῳ,

2446 2919 2780 2990 Paregorio
2805 2918 3175 2988 presbytero.

2055 3026 2191 3097 Legi
2224 3029 2356 3083 tuas
2388 3025 2614 3083 litteras
2646 3041 2787 3081 cum
2818 3024 2988 3081 omni
3017 3023 3347 3098 patientia;
3382 3038 3642 3096 sumque

1982 3114 2338 3185 admiratus,
2385 3131 2492 3172 cur
2522 3131 2663 3172 cum
2709 3115 2908 3189 possis
2938 3114 3105 3188 apud
3142 3129 3256 3171 nos
3285 3113 3544 3170 breviter
3586 3116 3644 3168 et

1980 3203 2152 3261 facile
2182 3204 2356 3261 factis
2406 3207 2524 3262 tuis
2573 3221 2826 3261 causam
2869 3218 3067 3275 agere,
3112 3203 3175 3259 in
3218 3204 3400 3261 rebus
3445 3219 3644 3276 repre-

1978 3294 2187 3352 hensis
2212 3296 2528 3369 persistere
2548 3296 2794 3366 velis,ac
2812 3295 3008 3365 longis
3033 3293 3416 3351 sermonibus
3433 3309 3643 3351 curare

1980 3388 2172 3440 tentes
2203 3385 2588 3441 insanabilia.
2623 3388 2738 3442 Nec
2779 3385 2981 3457 primi,
3022 3400 3131 3439 nec
3179 3383 3309 3451 soli,
3342 3382 3643 3454 Paregori,

1982 3473 2378 3545 sancivimus,
2396 3478 2554 3547 utne
2581 3488 2705 3530 una
2726 3490 2867 3529 cum
2890 3473 3027 3528 viris
3065 3471 3411 3529 habitarent
3438 3471 3645 3528 mulie-

1978 3579 2095 3619 res.
2133 3563 2248 3619 Sed
2276 3563 2407 3635 lege
2449 3580 2746 3620 canonem
2779 3580 2815 3619 a
2856 3563 3080 3619 sanctis
3114 3562 3335 3618 nostris
3368 3560 3642 3618 Patribus

1979 3651 2206 3708 editum
2237 3653 2300 3708 in
2331 3653 2568 3725 synodo
2600 3653 2859 3721 Nicaea-.1,
2893 3652 2999 3726 qui
3036 3652 3352 3708 manifeste
3390 3651 3642 3708 sancivit

1979 3748 2296 3800 extraneas
2319 3744 2601 3800 mulieres
2622 3759 2747 3801 non
2782 3759 2936 3800 esse.
2966 3743 3093 3799 Vita
3115 3746 3315 3798 autem
3335 3740 3553 3797 etelebs
3575 3740 3638 3797 in

1979 3848 2050 3889 eo
2073 3833 2453 3890 honestatem
2479 3832 2683 3902 habet,
2710 3837 2770 3888 ut
2804 3849 2839 3888 a
2866 3833 3143 3888 convictu
3166 3829 3428 3888 mulieris
3461 3846 3634 3903 sepa-

1977 3927 2156 3980 retur.
2208 3925 2399 3989 Quare
2438 3923 2489 3979 si
2518 3923 2655 3997 quis
2694 3922 2878 3979 verbo
2908 3921 3240 3995 professus,
3273 3921 3473 3994 reipsa
3499 3937 3634 3995 quae

1977 4013 2110 4085 conj
2124 4017 2441 4084 ugatoruiu
2465 4017 2603 4069 sunt
2628 4012 2789 4082 facit,
2815 4012 3020 4085 palam
3057 4017 3144 4069 est
3171 4028 3311 4069 eum
3337 4011 3640 4083 virginita-

1977 4103 2049 4160 tis
2082 4102 2330 4177 quidem
2373 4102 2754 4160 honestatem
2804 4102 2864 4158 in
2905 4102 3150 4159 nomine
3192 4103 3492 4177 persequi,
3530 4106 3638 4164 sed

1975 4209 2369 4268 nequaquam
2386 4193 2463 4251 ab
2482 4193 2769 4250 indecora
2790 4192 3095 4267 voluptate
3117 4193 3636 4254 abstinere.Tanto

1977 4300 2120 4356 ergo
2152 4283 2346 4356 magis
2374 4283 2688 4357 oportebat
2719 4287 2771 4339 te
2794 4283 3181 4357 postulationi
3211 4288 3432 4340 nostra:
3458 4285 3632 4342 facile

1976 4374 2207 4443 cedere,
2231 4379 2460 4447 quanto
2482 4379 2537 4429 te
2576 4374 2663 4429 ais
2685 4389 2816 4429 esse
2834 4372 3178 4431 liberiorem
3215 4372 3292 4430 ab
3319 4375 3486 4453 omni
3508 4391 3633 4433 eor-

1973 4481 2160 4538 porea
2188 4464 2681 4537 libidine.’Neque
2707 4463 2867 4519 enim
2894 4463 3089 4519 virum
3116 4463 3496 4536 septuaginta
3526 4481 3631 4521 an-

1977 4631 2069 4688 Sic
2090 4628 2252 4686 enim
2282 4626 2507 4685 habent
2533 4627 2613 4683 ad
2648 4626 2986 4696 marginem
3023 4630 3144 4681 tres
3173 4625 3412 4681 codices
3443 4625 3629 4686 modo

1974 4702 2154 4769 citati,
2181 4700 2384 4758 Coisl..
2406 4699 2553 4757 Med.
2575 4704 2633 4755 et
2655 4697 2912 4755 Clarom.

2046 4776 2159 4846 (61)
2188 4774 2580 4833 Συνεισακτούς.
2616 4771 2706 4829 Sic
2729 4786 2940 4825 omnes
2968 4785 3113 4824 mss.
3143 4767 3627 4846 Editiewazrozig,

1974 4841 2436 4918 interpretamur
2478 4849 2814 4918 extraneas,
2855 4856 2987 4918 Lion
3031 4857 3171 4896 vero
3209 4841 3621 4918 subiuductas,

1973 4911 2231 4990 quia-sic
2257 4919 2736 4990 Hieronymuset
2758 4911 3026 4990 Ruﬂinus
3052 4918 3107 4990 et
3133 4911 3303 4967 multi
3334 4913 3435 4969 alii
3464 4911 3625 4990 vete-

1972 4983 2068 5046 fes
2088 4990 2245 5045 hanc
2267 4983 2912 5057 vocein'reddideruut,
2939 4989 2999 5039 ut
3020 4983 3345 5057 observant
3363 4990 3504 5057 post
3524 4988 3629 5041 Cu-

1967 5061 2198 5132 jacium
2228 5058 2646 5132 Gothofredus,
2675 5055 2779 5132 lib.
2806 5072 2901 5110 xw
2935 5056 3077 5132 Cod.
3113 5055 3333 5132 Z‘lteod,
3352 5055 3408 5111 et
3430 5058 3629 5132 Lupus

1972 5127 2036 5189 in
2070 5147 2365 5189 canonem
2396 5130 2637 5185 tertium
2666 5127 2992 5184 Nicaenum.
3020 5128 3239 5183 Eadem
3273 5144 3418 5183 voce
3450 5131 3630 5183 utitur

1974 5209 2184 5260 auctor
2210 5202 2346 5259 libri
2374 5204 2458 5259 De
2494 5200 2926 5272 singularitate
2962 5200 3340 5266 clericorum,
3383 5215 3441 5254 n.
3475 5204 3542 5255 30
3573 5205 3631 5254 et

1974 5279 2062 5332 32.
2096 5278 2332 5331 Vocataa
2379 5278 2582 5331 autem
2632 5275 2774 5328 sunt
2817 5276 3171 5339 συνεισακτοὶ,
3207 5278 3532 5338 exh-anew,
3564 5275 3629 5324 ut

1974 5350 2424 5420 opponerentur
2479 5346 2563 5420 iis
2592 5360 2747 5418 quas
2795 5349 3013 5400 natura
3067 5342 3252 5411 dedit,
3311 5341 3624 5405 matribus,

1975 5416 2285 5475 sororibus
2315 5423 2373 5474 et
2401 5416 2622 5474 amitis.

2048 5493 2155 5563 (62)
2184 5489 2328 5545 Vide
2357 5488 2672 5545 Addenda.

2042 5556 2154 5630 (63)
2189 5564 2336 5615 Μετά
2374 5566 2638 5634 γυναικός.
2675 5560 2768 5618 Sic
2797 5565 2912 5616 tres
2945 5556 3334 5615 vetustissimi
3364 5556 3623 5615 codices.

1972 5634 2125 5690 Editi
2317 5642 2597 5705 γυναικῶν.

2045 5688 2267 5764 Cilicis
2296 5688 2563 5764 CXCVIII.
2592 5703 2823 5776 Scripta
2843 5702 3011 5760 initio
3041 5702 3448 5776 episcopatus.
