4078 6378
482 327 590 385 403
1892 328 1949 384 S.
1995 328 2092 383 BA}

2281 328 2502 386 MAGNI
3761 335 3872 392 104

482 468 598 510 nos
607 452 822 509 natum
842 449 1122 508 existimo
1140 450 1460 509 libidinose
1474 451 1753 510 habitare
1774 468 1914 509 cum
1938 451 2092 509 mulii

2257 452 2512 529 ἕλεύθερος
2556 454 2685 508 εἷναι
2729 454 2920 518 παντὸς
2971 460 3274 527 σωματικοῦ
3324 455 3546 519 πάθους.
3588 457 3724 510 Οῦτε
3757 461 3859 534 γὰρ

481 559 546 600 re
561 559 576 599 :
589 558 700 600 nec
711 541 877 616 quod
893 547 1064 616 turpe
1076 542 1325 616 aliquod
1338 543 1571 600 facinus
1587 542 2091 600 fuissetadmissui

2256 546 2344 596 τὸν
2405 541 2855 618 ἑϐδομηκονταετῆ
2943 548 3194 616 γεγονότα
3266 546 3515 619 πείθομαι
3619 545 3866 620 ἐμπαθῶς

478 632 707 690 idcirco
727 632 1004 690 constitui
1027 649 1164 707 quas
1189 633 1469 691 constitui
1499 650 1512 700 ;
1536 633 1643 690 sed
1662 632 1829 707 quod
1851 633 1929 689 ab
1953 638 2083 706 Apo

2259 641 2514 687 συνοικεῖν
2572 639 2806 707 γυναικὶ,
2862 636 2978 687 οὔτε
3035 636 3104 696 ὡς
3156 633 3483 708 ἐπιγενομένη
3539 640 3643 688 τινὶ
3688 635 3867 710 ἀτόπῳ

479 725 603 783 tolo
641 723 963 782 didicimus
1004 725 1438 782 oﬂendiculum
1478 725 1644 782 fratri
1675 740 1798 782 non
1819 739 2044 798 ponere
2069 741 2089 781 ε

2260 723 2440 798 πράξει
2487 725 2749 800 ὡρίσαμεν
2805 723 2839 776 ἂ
2893 727 3192 797 ὡρίσαμεν·
3256 722 3366 776 ἀλλ’
3419 722 3604 784 ἐπειδὴ
3672 722 3870 780 ἐδιδά-

481 813 848 872 scandalum
871 816 909 870 '.
935 813 1170 872 Scimus
1197 818 1400 871 autem
1418 814 1586 888 quod
1609 831 1645 872 a
1665 813 1973 871 nonnullis
1993 829 2090 870 rec

2262 813 2464 886 χθημεν
2515 817 2658 888 παρά
2701 821 2792 867 τοῦ
2834 813 3153 867 Ἀποστόλου
3197 816 3267 886 μὴ
3308 815 3503 867 τιθέναι
3541 819 3872 891 πρόσκομμα

478 904 722 976 geritur,
783 903 913 961 aliis
960 904 1348 961 occasionem
1394 921 1527 961 esse
1589 904 1906 978 peccandi.
1953 906 2088 970 Qua:

2260 911 2330 974 τῷ
2385 898 2587 977 ἀδελφῷ
2640 903 2714 966 εἰς
2768 899 3062 956 σκάνδαλον
3112 904 3243 975 (64).
3292 900 3526 977 Οἴδαμεν
3559 900 3640 976 δὲ,
3687 907 3768 958 ὅτι
3809 910 3870 959 τὸ

478 993 867 1068 praecipimus
903 998 1250 1051 sanctorum
1281 993 1530 1051 Patrum
1557 993 1866 1050 decretum
1899 1009 2082 1066 seque

2262 994 2402 1068 παρά
2468 1012 2616 1046 τινων
2687 993 2846 1066 ὑγιῶς
2906 997 3172 1066 γινόμενον
3233 993 3401 1055 ἄλλοις
3474 992 3681 1070 ἀφορμὴ
3739 999 3872 1071 πρὸς

476 1090 590 1155 tes,
618 1089 682 1141 ut
701 1101 738 1141 a
762 1083 1120 1142 muliercula
1147 1085 1467 1158 separeris.
1495 1085 1650 1152 Quid
1675 1086 1856 1157 igitur
1875 1085 2086 1159 chorep

2264 1082 2520 1158 ἁμαρτίαν
2574 1083 2807 1159 ὑπάρχει
2866 1082 3016 1154 (65),
3067 1085 3266 1136 Τούτου
3322 1082 3482 1136 ἕνεκεν
3539 1085 3874 1160 προσετάξα-

477 1190 735 1248 scopum
770 1173 1036 1243 incusas,
1059 1178 1115 1231 et
1140 1174 1359 1230 veteris
1379 1174 1704 1232 inimicitiae
1731 1175 1878 1231 facis
1898 1175 2085 1232 menti

2268 1190 2372 1243 μεν,
2426 1171 2661 1246 ἑπόμενοι
2713 1180 2774 1245 τῇ
2828 1168 3054 1245 διαταγῇ
3104 1181 3203 1224 τῶν
3242 1173 3403 1244 ἁγίων
3462 1177 3729 1248 Πατέρων,
3763 1196 3878 1248 χω-

475 1280 618 1322 nem
637 1265 667 1321 ‘I
698 1263 856 1331 Quid
885 1264 961 1321 de
992 1263 1171 1321 nobis
1201 1265 1471 1338 quereris
1499 1265 1664 1339 quod
1693 1263 1899 1321 faciles
1928 1265 2085 1322 calui

2263 1262 2509 1336 ρισθῆναί
2557 1281 2612 1316 σε
2655 1270 2746 1315 τοῦ
2776 1266 3012 1334 γυναίου.
3045 1267 3108 1315 Τί
3138 1259 3225 1314 οὖν
3256 1261 3480 1334 ἐγκαλεῖς
3519 1272 3591 1335 τῷ
3631 1284 3873 1339 χωρεπι-

479 1353 597 1412 niis
637 1370 814 1411 aures
852 1355 1270 1428 praebeamus,
1301 1371 1374 1411 ac
1410 1371 1534 1412 non
1567 1355 1768 1428 potius
1810 1355 1885 1411 de
1916 1359 1970 1412 te
1999 1355 2089 1428 ips

2263 1356 2465 1423 σκόπῳ,
2521 1357 2612 1404 καὶ
2652 1352 2876 1414 παλαιᾶς
2912 1354 3110 1428 ἔχθρας
3150 1356 3450 1426 μέμνησαι;
3499 1357 3564 1407 Τί
3615 1351 3675 1408 δὲ
3728 1357 3872 1428 ἡμᾶς

481 1443 590 1518 qui
624 1443 850 1500 adduci
890 1459 1014 1500 non
1049 1447 1242 1517 potes,
1270 1449 1336 1501 ut
1361 1443 1684 1502 amulieris
1713 1444 2091 1501 consuetudii

2267 1445 2573 1515 καταμέμφει
2635 1443 2700 1505 ἠς
2755 1441 2997 1503 εὐκόλους
3053 1441 3210 1503 ἀκοάς
3267 1445 3482 1514 ἔχοντας
3539 1443 3607 1505 εἰς
3662 1447 3720 1497 τό
3781 1447 3877 1510 τὰς

478 1532 730 1590 recedas
751 1533 779 1590 ?
814 1533 972 1605 Ejice
1011 1533 1193 1605 igitur
1230 1533 1395 1591 illam
1445 1535 1618 1608 15o
1653 1551 1718 1590 ex
1751 1534 1868 1591 tuis
1894 1533 2088 1590 aedibu

2269 1527 2519 1594 διαϐολὰς
2570 1533 2922 1607 προσίεσθαι;
2982 1530 3091 1584 ἀλλ’
3145 1531 3273 1605 οῦχὶ
3320 1540 3522 1603 σεαυτῷ
3569 1538 3642 1605 μὴ
3689 1533 3879 1608 ἀνεχο-

482 1625 541 1681 et
567 1623 631 1680 in
661 1623 1026 1680 monasterio
1052 1624 1374 1681 constitue.
1399 1624 1481 1680 Sit
1505 1624 1608 1681 illa
1630 1641 1769 1680 cum
1791 1623 2092 1696 virginibu

2269 1625 2394 1694 μένῳ
2454 1623 2567 1692 (66)
2630 1621 2926 1680 ἀποστῆναι
2979 1631 3079 1685 τῶς
3133 1627 3259 1697 πρὸς
3307 1626 3401 1682 τὴν
3465 1631 3694 1695 γυναῖκα
3757 1643 3879 1678 συν-

484 1715 542 1770 et
578 1712 744 1786 apud
767 1717 823 1770 te
856 1713 1121 1771 serviant
1161 1714 1291 1786 viri,
1325 1718 1393 1771 ut
1420 1729 1496 1770 ne
1527 1713 1630 1770 Dei
1656 1728 1880 1771 nomen
1906 1717 2094 1788 propti

2264 1713 2480 1779 ηθείας;
2538 1710 2784 1766 ’Ἐκϐαλλε
2835 1716 3006 1765 τοίνυν
3056 1710 3218 1771 αὐτὴν
3263 1711 3363 1764 ἀπὸ
3416 1719 3508 1765 τοῦ
3557 1716 3700 1767 οἴκου
3753 1735 3869 1782 σου,

480 1817 594 1861 vos
617 1801 1096 1876 blasphemetur.
1113 1804 1247 1859 Haec
1269 1802 1464 1860 donec
1484 1801 1719 1869 feceris,
1741 1802 2090 1860 innumeral

2261 1805 2350 1855 καὶ
2401 1801 2738 1860 κατάστησον
2796 1800 2958 1860 αὐτὴν
3013 1800 3061 1854 ἐν
3119 1805 3460 1876 μοναστηρίῳ
3507 1800 3640 1876 (67).
3692 1802 3865 1856 Ἔστω

478 1890 562 1948 lia
581 1906 720 1964 quas
745 1907 854 1964 per
874 1890 1160 1964 epistolas
1189 1891 1402 1949 scribis
1424 1891 1572 1948 nihil
1592 1897 1648 1948 te
1667 1891 1973 1964 juvabunt
1998 1911 2010 1961 ;
2045 1908 2088 1949 st

2263 1892 2426 1950 ἐκείνη
2487 1894 2619 1965 μετά
2673 1893 2957 1967 παρθένων,
3018 1895 3109 1944 καὶ
3173 1895 3239 1944 σὺ
3297 1892 3554 1966 ὑπηρετοῦ
3617 1891 3703 1945 ὑπ’
3764 1891 3858 1944 ἀν-

481 1979 755 2038 morieris
781 1981 1030 2053 otiosus,
1074 1997 1144 2038 ac
1173 1980 1391 2039 reddes
1423 1980 1678 2038 Domino
1703 1982 2002 2038 rationem
2045 1997 2091 2039 0‘

2262 1979 2421 2060 δρῶν,
2470 1982 2552 2034 ἶνα
2598 1986 2668 2055 μὴ
2710 1985 2769 2034 τὸ
2814 1983 2975 2055 ὄνομα
3021 1989 3114 2034 τοῦ
3150 1988 3284 2035 Θεοῦ
3335 1977 3410 2036 δι’
3447 1985 3580 2056 ὑμᾶς
3620 1982 3869 2055 βλασφη-

481 2069 596 2126 tui.
650 2069 822 2135 Quod
873 2069 925 2126 si
982 2085 1170 2127 ausus
1223 2070 1407 2127 fueris
1467 2070 1613 2128 citra
1663 2070 2084 2128 emendatione

2261 2080 2448 2147 μῆται.
2501 2069 2632 2134 Ἒως
2691 2067 2740 2124 δ’
2801 2070 2861 2124 ἂν
2892 2078 3058 2124 ταῦτα
3095 2078 3268 2144 ποιῇς,
3303 2073 3358 2124 αἱ
3403 2068 3682 2146 μυριάδες,
3741 2072 3869 2147 οἱπερ

483 2159 892 2218 sacerdotium
931 2159 1038 2218 tibi
1083 2160 1417 2228 vindicare,
1465 2161 1793 2219 anathema
1835 2162 1953 2218 eris
1983 2177 2093 2218 om:

2265 2165 2376 2231 (68)
2425 2163 2747 2236 συγγράφεις
2811 2156 2906 2213 διά
2962 2169 3061 2212 τῶν
3120 2160 3426 2232 ἐπιστολῶν,
3483 2158 3636 2215 οὐδὲν
3677 2161 3875 2234 ὠφελη-

481 2249 750 2324 populo;
788 2254 846 2306 et
873 2250 982 2324 qui
1026 2254 1082 2307 te
1126 2251 1479 2324 receperint,
1511 2251 2014 2310 excommunicati
2043 2267 2091 2324 pi

2267 2256 2422 2305 σουσί
2469 2270 2568 2304 σε·
2627 2249 2755 2304 ἀλλά
2800 2250 3128 2312 τελευτήσεις
3181 2249 3374 2326 ἀργῶν,
3407 2255 3498 2305 καὶ
3556 2249 3752 2315 δώσεις
3806 2259 3877 2324 τῷ

483 2355 731 2397 omnem
760 2339 1091 2397 Ecclesium
1120 2345 1314 2398 erunt.

2262 2345 2436 2416 Κυρίῳ
2481 2340 2632 2412 λόγον
2685 2349 2781 2403 τῆς
2829 2348 3057 2394 σεαυτοῦ
3103 2339 3308 2416 ἀργίας.
3344 2339 3462 2396 Ἐὰν
3495 2337 3554 2395 δὲ
3584 2340 3871 2415 τολμήσῃς,

485 2431 556 2501 μὴ
623 2423 1050 2501 διορθωσάμενος
1113 2431 1351 2499 σεαυτόν,
1398 2427 1719 2503 ἀντέχεσθαι
1771 2439 1863 2492 τῆς
1918 2432 2222 2506 ἱερωσύνης,
2285 2429 2516 2503 ἀνάθεμα
2571 2432 2662 2504 ἴση
2729 2434 2886 2484 παντὶ
2944 2437 3016 2502 τῷ
3068 2428 3190 2502 λαῷ.
3251 2434 3342 2484 καὶ
3389 2432 3438 2483 οἱ
3487 2425 3771 2504 δεχόμενοί
3821 2450 3879 2484 σε

483 2513 797 2594 ἓκκήρυκτοι
823 2520 960 2573 κατά
983 2523 1159 2572 πᾶσαν
1193 2518 1508 2578 Ἐκκλησίαν
1537 2525 1658 2592 γενή
1671 2539 1874 2574 σονται.

1095 2645 1432 2702 EPISTULA
1473 2646 1626 2702 LVI'.

2769 2648 3105 2699 ΕΠΙΣΤΟΛΗ
3143 2649 3248 2710 Νς.

488 2740 744 2815 Basilius
774 2745 1117 2812 querentem
1145 2741 1562 2812 Pergamium,
1585 2745 1746 2814 quod
1777 2745 1996 2800 litteris
2024 2745 2148 2801 suis
2175 2758 2292 2800 non
2326 2743 2750 2814 respondisset,
2773 2743 3030 2812 placare
3057 2748 3336 2812 conatur,
3359 2757 3535 2815 seque
3561 2758 3687 2800 non
3715 2759 3887 2802 arro-

553 2813 762 2888 gantia
800 2827 876 2888 ea:
921 2819 1214 2888 potestate
1265 2820 1423 2876 orta,
1488 2813 1609 2872 sed’
1650 2818 2081 2885 sollicitudine,
2115 2830 2238 2888 qua
2285 2813 2449 2874 nunc
2497 2816 2904 2886 distringitur,
2942 2815 3274 2872 adductum
3312 2813 3775 2887 esse—declarat,
3818 2823 3886 2873 ut

554 2885 858 2956 Pergamii
885 2885 1364 2944 oblivisceretur.

1166 3012 1516 3083 Pergamio.
2194 3015 2234 3071 C

2194 3015 2234 3071 C
2844 3015 3126 3088 Περγαμίῳ
3169 3011 3305 3082 (69).

562 3133 708 3189 Sum
754 3132 1043 3206 equidem
1093 3139 1312 3192 natura
1341 3135 1625 3209 proclivis
1657 3137 1736 3194 ad
1765 3136 2159 3214 oblivionem,

2344 3138 2465 3211 Εἰμὶ
2526 3140 2616 3211 μὲν
2670 3139 2823 3211 φύσει
2875 3137 3083 3200 εὔκολος
3132 3139 3262 3213 πρὸς
3319 3141 3413 3196 τὴν
3464 3136 3650 3206 λήθην,
3713 3135 3888 3211 ἐπεγέ-

489 3221 596 3278 sed
640 3223 893 3280 accessit
931 3223 1081 3280 mihi
1126 3229 1183 3281 et
1229 3225 1612 3296 negotiorum
1643 3227 1987 3293 multitudo,
2023 3243 2099 3301 qu

2275 3249 2380 3283 νετο
2436 3226 2496 3283 δέ
2541 3249 2630 3303 μοι
2677 3233 2767 3281 καὶ
2811 3233 2867 3282 τό
2912 3237 3011 3281 τῶν
3067 3228 3332 3301 ἀσχολιῶν
3372 3229 3585 3292 πλῆθος,
3632 3227 3885 3284 ἐπιτεῖνον

488 3311 762 3368 innatam
806 3312 1222 3370 inﬁrmitatem
1272 3314 1561 3386 adauget.
1610 3316 2019 3382 Quamobrem
2051 3322 2098 3372 et

2278 3324 2366 3378 τὴν
2413 3318 2468 3372 ἐκ
2521 3323 2720 3393 φύσεως
2779 3317 3094 3394 ἀρρωστίαν.
3141 3316 3322 3390 Ὠστε,
3358 3319 3401 3372 εἰ
3446 3323 3638 3392 καὶμή
3677 3324 3888 3393 μέμνη-

489 3415 615 3458 non
659 3402 914 3458 memini
945 3419 1044 3458 me
1090 3403 1317 3461 litteras
1345 3404 1616 3478 accipere
1646 3405 1976 3463 nobilitatis
2018 3411 2099 3464 tui

2278 3430 2368 3483 μαι
2424 3406 2697 3482 δεξάμενος
2743 3411 3032 3485 γράμματα
3079 3416 3172 3471 τῆς
3231 3409 3480 3481 εὐγενείας
3540 3427 3653 3482 σου,
3709 3412 3888 3464 πείθο-

488 3493 694 3547 tamen
718 3495 772 3548 te
795 3491 875 3548 ad
904 3508 1001 3549 me
1033 3494 1343 3567 scripsisse
1373 3511 1734 3568 persuasum
1759 3495 1957 3554 habeo
1985 3515 1998 3567 ;
2037 3513 2098 3554 ni

2272 3520 2368 3574 μαι
2443 3497 2808 3552 ἐπεσταλκέναι
2887 3517 2944 3551 σε
3008 3499 3172 3571 ἡμῖν’
3241 3498 3301 3551 οὗ
3357 3500 3458 3572 γὰρ
3528 3497 3586 3550 ἂν
3671 3501 3882 3563 πάντως

489 3579 654 3636 enim
679 3582 1074 3638 mentiturum
1122 3588 1177 3640 te
1207 3600 1460 3658 prorsus
1492 3584 1698 3642 fuisse.
1744 3586 1917 3652 Quod
1956 3591 2099 3644 aute.

2271 3585 2462 3661 ψεῦδος
2536 3588 2692 3641 εἰπεῖν
2753 3607 2827 3644 σε,
2891 3594 2994 3641 Τοῦ
3049 3583 3108 3640 δέ
3158 3591 3230 3660 μὴ
3288 3585 3732 3662 ἀντιφθέγξασθαι
3782 3589 3881 3642 οὐκ

488 3685 615 3728 non
647 3671 955 3745 respondi,
1003 3672 1182 3748 culpa
1219 3690 1345 3732 non
1390 3675 1499 3732 fuit
1541 3692 1696 3744 mea,
1736 3677 1841 3733 sed
1867 3676 2024 3733 illius
2055 3693 2095 3750 q

2271 3673 2371 3750 ἑγὼ
2429 3679 2617 3747 αἱτιος,
2680 3676 2789 3730 ἀλλ’
2828 3678 2854 3729 ὁ
2911 3681 2983 3751 μή
3045 3676 3344 3739 ἀπαιτήσας
3395 3680 3490 3739 τάς
3550 3677 3877 3753 ἀποκρίσεις.

489 3776 793 3836 responsa
819 3778 944 3820 non
969 3765 1271 3839 poposcit.
1295 3767 1466 3823 Nunc
1494 3771 1697 3825 autem
1729 3767 1806 3824 ad
1827 3771 1884 3824 te
1914 3768 2099 3824 veniu

2278 3772 2402 3820 Νυνὶ
2458 3764 2518 3820 δὶ
2571 3769 2686 3826 ἣκει
2741 3785 2826 3819 σοι
2877 3769 2942 3819 τά
2971 3769 3263 3840 γράμματα
3305 3773 3492 3836 ταῦτα,
3521 3767 3646 3841 ὑπέρ
3681 3784 3736 3817 τε
3767 3767 3888 3835 (70)

495 3849 591 3907 hae
606 3851 832 3925 litterae,
852 3870 988 3927 quae
1012 3860 1068 3912 et
1089 3855 1389 3928 praeterita
1411 3861 1696 3914 excusent
1718 3862 1772 3914 et
1788 3857 2105 3915 salutation

2276 3866 2371 3910 τῶν
2456 3859 2762 3930 φθασάντων
2829 3854 3111 3928 ἀπολογίαν
3169 3855 3489 3932 πληροῦντα,
3547 3860 3637 3908 καὶ
3703 3852 3886 3930 ἀρχὴν

501 3940 744 3998 alterius
783 3943 1024 4000 initium
1053 3945 1388 4018 praebeant.
1421 3949 1613 4012 Quare
1642 3962 1782 4003 cum
1808 3947 1887 4004 ad
1909 3964 2005 4004 me
2026 3964 2111 4003 scr

2283 3943 2497 4002 διδόντα
2542 3951 2904 4023 προσηγορίας
2952 3943 3220 4021 δευτέρας.
3273 3943 3457 4014 "ﬂare,
3513 3941 3725 3998 ἐπειδάν
3779 3943 3893 3997 ἐπι-

495 4031 632 4101 bes,
657 4047 734 4088 ne
753 4033 1008 4091 alterum
1038 4035 1344 4091 scribendi
1369 4037 1646 4094 ordinem
1688 4053 1724 4094 a
1749 4041 1801 4094 te
1826 4037 2009 4110 incipi
2037 4053 2105 4111 op

2278 4036 2487 4112 στελλης
2559 4039 2706 4110 ἡμῖν,
2789 4041 2860 4110 μὴ
2937 4040 3006 4100 ὡς
3080 4035 3242 4111 ἄρξας
3319 4032 3565 4109 δευτέρας
3631 4029 3888 4111 περιόδου

498 4122 678 4192 neris,
718 4123 823 4179 sed
865 4123 1032 4181 hisce
1080 4123 1288 4182 litteris
1332 4125 1607 4184 debitum
1637 4127 1918 4202 persolvi.
1949 4129 2108 4194 Quan

2284 4129 2596 4202 γραμμάτων
2656 4121 2890 4192 διανοοῦ,
2952 4123 3064 4178 ἀλλ’
3112 4126 3178 4187 ὡς
3229 4123 3620 4201 ἀποπληρώσας
3664 4123 3751 4177 ἐπὶ
3782 4129 3894 4186 τοῖς

574 4268 592 4302 ι
636 4269 806 4324 Rom.
835 4282 955 4338 xw,
991 4273 1084 4326 t3.

570 4408 791 4494 lenas
818 4411 1082 4494 ωομεν,
1119 4411 1352 4494 Scripta
1374 4411 1550 4494 initio
1580 4411 1994 4494 episcopatus.
2197 4383 2242 4438 Β
2273 4419 2328 4472 et
2379 4413 2713 4494 virginibus
2769 4411 3029 4494 hosgitia
3077 4406 3447 4494 separanda,
3482 4408 3894 4494 pronuntiat.

717 4482 808 4558 Ei;
857 4479 1168 4538 σκάνδαλον.
1216 4479 1530 4558 Sic_Ha_rl.
1582 4479 1639 4541 et
1688 4479 1864 4558 COiSl.
1906 4486 2159 4558 primus,

2282 4501 2441 4542 num.
2475 4479 2556 4541 l6.
2593 4487 2818 4558 Canon.
2857 4487 2916 4538 t9
2951 4479 3598 4558 A‘ncyranusvetat‘ne
3622 4481 3892 4558 virgines

500 4555 725 4680 quibus
746 4554 906 4610 favet
934 4571 1093 4610 unus
1117 4571 1190 4610 ex
1213 4555 1428 4626 Regiis,
1455 4556 1514 4612 in
1555 4573 1677 4630 quo
1699 4554 1986 4627 legitur—ii
2009 4559 2163 4610 σκάν-
2273 4573 2412 4612 cum
2440 4557 2597 4624 viris,
2627 4556 2806 4610 veluti
2829 4573 2967 4611 cum
2991 4554 3273 4610 fratribus
3295 4554 3539 4622 degant.
3565 4554 3892 4632 Gregorius

543 4627 681 4680 αλον.
712 4625 863 4680 Editi
889 4627 918 4680 ἢ
955 4623 1266 4680 σκάνδαλον.
2273 4633 2409 4680 Naz.
2444 4630 2503 4680 in
2536 4629 2802 4680 carmine
2831 4629 3018 4680 tertio.
3051 4641 3190 4680 nan.
3228 4630 3314 4680 57.
3340 4624 3612 4680 DI'thiDlt
3640 4625 3891 4680 virgini-

543 4627 681 4680 αλον.
712 4625 863 4682 Editi
889 4627 918 4684 ἦ
955 4623 1266 4682 σκάνδαλον.
1303 4623 1324 4626 “
1415 4623 1422 4626 ’
1574 4623 1596 4630 ’
1760 4623 1786 4627 ⁷

2280 4633 2410 4686 Naz.
2444 4630 2504 4684 in
2536 4623 2802 4684 carmine
2831 4629 3018 4695 tertio,
3051 4641 3190 4697 pag.
3228 4630 3314 4689 57,
3340 4624 3612 4696 prtecipit
3640 4625 3890 4697 virgini-

574 4699 684 4784 (ἑᾷ)
1029 4700 1121 4784 Sic
1155 4699 1340 4756 iidem
1373 4703 1489 4757 tres
1526 4699 1765 4757 codices
1797 4705 1856 4757 et
1884 4700 1985 4758 alii
2013 4717 2165 4760 non-

2280 4701 2384 4784 bus
2436 4706 2498 4756 ut
2531 4699 2869 4783 masculum
2917 4693 3163 4754 omn-eui
3209 4693 3413 4767 vitent,
3451 4693 3796 4784 O'ﬂ‘?!td'mtfév
3829 4693 3890 4750 δε

502 4769 684 4853 nulli:
706 4769 862 4828 Editi
879 4769 1131 4853 ὑπάρξει.
1181 4843 1193 4853 _
1388 4848 1398 4853 Δ
1567 4847 1606 4853 _‘
1713 4848 1722 4853 _
2095 4846 2104 4853 .

2278 4772 2519 4853 μάλιστα,
2572 4773 3003 4853 nia.m'me__vero
3046 4769 3888 4853 entraneumzuﬂieronymus

573 4843 690 4918 (6_6)
745 4849 948 4918 ξεαυτῷ
999 4837 1092 4915 ’μὴ
1159 4843 1488 4918 λᾷνεχομένῳ.
1565 4847 1651 4901 Ita
1707 4848 1823 4900 tres
1893 4846 2164 4918 vetustis-

2271 4837 2333 4900 in
2390 4837 2651 4918 EpiStola
2700 4843 2778 4898 ad
2835 4840 3241 4918 Eustochium,
3299 4837 3881 4918 Calibem,__inq_uit,

503 4911 640 4967 simi
669 4911 1076 4985 codices'cum
1101 4911 1298 4973 tribu's'
1322 4911 1472 4973 aliis.
1499 4918 1661 4973 Unus
1691 4932 1762 4972 ex
1792 4917 1986 4985 Regiis
2014 4937 2162 4970 σεαυ-
2273 4911 2498 4984 spernit
2531 4917 2698 4983 virgo
2736 4929 3114 4985 germanum,
3135 4913 3397 4982 fratrem
3437 4913 3649 4985 quaerit
3676 4915 3885 4985 extra-

504 4990 595 5035 τοῦ
649 4987 719 5064 μὴ
779 4982 1112 5064 ἀνεχομένου.
1166 4989 1318 5045 Editi
1367 4994 1425 5046 et
1472 5004 1628 5045 unus
1681 4991 1785 5045 aut
1841 4981 1990 5045 alter
2042 5006 2114 5044 m1

2276 4981 2468 5044 neum.
2493 4994 2548 5042 et
2571 4981 2702 5064 cum
2729 4981 2787 5040 in
2813 4987 3010 5064 eodem
3031 4981 3340 5064 preposito
3357 4981 3480 5064 esse
3498 4999 3560 5039 se
3575 4981 3886 5064 simulent,

506 5053 721 5108 σεαυτὸν
751 5060 821 5126 μὴ
858 5053 1014 5128 ἀνεχό
1019 5079 1055 5128 μ
1063 5077 1185 5114 ενον.

2287 5065 2550 5128 num-unt
2590 5060 2851 5113 alterum
2890 5053 3214 5126 spirituale
3249 5056 3558 5128 solatium,
3612 5059 3678 5109 ut
3723 5053 3897 5112 domi

575 5077 721 5107 κυτον
751 5077 821 5126 μη
858 5077 1185 5128 ἀνεχόμενον.
2315 5077 2549 5113 ιιωνιιηι
2590 5077 2851 5113 αιιονιιηι
2890 5077 3214 5126 δρινιιααιϐ
3249 5077 3558 5125 δυιαιιιιγη,
3612 5077 3676 5109 ιιι
3723 5077 3898 5112 (tum:

575 5128 689 5198 (6'7)
746 5127 825 5205 Ἐγ
883 5136 1238 5205 μσνᾳστηρίῳ.
1315 5132 1656 5205 Balsamon,
1729 5132 1849 5205 qui
1901 5135 2162 5188 vetustos
2272 5077 2534 5205 ita/want
2563 5131 2822 5205 carnale
2844 5129 3282 5205 commercium.
3318 5127 3587 5205 Virgines
3613 5130 3668 5205 et
3699 5141 3898 5205 cano-

499 5213 767 5256 canones
801 5197 1205 5257 int'erdum'ei
1231 5197 1669 5260 consuetudine
1696 5197 1885 5259 aetatis
1917 5219 2041 5258 suae
2073 5205 2162 5258 in-
2270 5203 2418 5257 nicas
2451 5207 2742 5256 vocantur
2771 5200 3070 5271 ejusmodi
3099 5199 3378 5271 mulieres
3403 5199 3465 5253 in
3495 5197 3902 5271 Orationibus

498 5275 876 5345 terpretatur,
925 5271 1120 5345 Basilii
1159 5273 1471 5345 decretum
1519 5275 1581 5330 in
1639 5275 1892 5341 consilii,
1936 5291 2059 5329 non
2100 5276 2160 5329 in
2273 5274 2682 5345 Chrysostomi
2729 5269 3024 5345 adversus
3062 5287 3190 5338 eos,
3221 5270 3327 5345 qui
3376 5272 3754 5345 συνεισακτούς
3784 5269 3904 5327 ha-

495 5341 782 5417 praacepti
811 5341 945 5398 loco
977 5342 1214 5417 accipit,
1243 5346 1388 5417 quia
1411 5346 1766 5415 virginitatis
1794 5345 1990 5415 legem
2011 5347 2160 5402 invi-
2271 5341 2434 5400 bent.
2479 5345 2716 5417 Minime
2742 5360 2889 5417 (ergo
2919 5344 3142 5417 mirum
3189 5341 3520 5417 si‘Basilius
3551 5342 3613 5417 in
3642 5356 3906 5417 monas-

494 5413 913 5487 faaiimponerc
954 5413 1215 5470 severius
1240 5413 1408 5487 justo
1448 5413 1768 5472 videretur.
1810 5413 1921 5473 Sed
1960 5417 2159 5472 minus
2269 5417 2415 5473 terio
2441 5413 2865 5472 collocandam
2896 5431 3029 5472 esse
3075 5415 3175 5483 ait,
3210 5429 3348 5487 qua:
3386 5414 3517 5485 jam
3557 5413 3903 5484 virginitati

491 5486 640 5541 vidit
667 5487 985 5542 Balsamon
1007 5489 1065 5540 et
1091 5486 1408 5543 extraneas
1432 5487 1563 5543 illas
1588 5488 1867 5543 mulieres
1895 5497 1944 5541 ct
1982 5490 2156 5556 viros,
2271 5505 2400 5544 sese
2426 5493 2904 5544 consecraverat.

538 5557 858 5636 uibusch
888 5556 1658 5636 habitabantuvirginitatis
1684 5559 1815 5628 lege
1837 5560 2157 5636 obszrictos
2342 5561 2456 5636 (68)
2481 5559 2664 5633 Ἀπερ.
2711 5559 2964 5636 Codices
2998 5561 3271 5636 quatuor
3303 5556 3665 5636 recentiores
3692 5556 3900 5636 ἇσπερ.

519 5626 697 5703 uisse.
737 5629 1135 5703 consentiunt
1165 5645 1236 5703 ea
1265 5631 1339 5685 de
1392 5626 1454 5686 re
1486 5626 1991 5703 veteres—Auctor
2021 5632 2129 5686 libr

2054 5631 2160 5687 lbri
2343 5626 2454 5702 (69)
2489 5626 2786 5703 Περγαμίω.
2820 5626 3132 5703 medicaeus
3155 5629 3354 5703 codex
3386 5630 3664 5702 Περγάμῳ.

2559 5689 2566 5706 Ι
2600 5689 2613 5703 1
2663 5689 2672 5704 ι

491 5698 578 5751 De
596 5698 1024 5769 singularitale
1051 5701 1430 5769 clericorum,
1456 5702 1902 5759 continentibus
1923 5703 2159 5760 clericis
2341 5691 2454 5775 (70)
2483 5691 2633 5777 ’Υπὲρ
2663 5691 2746 5759 is:
2771 5701 2928 5761 Harl.
2959 5708 3019 5760 et
3047 5701 3196 5759 Med.
3230 5701 3357 5775 ὑπὲρ
