4078 6372
264 322 371 379 4οὸ

1304 316 1798 380 ΕΡΙΞΤΟΙΑΒῘΙΗ
1835 316 2117 378 CLASBIS
2152 320 2221 376 ll.
2258 321 2473 378 EPIST.
2515 319 2673 379 LVII.

3564 320 3675 381 400

268 450 508 523 παροῦσι
535 444 612 499 τὰ
656 443 1000 520 ὀφειλόμενα.
1034 448 1136 500 Καὶ
1191 447 1315 521 γὰρ,
1343 446 1389 500 εἰ
1425 451 1517 500 καὶ
1561 447 1673 519 (Ti)
1705 441 1915 499 ἀντίδο-

2034 443 2123 500 vis
2151 444 2315 502 enim
2334 461 2472 503 mea
2491 443 2746 519 epistola
2765 442 2982 517 prioris
3012 444 3130 500 tuae
3158 442 3232 501 sit
3258 444 3687 517 remuneratio;

282 557 365 599 σις
411 539 768 613 προαγόντων
823 534 945 590 ἰστὶ
995 538 1064 588 τα
1118 537 1366 609 ἡμέτερα,
1400 536 1528 589 ἀλλὰ
1577 545 1651 607 τῷ
1706 535 1856 588 πλέον
1886 535 1916 594 ἦ

284 624 566 682 διπλάσιον
648 623 1000 698 ὑπερϐάλλειν
1079 627 1215 678 κατὰ
1266 628 1324 677 τὸ
1381 630 1567 701 μέτρον
1599 665 1613 692 ,
1679 624 1920 698 ἑκατέραν

284 721 379 777 τήν
424 715 575 779 τάξιν
607 714 733 788 (72)
758 713 1159 791 ἀποπληρώσει.
1180 713 1333 789 Ὁρᾷς
1391 718 1547 769 ὁποῖα
1608 715 1921 787 σοφίζεσθαι

296 809 425 881 ἡμᾶς
488 808 522 865 ἠ
593 807 765 879 ἀργία
832 805 1280 877 καταναγκάζει;
1336 809 1404 858 Σὺ
1474 802 1533 858 δὲ
1597 812 1822 875 παῦσαι,
1880 801 1919 854 ὦ

293 900 495 973 ἄριστε,
550 894 766 967 ἐπάγων
799 893 988 966 (73)ἇν
1041 900 1251 969 μικροῖς
1304 896 1511 970 ῥήμασι
1557 892 1784 968 μεγάλας
1834 892 1917 945 αἰ-

288 990 430 1051 τίας,
471 984 724 1058 οὐμενοῦν
765 982 1003 1056 ἐχούσας
1050 982 1338 1059 ὑπερϐολὴν
1384 984 1456 1046 εἰς
1507 988 1719 1038 κακίαν.
1761 983 1913 1040 Λήθη

281 1078 387 1151 γὰρ
444 1075 627 1147 φίλων,
661 1078 754 1126 καὶ
805 1071 1071 1149 ὑπεροψία
1120 1075 1177 1125 ἑκ
1229 1070 1540 1135 δυναστείας
1587 1072 1913 1145 ἐγγινομένη,

286 1168 461 1219 «dum
514 1167 636 1237 ἔχει
693 1165 827 1236 ὁμοῦ
875 1165 944 1215 τὰ
998 1159 1163 1219 δεινά.
1191 1166 1311 1217 Εἴτε
1351 1166 1453 1239 γὰρ
1485 1163 1580 1216 οὐκ
1637 1161 1915 1235 ἀγαπῶμεν

292 1258 431 1307 κατὰ
476 1258 568 1313 τήν
621 1251 833 1311 ἔντολὴν
871 1260 965 1304 τοῦ
1025 1257 1240 1327 Κυρίου,
1274 1249 1401 1306 ούδε
1452 1256 1539 1306 τὸν
1596 1258 1917 1328 χαρακτῆρα

296 1342 609 1417 haetiam
673 1344 803 1416 ἡμῖν
869 1344 1058 1415 ἔχομεν
1090 1358 1104 1372 ο
1169 1342 1271 1396 εἰτε
1350 1347 1679 1418 φρονήματος
1768 1348 1914 1393 κενοῦ

295 1440 394 1486 καὶ
455 1432 756 1494 ἀλαζονείας
839 1431 1239 1505 ὑπεπλήσθημεν
1324 1434 1640 1505 τυφωθέντες
1672 1474 1686 1500 ,
1755 1429 1912 1503 ἐμπί-

298 1542 492 1597 πτομεν
522 1523 635 1595 (74)
662 1521 736 1584 εἰς
783 1521 1010 1594 ἄφυκτον
1058 1527 1224 1596 κρῖμα
1267 1529 1360 1574 τοῦ
1414 1518 1691 1575 διαϐόλου.
1728 1518 1908 1587 Ὥστε,

294 1613 342 1666 εἰ
402 1616 515 1684 μὲν,
581 1611 749 1673 οὕτως
811 1612 951 1682 ἔχων
1016 1607 1258 1673 διανοίας
1318 1615 1434 1687 περὶ
1496 1613 1666 1683 ἡμῶν,
1704 1612 1912 1671 τούτοις

290 1702 510 1777 ἐχρήσω
557 1707 671 1763 τοῖς
700 1701 957 1775 ῥήμασιν,
989 1695 1134 1763 εὖξαι
1177 1705 1355 1773 φυγεῖν
1414 1702 1551 1773 ἡμᾶς
1606 1704 1700 1759 τὴν
1745 1718 1908 1757 πονη-

2032 533 2178 604 quia
2206 538 2408 591 tamen
2444 534 2579 607 plus
2609 533 2797 606 duplo
2818 532 3074 589 modum
3102 531 3689 607 excedit,utrumque

2031 622 2309 679 ordinem
2337 623 2619 697 explebit.
2652 623 2828 679 Vides
2855 621 3064 695 qualia
3091 637 3205 677 nos
3229 622 3497 679 cavillari
3513 628 3692 694 cogat

2030 712 2221 767 otium
2240 713 2268 767 εἰ
2312 715 2395 769 Tu
2420 729 2564 770 vero
2593 712 2820 780 desine,
2855 727 2892 768 o
2920 712 3012 768 vir
3040 710 3286 784 optime,
3317 710 3531 784 paucis
3560 727 3691 768 ver-

2027 799 2122 857 bis
2144 817 2372 873 magna
2397 802 2672 870 crimina,
2697 816 2955 874 quaeque
2976 800 3246 873 nequitia
3265 800 3539 873 superari
3561 816 3687 858 non

2027 890 2285 962 possint,
2312 890 2705 949 inferre.Nam
2727 891 3063 947 amicorum
3093 889 3318 946 oblivio
3343 896 3403 947 et
3423 895 3689 948 contem-

2027 983 2166 1052 ptus
2213 996 2288 1037 ex
2315 984 2609 1054 potestate
2638 985 2825 1048 ortus,
2852 980 3064 1036 omnia
3110 979 3291 1035 simul
3328 979 3493 1037 mala
3518 996 3686 1037 com-

2025 1070 2385 1142 plectuntur.
2416 1071 2546 1128 Sive
2592 1071 2754 1127 enim
2802 1069 3141 1127 secundum
3187 1069 3423 1126 Domini
3459 1084 3686 1142 praece-

2025 1168 2199 1234 ptum
2227 1179 2350 1219 non
2381 1162 2913 1234 diligimus,neque
2930 1160 3112 1217 etiam
3136 1161 3488 1233 impositam
3502 1161 3683 1218 nobis

2023 1256 2236 1308 notam
2266 1256 2324 1309 et
2352 1252 2761 1308 characterem
2781 1251 3129 1307 retinemus.
3165 1250 3297 1307 Sive
3328 1250 3492 1307 factu
3515 1250 3684 1307 inani

2024 1349 2083 1400 et
2108 1344 2455 1415 arrogantia
2500 1344 2805 1416 replemur
2854 1342 3064 1410 inﬂati,
3093 1341 3417 1398 incidimus
3447 1342 3511 1398 in
3551 1341 3679 1399 dia-

2021 1433 2146 1490 boli
2178 1434 2475 1505 judicium
2524 1432 2929 1489 ineluctabile.
2961 1434 3157 1497 Quare
3197 1430 3246 1486 si
3289 1430 3364 1487 de
3388 1430 3568 1487 nobis
3597 1430 3682 1487 ita

2023 1524 2309 1593 sentiens,
2340 1524 2436 1579 his
2466 1522 2661 1579 verbis
2691 1539 2838 1578 usus
2866 1537 2967 1587 es;
3012 1536 3259 1593 precare
3286 1523 3348 1575 ut
3391 1519 3680 1592 improbi-

2020 1619 2227 1681 tatem,
2249 1630 2439 1687 quam
2495 1614 2557 1669 in
2611 1613 2832 1670 nostris
2889 1612 3163 1668 moribus
3204 1610 3679 1684 deprehendisti,

2020 1705 2368 1775 fugiamus;
2402 1704 2492 1759 sin
2522 1710 2728 1760 autem
2773 1702 3206 1759 consuetudine
3259 1702 3533 1774 quadam
3587 1701 3676 1757 in-

274 1798 417 1869 ρίαν,
448 1791 517 1849 ἦν
579 1788 775 1863 ἆξεῦρες
824 1788 1150 1862 ἠμῶνέντῷ
1197 1794 1393 1862 τρόπῳ·
1450 1790 1493 1841 εἰ
1551 1787 1610 1842 δὲ
1660 1791 1909 1862 συνηθείᾳ

2034 1794 2402 1850 :onsiderata
2423 1794 2499 1849 ad
2533 1793 2644 1849 has
2665 1808 2846 1849 voces
2878 1791 3118 1848 devenit
3144 1791 3373 1863 lingua,
3404 1806 3519 1847 nos
3562 1790 3679 1863 ipsi

272 1886 380 1934 τινὶ
423 1879 765 1950 άνεξετάστῳ
819 1876 905 1930 ἐπὶ
962 1886 1061 1930 τῶν
1112 1878 1360 1953 ῥημάτων
1409 1878 1559 1936 ἦλθεν
1588 1879 1618 1937 ἠ
1678 1877 1905 1950 γλῶττα,

279 1970 496 2031 ἑαυτούς
560 1968 1082 2043 παραμυθησόμεθα,
1104 1973 1195 2021 καὶ
1263 1973 1358 2027 τὴν
1416 1972 1514 2027 σὴν
1560 1972 1911 2042 χρηστότητα

283 2063 381 2121 τὰς
410 2062 466 2112 εκ
504 2067 613 2111 τῶν
663 2059 987 2131 πραγμάτων
1042 2062 1339 2133 μαρτυρίας
1384 2059 1690 2131 προσθεῖναι
1736 2077 1909 2134 παρα-

286 2149 563 2223 καλοῦμεν.
600 2147 799 2201 Ἐκεῖνο
837 2149 940 2222 γὰρ
989 2142 1042 2201 εὖ
1072 2149 1187 2201 ἴσθι
1215 2187 1228 2214 ,
1258 2148 1339 2200 ὃτι
1368 2149 1398 2207 ἡ
1430 2155 1676 2221 παροῦσα
1704 2153 1912 2224 φροντὶς

286 2244 650 2299 ταπεινώσεως
707 2240 834 2311 ἡμῖν
891 2240 1097 2309 γέγονεν
1144 2236 1350 2313 ἀφορμὴ
1380 2280 1393 2293 .
1440 2236 1603 2290 Ὠστε
1648 2246 1743 2291 σοῦ
1795 2243 1911 2291 τότε

281 2327 673 2402 ὄπιλησόμεθα,
701 2328 826 2380 ὅταν
873 2332 963 2379 καὶ
1016 2326 1234 2387 ἑαυτούς
1286 2329 1778 2399 άγνοήσωμεν(75).
1820 2333 1906 2387 Μὴ

271 2423 452 2473 τοίνυν
477 2420 612 2471 ποτε
639 2419 733 2481 τὰς
765 2415 1025 2490 ἀσχολίας
1079 2423 1296 2490 σημεῖον
1338 2421 1536 2493 τρόπου
1584 2422 1674 2470 καί
1720 2427 1912 2477 κακοη-

285 2510 425 2571 θείας
447 2512 679 2581 ποιήσῃ.

857 2639 1200 2688 ΕΠΙΣΤΟΛΗ
1237 2630 1360 2687 ΝΖί.

2020 1883 2494 1949 consolabimur,
2527 1886 2819 1955 tuamque
2840 1881 3368 1952 benignitatem,ut
3396 1897 3469 1937 ex
3506 1880 3679 1937 factis

2018 1974 2362 2030 testimonia
2414 1972 2700 2044 proferat,
2730 1986 3044 2041 rogamus.
3086 1970 3237 2026 Illud
3284 1970 3445 2027 enim
3487 1969 3676 2042 probe

2018 2064 2195 2132 scias,
2251 2063 2409 2119 hanc
2459 2061 2943 2126 sollicitudinem,
2970 2076 3094 2133 qua
3146 2075 3312 2116 nunc
3368 2059 3675 2131 distringi-

2018 2170 2177 2225 mur,
2205 2154 2587 2210 occasionem
2634 2152 2811 2209 nobis
2841 2151 3066 2208 factam
3113 2166 3248 2207 esse
3285 2150 3664 2208 humilitatis.

2020 2246 2398 2316 Quapropter
2425 2242 2512 2299 tui
2542 2247 2683 2298 tunc
2704 2241 3296 2307 obliviscemur,cum
3325 2244 3383 2296 et
3404 2242 3677 2296 nosmet-

2018 2334 2188 2407 ipsos
2245 2334 2411 2406 151
2460 2331 2897 2402 ignorabimus.
2932 2332 3089 2387 Cave
3113 2331 3314 2402 igitur,
3348 2329 3677 2403 nequando

2020 2422 2263 2495 negotia
2287 2421 2510 2479 indolis
2542 2435 2615 2477 ac
2644 2436 2886 2478 morum
2914 2418 3216 2477 malorum
3235 2418 3526 2476 indicium
3547 2433 3680 2476 esse

2020 2512 2234 2569 ducas.

2574 2635 2917 2692 EPISTOLA
2956 2636 3132 2691 LVll'.

299 2732 614 2807 Hetetiuni
651 2731 939 2807 hortatur
970 2733 1231 2807 Basilias
1259 2737 1324 2789 ut
1351 2733 1569 2802 saepius
1606 2733 1852 2807 scribat,
1883 2741 1939 2792 et
1970 2735 2033 2792 in
2052 2734 2288 2807 magnis
2318 2734 2604 2807 molestiis
2645 2738 2979 2790 versantem
3013 2734 3372 2807 consoletur.
3408 2733 3588 2807 Optat
3620 2736 3686 2789 ut

378 2804 500 2862 sibi
528 2805 692 2878 illam
712 2804 1052 2878 aliquando
1078 2803 1279 2878 vigere
1304 2807 1612 2878 contingat
1631 2822 1644 2873 ;
1659 2803 1911 2878 jamque
1936 2808 2076 2866 huic
2097 2803 2421 2877 cdpz’dz’tati
2449 2805 2888 2876 obsequeretur,
2913 2805 3033 2861 nisi
3051 2804 3280 2875 fratres
3297 2803 3686 2863 retinuissent

380 2877 563 2934 certis
585 2876 657 2934 de
681 2875 906 2947 causis,
935 2891 1082 2948 quas
1120 2875 1563 2947 Theophrastus
1590 2875 1892 2935 narrabit.

592 2974 823 3049 Μελετίῳ
850 2972 1262 3048 (76),ἕπισκ6πῳ
1281 2973 1630 3049 Ἀντιοχείας.

372 3084 439 3137 Εἴ
480 3102 592 3146 πως
656 3081 856 3156 ἐγένετο
922 3085 1137 3160 φανερὸν
1203 3090 1265 3156 τῇ
1339 3081 1602 3157 θεοσεϐείᾳ
1668 3103 1763 3137 σου
1819 3092 1916 3159 τῇς

292 3172 626 3247 εὐφροσύνης
669 3178 731 3226 τὸ
791 3174 1026 3247 μέγεθος,
1084 3177 1147 3233 ἥν
1205 3171 1432 3248 ἐμποιείς
1462 3174 1577 3247 (77)
1615 3176 1741 3248 ἡμῖν
1794 3176 1919 3228 ὁσά-

288 3281 378 3326 κις
424 3264 489 3315 ἄν
545 3260 875 3336 ἕπιστέλλῃς,
928 3257 1178 3326 οἴδα,ὃτι
1234 3262 1329 3315 οὐκ
1376 3264 1438 3315 ἄν
1503 3282 1627 3316 ποτε
1676 3282 1919 3338 παραπε-

294 3360 499 3406 σοῦσαν
567 3353 890 3427 γραμμάτων
953 3356 1214 3427 πρόφασιν
1276 3351 1533 3428 ὑπερέϐης
1560 3374 1573 3385 ο
1637 3351 1767 3405 ἀλλὰ
1830 3358 1920 3406 καὶ

291 3439 589 3505 ἐπενόησας
635 3443 698 3494 ἄν
743 3441 939 3503 πολλὰς
988 3443 1114 3516 ἡμῖν
1158 3449 1324 3495 ποιεῖν
1372 3441 1619 3495 ἑκάστοτε
1668 3445 1763 3504 τὰς
1812 3440 1920 3496 ἐπι-

294 3532 510 3603 στολὰς,
543 3534 813 3605 γνωρίζων
862 3534 951 3585 τὸν
1000 3530 1085 3585 ἐπὶ
1135 3539 1198 3605 τῇ
1252 3530 1544 3586 ἀναπαύσει
1590 3539 1691 3585 τῶν
1743 3531 1920 3585 θλιϐο-

292 3626 462 3697 μένων
499 3622 619 3694 (78)
669 3623 816 3697 παρὰ
852 3628 945 3674 τοῦ
993 3620 1358 3696 φιλανθρώπου
1418 3626 1680 3675 Δεσπότου
1728 3624 1920 3695 μισθὸν

294 3711 661 3788 ἀποκείμενον.
703 3713 893 3767 Πάνπα
936 3714 1035 3786 γὰρ
1100 3708 1290 3774 ὀδύνης
1339 3713 1405 3766 τὰ
1463 3709 1594 3787 τῇδε
1648 3712 1920 3789 πεπλήρω-

293 3823 409 3873 ται,
453 3808 549 3856 καὶ
589 3806 723 3877 μόνη
772 3804 900 3876 ἡμῖν
952 3800 1094 3856 ἔστιν
1140 3801 1447 3877 ἀποστροφὴ
1495 3810 1597 3854 τῶν
1652 3798 1831 3856 δεινῶν
1886 3804 1917 3861 ἡ

295 3902 393 3955 τῆς
451 3902 549 3955 σῆς
603 3893 883 3955 ὁσιότητος
961 3894 1171 3945 ἔννοιαι
1233 3893 1297 3952 ἦν
1362 3890 1738 3968 ἒναργοστέραν
1795 3894 1920 3967 ἡμῖν

295 3980 509 4058 ἔμποιεί
534 3986 565 4043 ἡ
623 3978 720 4037 διὰ
764 3990 866 4036 τῶν
895 3984 1077 4046 πσάης
1114 3987 1297 4055 σοφίας
1326 3987 1415 4035 καὶ
1456 3984 1682 4056 χάριτος
1717 3982 1921 4042 πεπλη-

297 4076 547 4148 ρωμένων
600 4074 927 4149 γραμμάτων
994 4090 1090 4127 σου
1152 4071 1355 4145 ὁμιλία.
1404 4070 1586 4142 Ὥστε,
1647 4073 1768 4126 ὅταν
1835 4072 1923 4126 λά-

300 4162 479 4236 ϐωμεν
534 4160 604 4225 εἰς
649 4169 835 4240 χεῖρας
889 4165 986 4222 τὴν
1032 4160 1311 4221 ἐπιστολήν
1371 4180 1505 4233 σου,
1554 4168 1760 4238 πρῶτον
1831 4160 1921 4234 μεν

294 4259 360 4310 τὸ
426 4258 616 4329 μέτρον
677 4254 838 4316 αὐτῆς
900 4253 1306 4327 ἐπισκοποῦμεν,
1363 4257 1455 4306 καὶ
1514 4259 1762 4306 τοσοῦτον
1833 4251 1923 4305 αύ-

292 4351 394 4404 τήν
448 4343 760 4418 ἀγαπῶμεν,
786 4346 993 4418 ὅσῳπερ
1051 4343 1112 4396 ἂν
1167 4345 1455 4420 περισσεύῃ
1486 4343 1606 4415 (79)
1664 4351 1737 4415 τῷ
1791 4342 1919 4402 πλή-

298 4437 381 4488 οει
408 4451 425 4467 ·
457 4437 660 4503 ἔπειτα,
720 4430 1018 4500 διεξιόντες,
1048 4441 1123 4505 τῷ
1182 4436 1275 4507 μεν
1332 4431 1412 4486 ἀεὶ
1457 4433 1920 4509 προσ-τυγχάνοντι

300 4530 398 4578 τοῦ
455 4522 614 4596 λόγου
676 4527 955 4600 χαίρομεν·
1020 4531 1093 4597 τῷ
1166 4520 1298 4576 τέλει
1364 4518 1425 4576 δε
1488 4529 1581 4583 τῆς
1644 4519 1923 4583 ἐπιστολῆς

298 4614 747 4691 προσεγγίζοντες
776 4657 791 4683 ,
860 4608 1280 4690 δυσχεραίνομεν
1308 4654 1324 4672 .
1393 4610 1545 4665 Οὕτω
1603 4617 1705 4666 πᾶν
1758 4610 1784 4664 ὃ
1844 4630 1922 4665 τι-

375 4742 495 4816 (71)
537 4745 639 4817 καὶ
656 4741 761 4817 γὰρ
810 4738 1201 4817 εἰηειαὶκΗαιἹ.
1232 4742 1323 4817 καὶ
1368 4739 1475 4817 γὰρ
1505 4741 1618 4817 ⁸θεαὶ
1646 4739 1702 4796 ἡ.
1877 4737 1921 4817 εί

375 4755 495 4816 (71)
539 4755 639 4832 Καὶ
656 4755 761 4870 “Bap
810 4755 853 4795 ει
886 4755 1013 4823 fat.
1041 4755 1201 4798 uari.
1232 4755 1323 4793 και
1366 4755 1475 4869 ἔαρ
1505 4755 1618 4822 ⁸και
1646 4757 1702 4796 η.
1733 4755 1855 4821 Vat.
1877 4755 1920 4791 ει

289 4816 650 4943 stris.
683 4810 1052 4943 ηιξῖηαξιέιῑῖέ.
1090 4814 1192 4888 γάρ
1222 4816 1314 4865 καλ
1339 4830 1402 4868 ε’
1457 4810 1663 4869 “de”
1689 4808 1833 4867 θάλίι
1859 4813 1920 4863 τδ

390 4908 472 4945 ον.
508 4899 650 4943 MSS.
683 4899 750 4941 ut
771 4900 837 4942 In
864 4899 1052 4943 texm.

284 4901 472 4945 πλέον.
508 4901 650 4957 MSS,
683 4901 750 4941 ut
771 4901 837 4942 In
864 4901 1052 4943 textu.

361 4961 490 5031 (72)
518 4958 811 5031 ,Ἑκατέραν
866 4960 989 5031 τὴν,
1031 4955 1178 5021 τάξιν
1210 4953 1435 5031 .“Editi
1497 4952 1745 5028 ἑκατέρων
1793 4958 1919 5031 ,μτὴν

291 5024 481 5097 ἄξίανί
508 5024 752 5101 Legitur
779 5029 842 5086 in
864 5030 1095 5101 septem
1125 5026 1438 5101 codicibus
1457 5043 1592 5081 mss.
1617 5024 1713 5085 τ’ὴν
1737 5024 1910 5101 τάξιν.

294 5104 411 5183 διξὰ
442 5100 676 5183 vocem.
690 5100 951 5183 ἑκατέραν,
982 5100 1425 5183 quee‘maxime
1453 5100 1795 5183 necessaria
1832 5101 1922 5154 est

295 5174 379 5233 ad
416 5174 787 5233 sententiam
834 5169 1281 5240 illustrandam,
1312 5172 1375 5226 in
1423 5170 1552 5227 solo
1609 5169 1921 5226 Harlaeano

293 5247 660 5322 reperimus.
691 5244 927 5304 Ibidem
957 5244 1103 5303 editi
1133 5245 1259 5320 ὁρᾷς
1283 5242 1444 5305 ὃπως.
1472 5241 1742 5315 Plerique
1772 5257 1917 5297 mss.

292 5320 381 5378 ut'
400 5320 467 5376 in
498 5324 681 5378 textu.

368 5392 491 5467 (‘13)
527 5390 780 5467 Ἐπάγων.
816 5390 1229 5467 Hancvpcem
1259 5384 1608 5467 addidimus
1634 5401 1708 5441 ex
1739 5383 1918 5467 Harl.,

300 5457 453 5521 led.
469 5457 544 5525 ἐι
564 5457 855 5532 Cla'rom.,
891 5465 951 5518 et
974 5458 1312 5532 delevimus
1340 5457 1597 5513 verbum
1620 5461 1921 5531 παρεχόμε-

303 5552 409 5615 νος,
435 5539 589 5615 quod
618 5542 754 5598 erat
783 5536 851 5592 in
884 5531 1063 5615 editis
1088 5534 1228 5605 Post
1249 5534 1458 5613 κακίῖινο
1548 5614 1551 5615 ν
1639 5602 1678 5615 ,η
1855 5598 1868 5615 ,

378 5599 480 5681 (⁷ἵώ
518 5614 909 5691 Ἐμπίπτομεν.
941 5607 1032 5663 Ita
1086 5599 1234 5661 inss.
1288 5602 1579 5676 quinque.
1638 5599 1791 5658 Editi
1848 5599 1926 5652 ἐκ-

306 5683 557 5763 πίπτομεν,

2380 2975 2641 3046 Metetio,
2674 2976 2940 3046 episcopo
2964 2974 3325 3034 Antiochiae.

2102 3085 2160 3144 Si
2180 3101 2303 3160 quo
2333 3084 2521 3141 modo
2560 3093 2705 3140 nota
2746 3082 2916 3141 ﬁeret
2944 3083 3152 3157 pietati
3181 3088 3297 3141 tuas
3330 3082 3687 3155 magnitudo

2026 3176 2263 3248 laetitiae,
2295 3192 2483 3249 quam
2505 3173 2651 3231 mihi
2684 3174 2881 3243 affers,
2924 3174 3426 3249 quotiescumque
3453 3174 3687 3243 scribis,

2028 3267 2152 3324 scio
2180 3271 2233 3324 te
2257 3282 2577 3339 nunquam
2630 3264 2901 3322 oblatam
2956 3265 3257 3322 scribendi
3304 3266 3690 3323 occasionem

2028 3356 2576 3430 praetermissurum
2618 3354 2847 3424 fuisse;
2882 3354 2992 3411 sed
3039 3358 3097 3412 et
3142 3354 3418 3413 consulto
3464 3354 3689 3413 multas

2028 3446 2206 3504 nobis
2238 3445 2496 3503 subinde
2536 3444 2820 3518 epistolas
2849 3444 3172 3516 facturum,
3195 3462 3336 3503 cum
3359 3462 3484 3503 non
3513 3446 3691 3517 igno-

2026 3551 2123 3593 res
2152 3535 2497 3593 mercedem
2546 3533 2945 3592 consolationi
2974 3534 3337 3594 afﬂictorum
3359 3552 3396 3593 a
3423 3535 3691 3607 benigno

2029 3626 2150 3683 Deo
2177 3623 2751 3699 repositam.0mnia
2776 3624 2940 3681 enim
2964 3624 3064 3682 hic
3094 3625 3301 3683 dolore
3328 3626 3508 3698 plena
3529 3630 3689 3698 sunt,

2030 3731 2101 3773 ac
2151 3730 2277 3771 una
2330 3714 2509 3771 nobis
2560 3718 2650 3770 est
2687 3716 2959 3770 avocatio
2998 3714 3322 3787 malorum,
3356 3715 3690 3773 sanctitatis

2032 3810 2145 3863 tum
2175 3803 2495 3875 cogitatio;
2528 3819 2716 3876 quam
2762 3803 3237 3861 manifestiorem
3284 3804 3464 3861 nobis
3511 3802 3691 3860 efﬁcit

2029 3901 2203 3954 tuum
2232 3910 2338 3968 per
2364 3894 2589 3951 litteras
2614 3893 2784 3950 omni
2813 3894 3109 3966 sapientia
3132 3911 3204 3952 ac
3226 3895 3422 3965 gratia
3438 3894 3689 3952 refertas

2030 3984 2419 4058 colloquium.
2449 3984 2642 4050 Quare
2664 3999 2804 4039 cum
2834 3983 3153 4056 epistolam
3176 3990 3347 4041 tuam
3374 3984 3439 4041 in
3467 3999 3691 4042 manus

2032 4075 2354 4143 sumimus,
2386 4074 2652 4146 primum
2686 4073 2936 4146 quidem
2988 4074 3243 4131 modum
3272 4075 3465 4149 ipsius
3496 4076 3690 4132 intue-

2031 4181 2189 4234 mur,
2229 4179 2488 4237 eamque
2535 4168 2771 4220 tantum
2823 4162 3149 4236 diligimus,
3175 4169 3404 4238 quanto
3446 4164 3693 4222 uberior

2030 4255 2207 4312 fuerit
2235 4271 2306 4312 ac
2351 4253 2689 4327 copiosior:
2724 4252 2941 4310 deinde
2991 4254 3259 4327 legentes
3292 4270 3534 4328 semper
3554 4255 3689 4328 qui-

2031 4346 2173 4403 dem
2201 4349 2551 4402 occurrente
2573 4343 2843 4400 oratione
2860 4344 3229 4400 delectamur
3253 4361 3266 4399 :
3290 4344 3397 4401 ﬁni
3426 4360 3568 4401 vero
3585 4360 3689 4419 ap-

2032 4435 2530 4509 propinquantes,
2558 4433 2860 4490 afﬁcimur
2876 4432 3176 4502 molestia;
3206 4431 3362 4489 adeo
3387 4430 3688 4505 quidquid

2030 4524 2250 4582 dixeris
2275 4523 2336 4579 in
2364 4522 2829 4593 litteris,bonum
2855 4525 3121 4580 est.Nam
3144 4522 3378 4578 bonum
3400 4526 3491 4577 est
3519 4518 3689 4593 quod

2030 4630 2068 4672 a
2084 4614 2251 4671 bono
2280 4612 2459 4670 corde
2488 4610 2812 4669 redundat.
2835 4611 3008 4678 Quod
3038 4611 3088 4668 si
3111 4610 3291 4668 nobis
3316 4610 3691 4680 contingeret

2125 4738 2225 4810 75)
2256 4736 2635 4809 Ἀγνοὴσωμεν.
2685 4739 2843 4794 Μὴ...
2871 4738 3094 4810 ποιήσῃ.
3118 4735 3205 4793 Ita
3233 4733 3506 4808 plerique
3535 4751 3684 4792 mss.

2028 4808 2178 4866 Editi
2200 4808 2364 4882 amor;
2374 4808 2548 4882 σομεν.
2580 4811 2739 4882 Μὴ...
2770 4811 2989 4882 ποίησαι
3002 4847 3015 4861 .

2103 4883 2212 4954 (76)
2248 4877 2499 4952 Μελετίὶρ.
2531 4878 2758 4954 Titulus
2799 4879 2996 4954 _hujus
3046 4877 3310 4954 epistolae
3342 4882 3399 4935 et
3428 4878 3688 4954 aliarum

2028 4949 2336 5025 deinceps,
2362 4949 2498 5025 quae
2520 4949 2596 5007 ad
2630 4949 2920 5025 Meletium
2945 4949 3168 5023 scripta
3184 4955 3353 5025 sunt,
3377 4967 3450 5007 ex
3481 4952 3689 5025 codice

2029 5023 2347 5081 Harlaaano
2381 5023 2680 5095 'sumptus
2714 5028 2821 5089 est,
2853 5023 2914 5078 in
2944 5038 3069 5095 quo
3099 5023 3355 5095 epistola
3385 5029 3511 5093 213,
3538 5024 3688 5080 alias

2029 5102 2153 5165 272,
2188 5097 2273 5151 sic
2332 5094 2698 5150 inscribitur.
2726 5098 2790 5151 1n
2849 5094 2984 5151 aliis
3038 5094 3350 5151 codicibus
3395 5097 3690 5156 omittitur

2026 5184 2147 5226 νοτ
2177 5166 2523 5239 Ἀντιοχείας.

2102 5240 2216 5313 (77)
2254 5236 2651 5313 Ἣν”ἐμποιεῖς.
2686 5240 2815 5295 Duo
2867 5253 3014 5295 mss.
3064 5237 3430 5299 recentiores
3486 5239 3551 5302 ἧς
3602 5236 3688 5312 ἐμ·-

2029 5331 2211 5373 ποιεις.

2101 5387 2213 5452 (73)
2256 5382 2597 5457 Θλιϐομένων.
2654 5385 2793 5441 Tres
2866 5383 3106 5441 codices
3160 5381 3519 5440 recentiores
3584 5381 3689 5435 θλί-

2077 5475 2166 5508 εων
2175 5498 2187 5511 ο

2030 5454 2579 5603 albiis)itaista-enato.
2617 5531 2704 5586 Ita
2756 5525 2938 5596 Harl.,
2975 5526 3147 5584 Cois].
3179 5524 3411 5599 primus
3466 5527 3524 5584 et
3569 5530 3691 5584 tres

2032 5598 2131 5673 alii
2162 5598 2310 5673 Εᾷᾷῐί
2329 5598 2654 5673 περισσεύει.

2103 5670 2126 5694 ’⁸
2163 5670 2323 5729 Alias
2355 5670 2484 5730 LVI.
2516 5673 2745 5746 Scripta
2768 5685 2932 5731 anno
2957 5674 3083 5729 371.
