4078 6396
278 305 388 361 409

1339 299 1824 358 EPISTOLARUM
1860 296 2141 357 CLASSIS
2178 301 2248 361 ll.
2287 298 2502 361 EPIST.
2546 300 2677 360 LIX.

3583 304 3690 362 410

285 429 483 481 θόντων
528 426 864 500 μεμνῆσθαι,
916 429 1053 499 μήτε
1098 431 1197 479 τῶν
1242 428 1509 498 παρόντων
1557 424 1920 489 αἰσθάνεσθαι,

2035 424 2337 495 pecudum
2367 426 2606 484 ferrem.
2629 427 2745 486 Sed
2769 426 2916 501 quid
2942 426 3163 485 faciam
3188 442 3328 485 meo
3348 428 3542 502 ipsius
3563 429 3690 487 ani-

289 518 420 592 ὑπὲρ
467 524 566 569 τοῦ
600 522 785 569 πᾶσαν
822 514 1041 588 πληγὴν
1072 515 1139 577 εἰς
1166 523 1265 588 γῆν
1294 519 1526 588 κεκυφὼξ
1557 518 1723 589 φέρειν
1754 516 1824 575 ὡς
1863 514 1927 565 τὰ

296 606 653 680 βοσκήματα.
680 605 840 659 Ἀλλὰ
862 610 919 657 τί
944 607 1094 658 πάθω
1118 608 1248 679 πρὸς
1278 608 1363 658 τόν
1393 603 1621 677 ἐμαυτοῦ
1649 603 1923 675 λογισμὸν,

299 699 428 771 μετὰ
458 700 588 769 μίαν
619 700 718 748 καὶ
748 692 1001 770 δευτέραν
1038 701 1218 769 πεῖραν
1248 690 1399 747 οὐδὲν
1440 690 1722 766 δυνάμενον
1763 691 1925 754 ἀνεξε-

304 789 510 848 τάστως
540 786 903 858 προσίεσθαι;
936 791 1117 837 Ταῦτα
1165 792 1259 846 τῆς
1301 792 1396 845 σῆς
1428 781 1716 844 ἁπλότητος
1761 782 1924 833 καθα-

308 879 557 948 πτόμενος
599 873 834 947 ἔγραψα,
875 873 937 931 ἣν
976 870 1093 926 οὐδ’
1132 873 1295 936 ἄλλως
1321 875 1432 945 (90)
1459 876 1760 945 πρέπουσαν
1799 879 1927 944 Χρι-

304 972 560 1030 σπιανοῖς,
594 971 673 1034 τῷ
705 966 926 1036 παρόντι
953 970 1120 1037 καιρῷ
1148 962 1256 1034 (91)
1293 963 1396 1036 ὁρῶ
1434 967 1505 1035 μὴ
1547 960 1883 1037 ἁρμόζουσαν
1909 980 1921 993 ’

299 1058 383 1107 ἶνα
411 1057 550 1127 πρὸς
599 1061 732 1125 γοῦν
780 1056 838 1105 τό
883 1050 1060 1125 ἑφεξῆς
1106 1050 1287 1105 ἑαυτὸν
1330 1071 1385 1105 τε
1424 1051 1721 1124 φυλάττοις,
1753 1049 1923 1123 κάμοῦ

301 1140 455 1216 φείδῃ
487 1164 501 1176 ·
539 1137 758 1209 ἐπειδὴ,
800 1137 885 1194 δεῖ
927 1144 1027 1216 γάρ
1072 1160 1135 1213 με
1175 1145 1307 1217 πρός
1352 1144 1410 1194 σὲ
1456 1142 1587 1215 μετὰ
1628 1138 1925 1215 παρρησίας

310 1233 485 1303 εἰπεῖν⁵
535 1230 909 1293 ἀναξιόπιστος
962 1227 1009 1282 εἶ
1046 1238 1146 1282 τῶν
1187 1233 1434 1283 τοιούτοιν
1481 1226 1742 1290 διάκονος.
1783 1228 1923 1285 Πλὴν

312 1322 496 1382 οἰτινες
544 1324 660 1389 (92)
712 1320 776 1371 ἄν
814 1316 947 1372 ὦσιν
1000 1321 1048 1372 οἱ
1099 1317 1488 1386 ἐπεσταλκότες,
1539 1316 1925 1393 ἀπεκρινάμεθα

315 1410 498 1472 αὐτοῖς
524 1413 588 1461 τὰ
614 1409 816 1465 εἰκότα.
841 1412 956 1462 Εῖτε
985 1405 1073 1461 οὖν
1094 1408 1250 1469 αὐτὸς
1276 1407 1563 1483 ἀπόπειραν
1589 1427 1678 1481 μοι
1701 1408 1920 1473 καθιεὶς,

316 1503 420 1553 εἶτε
444 1508 513 1570 τῷ
549 1502 658 1551 ὄντι
688 1500 837 1572 παρὰ
861 1506 961 1551 τῶν
993 1497 1287 1551 ἐπισκόπων
1313 1496 1500 1568 λαϐὼν,
1524 1502 1617 1556 τὴν
1651 1495 1922 1566 ἐπιστολὴ,

270 1596 281 1603 ’
313 1587 564 1660 ἔπεμψας,
599 1590 748 1659 ἔχεις
783 1590 877 1650 τὰς
906 1586 1225 1662 ἀποκρίσεις.
1260 1590 1317 1641 Σὲ
1346 1584 1405 1640 δὲ
1429 1585 1559 1639 ἄλλα
1598 1587 1733 1648 εἰκός
1763 1582 1823 1644 ἦν
1852 1593 1923 1656 τῷ

309 1681 524 1751 παρόντι
572 1680 888 1750 φροντίζειν,
938 1673 1158 1749 ἀδελφόν
1204 1696 1260 1730 τε
1311 1680 1455 1744 ὄντα,
1502 1681 1593 1729 καὶ
1639 1681 1796 1749 μήπω
1835 1684 1925 1737 τῆς

2034 528 2157 579 mo,
2191 515 2295 587 qui
2324 522 2458 588 post
2489 534 2677 574 unum
2711 522 2769 574 et
2795 517 3049 574 alterum
3080 517 3559 590 experimentum
3584 519 3684 575 ni-

2035 602 2119 658 hil
2148 602 2591 678 ineXploratum
2637 607 2950 664 admittere
2981 608 3225 680 potest?
3274 608 3412 664 Haec
3452 608 3684 681 scripsi,

2036 691 2481 764 simplicitatem
2532 702 2699 753 tuam
2750 697 3185 770 perstringens,
3218 713 3404 769 quam
3463 696 3687 770 alioqui

2036 782 2381 840 Christianis
2409 801 2532 841 non
2577 791 3033 857 congruentem,
3065 786 3203 842 huic
3236 786 3492 859 tempori
3519 785 3689 843 haud

2034 872 2353 928 convenire
2375 874 2551 931 video
2577 894 2590 943 ;
2622 875 2912 932 utsaltem
2934 874 3221 948 deinceps
3252 879 3383 931 tum
3413 875 3545 948 ipse
3580 874 3684 932 tibi

2033 975 2271 1030 caVeas,
2304 966 2430 1018 tum
2476 963 2623 1019 mihi
2662 980 2879 1036 parcas
2912 980 2925 1019 :
2957 963 3278 1036 siquidem,
3308 963 3497 1020 libere
3525 963 3687 1020 enim

2033 1064 2129 1105 me
2157 1054 2237 1105 ad
2286 1055 2338 1107 te
2395 1051 2561 1124 loqui
2614 1058 2869 1126 oportet,
2907 1053 3113 1114 talium
3164 1053 3435 1111 minister
3464 1070 3528 1111 es
3567 1052 3686 1110 ﬁde

2031 1137 2199 1194 haud
2219 1139 2459 1211 dignus.
2488 1141 2916 1199 Verumtamen
2938 1144 3285 1216 quicunque
3314 1142 3555 1211 fuerint,
3581 1141 3688 1216 qui

2030 1227 2402 1300 scripserint,
2435 1230 2544 1297 eis,
2595 1236 2659 1287 ut
2704 1247 2815 1303 par
2862 1237 3005 1303 erat,
3049 1231 3178 1303 jam
3218 1231 3676 1304 respondimus.

2031 1315 2161 1372 Sive
2192 1317 2370 1387 igitur
2397 1324 2834 1377 tentamentum
2864 1320 3010 1377 mihi
3041 1320 3337 1391 injiciens,
3364 1320 3685 1393 epistolam

2030 1405 2269 1475 misisti,
2312 1407 2436 1463 sive
2461 1424 2672 1466 revera
2702 1409 2985 1482 accepisti
3024 1409 3104 1466 ab
3134 1408 3459 1482 episcopis,
3489 1407 3683 1465 habes

2028 1510 2343 1568 responsa.
2376 1500 2451 1554 Te
2481 1514 2619 1555 vero
2659 1498 2912 1555 decebat
2954 1498 3072 1556 alia
3126 1499 3187 1556 in
3218 1497 3496 1573 praesenti
3539 1503 3687 1555 tem-

2032 1600 2175 1657 pore
2207 1601 2439 1656 curare,
2473 1588 2655 1645 frater
2686 1605 2826 1646 cum
2855 1589 2957 1657 sis,
2982 1588 3241 1645 necdum
3275 1592 3506 1644 naturae
3537 1587 3685 1644 obli-

2031 1677 2149 1743 tus,
2176 1691 2376 1749 neque
2418 1694 2514 1734 me
2548 1678 2776 1735 inimici
2821 1678 2956 1736 loco
2986 1678 3217 1735 habeas
3249 1694 3261 1733 :
3295 1677 3682 1751 quandoqui-

304 1768 503 1837 φύσεως
554 1763 980 1839 ἐπιὶελησμένον,
1032 1762 1170 1838 μηδὲ
1217 1764 1266 1818 ἐν
1320 1764 1518 1841 ἐχθροῦ
1573 1771 1734 1841 μοίρᾳ
1791 1767 1920 1838 ἡμᾶς

2032 1763 2171 1820 dem
2210 1766 2396 1822 vitam
2426 1766 2681 1837 ingressi
2709 1784 2941 1838 sumus,
2972 1784 3110 1841 qum
3142 1782 3361 1839 corpus
3409 1770 3683 1824 nostrum

290 1855 543 1929 ὁρῶντον
588 1851 775 1914 ἐπειδὴ
820 1855 893 1917 εἰς
933 1853 1050 1928 βίον
1094 1855 1423 1929 παρήλθομεν
1465 1855 1805 1931 συντρίϐοντα
1834 1858 1923 1929 μὲν

288 1946 440 2017 ἡμων
495 1947 563 1997 τὸ
618 1952 797 2018 σῶμα,
825 1951 1087 1997 κακοῦντα
1132 1941 1192 1997 6":
1219 1946 1332 2017 (93)
1364 1949 1455 1998 καὶ
1482 1950 1574 2004 τὴν
1615 1944 1802 2017 ψυχὴν
1850 1952 1922 2015 τῷ

298 2033 634 2109 ὑπερϐαίνειν
674 2038 769 2093 τὴν
814 2036 1066 2111 ἡμετέραν
1111 2030 1356 2108 δύναμιν,
1386 2033 1526 2087 Ἀλλ’
1555 2037 1691 2107 ὅμως
1738 2031 1918 2093 ἐπειδὴ

303 2125 464 2185 οὕτως
508 2122 949 2189 ἐκπέπολέμωσαι
978 2125 1113 2194 (94),
1156 2126 1342 2176 τούτου
1388 2124 1548 2177 ἕνεκεν
1585 2128 1825 2199 παρεῖναί
1866 2144 1923 2177 σε

305 2208 412 2265 ἔδει
431 2220 545 2279 νῦν,
577 2217 677 2265 καὶ
720 2218 980 2266 κοινωνεῖν
1010 2220 1110 2264 τῶν
1151 2214 1491 2288 πραγμάτων.
1528 2209 1768 2285 Ἀδελφοί
1794 2216 1919 2289 γὰρ,

303 2306 481 2374 φησὶν,
518 2300 571 2354 ἐν
621 2300 882 2374 ἀνάγκαις
928 2304 1162 2355 ἴστωσαν
1198 2307 1489 2377 χρήσιμοι.
1520 2302 1581 2356 lii
1621 2298 1680 2356 δὲ
1708 2310 1782 2374 τῷ
1812 2307 1922 2356 ὄντι

293 2396 605 2463 συντυχίαν
658 2393 914 2465 ἡμετέραν
964 2388 1353 2464 καταδέχονται
1407 2394 1457 2444 οἰ
1508 2388 1921 2466 αἰὸεσιμώτατοι

298 2478 609 2548 ἰπίσκοποι,
632 2485 728 2533 καὶ
758 2485 915 2534 τόπον
942 2483 1067 2554 ἡμῖν
1093 2484 1378 2556 ὡρισμένον
1407 2487 1497 2535 καὶ
1525 2486 1707 2555 καιρόν
1735 2502 1921 2557 γνωρι-

307 2572 579 2639 σάτωσαν,
600 2575 693 2622 καὶ
724 2565 802 2623 δι’
829 2566 979 2623 ἰδίων
1000 2572 1136 2643 ἡμᾶς
1164 2569 1445 2647 ἀνθρώπων
1470 2571 1921 2644 μεταστειλάσθω-

316 2677 437 2712 σαν.
466 2658 668 2734 Ὠσπερ
709 2662 815 2733 γὰρ
845 2663 979 2735 πρὸς
1019 2664 1079 2713 τὸ
1125 2659 1427 2721 ἀπαντῆσαι
1474 2662 1628 2724 αὐτὸς
1673 2665 1803 2737 πρὸς
1832 2666 1920 2715 τόν

314 2748 553 2819 ἐμαυτοῦ
576 2749 699 2801 θεῖον
729 2748 827 2801 οὐκ
854 2747 1081 2818 ἀπαξιῶ,
1104 2750 1287 2816 οὕτως,
1312 2749 1396 2803 ἰὰν
1422 2755 1492 2823 μὴ
1522 2753 1652 2823 μετὰ
1675 2758 1767 2804 τοῦ
1798 2755 1917 2804 π·οὲ-

311 2854 509 2897 ποντος
547 2841 816 2910 σχήματος
844 2838 875 2896 ἡ
909 2836 1094 2899 κλῆσις
1116 2837 1231 2910 (95)
1259 2841 1492 2911 γένηται,
1525 2838 1620 2891 οὐκ
1651 2837 1913 2913 ἀνεξομαι.

858 2952 943 2998 ΕΠ
952 2950 1196 2999 ΙΣΤΟΛΗ
1234 2944 1361 3000 ΝΟ’.

2033 1854 2305 1924 conterit,
2333 1872 2404 1911 ac
2434 1856 2704 1913 animam
2749 1873 2993 1930 quoque
3047 1856 3307 1930 conficit,
3364 1860 3685 1931 propterea

2029 1943 2199 2017 quod
2231 1943 2385 2001 vires
2416 1949 2654 2002 nostras
2676 1950 2940 2019 superat.
2971 1949 3260 2004 Caeterum
3280 1947 3574 2020 quoniam
3599 1944 3683 2001 sic

2031 2032 2175 2089 mihi
2213 2032 2441 2089 bellum
2469 2033 2732 2091 indicere
2781 2035 3059 2097 statuisti,
3088 2034 3314 2091 idcirco
3363 2034 3583 2091 adesse
3627 2039 3681 2090 te

2029 2137 2192 2178 nunc
2207 2122 2542 2195 oportebat,
2560 2128 2740 2197 atque
2759 2123 3138 2195 negotiorum
3157 2140 3290 2180 esse
3302 2123 3677 2197 participem.

2027 2214 2276 2270 Fratres
2296 2214 2473 2280 enim,
2505 2213 2718 2286 inquit,
2742 2216 2807 2270 in
2832 2215 3274 2271 necessitatibus
3297 2216 3472 2272 utiles
3501 2215 3677 2270 εἰηιὶ

2030 2302 2205 2369 Quod
2252 2302 2301 2358 si
2352 2318 2564 2358 revera
2610 2308 2884 2360 nostrum
2934 2319 3326 2375 congressum
3357 2302 3684 2360 admittunt

2029 2391 2296 2465 episcopi
2326 2392 2491 2448 omni
2521 2393 2850 2450 reverentia
2879 2392 3236 2464 dignissimi,
3267 2399 3323 2450 et
3344 2393 3547 2450 locum
3577 2408 3682 2448 no-

2028 2481 2120 2538 bis
2146 2481 2460 2539 detinitum
2489 2486 2547 2538 et
2576 2487 2820 2556 tempus
2848 2482 3130 2555 indicent,
3152 2499 3372 2557 meque
3403 2498 3509 2556 per
3539 2497 3681 2537 suos

2026 2571 2305 2629 homines
2333 2577 2666 2629 accersant.
2693 2574 2762 2629 Ut
2786 2573 2947 2629 enim
2969 2577 3187 2646 patruo
3209 2588 3344 2629 meo
3368 2586 3680 2629 occurrere

2035 2662 2205 2735 1-53
2238 2676 2358 2717 non
2390 2676 2626 2731 recuso,
2658 2660 2741 2718 ita
2774 2662 2888 2718 nisi
2916 2662 3101 2719 modo
3119 2661 3476 2733 congruenti
3506 2677 3680 2718 voca-

2028 2756 2121 2808 tus
2150 2750 2339 2822 fuero,
2371 2765 2494 2805 non
2527 2750 2736 2807 feram.

2584 2948 2922 3005 EPISTOLA
2960 2950 3023 3005 Ll
3033 2951 3116 3005 X‘.

306 3033 557 3108 Rumpit
582 3034 896 3108 silentium
932 3034 1215 3108 Basilius.
1250 3050 1324 3093 ac
1366 3036 1746 3093 dissensionis
1786 3037 1983 3094 causis
2013 3041 2074 3093 in
2101 3053 2212 3093 sua
2257 3043 2507 3107 peccata
2538 3038 2774 3108 rejectis
2804 3038 3177 3094 avunculum
3222 3036 3577 3107 obtestatur,
3610 3040 3676 3091 ut

376 3105 621 3180 tandem
653 3106 992 3180 aliquando
1021 3108 1391 3165 simultatem
1421 3109 1703 3178 deponat,
1726 3124 1802 3166 ea:
1827 3125 1949 3180 qua
1974 3115 2113 3175 tota:
2144 3105 2413 3166 civitates
2437 3116 2491 3167 et
2518 3105 2730 3179 populi
2749 3109 3075 3166 laeduntur.
3091 3110 3425 3166 Facturum
3444 3123 3505 3165 se
3530 3105 3671 3179 pro-

370 3178 563 3233 mittit
590 3178 891 3250 quidquid
915 3179 970 3235 ei
986 3180 1166 3248 pacis
1194 3180 1595 3237 concilianda:
1623 3195 1805 3237 causa
1835 3178 2030 3237 uisum
2056 3182 2255 3252 fuerit
2282 3196 2403 3238 esse
2427 3178 2801 3252 faciendum.

886 3307 1155 3378 Γρηγορίῳ
1196 3305 1333 3376 θείῳ.
1345 3342 1358 3355 .

376 3397 426 3448 1.
472 3393 809 3449 Ἐσιὼπησα.
865 3396 950 3452 Μὴ
1001 3397 1093 3445 καὶ
1139 3392 1219 3446 ἀεὶ
1266 3398 1628 3467 σιωπήσομαι,
1675 3398 1767 3446 καὶ
1812 3397 1921 3446 ανέ-

294 3483 463 3555 ξομαι
530 3480 616 3534 ἐπὶ
681 3481 854 3535 πλεῖον
927 3486 1023 3541 τὴν
1090 3478 1504 3557 δνσφορωτάτην
1568 3484 1763 3557 ζημίαν
1829 3491 1918 3544 τῆς

375 3610 399 3643 ³
441 3606 625 3664 Eccli.
666 3623 758 3680 xc,
801 3612 893 3663 24.
969 3609 992 3643 ³
1032 3607 1111 3666 Is.
1149 3624 1286 3677 xui,
1328 3609 1415 3666 14.

374 3715 495 3785 (90)
536 3713 634 3767 Ἦν
666 3711 781 3767 οὐδ’
812 3713 993 3776 ἄλλως.
1033 3717 1252 3773 Contra
1288 3716 1349 3772 in
1388 3732 1493 3773 sex
1519 3733 1670 3773 mss.
1702 3716 1918 3773 codici-

297 3785 441 3860 bus,
464 3785 576 3860 qui
612 3785 844 3860 habent
872 3787 935 3847 ἣν
963 3785 1149 3860 ἄλλως,
1178 3787 1455 3860 Gregorii
1474 3788 1916 3860 simplicitatem

301 3857 650 3930 Christiano
678 3857 930 3930 dignam
956 3858 1261 3916 existimat
1289 3857 1560 3916 Basilius.
1593 3857 1831 3930 Legitur
1855 3860 1916 3916 in

302 3928 624 4004 codicibus
650 3928 800 4004 Med.
819 3935 873 3986 et
900 3930 1060 4004 Hart.
1082 3931 1144 3990 ἣν
1170 3934 1241 4004 es;
1263 3930 1447 3993 ἄλλως.
1474 3928 1919 4004 Equidem,etsi

296 4001 539 4076 nemini
563 4000 837 4076 concedo
857 4002 965 4074 qui
991 4001 1128 4076 plus
1147 4002 1375 4076 tribuat
1394 4000 1660 4076 antiquis
1690 4003 1916 4076 codici-

299 4071 453 4135 bus,
480 4071 793 4143 vulgatam
820 4071 1026 4129 tamen
1054 4072 1375 4130 lectionem
1397 4071 1917 4132 loco—movendam

303 4146 633 4217 nonputo.
649 4146 797 4217 Nam
828 4144 1026 4217 primo
1047 4143 1247 4217 elevat
1267 4145 1453 4202 fidem
1468 4162 1618 4201 mss.
1638 4146 1918 4203 codicum

300 4212 367 4269 ill
376 4211 455 4269 ud
462 4211 488 4281 ξ
494 4215 581 4289 ᾡς,
597 4211 877 4289 codicum
889 4215 1045 4289 Harl.
1060 4215 1273 4273 etMed.
1287 4256 1300 4289 .
1315 4217 1482 4289 quod
1497 4232 1639 4289 cum
1651 4221 1917 4275 erratum

296 4300 438 4342 esse
452 4284 749 4361 videatur,
763 4286 1119 4361 datcopiam
1130 4284 1492 4361 suspicandi
1502 4288 1687 4346 aliam
1706 4305 1917 4361 yocem

296 4372 528 4438 nempe
548 4353 688 4438 die",
712 4353 975 4438 deietaixi
994 4358 1204 4427 fuisse,
1225 4353 1280 4416 et
1297 4358 1455 4438 illius
1477 4359 1915 4438 loco_s1_1_bsti_tu-

299 4429 533 4502 tumhi»;
557 4429 765 4502 fuisse.
791 4430 1016 4502 Deinde
1042 4446 1187 4502 vero,
1204 4446 1343 4502 cum
1363 4431 1630 4502 Gregorii
1650 4431 1752 4488 illa
1777 4433 1918 4488 sim-

301 4499 541 4571 plicitas
562 4500 870 4557 mendacii
895 4500 1146 4558 ofﬁciosi
1175 4501 1312 4559 labe
1340 4517 1465 4560 non
1486 4499 1773 4569 caruerit,
1805 4503 1914 4561 ad-

304 4570 447 4654 duci
474 4578 996 4654 non_possum.u.t_
1012 4588 1149 4630 eam
1194 4573 1479 4654 Basilium
1507 4573 1827 4654 probasse,
1861 4579 1918 4632 et

304 4641 913 4729 Christianis‘alioqui
939 4644 1192 4729 dignam
1211 4641 1528 4729 iudicasse
1539 4641 1905 4729 existimem.
1946 4674 1990 4729 ι)

306 4713 846 4789 titnihildelibeni
867 4732 941 4772 ex
982 4713 1114 4789 aliis
1160 4713 1467 4789 operibus,
1511 4721 1667 4775 certe
1710 4718 1770 4775 in
1798 4717 1916 4774 hac

293 4785 439 4863 ipsa
466 4786 729 4859 epistola
750 4786 992 4863 fratrem
1027 4785 1339 4863 admonet,
1367 4785 1759 4863 ntideinceps
1801 4789 1916 4863 sibi

285 4856 426 4930 ipse
465 4856 723 4934 caveat,
780 4859 1007 4934 nedum
1054 4858 1213 4934 illius
1270 4856 1715 4934 simplicitatem
1767 4861 1915 4918 alias

280 4944 637 5006 congruere
659 4930 1008 5006 Christianis
1028 4930 1676 5006 crederet._Quinetiam
1704 4937 1913 5006 optas:

287 5017 356 5058 se
425 5001 497 5087 s9
548 5001 668 5083 ait,
713 5007 775 5087 ut
818 5001 946 5084 .sibi
989 5008 1146 5060 terra
1191 5001 1563 5087 dehisceret,
1605 5019 1692 5087 eo
1728 5001 1915 5087 quod

288 5072 605 5154 mendacii
627 5072 864 5154 probris
893 5089 1181 5154 aspersus
1202 5078 1377 5154 esset.
1404 5072 1571 5132 Adeo
1600 5075 1684 5132 illi
1708 5072 1917 5149 displi-

288 5144 475 5227 cebat
502 5144 599 5227 [ei
621 5144 1092 5227 ipsa_mendaci_i
1118 5144 1404 5227 suspicio.

359 5218 480 5287 (91)
515 5221 602 5286 Τῷ
645 5215 867 5293 ἆταρόντι
920 5225 1109 5289 καιρῷ.
1144 5215 1318 5276 Coisl.
1352 5217 1586 5291 primus
1636 5221 1694 5275 et
1740 5217 1902 5276 Harl.

288 5294 401 5363 τοῖς
440 5295 677 5363 παροῦσι
714 5296 936 5363 καιροῖς.

384 5360 481 5429 92)
518 5359 660 5420 Πλὴν
690 5359 900 5429 οὶτινες.
928 5359 1043 5418 Sic.
1062 5374 1355 5416 mss.sex.
1371 5359 1522 5417 Editi
1536 5360 1669 5421 πλὴν
1686 5364 1732 5414 εἷ
1759 5381 1909 5422 τινες.

388 5428 483 5506 93)
524 5438 797 5488 Κακοῦντα
856 5428 941 5486 δέ.
1018 5431 1171 5488 Editi
1224 5430 1569 5506 συντρίϐοντα
1630 5430 1913 5506 δέλφιω

297 5503 610 5577 scriptura,
642 5511 700 5563 et
725 5505 777 5563 si
824 5518 942 5561 sua
971 5507 1186 5630 sponte
1217 5502 1435 5560 vitiosa
1484 5519 1609 5561 non
1652 5502 1910 5573 videtur,

299 5588 423 5630 non
448 5581 641 5630 tamen
671 5577 980 5630 nrmferen
1027 5590 1065 5630 a
1099 5591 1206 5630 sex
1233 5573 1547 5630 codicibus
1576 5592 1722 5630 mss.
1754 5591 1910 5630 quos

299 5573 642 5653 nontamen
671 5573 1065 5653 praeferenda
1099 5591 1206 5632 sex
1233 5573 1547 5633 codicibus
1576 5592 1722 5634 mss.
1754 5591 1911 5649 quos

301 5646 483 5705 secuti
505 5646 738 5712 sumus.

2564 3306 2844 3377 Gregorio
2887 3311 3128 3376 patruo.

2103 3400 2152 3450 t.
2191 3396 2368 3453 Silui.
2398 3397 2560 3454 Num
2587 3401 2643 3454 et
2665 3411 2891 3465 semper
2913 3396 3112 3466 silebo,
3138 3411 3210 3452 ac
3227 3394 3488 3468 amplius
3515 3408 3678 3451 com-

2026 3483 2264 3541 mittam
2278 3486 2299 3519 ³
2322 3483 2893 3541 utmolestissimum
2916 3483 3134 3541 silentii
3151 3483 3450 3541 damnum
3469 3486 3681 3541 contra

2099 3715 2714 3790 (9t)_'szaﬁo).éy.cio‘m.
2752 3716 2845 3790 Sic
2884 3716 3123 3790 codices
3166 3733 3320 3790 mss_._
3360 3732 3488 3790 sex.
3530 3715 3680 3772 Editi

2027 3786 2442 3844 ἐκπεπολέαωκα.
2468 3786 2595 3845 Non
2618 3790 2745 3845 sine
2762 3789 2955 3845 ironia
2976 3788 3120 3844 dicit
3148 3788 3400 3844 Basilius
3431 3788 3677 3844 fratrem

2028 3860 2151 3933 sibi
2184 3844 2412 3933 bellum
2442 3844 2729 3933 indicere,
2756 3860 2896 3933 quia
2939 3844 3161 3933 Scilicet
3188 3874 3259 3916 eo
3305 3859 3491 3933 insito
3536 3860 3675 3915 Gre-

2027 3931 2232 4004 gorius
2278 3932 2341 3988 in
2384 3930 2867 4004 paciﬁcationem
2912 3946 3044 4004 sese
3073 3930 3513 4003 interponebat.
3544 3933 3678 3987 Haec

2025 4001 2190 4059 enim
2216 4008 2323 4071 est,
2369 4001 2429 4074 ni
2484 4002 2675 4072 fallor,
2708 4003 2890 4074 hujus
2928 4001 3049 4074 loci
3097 4001 3417 4074 sententia,
3459 4005 3679 4073 Grego-

2026 4074 2180 4130 rium
2213 4090 2333 4146 non
2361 4073 2641 4146 debuisse
2667 4073 2966 4146 ejusmodi
2989 4073 3361 4146 temporibus
3381 4088 3544 4146 nova
3564 4073 3680 4146 fria-

2028 4146 2098 4203 tri
2128 4145 2368 4215 negotia
2396 4144 2722 4202 fadessere':
2749 4146 2855 4201 sed
2886 4150 3090 4201 tamen
3111 4144 3257 4218 quia
3277 4145 3503 4218 bellum
3526 4144 3676 4202 indi-

2026 4233 2159 4274 cere
2183 4218 2236 4273 ei
2266 4221 2574 4283 statuerat,
2607 4217 2820 4275 saltem
2839 4217 3179 4274 Caesaream
3200 4217 3403 4274 venire
3424 4223 3480 4274 et
3501 4232 3676 4274 curas

2026 4288 2361 4362 cumtratre
2379 4289 2587 4362 partiri
2601 4288 2907 4362 debuisse.
2932 4288 3048 4344 Etsi
3063 4294 3267 4362 autem
3278 4289 3409 4362 haec
3417 4288 3677 4362 Basilius

2024 4359 2294 4488 guadam
2321 4359 2520 4433 potius
2550 4360 2889 4417 urbanitate
2918 4376 3106 4442 quam
3133 4359 3318 4416 animi
3347 4359 3675 4441 offensione

2070 4432 2195 4488 ixit.
2221 4431 2459 4488 videtur
2488 4436 2692 4488 tamen
2719 4435 3033 4488 Gregorius
3054 4430 3353 4487 offensum
3372 4430 3529 4486 illius
3554 4446 3675 4486 ani-

2070 4432 2195 4501 ixit,
2221 4430 2459 4503 videtur
2488 4436 2692 4488 tamen
2719 4430 3033 4503 Gregorius
3054 4430 3529 4503 oﬂ‘ensumillius
3554 4430 3678 4486 ani-

2023 4518 2193 4577 mum
2216 4502 2545 4577 judicasse,
2572 4503 2755 4577 idque
2776 4501 2995 4577 patruo
3018 4503 3329 4577 communi
3350 4501 3672 4557 indicasse.

2024 4574 2170 4631 Hinc
2204 4573 2454 4630 Basilius
2476 4573 2542 4648 in
2566 4573 2741 4648 epist,
2761 4573 2839 4648 ad
2856 4573 3139 4648 eumdem
3171 4578 3455 4648 patruum
3472 4588 3676 4648 remo-

2021 4650 2121 4720 yet
2149 4662 2185 4703 a
2211 4661 2278 4720 se
2319 4643 2697 4720 suspiciones
2735 4645 2924 4702 animi
2958 4643 3286 4720 inAfratifem
3310 4644 3465 4713 irati,
3487 4643 3675 4701 etbel-

2023 4717 2149 4789 lum
2182 4717 2307 4773 sive
2336 4715 2677 4774 inimicitias
2698 4732 2839 4774 cum
2864 4715 3242 4789 propinquis,
3275 4720 3342 4772 ut
3379 4730 3675 4787 magnum

2022 4788 2217 4855 nefas,
2258 4805 2295 4844 a
2326 4805 2390 4844 se
2421 4789 2770 4846 detestatur.

2097 4863 2200 4932 (95)
2239 4859 2297 4912 Ἠ
2328 4859 2536 4932 κλῆσις.
2569 4863 2755 4932 Negat
2785 4858 3038 4932 Basilius
3064 4858 3532 4932 seadfuturum,
3554 4858 3675 4915 nisi

2023 4928 2302 5004 deaenter
2321 4928 2679 5001 advocetur,
2698 4930 2764 5004 id
2781 4934 2900 5004 est,
2928 4929 3043 4986 nisi
3067 4928 3387 5004 mittantur
3405 4932 3510 5004 qui
3534 4946 3675 5004 eum

2021 5004 2084 5061 in
2112 5002 2405 5060 indictum
2433 5004 2636 5059 locum
2678 5001 3003 5058 deducant.
3038 5005 3175 5058 Erat
3222 5001 3487 5071 Basilius,
3522 5008 3588 5060 ut
3613 5003 3675 5059 in

2022 5077 2155 5147 ejus
2186 5075 2353 5147 modi
2382 5073 2594 5130 ofﬁciis
2640 5072 2997 5147 exhibendis
3043 5072 3675 5147 diligentissimus,_ita

2023 5145 2203 5204 etiam
2231 5145 2305 5217 in
2323 5145 2716 5217 reposcendis
2740 5148 3026 5217 attentus.
3059 5145 3320 5202 Meletius
3361 5145 3676 5217 Antioche;

2021 5234 2139 5275 nus
2167 5215 2598 5289 etg'l‘heodorus
2624 5216 3096 5289 Nicopolitanus,
3119 5232 3260 5289 cum
3281 5216 3565 5273 Basilium
3595 5215 3676 5272 ad

2022 5287 2431 5370 celebritatem
2482 5286 2823 5370 quamdam
2873 5286 3068 5370 obiter
3114 5287 3517 5370 advocassent
3566 5302 3674 5368 per

2022 5359 2351 5418 Hellenium
2378 5359 2649 5416 Nazianzi
2670 5362 3171 5425 Peraequatorem,
3193 5375 3305 5415 nec
3329 5359 3544 5415 iterum
3569 5359 3671 5413 mi-

2023 5433 2245 5489 sissent
2282 5432 2385 5500 (ιιιί
2428 5431 2504 5487 de
2534 5431 2751 5488 iisdem
2791 5429 3146 5488 admoneret
3178 5434 3282 5486 aut
3305 5429 3667 5500 deduceret;

2020 5498 2325 5587 displicuit
2362 5502 2584 5560 Basilio
2610 5503 3023 5587 perfunctorie
3059 5498 3574 5587 inyitandidrazt‘io,
3600 5514 3672 5556 ac

2018 5568 2245 5648 veritus
2273 5590 2349 5632 ne
2388 5568 2701 5648 suspectus
2724 5574 2838 5631 illis
2869 5578 3045 5648 esset,
3068 5571 3287 5648 adesse
3315 5568 3525 5627 noluit.

2092 5649 2114 5671 *
2151 5646 2311 5705 Alias
2341 5646 2517 5706 XLVII
2543 5646 2770 5721 Scripta
2792 5661 2957 5704 anno
2984 5646 3107 5704 371.
