4078 6386
439 291 538 350 Mi

440 415 748 490 meipsum
785 414 1126 484 obﬂrmem,
1159 429 1272 472 nec
1300 415 1424 488 ipse
1469 415 1762 480 scribens,
1791 427 1903 470 nec
1947 408 2100 467 allo-

442 510 730 578 quentem
761 505 1013 561 audiens
1033 508 1060 561 ‘?
1083 508 1203 575 Ego
1235 507 1396 562 enim
1420 522 1557 562 cum
1578 505 1868 561 hactenus
1896 502 1956 558 in
1987 500 2101 556 hac

442 595 592 651 tristi
623 594 921 650 sententia
952 595 1413 666 permanserim,
1442 595 1650 651 videor
1675 593 1818 650 mihi
1841 607 1961 647 non
1986 590 2101 644 im-

444 682 657 740 merito
686 684 994 756 prophetae
1025 683 1206 740 verba
1229 688 1284 740 et
1313 684 1444 757 ipse
1463 700 1640 757 posse
1662 683 1927 756 proferre
1951 698 1964 735 :
1996 679 2100 733 To-

449 773 637 830 leravt'
669 775 822 830 sicut
851 775 1202 843 parturiens
1228 776 1245 808 θ
1273 790 1284 828 :
1320 790 1557 846 semper
1601 773 1850 846 quidem
1882 784 2102 826 concu-

445 862 686 935 piscens
717 867 822 919 aut
858 878 1274 934 congressum,
1317 869 1420 920 aut
1469 877 1834 929 sermonem,
1864 873 2104 930 semper

445 956 650 1008 autem
691 952 1002 1025 proposito
1035 951 1318 1008 excidens
1351 953 1430 1010 ob
1471 969 1610 1009 mea
1651 956 1926 1026 peccata.
1973 951 2102 1004 Non

445 1040 605 1097 enim
634 1041 817 1097 ullam
846 1041 1026 1098 aliam
1073 1058 1304 1109 eorum,
1338 1058 1473 1116 quas
1509 1043 1682 1110 ﬁunt,
1717 1054 1970 1097 causam
2007 1052 2103 1094 ex-

444 1131 707 1200 cogitare
733 1147 891 1203 queo
922 1131 1037 1187 nisi
1062 1131 1230 1204 quod
1263 1147 1626 1205 persuasum
1655 1130 1806 1187 mihi
1829 1134 1919 1185 est
1945 1131 2104 1184 vete-

442 1237 579 1277 rum
610 1237 707 1277 me
739 1226 1126 1294 peccatorum
1154 1224 1215 1278 in
1250 1223 1588 1279 dilectionis
1618 1226 1736 1278 tuae
1779 1218 2103 1294 separatio-

442 1325 518 1366 ne
547 1325 762 1383 pmnas
793 1310 991 1367 luere:
1026 1311 1073 1366 si
1104 1317 1305 1368 tamen
1341 1313 1416 1368 de
1457 1317 1509 1367 te
1542 1310 1987 1384 separationem
2012 1307 2105 1363 vel

442 1402 762 1457 nominare
794 1401 884 1457 fas
919 1406 1005 1458 est
1037 1418 1075 1458 a
1103 1401 1375 1474 quolibet
1399 1402 1666 1466 homine,
1689 1400 1915 1457 nedum
1939 1413 1974 1454 a
1999 1413 2104 1453 no-

443 1488 559 1555 bis,
591 1489 817 1561 quibus
848 1489 926 1546 ab
954 1491 1122 1546 initio
1153 1491 1342 1563 patris
1369 1491 1502 1548 loco
1535 1490 1715 1547 fuisti.
1749 1488 1866 1546 Sed
1894 1503 2104 1560 pecca-

445 1582 571 1634 tum
622 1594 828 1634 meum
872 1595 1054 1645 nunc,
1101 1579 1265 1636 velut
1294 1581 1488 1636 densa
1517 1580 1801 1652 quaedam
1837 1575 2105 1633 obducta

443 1667 665 1736 nubes,
692 1668 912 1724 horum
933 1670 1207 1724 omnium
1230 1670 1663 1739 ignorationem
1684 1667 1940 1724 induxit.
1957 1668 2102 1721 Cum

445 1756 609 1812 enim
635 1757 971 1828 considero,
999 1764 1214 1831 praeter
1237 1759 1510 1816 dolorem
1532 1759 1639 1832 qui
1668 1757 1814 1814 mihi
1845 1771 1916 1812 ea
1945 1771 2020 1812 ex
2039 1770 2102 1810 re

446 1851 684 1902 creatus
714 1850 823 1914 est,
858 1847 1019 1903 aliud
1039 1848 1186 1904 nihil
1217 1849 1359 1905 inde
1391 1853 1791 1905 consecutum
1819 1863 1917 1903 me
1945 1860 2100 1914 esse,

444 1936 758 2008 quomodo
774 1951 895 1993 non
920 1938 1130 1994 merito
1153 1939 1435 2011 nequitiae
1462 1953 1610 1995 meae
1631 1937 1931 1994 ascribam
1952 1950 2102 2007 prte-

445 2025 679 2082 sentia?
738 2025 1031 2082 Caeterum
1064 2027 1188 2083 sive
1227 2032 1477 2101 peccata
1510 2033 1653 2084 sunt
1700 2042 1911 2083 eorum
1965 2038 2103 2097 quae

444 2114 795 2172 acciderunt
821 2132 1028 2184 causa,
1048 2118 1144 2174 hic
1165 2119 1314 2175 mihi
1344 2119 1758 2176 molestiarum
1786 2117 1924 2172 finis
1952 2120 2099 2171 esto:

445 2204 572 2260 sive
626 2205 853 2279 aliquid
907 2207 1144 2264 concilii
1194 2207 1640 2276 intendebatur,
1691 2205 2102 2279 adempletum

444 2295 698 2350 omnino
715 2300 807 2352 est
831 2298 996 2368 quod
1020 2299 1431 2370 expetebatur.
1458 2301 1586 2355 Non
1609 2298 1772 2354 enim
1795 2295 2103 2353 modicum

445 2387 535 2439 est
559 2383 771 2440 damni
799 2389 1058 2459 tempus.
1095 2389 1473 2460 Quapropter
1507 2387 1814 2444 continere
1845 2401 1941 2442 me
1979 2401 2104 2442 am-

444 2470 604 2543 plius
632 2488 775 2529 cum
804 2489 929 2530 non
975 2490 1247 2548 possem,
1279 2478 1445 2549 prior
1484 2477 1621 2549 rupi
1665 2491 1894 2546 vocem,
1928 2475 2104 2531 obse-

449 2575 629 2617 crans
658 2567 726 2618 ut
775 2567 833 2620 et
883 2566 1072 2621 nostri
1129 2581 1366 2623 memor
1395 2567 1496 2636 sis,
1524 2570 1582 2622 et
1629 2566 1714 2622 tui
1759 2565 1970 2638 ipsius,
1999 2563 2105 2638 qui

444 2663 554 2722 per
590 2666 835 2708 omnem
868 2653 1079 2718 vitam,
1111 2656 1409 2727 majorem
1438 2670 1623 2729 quam
1674 2653 2102 2726 consanguini-

447 2744 540 2797 tas
595 2741 895 2813 exigebat,
931 2746 1119 2801 nostri
1168 2762 1378 2802 curam
1434 2746 1788 2814 ostendisti,
1820 2759 2105 2818 nuncque

446 2829 748 2887 civitatem
769 2832 986 2904 diligas
1017 2839 1226 2891 nostra
1247 2852 1450 2903 causa,
1477 2851 1600 2892 non
1626 2841 1827 2892 autem
1861 2839 2108 2909 propter

444 2933 558 2975 nos
583 2924 638 2976 te
662 2919 791 2994 ipse
821 2922 1128 2980 abalienes
1161 2941 1198 2981 a
1227 2925 1487 2983 civitate.

516 3011 570 3063 2.
615 3009 675 3066 Si
703 3025 828 3082 qua
870 3011 1050 3083 igitur
1095 3013 1434 3072 consolatio
1481 3015 1545 3071 in
1597 3015 1853 3084 Christo,
1884 3012 1933 3069 si
1983 3026 2110 3085 qua

447 3102 801 3156 communio
817 3101 1094 3174 Spiritus,
1113 3104 1161 3159 si
1181 3119 1318 3176 quae
1334 3105 1562 3162 viscera
1579 3109 1636 3161 et
1656 3103 2095 3175 miserationes,

447 3187 621 3261 exple
653 3194 860 3246 votum
891 3208 1096 3249 meum
1123 3213 1134 3263 ;
1170 3193 1311 3251 siste
1340 3194 1438 3250 hic
1466 3194 1655 3251 tristia
1693 3211 1705 3249 :
1739 3193 1976 3249 initium
2003 3190 2109 3248 ali-

446 3279 616 3352 quod
645 3279 793 3335 aﬂ‘er
818 3296 1021 3339 rerum
1051 3283 1338 3357 deinceps
1377 3284 1753 3352 hilariorum,
1785 3284 2005 3340 ducem
2054 3287 2108 3338 te

448 3365 581 3423 aliis
613 3367 894 3440 praebens
915 3371 995 3428 ad
1021 3372 1276 3444 optima,
1303 3372 1556 3429 minime
1581 3377 1784 3430 autem
1817 3371 2005 3428 alium
2028 3371 2109 3427 ad

446 3453 651 3512 illicita
682 3474 970 3530 sequens.
1011 3463 1214 3533 Neque
1245 3462 1407 3518 enim
1438 3477 1766 3535 corporeus
1796 3463 2109 3519 character

448 3543 531 3600 ita
558 3547 842 3618 proprius
861 3549 1224 3623 cujusquam
1247 3551 1572 3624 deputatus
1594 3558 1702 3623 est,
1728 3557 1790 3608 ut
1815 3550 2002 3608 animi
2023 3549 2108 3606 tui

449 3650 572 3708 pax
601 3641 656 3693 et
685 3640 1111 3697 mansuetudo.
1165 3643 1274 3697 Par
1321 3642 1503 3712 igitur
1555 3643 1749 3713 fuerit,
1785 3657 1925 3698 cum
1975 3640 2108 3696 talis

451 3724 556 3793 sis,
587 3726 738 3783 alios
769 3727 848 3784 ad
877 3735 930 3785 te
963 3729 1196 3786 trahere
1253 3747 1323 3788 ac
1373 3731 1658 3788 omnibus
1712 3732 1790 3788 ad
1840 3735 1894 3787 te
1941 3745 2106 3786 acce-

449 3811 733 3871 dentibus
758 3822 1068 3890 praastare,
1099 3824 1164 3876 ut
1216 3818 1398 3876 veluti
1450 3820 1775 3892 cujusdam
1814 3818 2108 3891 unguenti

449 3902 777 3977 fragantia,
825 3923 1066 3964 morum
1118 3914 1362 3966 tuorum
1413 3909 1655 3968 lenitate
1706 3908 2098 3982 impleantur.

451 3994 602 4050 Nam
655 3995 895 4052 etiamsi
945 3999 1094 4070 quid
1151 4014 1314 4054 nunc
1378 3999 1652 4070 obsistat,
1691 4006 1896 4056 tamen
1926 4001 2108 4072 paulo

450 4086 589 4155 post
611 4083 813 4156 ipsum
835 4085 1014 4143 etiam
1037 4087 1204 4160 pacis
1224 4089 1458 4146 bonum
1479 4096 1891 4162 cognoscetur.
1911 4093 2108 4158 Quan-

450 4171 558 4229 diu
579 4177 786 4231 autem
812 4174 891 4232 ob
918 4178 960 4248 ι
977 4175 1092 4249 54
1113 4177 1542 4236 dissentionem
1565 4179 1884 4236 calumniae
1903 4181 2107 4238 locum

448 4263 786 4335 habebunt,
813 4281 1064 4322 necesse
1089 4272 1178 4324 est
1223 4269 1602 4340 suspiciones
1646 4286 1886 4343 semper
1912 4272 1976 4327 in
2006 4287 2108 4343 pe-

446 4353 549 4426 jus
581 4355 892 4426 adaugeri.
926 4359 1080 4414 Sane
1111 4374 1186 4415 ne
1233 4357 1347 4415 illis
1394 4359 1637 4432 quidem
1689 4360 1980 4418 decorum
2020 4365 2108 4418 est

449 4458 561 4500 nos
604 4444 932 4516 negligere,
965 4447 1070 4503 sed
1103 4447 1367 4504 maxime
1405 4449 1710 4519 omnium',
1745 4451 2106 4523 praestantiae

449 4538 584 4592 tuae.
637 4537 694 4592 Si
749 4536 899 4608 quid
949 4537 1110 4594 enim
1155 4554 1506 4610 peccamus,
1556 4539 1834 4598 meliores
1883 4541 2106 4598 erimus

448 4623 764 4682 admoniti.
783 4628 903 4683 Hoc
924 4632 1128 4684 autem
1143 4627 1273 4685 ﬁeri
1298 4643 1423 4686 non
1444 4633 1642 4702 potest
1658 4629 1805 4687 citra
1826 4645 2108 4702 congres-

521 4765 542 4800 ⁴
580 4769 695 4824 lsa.
734 4782 874 4833 xm,
910 4773 996 4826 14.

521 4910 636 4988 (96)
679 4911 806 4988 κατ’
843 4909 1089 4988 ᾆμαυτοῦ.
1123 4916 1225 4988 ita
1266 4911 1536 4988 quinque
1590 4929 1736 4970 mss.
1786 4915 1935 4974 Editi
1991 4917 2106 4972 κατ’

449 4980 706 5062 ignifer;
720 4980 901 5062 Paulo
930 4989 1066 5062 post
1095 4980 1344 5062 H_arl._fo‘c
1365 4980 1502 5062 αὐτὰ
1524 4996 1603 5062 τῷ
1626 4993 1889 5062 προφήτῃ.

523 5054 633 5131 (97)
668 5054 1104 5131 Τοῖς-γινομένης
1133 5059 1219 5112 Ita
1248 5057 1403 5114 Harl.
1429 5063 1486 5115 et
1507 5054 1680 5116 Cdisl.
1708 5054 1941 5131 primus
1963 5079 2106 5120 cum

447 5124 692 5205 duobus
738 5125 891 5205 aliis:
923 5124 1073 5205 Ερἱἱ
1107 5136 1212 5205 τοῖς
1254 5135 1562 5205 γενομένοις,
1596 5132 1688 5205 Sic
1713 5124 1910 5189 -etiam
1950 5134 2107 5191 infra.

449 5201 506 5250 τὸ
537 5202 824 5270 γενόμενον.
852 5195 1078 5252 Ibidem
1101 5197 1224 5254 duo
1244 5195 1479 5257 dodices
1503 5219 1612 5275 pro
1642 5202 1858 5257 ἐπινοεῖν
1879 5206 2108 5263 habent

449 5269 630 5327 εἰπεῖν.
661 5268 842 5325 Paulo
869 5274 1007 5334 post
1028 5267 1171 5324 editi
1198 5271 1241 5322 εἰ
1272 5267 1352 5323 δεῖ
1379 5278 1487 5334 καί,
1512 5275 1678 5334 quod
1699 5283 1963 5334 erratum
1990 5293 2106 5334 one

449 5283 630 5327 ειπείν.
661 5283 842 5325 Paulo
866 5283 1007 5350 posr
1028 5283 1171 5324 eam
1198 5283 1352 5351 una
1379 5283 1487 5345 καί,
1512 5283 1678 5346 quoa
1699 5283 1963 5334 erratum
1990 5294 2070 5350 op

448 5346 712 5413 quatuor
743 5339 1022 5396 codicum
1053 5341 1426 5399 sustulimus.

522 5414 628 5484 (98)
671 5413 1117 5486 Κατορθούμινον,
1163 5421 1270 5473 πῶς
1305 5413 1453 5486 ούχί.
1487 5419 1572 5472 Ita
1610 5433 1713 5472 sex
1761 5435 1910 5476 mss.
1956 5419 2106 5476 Editi

448 5483 878 5564 κατορθούμενος,
909 5490 1019 5535 πῶν
1049 5483 1164 5538 οὐκ.
1218 5483 1449 5543 Habent
1497 5491 1906 5564 κατορθούμενον
1955 5495 2100 5563 Hag.

451 5556 1261 5699 Θῐᾶιθῗξῗῗίκονομοῦμενονοιά
1271 5629 1435 5699 est,si
1453 5628 1744 5703 puniendi
1773 5633 1894 5692 mei
1916 5649 2108 5695 causa

1819 288 1879 347 S.
1921 276 2169 342 BASILII
2203 279 2423 339 HAGNI

3707 285 3824 342 H2

2138 408 2186 462 Α
2217 417 2424 471 σιωπῆς
2468 418 2705 484 κυρῶσαι
2750 409 2866 463 κατ’
2917 407 3144 482 ἐμαυτοῦ
3175 408 3292 480 (96)
3337 412 3467 480 μήτε
3515 407 3665 469 αύτὸς
3708 407 3818 462 ἔπι-

2216 496 2466 567 στέλλων,
2515 505 2646 572 μήτε
2699 498 2896 552 ἀκούων
2952 500 3485 575 προσφθεγγομένου;
3545 498 3675 569 Ἐγὼ
3726 500 3818 569 μὲν

2211 588 2352 660 γὰρ,
2412 593 2576 663 μέχρι
2638 598 2730 642 τοῦ
2788 594 3041 664 παρόντος
3108 587 3495 664 ἐγκαρτερήσας
3558 595 3630 658 τῷ
3688 605 3822 638 σκυ-

2213 676 2402 749 θρωπῷ
2454 681 2618 751 τούτῳ
2677 676 2929 752 δόγματι,
2984 680 3218 751 ἡγοῦμαι
3281 681 3489 753 πρέπειν
3537 675 3700 748 κάμοὶ
3757 678 3826 727 τὰ

2209 774 2303 818 τού
2366 773 2634 842 προφήτου
2691 768 2888 842 λέγειν’
2953 771 3033 821 ὅτι
3090 767 3450 842 Ἐκαρτίρησα
3511 769 3575 826 ὡς
3643 767 3672 823 ἡ
3746 768 3826 816 τί-

2209 875 2411 909 κτουσα
2439 877 2450 890 ·
2508 857 2585 910 ἀεὶ
2642 862 2732 931 μὲν
2786 859 3048 931 ἐπιθυμῶν
3108 858 3138 917 ἦ
3197 861 3490 929 συντυχίας
3539 856 3569 914 ἦ
3624 854 3819 926 λόγων,

2213 943 2287 997 ἀεὶ
2337 942 2396 998 δε
2439 944 2822 1020 ἀποτυγχάνων
2868 944 2902 1000 δ
2910 950 2964 1000 ιὰ
3003 949 3092 1008 τὰς
3129 945 3387 1020 ἁμαρτίας
3433 948 3522 1005 τὰς
3561 943 3816 1017 ἐμαυτοῦ.

2211 1034 2287 1086 Ou’
2342 1037 2441 1110 γὰρ
2511 1033 2577 1095 δὴ
2637 1037 2793 1095 ἀλλην
2855 1039 2974 1090 τινὰ
3029 1037 3201 1088 αἰτίαν
3254 1038 3363 1107 ἔχω
3429 1041 3537 1096 τοῖς
3599 1036 3820 1105 γινομέ-

2211 1145 2319 1187 νοις
2357 1128 2470 1197 (97)
2519 1125 2758 1198 ἐπινοεῖν,
2814 1127 2946 1186 πλήν
2999 1146 3059 1198 γε
3112 1122 3181 1186 δὴ
3236 1132 3328 1178 τοῦ
3374 1124 3654 1178 πεπεῖσθαι
3709 1141 3822 1175 πα-

2210 1213 2366 1266 λαιῶν
2435 1216 2824 1290 ἁμαρτημάτων
2882 1216 3158 1269 ἐκτιννύιιν
3213 1211 3407 1283 δίκας,
3461 1212 3510 1265 ἓν
3568 1221 3640 1284 τῷ
3701 1233 3821 1284 χω’

2210 1314 2386 1378 ρισμῷ
2429 1314 2521 1367 τῆς
2571 1305 2782 1378 ἀγάπης
2818 1324 2913 1358 σου
2943 1327 2954 1339 ·
2999 1306 3042 1359 εἰ
3090 1301 3158 1363 δὴ
3207 1309 3296 1356 καὶ
3344 1304 3612 1375 ὀνομάζειν
3653 1319 3827 1374 χωρι-

2215 1399 2364 1467 σμόν,
2407 1397 2550 1448 ὅσιον
2594 1395 2676 1448 ἐπὶ
2727 1404 2843 1461 σοῦ,
2889 1399 2979 1448 καὶ
3027 1396 3329 1448 οὑτινοσοῦν
3373 1400 3475 1444 τῶν
3521 1395 3820 1462 τυχόντων,

2211 1489 2284 1558 μὴ
2335 1487 2415 1538 ὅτι
2461 1505 2521 1558 γε
2578 1488 2746 1558 ἡμῶν,
2795 1483 2868 1546 οἷς
2913 1485 2966 1548 ἐξ
3019 1484 3192 1559 ἀρχῆς
3243 1483 3292 1535 ἐν
3345 1485 3542 1557 πατρὸς
3600 1484 3823 1552 γέγονας

2210 1581 2388 1649 χώρᾳ.
2429 1574 2564 1627 Ἀλλ’
2605 1577 2635 1634 ἡ
2679 1576 2911 1650 ἁμαρτία
2948 1593 3048 1648 μου
3084 1583 3208 1637 νυν,
3267 1574 3354 1625 οἷα
3388 1570 3564 1644 νεφέλη
3625 1569 3823 1642 βαθεῖά

2211 1683 2287 1724 τις
2326 1662 2662 1736 ἐπισχοῦσα,
2707 1666 2911 1718 πάντων
2964 1663 3169 1717 ἐκείνων
3227 1664 3438 1734 ἄγνοιαν
3495 1659 3821 1717 ἐνεποίησεν.

2141 1762 2182 1818 Β
2209 1752 2370 1806 Ὀταν
2413 1757 2514 1829 γὰρ
2567 1751 2763 1822 ἀπίδω,
2789 1754 2921 1813 πλὴν
2965 1762 3056 1806 τοῦ
3100 1752 3214 1826 ἐμοὶ
3249 1751 3418 1809 λύπην
3452 1753 3510 1802 τὸ
3547 1753 3822 1822 γινόμενον

2211 1849 2397 1918 φέρειν,
2446 1840 2612 1917 μηδὲν
2670 1844 2838 1919 ἕτερον
2886 1842 2939 1907 ἕξ
2995 1843 3156 1896 αὐτοῦ
3213 1842 3625 1916 κατορθούμενον
3680 1841 3817 1909 (98),

2210 1943 2321 1996 πῶς
2366 1933 2496 2005 ούχὶ
2549 1933 2757 1996 εἰκότως
2808 1941 2923 1996 ταῖς
2979 1932 3203 2006 ἐμαυτοῦ
3258 1935 3470 1992 κακίαις
3527 1927 3819 2001 ἀνατίθημι

2211 2027 2275 2076 τὰ
2335 2028 2602 2097 παρόντα;
2664 2023 2798 2077 Ἀλλ’
2860 2027 2958 2076 εἶτε
3024 2023 3279 2098 ἀμαρτιαι
3346 2028 3444 2073 τῶν
3507 2017 3818 2092 συμϐάντων

2211 2114 2398 2178 αἰτίαι,
2448 2119 2602 2166 τοῦτό
2654 2131 2745 2187 μοι
2795 2117 2955 2187 πέρας
3007 2115 3141 2165 ἔστω
3187 2121 3288 2164 τῶν
3340 2106 3660 2184 δυσχερῶν·
3719 2110 3820 2160 εἴτε

2211 2207 2263 2255 τί
2304 2207 2364 2255 τὸ
2404 2203 2826 2277 οἰκονομούμενον
2866 2199 2927 2261 ἧν
2955 2204 3089 2272 (99),
3138 2200 3466 2276 ἐξεπληρώθη
3516 2201 3723 2259 πάντως
3758 2200 3818 2249 τὸ

2215 2289 2662 2366 σπουδαζόμενον.
2705 2293 2782 2346 Οὐ
2811 2295 2913 2369 γὰρ
2945 2293 3118 2365 ὀλίγος
3165 2293 3190 2344 ὀ
3239 2300 3334 2352 τῆς
3379 2290 3575 2362 ζημίας
3603 2292 3812 2360 χρόνος.

2213 2386 2322 2452 Διὸ,
2352 2387 2541 2456 μηκέτι
2581 2387 2794 2454 στέγων,
2826 2390 3024 2457 πρῶτος
3061 2380 3254 2457 ἔρρηξα
3282 2384 3472 2453 φωνὴν,
3505 2375 3811 2450 παρακαλῶν

2211 2473 2359 2544 ἡμῶν
2400 2491 2454 2526 τε
2497 2472 2665 2525 αὐτῶν
2714 2471 3114 2546 ἀναμνησθῆναι
3159 2475 3249 2523 καὶ
3299 2476 3545 2540 σεαυτοῦ,
3576 2467 3629 2530 ὃς
3663 2465 3815 2520 πλέον

2213 2563 2243 2622 ἦ
2293 2565 2429 2616 κατά
2483 2565 2542 2615 τὸ
2597 2569 2693 2624 τῆς
2748 2565 3052 2634 συγγενείας
3105 2559 3258 2628 εἰκὸς,
3313 2560 3458 2634 παρὰ
3512 2559 3684 2610 πάντα
3732 2559 3821 2608 τὸν

2217 2650 2334 2724 βίον
2383 2657 2476 2712 τὴν
2525 2648 2840 2725 κηδεμονιαν
2889 2653 3035 2724 ἡμῶν
3087 2646 3354 2720 ἐπεδείξω,
3398 2651 3490 2701 καὶ
3540 2652 3628 2706 τὴν
3673 2645 3824 2699 πόλιν

2211 2750 2301 2794 νῦν
2349 2743 2496 2816 ἡμῶν
2542 2743 2704 2796 ἕνεκεν
2749 2739 2978 2814 ἀγαπᾷν,
3020 2739 3148 2793 ἀλλὰ
3183 2744 3256 2814 μὴ
3303 2734 3377 2792 δι’
3409 2738 3485 2810 (1)
3519 2735 3826 2812 ἀλλοτριοῦν

2217 2836 2410 2886 σαυτόν
2440 2841 2534 2894 τῆς
2569 2832 2783 2894 πόλεως.

2289 3016 2342 3069 2.
2388 3017 2446 3068 Εἰ
2491 3033 2572 3074 τις
2622 3009 2711 3066 οὖν
2757 3011 3091 3088 παράκλησις
3135 3009 3185 3064 ἄν
3231 3016 3471 3087 Χριστῷ,
3504 3012 3548 3062 εἴ
3585 3027 3664 3070 τις
3715 3023 3830 3060 κοι-

2143 3123 2186 3183 c
2217 3106 2375 3154 νωνία
2427 3105 2740 3174 Πνεύματος,
2793 3104 2838 3154 ει
2892 3119 3008 3154 τινα
3058 3099 3342 3173 σπλάγχνα
3388 3103 3477 3151 καὶ
3530 3097 3824 3170 οἰκτιρμοὶ,

2218 3190 2492 3265 πλήρωσον
2551 3193 2696 3264 ἡμῶν
2747 3195 2841 3250 την
2893 3192 3085 3264 εὐχήν·
3121 3189 3342 3244 ἐνταῦθα
3392 3196 3588 3248 στῆσον
3636 3187 3716 3258 (2)
3759 3188 3831 3238 τὰ

2217 3290 2448 3354 κατηφῆ,
2502 3279 2675 3356 ἀρχὴν
2730 3301 2846 3334 τινα
2884 3277 2974 3342 δός
3025 3289 3130 3341 τοῖς
3187 3276 3545 3355 φαιδροτέροις
3591 3279 3725 3352 πρὸς
3765 3280 3827 3328 τὸ

2218 3371 2352 3438 ἑξῆς,
2405 3370 2562 3434 αὐτὸς
2612 3379 2723 3432 τοῖς
2775 3370 2948 3432 ἄλλοις
2993 3372 3384 3442 καθηγούμενος
3443 3367 3529 3421 ἆπὶ
3582 3369 3648 3420 τὰ
3702 3364 3827 3438 βίλ-

2217 3479 2394 3528 τιστα,
2436 3459 2546 3513 ἀλλ’
2588 3460 2718 3532 ούχὶ
2755 3459 3049 3514 ἀκολουθῶν
3089 3460 3237 3535 ἑτέρῳ
3283 3459 3356 3532 ἐφ’
3387 3459 3422 3512 ἂ
3450 3462 3520 3532 μὴ
3568 3453 3671 3509 δεῖ.
3721 3460 3829 3510 Καὶ

2214 3553 2314 3624 γὰρ
2359 3548 2485 3603 οὐδὲ
2537 3559 2776 3624 σώματος
2817 3555 3097 3627 χαρακτὴρ
3156 3547 3297 3612 ἴδιος
3340 3550 3473 3602 οὕτω
3529 3550 3669 3608 τινὸς
3718 3544 3830 3599 ένο-

2217 3641 2407 3712 μίσθη,
2439 3643 2508 3702 ὡς
2537 3649 2631 3701 τῆς
2683 3649 2778 3703 σῆς
2816 3641 3004 3713 ψυχῆς
3046 3645 3104 3692 τό
3153 3640 3408 3713 εἰρηνικόν
3456 3657 3510 3691 τε
3566 3641 3655 3689 καὶ
3696 3639 3830 3708 ᾖμε-

2216 3749 2322 3804 ρον.
2366 3735 2562 3805 Πρέποι
2600 3731 2678 3803 (3)
2724 3727 2774 3783 δ’
2815 3730 2874 3783 ἂν
2923 3727 3010 3784 οὖν
3062 3738 3135 3802 τῷ
3189 3733 3410 3802 τοιούτῳ
3461 3731 3578 3790 τοὺς
3633 3726 3830 3788 ἄλλους

2217 3819 2376 3872 ἂκειν
2419 3823 2551 3896 πρὸς
2606 3820 2816 3889 ἑαυτὸν,
2870 3826 2961 3873 καὶ
3011 3824 3262 3894 παρέχειν
3320 3825 3454 3873 πᾶσι
3503 3825 3612 3880 τοίς
3669 3815 3828 3889 ἐγγί-

2220 3909 2374 3970 ζουσί
2421 3928 2523 3981 σοι,
2566 3911 2739 3985 ὥσπερ
2789 3913 2955 3985 μύρου
3001 3913 3134 3971 τινὸς
3163 3906 3407 3979 εὐωδίας,
3440 3917 3533 3970 τῆς
3579 3914 3673 3960 τοῦ
3725 3915 3831 3959 σοῦ

2215 4003 2408 4074 τρόπου
2456 4003 2826 4074 χρηστότητος
2884 3998 3337 4072 ἀναπίμπλασθαι.
3392 4002 3491 4052 Καὶ
3538 3999 3641 4070 γὰρ
3689 3998 3733 4048 εἶ
3771 4016 3833 4050 τι

2217 4093 2307 4140 καὶ
2361 4086 2638 4142 ἀντιτεῖνον
2692 4087 2803 4142 ἐστι
2851 4096 2938 4140 νῦν
2969 4131 2982 4157 ,
3030 4086 3156 4140 ἀλλὰ
3213 4091 3398 4164 μικρὸν
3454 4087 3672 4162 ὕστερον
3729 4090 3830 4138 καὶ

2218 4177 2345 4230 αύτό
2389 4182 2446 4231 τό
2497 4186 2594 4238 τῆς
2628 4177 2829 4252 εἰρήνης
2868 4175 3062 4250 ἀγαθόν
3101 4175 3464 4247 ἐπιγνώσεται.
3494 4174 3622 4237 Ἕως
3662 4170 3713 4228 δ’
3763 4174 3830 4227 ἆν

2218 4265 2269 4320 ἓν
2322 4275 2416 4329 τῆς
2475 4264 2804 4329 διαστάσεῶς
2847 4269 2902 4320 αἱ
2952 4263 3196 4321 διαϐολαὶ
3243 4273 3426 4342 χώραν
3473 4269 3672 4339 ἔχωσιν
3715 4268 3825 4336 (4),

2217 4355 2416 4430 ἀνάγκη
2463 4355 2542 4410 ἀεί
2586 4360 2676 4419 τὰς
2722 4357 2955 4429 ὑποψίας
2988 4356 3075 4410 ἰπὶ
3116 4360 3174 4410 τὸ
3205 4364 3384 4431 χεῖρον
3431 4356 3815 4420 συναύξεσθαι.

2139 4483 2184 4540 D
2217 4443 2371 4500 Ἐστι
2428 4450 2518 4520 μὲν
2563 4443 2650 4500 οὖν
2707 4444 2831 4501 οὐδε
2885 4445 3097 4510 ἐκείνοις
3147 4452 3339 4524 πρέπον
3398 4445 3598 4521 ἀμελεῖν
3651 4448 3826 4520 ἡμῶν,

2217 4538 2420 4592 πάντων
2471 4534 2530 4592 δὲ
2572 4537 2722 4592 πλέον
2765 4545 2826 4612 τῇ
2873 4542 3142 4610 τιμιότητί
3189 4556 3306 4592 σου.
3350 4543 3451 4591 Καὶ
3498 4540 3600 4610 γὰρ
3653 4537 3697 4588 εἰ
3735 4538 3828 4610 μεν

2219 4627 2579 4704 ἀμαρτάνομίν
2642 4647 2694 4683 τι
2717 4670 2735 4695 ,
2807 4627 3043 4701 βελτίους
3107 4626 3334 4702 ἕσόμεθα
3397 4629 3818 4702 νουθετούμενοι.

2217 4915 2280 4973 id
2308 4914 2515 4992 fecisti.
2548 4917 2679 4973 Non
2708 4914 2900 4992 multo
2946 4914 3266 4992 postediti
3319 4915 3667 4992 ἀναμνῆσθαι.
3707 4917 3817 4972 Sex

2216 5004 2364 5045 mss.
2389 4992 2456 5044 ut
2478 4987 2541 5044 in
2570 4991 2756 5045 textu.
2783 4988 2876 5045 Sic
2906 4987 2966 5044 et
2989 4988 3172 5044 Paris.
3204 4992 3256 5044 2.

2285 5062 2366 5133 (l)
2406 5060 2480 5112 Δι’
2505 5061 2664 5133 ἡμᾶς.
2695 5059 2784 5115 Ita
2813 5076 2917 5115 sex
2943 5059 3184 5116 codices
3209 5076 3354 5117 mss.
3383 5061 3534 5118 Editi
3556 5057 3626 5114 δι’
3651 5061 3822 5133 ἡμῶν.

2219 5131 2451 5189 Ibidem
2480 5131 2623 5187 editi
2654 5135 2890 5187 σεαυτόν.
2920 5133 3187 5198 Quatuor
3215 5149 3362 5189 mss.
3398 5140 3609 5188 σαυτόν.

2289 5206 2367 5274 (2)
2409 5211 2626 5262 Στῆσον.
2670 5204 2763 5276 Sic
2806 5219 2958 5262 mss.
2985 5219 3090 5276 sex
3142 5220 3254 5276 pro
3299 5221 3371 5260 eo
3413 5205 3717 5276 quodest
3767 5205 3831 5260 in

2216 5275 2402 5356 egi-tis
2418 5275 2597 5356 λῦσον.
2619 5275 2807 5332 Paulo
2829 5275 3298 5356 postediti’égﬁgz
3313 5281 3401 5356 κει-ἰ
3425 5275 3824 5356 τοῖςᾶλλοις,

2217 5345 2324 5400 ἀλλ’
2345 5347 2461 5402 οὐκ.
2495 5349 2608 5403 Sex
2633 5362 2778 5403 mss.
2800 5344 2865 5403 ut
2889 5348 2950 5402 in
2969 5351 3154 5413 textu,
3181 5344 3323 5406 Cod.
3350 5345 3500 5403 Harl.
3528 5344 3831 5398 ἀκολουθῶν

2217 5419 2432 5493 ἐτίροις.
2462 5420 2590 5475 Duo
2615 5418 2715 5475 alii
2746 5417 2822 5493 ἐφ’
2853 5418 2980 5493 ὃ-μὴ
3015 5416 3117 5493 δεῖ.

2289 5487 2368 5564 (3)
2401 5495 2743 5576 nymedi-ta
2766 5487 2923 5576 Harl.
2956 5495 3016 5548 et
3043 5490 3219 5548 Cois].
3239 5491 3475 5565 primus
3505 5505 3646 5548 cum
3675 5487 3836 5548 duo-

2218 5563 2334 5638 bus
2348 5562 2516 5638 aliis.
2552 5562 2704 5620 Editi
2730 5566 2936 5638 πρέπει.

2289 5635 2363 5708 (4)
2402 5634 2662 5710 Ἕχωσιν.
2694 5634 2780 5694 Ita;
2805 5651 2956 5692 mss.
2983 5634 3275 5708 quinque.
3309 5635 3464 5694 Editi
3487 5638 3732 5710 ἔχουσιν.
