4078 6420
340 340 440 399 413

1362 338 1858 405 EPISTOLARUM
1896 340 2183 404 CLASSIS
2219 344 2288 405 ll.
2329 342 2547 407 EPIST.
2583 345 2690 406 LX.

3628 349 3744 408 ειε

342 472 503 521 Τοῦτο
530 461 591 521 δ¹ε
610 465 737 520 ἄνευ
768 473 1074 543 συντυχίας
1094 469 1383 546 ἀμήχανον.
1399 472 1460 526 Et
1484 469 1544 526 δὲ
1573 468 1725 525 addis
1746 468 1967 524 ἀδικοῦ-

2085 484 2238 530 sum.
2270 473 2372 532 Sin
2401 482 2605 533 autem
2626 474 2777 532 nihil
2800 471 3059 531 facimus
3086 473 3253 545 mali,
3301 488 3409 532 cur
3439 475 3582 534 odio
3631 476 3742 534 ha-

347 576 458 631 μεν,
509 555 625 611 ἀντὶ
661 561 801 620 τίνος
849 563 1199 635 μισοῦμεθα;
1247 569 1426 617 Ταῦτα
1453 564 1545 636 μεν
1576 559 1644 622 δὴ
1668 558 1755 616 οὖν
1784 564 1851 615 τὰ
1874 570 1969 623 τῆς

348 645 496 711 ἰδίας
535 647 770 721 ἐμαυτοῦ
801 645 1175 724 δικαιολογίας
1204 652 1279 724 (5)
1306 659 1660 726 προῖσχομαι.

414 777 471 830 3.
512 773 577 827 Ἃ
612 771 665 827 δ’
695 772 756 827 ἂν
784 776 915 851 ὑπὲρ
961 776 1151 831 ἑαυτῶν
1196 780 1253 831 αἱ
1289 777 1593 837 Ἐκκλησίαι
1639 781 1845 846 εἴποιεν,
1874 778 1967 832 οὐκ

343 863 414 926 εἰς
439 862 603 917 καλὸν
634 872 731 928 τῆς
771 861 1111 931 διαστάσεως
1136 870 1281 943 ἡμῶν
1331 865 1712 935 ἀπολαύουσαι,
1765 866 1966 942 βέλτιον

336 957 433 1027 μὲν
465 961 703 1027 σιωπᾷν,
743 954 821 1008 Οὐ
851 958 953 1031 γὰρ
983 958 1067 1010 ἵνα
1091 957 1333 1026 λυπήσω,
1356 967 1467 1021 τοῖς
1494 957 1667 1030 λόγοις
1696 961 1967 1033 κέχρημαι

338 1048 443 1114 (6),
483 1042 599 1097 ἀλλ’
640 1052 727 1097 ῖνα
765 1048 958 1099 παύσω
1004 1049 1073 1099 τὰ
1113 1045 1346 1123 λυπηρά.
1386 1052 1491 1109 Τὴν
1523 1044 1583 1100 δὲ
1614 1052 1711 1107 σὴν
1760 1050 1965 1101 σύνεσιν

333 1136 553 1196 πάντως
601 1130 758 1188 οὐδὲν
818 1131 1181 1209 διαπέφευγεν,
1243 1135 1371 1190 ἀλλὰ
1421 1136 1592 1209 πολλῷ
1653 1136 1818 1210 μείζω
1873 1142 1965 1189 καὶ

342 1223 638 1301 τελειότερα
681 1221 749 1276 ὧν
779 1226 928 1298 ἡμεῖς
965 1234 1197 1299 νοοῦμεν,
1230 1225 1386 1289 αὐτὸς
1412 1226 1472 1279 ἂν
1503 1225 1723 1301 ἐξεύροις
1752 1233 1814 1300 τῇ
1851 1222 1965 1279 δια-

345 1317 483 1385 νοίᾳ,
508 1318 602 1367 καὶ
650 1313 824 1376 ἄλλοις
865 1317 1047 1387 εἴποις,
1100 1317 1153 1378 ὃς
1193 1335 1252 1389 γε
1290 1321 1379 1370 καὶ
1410 1312 1546 1378 εἶδες
1573 1319 1674 1393 πρὸ
1700 1318 1847 1389 ἡμῶν
1877 1318 1967 1378 τὰς

353 1400 561 1475 βλάϐας
587 1405 664 1471 (7)
716 1410 817 1456 τῶν
861 1403 1204 1471 Ἐκκλησιὼν,
1238 1410 1328 1459 καὶ
1381 1405 1517 1479 λυπῇ
1561 1405 1751 1479 μᾶλλον
1796 1407 1962 1479 ἡμῶν,

351 1491 518 1546 πάλαι
548 1488 934 1567 δεδιδαγμένος
957 1496 1037 1566 (8)
1067 1497 1212 1569 παρὰ
1249 1503 1341 1548 τοῦ
1375 1500 1569 1571 Κυρίου
1610 1493 1833 1569 μηδενὸς
1866 1505 1965 1548 τῶν

352 1581 648 1655 ἕλαχίστων
680 1591 1037 1659 καταφρονεῖν.
1069 1590 1201 1639 Νυνὶ
1229 1582 1289 1639 δὲ
1323 1587 1352 1645 ἡ
1397 1584 1568 1660 βλάϐη
1603 1586 1697 1639 οὐκ
1727 1587 1793 1649 εἰς
1818 1588 1904 1639 ἕνα
1931 1587 1961 1646 ἦ
2001 1614 2040 1667 Β

351 1668 590 1747 δεύτερον
634 1674 1011 1750 περιορίξεται,
1045 1673 1174 1728 ἀλλά
1200 1675 1371 1737 πόλεις
1403 1675 1517 1729 ὅλαι
1554 1681 1645 1729 καὶ
1675 1673 1841 1751 δῆμοι
1870 1686 1966 1730 τῶν

346 1764 611 1839 ἡμετέρων
652 1763 1095 1839 παραπολαύουσι
1137 1774 1441 1840 συμφορῶν,
1497 1771 1601 1826 Τὴν
1630 1769 1732 1842 γὰρ
1763 1764 1846 1819 ἐπὶ
1874 1775 1968 1829 τῆς

335 1852 627 1927 ὑπερορίας
684 1858 861 1927 φήμην
917 1859 970 1907 τί
1020 1859 1132 1931 χρὴ
1183 1859 1274 1908 καὶ
1320 1855 1485 1929 λέγειν
1533 1858 1689 1909 ὁποία
1716 1877 1789 1919 τις
1819 1860 1967 1911 ἔσται

332 1947 455 2018 περὶ
486 1944 647 2016 ἡμῶν
673 1959 690 2011 ;
740 1946 933 2018 Πρέπει
963 1944 1043 2015 (9)
1088 1943 1177 1996 οὖν
1208 1944 1268 1996 ἂν
1298 1953 1361 2018 τῇ
1399 1953 1464 2020 σῇ
1510 1943 1887 2020 μεγαλοψυχίᾳ
1910 1950 1966 2000 τό

338 2035 427 2105 μεν
454 2031 754 2105 φιλόνεικον
787 2032 979 2109 ἑτέροις
1008 2040 1368 2111 παραχωρεῖν·
1406 2034 1597 2108 μᾶλλον
1633 2032 1693 2089 δε
1723 2033 1967 2089 κάκείνων

343 2121 520 2185 ἐξελεῖν
552 2130 649 2184 τῆς
683 2122 890 2196 ψυχῆς,
924 2126 1064 2200 εἴπερ
1095 2125 1201 2176 οἷόν
1231 2143 1306 2177 τεο
1337 2124 1489 2177 αὐτὸν
1531 2122 1590 2178 δὲ
1634 2122 1669 2178 ὃ
1676 2127 1707 2178 ι’
1738 2124 1969 2190 ἀνεξικα-

342 2218 461 2274 κίας
487 2220 720 2272 νικῆσαι
749 2215 818 2266 τὰ
851 2212 1081 2288 λυπηρά.
1115 2218 1184 2268 Τό
1331 2216 1432 2289 γὰρ
1466 2214 1756 2288 ἀμύνεσθαι
1784 2222 1968 2279 παντός

340 2300 448 2357 ἐστι
479 2310 578 2356 τοῦ
614 2302 984 2380 ὀργιζομένου·
1016 2307 1075 2356 τό
1109 2299 1168 2357 δὲ
1196 2308 1288 2357 καὶ
1321 2304 1480 2366 αὐτῆς
1508 2315 1600 2367 τῆς
1640 2305 1801 2380 ὀργῆς
1826 2306 1968 2378 ὑψη-

334 2391 553 2468 λότερον
586 2389 740 2465 εἶναι,
784 2399 939 2447 τοῦτο
984 2388 1052 2452 δὴ
1085 2397 1243 2467 μόνου
1278 2401 1394 2467 σοῦ,
1445 2399 1536 2448 καὶ
1566 2398 1611 2447 εἴ
1638 2399 1714 2456 τίς
1764 2415 1848 2448 σοι
1876 2401 1968 2457 τὴν

337 2481 535 2557 ἀρετὴν
566 2479 960 2559 παραπλήσιος.
1014 2482 1208 2536 Ἐκεῖνο
1259 2477 1320 2536 δὲ
1370 2483 1465 2536 οὐκ
1511 2482 1645 2558 ἐρῶ,
1685 2486 1764 2538 ὅτι
1793 2486 1818 2537 ό
1845 2486 1970 2559 ἡμῖν

345 2575 686 2645 χαλεπαίνων
737 2571 809 2636 εἰς
856 2576 980 2635 τοὺς
1021 2569 1213 2646 μηδὲν,
1266 2568 1622 2637 ἀδικήσαντας
1669 2579 1764 2635 τὴν
1809 2576 1970 2650 ὀργὴν

355 2659 666 2735 ἰπαφίησιν.
704 2665 825 2717 Εἴτε
878 2659 966 2717 οὖν
1022 2667 1313 2737 παρουσίᾳ,
1374 2667 1474 2718 εἴτε
1518 2666 1816 2739 γράμματι,
1871 2670 1969 2719 εἴτε

2077 561 2343 623 bemur?
2386 571 2579 640 Atque
2606 566 2736 622 hac
2777 564 3027 639 quidem
3057 564 3136 621 ad
3184 579 3385 623 meam
3408 565 3600 638 ipsius
3630 565 3735 623 de-

2078 650 2415 713 fensionem
2446 655 2709 729 profero.

2149 781 2200 835 3.
2236 780 2386 847 Quid
2412 785 2615 839 autem
2645 779 2942 844 Ecclesiae,
2966 796 3101 855 quis
3134 779 3321 836 nostri
3350 779 3585 837 dissidii
3608 796 3735 837 non

2078 866 2159 923 ad
2197 886 2369 927 suam
2412 870 2724 927 utilitatem
2762 869 3085 943 participes
3135 873 3297 935 sunt,
3336 885 3471 944 pro,
3521 869 3737 942 seipsis

2077 955 2351 1031 dixerint,
2389 960 2603 1017 melius
2633 959 2880 1034 quidem
2907 964 3128 1016 tacere.
3161 961 3288 1015 Non
3315 959 3476 1016 enim
3508 964 3574 1015 ut
3602 975 3738 1015 mo-

2075 1045 2312 1104 lestiam
2341 1049 2683 1113 exhibeam,
2709 1049 2899 1105 verba
2918 1047 3104 1117 facio;
3139 1048 3243 1104 sed
3265 1052 3328 1105 ut
3354 1047 3624 1104 molestis
3654 1062 3741 1104 re-

2075 1136 2192 1193 bus
2237 1137 2420 1194 tinem
2467 1139 2802 1212 imponam.
2852 1140 3040 1194 Tuam
3091 1142 3295 1195 autem
3350 1137 3739 1211 prudentiam

2078 1225 2329 1283 omnino
2368 1225 2516 1282 nihil
2564 1226 2749 1297 fugit:
2792 1225 2897 1283 sed
2937 1225 3128 1282 multo
3162 1225 3398 1297 majora
3446 1241 3517 1282 ac
3549 1224 3739 1299 perfe-

2078 1314 2264 1372 ctiora
2307 1332 2497 1388 quam
2526 1332 2663 1389 quae
2694 1332 2805 1371 nos
2845 1315 3200 1386 cogitamus,
3236 1314 3371 1388 ipsa
3407 1319 3510 1371 tua
3538 1318 3737 1371 mente

2078 1402 2304 1477 poteris
2357 1404 2736 1475 excogitare,
2797 1401 3050 1476 aliisque
3107 1402 3360 1459 dicere:
3429 1401 3533 1476 qui
3580 1406 3736 1459 certe

2080 1491 2260 1549 etiam
2312 1497 2449 1549 ante
2487 1509 2601 1549 nos
2652 1491 3051 1549 Ecclesiarum
3099 1491 3300 1548 vidisti
3355 1490 3735 1564 detrimenta,

2078 1581 2394 1656 magisque
2427 1598 2612 1655 quam
2652 1599 2777 1639 non
2819 1580 3010 1646 doles,
3048 1581 3178 1654 jam
3216 1580 3361 1638 olim
3413 1580 3663 1637 edoctus
3700 1596 3738 1637 a

2078 1669 2354 1740 Domino,
2389 1671 2695 1728 neminem
2721 1687 2795 1728 ex
2822 1670 3089 1728 minimis
3133 1674 3535 1727 contemnere.
3568 1671 3736 1726 Nunc

2078 1764 2290 1816 autum
2321 1761 2617 1817 damnum
2647 1777 2771 1818 non
2801 1778 2924 1817 uno
2954 1765 3058 1818 aut
3088 1760 3274 1817 altero
3300 1758 3737 1817 circumscribi-

2078 1851 2193 1918 tur,
2220 1848 2327 1905 sed
2371 1854 2507 1907 totae
2538 1850 2805 1907 civitates
2842 1866 2913 1907 ac
2939 1850 3151 1924 populi
3188 1849 3601 1907 calamitatum
3629 1863 3737 1906 no-

2079 1943 2339 1997 strarum
2366 1940 2685 2014 participes
2724 1945 2881 1997 sunt.
2928 1941 3182 1997 Famam
3209 1939 3371 1996 enim
3402 1939 3462 1994 in
3491 1936 3735 1995 remotis

2078 2027 2403 2102 provinciis
2442 2028 2589 2102 quid
2614 2028 2705 2085 vel
2734 2028 2932 2085 dicere
2956 2029 3185 2097 attinet,
3208 2027 3406 2101 qualis
3435 2026 3635 2084 futura
3660 2026 3738 2083 sit

2078 2117 2154 2174 de
2182 2117 2358 2174 nobis
2381 2118 2409 2174 ?
2437 2120 2611 2174 Decet
2638 2117 2818 2190 igitur
2843 2122 2909 2175 ut
2937 2122 3042 2175 tua
3084 2116 3559 2188 magnanimitas
3598 2130 3737 2173 con-

2078 2206 2360 2264 tentionis
2404 2207 2670 2265 studium
2715 2207 2846 2264 aliis
2876 2206 3196 2281 relinquat,
3244 2206 3367 2262 imo
3398 2222 3471 2262 ex
3496 2203 3734 2261 illorum

2078 2297 2262 2354 etiam
2288 2298 2505 2354 animis
2539 2298 2834 2369 extrahat,
2872 2298 2920 2353 si
2956 2296 3086 2353 ﬁeri
3109 2299 3341 2370 potest:
3372 2294 3501 2369 ipse
3532 2298 3734 2351 autem

2077 2386 2365 2460 patientia
2386 2386 2694 2444 molestias
2724 2403 2987 2460 superes.
3024 2388 3175 2442 Nam
3197 2384 3403 2442 ulcisci
3427 2399 3513 2452 se,
3540 2386 3737 2456 cujus-

2078 2476 2167 2533 vis
2198 2476 2334 2533 irati
2363 2481 2486 2534 est:
2525 2474 2631 2533 sed
2668 2477 2806 2550 ipsa
2841 2477 3021 2534 etiam
3050 2476 3142 2533 ira
3180 2475 3551 2549 superiorem
3584 2490 3733 2543 esse,

2077 2564 2194 2622 hoc
2220 2570 2379 2623 certe
2409 2570 2582 2623 tuum
2631 2570 2718 2623 est
2770 2566 2975 2636 solius,
3025 2569 3083 2622 et
3128 2565 3178 2622 si
3212 2565 3346 2639 quis
3388 2563 3496 2622 tibi
3525 2564 3735 2621 virtute

2080 2654 2435 2714 consimilis.
2469 2655 2616 2712 illud
2646 2660 2849 2713 autem
2878 2672 3001 2713 non
3027 2655 3250 2726 dicam,
3273 2671 3412 2712 eum
3434 2653 3540 2729 qui
3561 2652 3738 2711 nobis

353 2751 549 2810 κλήσει
595 2759 655 2825 τῇ
702 2756 836 2830 πρὸς
879 2752 1082 2819 ἑαυτὸν,
1129 2756 1228 2806 εἴτε
1270 2750 1406 2828 ᾧπερ
1447 2752 1507 2806 ἂν
1552 2753 1739 2818 ἐθέλοις
1771 2760 1964 2833 τρόπῳ,

2085 2748 2413 2816 succenset,
2445 2744 2504 2800 in
2536 2745 2805 2801 insontes
2825 2744 2981 2802 iram
3008 2744 3350 2800 immittere.
3381 2742 3589 2817 Itaque
3614 2743 3738 2798 sive

352 2827 750 2915 παραμυθησαι*
788 2842 939 2915 ἡμῶν
982 2846 1078 2901 τὴν
1135 2842 1322 2915 ψυχήν
1344 2845 1472 2914 (10).
1528 2842 1679 2917 Ἠμῐν
1865 2827 1967 2920 γὰρ

2085 2832 2459 2889 adveniendo
2489 2832 2569 2890 ad
2599 2850 2731 2902 nos,
2766 2834 2886 2890 sive
2929 2831 3272 2903 scribendo,
3296 2831 3415 2888 sive
3447 2827 3524 2887 ad
3556 2835 3609 2889 te
3639 2846 3738 2887 ac-

352 2930 494 3003 εὖχή
526 2928 609 2984 ἐπὶ
636 2939 729 2993 τῆς
769 2930 1087 2993 Ἐκκλησίας
1135 2938 1358 3005 φανῆναι
1394 2935 1489 2991 τὴν
1522 2931 1811 2986 θεοσέϐειαν
1849 2919 1964 3002 σου,

2085 2922 2393 2990 cersendo,
2426 2923 2549 2980 sive
2578 2938 2947 2996 quocunque
2991 2921 3248 2978 volueris
3287 2919 3494 2987 modo,
3527 2936 3741 2978 conso-

346 3024 443 3073 καὶ
464 3021 605 3093 ἡμᾶς
627 3039 683 3073 τε
712 3022 868 3095 ὁμοῦ,
900 3024 991 3075 καὶ
1017 3020 1104 3074 τόν
1144 3020 1266 3074 λαόν
1303 3022 1622 3098 θεραπεῦσαι
1659 3023 1790 3098 αὐτῇ
1823 3044 1877 3077 τε
1900 3032 1963 3098 τῇ

2085 3009 2202 3067 lare
2230 3010 2506 3088 animum
2538 3016 2839 3069 nostrum.
2879 3011 3062 3068 Nobis
3093 3010 3255 3067 enim
3285 3011 3345 3067 in
3374 3008 3595 3083 optatis
3626 3013 3736 3080 est,

340 3106 464 3181 ὄφει
518 3115 610 3165 καὶ
654 3116 767 3173 τοῖς
813 3109 990 3184 λόγοις
1042 3118 1145 3172 τῆη
1184 3097 1407 3187 χάριτός
1447 3131 1563 3169 σου.
1599 3112 1714 3169 Ἐὰν
1753 3097 1844 3187 μεν
1879 3097 1967 3167 οὖν

2085 3099 2224 3157 utin
2252 3100 2518 3157 Ecclesia
2546 3104 2837 3176 appareat
2864 3099 3059 3175 pietas
3090 3104 3214 3166 tua,
3243 3102 3301 3157 et
3324 3114 3437 3156 nos
3470 3097 3654 3156 simul
3682 3102 3741 3155 et

332 3200 562 3273 τοῦτοῇ
612 3195 860 3268 δυνατόν,
920 3208 1075 3254 τοῦτο
1114 3203 1415 3276 κράτιστον·
1467 3198 1551 3254 ἐὰν
1596 3198 1658 3255 δέ
1701 3224 1751 3255 τι
1798 3203 1966 3277 ἕτερον

2085 3191 2372 3263 populum
2394 3194 2521 3247 tum
2540 3190 2672 3265 ipso
2703 3194 3050 3264 conspectu,
3075 3193 3204 3248 tum
3230 3189 3435 3261 gratiae
3465 3192 3583 3246 tua;
3611 3203 3737 3244 ser-

332 3287 501 3363 δόξῃ,
530 3288 743 3343 κάκεῖνο
796 3286 1075 3364 δεξόμεθα.
1104 3296 1271 3346 Μόνον
1307 3296 1507 3364 παγίως
1543 3297 1802 3367 γνωρίσαι
1841 3294 1966 3366 ἡμῖν

2085 3280 2367 3337 monibus
2393 3297 2584 3337 cures.
2606 3280 2776 3347 Quod
2807 3280 2855 3336 si
2883 3279 3045 3337 istud
3064 3280 3193 3336 ﬁeri
3213 3283 3429 3367 potest,
3452 3278 3560 3334 erit
3579 3277 3738 3351 opti-

331 3383 397 3433 τὸ
430 3381 831 3456 παριστάμενον
857 3385 919 3454 τῇ
954 3384 1202 3455 φρονήσει
1232 3398 1327 3434 σου
1361 3364 1753 3457 παρακλὴθὴτι.
1878 3364 1887 3366 ⁷

2085 3386 2282 3426 mum:
2308 3369 2359 3426 si
2379 3387 2518 3428 vero
2541 3369 2706 3428 aliud
2731 3369 2879 3444 quid
2899 3368 3217 3438 videbitur,
3236 3371 3291 3425 et
3308 3364 3454 3424 illud
3472 3366 3739 3457 amplec-

2078 3463 2296 3518 temur.
2327 3461 2450 3517 Hoc
2479 3464 2718 3517 tantum
2749 3476 2786 3516 a
2813 3464 2871 3516 te
2902 3463 3062 3516 certo
3092 3458 3431 3531 impetrem,
3465 3460 3531 3513 ut
3570 3456 3739 3531 quod

2076 3549 2411 3624 prudentiae
2442 3553 2554 3607 tuae
2582 3549 2783 3608 visum
2815 3549 3010 3616 fuerit,
3040 3548 3102 3605 id
3132 3547 3309 3605 nobis
3342 3546 3662 3619 signiﬁces.

926 3686 1267 3735 ΕΠΙΣΤΟΛΗ
1305 3678 1387 3739 :~:'.

2649 3693 2987 3751 EPISTOLA
3038 3691 3167 3748 LX“.

335 3824 665 3909 Siqui/teat
695 3824 965 3881 Basilius
995 3841 1056 3882 se
1078 3826 1302 3909 fratris
1347 3826 1614 3909 adveutu
1643 3839 1698 3886 et
1732 3831 1958 3909 litteris
1977 3837 2269 3893 avunculi
2296 3850 2458 3905 spem
2498 3850 2673 3904 paces
2721 3833 3115 3909 offerentibus
3146 3832 3727 3909 recreatumfuisse:

419 3896 829 3979 frobaturun}
859 3912 919 3953 se
941 3896 1237 3979 promittit
1265 3900 1563 3979 quidquid
1582 3905 1885 3979 avwgcuto
1916 3906 1990 3962 de
2019 3896 2369 3979 congressus
2401 3896 2668 3976 τριήροιέ
2696 3896 2912 3962 ρι”ιοσο
2935 3907 3266 3976 placuerit.
3293 3896 3520 3961 Fratri
3533 3920 3594 3962 se
3617 3903 3739 3975 dif-

412 3967 606 4039 ﬁdere
640 3973 917 4038 testatur,
942 3967 1017 4025 ob
1047 3984 1115 4026 ea
1143 3967 1289 4041 quae
1298 3967 1476 4040 prius
1505 3979 1677 4043 gesta
1695 3973 1977 4044 fuerant.

930 4134 1202 4208 Γρηγορίῳ
1245 4134 1363 4205 θείῳ
1378 4175 1390 4189 .

2620 4141 2907 4211 Gregorio
2944 4144 3189 4211 patruo.

422 4240 527 4290 Kal
549 4239 798 4312 πρότερον
825 4233 999 4301 ἡδέως
1019 4234 1160 4292 εἶδον
1187 4242 1276 4293 τὸν
1305 4236 1526 4314 ἀδελφόν
1574 4261 1697 4316 μου.
1742 4249 1807 4297 Τί
1858 4264 1961 4322 γαρ

2147 4251 2214 4305 Et
2241 4252 2419 4306 antea
2441 4248 2697 4306 libenter
2722 4247 3010 4305 videbam
3034 4247 3284 4304 fratrem
3304 4261 3531 4304 meum.
3555 4244 3734 4312 Quid-

335 4325 437 4379 οὐκ
468 4324 700 4399 (unus,
744 4323 964 4401 ἀδελφόν
990 4347 1047 4381 τε
1089 4331 1212 4382 ὄντα
1250 4327 1497 4402 ἐμαυτοῦ,
1544 4325 1635 4385 καὶ
1680 4341 1915 4387 τοιοῦτον
1947 4354 1961 4405 ;

340 4422 377 4434 ρο
423 4422 436 4434 I
552 4423 571 4432 ο
659 4412 695 4434 ,ι
790 4424 811 4434 α
924 4417 937 4434 9
983 4424 1008 4434 ιι
1068 4414 1092 4434 ﬁ
1158 4421 1183 4434 Α
1200 4423 1211 4434 ο
1522 4417 1545 4434 Ω
1575 4421 1603 4434 eo
1624 4423 1637 4434 ι
1788 4422 1801 4434 ε
1881 4421 1903 4434 Α

2085 4337 2136 4394 ni
2157 4338 2367 4395 enim?
2396 4354 2538 4396 cum
2567 4341 2625 4395 et
2652 4336 2834 4395 frater
2858 4353 3033 4394 meus
3064 4336 3157 4405 sit,
3191 4340 3247 4392 et
3268 4335 3403 4393 talis
3429 4352 3444 4391 :
3478 4339 3537 4392 et
3568 4349 3732 4390 nunc

340 4422 445 4471 Καὶ
510 4423 602 4468 νῦν
648 4412 709 4470 δὲ
750 4424 811 4491 τῇ
873 4417 1008 4491 αὐτῇ
1057 4414 1294 4473 διαθέσει
1340 4417 1741 4497 προσεδεξάμην
1781 4421 1965 4487 ἐπιδη-

2085 4427 2290 4484 eodem
2338 4426 2558 4485 aﬂectu
2612 4427 2854 4501 suscepi
2912 4425 3356 4494 advenientem,
3403 4421 3549 4480 nihil
3593 4437 3730 4478 meo

343 4511 616 4579 μήθ-αντα,
667 4503 835 4579 μηδέν
879 4528 932 4561 τι
989 4516 1084 4570 τῆς
1136 4507 1365 4582 ἐμαυτοῦ
1419 4520 1651 4587 στοργῆς
1703 4519 1965 4592 παρατρί-

2085 4532 2283 4575 amore
2302 4518 2647 4576 imminuto.
2676 4516 2846 4574 Absit
2873 4516 3036 4573 enim
3057 4516 3141 4572 sic
3162 4513 3390 4572 aﬂiciar
3414 4513 3642 4582 animo,
3669 4516 3733 4569 ut

342 4595 470 4667 ψας.
506 4592 666 4656 Μηδὶ
693 4598 796 4672 γὰρ
823 4601 1026 4670 γένοιτό
1053 4618 1107 4651 τι
1152 4607 1359 4654 τοιοῦτο
1392 4603 1574 4655 παθεῖν
1611 4600 1779 4675 μηδὲν
1826 4605 1962 4679 (11),

2085 4610 2133 4663 et
2145 4612 2374 4663 naturae
2396 4605 2739 4674 obliviscar,
2766 4609 2982 4663 etcum
3011 4602 3372 4678 propinquis
3392 4600 3732 4659 inimicitias

346 4685 372 4739 ὂ
408 4693 510 4749 τῆς
547 4688 760 4760 φύσεως
808 4685 1168 4762 ἐπιλαθέσθαι,
1222 4694 1315 4744 καὶ
1361 4688 1785 4767 ἓκπολεμωθῆναι
1833 4697 1967 4772 πρὸς

2085 4711 2303 4770 geram.
2340 4695 2456 4755 Sed
2498 4703 2558 4755 et
2599 4695 2872 4770 corporis
2908 4693 3350 4762 inﬁrmitatum,
3390 4694 3448 4749 et
3470 4691 3732 4750 aliorum

404 4924 491 5002 (5)
522 4919 918 5002 ρικςιεολογίας.
941 4924 1031 5002 Ita
1048 4941 1195 5002 mss.
1228 4919 1481 5000 septem.
1506 4926 1963 5002 Corruptissime

327 4991 483 5075 editi
508 4991 826 5075 οἰστολογία
836 5017 875 5075 ς,
889 4997 1052 5075 unde
1071 4991 1396 5075 interpres:
1418 5014 1611 5057 meam
1631 4991 1821 5075 ipsius
1836 5003 1965 5075 qui-

330 5071 475 5142 dem
507 5072 807 5142 tanquam
838 5069 1141 5142 bicornem
1170 5069 1465 5129 rationem
1492 5069 1834 5142 praetende.

406 5141 491 5213 (6)
528 5140 1001 5213 Kéz‘oaaat._Post
1028 5140 1190 5198 hanc
1215 5158 1432 5200 vocem
1452 5140 1635 5201 editio
1654 5144 1838 5202 Paris.
1857 5143 1961 5202 ad—

334 5210 865 5291 dit'rojqeptg',_quod
892 5210 1063 5269 abest
1091 5212 1170 5271 ab
1194 5214 1481 5272 omnibus
1504 5231 1649 5272 mss.
1684 5221 1742 5273 et
1763 5219 1960 5273 vetus-

334 5284 407 5340 tis
439 5282 815 5340 editionibus
831 5326 843 5338 .

404 5358 486 5429 (7)
520 5356 631 5429 Ἰζᾲς
655 5352 884 5429 βλάϐας.
911 5356 998 5429 ita
1023 5371 1168 5412 mss.
1213 5372 1341 5429 sex,
1369 5360 1428 5415 et
1461 5360 1715 5429 vetustae
1747 5358 1956 5418 editio-

333 5425 475 5483 nes.
492 5425 636 5505 Alifp
658 5425 766 5479 ’τῶν
789 5425 1140 5505 ξΕκκληο-ιᾱζν-
1152 5433 1247 5488 τὴν
1281 5425 1497 5504 ζήμίαν.
1526 5427 1759 5489 Ibidem
1784 5432 1961 5505 quin-

336 5515 457 5573 que
481 5498 730 5573 codices
772 5499 913 5551 ὥστε
941 5495 1217 5573 καὶ-εἶδες.

411 5571 498 5661 t8).
523 5566 1139 5661 Δεδξδαγξξνξξὲξὲἱίί,
1174 5575 1238 5661 εὶ
1270 5573 1959 5661 ³³³³³⁸.Ρ9Π.Ρ³¹Ξ⁰ί.ἶτί²9“

344 5638 746 5775 δεδιδαγιμένοςί
766 5638 893 5702 Sed
909 5642 1098 5727 multo
1116 5643 1315 5718 aptius
1331 5642 1570 5703 codices
1592 5638 1777 5719 Harl.,
1803 5638 1956 5706 Med.

344 5718 397 5772 et
424 5717 550 5774 Cors
578 5760 593 5774 .
624 5731 789 5775 auos
821 5717 1013 5773 secuti
1045 5731 1279 5775 sumus.

339 5718 397 5772 et
424 5717 593 5775 CoisI.
624 5731 789 5791 quos
821 5717 1013 5773 secuti
1045 5717 1279 5775 enus.

2145 4929 2224 5012 (9)_
2264 4931 2473 5012 Πρέπει.
2522 4930 2661 5012 Tres
2704 4945 2851 5012 ms‘s.
2902 4943 3028 5012 non
3077 4924 3486 5002 antiquissimi
3522 4926 3732 5003 πρέποι.

2072 5001 2248 5078 Co‘isl.
2281 5001 2514 5078 primus
2536 5005 2724 5078 πρέπει.
2747 5001 2839 5078 οὖν
2870 5009 2932 5076 τῇ

2142 5074 2257 5146 (10)
2282 5070 2689 5148 Ἡαραμύθήσαι
2736 5070 3036 5147 ἡμῶν”τὴ’ν
3358 5074 3445 5129 Ita
3492 5071 3733 5130 codices

2071 5144 2668 5270 gustuor,'quorum
2736 5144 2895 5202 unus
2961 5144 3445 5219 antiquissimus,
3510 5158 3733 5216 nempe

2114 5214 2487 5270 oislinianus.
2523 5217 2675 5270 Editi
2704 5217 3158 5270 παοαιιυθῆσαι...
3202 5215 3554 5270 καταξίωσον.
3617 5214 3733 5270 Sed

2114 5214 2487 5293 oislinianus.
2523 5214 3158 5293 Editirrupuyueﬁaazl.
3202 5215 3554 5293 καταξίωσον.
3617 5214 3734 5293 εᾷᾷ

2071 5286 2121 5344 si
2149 5293 2527 5361 postremum
2568 5284 2821 5361 verbum
2849 5284 3208 5356 retineatur,
3238 5286 3565 5361 legendum
3598 5284 3730 5353 erit,

2071 5363 2138 5416 ut
2152 5354 2336 5436 bstjn
2360 5359 2565 5436 codice
2596 5360 2754 5419 Harl.
2785 5354 3344 5436 παραμυθήσασθαιξ.
3376 5354 3724 5429 καταξίωσον,

2069 5431 2374 5504 consolari
2395 5432 2675 5504 dignare.

2142 5502 2251 5575 (ll)
2291 5500 2503 5562 Παθεῖῦ.
2534 5506 2711 5561 Deest
2737 5520 2811 5562 ea
2840 5520 2959 5575 vox
2986 5502 3051 5561 in
3079 5500 3322 5575 duobus
3353 5511 3733 5575 mss._recenf

2067 5571 2339 5632 tioribus.
2393 5575 2572 5650 tjaulo
2614 5580 2754 5650 post
2781 5574 2964 5633 editio
3012 5574 3197 5632 Paris.
3233 5574 3464 5645 ποιήσῃ.
3500 5571 3634 5628 Mss.
3676 5573 3735 5628 et

2065 5650 2318 5704 vetustte
2347 5647 2642 5706 editiones
2671 5652 2794 5707 ποιή
2805 5667 2904 5703 σει.

2136 5718 2162 5741 *
2195 5716 2358 5778 Alias
2389 5721 2541 5778 XLV.
2575 5719 2812 5793 Scripta
2833 5732 2999 5778 anno
3029 5716 3159 5775 371.
