4078 6402
358 323 466 380 415

1742 319 1799 374 S.
1842 313 2095 373 BASILII
2137 313 2353 370 MAGNI

3643 316 3756 370 416

363 446 555 504 animi
580 445 862 503 dolorum
893 442 1371 502 consolationem
1396 443 1542 501 duxi
1573 459 1702 501 esse
1739 442 1848 498 viri
1879 457 2027 514 prae-

2146 443 2262 502 τούς
2318 439 2542 502 οἰκείους
2597 443 2830 498 ποιησει.
2876 436 3030 492 Ἀλλά
3068 441 3159 490 καὶ
3206 445 3304 491 τῶν
3359 445 3452 490 τοῦ
3509 457 3752 512 σωματος

365 536 641 602 sentiam,
659 540 717 590 et
745 537 786 604 ι
805 535 916 606 55
941 551 976 590 a
994 533 1340 606 priestantia
1362 539 1463 590 tua
1484 550 1590 606 per
1605 534 1806 606 ipsum
1835 529 2029 586 allatis

362 624 570 681 litteris
598 624 769 678 valde
800 639 935 678 sum
966 622 1318 688 delectatus;
1342 639 1495 696 quas
1519 622 1766 696 quidem
1787 618 2030 692 jamdu-

364 714 514 769 dum
538 712 683 768 mihi
706 712 1027 785 cupiebam
1054 713 1274 779 venire,
1293 729 1416 768 non
1439 713 1621 768 aliam
1645 711 1722 766 ob
1756 724 2026 775 causam,

365 803 480 859 nisi
511 809 576 859 ut
606 819 679 858 ne
707 808 759 858 et
789 818 901 858 nos
932 803 1063 857 vitze
1092 803 1375 858 humame
1409 802 1772 858 addercmus
1802 799 2029 855 tristem

364 891 676 948 historiam
724 897 948 947 mutua:
987 892 1138 947 inter
1187 891 1738 964 propinquissimos
1793 889 2028 945 dissen-

367 980 580 1051 sionis,
599 980 969 1053 voluptatem
993 981 1242 1052 quidem
1263 981 1522 1036 inimicis
1545 978 1867 1050 afl‘erentis,
1885 978 2030 1033 ami-

365 1071 448 1125 cis
472 1086 610 1126 vero
645 1085 982 1140 maerorem,
1015 1085 1084 1125 ac
1113 1070 1235 1126 Deo
1265 1069 1656 1142 displicentis,
1676 1068 1780 1142 qui
1815 1067 1870 1122 in
1901 1083 2031 1139 per-

366 1159 518 1214 fecta
563 1158 878 1214 dilectione
928 1159 1338 1214 characterem
1394 1175 1464 1214 ac
1521 1163 1726 1214 notam
1779 1172 2029 1212 suorum

365 1247 797 1320 discipulorum
843 1248 1065 1320 posuit.
1118 1248 1412 1314 Quocirca
1454 1253 1509 1303 et
1551 1246 1895 1303 necessario
1933 1261 2030 1301 Ie-

363 1337 581 1404 scribo,
616 1353 725 1410 pro
757 1337 934 1393 nobis
955 1343 1019 1393 ut
1044 1353 1176 1394 ores
1197 1338 1548 1405 obsecrans,
1578 1342 1634 1393 et
1691 1337 1750 1392 in
1785 1335 2030 1408 reliquis

367 1425 546 1482 rebus
573 1443 781 1482 curam
805 1426 984 1482 nobis
1015 1432 1080 1482 ut
1111 1426 1471 1500 propinquis
1502 1426 1840 1499 impendas.
1875 1423 2030 1490 Quid

367 1519 570 1570 autem
613 1515 723 1570 sibi
771 1515 956 1571 velint
997 1531 1134 1588 quas
1182 1521 1318 1571 acta
1362 1520 1520 1582 sunt,
1571 1515 1861 1588 quoniam
1908 1529 2029 1586 praa

365 1604 607 1661 inscitia
629 1604 956 1675 intelligere
979 1621 1101 1661 non
1126 1622 1475 1678 possumus,
1496 1605 1556 1661 id
1586 1605 1906 1662 statuimus
1934 1620 2030 1660 ve-

364 1709 501 1750 rum
529 1693 824 1765 judicare,
850 1693 1018 1767 quod
1053 1695 1180 1767 ipse
1211 1694 1387 1751 nobis
1417 1710 1718 1768 exponere
1748 1693 2029 1766 dignatus

2139 527 2582 603 ἀρρωστημάτων,
2607 533 2697 581 καὶ
2723 537 2821 580 τῶν
2844 527 3006 580 amr»?
3038 526 3279 599 ἀλγεινῶν
3303 535 3395 590 τῆς
3421 527 3626 600 ψυχῆς,
3651 549 3755 580 πα-

2137 620 2399 691 ραμυθίαν
2431 621 2717 692 ἡγησάμην
2747 619 2857 689 (12)
2890 615 3018 670 εἶναι
3062 622 3156 676 την
3199 625 3291 670 τοῦ
3334 613 3523 690 ἀνδρὸς
3556 637 3760 690 παρου-

2143 711 2283 758 σίαν·
2313 715 2417 768 τοῖς
2447 727 2499 760 τε
2537 711 2680 780 παρά
2717 715 2812 769 τῆς
2839 711 3142 780 τιμιότητος
3163 707 3274 776 (13)
3326 725 3422 758 σου
3468 701 3542 758 δι’
3587 706 3760 757 αὐτοῦ

2139 799 2441 869 κομισοεῐσι
2471 799 2780 871 γράμμασιν
2811 796 3134 871 ύπερήσύην·
3169 794 3203 847 ἆ
3227 800 3317 846 καὶ
3356 793 3411 847 ἐκ
3442 794 3632 848 πολλοῦ
3659 814 3760 868 μοι

2141 883 2424 957 ἐπεθύμουν
2457 885 2634 953 ἐλθεῖν,
2665 886 2758 938 οὐκ
2797 884 2950 937 ὧλου
2995 889 3134 947 τινος
3160 887 3337 954 ἕνεκεν,
3369 885 3398 942 ἦ
3431 892 3522 936 τοῦ
3553 888 3624 957 μὴ
3658 888 3759 935 καὶ

2140 978 2278 1048 ἡμᾶς
2315 995 2366 1027 τι
2408 978 2716 1050 σκυθρωπὸν
2765 973 3009 1048 διήγημα
3047 983 3120 1046 τῷ
3161 973 3264 1047 βίῳ
3300 976 3627 1047 προσθεῖναι,
3680 977 3758 1035 ὡς

2139 1066 2244 1138 ἄρα
2273 1085 2352 1126 τις
2384 1069 2458 1122 εἰη
2492 1073 2600 1127 τοῖς
2633 1065 2973 1126 οἰκειοτάτοις
3003 1068 3132 1137 πρὸς
3160 1063 3405 1123 ἀλλήλους
3437 1060 3754 1122 διάστασις·

2139 1150 2334 1211 ἡδονὴν
2365 1157 2453 1226 μεν
2481 1153 2690 1229 ἐχθροῖς
2729 1155 3230 1229 παρασκευάζουσα,
3264 1151 3431 1225 φίλοις
3460 1147 3518 1204 δὲ
3551 1171 3760 1224 συμφο-

2139 1244 2250 1315 ρὰν,
2288 1241 2661 1315 ἀπαρέσκουσα
2693 1240 2751 1296 δὲ
2783 1253 2917 1314 (θεῷ,
2955 1251 3026 1314 τῷ
3075 1241 3122 1294 ἓν
3161 1250 3222 1314 τῇ
3257 1240 3424 1313 τελεία
3454 1239 3630 1312 ἀγάπη
3662 1243 3760 1291 τὸν

2139 1341 2458 1406 χαρακτῆρα
2488 1341 2585 1383 τῶν
2633 1331 2815 1384 ἑαυτοῦ
2846 1334 3094 1404 μαθητων
3129 1333 3340 1403 θεμένῳ,
3374 1333 3459 1382 Διὸ
3491 1334 3580 1380 καὶ
3611 1327 3761 1380 ἀντι-

2141 1423 2430 1494 φθέγγομαι
2464 1420 2760 1493 ἀναγκαίως
2788 1423 3043 1494 εὔχεσθαί
3077 1441 3132 1473 σε
3164 1420 3273 1491 (14)
3303 1421 3430 1492 ὑπὲρ
3463 1421 3609 1491 ἡμῶν
3651 1438 3760 1470 πα-

2137 1511 2397 1587 ρακαλοῦν,
2424 1517 2514 1564 καὶ
2538 1514 2603 1564 τά
2641 1511 2770 1564 ἄλλα
2807 1508 3072 1570 κήδεσθαι
3112 1513 3256 1583 ἡμῶν
3283 1513 3348 1570 ὡς
3393 1509 3615 1563 οἰκείων.
3649 1513 3758 1561 Τὸν

2140 1598 2198 1654 δε
2226 1610 2343 1653 νοῦν
2375 1610 2474 1652 τῶν
2504 1606 2782 1674 γινομένων
2961 1597 3141 1658 ἐπειδὴ
3173 1600 3322 1652 αύτοὶ
3361 1599 3462 1650 ὑπὸ
3495 1596 3759 1670 ἀμαθείας

2141 1696 2367 1744 συνιέναι
2394 1690 2488 1743 οὐκ
2521 1694 2727 1764 ἔχομεν,
2763 1689 2949 1742 ἐκεῖνον
2981 1688 3246 1765 ἐκρίναμεν
3288 1687 3452 1746 ἀληθῆ
3490 1684 3619 1739 εἶναι
3658 1705 3756 1737 νο-

367 1782 571 1840 t'ueris.
603 1786 855 1839 Necesse
883 1787 968 1838 est
1000 1788 1202 1840 autem
1232 1784 1463 1858 reliqua
1485 1784 1663 1840 etiam
1697 1801 1732 1840 a
1763 1789 1864 1840 tua
1889 1798 2027 1854 pru-

2146 1781 2326 1847 αιζειν,
2383 1782 2436 1832 ὃν
2483 1779 2542 1831 ἂν
2597 1781 2750 1842 αὐτὸς
2805 1781 2930 1852 ἡμῖν
2982 1777 3348 1850 ἐξηγήσασθαι
3385 1776 3755 1848 καταξιὼσης.

363 1871 570 1928 dentia
590 1872 846 1944 deliniri,
869 1879 1149 1930 mutuum
1170 1875 1321 1931 inter
1343 1891 1452 1931 nos
1469 1890 1859 1945 congressum
1882 1880 2026 1929 tem-

364 1977 476 2032 pus
518 1962 1010 2034 aecommodum,
1062 1967 1119 2018 et
1172 1961 1460 2020 idoneum
1489 1963 1711 2019 locum.
1761 1962 1816 2018 Si
1846 1961 2028 2032 igitur

365 2052 613 2106 omnino
645 2051 909 2122 gravitas
942 2057 1043 2108 tua
1083 2053 1160 2109 ad
1191 2059 1463 2110 nostram
1493 2053 1893 2110 humilitatem
1922 2053 2025 2110 de-

369 2139 656 2196 scendere
679 2157 801 2197 non
833 2147 1091 2205 recusat,
1119 2159 1352 2216 nosque
1379 2143 1583 2217 aliquo
1612 2159 1888 2200 sermone
1918 2144 2024 2199 im-

363 2229 580 2300 pertire
608 2248 621 2298 ;
652 2231 776 2286 sive
807 2247 946 2287 cum
970 2231 1122 2301 aliis,
1156 2232 1279 2288 sive
1302 2233 1578 2306 privatim
1601 2232 1727 2288 ﬁeri
1749 2249 2024 2304 congres-

366 2333 504 2372 sum
531 2317 817 2391 volueris,
849 2336 1084 2376 morem
1113 2337 1391 2391 geremus
1417 2340 1430 2389 ;
1474 2338 1612 2377 cum
1645 2321 1831 2378 semel
1859 2321 2025 2394 apud

363 2421 476 2462 nos
493 2408 876 2464 statuerimus
899 2409 1121 2465 servire
1145 2409 1248 2466 tibi
1273 2411 1331 2465 in
1355 2410 1662 2477 charitate,
1683 2426 1754 2466 ac
1775 2411 2025 2466 omnino

363 2495 615 2568 exsequi
643 2513 781 2569 quae
811 2498 888 2553 ad
931 2498 1031 2554 Dei
1062 2498 1314 2568 gloriam
1356 2515 1392 2556 a
1433 2504 1538 2556 tua
1585 2499 1804 2573 pietate
1847 2500 2026 2557 nobis

363 2583 808 2656 praecipientur.
844 2587 1136 2642 Caeterum
1167 2586 1409 2642 fratrem
1442 2603 1733 2660 perquam
1760 2603 2026 2644 reveren-

363 2669 512 2727 dum
537 2687 661 2728 non
693 2674 1001 2747 coegimus
1031 2673 1369 2748 quidquam
1399 2676 1577 2731 nobis
1600 2676 1736 2734 viva
1766 2693 1912 2733 voce
1938 2677 2024 2733 di-

363 2777 516 2828 cere,
545 2761 688 2834 quia
719 2778 914 2836 neque
942 2769 1120 2821 antea
1148 2763 1339 2837 ipsius
1363 2781 1562 2823 sermo
1593 2782 1844 2840 operum
1873 2767 2027 2823 testi-

363 2850 572 2907 monio
603 2852 1104 2910 conﬁrmabatur.

951 2963 1293 3019 EPISTOLA
1333 2964 1438 3018 LX.

2139 1871 2363 1942 ’Λνάγκη
2397 1867 2455 1922 ὃε
2484 1876 2574 1922 καὶ
2603 1871 2667 1922 τά
2695 1869 2970 1942 λειπόμενα
2999 1871 3142 1944 παρά
3174 1876 3264 1929 τῆς
3287 1875 3382 1928 σῆς
3406 1865 3755 1940 μεγαλονοίας

2135 1961 2435 2035 ὁρισθῆναι,
2460 1965 2552 2018 την
2585 1964 2876 2031 συντυχίαν
2905 1959 3051 2031 ἡμῶν
3075 1964 3168 2016 την
3192 1961 3323 2033 πρὸς
3351 1956 3622 2017 ἀλλήλους,
3655 1958 3753 2007 καὶ

2135 2054 2315 2124 καιρὸν
2342 2053 2426 2102 τὸν
2459 2054 2736 2122 πρέποντα,
2773 2052 2864 2100 καὶ
2901 2052 3057 2100 τόπον
3097 2043 3412 2105 ἔπιτηδειον.
3465 2049 3620 2117 Εἵπερ
3655 2045 3751 2096 οὖν

2137 2145 2245 2210 (16)
2269 2139 2397 2200 ὅλως
2420 2137 2661 2210 ἀνέχεται
2681 2136 2975 2196 καταϐῆναι
2995 2139 3120 2210 πρὸς
3145 2141 3239 2195 την
3261 2141 3573 2189 ταπείνωσιν
3595 2137 3750 2207 ἡμῶν

2135 2233 2163 2289 η
2207 2235 2454 2302 σεμνά-ης
2484 2248 2600 2300 σου,
2637 2233 2726 2280 καὶ
2750 2227 2903 2300 λόγου
2943 2231 3080 2290 τινὸς
3119 2224 3439 2300 μεταδοῦναι
3469 2229 3614 2296 ἡμῖν,
3646 2228 3751 2278 εἴτε

2134 2320 2244 2393 μετ’
2275 2319 2458 2386 ἄλλων,
2489 2323 2590 2372 εἴτε
2617 2322 2754 2372 κατά
2785 2322 3000 2372 σεαυτὸν
3024 2317 3205 2391 βούλει
3230 2319 3474 2390 γενέσθαι
3498 2321 3592 2375 την
3614 2334 3745 2368 συν-

2135 2415 2350 2482 τυχίαν,
2383 2411 2813 2483 ὑπακουσόμεθα,
2863 2417 3016 2461 τοῦτο
3063 2408 3223 2471 ἅπαξ·
3270 2401 3474 2469 ἑαυτοῖς
3508 2406 3740 2480 συμϐου-

2134 2499 2427 2569 λεύσαντες,
2449 2496 2709 2552 δουλεύειν
2727 2500 2842 2570 (1⁸7)
2868 2517 2952 2551 σοι
2973 2496 3021 2550 ἐν
3045 2496 3241 2572 ἀγάπη,
3259 2504 3350 2551 καὶ
3370 2504 3534 2551 ποιεῖν
3548 2495 3601 2548 ἐκ
3621 2515 3748 2548 παν-

2136 2594 2224 2650 τὸς
2245 2594 2439 2664 τρόπον
2461 2591 2525 2641 τά
2547 2588 2616 2649 εἰς
2641 2584 2798 2650 δόξαν
2816 2595 2949 2641 Θεοῦ
2962 2590 3104 2661 παρά
3120 2594 3212 2647 τῆς
3232 2583 3493 2645 εύλαϐειας
3512 2602 3605 2635 σου
3620 2584 3752 2654 ἡμῖν

2136 2677 2541 2752 ἐπιτασσόμενα.
2602 2681 2700 2731 Τὸν
2743 2675 2802 2730 δι
2851 2673 3266 2750 αἰδεσιμὼτατον
3321 2670 3541 2746 ἀδελφὸν
3593 2667 3754 2724 οὐδὲν

2138 2767 2507 2840 ἠναγκάσαμεν
2531 2765 2630 2820 ἀπὸ
2656 2765 2887 2839 γλώττης
2914 2765 3069 2819 εἰπεῖν
3098 2767 3244 2838 ἡμῖν·
3271 2760 3409 2816 διότι
3425 2765 3542 2815 οὔτε
3564 2765 3757 2834 πρότε-

2137 2879 2224 2934 ρον
2257 2859 2362 2927 (ἱ8)
2393 2860 2854 2932 μεμαρτυρημένον
2880 2853 2992 2927 εἶχε
3021 2858 3108 2908 τὸν
3127 2853 3276 2928 λόγον
3307 2855 3404 2906 ὑπὸ
3429 2861 3528 2904 τῶν
3559 2853 3751 2924 ἔργων.

2703 2970 3028 3018 marrow
3069 2961 3187 3032 :A',

360 3051 631 3125 Basilius
663 3051 978 3125 respondet
1005 3052 1240 3125 litteris,
1263 3053 1479 3123 quibus
1504 3053 1879 3111 Athanasius
1905 3057 2489 3115 excommunicatum
2518 3073 2551 3110 α
2573 3070 2629 3110 se
2647 3055 2836 3125 fuisse
2856 3054 3053 3124 Libyae
3082 3052 3291 3109 ducem
3330 3050 3751 3108 nuntiaverat.

432 3123 720 3178 Declarat
752 3123 961 3179 ducem
995 3139 1070 3180 ea:
1097 3124 1316 3196 litteris
1339 3125 1667 3181 Athanasii
1693 3127 1777 3183 sic
1802 3127 2089 3188 Ecclesia:
2114 3129 2464 3194 innotuisse,
2489 3131 2552 3182 ut
2576 3123 2747 3183 nemo
2778 3141 2911 3182 cum
2943 3123 3006 3181 eo
3034 3127 3230 3196 ignem
3257 3129 3363 3181 aut
3391 3135 3608 3193 aquam
3641 3125 3754 3176 aut

437 3199 654 3251 tectum
696 3209 1006 3251 commune
1036 3196 1180 3252 velit
1212 3195 1447 3252 habere.

627 3301 991 3372 Athanasio,
1033 3302 1435 3359 Alexandria:
1473 3304 1762 3375 epz’scOpo.

439 3390 575 3460 Legi
603 3391 936 3447 sanctitatis
969 3395 1083 3446 tuae
1109 3391 1361 3459 litteras,
1391 3390 1452 3447 in
1483 3391 1708 3464 quibus
1734 3393 2030 3451 adversus

365 3477 568 3551 Libyae
592 3479 832 3547 ducem,
855 3478 1166 3536 hominem
1198 3480 1550 3548 nefandum,
1575 3481 2030 3553 ingemuisti.Ac

364 3567 716 3625 deﬂevimus
745 3569 993 3642 quidem
1024 3571 1286 3643 patriam
1304 3574 1594 3640 nostram,
1622 3573 1789 3646 quod
1823 3573 2030 3630 talium

365 3657 670 3715 malorum
702 3664 892 3716 mater
933 3659 1005 3715 sit
1047 3665 1103 3716 et
1144 3659 1365 3716 nutrix.
1401 3661 1759 3718 Deﬂevimus
1784 3679 2030 3737 quoque

367 3747 615 3821 Libyam
640 3749 867 3820 regioni
902 3755 1120 3806 nostra;
1151 3749 1432 3819 vicinam,
1463 3750 1762 3808 malorum
1788 3758 2029 3810 nostro-

361 3853 501 3895 rum
532 3839 908 3912 participem,
943 3856 1014 3896 ac
1045 3838 1319 3896 moribus
1350 3840 1553 3897 ferinis
1599 3841 1881 3899 traditam
1924 3842 2030 3900 ho-

366 3928 544 3984 minis
576 3928 892 3986 crudeliter
927 3928 1108 3986 simul
1147 3933 1206 3986 et
1241 3929 1531 4002 ﬂagitiose
1575 3931 1855 3990 viventis.
1910 3935 2030 3990 Hoc

365 4017 545 4088 igitur
581 4023 729 4087 erat,
779 4019 945 4091 quod
997 4018 1301 4092 sapienter
1339 4019 1571 4077 dixerat
1602 4022 2022 4080 Ecclesiastes:

437 4216 457 4236 '
496 4213 654 4288 Alias
689 4216 888 4270 XLVII.
923 4215 1156 4288 Scripta
1185 4215 1344 4274 circa
1373 4234 1472 4275 an.
1505 4223 1630 4276 371,

435 4288 554 4359 (12)
591 4287 926 4359 Ἡγησάμην.
972 4287 1104 4344 Post
1128 4289 1287 4344 hanc
1326 4305 1534 4346 vocem
1573 4291 1718 4348 Med.
1765 4297 1823 4350 et
1867 4292 2023 4349 llarl.

364 4358 602 4432 addunt
631 4358 1082 4432 αὐταρκεστάτην,
1105 4361 1472 4432 uberrimum
1501 4363 1808 4420 solatium.

437 4431 549 4502 (13)
589 4430 1140 4506 Τιμιὸτητοςηβοὶδι.
1184 4432 1414 4506 primus
1443 4439 1812 4506 κοσμιότητος.
1843 4435 2026 4492 Paulo

362 4501 504 4574 pest
532 4501 795 4574 quatuor
824 4501 1064 4559 codices
1093 4501 1455 4560 recentiores
1486 4501 1572 4558 διὸ
1610 4506 1700 4558 καὶ
1731 4507 1787 4560 ἐκ
1811 4507 2024 4564 πολλοῦ.

437 4576 548 4642 (14)
589 4576 859 4652 Halaesi
905 4593 981 4652 es.
1034 4577 1208 4652 Qeest
1261 4591 1610 4652 pronomen
1645 4577 1709 4652 i_n
1755 4579 2027 4652 quinque

2344 3305 2640 3378 Ἀθανασίῳ
2673 3306 2804 3373 (19),
2831 3307 3097 3377 ἑπισκὸπῳ
3126 3298 3538 3378 Ἀλεξανδρείας.

2214 3395 2486 3468 Ἐνὲτυχον
2517 3402 2626 3457 τοῖς
2648 3397 2930 3469 γράμμασι
2969 3403 3062 3453 τῆν
3102 3402 3202 3455 σῆς
3227 3393 3523 3459 ὁσιότητος,
3573 3385 3648 3441 δι’
3682 3387 3754 3438 ὧν

2139 3491 2232 3536 τοῦ
2288 3486 2540 3558 ἡγεμονος
2587 3493 2682 3546 τῆς
2737 3483 2933 3546 Λιϐύης
2963 3484 3098 3555 (20),
3163 3489 3254 3534 τοῦ
3299 3477 3615 3552 δυσωνύμου
3667 3476 3756 3528 ἀν-

2140 3569 2288 3646 δρὸς,
2342 3573 2740 3637 κατεστέναξας.
2801 3578 2899 3626 Καὶ
2963 3569 3284 3648 ὠδυράμεθα
3331 3572 3422 3643 μεν
3479 3573 3573 3626 τὴν
3622 3569 3758 3640 ἡμε-

2138 3665 2289 3738 τέραν
2331 3664 2442 3728 (2t)
2490 3659 2743 3737 πατρίδα,
2796 3664 2874 3715 ὅτι
2915 3663 3159 3714 τοιούτων
3202 3668 3374 3712 κακῶν
3409 3663 3584 3732 μήτηρ
3630 3655 3752 3709 ἐστί

2137 3756 2228 3804 καὶ
2284 3756 2488 3826 τροφός·
2550 3748 2869 3826 ὠδυράμεθα
2939 3748 2999 3804 δι
3059 3754 3146 3803 καὶ
3209 3754 3304 3808 την
3378 3753 3583 3821 γείτονα
3651 3754 3754 3808 τῆς

2137 3842 2388 3917 ἡμετέρας
2453 3841 2672 3911 ΔΧιιῗύην,
2729 3849 2830 3894 τῶν
2888 3842 3149 3916 ἡμετέρων
3223 3847 3397 3892 κακῶν
3455 3837 3754 3890 ἀπολαύου-

2139 3951 2235 3984 σαν
2275 3932 2408 4002 (22),
2471 3936 2562 3984 καὶ
2631 3927 2882 4006 θηριώδει
2930 3932 3047 3989 ἤθει
3103 3925 3499 4004 παραδοθεῖσαν
3553 3922 3751 4000 ἀνδρὸς

2137 4021 2370 4094 ὠμότητί
2419 4040 2473 4075 τε
2526 4023 2655 4095 ὁμοῦ
2703 4025 2793 4073 καὶ
2855 4019 3111 4094 ἀκολασία
3155 4024 3437 4083 συζῶντος.
3478 4024 3642 4070 Τουτο
3686 4014 3752 4076 ἦν

2135 4220 2452 4277 missarum
2477 4219 2856 4290 eulogiarum
2867 4223 3192 4290 sententia;
3205 4219 3425 4290 quippe
3435 4218 3580 4290 quia
3599 4219 3754 4274 mihi

2129 4306 2242 4361 per
2271 4292 2597 4361 aenigmata
2628 4291 2897 4348 validam
2919 4297 3206 4361 precatus
3245 4306 3302 4348 es
3350 4295 3740 4361 senectutem.

2207 4363 2319 4434 (16)
2360 4358 2515 4435 Ε’ῖπερ
2539 4358 2654 4418 οὖν.
2697 4363 2789 4435 Sic
2814 4358 2964 4435 mss.
3007 4362 3158 4419 Editi
3199 4361 3243 4414 εἰ
3272 4362 3380 4431 οὖν,
3414 4361 3478 4416 in
3520 4360 3751 4434 quibus

2135 4433 2318 4491 etiam
2345 4433 2529 4506 paulo
2559 4438 2697 4506 post
2733 4433 2950 4504 legitur
2991 4440 3080 4487 καὶ
3117 4436 3254 4487 κατά
3285 4433 3755 4489 σεαυτόνξυεθεὶ

2133 4505 2482 4577 conjunctio
2507 4505 2578 4562 in
2600 4520 2745 4561 mss.

2203 4574 2319 4646 (17)
2362 4576 2642 4632 Δουλεύειν.
2665 4579 2752 4633 Ita
2781 4593 2928 4633 mss.
2963 4576 3114 4634 Editi
3146 4574 3467 4646 δουλεύσειν,
3495 4580 3755 4648 excepta

361 4661 538 4728 ωδε-Ἴ
570 4645 930 4728 nontamen
958 4645 1022 4702 in
1051 4646 1232 4728 Harl,
1254 4645 1409 4728 .Med,
1436 4653 1493 4728 et
1512 4648 1690 4728 Coisl.
1715 4645 2028 4728 primm—At
2056 4673 2100 4728 ι)
2133 4649 2273 4706 edit.
2302 4645 2484 4728 Paris.
2509 4654 2562 4705 2.
2591 4648 2776 4706 Paulo
2797 4655 2935 4723 post
2954 4649 3146 4706 codex
3173 4648 3330 4706 Harl.
3354 4645 3754 4721 ἐπιτασσόμενα

363 4717 546 4789 paulo
576 4722 719 4789 post
768 4717 1100 4783 Medicaaus.
1135 4718 1296 4776 Harl.
1345 4723 1401 4775 et
1448 4721 1574 4776 Vat.
1614 4717 1754 4777 cum
1784 4721 2026 4779 duobus

363 4786 494 4872 aliis
524 4786 789 4872 κῇδεσθαε
817 4791 896 4872 ᾡς¹
922 4789 1318 4872 οἰὲείωνκρυιθ
1358 4789 1604 4872 quidem
1651 4793 1946 4866 scriptura
1977 4794 2025 4850 si

362 4859 670 4936 probetur,
701 4859 1277 4936 subintelligendum
1309 4859 1417 4918 erit
1465 4864 1630 4936 ἡμῷν.

435 4931 551 5000 (15)
582 4938 696 5010 :1ij
723 4931 1035 5010 γινρρένωνξ
1054 4935 1140 4991 Ita
1163 4949 1376 5010 omnes
1379 4931 1587 5010 postri
1612 4935 1850 5010 codices
1874 4953 2021 4992 mss.

364 5016 505 5056 cum
528 5001 786 5080 editione
811 5001 1220 5080 Haganoensi,
1245 5006 1345 5062 eti
1378 5005 1629 5080 Froben.
1653 5007 1796 5063 Alias
1813 5015 1910 5080 τῶν
1941 5027 2025 5080 γε·

363 5075 692 5151 γραμμένων,
725 5089 960 5151 sensum
1010 5078 1377 5151 litterarum,
1411 5081 1478 5151 ut
1505 5075 2025 5151 interpretandum

363 5143 573 5200 monet
597 5143 1019 5201 Combeﬁsius.
1049 5143 1406 5205 Contextum
1431 5143 1832 5207 immutarunt
1853 5150 2028 5208 libra-

362 5215 453 5296 ri_i,
479 5231 619 5271 cum
643 5215 843 5296 minus
863 5215 1274 5296 intelligerent,
1307 5223 1588 5292 quamvis
1609 5238 1732 5279 non
1753 5221 1929 5296 valde
1951 5224 2030 5278 sit

363 5287 683 5362 obscurus.
715 5287 807 5342 Ait
835 5287 993 5342 enim
1018 5289 1265 5362 Basilius
1287 5287 1398 5362 pro
1421 5308 1664 5349 summa
1681 5311 1791 5351 sua
1816 5295 2028 5352 huma-

364 5359 568 5426 nitate,
593 5374 656 5415 se
677 5373 910 5435 eorum,
934 5373 1070 5435 quae
1094 5359 1878 5435 hactenusintercesserant,
1898 5382 2028 5422 sen-

367 5446 510 5505 sum
530 5445 652 5487 non
679 5430 1028 5505 intelligere,
1048 5430 1114 5505 id
1145 5436 1251 5499 est,
1271 5449 1459 5505 quam
1481 5435 1560 5491 ob
1598 5453 1847 5492 causam
1865 5430 2029 5494 facta

365 5499 830 5574 fuerint,iminus
858 5499 1237 5574 perspicere;
1264 5499 1373 5559 sed
1418 5509 1619 5562 tamen
1659 5509 2030 5566 asseveranti

366 5573 684 5650 avunculo
697 5573 1088 5650 crediturum.
1116 5573 1393 5650 Similiter
1407 5575 1468 5630 in
1481 5578 1656 5649 epist.
1671 5583 1794 5650 232,
1809 5581 1877 5636 Μ
1877 5581 2032 5638 :‘rari

369 5648 565 5700 autem
587 5645 768 5717 subit,
804 5645 1020 5717 inquit,
1061 5651 1152 5699 καὶ
1179 5650 1272 5705 τὴν
1300 5642 1539 5703 διάνοιαν
1557 5657 1657 5701 τῶν
1689 5642 1951 5726 εύλὸγιῴν,
1975 5659 2031 5710 et

2132 4737 2244 4795 pro
2273 4725 2594 4795 γραφόμενα.

2231 4792 2318 4863 18)
2359 4792 2634 4868 Πρρτερον.
2658 4795 2744 4848 lta
2774 4808 2923 4868 mss.
2952 4809 3082 4868 s_ex._
3113 4792 3266 4868 Editi
3289 4796 3650 4868 alarming-av.

2237 4868 2320 4935 t9)
2362 4863 2678 4935 ’A'Om'aaiq),
2697 4868 2822 4935 etc.
2855 4863 2946 4935 Sic
2970 4864 3185 4934 legitur
3208 4865 3306 4921 hic
3327 4863 3616 4920 titulus'in
3645 4878 3741 4918 eo-

2132 4920 2369 5009 dicibus
2391 4920 2763 5009 Harl.,Med.,
2791 4934 2970 4992 Cois].
2995 4920 3193 5009 primo
3211 4920 3272 4993 et
3291 4939 3433 5007 Reg.
3463 4941 3739 5006 utroque.

2133 5005 2284 5064 Editi
2305 5015 2384 5080 τῷ
2413 5007 2619 5080 μεγάλω
2651 5008 2969 5080 Ἀθανασίῳ,

2205 5079 2337 5152 (2ολ
2356 5078 2462 5152 Τῆς
2488 5078 2712 5140 Λιϐύης.
2734 5078 3054 5152 Articulus
3091 5078 3333 5136 additus
3362 5095 3436 5135 ex
3475 5079 3751 5152 quinque

2133 5149 2280 5206 mss.
2303 5149 2494 5206 Paulo
2517 5155 2656 5207 ante
2677 5149 2819 5207 editi
2839 5160 2933 5214 τῆς
2959 5153 3233 5213 ὁσιότητος
3256 5171 3375 5209 σου.
3398 5149 3580 5221 Harl,
3595 5149 3750 5206 Méd.

2134 5226 2193 5277 et
2217 5221 2392 5279 Coisl.
2426 5226 2491 5278 ut
2510 5222 2571 5277 in
2602 5228 2788 5278 textu.

2209 5297 2326 5369 (2t)
2363 5295 2775 5369 ’ζῇν-ἡμετέραν,
2799 5298 2886 5369 l_ta
2914 5298 3030 5369 tres
3061 5294 3450 5369 vetustissimi
3483 5292 3750 5369 codices,

2136 5364 2317 5435 Ilarl.,
2373 5364 2540 5421 Med.
2569 5369 2626 5422 et
2652 5364 2862 5423 'Coisl.
2915 5368 3054 5423 Tres
3095 5365 3193 5422 alii
3222 5371 3316 5426 τὴν
3357 5367 3571 5434 ἑαυτῶν,
3603 5364 3755 5421 editi

2136 5441 2232 5496 τὴν
2276 5437 2484 5494 ἑαυτοῦ.
2517 5436 2699 5494 Paulo
2729 5442 2868 5510 post
2893 5437 3280 5510 editioiBasil.
3325 5443 3384 5494 et
3424 5439 3610 5495 Paris.
3649 5443 3754 5499 τῆς

2138 5512 2413 5584 ἡμετέρας,
2454 5512 2512 5564 et
2546 5517 2644 5562 τῶν
2683 5509 2961 5584 ύμετέρων.
3011 5509 3201 5566 Editio
3241 5511 3473 5581 Hagan.
3506 5514 3565 5566 et
3593 5523 3748 5565 mss.

2137 5581 2325 5638 nostri
2353 5596 2566 5638 omnes
2599 5585 2662 5637 ut
2687 5581 2750 5637 in
2779 5581 2961 5637 textu.

2214 5656 2328 5725 (22)
2371 5653 2784 5710 Ἀπολαύουσαν.
2845 5651 3020 5710 Coisl.
3071 5653 3301 5728 primus
3342 5651 3746 5712 ἀπολαύσασαν,
