4078 6376
439 300 547 358 410

978 419 1316 478 EPISTOLA
1356 421 1556 477 LXlIl'.

1823 292 1881 350 S.
1925 288 2178 348 BASILII
2214 288 2436 348 MAGNI

3711 299 3824 354 420

2763 423 3098 474 ΕΠΙΣΤΟΛΗ
3128 418 3240 477 ΞΓ.

445 549 714 607 Basilius
735 547 1171 620 perhonoriﬁca
1190 547 1420 603 salutat
1441 546 1848 616 principalem
1878 543 2304 620 Neocaesaream
2335 557 2506 614 quem
2533 559 2611 602 ea:
2637 545 2806 614 fama
2845 550 3082 620 tantum
3107 550 3163 602 et
3193 560 3268 620 ea:
3292 547 3614 620 colloquiis
3651 548 3822 619 Elpi-

798 621 888 676 dii
931 613 1262 676 communis
1291 613 1476 675 amici
1496 613 1791 688 noverat;
1817 617 2085 688 petitque
2107 613 2186 672 ab
2214 629 2278 670 eo
2308 613 2376 671 ut
2400 631 2460 674 se
2487 613 2737 674 numero
2765 619 3098 674 amicorum
3128 618 3457 676 adscribet.

867 726 1208 796 Principali
1240 725 1663 782 Neocaesarew.

511 836 717 893 Virum
748 833 1342 907 sapientem,etiamsi
1368 831 1549 904 longe
1569 835 1864 888 terrarum
1892 829 2094 899 degat,

442 927 680 984 etiamsi
707 940 1027 998 nunquam
1049 923 1237 981 oculis
1256 923 1533 992 viderim,
1564 923 1829 980 amicum
1855 920 2095 993 judico;

441 1015 736 1073 sententia
788 1014 999 1084 tragici
1058 1012 1350 1088 Euripidis
1398 1018 1508 1070 est.
1571 1013 1948 1086 Quapropter
1990 1009 2099 1066 etsi

439 1105 616 1162 nobis
644 1120 717 1161 ex
739 1103 1200 1176 congressu,qui
1222 1118 1431 1160 coram
1454 1102 1829 1171 sit,nondum
1849 1115 2098 1172 magna-

439 1195 774 1251 nimitatem
822 1197 990 1250 tuam
1037 1208 1404 1262 cognoscere
1458 1193 1723 1264 contigit,
1765 1206 1861 1246 me
1893 1195 2099 1246 tamen

435 1284 544 1341 tibi
567 1283 835 1340 amicum
865 1298 995 1338 esse
1037 1286 1091 1338 et
1119 1281 1479 1338 familiarem
1509 1282 1664 1337 dico.
1698 1284 1778 1336 Ne
1805 1284 1978 1352 putes
2009 1292 2100 1334 as-

439 1367 838 1429 sentationem
871 1388 1004 1428 esse
1035 1371 1194 1427 hunc
1225 1387 1589 1427 sermonem.
1654 1372 1900 1425 Famam
1939 1366 2101 1424 enim

437 1461 715 1519 amicitiae
741 1461 1208 1517 conciliatricem
1244 1460 1462 1528 habeo,
1513 1474 1738 1529 magno
1778 1458 1978 1514 sonitu
2005 1472 2102 1513 res

436 1556 571 1608 tuas
583 1551 866 1607 omnibus
877 1550 1227 1607 hominibus
1240 1549 2100 1622 praedicantem.Atpostquam

438 1645 495 1697 et
521 1657 659 1696 cum
693 1641 860 1713 157
900 1640 1084 1713 digno
1126 1639 1292 1696 omni
1322 1638 1655 1695 reverentia
1701 1637 1930 1710 Elpidio
1952 1651 2099 1691 con-

439 1731 632 1802 gressi
663 1745 897 1800 sumus,
926 1730 1012 1785 ita
1033 1729 1210 1785 nobis
1236 1727 1550 1784 innotuisti
1575 1733 1631 1783 et
1654 1731 1964 1798 tantopere
1989 1740 2100 1781 nos

435 1819 744 1893 cepisti,ac
767 1818 817 1874 si
847 1817 952 1873 diu
981 1823 1180 1873 tecum
1211 1817 1536 1873 fuissemus
1563 1804 1806 1878 versati.
1826 1831 1895 1871 ac
1917 1814 2101 1885 longa

435 1908 795 1981 experientia
816 1924 951 1982 quae
980 1906 1089 1963 tibi
1119 1907 1324 1962 insunt
1377 1906 1540 1962 bona
1577 1905 2096 1977 cognovissemus.

434 2001 561 2054 Non
591 1997 752 2054 enim
781 1996 1065 2053 desiitille
1093 2001 1198 2053 tua
1226 1996 1404 2052 nobis
1424 1999 1781 2052 ornamenta
1797 1994 2097 2065 sigillatim

431 2103 716 2145 narrare:
751 2087 936 2144 animi
968 2087 1474 2156 magnitudinem,
1499 2086 1683 2142 altam
1721 2085 2097 2142 etexcelsam

431 2184 967 2246 mentem,morum
997 2176 1340 2234 facilitatem
1376 2194 1389 2232 :
1415 2191 1616 2232 rerum
1638 2175 2092 2248 experientiam,

432 2268 650 2324 mentis
669 2266 1080 2344 prudentiam,
1103 2267 1236 2322 vitae
1262 2266 1617 2336 gravitatem
1642 2265 1935 2321 hilaritate
1967 2280 2099 2337 per-

432 2358 708 2424 mistam;
738 2356 858 2411 vim
883 2355 1142 2428 dicendi,
1172 2360 1228 2412 et
1251 2371 1630 2428 quaecunque
1661 2355 1779 2412 alia
1807 2354 1936 2428 ipse
1967 2353 2072 2426 qui

431 2447 573 2504 dem
601 2447 784 2517 longo
828 2445 1149 2502 nobiscum
1195 2444 1499 2518 colloquio
1548 2446 1866 2512 recensuit,
1916 2443 2096 2501 nobis

433 2542 636 2597 autem
681 2535 940 2592 scribere
962 2551 1084 2592 non
1105 2539 1193 2592 est
1216 2535 1539 2605 integrum,
1558 2551 1632 2592 ne
1653 2536 1811 2593 ultra
1839 2536 2094 2592 modum

432 2625 748 2701 epistolam
808 2625 1246 2698 producamus.
1304 2625 1624 2690 Quomodo
1671 2625 1854 2696 igitur
1900 2625 2093 2681 virum

428 2717 610 2774 talem
629 2731 751 2772 non
764 2715 1068 2772 amarem?
1079 2714 1390 2788 quomodo
1403 2716 1704 2771 continere
1717 2731 1814 2771 me
1827 2731 2065 2787 possem
2076 2759 2092 2786 ,

427 2806 756 2880 quominus
769 2803 1118 2860 exclamans
1130 2803 1320 2860 animi
1336 2804 1455 2860 mei
1471 2802 2095 2863 atfectumdeclarem?

431 2895 861 2953 Salutationem
903 2893 1106 2967 itaque
1139 2893 1397 2966 suscipe,
1430 2893 1520 2949 vir
1546 2894 1784 2962 eximie,
1817 2911 1954 2967 quae
1991 2895 2095 2952 tibi

427 3001 502 3042 ex
527 3001 668 3042 vera
691 3000 762 3042 ac
782 2985 1017 3040 sincera
1038 2983 1301 3040 amicitia
1329 2983 1686 3041 adhibetur:
1727 2984 1906 3056 longe
1934 2986 2094 3042 enim

426 3076 648 3134 absunt
668 3091 705 3131 a
732 3073 931 3132 servili
957 3089 1028 3130 ac
1055 3073 1332 3130 illiberali
1354 3073 1702 3130 adulatione
1729 3091 1929 3132 mores
1951 3075 2091 3133 mei:

427 3179 647 3238 meque
678 3163 872 3221 scribe
926 3163 989 3219 in
1017 3162 1357 3220 amicorum
1411 3166 1654 3219 tuorum
1696 3179 1974 3232 numero,
2004 3165 2094 3222 lit-

426 3255 567 3314 teris
615 3259 671 3311 te
709 3253 1128 3327 frequentibus
1179 3253 1504 3310 ostendens
1531 3256 1587 3311 et
1612 3253 1952 3312 absentiam
1992 3256 2093 3313 de-

423 3343 660 3402 liniens.

960 3451 1302 3509 EPISTOLA
1351 3454 1552 3510 LXlV‘.

2124 705 2173 760 Α

2582 723 2822 797 Ἡγεμόνι
2853 725 2967 797 (29)
3007 730 3438 800 Νεοκαισαρείας.

2278 831 2376 883 Τόν
2432 833 2586 904 σοφὸν
2621 828 2810 908 ἄνδρα,
2844 830 2938 884 κᾶν
2980 831 3095 895 ἑκὰς
3149 838 3264 907 ναίη
3324 836 3539 906 χθονὸς,
3591 833 3686 887 κᾶν
3717 838 3823 908 μή·

2207 919 2322 972 ποτ’
2355 920 2507 974 αὐτόν
2556 925 2739 985 ὄσσοις
2768 918 3034 995 προσίδω,
3075 928 3234 997 κρίνω
3283 923 3424 996 φίλον
3460 940 3472 954 °
3520 920 3820 1000 Εὐριπίδου

2209 1007 2322 1062 ἐστὶ
2359 1018 2448 1063 τοῦ
2491 1019 2743 1087 τραγικοῦ
2795 1012 2963 1084 λόγος.
3002 1011 3186 1083 Ὠστε,
3239 1012 3301 1081 εἰ,
3353 1019 3510 1086 μήπω
3551 1023 3644 1076 τῆς
3699 1013 3821 1066 κατ’

2209 1097 2506 1172 ὀφθαλμοὺς
2558 1103 2682 1174 ἡμῖν
2725 1104 3017 1174 σύντυχίας
3063 1106 3153 1160 την
3192 1112 3382 1175 γνῶσιν
3439 1122 3533 1156 σου
3581 1110 3673 1164 τῆς
3730 1123 3822 1176 με·

2207 1188 2495 1262 γαλοφυῖας
2541 1195 2928 1266 χαρισαμένης,
2984 1195 3145 1266 φαμὲν
3195 1191 3324 1245 εἶναι
3377 1192 3514 1265 φίλοι
3575 1213 3667 1246 σου
3727 1197 3823 1246 καὶ

2211 1281 2474 1350 συνήθεις,
2516 1287 2586 1354 μη
2615 1281 2887 1335 κολακείαν
2935 1279 3066 1335 εἶναι
3104 1281 3371 1354 τὸνλόγον
3401 1287 3610 1359 κρίνῃς.
3657 1282 3824 1356 Ἐχο-

2212 1387 2299 1422 nev
2357 1373 2458 1444 γὰρ
2505 1375 2680 1444 φήμην
2738 1371 2981 1444 πρόξενον
3035 1379 3128 1432 τῆς
3196 1371 3383 1445 φιλίας,
3443 1372 3823 1447 μεγαλοφὼνως

2210 1463 2276 1512 τὰ
2322 1463 2391 1512 σὰ
2435 1467 2597 1513 πᾶσιν
2648 1459 2938 1536 ἀνθρώποις
2991 1461 3328 1535 συμϐοῶσαν.
3374 1462 3486 1535 Ἀφ’
3537 1463 3598 1515 οὗ
3642 1467 3824 1538 μέντοι

2210 1569 2300 1602 και
2346 1558 2419 1620 τῷ
2464 1547 2868 1623 αἱδεσιμωτάτῳ
2895 1547 3147 1622 Ἐλπιὸίφ
3181 1551 3293 1624 (30)
3320 1555 3693 1626 συνετύχομεν,
3737 1573 3824 1605 το-

2213 1643 2397 1691 σοῦτόν
2453 1659 2510 1692 σε
2541 1638 2912 1716 ἐγνωρίσαμεν,
2943 1645 3033 1693 καὶ
3091 1640 3227 1693 οὕτω
3284 1641 3396 1693 κατ’
3447 1643 3610 1716 ἄκρας
3656 1639 3823 1694 €00.03-

2209 1733 2368 1801 καμέν
2412 1749 2526 1800 σου,
2584 1733 2772 1783 ὡσανεὶ
2836 1729 2994 1782 πολὺν
3051 1735 3242 1805 χρόνον
3296 1734 3684 1803 συγγεγονότες,
3728 1735 3822 1784 καὶ

2211 1817 2306 1872 διὰ
2341 1826 2547 1893 μακρᾶς
2586 1828 2682 1882 τῆς
2718 1824 2896 1893 πείρας
2943 1829 3042 1874 τῶν
3090 1819 3138 1872 ἐν
3198 1827 3282 1874 σοὶ
3333 1821 3499 1873 καλῶν
3530 1825 3624 1880 την
3650 1829 3820 1894 γνῶσι

2210 1913 2432 1984 ἔχοντες.
2495 1911 2569 1962 Οὐ
2627 1913 2727 1986 γὰρ
2762 1910 3021 1964 ἐπαύσατο
3075 1912 3100 1963 ὁ
3141 1909 3270 1985 ἀνὴρ
3315 1911 3510 1965 ἕκαστα
3549 1913 3677 1985 ἡμῖν
3718 1920 3822 1964 τῶν

2207 2005 2326 2076 περὶ
2381 2002 2439 2054 σε
2482 1996 2826 2075 διηγούμενος
2858 2017 2870 2030 ⁶
2917 2004 2975 2053 τό
3019 2000 3402 2078 μεγαλοπρεπὲς
3460 2008 3554 2064 τῆς
3604 2001 3820 2075 ψυχῆς,

2207 2099 2300 2144 τοῦ
2331 2097 2660 2164 φρονήματος
2706 2095 2764 2143 τό
2817 2090 3115 2164 ἀνάστημα,
3147 2099 3246 2143 τῶν
3284 2096 3484 2164 τρόπων
3542 2095 3636 2150 τὴν
3693 2093 3820 2164 ἠμε-

2205 2185 2400 2257 ρὸτητα
2435 2197 2446 2208 ·
2527 2181 2798 2254 ἐμπειρίαν
2873 2182 3216 2256 πραγμάτων,
3298 2183 3505 2233 σύνεσιν
3579 2201 3816 2254 γνωμης,

2210 2291 2503 2345 σεμνοτητα
2551 2271 2696 2345 βίον,
2746 2267 3064 2346 φαιδρότητι
3093 2271 3207 2342 (31)
3256 2274 3574 2348 κεκραμένην
3600 2286 3616 2302 ο
3656 2270 3815 2343 λόγου

2209 2357 2454 2435 δύναμιν,
2484 2360 2648 2414 τάλλα
2696 2361 2796 2415 ὅσα
2840 2359 2992 2421 αὐτὸς
3021 2363 3112 2434 μὲν
3163 2357 3257 2413 διὰ
3311 2359 3505 2421 πολλῆς
3558 2367 3645 2420 τῆς
3682 2361 3809 2431 πρὸς

2206 2453 2347 2524 ἡμᾶς
2377 2449 2582 2522 ὁμιλίας
2634 2449 3067 2526 ἀπηριθμήσατο,
3098 2452 3222 2523 ἡμῖν
3253 2446 3313 2504 δὲ
3338 2451 3555 2526 γράφειν
3609 2448 3702 2502 οὐκ
3743 2445 3806 2507 ἧν

2206 2537 2449 2608 δυνατόν,
2530 2541 2612 2592 ἵνα
2683 2545 2756 2614 μὴ
2835 2539 2929 2602 ἔξω
3003 2546 3096 2592 τοῦ
3145 2545 3335 2613 μέτρου
3392 2543 3483 2598 τὴν
3534 2537 3811 2596 ἐπιστολήν

2202 2633 2604 2705 προαγάγωμεν.
2675 2637 2793 2692 Πῶς
2866 2625 2952 2681 οὖν
3015 2628 3108 2682 οὐκ
3183 2628 3386 2701 ἔμελλον
3727 2631 3814 2681 τὸν

2203 2729 2482 2788 τοιοῦτον;
2553 2726 2659 2780 πῶς
2714 2725 2839 2790 γοῦν
2905 2714 3183 2793 ἠδυνάμην
3239 2718 3466 2794 ἐμαυτοῦ
3519 2725 3814 2792 κρατῆσαι,

2203 2815 2334 2888 πρὸς
2362 2815 2420 2864 τὸ
2469 2814 2540 2884 μὴ
2571 2809 2699 2882 οὐχὶ
2745 2812 2835 2862 καὶ
2861 2807 3051 2862 ἐκϐοῶν
3106 2827 3164 2876 το
3203 2816 3294 2875 τῇς
3349 2808 3538 2880 ψυχῆς
3582 2807 3816 2881 ἐμαυτοῦ

2202 2903 2369 2964 πάθος
2398 2897 2768 2973 διασημαίνειν
2802 2915 2816 2968 ;
2850 2902 3018 2972 Δέχου
3061 2902 3228 2952 τοίνυν
3282 2901 3376 2958 τὴν
3424 2903 3815 2974 προσηγορίαν,

2205 2991 2244 3043 ὦ
2275 2993 2545 3063 θαιμάσιε,
2579 2991 2634 3043 ἐκ
2665 2988 2838 3062 φιλίας
2877 2986 3128 3049 ἀληθινῆς
3165 2993 3255 3040 καὶ
3305 2982 3496 3040 ἀδόλου
3536 3005 3622 3040 σοι.
3649 3006 3818 3062 προσ-

2205 3085 2515 3154 αγομένηνο
2593 3079 2769 3154 πόρρω
2837 3080 2937 3152 φὰρ
3006 3078 3228 3140 θωπείας
3292 3072 3679 3151 δουλοπρεποῦς
3746 3079 3816 3130 τα

2204 3172 2431 3244 ἡμέτερα
2455 3189 2466 3202 ’
2509 3175 2599 3222 καὶ
2638 3171 2728 3241 ἔχε
2761 3169 2873 3240 (32)
2921 3168 3059 3240 ἡμᾶς
3107 3174 3180 3236 τῷ
3210 3165 3484 3240 καταλόγῳ
3523 3174 3623 3220 τῶν
3656 3165 3815 3219 σέαυ-

2201 3270 2293 3315 τοῦ
2325 3261 2480 3335 φίλων
2519 3261 2864 3336 ἐναριθμίους,
2893 3260 3177 3333 γράμμασι.
3209 3261 3460 3330 συνεχέσι
3520 3260 3715 3310 σαυτόν
3754 3276 3815 3312 τε

2201 3348 2404 3415 δεικνὺς
2434 3355 2526 3405 καὲ
2549 3351 3011 3424 παραμυθούμενος
3035 3352 3129 3408 τὴν
3150 3346 3446 3420 ἀπόλειψιν.

2761 3463 3100 3512 ΕΠΙΣΤΟΛΗ
3138 3454 3248 3510 ΞΔ’.

423 3575 876 3646 Perhonorz'ﬁce
899 3575 1130 3632 salutat
1156 3575 1547 3646 Hesychium,
1579 3592 1751 3649 quem
1780 3585 1834 3636 et
1862 3583 2006 3639 olim
2057 3589 2434 3657 cognoverat,
2469 3589 2523 3641 et
2553 3598 2629 3640 ea:
2657 3597 2929 3640 sermone
2955 3580 3194 3652 Elpidii
3216 3579 3477 3652 plurimi
3500 3576 3796 3648 faciebat.

1091 3683 1412 3753 Hesychio.

492 3791 670 3851 Multa
695 3790 945 3865 quidem
975 3806 1073 3847 me
1095 3790 1275 3846 etiam
1299 3789 1377 3846 ab
1400 3790 1568 3849 initio
1599 3808 1740 3849 cum
1765 3797 1868 3852 tua
1889 3795 2082 3868 digni-

420 3885 539 3938 tate
586 3879 1060 3952 conjungebant,
1109 3878 1453 3937 communis
1503 3881 1836 3940 litterarum
1885 3901 2078 3958 amor,

419 3971 647 4043 ubique
677 3970 754 4026 ab
783 3970 879 4026 his
907 3987 1044 4043 quae
1069 3970 1298 4043 experti
1320 3977 1462 4026 sunt
1481 3973 1957 4046 pervulgatus,et
1977 3993 2082 4033 an-

418 4061 809 4134 tiquanostra
828 4075 968 4116 cum
988 4060 1114 4115 viro
1137 4060 1481 4116 admirabili
1501 4064 1768 4120 Terentio
1795 4066 2078 4126 amicitia.

417 4155 490 4206 At
525 4152 851 4222 postquam
881 4148 969 4204 vir
999 4147 1280 4221 optimus,
1317 4149 1544 4221 quique
1591 4167 1832 4210 mecum
1882 4156 2081 4211 omnis

415 4238 873 4296 necessitudinis
884 4252 1110 4293 nomen
1123 4237 1844 4310 adimplet,omnihonore
1856 4243 2080 4314 dignus

415 4329 604 4386 frater
632 4327 895 4399 Elpidius
926 4342 1168 4382 mecum
1200 4342 1544 4382 sermonem
1585 4328 1816 4396 habuit,
1856 4346 1927 4387 ac
1958 4331 2080 4386 sin-

417 4418 560 4490 gula
612 4417 901 4474 virtutum
954 4421 1196 4472 tuarum
1253 4422 1613 4474 ornamenta
1661 4419 1929 4477 narravit
1971 4422 2083 4493 (est

489 4651 508 4671 '
538 4642 668 4714 Alia
698 4643 1004 4698 CCCLXXI.
1041 4639 1275 4714 Scripta
1305 4639 1463 4696 circa
1488 4655 1586 4696 an.
1617 4642 1742 4714 371.

510 4717 604 4783 ‘29)
629 4713 890 4787 Ἡγεμονί,
942 4713 1886 4787 DucemNeocmsareeeintelligit
1911 4720 2079 4772 vetus

419 4783 734 4856 interpres.
754 4783 823 4840 1n
853 4784 1022 4840 titulo
1052 4800 1305 4856 prorsus
1323 4783 1500 4839 simili
1520 4784 1791 4856 epistolae
1812 4783 1924 4842 306
1949 4788 2080 4843 red-

420 4857 524 4922 dit,
549 4855 806 4911 Prassidz’
836 4855 1143 4913 Sebastiz.
1170 4855 1361 4912 Sedin
1386 4855 1639 4927 utroque
1656 4855 1790 4912 loco
1812 4872 1934 4913 non
1956 4859 2079 4914 dux

421 4933 524 4984 aut
560 4943 1110 4999 prmses,_quorum
1139 4932 1406 4999 potestas
1436 4928 1616 4982 unius
1649 4927 1813 4983 urbis
1854 4928 2079 4985 ﬁnibus

422 5001 545 5055 non
564 4997 1014 5063 continebatur,
1038 4997 1380 5071 sedpotius
1401 4999 1762 5071 praepositus
1795 5000 1960 5055 urbis
1989 5003 2078 5056 in-

419 5049 1057 5137 δί’ᾰέιιὶιὶτζξέῌρἱέἐίἦάἐ
1073 5049 1662 5139 ἐᾶνῗὲεζῖῐὶὲέίῖιῖιῗίῌ
1673 5049 2073 5129 ξόιιῗὶνὶιέὀᾶ.
2108 5049 2153 5101 D

418 5143 523 5199 lib.
553 5158 649 5207 xu,
691 5141 774 5195 tit.
813 5139 998 5210 1,1eg.
1046 5145 1162 5206 127,
1198 5146 1286 5196 171
1333 5146 1392 5196 et
1434 5145 1551 5197 189.
1604 5145 1782 5198 Erant
1811 5144 1974 5199 enim
2014 5145 2078 5200 in

417 5228 788 5287 unaquaque
809 5211 1392 5287 _curia_pri.ncipales,
1443 5217 1498 5268 et
1534 5214 1686 5287 inter
1717 5215 2078 5287 principales

418 5281 586 5341 unus
607 5281 915 5338 eminebat
946 5281 1254 5351 dignitate,
1286 5298 1357 5338 ac
1386 5285 1664 5352 regendae
1691 5281 1872 5341 curia:
1903 5281 1959 5342 et
1984 5303 2080 5342 ur-

417 5357 512 5413 bis
532 5354 948 5430 gubernandee
977 5353 1267 5430 plurimas
1292 5360 1495 5430 partes
1521 5355 2079 5430 tenebat.Praeposi-

421 5434 518 5484 tus
543 5424 846 5500 pagorum
871 5424 1139 5500 similiter
1170 5424 1654 5500 vocaturﬁyeam
1685 5429 1746 5482 in
1777 5424 1948 5500 epist'.
1975 5434 2068 5487 86.

492 5495 598 5558 (3K))
630 5495 902 5568 ίΕλπιὸίῳ.
937 5495 1118 5568 Harl.,
1151 5495 1327 5552 Cois].
1358 5495 1610 5568 primus,
1662 5495 1832 5554 Med."
1855 5506 1912 5555 et
1955 5502 2079 5558 Cla-

419 5567 861 5646 rom._’linao‘_‘ic:l
888 5567 1200 5646 Medicmus
1247 5567 1549 5646 praemittit
1587 5569 2074 5646 νοοθωηάᾅελφῷ,

424 5641 533 5697 sed
574 5639 740 5698 idem
768 5639 840 5698 in'
885 5639 1163 5712 sequenti
1210 5639 1468 5712 epistola
1510 5645 1760 5698 vocatur
1789 5639 2076 5716 Elpidi'u's',

2875 3693 3122 3762 Ησυχίῳ.

2265 3797 2384 3871 Ἐμὲ
2439 3795 2604 3850 πολλὰ
2631 3799 2721 3870 μὲν
2766 3792 2826 3854 ἧν
2857 3801 2947 3849 καὶ
3002 3795 3056 3860 ἐξ
3113 3794 3286 3870 ἀρχῆς
3348 3795 3417 3846 τὰ
3470 3792 3810 3846 συνάπτοντά

2194 3907 2288 3941 σου
2311 3895 2373 3961 τῇ
2407 3890 2700 3960 τιμιότητι,
2744 3887 2769 3940 ὅ
2808 3905 2862 3939 τε
2912 3889 3031 3961 περὶ
3058 3884 3244 3958 λόγους
3290 3887 3461 3946 κοινός
3488 3885 3635 3959 ἔρως,
3677 3881 3812 3936 πολ-

2188 3976 2360 4050 λαχοῦ
2421 3978 2562 4051 παρὰ
2629 3984 2728 4030 τῶν
2779 3978 3164 4049 πεπειραμένων
3218 3978 3614 4050 περιφερόμενος
3670 3974 3807 4042 ξ33),

2191 4068 2220 4125 ἦ
2254 4085 2308 4118 τε
2339 4069 2470 4141 πρὸς
2522 4069 2606 4117 τόν
2655 4066 2950 4138 θαυμάσιον
3005 4061 3180 4138 ἄνδρα
3208 4068 3471 4139 Τερέντιον
3512 4063 3622 4133 (34)
3677 4063 3811 4134 ἡμῖν

2191 4154 2247 4207 ἐκ
2275 4154 2501 4208 παλαιοῦ
2532 4154 2678 4228 φιλία
2706 4175 2718 4186 ·
2760 4153 2867 4207 ἐπεὶ
2899 4150 2958 4208 δὲ
2987 4159 3077 4207 καὶ
3133 4156 3158 4206 ό
3207 4155 3380 4206 πάντα
3431 4154 3668 4229 άριστος,
3711 4161 3817 4208 καὶ

2188 4244 2362 4304 πάσης
2417 4245 2542 4317 ἡμῖν
2603 4242 2920 4304 οἰκειότητος
2978 4247 3142 4315 ὄνομα
3200 4242 3490 4318 ἐκπληρῶν,
3533 4244 3558 4295 ὁ
3599 4239 3813 4297 αἰδεσί-

2189 4339 2433 4405 μώτατος
2488 4329 2709 4404 ἀδελφός
2759 4332 3024 4394 Ἐλπίδιος
3078 4333 3146 4394 εἰς
3192 4332 3381 4404 λόγους
3441 4332 3671 4406 ἀφίκετο,
3717 4339 3813 4388 καὶ

2189 4424 2388 4476 ἕκαστα
2413 4431 2513 4475 τῶν
2730 4422 2778 4476 ἐν
2831 4428 2914 4475 σοὶ
2944 4422 3112 4476 καλῶν
3146 4419 3446 4496 διηγήσατο
3470 4419 3811 4496 (δυνατώτα-

2188 4647 2355 4704 nullo
2379 4662 2627 4719 prorsus
2659 4646 3048 4704 dissentiente
3081 4665 3199 4704 ms.
3230 4646 3458 4705 codice.

2192 4715 2750 4798 __(3_1)'<I>_at6‘pér_n_n.
2791 4719 3373 4798 Sicemendavimus
3413 4735 3530 4798 ope
3571 4721 3809 4798 codicis

2190 4790 2452 4872 Mediomi
2473 4790 2640 4872 quod
2665 4790 2981 4872 legebatur
3023 4791 3084 4847 in
3115 4791 3288 4872 editis
3314 4790 3811 4872 φαιδρόῖητ-αηϐοτ

2187 4863 2301 4918 dex
2323 4863 2677 4918 Parisiensis
2702 4863 2977 4918 Ecclesia
3010 4863 3280 4920 secunda
3310 4863 3502 4920 manu
3523 4863 3704 4920 habet
3736 4869 3803 4920 ut

2192 4933 2804 5014 Mediceeus._lbidem
2857 4934 2998 4990 editi
3054 4935 3220 5007 λόγων
3261 4932 3506 5008 δύναμιν,
3563 4939 3799 5007 septem

2191 5022 2337 5061 mss.
2366 5011 2511 5061 utin
2543 5011 2727 5061 textu.

2258 5079 2368 5156 (3_2)
2402 5077 3031 5156 Kai‘.€zc.‘Conjunctio
3045 5078 3259 5156 addita
3280 5094 3354 5156 ex
3391 5083 3625 5152 septem
3655 5096 3805 5136 mss.

2190 5147 2422 5222 Ibidem
2446 5147 2585 5204 editi
2630 5147 2988 5222 ἀναριθμίους.
3014 5152 3149 5206 Mss.
3186 5155 3250 5206 ut
3276 5151 3335 5206 in
3365 5147 3557 5209 textu.

2260 5169 2422 5203 luem
2446 5169 2585 5204 cuiu
2630 5169 2988 5271 αναριυμιους.
3014 5169 3149 5206 MSS.
3186 5169 3250 5206 ιιι
3276 5169 3335 5206 ΠΙ
3365 5169 3407 5206 ιε

2259 5220 2466 5302 jAlias
2495 5222 2690 5302 CCCL.
2721 5222 2955 5302 .cripta
2979 5222 3257 5302 circaan
3284 5224 3407 5278 371.

2238 5292 2377 5376 ,(33)
2425 5292 3080 5367 ΙΙεριφερόμενοςίϐοᾱθΧ
3111 5294 3427 5350 Mediceaus
3485 5314 3812 5371 συμπεριφε-

2228 5382 2420 5435 ομενος.

2190 5382 2812 5513 ροξιέίζῗςῷερένς-ιονηεὶο
2833 5436 3008 5505 Clar.,
3031 5440 3172 5507 Reg.
3194 5439 3502 5513 secundus
3520 5444 3578 5495 et
3609 5441 3770 5513 Coisl
3785 5487 3800 5499 .

2191 5505 2716 5585 sec‘undus._Editi
2747 5515 3055 5585 ᾝερεντῖνον.
3092 5505 3260 5565 Deest
3303 5511 3430 5566 haec
3462 5511 3717 5585 epistola
3743 5515 3811 5570 in

2191 5577 2373 5653 codd.
2402 5577 2566 5653 _Harl.
2595 5584 2653 5635 et
2676 5577 2854 5636 Coisl.
2883 5581 3100 5653 primo.

2264 5649 2380 5722 (35)
2399 5648 2640 5706 ῗΕκαστα
2676 5659 2799 5710 τῶν.
2826 5648 3128 5711 Articulus
3154 5653 3402 5712 additus
3427 5669 3502 5712 ex
3521 5672 3672 5713 mss.
