4078 6378
255 315 352 374 421
1265 313 1754 374 ΕΡΙεΤοιΑειυι
1789 311 1874 372 αι.

1992 312 2093 371 διε.
2144 315 2193 371 II
2229 315 2454 376 EPIST.
2494 317 2656 377 LXV.

3540 327 3648 386 422

250 459 335 502 τος
393 435 473 510 δε,
515 442 659 514 εἰπερ
710 459 796 503 τις
842 439 1018 514 ἄλλος,
1061 445 1152 495 καὶ
1213 439 1398 517 ἀρετὴν
1461 439 1734 513 ἀνθρώπου
1775 456 1874 490 κα-

1992 441 2211 504 autem,
2253 441 2302 498 si
2327 442 2463 516 quis
2487 442 2661 512 alius,
2683 443 2950 502 maxime
2972 443 3365 520 idoneus,qui
3388 451 3444 506 et
3462 451 3648 510 virtu-

249 531 528 604 ταμαθείν,
590 533 684 582 καὶ
740 540 1098 606 παραστῆσαι
1150 537 1344 589 ταυτην
1373 537 1446 601 τῷ
1474 529 1657 602 λόγῳ)ο
1690 534 1880 581 τοσοῦ-

248 640 337 674 τον
375 622 506 692 ἡμῖν
536 623 625 672 τὸν
658 618 744 673 ἰπὶ
777 625 860 674 σοὶ
888 623 1052 674 πόθον
1082 619 1371 689 ἕξέκαυσεν,
1427 621 1562 673 ὥστε
1621 619 1879 690 εὔχεσθαι

249 713 395 783 ἡμᾶς
427 709 715 769 ἀπιστῆναί
749 714 809 764 σέ
835 730 962 765 ποτε
1010 718 1072 783 τῇ
1127 709 1326 782 παλαιᾷ
1356 709 1507 782 ἑστίᾳ
1565 710 1737 782 ἡμῶν,
1798 707 1880 760 ἱνα

256 805 328 874 μὴ
390 799 524 873 ἀκοῇ
573 803 756 873 μόνον,
811 799 941 854 ἀλλὰ
987 805 1079 854 καὶ
1135 805 1291 876 πείρᾳ
1350 808 1451 854 τῶν
1491 797 1539 854 ἓν
1600 803 1684 853 σοὶ
1709 795 1877 851 καλῶν

259 889 646 963 ἀπολαύσωμεν
662 934 675 946 .

831 1021 1164 1072 ΕΠΙΣΤΟΑΗ
1203 1015 1316 1072 ΞΕ’.

1990 529 2111 585 tem
2141 529 2406 588 hominis
2438 537 2684 606 spectet.
2717 549 2974 606 eamque
3004 550 3283 593 sermone
3336 540 3644 610 praadicet,

1986 618 2048 673 in
2075 636 2170 676 me
2199 626 2433 680 tantum
2456 625 2539 680 tui
2557 625 2831 681 accendit
2855 625 3242 696 desiderium,
3266 631 3330 685 ut
3350 633 3404 685 te
3425 632 3645 690 nostris

1987 708 2318 781 aliquando
2341 714 2603 787 antiquis
2630 714 2860 770 laribus
2892 716 3102 772 adesse
3133 732 3491 792 precerzquo
3521 737 3646 779 non

1987 797 2296 856 auditione
2317 801 2465 871 sola,
2495 802 2601 859 sed
2629 803 2998 876 experientia
3039 804 3219 863 etiam
3267 811 3643 868 ornamentis

1985 889 2104 945 tuis
2141 889 2434 948 fruamur.

2539 1021 2876 1078 EPISTOLA
2919 1022 3073 1078 LXV'
3086 1064 3100 1080 .

244 1142 440 1198 Prior
466 1141 683 1217 scriln't
712 1143 967 1198 Atarbio
985 1142 1274 1217 Basilius,
1307 1142 1476 1217 eique
1496 1139 1649 1217 cedit
1672 1139 1946 1217 quamvis
1966 1144 2119 1217 ηαειι
2137 1145 2354 1217 major,
2379 1158 2451 1200 ac
2473 1151 2642 1215 rogat
2661 1151 2729 1200 ut
2759 1151 2815 1202 et
2840 1147 3253 1217 ipsc-deinceps
3281 1149 3642 1208 charitatem

326 1229 461 1291 pra
489 1230 549 1269 se
575 1214 766 1283 ferat,
791 1220 847 1291 et
875 1216 1082 1291 cogitet
1103 1215 1318 1286 quanti
1338 1213 1572 1291 intersit
1599 1216 1811 1291 mutua
1833 1213 2156 1268 concordia
2179 1215 2259 1270 ad
2293 1215 2506 1272 bellum
2534 1213 2966 1288 repellendum,
3003 1220 3162 1291 quod
3182 1213 3252 1276 ιη
3289 1221 3488 1278 orbem
3524 1225 3642 1279 cir-

338 1285 565 1352 cuibat,
595 1300 672 1342 ac
693 1286 937 1344 tandem
962 1287 1043 1342 ad
1073 1285 1164 1342 eas
1189 1289 1626 1355 perventurum
1651 1288 1802 1340 erat.

866 1409 1128 1485 Ἀταρϐίῳ
1163 1411 1280 1482 (36)

345 1504 449 1554 Καὶ
501 1503 553 1553 τί
598 1502 755 1575 πίρας
794 1503 944 1554 ἔσται
989 1509 1085 1564 τῆς
1118 1508 1340 1567 σιωπῆς,
1370 1499 1415 1554 εἰ
1581 1500 1690 1572 μεν,
1724 1499 1790 1551 τά
1819 1495 1875 1550 ἐκ

267 1597 362 1651 τῆς
419 1589 619 1652 ἡλικίας
663 1589 920 1665 πρεσϐεῖα
967 1589 1218 1663 ἀπαιτῶν,
1255 1589 1563 1664 ἀναμένοιμι
1601 1590 1747 1663 παρά
1778 1595 1874 1641 σοῦ

262 1681 503 1752 γενέσθαι
531 1680 655 1751 (37)
687 1684 783 1739 τὴν
815 1679 992 1754 ἀρχὴν
1017 1689 1108 1741 τῆς
1136 1684 1573 1754 προσφωνήσεως,
1610 1681 1639 1738 ἡ
1685 1675 1744 1731 δὲ
1803 1682 1870 1736 σὴ

259 1768 436 1842 ἀγάπη
499 1769 588 1822 ἐπὶ
639 1769 816 1824 πλεῖον
876 1769 1118 1843 βούλοιτο
1164 1779 1226 1844 τῇ
1280 1769 1512 1843 βλαϐερᾴ
1577 1773 1749 1843 κρίσει
1777 1776 1875 1832 τῆς

248 1862 498 1933 ἡσυχίας
560 1859 677 1927 (38)
737 1858 1062 1935 ἐγκαρτερεῖν
1109 1877 1122 1928 ;
1167 1860 1302 1916 Ἀλλ’
1357 1862 1495 1934 ὅμως
1529 1860 1648 1931 ἐγὼ,
1701 1857 1871 1918 τὴνέν

246 1958 358 2011 τοῖς
413 1949 653 2020 φιλικοῖς
714 1947 876 2009 ἧτταν
913 1955 1064 2014 νίκης
1093 1951 1234 2023 ἐχειν
1265 1948 1488 2024 δύναμιν
1518 1951 1869 2024 ἡγησάμενος,

254 2038 487 2111 ὁμολογῶ
525 2058 616 2095 σοι
647 2041 741 2112 μὲν
781 2047 1119 2114 παραχωρεῖν
1168 2048 1263 2102 τῆς
1305 2039 1392 2093 ἐπὶ
1430 2047 1502 2093 τῶ
1551 2035 1723 2092 δοκεῖν
1780 2058 1870 2092 πε-

253 2130 635 2204 ριγεγενῆσθαι
701 2135 794 2190 τῆς
860 2129 1057 2195 οἰκείας
1113 2135 1336 2202 κρίσεως
1367 2129 1682 2202 φιλοτιμίας·
1714 2128 1870 2192 αὐτὸς

258 2216 318 2274 δι
367 2227 568 2292 προτῶς
626 2217 714 2274 ἐπὶ
771 2222 829 2272 τὸ
853 2222 1069 2295 γράφειν
1102 2216 1277 2286 ἦλθον,
1316 2216 1486 2286 εἰδὼς,
1521 2223 1602 2272 ὅτι
1626 2221 1655 2279 η
1692 2217 1866 2291 ἀγάπη

252 2311 420 2362 πάντα
473 2313 681 2384 στίγει,
736 2311 907 2366 πάντα
963 2311 1229 2384 ὑπομένει,
1283 2305 1521 2382 οὐδαμοῦ
1609 2309 1759 2370 ζητεῖ
1811 2313 1868 2361 τὸ

241 2399 452 2460 ἑαυτῆς·
524 2396 715 2472 διόπερ
773 2398 892 2453 οὔτε
944 2398 1183 2456 ἐκπίπτει
1271 2403 1414 2458 ποτέ.
1500 2399 1872 2461 Ἀταπείνωτος

241 2491 346 2561 γὰρ
377 2494 409 2541 ὅ
434 2491 577 2543 κατά
603 2487 819 2561 ἀγάπην
847 2497 920 2561 τῷ
952 2491 1174 2548 πλησίον
1200 2491 1642 2562 ὑποτασσόμενος.
1691 2489 1872 2552 Ὅπως

253 2575 340 2630 οὖν
369 2583 463 2632 καὶ
490 2578 648 2642 αὐτὸς
674 2582 807 2653 πρὸς
829 2587 958 2652 γοῦν
985 2583 1044 2632 τὸ
1081 2579 1198 2644 ἑξῆς
1223 2582 1310 2632 τὸν
1364 2587 1568 2654 πρῶτον
1632 2584 1722 2632 καὶ
1775 2583 1870 2652 μί-

257 2685 446 2738 γιστον
503 2671 696 2741 καρπὸν
748 2675 843 2723 τοῦ
906 2672 1196 2742 Πνεύματος
1272 2665 1710 2742 ἐπιδεικνύμενος,
1777 2673 1871 2727 τὴν

261 2755 508 2828 ἀγάπην,
556 2756 841 2832 ἀπορρίψῃς
889 2761 982 2831 μεν
1024 2763 1081 2812 τὸ
1137 2767 1238 2814 τῶν
1303 2758 1652 2834 ὀργιζομένων
1737 2779 1870 2813 σκυ-

264 2849 507 2920 θρωπὸν,
536 2847 651 2920 ὅπερ
699 2851 825 2919 ἡμῖν
861 2845 958 2903 διὰ
993 2857 1085 2914 τῆς
1124 2856 1325 2910 σιωπῆς
1383 2850 1700 2920 ὑποφαίνεις,
1754 2847 1872 2902 ἀνα-

260 2935 437 3008 λάϐῃς
503 2933 560 2990 δε
605 2940 781 3012 χαρὰν
847 2937 897 2992 ἐν
949 2946 1012 3010 τῇ
1067 2935 1284 3012 καρδίᾳ,
1350 2939 1557 3013 εἰρήνην
1597 2942 1722 3014 πρὸς
1752 2943 1874 3004 τοὺς

265 3025 581 3099 ὁμοφύχονς
609 3036 708 3080 τῶν
745 3024 1002 3101 ἀδελφῶν,
1038 3024 1278 3088 σπουδὴν
1308 3033 1394 3083 καὶ
1438 3033 1688 3104 μέριμναν
1743 3031 1870 3104 ὑπὲρ

2679 1413 2954 1470 Atarbio.

2057 1497 2272 1570 Ecquis
2297 1499 2404 1555 erit
2436 1499 2654 1558 silentii
2683 1501 2842 1573 finis,
2871 1502 2920 1559 si
2955 1517 3064 1574 ego
3095 1503 3285 1560 aetatis
3310 1520 3642 1579 reposcens

1978 1585 2139 1656 jura,
2189 1595 2532 1661 exspectem
2582 1607 2619 1647 a
2658 1596 2712 1648 te
2742 1590 2868 1648 ﬁeri
2895 1591 3132 1648 initium
3174 1594 3500 1665 salutandi,
3541 1601 3646 1655 tua

1985 1680 2187 1733 autem
2233 1677 2470 1736 dilectio
2515 1679 2742 1736 diutius
2787 1680 2927 1738 velit
2973 1682 3033 1738 in
3083 1682 3244 1738 malo
3293 1685 3646 1758 quiescendi

1985 1765 2236 1823 consilio
2262 1783 2645 1840 perseverare
2677 1771 2704 1826 ?
2736 1770 2851 1828 Sed
2879 1787 3018 1828 cum
3049 1787 3162 1842 ego
3191 1774 3365 1846 158
3390 1776 3450 1831 in
3487 1775 3644 1834 ami-

1985 1854 2121 1911 citia
2152 1855 2304 1911 vinci
2337 1857 2500 1916 idem
2531 1858 2727 1914 valere
2758 1859 3092 1916 existimem
3125 1877 3196 1918 ac
3222 1866 3482 1927 vincere.
3507 1880 3644 1938 pro-

1982 1943 2154 2000 ﬁteor
2197 1961 2292 2000 me
2346 1945 2451 2001 tibi
2499 1947 2830 2004 concedere
2876 1949 2992 2006 hoc
3034 1949 3233 2006 laudis
3261 1955 3315 2007 et
3340 1952 3544 2024 gloria
3574 1954 3638 2011 in

1983 2034 2219 2108 propria
2248 2036 2541 2092 sententia
2565 2037 2882 2097 retinenda
2929 2039 3218 2098 studium.
3267 2044 3400 2115 Ipse
3440 2048 3642 2102 autem

1981 2126 2146 2198 prior
2166 2127 2243 2182 ad
2266 2127 2654 2185 scribendum
2669 2130 2917 2201 accessi,
2932 2145 3057 2187 non
3077 2130 3367 2203 ignorans
3388 2133 3644 2194 charita-

1981 2217 2101 2271 tem
2116 2215 2324 2273 omnia
2339 2216 2818 2282 suﬁ‘erre,omnia
2839 2236 2904 2274 su
2914 2220 3462 2295 stinere,nusquam
3475 2225 3644 2296 quod

1984 2323 2162 2362 suum
2186 2311 2585 2381 estqumrere;
2609 2314 2982 2383 quapropter
3008 2325 3347 2386 numquam
3368 2314 3608 2372 excidit"
3624 2358 3638 2377 .

1983 2397 2132 2452 Nam
2146 2395 2322 2468 dejici
2335 2412 2456 2452 non
2471 2398 2802 2471 potest,qui
2815 2414 2875 2454 se
2890 2414 2994 2472 per
3008 2399 3355 2460 charitatem
3365 2403 3642 2477 proximo

1984 2484 2298 2542 submittit.
2346 2488 2456 2542 Fac
2502 2486 2682 2557 igitur
2706 2491 2762 2544 et
2790 2487 2918 2561 ipse
2948 2489 3159 2546 saltem
3188 2489 3475 2566 deinceps
3529 2495 3644 2568 pri-

1984 2592 2144 2630 mum
2175 2580 2233 2631 et
2269 2577 2607 2633 maximum
2659 2577 2910 2651 Spiritus
2955 2578 3240 2649 fructum,
3284 2581 3641 2644 charitatem

1982 2680 2107 2736 praa
2163 2669 2219 2722 te
2268 2665 2483 2732 ferens,
2548 2667 2832 2738 projicias
2880 2668 3266 2726 irascentium
3321 2670 3638 2748 tristitiam,

1983 2770 2173 2827 quam
2206 2755 2382 2812 nobis
2408 2772 2515 2828 per
2547 2756 2852 2814 silentium
2883 2757 3226 2826 declarasti,
3255 2764 3309 2816 et
3331 2759 3643 2833 concipias

1984 2845 2163 2901 corde
2189 2844 2475 2915 laetitiam,
2501 2861 2716 2918 pacem
2739 2862 2877 2902 cum
2899 2846 3184 2904 fratribus
3203 2847 3364 2905 idem
3388 2849 3644 2907 sentien-

1985 2934 2166 3006 tibus,
2205 2934 2473 2991 studium
2523 2939 2581 2990 et
2612 2934 3074 2992 sollicitudinem
3102 2952 3211 3010 pro
3242 2936 3641 2998 Ecclesiarum

1986 3025 2223 3083 Domini
2251 3026 2665 3098 perpetuitate.
2690 3026 2932 3084 Noveris
2954 3026 3134 3099 enim,
3159 3027 3278 3084 nisi
3299 3043 3508 3102 parem
3530 3043 3641 3084 nos

262 3091 358 3178 της
516 3115 836 3175 Ἐκιιλησιῶν
883 3091 1001 3188 ’(39)
1053 3125 1145 3172 τοῦ
1197 3123 1391 3192 Κυρίου
1438 3091 1727 3190 ’δίαμονῆᾳ
1784 3091 1870 3172 Γί-

1992 3114 2256 3172 laborem
2275 3132 2384 3188 pro
2417 3115 2690 3172 Ecclesiis
2722 3116 3144 3188 suscipiamus,
3202 3133 3272 3174 ac
3322 3133 3482 3176 sanae
3532 3119 3640 3174 do-

253 3225 426 3260 νωσκε
481 3210 607 3280 γὰρ,
663 3209 767 3272 ὅτι,
827 3207 871 3260 εἰ
936 3211 1006 3280 μὴ
1047 3211 1134 3264 τόν
1192 3211 1308 3262 ἴσον
1362 3211 1509 3282 ἡμεῖς
1539 3207 1715 3282 ἀγῶνα
1744 3211 1870 3283 ὑπὲρ

249 3306 353 3349 τῶν
384 3295 712 3356 Ἐκκλησιῶν
736 3296 1097 3369 ἀναλάϐοιμεν,
1131 3300 1322 3352 ὁπόσον
1351 3301 1571 3370 ἔχουσιν
1631 3302 1679 3352 οἱ
1732 3298 1874 3352 ἀντι-

251 3407 481 3460 κειμενοι
539 3396 605 3462 τῇ
663 3389 975 3462 ὑγιαινούσῃ
1038 3385 1368 3461 διδασκαλίᾳ
1433 3389 1506 3451 εἰς
1567 3391 1872 3464 καθαίρεσιν

250 3478 425 3531 αὐτῶν
477 3481 568 3532 καὶ
621 3477 845 3538 παντελῆ
899 3481 1212 3552 ἀφανισμόν,
1259 3475 1412 3534 οὐδεν
1468 3482 1528 3532 τὸ
1577 3479 1770 3533 κωλύον
1802 3482 1874 3533 οἶ-

251 3571 458 3640 χεσθαι
517 3572 612 3641 μεν
671 3576 1068 3644 παρασυρεῖσαν
1117 3571 1218 3624 ὑπό
1276 3578 1376 3622 τῶν
1402 3574 1516 3638 (40)
1543 3569 1747 3644 ἔχθρῶν
1779 3575 1872 3629 τὴν

257 3656 525 3729 ἀλήθειαν,
578 3658 997 3733 παραπολαῦσαι
1045 3655 1104 3712 δὲ
1158 3678 1212 3711 τι
1267 3664 1357 3714 καὶ
1395 3661 1536 3732 ἡμᾶς
1564 3668 1656 3717 τοῦ
1686 3664 1874 3733 κρίμα-

251 3768 363 3818 τος,
404 3754 478 3821 μὴ
533 3749 681 3821 πάσῃ
743 3744 952 3822 σπονδῇ
1003 3752 1086 3801 καὶ
1143 3750 1416 3825 προθυμίᾳ
1471 3748 1519 3805 ἂν
1570 3751 1870 3823 ὁμονοίᾳτῇ

253 3843 384 3913 πρὸς
438 3837 700 3900 ἀλλήλους
755 3843 847 3891 καὶ
908 3843 1173 3911 συμπνοίᾳ
1229 3847 1291 3910 τῇ
1335 3841 1472 3893 κατά
1501 3843 1587 3894 τὸν
1620 3844 1748 3894 Θεὸν
1779 3844 1874 3898 τὴν

261 3925 613 4001 ἐνδεχομνην
645 3932 898 4001 μέριμναν
928 3929 1054 4003 ὑπερ
1105 3937 1196 3990 τῆς
1223 3928 1451 3992 ἐνώσεως
1500 3938 1600 3984 τῶν
1651 3929 1874 3988 Ἐκκλη-

260 4028 391 4072 σιῶν
424 4015 854 4091 ὶπιδειξαμένους
880 4019 1012 4091 (41).
1048 4019 1340 4095 Παρακαλῶ
1395 4015 1502 4087 οὖν,
1563 4018 1742 4073 ἔκϐαλε
1787 4027 1876 4081 τῆς

262 4115 500 4161 σεαυτοῦ
529 4107 710 4179 ψυχῆς
738 4111 797 4160 τὸ
820 4109 1026 4162 οἴεσθαι
1067 4105 1294 4182 μηδενός
1347 4108 1520 4182 ἑτέρου
1574 4109 1641 4170 εἰς
1688 4129 1876 4162 κοινω-

262 4217 383 4249 νιαν
407 4193 778 4270 προσδεῖσθαι.
814 4197 891 4249 Οὐ
921 4200 1023 4270 γὰρ
1080 4201 1218 4251 κατά
1277 4197 1487 4270 ἀγάπην
1537 4206 1878 4273 περιπατοῦν-

257 4306 350 4350 τος
376 4283 509 4339 οὐδέ
536 4286 857 4362 πληροῦντός
888 4286 1004 4341 ἔστι
1031 4292 1126 4346 τὴν
1154 4287 1359 4347 ἐντολὴν
1382 4287 1496 4360 (42)
1522 4297 1612 4342 τοῦ
1640 4297 1875 4363 Χριστοῦ

259 4385 356 4438 τῆς
382 4380 514 4452 πρὸς
542 4381 666 4438 τοὺς
700 4373 955 4450 ἀδελφοὺς
1007 4382 1286 4450 συναφείας
1316 4377 1496 4431 ἑαυτὸν
1551 4376 1871 4452 ἀποτέμνειν.

1986 3206 2189 3264 ctrinae
2205 3205 2539 3263 adversarii
2566 3205 2645 3262 ad
2664 3221 2874 3262 earum
2896 3206 3270 3264 eversionem
3297 3211 3354 3264 et
3373 3207 3642 3266 cumula-

1985 3298 2111 3352 tam
2129 3295 2366 3351 ruinam
2403 3314 2416 3364 ;
2445 3295 2592 3351 nihil
2623 3295 2916 3368 impedire
2947 3296 3276 3368 quominus
3301 3296 3517 3353 veritas
3561 3296 3640 3352 ab

1983 3383 2242 3440 inimicis
2274 3400 2484 3441 eversa
2512 3388 2737 3457 pereat.
2771 3399 2842 3440 ac
2863 3384 3389 3442 condemnationis
3420 3391 3478 3443 et
3526 3386 3643 3459 ipsi

1985 3475 2308 3548 participes
2335 3475 2547 3544 simus,
2579 3474 2742 3547 quod
2775 3489 2898 3531 non
2921 3475 3088 3530 omni
3109 3476 3306 3534 studio
3320 3481 3500 3548 atque
3515 3476 3641 3533 ala-

1985 3564 2190 3622 critate
2220 3564 2281 3620 in
2310 3569 2521 3620 mutua
2553 3563 2880 3621 concordia
2910 3580 2980 3620 ac
3000 3564 3060 3620 in
3082 3564 3175 3620 his
3189 3581 3325 3638 quae
3349 3565 3426 3622 ad
3453 3568 3640 3626 Deum

1986 3658 2257 3726 spectant
2284 3653 2749 3726 conspiratione,
2768 3652 3232 3710 sollicitudinem
3258 3669 3369 3727 pro
3386 3653 3539 3711 virili
3561 3653 3640 3712 ad

1986 3743 2384 3800 Ecclesiarum
2415 3741 2906 3812 conjunctionem
2932 3742 3397 3798 ostenderimus.
3431 3745 3642 3800 Hortor

1984 3833 2182 3903 igitur,
2213 3833 2370 3888 hanc
2395 3831 2742 3904 opinionem
2771 3847 2841 3887 ex
2859 3831 3063 3888 animo
3090 3836 3192 3887 tuo
3213 3831 3440 3900 eiicias,
3463 3836 3518 3889 te
3540 3847 3641 3889 ne-

1987 3924 2148 3980 mine
2178 3922 2296 3978 alio
2323 3921 2402 3978 ad
2432 3921 2922 3977 communionem
2961 3921 3248 3990 indigere.
3302 3924 3427 3978 Non
3478 3922 3640 3981 enim

1986 4018 2042 4069 et
2055 4013 2162 4070 viri
2188 4017 2524 4070 secundum
2543 4010 2892 4067 charitatem
2915 4009 3642 4077 ambulantis,autChristi

1983 4103 2180 4173 legem
2220 4100 2627 4174 adimplentis,
2681 4115 2813 4159 sese
2854 4117 2890 4157 a
2935 4100 3184 4157 fratrum
3211 4101 3640 4173 conjunctione

1988 4192 2364 4250 abscindere.
2402 4191 2588 4250 Simul
2620 4194 2824 4248 autem
2847 4189 3025 4248 velim
3047 4194 3104 4246 et
3122 4190 3265 4247 illud
3293 4192 3512 4261 cogitet
3536 4191 3642 4248 bo-

1987 4299 2102 4338 nus
2126 4287 2266 4340 tuus
2288 4281 2550 4351 animus,
2583 4279 2722 4336 belli
2751 4279 2983 4336 malum
3005 4279 3171 4352 quod
3199 4280 3261 4336 in
3282 4281 3491 4337 orbem
3524 4281 3637 4338 cir-

1988 4373 2344 4444 cumagitur,
2382 4370 2630 4427 tandem
2662 4369 2996 4442 aliquando
3021 4370 3102 4425 ad
3124 4386 3236 4426 nos
3277 4369 3457 4426 etiam
3505 4385 3638 4442 per-

261 4446 506 4538 Ἀμοίδε
544 4465 752 4520 κάκεῖνο
776 4446 1085 4539 λογίζεσθαι
1110 4446 1204 4526 την
1227 4470 1430 4540 ἀγαθήν
1451 4488 1547 4521 σου
1568 4446 1874 4543 προαίρεσιν

1992 4468 2310 4519 venturum
2347 4477 2361 4526 ;
2389 4476 2460 4517 ac
2482 4460 2529 4515 si
2550 4475 2663 4515 nos
2681 4474 2927 4532 quoque
2951 4474 3073 4514 una
3093 4475 3232 4515 cum
3253 4457 3383 4515 aliis
3404 4458 3637 4530 injurias

265 4554 550 4630 βούλομαι,
582 4557 663 4610 ὅτι
690 4559 750 4610 τὸ
779 4564 872 4609 τοῦ
897 4556 1124 4630 πολέμου
1154 4568 1314 4612 κακον
1338 4557 1512 4631 κύκλῳ
1538 4562 1736 4632 περιιὸν
1771 4559 1883 4630 (43)

340 4682 360 4715 τ
397 4683 418 4736 Ι
447 4683 578 4740 Cor.
603 4697 726 4754 xm,
758 4687 789 4737 7
824 4697 957 4756 sqq.

483 4805 762 4885 Ἀταρϐίῳ.
791 4805 991 4885 Codex
1021 4807 1528 4885 Claromontanus
1578 4810 1877 4885 Αὐταρκιῳ.

331 4880 453 4951 (36)
490 4879 767 4955 Παρά-σου
787 4880 1053 4950 γενέσθαι.
1113 4879 1266 4955 Εᾱὶιί
1318 4884 1482 4955 παρά-
1515 4890 1611 4934 σοῦ
1668 4879 1757 4954 μοι
1785 4879 1876 4954 γε·

249 4949 465 5020 νέσθαι,
481 4949 591 5024 sed
614 4949 760 5024 illud
777 4949 868 5024 μοι
878 4951 1308 5024 expunximus,
1322 4949 1488 5024 quod
1505 4958 1559 5009 et
1573 4949 1878 5010 sententias

254 5025 523 5080 nitorem
537 5021 721 5086 laedit,
741 5021 865 5078 etin
880 5021 1302 5086 antiquissimo
1315 5021 1522 5080 codice
1538 5026 1810 5081 Medicam
1824 5030 1881 5082 et

262 5095 439 5168 Coisl.
465 5095 672 5168 primo
693 5093 878 5155 deest.
904 5095 964 5148 in
989 5093 1117 5149 aliis
1139 5100 1343 5168 autem
1366 5096 1677 5152 codicibus
1715 5113 1877 5152 nunc

260 5172 400 5239 post
421 5167 620 5239 ἀρχὴν,
653 5181 817 5239 nunc
843 5171 979 5239 post
996 5167 1240 5239 γενέσθαι
1270 5168 1513 5238 ponitur
1537 5183 1550 5233 ;
1578 5168 1737 5224 unde
1754 5184 1876 5225 non

264 5221 534 5293 absurba
555 5221 828 5309 suspicio
844 5221 1300 5309 hanc'voculain
1315 5221 1347 5294 ὁ
1362 5221 1878 5308 ὦὲιιίςίἡῖἱῖίοοηῖ

264 5313 494 5365 textum
512 5309 591 5365 ad
604 5307 995 5366 librariorum
1007 5307 1321 5365 arbitrium
1341 5309 1656 5367 inductum
1672 5312 1876 5368 fuisse.

333 5385 442 5448 (38)
465 5382 770 5456 'Hovziag.
801 5380 1080 5456 Quinque
1128 5380 1367 5456 codices
1425 5398 1570 5456 mss.
1625 5403 1879 5456 συκοφαν-

269 5455 478 5519 τίας,ἱη
493 5451 646 5510 malo
668 5451 1097 5510 calumniandi
1118 5453 1516 5520 consilio;sed.
1542 5451 1874 5522 Harl.,Med.

272 5527 331 5598 et
347 5525 512 5583 Coisl.
530 5526 767 5598 primus
784 5524 966 5590 longe
984 5522 1355 5598 antiquiores
1368 5524 1611 5598 habent,
1625 5531 1688 5598 ut
1713 5526 1876 5598 editi.

270 5594 361 5648 Sic
388 5594 555 5654 etiam
585 5599 1102 5656 Claromontanus
1136 5594 1343 5654 Codex.
1384 5597 1572 5653 Credo
1600 5597 1878 5654 librarios

267 5666 488 5723 idcirco
509 5671 664 5728 hanc
694 5681 923 5726 vocem
949 5671 1302 5738 συκοφαντίας
1328 5668 1392 5724 in
1424 5673 1652 5725 textum
1698 5669 1878 5724 indu-

263 5737 442 5808 xisse,
464 5745 602 5817 quia
628 5738 926 5801 Atarbius
945 5737 1190 5811 magnis
1236 5739 1528 5798 Basiliam
1557 5739 1877 5799 calumniis

1988 4551 2309 4626 participes
2356 4549 2566 4617 simus,
2612 4563 2736 4605 non
2764 4547 3138 4618 inventuros,
3185 4547 3291 4621 qui
3320 4546 3642 4605 commise-

1990 4801 2294 4878 appetivit,
2325 4804 2397 4878 _ut
2422 4799 2625 4878 videre
2647 4802 2736 4878 est
2756 4797 3182 4878 in‘epistsl‘zti.

2061 4868 2172 4950 (‘39)
2196 4868 2730 4950 _'Exic).nalcbv:_Hat‘l.
2772 4868 2940 4950 addit
2962 4876 3054 4950 τρο
3078 4941 3087 4948 ⁸
3115 4876 3272 4950 Θεοῦ.

2059 4940 2164 5016 (40]
2195 4946 2317 4998 ’Υπὸ
2356 4954 2474 4999 τῶν.
2512 4943 2604 5016 Sic
2631 4947 2748 4996 tres
2794 4940 3181 5016 vetustissimi
3223 4940 3462 5016 codices
3503 4958 3643 4999 cum

1989 5013 2263 5093 plm‘ibus
2294 5013 2625 5093 aliis._liditl
2683 5014 2827 5093 παρὰ
2854 5020 2990 5093 τῷν...
3035 5015 3165 5093 Mox
3203 5013 3356 5093 editi
3404 5034 3644 5091 παραπο-

1987 5085 2180 5143 λαῡσαι
2208 5093 2313 5141 ἔπι.
2350 5085 2596 5140 Codices
2626 5085 2810 5138 modo
2834 5085 2992 5140 citati
3017 5089 3078 5138 ut
3107 5085 3167 5139 in
3200 5089 3380 5142 textu.

2062 5164 2178 5233 (41)
2229 5155 2698 5229 Ἐπιὸειξαμένους.
2756 5154 2906 5211 Med.
2986 5152 3407 5230 ἐπιδεξαμένους,
3463 5159 3644 5213 susci-

2033 5238 2235 5292 tentes.

1986 5251 2304 5376 “ﬁgi-iv
2361 5299 2584 5360 ἐντολὴν.
2647 5297 2739 5356 Sic
2789 5302 2904 5355 tres
2952 5298 3343 5357 vetustissimi
3386 5297 3642 5355 codices.

1990 5379 2146 5436 Editi
2175 5380 2260 5430 τὸν
2291 5381 2465 5436 νόμον.

2211 5429 2438 5520 Περιίόν.
2473 5443 2566 5520 Sic.
2595 5457 2743 5520 mss.
2774 5440 2925 5520 Ediﬁ
2964 5445 3176 5520 περιίοι.
3226 5438 3646 5520 ibidemediti

1991 5510 2320 5577 ὒϐοιίΤνεὲε
2351 5512 2746 5574 vetustissimi
2775 5510 3106 5569 codices'ut
3132 5513 3193 5566 in
3219 5516 3401 5568 textu.
3439 5510 3646 5566 Liben-

1991 5600 2076 5652 ter
2099 5589 2438 5664 legerem_ei
2467 5588 2715 5664 καὶ-πρὸς
2744 5586 2886 5664 ημᾶς
2921 5583 3163 5664 εἰσέλθοι,
3189 5584 3242 5638 si
3263 5582 3345 5640 ad
3363 5597 3466 5640 nos
3510 5597 3645 5653 per-

1990 5653 2242 5736 venerit.
2274 5653 2760 5736 Sedinoniavent
2779 5653 2940 5736 mss.
2957 5653 3214 5712 codices.

2063 5743 2081 5762 '
2107 5735 2267 5793 Alias
2287 5732 2602 5792 CCCLXIII.
2629 5726 2862 5799 Scripta
2891 5726 3051 5784 circa
3079 5739 3178 5784 an.
3212 5728 3338 5782 371.
