4078 6406
499 319 604 374 423
1879 319 1936 378 S.
1979 315 2120 374 BAS?

2269 317 2492 376 MAGNI
3763 330 3862 387 424

498 445 762 511 rescant,
820 456 892 500 eo
935 442 1103 516 quod
1139 440 1355 500 laetitias
1409 447 1678 517 tempore
1703 444 1775 500 iis
1803 444 1906 518 qui
1934 443 2120 515 injuri

2275 448 2364 497 καὶ
2425 449 2550 520 πρὸς
2610 449 2746 521 ἡμᾶς
2811 448 3035 502 εἰσέλθοι
3095 450 3242 519 ποτε,
3292 447 3387 501 κᾶν
3444 452 3577 523 μετὰ
3632 461 3729 505 τῶν
3780 455 3859 508 οἰλ-

499 529 922 588 aﬂiciebantur
952 533 1492 590 commiserationis
1517 533 1861 606 symbolam
1879 549 1999 590 non
2023 549 2120 589 ero

2269 532 2367 585 λων
2445 540 2535 588 καὶ
2615 539 2761 610 ἡμεῖς
2849 546 2943 600 τῆς
3038 538 3280 614 ἐπηρείας
3362 539 3857 616 παραπολαύσωμεν,

498 620 873 691 gaverimus.
2268 621 2393 678 οὐδὲ
2457 630 2574 688 τοὺς
2620 627 3000 700 συναλγοῦντας
3048 628 3352 704 εύρηεομεν,
3413 625 3508 682 διὰ
3536 635 3595 683 τὸ
3629 629 3677 683 ἐν
3707 643 3864 706 καιρῷ

2263 722 2360 774 τῆς
2410 715 2654 790 εὐθυμίας
2710 720 2821 786 (44)
2870 727 2978 790 μῶν
3045 723 3118 791 μὴ
3177 717 3711 792 ὴπροατακϐαλέσθαι
3763 730 3864 786 τοῖς

2265 800 2605 869 ἠδικημένοις
2635 810 2722 860 τὸν
2752 817 2842 868 τῆς
2875 809 3200 881 συμπαθείας
3231 810 3427 883 ἔρανον.

1033 929 1374 985 EPISTULA
1406 929 1612 986 LXVI'.

2817 938 3158 986 ΕΠΙΣΤΟᾹΗ
3197 931 3311 988 ΞΖ.

497 1055 688 1124 Rogat
719 1054 1121 1110 Athanasium
1154 1054 1442 1129 Basilius,
1475 1060 1536 1109 ut
1562 1053 1971 1129 Occidentales
1993 1054 2076 1110 ad
2094 1055 2531 1129 sucarrendum
2559 1057 2792 1113 Orienti
2813 1059 3031 1114 excitet
3051 1070 3076 1129 ,'
3100 1064 3155 1114 et
3178 1073 3307 1114 cum
3326 1057 3638 1116 dissidz'um
3660 1060 3864 1117 Antio-

1270 1125 1522 1182 chenum
1549 1126 1712 1182 solus
1732 1125 1942 1182 sedare
1960 1128 2168 1196 possit,
2204 1127 2365 1185 hanc
2385 1129 2756 1197 provinciam
2783 1125 3093 1198 suscipiat.

744 1250 1108 1319 Athanasio,
1164 1252 1437 1320 episcopo
1470 1251 1889 1307 Alexandria}.

2532 1253 2849 1326 Ἀθανασίῳ,
2884 1251 3152 1327 ἐπισκόπῳ
3183 1251 3595 1330 Ἀλεξανδρείας,

567 1345 620 1396 t.
657 1340 887 1397 Nemini
914 1340 1168 1396 arbitror
1194 1344 1429 1396 tantum
1461 1339 1685 1396 doloris
1731 1340 1944 1396 afferre
1987 1357 2148 1414 prae-

493 1435 727 1487 sentem
755 1429 1156 1486 licclesiarum
1190 1435 1437 1497 statum,
1473 1445 1580 1484 seu
1606 1429 1824 1502 potius,
1860 1435 1924 1486 ut
1947 1430 2149 1486 verius

486 1517 719 1593 loquar,
747 1519 1189 1588 confusionem,
1237 1524 1536 1593 quantum
1589 1519 1949 1592 preestanlite
2007 1524 2143 1586 tute,

487 1609 592 1682 qui
623 1624 946 1682 comparas
970 1625 1108 1664 cum
1128 1609 1338 1680 priscis
1359 1609 1699 1681 prtesentia,
1725 1613 2146 1681 quantumque

485 1681 610 1754 haec
652 1697 732 1754 ab
770 1681 886 1753 illis
939 1697 1176 1767 distent,
1227 1697 1525 1768 intelligis,
1554 1697 1782 1753 acillud
1807 1700 1985 1754 etiam
2008 1714 2120 1754 con

2254 1708 2421 1752 ταῦτα
2469 1700 2668 1753 ἐκείνων
2717 1701 3028 1764 ἐξήλλακται
3090 1701 3443 1775 λογιζόμενον,
3509 1708 3598 1756 καὶ
3656 1706 3738 1757 ὅτι
3819 1706 3862 1758 εἰ

487 1787 740 1859 sideras,
775 1789 822 1843 si
854 1804 949 1844 res
979 1787 1195 1844 eodem
1221 1787 1450 1860 impetu
1481 1787 1540 1842 in
1570 1788 1743 1860 pejus
1774 1787 2120 1844 dilabantur

2253 1792 2389 1841 κατὰ
2441 1795 2528 1848 την
2582 1790 2745 1848 αύτὴν
2797 1792 2929 1862 ὁμὴν
2987 1790 3228 1866 ύποῤῥέοι
3286 1792 3400 1862 (45)
3437 1790 3520 1844 ἐπὶ
3556 1795 3614 1844 τὸ
3676 1802 3858 1869 χεῖρον

485 1877 634 1933 nihil
661 1877 1134 1952 prohibiturum,
1177 1877 1504 1950 quominus
1556 1877 1827 1934 Ecclesiae
1869 1877 2038 1934 brevi
2078 1879 2141 1934 in

483 1967 664 2024 aliam
696 1967 1025 2040 quamdam
1050 1966 1309 2022 formam
1359 1967 1597 2038 penitus
1645 1971 2137 2023 transmutentur.

484 2058 621 2113 Haac
679 2074 844 2130 saepe
896 2073 1138 2113 mecum
1193 2056 1322 2129 ipse
1368 2057 1644 2128 cogitavi,
1690 2057 1738 2112 si
1768 2056 1945 2112 nobis
1985 2055 2139 2113 adeo
2249 2063 2337 2120 τὰς

481 2145 843 2203 miserabilis
864 2145 1262 2202 Ecclesiarum
1291 2145 1646 2219 depravatio
1679 2145 1932 2216 videtur,
1969 2145 2113 2218 qua]

2247 2169 2394 2222 μενος
2462 2146 2757 2217 διενοήθην,
2822 2151 2902 2202 ὅτι
2970 2149 3012 2202 εἰ
3079 2151 3202 2222 ἡμῖν
3269 2149 3430 2211 ούτως
3495 2149 3679 2210 ἐλεεινὴ
3750 2161 3847 2204 τῶν

480 2251 620 2292 eum
651 2237 856 2292 animo
886 2235 979 2292 his
1012 2235 1073 2291 in
1105 2237 1287 2291 rebus
1318 2251 1452 2291 esse
1483 2251 1593 2307 par
1625 2235 1718 2303 sit,
1747 2235 1851 2307 qui
1874 2235 2136 2307 priscam

477 2325 968 2398 tranquillitatem
998 2325 1172 2397 159
1194 2329 1250 2380 et
1278 2324 1340 2380 in
1367 2324 1485 2380 ﬁde
1517 2324 1905 2380 concordiam
1938 2325 2132 2381 Eccle-

478 2414 706 2471 siarum
738 2414 976 2470 Domini
1022 2418 1304 2486 expertus
1336 2417 1478 2471 est?
1501 2419 1570 2470 At
1610 2414 2135 2488 quemadmodum

475 2503 744 2578 plurima
773 2519 916 2576 pars
939 2503 1162 2560 doloris
1189 2503 1268 2558 ad
1293 2504 1705 2576 praestantiam
1728 2509 1896 2560 tuam
1929 2520 2134 2577 perve-

477 2593 584 2660 nit,
618 2593 701 2648 ita
721 2593 931 2648 decere
963 2591 1351 2661 arbitramur,
1377 2597 1440 2648 ut
1479 2599 1534 2648 et
1557 2591 1972 2648 sollicitudinis
2022 2610 2134 2666 pro

476 2682 755 2738 Ecclesiis
785 2681 1048 2754 plurima
1085 2680 1164 2738 ad
1198 2686 1362 2737 tuam
1389 2680 1774 2753 prudentiam
1819 2682 2127 2753 pertineat.

475 2770 716 2827 Dudum
744 2770 887 2827 novi
925 2774 979 2826 et
1010 2770 1158 2842 ipse,
1193 2787 1304 2842 pro
1335 2770 1625 2826 mediocri
1646 2787 1784 2828 mea
1802 2787 2004 2827 rerum
2025 2788 2131 2829 no-

473 2859 620 2929 titia,
652 2875 838 2915 unam
872 2874 1001 2915 esse
1033 2858 1309 2915 Ecclesiis
1340 2859 1562 2914 nostris
1606 2859 1812 2916 auxilii
1851 2861 2036 2931 viam,
2081 2862 2120 2918 si

2240 2888 2412 2927 νησει.
2446 2867 2614 2920 Πάλαι
2646 2864 2770 2920 οἶδα
2797 2872 2888 2919 καὶ
2918 2866 3096 2932 αὐτὸς,
3129 2868 3267 2918 κατὰ
3299 2870 3393 2924 τὴν
3417 2865 3849 2938 ξένυποξρχουσοὲν

471 2949 793 3006 nobiscum
824 2950 1167 3022 conspirent
1201 2948 1613 3005 Occidentales
1657 2951 1944 3022 episc0pi.
1980 2954 2120 3008 Nam

2240 2978 2329 3031 μοι
2385 2962 2602 3032 μετρίως
2661 2965 2759 3009 τῶι
2803 2958 3124 3030 πραγμάτων
3179 2955 3496 3026 καταληψιν,
3562 2960 3689 3028 μίαν
3739 2954 3853 3009 ἐπι-

473 3039 525 3095 si
576 3039 894 3108 voluerint,
955 3039 1120 3111 quod
1153 3037 1564 3094 adhibuerunt
1609 3039 1876 3096 studium
1909 3040 1966 3095 in
2005 3057 2120 3097 uno

2240 3051 2392 3119 γνούς
2423 3043 2546 3099 ὁδὸν
2578 3045 2824 3118 βοηθείας
2851 3053 2966 3107 ταῖς
2997 3045 3116 3098 καθ’
3157 3047 3297 3118 ἡμᾶς
3351 3044 3689 3106 Ἐκκλησίαις
3751 3051 3847 3103 τήν

472 3131 578 3185 aut
629 3127 834 3198 altero,
893 3143 1174 3200 perverse
1222 3126 1282 3182 in
1317 3126 1634 3183 Occidente
1667 3129 1886 3184 sentire
1917 3129 2120 3202 depre‘

2240 3140 2379 3211 παρα
2432 3143 2530 3188 τῶν
2589 3132 2818 3187 δυτικῶν
2878 3133 3178 3187 ἐπισκόπων
3240 3136 3553 3207 σύμπνοιαν.
3623 3134 3684 3188 Εἰ
3743 3137 3846 3210 γὰρ

468 3218 701 3282 hensis,
727 3217 872 3273 illud
895 3217 1073 3274 etiam
1092 3232 1200 3289 pro
1214 3220 1555 3272 nostrarum
1578 3217 1836 3290 partium
1861 3219 2120 3291 paruecia

2240 3224 2557 3298 βουληθεῖεν,
2618 3223 2672 3276 ὃν
2726 3223 2966 3276 ἀνέλαϐον
3028 3225 3155 3297 ὑπὲρ
3211 3223 3316 3284 ένος
3367 3223 3396 3282 ἦ
3446 3219 3544 3275 δύο
3590 3225 3705 3294 (57)
3744 3231 3848 3276 τῶν

469 3308 785 3365 ostendere
815 3325 826 3373 ;
858 3308 1109 3384 fortasse
1133 3306 1315 3361 rebus
1340 3307 1771 3362 communibus
1802 3323 1921 3363 non
1977 3308 2120 3364 nihil

2240 3317 2369 3367 κατὰ
2416 3323 2509 3373 τῆν
2551 3310 2707 3366 δύσιν
2770 3311 2854 3365 ἐπὶ
2909 3309 3200 3385 κακοδοξίᾳ
3257 3313 3594 3386 φωραθέντων
3664 3311 3844 3380 ζῆλον,

467 3397 789 3454 accesserit
811 3395 1099 3461 utilitatis,
1123 3396 1483 3468 imperatore
1501 3395 1900 3452 multitudinis
1921 3405 2124 3456 aucto-

465 3487 704 3543 ritatem
734 3491 1039 3542 reverente
1061 3490 1116 3540 et
1137 3484 1379 3556 populis
1412 3484 1634 3557 ubique
1661 3486 1824 3558 ipsos
1850 3487 1979 3543 sine
2009 3488 2122 3544 du-

465 3575 569 3632 bio
601 3574 1014 3648 sequentibus.
1044 3574 1189 3640 Quis
1235 3579 1437 3629 autem
1479 3575 1557 3629 ad
1592 3574 1721 3630 haec
1751 3576 2123 3647 perﬁcienda

465 3667 764 3739 potentior
785 3663 1346 3738 estprudentiatua?
1366 3664 1501 3736 quis
1523 3665 1602 3720 ad
1623 3665 1957 3722 videndum
1975 3669 2125 3740 quid

463 3756 676 3814 deceat
704 3756 982 3812 acutior?
1013 3755 1148 3827 quis
1171 3753 1251 3810 ad
1290 3753 1659 3826 perﬁcienda
1701 3771 1839 3828 quae
1869 3763 2126 3828 prosunt

461 3846 762 3904 efﬁcacior
803 3847 830 3902 ?
873 3845 1008 3918 quis
1055 3843 1132 3900 ad
1185 3843 1520 3899 dolendum
1581 3861 1653 3900 ex
1684 3845 1936 3901 fratrum
1969 3847 2120 3904 affli-

461 3936 626 3992 tione
655 3935 1015 4008 propensior
1031 3935 1059 3991 ἲ)
1077 3934 1214 4006 quis
1239 3949 1534 4006 perquam
1556 3936 1884 3991 reverenda
1906 3937 2121 3994 canitie

460 4028 567 4080 tua
596 4023 900 4080 Occidenti
927 4023 1029 4078 toti
1054 4021 1454 4077 venerabilior
1478 4024 1505 4078 ‘?
1537 4022 1822 4096 Relinque
1871 4025 2120 4098 aliquod

461 4117 926 4168 monumentum
956 4110 1333 4181 mortalibus,
1373 4115 1475 4166 tua
1497 4111 1737 4168 vivendi
1763 4114 1994 4171 ratione
2025 4116 2120 4172 di-

461 4217 671 4272 gnum,
707 4203 872 4256 Pater
899 4201 953 4255 in
986 4199 1194 4272 primis
1221 4199 1584 4256 venerande.
1612 4204 1964 4259 Innumeros
1985 4205 2120 4261 illos

458 4307 570 4364 pro
607 4291 823 4364 pietate
850 4289 1187 4346 exantlatos
1209 4288 1450 4345 labores
1476 4289 1591 4346 hoc
1624 4307 1747 4346 uno
1769 4291 1927 4348 facto
1945 4310 2117 4350 exor-

457 4397 572 4438 na:
605 4381 772 4437 mitte
803 4380 1038 4452 aliquos
1068 4396 1140 4434 ex
1173 4385 1382 4435 sancta
1411 4383 1513 4435 tua
1544 4381 1804 4438 Ecclesia
1843 4382 1999 4440 viros
2053 4385 2114 4440 in

2240 4392 2418 4462 Πάτερ.
2466 4393 2599 4450 Τοὺς
2644 4392 2862 4461 μυρίους
2919 4385 3140 4449 ἐκείνους
3209 4388 3336 4461 ύπερ
3402 4394 3501 4448 τῆς
3572 4385 3846 4447 εὐσεϐείας

2328 1345 2380 1399 1.
2434 1338 2639 1396 Οὐδένα
2690 1351 2937 1396 τοσούτον
3004 1346 3237 1416 ἠγοῦμαι
3266 1344 3442 1398 λυπεῖν
3464 1350 3562 1404 τὴν
3593 1355 3861 1423 παροῦσαν

2257 1439 2357 1483 τῶν
2416 1432 2736 1492 Ἐκκλησιῶν
2794 1436 3137 1503 κατάστασιν,
3201 1434 3390 1507 μᾶλλον
3458 1431 3517 1488 δὲ
3565 1439 3858 1509 σύγχυσιν,

2259 1521 2414 1573 εἰπεῖν
2474 1521 2838 1598 ἀληθέστερον,
2885 1525 3006 1576 ὅσον
3056 1527 3150 1582 τὴν
3209 1528 3304 1583 σην
3372 1529 3674 1597 τιμιότητα·
3738 1547 3862 1600 συγ-

2262 1615 2504 1685 κρίνοντα
2560 1615 2649 1684 μεν
2693 1620 2801 1673 τοίς
2850 1611 3100 1687 ἀρχαίοις
3164 1621 3340 1682 τανῦν,
3399 1618 3489 1666 καὶ
3525 1618 3666 1689 παρὰ
3697 1621 3857 1668 πόσον

2250 1881 2315 1931 τὰ
2361 1881 2666 1954 πράγματα,
2716 1876 2868 1932 οὐδὲν
2917 1883 3064 1932 ἔσται
3123 1884 3182 1932 τὸ
3238 1879 3453 1950 κωλύον,
3506 1885 3629 1934 ε’ίσω
3679 1882 3854 1956 ὀλίγου

2248 1975 2445 2043 χρόνου
2478 1973 2603 2044 πρὸς
2631 1969 2752 2022 α”λλο
2779 1989 2826 2022 τι
2858 1979 3050 2043 σχῆμα
3106 1970 3367 2032 παντελῶς
3420 1973 3855 2046 μεθαρμοσθῆναι

2394 2060 2724 2120 Ἐκκλησίας.
2778 2065 2958 2113 Ταύτα
3016 2059 3267 2121 πολλάκις
3326 2057 3402 2112 ἐπ’
3450 2062 3678 2133 ἐμαυτοῦ
3716 2067 3854 2134 γενό-

2248 2238 2569 2296 Ἐκκλησιὼν
2618 2241 2647 2296 ἡ
2709 2243 3019 2313 παρατροπὴ
3073 2242 3468 2311 καταφαίνεται,
3527 2244 3682 2293 ποίαν
3739 2243 3854 2294 τινὰ

2248 2328 2379 2389 εἰκὸς
2426 2332 2507 2381 ἐπὶ
2563 2331 2766 2390 τούτοις
2811 2327 2998 2400 ψυχὴν
3042 2330 3182 2400 ἔχειν
3226 2331 3314 2380 τὸν
3371 2337 3466 2391 τῆς
3517 2327 3745 2405 ἀρχαίας
3773 2330 3851 2382 εύ-

2249 2419 2492 2480 σταθείας
2534 2422 2623 2470 καὶ
2671 2419 2909 2490 ὁμονοίας
2965 2423 3081 2492 περὶ
3128 2421 3222 2475 τὴν
3274 2422 3462 2470 πίστιν
3520 2427 3614 2470 τῶν
3641 2417 3844 2476 Ἐκκλη-

2248 2515 2374 2558 σιῶν
2406 2515 2496 2560 τοῦ
2540 2513 2734 2580 Κυρίου
2765 2508 2878 2576 (46)
2916 2511 3287 2581 πεπειραμένον
3319 2523 3332 2574 ;
3369 2505 3501 2559 Ἀλλ’
3551 2510 3717 2583 ὥσπερ
3783 2512 3844 2560 τὸ

2243 2596 2374 2650 πολὺ
2430 2606 2525 2658 τῆς
2593 2597 2760 2659 λύπης
2819 2602 2906 2655 τὴν
2960 2602 3058 2654 σὴν
3136 2596 3435 2656 τελειότητα
3490 2602 3845 2673 περιίσταται,

2243 2689 2405 2750 οὕτως
2445 2688 2715 2760 ηγούμεθα
2768 2693 3054 2761 προσήκειν
3114 2691 3204 2738 καὶ
3259 2694 3351 2747 τῆς
3406 2688 3532 2760 ὑπερ
3597 2696 3697 2738 τῶν
3741 2686 3856 2740 Ἐκ-

2240 2777 2470 2835 κλησιῶν
2519 2781 2771 2850 μερίμνης
2819 2781 2875 2828 τὸ
2921 2776 3068 2828 πλέον
3135 2783 3196 2848 τῇ
3259 2783 3323 2848 σῇ
3414 2772 3676 2849 διαφέρειν
3708 2776 3853 2852 ’φρο-

2233 3413 2414 3457 τοῦτον
2471 3409 2560 3456 καὶ
2603 3405 2730 3476 ὑπὲρ
2784 3410 2876 3464 τῆς
2920 3407 3199 3476 παροικίας
3235 3410 3334 3455 τῶν
3364 3402 3482 3454 καθ’
3516 3403 3652 3474 ἡμᾶς
3679 3410 3848 3475 μερῶν

2235 3491 2632 3560 ἐπιδείξασθαι,
2661 3496 2809 3565 τάχα
2852 3493 2914 3544 οἶν
2942 3512 2995 3544 τι
3020 3497 3222 3564 γένοιτο
3251 3498 3357 3552 τοῖς
3400 3499 3592 3553 κοινοῖς
3644 3491 3845 3565 ὄφελος,

2232 3593 2330 3636 τῶν
2387 3595 2441 3636 τε
2493 3585 2819 3656 κρατούντων
2876 3583 2987 3651 (48)
3031 3586 3090 3634 τὸ
3136 3580 3442 3644 ἀξιόπιστον
3473 3588 3565 3632 τού
3610 3580 3850 3645 πλήθους

2239 3671 2682 3746 δυσωπουμένων,
2763 3678 2855 3724 καὶ
2902 3680 3002 3725 τῶν
3065 3672 3371 3744 ἑκασταχοῦ
3431 3670 3566 3723 λαῶν
3628 3669 3852 3724 ἀκολου-

2235 3766 2456 3817 θούντων
2489 3764 2664 3825 αὐτοῖς
2718 3761 3118 3837 ἀναντιρρήτως.
3175 3767 3269 3824 Τίς
3299 3758 3386 3814 οὖν
3419 3769 3588 3818 ταῦτα
3616 3757 3651 3813 δ
3659 3766 3848 3835 ιατροί-

2233 3854 2426 3915 ξασθαι
2470 3863 2564 3916 τῆς
2599 3862 2693 3914 σῆς
2724 3857 2973 3913 συνέσεως
3031 3849 3435 3926 δυνατώτερος;
3477 3856 3554 3912 τίς
3605 3848 3847 3905 συνιδεῖν

2230 3946 2288 3994 τὸ
2322 3939 2436 3995 δέον
2469 3942 2702 4016 ὀξύτερος
2743 3961 2756 4009 ;
2790 3949 2880 4002 τῆς
2911 3939 3186 4015 ἐνεργῆσαι
3217 3942 3282 3992 τα
3313 3945 3567 4015 χρήσιμα
3605 3959 3846 4012 πρακτι-

2229 4036 2447 4107 κώτερος
2510 4049 2522 4097 ;
2579 4036 2655 4091 τίς
2711 4034 2841 4105 πρὸς
2891 4034 2977 4088 την
3033 4033 3392 4086 καταπὸνησιν
3452 4037 3552 4080 τῶν
3581 4025 3844 4101 ξὰὸελφῶν

2233 4124 2692 4195 συμπαθέστερος;
2734 4124 2810 4181 τίς
2839 4128 2934 4181 τῆς
2988 4121 3306 4192 σεμνοτάτης
3363 4137 3457 4170 σου
3511 4117 3694 4179 πολιᾶς
3725 4120 3844 4189 (49)

2227 4214 2370 4284 πασῃ
2423 4218 2485 4282 τῇ
2540 4207 2694 4262 δύσει
2747 4205 3196 4282 αἰδεσιμώτεροςς
3235 4207 3499 4260 Κατάλιπέ
3551 4226 3604 4259 τι
3634 4211 3845 4280 μνημό-

2229 4319 2381 4352 συνον
2429 4307 2500 4370 τῷ
2559 4297 2661 4371 βίῳ
2707 4305 2796 4359 τᾶς
2847 4306 2942 4358 σῆς
2981 4296 3192 4360 ἐπάξιον
3227 4296 3514 4366 πολιτείας,
3551 4302 3843 4368 τιμιώτατε

459 4487 612 4528 sana
640 4470 914 4527 doctrina
935 4473 1210 4542 potentes
1239 4469 1316 4524 ad
1332 4469 1742 4526 Occidentales
1764 4472 2104 4546 episcopos:

457 4576 692 4634 expone
721 4559 833 4616 illis
848 4558 1220 4616 calamitates
1239 4558 1464 4631 quibus
1486 4560 1838 4631 premimur:
1864 4578 2117 4634 suggere

529 4743 549 4765 ‘
581 4741 738 4797 Alias
762 4740 990 4795 XLVIII.
1027 4739 1256 4811 Scripta
1279 4753 1440 4793 anno
1467 4742 1590 4804 37I,

462 4883 488 4934 θ
533 4813 643 4882 (4i)
702 4812 982 4884 Εύθυμίας.
1037 4811 1129 4867 Sic
1163 4810 1360 4866 iidem
1416 4816 1532 4865 tres
1563 4810 1823 4870 codices.
1858 4813 2008 4871 Editi
2035 4817 2112 4869 εύ-

495 4902 659 4934 ηνιας.

495 4902 659 4943 ηνιας.

526 4953 939 5028 (45)’Υπορρέοι.
977 4957 1061 5008 lta
1092 4969 1192 5009 sex
1229 4971 1371 5008 mss.
1399 4953 1548 5008 Editi
1575 4953 1830 5028 ὑπορῤέει.

529 5026 641 5101 (46)
675 5026 814 5101 ⁸’ζον
864 5029 1085 5101 Κυρίου..
1136 5031 1376 5101 Itatrcs
1414 5026 1803 5083 vetustis-Simi
1847 5029 2108 5101 codices,

458 5095 639 5163 Harl”
675 5095 823 5152 Med.
857 5095 1110 5150 etCOiSl.
1150 5097 1408 5151 Ειίίῑίτού
1433 5104 1586 5152 Θεοῦ.

522 5171 636 5241 (υ)
666 5167 834 5241 Ὑπὲρ
894 5167 1000 5241 suo;
1057 5169 1086 5225 ἡ
1112 5165 1256 5241 δύο.
1318 5168 1380 5223 In
1415 5184 1523 5224 ora
1549 5169 1774 5226 codicis
1806 5173 1971 5241 Regii
2009 5192 2105 5230 se-

453 5237 636 5314 cundi
663 5237 890 5314 legitur
908 5239 1021 5292 hoc
1044 5238 1337 5294 scholium
1369 5257 1380 5293 :
1413 5246 1662 5314 ιιερίγτῶν
1711 5246 1846 5294 κατὰ
1893 5237 2106 5314 ’Ῥώμην

454 5305 750 5364 ἐπισκόπων
784 5309 1076 5372 Αύξεντίου,
1106 5316 1196 5361 καὶ
1220 5319 1318 5361 τῶν
1358 5305 1679 5384 περ’ὶάύτον,
2004 5305 2013 5319 ⁸

526 5387 641 5457 (48)
673 5389 782 5457 Τῶν
805 5401 858 5433 τε
875 5384 1224 5457 κρατούντων,
1259 5382 1479 5436 Eadem
1507 5399 1653 5457 voce
1679 5386 2106 5457 imperatorem

452 5454 727 5527 designat
758 5454 816 5509 in
835 5453 1130 5527 βρίθῃ-68.
1165 5453 1254 5508 Sic
1279 5457 1482 5527 autem
1504 5453 1952 5527 interpretando
1975 5480 2105 5518 sus.

452 5522 702 5596 tulimus
743 5522 1039 5596 quidquid
1065 5530 1198 5596 erat
1263 5523 1534 5593 ambigui
1580 5522 1893 5587 in'Graaco
1955 5550 2102 5589 con-

453 5601 636 5650 textu.
669 5593 818 5651 Illu‘d
848 5593 1008 5651 enim
1053 5593 1470 5647 ἀκολουθούντων
1502 5596 1696 5661 αὐτοῖς,
1752 5617 1871 5658 non
1925 5605 2106 5663 debet

450 5667 656 5723 referri
669 5667 750 5726 ad
775 5668 1240 5740 imperatorem;
1264 5665 1491 5740 alioqui
1515 5668 1762 5726 Basilius
1781 5673 2105 5747 profuisset

2226 4478 2408 4540 ἄλλους
2437 4477 2508 4530 ἐνὶ
2533 4481 2697 4549 τούτῳ
2743 4481 3054 4549 κατακοσμη
3066 4496 3154 4529 σον
3185 4478 3300 4546 (50)
3329 4477 3484 4548 ἔργῳ.
3531 4474 3845 4547 Ἔκπεμψόν

2227 4588 2364 4629 τινας
2430 4566 2485 4619 ἐκ
2542 4575 2632 4627 τῆς
2681 4567 2834 4639 ἁγίας
2885 4575 2980 4626 τῆς
3033 4567 3134 4619 ὑπὸ
3167 4569 3243 4617 σε’
3293 4563 3606 4625 Ἐκκλησίας
3635 4563 3845 4638 ἄνδρας

2225 4749 2384 4820 αύτῷ,
2421 4753 2486 4820 ut
2518 4748 2574 4820 in
2612 4747 2782 4820 epist.
2811 4746 3216 4820 modocitata.
3243 4746 3536 4799 Praatcrea
3562 4758 3686 4797 non
3714 4745 3846 4820 tan-

2221 4813 2349 4876 tum
2374 4813 2488 4875 Sibi
2513 4819 2587 4875 de
2617 4819 2865 4874 Valente
2895 4817 3315 4890 pollicebatur,
3343 4823 3405 4870 ut
3427 4831 3566 4870 eum
3593 4813 3841 4890 populis

2221 4893 2415 4947 facem
2441 4891 2516 4946 ad
2545 4907 2760 4962 sanam
2789 4883 2973 4962 tidem
2995 4894 3265 4962 speraret
3287 4883 3836 4962 ostensurum—med

2219 4963 2352 5018 luec
2376 4963 2581 5018 referri
2611 4961 2833 5017 debent
2863 4960 2942 5016 ad
2969 4954 3402 5016 occidentales.
3456 4961 3639 5027 Atque
3683 4954 3834 5027 inde

2220 5042 2426 5091 nostra
2439 5035 2714 5088 firmatur
2729 5033 3169 5105 interpretatio.
3183 5035 3330 5105 Nam
3349 5045 3487 5084 cum
3503 5024 3627 5105 hiec
3643 5024 3840 5082 verba.

2220 5113 2274 5180 et
2295 5107 2535 5180 popidis
2558 5099 2952 5180 ubiquez’psbs
2973 5105 3104 5180 sine
3129 5099 3846 5180 dubio_sequent_ibus,re-

2219 5169 2356 5233 ferri
2372 5169 2644 5232 debeant
2671 5169 2742 5230 ac
2765 5169 3176 5232 occidentales
3203 5192 3216 5240 ;
3243 5173 3294 5227 si
3320 5169 3420 5228 his
3435 5169 3711 5236 vocibus,
3732 5179 3844 5221 τῶν

2218 5269 2271 5301 τε
2291 5251 2633 5324 κρατούντων,
2663 5263 2800 5318 quin
2821 5247 3095 5324 proxime
3127 5244 3514 5324 antecedunt,
3545 5256 3666 5296 non
3698 5243 3844 5297 uni-

2217 5316 2351 5376 cam
2379 5316 2724 5393 personam,
2746 5316 2852 5373 sed
2892 5318 3096 5390 plures
3126 5316 3524 5393 designasset.
3648 5385 3691 5393 __
3758 5383 3803 5393 υ

2290 5383 2400 5459 (49ίτ
2427 5390 2634 5451 "alia;
2668 5383 2804 5444 'I‘res
2834 5383 2983 5445 mss.
3010 5395 3064 5445 et
3095 5383 3363 5443 secunda
3403 5400 3593 5440 manu
3648 5383 3849 5438 Medi-

2217 5479 2373 5518 cauus
2401 5461 2680 5521 πολιτείας.
3598 5526 3635 5533 __
3674 5525 3684 5533 ,

2288 5537 2398 5606 (5h)
2435 5538 2877 5606 Κατακοσμησον.
2911 5536 2995 5589 Ita
3043 5548 3190 5591 mss.
3243 5534 3512 5602 septem:
3543 5526 3688 5582 editi
3733 5546 3849 5589 κα-

2216 5609 2383 5664 τάστη
2395 5625 2504 5667 σον,
2538 5609 2852 5676 conﬁrma.
