4078 6400
518 289 619 346 431
1903 279 1958 339 S.
2001 273 2251 334 BASILII
2289 277 2507 336 MAGNI
3784 290 3885 348 43g

517 430 587 472 ac
615 411 961 470 desiderata
1002 407 1407 479 aggrediatur.
1453 407 1620 464 Hunc
1676 411 1733 463 et
1765 403 2059 476 suscipies
2091 417 2123 456 v

2281 419 2367 463 τος
2423 403 2740 475 συμϐουλίαν
2773 448 2786 473 ,
2847 402 3236 481 ἀσφαλεστέρας
3289 407 3559 462 ποιεῖσθαι
3615 407 3871 488 δύνασαιὶ,

515 503 748 572 delicet,
797 507 854 557 et
908 497 1234 556 intueberis
1299 497 1567 571 paciﬁcis
1639 495 1850 562 oculis,
1907 506 2125 564 eumqu

2282 491 2445 554 οὕτως
2474 491 2727 567 ἐγχειρεῖν
2757 503 2861 556 τοῖς
2908 491 3378 568 σπουδαζομένοις.
3407 497 3502 551 ‘Ov
3531 506 3623 554 καὶ
3659 500 3868 569 ὑποδέξη

513 609 765 667 precum
823 588 1094 646 subsidio
1154 589 1482 650 firmatum,
1539 603 1610 643 ac
1662 587 1993 642 litterarum
2050 579 2123 636 vi:

2284 577 2544 655 δηλονότι,
2589 589 2678 636 καὶ
2715 584 3057 658 προσϐλέψας
3109 585 3388 662 εἰρηνικοῖς
3420 588 3732 664 ὀφθαλμοῖς,
3766 577 3877 653 στη-

513 681 632 738 tico
677 679 1000 746 munitum,
1059 676 1180 732 imo
1234 675 1415 731 etiam
1453 675 1757 731 bonorum
1783 671 1887 745 qui
1918 667 2084 742 apud
2118 673 2123 722 1

2279 670 2432 744 ρίξας
2462 691 2515 725 τε
2554 673 2708 726 αὐτόν
2757 682 2817 747 τῇ
2874 670 2966 726 διὰ
3000 683 3100 727 τῶν
3157 686 3470 750 προσευχῶν
3522 678 3770 754 βοηθείᾳ,
3801 689 3878 736 καὶ

516 775 657 826 sunt
702 766 1006 826 nonnullis
1058 765 1432 836 adjunctum,
1495 764 1574 819 ad
1631 760 1937 836 proposita
1979 757 2126 814 dedi‘

2281 757 2570 832 ἐφοδιάσας
2615 766 2916 838 γράμμασι,
2971 764 3161 838 μᾶλλον
3211 763 3271 819 δὲ
3307 773 3398 821 καὶ
3453 771 3786 843 παραζεύξας
3813 792 3883 825 τι-

516 876 642 918 ces.
690 857 874 914 Nobis
905 859 1103 912 autem
1149 870 1347 926 operui
1404 854 1663 926 pretium
1691 868 1818 907 esse
1857 850 2054 906 visum
2085 864 2126 904 e:

2280 852 2368 912 νὰς
2399 853 2509 924 (67)
2543 861 2640 904 τῶν
2684 853 2898 906 αὐτόθεν
2948 852 3275 926 σπουδαίων,
3331 855 3418 910 ἐπὶ
3465 860 3532 911 τά
3577 866 3884 934 προκείμενα

515 949 593 1006 ad
624 947 978 1021 episcopum
1006 947 1208 1000 Romae
1240 943 1518 1011 scribere,
1579 946 1645 998 ut
1681 957 1776 997 res
1812 943 2049 996 nostras
2077 937 2125 993 in

2279 936 2592 1012 ὁδηγήσεις.
2643 942 2828 1015 Ἐφανη
2881 941 2940 996 δὲ
2979 947 3103 1017 ἡμῖν
3152 944 3436 1000 ἀκόλουθον
3489 947 3778 1003 ἐπιστεῖλαι
3815 962 3883 1025 τῷ

513 1038 686 1109 visat,
711 1042 769 1094 et
788 1034 1106 1092 consilium
1146 1032 1312 1099 dare,
1361 1036 1426 1088 ut
1481 1048 1620 1088 cum
1660 1031 1819 1087 illinc
1861 1043 2123 1084 commui

2280 1027 2548 1104 ἐπισκόπῳ
2574 1032 2792 1106 ’1³ώμης,
2821 1031 3212 1105 ἐπισκέψασθαι
3251 1039 3320 1088 τά
3366 1039 3609 1106 ἐνταῦθα,
3641 1046 3733 1093 καὶ
3763 1039 3881 1094 δοῦ-

515 1144 585 1184 ac
632 1125 927 1198 synodico
973 1123 1213 1178 decreto
1276 1120 1512 1194 aliquos
1579 1120 1730 1176 mitti
1787 1117 2026 1175 difﬁcile
2075 1116 2122 1172 si

2279 1138 2362 1170 ναι
2390 1125 2621 1193 γνώμην,
2656 1120 2718 1173 ἶν’
2745 1119 2924 1181 ἐπειδὴ
2973 1121 3072 1176 ἀπό
3103 1132 3279 1177 κοινοῦ
3305 1131 3396 1178 καὶ
3443 1125 3730 1182 συναδικοῠ
3761 1128 3881 1204 δόγ-

510 1217 639 1289 ipse
667 1215 783 1271 hoc
804 1211 1112 1283 negotium
1145 1227 1256 1267 suo
1300 1215 1489 1266 marte
1516 1208 1919 1282 aggrediatur,
1946 1206 2120 1277 eliget

2279 1228 2441 1281 ματος
2467 1208 2828 1270 ἀποσταλῆναι
2875 1232 3015 1273 τινας
3055 1209 3311 1268 δύσκολον
3357 1225 3456 1268 τῶν
3490 1217 3698 1291 ἐκεῖθεν,
3735 1221 3882 1275 αὑτὸν

509 1304 789 1362 homines
824 1302 1079 1358 idoneos
1110 1300 1189 1357 ad
1219 1298 1606 1372 perferendos
1642 1298 1868 1354 itineris
1893 1296 2119 1352 labores

2281 1297 2596 1356 αὑθεντῆσαι
2634 1304 2751 1372 περὶ
2807 1303 2866 1353 τό
2914 1307 3149 1375 πρᾶγμα,
3187 1302 3512 1377 ἐκλεξάμενον
3544 1305 3740 1381 ἄνδρας
3773 1313 3883 1364 ἱκα·

509 1394 765 1451 idoneos
807 1392 886 1450 ad
912 1407 1032 1461 eos,
1067 1390 1172 1463 qui
1227 1389 1395 1462 apud
1443 1404 1554 1444 nos
1606 1387 1873 1461 perversi
1905 1390 2059 1449 sunt,
2094 1385 2119 1440 lt

2279 1389 2395 1449 νοὺς
2422 1391 2514 1460 μεν
2541 1385 2849 1465 ὁδοιπορίας
2878 1395 3061 1451 πόνους
3101 1393 3394 1464 ὑπενεγκεῖν
3425 1394 3562 1465 (68),
3594 1399 3797 1461 ἱκανοὺς
3827 1397 3884 1453 δὲ

512 1484 698 1540 nitate
729 1499 800 1538 ac
827 1479 1015 1538 animi
1054 1479 1395 1536 constantia
1452 1476 1842 1548 corrigendos
1877 1494 1890 1543 ;
1948 1481 2084 1548 apte
2115 1495 2122 1526 ι

2280 1481 2540 1550 πραότητι
2574 1483 2665 1531 καὶ
2705 1479 2906 1552 εὐτονίᾳ
2957 1483 3115 1544 ἤθους
3163 1487 3282 1546 τοὺς
3349 1480 3762 1560 ἐνδιαστρόφους
3790 1500 3883 1542 τῶν

511 1575 906 1646 attemperate
964 1573 1197 1625 utentes
1255 1583 1553 1638 sermone,
1593 1583 1920 1640 secumque
1945 1565 2121 1621 habet

2279 1569 2402 1640 παρ’
2427 1570 2552 1640 ἡμῖν
2581 1571 2895 1628 νουθετῆσαι
2919 1587 2931 1599 ·
2965 1568 3276 1632 ἐπιτηδείως
3321 1569 3380 1626 δε
3419 1580 3508 1627 καὶ
3547 1576 3883 1651 οἰκονομικῶς

508 1668 597 1720 tes
622 1675 1004 1736 quaecunque
1034 1662 1174 1731 post
1226 1657 1604 1713 Ariminense
1653 1656 1974 1712 concilium
2007 1669 2118 1725 ges‘

2280 1661 2636 1730 κεχρημένους
2666 1666 2736 1728 τῷ
2775 1657 2935 1731 λόγῳ,
2975 1665 3065 1712 καὶ
3096 1663 3264 1714 πάντα
3301 1665 3520 1735 ἔχοντας
3548 1666 3664 1738 μεθ’
3697 1668 3884 1721 ἑαυτῶν

509 1757 670 1820 sunt,
728 1749 808 1807 ad
856 1765 1069 1806 eorum
1124 1764 1262 1821 quae
1310 1763 1412 1820 per
1470 1747 1588 1803 vim
1628 1745 1742 1802 illic
1773 1749 1907 1802 acta
1936 1746 2119 1800 fueral

2283 1749 2347 1799 τά
2371 1749 2502 1820 μετά
2529 1747 2792 1822 Ἀριμῖνον
2820 1753 2929 1817 (69)
2956 1756 3315 1826 πεπραγμένα,
3360 1751 3444 1806 ἐπὶ
3472 1754 3622 1809 λύσει
3650 1766 3751 1810 τῶν
3780 1761 3886 1813 καττ

508 1840 1006 1908 dissolutionem;
1064 1837 1248 1911 iique,
1305 1837 1548 1893 nemine
1587 1836 1824 1905 sciente,
1861 1835 2006 1890 citra
2030 1837 2118 1889 strt

2283 1836 2513 1910 ἀνάγκην
2545 1836 2648 1890 ἐκεῖ
2693 1845 3010 1912 γενομένων·
3058 1844 3146 1892 καὶ
3197 1850 3350 1895 τοῦτο
3385 1841 3614 1915 μηδενὸς
3667 1844 3883 1920 εἰδότος,

506 1932 700 2005 pitu;n
722 1945 830 2003 per
859 1943 1028 1986 mare
1051 1927 1166 1984 huc
1193 1925 1538 1996 adveniant,
1591 1929 1655 1982 ut
1680 1924 2029 1998 opinionem
2056 1923 2115 1979 in

2282 1926 2511 2000 ἀψοφητὶ
2547 1924 2642 1980 διὰ
2683 1928 2953 1990 θαλάσσης
2997 1928 3274 1990 ἐπιστῆναι
3318 1940 3428 1994 τοῖς
3472 1931 3596 2002 ὦδε,
3628 1936 3757 2010 ὑπὲρ
3797 1947 3885 1992 τοῦ

506 2020 804 2077 micorum
839 2017 1008 2091 pacis
1032 2020 1416 2090 praevertam.

2281 2018 2480 2089 φθάσαι
2505 2022 2597 2076 τῆν
2631 2020 2880 2076 αἴσθησιν
2907 2028 3006 2072 τῶν
3034 2018 3236 2095 ἐχθρῶν
3258 2029 3351 2084 τῆς
3377 2022 3606 2098 εἰρήνης,

578 2115 632 2166 2.
673 2106 1010 2181 Requiritur
1061 2110 1265 2163 autem
1318 2109 1376 2162 et
1429 2103 1578 2160 illud
1621 2120 1656 2160 a
1704 2101 2010 2159 nonnullis
2065 2101 2170 2175 qui

504 2200 604 2257 hic
661 2202 820 2264 sunt,
871 2213 942 2254 ac
988 2195 1331 2252 necessario
1356 2193 1628 2268 quidem,
1681 2198 1744 2250 ut
1773 2194 1953 2249 etiam
1990 2192 2113 2248 nob

2350 2199 2402 2251 2.
2447 2196 2805 2259 Ἐπιζητεῖται
2836 2195 2894 2251 δε
2923 2196 3127 2252 κάκεῖνο
3157 2203 3298 2275 παρά
3327 2221 3476 2254 τινων
3506 2211 3606 2256 τῶν
3638 2204 3885 2280 ἐντεῦθεν,

506 2288 656 2362 ipsis
682 2286 934 2352 videtur,
967 2289 1033 2342 ut
1079 2283 1196 2357 ipsi
1248 2283 1501 2340 Marcelli
1527 2281 1808 2339 hseresim
1839 2281 2001 2338 velut
2031 2298 2116 2354 pe]

2281 2284 2596 2355 ἀναγκαίως,
2639 2290 2706 2349 ὡς
2738 2293 2827 2340 καὶ
2860 2288 3038 2349 αὑτοῖς
3085 2291 3209 2362 ημῖν
3241 2297 3634 2364 καταφαίνεται,
3668 2300 3753 2348 τόν
3792 2303 3887 2357 τῆν

507 2377 827 2447 niciosam,
866 2379 924 2431 et
971 2373 1243 2441 noxiam,
1295 2377 1353 2428 et
1400 2388 1437 2429 a
1462 2388 1614 2428 sana
1640 2371 1760 2427 ﬁde
1789 2370 2052 2427 alienam
2074 2387 2117 2427 e:

2280 2377 2581 2450 Μαρκέλλου
2631 2379 2831 2452 αἳρεσιν
2883 2378 3073 2441 αὐτοὺς
3103 2383 3167 2441 ὡς
3223 2381 3462 2452 χαλεπὴν
3488 2382 3877 2459 καὶβλαϐεράν,

509 2465 854 2523 terminent.
892 2467 1041 2520 Nam
1066 2463 1360 2519 hactenus
1411 2462 1472 2518 in
1525 2461 1812 2518 omnibus
1843 2478 1997 2534 quas
2030 2477 2119 2518 scr

2279 2471 2365 2518 καὶ
2391 2475 2484 2529 τῆς
2515 2468 2854 2538 ὑγιαινούσης
2892 2472 3119 2530 πίστεως
3168 2467 3446 2544 ἀλλοτρίως
3494 2475 3738 2544 ἔχουσαν,
3769 2475 3878 2538 ἐξο-

510 2556 666 2613 bunt
719 2554 949 2622 litteris,
1007 2553 1214 2609 Arium
1275 2552 1524 2626 quidem
1602 2552 1842 2608 infausti
1905 2552 2114 2607 nomin

2277 2561 2428 2628 ρίσαι
2461 2557 2593 2627 (ΤΟ).
2629 2556 2768 2610 Ἐπεὶ
2825 2562 2991 2633 μέχρι
3039 2565 3128 2610 τοῦ
3175 2566 3263 2610 νῦν
3318 2557 3367 2612 ἐν
3415 2568 3576 2614 πᾶσιν
3626 2559 3697 2624 οἷς
3736 2561 3885 2618 ἐπισ-

511 2645 710 2702 virum
741 2660 966 2717 susque
996 2642 1192 2716 deque
1225 2642 1610 2698 anathemate
1640 2641 1836 2706 ferire,
1869 2646 1925 2697 ct
1962 2641 2039 2697 ab
2070 2643 2121 2696 Ε‹

2278 2645 2516 2698 τέλλουσι
2554 2649 2854 2719 γράμμασι,
2912 2651 2998 2699 τόν
3054 2649 3145 2720 μεν
3195 2645 3506 2723 δυσώνυμον
3536 2649 3742 2724 Ἀρειον
3782 2655 3888 2705 οἶνω

512 2733 711 2792 clesiis
764 2733 1031 2804 relegare
1083 2747 1208 2789 non
1266 2736 1542 2788 cessant:
1585 2730 1857 2790 Marcello
1877 2746 2036 2798 vero,
2063 2747 2122 2802 ῳ

2278 2740 2368 2786 καὶ
2398 2737 2538 2787 κάτω
2579 2734 3040 2810 ἀναθεματίζοντες
3086 2741 3176 2790 καὶ
3222 2746 3322 2790 τῶν
3350 2739 3669 2798 Ἐκκλησιῶν
3715 2741 3887 2816 ἐξορί-

509 2823 884 2897 impietatem
933 2822 986 2878 ei
1043 2838 1116 2877 ex
1154 2821 1451 2878 diametro
1512 2820 1853 2894 oppositam
1900 2819 2118 2892 protuli

2280 2823 2451 2886 ζοντες
2483 2824 2541 2876 οὑ
2574 2821 2934 2877 διαλείπουσι·
2971 2825 3250 2900 Μαρκέλλῳ
3277 2823 3356 2893 δὲ,
3403 2837 3475 2899 τῷ
3512 2832 3650 2882 κατά
3698 2827 3887 2905 διάμε-

509 2920 567 2971 et
595 2913 657 2970 in
685 2913 882 2987 ipsam
916 2912 1243 2968 divinitatis
1296 2911 1589 2983 Unigeniti
1619 2912 2024 2968 exsistentiam
2054 2910 2113 2965 iu

2277 2932 2396 2986 τρον
2425 2912 2594 2985 ἐκείνῳ
2620 2919 2713 2972 τῆν
2761 2913 3000 2968 ἀσέϐειαν
3043 2911 3436 2988 ἐπιδειξαμένῳ,
3479 2922 3570 2970 καὶ
3617 2918 3690 2982 εἰς
3721 2921 3887 2982 αὑτήν

509 3003 649 3078 pius
680 3003 808 3072 fuit,
849 3007 906 3059 et
959 3001 1136 3059 Verbi
1191 3001 1659 3075 appellationem
1704 3017 1885 3073 prave
1915 3000 2119 3072 accepi

2276 3006 2370 3060 τῆν
2397 3003 2618 3073 ὑπαρξίν
2644 3012 2734 3065 τῆς
2766 3012 2852 3056 τοὺ
2883 3011 3203 3076 Μονογενους
3243 3007 3485 3067 θεότητος
3535 3005 3885 3082 ἀσεϐήσαντι,

507 3092 744 3149 nullum
790 3091 1070 3149 videntur
1123 3090 1394 3147 intulisse
1453 3091 1840 3164 vituperium.
1899 3089 2008 3154 Qui
2037 3091 2112 3144 Ve

2277 3097 2366 3143 καὶ
2413 3101 2581 3154 κακῶς
2625 3097 2717 3151 τῆν
2761 3100 2852 3145 τοῦ
2902 3098 3074 3165 Λόγου
3130 3100 3489 3168 προσηγορίαν
3534 3093 3883 3173 ἐκδεξαμένῳ,

505 3181 659 3239 bum
687 3181 934 3256 quidem
964 3181 1194 3237 dictum
1240 3179 1427 3237 fuisse
1460 3180 1841 3250 Unigenitum
1870 3178 2115 3234 concedi

2275 3177 2524 3253 οὐδεμίαν
2579 3180 2776 3254 μέμψιν
2829 3180 3174 3254 ἐπενεγκόντες
3222 3188 3514 3256 φαίνονται,
3560 3185 3658 3248 Ὀς
3709 3193 3885 3261 Λόγον

506 3269 590 3328 ad
619 3286 799 3326 usum
847 3275 904 3327 et
945 3271 1024 3326 ad
1076 3275 1313 3342 tempus
1368 3268 1786 3341 progrediens,
1822 3267 1928 3323 sed
1957 3283 2116 3324 rursi

2276 3272 2363 3342 μεν
2404 3269 2648 3344 εἰρῆσθαι
2696 3274 2784 3322 τόν
2835 3279 3094 3343 Μονογενῆ
3144 3268 3365 3339 δίδωσι,
3398 3277 3534 3325 κατά
3572 3281 3764 3350 χρείαν
3793 3284 3886 3331 καὶ

507 3356 750 3413 adeum
791 3357 952 3412 unde
999 3355 1223 3429 prodiit
1269 3361 1595 3424 revertens,
1647 3371 1846 3428 neque
1869 3361 2006 3411 ante
2037 3371 2117 3411 ex:

2275 3357 2359 3410 ἐπι
2388 3367 2573 3432 καιροῦ
2605 3359 2934 3432 προελθόντα,
2968 3359 3119 3412 πάλιν
3166 3357 3226 3413 δε
3278 3361 3348 3422 εἰς
3396 3365 3484 3414 τόν
3527 3364 3641 3416 ὅθεν
3674 3364 3885 3429 ἐξῆλθεν

504 3450 636 3502 tum
674 3461 827 3516 esse,
892 3461 1090 3518 neque
1131 3449 1269 3518 post
1295 3444 1559 3501 reditum
1594 3443 1943 3500 subsistere.
1973 3449 2114 3516 Atqr

2276 3447 2758 3522 ἐπαναστρέψαντα,
2815 3453 2933 3502 οὔτε
2974 3452 3073 3522 πρὸ
3136 3457 3231 3512 τῆς
3294 3448 3477 3514 ἐξόδου
3549 3451 3699 3521 εἶναι,
3763 3460 3886 3510 οὔτε

503 3534 688 3605 hujus
717 3533 802 3590 rei
833 3540 1194 3606 argumenta
1232 3539 1372 3590 sunt
1421 3534 1635 3591 servati
1669 3533 1836 3606 apud
1865 3549 1978 3589 nos
2003 3533 2113 3589 net':

2276 3541 2402 3610 μετά
2439 3543 2532 3598 τῆν
2575 3535 2825 3591 ἐπάνοδον
2864 3541 3164 3611 ὑφεστάναι,
3224 3544 3325 3592 Καὶ
3379 3543 3561 3594 τούτου
3609 3541 3886 3610 ἀπόδειξις

500 3624 602 3682 rise
625 3623 785 3680 illius
817 3621 1150 3696 scriptionis
1210 3623 1380 3694 163
1436 3622 1592 3679 libri.
1651 3624 1765 3679 Sed
1797 3627 2000 3679 tamen
2026 3639 2107 3678 nu

2275 3629 2325 3679 αἰ
2366 3628 2488 3702 παρ’
2525 3631 2648 3701 ἡμῖν
2693 3626 3028 3700 ἀποκειμεναι
3079 3626 3257 3700 βίϐλοι
3305 3637 3400 3690 τῆς
3449 3626 3638 3684 ἀδίκου
3679 3632 3885 3698 ἐκείνης

499 3730 686 3788 quam
719 3729 859 3770 eum
885 3711 1212 3787 reprobare
1242 3713 1354 3768 visi
1384 3716 1560 3782 sunt;
1609 3712 1792 3784 idque
1823 3727 1894 3766 eo
1917 3711 2109 3768 nomir

2275 3725 2579 3790 συγγραφῆς
2627 3719 2984 3792 ὑπάρχουσιν.
3038 3716 3172 3769 Ἀλλ’
3222 3720 3361 3790 ὅμως
3408 3728 3589 3772 τοῦτον
3631 3719 3885 3796 οὐδαμοῦ

497 3803 837 3877 vituperati,
896 3801 1066 3876 quod
1112 3819 1249 3858 eum
1307 3801 1384 3858 ab
1415 3801 1581 3858 initio
1604 3819 1676 3858 ex
1698 3801 1961 3858 veritatis
1991 3802 2107 3871 igni

2272 3803 2598 3868 διαϐαλόντες
2639 3808 2750 3879 (7t)
2806 3807 3084 3879 ἐφάνησαν,
3114 3812 3203 3859 καὶ
3234 3815 3403 3860 ταῦτα
3440 3809 3611 3862 αἰτίαν
3643 3813 3882 3883 ἔχοντες,

495 3892 726 3949 ratione
777 3893 840 3948 in
889 3891 1363 3950 ecclesiasticam
1413 3891 1595 3948 etiam
1662 3891 2105 3947 communione:

2275 3899 2330 3957 ὣς
2383 3900 2439 3948 τὸ
2489 3895 2540 3959 ἐξ
2585 3894 2761 3968 ἀρχῆς
2807 3896 2921 3948 κατ’
2953 3897 3165 3967 ἄγνοιαν
3212 3905 3308 3960 τῆς
3355 3895 3620 3970 ἀληθείας,
3655 3906 3750 3954 καὶ
3810 3903 3885 3966 εἰς

493 3981 846 4053 receperint.
903 3981 1084 4052 Igitur
1121 3984 1180 4037 et
1206 3980 1384 4045 illius,
1424 3985 1488 4037 ut
1529 3996 1642 4054 par
1671 3985 1778 4046 est,
1812 3981 1937 4036 ﬁeri
1992 3997 2103 4036 me]

2267 3990 2529 4038 κοινωνίαν
2575 3986 2730 4038 αὑτὸν
2781 3985 3224 4044 ἐκκλησιαστικῆν
3273 3983 3693 4062 παραδεξάμενοι
3737 3993 3877 4065 (72).

493 4069 722 4128 tionem
779 4086 875 4126 res
919 4074 1248 4144 praesentes
1296 4069 1629 4143 postulant,
1658 4075 1721 4126 ut
1752 4070 1856 4134 qui
1885 4071 2103 4128 occasit

2271 4075 2489 4128 Ἐκείνου
2528 4094 2581 4127 τε
2611 4071 2698 4127 οὖν
2749 4077 3050 4147 μνησθῆναι
3102 4078 3401 4149 πρεπόντως
3431 4074 3742 4131 ἀπαιτεῖτά
3776 4101 3881 4134 πα-

492 4175 635 4216 nem
681 4165 981 4233 quierunt,
1035 4159 1418 4216 occasionem
1475 4176 1599 4216 non
1661 4159 1947 4228 habeant,
2002 4160 2102 4217 du:

2265 4169 2437 4238 ρόντα,
2470 4167 2604 4217 ὥστε
2627 4168 2697 4236 μῆ
2731 4167 2873 4236 ἔχειν
2905 4162 3165 4238 ἀφορμὴν,
3197 4168 3314 4226 τοὺς
3343 4164 3575 4228 θέλοντας
3604 4166 3875 4244 ἀφορμὴν,

492 4249 626 4306 sani
677 4249 757 4306 ad
796 4255 961 4306 tuam
1016 4265 1077 4305 se
1127 4249 1507 4306 sanctitatem
1557 4249 1922 4321 adjungunt,
1963 4256 2018 4307 et
2046 4269 2102 4324 ql

2268 4253 2314 4304 ἐκ
2343 4261 2434 4305 τοῦ
2464 4261 2525 4326 τῆ
2563 4261 2626 4326 σῇ
2663 4255 2902 4311 ὁσιότητι
2935 4255 3212 4306 συνάπτειν
3242 4258 3366 4316 τοὺς
3395 4255 3746 4326 ὑγιαίνοντας,
3782 4265 3878 4312 καὶ

489 4339 652 4396 circa
677 4354 886 4395 veram
902 4337 1087 4394 ﬁdem
1110 4336 1475 4407 claudicant,
1519 4337 1817 4394 manifesti
1865 4339 2099 4396 omnibi

2268 4345 2372 4403 τοὺς
2401 4345 2526 4417 πρὸς
2555 4345 2647 4400 τὴν
2680 4341 2843 4401 ἀληθῆ
2891 4347 3070 4395 πίστιν
3101 4342 3411 4405 ὀκλάζοντας
3455 4351 3706 4422 φανεροὺς
3733 4354 3878 4402 πᾶσι

487 4429 644 4486 ﬁunt
671 4447 685 4499 ;
739 4428 826 4485 ita
865 4431 931 4484 ut
982 4427 1270 4500 deinceps
1300 4442 1403 4483 eos
1435 4427 1541 4500 qui
1580 4427 1742 4483 idem
1765 4444 1836 4484 ac
1859 4444 1970 4484 nos
2002 4445 2097 4484 sen

2268 4441 2478 4491 ποιῆσαι
2501 4447 2513 4461 ’
2568 4433 2702 4484 ὥστε
2731 4439 2822 4484 τοϋ
2873 4431 3054 4484 λοιποῦ
3094 4433 3365 4505 γνωρίζειν
3398 4436 3536 4506 ἡμᾶς
3569 4441 3691 4500 τοὺς
3733 4440 3878 4512 ὀμό-

486 4518 661 4585 tiunt,
685 4533 1114 4589 agnoscamus,
1163 4532 1275 4572 nec
1310 4516 1441 4587 jam
1463 4515 1621 4573 velut
1639 4517 1700 4573 in
1726 4521 2020 4574 nocturna
2037 4535 2096 4590 pl

2270 4535 2479 4597 Ρροναςο
2539 4525 2629 4572 καὶ
2702 4525 2816 4593 μὴ,
2885 4523 2952 4584 ὡς
3020 4521 3068 4573 ἐν
3144 4528 3526 4596 νυκτομαχίᾳ,
3588 4524 3880 4600 μηδεμιαν

486 4625 608 4680 gna
648 4609 884 4666 nullum
939 4608 1012 4664 sit
1063 4606 1399 4665 amicorum
1437 4611 1494 4664 et
1527 4606 1910 4663 inimicorum
1933 4607 2094 4664 diser

2271 4611 2410 4679 ρίλνην
2475 4617 2565 4664 καὶ
2619 4610 2874 4684 πολεμίων
2920 4613 3060 4682 ἔχειν
3123 4606 3414 4684 διάκρισιν,
3471 4618 3638 4666 Μόνον
3691 4637 3881 4690 παρα-

483 4714 646 4755 men.
666 4701 987 4755 Hortamur
1007 4697 1225 4762 solum,
1271 4701 1336 4752 ut
1355 4697 1557 4753 statim
1579 4695 1659 4752 ad
1683 4697 1946 4768 primam
1979 4713 2093 4754 nav

2269 4700 2503 4773 ιαλοῦμεν
2561 4700 2712 4763 εὐθὺς
2764 4702 2861 4752 ὑπὸ
2894 4702 2980 4752 τόν
3038 4709 3239 4774 πρῶτον
3304 4700 3460 4753 πλοῦν
3501 4702 3879 4777 ἐκπεμφθῆναι

485 4788 790 4858 gationem
827 4786 1155 4861 praedictus
1195 4785 1490 4842 diaconus
1533 4785 1818 4853 mittatur,
1861 4790 1925 4841 ut
1955 4802 2094 4858 poss

2265 4793 2336 4842 τόν
2376 4793 2741 4864 προειρημένον
2776 4786 3038 4853 διάκονον,
3075 4791 3158 4840 ἱνα
3203 4785 3405 4862 δυνηθῇ
3463 4795 3598 4845 κατὰ
3623 4802 3753 4864 γοῦν
3807 4799 3875 4848 τό

485 4875 698 4933 saltem
743 4893 905 4934 anno
933 4875 1207 4951 sequenti
1259 4875 1487 4948 aliquid
1507 4891 1739 4943 eorum,
1767 4891 1903 4948 quae
1933 4891 2095 4948 precz

2257 4878 2429 4952 ἐφεξῆς
2481 4881 2590 4939 ἔτος
2638 4879 2877 4949 γενέσθαι
2929 4897 3023 4944 τι,
3074 4879 3141 4928 ὧν
3199 4882 3606 4954 προσευχόμεθα
3688 4881 3867 4934 Ἐκεῖ-

550 5090 894 5166 (67)___ng;_._
931 5090 1024 5166 _Ita
1072 5089 1242 5166 Harl.
1291 5092 1348 5147 et
1376 5088 1553 5146 Coisl.
1604 5088 1838 5162 primus
1867 5105 2004 5146 cum
2037 5091 2136 5146 tri-

2264 5096 2395 5162 ιίνῳ,
2416 5091 2591 5166 velut
2621 5095 2707 5146 est
2726 5090 3074 5166 inpeditione
3103 5093 3331 5166 uagam
3362 5092 3508 5166 ἐν
3559 5093 3874 5166 Ἀριμῖνον.

478 5159 590 5235 bus
617 5159 768 5217 aliis.
793 5160 1096 5216 Εάίιίτισί.
1339 5231 1355 5235 _
1575 5159 1625 5235 __
1778 5233 1794 5235 _
1851 5231 1860 5235 ,
1907 5231 1918 5235 _

2317 5159 2429 5232 (70)
2463 5163 2749 5235 Ἐξορίσαι.
2789 5165 2874 5217 Ita
2903 5159 3296 5235 Medauﬂarl"
3347 5164 3522 5219 Coisl.
3600 5159 3875 5235 uterque

549 5233 662 5305 (68)
682 5239 1021 5307 ρ’πενεγξιείν.
1077 5237 1162 5288 Ita
1231 5231 1406 5307 llied.,
1458 5231 1614 5289 Harl.
1663 5237 1720 5287 et
1765 5231 1942 5307 Coisl.
2013 5232 2128 5307 pri-

2268 5237 2302 5307 ;t
2333 5235 2468 5302 Reg.
2504 5231 2826 5307 seouqdus.
2866 5232 3014 5307 Editi
3055 5233 3405 5307 εξορίξεσθαι.
3457 5235 3699 5307 Habent
3750 5231 3878 5294 ibi-

474 5300 632 5387 mus.
858 5300 1171 5387 ςδιενεγκεξν.
1228 5302 1410 5358 Paulo
1458 5308 1620 5387 ipost‘
1676 5300 2084 5383 corruptissim

1998 5300 2127 5358 time
2243 5303 2390 5387 dem
2409 5300 2643 5387 liledzet
2672 5300 3193 5387 Hikl‘i.t::l"(t.1l‘1090:ﬂ;
3227 5301 3608 5387 ᾇξδοξσκαλίας.

471 5374 656 5431 iidem
681 5373 820 5448 editi
848 5371 1066 5446 ἀπονοίᾳ
1091 5375 1270 5438 ἤθους,
1313 5371 1496 5446 (μιοᾶ
1521 5373 1742 5430 vulnus
1771 5371 2081 5430 satiavimu

2310 5379 2424 5448 (71)
2454 5371 2706 5448 Οὐδαμοῦ
2735 5371 3101 5448 διαξοιλόντες.⁸
3121 5376 3205 5448 ita.
3234 5374 3418 5437 Harl.,
3448 5378 3623 5446 Med.,
3657 5379 3864 5438 Coisl.

472 5461 591 5518 ope
619 5446 890 5518 quinque
921 5443 1068 5518 mss.
1331 5443 1374 5518 ί
1822 5517 1828 5518 ί
1984 5516 2017 5518 -ν

2267 5443 2663 5518 >_rimus.Editi
2694 5443 2940 5517 οὐδαμῶς
2977 5443 3361 5518 διαϐάλλοντες.
3396 5443 3635 5517 Legitur
3663 5450 3877 5511 etiam

543 5513 659 5586 (69}
693 5519 771 5571 Τὰ
790 5513 942 5589 “μετά
1009 5517 1288 5589 Ἀριμίνον.
1330 5515 1438 5589 __It_a
1480 5517 1835 5589 _sex_nostri
1889 5516 2126 5589 codices

2040 5533 2126 5572 aes
2240 5513 2477 5589 όύὃαμοῡ
2501 5517 2569 5589 in
2601 5520 2739 5589 Reg.
2775 5513 3042 5589 secundo
3065 5521 3121 5573 et
3145 5517 3324 5573 Coisl.
3355 5513 3650 5580 seciindo.

474 5599 584 5656 pro
614 5602 685 5646 eo
713 5585 882 5662 quod
927 5585 1133 5662 prave
1160 5588 1220 5645 in
1270 5585 1443 5643 editis
1478 5585 1790 5658 legebatur
1815 5591 1881 5642 τὰ
1906 5588 1953 5642 ἐν
1987 5588 2128 5664 Ἀρι·
2312 5585 2422 5660 (72)
2449 5587 2591 5646 Vide
2620 5587 2934 5646 Addenda.
