4078 6402
210 358 307 413 ιεε
1016 346 1025 351 ’
1317 361 1807 420 EPISTOLARUM
1834 358 1871 415 c

1986 355 2115 414 SSIS
2140 359 2205 414 ΙΙ.
2239 352 2453 418 EPIST.
2496 361 2644 418 LXX.

3544 359 3653 416 434

222 503 277 537 νο
298 478 360 537 δί
413 487 514 538 καὶ
563 488 680 560 πρὸ
736 494 851 540 τῶν
903 488 1160 560 ἡμετέρων
1217 487 1332 559 (73)
1394 487 1559 560 λόγων
1608 491 1797 547 συνιεῖς
1826 503 1871 538 τε

1995 497 2150 553 mur,
2184 483 2408 555 perlici.
2439 483 2590 541 Illud
2625 486 2829 541 autem
2851 484 2988 539 ante
3044 479 3226 538 etiam
3272 496 3461 555 quam
3490 481 3654 542 dica-

232 574 382 636 αὐτὸς
427 580 529 628 καὶ
582 584 866 650 φροντιεῖς
923 573 1183 647 δηλονότι,
1245 578 1383 640 ὅπως
1429 575 1751 642 ἐπιστάντες,
1793 573 1877 626 ἕξιν

236 668 417 728 6636;
474 664 631 736 θέλῃ,
697 670 779 740 μὴ
840 664 1076 739 ίκαφῶσι
1129 673 1247 728 ταῖς
1292 665 1626 729 Ἐκκλησίαις
1648 664 1713 718 τα
1743 668 1876 737 σχί-

246 777 445 832 σματα,
502 754 641 809 ἀλλὰ
690 760 827 817 τοῦς
877 758 946 808 τὰ
1006 754 1138 808 αῦτά
1177 763 1486 829 φρονοῦντας
1515 759 1672 809 παντὶ
1701 756 1875 827 τρόπῳ

250 852 323 913 εἰς
368 851 550 903 ἕνωσιν
609 846 977 916 συνελάσωσι,
1046 847 1141 898 κᾶν
1199 865 1345 908 τινας
1415 842 1555 906 ἰδίας
1596 853 1696 897 τῶν
1748 847 1874 917 πρός

250 939 505 1001 ἀλλήλους
574 932 853 1009 διαφορῶν
912 933 1150 1010 ἀφορμὰς
1202 934 1423 1009 εὕρωσιν
1481 937 1701 1006 ἔχοντας
1735 932 1870 1005 (74)⁶

245 1030 379 1103 ὑπὲρ
427 1033 525 1081 τοῦ
593 1030 667 1099 μὴ
730 1027 822 1077 τον
869 1020 1254 1099 όρθοδοξοῦντα
1303 1022 1425 1077 λαὸν
1474 1023 1542 1085 εἰς
1575 1022 1738 1077 πολλὰ
1783 1041 1874 1074 κα-

238 1118 603 1192 τατέμνεσθαι
662 1118 795 1190 μέρη
868 1120 979 1176 τοῖς
1061 1122 1361 1189 προεστῶσι
1406 1114 1870 1186 συναριστάμενον.

244 1212 432 1263 Habita
483 1208 591 1280 γὰρ
653 1201 741 1259 δεῖ
797 1199 1108 1257 σπουδασαι
1156 1199 1377 1279 δεύτερα
1433 1203 1743 1276 ἡγήσασθαι
1782 1209 1872 1262 τῆς

255 1298 483 1373 εἰρὴης,
531 1300 626 1348 καὶ
678 1297 781 1368 πρὸ
837 1294 1044 1346 πάντων
1088 1302 1186 1354 τῆς
1244 1295 1381 1346 κατὰ
1403 1293 1729 1365 Ἀντιόχειαν
1760 1291 1872 1342 Ἐκ-

250 1388 485 1448 κλησίας
534 1384 938 1459 ἐπιμεληθῆναι,
998 1386 1064 1444 ὡς
1130 1387 1203 1457 μὴ
1246 1381 1476 1436 ἀσθενεῖν
1529 1380 1578 1433 ἐν
1614 1383 1741 1454 αὐτῇ
1776 1384 1870 1439 τὴν

252 1477 426 1553 ὀρθὴν
475 1471 662 1549 μερίδα
713 1477 834 1548 περὶ
890 1475 958 1526 τὰ
1023 1476 1284 1546 πρόσωπα
1334 1472 1678 1544 σχιζομένην.
1731 1468 1872 1524 Μᾶλ-

251 1566 345 1620 λον
376 1562 455 1634 δε,
504 1566 696 1618 τούτων
748 1561 988 1615 ἁπάντων
1043 1567 1135 1615 καὶ
1185 1561 1344 1624 αὐτὸς
1401 1561 1474 1622 εἰς
1506 1561 1722 1635 ὕστερον
1762 1557 1869 1611 ἑπι-

249 1655 476 1730 μιλήση,
529 1649 767 1720 ἐπειδὰν,
828 1653 952 1727 ὅπερ
1003 1652 1291 1724 εῦχόμεθα,
1360 1658 1494 1705 Θεοῦ
1555 1655 1869 1725 συνεργοῦν-

246 1751 340 1808 τος
385 1763 494 1810 σοι,
559 1744 768 1805 πάντας
818 1740 985 1815 λάϐῃς
1153 1742 1220 1794 τὰ
1246 1749 1344 1803 τῆς
1366 1741 1741 1803 καταστάσεως
1769 1746 1869 1801 τῷν

237 1833 429 1893 Ἐκκλη
438 1842 576 1887 σιῶν
613 1830 1005 1907 ἐπιτρέποντας.

840 1961 1180 2011 ΕΠΙΣΤΟΛΗ
1212 1955 1294 2012 θ’.

1990 588 2145 643 mus,
2194 572 2324 646 ipse
2369 579 2426 630 et
2480 574 2787 646 intelligis,
2844 577 2902 629 et
2949 570 3192 628 curabis
3236 570 3532 643 videlicet,
3586 577 3654 631 ut

1987 659 2115 732 ubi,
2179 664 2300 718 Deo
2350 662 2587 720 volente
2661 660 3039 729 advenerim,
3121 675 3247 716 non
3323 659 3654 719 immittant

1958 749 2259 819 Ecclesiis
2284 751 2615 810 schismata
2646 770 2660 809 :
2696 751 2806 808 scd
2837 767 2940 808 eos
2968 749 3073 823 qui
3112 749 3324 806 eadem
3360 751 3650 820 sentiunt,

1983 840 2149 896 omni
2171 841 2401 899 ratione
2424 843 2503 899 ad
2525 859 2634 900 con
2639 842 3014 915 junctionem
3045 840 3650 914 compellant,etiam-

1984 930 2033 984 si
2087 932 2412 989 nonnullos
2466 933 2790 1007 reperiant,
2847 931 2953 1005 qui
3016 931 3284 1004 privatas
3313 931 3648 1003 :quasdam

1982 1017 2430 1078 discordiarum
2450 1021 2606 1079 inter
2629 1037 2690 1078 se
2718 1036 2941 1077 causas
2959 1018 3227 1075 habeant
3258 1036 3271 1088 ;
3316 1034 3393 1074 ne
3450 1034 3645 1092 popu-

1980 1106 2073 1165 lus
2130 1110 2508 1168 orthodoxus
2571 1110 2792 1168 multas
2838 1109 2899 1166 in
2921 1112 3124 1182 partes
3155 1107 3484 1179 scindatur,
3520 1123 3647 1165 una

1981 1215 2119 1256 cum
2153 1201 2493 1274 praepositis
2562 1200 2926 1258 abscedens.
2975 1197 3253 1256 Studium
3293 1198 3455 1255 enim
3480 1197 3544 1254 in
3570 1213 3642 1254 eo

1980 1290 2336 1362 ponendum
2364 1295 2476 1362 est,
2504 1295 2571 1348 ut
2601 1290 2737 1365 paci
2790 1288 3271 1363 posthabeantur
3307 1288 3536 1357 omnia,
3569 1303 3642 1344 ac

1980 1394 2103 1451 pra:
2151 1380 2440 1437 omnibus
2501 1380 2775 1437 Ecclesiae
2816 1377 3206 1435 Antiocheam
3259 1394 3405 1435 cura
3446 1376 3640 1434 susci-

1979 1467 2179 1541 piatur
2236 1485 2313 1526 ne
2374 1487 2526 1529 sana
2565 1470 2725 1527 illius
2770 1486 2911 1543 pars
2952 1468 3114 1525 circa
3133 1484 3425 1542 personas
3449 1467 3642 1525 scissa

1978 1557 2337 1615 debilitetur.
2391 1558 2509 1616 Sed
2558 1559 2757 1631 magis
2809 1559 2942 1615 haec
2996 1557 3204 1614 omnia
3232 1561 3290 1614 et
3315 1557 3445 1631 ipse
3473 1556 3640 1613 dein-

1979 1663 2121 1720 ceps
2152 1648 2415 1720 curabis,
2439 1654 2867 1724 posteaquam,
2896 1648 3066 1722 quod
3115 1651 3419 1721 optamus,
3471 1647 3643 1719 adju-

1977 1742 2157 1795 vante
2183 1743 2238 1796 te
2262 1742 2403 1809 Deo,
2431 1756 2646 1797 omnes
2682 1738 2969 1796 habueris
2999 1737 3123 1808 tibi,
3163 1753 3301 1811 quas
3331 1737 3413 1795 ad
3442 1738 3637 1795 Eccle-

1902 1847 1943 1903 Β
1981 1826 2213 1885 siarum
2241 1833 2463 1886 statum
2495 1829 2813 1904 pertinent.
2848 1827 3314 1886 committentes.

2544 1957 2882 2015 EPISTOLA
2904 1956 3060 2013 LXX.

246 2104 515 2161 Orientis
553 2102 731 2159 mala
761 2100 996 2159 eximiis
1016 2100 1325 2175 coloribus
1345 2100 1616 2175 depingit
1656 2100 1939 2175 Basilius,
1965 2104 2019 2175 et
2048 2100 2378 2175 Damasum
2404 2107 2597 2175 rogat,
2626 2107 2809 2175 utea;
2839 2105 3078 2175 moreel
3100 2100 3382 2175 instituto
3441 2101 3639 2175 deces-

316 2191 522 2233 sorum
567 2189 826 2231 suorum
872 2173 1177 2230 auxilium
1203 2173 1370 2244 ferat
1418 2171 1700 2243 inprimis
1732 2171 2021 2241 Dionysii,
2065 2172 2170 2245 qui
2191 2174 2334 2230 olim
2367 2175 2432 2231 in
2461 2171 2909 2246 Cappadociam
2931 2173 3201 2242 miserat,
3247 2174 3352 2245 qui
3371 2173 3639 2243 captivos

320 2247 715 2304 redimerem.

587 2349 973 2422 Ἀνεπίγραφος
1001 2347 1118 2420 (76)
1148 2352 1267 2422 περὶ
1299 2342 1550 2402 συνόδου.

310 2475 590 2552 Ἀρχαίας
651 2471 859 2545 ἀγάπης
919 2474 1141 2545 θεσμοὺς
1205 2472 1570 2539 ἀνανεοῦσθαι,
1620 2476 1710 2526 καὶ
1772 2479 1877 2526 Πα.

244 2569 410 2641 τὶρων
460 2564 676 2639 εἰρήνην
738 2565 799 2615 τό
856 2560 1095 2638 οὐράνιον
1134 2558 1307 2637 δῶρον
1365 2569 1603 2638 Χριστοῦ
1653 2566 1744 2615 καὶ
1776 2582 1875 2615 σω-

253 2659 466 2728 τήριον,
521 2652 885 2728 ἀπομαρωθέν
954 2661 1028 2724 τῷ
1092 2657 1293 2727 χρόνῳ,
1347 2652 1501 2706 πάλιν
1581 2655 1707 2727 πρὸς
1779 2656 1874 2711 τὴν

260 2738 447 2814 ἄκμήν
500 2739 856 2815 ἰπαναγαγείν,
917 2739 1195 2814 ἀναγκαῖον
1257 2745 1347 2815 μὲν
1420 2743 1546 2816 ἡμῖν
1605 2746 1697 2794 καὶ
1742 2740 1872 2815 ὠφέ-

256 2828 444 2904 λιμον,
502 2834 699 2906 τερπνόν
764 2827 827 2884 δὲ
882 2827 935 2882 εὖ
966 2827 1111 2904 οἶδα,
1138 2832 1220 2884 ὃτι
1240 2836 1330 2884 καὶ
1362 2839 1422 2905 τῇ
1456 2839 1522 2905 σῇ
1544 2831 1872 2906 φιλοχρίστῳ

2338 2352 2480 2413 Sine
2508 2354 2906 2426 inscriptione
2933 2352 3008 2411 de
3033 2351 3281 2425 synodo.

2057 2477 2398 2537 Dilectiouis
2442 2480 2705 2554 antiquae
2760 2479 2926 2551 leges
2974 2493 3289 2546 renovare,
3316 2480 3373 2535 et
3401 2481 3644 2535 Patrum

1984 2569 2484 2641 pacem,caaleste
2526 2569 2677 2626 illud
2728 2569 2941 2627 Christi
2980 2568 3214 2625 donum
3267 2583 3339 2625 ac
3383 2566 3645 2624 salutare

1983 2656 2152 2730 quod
2181 2662 2450 2731 tempore
2475 2658 2728 2728 exaruit,
2757 2657 2838 2714 ad
2889 2657 3160 2728 vigorem
3198 2657 3417 2714 iterum
3467 2672 3646 2713 revo-

1983 2761 2140 2815 care,
2175 2747 2580 2805 necessarium
2601 2747 2846 2820 quidem
2885 2747 3062 2805 nobis
3095 2763 3167 2803 ac
3196 2746 3336 2803 utile
3367 2765 3381 2816 ;
3427 2747 3645 2819 jucun-

1982 2834 2130 2892 dum
2160 2839 2382 2908 autem,
2418 2841 2510 2894 sat
2538 2836 2685 2906 scio,
2718 2842 2774 2893 et
2800 2842 2903 2894 tuo
2928 2836 3141 2894 Christi
3179 2835 3411 2893 amanti
3440 2835 3646 2892 animo

266 2916 515 2973 διαθέσει
562 2924 1015 2994 καταφανήσεται.
1074 2925 1138 2975 Τί
1170 2923 1272 2997 γὰρ
1325 2920 1385 2973 ἂν
1441 2927 1641 2993 γένοιτο
1714 2941 1871 2997 χαρι-

1986 2925 2301 2983 videbitur.
2341 2926 2494 2993 Quid
2538 2927 2697 2983 enim
2729 2925 2836 2983 ﬁat
2879 2925 3236 2999 jucundius,
3287 2942 3480 2999 quam
3534 2926 3646 2983 ho-

267 3008 503 3084 ἐστερον,
553 3009 583 3069 ἦ
626 3013 746 3073 τοὺς
801 3012 1039 3082 τοσούτῳ
1092 3017 1165 3081 τῷ
1188 3009 1376 3069 πλήθει
1429 3018 1530 3063 τῶν
1561 3015 1724 3064 τόπων
1756 3007 1874 3085 διη-

258 3103 519 3174 ρημένους
534 3100 648 3171 (77)
715 3107 779 3173 τῇ
843 3095 939 3152 διὰ
968 3108 1060 3161 τῆς
1092 3098 1296 3172 ἀγάπης
1329 3099 1508 3154 ἐνὼσει
1546 3102 1773 3176 καθορᾲν
1805 3103 1872 3162 εἰς

247 3195 379 3262 μίαν
411 3188 586 3262 μελῶν
628 3186 882 3264 ἁρμονίαν
926 3191 975 3241 ἓν
1026 3193 1232 3263 σώματι
1282 3197 1521 3265 Χριστοῦ
1572 3186 1868 3258 dadis-6m;

250 3278 314 3332 Ἥ
352 3276 613 3337 ’Δνατολή
678 3284 831 3331 πᾶσα
882 3274 1104 3351 σχεδόν,
1151 3283 1435 3352 τιμιὼτατε
1485 3281 1652 3353 Πάτερ
1723 3279 1872 3352 (λέγω

255 3364 316 3421 δέ
367 3367 661 3426 ’Δνατολήν
726 3369 795 3420 τὰ
856 3366 958 3421 ἀπὸ
1020 3375 1114 3421 τοῦ
1157 3366 1443 3445 Ἰλλυρικοῦ
1491 3372 1683 3442 μέχρις
1714 3368 1875 3441 Αἰγύ-

249 3459 433 3530 πτοῦ),
483 3456 699 3532 μεγάλῳ
741 3465 970 3531 χειμῶνι
1037 3462 1128 3511 καὶ
1200 3455 1430 3511 κλύδωνι
1513 3460 1868 3527 κατασείετᾶι,

248 3556 344 3611 τῆς
372 3548 545 3601 πάλαι
599 3550 691 3620 μὲν
752 3552 1047 3622 σπαρείσης
1095 3548 1345 3623 αἱρέσεως
1370 3549 1473 3601 ῦπό
1547 3556 1640 3601 τοῦ
1672 3547 1870 3623 ἐχθροῦ

255 3647 350 3701 τῆς
397 3636 658 3700 ἀληθείας
715 3636 940 3712 Ἀρείου,
992 3644 1081 3690 νῦν
1126 3634 1185 3691 δὲ
1232 3641 1363 3713 πρὸς
1402 3640 1461 3690 τὸ
1519 3635 1872 3711 ἀναίσχυντον

256 3725 636 3802 ἀναφανείσης,
682 3731 773 3780 καὶ
832 3728 987 3780 οἱονεὶ
1040 3726 1195 3803 ῥίζης
1253 3733 1447 3803 πικρᾶς
1504 3731 1704 3805 καρπόν
1756 3726 1871 3780 ὀλέ-

251 3820 395 3892 θριον
467 3813 863 3886 ἀναδιδούσης,
936 3810 1376 3889 καταιίρατοῦσης
1438 3816 1617 3871 λοιπὸν
1672 3814 1767 3872 διὰ
1815 3821 1870 3871 τό

252 3911 376 3971 τοῦς
442 3909 539 3981 μὲν
616 3905 736 3960 καθ’
788 3903 1018 3965 ἑκάστην
1063 3911 1344 3986 παροικίαν
1390 3915 1723 3983 προεστῶτας
1779 3915 1870 3961 τοῦ

250 3996 411 4073 ὀρθοῦ
471 3996 632 4070 λόγου
671 3996 729 4050 ἐκ
786 4000 1138 4071 συκοφαντίας
1191 4002 1281 4051 καὶ
1328 3995 1568 4071 ἐπηρείας
1627 4005 1727 4051 τῶν
1758 3997 1870 4051 Ἐκ-

249 4085 491 4144 κλησιῶν
539 4086 794 4157 ἐκπεσεῖν,
845 4085 1220 4162 παραδοθῆναι
1285 4084 1345 4141 δε
1392 4093 1502 4151 τοῖς
1542 4087 1871 4162 αἰχμαλωτί-

255 4178 421 4239 ζουσι
468 4176 558 4238 τὰς
587 4175 769 4251 ψυχὰς
823 4185 924 4231 τῶν
985 4176 1360 4254 ἀκεραιοτέρων
1431 4182 1521 4238 τὴν
1598 4188 1699 4232 τῶν
1743 4198 1872 4254 πρα-

1981 3015 2176 3072 mines
2205 3020 2374 3073 tanto
2403 3015 2677 3073 locorum
2700 3016 3017 3073 intervallo
3047 3016 3355 3087 sejunctas
3380 3015 3644 3072 charita-

1982 3109 2054 3160 tis
2075 3104 2317 3161 vinculo
2341 3104 2545 3163 videre
2569 3105 2633 3161 in
2685 3121 2874 3162 unam
2927 3104 3346 3162 membrorum
3404 3104 3645 3160 harmo-

1981 3193 2150 3251 niam
2189 3194 2250 3250 in
2303 3210 2556 3263 corpore
2617 3194 2831 3252 Christi
2853 3194 3167 3265 colligari?
3198 3192 3404 3251 Omnis
3425 3209 3646 3267 prope-

1980 3282 2235 3340 modum
2287 3283 2522 3354 Oriens,
2575 3286 2746 3340 Pater
2799 3283 3226 3341 colendissime
3256 3282 3412 3345 (dico
3444 3286 3647 3339 autem

1981 3372 2285 3429 Orientem
2314 3372 2620 3446 quidquid
2650 3372 2730 3429 ab
2775 3372 3015 3447 lllyrico
3046 3371 3125 3428 ad
3157 3375 3482 3445 Egyptum
3539 3387 3646 3427 us-

1979 3475 2098 3534 que
2128 3461 2551 3535 protenditur),
2580 3461 2811 3533 ingenti
2831 3464 3186 3535 tempestate
3242 3477 3313 3517 ac
3352 3465 3505 3517 testu
3549 3476 3648 3517 ex-

1980 3551 2241 3622 agitatur
2271 3569 2283 3610 :
2319 3566 2459 3608 cum
2491 3550 2728 3608 dudum
2766 3551 3014 3625 quidem
3047 3567 3262 3625 sparsa
3299 3550 3545 3607 haeresis
3566 3549 3645 3606 ab

1979 3638 2227 3698 inimico
2295 3640 2564 3697 veritatis
2610 3641 2770 3706 Ario,
2813 3656 2978 3697 nunc
3043 3656 3186 3697 vero
3260 3639 3647 3714 impudenter

1980 3744 2313 3803 emergens,
2343 3746 2413 3787 ac
2444 3729 2626 3786 veluti
2655 3729 2831 3786 radix
2870 3745 3084 3787 amara
3136 3728 3400 3785 fructum
3440 3728 3643 3785 exitio-

1982 3835 2116 3876 sum
2140 3818 2626 3893 proferens,jam
2673 3818 3055 3888 dominetur;
3107 3822 3427 3892 propterea
3473 3816 3642 3890 quod

1981 3925 2148 3966 sanae
2194 3907 2483 3965 doctrinze
2530 3908 2593 3964 in
2640 3923 3011 3981 unaquaque
3064 3907 3329 3980 parmcia
3374 3905 3642 3977 signiferi

1978 4015 2087 4074 per
2105 3998 2476 4055 calumniam
2516 4013 2588 4054 ac
2618 3997 2907 4070 injuriam
2941 3997 3293 4054 exciderunt
3339 3995 3640 4068 Ecclesiis,

1978 4088 2199 4146 tradita
2226 4093 2429 4146 autem
2460 4087 2578 4158 his,
2606 4087 2712 4161 qui
2753 4086 3195 4161 simpliciorum
3244 4086 3480 4144 animas
3535 4103 3639 4144 ca-

1977 4178 2175 4253 ptivas
2204 4176 2455 4244 ducunt,
2489 4193 2693 4233 rerum
2736 4180 3267 4251 potestas.Horum
3293 4175 3467 4250 164
3512 4176 3643 4233 uni-

248 4267 475 4342 γμοίτων
524 4266 705 4339 ἰσχῦνο
752 4266 952 4320 τούτων
996 4272 1120 4341 μίαν
1181 4264 1651 4344 προσεδοκήσαμεν
1721 4268 1870 4323 λύσιν

1986 4284 2118 4326 eam
2139 4267 2499 4325 solationem
2535 4268 3040 4340 exspectavimus,
3068 4266 3470 4323 miserationis
3510 4282 3640 4322 ves-

246 4362 344 4417 τήν
411 4364 514 4419 τῆς
570 4356 825 4433 ὑμετέρας
883 4355 1279 4430 εὐσπλαγχνίας
1316 4355 1613 4430 ἐπίσκεψιν
1636 4364 1727 4412 καὶ
1744 4359 1868 4431 ἐψυ-

253 4454 585 4521 χαγῶγησεν
638 4448 781 4520 ἡμᾶς
847 4444 926 4499 ἀεὶ
975 4449 1035 4499 τὸ
1086 4443 1390 4523 παράδοξον
1449 4455 1544 4510 τῆς
1619 4449 1872 4526 ὑμετέρας

255 4533 549 4609 ἀγοίπηςὲν
578 4544 653 4609 τῷ
709 4535 1020 4612 παρελθόντι
1069 4540 1271 4611 χρόνῳ,
1312 4541 1405 4590 καὶ
1461 4542 1604 4612 φήμη
1654 4535 1871 4614 φαιδρο-

252 4627 385 4701 τέρᾳ
422 4628 545 4699 πρὸς
592 4624 783 4700 βραχὺ
853 4626 949 4688 τὰς
1029 4625 1214 4699 ψυχὰς
1299 4624 1720 4702 ἆνεῤῥώσθημεν,
1803 4635 1871 4693 ὡς

255 4714 513 4789 ἕσομίνης
550 4717 682 4787 ἡμῖν
726 4734 867 4777 τινος
911 4714 1228 4788 ἐπισκέψεως
1274 4717 1400 4791 παρ’
1458 4717 1627 4790 ὑμῶν,
1697 4716 1780 4779 Ὠς
1811 4715 1871 4772 δε

253 4802 624 4880 διημάρτομεν
690 4812 783 4866 τῆς
848 4800 1078 4871 ίλπίδος,
1129 4808 1318 4877 μηκέτι
1348 4808 1613 4877 στέγοντες
1650 4806 1870 4881 ἤλθομεν

243 4895 332 4950 ἐπὶ
358 4898 460 4955 τὴν
503 4890 605 4948 διὰ
660 4900 752 4947 τοῦ
796 4894 1103 4969 γράμματος
1164 4894 1280 4968 (78)
1324 4896 1477 4968 ἡμῶν
1514 4895 1867 4970 παράκλησιν,

244 4982 617 5044 ϐιαναστῆναι
671 4983 809 5057 ὑμᾶς
846 4986 975 5058 πρὸς
1012 4987 1106 5044 τὴν
1175 4981 1452 5056 ἀντίληψιν
1525 4987 1694 5059 ἡμῶν,
1778 4992 1868 5041 καὶ

250 5074 569 5131 ἀποστεῖλαί
609 5094 755 5137 τινας
812 5082 913 5128 τῶν
962 5073 1276 5148 ὁμοψύχων,
1332 5074 1362 5134 ἦ
1428 5079 1553 5139 τοὺς
1611 5076 1871 5150 συμϐιϐά-

326 5200 439 5271 (73)
493 5203 741 5277 Πρόᾼτοξν
790 5200 1073 5277 ἡμετέραν.
1120 5199 1210 5256 Ita
1240 5214 1345 5259 sex
1381 5199 1731 5277 mss._Editi
1769 5210 1868 5255 τῶν

256 5270 561 5349 εἰρημένωνζ
584 5270 1004 5349 Ιῂξάςω’-θᾴἱ’ῑεὶ
1056 5277 1357 5349 συννοήσας
1412 5291 1489 5328 τε.
1543 5274 1869 5349 Duo_mss.

258 5342 499 5409 σόνῆσεις
521 5365 595 5401 τε.
620 5343 800 5413 Med.;
828 5342 1014 5417 Coisl.
1036 5344 1290 5417 primus,
1323 5346 1467 5415 Reg,
1481 5344 1783 5402 secundus
1815 5350 1872 5402 et

256 5423 454 5489 prima
483 5432 683 5475 manu
722 5414 886 5489 Harl.
918 5413 1065 5471 utin
1090 5419 1279 5489 textu.

331 5493 472 5566 (j_4)_
498 5487 1044 5566 Eﬁpwa’w__§zovrag_.
1089 5487 1203 5543 Pro
1234 5485 1329 5541 his
1380 5486 1634 5566 vocibus
1654 5487 1872 5566 legitur

265 5557 329 5615 in
352 5557 637 5621 Vaticano
658 5557 881 5618 codice
907 5574 979 5614 ac
1008 5560 1152 5631 Reg.
1181 5558 1450 5616 secundo
1472 5564 1529 5615 et
1571 5557 1745 5617 Coisl'.
1780 5575 1870 5617 sc-

267 5632 457 5692 eundo
475 5639 720 5692 τύγωσίν
744 5633 994 5692 ἔχοντας.

334 5705 442 5782 (75)
466 5700 613 5767 Vide
642 5700 985 5764 Addenda.

1978 4362 2084 4416 trze
2135 4355 2588 4413 visitationem:
2647 4372 2718 4413 ac
2763 4372 2878 4414 nos
2925 4371 3166 4429 semper
3212 4354 3522 4412 consolata
3550 4360 3640 4411 est

1979 4447 2273 4507 mirabilis
2328 4452 2529 4505 vestra
2590 4447 2850 4505 charitas
2898 4447 3195 4521 praeterito
3243 4451 3532 4518 tempore,
3579 4450 3638 4501 et

1978 4541 2114 4598 laeto
2132 4554 2376 4596 rumore
2431 4538 2636 4608 allato,
2665 4538 2790 4595 fore
2819 4543 2945 4595 uta
2999 4537 3169 4594 vobis
3216 4537 3635 4605 inviseremur,

1979 4629 2199 4687 animis
2227 4628 2307 4685 ad
2328 4627 2511 4685 breve
2542 4633 2781 4701 tempus
2810 4625 3180 4683 corroborati
3215 4643 3448 4682 sumus.
3480 4628 3640 4681 Post-

1979 4735 2167 4794 quam
2187 4722 2391 4776 autem
2422 4733 2529 4791 spe
2555 4716 2911 4785 excidimus,
2939 4731 3060 4772 non
3085 4715 3215 4787 jam
3247 4714 3511 4788 amplius
3556 4714 3637 4770 fe-

1976 4814 2202 4880 rentes,
2260 4823 2331 4865 eo
2399 4806 2778 4874 devenimus,
2838 4809 2903 4861 ut
2953 4819 3183 4877 vosper
3210 4804 3436 4861 litteras
3462 4803 3637 4861 obse-

1980 4913 2239 4962 cremus,
2285 4900 2351 4953 ut
2374 4895 2453 4952 ad
2478 4909 2659 4969 opem
2689 4891 2867 4950 nobis
2897 4891 3210 4950 ferendam
3267 4892 3632 4957 excitcmini,

1979 4993 2039 5045 et
2101 5003 2175 5043 ex
2220 4985 2315 5041 his
2359 4985 2462 5058 qui
2504 4983 2666 5039 idem
2711 4998 2781 5040 ac
2815 4998 2928 5039 nos
2954 4982 3221 5039 sentiunt
3251 4982 3502 5039 mittatis
3534 4982 3637 5039 ali-

1978 5092 2158 5151 quos,
2207 5075 2315 5149 qui
2363 5073 2461 5130 vel
2515 5071 2873 5129 dissidentes
2917 5071 3254 5145 concilient,
3287 5072 3383 5129 vel
3407 5072 3510 5129 Dei
3533 5073 3637 5128 Ec-

2054 5200 2170 5270 (76)
2222 5198 2613 5271 Ἀνεπίγραῖιος.
2685 5197 2849 5254 lianc
2896 5196 3213 5271 epistolam
3243 5197 3634 5270 perspicuum

1980 5279 2071 5329 est
2098 5271 2177 5327 ad
2206 5273 2536 5327 Damasum
2560 5285 2788 5342 papam
2818 5270 3104 5342 scriptam
3124 5284 3275 5326 esse.

2052 5344 2164 5415 (77)
2221 5339 2751 5417 Διῃρημένουξςξζει
2797 5339 3024 5417 ,Οοίεἶη
3062 5345 3336 5413 uterque,
3372 5339 3632 5398 Clarom.

1980 5421 2038 5473 et
2066 5408 2213 5485 Reg.
2248 5408 2575 5469 secundus.
2605 5412 2756 5468 Εάὶἰὶ
2785 5408 3164 5485 διειργμίνονς.

2054 5471 2186 5558 (Ἱδῖ
2221 5488 2316 5538 Διὰ
2344 5556 2354 5559 _
2380 5492 2472 5559 τοῦ
2515 5486 2852 5559 γράμματος.
3011 5471 3287 5559 quinque
3308 5498 3430 5538 mss
3462 5480 3638 5559 ;__pl_llj

1980 5573 2075 5629 res
2105 5552 2310 5614 autem
2340 5556 2402 5613 in
2425 5552 2584 5613 hanc
2613 5552 2930 5629 epistolam
2966 5552 3088 5610 non
3105 5552 3457 5610 habuimus.
3484 5552 3637 5607 Edili

1985 5627 2080 5704 διὰ
2105 5630 2442 5704 ventem”,-

2055 5703 2075 5723 "
2105 5698 2267 5760 mas
2303 5703 2496 5759 CCXX.
2532 5698 2763 5773 Scripta
2783 5712 2945 5755 anno
2975 5700 3100 5754 37!.
