4078 6424
231 370 339 425 441

1282 376 1763 434 EPISTOLARUM
1800 372 2084 432 CLASSIS
2122 377 2187 433 Il.
2221 379 2434 438 EPIST.
2476 380 2703 437 LXXIII.

3563 389 3672 444 442

249 498 342 549 τόν
374 493 422 548 ἐν
452 495 641 559 αὐτοῖς
670 504 828 571 νοῦν,
890 501 1175 576 ἐθαύμασα
1209 503 1343 563 ὅπως
1384 508 1457 573 τῷ
1502 505 1612 554 ὄντι
1646 502 1782 553 κατὰ
1810 503 1902 558 τὴν

2023 502 2326 572 quomodo
2354 520 2509 571 vere,
2541 507 2607 561 ut
2634 503 2908 562 omnium
2935 511 3063 563 erat
3100 507 3326 580 opinio,
3348 514 3671 583 paternam

263 589 468 642 πάντων
509 588 821 663 υποληψιν,
859 596 1130 666 πατρικὴν
1161 591 1397 666 ἀπένειμε
1446 594 1557 663 (98)
1610 595 1704 650 τὴν
1744 585 1900 645 αἰδῶ.

269 682 344 733 Τὸ
367 681 472 753 γὰρ
502 677 906 753 φλεγμαίνοντα
957 687 1049 735 καὶ
1088 684 1426 758 ὠργισμένον,
1459 688 1550 737 καὶ
1598 684 1908 756 ὁρμήσαντα

282 775 420 846 πρὸς
442 774 536 830 τὴν
564 778 668 823 τῶν
694 770 1074 831 λελυπηκότων
1111 774 1330 846 ἄμυναν,
1376 774 1680 849 παραλῦσαι
1719 774 1809 847 μὲν
1848 774 1907 823 τό

281 861 420 915 πολῦ
446 868 538 922 τῆς
570 857 960 937 σῳοδρότητος,
991 865 1128 937 ἡμᾶς
1161 860 1219 917 δί
1248 871 1340 917 τοῦ
1369 866 1673 939 πράγματος
1697 866 1910 937 κυρίους

283 952 648 1021 ποιήσασθαι,
704 947 901 1004 ἔδωκεν
950 954 1075 1025 ἡμῖν
1122 952 1469 1028 εὐφρανθῆναι
1516 956 1581 1015 ὡς
1627 952 1711 1005 ἐπὶ
1750 954 1908 1023 τέκνῳ

279 1049 650 1114 πνευματικῷ.
685 1040 830 1094 ’Δντὶ
861 1037 952 1095 οὖν
981 1044 1175 1095 τούτων
1201 1047 1255 1096 τί
1283 1042 1407 1096 ἄλλο
1444 1043 1740 1116 λειπόμενόν
1766 1040 1908 1094 ἐστιν

280 1131 313 1190 ἢ
345 1132 613 1202 εὔχεσθαί
644 1148 731 1182 σοι
756 1132 826 1182 τα
855 1129 1061 1203 ἀγαθάς
1096 1130 1263 1204 φίλοις
1291 1136 1382 1206 μέν
1424 1152 1481 1186 σε
1509 1128 1734 1191 ἣδιστον
1756 1127 1905 1195 εἶναι,

286 1218 511 1293 ἐχθροῖς
545 1215 607 1272 δὲ
640 1217 878 1295 φοϐερόν,
910 1226 1045 1273 πᾶσι
1076 1216 1135 1273 δε
1164 1222 1356 1295 όμοῖως
1376 1217 1674 1295 αἰδέσιμον,
1708 1222 1791 1273 ἳνα
1818 1223 1908 1272 καὶ

291 1311 348 1361 οἱ
371 1318 469 1362 τῶν
492 1312 873 1383 προσηκόντων
898 1329 951 1362 τι
981 1308 1343 1384 ἐλλελοιπότες,
1379 1313 1632 1370 αἴσθησιν
1670 1309 1908 1370 λαϐόντες

291 1408 399 1459 τῆς
445 1397 492 1451 ἐν
535 1404 619 1452 σοὶ
672 1402 996 1474 πραότητος,
1056 1400 1248 1454 ἑαυτῶν
1287 1400 1648 1473 καθάψωνται,
1707 1401 1788 1452 ὅτι
1836 1398 1908 1461 εἰς

293 1492 535 1541 τοιοῦτόν
561 1490 679 1561 (99)
717 1507 778 1542 σε
802 1493 927 1542 ὄντα
955 1487 1263 1566 ἐξήμαρτον.

370 1618 422 1670 2.
457 1610 674 1673 Ἐπειδή
704 1610 794 1667 οὖν
833 1615 910 1687 (1)
949 1615 1273 1689 προσέταξας
1310 1618 1433 1677 τοὺς
1474 1615 1679 1677 οἰκετας
1708 1611 1792 1668 ἐπὶ
1819 1616 1908 1667 τόν

288 1705 452 1759 τύπόν
486 1704 536 1758 ἐν
649 1709 747 1764 τὴν
791 1703 1008 1769 ἀταξίαν
1061 1702 1389 1770 ἐπεδείξαντο
1420 1703 1733 1779 διαχθῆναι,
1779 1703 1908 1768 ἆξιῶ

282 1799 378 1848 τόν
406 1797 614 1848 σκοπόν
635 1796 841 1869 μαθεῖν,
872 1796 989 1848 καθ’
1015 1794 1071 1847 ὃν
1102 1795 1340 1860 ἐπιζητεῖ
1362 1803 1515 1848 τοῦτο
1536 1797 1566 1855 ἡ
1594 1798 1909 1871 χρηστότης

274 1905 406 1941 σου.
442 1884 511 1938 Εἰ
539 1888 638 1958 μὲν
668 1887 772 1959 γὰρ
794 1884 949 1946 αὐτὸς
972 1889 1200 1961 παρέσῃ,
1228 1890 1319 1939 καὶ
1344 1886 1502 1948 αὐτὸς
1538 1884 1792 1959 εἰσπράξη
1829 1885 1904 1957 (2)

271 1982 386 2027 τῶν
416 1973 823 2048 τετολμημένων
843 1979 938 2034 τὴν
959 1970 1134 2042 δίκην,
1164 1978 1482 2050 παρέσονται
1505 1978 1596 2049 μὶν
1622 1975 1671 2027 οἱ
1700 1971 1903 2035 παῖδες·

281 2070 339 2117 τί
358 2067 463 2138 γὰρ
494 2064 629 2117 ἄλλο
652 2061 738 2117 δεῖ
772 2067 1034 2137 γενέσθαι,
1069 2064 1113 2118 εἰ
1140 2068 1294 2119 τοῦτό
1327 2084 1412 2118 σοι
1458 2069 1734 2139 κέκριται;
1773 2062 1906 2122 πλὴν

288 2153 399 2206 ἀλλ’
418 2157 581 2227 ἡμεῖς
610 2154 709 2207 οὐκ
748 2150 965 2227 οἴδαμεν
995 2158 1149 2208 ποίαν
1180 2156 1255 2208 ἔτι
1284 2157 1446 2229 χάριν
1477 2153 1741 2227 εἰληφότες
1784 2152 1906 2207 ἰσό-

282 2245 439 2317 μεθα,
472 2242 563 2296 ἐάν
605 2262 704 2317 περ
731 2247 803 2316 μὴ
838 2242 1191 2317 έξαρκέσωμεν
1224 2244 1299 2315 (3)
1333 2243 1596 2307 ἐξελέσθαι
1625 2247 1741 2304 τοὺς
1789 2250 1909 2295 παῖ-

282 2329 389 2395 δας
413 2341 514 2396 τῆς
546 2336 833 2407 τιμωρίας.
858 2332 918 2387 Εἰ
948 2328 1008 2386 δὲ
1035 2333 1193 2386 αὐτόν
1222 2352 1280 2386 σε
1300 2334 1330 2392 ἡ
1379 2333 1463 2387 ἐπὶ
1509 2340 1603 2396 τῆς
1649 2332 1907 2408 λεωφόρου

277 2421 534 2496 ἀσχολία
562 2422 794 2495 καθέξει,
826 2428 907 2485 τίς
933 2423 960 2475 ό
990 2420 1384 2496 ὑποδεχόμενος
1416 2422 1521 2476 ἐκεῖ
1550 2426 1671 2486 τοὺς
1715 2420 1911 2497 ἀνθρώ-

283 2530 465 2581 πους;
512 2516 597 2574 τίς
656 2509 718 2565 δὲ
746 2516 772 2564 ὀ
802 2511 999 2585 μέλλων
1050 2512 1239 2575 αὐτοὺς
1286 2511 1401 2566 ἀντὶ
1452 2520 1548 2566 σοῦ
1580 2511 1905 2586 ἀμύνεσθαι;

293 2603 434 2655 Ἀλλ’
465 2602 510 2655 εἰ
538 2599 689 2655 δοκεῖ
728 2621 814 2654 σοι
871 2601 1032 2655 ἐλθεῖν
1093 2602 1278 2663 αὐτοὺς
1317 2602 1385 2664 εἰς
1442 2603 1581 2674 ὄψιν,
1616 2605 1705 2655 καὶ
1756 2610 1910 2655 τοῦτο

300 2694 512 2752 πάντως
555 2695 854 2766 κέκριταεχ
889 2695 1054 2766 μέχρι
1099 2691 1341 2766 Σασίμων
1390 2691 1630 2744 κέλευσον
1667 2692 1912 2764 γενέσθαι

306 2781 489 2835 αὐτῶν
511 2786 603 2840 τὴν
625 2783 980 2856 παράστασιν,
1020 2785 1112 2834 καὶ
1153 2781 1314 2834 αὑτοῦ
1370 2778 1539 2846 δεῖξον
1590 2788 1811 2835 σεαυτοῦ
1854 2783 1909 2834 τό

303 2877 481 2947 πρᾶον
500 2878 587 2924 τοῦ
607 2873 764 2934 ἤθους
797 2876 889 2924 καὶ
917 2870 1303 2946 μεγαλόθυμον.
1338 2870 1523 2925 Λαϐὼν
1551 2874 1651 2947 γὰρ
1682 2871 1908 2943 ὑποχει-

304 2967 461 3038 ρίους
487 2965 603 3024 τοὺς
631 2961 1039 3038 παροξύναντας,
1071 2965 1162 3014 καὶ
1189 2960 1236 3014 έν
1276 2964 1443 3034 τούτῳ
1492 2963 1549 3013 τό
1594 2960 1909 3036 εὐκαταφρό-

304 3070 459 3110 νητον
478 3060 539 3111 τῆ
550 3071 573 3114 ς
601 3058 824 3105 σεαυτοῦ
846 3053 924 3124 (4)
956 3049 1106 3115 ἀξίας
1136 3047 1544 3125 ἐπιδειξάμενος,
1574 3052 1697 3124 ἄφες
1719 3050 1910 3113 αὐτοὺς

298 3139 565 3209 ἀϐλαϐεῖς,
581 3144 647 3202 ὡς
669 3140 717 3193 έν
738 3148 851 3203 τοῖς
871 3144 1141 3217 προτέροις
1167 3142 1449 3215 γράμμασι
1464 3139 1907 3214 παρεκαλέσαμεν,

290 3233 421 3304 ἡμῖν
446 3232 541 3303 με)
574 3225 762 3292 διδοὺς
786 3233 881 3290 τὴν
908 3232 1094 3304 χάριν,
1144 3232 1292 3307 παρὰ
1325 3227 1385 3284 δὲ
1417 3236 1550 3283 Θεοῦ
1593 3233 1687 3288 τὴν
1719 3227 1793 3302 ἐφ’
1834 3230 1911 3292 οἷς
1942 3220 1981 3273 C

290 3328 459 3383 ποιεῖς
489 3317 768 3374 ἀντίδοσιν
801 3316 1166 3394 ἐκδεχόμενος.

366 3470 421 3522 3.
451 3470 562 3519 Kal.
592 3472 763 3518 ταῦτα
800 3464 955 3538 λέγω,
986 3464 1092 3538 οὐχ
1130 3465 1202 3528 ὡς
1240 3462 1721 3538 οὕτως’όφείλοντος
1760 3463 1905 3517 τελε-

297 3557 497 3615 σθῆναι
516 3562 615 3609 τοῦ
645 3556 966 3629 πράγματος,
991 3554 1120 3607 ἀλλὰ
1150 3551 1337 3609 σννινδ
1343 3552 1400 3609 ιδ
1403 3557 1492 3617 οὺς
1516 3561 1581 3628 τῇ
1623 3555 1757 3631 ὁρμῇ
1791 3572 1909 3628 σου,

296 3650 387 3699 καὶ
413 3644 735 3719 φοϐούμενος
763 3648 835 3718 μή
866 3663 917 3697 τι
946 3644 1293 3703 ὑπολείπηται
1337 3646 1564 3697 ἄπεπτον
1594 3652 1687 3697 τοῦ
1719 3646 1909 3718 θυμοῦ,

296 3740 387 3788 καὶ
417 3737 602 3810 ὥσπερ
657 3733 741 3788 ἐπὶ
792 3742 891 3787 τῶν
947 3733 1354 3809 φλεγμαινόντων
1385 3734 1658 3808 ὀφθαλμῶν
1707 3738 1797 3787 καὶ
1848 3736 1914 3786 τὰ

296 3824 629 3878 ἁπαλώτατα
651 3831 753 3877 τῶν
793 3822 1150 3897 βοηθημάτων
1203 3820 1439 3901 ὀδυνηρὰ
1479 3824 1731 3898 φαίνεται,
1778 3824 1913 3878 οὕτω

296 3920 388 3967 καὶ
418 3921 511 3966 νῦν
544 3915 573 3966 ό
598 3915 846 3989 ἡμέτερος
864 3913 1018 3987 λόγος
1042 3913 1320 3989 έξαγριάνῃ
1355 3932 1413 3967 σε
1441 3913 1633 3987 μᾶλλον
1664 3914 1694 3973 ἦ
1747 3934 1911 3968 κατα-

299 4004 505 4078 στείλῃ.
535 4004 680 4058 Ἐπεὶ
726 4006 785 4057 τό
818 4003 1230 4078 εὐπρεπέστατον
1270 4000 1350 4075 ἧν,
1393 4004 1485 4057 καί
1545 4009 1627 4058 σοὶ
1664 4008 1911 4079 μέγιστον

297 4095 504 4165 κόσμον
534 4093 747 4166 ἐνεγκεῖν
780 4090 1083 4167 δυνάμενον,
1126 4097 1217 4147 καὶ
1256 4093 1369 4167 ἐμοὶ
1400 4092 1590 4167 ἀρκοῦν
1632 4097 1761 4169 πρὸς
1788 4099 1912 4159 τοὺς

303 4182 534 4255 ἐμαυτοῦ
564 4184 740 4256 φίλους
764 4187 854 4237 καὶ
874 4183 1160 4247 ἡλικιώτας
1186 4184 1252 4246 εἰς
1284 4184 1671 4259 σεμνολόγημα,
1699 4188 1757 4238 τό
1784 4187 1909 4259 ἡμῖν

295 4270 654 4347 ἐπιτραπῆναι
678 4277 774 4333 τὴν
805 4271 1104 4334 ἐκδίκησιν.
1137 4276 1354 4337 Πάντως
1384 4271 1444 4328 δὲ
1487 4274 1531 4328 εἰ
1577 4279 1667 4328 καὶ
1706 4274 1910 4350 ὀμώμο-

295 4368 423 4417 σταί
456 4382 545 4416 σοι
578 4359 764 4417 δοῦναι
789 4363 973 4426 αὐτοὺς
1003 4364 1077 4428 εἰς
1103 4368 1360 4442 τιμωρίαν
1389 4366 1527 4418 κατά
1549 4368 1671 4428 τοὺς
1699 4369 1904 4440 νόμους,

301 4456 421 4506 οὔτε
443 4455 475 4511 ἡ
508 4453 641 4529 παρ’
670 4455 816 4527 ἡμῶν
844 4453 1144 4527 ἐπιτίμησις
1176 4453 1395 4508 ἐλάττων
1418 4453 1556 4507 ἐστὶν
1589 4455 1663 4518 εἰς
1693 4451 1907 4513 ἱκδίκη-

2016 590 2164 646 mibi
2191 593 2589 650 reverentiam
2611 594 3011 651 exhibuerint.
3027 596 3201 662 Quod
3220 598 3384 654 enim
3403 602 3673 656 testuans

2023 681 2191 751 167
2227 687 2283 738 et
2309 682 2496 739 iratus
2525 688 2583 741 et
2606 683 2686 740 ad
2713 684 3090 744 ulciscendos
3123 686 3414 743 molestiae
3466 692 3674 745 aucto-

2014 782 2112 824 res
2138 775 2411 842 paratus,
2439 771 2696 829 multum
2720 773 3006 831 remisisti
3035 774 3111 831 de
3157 776 3411 850 impetu,
3438 791 3675 850 nosque

2015 857 2101 913 rei
2122 859 2402 917 dominos
2430 861 2621 918 fecisti
2645 881 2657 930 ;
2682 861 2743 918 id
2766 863 2911 919 mihi
2942 862 3146 921 locum
3176 865 3344 922 dedit
3369 865 3431 922 in
3462 871 3517 922 te
3548 869 3676 922 tan-

2016 962 2204 1019 quam
2236 948 2296 1004 in
2316 949 2438 1006 ﬁlio
2465 950 2756 1023 spirituali
2783 951 3046 1009 laetandi.
3076 956 3185 1010 Pro
3213 954 3308 1011 his
3327 954 3508 1026 igitur
3525 954 3674 1028 quid

2019 1034 2182 1092 aliud
2222 1045 2517 1111 superest,
2558 1040 2674 1097 nisi
2712 1046 2776 1098 ut
2821 1041 2930 1097 tibi
2978 1042 3143 1100 bona
3187 1058 3507 1117 precemur
3534 1044 3563 1101 ?
3609 1046 3676 1100 ut

2017 1125 2228 1182 amicis
2257 1127 2506 1200 quidem
2537 1129 2619 1185 sis
2650 1130 3048 1200 gratissimus,
3084 1132 3343 1189 inimicis
3375 1148 3520 1189 vero
3557 1131 3675 1188 for-

2019 1214 2367 1287 midandus,
2397 1222 2453 1274 et
2482 1219 2768 1275 omnibus
2816 1223 3039 1293 pariter
3085 1221 3472 1291 reverendus,
3500 1224 3567 1279 ut
3615 1224 3674 1278 et

2016 1304 2121 1376 qui
2151 1304 2357 1378 aliqua
2382 1306 2443 1363 in
2473 1323 2535 1363 re
2567 1307 2766 1366 ofﬁcio
2799 1325 2910 1366 suo
2952 1309 3266 1383 defuerint,
3297 1310 3540 1382 cognita
3566 1316 3672 1367 tua

2013 1394 2256 1453 lenitate
2297 1394 2542 1469 culpent
2572 1413 2637 1454 se
2692 1397 2828 1470 ipsi,
2862 1398 3027 1472 quod
3070 1399 3133 1456 in
3172 1405 3226 1456 te
3249 1400 3448 1456 virum
3484 1397 3670 1457 talem

2017 1485 2397 1558 deliquerint.

2089 1618 2140 1668 2.
2171 1612 2286 1670 Sed
2313 1612 2457 1684 quia
2474 1613 2709 1684 jussisti
2739 1613 2999 1672 famulos
3037 1615 3098 1672 in
3139 1614 3362 1682 locum,
3402 1614 3509 1672 ubi
3554 1619 3673 1673 tur-

2016 1701 2162 1758 bam
2193 1718 2264 1758 ac
2293 1702 2615 1760 tumultum
2656 1704 3009 1775 excitarunt,
3042 1706 3286 1771 abduci,
3316 1706 3465 1763 scire
3493 1704 3672 1763 velim

2016 1791 2167 1865 quid
2193 1798 2308 1850 ture
2333 1792 2591 1851 bonitati
2624 1795 2687 1851 id
2716 1795 3043 1869 requirenti
3073 1797 3450 1871 propositum
3496 1796 3592 1852 sit.
3614 1795 3673 1850 Si

2017 1882 2178 1939 enim
2206 1882 2405 1939 aderis
2438 1884 2587 1956 ipso,
2621 1888 2679 1941 et
2706 1884 2987 1942 facinoris
3016 1902 3231 1958 paanas
3259 1886 3387 1959 ipse
3414 1888 3669 1959 repetes,

2017 1971 2276 2028 aderunt
2298 1972 2469 2043 pueri
2494 1990 2507 2028 :
2535 1973 2685 2047 quid
2714 1976 2874 2031 enim
2906 1974 3071 2031 aliud
3109 1974 3478 2044 faciendum,
3515 1974 3566 2031 si
3608 1973 3673 2030 id

2016 2060 2124 2117 tibi
2154 2065 2440 2117 statutum
2473 2067 2564 2119 est
2589 2063 2616 2118 Ἰ
2650 2063 2763 2122 Sed
2794 2064 2999 2121 nescio
3019 2079 3132 2135 ego
3157 2063 3306 2137 quid
3322 2064 3453 2135 jam
3482 2063 3671 2120 benc-

2016 2149 2137 2207 ﬁcii
2157 2168 2468 2226 accepero,
2499 2153 2550 2209 si
2581 2169 2800 2227 pueros
2839 2171 2912 2212 ex
2940 2154 3237 2228 supplicio
3294 2170 3499 2212 eruere
3546 2169 3672 2211 non

2016 2240 2280 2299 valeam.
2322 2243 2496 2309 Quod
2525 2244 2574 2300 si
2604 2248 2659 2301 te
2686 2245 2930 2317 negotia
2962 2261 3069 2319 per
3097 2245 3260 2302 viam
3286 2243 3670 2312 detinuerint,

2017 2330 2154 2405 quis
2194 2332 2467 2389 homines
2496 2333 2613 2390 illic
2641 2334 2926 2408 suscipiet
2954 2335 2980 2390 ?
3006 2335 3140 2408 quis
3170 2350 3281 2407 pro
3315 2338 3368 2391 te
3414 2332 3548 2390 illos
3578 2332 3672 2389 ul-

2020 2423 2277 2481 ciscetur
2305 2422 2333 2479 ?
2364 2423 2536 2490 Quod
2583 2424 2632 2481 si
2678 2423 2917 2482 videtur
2947 2429 3012 2481 ut
3041 2424 3148 2481 tibi
3189 2424 3250 2481 in
3281 2426 3675 2495 conspectum

2018 2512 2334 2588 prodeant,
2364 2513 2547 2587 idque
2577 2514 2829 2570 omnino
2856 2518 3164 2583 statutum,
3209 2513 3357 2586 jube
3408 2512 3675 2571 Sasimos

2021 2619 2216 2676 usque
2247 2603 2549 2673 sistantur,
2582 2619 2654 2660 ac
2682 2602 2765 2660 ibi
2794 2603 3046 2661 ostende
3085 2602 3392 2661 lenitatem
3434 2617 3676 2659 morum

2022 2695 2264 2749 tuorum
2290 2695 2346 2748 et
2361 2692 2946 2763 magnanimitatem.
2964 2696 3287 2767 Postquam
3308 2692 3464 2749 enim
3490 2691 3552 2746 in
3573 2706 3677 2764 po-

2019 2784 2295 2839 testatem
2334 2782 2633 2855 acceperis
2685 2798 2789 2839 eos
2844 2782 2951 2855 qui
3003 2781 3405 2851 offenderunt,
3455 2786 3512 2837 et
3560 2780 3678 2836 hoc

2020 2874 2198 2944 pacto
2228 2870 2734 2928 demonstraveris
2776 2886 2900 2928 non
2928 2869 3299 2944 contemptui
3324 2868 3677 2926 habendam

2020 2976 2149 3016 esse
2175 2965 2341 3017 tuam
2371 2959 2743 3033 dignitatem,
2764 2960 2983 3017 illaesos
3009 2960 3260 3024 dimitte,
3279 2958 3676 3033 quemadmo-

2020 3051 2169 3107 dum
2199 3049 2501 3125 prioribus
2529 3048 2734 3106 litteris
2762 3051 3132 3122 rogavimus,
3150 3049 3406 3121 gratiam
3434 3065 3471 3105 a
3498 3045 3677 3105 nobis

2018 3138 2234 3209 iniens,
2269 3145 2325 3197 et
2355 3156 2390 3197 a
2422 3142 2540 3197 Deo
2570 3139 2712 3197 facti
2743 3140 3088 3197 mercedem
3116 3142 3495 3213 exspectans.

2094 3468 2148 3523 3.
2173 3464 2308 3521 Haec
2337 3467 2541 3521 autem
2571 3463 2731 3535 dico,
2758 3478 2882 3522 non
2909 3464 3078 3539 quod
3107 3479 3204 3522 res
3229 3463 3312 3520 ita
3340 3459 3545 3537 perlici
3573 3461 3675 3519 des

1983 3608 1989 3619 ,
2020 3553 2182 3620 beat,
2214 3553 2318 3611 sed
2351 3553 2571 3611 cedens
2600 3554 2991 3612 commotioni
3021 3557 3153 3626 tuae,
3180 3569 3253 3611 ac
3281 3557 3579 3624 metuens,
3598 3564 3676 3606 ne

2022 3644 2169 3718 quid
2206 3643 2533 3701 iracundiae
2576 3644 2778 3700 minus
2820 3648 3059 3701 coctum
3104 3643 3383 3713 resideat,
3427 3646 3484 3699 et
3533 3654 3677 3715 que-

2022 3733 2425 3791 madmodum
2486 3732 2675 3791 oculis
2728 3733 3122 3791 inﬂammatis
3171 3733 3265 3790 vel
3316 3730 3677 3789 mollissima

2022 3823 2469 3880 medicamenta
2496 3822 2770 3879 dolorem
2799 3823 3016 3892 ferunt,
3048 3821 3133 3878 ita
3170 3824 3228 3878 et
3276 3835 3440 3877 nunc
3482 3817 3675 3877 oratio

2020 3928 2159 3969 mea
2186 3912 2479 3969 accendat
2508 3915 2564 3968 te
2611 3911 2810 3983 magis
2865 3925 3054 3984 quam
3111 3911 3481 3984 compescat.
3523 3905 3677 3964 Illud

2020 4003 2183 4060 enim
2222 4002 2485 4060 maxime
2532 4001 2822 4058 decorum
2850 4000 3021 4071 foret,
3054 4017 3126 4059 ac
3173 4000 3283 4058 tibi
3335 3997 3675 4056 maximum

2019 4096 2447 4150 ornamentum
2476 4092 2687 4150 afferre
2717 4094 2943 4165 posset,
2965 4090 3235 4164 mihique
3252 4104 3378 4147 non
3415 4104 3674 4164 parvam

2020 4184 2186 4258 apud
2216 4183 2445 4241 amicos
2478 4186 2535 4240 et
2564 4183 2831 4257 aequales
2867 4199 3038 4240 meos
3087 4182 3291 4254 glorias
3335 4182 3673 4252 materiam,

2018 4274 2068 4330 si
2123 4273 2392 4330 vindicta
2446 4272 2591 4330 mihi
2636 4272 3098 4346 permitteretur.
3159 4272 3418 4329 Omnino
3473 4275 3677 4329 autem

2017 4364 2196 4422 etiam
2228 4363 2276 4420 si
2300 4363 2598 4436 juraveris
2622 4363 2983 4420 traditurum
3004 4367 3060 4421 te
3082 4378 3184 4420 eos
3212 4362 3290 4419 ad
3311 4360 3674 4435 supplicium

2018 4452 2356 4510 secundum
2382 4452 2582 4526 leges;
2613 4468 2814 4527 neque
2857 4451 3304 4510 animadversio
3333 4455 3540 4508 nostra
3565 4449 3673 4507 mi-

305 4560 409 4611 σιν,
438 4547 559 4596 οὔτε
586 4543 619 4595 ὁ
648 4543 779 4605 θεῖος
804 4546 962 4617 νόμος
991 4542 1289 4620 ἀτιμότερος
1318 4551 1417 4597 τῶν
1440 4543 1906 4619 ἐμπολιτευομένων

2023 4558 2130 4600 nor
2157 4547 2247 4601 est
2271 4541 2350 4600 ad
2377 4543 2732 4610 vindictam,
2764 4558 2962 4617 neque
2992 4542 3200 4599 divina
3227 4542 3324 4597 lex
3351 4539 3674 4612 ignobilior

300 4641 374 4703 τῷ
404 4630 506 4706 βίῳ
534 4637 792 4707 νομίμων.
825 4632 934 4689 Ἀλ’
965 4630 1026 4693 ἦν
1057 4630 1280 4688 δυνατόν
1310 4633 1519 4703 αὐτοὺς,
1550 4634 1771 4689 ἐνταῦθα
1800 4635 1907 4688 ἐπι-

300 4728 627 4797 στραφέντας
651 4729 759 4784 τοῖς
787 4724 1056 4799 ἡμετέροις
1097 4727 1362 4798 νομίμοις,
1394 4723 1445 4777 ἐν
1500 4726 1579 4788 οἷς
1615 4729 1707 4779 καὶ
1749 4725 1909 4789 αὐτὸς

291 4817 387 4872 τὴν
414 4809 613 4866 ἐλπίδα
638 4813 880 4887 ἔχεις
929 4822 1025 4877 τῆς
1057 4818 1341 4889 σωτηρίας,
1373 4819 1464 4868 καὶ
1495 4818 1552 4869 σε
1601 4823 1692 4878 τῆς
1720 4815 1805 4869 ἐπὶ
1830 4822 1904 4888 τῷ

285 4905 430 4980 ὅρκῳ
461 4901 703 4975 ἀνάγκης
733 4903 1091 4979 ἐλευθερῶσαι,
1123 4909 1208 4958 καὶ
1250 4903 1440 4968 αὐτους
1472 4908 1768 4981 σύμμετρον
1797 4912 1908 4970 τοῖς

361 5155 482 5231 (98)
525 5152 814 5231 Ἀπένειμε.
850 5154 1001 5213 Editi
1028 5157 1156 5231 ἡμῖν
1176 5173 1463 5231 απενειμες.
1485 5158 1627 5214 Tres
1647 5171 1798 5231 mss1
1816 5173 1905 5215 re-

294 5210 591 5302 centiores
617 5210 1321 5302 auriupgiiiariqcoisl.
1345 5210 1589 5302 prim—us
1599 5210 1908 5302 éﬁr‘édfﬁt

287 5298 349 5356 in
373 5303 567 5373 textu,
593 5299 710 5355 nisi
729 5298 901 5373 quod
918 5300 983 5356 in
1005 5298 1190 5373 variis
1238 5298 1498 5373 Medicaei
1538 5300 1903 5373 lectionibus

288 5386 412 5427 non
442 5370 774 5429 observata
790 5371 906 5428 fuit
935 5370 1223 5428 secundae
1257 5371 1425 5429 vocis
1458 5372 1740 5430 varietas.

363 5447 481 5511 (99)
512 5450 781 5497 Τοιοῦτον.
816 5444 912 5500 Sic
941 5459 1087 5500 mss.
1116 5458 1243 5501 sex.
1265 5442 1418 5499 Editi
1438 5451 1715 5502 τοσοῦτον.

366 5515 442 5590 _(_l)
473 5512 690 5590 Ἐπειδὴ
717 5512 831 5590 ορν-
867 5518 953 5572 Ita
980 5514 1164 5587 Harl.,
1186 5514 1336 5573 Med.
1363 5519 1420 5572 et
1444 5514 1620 5572 Coisl.
1644 5515 1901 5590 primus.

304 5585 443 5643 Editi
472 5585 688 5648 Ἐπειδὴ
725 5584 809 5642 δέ.
1100 5617 1111 5628 ο

370 5656 440 5737 (:2)
465 5661 762 5737 βίσπράξη.
793 5662 884 5715 Ita
913 5674 1064 5737 mss.
1099 5674 1228 5717 sex.
1264 5657 1420 5737 Editi
1441 5658 1757 5737 εἰσπράξεις.

368 5730 437 5802 (3)
465 5730 886 5809 Ἐξαρκέσωμεν.
920 5731 1008 5789 Ita
1036 5746 1184 5789 mss.
1231 5733 1494 5804 septem.
1551 5730 1705 5790 Editi
1757 5731 1903 5808 ἔξαρο

2016 4632 2351 4689 observatis
2375 4633 2436 4689 in
2464 4632 2685 4690 saeculo
2714 4632 2970 4703 legibus.
3003 4632 3118 4689 Sed
3147 4629 3277 4688 ﬁeri
3305 4634 3565 4704 poterat,
3609 4631 3677 4686 ut

2013 4723 2112 4780 hic
2143 4739 2217 4780 ex
2243 4722 2479 4795 legibus
2499 4723 2739 4792 nostris,
2765 4722 2825 4779 in
2857 4720 3083 4795 quibus
3114 4725 3173 4778 et
3194 4721 3323 4795 ipse
3353 4735 3529 4793 spem
3572 4735 3672 4775 sa-

2013 4812 2152 4870 lutis
2174 4812 2436 4886 positam
2460 4812 2674 4884 habes,
2708 4811 2921 4886 puniti,
2955 4815 3012 4868 et
3038 4815 3094 4868 te
3123 4809 3524 4883 jurisjurandi
3574 4824 3674 4866 ne-

2014 4903 2292 4961 cessitate
2323 4902 2639 4975 solverent,
2666 4905 2722 4959 ct
2744 4900 2860 4975 ipsi
2890 4915 3102 4974 parem
3130 4900 3394 4974 peccatis
3426 4915 3676 4974 pinnam

2014 5160 2251 5232 κέσομεν.
2287 5158 2417 5213 Non
2446 5153 2634 5212 multo
2662 5156 2800 5228 post
2828 5154 2970 5213 editi
2997 5153 3321 5228 ἀμύνασθαι.
3351 5157 3496 5214 Octo
3523 5170 3673 5212 mss.

2014 5233 2081 5285 ut
2116 5229 2178 5285 in
2202 5232 2387 5284 textu.

2087 5301 2163 5372 (4)
2191 5307 2294 5372 Τῆς
2326 5302 2689 5372 mauro-Lua
2711 5315 2857 5372 mss.
2891 5303 3048 5357 octo.
3078 5298 3230 5357 Editi
3258 5308 3353 5362 τῆς
3381 5306 3499 5372 σῆς.
3554 5296 3673 5352 Ali-

2012 5367 2421 5446 quantoinira
2448 5369 2592 5446 editi
2623 5367 2927 5446 συνδεδούς,
2957 5374 3104 5446 Mss._
3131 5387 3239 5429 sex
3289 5376 3355 5427 ut
3377 5371 3455 5446 in
3484 5373 3669 5446 textu.

2011 5439 2144 5501 Hox
2171 5443 2312 5501 edit.
2345 5442 2684 5502 ὑπολίπηται.
2708 5443 2865 5500 Harl.
2898 5447 2955 5501 et
2983 5443 3130 5500 Med.
3155 5458 3296 5499 cum
3318 5440 3510 5498 tribus
3540 5439 3672 5497 aliis

2012 5515 2360 5574 ὑπολείπηται
2372 5555 2386 5571 .

2084 5586 2390 5661 (5)]εχεις.
2405 5588 2490 5643 lla
2508 5589 2740 5661 veteres
2768 5586 2908 5644 libri
2929 5599 3172 5661 summo
3194 5582 3673 5661 consensultlale

2009 5654 2468 5732 in‘e'dili'sié'xocg.
2493 5659 2678 5732 Paulo
2706 5662 2850 5732 post
2877 5658 3020 5732 editi
3044 5662 3133 5732 καὶ
3190 5656 3388 5719 αὐτοῖς.
3430 5654 3589 5713 Harl.
3618 5658 3676 5711 et

2014 5730 2189 5790 Coisl.
2215 5729 2450 5805 primus
2474 5733 2538 5805 et,
2562 5730 2664 5789 alii
2691 5729 2969 5788 nonnulli
2996 5733 3064 5786 ut
3085 5729 3152 5786 in
3184 5732 3369 5786 textu.
