4078 6376
452 291 559 351 447

1835 293 1891 350 S.
1936 286 2186 346 BASILII
2223 285 2440 344 HAGNI

3710 295 3834 348 448

451 425 569 477 tcm
601 421 820 477 borum
851 419 986 476 loco
1017 419 1377 493 Scytharum
1397 421 1802 494 quorumdam
1834 422 1937 474 aut
1961 417 2104 472 Mas-

2229 415 2424 466 Ξκυθῶν
2471 435 2620 466 τινων
2670 417 2699 475 ἦ
2752 423 3114 488 Μασσαγετῶν
3163 415 3424 490 ἀμουσία·
3467 421 3564 490 μία
3595 413 3654 470 δὲ
3679 423 3832 490 φωνὴ

450 515 798 582 sagetarum
821 510 1074 566 inscitia.
1105 513 1230 566 Una
1253 516 1454 568 autem
1476 528 1593 568 vox
1619 516 1705 567 est
1735 512 2102 570 exactorum,

453 605 510 656 et
552 617 762 656 eorum
815 617 851 656 a
881 601 1104 673 quibus
1152 601 1428 672 exigitur,
1460 602 1684 675 quique
1715 597 1968 669 ﬂagellis
2000 611 2109 651 cm-

452 691 698 748 duntur.
740 691 1002 747 Porticus
1049 693 1329 764 utrinque
1364 692 1619 764 lugubre
1649 689 1945 764 quiddam
1978 701 2107 760 per-

455 785 767 849 sonantes,
809 780 969 838 velut
1014 781 1324 854 propriam
1356 781 1632 837 videntur
1663 796 1871 836 vocem
1911 777 2108 845 edere,

455 869 532 925 de
560 869 653 926 his
678 886 814 942 quae
854 869 1008 926 ﬁunt
1033 871 1433 940 ingementes.
1475 869 1728 928 Occlusa
1771 873 1976 925 autem
2007 880 2110 938 gy-

456 958 697 1015 mnasia
725 962 782 1015 et
813 963 1020 1015 noctes
1057 974 1180 1014 non
1230 959 1555 1016 illustratas
1583 974 1706 1016 non
1740 959 1877 1014 sinit
1908 955 2112 1028 aliquo

455 1062 568 1104 nos
614 1048 675 1103 in
722 1063 976 1104 numero
1023 1048 1247 1105 habere
1291 1051 1424 1122 ipsa
1466 1049 1541 1104 dc
1584 1050 1705 1104 vita
1749 1043 2109 1103 sollicitudo.

457 1139 585 1192 Non
616 1137 776 1193 enim
807 1137 937 1194 leve
965 1137 1301 1211 periculum
1334 1143 1442 1208 est,
1474 1155 1551 1195 ne
1596 1136 1813 1195 amotis
1850 1133 2111 1208 optima-

457 1224 634 1295 tibus,
667 1227 826 1283 velut
873 1226 1074 1282 fulcris
1117 1228 1562 1296 corruentibus,
1619 1227 1800 1283 simul
1844 1229 2114 1282 evertan-

455 1315 550 1369 tur
587 1315 816 1370 omnia.
851 1315 1068 1388 Ecquis
1095 1321 1298 1372 autem
1344 1332 1544 1372 sermo
1571 1313 1977 1388 exprimendis
2008 1328 2088 1368 no

455 1403 590 1458 stris
635 1405 810 1461 malis
870 1421 982 1478 par
1026 1405 1203 1461 fuerit
1239 1407 1266 1462 ?
1307 1406 1419 1462 Alii
1467 1406 1748 1462 abierunt
1794 1404 2109 1476 fugientes,

453 1508 597 1565 pars
655 1498 902 1550 senatus
949 1495 1159 1564 nostri,
1190 1510 1314 1552 non
1367 1495 1707 1566 ignobilior,
1753 1497 2112 1567 perpetuum

456 1582 734 1639 exsilium
784 1583 1074 1640 Podando
1121 1585 1526 1657 prmferentes.
1565 1584 1715 1640 Cum
1763 1587 1964 1640 autem
2012 1585 2115 1637 Po-

457 1669 730 1727 dandum
755 1670 912 1744 dico,
935 1672 1192 1729 Ceadem
1214 1689 1310 1728 me
1335 1675 1693 1729 Laconicum
1711 1672 1907 1728 dicere
1928 1675 2076 1745 puta
2099 1686 2112 1736 ;

459 1763 565 1816 aut
592 1759 783 1817 sicubi
827 1761 1098 1818 naturale
1129 1761 1482 1819 barathrum
1513 1761 1711 1818 vidisti
1742 1780 1756 1831 ;
1807 1778 1943 1835 qua:
1982 1760 2116 1816 loca
2147 1772 2186 1826 Β

458 1849 735 1905 nonnulli
768 1849 1085 1919 Charonia,
1108 1851 1353 1908 nomine
1383 1869 1494 1908 sua
1520 1857 1732 1925 sponte
1753 1853 2114 1921 occurrenti,

459 1937 859 2011 appellarunt,
917 1941 1090 2012 170
1137 1940 1447 1998 exitiosam
1492 1957 1708 1998 auram
1747 1941 2113 2000 exhalantia.

457 2027 765 2098 Ejusmodi
785 2027 918 2085 loco
940 2029 1243 2102 persimile
1264 2031 1540 2088 existima
1561 2031 1835 2088 Podandi
1859 2033 2112 2090 malum.

456 2117 538 2172 Ex
569 2117 757 2174 tribus
785 2118 966 2190 igitur
985 2120 1278 2193 partibus,
1306 2122 1406 2178 alii
1436 2139 1576 2178 cum
1608 2123 1895 2179 uxoribus
1925 2139 1997 2180 ac
2022 2123 2112 2180 fo-

457 2205 544 2263 cis
590 2207 847 2280 fugiunt,
891 2209 992 2265 alii
1041 2209 1427 2268 abducuntur
1468 2215 1532 2268 ut
1571 2212 1814 2285 captivi,
1846 2215 2114 2271 maxima

454 2312 597 2370 pars
620 2297 984 2369 optimatum
1003 2300 1277 2368 civitatis,
1308 2301 1725 2359 miserandum
1747 2303 1956 2360 amicis
1984 2319 2116 2378 spe-

456 2385 782 2454 ctaculum,
814 2387 1200 2444 inimicorum
1232 2393 1371 2445 vota
1398 2390 1741 2463 explentes;
1775 2393 1823 2447 si
1855 2393 1992 2465 quis
2023 2399 2113 2449 ta-

457 2491 600 2531 men
637 2477 888 2534 omnino
925 2479 1168 2545 exstitit,
1220 2480 1324 2552 qui
1354 2480 1531 2536 nobis
1560 2487 1797 2538 tantum
1837 2483 1979 2539 mali
2008 2483 2116 2539 im-

459 2571 828 2637 precaretur.
877 2568 1070 2624 Tertia
1111 2569 1240 2640 jam
1271 2569 1478 2627 relicta
1508 2587 1648 2644 pars
1683 2577 1792 2627 est.
1823 2573 1887 2628 Hi
1912 2578 2117 2630 autem

458 2655 798 2712 amicorum
823 2672 894 2714 ac
922 2657 1310 2716 familiarium
1342 2676 1465 2717 non
1502 2661 1760 2718 ferentes
1788 2678 2114 2732 secessum,

458 2744 758 2819 simulque
805 2747 1168 2806 infirmiores
1213 2765 1401 2823 quam
1446 2757 1511 2808 ut
1552 2751 1733 2809 rebus
1763 2753 2118 2811 necessariis

456 2835 835 2909 provideant,
863 2839 1047 2894 vitam
1078 2839 1277 2912 ipsam
1321 2840 1597 2898 oderunt.
1632 2845 1766 2898 Haec
1802 2843 2120 2900 hortamur

458 2929 527 2981 ut
563 2929 708 2982 nota
744 2926 1031 2984 omnibus
1061 2927 1272 3000 facias,
1323 2933 1425 2987 tua
1452 2930 1644 3002 ipsius
1685 2947 1829 2988 voce
1859 2948 1931 2989 ac
1954 2933 2121 3004 justa

461 3013 701 3070 dicendi
748 3015 1043 3089 libertate,
1085 3033 1272 3090 quam
1313 3018 1423 3075 tibi
1450 3019 1573 3076 vita
1611 3021 1918 3091 conciliat;
1964 3021 2121 3079 clare

2220 499 2596 572 ἀπαιτουντων,
2685 511 2774 558 καὶ
2851 505 3259 578 ἀπαιτουμένων,
3338 511 3428 558 καὶ
3516 507 3838 579 ξαινομένων

2216 599 2332 654 ταῖς
2378 595 2618 666 μάστιξι.
2671 601 2823 649 Στοαὶ
2891 593 2942 649 δ’
3005 596 3313 672 ἑκατέρωθεν
3373 598 3682 670 σκυθρωπόν
3740 596 3842 648 ἑπ-

2220 690 2457 753 ηχοῦσαι
2509 689 2646 757 (16),
2706 685 2810 739 οἷον
2849 685 3044 739 οἰκείαν
3097 683 3349 739 δοκοῦσιν
3397 684 3600 758 ἀφιέναι
3654 690 3840 758 φωνήν

2219 779 2324 832 τοῖς
2401 777 2685 846 γινομενοις
2757 775 3212 837 ἑπιστενάζουσαι.
3291 777 3563 848 Γυμνάσια
3625 771 3687 828 δὲ
3748 794 3843 827 κε-

2219 860 2494 935 κλεισμένα
2547 870 2636 917 καὶ
2674 867 2865 926 νύκτας
2923 865 3172 939 ἀλαμπεῖς
3225 866 3319 919 οῦκ
3368 864 3426 935 ἐᾷ
3481 867 3622 938 ἡμᾶς
3674 861 3843 916 οὐδὲν

2219 948 2522 1022 λογίζεσθαι
2571 956 2598 1012 ἡ
2657 960 2774 1027 περὶ
2821 963 2913 1008 τοῦ
2983 955 3078 1028 ζῇν
3130 956 3242 1026 (17)
3290 954 3508 1027 ἀγωνία.
3576 950 3844 1014 Κίνδυνος

2219 1043 2318 1114 γὰρ
2371 1041 2475 1113 οὐχ
2534 1045 2558 1094 ὁ
2630 1049 2831 1116 τυχὼν,
2889 1053 2990 1097 τῶν
3048 1047 3374 1120 κρατοῦντων
3427 1046 3842 1117 ὑφαιρεθέντων,

2221 1131 2394 1203 ὥσπερ
2430 1131 2700 1206 ἐρείσμασι
2738 1142 2984 1203 πεσοῦσι,
3028 1137 3509 1208 συγκατενεχθῆναι
3538 1137 3604 1186 τά
3632 1135 3844 1188 πάντα.

2224 1224 2324 1272 Καὶ
2362 1225 2443 1282 τίς
2466 1221 2525 1273 ἀν
2569 1222 2717 1295 λόγος
2766 1232 2862 1278 τῶν
2909 1233 3080 1277 κακῶν
3111 1234 3211 1277 τῶν
3250 1227 3508 1298 ἡμέτερων
3550 1223 3790 1296 ἐφίκοιτο
3829 1240 3844 1290 ;

2223 1311 2288 1361 Οἱ
2330 1313 2420 1382 μὲν
2470 1316 2712 1384 οἴχονται
2761 1317 3050 1388 φεύγοντες,
3099 1319 3250 1389 μέρος
3301 1322 3395 1376 τῆς
3427 1312 3622 1387 βουλῆς
3653 1315 3846 1385 ἡμῶν,

2222 1397 2281 1451 οὐ
2312 1403 2368 1451 τὸ
2399 1401 2733 1472 φαυλότατον,
2780 1408 2872 1463 τὴν
2927 1402 3196 1476 ἀειφυγίαν
3241 1400 3521 1457 Ποδανδοῦ
3551 1407 3797 1476 προτιειὴ
3816 1431 3844 1444 ο

2225 1508 2420 1550 σαντες.
2475 1489 2636 1544 Ὀταν
2682 1489 2741 1546 δε
2800 1489 3074 1547 Ιιοδανδόν
3133 1496 3281 1563 εἴπω,
3349 1496 3434 1546 τον
3505 1489 3713 1545 Κεάδαν
3777 1510 3852 1564 με

2223 1582 2334 1630 οἵου
2377 1579 2538 1651 λέγειν
2595 1586 2682 1633 τόν
2717 1586 3016 1636 Λακωνικὸν
3070 1582 3207 1655 (18),
3241 1582 3271 1641 ἣ
3306 1586 3350 1634 εἰ
3392 1601 3492 1635 που
3524 1589 3620 1644 τῆς
3647 1581 3850 1632 οἰκου-

2224 1670 2381 1740 μένης
2434 1665 2562 1730 εἶδες
2621 1669 2889 1745 βάραθρον
2944 1671 3217 1744 αῦτοφυὶς,
3261 1672 3297 1723 ἄ
3326 1667 3392 1729 δὴ
3439 1675 3530 1722 καὶ
3557 1671 3850 1744 Χαρώνεια

2224 1776 2332 1810 τισι
2389 1763 2790 1835 προσαγορεύειν
2840 1761 3144 1834 αὐτομάτως
3203 1759 3438 1830 ἐπῆλθεν,
3494 1758 3622 1834 ἀέρα
3675 1777 3848 1811 νοσο-

2225 1850 2372 1898 ποιόν
2423 1848 2535 1919 (l9)
2591 1848 2922 1904 ἀναπνέοντα.
2987 1853 3218 1922 Τοιοῦτῳ
3257 1854 3360 1902 τι,νὶ
3401 1848 3563 1910 ἐοικός
3611 1852 3849 1922 νόμισον

2224 1941 2312 1989 καὶ
2348 1942 2404 1991 τὸ
2451 1936 2730 1992 Ιῐοδανδοῦ
2777 1944 2956 1994 κακόνο
3005 1947 3173 2015 Τριῶν
3203 1944 3375 1993 τοίνυν
3403 1947 3620 2013 μοιρῶν,
3651 1941 3703 1990 οἱ
3743 1941 3847 2010 μὲν

2225 2032 2505 2102 φεύγουσιν
2555 2029 2736 2092 αὐταῖς
2784 2030 2993 2101 γυναιξὶ
3039 2035 3129 2082 καὶ
3177 2029 3373 2090 ἑστίαις
3415 2027 3844 2090 ἀπαναστάντες·

2223 2121 2273 2171 οἰ
2303 2115 2362 2171 δε
2410 2117 2700 2191 ἀπάγονται
2730 2121 2902 2196 ῶσπερ
2964 2119 3319 2194 αἰχμάλωτοι,
3364 2120 3413 2171 οἰ
3460 2117 3701 2171 πλεῖστοι
3738 2125 3847 2169 τῶν

2223 2207 2270 2259 ἐν
2322 2217 2382 2281 τῇ
2436 2207 2580 2261 πόλει
2626 2209 2855 2284 ἄριστοι,
2899 2209 3105 2262 ἐλεεινόν
3155 2209 3317 2283 φίλοις
3363 2211 3551 2282 θέαμα,
3618 2207 3846 2281 ἐχθροῖς

2225 2293 2284 2351 δε
2314 2298 2480 2371 εὐχὴν
2528 2299 2899 2374 ἐκπληροῦντες
2922 2315 2936 2330 ⁶
2987 2299 3031 2352 εἰ
3059 2296 3125 2358 δή
3156 2319 3237 2361 τις
3260 2302 3463 2371 γέγονεν
3495 2297 3619 2359 ὁλως
3648 2303 3813 2348 τοσοῦ

2222 2407 2308 2440 τον
2359 2391 2484 2461 ἡμῖν
2541 2389 2950 2464 ἐπαρασάμενος.
3002 2391 3233 2464 Τριτάτη
3288 2385 3348 2442 δέ
3399 2407 3500 2441 που
3544 2393 3695 2460 μοῖρα
3741 2384 3826 2436 λέ-

2222 2477 2449 2533 λειπται.
2493 2474 2655 2531 Οὗτοι
2695 2475 2775 2548 δε,
2808 2485 2902 2537 τόν
2945 2498 2998 2532 τε
3029 2477 3300 2550 ἀπόλειψιν
3326 2486 3428 2530 τῶν
3459 2478 3684 2534 συνήθων
3710 2474 3829 2545 (20)

2225 2567 2283 2619 οῦ
2333 2571 2588 2642 φέροντες,
2621 2573 2712 2620 καὶ
2757 2575 2868 2641 ἅμα
2914 2577 3009 2629 τῆς
3038 2572 3228 2644 χρείας
3266 2566 3573 2642 ἀτονώτεροι
3620 2562 3836 2634 ἀπελεγ-

2224 2662 2463 2730 χόμενοι,
2522 2660 2654 2732 πρὸς
2705 2657 2832 2710 αῦτό
2878 2661 2937 2710 τό
2998 2661 3092 2730 ζῇν
3139 2655 3478 2732 ἀπειρήκασι.
3537 2655 3718 2708 Ταῦτά
3778 2671 3843 2704 σε

2228 2749 2418 2821 φανερά
2446 2754 2672 2806 ποιῆσαι
2717 2753 2850 2800 πᾶσι
2892 2745 3291 2821 παρακαλοῦμεν
3321 2754 3383 2820 τῇ
3436 2751 3657 2798 σεαυτοῦ
3691 2750 3841 2815 φωνῇ

2225 2840 2316 2888 καὶ
2363 2843 2424 2908 τῇ
2488 2843 2709 2888 σεαυτοῦ
2755 2835 3030 2911 παρρησίᾳ
3075 2843 3137 2909 τῇ
3193 2832 3396 2908 δικαίᾳ,
3450 2835 3511 2894 ἣν
3550 2837 3691 2905 ἔχεις
3733 2831 3848 2884 ἀπὸ

2226 2932 2319 2978 τοῦ
2376 2923 2540 2998 βίου·
2599 2924 2758 2978 ἐκεῖνο
2813 2934 2990 2999 σαφῶς
3044 2929 3378 2999 προειπόντα,
3447 2926 3547 2990 ὃτι,
3605 2921 3693 2975 ἑαν
3759 2928 3847 2993 μὴ

2228 3018 2369 3087 ταχὺ
2399 3013 2931 3088 μεταϐουλεῦσωνται,
2964 3011 3079 3068 οὐδ’
3110 3015 3314 3078 ἕξουσιν
3347 3014 3416 3076 εἰς
3455 3012 3544 3074 οῦς
3573 3017 3668 3070 τὴν
3716 3011 3853 3085 φιλ-

461 3101 608 3159 illud
644 3104 999 3177 przedicens,
1047 3105 1162 3162 nisi
1206 3106 1320 3164 cito
1359 3109 1680 3166 consilium
1711 3114 1965 3180 mutent,
1994 3125 2113 3166 non

2230 3105 2526 3180 ανθρωπίαν
2575 3100 2887 3167 ἐνδείξονται
2940 3106 3072 3177 (21).
3131 3103 3198 3157 Ἦ
3237 3106 3340 3178 γὰρ
3382 3107 3578 3176 γενήσῃ
3628 3122 3680 3154 τι
3713 3103 3853 3174 ὄφε-

460 3191 777 3250 habituros
802 3193 866 3250 in
893 3194 1120 3267 quibus
1150 3195 1594 3254 humanitatem
1637 3199 1982 3258 ostendant.
2021 3198 2122 3255 Vel

461 3281 624 3337 enim
669 3282 900 3356 aliquid
948 3284 1153 3342 auxilii
1193 3285 1426 3343 laturus
1458 3303 1522 3345 es
1569 3289 1997 3346 communibus
2033 3307 2120 3348 re-

461 3370 599 3441 bus,
638 3372 734 3429 vel
772 3373 985 3431 saltem
1030 3375 1194 3431 idem
1225 3376 1516 3448 facturus,
1547 3379 1716 3452 quod
1744 3380 1944 3452 Solon,
1989 3384 2115 3456 qui,

463 3476 603 3517 cum
647 3463 808 3519 cives
853 3463 1168 3521 derelictos
1213 3465 1535 3525 defendere
1565 3484 1689 3525 non
1723 3475 1948 3542 posset,
1981 3488 2118 3530 arce

457 3551 588 3623 jam
638 3556 956 3626 occupata,
987 3559 1260 3611 armatus
1311 3560 1450 3614 ante
1498 3558 1654 3614 fores
1705 3560 1970 3624 sedebat,
2001 3561 2118 3619 hoc

459 3639 594 3712 ipso
618 3641 830 3699 habitu
853 3643 1194 3714 declarans,
1227 3661 1290 3702 se
1315 3646 1408 3702 his
1450 3663 1588 3720 quae
1615 3648 1845 3706 fiebant
1869 3666 1993 3708 non
2026 3667 2118 3709 as-

462 3731 685 3788 sentiri.
738 3735 858 3790 Hoc
900 3737 1104 3790 autem
1143 3751 1252 3808 pro
1296 3742 1458 3794 certo
1491 3739 1634 3810 scio,
1683 3740 1863 3797 etiam
1893 3741 1942 3797 si
1981 3742 2120 3815 quis

461 3835 625 3878 nunc
677 3823 1037 3881 sententiam
1091 3828 1258 3882 tuam
1307 3843 1429 3885 non
1476 3827 1710 3902 probet,
1752 3831 1934 3903 paulo
1981 3838 2120 3905 post

535 4109 646 4181 (l6)
670 4107 1044 4193 ’ξίῖιήχοῦᾼσαιζ
1057 4112 1206 4193 M_ed.
1242 4111 1576 4189 ἀπηχοῦσαι.
1597 4117 1778 4193 Paulo
1807 4123 1946 4193 post
1975 4120 2120 4180 editi

463 4180 643 4259 νύκτες
689 4180 960 4259 ἀλαμπεῖς.
1009 4185 1286 4259 Quinque
1329 4180 1478 4246 mss.
1529 4195 1594 4246 ut
1620 4189 1683 4246 in
1726 4180 1911 4249 textu.
1943 4195 2122 4250 Erant

463 4250 566 4335 1183‘
582 4250 895 4335 nocturnae
924 4250 1761 4335 lucernze'interornamenta
1786 4264 2116 4335 civitatum,

463 4323 569 4405 sed
593 4323 665 4405 in
692 4323 862 4405 luctu
884 4327 1128 4405 publico
1156 4329 1463 4405 intermitti
1492 4333 1789 4405 solebant.
1831 4335 1996 4392 Unde
2028 4323 2118 4393 Li;

462 4393 681 4479 banius
727 4393 991 4479 i‘n‘Orat.
1040 4399 1119 4455 ad
1169 4402 1574 4479 _A_ntio_chenos
1612 4404 1686 4461 de
1736 4408 2119 4479 Imperatoris

2226 3193 2310 3254 λος
2360 3201 2471 3257 τοῖς
2511 3203 2720 3263 κοινοῖς,
2752 3195 2782 3254 ἣ
2831 3199 2888 3248 τό
2919 3213 2978 3266 γε
3005 3202 3098 3247 τοῦ
3128 3194 3348 3256 Σόλωνος
3379 3196 3677 3253 πεποιηκὼς
3714 3194 3854 3264 ἔσῃ,

2228 3283 2281 3347 ὃς
2324 3291 2435 3348 τοῖς
2488 3282 2843 3359 ἀπολειφθεῖσι
2889 3293 2988 3338 τῶν
3045 3284 3264 3338 πολιτῶν
3321 3281 3531 3357 ἀμύνειν
3580 3287 3701 3352 (22)
3741 3282 3856 3334 οὐχ

2228 3379 2386 3448 ἔχων,
2441 3385 2537 3439 τῆς
2589 3375 2916 3452 ἀκροπόλεως
2973 3372 3080 3436 ἤδη
3145 3378 3527 3449 κατεχομένης,
3582 3376 3648 3427 τὰ
3701 3373 3857 3429 ὅπλα

2227 3463 2374 3528 ἐνδὺς
2422 3471 2522 3543 πρὸ
2573 3476 2671 3520 τῶν
2723 3468 2890 3541 θυρῶν
2931 3468 3041 3539 ('23)
3068 3464 3362 3535 ἐκαθέζετο,
3393 3461 3614 3526 εῦδηλος
3651 3468 3722 3516 ὧν
3760 3473 3853 3537 τῷ

2229 3563 2496 3630 σχήματι,
2554 3565 2660 3620 τοῖς
2725 3560 3015 3630 γινομένοις
3083 3556 3141 3610 οῦ
3198 3557 3576 3629 συντιθέμενος.
3637 3554 3854 3609 Ἐκεῖνο

2228 3645 2283 3700 δ’
2334 3646 2560 3723 ἀκριϐῶς
2604 3644 2745 3720 οἶδα,
2793 3648 2892 3716 ὅτι,
2935 3651 3026 3700 καὶ
3074 3649 3120 3700 εἴ
3147 3651 3222 3708 τίς
3255 3665 3349 3700 σου
3379 3653 3466 3698 νῦν
3493 3649 3586 3704 τὴν
3616 3651 3849 3719 γνώμην

2227 3742 2298 3811 μὴ
2346 3733 2686 3809 ἀποδέχοιτο,
2735 3740 2922 3812 μικρὸν
2976 3737 3191 3813 ὕστερον
3240 3755 3326 3790 σοι
3371 3735 3488 3808 (24)
3538 3735 3741 3799 εὐνοίας
3779 3756 3850 3792 τε

2229 3829 2359 3901 ὁμοῦ
2406 3831 2497 3880 καὶ
2552 3831 2806 3890 συνέσεως
2852 3832 2947 3886 τὴν
3004 3832 3259 3900 μεγίστην
3315 3823 3474 3889 δόξαν
3531 3827 3848 3902 προσθήσει

2299 4113 2822 4191 (21)-Ἐνᾷείξοντοιι.
2873 4116 3118 4191 Itautres
3161 4114 3552 4191 vetustissimi
3590 4114 3843 4191 codices

2227 4183 2369 4271 cum
2397 4183 2660 4271 'duobu‘s.
2705 4188 2838 4244 aliis
2872 4206 2885 4244 :
2915 4187 3055 4271 editi
3099 4183 3448 4271 ἔνδειξωνται.
3473 4187 3843 4271 Paulopost

2227 4261 2499 4350 quinque
2529 4259 2788 4330 codices,
2835 4260 2941 4318 sed
2993 4275 3116 4316 non
3171 4259 3595 4334 antiquissimi.
3629 4259 3698 4312 Ἦ
3729 4262 3837 4333 γάρ

2228 4353 2688 4478 εῙῖΞέ).Ἀμυνειν.
2741 4402 2987 4478 Addunt
3042 4402 3185 4478 editi
3227 4412 3321 4478 τῆς
3352 4402 3658 4478 ἐλευθερίας.
3705 4405 3839 4460 Duo

461 4467 577 4535 ira;
593 4468 818 4552 suadet
844 4470 1095 4552 civibus,
1120 4477 1185 4528 ut
1202 4472 1314 4552 has
1333 4471 1611 4552 lucernas
1633 4467 1922 4552 tantisper
1949 4495 2119 4552 sepo-
2149 4494 2192 4550 ο
2229 4467 2477 4552 mssa?)
2494 4467 2791 4552 ’ἕλευ-θερίᾳ,
2824 4475 2930 4531 sed
2952 4475 3088 4552 llaec
3115 4475 3178 4532 in
3204 4476 3333 4552 aliis
3352 4467 3603 4552 desunt.

463 4542 629 4602 nant,
644 4539 735 4622 vel
760 4541 1016 4622 rariores
1037 4539 1391 4622 aecendant.
1417 4546 1556 4603 Vide
1578 4539 1989 4622 Ammianum,
2011 4539 2120 4610 lib.

462 4625 580 4692 xiv,
613 4626 664 4667 c.
703 4615 750 4681 1,
788 4617 846 4670 et
891 4618 1101 4671 notam
1146 4616 1381 4687 Valesii,
1435 4635 1507 4674 ex
1555 4635 1678 4692 qua
1724 4621 1855 4677 haec
1893 4615 2121 4682 deliba-

461 4697 685 4740 v1mus.

537 4753 640 4825 (l7)
678 4760 810 4835 llapi
856 4765 953 4835 rei
1146 4762 1230 4816 Ita
1261 4759 1434 4835 Meti,
1479 4761 1658 4835 Harl”
1704 4765 1915 4835 Vatset
1944 4766 2117 4825 Coisl.

469 4826 816 4905 secundus;
863 4826 1168 4905 editi'mpt
1216 4836 1271 4886 τὸ
1315 4826 1430 4905 ζῇνζ
1483 4826 1712 4891 Ibidem
1756 4833 1907 4890 οὐδέν
1955 4839 2124 4896 deest

467 4892 945 4975 anteioyié'sgem
964 4902 1025 4958 in
1054 4892 1270 4961 eodem
1303 4892 1490 4975 Bigot.

703 4966 1029 5054 Κεάὸ¹οξν....ἒ
1066 4966 1402 5054 Λακωνικόνῖ
1557 4979 1903 5054 vocabatur
1954 4981 2122 5054 apud

467 5037 959 5122 Lacedaemonios
1012 5045 1385 5122 horrendum
1430 5048 1605 5122 illud,
1633 5037 2013 5121 barathrum:
2052 5037 2122 5112 in

464 5109 1068 5194 quodnmaximorum
1088 5119 1410 5176 criminum
1430 5135 1565 5178 reos
1577 5121 1832 5194 dejicere
1850 5109 2125 5183 solebant

463 5184 622 5263 teste
636 5184 960 5263 Pausania.
989 5187 1094 5245 lib.
1117 5205 1190 5259 ιγ,
1229 5206 1287 5263 p.
1322 5196 1444 5248 250.

536 5255 649 5335 (m9)
704 5261 1016 5335 βοσοποιὸν.
1047 5255 1320 5335 -Ιιπιῐοθε
1359 5264 1771 5335 vetustissimi
1827 5267 2065 5324 codices
2103 5284 2117 5335 ;

465 5325 988 5403 οᾴίῑίφεῖοροποιον.
1037 5331 1226 5388 Julius
1276 5333 1482 5390 Pollux
1537 5340 1594 5391 et
1648 5338 1864 5394 Suidas
1901 5325 2122 5396 docent

467 5396 830 5456 Charoniam
861 5405 1142 5458 vocatam
1164 5403 1353 5461 fuisse
1374 5406 1618 5462 Athenis
1647 5424 1834 5466 unam
1863 5411 2119 5467 carceris

461 5467 734 5546 januam,
767 5488 874 5545 per
896 5489 1082 5546 quam
1111 5476 1195 5531 rei
1220 5476 1298 5531 ad
1325 5481 1581 5534 mortem
1611 5479 2009 5538 ducebantur.

539 5540 813 5627 (ᾏΟλΤῶν
868 5540 1126 5627 συνήθων.
1381 5557 1479 5600 τῶι
1529 5555 1800 5627 συνοίκων,
1839 5557 1896 5608 et
1936 5553 2118 5627 paulo

466 5619 622 5695 post.
668 5613 1171 5695 ἀποϐουλεύσωνται.
1234 5622 1564 5695 Utrumque
1620 5613 1967 5681 Harla’eanu‘s
2033 5627 2120 5682 sic

468 5682 703 5743 videtur
725 5687 1035 5747 habuisse.

2299 4549 2407 4624 (23)
2438 4546 2544 4624 Πρό
2574 4546 2891 4624 τῶν’θυρῷν.
2951 4549 3088 4604 Tres
3120 4547 3538 4624 antiquissimi
3561 4619 3570 4624 _
3591 4547 3836 4624 codices

2227 4618 2457 4696 habent
2484 4618 2584 4696 πρὸ
2614 4618 2934 4696 τῶν-πυλῶν,
2961 4623 3135 4696 quod
3165 4618 3306 4675 cuni
3331 4618 3407 4676 de
3437 4619 3621 4696 urbis
3642 4621 3836 4696 portis

2227 4690 2608 4773 intelligatur,
2640 4693 2843 4773 minus
2870 4690 3011 4773 huic
3057 4690 3191 4749 loco
3233 4691 3534 4773 convenit.
3558 4690 3833 4773 enim

2231 4761 2508 4822 Solonem
2533 4779 2644 4837 pro
2665 4762 2897 4837 foribus
2918 4761 3141 4837 domus
3163 4779 3287 4837 suae
3307 4761 3519 4819 fecisse
3537 4762 3833 4819 discimus

2229 4833 2668 4916 ex_Plut_arE_:lio,
2691 4833 2798 4916 qui
2826 4850 2953 4891 rem
2985 4833 3169 4916 paulo
3199 4834 3368 4916 aliter
3394 4840 3600 4916 narrat
3623 4837 3830 4916 a_c__Ba-

2230 4908 2421 4978 silius,
2451 4908 2514 4964 in
2541 4905 2732 4978 libro;
2745 4907 2842 4962 An
2874 4905 3014 4978 seni
3057 4907 3323 4978 gerenda
3349 4910 3428 4963 sit
3463 4905 3822 4974 respublica.

2230 4951 3143 5061 13;saginasageigaaa'
3159 4951 3269 5061 ξυίι
3285 4951 3676 5061 ﬁguratam,
3691 4991 3831 5061 ετ..

2230 5051 2388 5125 tiam
2407 5049 2784 5125 popularem‘
2797 5051 3124 5125 captanda,
3167 5049 3554 5125 tyrannidem
3584 5049 3784 5105 moliri
3814 5065 3830 5105 :

2228 5121 2795 5180 nemine'resistere
2833 5121 3116 5186 audente,
3162 5121 3444 5179 Solonem
3491 5137 3605 5178 sua
3661 5137 3840 5179 arma

2229 5193 2533 5275 extulisse,
2547 5199 2601 5275 et
2618 5199 2754 5275 ante
2771 5193 3024 5275 domum
3037 5194 3450 5275 proposuisse,
3468 5194 3625 5255 αὐτὸς
3647 5192 3843 5275 ἐξενεγ-

2229 5269 2443 5340 κάμενος
2473 5266 2719 5340 τάᾲὸπλα,
2751 5271 2842 5340 καὶ
2870 5269 2971 5340 πρὸ
2992 5274 3087 5327 τῆς
3114 5266 3283 5327 οἰκίας
3315 5268 3541 5338 θέμενος,
3574 5266 3840 5340 ac_cives

2229 5321 2309 5411 ad
2338 5321 2754 5411 defensionem
2774 5321 3087 5411 hortatum
3103 5353 3236 5394 esse
3265 5321 3282 5394 Ξ
3307 5321 3570 5411 cumque
3591 5337 3674 5393 ad
3699 5353 3842 5394 eum

2227 5409 2493 5482 misisset
2537 5409 2895 5482 Pisistratus,
2952 5408 3058 5482 qui
3111 5413 3398 5482 rogarent
3445 5408 3724 5482 quanam
3777 5425 3843 5466 re

2227 5482 2414 5554 fretus
2453 5481 2584 5537 haec
2633 5481 2874 5554 taceret,
2914 5481 3053 5536 eum
3089 5481 3500 5554 respondisse,
3531 5485 3844 5538 senectute

2225 5553 2444 5610 fretum
2482 5567 2546 5609 se
2574 5568 2729 5610 esse.

2299 5629 2412 5701 (gs)
2444 5624 2694 5700 ’Υστερόν
2735 5644 2858 5701 σοι.
2913 5627 3126 5701 Deerat
3170 5640 3511 5701 pronomen
3545 5624 3608 5682 in
3638 5625 3841 5700 editis,

2230 5696 2508 5757 additum
2535 5696 2614 5755 ex
2641 5696 2949 5758 codicibus
2977 5697 3136 5757 Harl.
3169 5696 3223 5758 et
3253 5699 3404 5758 Med.
