4078 6376
484 294 584 353 451

1860 291 1920 349 8.
1959 288 2215 347 BASILII
2250 287 2471 346 MAGNI

3751 296 3865 351 452

487 433 607 493 que
628 415 958 491 plurimum
982 415 1045 472 in
1066 415 1246 473 rebus
1265 416 1534 491 potestis.
1560 417 1674 476 Sed
1694 416 1839 491 quia
1853 418 1910 473 et
1928 428 2122 486 corpo‘

2252 410 2452 475 λοιποῖς
2502 414 2620 468 ὅσοι
2678 412 2763 470 ἰπὶ
2829 417 3083 489 μεγίστης
3128 413 3243 469 ἐστὶ
3290 411 3562 491 δυνάμεως
3590 426 3692 473 τῶν
3723 439 3867 495 προι-

486 508 570 564 ris
594 506 836 563 inﬁrma
866 505 1167 578 valetudo,
1201 510 1258 563 et
1286 506 1689 564 Ecclesiarum
1708 522 1807 563 me
1828 520 1970 562 cura
1990 501 2139 559 deti-

488 600 611 667 net,
644 595 881 652 interim
925 610 1032 668 per
1059 595 1378 668 epistolam
1407 595 1729 653 lamentari
1767 594 1931 668 apud
1973 598 2139 650 tuam

486 686 969 757 magnitudinem
988 684 1270 744 iestinavi
1290 703 1303 753 ;
1328 686 1643 744 declarans
1663 702 1774 743 nec
1794 685 1959 741 navir
1976 682 2138 738 ulam

484 776 548 833 in
574 776 728 833 mari
760 775 1213 832 vehementibus
1235 776 1427 832 ventis
1450 776 1805 833 immersam
1826 774 1909 830 ita
1928 772 2138 829 veloci-

482 869 571 921 ter
598 882 671 921 ex
694 862 885 922 oculis
914 879 1186 937 unquam
1205 866 1543 938 evanuisse,
1569 880 1766 939 neque
1793 863 2008 921 urbem
2050 861 2139 917 ul-

481 953 786 1012 lamterree
809 954 1071 1011 motibns
1093 970 1411 1011 excussam
1434 961 1538 1012 aut
1553 954 1727 1029 aquis
1748 953 2135 1010 submersam

482 1044 566 1102 ita
589 1044 788 1101 subito
810 1044 1078 1118 periisse,
1102 1045 1381 1102 utcivitas
1396 1052 1604 1102 nostra
1619 1045 1735 1101 hac
1750 1059 1912 1100 nova
1931 1057 2133 1098 rerum

483 1134 617 1193 adu.
632 1134 1005 1195 inistratione
1030 1133 1324 1208 absorpta
1343 1135 1405 1191 in
1426 1134 1676 1193 exitium
1702 1131 1971 1193 funditus
1989 1130 2133 1188 inci-

476 1225 584 1287 dit.
612 1227 803 1300 Atque
827 1224 982 1283 adeo
1002 1228 1210 1285 nostra
1238 1225 1301 1282 in
1330 1224 1603 1283 fabulam
1630 1238 1884 1282 cessere.
1916 1225 2131 1279 Actum

477 1319 571 1375 est
601 1313 762 1375 enim
791 1313 868 1376 de
897 1313 1150 1375 civitatis
1172 1313 1418 1377 ordine:
1452 1312 1651 1373 omnis
1688 1317 1891 1370 autem
1939 1310 2128 1369 civilis

475 1409 665 1467 castus
691 1405 772 1463 ob
793 1422 887 1476 ea,
916 1420 1053 1479 quas
1075 1404 1532 1475 magistratibus
1553 1401 2130 1474 acciderunt,animo

475 1496 825 1569 concidens,
857 1495 1111 1556 urbanis
1132 1494 1366 1551 aedibus
1397 1494 1670 1563 desertis,
1713 1509 1821 1568 per
1865 1508 2045 1566 agros
2076 1495 2133 1549 et

473 1602 618 1649 rura
647 1586 987 1657 divagatur.
1019 1586 1147 1645 Jam
1180 1584 1382 1644 deﬁcit
1415 1600 1619 1643 rerum
1647 1584 2131 1645 necessariarum

478 1677 753 1737 tractatio
782 1694 795 1733 :
827 1692 898 1734 ac
920 1676 1171 1733 omnino
1193 1674 1609 1748 spectaculum
1636 1674 2033 1733 foedissimum
2049 1671 2129 1729 fa-

2252 506 2488 578 γματων·
2526 501 2704 564 ἐπειδὴ
2732 501 2790 559 δὲ
2839 508 2868 565 ἦ
2902 525 2956 559 τε
2998 514 3090 558 τοῦ
3143 510 3386 578 σώματος
3429 505 3723 583 ἀρρωστία,
3767 515 3864 564 καὶ

2248 596 2279 652 ἡ
2334 603 2434 647 τῶν
2494 595 2811 653 Ἐκκλησιῶν
2861 594 3124 669 ἐπιμέλεια
3179 600 3395 668 κατέχει
3441 616 3525 670 με,
3581 600 3727 669 τέως,
3763 595 3864 650 διὰ

2245 686 2556 759 γράμματος
2621 682 2997 760 ἀποδύρασθαι
3052 688 3180 758 πρὸς
3216 690 3312 745 τὴν
3352 689 3449 745 σὴν
3507 687 3861 760 μεγαλόνοιαν

2246 775 2519 846 ἑπείχθην·
2589 775 2879 849 γνωρίζων,
2959 776 3036 827 ὅτι
3088 779 3203 828 οὔτε
3256 778 3455 848 σκάφος
3512 776 3562 828 ἐν
3635 777 3863 849 πελάγει

2243 865 2502 937 πνεύμασι
2543 862 2742 937 βιαίοις
2783 863 3206 918 καταϐαπτισθὲν
3251 863 3416 928 οὓτως
3466 864 3670 941 ἀθρόως
3718 869 3861 939 ἠφα-

2243 955 2397 1012 νίσθη
2422 955 2567 1018 ποτὶ,
2591 954 2648 1007 οὐ
2684 961 2918 1028 σεισμοῖς
2944 953 3243 1028 ἐκτριϐεἰσα
3269 954 3437 1020 πόλις,
3498 957 3604 1028 οὐχ
3650 954 3858 1010 ὕδασιν

2242 1042 2625 1098 ἐπικλυσθεῖσα
2673 1046 2740 1107 εἰς
2792 1045 2982 1121 ἁθρόον
3037 1045 3157 1119 (32)
3223 1046 3513 1120 ἀφανισμὸν
3574 1048 3855 1123 ἐχώρησεν

2241 1135 2425 1205 οὕτως,
2478 1137 2548 1199 ὡς
2592 1138 2621 1194 ἠ
2681 1137 2911 1211 ἡμετέρα
2947 1144 3008 1209 τῇ
3070 1144 3221 1210 καινῇ
3289 1140 3450 1212 ταύτῃ
3483 1146 3580 1191 τῶν
3600 1142 3857 1215 πραγμά-

2238 1244 2339 1281 των
2384 1224 2654 1298 οἰκονομίᾳ
2702 1227 3064 1279 καταποθεῐσα
3122 1225 3195 1290 εἰς
3274 1224 3530 1281 ἀπώλειαν
3599 1226 3857 1305 ἐχώρησε

2239 1314 2484 1375 παντελῆ.
2534 1319 2636 1371 Καὶ
2686 1316 2854 1389 μῦθος
2902 1319 3077 1390 γέγονε
3132 1317 3198 1367 τὰ
3223 1317 3469 1392 ἡμέτερα.
3503 1320 3735 1389 Οἷχεται
3758 1322 3853 1393 μὲν

2237 1407 2337 1480 γὰρ
2398 1407 2459 1459 τὸ
2523 1403 2828 1477 πολίτευμα·
2897 1407 3006 1477 (33)
3065 1410 3167 1458 πᾶν
3218 1401 3276 1457 δὲ
3315 1409 3375 1459 τὸ
3433 1405 3704 1460 πολιτικὸν
3732 1409 3854 1480 (34)

2242 1497 2536 1568 σύνταγμα,
2584 1502 2647 1568 τῇ
2714 1498 2833 1568 περὶ
2879 1498 3002 1559 τοὺς
3054 1502 3372 1568 κρατοῦντας
3422 1494 3624 1570 ἀθυμίᾳ
3688 1516 3851 1551 κατα-

2238 1584 2388 1641 λιπὸν
2431 1588 2524 1645 τὴν
2575 1583 2622 1636 ἐν
2681 1592 2744 1658 τῇ
2795 1582 2940 1637 πόλει
2996 1587 3225 1653 οἴκησιν,
3296 1580 3390 1637 διὰ
3429 1593 3520 1648 τῆς
3573 1585 3853 1662 ἀγροικίας

2238 1672 2515 1731 πλανᾶται,
2583 1675 2691 1744 (35)
2753 1673 3071 1729 Ἐπιλελοιπε
3132 1670 3191 1728 δὲ
3255 1674 3433 1728 λοιπὸν
3510 1681 3603 1728 καὶ
3652 1679 3681 1736 ἡ
3746 1687 3850 1730 τῶν

474 1771 571 1827 cta
608 1770 715 1836 est,
747 1782 885 1840 quae
916 1766 1107 1840 prius,
1140 1770 1268 1825 tum
1288 1765 1363 1822 de
1383 1764 1650 1825 litteratis
1690 1763 1854 1834 viris,
1895 1766 2023 1820 tum
2054 1762 2122 1819 de

2241 1762 2534 1838 ἀναγκαίων
2602 1760 2860 1832 διάθεσις,
2924 1768 3012 1818 καὶ
3075 1763 3198 1827 ὅλως
3256 1763 3547 1840 ἀωρότατον
3572 1768 3745 1840 θέαμα
3767 1787 3854 1841 γε·

473 1856 717 1931 reliquis
743 1856 941 1928 bonis,
981 1855 1204 1930 quibus
1251 1854 1551 1930 opulentzr.
1583 1853 1763 1912 urbes
1792 1853 2127 1923 abundant,

476 1947 869 2019 gloriabatur.
900 1949 1095 2005 Unum
1124 1950 1327 2004 autem
1353 1945 1659 2009 duximus,
1709 1948 1776 2001 ut
1819 1944 1882 2002 in
1930 1943 2127 2012 malis,

472 2036 780 2107 solatium,
830 2036 1201 2095 calamitates
1227 2040 1463 2093 nostras
1490 2034 1656 2110 apud
1683 2039 1852 2095 tuam
1873 2033 2131 2093 clemen-

469 2126 618 2187 tiam
641 2125 884 2196 deﬂere,
907 2142 978 2185 ac
1004 2125 1344 2194 obsecrare,
1379 2124 1429 2183 si
1484 2124 1632 2199 quid
1661 2128 1863 2198 potest
1890 2129 1954 2181 ut
1984 2123 2128 2181 civi-

472 2217 579 2275 tati
600 2217 663 2277 in
694 2232 893 2288 genua
915 2215 1247 2289 provolutae
1277 2215 1552 2288 porrigas
1575 2229 1852 2271 manum.
1884 2213 2128 2271 Modum

426 2310 429 2313 ’
472 2321 614 2363 vero
634 2321 758 2379 quo
778 2305 961 2362 rebus
974 2309 1313 2378 opportune
1329 2303 1670 2374 subvenias,
1695 2303 1977 2376 equidem
1999 2303 2127 2377 ipse

472 2395 742 2457 indicare
777 2410 904 2453 non
924 2410 1201 2467 possum.
1227 2394 1343 2452 Sed
1373 2394 1480 2453 tibi
1507 2394 1757 2453 omnino
1784 2397 1839 2449 et
1857 2393 2125 2451 invenire

474 2488 556 2547 ob
583 2484 970 2559 prudentiam
995 2483 1187 2552 facile,
1219 2487 1279 2541 et
1303 2483 1389 2541 uti
1408 2483 1664 2545 inventis
1685 2483 1764 2543 ob
1792 2482 1998 2544 datam
2018 2483 2126 2541 tibi

472 2592 512 2637 a
538 2579 658 2639 Deo
686 2580 1044 2650 potestatem
1080 2588 1205 2635 non
1229 2572 1490 2635 difﬁcile.

2237 1858 2446 1926 γένηται
2493 1855 2522 1913 ἡ
2556 1853 2832 1931 ξπρότερον
2885 1850 3114 1930 ἀνδράσι
3178 1873 3233 1908 τε
3296 1853 3493 1927 λογίοις
3554 1855 3850 1929 ἑπαγαλλο-

2237 1950 2362 2020 μένη
2413 1949 2504 2003 καὶ
2552 1952 2659 2009 τοῖς
2702 1944 2925 2014 λοιποῖς,
2974 1946 3053 2007 οἷς
3117 1944 3454 2007 εὐθηνοῡνται
3500 1946 3674 2011 πόλεις
3702 1946 3852 2002 ἀνευ-

2239 2032 2369 2099 δεῶς
2418 2030 2731 2107 διάγουσαι.
2789 2038 2927 2088 Μίαν
2984 2030 3044 2087 δὲ
3096 2033 3400 2109 ἐνομίσαμεν
3458 2038 3528 2101 ὡς
3558 2036 3608 2088 ἐν
3651 2032 3852 2101 δεινοῖς

2235 2127 2574 2201 παραμυθίαν
2624 2121 2773 2194 εἶναι,
2820 2127 2879 2179 τὸ
2917 2124 3251 2188 ἐπιστενάξαι
3306 2133 3417 2190 τοῖς
3445 2129 3669 2180 πάθεσιν
3696 2130 3850 2202 ἡμῶν

2234 2218 2361 2289 πρὸς
2421 2219 2515 2275 τὴν
2584 2218 2680 2274 σὴν
2737 2217 3055 2291 ἡμερότητα,
3115 2218 3206 2266 καὶ
3258 2215 3647 2292 παρακαλέσαι,
3692 2220 3738 2270 εἰ
3766 2238 3849 2280 τις

2237 2302 2480 2380 δύναμις,
2536 2311 2699 2378 χιῖρα
2748 2303 2921 2380 ὀρέξαι
3087 2303 3233 2357 πόλει
3274 2306 3421 2378 ἡμῶν
3472 2305 3545 2369 εἰς
3572 2310 3695 2381 γόνυ
3725 2306 3844 2359 κλι-

2238 2397 2406 2469 θείσῃ.
2467 2397 2565 2450 Τὸν
2615 2391 2675 2447 δὲ
2707 2398 2898 2470 τρόπον
2939 2390 3013 2453 δι’
3060 2393 3121 2447 οὗ
3150 2392 3210 2445 ἂν
3235 2398 3404 2468 γένοιο
3430 2394 3479 2448 ἐν
3505 2404 3661 2471 καιρῷ
3709 2396 3830 2469 (36)

2232 2493 2339 2546 τοῖς
2395 2487 2723 2560 πράγμασιν,
2782 2484 2936 2547 αὐτὸς
3002 2486 3092 2559 μὲν
3144 2483 3481 2558 εἰσηγεῖσθαι
3546 2484 3637 2538 οὐκ
3692 2488 3831 2560 ἔχω·

2236 2595 2321 2630 σοι
2348 2571 2407 2631 δὲ
2432 2576 2636 2637 πάντως
2657 2578 2748 2629 καὶ
2783 2576 2945 2647 εὑρεῖν
2978 2569 3071 2627 διὰ
3102 2577 3197 2631 τὴν
3240 2576 3446 2629 σύνεσιν
3506 2570 3717 2652 ιον,
3740 2581 3844 2629 καὶ

2231 2667 2553 2741 χρήσασθαι
2602 2666 2720 2738 (37)
2775 2672 2886 2729 τοῖς
2942 2665 3216 2741 εὑρεθεῖσι,
3259 2660 3352 2719 διὰ
3397 2669 3493 2728 τὴν
3523 2667 3673 2740 παρὰ
3701 2673 3848 2721 Θεοῦ

2235 2776 2321 2816 σοι
2350 2752 2637 2832 διδομένην
2661 2750 2908 2829 δύναμιν,
2940 2753 2999 2807 οὐ
3018 2751 3271 2826 χαλεπόν,

872 2880 1042 2952 172
1066 2879 1402 2937 EPISTOLA
1428 2879 1701 2936 LXXVII'.

2783 2886 3121 2937 ΕΠΙΣΤΟΛΗ
3162 2880 3261 2936 ΟΖ’

477 3009 729 3071 Videtur
755 3006 913 3065 hanc
939 3006 1245 3079 epistolam
1276 3005 1545 3079 Basilius
1570 3005 1653 3063 ad
1672 3005 1985 3076 Elpidium
2010 3007 2285 3079 praisidis
2311 3007 2586 3064 Therasii
2613 3022 2962 3065 assessorem
2989 3008 3313 3079 scripsisse.
3370 3007 3677 3064 Hortatur
3706 3012 3777 3063 ut
3810 3022 3853 3065 a

532 3080 791 3155 praeside
810 3094 931 3136 non
948 3078 1241 3149 discedat,
1259 3078 1362 3136 sed
1375 3083 1578 3135 tantas
1591 3092 1790 3145 curas,
1812 3093 1944 3152 quae
1958 3078 2033 3136 ea"
2047 3080 2337 3137 divisione
2353 3078 3258 3151 Cappadocia;-supervencrant,
3282 3095 3415 3137 cum
3435 3093 3500 3137 eo
3517 3079 3854 3150 partiatur

784 3205 928 3263 Sine
958 3202 1352 3274 inscriptione
1379 3202 1453 3261 de
1490 3201 1794 3261 Therasio.

2611 3204 2984 3283 Ἀνεπίγραφος
3010 3209 3127 3280 περὶ
3148 3212 3446 3280 Θηρασιον.

2298 3328 2388 3383 Ἔν
2445 3332 2529 3382 ακὶ
2577 3348 2730 3382 τουτο
2777 3330 2892 3401 (38)
2933 3339 3029 3392 τῆς
3059 3328 3261 3403 ἀγαθῆς
3286 3328 3465 3403 ἀρχῆς
3482 3335 3576 3382 τοῦ
3598 3328 3839 3403 μεγάλου

2227 3418 2603 3492 ἁπηλαύσαμεν
2635 3424 2928 3496 Θηρασίου,
2960 3428 3058 3483 τῆς
3098 3428 3191 3481 σῆς
3244 3418 3546 3492 λογιότητος
3591 3423 3689 3479 τὴν
3718 3419 3842 3475 ἑπι-

2226 3506 2424 3583 δημίαν
2474 3517 2711 3582 συνεχῶς
2760 3511 2888 3583 ἡμῖν
2937 3514 3228 3583 γινομένην.
3272 3513 3342 3562 Τό
3390 3509 3520 3562 αὐτὸ
3563 3505 3626 3562 δὲ
3666 3517 3833 3563 τοῦτο

2225 3600 2589 3675 ἕζημιώθημεν
2635 3601 2965 3672 στερηθέντες
3010 3606 3100 3653 τοῦ
3140 3601 3418 3673 ἄρχοντος.
3470 3597 3606 3652 Ἀλλ’
3638 3596 3829 3660 ἔπειδή

2222 3693 2291 3743 τὰ
2344 3690 2485 3754 ἅπαξ
2521 3691 2649 3763 ἡμῖν
2691 3692 2836 3762 παρά
2877 3697 2972 3743 τοῦ
3020 3697 3155 3743 Θεοῦ
3199 3690 3530 3764 χαρισθέντα
3567 3692 3708 3762 μένει
3740 3687 3836 3762 βέ-

2224 3779 2368 3847 ϐαια,
2413 3785 2505 3833 καὶ
2551 3787 2664 3841 ταῖς
2714 3779 2918 3852 ψυχαῖς
2965 3778 3195 3838 ἀλλήλων
3235 3779 3565 3851 ἑνοικούμενα
3610 3774 3711 3832 διὰ
3736 3786 3839 3841 τῆς

2225 3876 2450 3944 μνήμης,
2504 3868 2548 3923 εἰ
2592 3874 2683 3922 καὶ
2724 3878 2834 3932 τοῖς
2897 3876 3112 3944 σώμασι
3190 3864 3543 3945 διωρίσμεθα,
3619 3871 3848 3943 γράφω-

2225 3980 2314 4034 μεν
2351 3960 2467 4032 (39)
2498 3967 2625 4032 γοῦν
2677 3968 2933 4032 συνεχῶς,
2982 3965 3072 4013 καὶ
3121 3959 3465 4032 φθεγγώμεθα
3514 3960 3649 4031 πρὸς
3676 3955 3849 4019 ἀλλή-

2223 4050 2340 4112 λους
2390 4052 2456 4103 τὰ
2517 4047 2792 4122 ἀναγκαῖα·
2853 4055 2943 4104 καὶ
3000 4052 3235 4124 μάλιστα
3278 4055 3387 4114 νῦν,
3455 4048 3540 4099 ὅτε
3569 4048 3595 4098 ὁ
3626 4053 3846 4121 χειμὼν

2222 4144 2317 4199 τὴν
2371 4139 2731 4215 ὀλιγοχρόνιον
2774 4142 2970 4198 ταύτην
3017 4140 3306 4215 ἐκεχειρίαν
3362 4136 3671 4192 ἐσπείσατο.
3727 4137 3845 4191 Ἐλ-

2223 4230 2442 4304 πεζομεν
2495 4226 2555 4282 δέ
2610 4233 2682 4303 μὴ
2746 4227 3125 4302 ἀπολείψεσθαί
3176 4247 3232 4281 σε
3258 4234 3349 4279 τοῦ
3384 4227 3844 4301 θαυμασιωτάτου

2226 4317 2417 4396 ἀνδρὸς
2475 4324 2773 4394 Θηρασίου,
2824 4322 3016 4393 πρέπον
3083 4320 3214 4372 εἶναι
3270 4321 3520 4391 κρίναντα
3572 4326 3846 4371 κοινωνεῖν

536 3331 690 3389 Illud
719 3330 901 3388 etiam
922 3346 996 3386 ex
1023 3328 1188 3386 bona
1214 3328 1570 3401 praefectura
1608 3328 2116 3402 magni-percepi-

464 3438 604 3479 mus
633 3419 917 3489 Therasii,
940 3418 1107 3492 quod
1136 3418 1424 3475 facundia
1450 3422 1556 3474 tua
1576 3418 1786 3476 crebro
1809 3419 1974 3492 apud
2004 3433 2116 3476 nos

461 3510 712 3569 venerit.
747 3510 972 3567 Verum
995 3508 1112 3565 hoc
1140 3509 1341 3582 ipsum
1372 3507 1689 3565 amisimus
1719 3508 1980 3581 praeside
1999 3509 2117 3581 pri-

461 3602 607 3661 vati.
640 3601 754 3658 Sed
776 3600 921 3675 quia
944 3616 1081 3674 quaa
1116 3598 1295 3655 nobis
1345 3598 1534 3654 semel
1577 3614 1614 3655 a
1661 3601 1781 3655 Deo
1828 3614 2117 3657 concessa

461 3696 625 3766 sunt,
654 3690 834 3748 ﬁrma
861 3693 1127 3763 manent,
1157 3691 1338 3761 atque
1362 3688 1423 3745 in
1443 3687 1663 3744 nostris
1692 3688 1951 3745 invicem
1981 3689 2114 3746 ani-

461 3783 578 3839 mis
604 3798 712 3856 per
740 3780 1100 3838 memoriam
1118 3778 1401 3844 insident,
1435 3778 1669 3835 etiamsi
1698 3794 1951 3852 corpore
1994 3779 2116 3836 dis-

458 3874 809 3945 jungamur,
833 3870 1044 3927 saltem
1075 3869 1424 3942 frequenter
1469 3867 1827 3940 scribamus,
1862 3872 1919 3926 et
1962 3870 2117 3925 inter

459 3974 573 4016 nos
594 3959 668 4016 de
680 3959 1033 4016 necessariis
1054 3958 1237 4016 rebus
1252 3957 1606 4031 loquamur:
1632 3958 1896 4015 maxime
1912 3963 2114 4016 autem

457 4049 742 4121 prmsenti
770 4055 1058 4121 tempore,
1087 4063 1210 4121 quo
1231 4047 1425 4105 hiems
1450 4048 1630 4105 hasce
1673 4047 1948 4105 inducias
1984 4049 2115 4105 bre-

458 4137 734 4196 vissimas
765 4138 1082 4195 nobiscum
1110 4136 1265 4192 fecit.
1293 4138 1476 4212 Spero
1502 4140 1706 4196 autem
1737 4142 1791 4193 te
1819 4153 1944 4194 non
1991 4138 2114 4195 dis-

434 4226 770 4287 cessurum
800 4245 837 4286 a
854 4228 983 4286 viro
1010 4227 1073 4285 in
1104 4225 1311 4300 primis
1333 4225 1696 4284 admirando
1709 4226 2115 4299 Therasio,de-

457 4337 589 4378 cere
619 4318 1063 4377 existimantem
1082 4333 1221 4373 cum
1247 4331 1317 4372 eo
1343 4319 1539 4372 tantas
1570 4331 1744 4374 curas
1775 4316 2113 4389 partiri,ne-

2297 4481 2413 4551 (35)
2434 4479 2578 4537 Vide
2598 4479 2913 4537 Addenda.

2297 4548 2409 4627 (3Q)
2443 4550 2534 4627 ,Ἐν
2598 4560 2786 4627 καιρῷ.
2840 4555 3082 4611 Frustra
3141 4550 3281 4609 editi
3334 4548 3832 4627 add11nt_,_aei2_’733,

2226 4620 2391 4698 quod
2424 4623 2591 4680 deest
2611 4623 2670 4698 in
2690 4620 2968 4697 'ulroque
2990 4627 3155 4698 Begu,
3186 4628 3449 4698 utroque
3473 4620 3838 4698 Cois_l.,Me_i_i.

2225 4692 2283 4751 et
2309 4699 2563 4766 utroque
2613 4695 2822 4765 Bigot,
2863 4692 2976 4752 nec
3023 4692 3103 4752 inw
3128 4694 3284 4751 Harl.
3314 4692 3533 4766 legitur
3556 4692 3673 4766 nisi
3715 4692 3842 4766 alia

2224 4781 2434 4823 manu.
2460 4763 2997 4838 Eadem'loquendi
3020 4767 3253 4838 ratione
3278 4764 3465 4820 utitur
3486 4763 3743 4819 Basilius
3767 4765 3834 4820 in

2224 4838 2480 4912 epistola
2503 4842 2607 4893 216
2635 4855 2647 4893 :
2672 4836 2875 4891 Γένοὶτο
2908 4836 2967 4891 δὲ
2986 4842 3156 4891 πάντα
3186 4837 3234 4890 ἐν
3278 4843 3446 4909 καιρῷ
3488 4839 3607 4908 περὶ
3656 4838 3824 4890 τὴν...

2223 4909 2537 4967 Ἐκκλησίαν
2568 4913 2657 4967 τὴν
2684 4915 2919 4964 Ἰκονίου.
2951 4911 3166 4968 Omnia
3208 4922 3491 4978 prospere
3534 4903 3819 4962 cedant...

2223 4925 2537 4967 Ὶςκκλησιαν
2568 4929 2657 4967 την
2684 4925 2919 4964 Ἰκονίου.
2951 4925 3166 4968 omnia
3208 4925 3247 4981 ρ

2221 4983 2509 5039 Ecclesia?
2530 4981 2841 5038 Iconicnsz'.

2289 5053 2403 5125 (37)
2430 5055 2775 5127 Xpaaaaem.
2808 5056 2891 5127 Ita
2932 5053 3391 5127 llarl.,_u_terque
3409 5047 3650 5106 Coisl.et
3675 5048 3830 5120 Reg.

2222 5124 2525 5182 secundus
2542 5128 2599 5180 et
2629 5125 2814 5193 Bigot.
2842 5125 3007 5181 alter.
3037 5125 3185 5181 Editi
3211 5124 3477 5196 χρῆσθαι.

2294 5196 2408 5269 (.38)
2458 5200 2577 5269 th
2600 5203 2775 5269 τοῦτο.
2812 5198 3165 5269 Conjunctio
3195 5193 3404 5251 addita
3433 5207 3503 5269 ex
3535 5206 3640 5246 sex
3674 5206 3833 5269 m__ss.

2221 5262 2448 5324 ibidem
2481 5265 2655 5338 Cois].
2675 5262 2980 5325 secundus
3014 5274 3071 5324 et
3096 5271 3236 5338 Reg.
3267 5262 3574 5338 secundus
3594 5264 3834 5335 μεγάλου

2223 5339 2558 5418 ἀπωνάμεθα.
2588 5337 2871 5418 _lbidem_
2911 5333 3308 5418 Clarpm._'rii;
3363 5344 3457 5396 σῆς
3483 5333 3833 5405 τελειότητος,

2222 5416 2277 5467 et
2297 5410 2375 5465 ad
2392 5410 2746 5483 marginem
2777 5412 3019 5483 vulgata
3047 5410 3244 5467 lectio.

2293 5476 2750 5557 (δῇ-Γράφωμξν.
2811 5476 2934 5557 0p"e
2983 5487 3123 5553 Reg.
3156 5477 3490 5557 secundiet
3519 5476 3701 5557 Qoisl.
3744 5496 3841 5539 se-

2220 5552 2405 5635 eundi
2429 5550 2545 5608 hoc
2569 5550 2826 5635 verbum
2847 5550 2915 5635 _et
2945 5550 3218 5635 sequens.
3256 5550 3601 5635 gementem
3638 5564 3841 5635 rapo-

2221 5623 2476 5695 suimus,
2491 5639 2631 5695 cum
2643 5630 2821 5684 autea
2846 5621 3187 5695 legeréntur
3203 5621 3839 5695 in'indicativo.Editio

2218 5694 2574 5757 Parisiensis
2602 5697 2874 5760 secunda
2901 5694 3085 5760 Habet
3109 5694 3456 5773 φθιγξόμεθα.

432 4500 437 4505 ‘
527 4493 548 4517 ⁶
575 4489 737 4547 Alias
769 4483 1036 4545 CCXXVI.
1071 4478 1309 4551 Scripta
1338 4491 1501 4551 anno
1526 4476 1650 4551 371.

527 4564 641 4637 (32)
686 4561 772 4637 Εἰς
829 4558 1037 4637 ᾁθρρρν,
1083 4548 1395 4637 etcfl'lditi
1441 4548 1525 4604 sic
1572 4548 1992 4637 habenthch
2020 4552 2110 4637 lo-
2145 4574 2186 4629 ι)

453 4620 594 4692 cum
624 4620 658 4691 ἐ
700 4620 787 4695 Εἰς
839 4620 1407 4698 ἀπώλειαν-’έχώρησε
1453 4620 1709 4698 παντελᾱές
1757 4622 1920 4686 οὕτως
1962 4626 2027 4686 ὡς
2075 4628 2105 4683 ἡ

454 4710 746 4790 ἡμετέρα...
772 4691 850 4766 ἐἰς
882 4691 1249 4790 ἀθρόονιῆλςέν
1273 4691 1784 4790 ἄφανισμόν.,ᾹΤινθε
1831 4696 2110 4790 νθξμέείε-

456 4763 591 4834 simi
612 4763 867 4833 'codices
898 4763 964 4829 ut
986 4772 1048 4828 in
1076 4771 1275 4838 textu:
1311 4763 1752 4838 quos'quidem
1791 4781 1863 4822 eo
1913 4765 2110 4823 liben-

454 4849 570 4905 tius
598 4854 836 4905 secutus
870 4861 1027 4911 sum,
1051 4838 1218 4913 quod
1242 4834 1374 4913 haec
1397 4834 1899 4913 loquendiratio,
1931 4858 2111 4891 παντε-

452 4918 548 4982 λώς
592 4919 773 4988 οὕτως,
840 4920 926 4986 ὡς,
984 4906 1207 4988 minus
1234 4909 1381 4987 visa.
1409 4906 1502 4988 est
1544 4906 1742 4962 Basilii
1775 4909 1931 4988 style
1971 4926 2111 4988 con-

456 4979 691 5060 gruere.
720 4979 955 5058 Legitur
982 4987 1051 5046 εἰς
1078 4980 1331 5035 ἀπώλειαν
1360 4979 1604 5053 ἐχώρησε
1632 4979 1849 5041 παντελῆ
1883 4982 1945 5037 in
1976 4981 2110 5038 aliis

455 5079 561 5120 sex
590 5060 903 5119 codicibus
946 5072 1093 5115 mss.

526 5135 636 5207 (33)
685 5135 753 5186 Τὸ
796 5129 1101 5207 colig-sapa.
1148 5125 1232 5205 De
1279 5122 1877 5207 c‘z'uitatis‘ordinejd
1908 5128 2001 5207 est
2035 5124 2111 5207 de

455 5193 804 5277 curia',4qua3
826 5199 975 5259 ordo
1001 5193 1201 5277 vocari
1231 5193 1602 5277 soletLUnde
1621 5194 1781 5277 illud
1803 5197 2112 5277 Ammiani

453 5277 529 5333 de
561 5265 726 5333 Gallo
752 5276 1004 5348 Caesare,
1036 5270 1141 5325 lib.
1166 5282 1248 5348 iv,
1300 5279 1364 5348 ο..
1393 5268 1444 5318 ’7.
1477 5265 1899 5348 ᾼηιίορζιεῃξίς
1952 5269 2112 5348 ora};

452 5351 548 5405 nis
579 5349 826 5405 vertices
851 5344 960 5401 sub
982 5338 1094 5399 uno
1123 5338 1306 5408 elogzo
1328 5338 1513 5408 jussit
1544 5339 1756 5394 occidi.
1788 5338 1929 5397 Vide
1963 5340 2108 5399 Cod.

462 5419 680 5477 Theod.
716 5424 754 5474 t.
794 5417 972 5489 1V,p.
1003 5417 1140 5489 sas.
1285 5478 1300 5489 ,

527 5493 642 5561 (34)
702 5478 994 5561 Πολιτικόν.
1038 5485 1169 5561 Vat.
1217 5478 1473 5561 saltatim.
1505 5478 1686 5561 Paulo
1760 5486 1899 5554 post
1933 5483 2113 5561 _Cditi

458 5547 766 5632 καταλιπὸν.
812 5558 991 5616 Coisl.
1038 5556 1299 5632 primus.
1341 5547 1693 5632 Harl-.368.
1725 5547 2030 5613 sécundus
2055 5561 2113 5612 et

457 5630 715 5761 Clargntl.
751 5618 1144 5706 καταλιπὸνῖ-ες)
1196 5618 1334 5703 quis
1379 5618 1674 5693 scriptura
1728 5638 1853 5683 non
1889 5642 2111 5705 parum

458 5716 581 5761 ml
625 5717 657 5760 θ
687 5743 703 5761 ι

458 5716 703 5762 arridet.
