4078 6388
513 322 618 382 459

1901 313 1958 371 S.
1998 309 2251 369 BASlLll
2286 310 2506 369 MAGNI

3760 319 3857 375 460

509 448 656 506 dam
685 445 865 520 quasi
890 441 1133 502 vinculo
1175 443 1471 518 impedita
1505 441 1825 506 detinetur,
1857 443 1987 496 tum
2017 449 2161 493 vero

2275 434 2502 510 ἐνέργεια
2561 437 2666 491 οἷον
2731 439 2831 491 ὑπό
2886 455 3021 499 τινος
3063 431 3262 508 δεσμοῦ
3301 433 3694 511 ἐμποδιζομένη
3741 461 3856 494 κατ-

508 538 572 596 in
615 550 923 593 summam
952 532 1028 590 de
1075 531 1252 589 nobis
1297 532 1444 606 ipsis
1493 529 1976 604 desperationem
2003 523 2163 581 veni-

509 643 683 696 mus;
709 624 817 682 sed
845 638 985 680 cum
1013 637 1228 678 rursus
1256 621 1318 678 in
1348 625 1515 678 tuam
1547 619 1900 690 gravitatem
1923 612 2165 685 conjici-

509 733 648 774 mus
667 713 894 780 oculos,
909 712 1368 785 cogitamusque
1391 716 1446 768 te
1463 709 1767 767 medicum
1786 705 2160 770 morborum,

507 805 733 880 quibus
756 801 1037 859 Ecclesiae
1067 799 1368 866 laborant,
1403 815 1440 856 a
1471 798 1724 856 Domino
1747 799 1950 853 nostro
1979 807 2165 850 reser-

505 898 747 960 vatum;
772 890 1007 948 animos
1036 887 1424 957 resumimus,
1448 891 1505 944 et
1535 901 1609 942 ex
1635 883 2075 958 desperatione,
2099 880 2162 937 in

505 998 695 1056 quam
739 979 892 1053 lapsi
939 978 1268 1044 fueramus,
1302 976 1380 1032 ad
1413 992 1584 1049 spem
1627 974 1913 1044 erigimur
1949 970 2162 1028 melio-

502 1088 664 1129 rum.
687 1069 984 1127 Dissoluta
1005 1071 1095 1124 est
1115 1066 1376 1124 Ecclesia
1397 1066 1618 1134 omnis,
1635 1061 2161 1138 quemadmodum

502 1175 700 1233 neque
729 1157 1053 1233 prudentia
1076 1159 1182 1213 tua
1209 1155 1467 1227 ignorat.
1499 1159 1580 1211 Ac
1610 1153 1780 1210 vides
1811 1167 2058 1226 prorsus
2087 1166 2162 1206 ex

501 1248 721 1306 mentis
751 1245 1278 1319 contemplatione,
1305 1243 1466 1301 velut
1486 1260 1557 1300 ex
1580 1243 1699 1300 alta
1724 1241 1996 1316 quadam
2028 1255 2162 1312 spe-

500 1339 658 1410 cula,
686 1353 823 1411 quae
844 1335 1071 1408 ubique
1098 1339 1418 1405 gerantur:
1450 1332 1762 1407 quomodo
1789 1331 1952 1388 velut
1975 1329 2036 1386 in
2061 1345 2163 1402 pe-

498 1429 659 1500 lago,
691 1425 897 1484 multis
942 1423 1123 1480 simul
1153 1423 1607 1493 navigantibus,
1634 1422 1850 1478 ﬂuctus
1879 1419 2163 1477 violentia

500 1533 716 1576 omnes
745 1513 924 1572 simul
953 1513 1104 1570 inter
1133 1529 1197 1570 se
1227 1511 1592 1570 collidantur
1617 1531 1630 1582 ;
1659 1511 1886 1584 ﬁatque
1915 1508 2162 1566 naufra-

502 1608 692 1679 gium,
714 1605 937 1680 partim
958 1603 1037 1660 ob
1059 1607 1372 1659 externam
1397 1618 1648 1660 causam
1679 1616 1846 1658 mare
1874 1599 2162 1657 violenter

501 1696 930 1766 exagitantem,
961 1692 1181 1766 partim
1211 1692 1292 1748 ob
1322 1691 1740 1762 navigantium
1787 1689 1902 1746 sibi
1949 1693 2162 1746 mutuo

2273 530 2475 598 ἔχεται,
2534 527 2600 590 εἰς
2661 526 2957 600 ἀπόγνωσιν
3024 524 3215 579 ἑαυτῶν
3266 525 3538 602 ἐρχόμεθα
3601 529 3810 589 παντελῆ
3845 552 3857 566 ·

2273 619 2394 670 ὅταν
2453 614 2512 672 5":
2565 617 2719 672 πάλιν
2770 622 2902 692 πρὸς
2952 622 3046 679 τὴν
3107 621 3204 677 σὴν
3259 615 3535 691 ἀπίδωμεν
3593 625 3862 696 σεμνοπρέ-

2270 726 2438 776 πειαν,
2491 712 2580 760 καὶ
2631 707 2984 780 λογισώμεθα,
3037 711 3118 762 ὅτι
3171 711 3228 762 σὲ
3273 708 3452 782 ἰατρὸν
3503 716 3603 760 τῶν
3655 709 3705 762 ἐν
3755 718 3860 772 ταῖς

2269 796 2600 860 Ἐκκλησίαις
2639 795 3063 872 ἀρρωστημάτων
3107 800 3133 852 ό
3192 800 3382 873 Κύριος
3431 800 3579 870 ἡμῶν
3635 797 3859 872 ἐταμιεύ-

2274 906 2402 940 σατο
2427 903 2440 916 ·
2506 885 2926 959 ἀναλαμϐάνομεν
2979 887 3172 941 ἑαυτῶν
3233 890 3350 948 τοὺς
3401 885 3690 959 λογισμοὺς
3717 932 3732 957 ,
3780 895 3860 943 καὶ

2271 975 2327 1029 ἐκ
2363 983 2455 1030 τοῦ
2504 978 2640 1030 κατά
2681 981 2776 1035 τῆν
2823 974 3120 1048 ἀπόγνωσιν
3161 982 3440 1049 πτώματος
3479 979 3612 1050 πρὸς
3658 981 3748 1036 τὴν
3785 977 3858 1032 ἰλ-

2269 1062 2407 1119 πίὸα
2445 1069 2558 1135 (64)
2605 1073 2704 1118 τῶν
2752 1070 3123 1140 χρηστοτέρων
3181 1063 3593 1138 διανιστάμεθα.
3653 1066 3860 1120 Λέλυται

2269 1161 2419 1209 πᾶσα
2475 1154 2773 1223 Ἐκκλησία,
2807 1158 2871 1218 ὡς
2917 1152 3040 1209 οὐδὲ
3071 1157 3100 1216 ἡ
3136 1160 3201 1214 σὴ
3237 1159 3492 1230 φρόνησις
3547 1154 3738 1228 ἀγνοεῖ.
3770 1162 3859 1210 Καὶ

2270 1246 2390 1319 ὁρᾷς
2437 1247 2638 1306 πάντως
2684 1247 2751 1298 τά
2796 1245 3122 1317 ἑκασταχοῦ,
3173 1245 3278 1298 οἷον
3327 1243 3419 1317 ἀφ’
3479 1243 3684 1316 ὑψηλῆς
3735 1265 3860 1308 τινος

2272 1341 2496 1398 σκοπιᾶς
2551 1343 2640 1396 τῆς
2695 1341 2786 1388 τοῦ
2863 1342 2951 1388 νοῦ
3012 1337 3228 1407 Θεωρίας
3258 1355 3270 1370 ·
3327 1336 3492 1399 ὅπως,
3543 1337 3769 1410 καθάπερ
3817 1335 3859 1390 ἓν

2269 1423 2501 1496 πελά-γει,
2560 1423 2756 1478 πολλῶν
2814 1425 2944 1494 ὁμοῦ
2995 1425 3383 1497 συμπλεόντων,
3443 1426 3547 1478 ὑπὸ
3603 1445 3698 1487 της
3749 1424 3860 1498 βίας

2267 1521 2358 1568 τοῦ
2414 1510 2680 1578 κλύδωνος
2736 1517 2920 1576 πάντες
2975 1516 3105 1588 όμοῦ
3155 1515 3266 1586 (65)
3327 1513 3571 1576 ἀλλήλοις
3633 1520 3858 1590 προσρή-

2268 1624 2481 1676 γνυνται
2503 1625 2515 1638 ·
2549 1608 2638 1657 καὶ
2675 1608 2875 1676 γίνεται
2917 1607 2976 1657 τὸ
3005 1607 3274 1676 ναυάγιον,
3306 1611 3378 1663 πῆ
3415 1607 3509 1676 μὶν
3547 1603 3604 1656 ἰκ
3633 1611 3726 1667 τῆς
3753 1604 3858 1668 ἔξω·

2271 1696 2352 1748 θεν
2402 1693 2570 1756 αἰτίας
2619 1692 2810 1766 βιαίως
2854 1697 3104 1756 κινούσης
3152 1698 3246 1752 τὴν
3289 1693 3573 1760 θάλατταν,
3603 1700 3673 1752 πῆ
3719 1689 3774 1746 δὴ
3808 1691 3856 1746 ἐκ

501 1785 873 1844 obstantium
919 1799 989 1841 ac
1039 1797 1105 1838 se
1152 1781 1592 1856 impellentium
1621 1780 2157 1855 perturbationem.

2274 1792 2366 1846 τῆς
2428 1791 2529 1836 τῶν
2613 1782 2928 1856 ἐμπλεόντων
2992 1784 3104 1854 (66)
3166 1790 3414 1858 ταραχῆς
3481 1781 3853 1836 ἂντιϐαινόντων

503 1876 660 1934 Satis
690 1878 779 1930 est
823 1874 886 1930 in
932 1871 1048 1929 hac
1097 1871 1487 1928 similitudine
1533 1886 1877 1928 sermonem
1922 1869 2162 1926 conclu-

499 1965 662 2030 dere,
694 1979 836 2020 cum
868 1978 980 2019 nec
1032 1961 1330 2034 sapientia
1376 1964 1480 2018 tua
1523 1959 1864 2034 quidquam
1894 1960 2160 2033 amplius

500 2053 786 2128 requirat,
819 2067 927 2108 nec
956 2066 1161 2108 rerum
1187 2053 1378 2108 status
1406 2050 1507 2107 det
1526 2049 1705 2107 nobis
1730 2048 1970 2108 dicendi
1989 2049 2163 2106 liber-

501 2145 708 2201 tatem.
739 2139 828 2197 Ad
856 2140 988 2196 hac
1035 2143 1240 2197 autem
1269 2139 1407 2214 quis
1449 2139 1706 2196 idoneus
1747 2138 2162 2210 gubernator?

499 2232 636 2306 quis
656 2229 776 2287 ﬁde
797 2229 1043 2300 dignus,
1065 2228 1170 2304 qui
1202 2228 1525 2285 Dominum
1555 2227 1788 2294 excitet,
1812 2231 1876 2284 ut
1895 2227 2164 2300 increpet

499 2325 713 2378 ventos
743 2323 800 2375 et
828 2334 996 2376 mare
1021 2319 1049 2375 ?
1080 2317 1223 2384 Quis
1247 2317 1404 2374 alius
1428 2333 1616 2391 quam
1647 2316 1752 2390 qui
1774 2333 1811 2373 ει
1837 2332 2027 2390 puero
2053 2332 2163 2388 pro

501 2411 724 2485 pietate
744 2407 806 2465 in
827 2405 1260 2464 certaminibus
1281 2405 1629 2463 dimicavit?
1661 2405 1961 2473 Quoniam
1987 2405 2167 2476 igitur

501 2515 642 2558 vere
658 2513 821 2556 nunc
836 2496 1176 2572 propendet
1189 2494 1489 2570 quidquid
1507 2497 1659 2553 inter
1677 2511 1790 2553 nos
1807 2496 1966 2553 circa
1980 2496 2167 2552 ﬁdem

505 2604 727 2646 sanum
753 2591 860 2648 est.
890 2585 970 2644 ad
999 2601 1232 2653 eorum,
1260 2586 1364 2660 qui
1391 2585 1552 2642 idem
1583 2585 1864 2657 sentiunt,
1897 2601 2168 2642 commu-

508 2677 756 2737 nionem
776 2679 958 2749 atque
989 2675 1304 2744 unitatem,
1329 2673 1585 2732 ﬁdenter
1615 2674 1968 2748 patientiam
1999 2680 2169 2732 tuam

508 2771 791 2837 rogatum
820 2765 1119 2832 venimus,
1151 2769 1218 2822 ut
1245 2763 1424 2821 nobis
1453 2764 1740 2821 omnibus
1770 2765 2002 2821 scribas
2049 2763 2169 2838 epi-

513 2854 732 2913 stolam
759 2869 969 2924 unam,
1001 2869 1138 2926 quae
1186 2852 1336 2928 quid
1365 2852 1673 2924 agendum
1708 2853 1781 2910 sit
1816 2853 2165 2910 admoneat.

513 2945 606 3002 Sic
625 2943 786 3001 enim
810 2941 1024 3000 volunt
1042 2957 1079 2999 a
1099 2946 1154 2998 te
1173 2941 1410 2999 initium
1432 2941 1546 2998 sibi
1571 2941 1701 2998 ﬁeri
1727 2941 2168 3014 colloquiorum

511 3031 591 3090 ad
617 3030 1111 3089 communionem
1137 3030 1585 3102 pertinentium.
1615 3029 1730 3087 Sed
1749 3031 1896 3104 quia
1914 3031 2168 3088 fortasse

513 3120 776 3194 suspecti
794 3119 1072 3177 videntur
1090 3118 1198 3176 tibi
1216 3119 1296 3176 ob
1317 3119 1678 3176 memoriam
1708 3119 2167 3193 praeteritorum,
2209 3149 2249 3206 ο

511 3210 629 3269 hoc
648 3209 848 3277 velim,
867 3209 1076 3280 facias,
1101 3211 1269 3265 Pater
1288 3207 1760 3279 religiosissime,
1782 3207 2066 3282 epistolas
2089 3207 2170 3266 ad

513 3301 836 3375 episcopos
860 3299 1010 3356 mihi
1035 3299 1227 3368 mitte,
1250 3302 1352 3355 aut
1371 3314 1479 3372 per
1504 3297 1772 3373 aliquem
1798 3314 2007 3356 eorum
2033 3299 2168 3373 qui-

511 3390 630 3447 bus
659 3389 790 3446 istic
817 3388 1004 3444 ﬁdem
1031 3387 1249 3454 habes,
1283 3391 1389 3444 aut
1417 3387 1599 3445 etiam
1645 3403 1753 3462 per
1781 3387 2026 3446 fratrem
2059 3388 2170 3446 Do-

512 3478 793 3536 rotheum
824 3476 1271 3533 condiaconum
1299 3481 1596 3549 nostrum,
1629 3493 1782 3551 quas
1821 3493 1960 3534 cum
2000 3495 2170 3537 acce-

513 3582 662 3643 pero
683 3581 808 3624 non
836 3565 1006 3640 prius
1035 3565 1220 3632 dabo,
1247 3581 1434 3639 quam
1463 3565 1541 3622 ab
1572 3565 1656 3624 eis
1681 3582 1974 3641 responsa
2003 3584 2172 3626 acce-

515 3673 702 3731 pero;
757 3656 851 3712 sin
898 3655 1123 3724 minus,
1170 3657 1464 3713 Peccator
1512 3671 1612 3713 ero
1666 3658 1732 3713 in
1790 3661 1846 3714 te
1899 3659 2173 3715 omnibus

515 3747 721 3803 diebus
751 3746 888 3802 vita,
917 3760 1061 3802 mea"
1083 3745 1127 3803 ⁸.
1159 3747 1280 3801 Hoc
1314 3745 1583 3818 profecto
1613 3747 1913 3818 majorem
1943 3752 2171 3804 metum

513 3837 779 3893 incutere
827 3851 948 3893 non
995 3834 1204 3892 debuit
1253 3835 1326 3902 ei,
1367 3835 1474 3909 qui
1521 3835 1583 3892 id
1626 3835 1861 3909 primus
1910 3837 2056 3894 dixit
2094 3837 2174 3893 ad

511 3929 770 3999 patrem,
801 3941 989 3998 quam
1019 3939 1184 3982 nunc
1223 3925 1372 3982 mihi
1420 3925 1499 3982 ad
1546 3930 1604 3982 te
1632 3930 1868 4000 patrem
1898 3927 2173 3999 spiritua-

510 4013 634 4070 lem
675 4012 918 4070 dicenti.
952 4013 1127 4080 Quod
1159 4013 1210 4070 si
1242 4013 1358 4071 hoc
1387 4015 1639 4072 omnino
1671 4015 1835 4089 apud
1876 4019 1931 4073 te
1964 4015 2173 4090 despe-

510 4106 711 4158 ratum
754 4105 882 4169 est;
916 4101 1129 4159 saltem
1161 4119 1274 4159 nos
1320 4103 1382 4159 in
1411 4103 1528 4160 hoc
1558 4104 1893 4162 ministerio
1921 4106 2171 4164 crimine

510 4191 724 4259 libera,
754 4191 862 4264 qui
893 4191 1019 4248 sine
1067 4189 1210 4248 dolo
1241 4194 1299 4249 et
1345 4193 1616 4264 artificio,
1655 4195 1823 4267 pacis
1867 4197 2067 4253 studio
2115 4201 2173 4255 et

509 4285 738 4338 mutuae
764 4281 918 4338 inter
945 4298 1084 4347 nos,
1116 4283 1221 4355 qui
1250 4283 1327 4339 de
1364 4285 1538 4356 176
1572 4285 1826 4342 Domino
1850 4285 2012 4343 idem
2039 4304 2172 4344 sen-

2271 1871 2506 1934 ἀλλῆλοις
2570 1877 2661 1925 καὶ
2719 1868 3101 1945 διωθουμένων.
3156 1871 3335 1948 Ἀρκεῖ
3390 1871 3476 1926 ἐπὶ
3523 1880 3618 1935 τῆς
3681 1871 3853 1934 εἰκόνος

2270 1960 2424 2016 ἐᾶσαι
2465 1965 2553 2014 τόν
2599 1960 2772 2034 λόγον,
2803 1961 2919 2014 οὔτε
2964 1970 3056 2023 τῆς
3097 1970 3218 2024 σῆς
3249 1965 3442 2035 σοφίας
3494 1959 3851 2036 ἐπιτρεπούσης

2269 2071 2322 2106 τι
2368 2050 2538 2120 πλέον,
2582 2054 2700 2105 οὔτε
2755 2059 2851 2114 τῆς
2892 2053 3267 2112 καταστάσεως
3323 2048 3704 2127 ἔπιτρεπούσης
3740 2051 3849 2122 ἡμῖν

2270 2145 2364 2200 τὴν
2420 2139 2740 2216 παρρησίαν.
2777 2145 2877 2194 Καὶ
2931 2143 3057 2215 πρὸς
3109 2147 3280 2194 ταῦτα
3330 2161 3416 2204 τις
3471 2143 3641 2202 ἱκανὸς
3691 2137 3851 2213 κυϐερ-

2270 2235 2475 2297 νήτηςς
2543 2234 2622 2292 τίς
2699 2229 3005 2292 ἀξιόπιστος
3089 2226 3456 2291 διαναστῆσαι
3529 2232 3613 2283 τὸν
3683 2231 3848 2301 Κύριον

2273 2318 2586 2393 ἐπιτιμῆσαι
2626 2327 2696 2390 τῷ
2738 2317 2905 2392 ἀνέμῳ
2948 2323 3036 2372 καὶ
3070 2327 3132 2391 τῆ
3188 2319 3435 2392 θαλάσσῃ
3465 2337 3478 2387 ;
3511 2325 3597 2381 Τίς
3641 2315 3839 2392 ἕτεροςῆ

2275 2411 2300 2462 ό
2363 2408 2418 2463 ἐκ
2477 2405 2667 2470 παιδὸς
2731 2416 2844 2471 τοῖς
2907 2410 3034 2483 ὑπερ
3101 2417 3196 2470 τῆς
3257 2408 3528 2472 εὐσεϐείας
3594 2406 3840 2466 ἰναθλήσας

2279 2497 2512 2571 ἀγῶσινς
2583 2497 2723 2554 Ἐπεὶ
2782 2494 2868 2552 οὖν
2929 2500 3171 2572 ὥρμηται
3231 2506 3320 2552 νῦν
3380 2503 3614 2572 γνησίως
3664 2502 3749 2550 πᾶν
3793 2496 3844 2546 τὸ

2276 2593 2395 2663 περὶ
2453 2591 2592 2662 ἡμᾶς
2638 2588 2870 2660 ὑγιαῖνον
2927 2589 3065 2641 κατὰ
3117 2592 3212 2647 τῆν
3265 2593 3455 2643 πίστιν
3504 2589 3576 2652 εἰς
3616 2591 3702 2646 τὴν
3738 2585 3851 2658 πρὸς

2277 2683 2399 2741 τοὺς
2463 2674 2752 2752 ὁμοδόξους
2825 2681 3094 2730 κοινωνίαν
3167 2682 3257 2731 καὶ
3324 2679 3512 2732 ἕνωσιν
3540 2722 3556 2748 ,
3630 2673 3852 2750 θαρρούν-

2277 2788 2380 2830 τως
2411 2767 2522 2839 (67)
2561 2767 2782 2840 ἤλθομεν
2822 2769 2890 2827 εἰς
2917 2771 3011 2825 τὴν
3049 2767 3389 2842 παράκλησίν
3432 2787 3528 2822 σου
3577 2774 3667 2828 τῆς
3710 2762 3854 2825 ἀνεξι-

2277 2861 2466 2921 κακίας
2495 2899 2512 2922 ,
2579 2855 2868 2910 ἕπιστεῖλαι
2931 2862 3092 2910 πᾶσιν
3167 2859 3292 2928 ἡμῖν
3362 2855 3638 2914 ἐπιστολὴν
3707 2857 3852 2926 μίαν,

2275 2951 2581 3022 παραίνεσιν
2629 2949 2859 3018 ἔχουσαν
2911 2953 3011 2998 τῶν
3058 2950 3351 3020 πρακτέων.
3397 2946 3576 3000 Οὖτων
3617 2945 3710 3016 γὰρ
3749 2939 3857 3014 βού-

2275 3034 2452 3089 λονται
2481 3036 2625 3108 παρά
2655 3042 2752 3088 σοῦ
2794 3040 2886 3094 τὴν
2934 3033 3109 3107 ἀρχὴν
3141 3033 3377 3110 ὑπάρξαι
3417 3034 3595 3095 αὐτοῖς
3638 3039 3730 3084 τῶν
3768 3046 3859 3080 κοι-

2277 3133 2501 3178 νωνικῶν
2546 3121 2839 3189 ὃιαλέξεων.
2893 3120 3103 3182 Ἐπειδὴ
3165 3119 3225 3178 δε
3267 3127 3405 3188 ἴσως
3451 3123 3672 3177 ὕποπτοι
3722 3135 3858 3171 κατα-

2279 3219 2545 3289 φαίνονται
2607 3214 2719 3286 (68)
2790 3233 2876 3268 σοι
2944 3221 3005 3286 τῇ
3071 3217 3247 3288 μνήμῃ
3328 3223 3432 3268 τῶν
3493 3211 3854 3287 παρελθόντων,

2279 3304 2440 3359 έκεῖνο
2477 3309 2717 3376 ποίησον,
2777 3303 3127 3377 θεοφιλέστατε
3177 3305 3352 3380 Πάτερ
3379 3320 3392 3334 ⁸
3446 3303 3560 3377 ἕμοὶ
3617 3304 3701 3362 τὸς
3749 3299 3858 3370 πρὸς

2280 3398 2397 3458 τοὺς
2444 3393 2760 3457 ἓπισκόπους
2828 3393 3100 3454 ἐπιστολὰς
3152 3390 3462 3467 διάπεμψαι
3513 3393 3544 3452 ἣ
3605 3388 3695 3444 διά
3746 3403 3860 3444 τινος

2281 3493 2381 3538 τῶν
2430 3484 2643 3538 αὐτόθεν
2695 3492 2918 3552 πιστῶν,
2959 3484 2989 3543 ἡ
3032 3487 3121 3536 καὶ
3171 3479 3266 3536 διὰ
3306 3491 3402 3538 τοῦ
3450 3478 3673 3553 ἀδελφοῦ
3718 3483 3860 3550 Δωρο-

2285 3575 2400 3630 θέου
2457 3581 2549 3627 τοῦ
2610 3570 2959 3626 συνδιακόνου
3027 3574 3173 3645 ἡμῶν
3203 3613 3220 3643 ,
3269 3573 3336 3636 ἃς
3396 3568 3766 3642 ὑποδεξάμενος
3809 3560 3859 3614 οὗ

2281 3668 2529 3739 πρότερον
2592 3659 2773 3733 δώσω,
2840 3666 2912 3736 μῆ
2975 3660 3142 3715 λαϐὼν
3197 3663 3312 3733 (69)
3381 3664 3476 3723 τὰς
3539 3658 3660 3732 παρ’
3714 3654 3859 3707 αὐτῶν

2285 3753 2626 3828 ἀποκρίσεις·
2695 3752 2781 3805 ἐὰν
2849 3749 2908 3806 δὲ
2971 3757 3041 3825 μὴ
3098 3751 3236 3824 (70),
3293 3751 3637 3827 Ἠμαρτηκὼς
3697 3747 3859 3814 ἔσομαι

2284 3843 2351 3904 εἰς
2398 3845 2454 3895 σὲ
2501 3843 2677 3901 πάσας
2733 3843 2823 3902 τὰς
2875 3842 3073 3915 ἡμέρας
3129 3848 3224 3902 τῆς
3289 3839 3432 3902 ζωῆς
3495 3859 3612 3913 μου,
3672 3835 3858 3888 Πάντως

2285 3929 2344 3986 δὲ
2381 3930 2440 3984 οὗ
2488 3930 2720 3993 πλείονος
2750 3931 2861 4001 (71)
2909 3930 3052 3992 ἄξιον
3098 3928 3257 4002 φόϐου
3310 3937 3468 3983 τοῦτο
3499 3933 3570 3998 τῷ
3617 3923 3670 3987 ἒξ
3710 3920 3858 3993 ἀρχῆς

2283 4021 2476 4076 εἰπόντι
2517 4023 2643 4095 πρὸς
2702 4023 2788 4073 τόν
2841 4023 3041 4094 πατέρα
3095 4019 3124 4078 ἦ
3185 4017 3298 4092 ἐμοὶ
3359 4027 3449 4071 νῦν
3512 4017 3635 4091 πρὸς
3683 4015 3735 4064 σι
3785 4009 3856 4059 τὸν

2281 4113 2628 4184 πνευματικὸν
2669 4112 2868 4182 πατέρα
2912 4108 3133 4180 λέγοντι.
3168 4107 3227 4160 Εἰ
3266 4103 3329 4161 δὲ
3377 4115 3531 4160 τοῦτο
3574 4105 3720 4157 παντὶ
3755 4113 3858 4170 τρο-

2281 4210 2362 4273 πῷ
2415 4200 2773 4274 ἀπηγόρευται
2823 4201 2967 4272 παρὰ
3025 4203 3129 4265 σοὶ,
3192 4195 3296 4249 ἀλλ’
3361 4200 3497 4271 ἡμᾶς
3547 4214 3605 4266 γε
3653 4199 3740 4249 τῆς
3788 4183 3858 4236 ἐπὶ

2279 4298 2342 4364 τῇ
2390 4286 2635 4361 διακονία
2681 4287 2853 4349 αἰτίας
2896 4286 3037 4359 ἄφες,
3086 4282 3287 4349 ἀδόλως
3343 4291 3436 4340 καὶ
3494 4277 3854 4337 ἀκατασκεύως.

507 4371 712 4439 timus,
741 4371 1208 4444 conjunctionis,
1238 4373 1318 4430 ad
1356 4373 1471 4431 hoc
1517 4373 1698 4444 legati
1728 4379 1786 4432 et
1833 4377 2164 4451 interpretis

2280 4378 2534 4452 ἐπιθυμία
2575 4385 2670 4439 τῆς
2711 4377 2918 4453 εἰρήνης
2965 4380 3058 4429 καὶ
3096 4384 3192 4436 τῆς
3240 4379 3376 4451 πρὸς
3437 4371 3682 4430 ἀλλήλους
3730 4367 3854 4434 ἡμῶν

507 4476 732 4518 munus
761 4461 1154 4519 accessimus.

575 4749 598 4785 ⁸
637 4751 854 4807 Genes.
895 4739 1054 4818 ium,
1100 4751 1188 4806 to.

576 4925 686 5006 (δᾴ)
724 4929 858 4999 Πρὸς
886 4931 980 5006 τὴν
1011 4923 1220 5006 ἐλπίδα.
1249 4927 1590 5006 Vaticanus,
1625 4930 1765 5006 Reg.
1799 4929 2070 5006 uterque_
2096 4933 2154 4987 et

504 4995 687 5071 Coisl,
723 4995 1025 5071 secundus
1063 4997 1359 5071 τῆέλπίὸι.
1395 4995 1625 5056 Ibidem
1667 4995 1808 5068 Reg.
1843 4995 2151 5056 secundus

503 5074 562 5124 et
583 5066 764 5143 Coisl.
794 5066 1109 5143 secundus
1126 5068 1181 5121 ἐκ
1205 5078 1295 5123 τοῦ
1329 5069 1664 5143 ἀπογνώσεως
1690 5066 1990 5143 πτῶματος.

573 5138 686 5208 (65)
728 5139 921 5216 Πάντες
951 5140 1102 5216 ὁμοιξ.
1137 5143 1305 5196 Deest
1353 5138 1567 5216 ultima
1611 5138 1844 5216 voxin
1883 5143 2156 5216 quinque

499 5226 657 5286 mss.
679 5224 802 5265 non
841 5214 1040 5286 tamen
1058 5211 1131 5286 in
1162 5212 1602 5286 vetustissimis.
1628 5212 1809 5286 Paulo
1849 5211 1984 5286 post
2014 5211 2154 5270 editi

502 5279 722 5353 βεϐαίως
752 5282 967 5353 κινούσῃ
981 5301 1020 5342 ς.
1050 5282 1160 5353 Sex
1189 5298 1336 5340 mss.
1368 5287 1433 5338 ut
1457 5283 1516 5339 in
1539 5289 1724 5340 textu.
1755 5279 2027 5342 Instituta
2058 5286 2154 5342 hic

501 5350 878 5429 comparatio
908 5350 1153 5429 uberius
1177 5353 1385 5429 multo
1416 5359 1812 5424 pertractatur
1851 5357 1912 5414 in
1956 5357 2152 5429 capite

499 5421 712 5478 ultimo
742 5421 876 5478 libri
905 5422 993 5478 De
1015 5423 1254 5492 Spiritu
1279 5421 1510 5480 sancto.

543 5495 832 5614 λὶῗῗὶωῖῶν
873 5493 1206 5566 ἐμπλεόντων.
1243 5494 1416 5552 Coisl.
1465 5495 1698 5568 primus
1745 5501 1802 5555 et
1845 5499 2002 5557 Harl.
2051 5507 2150 5551 τῶν

504 5581 778 5619 πλεόντων.

527 5702 532 5705 ν
571 5631 686 5707 (67)
727 5634 1088 5712 Θαρῥούντως.
1128 5639 1215 5699 Ita
1261 5636 1434 5697 Coisl.
1479 5636 1714 5715 primus
1755 5644 1812 5700 et
1853 5643 1995 5714 Reg.
2027 5641 2150 5716 pri-

2279 4473 2560 4541 συναφείας
2609 4475 2708 4520 τῶν
2740 4468 3087 4540 ὁμονοούντων
3137 4465 3209 4528 εἰς
3248 4467 3315 4518 τὰ
3362 4467 3494 4540 πρὸς
3537 4464 3620 4514 τὸν
3665 4457 3852 4528 Κύριον,

2275 4557 2362 4612 ἐπὶ
2399 4562 2493 4618 τὴν
2522 4555 2798 4633 πρεσϐείαν
2843 4558 3037 4615 ταύτην
3075 4560 3166 4610 καὶ
3211 4558 3482 4629 μεσιτείαν
3514 4547 3851 4624 ἀφικομένους.

2261 4946 2418 5003 mus,
2451 4945 2590 4987 cum
2619 4930 2766 4986 Med.
2801 4933 2857 4984 et
2883 4927 3042 5003 Harl.
3078 4927 3239 5003 Editi
3262 4927 3591 5003 Θαρῥοᾷντες,
3617 4906 3835 4980 excepta

2261 4977 2524 5082 editione
2549 5001 2946 5082 Haganoensi,
2971 5015 3128 5082 qua:
3143 4979 3336 5082 habet
3351 4977 3725 5082 éfgépoﬁvt'afévh:

2337 5048 2946 5146 z6§)“i<&;;;;2;;;:;.7
2968 5048 3325 5146 gargara
3357 5048 3837 5146 ῡέεηουειμηιτξξξε

2265 5117 2596 5204 ali‘i‘sil’liditi
2622 5117 3102 5216 erapawia'ovrac.
3133 5141 3320 5198 Paulo
3351 5143 3505 5216 post
3541 5128 3682 5216 editi
3696 5117 3838 5216 εἰδῇς

2266 5191 2709 5290 ξοξῗξιῖλόξνῗξθᾷ
2759 5191 2924 5290 deest
2961 5228 3299 5290 pronomen
3346 5191 3408 5268 iii
3456 5221 3600 5264 mss.
3636 5191 3837 5255 Ibidem

2264 5285 2420 5343 Harl.
2446 5285 2501 5344 ét
2527 5287 2706 5360 Coisl.
2741 5285 2977 5358 primus
3000 5293 3100 5338 τῶν
3128 5285 3330 5339 αὐτόθι.
3424 5355 3459 5360 _
3601 5345 3617 5360 ⁴
3655 5333 3774 5360 πλη

2337 5333 2802 5429 (ξόῖἱγιξνλξέώῗί
2815 5333 3099 5429 ’Ῑῖίῖἷῃέέξ
3130 5333 3362 5429 's'éb’téﬁl
3375 5395 3389 5410 ο
3423 5346 3567 5429 Eam
3597 5333 3830 5429 ﬁlias":

2484 5403 2703 5483 ξ
2714 5403 2819 5503 .
2840 5403 3263 5484 13369131632;
3270 5403 3502 5483 23.3615
3530 5418 3590 5474 in
3619 5403 3837 5468 duobus

2268 5516 2420 5557 mss.
3508 5555 3573 5566 ___
3653 5551 3668 5566 ,
3711 5553 3720 5566 ,

2333 5551 2449 5647 )
2489 5573 2566 5627 Οὐ
2594 5572 2826 5638 πλείονος
2856 5575 2944 5630 Ita
2973 5586 3075 5630 sex
3106 5585 3250 5628 mss.
3286 5566 3436 5628 Editi
3465 5555 3586 5617 οὐδὲ
3615 5551 3837 5608 πλείονος.
