4078 6390
215 343 314 399 461

795 472 1137 522 ΕΠΙΣΤΟΛΗ
1184 467 1304 524 III".

1187 341 1686 401 EPISTOLABUM
1724 335 2008 396 CLASSIS
2045 338 2112 394 II.
2152 338 2369 399 EPIST.
2412 343 2684 403 LXXXIV.

3515 346 3624 404 462

2457 471 2794 528 EPISTOLA
2843 468 3136 527 LXXXIII‘.

233 557 599 631 Censitorem
635 556 940 631 hortatur
968 559 1248 625 Basilius,
1283 563 1347 613 ut
1390 559 1616 631 miserae
1663 553 2082 631 Cappadocia
2107 555 2483 615 calamitates
2515 560 2800 627 sublevet,
2847 561 3016 631 eique
3040 559 3626 631 commendatunius

305 643 375 686 ea:
405 629 620 685 amicis
647 630 780 686 suis
806 631 1230 700 possessionem
1269 630 1613 702 quamdam,
1655 641 1786 700 quae
1817 626 1979 683 circa
2005 625 2448 687 Chamanenem
2493 633 2610 688 sita
2662 625 2813 702 erat,
2859 625 2928 688 ρι’
2944 630 3187 686 tributis
3213 630 3626 700 premebatur.

903 742 1208 812 Κηνσίτορι.
1885 740 1933 792 Α

324 826 470 900 Ἐμοὶ
519 829 648 901 πρὸς
685 830 785 885 τήν
853 831 951 886 σὴν
1013 827 1266 900 εὐγένειαν
1325 828 1574 885 συνήθεια
1623 827 1712 898 μὲν
1767 826 1859 874 καὶ

237 918 271 975 ἠ
329 916 448 969 κατ’
507 915 812 990 ὀφθαλμοὺς
873 922 1135 989 συντυχία
1181 918 1317 969 πάνυ
1371 915 1608 989 βραχεῖα
1646 916 1856 985 γέγονέ·

239 1015 443 1079 γνῶσις
493 1002 554 1058 δε
595 1008 626 1064 ἡ
679 1005 735 1069 ἐξ
780 1004 958 1072 ἀκοῆς,
1002 1002 1075 1058 δι’
1110 1007 1174 1068 ἧς
1220 1005 1430 1067 πολλοῖς
1496 1003 1864 1075 συναπτόμεθα

236 1105 342 1150 τῶν
401 1095 686 1169 ἐπιφανῶν,
735 1095 831 1148 οῦκ
888 1095 1035 1167 ὀλίγη
1100 1115 1176 1165 τε,
1230 1092 1353 1148 οὐδὲ
1397 1095 1860 1170 εὐκαταφρόνητος.

241 1187 303 1242 Εἰ
355 1183 420 1240 δε
463 1190 559 1238 καὶ
600 1189 688 1238 σοί
746 1204 832 1246 τις
868 1184 922 1237 ἐκ
972 1192 1065 1247 τῆς
1096 1190 1269 1258 φήμης
1295 1188 1415 1260 περὶ
1445 1187 1592 1258 ἡμῶν
1629 1183 1863 1255 ὑπάρχει

242 1276 417 1348 λόγος,
463 1274 626 1336 αὐτὸς
681 1273 744 1326 ἂν
794 1270 991 1336 εἰδείης
1045 1276 1272 1347 ἄμεινον.
1313 1278 1383 1327 Τὸ
1421 1271 1470 1326 δ’
1501 1269 1588 1326 οὖν
1622 1276 1712 1325 σὸν
1737 1269 1862 1347 παρ’

246 1368 375 1438 ἡμῖν
417 1368 655 1417 τοιοῦτον
714 1367 856 1416 ἐστιν
913 1365 1017 1416 οἷον
1073 1367 1276 1437 εἴπομεν
1327 1363 1464 1436 (72).
1535 1358 1750 1420 Ἐπειδὴ
1804 1359 1864 1417 δί

251 1454 464 1508 ἐκάλεσέ
521 1473 580 1506 σε
637 1455 662 1505 ὁ
718 1457 850 1515 Θεὸς
905 1453 977 1516 εἰς
1025 1460 1248 1527 πρᾶγμα
1314 1452 1701 1526 φιλανθρωπίας
1760 1450 1867 1504 ἐπί·

253 1541 424 1607 δειξιν
460 1546 605 1616 ἕχον,
651 1539 727 1596 δι’
775 1543 836 1595 οὗ
885 1539 1106 1596 δυνατόν
1164 1543 1276 1596 ἐστι
1330 1539 1687 1616 διορθωθῆναι
1721 1543 1864 1613 ἡμῶν

249 1640 346 1693 τὴν
373 1629 616 1707 πατρίδα
644 1632 907 1696 παντελῶς
955 1628 1352 1705 ἐδαφισθεῖσαν,
1381 1633 1616 1704 ἠγοῦμαι
1652 1635 1864 1706 πρέπειν

245 1743 339 1798 μοι
393 1725 707 1796 ὑπομνῆσαι
746 1741 841 1775 σου
877 1726 973 1780 τὴν
1007 1726 1380 1796 χρηστότητα,
1433 1722 1515 1773 ἱνα
1561 1719 1640 1773 ἐπ’
1689 1716 1867 1772 ἐλπίδι

239 1821 338 1876 τῆς
368 1815 520 1887 παρὰ
563 1819 698 1865 Θεοῦ
747 1807 1149 1874 ἀνταποδοσεως
1193 1818 1427 1863 τοιοῦτον
1478 1813 1694 1863 σεαυτὸν
1736 1829 1866 1862 κατ-

241 1902 492 1976 αξιώσῃς
523 1903 928 1975 παρασχέσθαι,
988 1903 1122 1954 ὥστε
1172 1898 1431 1953 ἀθανάτου
1475 1902 1565 1972 μὲν
1617 1907 1711 1960 τῆς
1741 1903 1868 1971 μνὴο

241 2012 345 2066 μης
408 1991 721 2062 ἀξιοῦσθαι,
799 1992 1040 2063 γενέσθαι
1117 1987 1177 2043 δε
1242 1989 1460 2042 αἰωνίων
1529 1987 1866 2041 ἀναπαύσων

2644 738 2965 794 Censitori.

2039 821 2174 878 Mihi
2197 822 2443 895 quidem
2475 826 2853 882 consuetudo
2901 841 3041 881 cum
3091 827 3194 880 tua
3229 823 3540 884 nobilitate
3571 830 3631 884 et

1969 925 2172 967 coram
2207 928 2568 983 congressus
2613 915 2814 971 brevis
2871 914 3207 971 admodum
3229 915 3448 972 exstitit
3477 933 3490 972 :
3521 915 3631 972 sed

1970 1006 2218 1072 accepta
2233 1018 2306 1058 ex
2332 1003 2540 1060 auditu
2567 1004 2852 1074 cognitio,
2902 1020 3025 1078 qua
3065 1003 3268 1060 multis
3314 1005 3456 1061 viris
3479 1005 3631 1061 insi-

1971 1089 2191 1159 gnibus
2243 1093 2690 1164 conjungimur,
2737 1109 2849 1150 nec
2902 1093 3138 1164 exigua,
3189 1109 3302 1149 nec
3367 1098 3632 1151 contem-

1970 1180 2192 1236 nenda.
2215 1185 2307 1237 An
2335 1197 2478 1240 vero
2509 1189 2564 1240 et
2585 1183 2752 1257 apud
2791 1187 2845 1240 te
2885 1200 2960 1240 ex
2997 1182 3164 1239 fama
3193 1183 3254 1238 in
3286 1183 3489 1257 aliquo
3518 1199 3632 1240 nu-

1971 1286 2140 1326 mero
2184 1288 2417 1341 sumus,
2464 1273 2593 1346 ipse
2647 1273 2862 1330 melius
2916 1272 3177 1330 noveris.
3232 1275 3357 1331 Tua
3383 1273 3633 1347 quidem

1972 1360 2326 1417 existimatio
2385 1361 2517 1419 talis
2570 1363 2736 1436 apud
2782 1378 2896 1419 nos
2937 1366 3045 1432 est,
3075 1361 3321 1435 qualem
3345 1363 3634 1420 diximus.

1975 1449 2272 1515 Quoniam
2295 1454 2496 1507 autem
2528 1451 2760 1507 vocavit
2802 1455 2857 1507 te
2888 1453 3042 1506 Deus
3069 1450 3149 1506 ad
3177 1467 3402 1508 munus
3420 1451 3636 1509 huma-

1972 1538 2146 1595 nitati
2199 1538 2688 1596 demonstrandae
2727 1534 3037 1602 idoneum,
3098 1555 3208 1612 per
3252 1539 3421 1613 quod
3462 1544 3635 1613 potes

1974 1629 2234 1701 patriam
2280 1633 2553 1685 nostram
2584 1629 2835 1686 omnino
2893 1628 3022 1686 solo
3065 1633 3367 1702 aequatam
3411 1629 3640 1686 instau—

1973 1734 2141 1787 rare;
2174 1718 2384 1775 decere
2416 1735 2513 1774 me
2572 1718 2830 1776 arbitror
2861 1723 3032 1775 tuam
3061 1718 3397 1776 bonitatem
3420 1719 3637 1776 admo-

1973 1823 2135 1876 nere,
2165 1812 2230 1864 ut
2256 1825 2361 1882 spe
2382 1809 2601 1865 divinae
2633 1808 3139 1865 remunerationis
3170 1808 3347 1865 talem
3385 1814 3444 1866 te
3474 1808 3640 1866 exhi-

1973 1897 2116 1954 bere
2144 1897 2315 1964 velis,
2355 1902 2420 1954 ut
2461 1897 2864 1954 immortalem
2905 1898 3265 1954 memoriam
3297 1913 3640 1970 consequa-

1974 1987 2074 2055 ris,
2103 1991 2160 2043 et
2178 1987 2403 2059 requiei
2438 1992 2675 2043 aeternas
2723 1987 2916 2042 haeres
2966 1985 3192 2043 evadas
3237 1986 3318 2043 ob
3347 1986 3637 2044 allevatas

242 2081 593 2156 κληρονόμον,
651 2078 704 2132 ἓν
742 2086 834 2132 τοῦ
892 2077 1229 2154 ἐλαφροτέρας
1281 2085 1509 2137 ποιῆσαι
1543 2084 1652 2138 τοῖς
1699 2095 1862 2129 κατα-

1983 2076 2342 2134 calamitosis
2372 2091 2697 2133 aerumnas.
2754 2076 2903 2131 Cum
2945 2080 3145 2133 autem
3193 2080 3252 2132 et
3301 2075 3450 2132 mihi
3469 2091 3638 2148 quaa-

245 2173 591 2244 πονουμένοις
641 2170 738 2230 τὰς
779 2167 1002 2240 θλίψεις.
1035 2164 1249 2228 Ἐπειδή
1307 2164 1368 2220 δε
1414 2166 1574 2241 κάμοί
1624 2171 1705 2227 τίς
1755 2164 1868 2219 ἐστι

243 2269 428 2323 κτῆσις
468 2264 596 2332 περὶ
643 2263 962 2331 Χαμανηνήν
989 2259 1122 2330 (73),
1157 2256 1284 2321 ἀξιῶ
1345 2276 1402 2311 σε
1445 2266 1739 2332 προστῆναι
1768 2256 1868 2308 αῦ-

240 2360 353 2417 τῆς,
412 2352 487 2412 ὡς
559 2349 771 2410 οἰκείας.
814 2353 898 2407 Μὴ
963 2348 1238 2421 θαυμάζῃς
1274 2344 1352 2419 δὲ,
1408 2347 1452 2400 εἰ
1490 2346 1718 2420 ἐμαυτοῦ
1738 2346 1868 2418 λέγω

233 2445 301 2494 τὰ
347 2449 456 2493 τῶν
509 2437 694 2512 φίλων,
743 2440 875 2500 μετὰ
927 2445 1020 2498 τῆς
1086 2437 1240 2498 ἄλλης
1307 2435 1495 2513 ἀρετῆς
1550 2441 1641 2489 καὶ
1697 2435 1868 2508 φιλίαν

242 2524 694 2600 πεπαιδευμένος,
735 2531 828 2579 καὶ
878 2529 1196 2599 μεμνημένος
1247 2533 1340 2579 τοῦ
1400 2532 1569 2598 σοφῶς
1615 2524 1884 2599 εἰπόντος,¹

246 2617 398 2670 ἀλλον
452 2617 632 2671 ἑαυτὸν
682 2613 815 2669 εἶναι
875 2618 963 2668 τὸν
1021 2614 1190 2688 φίλον.
1270 2618 1374 2674 Τὴν
1447 2618 1620 2666 τοίνυν
1680 2621 1868 2673 κτῆσιν

253 2712 352 2765 τήν
411 2703 763 2780 ὃιαγέρουσαν
806 2701 966 2776 τῷδε,
1005 2707 1202 2762 ταύτην
1252 2707 1318 2765 ὡς
1369 2701 1596 2776 ἐμαυτοῦ
1638 2707 1870 2778 παρατί-

260 2799 424 2871 θεμαι
582 2799 852 2868 τιμιότητί
895 2813 1025 2847 σου·
1075 2799 1166 2847 καὶ
1216 2793 1523 2868 παρακαλῶ,
1587 2791 1871 2864 ἐπισκεψά-

255 2905 412 2960 μενον
456 2887 520 2937 τὰ
569 2893 658 2947 τῆς
701 2885 870 2945 οἰκίας
909 2879 1180 2960 δυσχερῆ,
1230 2880 1415 2936 δοῦναι
1444 2881 1625 2944 αὐτοῖς
1651 2887 1869 2935 καὶτῶν

254 2975 616 3049 παρελθόντων
665 2978 871 3049 χρόνων
928 2974 1288 3048 παραμυθίαν,
1339 2977 1429 3025 καὶ
1478 2975 1613 3046 πρὸς
1649 2975 1708 3024 τὸ
1748 2971 1869 3044 μέλ-

253 3066 342 3118 λον
397 3068 605 3138 αἱρετὴν
651 3064 833 3126 αὐτοῖς
882 3064 1282 3116 κατασκευάσαι
1333 3067 1427 3121 τὴν
1485 3066 1717 3129 οἴκησιν,
1774 3065 1868 3120 τὴν

249 3159 475 3229 φευκτὴν
521 3159 615 3207 καὶ
661 3155 1089 3226 ἀπηγορευμένην
1148 3148 1243 3204 διὰ
1294 3155 1354 3204 τὸ
1383 3149 1582 3214 πλῆθος
1627 3159 1724 3212 τῆς
1750 3149 1868 3204 ἐπι-

236 3249 489 3318 κειμένης
548 3244 682 3317 αὐτῇ
726 3242 1039 3304 συντελείας.
1111 3237 1406 3295 Σπουδάσω
1466 3237 1524 3294 δε
1571 3245 1660 3294 καὶ
1712 3241 1870 3302 αὐτὸς

1977 2165 2120 2222 dam
2151 2167 2225 2222 sit
2255 2167 2413 2222 circa
2448 2166 2898 2223 Chamanenem
2936 2163 3261 2237 possessio,
3298 2180 3434 2220 eam
3463 2180 3637 2237 aeque

1977 2271 2048 2312 ac
2075 2259 2243 2311 tuam
2291 2254 2511 2312 tuearis
2548 2269 2721 2326 rogo.
2752 2256 2868 2309 Nec
2893 2253 3127 2310 mireris
3157 2253 3206 2309 si
3238 2268 3377 2309 mea
3413 2252 3638 2320 dicam,

1975 2361 2113 2419 quas
2135 2350 2275 2401 sunt
2305 2345 2672 2414 amicorum;
2718 2359 2864 2400 nam
2885 2359 3025 2400 cum
3049 2343 3294 2416 reliquis
3315 2343 3637 2400 virtutibus

1976 2438 2035 2492 et
2064 2434 2391 2492 amicitiam
2433 2433 2638 2503 didici,
2692 2449 2764 2490 ac
2794 2432 3044 2490 memini
3074 2432 3230 2489 illius
3261 2434 3365 2506 qui
3396 2433 3638 2506 sapien-

1975 2529 2066 2582 ter
2085 2524 2253 2591 dixit,
2284 2525 2546 2581 amicum
2573 2539 2692 2581 esse
2720 2525 2982 2580 alterum
3008 2524 3286 2594 seipsum.
3339 2523 3505 2579 Hanc
3535 2523 3644 2593 igi-

1979 2617 2074 2670 tur
2101 2613 2575 2685 possessionem,
2630 2628 2767 2685 quaa
2818 2611 2895 2668 ad
2947 2611 3117 2667 illum
3164 2613 3440 2684 pertinet,
3481 2610 3644 2669 velut

1978 2717 2181 2758 meam
2206 2705 2324 2757 tuae
2345 2700 2619 2772 dignitati
2668 2700 3068 2778 commendo;
3114 2715 3185 2757 ac
3215 2715 3385 2770 rogo,
3418 2703 3484 2756 ut
3503 2714 3643 2756 con-

1981 2791 2256 2848 siderans
2295 2791 2519 2847 domus
2557 2789 2886 2859 molestias,
2927 2789 3035 2846 des
3065 2788 3176 2844 illis
3219 2793 3276 2845 et
3317 2789 3642 2861 praeterito-

1978 2896 2114 2937 rum
2144 2885 2489 2952 temporum
2519 2878 2993 2935 consolationem
3011 2881 3066 2933 et
3090 2876 3152 2932 in
3178 2876 3444 2933 futurum
3473 2882 3640 2950 opta-

1977 2968 2161 3026 bilem
2187 2969 2271 3026 eis
2302 2969 2740 3025 habitationem
2779 2968 2957 3025 istam
2995 2966 3237 3036 reddas,
3267 2983 3406 3039 quas
3432 2965 3510 3023 ob
3539 2967 3641 3023 tri-

1976 3059 2262 3116 butorum
2317 3063 2375 3115 et
2412 3058 2836 3131 impositorum
2873 3055 3319 3113 multitudinem
3349 3055 3642 3126 fugienda

1978 3152 2070 3206 est
2107 3153 2164 3204 et
2183 3148 2524 3221 desperata.
2560 3145 2674 3204 Sed
2696 3146 2894 3219 etipse
2919 3161 3169 3218 operam
3195 3144 3379 3214 dabo,
3405 3151 3470 3201 ut
3496 3159 3638 3202 cum

1979 3242 2084 3294 tua
2152 3237 2492 3295 urbanitate
2541 3235 2904 3294 conveniens
2959 3235 3035 3292 de
3089 3234 3342 3307 singulis
3395 3234 3636 3309 plenius

239 3340 552 3408 περιτυχών
590 3353 687 3388 σου
738 3342 802 3408 τῇ
857 3335 1174 3407 κοσμιότητι
1229 3331 1576 3406 έντελέστερον
1611 3335 1730 3405 περὶ
1754 3330 1870 3384 ἑκά·
1902 3346 1942 3402 c
1979 3327 2293 3384 disseram.

242 3444 374 3480 στου
408 3421 786 3496 διαλεχθῆναι.

813 3553 1151 3602 ΕΠΙΣΤΟΛΙΙ
1199 3545 1317 3602 ΠΔ’.

2455 3543 2794 3599 EPISTOLA
2833 3543 3081 3598 LXXXIV
3100 3540 3163 3596 “.

237 3637 583 3698 Prcesidem
629 3637 1050 3708 Cappadociae,
1097 3651 1268 3708 quem
1313 3635 1523 3708 Etiam,
1567 3649 1690 3692 esse
1727 3633 2024 3690 credimus
2061 3631 2503 3703 perhonoriﬁce
2531 3621 2760 3688 s'alutat
2788 3633 3104 3708 ‘Basilius,
3140 3633 3388 3708 ejusque
3401 3630 3638 3708 factum

315 3702 730 3780 reprehendit,
761 3702 923 3780 Quod
951 3702 1281 3764 dum'senis
1305 3707 1624 3776 cujusdam
1651 3711 1923 3780 nepotem
1937 3702 2129 3780 annos
2152 3710 2412 3780 quatuor
2429 3708 2639 3780 natum
2663 3703 2848 3780 curiae
2869 3703 3319 3780 addicit,ipsum
3351 3715 3544 3780 senem
3573 3702 3638 3755 in

319 3779 539 3852 nepote
572 3779 785 3836 rursus
822 3781 905 3837 ad
952 3794 1209 3836 munera
1254 3780 1501 3848 publica
1548 3779 1949 3845 protraxerit.

321 3857 532 3927 inique
558 3853 789 3923 fuerat.

933 3958 1195 4032 Ἠγεμόνι.

330 4057 381 4107 1.
424 4045 626 4122 Σχεδὸν
670 4051 761 4122 μὲν
800 4050 1024 4102 ἄπιστόν
1055 4047 1196 4102 ἐστιν
1235 4048 1262 4100 ὅ
1301 4045 1466 4120 μέλλω
1503 4048 1739 4122 γράφειν,
1783 4065 1871 4118 γε-

247 4140 527 4214 γράψεται
571 4137 629 4193 δε
676 4147 770 4200 τῆς
819 4138 1064 4200 ἀληθείας
1122 4140 1282 4192 ἕνεκεν
1317 4175 1329 4188 .
1390 4138 1492 4205 ὅτι,
1532 4143 1707 4189 πᾶσαν
1737 4138 1874 4207 ἔχων

250 4231 565 4302 ἐπιθυμίαν,
636 4233 706 4291 ὡς
758 4231 862 4282 οἶόν
931 4248 984 4282 τε
1033 4226 1116 4295 ἦν,
1175 4231 1474 4281 πυκνότατα
1538 4222 1875 4298 διαλέγεσθαι

249 4341 352 4375 σου
410 4328 473 4393 τῇ
532 4318 918 4391 καλοκάγαθίᾳ,
963 4314 1145 4377 ἐπειδὴ
1202 4317 1348 4392 εὗρον
1399 4318 1592 4374 ταύτην
1620 4317 1876 4392 γραμμα-

248 4432 355 4464 των
405 4415 502 4468 τὴν
553 4408 812 4482 ἀφορμὴν,
874 4408 968 4460 οὐκ
1025 4403 1317 4480 ἐπέδραμον
1371 4413 1446 4477 τῷ
1504 4405 1720 4480 ἑρμαίῳ,
1768 4402 1875 4455 ἀλλ’

261 4501 562 4558 ἀπώκνησα
597 4503 690 4551 καὶ
751 4493 993 4556 ἀνεδύην.
1041 4499 1111 4550 Τὸ
1155 4492 1244 4548 οὖν
1284 4491 1585 4570 παράδοξον
1613 4495 1662 4546 ἐν
1687 4497 1876 4564 τούτῳ,

261 4592 346 4643 ὅτι
421 4590 550 4661 οἷπερ
627 4587 877 4660 ηὐχόμην
943 4585 1174 4660 ὑπάρξαι
1216 4586 1354 4657 (74),
1417 4592 1584 4636 ταῦτα
1633 4588 1882 4657 γενόμενα

1988 3773 2281 3833 Pluribus
2319 3775 2542 3846 probat
2575 3775 2936 3831 mutandum
2981 3788 3102 3830 esse
3128 3773 3290 3845 quod
3334 3773 3639 3829 decretum

2675 3952 2958 4010 Prcesidi.

2061 4048 2111 4101 l.
2151 4044 2295 4100 Fere
2347 4040 2698 4098 incredibile
2751 4046 2840 4099 est
2896 4041 3064 4115 quod
3112 4040 3442 4114 scripturus
3482 4056 3641 4110 sum,

1986 4133 2280 4190 scribetur
2323 4137 2528 4190 tamen
2579 4131 2840 4188 veritatis
2889 4147 3100 4188 causa.
3151 4131 3266 4187 Etsi
3319 4129 3646 4203 cupiditate

1985 4223 2151 4281 omni
2178 4222 2446 4293 tenebar,
2500 4237 2686 4295 quam
2716 4237 2958 4294 possem
3010 4221 3343 4294 saepissime
3383 4224 3648 4276 cumtua

1987 4311 2283 4386 probitate
2314 4310 2724 4384 colloquendi;
2775 4316 3105 4384 postquam
3130 4314 3333 4366 tamen
3361 4309 3520 4364 hanc
3549 4306 3648 4364 lit-

1989 4410 2250 4460 terarum
2281 4401 2665 4458 occasionem
2691 4405 2906 4456 nactus
2938 4416 3095 4468 sum,
3153 4414 3278 4454 non
3309 4397 3539 4454 accurri
3567 4395 3650 4452 ad

1986 4492 2243 4561 lucrum,
2280 4490 2386 4546 sed
2409 4489 2684 4546 haesitavi
2725 4505 2796 4546 ac
2847 4505 2945 4544 me
2974 4489 3210 4544 retraxi.
3269 4486 3418 4543 Illud
3443 4486 3650 4557 itaque

1989 4597 2062 4636 ea
2100 4581 2161 4635 in
2187 4597 2249 4637 re
2275 4579 2550 4635 mirabile
2574 4583 2682 4647 est,
2715 4579 2883 4651 quod
2921 4594 3058 4650 quas
3085 4576 3432 4646 contingere
3452 4575 3651 4648 cupie-

258 4680 362 4734 οὐκ
407 4675 695 4751 ἐδεχόμην.
754 4680 926 4731 Αἴτιον
977 4673 1057 4746 δὲ,
1113 4677 1193 4729 ὅτι
1237 4676 1566 4747 αἰσχύνομαι
1598 4670 1769 4727 δοκεῖν
1806 4677 1873 4746 μη

1989 4669 2156 4738 bam,
2186 4685 2260 4725 ea
2296 4669 2401 4724 ubi
2430 4667 2753 4739 contigere,
2804 4683 2928 4723 non
2973 4682 3109 4721 sum
3145 4664 3486 4737 amplexus.
3533 4666 3653 4720 lloc

261 4769 439 4844 φιλίας
494 4787 558 4839 ’γε
605 4768 768 4820 ἕνεκεν
839 4767 1101 4842 καθαρῶς,
1165 4763 1294 4817 ἀλλὰ
1335 4769 1522 4840 χρείαν
1572 4766 1686 4816 τινὰ
1739 4764 1879 4838 θερα·

254 4863 434 4915 πεῦων
506 4857 755 4910 ἑκάστοτε
804 4857 1042 4931 γράφειν.
1099 4853 1258 4909 Ἀλλά
1305 4873 1369 4927 με
1419 4852 1578 4906 ἐκεῖνο
1648 4851 1882 4910 εἰσῆλθεν

246 4954 302 5022 (ὅ
363 4952 462 5001 καὶ
536 4949 595 4999 σὲ
655 4945 915 5019 βούλομαι
984 4941 1346 5006 διανοηθέντα,
1422 4947 1582 5015 μήτοι
1651 4941 1883 5014 νομίζειν

253 5042 398 5112 ἡμᾶς
465 5035 763 5110 ἐμπορικῶς
829 5033 1020 5108 μᾶλλον
1079 5035 1108 5092 ἢ
1185 5032 1402 5106 φιλικῶς
1459 5033 1726 5085 ποιεῖσθαι
1790 5033 1886 5093 τὰς

260 5124 566 5197 διαλέξεις),
611 5130 691 5178 ὅτι
753 5129 864 5199 χρὴ
921 5143 974 5176 τι
1029 5119 1280 5198 διάφορον
1333 5124 1472 5194 ἔχειν
1525 5123 1617 5183 τὰς
1656 5128 1755 5173 τῶν
1797 5119 1884 5195 ἀρ-

259 5237 468 5290 χοντων
563 5219 890 5290 προσρήσεις
958 5215 1103 5286 παρά
1167 5215 1288 5274 τοὺς
1356 5208 1592 5273 ἰδιώτας.
1649 5209 1724 5262 Οῦ
1779 5211 1882 5284 γὰρ

258 5309 456 5382 ὁμοίως
504 5304 794 5358 ἑντευκτέον
848 5305 976 5376 ἡμῖν
1024 5302 1183 5376 ἰατρῷ
1239 5320 1293 5354 τε
1349 5297 1502 5374 ἀνδρὶ
1549 5304 1636 5353 καὶ
1677 5305 1751 5371 τῷ
1797 5318 1886 5352 τυ-

341 5485 454 5557 (:2)
495 5489 741 5558 Εῖπομεν.
804 5482 899 5558 Sic
954 5495 1068 5558 ope
1140 5478 1392 5558 c9dicis_
1437 5477 1892 5536 Claromontani

275 5551 640 5614 mutavimus
663 5556 841 5629 quod
863 5551 1084 5629 eratjin
1115 5551 1312 5622 editis,
1347 5553 1597 5629 εἴποιμεν.

494 5623 845 5704 ’Χαμανηνήνμ
871 5623 1199 5704 ΔΜθάἱοιΒιιε
1233 5626 1507 5697 μηχανήν.
1540 5625 1727 5681 Paulo
1752 5623 1892 5694 post

275 5698 456 5758 Coile
482 5698 724 5778 primus
750 5703 825 5774 μὴ
863 5698 1165 5771 θαυμασης.

1993 4765 2196 4816 autem
2235 4758 2345 4815 fuit
2382 4773 2600 4824 causae,
2644 4756 2811 4830 quod
2854 4755 3107 4834 puderet
3161 4769 3260 4810 me
3317 4753 3504 4808 videri
3529 4769 3655 4810 non

1993 4866 2161 4923 purae
2185 4848 2461 4906 amicitiae
2488 4863 2695 4918 causa,
2744 4845 2854 4901 sed
2910 4843 3141 4917 aliquid
3178 4843 3445 4900 utilitatis
3475 4858 3660 4899 aucu-

1993 4944 2240 5014 pantem
2271 4937 2530 4994 subinde
2561 4936 2839 4992 scribere.
2894 4934 3009 4993 Sed
3037 4933 3186 4990 illud
3227 4933 3378 4990 mihi
3397 4934 3460 4990 in
3491 4949 3662 4990 men-

1995 5035 2116 5087 tem
2145 5029 2303 5085 venit
2323 5026 2510 5100 (quod
2533 5030 2590 5083 et
2614 5031 2678 5083 tu
2704 5025 3095 5082 considerans
3146 5023 3328 5080 velim
3357 5023 3660 5080 existimes

1998 5135 2094 5175 me
2124 5134 2248 5174 non
2279 5120 2551 5190 quaestus
2599 5115 2800 5186 magis
2834 5130 3023 5188 quam
3081 5113 3361 5171 amicitiae
3391 5112 3661 5170 causain

1996 5208 2370 5280 colloquium
2400 5205 2651 5276 venire),
2713 5206 2879 5276 177
2918 5204 3090 5261 aliter
3117 5203 3408 5277 praesides
3433 5199 3661 5274 alloqui

1995 5299 2208 5355 decere
2231 5312 2302 5354 ac
2333 5295 2622 5370 privatos.
2679 5298 2808 5352 Non
2831 5293 2993 5352 enim
3021 5293 3198 5352 nobis
3234 5293 3450 5352 eodem
3475 5289 3660 5348 modo

2080 5478 2128 5547 (7
2137 5477 2192 5546 4)
2230 5475 2501 5547 Ὑπάρξαι.
2528 5474 2702 5530 Coisl.

2070 5545 2095 5569 "
2132 5545 2296 5604 Alias
2330 5545 2712 5604 CCCCXXVII.
2742 5545 2981 5617 Scripta
3006 5559 3170 5600 anno
3198 5545 3324 5617 3772.

2071 5619 2126 5642 ’ί
2164 5617 2326 5676 Alias
2358 5617 2757 5677 CCCLXXXIX.
2791 5615 3025 5691 Scripta
3049 5628 3212 5672 anno
3253 5615 3378 5672 372.

2736 5473 2968 5546 primus
2991 5475 3050 5528 et
3080 5472 3228 5530 Med.
3261 5467 3528 5546 ῦπάρξειν.
