4078 6382
508 329 613 389 463

1892 324 1949 379 S.
1991 316 2247 377 BASILII
2283 320 2503 378 IAGNI

3741 334 3832 388 464

511 455 828 513 adeundus
858 457 945 511 est
966 452 1234 510 medicus
1275 465 1344 508 ac
1393 452 1662 526 plebeius
1692 471 1706 520 ;
1756 465 1953 523 neque
1979 447 2161 503 etiam

2281 451 2437 519 χόντι
2464 465 2476 478 ·
2510 454 2626 504 οὔτε
2656 453 2879 526 ἄρχοντι
2909 446 3150 508 δηλονότι
3187 455 3278 503 καὶ
3328 447 3507 524 ἰδιώτη
3534 473 3546 486 ·
3587 452 3705 506 ἀλλὰ
3737 475 3836 508 πει-

509 562 736 620 prmses
756 545 969 602 eodem
1000 543 1185 599 modo
1228 560 1298 599 ac
1348 543 1656 615 privatus:
1691 541 1796 598 sed
1835 539 2043 596 danda
2081 536 2174 593 est

509 651 717 710 opera,
739 641 804 692 ut
823 635 1007 705 hujus
1042 639 1189 702 arte,
1239 633 1396 689 illius
1427 633 1780 689 auctoritate
1812 631 1890 687 ad
1933 632 2170 684 nostros

508 742 657 781 usus
676 724 1076 798 perfruamur.
1102 721 1630 788 Quemadmodum
1658 721 1820 777 enim
1869 719 1946 775 ad
1979 718 2168 774 solem

512 815 914 881 ambulantes,
944 813 1129 868 velint
1179 811 1388 878 nolint,
1436 810 1655 867 umbra
1684 810 1932 866 omnino
1965 808 2169 881 sequi-

510 910 606 960 tur
636 924 646 962 :
680 903 762 959 ita
786 906 844 958 et
886 918 1024 957 cum
1073 900 1528 969 magistratibus
1569 899 1868 972 colloquia
1902 902 2170 971 quaestus

508 993 762 1065 quidam
801 991 1138 1055 comitatur,
1183 988 1460 1045 levamen
1491 988 1871 1045 afﬂictarum.
1907 987 2168 1043 Primam

505 1079 962 1153 igiturepistolae
985 1093 1234 1134 causam
1257 1077 1588 1150 adimpleat
1608 1078 1743 1150 ipsa
1765 1076 2167 1144 magnanimi-

505 1170 642 1226 tatis
674 1175 787 1225 tuae
820 1167 1134 1230 salutatio;
1196 1166 1363 1239 quod
1419 1165 1899 1239 ipsum,etiamsi
1931 1165 2165 1222 nullum

505 1258 668 1316 aliud
699 1257 1000 1314 scribendi
1033 1260 1460 1325 argumentum
1513 1260 1873 1328 suppeteret,
1915 1271 2166 1311 causam

502 1364 742 1420 aequam
759 1363 891 1403 esse
913 1345 1256 1418 putandum
1270 1350 1381 1400 est.
1401 1344 1686 1401 Saluteris
1707 1345 1890 1413 igitur
1910 1361 1946 1401 a
1967 1344 2160 1411 nobis,

500 1438 593 1494 vir
611 1437 858 1510 optime,
899 1452 970 1491 ac
1013 1434 1181 1491 omni
1220 1434 1537 1490 hominum
1559 1433 2161 1504 genericustodiaris,

500 1526 890 1598 praefecturas
925 1541 997 1580 ex
1030 1522 1398 1596 praefecturis
1430 1537 1667 1592 gerens,
1719 1530 1774 1579 et
1809 1523 1957 1579 alios
1982 1528 2162 1594 atque

504 1615 652 1672 alios
675 1620 777 1670 tua
793 1612 1318 1669 administratione
1333 1611 1408 1666 ad
1412 1613 1658 1682 juvans.
1679 1612 1743 1668 id
1762 1612 1922 1668 enim
1943 1617 1998 1668 et
2019 1611 2162 1667 mihi

499 1703 696 1760 facere
710 1719 846 1759 mos
861 1706 968 1768 est,
986 1705 1042 1756 et
1056 1700 1160 1757 tibi
1173 1700 1430 1756 debetur
1441 1699 1519 1756 ab
1534 1700 1622 1771 iis,
1639 1701 1743 1772 qui
1758 1699 1851 1757 vel
1865 1699 2156 1756 tantillum

498 1788 1238 1849 tuaminadministranda
1269 1789 1586 1862 provincia
1620 1790 1901 1846 virtutem
1932 1789 2160 1862 experti
2193 1800 2231 1853 Β

499 1886 658 1939 sunt.

567 1977 620 2027 2.
664 1971 806 2027 Post
843 1973 1051 2026 votum
1080 1968 1250 2040 illud,
1293 1984 1493 2024 meam
1521 1983 1764 2041 quoque
1795 1984 1906 2041 pro
1936 1969 2158 2024 misero

495 2077 638 2117 sene
669 2060 1079 2134 precationem
1114 2059 1342 2131 excipe,
1403 2074 1588 2131 quem
1620 2057 1893 2130 diploma
1921 2058 2157 2128 regium

488 2149 843 2208 muneribus
865 2147 1121 2221 publicis
1147 2147 1366 2204 exemit
1391 2165 1404 2214 ;
1471 2147 1566 2203 vel
1587 2146 1786 2219 potius
1813 2147 1909 2203 cui
1939 2152 1994 2203 et
2024 2147 2158 2220 ipsa

491 2245 631 2297 ante
663 2254 868 2309 regem
929 2241 1207 2293 senectus
1243 2235 1691 2292 immunitatem
1747 2236 2157 2293 necessariam

489 2327 762 2385 dederat.
805 2325 1187 2384 Conﬁrmasti
1211 2329 1268 2381 et
1295 2325 1423 2398 ipse
1452 2324 1818 2380 beneﬁcium
1851 2325 2031 2396 regis,
2054 2340 2158 2382 na-

490 2421 693 2473 turam
719 2415 1037 2482 reveritus,
1094 2417 1152 2470 et
1203 2413 1462 2486 publicis
1511 2413 1694 2469 rebus
1715 2412 2061 2484 providens,
2095 2419 2162 2471 ut

492 2506 640 2562 mihi
668 2505 920 2568 videtur,
954 2519 1030 2560 ne
1051 2502 1218 2576 quod
1251 2502 1607 2575 periculum,
1637 2503 1884 2558 homine
1915 2509 2160 2576 propter

491 2599 728 2652 mtatem
771 2593 1122 2666 desipiente.
1173 2593 1234 2648 in
1266 2608 1393 2648 rem
1421 2592 1730 2664 publicam
1757 2592 2155 2649 inveheretur.

493 2684 812 2751 Quomodo
843 2687 1040 2739 autem
1064 2681 1254 2749 illum,
1279 2681 1370 2737 vir
1389 2681 1766 2748 admirande,
1791 2681 1908 2738 alia
1949 2699 2156 2739 rursus

490 2775 590 2831 via
609 2772 964 2846 imprudens
986 2773 1045 2828 in
1085 2772 1283 2828 media
1307 2771 1548 2841 negotia
1575 2772 1962 2844 protraxisti?
1984 2774 2156 2838 Quod

491 2863 654 2920 enim
680 2862 836 2918 illius
886 2866 1170 2934 nepotem
1219 2859 1495 2917 nondum
1545 2877 1739 2918 annos
1769 2866 2031 2934 quatuor
2050 2878 2153 2918 na-

491 2959 621 3012 tum
653 2952 831 3009 curiae
858 2951 1168 3018 addixisti,
1219 2951 1370 3024 quid
1419 2950 1586 3008 aliud
1615 2955 1707 3007 est
1729 2967 1917 3024 quam
1949 2968 2155 3008 senem

492 3043 554 3100 in
579 3046 796 3115 nepote
822 3057 1032 3096 rursus
1083 3039 1159 3096 de
1207 3041 1441 3110 integro
1490 3039 1569 3096 ad
1617 3040 1863 3114 publica
1901 3056 2159 3098 munera

2281 539 2462 610 ράτέον
2511 549 2603 592 τοῦ
2642 543 2731 612 μὲν
2789 539 2845 592 ἐκ
2897 548 2989 602 τῆς
3019 543 3229 610 τέχνης,
3259 547 3348 592 τοῦ
3388 537 3445 594 δὲ
3475 539 3572 594 ἀπὸ
3598 551 3686 604 τῆς
3713 543 3832 606 ἕξου-

2283 634 2403 692 σίας
2464 629 2740 684 ἀπολαύειν
2794 631 2866 693 εἰς
2912 633 2978 683 τὰ
3019 632 3263 704 ἡμέτερα.
3315 631 3510 707 Ὠσπερ
3561 630 3643 686 οὖν
3670 642 3766 698 τοῖς
3793 635 3832 688 ἐν

2279 718 2411 790 ἡλίῳ
2461 717 2780 793 βαδίζουσιν
2837 721 3014 774 ἕπεται
3058 721 3264 783 πάντως
3309 723 3337 780 η
3389 725 3530 790 σκιὰ,
3585 723 3673 775 κᾶν
3706 725 3832 778 αὐτοὶ

2278 813 2350 880 μὴ
2396 809 2712 882 προέλωνται
2738 827 2750 840 ·
2794 809 2930 862 οὕτω
2977 814 3067 862 καὶ
3105 817 3216 871 ταῖς
3269 813 3392 886 πρὸς
3432 815 3548 874 τοὺς
3600 815 3837 886 ἄρχοντας

2247 890 2506 969 ’ὁμιλίαις
2574 898 2847 952 ἀκολουθεῖ
2922 918 2973 951 τι
3037 904 3128 951 καὶ
3190 903 3608 975 παρεμπόρευμα,
3666 905 3693 961 ἡ
3751 911 3835 955 τῶν

2277 991 2573 1060 καμνόντων
2625 986 2866 1061 βοήθεια.
2922 992 3028 1046 Τὴν
3075 990 3165 1060 μὶν
3192 985 3278 1040 οὖν
3325 995 3530 1063 πρώτην
3573 990 3732 1043 αἰτίαν
3759 1001 3838 1056 τῆς

2277 1074 2556 1138 ἐπιστολῆς
2625 1077 2900 1152 πληρούτω
2961 1077 3088 1129 αὐτό
3145 1082 3204 1130 τὸ
3260 1086 3553 1151 προσειπεῖν
3615 1100 3703 1133 σου
3757 1086 3836 1140 τὴν

2275 1165 2612 1238 μεγαλόνοιαν
2649 1207 2661 1221 .
2725 1169 2772 1234 ὅ,
2840 1165 2936 1218 κᾶν
2999 1164 3239 1240 μηδεμία
3302 1172 3553 1241 πρόφασις
3608 1178 3676 1240 τῷ
3726 1174 3838 1245 γρά-

2277 1255 2529 1328 φεινίῖὅ)
2581 1265 2778 1330 προσῇ,
2821 1255 3014 1329 ἀγαθόν
3063 1257 3334 1330 κεφάλαιον
3383 1261 3506 1310 αὐτὸ
3559 1264 3662 1333 χρὴ
3711 1265 3838 1333 νομί-

2277 1345 2481 1405 ζεσθαι.
2539 1350 2868 1420 Προσεὶρησο
2899 1346 3010 1417 (76)
3037 1351 3204 1398 τοίνυν
3261 1348 3405 1419 ἡμῖν,
3455 1345 3494 1399 ὦ
3539 1350 3730 1422 ἄριστε,
3757 1353 3834 1402 καὶ

2274 1433 2552 1506 φυλάττοιο
2601 1443 2674 1504 τῷ
2733 1434 2834 1508 βίῳ
2881 1440 3057 1502 παντὶ,
3101 1435 3292 1508 ἀρχὰς,
3331 1436 3383 1499 ἐξ
3413 1435 3588 1512 ἀρχῶν
3619 1435 3836 1509 ἀμείϐων,

2271 1528 2361 1576 καὶ
2401 1521 2581 1576 οὒλοτε
2611 1522 2800 1586 ἀλλους
2836 1531 2951 1585 ταῖς
2997 1523 3330 1586 ἐπιστασίαις
3383 1524 3664 1599 εὐεργετῶν.
3695 1533 3838 1578 Τοῦτο

2270 1615 2370 1686 γαρ
2437 1612 2552 1684 ἐμοί
2609 1633 2663 1666 τε
2719 1620 2882 1666 ποιεῖν
2945 1615 3186 1680 σύνηθες,
3260 1618 3350 1666 καὶ
3409 1619 3492 1667 σοὶ
3547 1614 3834 1688 ὀφειλόμενον

2269 1703 2412 1776 παρὰ
2463 1708 2564 1754 τῶν
2618 1707 2707 1755 καὶ
2750 1705 2886 1755 κατὰ
2938 1706 3123 1776 μικρὸν
3178 1697 3556 1778 πεπειραμένων
3600 1711 3684 1764 τῆς
3733 1709 3833 1778 περὶ

2269 1794 2327 1843 τό
2357 1791 2545 1866 ἄρχειν
2579 1811 2673 1844 σου
2706 1791 2914 1866 ἀρετῆς.

2339 1973 2392 2024 2.
2434 1970 2578 2022 Μετά
2632 1965 2691 2021 δὲ
2737 1973 2832 2028 τὴν
2889 1969 3078 2042 εὐχὴν,
3125 1967 3273 2034 δέξαι
3320 1976 3411 2024 καὶ
3459 1975 3549 2030 τὴν
3601 1974 3716 2046 ὑπὲρ
3758 1978 3835 2024 τοῦ

2269 2055 2447 2110 ἀθλίου
2503 2062 2742 2133 γέροντος
2797 2061 3020 2129 ἱκεσίαν,
3076 2060 3130 2111 ὃν
3198 2059 3366 2132 ἀφῆκε
3412 2063 3501 2134 μεν
3548 2069 3641 2114 τῶν
3693 2057 3837 2133 δημο-

2269 2151 2394 2200 σίων
2459 2149 2683 2220 γράμμα
2747 2146 3063 2220 βασιλικόν·
3124 2148 3316 2221 μᾶλλον
3377 2146 3436 2203 δὲ
3477 2155 3565 2202 καὶ
3608 2169 3698 2223 προ
3757 2155 3833 2201 τοῦ

2269 2235 2527 2308 βασιλέως
2593 2236 2719 2289 αὐτὸ
2773 2241 2829 2289 τὸ
2894 2245 3063 2313 γῆρας
3120 2235 3310 2291 ἔδωκεν
3385 2239 3524 2311 αὐτῷ
3567 2243 3655 2297 τὴν
3694 2237 3831 2308 ἀναγ-

2265 2330 2418 2378 καίαν
2472 2323 2715 2381 ἀτέλειαν.
2743 2325 3093 2389 Ἐϐεϐαίωσας
3132 2324 3192 2380 δε
3249 2333 3341 2382 καὶ
3389 2329 3545 2390 αὐτὸς
3587 2332 3672 2386 τὴν
3714 2329 3827 2378 ἅνω-

2269 2416 2349 2467 θεν
2380 2417 2544 2488 χάριν
2592 2412 2741 2468 αἰδοῖ
2779 2423 2870 2476 τῆς
2918 2419 3140 2488 φύσεως,
3185 2422 3276 2469 καὶ
3315 2421 3609 2492 προμηθείᾳ
3638 2424 3720 2469 τῶν
3745 2411 3822 2471 δη-

2266 2508 2487 2576 μοσίων,
2529 2503 2637 2577 ἐμοὶ
2694 2501 2890 2574 δοκεῖν,
2941 2507 3010 2568 ὡς
3039 2505 3100 2558 ἆν
3123 2511 3194 2574 μὴ
3226 2505 3482 2582 ἀνθρώπῳ
3528 2511 3826 2580 παρανοοῦντι

2266 2589 2360 2645 διὰ
2399 2597 2486 2646 τόν
2539 2599 2729 2668 χρόνον
2777 2591 3071 2648 κινδυνεύοι
3121 2596 3237 2663 (77)
3301 2617 3356 2650 τι
3407 2607 3505 2651 τῶν
3559 2591 3826 2650 κοινῶν.Δι⁹

2265 2681 2438 2756 ἐτέρας
2493 2679 2553 2735 δὲ
2611 2679 2739 2736 ὁδοῦ
2764 2683 2920 2736 πάλιν
2966 2693 3076 2747 πῶς
3097 2684 3250 2738 αὐτόν
3280 2685 3477 2754 ἔλαθες,
3518 2684 3556 2738 ὦ
3582 2685 3828 2757 θαυμάσιε,

2263 2777 2583 2847 παραγαγὼν
2637 2772 2709 2833 εἰς
2765 2777 2823 2825 τὸ
2872 2777 3061 2846 μέσση
3130 2777 3228 2826 Τόν
3262 2777 3369 2851 γὰρ
3408 2773 3709 2844 ὑῐδοῦν(78)
3753 2771 3830 2824 αὖ·

2262 2868 2376 2924 τοῦ,
2410 2864 2553 2913 οὔπω
2611 2865 2856 2934 τέταρτον
2912 2865 3025 2925 ἔτος
3074 2861 3176 2915 ἀπὸ
3219 2869 3465 2935 γενέσεως
3519 2867 3716 2936 ἄγοντα,
3758 2881 3831 2914 κε-

2261 2950 2447 3012 λεύσας
2489 2959 2582 3004 τοῦ
2627 2950 3007 3028 βουλευτηρίου
3039 2957 3292 3026 μετέχειν,
3361 2960 3414 3008 τί
3441 2955 3562 3008 ἀλλο
3608 2959 3692 3006 καὶ
3726 2951 3834 3023 οὐχὶ

2263 3043 2350 3092 τὸν
2377 3039 2676 3113 πρεσϐύτην
2718 3037 2812 3093 διὰ
2857 3048 2950 3093 τοῦ
3001 3041 3215 3112 ἐκγόνου
3247 3042 3402 3096 πάλιν
3433 3044 3486 3106 ἐξ
3523 3043 3690 3116 ἀρχῆς
3719 3059 3835 3115 παρ’

490 3130 883 3205 pertrahere?
937 3133 1106 3186 Nunc
1151 3133 1352 3186 autem
1412 3144 1563 3198 rogo
1615 3129 1807 3186 aetatis
1842 3129 2155 3202 utriusque

2271 3147 2411 3200 αγεις
2445 3128 2512 3189 εἰς
2567 3131 2634 3181 τὰ
2697 3125 2973 3202 δημόσια;
3028 3129 3187 3183 Ἀλλὰ
3227 3138 3317 3183 νῦν
3377 3135 3652 3205 ἱκετεύομεν
3697 3128 3837 3202 ἀμφο-

492 3219 859 3282 miserearis,
889 3223 947 3275 et
977 3223 1302 3290 utrumque
1346 3217 1567 3274 liberes
1587 3217 1666 3273 ob
1687 3233 1760 3274 ea
1787 3233 1926 3290 quae
1956 3218 2158 3274 insunt

495 3309 733 3382 utrique
772 3308 1157 3364 miseratione
1209 3306 1414 3377 digna.
1477 3306 1636 3362 Alter
1665 3306 1912 3378 quidem
1943 3322 2157 3380 paren-

497 3404 584 3456 tes
612 3412 737 3453 non
766 3395 932 3461 vidit,
966 3411 1077 3452 nec
1107 3396 1408 3466 cognovit,
1434 3395 1541 3450 sed
1562 3411 1668 3468 per
1689 3395 1914 3451 alienas
1937 3413 2156 3452 manus

497 3488 559 3544 in
589 3488 748 3543 hanc
782 3485 965 3541 vitam
1007 3485 1314 3558 ingressus
1345 3489 1450 3552 est,
1494 3484 1696 3541 statim
1750 3501 1786 3540 a
1839 3485 2158 3542 cunabulis

497 3578 749 3650 parente
797 3578 1052 3646 utroque
1105 3571 1392 3639 orbatus;
1455 3572 1603 3629 alter
1641 3589 1779 3629 vero
1831 3575 2062 3630 tamdiu
2096 3575 2156 3630 in

497 3665 623 3722 vita
649 3667 989 3720 reservatus
1044 3665 1153 3726 est,
1186 3667 1252 3718 ut
1289 3660 1543 3717 multum
1573 3663 1930 3718 calamitatis
1969 3678 2159 3733 genus

500 3755 810 3824 effugeret.
866 3751 1018 3808 Vidit
1063 3751 1225 3807 enim
1278 3751 1381 3806 filii
1428 3757 1682 3807 mortem
1725 3751 2156 3821 immaturam;

499 3843 648 3900 vidit
691 3847 749 3899 et
802 3842 1055 3898 domum
1087 3840 1542 3897 successoribus
1571 3841 1916 3898 destitutam
1949 3859 1962 3897 :
1996 3842 2160 3898 vide-

501 3934 590 3990 bit
616 3937 816 3990 autem
842 3947 1024 3994 nunc,
1056 3930 1169 3986 nisi
1195 3931 1344 4002 quid
1367 3935 1470 3988 tua
1492 3931 1867 3988 humanitate
1907 3931 2158 4002 dignum

505 4022 746 4091 cogites,
781 4019 1054 4076 solamen
1106 4019 1379 4075 orbitatis
1429 4019 1488 4074 in
1526 4021 1911 4077 occasionem
1937 4019 2049 4076 sibi
2070 4019 2163 4076 in-

503 4108 974 4168 numerabilium
1020 4107 1322 4164 malorum
1363 4109 1646 4164 converti.
1678 4112 1806 4165 Non
1828 4110 1991 4165 enim
2015 4125 2163 4182 pue-

505 4201 674 4258 rulus
723 4199 786 4256 in
825 4197 1122 4254 curalium
1170 4196 1378 4254 album
1417 4197 1775 4268 ascribetur,
1821 4205 1922 4254 aut
1946 4199 2165 4257 tributa

505 4291 868 4361 colligetaut
889 4286 1180 4344 militibus
1213 4302 1526 4343 annonam
1566 4287 1978 4360 suppeditabit
2009 4305 2021 4344 :
2057 4289 2166 4344 sed

505 4396 718 4439 rursus
747 4393 994 4435 necesse
1023 4375 1223 4432 miseri
1275 4376 1434 4430 senis
1465 4375 1743 4432 canitiem
1781 4376 2155 4435 dedecorari.

2265 3220 2422 3292 τέρων
2483 3235 2538 3269 σε
2580 3215 2751 3270 λαϐεῖν
2808 3226 2909 3270 τῶν
2985 3217 3200 3276 ἡλικιῶν
3259 3217 3457 3288 οἶκτον,
3514 3225 3600 3272 καὶ
3647 3217 3836 3291 ἀμφοτέ-

2266 3325 2384 3380 ρους
2441 3304 2636 3359 ἁνεῖναι
2690 3304 2783 3360 δια
2832 3310 2898 3360 τὰ
2944 3312 3210 3381 προσόντα
3274 3308 3499 3384 ἑκατέρῳ
3548 3307 3744 3362 ἐλεεινά.
3787 3304 3835 3356 Ὀ

2266 3399 2356 3469 μεν
2403 3399 2504 3471 γὰρ
2561 3404 2655 3448 οῦκ
2714 3393 2821 3449 εἶδε
2849 3398 2963 3468 (79)
3020 3401 3222 3469 γονέας,
3274 3396 3396 3452 οὐδ’
3426 3399 3683 3475 ἐγνώρισε,
3731 3393 3838 3447 ἀλλὰ

2269 3481 2341 3537 δι’
2382 3483 2660 3560 ἀλλοτρίων
2708 3493 2903 3560 χειρῶν
2960 3486 3028 3548 εἰς
3069 3489 3154 3538 τόν
3210 3485 3329 3559 βίον
3382 3496 3560 3541 τοῦτον
3608 3485 3834 3547 εἰσῆλθεν,

2268 3574 2420 3635 εὐθὺς
2465 3572 2523 3626 ἐκ
2570 3576 2881 3647 σπαργάνων
2941 3573 3238 3652 ἀμφοτέρων
3310 3575 3665 3651 ὀρφανισθείς·
3709 3575 3733 3626 ὁ
3785 3568 3834 3624 δε

2268 3670 2516 3716 τοσοῦτον
2555 3662 2832 3736 ἐταμιεύοη
2889 3673 2960 3736 τῷ
3002 3663 3124 3737 βίῳ,
3182 3667 3251 3727 ὡς
3302 3664 3472 3739 μηδὲν
3524 3666 3672 3719 αὐτὸν
3720 3657 3836 3720 εἶδος

2272 3759 2543 3825 συμφορᾶς
2595 3752 2884 3828 παρελθεῖν·
2939 3751 3143 3807 Ἐπεῖδε
3179 3757 3268 3826 μὲν
3325 3758 3427 3831 γὰρ
3485 3758 3596 3809 υὶοῦ
3630 3753 3835 3808 τελευτὴν

2270 3844 2456 3916 οἰωρον.
2514 3838 2620 3894 εἶδε
2664 3839 2724 3894 δὲ
2767 3841 2906 3894 οἷκον
2950 3846 3139 3917 ἔρημον
3205 3840 3506 3918 διαδόχων·
3569 3844 3740 3916 ἅψεται
3789 3835 3838 3890 δὲ

2270 3940 2381 3996 νῦν,
2441 3929 2524 3983 ἐὰν
2576 3937 2648 4004 μή
2699 3951 2751 3984 τι
2807 3931 2960 3994 αὐτὸς
3007 3932 3150 3996 ἄξιον
3193 3942 3288 3996 τῆς
3340 3942 3559 3988 σεαυτοῦ
3589 3932 3840 4006 φιλανθρω-

2273 4026 2396 4083 πίας
2429 4017 2733 4093 διανοηθῇς,
2773 4026 2860 4080 τὴν
2902 4024 3240 4095 παραμυθίαν
3286 4032 3387 4087 τῆς
3434 4019 3698 4087 ἀπαιδίας,
3737 4018 3840 4072 ταύο

2273 4131 2366 4168 την
2440 4109 2676 4184 ἀφορμὴν
2743 4111 2883 4182 αὐτῷ
2937 4116 3135 4186 μυρίων
3186 4118 3537 4187 γενησομένην
3565 4119 3742 4166 κακῶν.
3777 4102 3839 4156 Οὗ

2273 4204 2372 4276 γὰρ
2423 4197 2596 4258 δήπου
2633 4203 2690 4252 τό
2736 4197 2952 4253 παιδίον
3004 4202 3077 4262 εἰς
3126 4199 3417 4274 βουλευτὰς
3463 4201 3753 4264 συντελέσει,
3812 4192 3836 4250 ὴ

2275 4288 2462 4352 ἐκλέξει
2512 4291 2604 4351 τὰς
2669 4289 2938 4364 εἰσφορὰς,
2991 4291 3020 4348 ἣ
3079 4296 3433 4363 στρατιώταις
3473 4293 3756 4365 χορηγήσει
3791 4284 3840 4334 τὸ

2278 4383 2578 4452 σιτηρέσιον
2605 4397 2618 4412 ο
2696 4377 2805 4431 ἀλλ’
2860 4377 3059 4450 ἀνάγκη
3123 4379 3277 4432 πάλιν
3339 4389 3432 4434 τοῦ
3489 4379 3660 4434 ἀθλίου
3696 4379 3842 4446 γέρον·

508 4465 975 4538 Concedeigitur
1003 4464 1262 4536 gratiam
1306 4468 1364 4521 et
1409 4463 1646 4535 legibus
1671 4470 2161 4536 consentaneam,

2274 4487 2358 4529 τος
2404 4471 2497 4525 τὴν
2551 4465 2730 4518 πολιὰν
2785 4469 3267 4539 καταισχύνω-θαι.
3333 4473 3431 4532 Δὸς
3475 4466 3560 4522 οὖν
3600 4467 3748 4539 χάριν
3765 4461 3840 4511 καὶ

506 4565 565 4617 et
583 4562 814 4616 naturae
845 4556 1281 4625 congruentem
1316 4570 1328 4608 :
1356 4552 1580 4624 jubens
1613 4559 1678 4610 ut
1721 4554 1888 4610 alteri
1917 4555 2165 4628 quidem

504 4664 698 4722 usque
728 4647 807 4704 ad
832 4645 1062 4703 virilem
1109 4647 1346 4700 tetatem
1377 4643 1764 4712 concedatur,
1785 4643 1934 4700 alter
1962 4649 2166 4702 autem

506 4739 570 4796 in
610 4739 764 4795 lecto
811 4739 1072 4792 mortem
1126 4736 1452 4805 exspectet.
1510 4732 1807 4788 Continua
1838 4737 2040 4789 autem
2063 4750 2166 4790 ne-

508 4828 672 4901 gotia
698 4829 756 4883 et
779 4823 1228 4881 ineluctabilem
1267 4821 1684 4879 necessitatem
1729 4822 1831 4878 alii
1859 4828 2164 4880 excusent.

509 4922 710 4989 Neque
731 4914 892 4972 enim
914 4913 1194 4969 tuimoris
1217 4917 1306 4968 est
1328 4915 1430 4969 aut
1454 4911 1839 4968 calamitosos
1861 4929 2164 4984 spernere,

509 5009 616 5064 aut
656 5003 820 5072 leges
874 5000 1049 5072 parvi
1103 5000 1319 5068 facere,
1381 5003 1484 5056 aut
1538 4999 1750 5055 amicis
1802 5015 1926 5054 non
1958 5000 2165 5057 cedere

507 5089 1012 5167 supplicantibus,
1045 5089 1282 5146 etiamsi
1307 5093 1357 5145 te
1385 5087 1462 5145 ab
1490 5087 1844 5145 hominibus
1875 5088 2165 5146 circums-

507 5179 741 5238 teterint
769 5175 1032 5247 negotia.

576 5269 689 5341 (75)
727 5275 811 5338 Τῷ
839 5267 1076 5338 γράφειν.
1106 5264 1263 5341 Harl:
1295 5268 1352 5320 et
1375 5265 1523 5320 Med.
1554 5274 1644 5318 τοῦ
1674 5269 1908 5341 γράφε-ιν..

578 5336 686 5412 ('76)
727 5336 1080 5415 Προσείρησο.
1133 5340 1219 5393 lta
1240 5336 1486 5408 Enovem
1541 5336 1896 5393 msstditi
1952 5344 2162 5413 προσεί-

505 5433 644 5468 ποιο.

575 5490 663 5550 7’7)
701 5487 1129 5555 Hapauoouvrt...
1177 5474 1492 5532 κινδυνεύοι.
1554 5477 1642 5555 εἰς
1705 5495 1855 5555 mss.
1913 5497 2157 5538 summo

507 5546 848 5624 (ξοῐὶέιεῑιειᾶ.⁸
865 5551 1016 5624 Editi
1037 5546 1810 5624 παρανομοῦντι..,ἐκινδυνευη

576 5628 685 5690 (78)
740 5620 966 5677 ’Υῑὸοῡν.
1000 5621 1092 5678 Sic
1111 5620 1270 5677 ωδε.
1300 5627 1454 5678 octo.
1489 5620 1641 5676 Editi
1691 5620 1800 5693 υἱόν
1829 5630 1972 5693 γοῦν.
2009 5625 2157 5680 Pau-

507 5693 568 5752 ol
600 5697 740 5766 post
761 5693 933 5750 Coisl.
963 5693 1195 5766 primus
1249 5696 1307 5753 et
1361 5695 1504 5766 Reg.
1559 5691 1864 5750 secundus
1915 5691 2011 5749 διὰ
2060 5702 2154 5748 τοῦ

2273 4562 2384 4619 τοῖς
2428 4560 2606 4628 νόμοις
2661 4553 2964 4626 ἀκόλουθον,
3015 4561 3106 4608 καὶ
3147 4564 3208 4629 τῇ
3253 4559 3408 4628 φύσει
3436 4555 3798 4630 συμϐαίνουσαν
3825 4564 3837 4577 ⁸

2274 4653 2347 4716 τῷ
2391 4648 2482 4718 μὲν
2530 4644 2831 4717 προστάξας
2892 4649 3056 4720 μέχρι
3102 4653 3196 4706 τῆς
3257 4653 3359 4699 τῶν
3406 4643 3602 4719 ἀνδρῶν
3663 4640 3839 4699 ἡλικίας

2277 4735 2718 4806 συγχωρηθῆναί,
2757 4738 2844 4786 τόν
2904 4731 2964 4787 δὲ
3007 4733 3090 4786 ἐπὶ
3141 4742 3238 4797 τῆς
3285 4734 3464 4798 κλίνης
3493 4733 3734 4806 ἀναμένειν
3760 4727 3834 4776 τὸν

2278 4825 2514 4879 θάνατον.
2547 4825 2875 4896 Πραγμάτων
2902 4820 2961 4875 δὲ
2988 4827 3261 4895 συνέχειαν
3299 4829 3390 4877 καὶ
3421 4827 3477 4877 τό
3504 4832 3594 4884 τῆς
3637 4817 3831 4884 ἀνάγκης

2276 4911 2629 4985 ἀπαραίτητον
2677 4911 2824 4964 ἄλλοι
2872 4911 3367 4985 προϐαλλέσθωσαν.
3417 4913 3492 4966 Οὐ
3533 4914 3624 4983 γὰρ
3660 4901 3718 4959 δὴ
3746 4902 3824 4950 τοῦ

2279 5009 2372 5055 σοῦ
2402 5005 2599 5074 τρόπον
2655 5003 2684 5060 ἦ
2741 5010 2915 5063 κακῶς
2972 5003 3292 5074 πράττοντας
3311 5021 3430 5074 περι
3459 4998 3602 5065 ιδεῖν,
3631 4996 3655 5054 ἡ
3684 4993 3828 5061 νόμων

2276 5090 2621 5164 ὀλιγωρῆσαι,
2660 5091 2688 5150 ἡ
2726 5090 2890 5162 φίλοις
2919 5095 2990 5162 μὴ
3024 5087 3156 5152 εἶξαι
3208 5092 3618 5154 καθικετεύουσι,
3664 5079 3745 5134 κᾶν
3779 5077 3837 5127 τὰ

2274 5178 2327 5242 ἐξ
2346 5179 2626 5254 ἀνθρώπων
2663 5198 2720 5231 σε
2749 5185 3079 5254 περιεστήκει
3106 5181 3218 5252 (80)
3242 5181 3548 5253 πράγματα.

2269 5268 2504 5341 ἓγγόνου.

2338 5336 2450 5410 (79)
2489 5337 2750 5410 Οὑκῌεῖδε.
2785 5342 2919 5396 Mss.
2976 5339 3359 5410 consentiunt
3397 5337 3470 5410 in
3521 5336 3657 5410 hac
3684 5339 3831 5410 voce.

2267 5404 2541 5466 Editi'oﬁx
2566 5408 2678 5463 οἶδε
2735 5410 3079 5482 Paulopost
3109 5409 3284 5466 Coisl.
3319 5409 3544 5482 primus
3583 5404 3657 5456 ἐπ’
3683 5404 3834 5472 ἀμφο-

2264 5487 2442 5556 τέρων.
2478 5481 2631 5537 Harl.
2662 5488 2717 5536 et
2740 5481 3000 5556 Medicin"
3027 5481 3344 5556 ἀμφοτέρων.

2337 5553 2449 5625 (80)
2491 5559 2848 5627 Περιεστηκει.
2883 5553 2976 5608 Sic
3018 5551 3164 5608 mss.
3193 5551 3427 5608 codices
3461 5558 3690 5604 summo
3711 5551 3836 5595 con-

2266 5639 2474 5682 sensu.
2510 5625 2663 5682 Editi
2680 5629 3008 5698 περιέστηκε.
