4078 6382
228 354 340 408 485

836 490 1181 540 ΕΠΙΣΤΠΛΠ
1221 486 1343 542 ΠΕ.

1236 362 1729 422 EPISTOLARUM
1764 356 2051 419 CLASSIS
2088 357 2156 414 II.
2198 361 2426 421 EPIST.
2468 365 2739 422 LXXXVI.

3562 369 3667 426 466

2411 490 2586 562 178
2627 490 2971 548 EPISTOLA
3009 490 3275 546 LXXXV'.

249 603 419 673 Quod
446 620 613 677 sazpe
647 612 711 665 et
726 609 797 666 in
829 610 1215 668 conventibus
1241 618 1294 669 et
1314 613 1378 668 in
1407 612 1663 683 privatis
1692 613 2003 686 colloquiis
2025 618 2346 686 rogaverat
2372 615 2731 680 Basilius,ut
2761 614 2978 671 rustici
3003 614 3071 671 ob
3104 614 3425 685 vectigalia
3451 615 3668 686 iurare

1131 698 1255 740 non
1285 690 1658 755 cogerentur,
1682 685 1836 741 idem
1866 685 2035 741 nunc
2056 699 2168 755 per
2196 685 2425 743 litteras
2449 687 2801 743 obtestatur.

632 792 771 862 Περὶ
817 794 912 841 τοῦ
942 793 1014 862 μὴ
1059 785 1167 842 δεῖν
1193 791 1379 864 ὁρκοῦν
1405 792 1543 862 (81).

339 890 420 945 Oti
450 896 740 967 παυόμεθα
798 896 939 948 κατὰ
975 900 1149 949 πᾶσαν
1191 894 1416 950 σύνοδον
1472 893 1893 973 διαμαρτυρόμε-

271 1002 373 1047 νοι,
427 987 519 1035 καὶ
578 978 700 1056 ἰδίᾳ
753 981 803 1035 ἓν
852 991 963 1047 ταῖς
1016 989 1329 1058 συντυχίαις
1377 991 1497 1061 περὶ
1550 995 1651 1039 τῶν
1726 986 1894 1039 αὐτῶν

271 1067 663 1146 διαλεγόμενοι,
728 1074 868 1127 ὥστε
922 1077 1044 1136 τοὺς
1082 1076 1269 1149 ὅρκους
1306 1075 1391 1129 ἐπὶ
1444 1083 1553 1137 τοῖς
1611 1073 1896 1149 δημοσίοις

269 1160 564 1235 τεᾘσμασι
623 1166 696 1234 μὴ
752 1160 1043 1235 έπάγεσθαι
1084 1166 1230 1238 παρὰ
1283 1173 1384 1216 τῶν
1436 1163 1737 1223 ἁπαιτητῶν
1788 1172 1894 1225 τοῖς

277 1249 567 1324 ἀγροίκοις.
617 1255 937 1325 Λειπόμενον
967 1253 1029 1311 ἧν
1059 1255 1163 1313 (82)
1203 1258 1294 1306 καὶ
1321 1250 1417 1307 διὰ
1452 1261 1544 1307 τοῦ
1581 1256 1892 1330 γράμματος

278 1344 401 1412 περὶ
429 1347 530 1391 τῶν
560 1339 737 1391 αὐτῶν
764 1338 978 1393 ἐνώπιον
1008 1347 1141 1394 Θεοῦ
1189 1345 1280 1393 καὶ
1320 1338 1601 1416 ἀνθρώπων
1655 1337 1890 1417 διαμαρ-

284 1429 566 1495 τύρασθαι,
634 1430 718 1481 ὅτι
768 1433 1029 1503 προσήκεὶ
1092 1431 1403 1483 παύσασθαι
1464 1432 1601 1503 ὑμᾶς
1662 1427 1892 1507 διαμαρ-

283 1536 377 1569 τον
431 1524 539 1579 ταῖς
567 1516 782 1590 ψυχαῖς
838 1525 940 1570 τῶν
993 1516 1275 1593 ἀνθρώπων
1308 1521 1609 1592 ἐπάγοντας,
1660 1524 1750 1572 καὶ
1800 1519 1891 1571 ἀλ-

280 1606 404 1668 λους
459 1605 741 1666 ἐπινοῆσαι
787 1626 935 1670 τινας
986 1612 1208 1681 τρόπους
1259 1616 1359 1660 τῶν
1400 1606 1752 1676 ἀπαιτήσεων,
1797 1611 1893 1671 τὰς

279 1693 342 1749 δέ
399 1695 588 1769 ψυχὰς
636 1705 1000 1769 συγχωρῆσαι
1077 1704 1189 1759 τοῖς
1262 1695 1553 1772 ἀνθρώποις
1627 1695 1891 1772 ἀτρώτους

273 1788 445 1858 ἔχειν.
476 1790 663 1838 Ταῦτα
708 1789 838 1859 πρὸς
878 1790 935 1839 σε
963 1787 1247 1860 γράφομεν,
1307 1786 1413 1860 οὐχ
1444 1788 1514 1849 ὡς
1569 1794 1665 1840 σοῦ
1697 1783 1886 1860 δεομέ-

264 1893 364 1927 νου
424 1881 527 1937 τῆς
580 1872 638 1927 ἐκ
693 1883 795 1927 τῶν
866 1874 1032 1947 λόγων
1079 1874 1460 1951 παρακλήσεως
1516 1876 1732 1949 (οἴκοθεν
1787 1878 1889 1953 γὰρ

268 1966 420 2036 ’ἔχεις
464 1965 568 2025 τὰς
614 1968 737 2038 περὶ
774 1966 833 2017 τό
887 1962 1164 2037 φοϐεῖσθαι
1210 1967 1298 2017 τὸν
1340 1967 1530 2040 Κύριον
1567 1965 1677 2038 (83)
1726 1965 1891 2041 ἀφορ-

275 2056 429 2128 μὰς),
489 2053 605 2107 ἀλλ’
653 2055 738 2107 ἶνα
792 2051 888 2108 διὰ
927 2062 1023 2108 σοῦ
1065 2057 1254 2118 πάντες
1319 2058 1370 2108 οἰ
1432 2055 1739 2131 ἀνεχόμενοί
1795 2077 1889 2111 σου

278 2140 606 2217 δώαχθῶσι
662 2148 735 2217 μὴ
789 2145 1129 2219 παροργίζειν
1166 2149 1256 2198 τόν
1280 2145 1481 2218 Ἀγιον,
1523 2143 1663 2220 μηδὲ
1693 2145 1892 2221 ἀπηγο-

272 2236 525 2309 ρευμένον
578 2239 805 2310 πρᾶγμα
858 2241 923 2308 τῇ
990 2241 1196 2307 πονηρᾷ
1258 2236 1508 2309 συνηθείᾳ
1552 2236 1619 2298 εἰς
1672 2233 1891 2311 ἀδιαφο-

268 2326 398 2397 ρίαν
437 2324 712 2394 κατάγειν.
760 2326 862 2376 Καὶ
918 2325 1021 2397 γὰρ
1061 2326 1180 2377 οὔτε
1217 2324 1394 2397 ὄφελός
1443 2343 1496 2377 τι
1533 2324 1711 2388 αὐτοῖς
1760 2329 1893 2400 πρὸς

266 2414 364 2474 τὰς
422 2413 743 2473 ἀπαιτῆσεις
779 2410 836 2464 ἐκ
877 2419 978 2465 τῶν
1017 2412 1181 2486 ὅρκων
1230 2410 1365 2482 ἐστὶ,
1406 2419 1497 2467 καὶ
1549 2413 1870 2488 ὀπολογούμε

269 2520 360 2554 νον
404 2505 572 2554 κακὸν
628 2508 692 2574 τῇ
741 2500 899 2575 ψυχῇ
952 2500 1468 2576 προσλαμϐάνουσιν.
1510 2499 1753 2556 Ἐπειδὰν
1789 2506 1891 2578 γὰρ

277 2591 748 2665 καταμελετήσωσι
811 2589 927 2657 (84)
1000 2592 1090 2652 τὰς
1155 2594 1424 2665 ἐπιορκίας
1480 2595 1533 2645 οἶ
1604 2593 1890 2669 ἄνθρωποι,

288 2680 468 2733 οὐκέτι
528 2682 746 2741 ἰαυτούς
808 2677 1078 2752 ἐπείγουσι
1124 2683 1259 2754 πρὸς
1323 2685 1417 2740 τήν
1468 2683 1688 2751 ἔκτισιν,
1765 2681 1894 2736 ἀλλὰ

291 2765 504 2830 ἀπάτης
532 2768 676 2821 ὅπλον
705 2772 798 2821 καὶ
829 2765 1080 2829 ἀναϐολῆς
1106 2767 1344 2843 ἀφορμὴν
1375 2768 1686 2843 ἐξευρῆσθαι
1715 2771 1895 2835 αὐτοῖς

288 2859 386 2909 τόν
413 2858 561 2933 ὅρκον
586 2861 804 2911 οἴονται.
834 2860 952 2910 Εἴτε
977 2853 1065 2909 οὖν
1096 2856 1263 2921 ὀξεῖαν
1284 2857 1464 2930 ίπάγει
1489 2863 1583 2917 τὴν
1606 2858 1841 2913 ἀνταπόδ
1843 2880 1892 2913 ο-

290 2965 382 2999 σιν
409 2953 512 3008 τοῖς
537 2945 923 3023 ἕπιωρκηκόσιν
953 2947 981 2999 ὁ
1023 2949 1236 3021 Κύριος,
1267 2947 1373 3019 ούχ
1398 2948 1574 3010 ἕξουσι
1602 2953 1720 3012 τοὺς
1762 2952 1894 3003 ὑπα-

287 3039 660 3105 κούοντας,τῶν
676 3037 977 3089 ὑπευθύνων
997 3037 1098 3089 ύπό
1118 3043 1182 3095 τῆ
1194 3057 1215 3099 ς
1234 3041 1485 3110 τιμωρίας
1512 3036 1889 3092 ἀναλωθέντων·

279 3129 383 3179 εἴτε
405 3123 500 3179 διὰ
527 3127 902 3201 μακροθυμίας
924 3122 1165 3198 ἀνέχεται
1194 3126 1221 3178 ό
1247 3130 1532 3196 Δεσπότης,
1566 3126 1592 3180 ὃ
1620 3127 1893 3201 προλαϐὼν

271 3212 444 3284 εἷπον,
476 3216 564 3269 ὅτι
588 3217 643 3269 οἱ
669 3219 1035 3291 πεπειραμένοι
1053 3223 1145 3278 τῆς
1175 3213 1376 3289 ἀνοχῆς
1414 3223 1508 3269 τοῦ
1558 3222 1752 3291 Κυρίου
1804 3238 1896 3272 κα-

272 3312 635 3377 ταφρονοῦσιν
660 3304 824 3359 αὐτοῦ
847 3313 940 3367 τῆς
991 3309 1361 3380 χρηστότητος
1385 3322 1401 3338 ’
1435 3310 1507 3379 μὴ
1542 3305 1893 3379 ἀνομείτωσαν

274 3390 702 3468 διατιῆς,μηδε
724 3395 1156 3469 παροξυνέτωσαν
1184 3394 1486 3469 ἔφ’ἕαυτούς
1511 3398 1599 3449 τὸν
1631 3400 1780 3454 Θεὸν,
1813 3401 1895 3451 Εἶ-

271 3503 442 3561 ρηται
466 3485 599 3558 ἡμῖν
617 3485 687 3538 τὰ
701 3485 826 3558 ἡμῖν
846 3483 1203 3540 ἐπιϐάλλοντα·
1233 3484 1451 3558 ὄψονται
1470 3485 1523 3539 οἱ
1542 3484 1889 3549 ἀπειθοῦντες.

849 3615 1182 3665 ΔΠΙΣΥΟΑΗ
1221 3611 1346 3676 Πς¹.

1928 782 1977 838 Α

2418 793 2509 850 De
2541 793 2804 851 carendo
2826 793 3255 865 iureiurando.

2075 901 2203 956 Non
2234 897 2571 957 desinimus
2598 901 2659 957 in
2690 901 2860 957 omni
2888 906 3191 958 conventu
3225 900 3570 972 contestari,
3610 905 3669 960 et

2001 987 2253 1059 privatis
2295 988 2359 1045 in
2388 988 2702 1063 colloquiis
2726 989 2890 1047 idem
2919 990 3242 1060 inculcare,
3276 994 3341 1046 ut
3358 990 3565 1047 rustici
3585 990 3665 1047 ob

2000 1076 2250 1150 publica
2280 1078 2597 1149 vectigalia
2622 1079 2697 1136 ad
2716 1079 3148 1151 jusjurandum
3172 1080 3250 1136 ab
3281 1079 3664 1136 exactoribus

2001 1182 2125 1222 non
2158 1166 2830 1241 adigantur.Reliquum
2853 1174 3071 1235 erat,ut
3092 1169 3272 1225 etiam
3304 1184 3411 1241 per
3440 1168 3665 1226 litteras

2001 1254 2077 1311 de
2111 1255 2329 1311 iisdem
2348 1272 2556 1312 coram
2576 1259 2694 1314 Deo
2713 1262 2770 1314 et
2793 1257 3145 1314 hominibus
3167 1261 3661 1327 contestaremur,

2001 1351 2477 1402 consentaneum
2510 1362 2666 1417 esse,
2690 1351 2756 1402 ut
2783 1351 3042 1403 mortem
3086 1346 3404 1403 hominum
3430 1346 3663 1403 anima-

1999 1435 2115 1492 bus
2145 1434 2363 1492 inferrc
2391 1434 2767 1501 desinatis,et
2790 1435 3028 1509 aliquos
3053 1435 3203 1492 alios
3227 1436 3506 1506 exigendi
3531 1452 3659 1493 mo-

1999 1524 2113 1582 dos
2137 1525 2583 1596 excogitetis,ac
2603 1541 2712 1599 per
2734 1541 2841 1582 vos
2861 1525 3213 1582 hominibus
3229 1524 3406 1582 liceat
3424 1527 3661 1582 animas

1999 1631 2036 1672 a
2059 1615 2307 1673 vulnere
2336 1616 2600 1687 integras
2630 1616 2878 1673 habere.
2926 1616 3015 1672 Ad
3070 1621 3123 1672 te
3179 1616 3309 1672 haec
3341 1615 3661 1672 scribimus

1998 1720 2123 1761 non
2159 1703 2326 1777 quod
2355 1703 2659 1777 indigeas,
2690 1710 2755 1761 ut
2784 1709 2841 1765 te
2886 1704 3081 1762 verbis
3110 1704 3421 1762 hortemur
3450 1704 3661 1777 (habes

1998 1792 2161 1849 enim
2205 1792 2541 1850 domestica
2590 1784 2830 1849 Demini
2859 1792 3171 1850 metuendi
3222 1792 3658 1865 incitamenta),

2002 1881 2112 1938 sed
2137 1886 2204 1939 ut
2231 1897 2339 1955 per
2364 1886 2418 1938 te
2447 1882 2689 1939 discant
2718 1898 2957 1951 omnes,
3006 1881 3113 1955 qui
3142 1899 3216 1938 ex
3261 1888 3317 1938 te
3369 1880 3657 1955 pendent,

2001 1973 2288 2029 Sanctum
2318 1970 2400 2027 ad
2427 1970 2807 2028 iracundiam
2863 1986 2987 2028 non
3041 1986 3392 2043 provocare,
3431 1976 3489 2027 et
3529 1986 3658 2027 rem

1998 2060 2243 2118 vetitam
2274 2059 2438 2117 mala
2468 2059 2907 2117 consuetudine
2933 2060 3372 2117 indifferean
3418 2076 3542 2117 non
3573 2060 3659 2115 fa-

2002 2165 2157 2206 cere.
2192 2152 2395 2223 Neque
2451 2149 2613 2206 enim
2665 2149 2749 2206 eis
2802 2149 2924 2206 ullo
2963 2154 3141 2222 pacto
3186 2149 3268 2205 ad
3319 2149 3663 2205 exactiones

2001 2243 2261 2312 prosunt
2304 2238 2653 2311 juramenta
2700 2256 2713 2294 :
2754 2244 2813 2295 et
2858 2238 3090 2295 malum
3142 2237 3543 2295 certissimum
3600 2238 3665 2293 in

2003 2328 2208 2385 animo
2240 2328 2604 2402 suscipiunt.
2653 2328 2761 2385 Ubi
2801 2328 2963 2385 enim
2992 2328 3270 2385 homines
3300 2328 3362 2383 in
3386 2327 3666 2401 perjuriis

2003 2418 2312 2475 exercitati
2344 2418 2584 2486 fuerint,
2607 2434 2732 2475 non
2763 2418 3027 2491 amplius
3058 2417 3295 2475 solvere
3316 2420 3664 2491 properant,

2003 2507 2114 2564 sed
2142 2506 2372 2563 fraudis
2402 2508 2872 2564 instrumentum
2898 2523 2970 2563 ac
2985 2506 3292 2563 dilationis
3317 2521 3531 2563 ansam
3555 2505 3669 2562 sibi

1998 2596 2316 2653 inventum
2340 2612 2470 2654 esse
2496 2596 2932 2669 jusjurandum
2955 2595 3461 2653 existimant.Sive
3488 2595 3671 2666 igitur

2003 2686 2294 2742 Dominus
2322 2685 2545 2743 celeres
2573 2700 2789 2758 prenas
2831 2684 3049 2741 inferat
3074 2684 3331 2757 perjuris
3360 2700 3373 2751 ;
3415 2698 3539 2740 non
3566 2682 3671 2739 ba-

2001 2774 2235 2832 bebunt
2262 2774 2368 2848 qui
2414 2774 2475 2830 in
2502 2775 2601 2846 jus
2629 2774 2823 2831 vocati
2856 2773 3268 2842 respondeant
3292 2772 3670 2845 consumptis

2002 2863 2301 2938 supplicio
2342 2863 2771 2921 debitoribus:
2825 2862 2950 2919 sive
3003 2861 3253 2935 patienti
3306 2861 3511 2917 animo
3569 2876 3672 2917 eos

2001 2952 2214 3010 toleret
2243 2953 2557 3023 Dominus,
2588 2951 2903 3026 quoniam,
2937 2956 3002 3007 ut
3030 2951 3196 3024 prius
3256 2950 3403 3013 dixi,
3434 2950 3537 3023 qui
3569 2966 3671 3022 pa~

2003 3043 2276 3101 tientiam
2326 3042 2564 3099 Domini
2596 3042 2813 3115 experti
2844 3046 3003 3110 sunt,
3035 3041 3226 3115 ipsius
3279 3045 3675 3098 contemnunt

2002 3131 2379 3201 bonitatem;
2428 3148 2504 3189 ne
2556 3131 2779 3189 frustra
2823 3130 3023 3201 legem
3074 3130 3317 3200 violent,
3380 3145 3580 3202 neque
3611 3130 3673 3186 in

2004 3220 2237 3295 seipsos
2271 3221 2374 3278 Dei
2401 3220 2559 3279 iram
2592 3219 3092 3278 accendant.Dixi
3117 3235 3253 3292 quas
3270 3218 3476 3287 debui,
3510 3218 3673 3275 vide-

2004 3309 2159 3368 bunt
2186 3309 2579 3383 immorigeri.

2471 3613 2815 3671 EPISTOLA
2886 3612 3205 3669 LXXXVI“.

412 3737 579 3795 Petit
597 3735 867 3794 Basilius
895 3742 963 3795 ut
985 3752 1100 3808 per
1126 3752 1274 3810 quos
1303 3735 1605 3809 direptum
1632 3737 1918 3798 Πονουιεί
1936 3739 2280 3812 presbyteri
2303 3739 2707 3810 frumentum,
2745 3754 2857 3809 per
2885 3738 3118 3796 eosdem
3145 3739 3530 3796 restituatur.

822 3859 908 3925 Τῷ
953 3854 1173 3928 ἡγεμόνι
1211 3853 1350 3924 (85).

354 3957 504 4015 Οἶδα
531 3964 783 4036 μεγίστην
821 3966 911 4015 καὶ
965 3981 1176 4036 πρωτην
1225 3956 1466 4020 σπουδὴν
1505 3957 1665 4014 οὖσαν
1696 3970 1756 4036 τῇ
1808 3981 1894 4015 τι-

280 4055 506 4125 μιότητί
528 4071 621 4104 σου
643 4054 814 4104 πάντα
839 4055 1029 4127 τρόπον
1058 4053 1174 4124 (86)
1213 4051 1539 4127 χαρίζεσθαι
1558 4058 1631 4123 τῷ
1659 4047 1852 4122 δικαίῳ
1877 4068 1890 4081 ’

287 4138 542 4214 δευτέραν
590 4137 652 4193 δε
703 4144 763 4193 τὸ
837 4145 928 4194 καί
973 4143 1091 4203 τοὺς
1138 4140 1317 4214 φίλους
1358 4139 1599 4209 εύποιείν,
1647 4146 1739 4193 καὶ
1792 4147 1893 4193 τῶν

284 4234 721 4307 προσφευγόντων
760 4237 823 4304 τῇ
896 4231 1198 4305 προστασίᾳ
1243 4238 1341 4293 τῆς
1398 4239 1497 4292 σῆς
1555 4231 1896 4304 μεγαλονοίας

280 4318 698 4376 ἀντιποιεῖσθαι.
752 4322 932 4374 Πάντα
985 4324 1156 4374 τοίνυν
1211 4320 1283 4382 εἰς
1334 4322 1524 4373 ταυτὸν
1573 4316 1894 4397 συνέδραμεν

282 4404 371 4461 ἐπὶ
398 4416 499 4471 τῆς
535 4415 807 4481 παροῦσης
848 4408 1167 4470 ὑποθέσεως.
1209 4412 1311 4461 Καὶ
1362 4408 1465 4480 γὰρ
1517 4403 1723 4460 δικαιόν
1781 4405 1896 4459 ἔστι

291 4501 352 4549 τὸ
385 4504 625 4572 πρᾶγμα,
657 4499 786 4573 ὑπὲρ
843 4496 904 4550 οὗ
958 4501 1055 4556 τὴν
1111 4496 1392 4572 πρεσϐείαν
1429 4498 1744 4569 ποιούμεθα,
1804 4501 1895 4549 καὶ

294 4590 420 4661 ἡμῖν
473 4592 879 4662 κεχαρισμένον,
911 4586 997 4650 οὓς
1037 4586 1088 4640 ἐν
1133 4593 1245 4649 τοῖς
1291 4585 1458 4660 φίλοις
1496 4584 1733 4661 ἀριθμεῖν
1788 4591 1897 4648 τοῖς

364 4842 483 4916 (8i)
505 4845 764 4923 [139.1205
790 4844 872 4923 μὴ.
905 4836 1035 4898 δεῖν.
1064 4838 1643 4923 Ῡςζῦςιω-ωιὶωιῃη
1672 4837 1903 4923 addidi-

278 4931 430 4973 mus
450 4911 531 4971 ex
560 4911 737 4971 Cois].
782 4911 981 4986 primo
1023 4915 1081 4970 et
1113 4911 1277 4986 _Med.
1319 4913 1458 4968 Tres
1504 4911 1605 4986 alii
1642 4911 1899 4986 codices,

282 4986 478 5057 θαι-1.,
504 4988 661 5057 Reg,
682 4981 993 5057 secundus
1021 4988 1078 5041 et
1100 4982 1279 5057 Coisl.
1321 4982 1663 5057 secundus,
1690 4981 1776 5038 sic
1807 4981 1906 5038 ex-
1950 5022 1955 5027 .

282 5050 509 5115 hibetit
537 5050 798 5114 tit'ulum:
822 5055 986 5109 Ὠστε
1012 5056 1327 5127 παύσασθαι
1354 5058 1487 5127 rei);
1501 5062 1600 5106 τῶν
1633 5050 1906 5127 δημοσίων

289 5132 601 5205 πράκτορας
624 5132 743 5191 τούς
771 5130 966 5205 ὅρκους.
983 5136 1095 5189 τοῖς
1135 5125 1435 5205 ὑποτελέσιν
1465 5125 1755 5205 ἐπάγον-τας
1780 5146 1814 5205 Ἀ
1834 5126 1909 5205 [ξι

2665 3855 3021 3925 Prwposito.

2077 3961 2207 4019 Scio
2238 3961 2574 4018 maximum
2601 3965 2659 4017 et
2686 3960 2952 4034 primum
3003 3960 3363 4034 praestantiae
3391 3964 3507 4018 tua),
3531 3964 3666 4018 stu-

2002 4052 2172 4108 dium
2205 4068 2360 4121 esse,
2394 4055 2457 4107 ut
2484 4052 2651 4108 omni
2682 4051 2913 4107 ratione
2952 4050 3073 4123 juri
3100 4050 3330 4108 faveas.
3375 4051 3667 4116 Alterum,

2004 4146 2069 4198 ut
2097 4146 2155 4199 et
2184 4141 2393 4198 amicis
2420 4140 2787 4209 benefacias,
2811 4145 2871 4197 et
2900 4157 3005 4197 eos
3027 4140 3133 4214 qui
3164 4140 3245 4197 ad
3275 4146 3392 4197 tute
3418 4158 3669 4212 magna-

2002 4230 2289 4287 nimitatis
2319 4230 2723 4304 patrocinium
2748 4229 3144 4301 confugiunt,
3167 4234 3390 4285 tueare.
3413 4230 3671 4286 Concur-

2002 4327 2142 4377 runt
2167 4321 2368 4395 itaque
2399 4320 2607 4377 omnia
2637 4319 2695 4375 in
2722 4334 2909 4376 causa
2930 4320 3234 4392 prassenti.
3255 4322 3404 4375 Nam
3432 4319 3669 4391 etjusta

2003 4426 2099 4468 res
2123 4415 2232 4477 est,
2260 4426 2371 4484 pro
2401 4426 2528 4484 qua
2564 4410 2993 4482 deprecamur;
3028 4413 3085 4465 ct
3143 4408 3322 4465 nobis
3362 4414 3665 4480 pergrata,

2005 4517 2161 4574 quos
2189 4500 2346 4556 inter
2373 4504 2509 4556 tuos
2538 4498 2769 4556 amicos
2818 4513 3140 4554 numerare
3170 4497 3458 4567 dignatus
3488 4508 3551 4553 es
3573 4515 3586 4565 ;
3610 4503 3668 4554 et

2007 4590 2092 4646 eis
2137 4588 2359 4661 debita,
2393 4588 2497 4663 qui
2527 4587 2877 4645 constantiae
2910 4590 3024 4643 tuze
3057 4585 3349 4642 auxilium
3378 4585 3458 4643 ad
3506 4585 3586 4659 inj
3600 4604 3666 4643 u-

2086 4838 2195 4911 (85)
2226 4843 2310 4909 Τῷ
2338 4838 2579 4911 ἡγεμόνι.
2612 4835 2706 4911 _Sic
2736 4851 2878 4911 cum
2901 4833 3085 4911 editis
3106 4838 3241 4911 _tres
3259 4834 3669 4911 antiquissimi

2016 4904 2255 4965 codices
2279 4904 2472 4979 'Harll,
2504 4906 2651 4979 Medi.
2678 4911 2737 4962 et
2763 4904 2941 4979 Coisl.
2973 4909 3052 4979 ln_
3066 4905 3200 4979 aliis
3230 4904 3669 4979 tribus—,nempe

2016 4984 2156 5050 Reg.
2193 4978 2464 5051 secundo
2502 4985 2560 5035 et
2580 4978 2789 5047 Bigot.;
2822 4976 2953 5033 haec
2980 4976 3308 5045 adduntur,
3342 4976 3665 5051 παραθετική

2017 5049 2144 5126 ὑπὲρ
2177 5049 2540 5126 πρεσϐυτέρων
2570 5054 2688 5126 περὶ
2717 5052 3072 5126 καθαρπαγῆς
3096 5054 3265 5126 σίτου,
3297 5049 3673 5126 commenda-

2021 5120 2155 5180 tilia
2178 5120 2291 5193 pro
2317 5120 2681 5193 presbyteris
2706 5120 2778 5176 ob
2802 5120 3526 5193 frumentidireptionem.
3560 5121 3671 5193 Pa:

288 5190 686 5275 publicarum
735 5190 1142 5275 pecuniarum
1178 5203 1497 5275 exactores
1535 5190 1817 5255 desinant
1845 5198 1909 5253 in
1942 5207 1989 5263 1)
2021 5199 2102 5252 tet
2140 5190 2213 5250 ex
2253 5190 2516 5275 epistola
2538 5190 2814 5274 sequenti
2856 5191 3017 5275 hanc
3048 5192 3333 5275 scriptam
3366 5192 3557 5275 fuisse
3595 5190 3675 5272 ad

280 5270 1031 5359 iugarandum'adigere‘
1033 5270 1374 5341 vectigales.

329 5334 478 5429 f8?)
500 5350 822 5421 Λιιπόμενον
860 5334 944 5405 ἦν.
991 5345 1133 5413 Reg.
1168 5334 1473 5397 secundus
1504 5344 1818 5414 Λειπόμενον
1849 5334 1912 5398 ἧν

295 5437 384 5471 ουν
396 5460 410 5474 ο

373 5491 602 5569 φυτὸν
653 5494 878 5569 Κύριον.
924 5488 1012 5544 Ita
1059 5484 1278 5545 vetusti
1324 5482 1562 5541 codices
1590 5484 1860 5557 quinque
1897 5498 1911 5539 :

306 5555 436 5620 editi
456 5568 543 5619 τόν
568 5569 726 5621 Θεόν.

374 5634 1042 5711 (84)7Καταμελετήσωσι.
1072 5627 1225 5711 {aditi
1269 5626 1701 5711 καταμελήσωεζξ,
1749 5624 1919 5699 quod

306 5697 571 5775 emendat
594 5697 967 5772 Hdrlaaanus
987 5699 1183 5761 codex
1210 5714 1351 5758 cum
1381 5697 1574 5757 tribus
1604 5697 1755 5756 aliis.

2066 5262 2414 5338 rzepositum
2444 5262 2723 5338 pagijin
2771 5279 2915 5338 quo
2948 5262 3243 5338 educatus
3277 5264 3471 5320 fuerat
3519 5262 3676 5317 Dasi-

2066 5282 2414 5338 rzeposuum
2444 5282 2607 5336 pagi,
2662 5282 2723 5319 in
2771 5282 2894 5335 quo
2948 5282 3243 5335 educatus
3277 5282 3330 5318 Iu

2020 5282 2160 5403 ﬁus,
2192 5351 2497 5410 quemque
2517 5334 3026 5410 idcirco_patri_am_
3048 5333 3330 5410 appellat,

2101 5405 2233 5480 (86)-
2244 5405 2435 5480 nam;
2450 5412 2665 5480 τρόπονἸ
2676 5405 2865 5480 Edltip
2898 5406 3062 5480 Puris
3074 5405 3239 5464 ,κατὰ
3264 5406 3434 5457 πάντα
3446 5406 3674 5480 τρόπον.

2024 5474 2525 5607 ἓθᾱῚρΓεθροείῐῖο
2556 5478 2770 5535 melius
2799 5477 2966 5533 deest
2990 5479 3047 5533 in
3068 5494 3173 5533 sex
3200 5492 3346 5553 mss.
3366 5480 3422 5530 et
3441 5474 3504 5530 in
3535 5474 3676 5531 edit.

2074 5569 2158 5607 as:
2187 5592 2205 5607 .

2074 5569 2205 5609 asu.

2100 5623 2311 5710 1.18.1248
2332 5621 2993 5710 CEPY:§.9'§R§§E‘E"_°_
3004 5619 3128 5710 i7}:

2106 5695 2151 5718 *‘
2179 5695 2342 5756 Alias
2373 5693 2640 5751 CLXXIX.
2664 5692 2899 5765 Scripta
2922 5704 3084 5748 anno
3110 5692 3235 5746 372.
