  <div class='ocr_page' id='page_1' title='image "/cluster/home/n/w/nwhite01/storage/ocr_20150623/32:no.4/coo.31924054869296/244.png"; bbox 0 0 4078 6396; ppageno 0'>
   <div class='ocr_carea' id='block_1_1' title="bbox 176 373 287 436">
    <p class='ocr_par' dir='ltr' id='par_1_1' title="bbox 176 373 287 436">
     <span class='ocr_line' id='line_1_1' title="bbox 176 373 287 436; baseline 0.036 -4"><span class='ocrx_word' id='word_1_1' title='bbox 176 373 287 436; x_wconf 72' lang='grc'><strong><em>469</em></strong></span> 
     </span>
    </p>
   </div>
   <div class='ocr_carea' id='block_1_2' title="bbox 909 529 1377 584">
    <p class='ocr_par' dir='ltr' id='par_1_2' title="bbox 909 529 1377 584">
     <span class='ocr_line' id='line_1_2' title="bbox 909 529 1377 584; baseline 0.004 -4"><span class='ocrx_word' id='word_1_2' title='bbox 909 529 1244 584; x_wconf 79' lang='grc' dir='ltr'><strong><em>ΕΠΙΣΤΟΛΗ</em></strong></span> <span class='ocrx_word' id='word_1_3' title='bbox 1283 529 1377 582; x_wconf 80' lang='grc' dir='ltr'>ΠΗ</span> 
     </span>
    </p>
   </div>
   <div class='ocr_carea' id='block_1_3' title="bbox 1183 375 2646 443">
    <p class='ocr_par' dir='ltr' id='par_1_3' title="bbox 1183 375 2646 443">
     <span class='ocr_line' id='line_1_3' title="bbox 1183 375 2646 443; baseline -0.001 -4"><span class='ocrx_word' id='word_1_4' title='bbox 1183 379 1674 443; x_wconf 72' lang='grc' dir='ltr'>ΕΡῐετοιΑΒυι</span> <span class='ocrx_word' id='word_1_5' title='bbox 1711 375 1996 439; x_wconf 74' lang='lat' dir='ltr'><strong><em>CLASSIS</em></strong></span> <span class='ocrx_word' id='word_1_6' title='bbox 2033 377 2102 436; x_wconf 86' lang='lat' dir='ltr'><strong><em>ll.</em></strong></span> <span class='ocrx_word' id='word_1_7' title='bbox 2142 377 2357 440; x_wconf 81' lang='lat' dir='ltr'><strong><em>EPIST.</em></strong></span> <span class='ocrx_word' id='word_1_8' title='bbox 2393 379 2646 438; x_wconf 81' lang='lat' dir='ltr'><strong>LXXXIX</strong></span> 
     </span>
    </p>
   </div>
   <div class='ocr_carea' id='block_1_4' title="bbox 3491 377 3602 438">
    <p class='ocr_par' dir='ltr' id='par_1_4' title="bbox 3491 377 3602 438">
     <span class='ocr_line' id='line_1_4' title="bbox 3491 377 3602 438; baseline 0.018 -2"><span class='ocrx_word' id='word_1_9' title='bbox 3491 377 3602 438; x_wconf 64' lang='lat'><strong><em>470</em></strong></span> 
     </span>
    </p>
   </div>
   <div class='ocr_carea' id='block_1_5' title="bbox 2301 521 2996 583">
    <p class='ocr_par' dir='ltr' id='par_1_5' title="bbox 2301 521 2996 583">
     <span class='ocr_line' id='line_1_5' title="bbox 2301 521 2996 583; baseline -0.001 -2"><span class='ocrx_word' id='word_1_10' title='bbox 2301 523 2640 583; x_wconf 81' lang='lat' dir='ltr'><strong><em>EPlSTOLA</em></strong></span> <span class='ocrx_word' id='word_1_11' title='bbox 2679 521 2996 582; x_wconf 74' lang='lat' dir='ltr'><strong><em>LXXXVlll‘</em></strong></span> 
     </span>
    </p>
   </div>
   <div class='ocr_carea' id='block_1_6' title="bbox 196 647 3602 722">
    <p class='ocr_par' dir='ltr' id='par_1_6' title="bbox 196 647 3602 722">
     <span class='ocr_line' id='line_1_6' title="bbox 196 647 3602 722; baseline 0 -18"><span class='ocrx_word' id='word_1_12' title='bbox 196 647 517 722; x_wconf 84' lang='lat' dir='ltr'><strong><em>Hortatus</em></strong></span> <span class='ocrx_word' id='word_1_13' title='bbox 551 649 780 720; x_wconf 81' lang='lat' dir='ltr'><strong><em>fuerat</em></strong></span> <span class='ocrx_word' id='word_1_14' title='bbox 814 651 1083 708; x_wconf 75' lang='lat' dir='ltr'><strong><em>Basilius</em></strong></span> <span class='ocrx_word' id='word_1_15' title='bbox 1127 653 1431 710; x_wconf 89' lang='lat' dir='ltr'><strong><em>civitatem</em></strong></span> <span class='ocrx_word' id='word_1_16' title='bbox 1472 651 1554 710; x_wconf 89' lang='lat' dir='ltr'><strong><em>ad</em></strong></span> <span class='ocrx_word' id='word_1_17' title='bbox 1580 650 1911 722; x_wconf 85' lang='lat' dir='ltr'><strong><em>symbolam</em></strong></span> <span class='ocrx_word' id='word_1_18' title='bbox 1956 650 2099 707; x_wconf 89' lang='lat' dir='ltr'><strong><em>auri</em></strong></span> <span class='ocrx_word' id='word_1_19' title='bbox 2127 651 2560 720; x_wconf 81' lang='lat' dir='ltr'><strong><em>comparatitiz,</em></strong></span> <span class='ocrx_word' id='word_1_20' title='bbox 2606 649 2710 707; x_wconf 87' lang='lat' dir='ltr'><strong><em>sed</em></strong></span> <span class='ocrx_word' id='word_1_21' title='bbox 2741 665 2875 706; x_wconf 85' lang='lat' dir='ltr'><strong><em>cum</em></strong></span> <span class='ocrx_word' id='word_1_22' title='bbox 2907 647 3302 722; x_wconf 71' lang='lat' dir='ltr'><strong><em>magistratus</em></strong></span> <span class='ocrx_word' id='word_1_23' title='bbox 3326 649 3602 719; x_wconf 78' lang='lat' dir='ltr'><strong><em>plerique</em></strong></span> 
     </span>
    </p>
   </div>
   <div class='ocr_carea' id='block_1_7' title="bbox 281 720 3600 795">
    <p class='ocr_par' dir='ltr' id='par_1_7' title="bbox 281 720 3600 795">
     <span class='ocr_line' id='line_1_7' title="bbox 281 720 3600 795; baseline -0 -18"><span class='ocrx_word' id='word_1_24' title='bbox 281 726 469 795; x_wconf 84' lang='lat' dir='ltr'><strong><em>essent</em></strong></span> <span class='ocrx_word' id='word_1_25' title='bbox 494 720 564 776; x_wconf 90' lang='lat' dir='ltr'><strong><em>in</em></strong></span> <span class='ocrx_word' id='word_1_26' title='bbox 607 724 806 792; x_wconf 80' lang='lat' dir='ltr'><strong><em>agris,</em></strong></span> <span class='ocrx_word' id='word_1_27' title='bbox 828 725 1096 793; x_wconf 81' lang='lat' dir='ltr'><strong><em>postulat</em></strong></span> <span class='ocrx_word' id='word_1_28' title='bbox 1117 739 1154 781; x_wconf 94' lang='lat' dir='ltr'><strong><em>a</em></strong></span> <span class='ocrx_word' id='word_1_29' title='bbox 1168 725 1448 795; x_wconf 77' lang='lat' dir='ltr'><strong><em>praeside,</em></strong></span> <span class='ocrx_word' id='word_1_30' title='bbox 1467 730 1534 780; x_wconf 87' lang='lat' dir='ltr'><strong><em>ut</em></strong></span> <span class='ocrx_word' id='word_1_31' title='bbox 1563 720 1659 781; x_wconf 79' lang='lat' dir='ltr'><strong><em>vel</em></strong></span> <span class='ocrx_word' id='word_1_32' title='bbox 1686 723 1756 781; x_wconf 90' lang='lat' dir='ltr'><strong><em>de</em></strong></span> <span class='ocrx_word' id='word_1_33' title='bbox 1787 723 1926 781; x_wconf 87' lang='lat' dir='ltr'><strong><em>auri</em></strong></span> <span class='ocrx_word' id='word_1_34' title='bbox 1947 737 2180 779; x_wconf 88' lang='lat' dir='ltr'><strong><em>summa</em></strong></span> <span class='ocrx_word' id='word_1_35' title='bbox 2205 723 2442 795; x_wconf 86' lang='lat' dir='ltr'><strong><em>aliquid</em></strong></span> <span class='ocrx_word' id='word_1_36' title='bbox 2462 723 2704 779; x_wconf 77' lang='lat' dir='ltr'><strong><em>interim</em></strong></span> <span class='ocrx_word' id='word_1_37' title='bbox 2733 723 3021 784; x_wconf 78' lang='lat' dir='ltr'><strong><em>remittat,</em></strong></span> <span class='ocrx_word' id='word_1_38' title='bbox 3046 721 3138 777; x_wconf 88' lang='lat' dir='ltr'><strong><em>vel</em></strong></span> <span class='ocrx_word' id='word_1_39' title='bbox 3160 725 3390 790; x_wconf 83' lang='lat' dir='ltr'><strong><em>tempus</em></strong></span> <span class='ocrx_word' id='word_1_40' title='bbox 3414 734 3600 791; x_wconf 58' lang='lat' dir='ltr'><strong><em>pras-</em></strong></span> 
     </span>
    </p>
   </div>
   <div class='ocr_carea' id='block_1_8' title="bbox 290 794 888 865">
    <p class='ocr_par' dir='ltr' id='par_1_8' title="bbox 290 794 888 865">
     <span class='ocr_line' id='line_1_8' title="bbox 290 794 888 865; baseline 0.007 -18"><span class='ocrx_word' id='word_1_41' title='bbox 290 794 536 848; x_wconf 86' lang='lat' dir='ltr'><strong><em>titutum</em></strong></span> <span class='ocrx_word' id='word_1_42' title='bbox 564 800 888 865; x_wconf 83' lang='lat' dir='ltr'><strong><em>proroget.</em></strong></span> 
     </span>
    </p>
   </div>
   <div class='ocr_carea' id='block_1_9' title="bbox 444 880 1606 960">
    <p class='ocr_par' dir='ltr' id='par_1_9' title="bbox 444 880 1606 960">
     <span class='ocr_line' id='line_1_9' title="bbox 444 880 1606 960; baseline 0.003 -26"><span class='ocrx_word' id='word_1_43' title='bbox 444 880 854 960; x_wconf 73' lang='grc' dir='ltr'>Ἀνεπίγραφος,</span> <span class='ocrx_word' id='word_1_44' title='bbox 881 881 965 936; x_wconf 70' lang='grc' dir='ltr'><strong><em>ἐπὶ</em></strong></span> <span class='ocrx_word' id='word_1_45' title='bbox 995 881 1260 958; x_wconf 78' lang='grc' dir='ltr'>ἆπαιτητῇ</span> <span class='ocrx_word' id='word_1_46' title='bbox 1292 887 1606 960; x_wconf 76' lang='grc' dir='ltr'>χρημάτων.</span> 
     </span>
    </p>
   </div>
   <div class='ocr_carea' id='block_1_10' title="bbox 289 984 1833 1067">
    <p class='ocr_par' dir='ltr' id='par_1_10' title="bbox 289 984 1833 1067">
     <span class='ocr_line' id='line_1_10' title="bbox 289 984 1833 1067; baseline 0.001 -25"><span class='ocrx_word' id='word_1_47' title='bbox 289 993 397 1048; x_wconf 70' lang='grc' dir='ltr'><strong><em>Τὴν</em></strong></span> <span class='ocrx_word' id='word_1_48' title='bbox 429 984 724 1042; x_wconf 75' lang='grc' dir='ltr'><strong><em>δυσκολίαν</em></strong></span> <span class='ocrx_word' id='word_1_49' title='bbox 763 997 856 1052; x_wconf 84' lang='grc' dir='ltr'>τῆς</span> <span class='ocrx_word' id='word_1_50' title='bbox 888 987 1224 1066; x_wconf 75' lang='grc' dir='ltr'><strong><em>συγκομιδῆς</em></strong></span> <span class='ocrx_word' id='word_1_51' title='bbox 1252 1000 1344 1046; x_wconf 76' lang='grc' dir='ltr'>τοῦ</span> <span class='ocrx_word' id='word_1_52' title='bbox 1375 998 1833 1067; x_wconf 77' lang='grc' dir='ltr'>πραγματευτικοῦ</span> 
     </span>
    </p>
   </div>
   <div class='ocr_carea' id='block_1_11' title="bbox 206 1079 1835 1156">
    <p class='ocr_par' dir='ltr' id='par_1_11' title="bbox 206 1079 1835 1156">
     <span class='ocr_line' id='line_1_11' title="bbox 206 1079 1835 1156; baseline 0.002 -25"><span class='ocrx_word' id='word_1_53' title='bbox 206 1083 452 1154; x_wconf 83' lang='grc' dir='ltr'>χρυσίου</span> <span class='ocrx_word' id='word_1_54' title='bbox 499 1079 613 1152; x_wconf 77' lang='lat'><strong><em>(98)</em></strong></span> <span class='ocrx_word' id='word_1_55' title='bbox 670 1081 876 1133; x_wconf 72' lang='grc' dir='ltr'>πάντων</span> <span class='ocrx_word' id='word_1_56' title='bbox 923 1079 1156 1155; x_wconf 72' lang='grc' dir='ltr'>μάλιστα</span> <span class='ocrx_word' id='word_1_57' title='bbox 1212 1083 1241 1141; x_wconf 81' lang='grc' dir='ltr'>ἡ</span> <span class='ocrx_word' id='word_1_58' title='bbox 1301 1087 1365 1142; x_wconf 76' lang='grc' dir='ltr'>σὴ</span> <span class='ocrx_word' id='word_1_59' title='bbox 1415 1089 1659 1156; x_wconf 83' lang='grc' dir='ltr'>τιμιότης</span> <span class='ocrx_word' id='word_1_60' title='bbox 1712 1102 1835 1135; x_wconf 90' lang='grc' dir='ltr'>κατ-</span> 
     </span>
    </p>
   </div>
   <div class='ocr_carea' id='block_1_12' title="bbox 210 1167 1833 1245">
    <p class='ocr_par' dir='ltr' id='par_1_12' title="bbox 210 1167 1833 1245">
     <span class='ocr_line' id='line_1_12' title="bbox 210 1167 1833 1245; baseline 0.001 -25"><span class='ocrx_word' id='word_1_61' title='bbox 210 1169 402 1241; x_wconf 81' lang='grc' dir='ltr'>έμαθε’</span> <span class='ocrx_word' id='word_1_62' title='bbox 453 1170 546 1220; x_wconf 76' lang='grc' dir='ltr'>καὶ</span> <span class='ocrx_word' id='word_1_63' title='bbox 591 1176 689 1231; x_wconf 86' lang='grc' dir='ltr'>τῆς</span> <span class='ocrx_word' id='word_1_64' title='bbox 729 1171 906 1230; x_wconf 78' lang='grc' dir='ltr'>πενίας</span> <span class='ocrx_word' id='word_1_65' title='bbox 949 1170 1095 1243; x_wconf 80' lang='grc' dir='ltr'>ἡμῶν</span> <span class='ocrx_word' id='word_1_66' title='bbox 1137 1167 1327 1223; x_wconf 65' lang='grc' dir='ltr'>οὐδένα</span> <span class='ocrx_word' id='word_1_67' title='bbox 1375 1172 1618 1245; x_wconf 72' lang='grc' dir='ltr'>μάρτυρα</span> <span class='ocrx_word' id='word_1_68' title='bbox 1658 1176 1833 1222; x_wconf 79' lang='grc' dir='ltr'>τοιοῦ-</span> 
     </span>
    </p>
   </div>
   <div class='ocr_carea' id='block_1_13' title="bbox 213 1256 1833 1334">
    <p class='ocr_par' dir='ltr' id='par_1_13' title="bbox 213 1256 1833 1334">
     <span class='ocr_line' id='line_1_13' title="bbox 213 1256 1833 1334; baseline 0.001 -24"><span class='ocrx_word' id='word_1_69' title='bbox 213 1277 304 1310; x_wconf 88' lang='grc' dir='ltr'><strong><em>τον</em></strong></span> <span class='ocrx_word' id='word_1_70' title='bbox 345 1259 559 1330; x_wconf 70' lang='grc' dir='ltr'>ἔχομεν,</span> <span class='ocrx_word' id='word_1_71' title='bbox 603 1257 710 1309; x_wconf 83' lang='grc' dir='ltr'>οἷον</span> <span class='ocrx_word' id='word_1_72' title='bbox 754 1259 831 1324; x_wconf 74' lang='grc' dir='ltr'><strong><em>σὲ,</em></strong></span> <span class='ocrx_word' id='word_1_73' title='bbox 866 1258 917 1319; x_wconf 89' lang='grc' dir='ltr'>ὃς</span> <span class='ocrx_word' id='word_1_74' title='bbox 956 1256 1012 1310; x_wconf 81' lang='grc' dir='ltr'>ἐκ</span> <span class='ocrx_word' id='word_1_75' title='bbox 1052 1267 1144 1321; x_wconf 82' lang='grc' dir='ltr'>τῆς</span> <span class='ocrx_word' id='word_1_76' title='bbox 1173 1260 1404 1333; x_wconf 77' lang='grc' dir='ltr'><strong><em>μεγάλης</em></strong></span> <span class='ocrx_word' id='word_1_77' title='bbox 1447 1259 1833 1334; x_wconf 74' lang='grc' dir='ltr'><strong><em>φιλανθρωπίας</em></strong></span> 
     </span>
    </p>
   </div>
   <div class='ocr_carea' id='block_1_14' title="bbox 219 1347 1832 1425">
    <p class='ocr_par' dir='ltr' id='par_1_14' title="bbox 219 1347 1832 1425">
     <span class='ocr_line' id='line_1_14' title="bbox 219 1347 1832 1425; baseline 0.001 -27"><span class='ocrx_word' id='word_1_78' title='bbox 219 1351 315 1398; x_wconf 85' lang='grc' dir='ltr'>καὶ</span> <span class='ocrx_word' id='word_1_79' title='bbox 365 1347 648 1407; x_wconf 79' lang='grc' dir='ltr'>συνέπαθες</span> <span class='ocrx_word' id='word_1_80' title='bbox 701 1348 850 1420; x_wconf 76' lang='grc' dir='ltr'>ἡμῖν,</span> <span class='ocrx_word' id='word_1_81' title='bbox 897 1353 987 1400; x_wconf 82' lang='grc' dir='ltr'>καὶ</span> <span class='ocrx_word' id='word_1_82' title='bbox 1033 1351 1498 1425; x_wconf 80' lang='grc' dir='ltr'>συμπεριηνέχθης</span> <span class='ocrx_word' id='word_1_83' title='bbox 1539 1351 1704 1424; x_wconf 83' lang='grc' dir='ltr'>μέχρι</span> <span class='ocrx_word' id='word_1_84' title='bbox 1741 1353 1832 1401; x_wconf 73' lang='grc' dir='ltr'>τοῦ</span> 
     </span>
    </p>
   </div>
   <div class='ocr_carea' id='block_1_15' title="bbox 223 1433 1831 1514">
    <p class='ocr_par' dir='ltr' id='par_1_15' title="bbox 223 1433 1831 1514">
     <span class='ocr_line' id='line_1_15' title="bbox 223 1433 1831 1514; baseline 0.001 -26"><span class='ocrx_word' id='word_1_85' title='bbox 223 1440 475 1512; x_wconf 74' lang='grc' dir='ltr'>παρόντος</span> <span class='ocrx_word' id='word_1_86' title='bbox 512 1437 578 1488; x_wconf 79' lang='grc' dir='ltr'>τὰ</span> <span class='ocrx_word' id='word_1_87' title='bbox 629 1433 848 1505; x_wconf 77' lang='grc' dir='ltr'>δυνατὰ,</span> <span class='ocrx_word' id='word_1_88' title='bbox 897 1433 1136 1512; x_wconf 61' lang='grc' dir='ltr'>οὐδαμοῦ</span> <span class='ocrx_word' id='word_1_89' title='bbox 1189 1441 1246 1491; x_wconf 79' lang='grc' dir='ltr'>τὸ</span> <span class='ocrx_word' id='word_1_90' title='bbox 1291 1446 1455 1514; x_wconf 78' lang='grc' dir='ltr'>πρᾶον</span> <span class='ocrx_word' id='word_1_91' title='bbox 1506 1448 1595 1500; x_wconf 71' lang='grc' dir='ltr'>τῆς</span> <span class='ocrx_word' id='word_1_92' title='bbox 1646 1438 1831 1491; x_wconf 79' lang='grc' dir='ltr'>ἑαυτοῦ</span> 
     </span>
    </p>
   </div>
   <div class='ocr_carea' id='block_1_16' title="bbox 215 1525 1830 1600">
    <p class='ocr_par' dir='ltr' id='par_1_16' title="bbox 215 1525 1830 1600">
     <span class='ocr_line' id='line_1_16' title="bbox 215 1525 1830 1600; baseline 0.001 -22"><span class='ocrx_word' id='word_1_93' title='bbox 215 1533 322 1578; x_wconf 83' lang='grc' dir='ltr'>τῶν</span> <span class='ocrx_word' id='word_1_94' title='bbox 368 1530 564 1600; x_wconf 79' lang='grc' dir='ltr'>τρόπων</span> <span class='ocrx_word' id='word_1_95' title='bbox 605 1527 989 1589; x_wconf 78' lang='grc' dir='ltr'>παταστάσεως</span> <span class='ocrx_word' id='word_1_96' title='bbox 1032 1525 1086 1579; x_wconf 74' lang='grc' dir='ltr'>ἐκ</span> <span class='ocrx_word' id='word_1_97' title='bbox 1116 1536 1211 1588; x_wconf 80' lang='grc' dir='ltr'>τῆς</span> <span class='ocrx_word' id='word_1_98' title='bbox 1245 1537 1344 1580; x_wconf 86' lang='grc' dir='ltr'>τῶν</span> <span class='ocrx_word' id='word_1_99' title='bbox 1396 1529 1587 1582; x_wconf 73' lang='grc' dir='ltr'>οῗνωθεν</span> <span class='ocrx_word' id='word_1_100' title='bbox 1634 1526 1830 1580; x_wconf 77' lang='grc' dir='ltr'>ἐπικει-</span> 
     </span>
    </p>
   </div>
   <div class='ocr_carea' id='block_1_17' title="bbox 216 1617 1830 1692">
    <p class='ocr_par' dir='ltr' id='par_1_17' title="bbox 216 1617 1830 1692">
     <span class='ocr_line' id='line_1_17' title="bbox 216 1617 1830 1692; baseline 0.002 -25"><span class='ocrx_word' id='word_1_101' title='bbox 216 1617 380 1688; x_wconf 80' lang='grc' dir='ltr'>μένων</span> <span class='ocrx_word' id='word_1_102' title='bbox 433 1623 681 1690; x_wconf 78' lang='grc' dir='ltr'>ταραχῆς</span> <span class='ocrx_word' id='word_1_103' title='bbox 727 1620 1112 1692; x_wconf 80' lang='grc' dir='ltr'>παρακινήσας.</span> <span class='ocrx_word' id='word_1_104' title='bbox 1169 1618 1310 1670; x_wconf 80' lang='grc' dir='ltr'>Ἐπεὶ</span> <span class='ocrx_word' id='word_1_105' title='bbox 1359 1619 1448 1670; x_wconf 75' lang='grc' dir='ltr'>οὖν</span> <span class='ocrx_word' id='word_1_106' title='bbox 1497 1617 1830 1670; x_wconf 73' lang='grc' dir='ltr'>ὑπολείπεται</span> 
     </span>
    </p>
   </div>
   <div class='ocr_carea' id='block_1_18' title="bbox 216 1702 1830 1783">
    <p class='ocr_par' dir='ltr' id='par_1_18' title="bbox 216 1702 1830 1783">
     <span class='ocr_line' id='line_1_18' title="bbox 216 1702 1830 1783; baseline 0.002 -28"><span class='ocrx_word' id='word_1_107' title='bbox 216 1708 341 1776; x_wconf 78' lang='grc' dir='ltr'>ἡμῖν</span> <span class='ocrx_word' id='word_1_108' title='bbox 387 1702 446 1756; x_wconf 79' lang='grc' dir='ltr'>ἕκ</span> <span class='ocrx_word' id='word_1_109' title='bbox 476 1711 570 1756; x_wconf 79' lang='grc' dir='ltr'>τοῦ</span> <span class='ocrx_word' id='word_1_110' title='bbox 614 1708 807 1767; x_wconf 82' lang='grc' dir='ltr'>παντὸς</span> <span class='ocrx_word' id='word_1_111' title='bbox 859 1707 1094 1780; x_wconf 75' lang='grc' dir='ltr'><strong><em>σταθμοῦ</em></strong></span> <span class='ocrx_word' id='word_1_112' title='bbox 1127 1705 1302 1778; x_wconf 74' lang='grc' dir='ltr'>ὀλίγον</span> <span class='ocrx_word' id='word_1_113' title='bbox 1333 1709 1408 1759; x_wconf 79' lang='grc' dir='ltr'>ἔτι</span> <span class='ocrx_word' id='word_1_114' title='bbox 1447 1711 1697 1783; x_wconf 79' lang='grc' dir='ltr'>χρυσίον,</span> <span class='ocrx_word' id='word_1_115' title='bbox 1739 1711 1830 1758; x_wconf 84' lang='grc' dir='ltr'>καὶ</span> 
     </span>
    </p>
   </div>
   <div class='ocr_carea' id='block_1_19' title="bbox 206 1792 1830 1872">
    <p class='ocr_par' dir='ltr' id='par_1_19' title="bbox 206 1792 1830 1872">
     <span class='ocr_line' id='line_1_19' title="bbox 206 1792 1830 1872; baseline 0.001 -26"><span class='ocrx_word' id='word_1_116' title='bbox 206 1801 360 1846; x_wconf 76' lang='grc' dir='ltr'>τοῦτο</span> <span class='ocrx_word' id='word_1_117' title='bbox 417 1792 623 1866; x_wconf 71' lang='grc' dir='ltr'>ἀνάγκη</span> <span class='ocrx_word' id='word_1_118' title='bbox 684 1792 739 1846; x_wconf 80' lang='grc' dir='ltr'>ἐκ</span> <span class='ocrx_word' id='word_1_119' title='bbox 786 1801 878 1847; x_wconf 77' lang='grc' dir='ltr'>τοῦ</span> <span class='ocrx_word' id='word_1_120' title='bbox 937 1793 1140 1869; x_wconf 76' lang='grc' dir='ltr'>ἐράνου,</span> <span class='ocrx_word' id='word_1_121' title='bbox 1187 1795 1252 1857; x_wconf 83' lang='grc' dir='ltr'><strong><em>εἰς</em></strong></span> <span class='ocrx_word' id='word_1_122' title='bbox 1305 1797 1358 1848; x_wconf 85' lang='grc' dir='ltr'>ὃν</span> <span class='ocrx_word' id='word_1_123' title='bbox 1399 1795 1830 1872; x_wconf 65' lang='grc' dir='ltr'>προετρεψαμεθα</span> 
     </span>
    </p>
   </div>
   <div class='ocr_carea' id='block_1_20' title="bbox 202 1882 1827 1962">
    <p class='ocr_par' dir='ltr' id='par_1_20' title="bbox 202 1882 1827 1962">
     <span class='ocr_line' id='line_1_20' title="bbox 202 1882 1827 1962; baseline 0.001 -26"><span class='ocrx_word' id='word_1_124' title='bbox 202 1890 386 1936; x_wconf 80' lang='grc' dir='ltr'>πᾶσαν</span> <span class='ocrx_word' id='word_1_125' title='bbox 420 1885 518 1941; x_wconf 79' lang='grc' dir='ltr'>τήν</span> <span class='ocrx_word' id='word_1_126' title='bbox 564 1882 734 1954; x_wconf 75' lang='grc' dir='ltr'>πόλιν,</span> <span class='ocrx_word' id='word_1_127' title='bbox 770 1886 1197 1958; x_wconf 76' lang='grc' dir='ltr'>συγκομισθῆναι</span> <span class='ocrx_word' id='word_1_128' title='bbox 1221 1903 1232 1915; x_wconf 89' lang='lat'><strong><em>&#39;</em></strong></span> <span class='ocrx_word' id='word_1_129' title='bbox 1284 1885 1682 1962; x_wconf 79' lang='grc' dir='ltr'>παρακαλοῦμέν</span> <span class='ocrx_word' id='word_1_130' title='bbox 1733 1905 1827 1938; x_wconf 91' lang='grc' dir='ltr'><strong><em>σου</em></strong></span> 
     </span>
    </p>
   </div>
   <div class='ocr_carea' id='block_1_21' title="bbox 200 1972 1830 2050">
    <p class='ocr_par' dir='ltr' id='par_1_21' title="bbox 200 1972 1830 2050">
     <span class='ocr_line' id='line_1_21' title="bbox 200 1972 1830 2050; baseline 0.003 -28"><span class='ocrx_word' id='word_1_131' title='bbox 200 1976 297 2030; x_wconf 75' lang='grc' dir='ltr'>τήν</span> <span class='ocrx_word' id='word_1_132' title='bbox 347 1973 662 2045; x_wconf 68' lang='grc' dir='ltr'>ἡμερότητα</span> <span class='ocrx_word' id='word_1_133' title='bbox 716 1978 903 2047; x_wconf 80' lang='grc' dir='ltr'>μικρὸν</span> <span class='ocrx_word' id='word_1_134' title='bbox 952 1993 1002 2025; x_wconf 88' lang='grc' dir='ltr'><strong><em>τι</em></strong></span> <span class='ocrx_word' id='word_1_135' title='bbox 1051 1972 1269 2027; x_wconf 78' lang='grc' dir='ltr'>ἐκτεῖναι</span> <span class='ocrx_word' id='word_1_136' title='bbox 1323 1976 1449 2048; x_wconf 78' lang='grc' dir='ltr'>ἡμῖν</span> <span class='ocrx_word' id='word_1_137' title='bbox 1497 1979 1590 2033; x_wconf 77' lang='grc' dir='ltr'>τὴν</span> <span class='ocrx_word' id='word_1_138' title='bbox 1647 1975 1830 2050; x_wconf 83' lang='grc' dir='ltr'>προθε-</span> 
     </span>
    </p>
   </div>
   <div class='ocr_carea' id='block_1_22' title="bbox 211 2061 1827 2137">
    <p class='ocr_par' dir='ltr' id='par_1_22' title="bbox 211 2061 1827 2137">
     <span class='ocr_line' id='line_1_22' title="bbox 211 2061 1827 2137; baseline 0.001 -23"><span class='ocrx_word' id='word_1_139' title='bbox 211 2066 394 2134; x_wconf 76' lang='grc' dir='ltr'>σμίαν,</span> <span class='ocrx_word' id='word_1_140' title='bbox 428 2064 562 2137; x_wconf 84' lang='grc' dir='ltr'>πρὸς</span> <span class='ocrx_word' id='word_1_141' title='bbox 601 2064 660 2113; x_wconf 83' lang='grc' dir='ltr'>τὸ</span> <span class='ocrx_word' id='word_1_142' title='bbox 701 2064 940 2124; x_wconf 71' lang='grc' dir='ltr'>καὶτοὺς</span> <span class='ocrx_word' id='word_1_143' title='bbox 977 2061 1072 2126; x_wconf 82' lang='grc' dir='ltr'><strong><em>ἔξω</em></strong></span> <span class='ocrx_word' id='word_1_144' title='bbox 1115 2073 1206 2124; x_wconf 78' lang='grc' dir='ltr'>τῆς</span> <span class='ocrx_word' id='word_1_145' title='bbox 1249 2063 1441 2125; x_wconf 78' lang='grc' dir='ltr'>πόλεως</span> <span class='ocrx_word' id='word_1_146' title='bbox 1479 2064 1827 2136; x_wconf 75' lang='grc' dir='ltr'>ὑπομνησθῆ-</span> 
     </span>
    </p>
   </div>
   <div class='ocr_carea' id='block_1_23' title="bbox 205 2149 1828 2225">
    <p class='ocr_par' dir='ltr' id='par_1_23' title="bbox 205 2149 1828 2225">
     <span class='ocr_line' id='line_1_23' title="bbox 205 2149 1828 2225; baseline 0.001 -23"><span class='ocrx_word' id='word_1_147' title='bbox 205 2171 319 2206; x_wconf 86' lang='grc' dir='ltr'>ναι,</span> <span class='ocrx_word' id='word_1_148' title='bbox 372 2151 456 2203; x_wconf 84' lang='grc' dir='ltr'>Ἐν</span> <span class='ocrx_word' id='word_1_149' title='bbox 500 2149 688 2223; x_wconf 77' lang='grc' dir='ltr'><strong><em>ἀγροῖς</em></strong></span> <span class='ocrx_word' id='word_1_150' title='bbox 736 2153 838 2225; x_wconf 72' lang='grc' dir='ltr'><strong><em>γάρ</em></strong></span> <span class='ocrx_word' id='word_1_151' title='bbox 899 2150 1013 2204; x_wconf 78' lang='grc' dir='ltr'>ἐστι</span> <span class='ocrx_word' id='word_1_152' title='bbox 1070 2155 1128 2204; x_wconf 86' lang='grc' dir='ltr'>τὸ</span> <span class='ocrx_word' id='word_1_153' title='bbox 1172 2152 1301 2205; x_wconf 78' lang='grc' dir='ltr'>πολὺ</span> <span class='ocrx_word' id='word_1_154' title='bbox 1360 2162 1459 2205; x_wconf 84' lang='grc' dir='ltr'>τῶν</span> <span class='ocrx_word' id='word_1_155' title='bbox 1492 2151 1541 2205; x_wconf 84' lang='grc' dir='ltr'>ἐν</span> <span class='ocrx_word' id='word_1_156' title='bbox 1572 2153 1723 2223; x_wconf 73' lang='grc' dir='ltr'>τέλει,</span> <span class='ocrx_word' id='word_1_157' title='bbox 1764 2155 1828 2212; x_wconf 82' lang='grc' dir='ltr'>ὡς</span> 
     </span>
    </p>
   </div>
   <div class='ocr_carea' id='block_1_24' title="bbox 1866 881 3547 954">
    <p class='ocr_par' dir='ltr' id='par_1_24' title="bbox 1866 881 3547 954">
     <span class='ocr_line' id='line_1_24' title="bbox 1866 881 3547 954; baseline -0.002 -14"><span class='ocrx_word' id='word_1_158' title='bbox 1866 885 1914 940; x_wconf 80' lang='grc' dir='ltr'><strong>Α</strong></span> <span class='ocrx_word' id='word_1_159' title='bbox 1991 883 2134 940; x_wconf 87' lang='lat' dir='ltr'><strong><em>Sine</em></strong></span> <span class='ocrx_word' id='word_1_160' title='bbox 2160 882 2576 954; x_wconf 83' lang='lat' dir='ltr'><strong><em>inscriptione,</em></strong></span> <span class='ocrx_word' id='word_1_161' title='bbox 2601 897 2786 942; x_wconf 89' lang='lat' dir='ltr'><strong><em>causa</em></strong></span> <span class='ocrx_word' id='word_1_162' title='bbox 2806 881 3109 942; x_wconf 75' lang='lat' dir='ltr'><strong><em>exactoris</em></strong></span> <span class='ocrx_word' id='word_1_163' title='bbox 3127 881 3547 952; x_wconf 83' lang='lat' dir='ltr'><strong><em>pecuniarum.</em></strong></span> 
     </span>
    </p>
   </div>
   <div class='ocr_carea' id='block_1_25' title="bbox 2014 989 3601 1064">
    <p class='ocr_par' dir='ltr' id='par_1_25' title="bbox 2014 989 3601 1064">
     <span class='ocr_line' id='line_1_25' title="bbox 2014 989 3601 1064; baseline 0.001 -18"><span class='ocrx_word' id='word_1_164' title='bbox 2014 993 2206 1057; x_wconf 87' lang='lat' dir='ltr'><strong><em>Quam</em></strong></span> <span class='ocrx_word' id='word_1_165' title='bbox 2235 990 2476 1048; x_wconf 84' lang='lat' dir='ltr'><strong><em>difﬁcile</em></strong></span> <span class='ocrx_word' id='word_1_166' title='bbox 2503 991 2576 1048; x_wconf 87' lang='lat' dir='ltr'><strong><em>sit</em></strong></span> <span class='ocrx_word' id='word_1_167' title='bbox 2599 1007 2817 1049; x_wconf 89' lang='lat' dir='ltr'><strong><em>aurum</em></strong></span> <span class='ocrx_word' id='word_1_168' title='bbox 2847 989 3339 1064; x_wconf 90' lang='lat' dir='ltr'><strong><em>comparatitium</em></strong></span> <span class='ocrx_word' id='word_1_169' title='bbox 3363 1004 3601 1060; x_wconf 83' lang='lat' dir='ltr'><strong><em>cogere,</em></strong></span> 
     </span>
    </p>
   </div>
   <div class='ocr_carea' id='block_1_26' title="bbox 1941 1079 3600 1154">
    <p class='ocr_par' dir='ltr' id='par_1_26' title="bbox 1941 1079 3600 1154">
     <span class='ocr_line' id='line_1_26' title="bbox 1941 1079 3600 1154; baseline 0 -18"><span class='ocrx_word' id='word_1_170' title='bbox 1941 1080 2217 1136; x_wconf 91' lang='lat' dir='ltr'><strong><em>omnium</em></strong></span> <span class='ocrx_word' id='word_1_171' title='bbox 2249 1081 2514 1138; x_wconf 83' lang='lat' dir='ltr'><strong><em>maxime</em></strong></span> <span class='ocrx_word' id='word_1_172' title='bbox 2540 1081 2888 1154; x_wconf 67' lang='lat' dir='ltr'><strong><em>praestantia</em></strong></span> <span class='ocrx_word' id='word_1_173' title='bbox 2915 1086 3016 1138; x_wconf 92' lang='lat' dir='ltr'><strong><em>tua</em></strong></span> <span class='ocrx_word' id='word_1_174' title='bbox 3053 1080 3255 1136; x_wconf 88' lang='lat' dir='ltr'><strong><em>novit:</em></strong></span> <span class='ocrx_word' id='word_1_175' title='bbox 3284 1095 3482 1152; x_wconf 86' lang='lat' dir='ltr'><strong><em>neque</em></strong></span> <span class='ocrx_word' id='word_1_176' title='bbox 3509 1079 3600 1136; x_wconf 89' lang='lat' dir='ltr'><strong><em>ul-</em></strong></span> 
     </span>
    </p>
   </div>
   <div class='ocr_carea' id='block_1_27' title="bbox 1939 1167 3598 1244">
    <p class='ocr_par' dir='ltr' id='par_1_27' title="bbox 1939 1167 3598 1244">
     <span class='ocr_line' id='line_1_27' title="bbox 1939 1167 3598 1244; baseline -0.002 -18"><span class='ocrx_word' id='word_1_177' title='bbox 1939 1168 2066 1226; x_wconf 92' lang='lat' dir='ltr'><strong><em>lum</em></strong></span> <span class='ocrx_word' id='word_1_178' title='bbox 2106 1171 2480 1244; x_wconf 83' lang='lat' dir='ltr'><strong><em>paupertatis</em></strong></span> <span class='ocrx_word' id='word_1_179' title='bbox 2527 1175 2746 1227; x_wconf 65' lang='lat' dir='ltr'><strong><em>nostrae</em></strong></span> <span class='ocrx_word' id='word_1_180' title='bbox 2796 1173 3009 1227; x_wconf 86' lang='lat' dir='ltr'><strong><em>testem</em></strong></span> <span class='ocrx_word' id='word_1_181' title='bbox 3060 1173 3188 1225; x_wconf 88' lang='lat' dir='ltr'><strong><em>tam</em></strong></span> <span class='ocrx_word' id='word_1_182' title='bbox 3234 1167 3598 1241; x_wconf 88' lang='lat' dir='ltr'><strong><em>locupletem</em></strong></span> 
     </span>
    </p>
   </div>
   <div class='ocr_carea' id='block_1_28' title="bbox 1939 1257 3598 1333">
    <p class='ocr_par' dir='ltr' id='par_1_28' title="bbox 1939 1257 3598 1333">
     <span class='ocr_line' id='line_1_28' title="bbox 1939 1257 3598 1333; baseline -0.001 -18"><span class='ocrx_word' id='word_1_183' title='bbox 1939 1258 2258 1328; x_wconf 88' lang='lat' dir='ltr'><strong><em>habemus,</em></strong></span> <span class='ocrx_word' id='word_1_184' title='bbox 2289 1275 2475 1332; x_wconf 90' lang='lat' dir='ltr'><strong><em>quam</em></strong></span> <span class='ocrx_word' id='word_1_185' title='bbox 2508 1261 2890 1332; x_wconf 86' lang='lat' dir='ltr'><strong><em>temetipsum</em></strong></span> <span class='ocrx_word' id='word_1_186' title='bbox 2924 1277 2936 1315; x_wconf 93' lang='lat'>:</span> <span class='ocrx_word' id='word_1_187' title='bbox 2970 1258 3074 1333; x_wconf 89' lang='lat' dir='ltr'><strong><em>qui</em></strong></span> <span class='ocrx_word' id='word_1_188' title='bbox 3107 1274 3350 1314; x_wconf 84' lang='lat' dir='ltr'><strong><em>summa</em></strong></span> <span class='ocrx_word' id='word_1_189' title='bbox 3375 1257 3598 1314; x_wconf 87' lang='lat' dir='ltr'><strong><em>huma-</em></strong></span> 
     </span>
    </p>
   </div>
   <div class='ocr_carea' id='block_1_29' title="bbox 1938 1347 3594 1419">
    <p class='ocr_par' dir='ltr' id='par_1_29' title="bbox 1938 1347 3594 1419">
     <span class='ocr_line' id='line_1_29' title="bbox 1938 1347 3594 1419; baseline -0.001 -15"><span class='ocrx_word' id='word_1_190' title='bbox 1938 1349 2121 1404; x_wconf 89' lang='lat' dir='ltr'><strong><em>nitate</em></strong></span> <span class='ocrx_word' id='word_1_191' title='bbox 2165 1354 2221 1405; x_wconf 91' lang='lat' dir='ltr'><strong><em>et</em></strong></span> <span class='ocrx_word' id='word_1_192' title='bbox 2266 1349 2452 1406; x_wconf 87' lang='lat' dir='ltr'><strong><em>nostri</em></strong></span> <span class='ocrx_word' id='word_1_193' title='bbox 2503 1349 2791 1406; x_wconf 86' lang='lat' dir='ltr'><strong><em>misertus</em></strong></span> <span class='ocrx_word' id='word_1_194' title='bbox 2840 1365 2935 1416; x_wconf 79' lang='lat' dir='ltr'><strong><em>es,</em></strong></span> <span class='ocrx_word' id='word_1_195' title='bbox 2970 1354 3027 1405; x_wconf 93' lang='lat' dir='ltr'><strong><em>et</em></strong></span> <span class='ocrx_word' id='word_1_196' title='bbox 3077 1347 3250 1419; x_wconf 80' lang='lat'><strong><em>180</em></strong></span> <span class='ocrx_word' id='word_1_197' title='bbox 3281 1347 3594 1416; x_wconf 87' lang='lat' dir='ltr'><strong><em>hactenus,</em></strong></span> 
     </span>
    </p>
   </div>
   <div class='ocr_carea' id='block_1_30' title="bbox 1938 1435 3594 1510">
    <p class='ocr_par' dir='ltr' id='par_1_30' title="bbox 1938 1435 3594 1510">
     <span class='ocr_line' id='line_1_30' title="bbox 1938 1435 3594 1510; baseline -0.001 -17"><span class='ocrx_word' id='word_1_198' title='bbox 1938 1443 2238 1510; x_wconf 88' lang='lat' dir='ltr'><strong><em>quantum</em></strong></span> <span class='ocrx_word' id='word_1_199' title='bbox 2286 1438 2347 1494; x_wconf 92' lang='lat' dir='ltr'><strong><em>in</em></strong></span> <span class='ocrx_word' id='word_1_200' title='bbox 2380 1444 2432 1495; x_wconf 92' lang='lat' dir='ltr'><strong><em>te</em></strong></span> <span class='ocrx_word' id='word_1_201' title='bbox 2472 1438 2600 1504; x_wconf 88' lang='lat' dir='ltr'><strong><em>fuit,</em></strong></span> <span class='ocrx_word' id='word_1_202' title='bbox 2633 1438 3014 1510; x_wconf 82' lang='lat' dir='ltr'><strong><em>indulgenter</em></strong></span> <span class='ocrx_word' id='word_1_203' title='bbox 3052 1437 3374 1494; x_wconf 86' lang='lat' dir='ltr'><strong><em>nobiscum</em></strong></span> <span class='ocrx_word' id='word_1_204' title='bbox 3402 1435 3594 1507; x_wconf 83' lang='lat' dir='ltr'><strong><em>egisti,</em></strong></span> 
     </span>
    </p>
   </div>
   <div class='ocr_carea' id='block_1_31' title="bbox 1888 1525 3596 1601">
    <p class='ocr_par' dir='ltr' id='par_1_31' title="bbox 1888 1525 3596 1601">
     <span class='ocr_line' id='line_1_31' title="bbox 1888 1525 3596 1601; baseline -0.002 -17"><span class='ocrx_word' id='word_1_205' title='bbox 1888 1535 1894 1540; x_wconf 88' lang='lat'><strong><em>&#39;</em></strong></span> <span class='ocrx_word' id='word_1_206' title='bbox 1936 1543 2242 1601; x_wconf 87' lang='lat' dir='ltr'><strong><em>nusquam</em></strong></span> <span class='ocrx_word' id='word_1_207' title='bbox 2260 1545 2296 1585; x_wconf 92' lang='lat' dir='ltr'><strong><em>a</em></strong></span> <span class='ocrx_word' id='word_1_208' title='bbox 2316 1527 2434 1585; x_wconf 85' lang='lat' dir='ltr'><strong><em>leni</em></strong></span> <span class='ocrx_word' id='word_1_209' title='bbox 2453 1528 2552 1585; x_wconf 92' lang='lat' dir='ltr'><strong><em>illo</em></strong></span> <span class='ocrx_word' id='word_1_210' title='bbox 2576 1545 2815 1586; x_wconf 90' lang='lat' dir='ltr'><strong><em>morum</em></strong></span> <span class='ocrx_word' id='word_1_211' title='bbox 2838 1535 3077 1586; x_wconf 91' lang='lat' dir='ltr'><strong><em>tuorum</em></strong></span> <span class='ocrx_word' id='word_1_212' title='bbox 3099 1531 3255 1584; x_wconf 90' lang='lat' dir='ltr'><strong><em>statu</em></strong></span> <span class='ocrx_word' id='word_1_213' title='bbox 3280 1525 3596 1583; x_wconf 87' lang='lat' dir='ltr'><strong><em>discedens</em></strong></span> 
     </span>
    </p>
   </div>
   <div class='ocr_carea' id='block_1_32' title="bbox 1936 1615 3595 1692">
    <p class='ocr_par' dir='ltr' id='par_1_32' title="bbox 1936 1615 3595 1692">
     <span class='ocr_line' id='line_1_32' title="bbox 1936 1615 3595 1692; baseline -0.001 -18"><span class='ocrx_word' id='word_1_214' title='bbox 1936 1617 2016 1674; x_wconf 92' lang='lat' dir='ltr'><strong><em>ob</em></strong></span> <span class='ocrx_word' id='word_1_215' title='bbox 2034 1623 2260 1675; x_wconf 87' lang='lat' dir='ltr'><strong><em>metum</em></strong></span> <span class='ocrx_word' id='word_1_216' title='bbox 2278 1635 2507 1689; x_wconf 90' lang='lat' dir='ltr'><strong><em>eorum,</em></strong></span> <span class='ocrx_word' id='word_1_217' title='bbox 2522 1635 2658 1692; x_wconf 70' lang='lat' dir='ltr'><strong><em>qua:</em></strong></span> <span class='ocrx_word' id='word_1_218' title='bbox 2677 1635 2712 1676; x_wconf 90' lang='lat' dir='ltr'><strong><em>a</em></strong></span> <span class='ocrx_word' id='word_1_219' title='bbox 2729 1617 3179 1675; x_wconf 78' lang='lat' dir='ltr'><strong><em>sublimioribus</em></strong></span> <span class='ocrx_word' id='word_1_220' title='bbox 3197 1615 3595 1690; x_wconf 85' lang='lat' dir='ltr'><strong><em>potestatibus</em></strong></span> 
     </span>
    </p>
   </div>
   <div class='ocr_carea' id='block_1_33' title="bbox 1936 1705 3594 1784">
    <p class='ocr_par' dir='ltr' id='par_1_33' title="bbox 1936 1705 3594 1784">
     <span class='ocr_line' id='line_1_33' title="bbox 1936 1705 3594 1784; baseline -0.001 -20"><span class='ocrx_word' id='word_1_221' title='bbox 1936 1707 2357 1764; x_wconf 87' lang='lat' dir='ltr'><strong><em>imminebant.</em></strong></span> <span class='ocrx_word' id='word_1_222' title='bbox 2405 1708 2700 1774; x_wconf 88' lang='lat' dir='ltr'><strong><em>Quoniam</em></strong></span> <span class='ocrx_word' id='word_1_223' title='bbox 2749 1708 2929 1779; x_wconf 90' lang='lat' dir='ltr'><strong><em>igitur</em></strong></span> <span class='ocrx_word' id='word_1_224' title='bbox 2971 1706 3276 1784; x_wconf 8' lang='lat' dir='ltr'><strong><em>reliquum,</em></strong></span> <span class='ocrx_word' id='word_1_225' title='bbox 3302 1710 3391 1762; x_wconf 93' lang='lat' dir='ltr'><strong><em>est</em></strong></span> <span class='ocrx_word' id='word_1_226' title='bbox 3417 1705 3594 1762; x_wconf 87' lang='lat' dir='ltr'><strong><em>nobis</em></strong></span> 
     </span>
    </p>
   </div>
   <div class='ocr_carea' id='block_1_34' title="bbox 1936 1794 3594 1870">
    <p class='ocr_par' dir='ltr' id='par_1_34' title="bbox 1936 1794 3594 1870">
     <span class='ocr_line' id='line_1_34' title="bbox 1936 1794 3594 1870; baseline -0.001 -18"><span class='ocrx_word' id='word_1_227' title='bbox 1936 1796 2012 1852; x_wconf 90' lang='lat' dir='ltr'><strong><em>de</em></strong></span> <span class='ocrx_word' id='word_1_228' title='bbox 2045 1800 2166 1852; x_wconf 89' lang='lat' dir='ltr'><strong><em>tota</em></strong></span> <span class='ocrx_word' id='word_1_229' title='bbox 2213 1813 2458 1853; x_wconf 90' lang='lat' dir='ltr'><strong><em>summa</em></strong></span> <span class='ocrx_word' id='word_1_230' title='bbox 2487 1795 2804 1870; x_wconf 89' lang='lat' dir='ltr'><strong><em>paululum</em></strong></span> <span class='ocrx_word' id='word_1_231' title='bbox 2834 1795 2995 1866; x_wconf 90' lang='lat' dir='ltr'><strong><em>auri;</em></strong></span> <span class='ocrx_word' id='word_1_232' title='bbox 3031 1811 3100 1852; x_wconf 90' lang='lat' dir='ltr'><strong><em>ac</em></strong></span> <span class='ocrx_word' id='word_1_233' title='bbox 3142 1794 3295 1851; x_wconf 85' lang='lat' dir='ltr'><strong><em>illud</em></strong></span> <span class='ocrx_word' id='word_1_234' title='bbox 3325 1811 3398 1851; x_wconf 81' lang='lat' dir='ltr'><strong><em>ex</em></strong></span> <span class='ocrx_word' id='word_1_235' title='bbox 3427 1811 3594 1868; x_wconf 88' lang='lat' dir='ltr'><strong><em>sym-</em></strong></span> 
     </span>
    </p>
   </div>
   <div class='ocr_carea' id='block_1_35' title="bbox 1934 1884 3592 1960">
    <p class='ocr_par' dir='ltr' id='par_1_35' title="bbox 1934 1884 3592 1960">
     <span class='ocr_line' id='line_1_35' title="bbox 1934 1884 3592 1960; baseline -0.001 -17"><span class='ocrx_word' id='word_1_236' title='bbox 1934 1884 2097 1951; x_wconf 86' lang='lat' dir='ltr'><strong><em>bola,</em></strong></span> <span class='ocrx_word' id='word_1_237' title='bbox 2122 1885 2408 1960; x_wconf 84' lang='lat' dir='ltr'><strong><em>adquam</em></strong></span> <span class='ocrx_word' id='word_1_238' title='bbox 2431 1887 2733 1943; x_wconf 88' lang='lat' dir='ltr'><strong><em>civitatcm</em></strong></span> <span class='ocrx_word' id='word_1_239' title='bbox 2757 1887 3103 1942; x_wconf 86' lang='lat' dir='ltr'><strong><em>universam</em></strong></span> <span class='ocrx_word' id='word_1_240' title='bbox 3122 1885 3342 1942; x_wconf 85' lang='lat' dir='ltr'><strong><em>hortati</em></strong></span> <span class='ocrx_word' id='word_1_241' title='bbox 3359 1902 3592 1957; x_wconf 90' lang='lat' dir='ltr'><strong><em>sumus,</em></strong></span> 
     </span>
    </p>
   </div>
   <div class='ocr_carea' id='block_1_36' title="bbox 1934 1975 3589 2047">
    <p class='ocr_par' dir='ltr' id='par_1_36' title="bbox 1934 1975 3589 2047">
     <span class='ocr_line' id='line_1_36' title="bbox 1934 1975 3589 2047; baseline -0.001 -15"><span class='ocrx_word' id='word_1_242' title='bbox 1934 1992 2182 2032; x_wconf 90' lang='lat' dir='ltr'><strong><em>necesse</em></strong></span> <span class='ocrx_word' id='word_1_243' title='bbox 2221 1981 2313 2032; x_wconf 91' lang='lat' dir='ltr'><strong><em>est</em></strong></span> <span class='ocrx_word' id='word_1_244' title='bbox 2345 1975 2586 2046; x_wconf 89' lang='lat' dir='ltr'><strong><em>colligi;</em></strong></span> <span class='ocrx_word' id='word_1_245' title='bbox 2629 1975 3013 2032; x_wconf 89' lang='lat' dir='ltr'><strong><em>clementiam</em></strong></span> <span class='ocrx_word' id='word_1_246' title='bbox 3062 1979 3230 2031; x_wconf 88' lang='lat' dir='ltr'><strong><em>tuam</em></strong></span> <span class='ocrx_word' id='word_1_247' title='bbox 3280 1991 3589 2047; x_wconf 88' lang='lat' dir='ltr'><strong><em>rogamus,</em></strong></span> 
     </span>
    </p>
   </div>
   <div class='ocr_carea' id='block_1_37' title="bbox 1935 2063 3596 2138">
    <p class='ocr_par' dir='ltr' id='par_1_37' title="bbox 1935 2063 3596 2138">
     <span class='ocr_line' id='line_1_37' title="bbox 1935 2063 3596 2138; baseline 0 -17"><span class='ocrx_word' id='word_1_248' title='bbox 1935 2063 2112 2121; x_wconf 87' lang='lat' dir='ltr'><strong><em>nobis</em></strong></span> <span class='ocrx_word' id='word_1_249' title='bbox 2144 2066 2549 2137; x_wconf 85' lang='lat' dir='ltr'><strong><em>praestitutum</em></strong></span> <span class='ocrx_word' id='word_1_250' title='bbox 2579 2069 2820 2138; x_wconf 89' lang='lat' dir='ltr'><strong><em>tempus</em></strong></span> <span class='ocrx_word' id='word_1_251' title='bbox 2851 2063 3164 2138; x_wconf 88' lang='lat' dir='ltr'><strong><em>paulisper</em></strong></span> <span class='ocrx_word' id='word_1_252' title='bbox 3186 2079 3496 2137; x_wconf 87' lang='lat' dir='ltr'><strong><em>proroges,</em></strong></span> <span class='ocrx_word' id='word_1_253' title='bbox 3529 2068 3596 2121; x_wconf 92' lang='lat' dir='ltr'><strong><em>ut</em></strong></span> 
     </span>
    </p>
   </div>
   <div class='ocr_carea' id='block_1_38' title="bbox 1934 2151 3592 2226">
    <p class='ocr_par' dir='ltr' id='par_1_38' title="bbox 1934 2151 3592 2226">
     <span class='ocr_line' id='line_1_38' title="bbox 1934 2151 3592 2226; baseline -0.001 -17"><span class='ocrx_word' id='word_1_254' title='bbox 1934 2158 1991 2209; x_wconf 90' lang='lat' dir='ltr'><strong><em>et</em></strong></span> <span class='ocrx_word' id='word_1_255' title='bbox 2016 2153 2119 2226; x_wconf 90' lang='lat' dir='ltr'><strong><em>qui</em></strong></span> <span class='ocrx_word' id='word_1_256' title='bbox 2143 2153 2220 2210; x_wconf 90' lang='lat' dir='ltr'><strong><em>ab</em></strong></span> <span class='ocrx_word' id='word_1_257' title='bbox 2243 2153 2391 2210; x_wconf 89' lang='lat' dir='ltr'><strong><em>urbe</em></strong></span> <span class='ocrx_word' id='word_1_258' title='bbox 2417 2153 2658 2221; x_wconf 88' lang='lat' dir='ltr'><strong><em>absunt,</em></strong></span> <span class='ocrx_word' id='word_1_259' title='bbox 2682 2153 3146 2210; x_wconf 83' lang='lat' dir='ltr'><strong><em>admoneantur.</em></strong></span> <span class='ocrx_word' id='word_1_260' title='bbox 3162 2156 3226 2208; x_wconf 90' lang='lat' dir='ltr'><strong><em>In</em></strong></span> <span class='ocrx_word' id='word_1_261' title='bbox 3249 2151 3409 2222; x_wconf 90' lang='lat' dir='ltr'><strong><em>agris</em></strong></span> <span class='ocrx_word' id='word_1_262' title='bbox 3430 2152 3592 2208; x_wconf 91' lang='lat' dir='ltr'><strong><em>enim</em></strong></span> 
     </span>
    </p>
   </div>
   <div class='ocr_carea' id='block_1_39' title="bbox 210 2235 1822 2316">
    <p class='ocr_par' dir='ltr' id='par_1_39' title="bbox 210 2235 1822 2316">
     <span class='ocr_line' id='line_1_39' title="bbox 210 2235 1822 2316; baseline 0.001 -24"><span class='ocrx_word' id='word_1_263' title='bbox 210 2235 334 2293; x_wconf 70' lang='grc' dir='ltr'><strong><em>οὐδὲ</em></strong></span> <span class='ocrx_word' id='word_1_264' title='bbox 371 2239 538 2302; x_wconf 65' lang='grc' dir='ltr'>αὐτὸς</span> <span class='ocrx_word' id='word_1_265' title='bbox 592 2237 816 2312; x_wconf 74' lang='grc' dir='ltr'>ἀγνοεῖς.</span> <span class='ocrx_word' id='word_1_266' title='bbox 871 2240 984 2294; x_wconf 76' lang='grc' dir='ltr'><strong><em>Ἐὰν</em></strong></span> <span class='ocrx_word' id='word_1_267' title='bbox 1051 2243 1141 2315; x_wconf 64' lang='grc' dir='ltr'>μὲν</span> <span class='ocrx_word' id='word_1_268' title='bbox 1194 2237 1282 2294; x_wconf 73' lang='grc' dir='ltr'>οὖν</span> <span class='ocrx_word' id='word_1_269' title='bbox 1405 2237 1627 2294; x_wconf 76' lang='grc' dir='ltr'>δυνατὸν</span> <span class='ocrx_word' id='word_1_270' title='bbox 1683 2243 1822 2316; x_wconf 86' lang='grc' dir='ltr'>παρά</span> 
     </span>
    </p>
   </div>
   <div class='ocr_carea' id='block_1_40' title="bbox 1935 2235 3593 2316">
    <p class='ocr_par' dir='ltr' id='par_1_40' title="bbox 1935 2239 3593 2316">
     <span class='ocr_line' id='line_1_40' title="bbox 1935 2239 3593 2316; baseline 0 -20"><span class='ocrx_word' id='word_1_271' title='bbox 1935 2246 2075 2298; x_wconf 91' lang='lat' dir='ltr'><strong><em>sunt</em></strong></span> <span class='ocrx_word' id='word_1_272' title='bbox 2125 2241 2396 2316; x_wconf 86' lang='lat' dir='ltr'><strong><em>plerique</em></strong></span> <span class='ocrx_word' id='word_1_273' title='bbox 2443 2242 2934 2313; x_wconf 86' lang='lat' dir='ltr'><strong><em>magistratuum,</em></strong></span> <span class='ocrx_word' id='word_1_274' title='bbox 2981 2244 3046 2297; x_wconf 90' lang='lat' dir='ltr'><strong><em>ut</em></strong></span> <span class='ocrx_word' id='word_1_275' title='bbox 3083 2256 3159 2296; x_wconf 90' lang='lat' dir='ltr'><strong><em>ne</em></strong></span> <span class='ocrx_word' id='word_1_276' title='bbox 3187 2240 3315 2313; x_wconf 89' lang='lat' dir='ltr'><strong><em>ipse</em></strong></span> <span class='ocrx_word' id='word_1_277' title='bbox 3344 2239 3593 2312; x_wconf 86' lang='lat' dir='ltr'><strong><em>quidem</em></strong></span> 
     </span>
    </p>
   </div>
   <div class='ocr_carea' id='block_1_41' title="bbox 205 2325 1825 2405">
    <p class='ocr_par' dir='ltr' id='par_1_41' title="bbox 205 2325 1825 2405">
     <span class='ocr_line' id='line_1_41' title="bbox 205 2325 1825 2405; baseline 0.001 -24"><span class='ocrx_word' id='word_1_278' title='bbox 205 2325 445 2382; x_wconf 59' lang='grc' dir='ltr'>τοσάσδε</span> <span class='ocrx_word' id='word_1_279' title='bbox 517 2327 701 2404; x_wconf 69' lang='grc' dir='ltr'>λίτρας</span> <span class='ocrx_word' id='word_1_280' title='bbox 763 2326 1140 2404; x_wconf 70' lang='grc' dir='ltr'>ἐκπεμφθῆναι,</span> <span class='ocrx_word' id='word_1_281' title='bbox 1210 2337 1458 2383; x_wconf 75' lang='grc' dir='ltr'>τοσοῦτον</span> <span class='ocrx_word' id='word_1_282' title='bbox 1523 2331 1624 2405; x_wconf 73' lang='grc' dir='ltr'><strong><em>γὰρ</em></strong></span> <span class='ocrx_word' id='word_1_283' title='bbox 1700 2331 1825 2404; x_wconf 77' lang='grc' dir='ltr'>ἡμῖν</span> 
     </span>
    </p>
   </div>
   <div class='ocr_carea' id='block_1_42' title="bbox 199 2418 1824 2493">
    <p class='ocr_par' dir='ltr' id='par_1_42' title="bbox 199 2418 1824 2493">
     <span class='ocr_line' id='line_1_42' title="bbox 199 2418 1824 2493; baseline -0.001 -22"><span class='ocrx_word' id='word_1_284' title='bbox 199 2418 600 2490; x_wconf 71' lang='grc' dir='ltr'><strong><em>ὑπολέλειπται,</em></strong></span> <span class='ocrx_word' id='word_1_285' title='bbox 632 2423 786 2472; x_wconf 85' lang='grc' dir='ltr'>τοῦτο</span> <span class='ocrx_word' id='word_1_286' title='bbox 833 2419 1075 2491; x_wconf 75' lang='grc' dir='ltr'>γενέσθαι</span> <span class='ocrx_word' id='word_1_287' title='bbox 1126 2419 1524 2493; x_wconf 72' lang='grc' dir='ltr'>παρακαλοῦμέν</span> <span class='ocrx_word' id='word_1_288' title='bbox 1571 2433 1664 2472; x_wconf 75' lang='grc' dir='ltr'>σε’</span> <span class='ocrx_word' id='word_1_289' title='bbox 1723 2418 1824 2471; x_wconf 73' lang='grc' dir='ltr'><strong><em>κᾶ-</em></strong></span> 
     </span>
    </p>
   </div>
   <div class='ocr_carea' id='block_1_43' title="bbox 201 2504 1822 2582">
    <p class='ocr_par' dir='ltr' id='par_1_43' title="bbox 201 2504 1822 2582">
     <span class='ocr_line' id='line_1_43' title="bbox 201 2504 1822 2582; baseline -0.001 -21"><span class='ocrx_word' id='word_1_290' title='bbox 201 2516 342 2561; x_wconf 82' lang='grc' dir='ltr'><strong><em>κείνο</em></strong></span> <span class='ocrx_word' id='word_1_291' title='bbox 408 2507 909 2566; x_wconf 81' lang='grc' dir='ltr'>ἑπαποσταλήσεται</span> <span class='ocrx_word' id='word_1_292' title='bbox 973 2507 1227 2582; x_wconf 80' lang='grc' dir='ltr'>ὕστερον·</span> <span class='ocrx_word' id='word_1_293' title='bbox 1305 2508 1391 2561; x_wconf 81' lang='grc' dir='ltr'>ἐὰν</span> <span class='ocrx_word' id='word_1_294' title='bbox 1450 2504 1510 2561; x_wconf 75' lang='grc' dir='ltr'><strong><em>δὲ</em></strong></span> <span class='ocrx_word' id='word_1_295' title='bbox 1578 2515 1727 2561; x_wconf 86' lang='grc' dir='ltr'>πᾶσα</span> 
     </span>
    </p>
   </div>
   <div class='ocr_carea' id='block_1_44' title="bbox 212 2596 1822 2674">
    <p class='ocr_par' dir='ltr' id='par_1_44' title="bbox 212 2596 1822 2674">
     <span class='ocr_line' id='line_1_44' title="bbox 212 2596 1822 2674; baseline 0.001 -25"><span class='ocrx_word' id='word_1_296' title='bbox 212 2597 418 2669; x_wconf 69' lang='grc' dir='ltr'><strong><em>ἀνάγκη</em></strong></span> <span class='ocrx_word' id='word_1_297' title='bbox 464 2596 652 2671; x_wconf 79' lang='grc' dir='ltr'>ἀθρόον</span> <span class='ocrx_word' id='word_1_298' title='bbox 705 2597 833 2650; x_wconf 70' lang='grc' dir='ltr'><strong><em>αὐτὸ</em></strong></span> <span class='ocrx_word' id='word_1_299' title='bbox 880 2599 1322 2674; x_wconf 67' lang='grc' dir='ltr'>παραπεμφθῆναι</span> <span class='ocrx_word' id='word_1_300' title='bbox 1359 2605 1464 2659; x_wconf 68' lang='grc' dir='ltr'>τοῖς</span> <span class='ocrx_word' id='word_1_301' title='bbox 1514 2599 1822 2671; x_wconf 83' lang='grc' dir='ltr'>θησαυροῖς,</span> 
     </span>
    </p>
   </div>
   <div class='ocr_carea' id='block_1_45' title="bbox 217 2685 1826 2764">
    <p class='ocr_par' dir='ltr' id='par_1_45' title="bbox 217 2685 1826 2764">
     <span class='ocr_line' id='line_1_45' title="bbox 217 2685 1826 2764; baseline -0.001 -24"><span class='ocrx_word' id='word_1_302' title='bbox 217 2689 348 2759; x_wconf 81' lang='grc' dir='ltr'>ὅπερ</span> <span class='ocrx_word' id='word_1_303' title='bbox 397 2686 444 2749; x_wconf 80' lang='grc' dir='ltr'>ἐξ</span> <span class='ocrx_word' id='word_1_304' title='bbox 475 2685 646 2759; x_wconf 78' lang='grc' dir='ltr'>ἀρχῆς</span> <span class='ocrx_word' id='word_1_305' title='bbox 694 2687 1014 2761; x_wconf 78' lang='grc' dir='ltr'>ἠξιώσαμεν,</span> <span class='ocrx_word' id='word_1_306' title='bbox 1063 2685 1381 2764; x_wconf 78' lang='grc' dir='ltr'>πλατυτέραν</span> <span class='ocrx_word' id='word_1_307' title='bbox 1421 2690 1546 2761; x_wconf 79' lang='grc' dir='ltr'>ἡμῖν</span> <span class='ocrx_word' id='word_1_308' title='bbox 1584 2689 1826 2760; x_wconf 73' lang='grc' dir='ltr'>γενέσθαι</span> 
     </span>
    </p>
   </div>
   <div class='ocr_carea' id='block_1_46' title="bbox 219 2777 700 2850">
    <p class='ocr_par' dir='ltr' id='par_1_46' title="bbox 219 2777 700 2850">
     <span class='ocr_line' id='line_1_46' title="bbox 219 2777 700 2850; baseline 0.01 -23"><span class='ocrx_word' id='word_1_309' title='bbox 219 2779 327 2835; x_wconf 76' lang='grc' dir='ltr'>τὴν</span> <span class='ocrx_word' id='word_1_310' title='bbox 358 2777 675 2850; x_wconf 71' lang='grc' dir='ltr'>προθεσμίαν</span> <span class='ocrx_word' id='word_1_311' title='bbox 687 2819 700 2832; x_wconf 94' lang='grc'><strong>.</strong></span> 
     </span>
    </p>
   </div>
   <div class='ocr_carea' id='block_1_47' title="bbox 830 2882 1323 2937">
    <p class='ocr_par' dir='ltr' id='par_1_47' title="bbox 830 2882 1323 2937">
     <span class='ocr_line' id='line_1_47' title="bbox 830 2882 1323 2937; baseline 0 -1"><span class='ocrx_word' id='word_1_312' title='bbox 830 2888 1169 2937; x_wconf 80' lang='grc' dir='ltr'><strong><em>ΕΠΙΣΤΟΛΗ</em></strong></span> <span class='ocrx_word' id='word_1_313' title='bbox 1210 2882 1323 2937; x_wconf 82' lang='grc' dir='ltr'><strong><em>ΠΘ’</em></strong></span> 
     </span>
    </p>
   </div>
   <div class='ocr_carea' id='block_1_48' title="bbox 1931 2329 3597 2402">
    <p class='ocr_par' dir='ltr' id='par_1_48' title="bbox 1931 2329 3597 2402">
     <span class='ocr_line' id='line_1_48' title="bbox 1931 2329 3597 2402; baseline -0.001 -15"><span class='ocrx_word' id='word_1_314' title='bbox 1931 2331 2200 2401; x_wconf 88' lang='lat' dir='ltr'><strong><em>ignoras.</em></strong></span> <span class='ocrx_word' id='word_1_315' title='bbox 2241 2331 2414 2398; x_wconf 86' lang='lat' dir='ltr'><strong><em>Quod</em></strong></span> <span class='ocrx_word' id='word_1_316' title='bbox 2447 2331 2497 2388; x_wconf 92' lang='lat' dir='ltr'><strong><em>si</em></strong></span> <span class='ocrx_word' id='word_1_317' title='bbox 2527 2334 2608 2388; x_wconf 89' lang='lat' dir='ltr'><strong><em>ita</em></strong></span> <span class='ocrx_word' id='word_1_318' title='bbox 2642 2330 2793 2387; x_wconf 91' lang='lat' dir='ltr'><strong><em>mitti</em></strong></span> <span class='ocrx_word' id='word_1_319' title='bbox 2823 2333 3039 2402; x_wconf 87' lang='lat' dir='ltr'><strong><em>potest,</em></strong></span> <span class='ocrx_word' id='word_1_320' title='bbox 3072 2333 3139 2386; x_wconf 85' lang='lat' dir='ltr'><strong><em>ut</em></strong></span> <span class='ocrx_word' id='word_1_321' title='bbox 3168 2334 3253 2386; x_wconf 90' lang='lat' dir='ltr'><strong><em>tot</em></strong></span> <span class='ocrx_word' id='word_1_322' title='bbox 3297 2329 3466 2385; x_wconf 68' lang='lat' dir='ltr'><strong><em>libras</em></strong></span> <span class='ocrx_word' id='word_1_323' title='bbox 3497 2329 3597 2386; x_wconf 90' lang='lat' dir='ltr'><strong><em>de-</em></strong></span> 
     </span>
    </p>
   </div>
   <div class='ocr_carea' id='block_1_49' title="bbox 1932 2419 3600 2494">
    <p class='ocr_par' dir='ltr' id='par_1_49' title="bbox 1932 2419 3600 2494">
     <span class='ocr_line' id='line_1_49' title="bbox 1932 2419 3600 2494; baseline 0 -17"><span class='ocrx_word' id='word_1_324' title='bbox 1932 2421 2069 2489; x_wconf 87' lang='lat' dir='ltr'><strong><em>sint,</em></strong></span> <span class='ocrx_word' id='word_1_325' title='bbox 2093 2421 2478 2478; x_wconf 88' lang='lat' dir='ltr'><strong><em>tantumdem</em></strong></span> <span class='ocrx_word' id='word_1_326' title='bbox 2517 2421 2678 2477; x_wconf 89' lang='lat' dir='ltr'><strong><em>enim</em></strong></span> <span class='ocrx_word' id='word_1_327' title='bbox 2705 2420 2881 2477; x_wconf 90' lang='lat' dir='ltr'><strong><em>nobis</em></strong></span> <span class='ocrx_word' id='word_1_328' title='bbox 2906 2419 3205 2494; x_wconf 87' lang='lat' dir='ltr'><strong><em>reliquum</em></strong></span> <span class='ocrx_word' id='word_1_329' title='bbox 3249 2424 3357 2490; x_wconf 90' lang='lat' dir='ltr'><strong><em>est,</em></strong></span> <span class='ocrx_word' id='word_1_330' title='bbox 3387 2419 3504 2476; x_wconf 92' lang='lat' dir='ltr'><strong><em>hoc</em></strong></span> <span class='ocrx_word' id='word_1_331' title='bbox 3535 2423 3600 2477; x_wconf 85' lang='lat' dir='ltr'><strong><em>ut</em></strong></span> 
     </span>
    </p>
   </div>
   <div class='ocr_carea' id='block_1_50' title="bbox 1930 2509 3599 2584">
    <p class='ocr_par' dir='ltr' id='par_1_50' title="bbox 1930 2509 3599 2584">
     <span class='ocr_line' id='line_1_50' title="bbox 1930 2509 3599 2584; baseline -0.001 -17"><span class='ocrx_word' id='word_1_332' title='bbox 1930 2509 2056 2579; x_wconf 90' lang='lat' dir='ltr'><strong><em>ﬁat,</em></strong></span> <span class='ocrx_word' id='word_1_333' title='bbox 2088 2514 2144 2567; x_wconf 92' lang='lat' dir='ltr'><strong><em>te</em></strong></span> <span class='ocrx_word' id='word_1_334' title='bbox 2190 2525 2378 2582; x_wconf 90' lang='lat' dir='ltr'><strong><em>rogo;</em></strong></span> <span class='ocrx_word' id='word_1_335' title='bbox 2432 2514 2490 2567; x_wconf 92' lang='lat' dir='ltr'><strong><em>et</em></strong></span> <span class='ocrx_word' id='word_1_336' title='bbox 2528 2509 2830 2584; x_wconf 90' lang='lat' dir='ltr'><strong><em>reliquum</em></strong></span> <span class='ocrx_word' id='word_1_337' title='bbox 2880 2515 3091 2582; x_wconf 90' lang='lat' dir='ltr'><strong><em>postea</em></strong></span> <span class='ocrx_word' id='word_1_338' title='bbox 3138 2509 3442 2579; x_wconf 79' lang='lat' dir='ltr'><strong><em>mittetur;</em></strong></span> <span class='ocrx_word' id='word_1_339' title='bbox 3504 2510 3599 2565; x_wconf 87' lang='lat' dir='ltr'><strong><em>sin</em></strong></span> 
     </span>
    </p>
   </div>
   <div class='ocr_carea' id='block_1_51' title="bbox 1931 2590 3601 2656">
    <p class='ocr_par' dir='ltr' id='par_1_51' title="bbox 1931 2590 3601 2656">
     <span class='ocr_line' id='line_1_51' title="bbox 1931 2590 3601 2656; baseline -0.001 0"><span class='ocrx_word' id='word_1_340' title='bbox 1931 2604 2136 2656; x_wconf 88' lang='lat' dir='ltr'><strong><em>autem</em></strong></span> <span class='ocrx_word' id='word_1_341' title='bbox 2165 2599 2417 2656; x_wconf 90' lang='lat' dir='ltr'><strong><em>omnino</em></strong></span> <span class='ocrx_word' id='word_1_342' title='bbox 2461 2615 2707 2656; x_wconf 90' lang='lat' dir='ltr'><strong><em>necesse</em></strong></span> <span class='ocrx_word' id='word_1_343' title='bbox 2738 2603 2830 2655; x_wconf 90' lang='lat' dir='ltr'><strong><em>est</em></strong></span> <span class='ocrx_word' id='word_1_344' title='bbox 2874 2597 3022 2654; x_wconf 87' lang='lat' dir='ltr'><strong><em>illud</em></strong></span> <span class='ocrx_word' id='word_1_345' title='bbox 3056 2597 3239 2654; x_wconf 88' lang='lat' dir='ltr'><strong><em>simul</em></strong></span> <span class='ocrx_word' id='word_1_346' title='bbox 3272 2590 3601 2654; x_wconf 74' lang='lat' dir='ltr'><strong><em>transmitti</em></strong></span> 
     </span>
    </p>
   </div>
   <div class='ocr_carea' id='block_1_52' title="bbox 1931 2686 3603 2761">
    <p class='ocr_par' dir='ltr' id='par_1_52' title="bbox 1931 2686 3603 2761">
     <span class='ocr_line' id='line_1_52' title="bbox 1931 2686 3603 2761; baseline 0.001 -18"><span class='ocrx_word' id='word_1_347' title='bbox 1931 2688 1995 2744; x_wconf 91' lang='lat' dir='ltr'><strong><em>in</em></strong></span> <span class='ocrx_word' id='word_1_348' title='bbox 2024 2688 2343 2744; x_wconf 90' lang='lat' dir='ltr'><strong><em>thesauros</em></strong></span> <span class='ocrx_word' id='word_1_349' title='bbox 2369 2706 2382 2758; x_wconf 89' lang='lat'><strong>;</strong></span> <span class='ocrx_word' id='word_1_350' title='bbox 2414 2689 2478 2744; x_wconf 94' lang='lat' dir='ltr'><strong><em>id</em></strong></span> <span class='ocrx_word' id='word_1_351' title='bbox 2502 2687 2667 2761; x_wconf 91' lang='lat' dir='ltr'><strong><em>quod</em></strong></span> <span class='ocrx_word' id='word_1_352' title='bbox 2697 2687 2776 2745; x_wconf 88' lang='lat' dir='ltr'><strong><em>ab</em></strong></span> <span class='ocrx_word' id='word_1_353' title='bbox 2805 2686 2974 2744; x_wconf 90' lang='lat' dir='ltr'><strong><em>initio</em></strong></span> <span class='ocrx_word' id='word_1_354' title='bbox 3005 2686 3348 2758; x_wconf 82' lang='lat' dir='ltr'><strong><em>eﬂlagitavi,</em></strong></span> <span class='ocrx_word' id='word_1_355' title='bbox 3369 2693 3434 2745; x_wconf 93' lang='lat' dir='ltr'><strong><em>ut</em></strong></span> <span class='ocrx_word' id='word_1_356' title='bbox 3453 2692 3603 2745; x_wconf 91' lang='lat' dir='ltr'><strong><em>tem-</em></strong></span> 
     </span>
    </p>
   </div>
   <div class='ocr_carea' id='block_1_53' title="bbox 1937 2776 2931 2851">
    <p class='ocr_par' dir='ltr' id='par_1_53' title="bbox 1937 2776 2931 2851">
     <span class='ocr_line' id='line_1_53' title="bbox 1937 2776 2931 2851; baseline 0 -18"><span class='ocrx_word' id='word_1_357' title='bbox 1937 2793 2054 2851; x_wconf 90' lang='lat' dir='ltr'><strong><em>pus</em></strong></span> <span class='ocrx_word' id='word_1_358' title='bbox 2077 2776 2376 2835; x_wconf 89' lang='lat' dir='ltr'><strong><em>indictum</em></strong></span> <span class='ocrx_word' id='word_1_359' title='bbox 2401 2777 2580 2834; x_wconf 89' lang='lat' dir='ltr'><strong><em>nobis</em></strong></span> <span class='ocrx_word' id='word_1_360' title='bbox 2604 2777 2931 2851; x_wconf 90' lang='lat' dir='ltr'><strong><em>producas.</em></strong></span> 
     </span>
    </p>
   </div>
   <div class='ocr_carea' id='block_1_54' title="bbox 2358 2886 3055 2942">
    <p class='ocr_par' dir='ltr' id='par_1_54' title="bbox 2358 2886 3055 2942">
     <span class='ocr_line' id='line_1_54' title="bbox 2358 2886 3055 2942; baseline -0.001 -1"><span class='ocrx_word' id='word_1_361' title='bbox 2358 2887 2695 2942; x_wconf 79' lang='lat' dir='ltr'><strong><em>EPISTOLA</em></strong></span> <span class='ocrx_word' id='word_1_362' title='bbox 2735 2886 3055 2941; x_wconf 80' lang='lat' dir='ltr'><strong>LXXXIX&quot;.</strong></span> 
     </span>
    </p>
   </div>
   <div class='ocr_carea' id='block_1_55' title="bbox 217 2954 3601 3028">
    <p class='ocr_par' dir='ltr' id='par_1_55' title="bbox 217 2954 3601 3028">
     <span class='ocr_line' id='line_1_55' title="bbox 217 2954 3601 3028; baseline 0.001 -18"><span class='ocrx_word' id='word_1_363' title='bbox 217 2955 474 3011; x_wconf 77' lang='lat' dir='ltr'><strong><em>Litteris</em></strong></span> <span class='ocrx_word' id='word_1_364' title='bbox 500 2954 734 3028; x_wconf 75' lang='lat' dir='ltr'><strong><em>solatur</em></strong></span> <span class='ocrx_word' id='word_1_365' title='bbox 756 2955 1027 3011; x_wconf 83' lang='lat' dir='ltr'><strong><em>Basilius</em></strong></span> <span class='ocrx_word' id='word_1_366' title='bbox 1053 2956 1412 3012; x_wconf 84' lang='lat' dir='ltr'><strong><em>desiderium</em></strong></span> <span class='ocrx_word' id='word_1_367' title='bbox 1437 2955 1684 3012; x_wconf 87' lang='lat' dir='ltr'><strong><em>videndi</em></strong></span> <span class='ocrx_word' id='word_1_368' title='bbox 1705 2955 1958 3024; x_wconf 79' lang='lat' dir='ltr'><strong><em>Meletii,</em></strong></span> <span class='ocrx_word' id='word_1_369' title='bbox 1982 2971 2230 3028; x_wconf 90' lang='lat' dir='ltr'><strong><em>eumque</em></strong></span> <span class='ocrx_word' id='word_1_370' title='bbox 2257 2973 2368 3027; x_wconf 90' lang='lat' dir='ltr'><strong><em>per</em></strong></span> <span class='ocrx_word' id='word_1_371' title='bbox 2396 2957 2762 3013; x_wconf 84' lang='lat' dir='ltr'><strong><em>Dorotheum</em></strong></span> <span class='ocrx_word' id='word_1_372' title='bbox 2793 2956 3128 3013; x_wconf 89' lang='lat' dir='ltr'><strong><em>obtestatur</em></strong></span> <span class='ocrx_word' id='word_1_373' title='bbox 3153 2961 3219 3012; x_wconf 91' lang='lat' dir='ltr'><strong><em>ut</em></strong></span> <span class='ocrx_word' id='word_1_374' title='bbox 3237 2971 3356 3026; x_wconf 85' lang='lat' dir='ltr'><strong><em>pro</em></strong></span> <span class='ocrx_word' id='word_1_375' title='bbox 3374 2971 3436 3013; x_wconf 85' lang='lat' dir='ltr'><strong><em>se</em></strong></span> <span class='ocrx_word' id='word_1_376' title='bbox 3452 2961 3601 3028; x_wconf 87' lang='lat' dir='ltr'><strong><em>oret,</em></strong></span> 
     </span>
    </p>
   </div>
   <div class='ocr_carea' id='block_1_56' title="bbox 295 3026 3604 3101">
    <p class='ocr_par' dir='ltr' id='par_1_56' title="bbox 295 3026 3604 3101">
     <span class='ocr_line' id='line_1_56' title="bbox 295 3026 3604 3101; baseline 0.001 -19"><span class='ocrx_word' id='word_1_377' title='bbox 295 3032 352 3082; x_wconf 86' lang='lat' dir='ltr'><strong><em>et</em></strong></span> <span class='ocrx_word' id='word_1_378' title='bbox 372 3028 426 3082; x_wconf 89' lang='lat' dir='ltr'><strong><em>si</em></strong></span> <span class='ocrx_word' id='word_1_379' title='bbox 450 3026 960 3101; x_wconf 83' lang='lat' dir='ltr'><strong><em>ad_0ccidenta_les</em></strong></span> <span class='ocrx_word' id='word_1_380' title='bbox 981 3028 1362 3101; x_wconf 81' lang='lat' dir='ltr'><strong><em>scribendum</em></strong></span> <span class='ocrx_word' id='word_1_381' title='bbox 1378 3028 1476 3093; x_wconf 89' lang='lat' dir='ltr'><strong><em>sit,</em></strong></span> <span class='ocrx_word' id='word_1_382' title='bbox 1503 3029 1735 3101; x_wconf 79' lang='lat' dir='ltr'><strong><em>litteras</em></strong></span> <span class='ocrx_word' id='word_1_383' title='bbox 1753 3028 1938 3101; x_wconf 80' lang='lat' dir='ltr'><strong><em>dictet</em></strong></span> <span class='ocrx_word' id='word_1_384' title='bbox 1959 3043 2052 3084; x_wconf 77' lang='lat' dir='ltr'><strong><em>.‘se</em></strong></span> <span class='ocrx_word' id='word_1_385' title='bbox 2069 3026 2226 3084; x_wconf 75' lang='lat' dir='ltr'><strong><em>enim</em></strong></span> <span class='ocrx_word' id='word_1_386' title='bbox 2238 3026 2372 3099; x_wconf 83' lang='lat' dir='ltr'><strong><em>jam</em></strong></span> <span class='ocrx_word' id='word_1_387' title='bbox 2393 3030 2701 3098; x_wconf 82' lang='lat' dir='ltr'><strong><em>scripsisse</em></strong></span> <span class='ocrx_word' id='word_1_388' title='bbox 2716 3043 2832 3101; x_wconf 77' lang='lat' dir='ltr'><strong><em>per</em></strong></span> <span class='ocrx_word' id='word_1_389' title='bbox 2846 3029 3160 3098; x_wconf 84' lang='lat' dir='ltr'><strong><em>Sabinum,</em></strong></span> <span class='ocrx_word' id='word_1_390' title='bbox 3183 3029 3287 3085; x_wconf 88' lang='lat' dir='ltr'><strong><em>sed</em></strong></span> <span class='ocrx_word' id='word_1_391' title='bbox 3311 3026 3604 3101; x_wconf 84' lang='lat' dir='ltr'><strong><em>tanquam</em></strong></span> 
     </span>
    </p>
   </div>
   <div class='ocr_carea' id='block_1_57' title="bbox 289 3097 3607 3172">
    <p class='ocr_par' dir='ltr' id='par_1_57' title="bbox 289 3097 3607 3172">
     <span class='ocr_line' id='line_1_57' title="bbox 289 3097 3607 3172; baseline 0.001 -18"><span class='ocrx_word' id='word_1_392' title='bbox 289 3112 329 3154; x_wconf 91' lang='lat' dir='ltr'><strong><em>a</em></strong></span> <span class='ocrx_word' id='word_1_393' title='bbox 348 3098 580 3172; x_wconf 75' lang='lat' dir='ltr'><strong><em>synodo</em></strong></span> <span class='ocrx_word' id='word_1_394' title='bbox 605 3097 967 3172; x_wconf 81' lang='lat' dir='ltr'><strong><em>mittendum</em></strong></span> <span class='ocrx_word' id='word_1_395' title='bbox 997 3099 1103 3171; x_wconf 88' lang='lat' dir='ltr'><strong><em>qui</em></strong></span> <span class='ocrx_word' id='word_1_396' title='bbox 1133 3100 1369 3172; x_wconf 82' lang='lat' dir='ltr'><strong><em>litteras</em></strong></span> <span class='ocrx_word' id='word_1_397' title='bbox 1399 3099 1692 3172; x_wconf 83' lang='lat' dir='ltr'><strong><em>perferat.</em></strong></span> <span class='ocrx_word' id='word_1_398' title='bbox 1731 3100 1924 3169; x_wconf 89' lang='lat' dir='ltr'><strong><em>Negat</em></strong></span> <span class='ocrx_word' id='word_1_399' title='bbox 1959 3114 2020 3156; x_wconf 87' lang='lat' dir='ltr'><strong><em>se</em></strong></span> <span class='ocrx_word' id='word_1_400' title='bbox 2045 3097 2648 3172; x_wconf 68' lang='lat' dir='ltr'><strong><em>apudAt/zanasium</em></strong></span> <span class='ocrx_word' id='word_1_401' title='bbox 2686 3097 3015 3172; x_wconf 89' lang='lat' dir='ltr'><strong><em>quidquam</em></strong></span> <span class='ocrx_word' id='word_1_402' title='bbox 3046 3097 3402 3171; x_wconf 80' lang='lat' dir='ltr'><strong><em>pramovere</em></strong></span> <span class='ocrx_word' id='word_1_403' title='bbox 3429 3097 3607 3171; x_wconf 76' lang='lat' dir='ltr'><strong><em>posse</em></strong></span> 
     </span>
    </p>
   </div>
   <div class='ocr_carea' id='block_1_58' title="bbox 283 3170 2834 3242">
    <p class='ocr_par' dir='ltr' id='par_1_58' title="bbox 283 3170 2834 3242">
     <span class='ocr_line' id='line_1_58' title="bbox 283 3170 2834 3242; baseline 0.001 -16"><span class='ocrx_word' id='word_1_404' title='bbox 283 3171 410 3226; x_wconf 86' lang='lat' dir='ltr'><strong><em>nisi</em></strong></span> <span class='ocrx_word' id='word_1_405' title='bbox 430 3185 470 3227; x_wconf 91' lang='lat' dir='ltr'><strong><em>a</em></strong></span> <span class='ocrx_word' id='word_1_406' title='bbox 498 3170 744 3227; x_wconf 77' lang='lat' dir='ltr'><strong><em>Meletio</em></strong></span> <span class='ocrx_word' id='word_1_407' title='bbox 775 3170 1020 3242; x_wconf 76' lang='lat' dir='ltr'><strong><em>ejusque</em></strong></span> <span class='ocrx_word' id='word_1_408' title='bbox 1048 3171 1223 3227; x_wconf 87' lang='lat' dir='ltr'><strong><em>sociis</em></strong></span> <span class='ocrx_word' id='word_1_409' title='bbox 1254 3171 1492 3226; x_wconf 89' lang='lat' dir='ltr'><strong><em>initium</em></strong></span> <span class='ocrx_word' id='word_1_410' title='bbox 1521 3171 1632 3239; x_wconf 81' lang='lat' dir='ltr'><strong><em>ﬁat</em></strong></span> <span class='ocrx_word' id='word_1_411' title='bbox 1662 3172 2095 3228; x_wconf 87' lang='lat' dir='ltr'><strong><em>communionis</em></strong></span> <span class='ocrx_word' id='word_1_412' title='bbox 2121 3171 2460 3230; x_wconf 83' lang='lat' dir='ltr'><strong><em>Athanasio</em></strong></span> <span class='ocrx_word' id='word_1_413' title='bbox 2492 3170 2834 3242; x_wconf 60' lang='lat' dir='ltr'><strong><em>offerendas.</em></strong></span> 
     </span>
    </p>
   </div>
   <div class='ocr_carea' id='block_1_59' title="bbox 565 3274 1480 3350">
    <p class='ocr_par' dir='ltr' id='par_1_59' title="bbox 565 3274 1480 3350">
     <span class='ocr_line' id='line_1_59' title="bbox 565 3274 1480 3350; baseline 0.003 -21"><span class='ocrx_word' id='word_1_414' title='bbox 565 3274 796 3348; x_wconf 78' lang='grc' dir='ltr'>Μελετίῳ</span> <span class='ocrx_word' id='word_1_415' title='bbox 826 3275 1096 3350; x_wconf 84' lang='grc' dir='ltr'>ἐπισκὸπῳ</span> <span class='ocrx_word' id='word_1_416' title='bbox 1129 3277 1480 3350; x_wconf 77' lang='grc' dir='ltr'>Ἀντιοχείας.</span> 
     </span>
    </p>
   </div>
   <div class='ocr_carea' id='block_1_60' title="bbox 275 3381 1826 3460">
    <p class='ocr_par' dir='ltr' id='par_1_60' title="bbox 275 3381 1826 3460">
     <span class='ocr_line' id='line_1_60' title="bbox 275 3381 1826 3460; baseline -0.004 -17"><span class='ocrx_word' id='word_1_417' title='bbox 275 3387 337 3442; x_wconf 89' lang='grc'><strong><em>1.</em></strong></span> <span class='ocrx_word' id='word_1_418' title='bbox 371 3383 435 3436; x_wconf 87' lang='grc' dir='ltr'>ὀ</span> <span class='ocrx_word' id='word_1_419' title='bbox 481 3381 680 3456; x_wconf 69' lang='grc' dir='ltr'>ἀγαθός</span> <span class='ocrx_word' id='word_1_420' title='bbox 727 3387 878 3452; x_wconf 81' lang='grc' dir='ltr'>Θεὸς,</span> <span class='ocrx_word' id='word_1_421' title='bbox 928 3389 1334 3460; x_wconf 75' lang='grc' dir='ltr'>παρασχόμενος</span> <span class='ocrx_word' id='word_1_422' title='bbox 1367 3386 1482 3457; x_wconf 83' lang='grc'><strong><em>(99)</em></strong></span> <span class='ocrx_word' id='word_1_423' title='bbox 1519 3387 1644 3458; x_wconf 64' lang='grc' dir='ltr'>ἡμῖν</span> <span class='ocrx_word' id='word_1_424' title='bbox 1696 3403 1826 3460; x_wconf 84' lang='grc' dir='ltr'>προ-</span> 
     </span>
    </p>
   </div>
   <div class='ocr_carea' id='block_1_61' title="bbox 2293 3277 3246 3350">
    <p class='ocr_par' dir='ltr' id='par_1_61' title="bbox 2293 3277 3246 3350">
     <span class='ocr_line' id='line_1_61' title="bbox 2293 3277 3246 3350; baseline 0 -15"><span class='ocrx_word' id='word_1_425' title='bbox 2293 3278 2533 3336; x_wconf 79' lang='grc' dir='ltr'><strong><em>Μειειίο</em></strong></span> <span class='ocrx_word' id='word_1_426' title='bbox 2573 3279 2847 3350; x_wconf 88' lang='lat' dir='ltr'><strong><em>episcopo</em></strong></span> <span class='ocrx_word' id='word_1_427' title='bbox 2884 3277 3246 3335; x_wconf 57' lang='lat' dir='ltr'><strong><em>Antiochia.</em></strong></span> 
     </span>
    </p>
   </div>
   <div class='ocr_carea' id='block_1_62' title="bbox 2013 3380 3604 3460">
    <p class='ocr_par' dir='ltr' id='par_1_62' title="bbox 2013 3380 3604 3460">
     <span class='ocr_line' id='line_1_62' title="bbox 2013 3380 3604 3460; baseline 0 -18"><span class='ocrx_word' id='word_1_428' title='bbox 2013 3390 2063 3442; x_wconf 81' lang='lat' dir='ltr'><strong><em>t.</em></strong></span> <span class='ocrx_word' id='word_1_429' title='bbox 2105 3387 2306 3443; x_wconf 90' lang='lat' dir='ltr'><strong><em>Bonus</em></strong></span> <span class='ocrx_word' id='word_1_430' title='bbox 2338 3388 2506 3460; x_wconf 69' lang='lat' dir='ltr'><strong><em>{Deus</em></strong></span> <span class='ocrx_word' id='word_1_431' title='bbox 2545 3386 2900 3444; x_wconf 88' lang='lat' dir='ltr'><strong><em>occasiones</em></strong></span> <span class='ocrx_word' id='word_1_432' title='bbox 2929 3385 3108 3444; x_wconf 91' lang='lat' dir='ltr'><strong><em>nobis</em></strong></span> <span class='ocrx_word' id='word_1_433' title='bbox 3147 3383 3485 3442; x_wconf 61' lang='lat' dir='ltr'><strong><em>salutanda:</em></strong></span> <span class='ocrx_word' id='word_1_434' title='bbox 3510 3380 3604 3442; x_wconf 82' lang='lat' dir='ltr'><strong><em>di-</em></strong></span> 
     </span>
    </p>
   </div>
   <div class='ocr_carea' id='block_1_63' title="bbox 204 3467 1822 3550">
    <p class='ocr_par' dir='ltr' id='par_1_63' title="bbox 204 3475 1822 3550">
     <span class='ocr_line' id='line_1_63' title="bbox 204 3475 1822 3550; baseline -0.001 -23"><span class='ocrx_word' id='word_1_435' title='bbox 204 3475 399 3548; x_wconf 60' lang='grc' dir='ltr'>φάσεις</span> <span class='ocrx_word' id='word_1_436' title='bbox 431 3481 808 3547; x_wconf 70' lang='grc' dir='ltr'>προσηγοριῶν</span> <span class='ocrx_word' id='word_1_437' title='bbox 838 3476 964 3550; x_wconf 85' lang='grc' dir='ltr'>πρὸς</span> <span class='ocrx_word' id='word_1_438' title='bbox 997 3478 1092 3533; x_wconf 77' lang='grc' dir='ltr'>τὴν</span> <span class='ocrx_word' id='word_1_439' title='bbox 1126 3479 1224 3532; x_wconf 75' lang='grc' dir='ltr'>σὴν</span> <span class='ocrx_word' id='word_1_440' title='bbox 1261 3479 1566 3547; x_wconf 78' lang='grc' dir='ltr'>τιμιότητα,</span> <span class='ocrx_word' id='word_1_441' title='bbox 1601 3477 1659 3526; x_wconf 83' lang='grc' dir='ltr'>τὸ</span> <span class='ocrx_word' id='word_1_442' title='bbox 1692 3493 1822 3547; x_wconf 74' lang='grc' dir='ltr'>σφο-</span> 
     </span>
    </p>
   </div>
   <div class='ocr_carea' id='block_1_64' title="bbox 1935 3467 3608 3550">
    <p class='ocr_par' dir='ltr' id='par_1_64' title="bbox 1938 3475 3608 3549">
     <span class='ocr_line' id='line_1_64' title="bbox 1938 3475 3608 3549; baseline 0.001 -18"><span class='ocrx_word' id='word_1_443' title='bbox 1938 3475 2182 3546; x_wconf 88' lang='lat' dir='ltr'><strong><em>gnitatis</em></strong></span> <span class='ocrx_word' id='word_1_444' title='bbox 2213 3480 2329 3533; x_wconf 59' lang='lat' dir='ltr'><strong><em>tua;</em></strong></span> <span class='ocrx_word' id='word_1_445' title='bbox 2372 3475 2673 3549; x_wconf 73' lang='lat' dir='ltr'><strong><em>praebens,</em></strong></span> <span class='ocrx_word' id='word_1_446' title='bbox 2714 3475 3162 3533; x_wconf 88' lang='lat' dir='ltr'><strong><em>vehementiam</em></strong></span> <span class='ocrx_word' id='word_1_447' title='bbox 3193 3475 3478 3532; x_wconf 87' lang='lat' dir='ltr'><strong><em>desiderii</em></strong></span> <span class='ocrx_word' id='word_1_448' title='bbox 3505 3475 3608 3532; x_wconf 88' lang='lat' dir='ltr'><strong><em>de-</em></strong></span> 
     </span>
    </p>
   </div>
   <div class='ocr_carea' id='block_1_65' title="bbox 208 3560 1827 3638">
    <p class='ocr_par' dir='ltr' id='par_1_65' title="bbox 208 3560 1827 3638">
     <span class='ocr_line' id='line_1_65' title="bbox 208 3560 1827 3638; baseline -0.001 -21"><span class='ocrx_word' id='word_1_449' title='bbox 208 3560 340 3637; x_wconf 79' lang='grc' dir='ltr'><strong><em>δρόν</em></strong></span> <span class='ocrx_word' id='word_1_450' title='bbox 397 3570 496 3616; x_wconf 79' lang='grc' dir='ltr'>τοῦ</span> <span class='ocrx_word' id='word_1_451' title='bbox 547 3564 714 3616; x_wconf 86' lang='grc' dir='ltr'>πόθου</span> <span class='ocrx_word' id='word_1_452' title='bbox 774 3565 1186 3638; x_wconf 86' lang='grc' dir='ltr'>παραμυθεῖται.</span> <span class='ocrx_word' id='word_1_453' title='bbox 1245 3565 1460 3637; x_wconf 82' lang='grc' dir='ltr'>Μάρτυς</span> <span class='ocrx_word' id='word_1_454' title='bbox 1517 3566 1619 3638; x_wconf 70' lang='grc' dir='ltr'><strong><em>γὰρ</em></strong></span> <span class='ocrx_word' id='word_1_455' title='bbox 1671 3563 1827 3625; x_wconf 76' lang='grc' dir='ltr'>αὐτὸς</span> 
     </span>
    </p>
   </div>
   <div class='ocr_carea' id='block_1_66' title="bbox 210 3651 1824 3726">
    <p class='ocr_par' dir='ltr' id='par_1_66' title="bbox 210 3651 1824 3726">
     <span class='ocr_line' id='line_1_66' title="bbox 210 3651 1824 3726; baseline 0.001 -21"><span class='ocrx_word' id='word_1_456' title='bbox 210 3661 309 3714; x_wconf 62' lang='grc' dir='ltr'>τῆς</span> <span class='ocrx_word' id='word_1_457' title='bbox 347 3651 641 3725; x_wconf 72' lang='grc' dir='ltr'>ἐπιθυμίας</span> <span class='ocrx_word' id='word_1_458' title='bbox 676 3653 845 3726; x_wconf 78' lang='grc' dir='ltr'>ἡμῶν,</span> <span class='ocrx_word' id='word_1_459' title='bbox 873 3653 936 3712; x_wconf 75' lang='grc' dir='ltr'>ἣν</span> <span class='ocrx_word' id='word_1_460' title='bbox 971 3655 1164 3726; x_wconf 77' lang='grc' dir='ltr'>ἔχομεν</span> <span class='ocrx_word' id='word_1_461' title='bbox 1207 3653 1279 3715; x_wconf 88' lang='grc' dir='ltr'><strong><em>εἰς</em></strong></span> <span class='ocrx_word' id='word_1_462' title='bbox 1313 3657 1372 3706; x_wconf 89' lang='grc' dir='ltr'>τὸ</span> <span class='ocrx_word' id='word_1_463' title='bbox 1405 3655 1698 3707; x_wconf 80' lang='grc' dir='ltr'>θεάσασθαί</span> <span class='ocrx_word' id='word_1_464' title='bbox 1730 3673 1824 3706; x_wconf 87' lang='grc' dir='ltr'><strong><em>σου</em></strong></span> 
     </span>
    </p>
   </div>
   <div class='ocr_carea' id='block_1_67' title="bbox 210 3740 1826 3816">
    <p class='ocr_par' dir='ltr' id='par_1_67' title="bbox 210 3740 1826 3816">
     <span class='ocr_line' id='line_1_67' title="bbox 210 3740 1826 3816; baseline 0 -20"><span class='ocrx_word' id='word_1_465' title='bbox 210 3745 272 3796; x_wconf 81' lang='grc' dir='ltr'>τὸ</span> <span class='ocrx_word' id='word_1_466' title='bbox 293 3743 376 3814; x_wconf 75' lang='grc'><strong>(1)</strong></span> <span class='ocrx_word' id='word_1_467' title='bbox 409 3745 717 3816; x_wconf 80' lang='grc' dir='ltr'>πρόσωπον,</span> <span class='ocrx_word' id='word_1_468' title='bbox 769 3747 860 3795; x_wconf 76' lang='grc' dir='ltr'>καὶ</span> <span class='ocrx_word' id='word_1_469' title='bbox 899 3740 1198 3795; x_wconf 76' lang='grc' dir='ltr'>ἀπολαῦσαι</span> <span class='ocrx_word' id='word_1_470' title='bbox 1239 3751 1336 3805; x_wconf 80' lang='grc' dir='ltr'>τῆς</span> <span class='ocrx_word' id='word_1_471' title='bbox 1369 3741 1570 3815; x_wconf 66' lang='grc' dir='ltr'>ἀγαθῆς</span> <span class='ocrx_word' id='word_1_472' title='bbox 1611 3763 1705 3796; x_wconf 86' lang='grc' dir='ltr'><strong><em>σου</em></strong></span> <span class='ocrx_word' id='word_1_473' title='bbox 1735 3747 1826 3796; x_wconf 79' lang='grc' dir='ltr'>καὶ</span> 
     </span>
    </p>
   </div>
   <div class='ocr_carea' id='block_1_68' title="bbox 202 3827 1823 3904">
    <p class='ocr_par' dir='ltr' id='par_1_68' title="bbox 202 3827 1823 3904">
     <span class='ocr_line' id='line_1_68' title="bbox 202 3827 1823 3904; baseline 0 -20"><span class='ocrx_word' id='word_1_474' title='bbox 202 3831 564 3904; x_wconf 63' lang='grc' dir='ltr'>ψνχωφελοῦς</span> <span class='ocrx_word' id='word_1_475' title='bbox 607 3827 987 3894; x_wconf 76' lang='grc' dir='ltr'>διδασκαλίας.</span> <span class='ocrx_word' id='word_1_476' title='bbox 1041 3837 1142 3885; x_wconf 80' lang='grc' dir='ltr'><strong><em>Καὶ</em></strong></span> <span class='ocrx_word' id='word_1_477' title='bbox 1185 3839 1275 3884; x_wconf 82' lang='grc' dir='ltr'>νῦν</span> <span class='ocrx_word' id='word_1_478' title='bbox 1307 3828 1367 3885; x_wconf 71' lang='grc' dir='ltr'>δε</span> <span class='ocrx_word' id='word_1_479' title='bbox 1407 3829 1502 3885; x_wconf 73' lang='grc' dir='ltr'><strong><em>διὰ</em></strong></span> <span class='ocrx_word' id='word_1_480' title='bbox 1540 3839 1638 3885; x_wconf 83' lang='grc' dir='ltr'>τοῦ</span> <span class='ocrx_word' id='word_1_481' title='bbox 1670 3831 1823 3886; x_wconf 70' lang='grc' dir='ltr'>εὐλα-</span> 
     </span>
    </p>
   </div>
   <div class='ocr_carea' id='block_1_69' title="bbox 203 3916 1822 3997">
    <p class='ocr_par' dir='ltr' id='par_1_69' title="bbox 203 3916 1822 3997">
     <span class='ocr_line' id='line_1_69' title="bbox 203 3916 1822 3997; baseline 0 -23"><span class='ocrx_word' id='word_1_482' title='bbox 203 3920 467 3975; x_wconf 68' lang='grc' dir='ltr'>ϐεστάτου</span> <span class='ocrx_word' id='word_1_483' title='bbox 519 3925 611 3973; x_wconf 76' lang='grc' dir='ltr'>καὶ</span> <span class='ocrx_word' id='word_1_484' title='bbox 660 3916 1088 3974; x_wconf 77' lang='grc' dir='ltr'>σπουδαιοτάτου</span> <span class='ocrx_word' id='word_1_485' title='bbox 1142 3917 1368 3995; x_wconf 73' lang='grc' dir='ltr'>ἀδελφοῦ</span> <span class='ocrx_word' id='word_1_486' title='bbox 1417 3924 1679 3997; x_wconf 78' lang='grc' dir='ltr'>Δωροθέου</span> <span class='ocrx_word' id='word_1_487' title='bbox 1730 3929 1822 3976; x_wconf 80' lang='grc' dir='ltr'>τοῦ</span> 
     </span>
    </p>
   </div>
   <div class='ocr_carea' id='block_1_70' title="bbox 200 4008 1820 4087">
    <p class='ocr_par' dir='ltr' id='par_1_70' title="bbox 200 4008 1820 4087">
     <span class='ocr_line' id='line_1_70' title="bbox 200 4008 1820 4087; baseline -0.001 -22"><span class='ocrx_word' id='word_1_488' title='bbox 200 4008 562 4065; x_wconf 66' lang='grc' dir='ltr'>συνδακὸνου</span> <span class='ocrx_word' id='word_1_489' title='bbox 618 4008 910 4084; x_wconf 76' lang='grc' dir='ltr'>ἐρχομένου</span> <span class='ocrx_word' id='word_1_490' title='bbox 965 4011 1366 4087; x_wconf 73' lang='grc' dir='ltr'>παρακαλοῦμεν</span> <span class='ocrx_word' id='word_1_491' title='bbox 1426 4031 1484 4066; x_wconf 84' lang='grc' dir='ltr'><strong><em>σε</em></strong></span> <span class='ocrx_word' id='word_1_492' title='bbox 1547 4031 1820 4085; x_wconf 75' lang='grc' dir='ltr'>προηγου-</span> 
     </span>
    </p>
   </div>
   <div class='ocr_carea' id='block_1_71' title="bbox 199 4101 1821 4177">
    <p class='ocr_par' dir='ltr' id='par_1_71' title="bbox 199 4101 1821 4177">
     <span class='ocr_line' id='line_1_71' title="bbox 199 4101 1821 4177; baseline 0.001 -25"><span class='ocrx_word' id='word_1_493' title='bbox 199 4104 370 4174; x_wconf 71' lang='grc' dir='ltr'>μένως</span> <span class='ocrx_word' id='word_1_494' title='bbox 405 4102 804 4174; x_wconf 77' lang='grc' dir='ltr'>προσεύχεσθαι</span> <span class='ocrx_word' id='word_1_495' title='bbox 858 4101 987 4174; x_wconf 69' lang='grc' dir='ltr'>ὑπὲρ</span> <span class='ocrx_word' id='word_1_496' title='bbox 1026 4103 1194 4173; x_wconf 78' lang='grc' dir='ltr'>ἡμῶν,</span> <span class='ocrx_word' id='word_1_497' title='bbox 1249 4102 1332 4154; x_wconf 81' lang='grc' dir='ltr'>ἵνα</span> <span class='ocrx_word' id='word_1_498' title='bbox 1375 4105 1448 4174; x_wconf 76' lang='grc' dir='ltr'>μὴ</span> <span class='ocrx_word' id='word_1_499' title='bbox 1497 4106 1821 4177; x_wconf 83' lang='grc' dir='ltr'>πρόσκομμα</span> 
     </span>
    </p>
   </div>
   <div class='ocr_carea' id='block_1_72' title="bbox 199 4185 1819 4267">
    <p class='ocr_par' dir='ltr' id='par_1_72' title="bbox 199 4185 1819 4267">
     <span class='ocr_line' id='line_1_72' title="bbox 199 4185 1819 4267; baseline 0 -25"><span class='ocrx_word' id='word_1_500' title='bbox 199 4189 344 4262; x_wconf 75' lang='grc' dir='ltr'>ὦμεν</span> <span class='ocrx_word' id='word_1_501' title='bbox 396 4197 469 4259; x_wconf 70' lang='grc' dir='ltr'>τῷ</span> <span class='ocrx_word' id='word_1_502' title='bbox 505 4187 632 4262; x_wconf 79' lang='grc' dir='ltr'>λαῷ,</span> <span class='ocrx_word' id='word_1_503' title='bbox 661 4185 803 4262; x_wconf 64' lang='grc' dir='ltr'><strong><em>μηδὲ</em></strong></span> <span class='ocrx_word' id='word_1_504' title='bbox 852 4185 1104 4262; x_wconf 76' lang='grc' dir='ltr'>ἐμπόδιον</span> <span class='ocrx_word' id='word_1_505' title='bbox 1153 4197 1280 4252; x_wconf 73' lang='grc' dir='ltr'>παῖς</span> <span class='ocrx_word' id='word_1_506' title='bbox 1331 4191 1600 4267; x_wconf 74' lang='grc' dir='ltr'>ὑμετέραις</span> <span class='ocrx_word' id='word_1_507' title='bbox 1629 4190 1819 4262; x_wconf 70' lang='grc' dir='ltr'>εὐχαῖς</span> 
     </span>
    </p>
   </div>
   <div class='ocr_carea' id='block_1_73' title="bbox 193 4273 1816 4354">
    <p class='ocr_par' dir='ltr' id='par_1_73' title="bbox 193 4273 1816 4354">
     <span class='ocr_line' id='line_1_73' title="bbox 193 4273 1816 4354; baseline 0 -20"><span class='ocrx_word' id='word_1_508' title='bbox 193 4282 336 4354; x_wconf 79' lang='grc' dir='ltr'>πρὸς</span> <span class='ocrx_word' id='word_1_509' title='bbox 383 4281 439 4331; x_wconf 82' lang='grc' dir='ltr'>τό</span> <span class='ocrx_word' id='word_1_510' title='bbox 480 4273 806 4338; x_wconf 75' lang='grc' dir='ltr'>δυσωπῆσαι</span> <span class='ocrx_word' id='word_1_511' title='bbox 850 4282 937 4333; x_wconf 90' lang='grc' dir='ltr'>τὸν</span> <span class='ocrx_word' id='word_1_512' title='bbox 989 4282 1216 4354; x_wconf 77' lang='grc' dir='ltr'>Κύριον·</span> <span class='ocrx_word' id='word_1_513' title='bbox 1258 4281 1438 4334; x_wconf 75' lang='grc' dir='ltr'>ἔπειτα</span> <span class='ocrx_word' id='word_1_514' title='bbox 1488 4285 1576 4334; x_wconf 84' lang='grc' dir='ltr'>καὶ</span> <span class='ocrx_word' id='word_1_515' title='bbox 1627 4283 1816 4354; x_wconf 84' lang='grc' dir='ltr'>ὑπομι-</span> 
     </span>
    </p>
   </div>
   <div class='ocr_carea' id='block_1_74' title="bbox 196 4366 1814 4442">
    <p class='ocr_par' dir='ltr' id='par_1_74' title="bbox 196 4366 1814 4442">
     <span class='ocr_line' id='line_1_74' title="bbox 196 4366 1814 4442; baseline 0.001 -22"><span class='ocrx_word' id='word_1_516' title='bbox 196 4374 504 4442; x_wconf 69' lang='grc' dir='ltr'>μνήσκομεν</span> <span class='ocrx_word' id='word_1_517' title='bbox 545 4367 878 4432; x_wconf 69' lang='grc' dir='ltr'>καταξιῶσαι</span> <span class='ocrx_word' id='word_1_518' title='bbox 926 4387 985 4422; x_wconf 88' lang='grc' dir='ltr'><strong><em>σε</em></strong></span> <span class='ocrx_word' id='word_1_519' title='bbox 1038 4370 1210 4422; x_wconf 77' lang='grc' dir='ltr'>πάντα</span> <span class='ocrx_word' id='word_1_520' title='bbox 1264 4378 1509 4424; x_wconf 87' lang='grc' dir='ltr'>τυπῶσαι</span> <span class='ocrx_word' id='word_1_521' title='bbox 1567 4366 1664 4423; x_wconf 73' lang='grc' dir='ltr'><strong><em>διὰ</em></strong></span> <span class='ocrx_word' id='word_1_522' title='bbox 1720 4377 1814 4423; x_wconf 80' lang='grc' dir='ltr'>τοῦ</span> 
     </span>
    </p>
   </div>
   <div class='ocr_carea' id='block_1_75' title="bbox 198 4455 1811 4534">
    <p class='ocr_par' dir='ltr' id='par_1_75' title="bbox 198 4455 1811 4534">
     <span class='ocr_line' id='line_1_75' title="bbox 198 4455 1811 4534; baseline 0 -22"><span class='ocrx_word' id='word_1_523' title='bbox 198 4462 578 4534; x_wconf 71' lang='grc' dir='ltr'>προειρημένου</span> <span class='ocrx_word' id='word_1_524' title='bbox 637 4455 860 4531; x_wconf 62' lang='grc' dir='ltr'>ἀδελφοῦ</span> <span class='ocrx_word' id='word_1_525' title='bbox 882 4475 896 4490; x_wconf 82' lang='lat'><strong><em>°</em></strong></span> <span class='ocrx_word' id='word_1_526' title='bbox 952 4464 1043 4514; x_wconf 78' lang='grc' dir='ltr'>καὶ</span> <span class='ocrx_word' id='word_1_527' title='bbox 1086 4461 1131 4512; x_wconf 81' lang='grc' dir='ltr'><strong><em>εἰ</em></strong></span> <span class='ocrx_word' id='word_1_528' title='bbox 1161 4479 1216 4513; x_wconf 88' lang='grc' dir='ltr'><strong><em>τι</em></strong></span> <span class='ocrx_word' id='word_1_529' title='bbox 1244 4460 1325 4531; x_wconf 71' lang='grc'><strong><em>(2)</em></strong></span> <span class='ocrx_word' id='word_1_530' title='bbox 1356 4455 1438 4513; x_wconf 65' lang='lat' dir='ltr'><strong><em>tisi</em></strong></span> <span class='ocrx_word' id='word_1_531' title='bbox 1466 4459 1811 4522; x_wconf 75' lang='grc' dir='ltr'>ἐπίσταλῆναι</span> 
     </span>
    </p>
   </div>
   <div class='ocr_carea' id='block_1_76' title="bbox 210 4543 1811 4622">
    <p class='ocr_par' dir='ltr' id='par_1_76' title="bbox 210 4543 1811 4622">
     <span class='ocr_line' id='line_1_76' title="bbox 210 4543 1811 4622; baseline 0.004 -23"><span class='ocrx_word' id='word_1_532' title='bbox 210 4553 327 4607; x_wconf 83' lang='grc' dir='ltr'><strong><em>τοίς</em></strong></span> <span class='ocrx_word' id='word_1_533' title='bbox 367 4551 501 4601; x_wconf 80' lang='grc' dir='ltr'>κατὰ</span> <span class='ocrx_word' id='word_1_534' title='bbox 537 4551 637 4607; x_wconf 78' lang='grc' dir='ltr'>τὴν</span> <span class='ocrx_word' id='word_1_535' title='bbox 674 4543 856 4617; x_wconf 80' lang='grc' dir='ltr'>δύσιν,</span> <span class='ocrx_word' id='word_1_536' title='bbox 891 4544 986 4602; x_wconf 81' lang='grc' dir='ltr'><strong><em>διὰ</em></strong></span> <span class='ocrx_word' id='word_1_537' title='bbox 1031 4553 1092 4603; x_wconf 82' lang='grc' dir='ltr'>τὸ</span> <span class='ocrx_word' id='word_1_538' title='bbox 1134 4547 1350 4622; x_wconf 71' lang='grc' dir='ltr'>ὀφείλειν</span> <span class='ocrx_word' id='word_1_539' title='bbox 1385 4548 1677 4622; x_wconf 75' lang='grc' dir='ltr'>ἀναγκαίως</span> <span class='ocrx_word' id='word_1_540' title='bbox 1719 4557 1811 4606; x_wconf 72' lang='grc' dir='ltr'>καὶ</span> 
     </span>
    </p>
   </div>
   <div class='ocr_carea' id='block_1_77' title="bbox 200 4633 1812 4714">
    <p class='ocr_par' dir='ltr' id='par_1_77' title="bbox 200 4633 1812 4714">
     <span class='ocr_line' id='line_1_77' title="bbox 200 4633 1812 4714; baseline 0.001 -23"><span class='ocrx_word' id='word_1_541' title='bbox 200 4633 241 4691; x_wconf 81' lang='grc' dir='ltr'><em>δ</em></span> <span class='ocrx_word' id='word_1_542' title='bbox 247 4637 286 4688; x_wconf 85' lang='grc' dir='ltr'>ι’</span> <span class='ocrx_word' id='word_1_543' title='bbox 345 4637 594 4712; x_wconf 42' lang='lat' dir='ltr'><strong><em>ips-iper:</em></strong></span> <span class='ocrx_word' id='word_1_544' title='bbox 650 4636 829 4700; x_wconf 75' lang='grc' dir='ltr'>αὐτοῖς</span> <span class='ocrx_word' id='word_1_545' title='bbox 885 4636 1240 4712; x_wconf 81' lang='grc' dir='ltr'>ἀπενεχθῆναι</span> <span class='ocrx_word' id='word_1_546' title='bbox 1293 4641 1598 4714; x_wconf 71' lang='grc' dir='ltr'>γράμματα,</span> <span class='ocrx_word' id='word_1_547' title='bbox 1656 4639 1812 4692; x_wconf 71' lang='grc' dir='ltr'>αὐτὸν</span> 
     </span>
    </p>
   </div>
   <div class='ocr_carea' id='block_1_78' title="bbox 199 4725 1814 4803">
    <p class='ocr_par' dir='ltr' id='par_1_78' title="bbox 199 4725 1814 4803">
     <span class='ocr_line' id='line_1_78' title="bbox 199 4725 1814 4803; baseline 0.001 -23"><span class='ocrx_word' id='word_1_548' title='bbox 199 4727 567 4801; x_wconf 64' lang='grc' dir='ltr'>ὑπανίορεῦσαι</span> <span class='ocrx_word' id='word_1_549' title='bbox 612 4729 707 4790; x_wconf 78' lang='grc' dir='ltr'>τὰς</span> <span class='ocrx_word' id='word_1_550' title='bbox 757 4725 1052 4790; x_wconf 79' lang='grc' dir='ltr'>ἐπιστολάς.</span> <span class='ocrx_word' id='word_1_551' title='bbox 1105 4727 1278 4802; x_wconf 79' lang='grc' dir='ltr'>Ἡμεῖς</span> <span class='ocrx_word' id='word_1_552' title='bbox 1328 4730 1431 4803; x_wconf 71' lang='grc' dir='ltr'>γὰρ</span> <span class='ocrx_word' id='word_1_553' title='bbox 1479 4731 1814 4802; x_wconf 73' lang='grc' dir='ltr'>ἐπιτυχόντες</span> 
     </span>
    </p>
   </div>
   <div class='ocr_carea' id='block_1_79' title="bbox 269 4887 1813 4964">
    <p class='ocr_par' dir='ltr' id='par_1_79' title="bbox 269 4887 1813 4964">
     <span class='ocr_line' id='line_1_79' title="bbox 269 4887 1813 4964; baseline 0.005 -25"><span class='ocrx_word' id='word_1_554' title='bbox 269 4887 387 4960; x_wconf 88' lang='grc'><strong><em>(98)</em></strong></span> <span class='ocrx_word' id='word_1_555' title='bbox 417 4893 894 4964; x_wconf 72' lang='grc' dir='ltr'>Πραγματευτικοϋ</span> <span class='ocrx_word' id='word_1_556' title='bbox 921 4891 1180 4964; x_wconf 41' lang='grc' dir='ltr'>χρυσίου..</span> <span class='ocrx_word' id='word_1_557' title='bbox 1207 4890 1436 4964; x_wconf 55' lang='lat' dir='ltr'><strong><em>Aurum</em></strong></span> <span class='ocrx_word' id='word_1_558' title='bbox 1459 4887 1813 4964; x_wconf 30' lang='lat' dir='ltr'><strong><em>illudAvoca-</em></strong></span> 
     </span>
    </p>
   </div>
   <div class='ocr_carea' id='block_1_80' title="bbox 188 4959 1810 5034">
    <p class='ocr_par' dir='ltr' id='par_1_80' title="bbox 188 4959 1810 5034">
     <span class='ocr_line' id='line_1_80' title="bbox 188 4959 1810 5034; baseline -0.001 -16"><span class='ocrx_word' id='word_1_559' title='bbox 188 4959 385 5034; x_wconf 72' lang='lat' dir='ltr'><strong><em>batur</em></strong></span> <span class='ocrx_word' id='word_1_560' title='bbox 403 4959 1087 5034; x_wconf 67' lang='lat' dir='ltr'><strong><em>cornparatitium,&#39;q&#39;uia</em></strong></span> <span class='ocrx_word' id='word_1_561' title='bbox 1114 4960 1337 5018; x_wconf 90' lang='lat' dir='ltr'><strong><em>idcirco</em></strong></span> <span class='ocrx_word' id='word_1_562' title='bbox 1367 4959 1810 5034; x_wconf 81' lang='lat' dir='ltr'><strong><em>conferebatur,</em></strong></span> 
     </span>
    </p>
   </div>
   <div class='ocr_carea' id='block_1_81' title="bbox 191 5030 1814 5106">
    <p class='ocr_par' dir='ltr' id='par_1_81' title="bbox 191 5030 1814 5106">
     <span class='ocr_line' id='line_1_81' title="bbox 191 5030 1814 5106; baseline 0.001 -19"><span class='ocrx_word' id='word_1_563' title='bbox 191 5036 264 5087; x_wconf 85' lang='lat' dir='ltr'><strong><em>ut</em></strong></span> <span class='ocrx_word' id='word_1_564' title='bbox 280 5030 426 5088; x_wconf 85' lang='lat' dir='ltr'><strong><em>inde</em></strong></span> <span class='ocrx_word' id='word_1_565' title='bbox 444 5035 662 5106; x_wconf 73' lang='lat' dir='ltr'><strong><em>yestes</em></strong></span> <span class='ocrx_word' id='word_1_566' title='bbox 674 5030 1505 5106; x_wconf 49' lang='lat' dir='ltr'><strong><em>militares—compararentur,</em></strong></span> <span class='ocrx_word' id='word_1_567' title='bbox 1527 5037 1594 5106; x_wconf 84' lang='lat' dir='ltr'><strong><em>ut</em></strong></span> <span class='ocrx_word' id='word_1_568' title='bbox 1615 5032 1814 5106; x_wconf 77' lang='lat' dir='ltr'><strong><em>obser-</em></strong></span> 
     </span>
    </p>
   </div>
   <div class='ocr_carea' id='block_1_82' title="bbox 195 5098 1811 5175">
    <p class='ocr_par' dir='ltr' id='par_1_82' title="bbox 195 5098 1811 5175">
     <span class='ocr_line' id='line_1_82' title="bbox 195 5098 1811 5175; baseline 0.003 -18"><span class='ocrx_word' id='word_1_569' title='bbox 195 5107 304 5175; x_wconf 71' lang='lat' dir='ltr'><strong><em>yat</em></strong></span> <span class='ocrx_word' id='word_1_570' title='bbox 331 5098 740 5160; x_wconf 79' lang='lat' dir='ltr'><strong><em>Gothofredus</em></strong></span> <span class='ocrx_word' id='word_1_571' title='bbox 767 5102 852 5175; x_wconf 81' lang='lat' dir='ltr'><strong><em>ad</em></strong></span> <span class='ocrx_word' id='word_1_572' title='bbox 879 5102 987 5162; x_wconf 92' lang='lat' dir='ltr'><strong><em>lib.</em></strong></span> <span class='ocrx_word' id='word_1_573' title='bbox 1035 5098 1304 5160; x_wconf 67' lang='lat' dir='ltr'><strong><em>vn&#39;Cod.</em></strong></span> <span class='ocrx_word' id='word_1_574' title='bbox 1358 5098 1602 5172; x_wconf 78' lang='lat' dir='ltr'><strong><em>Theod.,</em></strong></span> <span class='ocrx_word' id='word_1_575' title='bbox 1635 5103 1720 5161; x_wconf 86' lang='lat' dir='ltr'><strong><em>tit.</em></strong></span> <span class='ocrx_word' id='word_1_576' title='bbox 1757 5109 1811 5175; x_wconf 87' lang='lat'><strong><em>6,</em></strong></span> 
     </span>
    </p>
   </div>
   <div class='ocr_carea' id='block_1_83' title="bbox 197 5172 1812 5248">
    <p class='ocr_par' dir='ltr' id='par_1_83' title="bbox 197 5172 1812 5248">
     <span class='ocr_line' id='line_1_83' title="bbox 197 5172 1812 5248; baseline 0.002 -20"><span class='ocrx_word' id='word_1_577' title='bbox 197 5172 320 5244; x_wconf 86' lang='lat' dir='ltr'><strong><em>leg.</em></strong></span> <span class='ocrx_word' id='word_1_578' title='bbox 340 5178 394 5230; x_wconf 87' lang='lat'><strong><em>3.</em></strong></span> <span class='ocrx_word' id='word_1_579' title='bbox 428 5177 586 5248; x_wconf 73' lang='lat' dir='ltr'><strong><em>Nam</em></strong></span> <span class='ocrx_word' id='word_1_580' title='bbox 605 5173 934 5245; x_wconf 75' lang='lat' dir='ltr'><strong><em>provincias</em></strong></span> <span class='ocrx_word' id='word_1_581' title='bbox 965 5175 1238 5248; x_wconf 83' lang='lat' dir='ltr'><strong><em>Orientis,</em></strong></span> <span class='ocrx_word' id='word_1_582' title='bbox 1262 5175 1527 5248; x_wconf 77' lang='lat' dir='ltr'><strong><em>exceptis</em></strong></span> <span class='ocrx_word' id='word_1_583' title='bbox 1553 5172 1812 5248; x_wconf 75' lang='lat' dir='ltr'><strong><em>duabus,</em></strong></span> 
     </span>
    </p>
   </div>
   <div class='ocr_carea' id='block_1_84' title="bbox 199 5246 1813 5322">
    <p class='ocr_par' dir='ltr' id='par_1_84' title="bbox 199 5246 1813 5322">
     <span class='ocr_line' id='line_1_84' title="bbox 199 5246 1813 5322; baseline 0.001 -22"><span class='ocrx_word' id='word_1_584' title='bbox 199 5259 422 5322; x_wconf 74' lang='lat' dir='ltr'><strong><em>nempe</em></strong></span> <span class='ocrx_word' id='word_1_585' title='bbox 438 5247 707 5322; x_wconf 76' lang='lat' dir='ltr'><strong><em>Osroene</em></strong></span> <span class='ocrx_word' id='word_1_586' title='bbox 725 5251 786 5322; x_wconf 88' lang='lat' dir='ltr'><strong><em>et</em></strong></span> <span class='ocrx_word' id='word_1_587' title='bbox 805 5247 1053 5322; x_wconf 68' lang='lat' dir='ltr'><strong><em>Isauria,</em></strong></span> <span class='ocrx_word' id='word_1_588' title='bbox 1067 5261 1194 5304; x_wconf 89' lang='lat' dir='ltr'><strong><em>non</em></strong></span> <span class='ocrx_word' id='word_1_589' title='bbox 1204 5246 1432 5304; x_wconf 76' lang='lat' dir='ltr'><strong><em>vestem</em></strong></span> <span class='ocrx_word' id='word_1_590' title='bbox 1443 5247 1642 5322; x_wconf 83' lang='lat' dir='ltr'><strong><em>ipsam</em></strong></span> <span class='ocrx_word' id='word_1_591' title='bbox 1661 5246 1813 5302; x_wconf 91' lang='lat' dir='ltr'><strong><em>mili-</em></strong></span> 
     </span>
    </p>
   </div>
   <div class='ocr_carea' id='block_1_85' title="bbox 200 5315 1815 5391">
    <p class='ocr_par' dir='ltr' id='par_1_85' title="bbox 200 5315 1815 5391">
     <span class='ocr_line' id='line_1_85' title="bbox 200 5315 1815 5391; baseline 0.001 -18"><span class='ocrx_word' id='word_1_592' title='bbox 200 5315 392 5391; x_wconf 75' lang='lat' dir='ltr'><strong><em>tarem</em></strong></span> <span class='ocrx_word' id='word_1_593' title='bbox 406 5315 908 5391; x_wconf 65' lang='lat' dir='ltr'><strong><em>praebebant,sed</em></strong></span> <span class='ocrx_word' id='word_1_594' title='bbox 921 5315 1141 5375; x_wconf 88' lang='lat' dir='ltr'><strong><em>aurum</em></strong></span> <span class='ocrx_word' id='word_1_595' title='bbox 1157 5315 1815 5391; x_wconf 74' lang='lat' dir='ltr'><strong><em>compensationisgra-</em></strong></span> 
     </span>
    </p>
   </div>
   <div class='ocr_carea' id='block_1_86' title="bbox 203 5387 1814 5462">
    <p class='ocr_par' dir='ltr' id='par_1_86' title="bbox 203 5387 1814 5462">
     <span class='ocr_line' id='line_1_86' title="bbox 203 5387 1814 5462; baseline 0.001 -18"><span class='ocrx_word' id='word_1_596' title='bbox 203 5389 305 5445; x_wconf 81' lang='lat' dir='ltr'><strong><em>tia.</em></strong></span> <span class='ocrx_word' id='word_1_597' title='bbox 343 5387 535 5462; x_wconf 77' lang='lat' dir='ltr'><strong><em>Porro</em></strong></span> <span class='ocrx_word' id='word_1_598' title='bbox 559 5387 856 5462; x_wconf 76' lang='lat' dir='ltr'><strong><em>Valensin</em></strong></span> <span class='ocrx_word' id='word_1_599' title='bbox 875 5388 1009 5460; x_wconf 89' lang='lat' dir='ltr'><strong><em>lege</em></strong></span> <span class='ocrx_word' id='word_1_600' title='bbox 1045 5387 1317 5447; x_wconf 78' lang='lat' dir='ltr'><strong><em>secunda</em></strong></span> <span class='ocrx_word' id='word_1_601' title='bbox 1348 5389 1621 5462; x_wconf 89' lang='lat' dir='ltr'><strong><em>ejusdem</em></strong></span> <span class='ocrx_word' id='word_1_602' title='bbox 1644 5387 1814 5462; x_wconf 72' lang='lat' dir='ltr'><strong><em>tituli,</em></strong></span> 
     </span>
    </p>
   </div>
   <div class='ocr_carea' id='block_1_87' title="bbox 204 5458 1818 5532">
    <p class='ocr_par' dir='ltr' id='par_1_87' title="bbox 204 5458 1818 5532">
     <span class='ocr_line' id='line_1_87' title="bbox 204 5458 1818 5532; baseline 0.002 -16"><span class='ocrx_word' id='word_1_603' title='bbox 204 5475 345 5531; x_wconf 62' lang='lat'><strong><em>([118</em></strong></span> <span class='ocrx_word' id='word_1_604' title='bbox 361 5458 789 5532; x_wconf 74' lang='lat' dir='ltr'><strong><em>Marcianopoli</em></strong></span> <span class='ocrx_word' id='word_1_605' title='bbox 809 5458 962 5517; x_wconf 72' lang='lat' dir='ltr'><strong><em>data</em></strong></span> <span class='ocrx_word' id='word_1_606' title='bbox 973 5466 1067 5518; x_wconf 89' lang='lat' dir='ltr'><strong><em>est</em></strong></span> <span class='ocrx_word' id='word_1_607' title='bbox 1081 5477 1246 5517; x_wconf 91' lang='lat' dir='ltr'><strong><em>anno</em></strong></span> <span class='ocrx_word' id='word_1_608' title='bbox 1269 5458 1396 5529; x_wconf 71' lang='lat'><strong><em>368,</em></strong></span> <span class='ocrx_word' id='word_1_609' title='bbox 1405 5463 1425 5532; x_wconf 93' lang='lat' dir='ltr'><strong>j</strong></span> <span class='ocrx_word' id='word_1_610' title='bbox 1437 5467 1670 5518; x_wconf 88' lang='lat' dir='ltr'><strong><em>usserat</em></strong></span> <span class='ocrx_word' id='word_1_611' title='bbox 1687 5458 1818 5518; x_wconf 85' lang='lat' dir='ltr'><strong><em>0m-</em></strong></span> 
     </span>
    </p>
   </div>
   <div class='ocr_carea' id='block_1_88' title="bbox 207 5533 1821 5604">
    <p class='ocr_par' dir='ltr' id='par_1_88' title="bbox 207 5533 1821 5604">
     <span class='ocr_line' id='line_1_88' title="bbox 207 5533 1821 5604; baseline 0.001 -17"><span class='ocrx_word' id='word_1_612' title='bbox 361 5547 651 5589; x_wconf 87' lang='lat' dir='ltr'><strong><em>canonem</em></strong></span> <span class='ocrx_word' id='word_1_613' title='bbox 668 5535 921 5604; x_wconf 85' lang='lat' dir='ltr'><strong><em>vestium</em></strong></span> <span class='ocrx_word' id='word_1_614' title='bbox 937 5547 1014 5590; x_wconf 69' lang='lat' dir='ltr'><strong><em>ea:</em></strong></span> <span class='ocrx_word' id='word_1_615' title='bbox 1028 5534 1174 5590; x_wconf 87' lang='lat' dir='ltr'><strong><em>Kal.</em></strong></span> <span class='ocrx_word' id='word_1_616' title='bbox 1196 5533 1361 5602; x_wconf 85' lang='lat' dir='ltr'><strong><em>Sept.</em></strong></span> <span class='ocrx_word' id='word_1_617' title='bbox 1383 5534 1466 5590; x_wconf 91' lang='lat' dir='ltr'><strong><em>ad</em></strong></span> <span class='ocrx_word' id='word_1_618' title='bbox 1486 5533 1821 5604; x_wconf 84' lang='lat' dir='ltr'><strong><em>Kal.Apri-</em></strong></span> 
     </span>
    </p>
   </div>
   <div class='ocr_carea' id='block_1_89' title="bbox 208 5602 1822 5675">
    <p class='ocr_par' dir='ltr' id='par_1_89' title="bbox 208 5602 1822 5675">
     <span class='ocr_line' id='line_1_89' title="bbox 208 5602 1822 5675; baseline 0.001 -17"><span class='ocrx_word' id='word_1_619' title='bbox 208 5602 287 5658; x_wconf 84' lang='lat' dir='ltr'><strong><em>lis</em></strong></span> <span class='ocrx_word' id='word_1_620' title='bbox 309 5603 731 5674; x_wconf 79' lang='lat' dir='ltr'><strong><em>largitionibus</em></strong></span> <span class='ocrx_word' id='word_1_621' title='bbox 753 5603 922 5662; x_wconf 80' lang='lat' dir='ltr'><strong><em>tradi</em></strong></span> <span class='ocrx_word' id='word_1_622' title='bbox 937 5620 958 5659; x_wconf 89' lang='grc'><strong><em>.·</em></strong></span> <span class='ocrx_word' id='word_1_623' title='bbox 968 5605 1281 5674; x_wconf 86' lang='lat' dir='ltr'><strong><em>proposita</em></strong></span> <span class='ocrx_word' id='word_1_624' title='bbox 1306 5607 1547 5662; x_wconf 83' lang='lat' dir='ltr'><strong><em>Rectori</em></strong></span> <span class='ocrx_word' id='word_1_625' title='bbox 1572 5602 1822 5675; x_wconf 76' lang='lat' dir='ltr'><strong><em>provin-</em></strong></span> 
     </span>
    </p>
   </div>
   <div class='ocr_carea' id='block_1_90' title="bbox 207 5675 1818 5749">
    <p class='ocr_par' dir='ltr' id='par_1_90' title="bbox 207 5675 1818 5749">
     <span class='ocr_line' id='line_1_90' title="bbox 207 5675 1818 5749; baseline 0.001 -17"><span class='ocrx_word' id='word_1_626' title='bbox 207 5675 324 5732; x_wconf 66' lang='grc' dir='ltr'><strong><em>οἰδ</em></strong></span> <span class='ocrx_word' id='word_1_627' title='bbox 345 5678 438 5749; x_wconf 78' lang='lat' dir='ltr'><strong><em>vel</em></strong></span> <span class='ocrx_word' id='word_1_628' title='bbox 467 5679 599 5748; x_wconf 86' lang='lat' dir='ltr'><strong><em>ejus</em></strong></span> <span class='ocrx_word' id='word_1_629' title='bbox 637 5676 830 5749; x_wconf 66' lang='lat' dir='ltr'><strong><em>ofﬁcio</em></strong></span> <span class='ocrx_word' id='word_1_630' title='bbox 865 5675 1382 5749; x_wconf 70' lang='lat' dir='ltr'><strong><em>condemnationis</em></strong></span> <span class='ocrx_word' id='word_1_631' title='bbox 1418 5692 1620 5747; x_wconf 59' lang='lat' dir='ltr'><strong><em>prima.</em></strong></span> <span class='ocrx_word' id='word_1_632' title='bbox 1653 5676 1818 5734; x_wconf 85' lang='lat' dir='ltr'><strong><em>Unde</em></strong></span> 
     </span>
    </p>
   </div>
   <div class='ocr_carea' id='block_1_91' title="bbox 195 5746 1823 5823">
    <p class='ocr_par' dir='ltr' id='par_1_91' title="bbox 195 5746 1823 5823">
     <span class='ocr_line' id='line_1_91' title="bbox 195 5746 1823 5823; baseline 0.002 -17"><span class='ocrx_word' id='word_1_633' title='bbox 195 5749 371 5822; x_wconf 83' lang='lat' dir='ltr'><strong><em>patet</em></strong></span> <span class='ocrx_word' id='word_1_634' title='bbox 393 5746 553 5808; x_wconf 79' lang='lat' dir='ltr'><strong><em>hanc</em></strong></span> <span class='ocrx_word' id='word_1_635' title='bbox 581 5746 786 5808; x_wconf 75' lang='lat' dir='ltr'><strong><em>Basilii</em></strong></span> <span class='ocrx_word' id='word_1_636' title='bbox 805 5746 1128 5822; x_wconf 79' lang='lat' dir='ltr'><strong><em>epistolam</em></strong></span> <span class='ocrx_word' id='word_1_637' title='bbox 1148 5747 1230 5806; x_wconf 85' lang='lat' dir='ltr'><strong><em>ad</em></strong></span> <span class='ocrx_word' id='word_1_638' title='bbox 1259 5746 1571 5808; x_wconf 80' lang='lat' dir='ltr'><strong><em>RectOrem</em></strong></span> <span class='ocrx_word' id='word_1_639' title='bbox 1589 5751 1823 5823; x_wconf 81' lang='lat' dir='ltr'><strong><em>Cappa-</em></strong></span> 
     </span>
    </p>
   </div>
   <div class='ocr_carea' id='block_1_92' title="bbox 1938 3563 3598 3639">
    <p class='ocr_par' dir='ltr' id='par_1_92' title="bbox 1938 3563 3598 3639">
     <span class='ocr_line' id='line_1_92' title="bbox 1938 3563 3598 3639; baseline 0.001 -18"><span class='ocrx_word' id='word_1_640' title='bbox 1938 3564 2179 3623; x_wconf 92' lang='lat' dir='ltr'><strong><em>mulcet.</em></strong></span> <span class='ocrx_word' id='word_1_641' title='bbox 2227 3567 2378 3622; x_wconf 88' lang='lat' dir='ltr'><strong><em>Nam</em></strong></span> <span class='ocrx_word' id='word_1_642' title='bbox 2422 3565 2590 3623; x_wconf 88' lang='lat' dir='ltr'><strong><em>testis</em></strong></span> <span class='ocrx_word' id='word_1_643' title='bbox 2622 3567 2752 3639; x_wconf 91' lang='lat' dir='ltr'><strong><em>ipse</em></strong></span> <span class='ocrx_word' id='word_1_644' title='bbox 2801 3569 2893 3622; x_wconf 90' lang='lat' dir='ltr'><strong><em>est</em></strong></span> <span class='ocrx_word' id='word_1_645' title='bbox 2921 3563 3206 3622; x_wconf 86' lang='lat' dir='ltr'><strong><em>desiderii</em></strong></span> <span class='ocrx_word' id='word_1_646' title='bbox 3235 3564 3446 3633; x_wconf 90' lang='lat' dir='ltr'><strong><em>nostri,</em></strong></span> <span class='ocrx_word' id='word_1_647' title='bbox 3473 3580 3598 3638; x_wconf 89' lang='lat' dir='ltr'><strong><em>quo</em></strong></span> 
     </span>
    </p>
   </div>
   <div class='ocr_carea' id='block_1_93' title="bbox 1936 3653 3604 3726">
    <p class='ocr_par' dir='ltr' id='par_1_93' title="bbox 1936 3653 3604 3726">
     <span class='ocr_line' id='line_1_93' title="bbox 1936 3653 3604 3726; baseline 0 -16"><span class='ocrx_word' id='word_1_648' title='bbox 1936 3655 2288 3726; x_wconf 84' lang='lat' dir='ltr'><strong><em>flagramus,</em></strong></span> <span class='ocrx_word' id='word_1_649' title='bbox 2320 3654 2516 3712; x_wconf 83' lang='lat' dir='ltr'><strong><em>vultus</em></strong></span> <span class='ocrx_word' id='word_1_650' title='bbox 2547 3655 2633 3712; x_wconf 92' lang='lat' dir='ltr'><strong><em>tui</em></strong></span> <span class='ocrx_word' id='word_1_651' title='bbox 2657 3655 2918 3724; x_wconf 84' lang='lat' dir='ltr'><strong><em>vivendi,</em></strong></span> <span class='ocrx_word' id='word_1_652' title='bbox 2951 3670 3021 3711; x_wconf 92' lang='lat' dir='ltr'><strong><em>ac</em></strong></span> <span class='ocrx_word' id='word_1_653' title='bbox 3049 3653 3216 3712; x_wconf 88' lang='lat' dir='ltr'><strong><em>bona</em></strong></span> <span class='ocrx_word' id='word_1_654' title='bbox 3251 3659 3353 3712; x_wconf 89' lang='lat' dir='ltr'><strong><em>tua</em></strong></span> <span class='ocrx_word' id='word_1_655' title='bbox 3388 3659 3446 3711; x_wconf 92' lang='lat' dir='ltr'><strong><em>et</em></strong></span> <span class='ocrx_word' id='word_1_656' title='bbox 3475 3653 3604 3711; x_wconf 84' lang='lat' dir='ltr'><strong><em>utili</em></strong></span> 
     </span>
    </p>
   </div>
   <div class='ocr_carea' id='block_1_94' title="bbox 1936 3743 3600 3816">
    <p class='ocr_par' dir='ltr' id='par_1_94' title="bbox 1936 3743 3600 3816">
     <span class='ocr_line' id='line_1_94' title="bbox 1936 3743 3600 3816; baseline -0.002 -14"><span class='ocrx_word' id='word_1_657' title='bbox 1936 3744 2256 3802; x_wconf 87' lang='lat' dir='ltr'><strong><em>animabus</em></strong></span> <span class='ocrx_word' id='word_1_658' title='bbox 2302 3743 2582 3802; x_wconf 90' lang='lat' dir='ltr'><strong><em>doctrina</em></strong></span> <span class='ocrx_word' id='word_1_659' title='bbox 2632 3743 3001 3816; x_wconf 85' lang='lat' dir='ltr'><strong><em>perfruendi.</em></strong></span> <span class='ocrx_word' id='word_1_660' title='bbox 3029 3747 3197 3801; x_wconf 88' lang='lat' dir='ltr'><strong><em>Nunc</em></strong></span> <span class='ocrx_word' id='word_1_661' title='bbox 3234 3749 3438 3800; x_wconf 90' lang='lat' dir='ltr'><strong><em>autem</em></strong></span> <span class='ocrx_word' id='word_1_662' title='bbox 3491 3757 3600 3816; x_wconf 89' lang='lat' dir='ltr'><strong><em>per</em></strong></span> 
     </span>
    </p>
   </div>
   <div class='ocr_carea' id='block_1_95' title="bbox 1931 3831 3599 3905">
    <p class='ocr_par' dir='ltr' id='par_1_95' title="bbox 1931 3831 3599 3905">
     <span class='ocr_line' id='line_1_95' title="bbox 1931 3831 3599 3905; baseline -0.002 -15"><span class='ocrx_word' id='word_1_663' title='bbox 1931 3833 2452 3905; x_wconf 88' lang='lat' dir='ltr'><strong><em>religiosissimum</em></strong></span> <span class='ocrx_word' id='word_1_664' title='bbox 2489 3848 2560 3889; x_wconf 87' lang='lat' dir='ltr'><strong><em>ac</em></strong></span> <span class='ocrx_word' id='word_1_665' title='bbox 2606 3833 2909 3905; x_wconf 90' lang='lat' dir='ltr'><strong><em>optimum</em></strong></span> <span class='ocrx_word' id='word_1_666' title='bbox 2940 3831 3188 3888; x_wconf 83' lang='lat' dir='ltr'><strong><em>fratrem</em></strong></span> <span class='ocrx_word' id='word_1_667' title='bbox 3230 3831 3599 3888; x_wconf 86' lang='lat' dir='ltr'><strong><em>Dorotheum</em></strong></span> 
     </span>
    </p>
   </div>
   <div class='ocr_carea' id='block_1_96' title="bbox 1932 3918 3598 3993">
    <p class='ocr_par' dir='ltr' id='par_1_96' title="bbox 1932 3918 3598 3993">
     <span class='ocr_line' id='line_1_96' title="bbox 1932 3918 3598 3993; baseline -0.002 -14"><span class='ocrx_word' id='word_1_668' title='bbox 1932 3921 2378 3979; x_wconf 88' lang='lat' dir='ltr'><strong><em>condiaconum</em></strong></span> <span class='ocrx_word' id='word_1_669' title='bbox 2412 3920 2832 3978; x_wconf 88' lang='lat' dir='ltr'><strong><em>advenientem</em></strong></span> <span class='ocrx_word' id='word_1_670' title='bbox 2861 3920 3133 3977; x_wconf 87' lang='lat' dir='ltr'><strong><em>obtestor</em></strong></span> <span class='ocrx_word' id='word_1_671' title='bbox 3163 3926 3239 3990; x_wconf 92' lang='lat' dir='ltr'><strong><em>te,</em></strong></span> <span class='ocrx_word' id='word_1_672' title='bbox 3269 3918 3332 3975; x_wconf 91' lang='lat' dir='ltr'><strong><em>in</em></strong></span> <span class='ocrx_word' id='word_1_673' title='bbox 3384 3919 3598 3993; x_wconf 89' lang='lat' dir='ltr'><strong><em>primis</em></strong></span> 
     </span>
    </p>
   </div>
   <div class='ocr_carea' id='block_1_97' title="bbox 1931 4008 3598 4085">
    <p class='ocr_par' dir='ltr' id='par_1_97' title="bbox 1931 4008 3598 4085">
     <span class='ocr_line' id='line_1_97' title="bbox 1931 4008 3598 4085; baseline -0.001 -17"><span class='ocrx_word' id='word_1_674' title='bbox 1931 4017 1997 4070; x_wconf 91' lang='lat' dir='ltr'><strong><em>ut</em></strong></span> <span class='ocrx_word' id='word_1_675' title='bbox 2024 4011 2364 4085; x_wconf 91' lang='lat' dir='ltr'><strong><em>depreceris</em></strong></span> <span class='ocrx_word' id='word_1_676' title='bbox 2410 4026 2522 4084; x_wconf 91' lang='lat' dir='ltr'><strong><em>pro</em></strong></span> <span class='ocrx_word' id='word_1_677' title='bbox 2553 4010 2751 4081; x_wconf 90' lang='lat' dir='ltr'><strong><em>nobis,</em></strong></span> <span class='ocrx_word' id='word_1_678' title='bbox 2796 4027 2872 4067; x_wconf 89' lang='lat' dir='ltr'><strong><em>ne</em></strong></span> <span class='ocrx_word' id='word_1_679' title='bbox 2899 4009 3128 4084; x_wconf 91' lang='lat' dir='ltr'><strong><em>populo</em></strong></span> <span class='ocrx_word' id='word_1_680' title='bbox 3176 4009 3366 4066; x_wconf 89' lang='lat' dir='ltr'><strong><em>simus</em></strong></span> <span class='ocrx_word' id='word_1_681' title='bbox 3410 4008 3598 4066; x_wconf 78' lang='lat' dir='ltr'><strong><em>offen-</em></strong></span> 
     </span>
    </p>
   </div>
   <div class='ocr_carea' id='block_1_98' title="bbox 1928 4099 3597 4174">
    <p class='ocr_par' dir='ltr' id='par_1_98' title="bbox 1928 4099 3597 4174">
     <span class='ocr_line' id='line_1_98' title="bbox 1928 4099 3597 4174; baseline -0.002 -15"><span class='ocrx_word' id='word_1_682' title='bbox 1928 4101 2149 4166; x_wconf 89' lang='lat' dir='ltr'><strong><em>diculo,</em></strong></span> <span class='ocrx_word' id='word_1_683' title='bbox 2180 4116 2378 4174; x_wconf 90' lang='lat' dir='ltr'><strong><em>neque</em></strong></span> <span class='ocrx_word' id='word_1_684' title='bbox 2402 4099 2684 4174; x_wconf 89' lang='lat' dir='ltr'><strong><em>precibus</em></strong></span> <span class='ocrx_word' id='word_1_685' title='bbox 2715 4099 2926 4158; x_wconf 89' lang='lat' dir='ltr'><strong><em>vestris</em></strong></span> <span class='ocrx_word' id='word_1_686' title='bbox 2954 4099 3415 4173; x_wconf 90' lang='lat' dir='ltr'><strong><em>impedimento,</em></strong></span> <span class='ocrx_word' id='word_1_687' title='bbox 3447 4113 3597 4172; x_wconf 88' lang='lat' dir='ltr'><strong><em>quo-</em></strong></span> 
     </span>
    </p>
   </div>
   <div class='ocr_carea' id='block_1_99' title="bbox 1925 4187 3594 4263">
    <p class='ocr_par' dir='ltr' id='par_1_99' title="bbox 1925 4187 3594 4263">
     <span class='ocr_line' id='line_1_99' title="bbox 1925 4187 3594 4263; baseline -0.002 -16"><span class='ocrx_word' id='word_1_688' title='bbox 1925 4191 2128 4248; x_wconf 88' lang='lat' dir='ltr'><strong><em>minus</em></strong></span> <span class='ocrx_word' id='word_1_689' title='bbox 2186 4190 2509 4246; x_wconf 87' lang='lat' dir='ltr'><strong><em>Dominum</em></strong></span> <span class='ocrx_word' id='word_1_690' title='bbox 2574 4189 2844 4263; x_wconf 87' lang='lat' dir='ltr'><strong><em>placetis.</em></strong></span> <span class='ocrx_word' id='word_1_691' title='bbox 2908 4187 3134 4245; x_wconf 91' lang='lat' dir='ltr'><strong><em>Deinde</em></strong></span> <span class='ocrx_word' id='word_1_692' title='bbox 3210 4189 3594 4260; x_wconf 88' lang='lat' dir='ltr'><strong><em>suggerimus</em></strong></span> 
     </span>
    </p>
   </div>
   <div class='ocr_carea' id='block_1_100' title="bbox 1925 4277 3587 4352">
    <p class='ocr_par' dir='ltr' id='par_1_100' title="bbox 1925 4277 3587 4352">
     <span class='ocr_line' id='line_1_100' title="bbox 1925 4277 3587 4352; baseline -0.002 -14"><span class='ocrx_word' id='word_1_693' title='bbox 1925 4281 2126 4352; x_wconf 90' lang='lat' dir='ltr'><strong><em>etiam,</em></strong></span> <span class='ocrx_word' id='word_1_694' title='bbox 2158 4284 2225 4337; x_wconf 91' lang='lat' dir='ltr'><strong><em>ut</em></strong></span> <span class='ocrx_word' id='word_1_695' title='bbox 2261 4279 2468 4337; x_wconf 90' lang='lat' dir='ltr'><strong><em>omnia</em></strong></span> <span class='ocrx_word' id='word_1_696' title='bbox 2506 4295 2614 4352; x_wconf 91' lang='lat' dir='ltr'><strong><em>per</em></strong></span> <span class='ocrx_word' id='word_1_697' title='bbox 2639 4278 2997 4352; x_wconf 73' lang='lat' dir='ltr'><strong><em>praedictum</em></strong></span> <span class='ocrx_word' id='word_1_698' title='bbox 3040 4278 3288 4336; x_wconf 86' lang='lat' dir='ltr'><strong><em>fratrem</em></strong></span> <span class='ocrx_word' id='word_1_699' title='bbox 3319 4277 3587 4348; x_wconf 87' lang='lat' dir='ltr'><strong><em>digneris</em></strong></span> 
     </span>
    </p>
   </div>
   <div class='ocr_carea' id='block_1_101' title="bbox 1923 4367 3590 4428">
    <p class='ocr_par' dir='ltr' id='par_1_101' title="bbox 1923 4367 3590 4428">
     <span class='ocr_line' id='line_1_101' title="bbox 1923 4367 3590 4428; baseline -0.003 -1"><span class='ocrx_word' id='word_1_700' title='bbox 1923 4370 2207 4428; x_wconf 87' lang='lat' dir='ltr'><strong><em>ordinare</em></strong></span> <span class='ocrx_word' id='word_1_701' title='bbox 2240 4387 2252 4425; x_wconf 92' lang='lat'>:</span> <span class='ocrx_word' id='word_1_702' title='bbox 2286 4385 2357 4426; x_wconf 91' lang='lat' dir='ltr'><strong><em>ac</em></strong></span> <span class='ocrx_word' id='word_1_703' title='bbox 2400 4368 2448 4424; x_wconf 91' lang='lat' dir='ltr'><strong><em>si</em></strong></span> <span class='ocrx_word' id='word_1_704' title='bbox 2478 4368 2558 4426; x_wconf 91' lang='lat' dir='ltr'><strong><em>ad</em></strong></span> <span class='ocrx_word' id='word_1_705' title='bbox 2603 4367 3015 4426; x_wconf 87' lang='lat' dir='ltr'><strong><em>Occidentales</em></strong></span> <span class='ocrx_word' id='word_1_706' title='bbox 3065 4367 3454 4424; x_wconf 89' lang='lat' dir='ltr'><strong><em>scribendum</em></strong></span> <span class='ocrx_word' id='word_1_707' title='bbox 3479 4371 3590 4424; x_wconf 70' lang='lat' dir='ltr'><strong><em>esto</em></strong></span> 
     </span>
    </p>
   </div>
   <div class='ocr_carea' id='block_1_102' title="bbox 1922 4454 3586 4534">
    <p class='ocr_par' dir='ltr' id='par_1_102' title="bbox 1922 4454 3586 4534">
     <span class='ocr_line' id='line_1_102' title="bbox 1922 4454 3586 4534; baseline -0.002 -18"><span class='ocrx_word' id='word_1_708' title='bbox 1922 4457 2443 4534; x_wconf 44' lang='lat' dir='ltr'><strong><em>proptereaquuod</em></strong></span> <span class='ocrx_word' id='word_1_709' title='bbox 2493 4457 2703 4515; x_wconf 83' lang='lat' dir='ltr'><strong><em>litterae</em></strong></span> <span class='ocrx_word' id='word_1_710' title='bbox 2752 4462 2895 4514; x_wconf 89' lang='lat' dir='ltr'><strong><em>sunt</em></strong></span> <span class='ocrx_word' id='word_1_711' title='bbox 2920 4457 3262 4514; x_wconf 89' lang='lat' dir='ltr'><strong><em>necessario</em></strong></span> <span class='ocrx_word' id='word_1_712' title='bbox 3296 4456 3476 4513; x_wconf 90' lang='lat' dir='ltr'><strong><em>etiam</em></strong></span> <span class='ocrx_word' id='word_1_713' title='bbox 3507 4454 3586 4514; x_wconf 89' lang='lat' dir='ltr'><strong><em>ab</em></strong></span> 
     </span>
    </p>
   </div>
   <div class='ocr_carea' id='block_1_103' title="bbox 1922 4543 3588 4619">
    <p class='ocr_par' dir='ltr' id='par_1_103' title="bbox 1922 4543 3588 4619">
     <span class='ocr_line' id='line_1_103' title="bbox 1922 4543 3588 4619; baseline -0.003 -14"><span class='ocrx_word' id='word_1_714' title='bbox 1922 4564 2046 4605; x_wconf 88' lang='lat' dir='ltr'><strong><em>uno</em></strong></span> <span class='ocrx_word' id='word_1_715' title='bbox 2069 4563 2101 4604; x_wconf 89' lang='lat' dir='ltr'><strong><em>e</em></strong></span> <span class='ocrx_word' id='word_1_716' title='bbox 2126 4547 2344 4604; x_wconf 90' lang='lat' dir='ltr'><strong><em>nostris</em></strong></span> <span class='ocrx_word' id='word_1_717' title='bbox 2375 4546 2768 4619; x_wconf 70' lang='lat' dir='ltr'><strong><em>perferendae,</em></strong></span> <span class='ocrx_word' id='word_1_718' title='bbox 2795 4547 2908 4603; x_wconf 87' lang='lat' dir='ltr'><strong><em>has</em></strong></span> <span class='ocrx_word' id='word_1_719' title='bbox 2936 4546 3101 4618; x_wconf 88' lang='lat' dir='ltr'><strong><em>ipsas</em></strong></span> <span class='ocrx_word' id='word_1_720' title='bbox 3125 4544 3350 4602; x_wconf 87' lang='lat' dir='ltr'><strong><em>litteras</em></strong></span> <span class='ocrx_word' id='word_1_721' title='bbox 3376 4543 3588 4602; x_wconf 77' lang='lat' dir='ltr'><strong><em>dictes-</em></strong></span> 
     </span>
    </p>
   </div>
   <div class='ocr_carea' id='block_1_104' title="bbox 1921 4633 3585 4694">
    <p class='ocr_par' dir='ltr' id='par_1_104' title="bbox 1921 4633 3585 4694">
     <span class='ocr_line' id='line_1_104' title="bbox 1921 4633 3585 4694; baseline -0.001 -1"><span class='ocrx_word' id='word_1_722' title='bbox 1921 4639 2040 4694; x_wconf 89' lang='lat' dir='ltr'><strong><em>Nos</em></strong></span> <span class='ocrx_word' id='word_1_723' title='bbox 2071 4637 2232 4692; x_wconf 91' lang='lat' dir='ltr'><strong><em>enim</em></strong></span> <span class='ocrx_word' id='word_1_724' title='bbox 2247 4635 2408 4692; x_wconf 90' lang='lat' dir='ltr'><strong><em>nacti</em></strong></span> <span class='ocrx_word' id='word_1_725' title='bbox 2427 4635 2754 4692; x_wconf 89' lang='lat' dir='ltr'><strong><em>diaconum</em></strong></span> <span class='ocrx_word' id='word_1_726' title='bbox 2777 4634 3068 4692; x_wconf 88' lang='lat' dir='ltr'><strong><em>Sabinum</em></strong></span> <span class='ocrx_word' id='word_1_727' title='bbox 3090 4633 3171 4690; x_wconf 91' lang='lat' dir='ltr'><strong><em>ab</em></strong></span> <span class='ocrx_word' id='word_1_728' title='bbox 3192 4633 3306 4688; x_wconf 87' lang='lat' dir='ltr'><strong><em>illis</em></strong></span> <span class='ocrx_word' id='word_1_729' title='bbox 3328 4633 3585 4692; x_wconf 88' lang='lat' dir='ltr'><strong><em>missum</em></strong></span> 
     </span>
    </p>
   </div>
   <div class='ocr_carea' id='block_1_105' title="bbox 1922 4723 3584 4800">
    <p class='ocr_par' dir='ltr' id='par_1_105' title="bbox 1922 4723 3584 4800">
     <span class='ocr_line' id='line_1_105' title="bbox 1922 4723 3584 4800; baseline -0.002 -16"><span class='ocrx_word' id='word_1_730' title='bbox 1922 4725 2276 4800; x_wconf 87' lang='lat' dir='ltr'><strong><em>scripsimus</em></strong></span> <span class='ocrx_word' id='word_1_731' title='bbox 2307 4725 2388 4782; x_wconf 89' lang='lat' dir='ltr'><strong><em>ad</em></strong></span> <span class='ocrx_word' id='word_1_732' title='bbox 2417 4725 2702 4798; x_wconf 85' lang='lat' dir='ltr'><strong><em>Illyricos,</em></strong></span> <span class='ocrx_word' id='word_1_733' title='bbox 2735 4729 2792 4782; x_wconf 92' lang='lat' dir='ltr'><strong><em>et</em></strong></span> <span class='ocrx_word' id='word_1_734' title='bbox 2819 4724 2900 4781; x_wconf 90' lang='lat' dir='ltr'><strong><em>ad</em></strong></span> <span class='ocrx_word' id='word_1_735' title='bbox 2924 4723 3106 4780; x_wconf 65' lang='lat' dir='ltr'><strong><em>Italia:</em></strong></span> <span class='ocrx_word' id='word_1_736' title='bbox 3147 4729 3205 4781; x_wconf 92' lang='lat' dir='ltr'><strong><em>et</em></strong></span> <span class='ocrx_word' id='word_1_737' title='bbox 3229 4723 3426 4781; x_wconf 76' lang='lat' dir='ltr'><strong><em>Galliae</em></strong></span> <span class='ocrx_word' id='word_1_738' title='bbox 3456 4724 3584 4798; x_wconf 84' lang='lat' dir='ltr'><strong><em>epi-</em></strong></span> 
     </span>
    </p>
   </div>
   <div class='ocr_carea' id='block_1_106' title="bbox 1921 4882 3581 4962">
    <p class='ocr_par' dir='ltr' id='par_1_106' title="bbox 1921 4882 3581 4962">
     <span class='ocr_line' id='line_1_106' title="bbox 1921 4882 3581 4962; baseline -0.002 -15"><span class='ocrx_word' id='word_1_739' title='bbox 1921 4885 2130 4958; x_wconf 66' lang='lat' dir='ltr'><strong><em>dociaa,</em></strong></span> <span class='ocrx_word' id='word_1_740' title='bbox 2185 4903 2371 4962; x_wconf 90' lang='lat' dir='ltr'><strong><em>quem</em></strong></span> <span class='ocrx_word' id='word_1_741' title='bbox 2415 4886 2606 4962; x_wconf 84' lang='lat' dir='ltr'><strong><em>Eliam</em></strong></span> <span class='ocrx_word' id='word_1_742' title='bbox 2639 4901 2769 4943; x_wconf 91' lang='lat' dir='ltr'><strong><em>esse</em></strong></span> <span class='ocrx_word' id='word_1_743' title='bbox 2814 4899 2940 4942; x_wconf 92' lang='lat' dir='ltr'><strong><em>non</em></strong></span> <span class='ocrx_word' id='word_1_744' title='bbox 2986 4882 3224 4962; x_wconf 79' lang='lat' dir='ltr'><strong><em>levibus</em></strong></span> <span class='ocrx_word' id='word_1_745' title='bbox 3262 4884 3339 4962; x_wconf 81' lang='lat' dir='ltr'><strong><em>de</em></strong></span> <span class='ocrx_word' id='word_1_746' title='bbox 3378 4885 3581 4943; x_wconf 84' lang='lat' dir='ltr'><strong><em>causis</em></strong></span> 
     </span>
    </p>
   </div>
   <div class='ocr_carea' id='block_1_107' title="bbox 1921 4956 3582 5032">
    <p class='ocr_par' dir='ltr' id='par_1_107' title="bbox 1921 4956 3582 5032">
     <span class='ocr_line' id='line_1_107' title="bbox 1921 4956 3582 5032; baseline -0.001 -14"><span class='ocrx_word' id='word_1_747' title='bbox 1921 4956 2342 5032; x_wconf 78' lang='lat' dir='ltr'><strong><em>existimamus</em></strong></span> <span class='ocrx_word' id='word_1_748' title='bbox 2371 4959 2655 5032; x_wconf 73' lang='lat' dir='ltr'><strong><em>scriptam</em></strong></span> <span class='ocrx_word' id='word_1_749' title='bbox 2711 4973 2842 5032; x_wconf 78' lang='lat' dir='ltr'><strong><em>esse</em></strong></span> <span class='ocrx_word' id='word_1_750' title='bbox 2871 4973 3078 5013; x_wconf 90' lang='lat' dir='ltr'><strong><em>mense</em></strong></span> <span class='ocrx_word' id='word_1_751' title='bbox 3125 4956 3330 5032; x_wconf 85' lang='lat' dir='ltr'><strong><em>Martio</em></strong></span> <span class='ocrx_word' id='word_1_752' title='bbox 3361 4973 3582 5032; x_wconf 60' lang='lat' dir='ltr'><strong><em>agnon</em></strong></span> 
     </span>
    </p>
   </div>
   <div class='ocr_carea' id='block_1_108' title="bbox 1920 5028 3582 5112">
    <p class='ocr_par' dir='ltr' id='par_1_108' title="bbox 1920 5028 3582 5112">
     <span class='ocr_line' id='line_1_108' title="bbox 1920 5028 3582 5112; baseline -0.001 -23"><span class='ocrx_word' id='word_1_753' title='bbox 1920 5031 2100 5112; x_wconf 73' lang='lat' dir='ltr'><strong><em>longe</em></strong></span> <span class='ocrx_word' id='word_1_754' title='bbox 2128 5038 2266 5112; x_wconf 81' lang='lat' dir='ltr'><strong><em>ante</em></strong></span> <span class='ocrx_word' id='word_1_755' title='bbox 2295 5028 2746 5112; x_wconf 53' lang='lat' dir='ltr'><strong><em>Pascha,nquod</em></strong></span> <span class='ocrx_word' id='word_1_756' title='bbox 2773 5030 2890 5087; x_wconf 92' lang='lat' dir='ltr'><strong><em>hoc</em></strong></span> <span class='ocrx_word' id='word_1_757' title='bbox 2920 5044 3082 5086; x_wconf 87' lang='lat' dir='ltr'><strong><em>anno</em></strong></span> <span class='ocrx_word' id='word_1_758' title='bbox 3123 5033 3228 5086; x_wconf 86' lang='lat'><strong><em>372</em></strong></span> <span class='ocrx_word' id='word_1_759' title='bbox 3272 5028 3482 5087; x_wconf 87' lang='lat' dir='ltr'><strong><em>incidit</em></strong></span> <span class='ocrx_word' id='word_1_760' title='bbox 3517 5029 3582 5087; x_wconf 90' lang='lat' dir='ltr'><strong><em>in</em></strong></span> 
     </span>
    </p>
   </div>
   <div class='ocr_carea' id='block_1_109' title="bbox 1921 5101 2976 5174">
    <p class='ocr_par' dir='ltr' id='par_1_109' title="bbox 1921 5101 2976 5174">
     <span class='ocr_line' id='line_1_109' title="bbox 1921 5101 2976 5174; baseline -0.013 -12"><span class='ocrx_word' id='word_1_761' title='bbox 1921 5101 2084 5162; x_wconf 80' lang='lat' dir='ltr'><strong><em>diem</em></strong></span> <span class='ocrx_word' id='word_1_762' title='bbox 2113 5109 2395 5160; x_wconf 86' lang='lat' dir='ltr'><strong><em>octavum</em></strong></span> <span class='ocrx_word' id='word_1_763' title='bbox 2425 5101 2684 5174; x_wconf 58' lang='lat' dir='ltr'><strong><em>Aprilis.</em></strong></span> <span class='ocrx_word' id='word_1_764' title='bbox 2721 5171 2730 5174; x_wconf 88' lang='lat'>_</span> <span class='ocrx_word' id='word_1_765' title='bbox 2824 5171 2838 5174; x_wconf 81' lang='lat'><strong><em>_</em></strong></span> <span class='ocrx_word' id='word_1_766' title='bbox 2866 5171 2882 5174; x_wconf 88' lang='lat'>_</span> <span class='ocrx_word' id='word_1_767' title='bbox 2973 5145 2976 5148; x_wconf 82' lang='lat'><strong><em>.</em></strong></span> 
     </span>
    </p>
   </div>
   <div class='ocr_carea' id='block_1_110' title="bbox 1995 5171 3577 5249">
    <p class='ocr_par' dir='ltr' id='par_1_110' title="bbox 1995 5171 3577 5249">
     <span class='ocr_line' id='line_1_110' title="bbox 1995 5171 3577 5249; baseline -0.002 -17"><span class='ocrx_word' id='word_1_768' title='bbox 1995 5171 2559 5249; x_wconf 54' lang='lat' dir='ltr'><strong><em>(99)_napaczépsio;.</em></strong></span> <span class='ocrx_word' id='word_1_769' title='bbox 2587 5171 2737 5249; x_wconf 72' lang='lat' dir='ltr'><strong><em>Editi</em></strong></span> <span class='ocrx_word' id='word_1_770' title='bbox 2765 5171 3001 5249; x_wconf 73' lang='lat' dir='ltr'><strong><em>addunt</em></strong></span> <span class='ocrx_word' id='word_1_771' title='bbox 3027 5175 3166 5229; x_wconf 88' lang='lat' dir='ltr'><strong><em>ante</em></strong></span> <span class='ocrx_word' id='word_1_772' title='bbox 3184 5171 3344 5230; x_wconf 89' lang='lat' dir='ltr'><strong><em>hanc</em></strong></span> <span class='ocrx_word' id='word_1_773' title='bbox 3364 5188 3577 5249; x_wconf 75' lang='lat' dir='ltr'><strong><em>vocem</em></strong></span> 
     </span>
    </p>
   </div>
   <div class='ocr_carea' id='block_1_111' title="bbox 1923 5243 3578 5318">
    <p class='ocr_par' dir='ltr' id='par_1_111' title="bbox 1923 5243 3578 5318">
     <span class='ocr_line' id='line_1_111' title="bbox 1923 5243 3578 5318; baseline -0.004 -13"><span class='ocrx_word' id='word_1_774' title='bbox 1923 5243 2244 5306; x_wconf 85' lang='lat' dir='ltr'><strong><em>articulum</em></strong></span> <span class='ocrx_word' id='word_1_775' title='bbox 2281 5243 2473 5318; x_wconf 60' lang='lat' dir='ltr'><strong><em>6,:jui</em></strong></span> <span class='ocrx_word' id='word_1_776' title='bbox 2501 5245 2669 5318; x_wconf 80' lang='lat' dir='ltr'><strong><em>deest</em></strong></span> <span class='ocrx_word' id='word_1_777' title='bbox 2704 5243 2766 5318; x_wconf 87' lang='lat' dir='ltr'><strong><em>in</em></strong></span> <span class='ocrx_word' id='word_1_778' title='bbox 2809 5243 2982 5318; x_wconf 78' lang='lat' dir='ltr'><strong><em>Coisl.</em></strong></span> <span class='ocrx_word' id='word_1_779' title='bbox 3004 5249 3359 5318; x_wconf 80' lang='lat' dir='ltr'><strong><em>_utroque_et</em></strong></span> <span class='ocrx_word' id='word_1_780' title='bbox 3385 5243 3578 5318; x_wconf 78' lang='lat' dir='ltr'><strong><em>tribus</em></strong></span> 
     </span>
    </p>
   </div>
   <div class='ocr_carea' id='block_1_112' title="bbox 1922 5314 3576 5389">
    <p class='ocr_par' dir='ltr' id='par_1_112' title="bbox 1922 5314 3576 5389">
     <span class='ocr_line' id='line_1_112' title="bbox 1922 5314 3576 5389; baseline -0.004 -11"><span class='ocrx_word' id='word_1_781' title='bbox 1922 5318 2073 5378; x_wconf 85' lang='lat' dir='ltr'><strong><em>aliis.</em></strong></span> <span class='ocrx_word' id='word_1_782' title='bbox 2103 5321 2276 5374; x_wconf 89' lang='lat' dir='ltr'><strong><em>Deest</em></strong></span> <span class='ocrx_word' id='word_1_783' title='bbox 2302 5314 2430 5389; x_wconf 55' lang='lat' dir='ltr'><strong><em>huic</em></strong></span> <span class='ocrx_word' id='word_1_784' title='bbox 2462 5315 2713 5389; x_wconf 89' lang='lat' dir='ltr'><strong><em>epistola</em></strong></span> <span class='ocrx_word' id='word_1_785' title='bbox 2736 5315 2799 5372; x_wconf 91' lang='lat' dir='ltr'><strong><em>in</em></strong></span> <span class='ocrx_word' id='word_1_786' title='bbox 2823 5314 3136 5373; x_wconf 90' lang='lat' dir='ltr'><strong><em>codicibus</em></strong></span> <span class='ocrx_word' id='word_1_787' title='bbox 3164 5314 3324 5389; x_wconf 65' lang='lat' dir='ltr'><strong><em>Med.</em></strong></span> <span class='ocrx_word' id='word_1_788' title='bbox 3343 5319 3400 5370; x_wconf 88' lang='lat' dir='ltr'><strong><em>et</em></strong></span> <span class='ocrx_word' id='word_1_789' title='bbox 3421 5314 3576 5389; x_wconf 84' lang='lat' dir='ltr'><strong><em>Harl.</em></strong></span> 
     </span>
    </p>
   </div>
   <div class='ocr_carea' id='block_1_113' title="bbox 1962 5385 3581 5518">
    <p class='ocr_par' dir='ltr' id='par_1_113' title="bbox 1962 5385 3581 5518">
     <span class='ocr_line' id='line_1_113' title="bbox 1962 5385 3581 5518; baseline 0.001 -76"><span class='ocrx_word' id='word_1_790' title='bbox 1962 5390 2074 5518; x_wconf 54' lang='grc' dir='ltr'><strong><em>ἀφ</em></strong></span> <span class='ocrx_word' id='word_1_791' title='bbox 2103 5397 2208 5476; x_wconf 44' lang='lat' dir='ltr'><strong><em>Eou-</em></strong></span> <span class='ocrx_word' id='word_1_792' title='bbox 2227 5393 2306 5442; x_wconf 87' lang='grc' dir='ltr'><strong><em>τό.</em></strong></span> <span class='ocrx_word' id='word_1_793' title='bbox 2341 5388 2434 5446; x_wconf 92' lang='lat' dir='ltr'><strong><em>Sic</em></strong></span> <span class='ocrx_word' id='word_1_794' title='bbox 2462 5385 2726 5461; x_wconf 45' lang='lat' dir='ltr'><strong><em>q‘uatuor</em></strong></span> <span class='ocrx_word' id='word_1_795' title='bbox 2749 5405 2896 5445; x_wconf 91' lang='lat' dir='ltr'><strong><em>mss.</em></strong></span> <span class='ocrx_word' id='word_1_796' title='bbox 2921 5403 3032 5462; x_wconf 90' lang='lat' dir='ltr'><strong><em>pro</em></strong></span> <span class='ocrx_word' id='word_1_797' title='bbox 3062 5403 3134 5444; x_wconf 88' lang='lat' dir='ltr'><strong><em>eo</em></strong></span> <span class='ocrx_word' id='word_1_798' title='bbox 3161 5385 3331 5460; x_wconf 90' lang='lat' dir='ltr'><strong><em>quod</em></strong></span> <span class='ocrx_word' id='word_1_799' title='bbox 3361 5391 3489 5442; x_wconf 88' lang='lat' dir='ltr'><strong><em>erat</em></strong></span> <span class='ocrx_word' id='word_1_800' title='bbox 3515 5385 3581 5444; x_wconf 87' lang='lat' dir='ltr'><strong><em>in</em></strong></span> 
     </span>
     <span class='ocr_line' id='line_1_114' title="bbox 2008 5479 2297 5518; baseline -0.014 0"><span class='ocrx_word' id='word_1_801' title='bbox 2008 5480 2023 5518; x_wconf 90' lang='grc' dir='ltr'><strong><em>ι</em></strong></span> <span class='ocrx_word' id='word_1_802' title='bbox 2049 5479 2098 5517; x_wconf 86' lang='lat' dir='ltr'><strong><em>lS</em></strong></span> <span class='ocrx_word' id='word_1_803' title='bbox 2122 5480 2297 5518; x_wconf 86' lang='grc' dir='ltr'>τουτο.</span> 
     </span>
    </p>
   </div>
   <div class='ocr_carea' id='block_1_114' title="bbox 1927 5461 2297 5520">
    <p class='ocr_par' dir='ltr' id='par_1_114' title="bbox 1927 5461 2297 5520">
     <span class='ocr_line' id='line_1_115' title="bbox 1927 5461 2297 5520; baseline -0.005 0"><span class='ocrx_word' id='word_1_804' title='bbox 1927 5461 2098 5520; x_wconf 80' lang='lat' dir='ltr'><strong><em>editis</em></strong></span> <span class='ocrx_word' id='word_1_805' title='bbox 2122 5469 2297 5518; x_wconf 82' lang='grc' dir='ltr'>τοῦτο.</span> 
     </span>
    </p>
   </div>
   <div class='ocr_carea' id='block_1_115' title="bbox 2000 5529 3438 5607">
    <p class='ocr_par' dir='ltr' id='par_1_115' title="bbox 2000 5529 3438 5607">
     <span class='ocr_line' id='line_1_116' title="bbox 2000 5529 3438 5607; baseline -0.001 -19"><span class='ocrx_word' id='word_1_806' title='bbox 2000 5538 2074 5607; x_wconf 80' lang='grc'><strong><em>(2)</em></strong></span> <span class='ocrx_word' id='word_1_807' title='bbox 2102 5537 2167 5607; x_wconf 52' lang='lat' dir='ltr'><strong><em>ﬁt</em></strong></span> <span class='ocrx_word' id='word_1_808' title='bbox 2184 5551 2258 5607; x_wconf 69' lang='lat' dir='ltr'><strong><em>Tt.</em></strong></span> <span class='ocrx_word' id='word_1_809' title='bbox 2287 5530 2570 5607; x_wconf 62' lang='lat' dir='ltr'><strong><em>Voculam</em></strong></span> <span class='ocrx_word' id='word_1_810' title='bbox 2598 5550 2650 5607; x_wconf 78' lang='grc' dir='ltr'><strong><em>τι</em></strong></span> <span class='ocrx_word' id='word_1_811' title='bbox 2679 5529 3028 5588; x_wconf 88' lang='lat' dir='ltr'><strong><em>addidimus</em></strong></span> <span class='ocrx_word' id='word_1_812' title='bbox 3051 5545 3131 5607; x_wconf 79' lang='lat' dir='ltr'><strong><em>ex</em></strong></span> <span class='ocrx_word' id='word_1_813' title='bbox 3159 5545 3264 5586; x_wconf 81' lang='lat' dir='ltr'><strong><em>sex</em></strong></span> <span class='ocrx_word' id='word_1_814' title='bbox 3289 5544 3438 5586; x_wconf 85' lang='lat' dir='ltr'><strong><em>mss.</em></strong></span> 
     </span>
    </p>
   </div>
   <div class='ocr_carea' id='block_1_116' title="bbox 2000 5604 3094 5676">
    <p class='ocr_par' dir='ltr' id='par_1_116' title="bbox 2000 5604 3094 5676">
     <span class='ocr_line' id='line_1_117' title="bbox 2000 5604 3094 5676; baseline -0.005 -16"><span class='ocrx_word' id='word_1_815' title='bbox 2000 5604 2022 5632; x_wconf 61' lang='grc' dir='ltr'><strong><em>θ</em></strong></span> <span class='ocrx_word' id='word_1_816' title='bbox 2050 5604 2210 5660; x_wconf 77' lang='lat' dir='ltr'><strong><em>Alias</em></strong></span> <span class='ocrx_word' id='word_1_817' title='bbox 2231 5605 2496 5660; x_wconf 82' lang='lat' dir='ltr'><strong><em>CCXLIII.</em></strong></span> <span class='ocrx_word' id='word_1_818' title='bbox 2522 5605 2752 5676; x_wconf 82' lang='lat' dir='ltr'><strong><em>Scripta</em></strong></span> <span class='ocrx_word' id='word_1_819' title='bbox 2781 5618 2943 5659; x_wconf 89' lang='lat' dir='ltr'><strong><em>anno</em></strong></span> <span class='ocrx_word' id='word_1_820' title='bbox 2970 5606 3094 5658; x_wconf 89' lang='lat'><strong><em>372.</em></strong></span> 
     </span>
    </p>
   </div>
   <div class='ocr_carea' id='block_1_117' title="bbox 2003 5674 3167 5748">
    <p class='ocr_par' dir='ltr' id='par_1_117' title="bbox 2003 5674 3167 5748">
     <span class='ocr_line' id='line_1_118' title="bbox 2003 5674 3167 5748; baseline -0.003 -13"><span class='ocrx_word' id='word_1_821' title='bbox 2003 5680 2041 5699; x_wconf 87' lang='lat'>“</span> <span class='ocrx_word' id='word_1_822' title='bbox 2069 5676 2232 5735; x_wconf 73' lang='lat' dir='ltr'><strong><em>Alias</em></strong></span> <span class='ocrx_word' id='word_1_823' title='bbox 2262 5676 2578 5733; x_wconf 73' lang='lat' dir='ltr'><strong><em>CCLXXII].</em></strong></span> <span class='ocrx_word' id='word_1_824' title='bbox 2608 5674 2837 5748; x_wconf 81' lang='lat' dir='ltr'><strong><em>scripta</em></strong></span> <span class='ocrx_word' id='word_1_825' title='bbox 2856 5689 3016 5731; x_wconf 88' lang='lat' dir='ltr'><strong><em>anno</em></strong></span> <span class='ocrx_word' id='word_1_826' title='bbox 3043 5675 3167 5731; x_wconf 83' lang='lat'><strong><em>372.</em></strong></span> 
     </span>
    </p>
   </div>
  </div>
