4078 6386
258 368 355 425 4⁸73
1314 370 1802 430 EPISTOLARUM
1841 368 2126 429 CLASSIS
2162 373 2233 429 II.
2270 375 2491 434 EPIST.
2539 376 2644 433 XC.

264 491 381 567 παρ’

271 584 410 655 ἡμῶν
436 582 530 644 τὰς
581 581 797 655 ψυχάς·

475 670 702 746 ἐναργῶς

860 590 955 638 καὶ
1010 588 1075 638 τὰ
1128 588 1355 662 ἡμέτερα
1396 583 1479 655 δὲ,
1517 594 1578 659 τῇ
1602 590 1756 661 πείρα
1785 605 1882 658 μα-

779 674 908 747 ύμῖν
963 673 1248 746 ἀναγγελεῖ,
1336 676 1420 727 ἵνα
1481 678 1882 747 προηγουμένως

268 763 357 832 μὲν
401 756 496 813 διὰ
554 769 653 823 τῆς
714 765 955 826 ἐκτενοῦς
1016 768 1107 816 καὶ
1163 763 1439 836 φιλοπόνου
1506 760 1736 826 δεήσεως
1792 772 1881 824 τῆς

268 852 396 923 πρὸς
422 853 511 901 τόν
551 853 753 924 Κύριον
786 852 1220 926 συναγωνίζησθε
1258 854 1404 926 ἡμῖν,
1457 855 1632 907 ἔπειτα
1678 849 1736 905 δὲ
1792 853 1883 905 καὶ

264 943 358 996 τὴν
417 936 772 1013 ἐνδεχομένην
821 941 946 1014 ύμῖν
1001 942 1114 1014 (Η)
1165 943 1503 1017 παραμυθίαν
1559 947 1675 1004 ταῖς
1714 962 1880 996 κατα-

257 1032 610 1100 πονουμίναις
675 1028 1016 1091 Ἐκκλησίαις
1066 1030 1462 1102 εἰσενέγκασθαι
1495 1034 1566 1103 μὴ
1609 1036 1878 1104 παραιτή-

261 1118 456 1174 σησθε.
492 1121 738 1190 Κέκμηκε
789 1121 889 1193 γὰρ
940 1121 1007 1172 τὰ
1051 1116 1296 1192 ἐνταῦθα,
1357 1115 1571 1192 ἀδελφοὶ
1620 1124 1881 1192 τιμιώτα-

260 1224 367 1268 τοι,
405 1212 501 1260 καὶ
532 1205 789 1282 ἀπείρηκε
809 1212 943 1284 πρὸς
976 1212 1072 1272 τὰς
1131 1216 1372 1282 συνεχεῖς
1423 1208 1720 1284 προσϐολὰς
1780 1218 1880 1262 τῶν

264 1293 507 1349 ἐναντίων
555 1299 589 1356 ἡ
645 1296 954 1367 Ἐκκλησία,
1011 1300 1185 1374 ὥσπερ
1243 1317 1295 1351 τι
1345 1297 1520 1351 πλοῖον
1577 1296 1627 1350 ἐν
1672 1299 1882 1371 πελάγει

267 1389 418 1457 μέσῳ
484 1393 603 1448 ταῖς
656 1385 969 1455 ἐπαλλήλοις
1012 1387 1243 1459 πληγαῖς
1292 1395 1393 1440 τῶν
1427 1388 1672 1461 κυμάτων
1699 1386 1881 1461 βασα-

265 1477 556 1546 νιζόμενον,
620 1475 668 1528 εἰ
717 1480 790 1549 μή
853 1495 934 1537 τις
986 1479 1188 1548 γένοιτο
1235 1483 1432 1549 ταχεῖα
1496 1474 1757 1535 ἐπισκοπη
1787 1485 1883 1539 τῆς

267 1561 595 1628 ἀλαθότητος
624 1573 717 1619 του
751 1570 967 1640 Κυρίου.
998 1565 1198 1642 ’Ὠσπερ
1231 1562 1319 1618 οὖν
1358 1568 1510 1640 ἡμεῖς
1570 1562 1709 1619 ἴδιον
1758 1566 1880 1620 ἐαυ-

263 1662 365 1705 τῶν
432 1652 632 1726 ἀγαθόν
697 1657 991 1729 ποιούμεθα
1043 1660 1138 1715 τὴν
1168 1657 1418 1732 ὑμετέραν
1460 1658 1592 1732 προς
1632 1655 1883 1719 ἀλλήλους

261 1745 570 1816 σύμπνοιάν
623 1763 679 1798 τε
729 1750 821 1799 καὶ
874 1745 1110 1814 ἑνότητα,
1177 1744 1314 1798 οὕτω
1361 1749 1452 1798 καὶ
1480 1747 1618 1819 ὑμᾶς
1645 1765 1881 1819 παρακαδ

272 672 368 723 θὼν
373 715 389 740 ,

3546 379 3654 435 ετι
3702 448 3705 449 ί

470 492 595 565 ὑμῖν
691 492 841 548 καλά
894 492 1282 570 διηγησάμενος
1359 495 1601 573 ἀκριϐῶς,
1670 495 1878 567 ἔθρεψεν

1997 496 2079 554 tia
2112 474 2379 571 edoctus,
2409 500 2727 573 perspicue
2743 498 2917 556 vobis
2938 501 3368 570 enuntiabit;ut
3384 502 3652 575 primum

1992 586 2241 658 quidem
2268 590 2566 645 constanti
2601 593 2658 645 et
2680 589 3015 646 vehementi
3036 590 3115 646 ad
3131 590 3453 647 Dominum
3474 607 3652 664 prece

1992 675 2310 733 nobiscum
2331 677 2642 734 decertetis
2667 697 2680 746 ;
2704 678 2923 734 deinde
2948 694 3091 735 vero
3120 684 3185 735 ut
3214 686 3271 737 et
3297 696 3408 752 pro
3424 680 3653 736 viribus

1993 765 2278 822 solatium
2312 767 2580 823 Ecclesiis
2610 767 2908 825 afﬂictatis
2956 768 3168 826 aﬂ'erre
3214 786 3292 826 ne
3338 770 3651 831 recusetis.

1992 858 2140 912 Nam
2170 855 2268 912 hic
2297 856 2506 912 omnia
2522 856 2816 924 fatiscunt,
2839 857 3052 914 fratres
3069 857 3656 927 reverendissimi;et

1991 944 2191 1000 deﬁcit
2219 945 2298 1000 ad
2329 945 2644 1001 continuos
2665 946 3148 1003 achrsariorum
3170 948 3433 1005 assultus
3457 948 3653 1005 Eccle'

1992 1033 2105 1100 sia,
2151 1049 2276 1089 non
2330 1050 2500 1090 secus
2554 1051 2624 1091 ac
2673 1035 2978 1107 navigium
3011 1036 3328 1110 quoddam
3356 1037 3417 1094 in
3446 1037 3651 1094 medio

1990 1122 2143 1179 mari
2173 1123 2465 1179 ﬂuctuum
2496 1124 2858 1197 impulsibus
2880 1124 2996 1181 sibi
3020 1126 3281 1183 invicem
3315 1126 3649 1183 succeden-

1990 1211 2151 1267 tibus
2189 1213 2480 1282 agitatum
2508 1213 2658 1280 ;nisi
2709 1213 2807 1269 Dei
2850 1229 2963 1270 nos
3005 1214 3243 1271 bonitas
3281 1215 3397 1271 cito
3428 1215 3647 1271 visitet.

1991 1300 2520 1367 Quemadmodum
2549 1302 2730 1372 igitur
2769 1302 3083 1375 praprium
3114 1303 3385 1375 ipsorum
3412 1303 3647 1359 bonum

1990 1391 2289 1459 ducimus,
2320 1395 2579 1446 vestram
2600 1392 2752 1447 inter
2780 1406 2890 1447 vos
2930 1392 3318 1448 concordiam
3345 1397 3404 1448 et
3453 1391 3646 1448 unita-

1991 1486 2110 1537 tem
2146 1480 2264 1549 ;ita
2293 1484 2351 1536 et
2370 1495 2677 1551 rogamus,
2694 1483 2763 1536 ut
2792 1485 3135 1537 nostrarum
3164 1496 3271 1537 vos
3312 1480 3645 1537 dissensio-

1988 1586 2141 1626 num
2171 1569 2450 1625 misereat
2480 1587 2493 1636 ;
2527 1584 2660 1635 nec,
2691 1568 2837 1642 quia
2863 1568 3138 1625 locorum
3170 1570 3285 1625 situ
3317 1569 3512 1625 dissiti
3551 1585 3651 1625 su-

1991 1675 2155 1727 mus,
2180 1673 2293 1714 nos
2312 1674 2348 1714 a
2367 1657 2542 1713 vobis
2561 1658 2913 1729 sejungatis,
2931 1658 3033 1713 sed
3052 1658 3199 1731 quia
3221 1658 3472 1731 Spiritus
3490 1674 3653 1714 com-

1992 1746 2282 1803 munione
2347 1745 2797 1817 conjungimur,
2849 1761 2961 1801 nos
3012 1746 3075 1801 iu
3131 1745 3315 1802 unius
3380 1745 3651 1819 corporis

246 1830 447 1906 λούμεν
526 1836 887 1906 συμπαθῆσαι
946 1836 1093 1907 ἡμῶν
1146 1842 1264 1896 ταῖς
1308 1830 1624 1909 διαιρέσεσι·
1652 1840 1743 1888 καὶ
1782 1840 1876 1907 μὴ,

1997 1839 2353 1892 concentum
2376 1833 2730 1890 admittatis.

242 1924 330 1975 ὅτι
385 1932 455 1996 τῇ
510 1925 655 1977 θέσει
698 1932 797 1977 τῶν
827 1928 997 1977 τόπων
1030 1921 1404 1998 διεστόκαμεν,
1434 1924 1686 1999 χωρίζειν
1717 1927 1852 1997 ἡμᾶς
1881 1924 1969 1999 ἀφ’
2002 1925 2218 1993 ἑαυτῶν,
2249 1923 2353 1976 ἀλλ’
2386 1924 2467 1977 ὅτι
2498 1923 2747 1997 ἑνούμεθα
2784 1933 2846 1998 τῇ
2880 1928 3014 1977 κατὰ
3045 1928 3104 1977 τό
3133 1931 3346 1998 Πνεῦμα
3375 1928 3649 1997 κοινωνίᾳ,

254 2013 331 2075 εἰς
352 2017 451 2071 την
490 2012 609 2074 ἑνός
638 2018 882 2086 σώματος
912 2015 1054 2086 ἡμᾶς
1084 2017 1388 2087 συμφωνίαν
1420 2011 1817 2087 ἀναλαμϐάνειν.

331 2107 384 2157 2.
448 2107 700 2177 Γνὼριμα
765 2098 825 2155 δε
891 2103 960 2155 τά
1017 2100 1260 2155 θλίϐοντα
1296 2103 1459 2175 ἡμᾶς,
1498 2100 1594 2154 κᾶν
1625 2104 1772 2176 ἡμεῖς
1801 2108 1874 2177 μὴ

254 2190 508 2265 λέγωμεν·
575 2190 648 2252 εἰς
698 2196 874 2244 πᾶσαν
926 2193 1029 2265 γὰρ
1081 2195 1177 2250 τὴν
1225 2189 1529 2264 οἰκουμένην
1558 2190 1736 2245 λοιπὸν
1764 2191 1879 2265 (12)

253 2280 552 2352 ἐξήχηται.
644 2284 1113 2355 Καταπεφρόνηται
1191 2283 1259 2334 τὰ
1324 2288 1421 2333 τῶν
1488 2285 1728 2355 Πατίρων
1790 2279 1882 2336 δο-

242 2386 460 2443 γματα·
534 2367 886 2423 ἀποστολικαὶ
937 2366 1264 2446 παραδόσεις
1330 2367 1698 2434 ἐξουδένωνται
1744 2372 1877 2446 (13)⁶

248 2466 643 2533 νεωτεροποιῶν
717 2458 1003 2534 ἀνθρώπων
1093 2459 1416 2536 ἄφευρίματα
1480 2468 1600 2522 ταῖς
1666 2461 1881 2524 Ἐκκλη-

260 2551 413 2608 σίαις
480 2545 893 2620 ἐμπολιτεῡεταιο
939 2546 1316 2621 τεχνολογοῦσι
1344 2547 1546 2621 λοιπόν,
1604 2550 1663 2603 ού
1716 2551 1880 2605 θεολο-

265 2643 459 2707 γοῦσιν
482 2638 533 2689 οἱ
555 2635 840 2712 ἂνθρωποι·
874 2638 905 2695 ἠ
961 2644 1056 2690 τοῦ
1084 2655 1289 2711 κοσμου
1336 2642 1495 2712 σοφία
1530 2640 1599 2692 τὰ
1652 2648 1881 2714 πρωτεῖα

269 2729 509 2800 φέρεται,
541 2730 890 2801 παρωσαμένη
922 2728 981 2779 τὸ
1011 2729 1275 2801 καύχημα
1323 2735 1417 2781 τοῦ
1466 2738 1718 2805 σταυροῦ.
1749 2737 1879 2785 Ποι-

267 2819 420 2888 μένες
474 2812 860 2884 ἀπελαύνονται,
908 2813 1309 2889 ἀντεισάγονται
1364 2814 1423 2871 δε
1473 2816 1622 2871 λύκοι
1677 2817 1875 2894 βαρεῖς,

268 2899 598 2968 διασπῶντες
648 2908 708 2957 τό
758 2908 1001 2979 ποίμνιον
1063 2913 1154 2958 τοῦ
1188 2914 1422 2981 Χριστοῦ
1463 2908 1575 2977 (14)
1608 2906 1761 2961 Οἷκοι
1790 2908 1877 2961 εύ-

264 2997 499 3067 κτήριοι,
583 2996 771 3069 ἔρημοι
841 3002 941 3048 τῶν
1008 2992 1477 3057 ἐκκλησιαζόντων·
1547 2997 1602 3050 αί
1666 2995 1880 3073 ίρημίαι

259 3082 480 3156 πλήρεις
508 3092 611 3136 τῶν
643 3080 998 3161 ὀδυρομένων.
1052 3086 1119 3138 Οἱ
1173 3084 1518 3160 πρεσϐύτεροι
1574 3082 1875 3162 ὀδύρονται,

250 3175 324 3224 τὰ
351 3171 562 3225 παλαιὰ
604 3177 971 3249 συγκρίνοντες
1018 3181 1125 3236 τοῖς
1174 3181 1456 3249 παροῦσινο
1487 3174 1538 3228 οἱ
1572 3179 1679 3229 νίοι
1716 3174 1875 3229 ἐλεει-

248 3265 482 3339 νότεροι,
548 3267 621 3335 μὴ
691 3258 891 3325 εἰδότες
950 3264 1069 3316 οίων
1122 3261 1448 3340 ἐστέρηνται.
1504 3271 1685 3318 Ταῦτα
1728 3266 1880 3318 ἱκανὰ

2062 2108 2118 2161 2.
2173 2108 2335 2161 Notae
2362 2107 2566 2160 autem
2615 2101 2987 2159 calamitates
3048 2107 3293 2172 nostrae,
3343 2102 3441 2160 vel
3472 2101 3650 2164 nobis

1990 2193 2367 2252 tacentibus:
2402 2191 2700 2265 siquidem
2726 2207 2834 2264 per
2863 2195 3056 2248 totum
3085 2197 3391 2249 terrenum
3440 2192 3650 2249 orbem

1999 2283 2169 2355 182
2198 2283 2327 2355 jam
2353 2284 2814 2355 personuerunt.
2875 2282 3355 2337 Contemnuntur
3402 2281 3651 2337 Patrum

1989 2372 2283 2443 dogmata
2306 2390 2320 2441 ;
2340 2370 2507 2428 nullo
2525 2386 2779 2426 numero
2794 2369 3094 2427 habentur
3106 2369 3453 2444 apostolica;
3473 2369 3653 2426 tradi-

1990 2462 2606 2533 tiones;novatorum
2636 2459 2884 2518 inventa
2928 2464 3186 2531 regnant
3231 2458 3294 2515 in
3324 2458 3600 2515 Ecclesiis
3635 2474 3648 2514 :

1988 2552 2064 2610 de
2096 2556 2312 2610 caetero
2339 2551 2614 2608 homines
2643 2550 2972 2608 verborum
3020 2548 3277 2607 artifices
3325 2554 3485 2618 sunt,
3528 2564 3653 2605 non

1988 2641 2251 2713 theologi
2278 2641 2544 2714 ;primas
2592 2644 2756 2697 tenet
2797 2639 3012 2696 mundi
3058 2638 3376 2712 sapientia.
3401 2639 3655 2710 expulsa

1988 2732 2183 2789 crucis
2198 2729 2821 2803 gloriatione.Abactis
2832 2728 3182 2802 pastoribus
3193 2727 3654 2784 introducuntur

1986 2821 2115 2894 lupi
2140 2836 2375 2891 graves,
2404 2818 2509 2893 qui
2529 2818 2742 2876 Christi
2765 2833 3010 2889 gregem
3039 2817 3651 2891 discerpunt.Domus

1986 2909 2276 2969 orationis
2325 2908 2627 2966 destitutas
2676 2906 3229 2977 concionatoribus,
3289 2904 3648 2963 solitudines

1988 2998 2464 3057 lamentantibus
2491 2997 2742 3054 refertae.
2778 2996 3052 3054 Seniores
3074 2996 3302 3067 lugent,
3326 2996 3475 3052 dum
3504 2995 3653 3052 anti-

1990 3105 2115 3162 qua
2131 3090 2488 3161 comparant
2509 3102 2646 3143 cum
2671 3085 3066 3159 praesentibus
3089 3100 3103 3153 ;
3121 3085 3393 3157 juniores
3406 3084 3652 3140 misera-

1988 3177 2235 3236 biliores
2267 3179 2426 3247 sunt,
2453 3174 2739 3249 qualibus
2755 3174 2973 3249 privati
3005 3176 3143 3247 sint,
3167 3173 3537 3245 ignorantes.
3559 3177 3652 3230 At-

1990 3282 2127 3341 quaa
2152 3265 2282 3323 haec
2295 3265 2543 3339 quidem
2558 3268 2700 3339 apta
2716 3264 2794 3321 ad
2822 3279 3035 3321 eorum
3055 3262 3650 3321 commiserationem

250 3354 347 3425 μὲν
369 3358 597 3410 κινῆσαι
617 3354 748 3427 πρὸς
774 3353 1104 3426 συμπάθειαν
1158 3355 1274 3424 (15)
1315 3357 1437 3416 τούς
1493 3357 1588 3413 τὴν
1641 3360 1877 3427 Χριστοῦ

1997 3354 2500 3413 commovendam
2512 3398 2527 3424 ,
2541 3353 2645 3427 qui
2657 3353 2873 3409 Christi
2887 3353 3267 3410 dilectionem
3281 3352 3460 3409 edicti
3490 3355 3648 3421 sunt;

254 3438 477 3512 ἀγάπην
543 3436 1010 3514 πεπαιδευμνους·
1068 3445 1468 3515 συγκρινόμενος
1512 3438 1572 3495 δε
1636 3450 1699 3515 τῇ
1756 3440 1878 3501 ἀλη-

257 3532 379 3603 θείᾳ
432 3539 536 3584 τῶν
588 3532 912 3605 πραγμάτων
966 3532 993 3582 6
1045 3529 1198 3604 λόγος
1249 3535 1395 3606 παρά
1457 3531 1588 3585 πολὺ
1637 3531 1749 3604 (16)
1789 3539 1881 3593 τῆς

258 3619 418 3685 ἀξίας
448 3621 621 3674 αὐτῶν
654 3619 1010 3678 ἀπολείπεται.
1043 3624 1106 3676 Εἴ
1159 3642 1211 3675 τι
1250 3618 1340 3675 οὖν
1390 3623 1723 3699 παραμύθιον
1750 3620 1881 3695 ἀγά-

258 3731 393 3776 πης,
446 3714 495 3765 εἰ
548 3730 631 3773 τις
693 3716 938 3764 κοινωνία
986 3715 1310 3785 Πνεύματος,
1370 3715 1416 3765 εἲ
1453 3731 1571 3766 τινα
1598 3711 1884 3786 σπλάγχνα

257 3800 578 3875 οἰκτιραῶν,
617 3803 865 3860 κινήθητε
916 3804 1048 3876 πρὸς
1099 3805 1193 3861 τὴν
1253 3799 1529 3873 ἀντίληψιν
1569 3803 1735 3876 ἡμῶν.
1769 3803 1881 3856 Λά-

260 3888 379 3944 ϐετε
434 3890 590 3954 ζῆλον
656 3889 939 3954 εὐσεϐείας,
1006 3890 1236 3954 ἕξελεσθε
1294 3892 1436 3964 ἡμᾶς
1499 3897 1592 3944 τοῦ
1620 3899 1882 3965 χειμῶνος

258 3982 477 4036 τούτου.
534 3978 808 4033 Λαλείσθω
862 3984 954 4033 καὶ
992 3980 1120 4055 παρ’
1170 3981 1297 4053 ἡμῖν
1327 3981 1463 4053 μετά
1486 3978 1791 4055 παρῥησίας
1816 3982 1876 4033 τὸ

264 4067 469 4140 ἀγαθὸν
521 4066 680 4121 ἰκεῖνο
735 4073 988 4145 κήρυγμα
1033 4077 1131 4122 τῶν
1194 4072 1454 4144 Πατίρων,
1506 4072 1566 4121 τὸ
1597 4072 1884 4144 καταστρέ-

266 4177 363 4232 φον
392 4159 484 4230 μὲν
520 4161 611 4217 τὴν
641 4154 952 4231 δυσώνυμον
1005 4159 1207 4235 αἰρεσιν
1251 4162 1347 4217 τὴν
1400 4158 1629 4234 Ἀρείου,
1677 4154 1882 4211 οἰκοδο-

256 4254 400 4322 μοῦν
468 4248 582 4318 (17)
630 4244 691 4301 δε
739 4249 830 4309 τὰς
891 4246 1209 4309 Ἐκκλησίας
1266 4245 1316 4300 ἓν
1354 4255 1414 4321 τῇ
1448 4249 1757 4320 ὑγιαινούση
1792 4244 1883 4302 δι-

258 4334 547 4409 δασκαλία
594 4335 643 4389 ἓν
704 4338 737 4411 ᾖ
801 4339 828 4390 6
891 4339 1006 4400 Υἱός
1071 4339 1346 4412 όμοούσιος
1433 4336 1764 4412 ὁμολογεῖται
1808 4346 1881 4410 τῷ

264 4432 459 4502 Πατρί,
511 4430 603 4479 καὶ
660 4428 720 4479 τὸ
774 4432 988 4500 Πνεῦμα
1041 4429 1101 4481 τό
1159 4426 1310 4500 ἅγιον
1371 4427 1630 4500 όμοτίμως
1662 4446 1881 4503 συναρι-

271 4518 480 4589 θμεῖταί
528 4535 584 4570 τε
628 4521 720 4570 καὶ
765 4516 1190 4591 συλλατρεύεται·
1235 4516 1319 4569 ἵνα
1347 4516 1411 4577 ἣν
1461 4517 1584 4589 ὑμῖν
1632 4514 1824 4571 ἔδωκεν
1854 4517 1881 4569 6

270 4608 466 4682 Κύριος
518 4607 645 4680 ὑπὲρ
704 4614 800 4669 τῆς
859 4606 1107 4669 ἀληθείας
1167 4605 1489 4681 παρῥησίαν,
1557 4610 1647 4660 καὶ
1706 4610 1766 4660 τό
1797 4605 1882 4661 ἐπὶ

258 4703 334 4769 τῇ
395 4695 651 4769 ὁμολογίᾳ
705 4703 802 4759 τῆς
849 4696 992 4759 θείας
1043 4699 1155 4763 (18)
1213 4699 1303 4748 καὶ
1358 4699 1621 4770 σωτηρίου
1646 4692 1882 4770 Τριάὸος

1993 3445 2105 3504 sed
2134 3447 2526 3518 comparatus
2547 3459 2688 3500 cum
2735 3458 2939 3499 rerum
2974 3443 3218 3500 veritate
3243 3457 3444 3499 sermo
3472 3440 3652 3511 longe

1993 3536 2072 3594 ab
2096 3535 2373 3609 ipsarum
2395 3532 2815 3606 magnitudine
2837 3532 3027 3591 abest.
3056 3534 3109 3590 Si
3128 3532 3489 3606 quodigitur
3501 3530 3655 3587 sola-

1991 3625 2139 3684 tium
2166 3623 2526 3689 dilectionis,
2552 3622 2603 3679 si
2639 3639 2766 3697 qua
2784 3622 3257 3681 communicatio
3303 3620 3576 3693 Spiritus,
3603 3618 3653 3676 si

1990 3731 2118 3789 qua
2153 3711 2693 3772 commiserationis
2736 3712 2992 3779 viscera,
3045 3711 3125 3769 ad
3161 3710 3444 3768 ferendas
3471 3708 3653 3765 nobis

1991 3803 2300 3878 suppetias
2329 3801 2730 3859 concitemini.
2768 3802 3021 3875 Arripite
3053 3800 3323 3857 studium
3363 3796 3603 3872 pietatis
3635 3816 3647 3857 :

1990 3908 2106 3951 nos
2134 3908 2207 3950 ex
2234 3892 2351 3949 hac
2372 3894 2725 3964 tempestate
2755 3890 2982 3963 eripite.
3009 3890 3345 3947 Proferatur
3391 3892 3448 3945 et
3486 3886 3654 3960 apud

1991 3998 2107 4039 nos
2127 3980 2315 4038 libere
2344 3979 2510 4037 bona
2523 3978 2625 4036 illa
2650 3982 2891 4036 Patrum
2904 3978 3332 4053 promulgatio,
3360 3976 3652 4034 infamem

1990 4072 2113 4129 Arii
2139 4069 2420 4128 haeresim
2450 4073 2745 4134 evertens,
2777 4069 3073 4127 Ecclesias
3101 4084 3241 4126 vero
3272 4067 3335 4124 in
3368 4082 3522 4125 sana
3541 4066 3650 4123 do-

1992 4161 2184 4219 ctrina
2193 4159 2500 4217 rediﬂcans
2507 4201 2522 4230 ,
2540 4159 2601 4215 in
2619 4175 2745 4232 qua
2762 4158 2971 4216 Filium
2990 4158 3150 4216 Patri
3170 4156 3655 4216 consubstantia-

1989 4251 2111 4308 lem
2131 4250 2506 4322 conﬁtemur,
2533 4253 2715 4322 atque
2740 4248 2991 4323 Spiritus
3013 4246 3404 4322 sanctuspari
3424 4247 3655 4304 honore

1993 4340 2178 4398 simul
2198 4344 2258 4398 et
2286 4343 2659 4412 numeratur,
2711 4342 2772 4396 et
2813 4339 3139 4408 adoratur;
3171 4341 3238 4394 ut
3264 4352 3451 4410 quam
3477 4334 3654 4393 vobis

1992 4430 2283 4488 Dominus
2306 4429 2472 4486 dedit
2499 4443 2610 4502 pro
2629 4427 2879 4485 veritate
2897 4427 3254 4495 libertatem,
3282 4430 3340 4483 et
3358 4426 3421 4481 in
3434 4423 3651 4481 divinae

1996 4518 2399 4592 salutarisque
2426 4517 2724 4574 Trinitatis
2775 4516 3162 4575 confessione
3212 4513 3647 4587 gloriationem,

1991 4609 2151 4666 hanc
2173 4611 2231 4681 et
2248 4606 2426 4664 nobis
2454 4621 2563 4679 per
2581 4609 2812 4664 vestras
2840 4620 3049 4679 preces
3059 4619 3364 4678 opemque
3383 4606 3652 4660 vestram

1993 4696 2305 4768 largiatur.
2336 4696 2627 4753 Caeterum
2648 4694 2744 4752 ille
2773 4695 2925 4769 ipse,
2945 4709 3129 4769 quem
3168 4693 3300 4765 jam
3341 4691 3487 4759 dixi,
3520 4689 3653 4747 dia-

259 4788 553 4859 καύχημα,
607 4792 761 4838 τοῦτο
806 4789 898 4838 καὶ
953 4786 1079 4859 ἡμῖν
1133 4780 1229 4838 διὰ
1276 4792 1378 4838 τῶν
1420 4785 1678 4862 ὑμετέρων
1711 4785 1878 4859 εὐχῶν

1997 4801 2184 4845 conus
2215 4784 2455 4859 singula
2475 4784 2778 4842 dilectioni
2797 4787 3010 4842 vestrae
3030 4780 3655 4840 nuntiabit.0mnibus

251 4881 351 4931 καὶ
406 4883 507 4939 τῆς
576 4878 847 4952 συνεργίας
903 4875 1047 4955 ύμῷν
1076 4878 1399 4950 χαρίσηται.
1432 4878 1502 4929 Τό
1535 4870 1596 4929 δε
1650 4876 1882 4930 καθίκα-

323 5003 449 5075 (11)
480 4998 650 5075 Ὑμῖν.
679 5002 817 5058 Tres
842 4999 1235 5075 vetustissimi
1262 4999 1502 5075 codices
1525 5002 1666 5075 ἡμίν.
1688 5002 1884 5075 _Deest

258 5069 343 5146 ea'
362 5087 489 5130 vox
516 5069 578 5129 in
594 5076 858 5146 quatuor
878 5072 1009 5146 aliis
1027 5088 1177 5130 mss.
1201 5071 1389 5146 Paulo
1408 5077 1547 5146 post
1561 5069 1742 5130 editio
1766 5072 1881 5146 Pa-

258 5144 342 5202 ris
362 5148 421 5202 et
449 5143 845 5201 vetus—tissimi
867 5144 1103 5202 codices
1122 5147 1185 5197 τὰ
1210 5143 1451 5211 ἐνταῦθα,
1474 5144 1645 5201 deest
1663 5144 1880 5202 vocula

257 5215 322 5273 in
343 5216 485 5273 aliis
501 5219 766 5289 quatuor
781 5232 925 5273 mss.
945 5220 1044 5273 ete
1056 5215 1380 5289 litionibus
1394 5218 1684 5287 Hagan.et
1701 5215 1878 5276 Basil.

332 5292 447 5357 (t2)
482 5286 678 5342 Λοιπὸν
706 5290 979 5360 Deestea
1003 5302 1121 5345 vox
1141 5286 1204 5360 in
1234 5286 1517 5360 quatuor_
1548 5303 1696 5360 mss.
1745 5302 1877 5360 non

255 5364 474 5418 tamen
501 5358 946 5424 vetustissimis,
964 5358 1027 5415 in
1052 5357 1277 5434 quibus
1298 5358 1481 5415 etiam
1502 5357 1721 5431 legitur
1736 5357 1878 5412 ἐκκέ-

264 5452 458 5491 χυται.

264 5452 919 5576 χυόαδβεξονδένωνται.
944 5504 1082 5560 Tres
1101 5500 1269 5572 Regii
1297 5500 1537 5576 codices
1595 5505 1654 5560 et
1687 5501 1874 5576 _Cois_l.

267 5570 568 5633 secundus
617 5575 1006 5648 ἐξουθένηνται,
1036 5570 1291 5648 νεωτέρων
1322 5570 1626 5647 ἀνθρώπων.
1685 5573 1877 5632 Paulo

264 5652 406 5720 post
433 5649 574 5707 Med.
601 5655 663 5707 et
692 5646 973 5720 Harl._xai
1000 5645 1131 5720 οὐχὶ
1160 5645 1517 5719 θεολογοῦσιν.

334 5720 380 5794 (1
391 5722 441 5791 ι)
471 5721 598 5782 Vid.
618 5715 952 5779 Addenda.

1991 4880 2195 4935 autem
2215 4891 2350 4949 quas
2365 4873 2653 4932 canonice
2674 4889 2711 4932 a
2737 4877 2936 4931 vestra
2958 4872 3307 4946 praestantia
3331 4874 3467 4930 acta
3489 4875 3651 4941 sunt,

2064 5000 2340 5085 (λβλῐιρὸς
2369 4998 2715 5085 συμπάθειαν.
2753 4999 2840 5055 Ita
2864 4999 2981 5054 tres
3035 5012 3163 5053 mss
3207 4994 3600 5055 vetustissimi
3637 5010 3651 5052 :

1991 5071 2134 5129 editi
2158 5071 2231 5132 εἰς
2254 5071 2613 5144 συμπάθειαν.

2061 5144 2178 5215 (16)
2237 5140 2595 5215 Παράᾲπολύ.
2653 5143 2828 5215 Deest
2873 5140 3343 5215 praepositio__in
3382 5144 3655 5215 utroque

1989 5214 2172 5285 Regio
2220 5218 2277 5270 et
2320 5211 2500 5285 Cois].
2551 5212 2838 5270 secundo.
2875 5211 3123 5285 'lbidem
3176 5211 3319 5269 editi
3374 5211 3655 5270 imam-im-

1988 5283 2102 5344 ταιῖ
2135 5287 2267 5343 Mss.
2298 5288 2365 5341 ut
2409 5284 2471 5340 in
2493 5288 2802 5357 contextu.
2834 5283 3018 5357 Paulo
3047 5288 3191 5357 post
3219 5287 3362 5354 Reg.
3394 5288 3649 5355 uterque

1988 5362 2047 5416 et
2076 5357 2252 5415 Coisl.
2281 5355 2589 5429 secundus
2612 5359 2658 5409 εἴ
2693 5375 2746 5409 τι
2774 5355 3077 5429 σπλάγχνον
3105 5355 3384 5429 οἰκτιρμού

2060 5433 2171 5501 (17)
2227 5424 2579 5501 ῼζκοδομούν.
2624 5430 2711 5485 Ita
2760 5423 3203 5501 Coisll'primus
3235 5423 3292 5482 et
3318 5423 3472 5482 Med.
3512 5440 3653 5501 cum

1987 5500 2179 5573 tribus
2199 5498 2352 5557 aliis.
2381 5497 2534 5556 Editi
2571 5506 2831 5573 στερεοῦν.
2873 5497 3030 5555 Harl.
3061 5513 3201 5554 cum
3256 5511 3379 5552 uno
3432 5511 3507 5552 ex
3543 5497 3651 5551 Re-

1987 5573 2099 5644 giis
2125 5571 2450 5645 οὶκονομοῦν.

2060 5644 2175 5707 (10)
2195 5637 2307 5707 Τῆὲ
2347 5645 2511 5706 θείας.
2541 5644 2627 5701 Ita
2655 5645 2887 5716 septem
2906 5657 3056 5699 mss.
3084 5638 3235 5697 Editi
3262 5646 3355 5700 τῆς
3385 5637 3651 5702 ἀληθείας.
