4078 6386
152 359 257 417 47⁸7

766 493 1105 543 ΕΠΙΣΤΟΛΗ
1143 468 1253 550 SB’.

1201 357 1696 422 EPISTOLARUM
1732 349 2021 416 CLASSIS
2059 357 2107 416 Il
2155 361 2371 422 EPIST.
2414 360 2570 422 XCII.

3463 371 3574 430 478

2439 457 2804 550 ἘριετοιΑ
2846 491 3023 549 xeir.

165 575 511 653 Orientales
543 576 636 653 ad
660 578 1051 653 scribendum
1075 579 1332 653 impellit
1359 594 1480 635 non
1507 576 1702 653 solum
1729 569 2104 653 solatiumdiri
2144 578 2478 653 narrandis
2510 581 2840 653 aerumnis;
2891 581 2996 653 sed
3039 582 3221 640 etiam
3262 598 3392 652 spes
3420 583 3558 653 illa,

244 647 679 724 Occidentales
700 650 955 724 tandem
983 641 1218 724 auxilio
1241 657 1540 724 venturos,
1561 645 1674 724 tibi
1699 643 1773 724 d_e
1792 641 1964 724 rebth
1993 644 2248 724 Orientis
2277 665 2353 706 ex
2371 649 2592 708 Sabino
2619 641 3026 724 cognouerim.
3057 641 3420 711 Describ'unt
3456 641 3562 712 cci-'-

248 721 560 777 lamitates
585 721 885 797 Orientis,
910 727 976 777 ut
997 723 1087 797 his
1115 722 1374 797 permoti
1399 715 1804 797 Occidentales
1834 715 2098 786 episcopi
2110 720 2376 787 mittant,
2403 725 2509 795 qui
2531 727 2587 780 et
2609 715 2845 781 haeresis
2867 739 3220 797 progressus
3249 731 3571 784 coerceant

247 799 306 850 et
328 806 542 862 pacem
571 793 744 848 inter
773 791 931 862 ipsOs
960 791 1287 850 catholicos
1311 791 1721 851 reconcilient.

586 884 726 956 Ηρός
751 881 984 944 Ἰταλοὺς
1015 887 1106 935 καὶ
1139 883 1385 945 Γάλλους.

252 976 304 1028 1.
337 978 466 1034 Τοῖς
499 972 925 1044 θεοφιλεστάτοις
953 977 1043 1025 καὶ
1071 974 1380 1036 ὁσιωτάτοις
1414 969 1648 1047 ἀδελροῖς
1679 968 1806 1022 συλ-

160 1060 510 1136 λειτουργοῖς
547 1064 690 1112 κατὰ
732 1066 828 1120 τὴν
858 1060 1080 1115 Ἰταλίαν
1113 1067 1204 1115 καὶ
1235 1061 1452 1115 Γαλλίαν
1507 1059 1808 1133 ὀμοψύχοις

166 1149 499 1214 ἐπισκόποις
547 1150 818 1216 Μελέτιος,
881 1150 1176 1216 Εὖσέϐειος,
1235 1151 1523 1215 Βασίλειος,
1580 1150 1804 1214 Βάσσος,

171 1245 498 1314 Γρηγόριος,
560 1239 840 1312 Πελάγιος,
909 1239 1129 1311 Παῦλος,
1189 1240 1462 1314 Ἄνθιμος,
1532 1234 1806 1299 Θεοδοτος,

169 1331 370 1399 Βίθος,
399 1328 744 1403 Ἀϐραάμιος,
783 1325 997 1392 Ἰοϐἰνος
1045 1329 1155 1402 (26)
1208 1336 1406 1394 Ζήνων,
1447 1324 1807 1403 Θεοδώρητος,

171 1421 510 1491 Μαρκιανὸς,
569 1421 843 1493 Βάραχος,
886 1415 1225 1491 Ἀςραάμιος,
1268 1417 1542 1479 Λιϐάνιος,
1589 1416 1808 1470 Θαλάσ-

175 1526 333 1572 σιος,
370 1508 585 1578 Ἰωσὴφ,
620 1508 838 1574 Βοηθὸς,
883 1506 1121 1582 Ἰάτριος,
1174 1503 1444 1575 Θεόδοτος,
1503 1505 1807 1573 Εὗστάθιος,

172 1599 527 1670 Βαρσούμας,
585 1597 847 1665 Ἰωάννης,
909 1601 1170 1670 Χοσρόης,
1233 1596 1508 1667 Ἰωσάκης,
1568 1598 1808 1670 Νάρσης,

166 1688 382 1759 Μάρις,
419 1689 735 1761 Γρηγόριος,
777 1689 992 1759 Δάφνος,
1053 1684 1102 1738 ἐν
1155 1691 1334 1760 Κυρίῳ
1387 1690 1621 1761 χαίρειν.
1667 1690 1813 1759 Φέρει

153 1780 265 1849 μέν
297 1795 427 1827 τινα
473 1776 822 1850 παραμυθίαν
874 1783 987 1836 ταῖς
1042 1771 1396 1849 ὄδυνωμέναις
1456 1775 1665 1847 ψυχαῖς
1720 1777 1810 1826 καὶ

152 1868 482 1938 στεναγμὸς
512 1864 768 1926 πολλάκις
799 1863 855 1916 ἐκ
887 1863 1086 1938 βάθους
1124 1873 1216 1926 τῆς
1254 1861 1480 1941 καρδίας
1509 1863 1807 1938 ἀναπεμπὸ-

153 1974 338 2027 μενος,
371 1959 469 2008 καὶ
518 1973 623 2007 που
672 1958 763 2006 καὶ
813 1950 1045 2028 δάκρυον
1085 1953 1387 2017 ἀποστάξαν
1431 1957 1490 2007 τὸ
1536 1952 1665 2006 πολύ
1714 1961 1811 2013 τῆς

163 2042 405 2114 θλίψεως
459 2039 778 2117 διεφόρησεν
805 2064 820 2078 ο
863 2045 989 2116 ἡμῖν
1030 2039 1090 2097 δὲ
1127 2043 1254 2116 οὐχ,
1300 2047 1420 2096 ὅσον
1454 2043 1567 2116 (27)
1597 2061 1810 2114 στεναγ-

161 2136 271 2205 μὸς
301 2138 395 2186 καὶ
424 2130 686 2207 δάκρυον,
721 2135 1061 2208 παραμυθίαν
1091 2135 1205 2206 ἔχει
1235 2136 1293 2185 τὸ
1323 2131 1536 2196 ἐξειπεῖν
1567 2134 1713 2205 ἡμῶν
1742 2133 1809 2184 τὰ

1831 874 1880 928 Α
1949 885 1954 888 .

2409 883 2508 941 Ad
2535 884 2722 941 Italos
2749 891 2804 942 et
2840 886 3067 944 Gallos.

1993 971 2038 1022 1.
2071 970 2555 1042 Religiosissimis
2586 990 2656 1031 ac
2685 975 3078 1032 sanctissimis
3099 975 3384 1033 fratribus
3407 993 3572 1034 com-

1915 1055 2204 1115 ministris
2249 1057 2312 1117 in
2355 1061 2522 1120 Italia
2577 1068 2633 1120 et
2676 1063 2863 1122 Gallia
2910 1063 3218 1122 unanimis
3265 1065 3571 1141 episcopis

1917 1142 2199 1218 Meletius,
2254 1149 2564 1216 Eusebius,
2619 1153 2886 1226 Basilius,
2936 1157 3180 1223 Bassus,
3232 1156 3571 1228 Gregorius,

1916 1231 2216 1308 Pelagius,
2282 1239 2519 1311 Paulus,
2571 1241 2912 1313 Anthimus,
2961 1243 3321 1312 Theodotus,
3382 1245 3570 1312 Vitus,

1918 1323 2298 1398 Abraamius,
2324 1329 2593 1398 Jovinus,
2619 1335 2842 1398 Zenon,
2872 1333 3298 1401 Theodoretus,
3330 1333 3572 1392 Marcia-

1918 1429 2056 1483 nus,
2088 1415 2415 1487 Baraehus,
2444 1419 2830 1490 Abraamius,
2865 1421 3171 1488 Libanius,
3203 1422 3570 1490 Thalassius,

1918 1503 2162 1579 Ioseph,
2195 1507 2478 1579 Boethus,
2524 1510 2754 1581 latrius,
2799 1509 3166 1579 Theodotus,
3208 1511 3570 1581 Eustathius,

1922 1592 2266 1667 Barsumas,
2309 1599 2594 1666 Joannes,
2641 1598 2998 1665 Chosrhoes,
3051 1599 3294 1672 Isaacis,
3338 1603 3574 1670 Narses,

1920 1682 2117 1754 Maris,
2150 1687 2488 1758 Gregorius,
2529 1688 2838 1761 Daphnus,
2869 1689 2932 1746 in
2985 1687 3239 1747 Domino
3294 1687 3571 1747 salutem.

1919 1775 2103 1833 Aﬂ'ert
2131 1776 2359 1849 aliquid
2386 1775 2581 1834 solatii
2621 1777 2860 1834 afﬂictis
2889 1778 3108 1835 animis
3134 1779 3337 1852 ipsum
3370 1778 3576 1852 suspi-

1919 1863 2075 1922 rium
2124 1863 2349 1938 sazpius
2404 1881 2477 1922 ex
2522 1864 2646 1923 imo
2694 1866 2874 1924 corde
2903 1866 3176 1936 ductum,
3209 1865 3578 1941 aelacryma

1921 1971 2247 2028 erumpens
2293 1954 2417 2010 vim
2465 1951 2805 2012 afﬂictionis
2847 1955 3098 2029 repellit.
3150 1956 3329 2014 Nobis
3370 1960 3574 2014 autem

1919 2061 2063 2117 non,
2111 2049 2176 2102 ut
2224 2043 2553 2117 suspirium
2609 2049 2666 2102 et
2710 2045 3017 2119 lacrymaa,
3074 2045 3358 2103 solatium
3402 2046 3576 2103 affert

1918 2133 2084 2192 mala
2107 2136 2314 2191 nostra
2341 2129 2618 2190 charitati
2645 2138 2857 2191 vestrae
2900 2150 3184 2192 narrare:
3219 2133 3328 2191 sed
3355 2139 3574 2208 praete-

160 2224 318 2281 πάθη
349 2228 485 2298 πρὸς
519 2229 617 2282 την
640 2222 850 2296 ἀγάπην
891 2224 1034 2296 ὑμῶν
1055 2237 1070 2253 ⁸
1103 2222 1232 2276 ἀλλά
1254 2243 1338 2286 τις
1367 2225 1508 2296 ἡμᾶς
1532 2227 1620 2275 καὶ
1666 2221 1793 2275 ἐλπὶς

1917 2240 2021 2282 rea
2050 2240 2161 2281 nos
2191 2220 2352 2280 fovet
2376 2221 2585 2280 melior
2603 2223 2891 2297 quaedam
2917 2239 3078 2297 spes,
3106 2225 3359 2282 forsitan
3396 2219 3570 2297 184

154 2317 527 2388 χρηστοτέρα
559 2311 764 2383 θάλπει,
797 2314 864 2373 ὡς
890 2315 1039 2385 τάχα
1066 2310 1148 2383 ἂν,
1183 2312 1227 2365 εἰ
1257 2311 1646 2385 ἐξαγγείλαιμεν
1684 2312 1806 2384 ὑμῖν

151 2404 228 2454 τὰ
259 2402 549 2455 λυποῦντα
574 2404 734 2475 ἡμᾶς,
769 2398 1222 2475 διαναστήσαιμεν
1253 2403 1366 2474 (28)
1398 2403 1532 2474 ὑμᾶς
1557 2403 1686 2476 πρὸς
1711 2404 1804 2458 τὴν

162 2490 461 2563 ἀντίληψιν
494 2493 666 2564 ἡμῶν,
718 2491 780 2551 ἣν
827 2490 993 2544 πάλαι
1030 2494 1120 2564 μὲν
1166 2487 1636 2567 προσεδοκήσαμεν
1679 2486 1803 2563 παρ’

166 2581 325 2652 ὑμῶν
348 2588 466 2643 ταῖς
492 2584 630 2634 κατὰ
661 2585 757 2639 τὴν
789 2579 1070 2639 Ἀνατολην
1098 2579 1434 2642 Ἐκκλησίαις
1461 2585 1581 2653 ’γενὴ
1593 2580 1804 2645 σεσθαι,

172 2665 403 2721 οὐδέπω
429 2670 540 2741 (29)
571 2666 631 2722 δὲ
656 2676 1042 2743 τετυχήκαμεν,
1070 2671 1274 2731 πάντως
1302 2678 1394 2723 τοῦ
1427 2667 1475 2721 ἐν
1507 2673 1665 2742 σοφίᾳ
1691 2668 1800 2738 (30)

172 2760 253 2810 τὰ
283 2759 518 2830 ἡμέτερα
546 2756 862 2820 διοικοῦντος
889 2767 1046 2827 Θεοῦ,
1077 2761 1213 2812 κατὰ
1241 2760 1308 2812 τὰ
1337 2757 1611 2834 ἆθεώρητα
1641 2757 1802 2810 αὐτοῦ

171 2854 280 2908 τῆς
309 2844 649 2911 δικαιοσύνης
690 2853 944 2924 κρίματα,
987 2848 1184 2902 πλείονι
1213 2852 1391 2924 χρόνῳ
1435 2849 1806 2922 παραταθῆναι

173 2935 336 3010 ἡμᾶς
383 2935 430 2988 ἐν
479 2945 586 3000 τοῖς
633 2943 946 3013 πειρασμοῖς
991 2941 1196 2999 τούτοις
1240 2938 1691 3011 οἰκονομήσαντος.
1726 2937 1802 2991 Οῦ

171 3029 287 3100 γὰρ
322 3022 494 3084 δήπου
518 3029 817 3099 ἡγδοὴσατε
847 3030 914 3080 τὰ
938 3029 1056 3080 καθ’
1088 3029 1250 3101 ἡμᾶς,
1282 3024 1497 3100 ἀδελφοὶ
1545 3033 1800 3101 τιμιώτα-

167 3135 277 3179 τοι,
330 3116 400 3167 ὧν
449 3121 479 3175 ὴ
538 3115 670 3175 ἀκοὴ
729 3121 819 3170 καὶ
876 3113 961 3170 ἐπὶ
1019 3120 1086 3169 τὰ
1137 3119 1348 3189 ἔσχατα
1374 3125 1466 3178 τῆς
1495 3116 1800 3190 οἰκουμένης

163 3200 459 3278 ἐξέδραμεν
498 3205 611 3278 (3i)
638 3220 651 3234 '
684 3202 810 3258 οὐδε
844 3204 1176 3278 ἀσυμπαθεῖς
1219 3226 1318 3258 που
1349 3207 1496 3279 ὑμεῖς
1523 3209 1654 3279 πρὸς
1681 3210 1802 3269 τοὺς

166 3294 497 3366 ὁμοψῦχους
556 3303 656 3348 τῶν
713 3291 967 3368 ἀδελφῶν,
1027 3297 1263 3368 μαθηταὶ
1330 3296 1653 3368 ὑπάρχοντες
1708 3304 1800 3349 τοῦ

165 3382 531 3450 Ἀποστο).ου,
560 3391 657 3436 τοῦ
705 3383 970 3460 πλήρωμα
1019 3380 1150 3436 εἶναι
1179 3391 1272 3437 τοῦ
1320 3388 1479 3457 νόμον
1526 3389 1620 3444 την
1671 3387 1802 3461 πρὸς

164 3476 257 3525 τὸν
283 3473 519 3531 πλησίον
551 3471 763 3544 ἀγάπην
805 3469 1180 3536 διδάσκοντος.
1208 3472 1344 3526 Ἀλλ’
1393 3474 1514 3549 ὅπερ
1565 3477 1798 3546 εἴπαμεν,

175 3561 410 3636 ἐπέσχεν
461 3565 610 3635 ὑμῶν
656 3567 749 3621 τὴν
785 3565 951 3637 ὁρμὴν
995 3563 1025 3622 ἡ
1085 3559 1272 3616 δικαία
1319 3571 1412 3616 τοῦ
1438 3571 1572 3617 Θεοῦ
1602 3569 1799 3638 κρίσις,

171 3649 493 3728 ἐκπληρωθῆ
510 3672 598 3705 ναι
628 3654 752 3726 ἡμῖν
782 3658 877 3711 τὴν
910 3649 1316 3726 διατεταγμένην
1361 3651 1444 3705 ἐπὶ
1482 3660 1596 3714 ταῖς
1637 3651 1801 3728 ἀμαρ-

165 3746 313 3802 τίαις
345 3744 376 3800 η
387 3749 503 3814 μῶν
547 3740 722 3813 θλίψιν
767 3740 1119 3818 ἔπιμετροῦσα
1151 3742 1287 3812 (32).
1327 3740 1484 3794 Ἀλλά
1523 3750 1612 3795 νῦν
1649 3751 1797 3816 γοῦν,

163 3836 261 3883 καὶ
281 3835 419 3907 πρὸς
441 3834 532 3883 τὸν
567 3831 696 3906 ὑπὲρ
727 3838 823 3893 τῆς
844 3829 1074 3892 ἁλεθείας
1102 3829 1279 3898 ζῆλον,
1307 3836 1397 3884 καὶ
1421 3836 1515 3891 τὴν
1545 3833 1798 3907 ἡμετέραν

165 3923 535 3992 συμπάθειαν,
596 3915 946 3980 διαναστῆναι
999 3923 1135 3994 ὑμᾶς
1175 3920 1594 3994 παρακαλοῦμεν,
1627 3923 1798 3976 πάντα

158 4013 464 4082 μαθόντας,
497 4014 588 4062 καὶ
620 4011 720 4062 ὅσα
749 4013 850 4085 πρὸ
881 4013 1069 4062 τούτου
1091 4011 1182 4071 τὰς
1207 4008 1368 4072 ἀκοὰς
1387 4011 1530 4084 ὑμῶν
1557 4007 1794 4084 διέφυγε,

157 4100 325 4170 παρὰ
354 4107 448 4150 τοῦ
479 4097 855 4152 εὖλαϐεστάτου
889 4096 1114 4172 ἀδελφοῦ
1141 4101 1286 4172 ἡμῶν
1317 4107 1410 4152 τοῦ
1443 4095 1791 4153 σῦνδιακὸνου

161 4187 423 4258 Σαϐίνου,
454 4187 506 4248 ὃς
533 4185 821 4247 δυνήσεται
843 4190 965 4260 ὑμῖν
995 4194 1085 4242 καὶ
1113 4190 1214 4242 ὅσα
1237 4193 1326 4247 τὴν
1357 4187 1633 4248 ἐπιστολὴν
1667 4186 1702 4242 δ
1708 4210 1791 4244 ια-

239 4314 366 4383 (26)
397 4311 635 4376 Ἰοϐῖνος.
657 4313 750 4386 Sic
776 4313 1126 4370 Harlaaanus
1149 4327 1290 4386 eum
1316 4317 1572 4386 utroque
1591 4314 1780 4386 Coisl.

163 4391 232 4441 et
263 4388 407 4454 Reg.
441 4385 735 4441 secundo.
770 4387 1088 4441 Vaticanus
1132 4384 1398 4447 Ἰουϐῖνος.
1450 4384 1601 4441 Editi
1630 4385 1788 4438 Σαϐῖ-

164 4476 282 4516 νος.
311 4457 495 4528 Paulo
526 4461 664 4528 post
713 4462 828 4512 tres
866 4456 1130 4528 codices,
1166 4472 1391 4528 nempe
1420 4459 1574 4528 ναι,
1599 4457 1778 4514 Coisl.

165 4526 487 4601 secundus
516 4526 574 4601 et
617 4529 767 4601 Reg.
803 4527 1131 4601 secundus,
1162 4526 1392 4601 habe—nt
1417 4526 1646 4601 Ἀτρεῖος
1676 4544 1786 4601 pro

161 4600 417 4672 Ἰάτριος.
451 4597 639 4655 [idem
669 4597 850 4657 COisl.
881 4598 1190 4672 secundus
1223 4604 1280 4654 et
1311 4599 1450 4672 Reg.
1484 4597 1786 4672 secundus

163 4670 487 4751 Χρυσορόης
523 4685 648 4726 non
703 4677 968 4751 Χοσρόης,
1003 4671 1249 4751 Ἰσαάκης
1289 4683 1399 4751 pro
1425 4670 1677 4751 :lwa'aixng
1699 4671 1786 4751 le-

162 4729 339 4812 gitur
365 4729 423 4797 in
453 4729 596 4811 Reg.
622 4729 912 4799 secundo.
931 4729 1187 4803 Ἱσαάκις.
1205 4729 1268 4797 in
1291 4729 1468 4798 Cois].
1492 4729 1782 4801 secundo.

154 4813 328 4871 Harl.
359 4813 626 4886 Ἱώσακις.
652 4816 729 4886 De
746 4813 1065 4886 episcopis,
1089 4813 1623 4886 quoruminomina
1643 4813 1784 4871 huic

151 4885 440 4966 epistolae
463 4884 966 4966 praescribuntur,
977 4884 1231 4966 agemus
1245 4884 1304 4939 in
1321 4885 1453 4940 Vita
1467 4885 1524 4939 S.
1540 4886 1777 4966 Basilii.

155 4955 274 5016 Sed
297 4955 546 5028 interim
563 4955 903 5028 observabo
925 4955 1352 5028 postultimum
1365 4957 1782 5028 nomen,quod

157 5034 257 5083 est
282 5026 607 5100 Daphnus,
654 5026 813 5082 male
838 5028 898 5082 in
926 5023 1102 5100 editis
1130 5025 1470 5100 addiscite;
1498 5023 1696 5100 λοιπᾱί,
1725 5035 1779 5084 et

159 5095 388 5170 reliqui
421 5118 433 5154 :
467 5098 823 5170 quibusex
857 5098 1062 5170 verbis
1101 5096 1325 5170 colligit
1367 5095 1778 5170 Tillemontius

163 5165 390 5226 multos
420 5165 579 5226 alios
636 5167 1088 5241 subscripsisse.
1147 5165 1269 5225 Sed
1310 5167 1438 5241 haec
1467 5165 1687 5226 desunt
1713 5171 1776 5226 in

162 5241 346 5299 Cois].
381 5246 665 5314 utroque,
708 5240 894 5314 Harl.,
941 5244 1079 5314 Reg.
1115 5240 1385 5314 secundo
1423 5245 1482 5296 et
1512 5243 1636 5297 Vat.
1673 5243 1774 5296 Le-

166 5320 387 5378 guntur
401 5313 468 5369 in
495 5311 678 5384 itegio
695 5312 913 5384 primo,
932 5311 1047 5384 sed
1061 5327 1249 5368 causa
1267 5311 1330 5367 in
1357 5317 1642 5384 promptu
1663 5317 1770 5384 est.

169 5329 468 5378 gunturin
495 5329 576 5368 ne
622 5329 678 5367 ιο
695 5329 913 5384 primo,
932 5329 1040 5368 seu
1061 5329 1330 5368 causam
1357 5329 1642 5384 promptu
1663 5329 1770 5369 esr.

169 5387 312 5441 Cum
324 5385 490 5440 enim
506 5383 566 5439 in
579 5329 696 5439 gae
709 5379 917 5454 codice
931 5383 1041 5440 tria
1058 5387 1295 5454 tantum
1307 5383 1509 5454 priora
1522 5382 1774 5441 nomina

168 5459 613 5526 recenseantur,
638 5453 1016 5526 monendum
1039 5453 1148 5526 fuit
1164 5451 1512 5526 galia—fuisse
1532 5459 1770 5526 praeter-

171 5526 375 5584 missa.
399 5523 680 5584 Similiter
712 5527 776 5582 in
799 5523 1006 5598 codice
1028 5523 1306 5581 Medicam
1327 5523 1626 5598 postgocto
1649 5526 1771 5598 epi-

170 5614 488 5672 scoporum
519 5599 797 5666 nomina,
813 5597 1084 5672 additur,
1103 5601 1194 5649 καὶ
1210 5599 1269 5672 _o_i_
1295 5593 1389 5648 οὖν
1421 5593 1770 5672 αὐτοῖς-ἁδελ-

172 5667 300 5744 9oz;
324 5677 378 5726 et
412 5675 526 5747 qui
566 5689 707 5732 cum
765 5670 849 5747 eis
898 5667 1352 5747 fratres.__Hinc
1411 5668 1772 5747 perspicitur

167 5739 465 5818 quemodo
519 5758 696 5806 error
740 5739 1100 5812 obrepserit.
1147 5742 1299 5798 Nam
1342 5755 1484 5797 cum
1520 5739 1769 5798 vetustas

1916 2311 2042 2371 fore
2072 2317 2158 2379 ut,
2181 2307 2232 2369 si
2259 2311 2499 2370 dolores
2529 2317 2771 2370 nostros
2802 2313 2975 2370 vobis
2995 2313 3569 2386 denuntiaverimus,

1917 2403 2246 2461 excitemus
2297 2419 2407 2459 vos
2443 2399 2524 2459 ad
2566 2401 2879 2460 ferendam
2921 2402 3096 2460 nobis
3141 2419 3341 2477 opem,
3382 2419 3573 2476 quam

1915 2489 2166 2565 quidem
2195 2487 2467 2546 Ecclesiis
2495 2485 2898 2547 Orientalibus
2945 2507 2982 2548 a
3025 2489 3195 2548 vobis
3224 2490 3572 2548 adfuturam

1909 2575 2280 2653 jampridem
2328 2577 2729 2651 speravimus,
2783 2577 3046 2636 necdum
3095 2583 3303 2637 tamen
3360 2595 3572 2637 sumus

1916 2667 2212 2737 assecuti;
2243 2667 2383 2735 Deo,
2415 2665 2520 2741 qui
2546 2665 2754 2725 omnia
2778 2667 2841 2724 in
2872 2667 3170 2741 sapientia
3198 2663 3570 2738 moderatur,

1913 2755 2165 2816 omnino
2192 2755 2529 2814 secundum
2551 2773 2776 2814 arcana
2791 2756 3039 2829 justiﬁes
3072 2774 3197 2814 suae
3221 2755 3473 2829 judicia,
3505 2763 3574 2815 ut

1912 2841 1975 2904 in
2005 2842 2097 2902 his
2146 2841 2576 2902 tentationibus
2621 2841 2849 2900 diutius
2899 2843 3298 2913 detineamur,
3330 2845 3574 2918 dispen-

1913 2940 2108 2994 sante.
2150 2934 2277 2991 Non
2308 2932 2470 2990 enim
2514 2931 2861 3004 ignorastis,
2893 2931 3106 2990 fratres
3143 2929 3568 2991 reverendissi-

1910 3025 2016 3096 mi,
2042 3041 2136 3082 res
2163 3027 2420 3088 nostras,
2452 3039 2713 3096 quarum
2750 3020 2916 3081 fama
2944 3021 3022 3080 ad
3061 3029 3361 3081 extremas
3387 3023 3568 3081 etiam

1910 3113 2074 3172 orbis
2142 3117 2437 3171 terrarum
2488 3115 2690 3185 partes
2753 3111 3027 3186 pervenit
3087 3130 3100 3169 :
3151 3129 3350 3186 neque
3411 3117 3568 3170 certe

1910 3202 2193 3262 affectum
2224 3218 2471 3260 omnem
2518 3199 2763 3258 exuistis
2792 3217 2938 3274 erga
2965 3202 3283 3260 unanimes
3330 3199 3565 3271 fratres,

1910 3309 2050 3350 cum
2078 3290 2360 3366 discipuli
2385 3291 2510 3348 sitis
2561 3289 2850 3364 Apostoli,
2877 3291 2981 3365 qui
3010 3291 3270 3364 proximi
3299 3291 3566 3348 dilectio-

1908 3399 2051 3439 nem
2078 3381 2228 3452 legis
2258 3381 2774 3446 complementum
2825 3398 2953 3437 esse
3001 3379 3196 3438 docet.
3231 3379 3369 3447 Sed,
3398 3382 3568 3454 quod

1905 3471 2036 3545 jam
2067 3471 2352 3539 diximus,
2383 3469 2924 3527 inhibuitvestram
2945 3469 3314 3527 alacritatem
3335 3471 3566 3542 justum

1835 3579 1876 3636 ρ
1915 3561 2014 3618 Dei
2034 3560 2355 3633 judicium,
2377 3560 2546 3634 quod
2569 3559 2957 3617 constitutam
2985 3560 3064 3616 ob
3085 3563 3331 3633 peccata
3357 3563 3568 3616 nostra

1911 3649 2298 3707 afﬂictionem
2350 3648 2526 3705 nobis
2577 3647 2751 3721 plene
2802 3649 3144 3705 admetitur.
3194 3649 3310 3704 Vos
3361 3653 3566 3705 tamen

1910 3739 2328 3805 adhortamur,
2361 3743 2426 3794 ut
2472 3753 2632 3793 nunc
2673 3737 2888 3794 saltem
2919 3741 2975 3793 et
3030 3735 3109 3794 ad
3135 3736 3400 3793 veritatis
3440 3739 3562 3793 stu-

1907 3829 2098 3898 dium,
2126 3832 2184 3885 et
2229 3827 2308 3884 ad
2350 3826 2537 3883 nostri
2581 3825 3170 3882 commiserationem
3197 3820 3559 3893 excitemini,

1904 3918 2011 3976 ubi
2062 3915 2271 3975 omnia
2317 3913 2662 3982 didiceritis,
2721 3915 2903 3972 etiam
2951 3930 3334 3989 quaecunque
3385 3919 3565 3972 antea

1904 4024 2081 4066 aures
2142 4010 2372 4062 vestras
2430 4004 2714 4075 effugere,
2767 4020 2804 4060 a
2867 4003 3320 4076 religiosissime
3386 4003 3564 4061 fratre

1905 4101 2105 4154 nostro
2136 4093 2514 4152 condiacono
2568 4092 2817 4161 Sabino,
2867 4095 2972 4168 qui
3021 4093 3240 4168 poterit
3276 4091 3452 4151 vobis
3492 4109 3565 4151 ea

1901 4203 2166 4260 quoque,
2193 4202 2331 4260 quae
2379 4181 2701 4259 epistolam
2756 4188 3139 4257 praetereunt,
3173 4200 3281 4257 per
3324 4200 3387 4242 se
3434 4184 3564 4258 ipse

1900 4313 2192 4371 editiones
2223 4317 2339 4370 tres
2369 4315 2605 4369 tantum
2643 4311 2962 4384 episcopos
2989 4313 3414 4384 numerarent;
3450 4311 3558 4384 Pa-

1899 4385 2190 4453 risiensis,
2232 4400 2371 4457 quae
2418 4384 2704 4457 lacunam
2736 4382 3034 4457 explevit,
3075 4382 3556 4457 immerito_reti-

1898 4458 2048 4529 nuit,
2080 4451 2339 4529 quod-in
2391 4453 2521 4510 aliis
2568 4453 2648 4510 ob
2693 4451 2926 4522 vitiu'm,
2958 4470 3082 4528 quo
3121 4453 3368 4510 carebat
3396 4451 3551 4524 ipsa,

1897 4525 2173 4585 addim‘m
2199 4525 2410 4582 fuerat.

1968 4601 2082 4668 (27)
2110 4597 2253 4670 Οὐχ,
2276 4600 2417 4670 ὅσον.
2447 4599 2664 4668 Regius
2688 4603 2940 4670 uterque
2960 4599 3020 4652 et
3041 4595 3213 4670 Coisl.
3249 4593 3555 4670 secundus

1968 4617 2022 4668 (Ζ
2037 4617 2082 4665 Ι)
2110 4617 2254 4723 υυᾌ
2276 4617 2417 4651 οσον.
2447 4617 2664 4668 ιιθδιιιε
2688 4617 2940 4670 uterque
2960 4617 3020 4652 ϐῐ
3041 4617 3213 4653 ιλοιδι.
3249 4617 3552 4650 5801111003

1895 4670 2000 4742 οὐχ
2030 4671 2179 4742 ὅσην.
2258 4669 2400 4742 aulo
2420 4676 2560 4742 post
2589 4671 2744 4736 Vat.,
2775 4671 2915 4739 Reg.
2963 4666 3268 4724 secundus
3287 4671 3345 4722 et
3374 4664 3552 4725 Coisl.

1895 4739 2197 4798 secundus
2225 4749 2288 4814 τῇ
2322 4739 2496 4814 ἀγάπῃ
2531 4743 2694 4815 ὑμῶν.

1965 4805 2588 4886 (28)-ῥιανάστῆσαιμεν.
2639 4815 2725 4868 Ita
2768 4805 2917 4886 Med1
2952 4812 3009 4865 et
3064 4805 3236 4866 Coisl.
3289 4807 3550 4886 primus.

1893 4878 2020 4956 Duo
2046 4878 2146 4940 alii
2177 4878 2645 4956 διαμαστήσωμεν.
2698 4882 2851 4940 Harl.
2887 4878 3360 4945 διαναστήσαντές.
3395 4881 3550 4940 Editi

1893 4952 2151 5014 διαναστὴ
2163 4952 2340 5028 σομεν.

1957 5031 2070 5096 (29)
2103 5019 2346 5081 Οὖὸἓπω.
2381 5029 2464 5082 ita
2494 5041 2645 5082 mss.
2675 5042 2792 5082 sex.
2827 5022 2978 5081 Editi
3004 5019 3274 5096 οὐδέποτε.

2102 5101 2204 5150 Τοῦ
2232 5097 2282 5150 ἐν
2311 5101 2490 5178 σοφία.
2523 5096 2666 5178 Editi
2701 5105 2804 5178 ποῦ
2839 5105 2928 5178 τοῦ
2968 5098 3034 5178 τὰ
3063 5098 3230 5178 πάντα
3258 5093 3306 5148 ἐν
3350 5099 3537 5178 σοφίᾳ.

1889 5167 2004 5224 Sed
2034 5169 2202 5224 deest
2228 5177 2326 5222 ποῦ
2357 5167 2419 5224 1n
2449 5168 2606 5224 Harl.
2629 5172 2686 5225 et
2707 5167 2886 5227 Coisl.
2916 5167 3134 5240 primo.
3153 5167 3544 5240 Deestetiam

1885 5243 1959 5314 τά
1970 5242 2148 5314 πάντα
2177 5240 2239 5314 in
2283 5243 2445 5306 Vat.,
2491 5243 2635 5314 Reg.
2676 5241 2873 5314 primo
2918 5237 2976 5297 et
3023 5238 3268 5296 duobus
3298 5237 3454 5304 aliis,
3487 5243 3546 5294 et

1885 5302 2146 5382 editione
2178 5302 2594 5382 [laganoen‘sit

1954 5385 2068 5453 (3t)
2100 5381 2216 5436 Ἐπὶ
2244 5377 2374 5457 72:...
2409 5378 2709 5457 ἐξέδραμεν.
2744 5386 2830 5441 ita
2865 5387 2983 5439 tres
3021 5377 3417 5457 vetustissimi
3448 5395 3542 5457 co‘

1882 5451 2066 5526 dices,
2111 5457 2168 5510 et
2213 5454 2398 5526 paulo
2450 5451 2606 5526 po'st'
2633 5457 2754 5526 ὅπερ
2814 5451 3243 5526 εἰπαμεν.Εόίῐὶ
3290 5451 3362 5511 εἰς
3407 5453 3540 5508 τὰ...

1883 5509 2185 5599 διέδραμεν,
2213 5509 2661 5599 δίγὸπερδεάίῗίίο
2704 5509 3121 5599 Haganoens‘is
3153 5509 3395 5599 εἴπωμεν.

1950 5592 2492 5671 (3’2)”Επιμετροῦσα.
2516 5600 2601 5654 Ita
2623 5613 2728 5654 sex
2747 5592 2896 5654 nfss.
2923 5594 3076 5652 Ediii
3101 5592 3431 5669 ἱπιμετρήσα
3443 5613 3538 5653 σα.

1879 5669 2108 5741 Hagan.
2143 5667 2519 5741 ἐπιμετρῆσαι,

1949 5721 2170 5800 ίυᾸΠειε
2195 5721 2631 5814 LXIX-Scripta
2661 5754 2826 5800 anno
2857 5743 2982 5798 372.
