4078 6382
541 279 645 338 479

1934 293 1991 350 8.
2035 289 2286 349 BASILII
2323 295 2542 353 MAGNI

3824 313 3939 372 480

541 420 823 465 enarrare
860 424 872 463 :
906 424 1015 481 per
1053 424 1236 482 quem
1271 411 1662 471 exhortamur
1697 432 1825 488 vos,
1871 421 1936 473 ut
1975 417 2192 472 viscera

2313 421 2487 491 φεύγει
2517 424 2642 497 παρ’
2677 426 2862 480 ἑαυτοῦ
2908 425 3312 502 διηγήσασθαι·
3370 429 3443 486 δι’
3479 434 3539 486 οὗ
3585 435 3936 510 παρακαλού-

539 493 807 552 induatis
837 497 1266 568 miserationis,
1317 504 1608 576 omnique
1653 505 1928 576 deposita
1954 505 2200 577 segnitie

539 581 816 640 laborem
848 585 1190 642 dilectionis
1224 589 1588 662 suscipiatis,
1620 597 1676 648 et
1699 609 1895 666 neque
1925 594 2035 649 vim
2064 593 2199 650 lon-

543 672 900 744 gitudinem,
951 691 1147 748 neque
1196 676 1562 737 domesticas
1613 683 2064 755 occupationes,
2095 699 2201 738 ne—

542 776 661 834 que
693 762 859 819 aliud
889 764 1228 837 quidquam
1254 767 1594 826 humanum
1624 771 1912 841 cogitetis.
1987 781 1995 787 '

614 994 665 1047 2.
701 997 902 1067 Neque
939 995 1098 1052 enim
1124 998 1382 1055 Ecclesia
1427 1016 1548 1057 una
1581 1001 1978 1074 periclitatur;
2004 1018 2202 1076 neque

542 1079 677 1136 duae
701 1088 804 1138 aut
824 1089 940 1140 tres
963 1085 1023 1140 in
1038 1102 1287 1156 gravem
1305 1089 1462 1145 hanc
1477 1095 1894 1163 tempestatem
1915 1091 2200 1164 delapsas.

540 1172 694 1250 Nam
722 1171 908 1228 ferme
940 1191 976 1229 a
1007 1173 1228 1232 ﬁnibus
1262 1176 1477 1249 Illyrici
1507 1195 1698 1252 usque
1738 1181 1816 1236 ad
1840 1180 2202 1237 Thebaidem

537 1245 782 1316 haeresis
812 1261 1042 1318 malum
1093 1264 1460 1337 depascitur.
1510 1269 1692 1339 Cujus
1740 1284 1928 1341 prava
1970 1269 2204 1326 semina

536 1347 706 1418 prius
737 1351 986 1422 quidem
1016 1351 1259 1408 infamis
1291 1355 1465 1410 Arius
1502 1356 1643 1428 jecit
1672 1374 1685 1412 :
1719 1357 1851 1413 altis
1882 1363 2082 1414 autem
2111 1374 2205 1414 ra-

537 1435 776 1494 dicibus
823 1441 1067 1498 ﬁrmata
1107 1459 1142 1498 a
1191 1443 1488 1518 pluribus,
1540 1446 1644 1518 qui
1697 1447 1906 1504 Arium
1957 1449 2109 1505 inter
2146 1453 2204 1505 et

537 1531 812 1585 nostram
836 1535 1075 1587 aetatem
1096 1532 1387 1605 interjecti
1405 1536 1778 1609 impietatem
1807 1537 2076 1595 studiose
2098 1555 2199 1594 ex-

539 1615 799 1689 coluere,
826 1634 989 1675 nunc
1030 1621 1314 1678 exitiosos
1361 1625 1588 1681 fructus
1627 1627 2018 1699 protulerunt.
2051 1631 2200 1684 Nam

537 1703 774 1776 pietatis
813 1722 1020 1765 eversa
1069 1717 1213 1766 sunt
1258 1710 1553 1782 dogmata
1585 1731 1598 1769 :
1632 1715 1896 1772 confusze
1928 1717 2200 1775 Ecclesia

536 1790 720 1863 leges.
749 1796 1070 1853 Hominum
1093 1799 1417 1857 Dominum
1441 1818 1562 1859 non
1585 1803 1924 1861 timentium
1947 1807 2197 1865 ambitio

535 1879 600 1936 in
623 1883 1010 1954 praefecturas
1029 1886 1237 1958 insilit,
1247 1888 1500 1964 jamque
1522 1896 1725 1966 aperte
1746 1895 2065 1967 praemium
2086 1896 2195 1953 im-

535 1969 772 2041 pietatis
791 1974 1168 2047 principatus
1183 1978 1532 2050 propositus
1545 1986 1654 2049 est,
1672 1981 1752 2038 ita
1765 1984 1945 2055 utqui
1959 1984 2198 2054 gravio-

534 2073 630 2114 res
648 2059 1064 2135 blasphemias
1084 2071 1351 2123 ructatus
1373 2073 1484 2140 est,
1508 2069 1747 2140 dignior
1761 2071 2077 2143 habeatur,
2093 2075 2199 2148 qui

533 2149 763 2222 populo
789 2152 1109 2228 episcopus
1127 2157 1350 2228 praesit.
1376 2158 1547 2215 Periit
1567 2160 1836 2230 gravitas
1859 2164 2200 2221 sacerdota-

532 2235 606 2292 lis
645 2257 658 2297 :
707 2239 978 2298 defecere
1016 2244 1122 2316 qui
1169 2260 1415 2316 gregem
1470 2249 1708 2304 Domini
1759 2265 1900 2307 cum
1947 2251 2199 2309 scientia

533 2334 790 2396 pascant
821 2345 835 2384 :
872 2329 1212 2387 ambitiosis
1243 2349 1584 2407 pauperum
1611 2338 1902 2408 pecunias
1947 2339 2009 2396 in
2032 2337 2034 2341 ⁷
2055 2356 2198 2413 pro-

532 2414 698 2487 prios
743 2432 890 2474 usus
921 2424 978 2476 et
1006 2420 1067 2476 in
1108 2437 1429 2480 munerum
1459 2425 1808 2496 largitiones
1841 2444 2079 2503 semper
2106 2431 2198 2488 in-

533 2507 1495 2571 sumentibus.Evanuitaccurata
1515 2531 1822 2574 canonum
1844 2517 2193 2593 disciplina;

530 2597 828 2667 peccandi
847 2599 1036 2656 multa
1055 2600 1323 2660 libertas.
1349 2608 1497 2662 Nam
1518 2607 1624 2679 qui
1646 2607 1965 2665 hominum
1983 2611 2196 2667 studiis

531 2684 611 2741 ad
637 2685 1042 2761 principatum
1064 2691 1455 2756 devenerunt,
1487 2695 1548 2751 in
1570 2695 1688 2752 hoc
1711 2698 1843 2771 ipso
1867 2699 2048 2757 studii
2067 2716 2197 2772 gra-

529 2774 664 2830 tiam
689 2777 1051 2849 rependunt,
1077 2781 1244 2853 quod
1267 2783 1473 2841 omnia
1493 2785 1572 2842 ad
1600 2787 1973 2860 voluptatem
2002 2789 2196 2848 indul-

529 2869 711 2934 geant
730 2869 1334 2938 peccantibus.Periit
1339 2873 1359 2944 j
1372 2873 1638 2931 udicium
1659 2877 2196 2953 aequumzquisque

527 2967 602 3008 ex
633 2954 726 3010 sui
748 2957 949 3014 cordis
978 2957 1287 3017 voluntate
1315 2962 1611 3022 ambulat.
1641 2967 1913 3039 Nequitia
1938 2968 2194 3026 modum

523 3041 762 3132 nullum
791 3045 974 3105 habet
1005 3065 1017 3103 :
1049 3049 1288 3120 exleges
1333 3053 1543 3127 populi
1583 3073 1596 3111 :
1638 3055 1807 3113 deest
1842 3059 2184 3132 praepositis

2309 526 2399 578 μεν
2447 509 2578 582 ὑμᾶς
2628 510 2954 570 ἐνδύσασθαι
3000 519 3284 592 σπλάγχνα
3328 521 3601 598 οἰκτιρμοῦ
3641 526 3779 596 (33),
3837 531 3932 578 καὶ

2313 594 2604 652 ἀποθέσθαι
2631 606 2723 675 μὲν
2775 608 2946 659 πάντα
2997 610 3163 677 ὄκνον,
3216 607 3484 664 ἀναλαϐεῖν
3531 609 3590 665 δὲ
3637 633 3728 667 τον
3763 618 3931 705 κόπον⁷

2310 691 2405 747 τῆς
2455 685 2688 760 ἀγάπης·
2724 698 2814 746 καὶ
2872 702 3005 768 μήτε
3055 695 3183 751 ὀδοῦ
3239 707 3428 772 μῆκος,
3491 707 3624 775 μήτε
3676 706 3772 764 τὰς
3813 723 3914 756 κατ

2312 771 2450 828 οἷκον
2507 777 2791 855 ἀσχολίας,
2835 785 2947 857 (34)
2986 788 3109 860 μήτ’
3149 788 3271 842 (illo
3331 809 3384 843 τι
3431 798 3530 843 τῶν
3578 791 3925 866 ἀνθρωπίνων

2310 863 2732 938 ύπολογίσασθαι
2745 914 2757 926 .

2381 989 2434 1043 2.
2495 992 2571 1043 Ού
2619 996 2721 1068 γὰρ
2761 1002 2879 1072 περὶ
2920 1005 3049 1072 μιᾶς
3076 1000 3386 1067 Ἐκκλησίας
3432 1005 3459 1057 ὁ
3489 1002 3753 1079 κίνδυνος,
3799 1005 3927 1060 οὐδὲ

2314 1072 2411 1129 δύο
2443 1079 2472 1137 ἦ
2512 1090 2645 1154 τρεῖς
2698 1087 2754 1136 αἱ
2804 1095 2876 1158 τῷ
2923 1088 3139 1161 χαλεπῷ
3189 1094 3355 1164 τούτῷ
3406 1103 3634 1168 χειμῶνι
3675 1115 3925 1169 παραπε-

2314 1175 2507 1221 σοῦσαι
2723 1171 2924 1246 Σχεδὸν
2970 1181 3071 1252 γὰρ
3121 1178 3223 1233 ἀπό
3265 1189 3362 1234 τῶν
3401 1185 3531 1257 ὅρων
3561 1193 3655 1236 τοῦ
3687 1185 3923 1261 Ἰλλυρι-

2312 1265 2406 1308 κοῦ
2461 1262 2626 1333 μέχρι
2679 1262 2952 1328 Θηϐαίδος
2997 1272 3056 1320 τό
3111 1277 3205 1332 τῆς
3246 1272 3489 1346 αἱρέσεως
3535 1277 3697 1326 κακόν
3755 1274 3925 1328 ἐπινέ-

2311 1367 2482 1418 μεται.
2530 1351 2623 1411 Ἤς
2678 1355 2745 1404 τὰ
2811 1359 3015 1429 πονηρὰ
3086 1363 3361 1434 σπέρματα
3437 1367 3688 1438 πρότερον
3741 1367 3840 1437 μὲν
3899 1367 3923 1416 ό

2314 1432 2641 1510 δυσώνυμος.
2705 1439 2906 1514 ’Ἄρειος
2961 1445 3295 1500 κατεϐάλετοο
3361 1450 3651 1524 ῥιζωθέντα
3706 1449 3772 1505 δὲ
3834 1451 3928 1506 δια

2313 1522 2514 1596 βάθους
2560 1529 2660 1581 ὑπὸ
2721 1530 2917 1584 πολλῶν
2978 1542 3078 1586 τῶν
3144 1533 3192 1587 ἐν
3257 1541 3398 1610 μέσῳ
3461 1538 3752 1611 φιλοπόνως
3832 1546 3927 1600 τήν

2314 1613 2552 1668 ἀσέϐειαν
2603 1624 3027 1694 γεωργησαντων,
3083 1631 3170 1676 νῦν
3223 1630 3344 1687 τοὺς
3395 1629 3751 1704 φθοροποιοὺς
3791 1651 3927 1706 καρ-

2311 1708 2440 1768 πούς
2484 1705 2862 1769 ἐξεϐλάστησεν
2905 1713 3042 1784 (36).
3102 1714 3510 1792 Ἀνατέτραπται
3557 1722 3652 1791 μεν
3708 1723 3822 1795 γὰρ
3865 1725 3926 1773 τα

2313 1803 2404 1856 τῆς
2451 1796 2712 1861 εὐσεϐείας
2759 1797 3022 1874 δόγματα,
3079 1809 3434 1878 συγκέχυνται
3492 1803 3553 1860 δῖε
3600 1809 3925 1872 Ἐκκλησίας

2313 1885 2516 1957 Θεσμοί.
2543 1886 2852 1963 ⁵Φιλαρχίαι
2905 1886 2964 1944 δὲ
3009 1901 3108 1944 τῶν
3137 1899 3209 1966 μὴ
3252 1894 3578 1968 φοϐουμένων
3606 1900 3700 1950 τόν
3729 1902 3924 1973 Κύριον

2305 1981 2420 2034 ταῖς
2467 1983 2822 2047 προστασίαις
2863 1977 3203 2039 ἐπιπηδῶσι·
3262 1987 3348 2037 καὶ
3385 1983 3440 2037 ἐκ
3486 1994 3580 2039 τοῦ
3621 1997 3923 2064 προφανοῦς

2305 2061 2484 2116 λοιπὸν
2517 2059 2668 2118 ἆθλον
2714 2064 3023 2132 δυσσεϐείας
3061 2073 3090 2129 ἡ
3133 2070 3392 2148 προεδρία
3429 2080 3708 2148 πρόκειται
3740 2099 3753 2112 ·
3791 2082 3925 2131 ὥστε

2307 2154 2332 2204 ό
2389 2156 2456 2206 τὰ
2501 2154 2848 2233 χαλεπώτερα
2899 2158 3296 2234 βλασφημήσας
3349 2164 3421 2226 εἰς
3478 2164 3775 2227 ἐπισκοπὴν
3808 2169 3923 2240 (37)

2305 2240 2432 2294 λαοῦ
2487 2250 2879 2323 προτιμότερος.
2936 2252 3160 2322 Οἶχεται
3202 2257 3451 2326 σεμνότης
3497 2257 3768 2329 ἱερατικήο
3813 2255 3925 2310 ἐπι-

2305 2330 2603 2386 λελοίπασιν
2652 2337 2700 2387 οἱ
2752 2343 3107 2410 ποιμαίνοντες
3151 2340 3262 2414 μετ’
3312 2341 3611 2418 ἐπιστήμης
3664 2350 3918 2417 ποςανιον

2305 2429 2395 2473 τοῦ
2455 2427 2688 2498 Κυρίουο
2739 2425 3039 2500 οἰκονομίας
3093 2439 3322 2503 πτωχῶν
3378 2433 3446 2494 εἰς
3498 2430 3633 2494 ἰδίας
3670 2431 3914 2486 ἀπολαύ-

2309 2529 2416 2571 σεις
2463 2515 2548 2564 καὶ
2599 2509 2783 2588 δώρων
2833 2512 3087 2591 διανομὰς
3139 2520 3632 2594 παραναλισκόντων
3690 2521 3773 2576 ἀεὶ
3802 2525 3923 2612 (38)

2305 2607 2404 2650 τῶν
2472 2600 2882 2675 φιλαρχούντων.
2952 2607 3290 2683 Ἢμαύρωται
3336 2617 3561 2665 κανόνων
3629 2600 3918 2688 ἁκρίϐειαί

2307 2686 2521 2750 ἐξουσία
2545 2698 2637 2743 τοῦ
2668 2693 2976 2768 ἁμαρτάνειν
3007 2695 3192 2756 πολλή.
3251 2701 3318 2752 Oi
3369 2703 3468 2776 γὰρ
3525 2697 3622 2754 διὰ
3674 2700 3922 2764 σπουδῆς

2306 2775 2630 2851 ἀνθρωπίνης
2660 2782 2769 2853 (39)
2810 2782 3148 2857 παρελθόντες
3185 2785 3270 2840 ἐπὶ
3320 2792 3377 2842 τὸ
3434 2775 3624 2864 ἄρχειν
3672 2792 3723 2843 ἐν
3776 2792 3920 2863 αύτῷ

2303 2868 2469 2939 τούτῳ
2509 2877 2600 2930 τῆς
2653 2868 2891 2933 σπουδῆς
2935 2877 3030 2932 τὸν
3086 2876 3250 2950 χάριν
3301 2875 3789 2954 ἀνταναπληροῦσι,
3851 2889 3920 2952 τῷ

2301 2958 2473 3010 πάντα
2506 2961 2631 3034 πρὸς
2679 2956 2875 3020 ἡδονήν
2907 2959 3174 3017 ἐνδιδόναι
3211 2968 3320 3036 (40)
3349 2975 3460 3030 τοῖς
3493 2968 3916 3044 ἁμαρτάνουσιν.

2303 3046 2564 3099 Ἀπόλωλε
2610 3056 2775 3122 κρῖμα
2820 3047 3055 3104 δίκαιον·
3106 3061 3210 3118 πᾶς
3256 3075 3336 3120 τις
3388 3066 3462 3130 τῷ
3522 3058 3787 3132 θελήματι
3827 3068 3921 3122 τῆς

525 3129 770 3191 dicendi
790 3135 1058 3196 libertas.
1085 3141 1256 3213 185
1280 3143 1445 3199 Servi
1466 3144 1624 3200 enim
1650 3129 1882 3216 eorum,
1909 3129 2189 3222 aquibus

2313 3131 2527 3209 ιαρδίας
2592 3137 2752 3191 αὐτοῦ
2821 3145 3116 3215 πορεύεται.
3169 3143 3227 3197 Ὀ
3278 3151 3504 3220 πονηρία
3551 3149 3824 3224 ἄμετρος,
3873 3151 3918 3200 οἱ

525 3222 817 3282 collatum
840 3225 1230 3299 beneﬁcium,
1255 3232 1360 3303 qui
1380 3231 1698 3291 hominum
1723 3251 1910 3309 opera
1926 3238 2191 3312 sibiipsis

523 3312 912 3372 dominatum
966 3327 1418 3392 compararunt.
1465 3323 1599 3380 Jam
1641 3341 1886 3399 quoque
1940 3333 1997 3384 et
2043 3329 2193 3386 illud

523 3403 718 3458 mutui
746 3403 887 3460 belli
917 3406 1099 3463 telum
1128 3424 1164 3464 a
1193 3410 1590 3483 quibusdam,
1617 3413 1888 3472 defensio
1911 3417 2186 3475 videlicet

525 3489 817 3580 doctrinae
848 3510 1032 3565 sanae,
1068 3500 1480 3570 excogitatum
1509 3508 1597 3561 est
1633 3521 1645 3560 :
1675 3509 1734 3561 et
1777 3505 1926 3564 dum
1960 3510 2194 3580 privata

525 3579 670 3638 odia
716 3582 1045 3655 occultant,
1078 3603 1190 3660 pro
1231 3590 1478 3648 veritate
1529 3609 1591 3650 se
1639 3594 1838 3653 odisse
1883 3579 2189 3656 simulant.

525 3667 640 3726 Alii
668 3687 832 3739 vero,
865 3673 1014 3731 dum
1063 3675 1302 3748 fugiunt
1331 3695 1407 3736 ne
1437 3682 1804 3756 turpissimis
1837 3685 2192 3745 criminibus

525 3765 1125 3837 arguantur,populis
1147 3767 1411 3826 furorem
1429 3771 1506 3828 ad
1531 3777 1809 3831 mutuam
1822 3775 2192 3835 discordiam

522 3849 847 3923 inspirant,
886 3858 954 3911 ut
986 3859 1416 3916 communibus
1445 3862 1621 3919 malis
1662 3879 1760 3920 res
1799 3882 1941 3922 suas
1971 3867 2184 3925 obum-

524 3936 722 3997 brent.
747 3942 1127 4017 Quapropter
1148 3952 1204 4004 et
1239 3947 1624 4023 implacabile
1649 3958 1737 4010 est
1776 3955 1893 4012 hoc
1915 3955 2145 4014 bellum
2171 3976 2184 4016 :

524 4025 596 4082 iis
625 4029 730 4100 qui
760 4031 922 4088 mala
945 4048 1138 4104 egere,
1172 4053 1562 4097 communem
1587 4059 1824 4115 pacem,
1859 4050 1925 4102 ut
1947 4047 2185 4105 occulta

523 4114 796 4188 ipsorum
843 4119 1143 4181 dedecora
1189 4114 1600 4198 detegentem,
1632 4133 2058 4192 metuentibus.
2095 4136 2183 4194 Ob

523 4202 654 4260 haec
681 4205 880 4266 rident
927 4210 1242 4282 increduli,
1276 4215 1573 4275 ﬂuctuant
1611 4222 1716 4293 qui
1761 4222 2010 4281 ﬁrmiter
2055 4243 2180 4283 non

522 4295 776 4354 credunt
797 4315 810 4354 :
834 4298 988 4356 ﬁdes
1008 4306 1096 4359 est
1117 4305 1766 4376 ambigua,oﬂ‘unditur
1783 4314 2182 4387 animisigno-

521 4385 695 4454 ratio,
720 4402 792 4443 eo
815 4389 986 4461 quod
1019 4393 1331 4451 veritatem
1352 4396 1676 4471 imitentur,
1707 4402 1812 4474 qui
1841 4385 2180 4464 doctrinam

2300 3225 2418 3278 λαοί
2492 3224 2859 3296 ἀνουθέτητοι,
2937 3233 2986 3283 οἱ
3059 3243 3378 3306 προεστῶτες
3453 3235 3915 3312 ἁπαῤῥησίαστοι.

2304 3313 2485 3368 Δούλοι
2513 3319 2614 3390 γὰρ
2646 3327 2745 3370 τῶν
2794 3316 3098 3374 δεδωκότων
3139 3327 3232 3382 τήν
3288 3326 3473 3400 χάριν,
3506 3329 3554 3379 οἱ
3605 3324 3680 3379 δι’
3705 3326 3919 3401 ἀνθρὼ-

2302 3423 2410 3456 πων
2451 3403 2654 3469 ἑαυτοῖς
2714 3412 2802 3467 τήν
2870 3405 3181 3464 δυναστείαν
3232 3418 3711 3488 κατακτησάμενοι.
3769 3413 3912 3474 Ἤδη

2305 3487 2364 3544 δὲ
2404 3496 2494 3544 καὶ
2536 3493 2688 3547 ὅπλον
2738 3501 2850 3549 τισὶ
2891 3505 2982 3550 τοῦ
3024 3503 3156 3575 πρὸς
3203 3499 3454 3564 ἀλλήλους
3495 3487 3723 3578 πολέμου
3766 3505 3799 3563 ἡ
3833 3503 3918 3556 Ex-

2304 3576 2520 3645 δίκησις
2547 3580 2704 3643 δῆθεν
2749 3594 2842 3649 τῆς
2887 3584 3217 3662 ὁρθοδοξίας,
3267 3589 3625 3652 ἐπινενόηται·
3683 3598 3779 3646 καὶ
3816 3597 3918 3658 τὰς

2306 3666 2447 3734 ἰδίας
2514 3674 2713 3750 ἔχθρας
2769 3673 3227 3752 ἐπικρυψάμενοι,
3292 3682 3419 3758 ὑπὲρ
3486 3691 3580 3745 τῆς
3640 3683 3918 3748 εύσεϐείας

2303 3759 2596 3835 ἓχθραίνειν
2653 3772 3251 3838 κατασχηματίζοντοιι.¹
3284 3769 3464 3825 Ἀλλοι
3517 3769 3578 3826 δὲ
3610 3813 3625 3840 ,
3684 3778 3776 3826 τὸν
3826 3772 3916 3827 ἐπὶ

2302 3856 2414 3913 τοῖς
2452 3851 2764 3924 αἰσχίστοις
2811 3854 3122 3921 ἐκκλίνοντες
3174 3858 3408 3933 ἔλεγχον,
3459 3866 3582 3926 τοὺς
3633 3861 3793 3926 λαοὺς
3843 3863 3917 3926 εἰς

2301 3943 2396 3999 τὴν
2453 3941 2568 3994 κατ’
2617 3942 2844 4003 ἀλλήλων
2903 3946 3213 4019 φιλονεικίαν
3257 3949 3612 4024 ἐκμαίνουσιν,
3658 3954 3742 4005 ἶνα
3798 3961 3916 4016 τοῖς

2299 4038 2491 4093 κοινοῖς
2537 4041 2718 4095 κακοῖς
2755 4038 2813 4087 τὸ
2867 4036 2984 4089 καθ’
3025 4037 3241 4102 ἑαυτοὺς
3288 4045 3648 4097 συσκιασωσι.
3684 4045 3777 4095 Διὸ
3819 4049 3915 4097 καὶ

2300 4118 2562 4184 ἄσπονδός
2619 4121 2760 4176 ἐστιν
2819 4125 2844 4176 ὀ
2901 4125 3124 4201 πόλεμος
3178 4125 3375 4203 οὗτος,
3437 4139 3534 4184 τῶν
3590 4133 3657 4184 τὰ
3701 4136 3917 4208 πονηρὰ

2299 4211 2648 4286 εἰργασμένων
2712 4219 2807 4273 τὴν
2855 4222 3032 4275 κοινὴν
3089 4218 3312 4293 εἰρήνην,
3335 4223 3401 4282 ὡς
3435 4219 3914 4275 ἀποκαλύπτουσα-ι

2299 4300 2468 4353 αὐτῶν
2512 4305 2580 4355 τὰ
2638 4306 2847 4377 κρυπτὰ
2901 4313 2992 4367 τῆς
3045 4307 3328 4380 αἰσχύνης,
3369 4311 3732 4386 ὑφορωμένων.
3794 4313 3914 4366 Ἐπὶ

2296 4393 2502 4454 τούτοις
2529 4392 2750 4464 γελῶσιν
2802 4396 2852 4446 οἱ
2903 4396 3138 4467 ἄπιστοι,
3201 4398 3508 4452 σαλεύονται
3551 4403 3613 4454 ὀἱ
3662 4400 3915 4474 ὀλιγόπια

521 4475 585 4532 in
615 4476 847 4534 malitia
867 4480 1226 4539 adulterant.
1257 4485 1439 4544 Silent
1461 4489 1622 4546 enim
1648 4492 1888 4564 piorum
1911 4510 2018 4554 ora
2043 4515 2058 4566 ;
2087 4514 2181 4555 so-

2313 4499 2417 4534 TTOL
2442 4501 2456 4515 ο
2498 4481 2783 4556 ἀμφίϐολος
2827 4485 2856 4544 ἡ
2904 4490 3104 4556 πίστις,
3169 4489 3356 4560 ἄγνοια
3398 4495 3768 4565 κατακέχυται
3807 4503 3917 4546 τῶν

519 4564 643 4623 luta
675 4583 815 4626 vero
844 4568 1207 4644 blasphema
1222 4575 1424 4632 omnis
1441 4577 1679 4650 lingua;
1710 4564 2186 4654 profanatasunt

520 4659 732 4714 sancta
754 4676 768 4728 ;
790 4658 1030 4731 fugiunt
1050 4664 1411 4734 precationis
1432 4667 1652 4726 domos
1668 4673 2184 4748 p0pulisaniores,

520 4748 588 4801 ut
609 4745 934 4820 impietatis
957 4751 1216 4827 scholas,
1236 4770 1307 4812 ac
1335 4755 1399 4812 in
1428 4756 1857 4818 solitudinibus
1879 4763 1958 4821 ad
1983 4745 2181 4823 Domi?

597 4957 709 5054 93)
739 4961 1181 5054 quippeiulia
1208 4971 1478 5054 guintu
1505 4989 1668 5054 m_§s._
1694 4975 1842 5054 Editi
1873 4977 2182 5054 οἰκτιρμῶν.

521 5029 913 5120 ξξῃ-ᾳ-ίρρεε
929 5029 1090 5093 'editi
1143 5029 1498 5120 ἀνθρωπικῶν.
1545 5029 1732 5120 Med;
1743 5029 1974 5118 "niihil,"
1992 5029 2174 5111 ὂὸίέἱζ

522 5106 848 5176 primusﬂet
871 5106 1014 5176 Reg.
1040 5106 1342 5169 secundus
1371 5121 1433 5172 ut
1464 5117 1523 5172 in
1555 5106 1740 5175 textu.

598 5176 706 5242 (34)
738 5174 881 5230 Vide
921 5174 1229 5238 addenda.

765 5252 1198 5320 Παραπεσοῦσαι.
1259 5255 1346 5313 Ita
1405 5262 1523 5315 tres
1585 5264 1974 5323 vetustissimi
2036 5283 2187 5326 mss.

617 5322 680 5371 Ill
727 5329 1132 5371 πεοιπεσοῡσαι-
1181 5329 1302 5371 Nnn
1355 5330 1544 5371 mnlm
1590 5340 1730 5371 mm
1779 5338 1914 5371 nam
1947 5340 2160 5371 ...νέω

527 5317 680 5404 ξᾺίίί
719 5317 1132 5404 ’περιπεσούσαα
1178 5329 1306 5404 Non
1347 5330 1544 5404 _multo
1590 5317 2190 5404 posti—eiii—ti—uacrgéi:

526 5385 658 5513 136791.
715 5385 888 5447 Cois].
925 5393 1178 5464 primus,
1229 5399 1384 5455 Harl.
1435 5385 2190 5475 et”nég'."séé'diidi§é'-L;;-

537 5477 558 5511 ε
597 5481 628 5513 α
662 5481 763 5513 ετο.

537 5477 763 5517 εοαΛετ-ο.

567 5536 721 5621 J36)
745 5533 1276 5621 EEeﬂdqrqul.“Ita
1315 5543 1656 5612 Medicaeus,
1704 5551 1915 5621 codex,
1948 5570 2194 5613 accura-

536 5604 654 5659 tius
682 5604 870 5678 quam
899 5607 1040 5665 editi
1070 5608 1477 5674 ἐξεϐλάστησαν,

2295 4570 2531 4645 ψυχῶν,
2590 4569 2685 4626 διὰ
2735 4577 2794 4626 τὸ
2850 4579 3130 4650 μιμεῖσθαι
3183 4581 3299 4650 (4-1)
3361 4585 3454 4639 τήν
3499 4579 3738 4640 ἀλήθειαν
3785 4590 3918 4648 τοὺς

2299 4657 2582 4725 δολοῦντας
2611 4665 2698 4715 τόν
2740 4661 2892 4736 λόγον
2921 4663 2972 4718 ἕν
3027 4672 3340 4742 κακουργίᾳ.
3390 4676 3521 4743 Σὶγᾷ
3556 4673 3645 4744 μεν
3692 4674 3796 4746 γαρ
3844 4677 3920 4726 τὰ

2297 4759 2396 4803 τῶν
2450 4751 2797 4806 εὐσεϐούντων
2849 4758 3122 4828 στόματω
3184 4755 3386 4810 ἀνεῖταε
3431 4755 3491 4812 δὲ
3538 4757 3686 4813 πᾶσα
3728 4759 3913 4832 βλασ-

2371 4971 2859 5054 (37λᾚπισκοπήν.
2895 4971 2991 5030 Sic
3018 4990 3166 5031 mss.
3213 4977 3272 5031 et
3317 4974 3500 5034 editio
3547 4976 3912 5048 Haganoen.

2299 5042 2447 5100 Alia:
2466 5042 2777 5099 Ἲὶπίσιιοπον.

2371 5119 2486 5188 (38)
2528 5117 2656 5175 Ἀεί.
2706 5121 2816 5174 Pro
2873 5115 2990 5174 hac
3025 5133 3176 5175 voce
3198 5118 3427 5178 habent
3473 5122 3620 5179 Med.
3655 5126 3713 5180 ct
3747 5123 3913 5180 Harl.

2299 5208 2487 5245 παντα.

2367 5262 2477 5336 (39)
2519 5263 2614 5336 Δξᾲ
2660 5257 2908 5336 σπουδῆς
2941 5259 3287 5336 ἀνθρῳπίνης.
3334 5267 3421 5322 Ita
3471 5269 3590 5323 tres
3637 5269 3920 5325 vetustis-

2300 5331 2726 5410 simi’eodices.
2760 5334 2914 5410 Editi
2940 5331 3200 5410 σπουδαῖς
3233 5335 3601 5410 ἀνθρωπίναις.

2371 5405 2486 5468 (40)
2519 5401 2837 5462 Ἐνδιδόναι.
2867 5409 2952 5463 ita
2981 5407 3294 5464 Harl.cum
3317 5401 3468 5466 aliis.
3491 5410 3644 5468 Edili
3673 5407 3918 5467 διδόναι.

2371 5407 2463 5468 (40
2519 5405 2837 5462 Ἐνδιδόναι.
2867 5409 2952 5463 ita
2981 5407 3294 5464 Harl.cum
3317 5405 3468 5466 aliis.
3491 5410 3644 5468 Edili
3673 5407 3918 5467 διδόναι.

2507 5481 2829 5556 Μιμεῖσθαι.
2862 5478 3013 5536 Med.
3044 5482 3340 5555 μισεῖσθαι,
3373 5497 3438 5540 eo
3479 5484 3642 5556 quod
3670 5485 3921 5544 oderint

2300 5548 2630 5619 veritatem,
2663 5554 2772 5607 etc.
