  <div class='ocr_page' id='page_1' title='image "/cluster/home/n/w/nwhite01/storage/ocr_20150623/32:no.4/coo.31924054869296/250.png"; bbox 0 0 4078 6388; ppageno 0'>
   <div class='ocr_carea' id='block_1_1' title="bbox 128 363 212 420">
    <p class='ocr_par' dir='ltr' id='par_1_1' title="bbox 128 363 212 420">
     <span class='ocr_line' id='line_1_1' title="bbox 128 363 212 420; baseline 0.024 -2"><span class='ocrx_word' id='word_1_1' title='bbox 128 363 212 420; x_wconf 68' lang='grc'><strong>481</strong></span> 
     </span>
    </p>
   </div>
   <div class='ocr_carea' id='block_1_2' title="bbox 143 490 628 566">
    <p class='ocr_par' dir='ltr' id='par_1_2' title="bbox 143 490 628 566">
     <span class='ocr_line' id='line_1_2' title="bbox 143 490 628 566; baseline 0.01 -22"><span class='ocrx_word' id='word_1_2' title='bbox 143 510 298 566; x_wconf 51' lang='lat' dir='ltr'><strong>suae;</strong></span> <span class='ocrx_word' id='word_1_3' title='bbox 329 490 575 566; x_wconf 82' lang='grc' dir='ltr'>γλωσσα</span> <span class='ocrx_word' id='word_1_4' title='bbox 610 510 628 526; x_wconf 79' lang='grc'><strong><em>⁵</em></strong></span> 
     </span>
    </p>
   </div>
   <div class='ocr_carea' id='block_1_3' title="bbox 158 582 1775 660">
    <p class='ocr_par' dir='ltr' id='par_1_3' title="bbox 158 582 1775 660">
     <span class='ocr_line' id='line_1_3' title="bbox 158 582 1775 660; baseline -0.002 -22"><span class='ocrx_word' id='word_1_5' title='bbox 158 582 448 658; x_wconf 68' lang='grc' dir='ltr'>ιῦκτηρίους</span> <span class='ocrx_word' id='word_1_6' title='bbox 515 587 714 648; x_wconf 81' lang='grc' dir='ltr'><strong>οἴκους</strong></span> <span class='ocrx_word' id='word_1_7' title='bbox 783 588 833 640; x_wconf 83' lang='grc' dir='ltr'><strong>οἰ</strong></span> <span class='ocrx_word' id='word_1_8' title='bbox 904 587 1222 660; x_wconf 76' lang='grc' dir='ltr'><strong>ὑγιαίνοντες</strong></span> <span class='ocrx_word' id='word_1_9' title='bbox 1294 594 1394 640; x_wconf 84' lang='grc' dir='ltr'><strong>τῶν</strong></span> <span class='ocrx_word' id='word_1_10' title='bbox 1474 585 1634 654; x_wconf 82' lang='grc' dir='ltr'>λαῶν,</span> <span class='ocrx_word' id='word_1_11' title='bbox 1710 585 1775 645; x_wconf 84' lang='grc' dir='ltr'>ὡς</span> 
     </span>
    </p>
   </div>
   <div class='ocr_carea' id='block_1_4' title="bbox 164 669 1774 751">
    <p class='ocr_par' dir='ltr' id='par_1_4' title="bbox 164 669 1774 751">
     <span class='ocr_line' id='line_1_4' title="bbox 164 669 1774 751; baseline -0.002 -23"><span class='ocrx_word' id='word_1_12' title='bbox 164 671 382 735; x_wconf 70' lang='grc' dir='ltr'>ἀσεϐείας</span> <span class='ocrx_word' id='word_1_13' title='bbox 420 669 801 729; x_wconf 70' lang='grc' dir='ltr'><strong>διδασκαλεῖα</strong></span> <span class='ocrx_word' id='word_1_14' title='bbox 826 692 839 706; x_wconf 90' lang='grc'><strong>·</strong></span> <span class='ocrx_word' id='word_1_15' title='bbox 879 678 1016 729; x_wconf 86' lang='grc' dir='ltr'><strong>κατὰ</strong></span> <span class='ocrx_word' id='word_1_16' title='bbox 1060 673 1119 730; x_wconf 82' lang='grc' dir='ltr'>δέ</span> <span class='ocrx_word' id='word_1_17' title='bbox 1163 679 1259 740; x_wconf 83' lang='grc' dir='ltr'>τὰς</span> <span class='ocrx_word' id='word_1_18' title='bbox 1288 675 1507 751; x_wconf 75' lang='grc' dir='ltr'>ἐρημίας</span> <span class='ocrx_word' id='word_1_19' title='bbox 1539 677 1658 749; x_wconf 82' lang='grc' dir='ltr'><strong>τρός</strong></span> <span class='ocrx_word' id='word_1_20' title='bbox 1688 675 1774 726; x_wconf 82' lang='grc' dir='ltr'>τὸν</span> 
     </span>
    </p>
   </div>
   <div class='ocr_carea' id='block_1_5' title="bbox 166 760 1777 839">
    <p class='ocr_par' dir='ltr' id='par_1_5' title="bbox 166 760 1777 839">
     <span class='ocr_line' id='line_1_5' title="bbox 166 760 1777 839; baseline -0.002 -23"><span class='ocrx_word' id='word_1_21' title='bbox 166 761 207 816; x_wconf 77' lang='grc' dir='ltr'>ἐν</span> <span class='ocrx_word' id='word_1_22' title='bbox 234 762 470 838; x_wconf 72' lang='grc' dir='ltr'>οὐρανοῖς</span> <span class='ocrx_word' id='word_1_23' title='bbox 501 766 780 822; x_wconf 76' lang='grc' dir='ltr'>Δεσπότην</span> <span class='ocrx_word' id='word_1_24' title='bbox 811 765 942 837; x_wconf 81' lang='grc' dir='ltr'>μετὰ</span> <span class='ocrx_word' id='word_1_25' title='bbox 973 773 1269 839; x_wconf 71' lang='grc' dir='ltr'><strong>στεναγμῶν</strong></span> <span class='ocrx_word' id='word_1_26' title='bbox 1289 769 1380 817; x_wconf 85' lang='grc' dir='ltr'>καὶ</span> <span class='ocrx_word' id='word_1_27' title='bbox 1411 760 1652 837; x_wconf 77' lang='grc' dir='ltr'><strong>δακρύων</strong></span> <span class='ocrx_word' id='word_1_28' title='bbox 1681 763 1777 823; x_wconf 82' lang='grc' dir='ltr'><strong>τὰς</strong></span> 
     </span>
    </p>
   </div>
   <div class='ocr_carea' id='block_1_6' title="bbox 163 851 1776 929">
    <p class='ocr_par' dir='ltr' id='par_1_6' title="bbox 163 851 1776 929">
     <span class='ocr_line' id='line_1_6' title="bbox 163 851 1776 929; baseline -0.002 -22"><span class='ocrx_word' id='word_1_29' title='bbox 163 861 345 929; x_wconf 75' lang='grc' dir='ltr'>χεῖρας</span> <span class='ocrx_word' id='word_1_30' title='bbox 383 855 655 926; x_wconf 80' lang='grc' dir='ltr'>αἴρουσιν.</span> <span class='ocrx_word' id='word_1_31' title='bbox 677 851 919 926; x_wconf 65' lang='grc' dir='ltr'>Ἔφθασε</span> <span class='ocrx_word' id='word_1_32' title='bbox 960 856 1060 928; x_wconf 78' lang='grc' dir='ltr'>γὰρ</span> <span class='ocrx_word' id='word_1_33' title='bbox 1090 854 1207 927; x_wconf 77' lang='grc'>(42)</span> <span class='ocrx_word' id='word_1_34' title='bbox 1233 856 1438 916; x_wconf 85' lang='grc' dir='ltr'>πάντως</span> <span class='ocrx_word' id='word_1_35' title='bbox 1465 856 1555 906; x_wconf 87' lang='grc' dir='ltr'><strong>καὶ</strong></span> <span class='ocrx_word' id='word_1_36' title='bbox 1582 856 1776 926; x_wconf 82' lang='grc' dir='ltr'><strong>μέχρις</strong></span> 
     </span>
    </p>
   </div>
   <div class='ocr_carea' id='block_1_7' title="bbox 162 939 1777 1015">
    <p class='ocr_par' dir='ltr' id='par_1_7' title="bbox 162 939 1777 1015">
     <span class='ocr_line' id='line_1_7' title="bbox 162 939 1777 1015; baseline -0.002 -20"><span class='ocrx_word' id='word_1_37' title='bbox 162 944 298 1015; x_wconf 76' lang='grc' dir='ltr'><strong>ὑμῶν</strong></span> <span class='ocrx_word' id='word_1_38' title='bbox 324 943 395 995; x_wconf 77' lang='grc' dir='ltr'>τὰ</span> <span class='ocrx_word' id='word_1_39' title='bbox 427 945 679 1015; x_wconf 82' lang='grc' dir='ltr'>γινόμενα</span> <span class='ocrx_word' id='word_1_40' title='bbox 700 940 749 994; x_wconf 83' lang='grc' dir='ltr'><strong>ἓν</strong></span> <span class='ocrx_word' id='word_1_41' title='bbox 777 950 894 1005; x_wconf 88' lang='grc' dir='ltr'>ταῖς</span> <span class='ocrx_word' id='word_1_42' title='bbox 922 942 1194 1008; x_wconf 77' lang='grc' dir='ltr'><strong>πλείσταις</strong></span> <span class='ocrx_word' id='word_1_43' title='bbox 1217 951 1317 997; x_wconf 86' lang='grc' dir='ltr'>τῶν</span> <span class='ocrx_word' id='word_1_44' title='bbox 1347 942 1540 997; x_wconf 82' lang='grc' dir='ltr'>πόλεων</span> <span class='ocrx_word' id='word_1_45' title='bbox 1574 963 1587 976; x_wconf 85' lang='grc'><strong>·</strong></span> <span class='ocrx_word' id='word_1_46' title='bbox 1621 941 1702 993; x_wconf 89' lang='grc' dir='ltr'>ὅτι</span> <span class='ocrx_word' id='word_1_47' title='bbox 1728 939 1777 992; x_wconf 83' lang='grc' dir='ltr'>οἱ</span> 
     </span>
    </p>
   </div>
   <div class='ocr_carea' id='block_1_8' title="bbox 1128 368 2521 436">
    <p class='ocr_par' dir='ltr' id='par_1_8' title="bbox 1128 368 2521 436">
     <span class='ocr_line' id='line_1_8' title="bbox 1128 368 2521 436; baseline 0.003 -5"><span class='ocrx_word' id='word_1_48' title='bbox 1128 371 1618 431; x_wconf 78' lang='lat' dir='ltr'><strong>EPISTOLABUM</strong></span> <span class='ocrx_word' id='word_1_49' title='bbox 1657 368 1940 428; x_wconf 75' lang='lat' dir='ltr'><strong>CLASSIS</strong></span> <span class='ocrx_word' id='word_1_50' title='bbox 1982 375 2051 433; x_wconf 86' lang='grc' dir='ltr'><strong>ΙΙ.</strong></span> <span class='ocrx_word' id='word_1_51' title='bbox 2092 376 2319 436; x_wconf 86' lang='lat' dir='ltr'><strong>EPIST.</strong></span> <span class='ocrx_word' id='word_1_52' title='bbox 2368 379 2521 435; x_wconf 65' lang='lat' dir='ltr'><strong>XCII.</strong></span> 
     </span>
    </p>
   </div>
   <div class='ocr_carea' id='block_1_9' title="bbox 698 496 1787 574">
    <p class='ocr_par' dir='ltr' id='par_1_9' title="bbox 698 496 1773 573">
     <span class='ocr_line' id='line_1_9' title="bbox 698 496 1773 573; baseline -0.003 -23"><span class='ocrx_word' id='word_1_53' title='bbox 698 496 996 557; x_wconf 77' lang='grc' dir='ltr'><strong>ἐϐεϐηλὼθη</strong></span> <span class='ocrx_word' id='word_1_54' title='bbox 1037 499 1103 552; x_wconf 83' lang='grc' dir='ltr'>τὰ</span> <span class='ocrx_word' id='word_1_55' title='bbox 1144 498 1293 573; x_wconf 87' lang='grc' dir='ltr'>οἶγια,</span> <span class='ocrx_word' id='word_1_56' title='bbox 1350 499 1601 571; x_wconf 71' lang='grc' dir='ltr'>φεύγουσι</span> <span class='ocrx_word' id='word_1_57' title='bbox 1654 497 1773 558; x_wconf 80' lang='grc' dir='ltr'>τοὺς</span> 
     </span>
    </p>
   </div>
   <div class='ocr_carea' id='block_1_10' title="bbox 1901 496 3547 574">
    <p class='ocr_par' dir='ltr' id='par_1_10' title="bbox 1901 497 3547 574">
     <span class='ocr_line' id='line_1_10' title="bbox 1901 497 3547 574; baseline 0.007 -23"><span class='ocrx_word' id='word_1_58' title='bbox 1901 499 2114 556; x_wconf 82' lang='lat' dir='ltr'><strong>mmin</strong></span> <span class='ocrx_word' id='word_1_59' title='bbox 2143 502 2306 559; x_wconf 83' lang='lat' dir='ltr'><strong>caelis</strong></span> <span class='ocrx_word' id='word_1_60' title='bbox 2333 497 2773 561; x_wconf 84' lang='lat' dir='ltr'><strong>inbabitantem</strong></span> <span class='ocrx_word' id='word_1_61' title='bbox 2821 517 2961 559; x_wconf 91' lang='lat' dir='ltr'><strong>cum</strong></span> <span class='ocrx_word' id='word_1_62' title='bbox 2992 502 3314 574; x_wconf 86' lang='lat' dir='ltr'><strong>gemitibus</strong></span> <span class='ocrx_word' id='word_1_63' title='bbox 3357 508 3415 563; x_wconf 89' lang='lat' dir='ltr'><strong>et</strong></span> <span class='ocrx_word' id='word_1_64' title='bbox 3458 504 3547 563; x_wconf 83' lang='lat' dir='ltr'><strong>1a-</strong></span> 
     </span>
    </p>
   </div>
   <div class='ocr_carea' id='block_1_11' title="bbox 3431 350 3551 439">
    <p class='ocr_par' dir='ltr' id='par_1_11' title="bbox 3431 350 3551 439">
     <span class='ocr_line' id='line_1_11' title="bbox 3431 350 3551 439; baseline 0 -1"><span class='ocrx_word' id='word_1_65' title='bbox 3431 350 3551 439; x_wconf 43' lang='lat'><strong>482&#39;</strong></span> 
     </span>
    </p>
   </div>
   <div class='ocr_carea' id='block_1_12' title="bbox 1884 589 3546 668">
    <p class='ocr_par' dir='ltr' id='par_1_12' title="bbox 1884 589 3546 668">
     <span class='ocr_line' id='line_1_12' title="bbox 1884 589 3546 668; baseline 0.005 -25"><span class='ocrx_word' id='word_1_66' title='bbox 1884 589 2109 660; x_wconf 85' lang='lat' dir='ltr'><strong>crymis</strong></span> <span class='ocrx_word' id='word_1_67' title='bbox 2137 607 2355 649; x_wconf 85' lang='lat' dir='ltr'><strong>manus</strong></span> <span class='ocrx_word' id='word_1_68' title='bbox 2380 593 2677 651; x_wconf 86' lang='lat' dir='ltr'><strong>attollunt.</strong></span> <span class='ocrx_word' id='word_1_69' title='bbox 2701 593 3108 649; x_wconf 87' lang='lat' dir='ltr'><strong>Pervenerunt</strong></span> <span class='ocrx_word' id='word_1_70' title='bbox 3145 598 3350 650; x_wconf 90' lang='lat' dir='ltr'><strong>autem</strong></span> <span class='ocrx_word' id='word_1_71' title='bbox 3404 611 3546 668; x_wconf 89' lang='lat' dir='ltr'><strong>pro-</strong></span> 
     </span>
    </p>
   </div>
   <div class='ocr_carea' id='block_1_13' title="bbox 1883 675 3546 756">
    <p class='ocr_par' dir='ltr' id='par_1_13' title="bbox 1883 675 3546 756">
     <span class='ocr_line' id='line_1_13' title="bbox 1883 675 3546 756; baseline 0.004 -24"><span class='ocrx_word' id='word_1_72' title='bbox 1883 675 2036 735; x_wconf 83' lang='lat' dir='ltr'><strong>fecto</strong></span> <span class='ocrx_word' id='word_1_73' title='bbox 2063 683 2120 736; x_wconf 89' lang='lat' dir='ltr'><strong>et</strong></span> <span class='ocrx_word' id='word_1_74' title='bbox 2155 697 2348 756; x_wconf 92' lang='lat' dir='ltr'><strong>usque</strong></span> <span class='ocrx_word' id='word_1_75' title='bbox 2374 681 2453 739; x_wconf 88' lang='lat' dir='ltr'><strong>ad</strong></span> <span class='ocrx_word' id='word_1_76' title='bbox 2481 698 2591 739; x_wconf 90' lang='lat' dir='ltr'><strong>vos</strong></span> <span class='ocrx_word' id='word_1_77' title='bbox 2622 698 2759 756; x_wconf 77' lang='lat' dir='ltr'><strong>quae</strong></span> <span class='ocrx_word' id='word_1_78' title='bbox 2789 681 2849 739; x_wconf 91' lang='lat' dir='ltr'><strong>in</strong></span> <span class='ocrx_word' id='word_1_79' title='bbox 2879 681 3180 756; x_wconf 78' lang='lat' dir='ltr'><strong>plerisque</strong></span> <span class='ocrx_word' id='word_1_80' title='bbox 3202 682 3546 740; x_wconf 78' lang='lat' dir='ltr'><strong>civitatibus</strong></span> 
     </span>
    </p>
   </div>
   <div class='ocr_carea' id='block_1_14' title="bbox 1882 770 3546 846">
    <p class='ocr_par' dir='ltr' id='par_1_14' title="bbox 1882 770 3546 846">
     <span class='ocr_line' id='line_1_14' title="bbox 1882 770 3546 846; baseline 0.005 -25"><span class='ocrx_word' id='word_1_81' title='bbox 1882 770 2486 837; x_wconf 84' lang='lat' dir='ltr'><strong>geruntur.Nimirum</strong></span> <span class='ocrx_word' id='word_1_82' title='bbox 2507 770 2716 846; x_wconf 90' lang='lat' dir='ltr'><strong>populi</strong></span> <span class='ocrx_word' id='word_1_83' title='bbox 2737 787 2876 827; x_wconf 88' lang='lat' dir='ltr'><strong>cum</strong></span> <span class='ocrx_word' id='word_1_84' title='bbox 2897 771 3189 827; x_wconf 81' lang='lat' dir='ltr'><strong>uxoribus</strong></span> <span class='ocrx_word' id='word_1_85' title='bbox 3218 770 3546 846; x_wconf 88' lang='lat' dir='ltr'><strong>liberisque</strong></span> 
     </span>
    </p>
   </div>
   <div class='ocr_carea' id='block_1_15' title="bbox 1884 855 3548 933">
    <p class='ocr_par' dir='ltr' id='par_1_15' title="bbox 1884 855 3548 933">
     <span class='ocr_line' id='line_1_15' title="bbox 1884 855 3548 933; baseline 0.004 -23"><span class='ocrx_word' id='word_1_86' title='bbox 1884 858 1941 911; x_wconf 90' lang='lat' dir='ltr'><strong>et</strong></span> <span class='ocrx_word' id='word_1_87' title='bbox 1968 855 2114 928; x_wconf 86' lang='lat' dir='ltr'>ipsis</span> <span class='ocrx_word' id='word_1_88' title='bbox 2145 859 2389 916; x_wconf 87' lang='lat' dir='ltr'><strong>senibus</strong></span> <span class='ocrx_word' id='word_1_89' title='bbox 2420 875 2532 933; x_wconf 89' lang='lat' dir='ltr'><strong>pro</strong></span> <span class='ocrx_word' id='word_1_90' title='bbox 2581 859 2883 916; x_wconf 77' lang='lat' dir='ltr'><strong>mmnibus</strong></span> <span class='ocrx_word' id='word_1_91' title='bbox 2905 859 3100 931; x_wconf 78' lang='lat' dir='ltr'><strong>effusi,</strong></span> <span class='ocrx_word' id='word_1_92' title='bbox 3129 859 3244 917; x_wconf 86' lang='lat' dir='ltr'><strong>sub</strong></span> <span class='ocrx_word' id='word_1_93' title='bbox 3275 859 3377 917; x_wconf 91' lang='lat' dir='ltr'><strong>dio</strong></span> <span class='ocrx_word' id='word_1_94' title='bbox 3417 876 3548 933; x_wconf 91' lang='lat' dir='ltr'><strong>pre-</strong></span> 
     </span>
    </p>
   </div>
   <div class='ocr_carea' id='block_1_16' title="bbox 1885 944 3541 1021">
    <p class='ocr_par' dir='ltr' id='par_1_16' title="bbox 1885 944 3541 1021">
     <span class='ocr_line' id='line_1_16' title="bbox 1885 944 3541 1021; baseline 0.005 -22"><span class='ocrx_word' id='word_1_95' title='bbox 1885 958 1984 999; x_wconf 92' lang='lat' dir='ltr'><strong>ces</strong></span> <span class='ocrx_word' id='word_1_96' title='bbox 2012 944 2291 1020; x_wconf 89' lang='lat' dir='ltr'><strong>fundunt,</strong></span> <span class='ocrx_word' id='word_1_97' title='bbox 2332 948 2586 1006; x_wconf 86' lang='lat' dir='ltr'><strong>ferentes</strong></span> <span class='ocrx_word' id='word_1_98' title='bbox 2634 964 2848 1005; x_wconf 90' lang='lat' dir='ltr'><strong>omnes</strong></span> <span class='ocrx_word' id='word_1_99' title='bbox 2874 947 3031 1005; x_wconf 90' lang='lat' dir='ltr'><strong>aeris</strong></span> <span class='ocrx_word' id='word_1_100' title='bbox 3060 947 3317 1021; x_wconf 84' lang='lat' dir='ltr'><strong>injurias</strong></span> <span class='ocrx_word' id='word_1_101' title='bbox 3349 949 3541 1007; x_wconf 88' lang='lat' dir='ltr'><strong>multa</strong></span> 
     </span>
    </p>
   </div>
   <div class='ocr_carea' id='block_1_17' title="bbox 155 1029 1787 1113">
    <p class='ocr_par' dir='ltr' id='par_1_17' title="bbox 155 1029 1786 1105">
     <span class='ocr_line' id='line_1_17' title="bbox 155 1029 1786 1105; baseline -0.002 -21"><span class='ocrx_word' id='word_1_102' title='bbox 155 1031 267 1086; x_wconf 78' lang='grc' dir='ltr'>λαοί</span> <span class='ocrx_word' id='word_1_103' title='bbox 319 1035 419 1084; x_wconf 82' lang='grc' dir='ltr'>σὺν</span> <span class='ocrx_word' id='word_1_104' title='bbox 480 1030 696 1104; x_wconf 82' lang='grc' dir='ltr'>γυναιξὶ</span> <span class='ocrx_word' id='word_1_105' title='bbox 734 1037 826 1085; x_wconf 82' lang='grc' dir='ltr'><strong>καὶ</strong></span> <span class='ocrx_word' id='word_1_106' title='bbox 875 1029 1114 1095; x_wconf 71' lang='grc' dir='ltr'>παιδίοις</span> <span class='ocrx_word' id='word_1_107' title='bbox 1152 1032 1268 1105; x_wconf 80' lang='grc'>(43)</span> <span class='ocrx_word' id='word_1_108' title='bbox 1308 1038 1397 1087; x_wconf 85' lang='grc' dir='ltr'><strong>καὶ</strong></span> <span class='ocrx_word' id='word_1_109' title='bbox 1436 1033 1614 1093; x_wconf 67' lang='grc' dir='ltr'>αὐτοῖς</span> <span class='ocrx_word' id='word_1_110' title='bbox 1663 1035 1786 1088; x_wconf 84' lang='grc' dir='ltr'>τοῖς</span> 
     </span>
    </p>
   </div>
   <div class='ocr_carea' id='block_1_18' title="bbox 1901 1029 3546 1113">
    <p class='ocr_par' dir='ltr' id='par_1_18' title="bbox 1901 1035 3546 1113">
     <span class='ocr_line' id='line_1_18' title="bbox 1901 1035 3546 1113; baseline 0.004 -26"><span class='ocrx_word' id='word_1_111' title='bbox 1901 1048 2000 1088; x_wconf 94' lang='lat' dir='ltr'><strong>um</strong></span> <span class='ocrx_word' id='word_1_112' title='bbox 2021 1035 2401 1108; x_wconf 88' lang='lat' dir='ltr'><strong>patientia,et</strong></span> <span class='ocrx_word' id='word_1_113' title='bbox 2423 1038 2716 1096; x_wconf 81' lang='lat' dir='ltr'><strong>auxilium</strong></span> <span class='ocrx_word' id='word_1_114' title='bbox 2747 1053 2784 1095; x_wconf 91' lang='lat' dir='ltr'><strong>a</strong></span> <span class='ocrx_word' id='word_1_115' title='bbox 2809 1036 3064 1095; x_wconf 91' lang='lat' dir='ltr'><strong>Domino</strong></span> <span class='ocrx_word' id='word_1_116' title='bbox 3094 1042 3546 1113; x_wconf 77' lang='lat' dir='ltr'><strong>exspectantes.</strong></span> 
     </span>
    </p>
   </div>
   <div class='ocr_carea' id='block_1_19' title="bbox 148 1119 3549 1205">
    <p class='ocr_par' dir='ltr' id='par_1_19' title="bbox 148 1119 3549 1205">
     <span class='ocr_line' id='line_1_19' title="bbox 148 1119 3549 1205; baseline 0.001 -29"><span class='ocrx_word' id='word_1_117' title='bbox 148 1120 500 1197; x_wconf 76' lang='grc' dir='ltr'>πρεσϐύταις,</span> <span class='ocrx_word' id='word_1_118' title='bbox 534 1123 635 1194; x_wconf 83' lang='grc' dir='ltr'><strong>πρὸ</strong></span> <span class='ocrx_word' id='word_1_119' title='bbox 660 1129 760 1174; x_wconf 84' lang='grc' dir='ltr'>τῶν</span> <span class='ocrx_word' id='word_1_120' title='bbox 798 1130 990 1194; x_wconf 82' lang='grc' dir='ltr'>τειχῶν</span> <span class='ocrx_word' id='word_1_121' title='bbox 1020 1121 1344 1195; x_wconf 76' lang='grc' dir='ltr'><strong>ἐκχυθέντες,</strong></span> <span class='ocrx_word' id='word_1_122' title='bbox 1368 1121 1416 1175; x_wconf 79' lang='grc' dir='ltr'>ἐν</span> <span class='ocrx_word' id='word_1_123' title='bbox 1446 1129 1518 1195; x_wconf 82' lang='grc' dir='ltr'>τῷ</span> <span class='ocrx_word' id='word_1_124' title='bbox 1547 1120 1786 1192; x_wconf 79' lang='grc' dir='ltr'><em>ὑπαίθρῳ</em></span> <span class='ocrx_word' id='word_1_125' title='bbox 1824 1119 2033 1176; x_wconf 70' lang='grc' dir='ltr'>τελοῦσι</span> <span class='ocrx_word' id='word_1_126' title='bbox 2079 1127 2172 1189; x_wconf 83' lang='grc' dir='ltr'>τὰς</span> <span class='ocrx_word' id='word_1_127' title='bbox 2196 1129 2526 1201; x_wconf 82' lang='grc' dir='ltr'>προσευχὰς,</span> <span class='ocrx_word' id='word_1_128' title='bbox 2570 1131 2802 1205; x_wconf 72' lang='grc' dir='ltr'><strong>φέροντες</strong></span> <span class='ocrx_word' id='word_1_129' title='bbox 2846 1129 3017 1189; x_wconf 87' lang='grc' dir='ltr'>πάσας</span> <span class='ocrx_word' id='word_1_130' title='bbox 3056 1128 3148 1189; x_wconf 81' lang='grc' dir='ltr'>τὰς</span> <span class='ocrx_word' id='word_1_131' title='bbox 3178 1125 3232 1180; x_wconf 78' lang='grc' dir='ltr'>ἐκ</span> <span class='ocrx_word' id='word_1_132' title='bbox 3255 1134 3345 1181; x_wconf 91' lang='grc' dir='ltr'><strong>τοῦ</strong></span> <span class='ocrx_word' id='word_1_133' title='bbox 3394 1126 3549 1205; x_wconf 80' lang='grc' dir='ltr'><strong>ἀέρος</strong></span> 
     </span>
    </p>
   </div>
   <div class='ocr_carea' id='block_1_20' title="bbox 147 1207 2614 1289">
    <p class='ocr_par' dir='ltr' id='par_1_20' title="bbox 147 1207 2614 1289">
     <span class='ocr_line' id='line_1_20' title="bbox 147 1207 2614 1289; baseline 0.002 -25"><span class='ocrx_word' id='word_1_134' title='bbox 147 1213 514 1272; x_wconf 83' lang='grc' dir='ltr'>κακοπαθείας</span> <span class='ocrx_word' id='word_1_135' title='bbox 547 1213 643 1263; x_wconf 80' lang='grc' dir='ltr'><strong>σῦν</strong></span> <span class='ocrx_word' id='word_1_136' title='bbox 672 1210 833 1285; x_wconf 71' lang='grc' dir='ltr'>πολλῇ</span> <span class='ocrx_word' id='word_1_137' title='bbox 864 1218 925 1285; x_wconf 75' lang='grc' dir='ltr'>τῇ</span> <span class='ocrx_word' id='word_1_138' title='bbox 956 1213 1315 1286; x_wconf 74' lang='grc' dir='ltr'><strong>μακροθυμίᾳ,</strong></span> <span class='ocrx_word' id='word_1_139' title='bbox 1339 1216 1432 1272; x_wconf 76' lang='grc' dir='ltr'><strong>τὴν</strong></span> <span class='ocrx_word' id='word_1_140' title='bbox 1453 1212 1598 1286; x_wconf 84' lang='grc' dir='ltr'>παρὰ</span> <span class='ocrx_word' id='word_1_141' title='bbox 1616 1207 1710 1262; x_wconf 76' lang='grc' dir='ltr'><strong>τοῦ</strong></span> <span class='ocrx_word' id='word_1_142' title='bbox 1742 1212 1935 1283; x_wconf 78' lang='grc' dir='ltr'><strong>Κυρίου</strong></span> <span class='ocrx_word' id='word_1_143' title='bbox 1968 1210 2242 1286; x_wconf 68' lang='grc' dir='ltr'>ἀντίληψιν</span> <span class='ocrx_word' id='word_1_144' title='bbox 2265 1214 2614 1289; x_wconf 76' lang='grc' dir='ltr'>ἀναμένοντες.</span> 
     </span>
    </p>
   </div>
   <div class='ocr_carea' id='block_1_21' title="bbox 222 1301 1773 1376">
    <p class='ocr_par' dir='ltr' id='par_1_21' title="bbox 222 1301 1773 1376">
     <span class='ocr_line' id='line_1_21' title="bbox 222 1301 1773 1376; baseline -0.004 -21"><span class='ocrx_word' id='word_1_145' title='bbox 222 1301 283 1357; x_wconf 87' lang='lat'><strong>3.</strong></span> <span class='ocrx_word' id='word_1_146' title='bbox 313 1306 407 1365; x_wconf 91' lang='grc' dir='ltr'>Τίς</span> <span class='ocrx_word' id='word_1_147' title='bbox 470 1303 665 1376; x_wconf 87' lang='grc' dir='ltr'>θρῆνος</span> <span class='ocrx_word' id='word_1_148' title='bbox 715 1308 816 1354; x_wconf 85' lang='grc' dir='ltr'>τῶν</span> <span class='ocrx_word' id='word_1_149' title='bbox 848 1308 1126 1376; x_wconf 77' lang='grc' dir='ltr'>συμφορῶν</span> <span class='ocrx_word' id='word_1_150' title='bbox 1154 1304 1350 1354; x_wconf 82' lang='grc' dir='ltr'>τούτων</span> <span class='ocrx_word' id='word_1_151' title='bbox 1402 1301 1585 1367; x_wconf 84' lang='grc' dir='ltr'>ἄξιος;</span> <span class='ocrx_word' id='word_1_152' title='bbox 1623 1305 1773 1352; x_wconf 88' lang='grc' dir='ltr'>ποῖαι</span> 
     </span>
    </p>
   </div>
   <div class='ocr_carea' id='block_1_22' title="bbox 143 1388 1771 1467">
    <p class='ocr_par' dir='ltr' id='par_1_22' title="bbox 143 1388 1771 1467">
     <span class='ocr_line' id='line_1_22' title="bbox 143 1388 1771 1467; baseline 0.001 -22"><span class='ocrx_word' id='word_1_153' title='bbox 143 1398 333 1465; x_wconf 72' lang='grc' dir='ltr'>πηγαὶ</span> <span class='ocrx_word' id='word_1_154' title='bbox 400 1388 648 1467; x_wconf 77' lang='grc' dir='ltr'><strong>δακρύων</strong></span> <span class='ocrx_word' id='word_1_155' title='bbox 701 1399 887 1454; x_wconf 83' lang='grc' dir='ltr'>κακοῖς</span> <span class='ocrx_word' id='word_1_156' title='bbox 932 1394 1205 1455; x_wconf 75' lang='grc' dir='ltr'><strong>τοσούτοις</strong></span> <span class='ocrx_word' id='word_1_157' title='bbox 1265 1391 1577 1467; x_wconf 77' lang='grc' dir='ltr'><strong>ἀρκέσουσιν</strong></span> <span class='ocrx_word' id='word_1_158' title='bbox 1615 1390 1771 1462; x_wconf 67' lang='grc'>(44);</span> 
     </span>
    </p>
   </div>
   <div class='ocr_carea' id='block_1_23' title="bbox 141 1477 1776 1551">
    <p class='ocr_par' dir='ltr' id='par_1_23' title="bbox 141 1477 1776 1551">
     <span class='ocr_line' id='line_1_23' title="bbox 141 1477 1776 1551; baseline -0.002 -16"><span class='ocrx_word' id='word_1_159' title='bbox 141 1482 299 1545; x_wconf 85' lang='grc' dir='ltr'><strong>Ἐως</strong></span> <span class='ocrx_word' id='word_1_160' title='bbox 327 1480 417 1534; x_wconf 76' lang='grc' dir='ltr'><strong>οὖν</strong></span> <span class='ocrx_word' id='word_1_161' title='bbox 444 1483 519 1534; x_wconf 78' lang='grc' dir='ltr'>ἔτι</span> <span class='ocrx_word' id='word_1_162' title='bbox 564 1477 819 1534; x_wconf 87' lang='grc' dir='ltr'>δοκοῦσιν</span> <span class='ocrx_word' id='word_1_163' title='bbox 878 1480 1090 1534; x_wconf 80' lang='grc' dir='ltr'><strong>ἑστάναι</strong></span> <span class='ocrx_word' id='word_1_164' title='bbox 1150 1483 1304 1549; x_wconf 70' lang='grc' dir='ltr'>τινες,</span> <span class='ocrx_word' id='word_1_165' title='bbox 1350 1482 1443 1545; x_wconf 80' lang='grc' dir='ltr'><strong>ἕως</strong></span> <span class='ocrx_word' id='word_1_166' title='bbox 1492 1481 1569 1535; x_wconf 83' lang='grc' dir='ltr'>ἔτι</span> <span class='ocrx_word' id='word_1_167' title='bbox 1621 1482 1776 1551; x_wconf 80' lang='grc' dir='ltr'><strong>ἴχνος</strong></span> 
     </span>
    </p>
   </div>
   <div class='ocr_carea' id='block_1_24' title="bbox 142 1567 1775 1645">
    <p class='ocr_par' dir='ltr' id='par_1_24' title="bbox 142 1567 1775 1645">
     <span class='ocr_line' id='line_1_24' title="bbox 142 1567 1775 1645; baseline -0.002 -20"><span class='ocrx_word' id='word_1_168' title='bbox 142 1579 258 1635; x_wconf 71' lang='grc' dir='ltr'>τῆς</span> <span class='ocrx_word' id='word_1_169' title='bbox 317 1570 546 1632; x_wconf 75' lang='grc' dir='ltr'>παλαιᾶς</span> <span class='ocrx_word' id='word_1_170' title='bbox 604 1572 979 1632; x_wconf 72' lang='grc' dir='ltr'>καταστάσεως</span> <span class='ocrx_word' id='word_1_171' title='bbox 1045 1567 1390 1636; x_wconf 76' lang='grc' dir='ltr'>διασώζεται,</span> <span class='ocrx_word' id='word_1_172' title='bbox 1436 1575 1559 1645; x_wconf 88' lang='grc' dir='ltr'>πρὶν</span> <span class='ocrx_word' id='word_1_173' title='bbox 1612 1571 1775 1623; x_wconf 80' lang='grc' dir='ltr'>τέλεον</span> 
     </span>
    </p>
   </div>
   <div class='ocr_carea' id='block_1_25' title="bbox 140 1659 1777 1734">
    <p class='ocr_par' dir='ltr' id='par_1_25' title="bbox 140 1659 1777 1734">
     <span class='ocr_line' id='line_1_25' title="bbox 140 1659 1777 1734; baseline -0.001 -20"><span class='ocrx_word' id='word_1_174' title='bbox 140 1668 273 1723; x_wconf 85' lang='grc' dir='ltr'>ταῖς</span> <span class='ocrx_word' id='word_1_175' title='bbox 302 1660 648 1722; x_wconf 82' lang='grc' dir='ltr'>Ἐκκλησίαις</span> <span class='ocrx_word' id='word_1_176' title='bbox 690 1659 876 1734; x_wconf 73' lang='grc' dir='ltr'>ἐπέλθῃ</span> <span class='ocrx_word' id='word_1_177' title='bbox 923 1662 1031 1723; x_wconf 77' lang='grc'>(45)</span> <span class='ocrx_word' id='word_1_178' title='bbox 1061 1663 1120 1713; x_wconf 82' lang='grc' dir='ltr'>τὸ</span> <span class='ocrx_word' id='word_1_179' title='bbox 1165 1662 1436 1733; x_wconf 84' lang='grc' dir='ltr'>ναυάγιον,</span> <span class='ocrx_word' id='word_1_180' title='bbox 1495 1659 1777 1734; x_wconf 83' lang='grc' dir='ltr'>ἑπείχθητε</span> 
     </span>
    </p>
   </div>
   <div class='ocr_carea' id='block_1_26' title="bbox 136 1746 1776 1826">
    <p class='ocr_par' dir='ltr' id='par_1_26' title="bbox 136 1746 1776 1826">
     <span class='ocr_line' id='line_1_26' title="bbox 136 1746 1776 1826; baseline -0.002 -21"><span class='ocrx_word' id='word_1_181' title='bbox 136 1755 287 1826; x_wconf 79' lang='grc' dir='ltr'>πρὸς</span> <span class='ocrx_word' id='word_1_182' title='bbox 350 1752 523 1824; x_wconf 73' lang='grc' dir='ltr'>ἡμᾶς,</span> <span class='ocrx_word' id='word_1_183' title='bbox 586 1749 871 1822; x_wconf 76' lang='grc' dir='ltr'>ἐπείχθητε</span> <span class='ocrx_word' id='word_1_184' title='bbox 927 1746 1060 1818; x_wconf 74' lang='grc' dir='ltr'><strong>ἤδη,</strong></span> <span class='ocrx_word' id='word_1_185' title='bbox 1118 1755 1205 1803; x_wconf 84' lang='grc' dir='ltr'><strong>ναὶ</strong></span> <span class='ocrx_word' id='word_1_186' title='bbox 1259 1747 1504 1824; x_wconf 67' lang='grc' dir='ltr'>δεόμεθα,</span> <span class='ocrx_word' id='word_1_187' title='bbox 1562 1746 1776 1823; x_wconf 70' lang='grc' dir='ltr'>ἀδελφοὶ</span> 
     </span>
    </p>
   </div>
   <div class='ocr_carea' id='block_1_27' title="bbox 125 1844 569 1914">
    <p class='ocr_par' dir='ltr' id='par_1_27' title="bbox 125 1844 569 1914">
     <span class='ocr_line' id='line_1_27' title="bbox 125 1844 569 1914; baseline 0.002 -22"><span class='ocrx_word' id='word_1_188' title='bbox 125 1844 521 1914; x_wconf 74' lang='grc' dir='ltr'>γνησιώτατοι</span> <span class='ocrx_word' id='word_1_189' title='bbox 556 1857 569 1871; x_wconf 93' lang='grc'><strong>·</strong></span> 
     </span>
    </p>
   </div>
   <div class='ocr_carea' id='block_1_28' title="bbox 122 1925 1774 2003">
    <p class='ocr_par' dir='ltr' id='par_1_28' title="bbox 122 1925 1774 2003">
     <span class='ocr_line' id='line_1_28' title="bbox 122 1925 1774 2003; baseline -0.002 -21"><span class='ocrx_word' id='word_1_190' title='bbox 122 1931 545 2003; x_wconf 75' lang='grc' dir='ltr'>Συγκινηθήτω</span> <span class='ocrx_word' id='word_1_191' title='bbox 582 1926 660 2001; x_wconf 68' lang='grc' dir='ltr'><strong>ἐφ’</strong></span> <span class='ocrx_word' id='word_1_192' title='bbox 706 1929 834 2000; x_wconf 80' lang='grc' dir='ltr'>ἡμῖν</span> <span class='ocrx_word' id='word_1_193' title='bbox 864 1930 931 1980; x_wconf 77' lang='grc' dir='ltr'>τὰ</span> <span class='ocrx_word' id='word_1_194' title='bbox 976 1925 1236 2001; x_wconf 73' lang='grc' dir='ltr'><strong>ἀδελφικὰ</strong></span> <span class='ocrx_word' id='word_1_195' title='bbox 1272 1930 1414 2001; x_wconf 81' lang='grc' dir='ltr'>ὑμῶν</span> <span class='ocrx_word' id='word_1_196' title='bbox 1469 1928 1774 2000; x_wconf 82' lang='grc' dir='ltr'>σπλάγχνα,</span> 
     </span>
    </p>
   </div>
   <div class='ocr_carea' id='block_1_29' title="bbox 126 2014 1776 2094">
    <p class='ocr_par' dir='ltr' id='par_1_29' title="bbox 126 2014 1776 2094">
     <span class='ocr_line' id='line_1_29' title="bbox 126 2014 1776 2094; baseline -0.002 -21"><span class='ocrx_word' id='word_1_197' title='bbox 126 2022 487 2094; x_wconf 76' lang='grc' dir='ltr'>προχυθήτω</span> <span class='ocrx_word' id='word_1_198' title='bbox 557 2014 769 2092; x_wconf 85' lang='grc' dir='ltr'>δάκρυα</span> <span class='ocrx_word' id='word_1_199' title='bbox 823 2020 1170 2090; x_wconf 75' lang='grc' dir='ltr'><strong>συμπαθείας.</strong></span> <span class='ocrx_word' id='word_1_200' title='bbox 1220 2022 1307 2077; x_wconf 79' lang='grc' dir='ltr'><strong>Μὴ</strong></span> <span class='ocrx_word' id='word_1_201' title='bbox 1376 2014 1649 2092; x_wconf 78' lang='grc' dir='ltr'>περιίδητε</span> <span class='ocrx_word' id='word_1_202' title='bbox 1718 2020 1776 2070; x_wconf 86' lang='grc' dir='ltr'>τὸ</span> 
     </span>
    </p>
   </div>
   <div class='ocr_carea' id='block_1_30' title="bbox 133 2105 1773 2181">
    <p class='ocr_par' dir='ltr' id='par_1_30' title="bbox 133 2105 1773 2181">
     <span class='ocr_line' id='line_1_30' title="bbox 133 2105 1773 2181; baseline -0.001 -21"><span class='ocrx_word' id='word_1_203' title='bbox 133 2112 320 2181; x_wconf 73' lang='grc' dir='ltr'>ἣμισυ</span> <span class='ocrx_word' id='word_1_204' title='bbox 366 2116 467 2170; x_wconf 67' lang='grc' dir='ltr'>τῆς</span> <span class='ocrx_word' id='word_1_205' title='bbox 528 2105 843 2180; x_wconf 77' lang='grc' dir='ltr'><strong>οἰκουμένης</strong></span> <span class='ocrx_word' id='word_1_206' title='bbox 888 2107 989 2159; x_wconf 82' lang='grc' dir='ltr'>ῦπό</span> <span class='ocrx_word' id='word_1_207' title='bbox 1044 2114 1143 2169; x_wconf 86' lang='grc' dir='ltr'>τῆς</span> <span class='ocrx_word' id='word_1_208' title='bbox 1197 2105 1395 2169; x_wconf 79' lang='grc' dir='ltr'>πλάνης</span> <span class='ocrx_word' id='word_1_209' title='bbox 1442 2109 1732 2160; x_wconf 81' lang='grc' dir='ltr'>καταποθέν</span> <span class='ocrx_word' id='word_1_210' title='bbox 1760 2124 1773 2137; x_wconf 89' lang='grc'><strong>·</strong></span> 
     </span>
    </p>
   </div>
   <div class='ocr_carea' id='block_1_31' title="bbox 132 2193 1778 2271">
    <p class='ocr_par' dir='ltr' id='par_1_31' title="bbox 132 2193 1778 2271">
     <span class='ocr_line' id='line_1_31' title="bbox 132 2193 1778 2271; baseline 0 -22"><span class='ocrx_word' id='word_1_211' title='bbox 132 2202 217 2271; x_wconf 69' lang='grc' dir='ltr'>μὴ</span> <span class='ocrx_word' id='word_1_212' title='bbox 280 2195 615 2269; x_wconf 74' lang='grc' dir='ltr'>ἀνάσχησθε</span> <span class='ocrx_word' id='word_1_213' title='bbox 668 2193 1064 2254; x_wconf 78' lang='grc' dir='ltr'>ἀποσϐεσθῆναι</span> <span class='ocrx_word' id='word_1_214' title='bbox 1116 2200 1211 2254; x_wconf 76' lang='grc' dir='ltr'>τὴν</span> <span class='ocrx_word' id='word_1_215' title='bbox 1278 2200 1479 2264; x_wconf 88' lang='grc' dir='ltr'>πίστιν,</span> <span class='ocrx_word' id='word_1_216' title='bbox 1542 2196 1668 2270; x_wconf 86' lang='grc' dir='ltr'>παρ’</span> <span class='ocrx_word' id='word_1_217' title='bbox 1706 2197 1778 2258; x_wconf 84' lang='grc' dir='ltr'><strong>οἷς</strong></span> 
     </span>
    </p>
   </div>
   <div class='ocr_carea' id='block_1_32' title="bbox 134 2280 1780 2360">
    <p class='ocr_par' dir='ltr' id='par_1_32' title="bbox 134 2280 1780 2360">
     <span class='ocr_line' id='line_1_32' title="bbox 134 2280 1780 2360; baseline -0.001 -20"><span class='ocrx_word' id='word_1_218' title='bbox 134 2295 355 2360; x_wconf 78' lang='grc' dir='ltr'>πρῶτον</span> <span class='ocrx_word' id='word_1_219' title='bbox 431 2283 716 2358; x_wconf 73' lang='grc' dir='ltr'>ἐξέλαμψε.</span> <span class='ocrx_word' id='word_1_220' title='bbox 773 2287 838 2338; x_wconf 88' lang='grc' dir='ltr'><strong>Τί</strong></span> <span class='ocrx_word' id='word_1_221' title='bbox 912 2280 1000 2337; x_wconf 78' lang='grc' dir='ltr'>οὖν</span> <span class='ocrx_word' id='word_1_222' title='bbox 1067 2289 1382 2346; x_wconf 73' lang='grc' dir='ltr'>ποιήσαντες</span> <span class='ocrx_word' id='word_1_223' title='bbox 1434 2284 1780 2357; x_wconf 72' lang='grc' dir='ltr'>ἀντιλήψεσθε</span> 
     </span>
    </p>
   </div>
   <div class='ocr_carea' id='block_1_33' title="bbox 132 2373 1779 2450">
    <p class='ocr_par' dir='ltr' id='par_1_33' title="bbox 132 2373 1779 2450">
     <span class='ocr_line' id='line_1_33' title="bbox 132 2373 1779 2450; baseline -0.002 -21"><span class='ocrx_word' id='word_1_224' title='bbox 132 2385 246 2429; x_wconf 81' lang='grc' dir='ltr'>τῶν</span> <span class='ocrx_word' id='word_1_225' title='bbox 299 2376 665 2450; x_wconf 82' lang='grc' dir='ltr'>πραγμάτων,</span> <span class='ocrx_word' id='word_1_226' title='bbox 714 2378 950 2434; x_wconf 80' lang='grc' dir='ltr'>καὶπῶς</span> <span class='ocrx_word' id='word_1_227' title='bbox 986 2376 1045 2426; x_wconf 85' lang='grc' dir='ltr'>τὸ</span> <span class='ocrx_word' id='word_1_228' title='bbox 1102 2376 1234 2448; x_wconf 87' lang='grc' dir='ltr'>πρὸς</span> <span class='ocrx_word' id='word_1_229' title='bbox 1290 2379 1408 2435; x_wconf 77' lang='grc' dir='ltr'>τοὺς</span> <span class='ocrx_word' id='word_1_230' title='bbox 1453 2373 1779 2448; x_wconf 80' lang='grc' dir='ltr'>θλιϐομένους</span> 
     </span>
    </p>
   </div>
   <div class='ocr_carea' id='block_1_34' title="bbox 137 2459 1778 2538">
    <p class='ocr_par' dir='ltr' id='par_1_34' title="bbox 137 2459 1778 2538">
     <span class='ocr_line' id='line_1_34' title="bbox 137 2459 1778 2538; baseline -0.001 -20"><span class='ocrx_word' id='word_1_231' title='bbox 137 2466 439 2538; x_wconf 68' lang='grc' dir='ltr'>συμπαθὲς</span> <span class='ocrx_word' id='word_1_232' title='bbox 506 2459 837 2526; x_wconf 74' lang='grc' dir='ltr'>ἓπιδείξεσθε</span> <span class='ocrx_word' id='word_1_233' title='bbox 891 2463 1023 2534; x_wconf 75' lang='grc'>(46),</span> <span class='ocrx_word' id='word_1_234' title='bbox 1090 2462 1149 2514; x_wconf 71' lang='grc' dir='ltr'><strong>οὔ</strong></span> <span class='ocrx_word' id='word_1_235' title='bbox 1201 2462 1325 2538; x_wconf 81' lang='grc' dir='ltr'>παρ’</span> <span class='ocrx_word' id='word_1_236' title='bbox 1389 2465 1536 2536; x_wconf 77' lang='grc' dir='ltr'>ἡμῶν</span> <span class='ocrx_word' id='word_1_237' title='bbox 1574 2466 1778 2527; x_wconf 84' lang='grc' dir='ltr'>πάντως</span> 
     </span>
    </p>
   </div>
   <div class='ocr_carea' id='block_1_35' title="bbox 144 2549 1778 2626">
    <p class='ocr_par' dir='ltr' id='par_1_35' title="bbox 144 2549 1778 2626">
     <span class='ocr_line' id='line_1_35' title="bbox 144 2549 1778 2626; baseline -0.001 -19"><span class='ocrx_word' id='word_1_238' title='bbox 144 2550 345 2612; x_wconf 66' lang='grc' dir='ltr'>δεήσει</span> <span class='ocrx_word' id='word_1_239' title='bbox 399 2554 589 2626; x_wconf 76' lang='grc' dir='ltr'>μαθεῖν</span> <span class='ocrx_word' id='word_1_240' title='bbox 621 2552 738 2624; x_wconf 73' lang='grc'>(47)</span> <span class='ocrx_word' id='word_1_241' title='bbox 766 2552 967 2624; x_wconf 81' lang='grc' dir='ltr'><strong>,ὑμᾶς-</strong></span> <span class='ocrx_word' id='word_1_242' title='bbox 1026 2549 1133 2604; x_wconf 81' lang='grc' dir='ltr'>ἀλλ’</span> <span class='ocrx_word' id='word_1_243' title='bbox 1164 2551 1286 2605; x_wconf 72' lang='grc' dir='ltr'><strong>οὖτό</strong></span> <span class='ocrx_word' id='word_1_244' title='bbox 1351 2555 1408 2605; x_wconf 87' lang='grc' dir='ltr'>τὸ</span> <span class='ocrx_word' id='word_1_245' title='bbox 1463 2560 1671 2626; x_wconf 81' lang='grc' dir='ltr'>Πνεῦμα</span> <span class='ocrx_word' id='word_1_246' title='bbox 1720 2557 1778 2606; x_wconf 86' lang='grc' dir='ltr'>τὸ</span> 
     </span>
    </p>
   </div>
   <div class='ocr_carea' id='block_1_36' title="bbox 151 2640 1781 2718">
    <p class='ocr_par' dir='ltr' id='par_1_36' title="bbox 151 2640 1781 2718">
     <span class='ocr_line' id='line_1_36' title="bbox 151 2640 1781 2718; baseline 0 -23"><span class='ocrx_word' id='word_1_247' title='bbox 151 2642 317 2714; x_wconf 78' lang='grc' dir='ltr'>ἅγιον</span> <span class='ocrx_word' id='word_1_248' title='bbox 382 2643 508 2715; x_wconf 71' lang='grc' dir='ltr'>ὑμῖν</span> <span class='ocrx_word' id='word_1_249' title='bbox 552 2642 899 2699; x_wconf 75' lang='grc' dir='ltr'>ὑποθήσεται.</span> <span class='ocrx_word' id='word_1_250' title='bbox 946 2640 1085 2700; x_wconf 76' lang='grc' dir='ltr'><strong>Πλήν</strong></span> <span class='ocrx_word' id='word_1_251' title='bbox 1131 2661 1191 2712; x_wconf 84' lang='grc' dir='ltr'><strong>γε</strong></span> <span class='ocrx_word' id='word_1_252' title='bbox 1248 2641 1329 2694; x_wconf 86' lang='grc' dir='ltr'>ὃτι</span> <span class='ocrx_word' id='word_1_253' title='bbox 1365 2644 1569 2714; x_wconf 88' lang='grc' dir='ltr'>τάχους</span> <span class='ocrx_word' id='word_1_254' title='bbox 1619 2647 1781 2718; x_wconf 83' lang='grc' dir='ltr'>χρεία</span> 
     </span>
    </p>
   </div>
   <div class='ocr_carea' id='block_1_37' title="bbox 152 2730 1780 2807">
    <p class='ocr_par' dir='ltr' id='par_1_37' title="bbox 152 2730 1780 2807">
     <span class='ocr_line' id='line_1_37' title="bbox 152 2730 1780 2807; baseline -0.001 -22"><span class='ocrx_word' id='word_1_255' title='bbox 152 2734 304 2806; x_wconf 78' lang='grc' dir='ltr'>πρὸς</span> <span class='ocrx_word' id='word_1_256' title='bbox 346 2735 410 2783; x_wconf 82' lang='grc' dir='ltr'>τὸ</span> <span class='ocrx_word' id='word_1_257' title='bbox 446 2731 849 2803; x_wconf 74' lang='grc' dir='ltr'>περισώσασθαι</span> <span class='ocrx_word' id='word_1_258' title='bbox 893 2734 1016 2793; x_wconf 81' lang='grc' dir='ltr'>τοὺς</span> <span class='ocrx_word' id='word_1_259' title='bbox 1044 2730 1476 2805; x_wconf 70' lang='grc' dir='ltr'>περιλείφθέντας,</span> <span class='ocrx_word' id='word_1_260' title='bbox 1522 2736 1613 2784; x_wconf 84' lang='grc' dir='ltr'><strong>καὶ</strong></span> <span class='ocrx_word' id='word_1_261' title='bbox 1650 2751 1780 2807; x_wconf 87' lang='grc' dir='ltr'>παρ-</span> 
     </span>
    </p>
   </div>
   <div class='ocr_carea' id='block_1_38' title="bbox 153 2814 1781 2894">
    <p class='ocr_par' dir='ltr' id='par_1_38' title="bbox 153 2814 1781 2894">
     <span class='ocr_line' id='line_1_38' title="bbox 153 2814 1781 2894; baseline -0.001 -22"><span class='ocrx_word' id='word_1_262' title='bbox 153 2822 365 2880; x_wconf 86' lang='grc' dir='ltr'>ουσίας</span> <span class='ocrx_word' id='word_1_263' title='bbox 419 2814 641 2890; x_wconf 64' lang='grc' dir='ltr'><strong>ἀδελφῶν</strong></span> <span class='ocrx_word' id='word_1_264' title='bbox 690 2817 957 2886; x_wconf 76' lang='grc' dir='ltr'>πλειόνων,</span> <span class='ocrx_word' id='word_1_265' title='bbox 1013 2819 1149 2870; x_wconf 82' lang='grc' dir='ltr'>ὥστε</span> <span class='ocrx_word' id='word_1_266' title='bbox 1199 2818 1458 2894; x_wconf 78' lang='grc' dir='ltr'>πλήρωμα</span> <span class='ocrx_word' id='word_1_267' title='bbox 1489 2817 1618 2872; x_wconf 85' lang='grc' dir='ltr'>εἶναι</span> <span class='ocrx_word' id='word_1_268' title='bbox 1663 2839 1781 2871; x_wconf 89' lang='grc' dir='ltr'>συν-</span> 
     </span>
    </p>
   </div>
   <div class='ocr_carea' id='block_1_39' title="bbox 155 2903 1780 2980">
    <p class='ocr_par' dir='ltr' id='par_1_39' title="bbox 155 2903 1780 2980">
     <span class='ocr_line' id='line_1_39' title="bbox 155 2903 1780 2980; baseline -0.001 -19"><span class='ocrx_word' id='word_1_269' title='bbox 155 2904 307 2961; x_wconf 80' lang='grc' dir='ltr'>όδου</span> <span class='ocrx_word' id='word_1_270' title='bbox 364 2910 484 2967; x_wconf 76' lang='grc' dir='ltr'>τοὺς</span> <span class='ocrx_word' id='word_1_271' title='bbox 518 2903 925 2980; x_wconf 73' lang='grc' dir='ltr'>ἐπιδημοῦντας,</span> <span class='ocrx_word' id='word_1_272' title='bbox 988 2906 1072 2960; x_wconf 79' lang='grc' dir='ltr'>ἵνα</span> <span class='ocrx_word' id='word_1_273' title='bbox 1125 2911 1198 2979; x_wconf 78' lang='grc' dir='ltr'>μὴ</span> <span class='ocrx_word' id='word_1_274' title='bbox 1254 2910 1407 2980; x_wconf 85' lang='grc' dir='ltr'>μόνον</span> <span class='ocrx_word' id='word_1_275' title='bbox 1445 2906 1501 2960; x_wconf 81' lang='grc' dir='ltr'>ἐκ</span> <span class='ocrx_word' id='word_1_276' title='bbox 1556 2916 1650 2970; x_wconf 84' lang='grc' dir='ltr'>τῆς</span> <span class='ocrx_word' id='word_1_277' title='bbox 1682 2916 1780 2960; x_wconf 84' lang='grc' dir='ltr'>τῶν</span> 
     </span>
    </p>
   </div>
   <div class='ocr_carea' id='block_1_40' title="bbox 153 2993 1781 3069">
    <p class='ocr_par' dir='ltr' id='par_1_40' title="bbox 153 2993 1781 3069">
     <span class='ocr_line' id='line_1_40' title="bbox 153 2993 1781 3069; baseline -0.001 -19"><span class='ocrx_word' id='word_1_278' title='bbox 153 2995 586 3050; x_wconf 73' lang='grc' dir='ltr'>ἀποστειλάντων</span> <span class='ocrx_word' id='word_1_279' title='bbox 642 2998 977 3069; x_wconf 77' lang='grc' dir='ltr'>σεμνότητος,</span> <span class='ocrx_word' id='word_1_280' title='bbox 1028 2993 1156 3048; x_wconf 78' lang='grc' dir='ltr'>ἀλλὰ</span> <span class='ocrx_word' id='word_1_281' title='bbox 1193 3000 1284 3048; x_wconf 87' lang='grc' dir='ltr'><strong>καὶ</strong></span> <span class='ocrx_word' id='word_1_282' title='bbox 1338 2994 1394 3048; x_wconf 76' lang='grc' dir='ltr'>ἐκ</span> <span class='ocrx_word' id='word_1_283' title='bbox 1441 3004 1534 3050; x_wconf 86' lang='grc' dir='ltr'><strong>τοῦ</strong></span> <span class='ocrx_word' id='word_1_284' title='bbox 1590 2997 1781 3050; x_wconf 77' lang='grc' dir='ltr'>οἰκείου</span> 
     </span>
    </p>
   </div>
   <div class='ocr_carea' id='block_1_41' title="bbox 153 3081 1784 3162">
    <p class='ocr_par' dir='ltr' id='par_1_41' title="bbox 153 3081 1784 3162">
     <span class='ocr_line' id='line_1_41' title="bbox 153 3081 1784 3162; baseline 0 -23"><span class='ocrx_word' id='word_1_285' title='bbox 153 3086 401 3162; x_wconf 73' lang='grc' dir='ltr'>ἀριθμοῦ</span> <span class='ocrx_word' id='word_1_286' title='bbox 440 3089 498 3138; x_wconf 85' lang='grc' dir='ltr'>τό</span> <span class='ocrx_word' id='word_1_287' title='bbox 525 3084 833 3148; x_wconf 81' lang='grc' dir='ltr'>ἀξιόπιστον</span> <span class='ocrx_word' id='word_1_288' title='bbox 885 3086 1085 3157; x_wconf 78' lang='grc' dir='ltr'><strong>ἔχωσιν</strong></span> <span class='ocrx_word' id='word_1_289' title='bbox 1125 3084 1198 3148; x_wconf 87' lang='grc' dir='ltr'><strong>εἰς</strong></span> <span class='ocrx_word' id='word_1_290' title='bbox 1224 3081 1510 3161; x_wconf 75' lang='grc' dir='ltr'><strong>διόρθωσιν</strong></span> <span class='ocrx_word' id='word_1_291' title='bbox 1542 3101 1556 3115; x_wconf 79' lang='grc'><strong><em>⁸</em></strong></span> <span class='ocrx_word' id='word_1_292' title='bbox 1607 3084 1655 3138; x_wconf 80' lang='grc' dir='ltr'><strong>οἱ</strong></span> <span class='ocrx_word' id='word_1_293' title='bbox 1692 3090 1784 3139; x_wconf 86' lang='grc' dir='ltr'><strong>καὶ</strong></span> 
     </span>
    </p>
   </div>
   <div class='ocr_carea' id='block_1_42' title="bbox 653 1822 1849 1913">
    <p class='ocr_par' dir='ltr' id='par_1_42' title="bbox 653 1822 1849 1913">
     <span class='ocr_line' id='line_1_42' title="bbox 653 1822 1849 1913; baseline -0.002 -21"><span class='ocrx_word' id='word_1_294' title='bbox 653 1835 774 1892; x_wconf 86' lang='grc' dir='ltr'>δότε</span> <span class='ocrx_word' id='word_1_295' title='bbox 846 1846 1008 1913; x_wconf 88' lang='grc' dir='ltr'>χεῖρα</span> <span class='ocrx_word' id='word_1_296' title='bbox 1061 1847 1171 1901; x_wconf 87' lang='grc' dir='ltr'>τοῖς</span> <span class='ocrx_word' id='word_1_297' title='bbox 1230 1839 1301 1902; x_wconf 80' lang='grc' dir='ltr'><strong>εἰς</strong></span> <span class='ocrx_word' id='word_1_298' title='bbox 1352 1822 1480 1912; x_wconf 78' lang='grc' dir='ltr'>γόνυ</span> <span class='ocrx_word' id='word_1_299' title='bbox 1528 1822 1773 1894; x_wconf 86' lang='grc' dir='ltr'>κλιθεῖσι.</span> <span class='ocrx_word' id='word_1_300' title='bbox 1809 1822 1849 1876; x_wconf 75' lang='grc' dir='ltr'><strong>Β</strong></span> 
     </span>
    </p>
   </div>
   <div class='ocr_carea' id='block_1_43' title="bbox 1956 1302 3547 1378">
    <p class='ocr_par' dir='ltr' id='par_1_43' title="bbox 1956 1302 3547 1378">
     <span class='ocr_line' id='line_1_43' title="bbox 1956 1302 3547 1378; baseline 0.003 -19"><span class='ocrx_word' id='word_1_301' title='bbox 1956 1305 2009 1359; x_wconf 89' lang='lat'><strong>3.</strong></span> <span class='ocrx_word' id='word_1_302' title='bbox 2064 1302 2206 1365; x_wconf 80' lang='lat' dir='ltr'><strong>Quae</strong></span> <span class='ocrx_word' id='word_1_303' title='bbox 2250 1305 2603 1363; x_wconf 81' lang='lat' dir='ltr'><strong>lamentatio</strong></span> <span class='ocrx_word' id='word_1_304' title='bbox 2639 1305 2734 1361; x_wconf 87' lang='lat' dir='ltr'><strong>his</strong></span> <span class='ocrx_word' id='word_1_305' title='bbox 2793 1305 3240 1363; x_wconf 82' lang='lat' dir='ltr'><strong>calamitatibus</strong></span> <span class='ocrx_word' id='word_1_306' title='bbox 3302 1305 3489 1378; x_wconf 85' lang='lat' dir='ltr'><strong>digna</strong></span> <span class='ocrx_word' id='word_1_307' title='bbox 3518 1308 3547 1363; x_wconf 78' lang='grc' dir='ltr'><strong>τ</strong></span> 
     </span>
    </p>
   </div>
   <div class='ocr_carea' id='block_1_44' title="bbox 1885 1391 3547 1468">
    <p class='ocr_par' dir='ltr' id='par_1_44' title="bbox 1885 1391 3547 1468">
     <span class='ocr_line' id='line_1_44' title="bbox 1885 1391 3547 1468; baseline 0.003 -21"><span class='ocrx_word' id='word_1_308' title='bbox 1885 1391 2096 1463; x_wconf 89' lang='lat' dir='ltr'><strong>quales</strong></span> <span class='ocrx_word' id='word_1_309' title='bbox 2123 1393 2535 1466; x_wconf 87' lang='lat' dir='ltr'><strong>lacrymarum</strong></span> <span class='ocrx_word' id='word_1_310' title='bbox 2564 1394 2758 1452; x_wconf 88' lang='lat' dir='ltr'><strong>fontes</strong></span> <span class='ocrx_word' id='word_1_311' title='bbox 2786 1394 2881 1451; x_wconf 89' lang='lat' dir='ltr'><strong>his</strong></span> <span class='ocrx_word' id='word_1_312' title='bbox 2917 1394 3091 1451; x_wconf 85' lang='lat' dir='ltr'><strong>malis</strong></span> <span class='ocrx_word' id='word_1_313' title='bbox 3121 1409 3301 1468; x_wconf 90' lang='lat' dir='ltr'><strong>pares</strong></span> <span class='ocrx_word' id='word_1_314' title='bbox 3333 1394 3547 1452; x_wconf 83' lang='lat' dir='ltr'><strong>erunt?</strong></span> 
     </span>
    </p>
   </div>
   <div class='ocr_carea' id='block_1_45' title="bbox 1885 1483 3547 1555">
    <p class='ocr_par' dir='ltr' id='par_1_45' title="bbox 1885 1483 3547 1555">
     <span class='ocr_line' id='line_1_45' title="bbox 1885 1483 3547 1555; baseline 0.003 -19"><span class='ocrx_word' id='word_1_315' title='bbox 1885 1483 2113 1551; x_wconf 83' lang='lat' dir='ltr'><strong>Itaque,</strong></span> <span class='ocrx_word' id='word_1_316' title='bbox 2136 1483 2285 1541; x_wconf 93' lang='lat' dir='ltr'><strong>dum</strong></span> <span class='ocrx_word' id='word_1_317' title='bbox 2326 1484 2525 1542; x_wconf 86' lang='lat' dir='ltr'><strong>adhuc</strong></span> <span class='ocrx_word' id='word_1_318' title='bbox 2551 1484 2826 1541; x_wconf 88' lang='lat' dir='ltr'><strong>nonnulli</strong></span> <span class='ocrx_word' id='word_1_319' title='bbox 2856 1484 3132 1541; x_wconf 88' lang='lat' dir='ltr'><strong>videntur</strong></span> <span class='ocrx_word' id='word_1_320' title='bbox 3167 1488 3350 1555; x_wconf 88' lang='lat' dir='ltr'><strong>stare,</strong></span> <span class='ocrx_word' id='word_1_321' title='bbox 3396 1484 3547 1541; x_wconf 90' lang='lat' dir='ltr'><strong>dum</strong></span> 
     </span>
    </p>
   </div>
   <div class='ocr_carea' id='block_1_46' title="bbox 1885 1570 3548 1647">
    <p class='ocr_par' dir='ltr' id='par_1_46' title="bbox 1885 1570 3548 1647">
     <span class='ocr_line' id='line_1_46' title="bbox 1885 1570 3548 1647; baseline 0.002 -20"><span class='ocrx_word' id='word_1_322' title='bbox 1885 1570 2086 1629; x_wconf 89' lang='lat' dir='ltr'><strong>adhuc</strong></span> <span class='ocrx_word' id='word_1_323' title='bbox 2100 1574 2311 1630; x_wconf 84' lang='lat' dir='ltr'><strong>veteris</strong></span> <span class='ocrx_word' id='word_1_324' title='bbox 2333 1577 2523 1631; x_wconf 87' lang='lat' dir='ltr'><strong>status</strong></span> <span class='ocrx_word' id='word_1_325' title='bbox 2545 1575 2865 1646; x_wconf 83' lang='lat' dir='ltr'><strong>vestigium</strong></span> <span class='ocrx_word' id='word_1_326' title='bbox 2887 1573 3548 1647; x_wconf 87' lang='lat' dir='ltr'><strong>servatur,priusquam</strong></span> 
     </span>
    </p>
   </div>
   <div class='ocr_carea' id='block_1_47' title="bbox 1887 1660 3553 1737">
    <p class='ocr_par' dir='ltr' id='par_1_47' title="bbox 1887 1660 3553 1737">
     <span class='ocr_line' id='line_1_47' title="bbox 1887 1660 3553 1737; baseline 0.002 -21"><span class='ocrx_word' id='word_1_327' title='bbox 1887 1660 2262 1719; x_wconf 90' lang='lat' dir='ltr'><strong>cumulatum</strong></span> <span class='ocrx_word' id='word_1_328' title='bbox 2294 1663 2563 1720; x_wconf 86' lang='lat' dir='ltr'><strong>Ecclesiis</strong></span> <span class='ocrx_word' id='word_1_329' title='bbox 2585 1662 2967 1737; x_wconf 74' lang='lat' dir='ltr'><strong>superveniat</strong></span> <span class='ocrx_word' id='word_1_330' title='bbox 2981 1661 3553 1734; x_wconf 80' lang='lat' dir='ltr'><strong>naufragium,festi-</strong></span> 
     </span>
    </p>
   </div>
   <div class='ocr_carea' id='block_1_48' title="bbox 1887 1750 3551 1826">
    <p class='ocr_par' dir='ltr' id='par_1_48' title="bbox 1887 1750 3551 1826">
     <span class='ocr_line' id='line_1_48' title="bbox 1887 1750 3551 1826; baseline 0.001 -21"><span class='ocrx_word' id='word_1_331' title='bbox 1887 1753 2024 1807; x_wconf 84' lang='lat' dir='ltr'><strong>nate</strong></span> <span class='ocrx_word' id='word_1_332' title='bbox 2072 1750 2153 1807; x_wconf 91' lang='lat' dir='ltr'><strong>ad</strong></span> <span class='ocrx_word' id='word_1_333' title='bbox 2196 1768 2329 1821; x_wconf 89' lang='lat' dir='ltr'><strong>nos,</strong></span> <span class='ocrx_word' id='word_1_334' title='bbox 2352 1752 2482 1824; x_wconf 91' lang='lat' dir='ltr'><strong>jam</strong></span> <span class='ocrx_word' id='word_1_335' title='bbox 2508 1751 2802 1821; x_wconf 83' lang='lat' dir='ltr'><strong>festinate,</strong></span> <span class='ocrx_word' id='word_1_336' title='bbox 2854 1752 2934 1809; x_wconf 89' lang='lat' dir='ltr'><strong>ita</strong></span> <span class='ocrx_word' id='word_1_337' title='bbox 2962 1767 3306 1826; x_wconf 85' lang='lat' dir='ltr'><strong>precamur,</strong></span> <span class='ocrx_word' id='word_1_338' title='bbox 3337 1750 3551 1810; x_wconf 80' lang='lat' dir='ltr'><strong>fratres</strong></span> 
     </span>
    </p>
   </div>
   <div class='ocr_carea' id='block_1_49' title="bbox 1889 1840 3549 1915">
    <p class='ocr_par' dir='ltr' id='par_1_49' title="bbox 1889 1840 3549 1915">
     <span class='ocr_line' id='line_1_49' title="bbox 1889 1840 3549 1915; baseline 0.001 -20"><span class='ocrx_word' id='word_1_339' title='bbox 1889 1840 2331 1909; x_wconf 86' lang='lat' dir='ltr'><strong>germanissimi</strong></span> <span class='ocrx_word' id='word_1_340' title='bbox 2357 1856 2370 1898; x_wconf 90' lang='lat'><strong>:</strong></span> <span class='ocrx_word' id='word_1_341' title='bbox 2395 1841 2457 1898; x_wconf 91' lang='lat' dir='ltr'><strong>in</strong></span> <span class='ocrx_word' id='word_1_342' title='bbox 2479 1857 2680 1912; x_wconf 86' lang='lat' dir='ltr'><strong>genua</strong></span> <span class='ocrx_word' id='word_1_343' title='bbox 2707 1840 3041 1915; x_wconf 84' lang='lat' dir='ltr'><strong>provolutis</strong></span> <span class='ocrx_word' id='word_1_344' title='bbox 3066 1856 3322 1898; x_wconf 89' lang='lat' dir='ltr'><strong>manum</strong></span> <span class='ocrx_word' id='word_1_345' title='bbox 3353 1840 3549 1914; x_wconf 88' lang='lat' dir='ltr'><strong>porri-</strong></span> 
     </span>
    </p>
   </div>
   <div class='ocr_carea' id='block_1_50' title="bbox 1890 1928 3651 1998">
    <p class='ocr_par' dir='ltr' id='par_1_50' title="bbox 1890 1928 3651 1998">
     <span class='ocr_line' id='line_1_50' title="bbox 1890 1928 3651 1998; baseline 0.002 -14"><span class='ocrx_word' id='word_1_346' title='bbox 1890 1928 2318 1998; x_wconf 85' lang='lat' dir='ltr'><strong>gite.Fraterna</strong></span> <span class='ocrx_word' id='word_1_347' title='bbox 2339 1935 2536 1988; x_wconf 89' lang='lat' dir='ltr'><strong>vestra</strong></span> <span class='ocrx_word' id='word_1_348' title='bbox 2561 1931 2790 1988; x_wconf 82' lang='lat' dir='ltr'><strong>viscera</strong></span> <span class='ocrx_word' id='word_1_349' title='bbox 2816 1934 3317 1987; x_wconf 86' lang='lat' dir='ltr'><strong>commoveantur</strong></span> <span class='ocrx_word' id='word_1_350' title='bbox 3344 1932 3552 1987; x_wconf 88' lang='lat' dir='ltr'><strong>nostra</strong></span> <span class='ocrx_word' id='word_1_351' title='bbox 3642 1946 3651 1958; x_wconf 81' lang='grc'><em>’</em></span> 
     </span>
    </p>
   </div>
   <div class='ocr_carea' id='block_1_51' title="bbox 1889 2018 3549 2092">
    <p class='ocr_par' dir='ltr' id='par_1_51' title="bbox 1889 2018 3549 2092">
     <span class='ocr_line' id='line_1_51' title="bbox 1889 2018 3549 2092; baseline 0.003 -18"><span class='ocrx_word' id='word_1_352' title='bbox 1889 2034 2093 2084; x_wconf 88' lang='lat' dir='ltr'><strong>causa,</strong></span> <span class='ocrx_word' id='word_1_353' title='bbox 2152 2018 2598 2091; x_wconf 77' lang='lat' dir='ltr'><strong>profunduntur</strong></span> <span class='ocrx_word' id='word_1_354' title='bbox 2655 2020 2941 2092; x_wconf 75' lang='lat' dir='ltr'><strong>lacrymae</strong></span> <span class='ocrx_word' id='word_1_355' title='bbox 2981 2018 3549 2079; x_wconf 87' lang='lat' dir='ltr'><strong>commiserationis.</strong></span> 
     </span>
    </p>
   </div>
   <div class='ocr_carea' id='block_1_52' title="bbox 1889 2104 3552 2179">
    <p class='ocr_par' dir='ltr' id='par_1_52' title="bbox 1889 2104 3552 2179">
     <span class='ocr_line' id='line_1_52' title="bbox 1889 2104 3552 2179; baseline 0.001 -18"><span class='ocrx_word' id='word_1_356' title='bbox 1889 2104 2138 2161; x_wconf 85' lang='lat' dir='ltr'><strong>Mediam</strong></span> <span class='ocrx_word' id='word_1_357' title='bbox 2161 2105 2322 2161; x_wconf 87' lang='lat' dir='ltr'><strong>orbis</strong></span> <span class='ocrx_word' id='word_1_358' title='bbox 2349 2112 2584 2179; x_wconf 84' lang='lat' dir='ltr'><strong>partem</strong></span> <span class='ocrx_word' id='word_1_359' title='bbox 2613 2106 2692 2163; x_wconf 88' lang='lat' dir='ltr'><strong>ab</strong></span> <span class='ocrx_word' id='word_1_360' title='bbox 2714 2122 2914 2163; x_wconf 91' lang='lat' dir='ltr'><strong>errore</strong></span> <span class='ocrx_word' id='word_1_361' title='bbox 2943 2105 3255 2162; x_wconf 87' lang='lat' dir='ltr'><strong>absorberi</strong></span> <span class='ocrx_word' id='word_1_362' title='bbox 3286 2122 3360 2163; x_wconf 91' lang='lat' dir='ltr'><strong>ne</strong></span> <span class='ocrx_word' id='word_1_363' title='bbox 3400 2105 3552 2162; x_wconf 88' lang='lat' dir='ltr'><strong>sina-</strong></span> 
     </span>
    </p>
   </div>
   <div class='ocr_carea' id='block_1_53' title="bbox 1890 2193 3554 2270">
    <p class='ocr_par' dir='ltr' id='par_1_53' title="bbox 1890 2193 3554 2270">
     <span class='ocr_line' id='line_1_53' title="bbox 1890 2193 3554 2270; baseline 0.002 -20"><span class='ocrx_word' id='word_1_364' title='bbox 1890 2193 1962 2250; x_wconf 89' lang='lat' dir='ltr'><strong>tis</strong></span> <span class='ocrx_word' id='word_1_365' title='bbox 1993 2210 2006 2248; x_wconf 92' lang='lat'><strong>:</strong></span> <span class='ocrx_word' id='word_1_366' title='bbox 2036 2210 2145 2251; x_wconf 89' lang='lat' dir='ltr'><strong>nec</strong></span> <span class='ocrx_word' id='word_1_367' title='bbox 2173 2195 2356 2252; x_wconf 82' lang='lat' dir='ltr'><strong>fidem</strong></span> <span class='ocrx_word' id='word_1_368' title='bbox 2408 2196 2574 2270; x_wconf 90' lang='lat' dir='ltr'><strong>apud</strong></span> <span class='ocrx_word' id='word_1_369' title='bbox 2618 2212 2725 2254; x_wconf 92' lang='lat' dir='ltr'><strong>eos</strong></span> <span class='ocrx_word' id='word_1_370' title='bbox 2779 2195 2981 2252; x_wconf 88' lang='lat' dir='ltr'><strong>feratis</strong></span> <span class='ocrx_word' id='word_1_371' title='bbox 3021 2195 3344 2266; x_wconf 86' lang='lat' dir='ltr'><strong>exstingui,</strong></span> <span class='ocrx_word' id='word_1_372' title='bbox 3386 2196 3554 2268; x_wconf 92' lang='lat' dir='ltr'><strong>apud</strong></span> 
     </span>
    </p>
   </div>
   <div class='ocr_carea' id='block_1_54' title="bbox 1888 2284 3553 2358">
    <p class='ocr_par' dir='ltr' id='par_1_54' title="bbox 1888 2284 3553 2358">
     <span class='ocr_line' id='line_1_54' title="bbox 1888 2284 3553 2358; baseline 0.003 -20"><span class='ocrx_word' id='word_1_373' title='bbox 1888 2299 2044 2355; x_wconf 91' lang='lat' dir='ltr'><strong>quos</strong></span> <span class='ocrx_word' id='word_1_374' title='bbox 2065 2284 2331 2357; x_wconf 89' lang='lat' dir='ltr'><strong>primum</strong></span> <span class='ocrx_word' id='word_1_375' title='bbox 2361 2285 2570 2343; x_wconf 87' lang='lat' dir='ltr'><strong>illuxit.</strong></span> <span class='ocrx_word' id='word_1_376' title='bbox 2605 2286 2761 2352; x_wconf 87' lang='lat' dir='ltr'><strong>Quid</strong></span> <span class='ocrx_word' id='word_1_377' title='bbox 2786 2285 2967 2356; x_wconf 86' lang='lat' dir='ltr'><strong>igitur</strong></span> <span class='ocrx_word' id='word_1_378' title='bbox 2991 2285 3151 2342; x_wconf 85' lang='lat' dir='ltr'><strong>facto</strong></span> <span class='ocrx_word' id='word_1_379' title='bbox 3172 2302 3326 2358; x_wconf 90' lang='lat' dir='ltr'><strong>opus</strong></span> <span class='ocrx_word' id='word_1_380' title='bbox 3357 2285 3453 2352; x_wconf 90' lang='lat' dir='ltr'><strong>sit,</strong></span> <span class='ocrx_word' id='word_1_381' title='bbox 3486 2288 3553 2343; x_wconf 90' lang='lat' dir='ltr'><strong>ut</strong></span> 
     </span>
    </p>
   </div>
   <div class='ocr_carea' id='block_1_55' title="bbox 1887 2372 3550 2447">
    <p class='ocr_par' dir='ltr' id='par_1_55' title="bbox 1887 2372 3550 2447">
     <span class='ocr_line' id='line_1_55' title="bbox 1887 2372 3550 2447; baseline 0.002 -19"><span class='ocrx_word' id='word_1_382' title='bbox 1887 2372 2070 2428; x_wconf 89' lang='lat' dir='ltr'><strong>rebus</strong></span> <span class='ocrx_word' id='word_1_383' title='bbox 2097 2375 2317 2435; x_wconf 86' lang='lat' dir='ltr'><strong>nostris</strong></span> <span class='ocrx_word' id='word_1_384' title='bbox 2340 2374 2799 2443; x_wconf 90' lang='lat' dir='ltr'><strong>subveniatis,et</strong></span> <span class='ocrx_word' id='word_1_385' title='bbox 2826 2373 3139 2447; x_wconf 92' lang='lat' dir='ltr'><strong>quomodo</strong></span> <span class='ocrx_word' id='word_1_386' title='bbox 3162 2373 3550 2431; x_wconf 87' lang='lat' dir='ltr'><strong>commisera-</strong></span> 
     </span>
    </p>
   </div>
   <div class='ocr_carea' id='block_1_56' title="bbox 1888 2461 3558 2535">
    <p class='ocr_par' dir='ltr' id='par_1_56' title="bbox 1888 2461 3558 2535">
     <span class='ocr_line' id='line_1_56' title="bbox 1888 2461 3558 2535; baseline 0.002 -18"><span class='ocrx_word' id='word_1_387' title='bbox 1888 2461 2112 2519; x_wconf 88' lang='lat' dir='ltr'><strong>tionem</strong></span> <span class='ocrx_word' id='word_1_388' title='bbox 2139 2463 2468 2520; x_wconf 87' lang='lat' dir='ltr'><strong>ostendatis</strong></span> <span class='ocrx_word' id='word_1_389' title='bbox 2516 2480 2660 2535; x_wconf 89' lang='lat' dir='ltr'><strong>erga</strong></span> <span class='ocrx_word' id='word_1_390' title='bbox 2698 2463 3030 2534; x_wconf 82' lang='lat' dir='ltr'><strong>divexatos,</strong></span> <span class='ocrx_word' id='word_1_391' title='bbox 3070 2464 3239 2520; x_wconf 88' lang='lat' dir='ltr'><strong>nullo</strong></span> <span class='ocrx_word' id='word_1_392' title='bbox 3283 2463 3469 2521; x_wconf 92' lang='lat' dir='ltr'><strong>modo</strong></span> <span class='ocrx_word' id='word_1_393' title='bbox 3520 2479 3558 2520; x_wconf 88' lang='lat' dir='ltr'><strong>a</strong></span> 
     </span>
    </p>
   </div>
   <div class='ocr_carea' id='block_1_57' title="bbox 1889 2550 3557 2626">
    <p class='ocr_par' dir='ltr' id='par_1_57' title="bbox 1889 2550 3557 2626">
     <span class='ocr_line' id='line_1_57' title="bbox 1889 2550 3557 2626; baseline 0.001 -20"><span class='ocrx_word' id='word_1_394' title='bbox 1889 2550 2065 2607; x_wconf 89' lang='lat' dir='ltr'><strong>nobis</strong></span> <span class='ocrx_word' id='word_1_395' title='bbox 2098 2568 2340 2609; x_wconf 85' lang='lat' dir='ltr'><strong>necesse</strong></span> <span class='ocrx_word' id='word_1_396' title='bbox 2370 2554 2478 2610; x_wconf 87' lang='lat' dir='ltr'><strong>erit</strong></span> <span class='ocrx_word' id='word_1_397' title='bbox 2506 2570 2615 2610; x_wconf 84' lang='lat' dir='ltr'><strong>vos</strong></span> <span class='ocrx_word' id='word_1_398' title='bbox 2645 2552 2874 2610; x_wconf 86' lang='lat' dir='ltr'><strong>discere</strong></span> <span class='ocrx_word' id='word_1_399' title='bbox 2909 2572 2922 2610; x_wconf 90' lang='lat'><strong>:</strong></span> <span class='ocrx_word' id='word_1_400' title='bbox 2966 2553 3073 2610; x_wconf 88' lang='lat' dir='ltr'><strong>sed</strong></span> <span class='ocrx_word' id='word_1_401' title='bbox 3128 2557 3373 2610; x_wconf 85' lang='lat' dir='ltr'><strong>sanctus</strong></span> <span class='ocrx_word' id='word_1_402' title='bbox 3426 2552 3557 2626; x_wconf 89' lang='lat' dir='ltr'><strong>ipse</strong></span> 
     </span>
    </p>
   </div>
   <div class='ocr_carea' id='block_1_58' title="bbox 1892 2639 3557 2716">
    <p class='ocr_par' dir='ltr' id='par_1_58' title="bbox 1892 2639 3557 2716">
     <span class='ocr_line' id='line_1_58' title="bbox 1892 2639 3557 2716; baseline 0.001 -19"><span class='ocrx_word' id='word_1_403' title='bbox 1892 2639 2146 2712; x_wconf 88' lang='lat' dir='ltr'><strong>Spiritus</strong></span> <span class='ocrx_word' id='word_1_404' title='bbox 2192 2641 2366 2697; x_wconf 90' lang='lat' dir='ltr'><strong>vobis</strong></span> <span class='ocrx_word' id='word_1_405' title='bbox 2422 2646 2721 2713; x_wconf 84' lang='lat' dir='ltr'><strong>suggeret.</strong></span> <span class='ocrx_word' id='word_1_406' title='bbox 2757 2646 2827 2698; x_wconf 80' lang='lat' dir='ltr'><strong>At</strong></span> <span class='ocrx_word' id='word_1_407' title='bbox 2855 2646 3011 2699; x_wconf 91' lang='lat' dir='ltr'><strong>certe</strong></span> <span class='ocrx_word' id='word_1_408' title='bbox 3059 2641 3359 2700; x_wconf 88' lang='lat' dir='ltr'><strong>celeritate</strong></span> <span class='ocrx_word' id='word_1_409' title='bbox 3400 2658 3557 2716; x_wconf 88' lang='lat' dir='ltr'><strong>opus</strong></span> 
     </span>
    </p>
   </div>
   <div class='ocr_carea' id='block_1_59' title="bbox 1891 2729 3555 2805">
    <p class='ocr_par' dir='ltr' id='par_1_59' title="bbox 1891 2729 3555 2805">
     <span class='ocr_line' id='line_1_59' title="bbox 1891 2729 3555 2805; baseline 0.001 -20"><span class='ocrx_word' id='word_1_410' title='bbox 1891 2733 1983 2785; x_wconf 84' lang='lat' dir='ltr'><strong>est</strong></span> <span class='ocrx_word' id='word_1_411' title='bbox 2006 2729 2086 2785; x_wconf 87' lang='lat' dir='ltr'><strong>ad</strong></span> <span class='ocrx_word' id='word_1_412' title='bbox 2114 2746 2241 2795; x_wconf 89' lang='lat' dir='ltr'><strong>eos,</strong></span> <span class='ocrx_word' id='word_1_413' title='bbox 2266 2730 2371 2804; x_wconf 87' lang='lat' dir='ltr'><strong>qui</strong></span> <span class='ocrx_word' id='word_1_414' title='bbox 2398 2734 2742 2804; x_wconf 87' lang='lat' dir='ltr'><strong>supersunt,</strong></span> <span class='ocrx_word' id='word_1_415' title='bbox 2772 2731 3194 2799; x_wconf 87' lang='lat' dir='ltr'><strong>servandos,et</strong></span> <span class='ocrx_word' id='word_1_416' title='bbox 3221 2730 3555 2805; x_wconf 88' lang='lat' dir='ltr'><strong>plurimum</strong></span> 
     </span>
    </p>
   </div>
   <div class='ocr_carea' id='block_1_60' title="bbox 1890 2817 3555 2894">
    <p class='ocr_par' dir='ltr' id='par_1_60' title="bbox 1890 2817 3555 2894">
     <span class='ocr_line' id='line_1_60' title="bbox 1890 2817 3555 2894; baseline 0.002 -21"><span class='ocrx_word' id='word_1_417' title='bbox 1890 2817 2142 2874; x_wconf 81' lang='lat' dir='ltr'><strong>fratrum</strong></span> <span class='ocrx_word' id='word_1_418' title='bbox 2174 2819 2513 2892; x_wconf 74' lang='lat' dir='ltr'><strong>praesentia,</strong></span> <span class='ocrx_word' id='word_1_419' title='bbox 2546 2825 2611 2876; x_wconf 90' lang='lat' dir='ltr'><strong>ut</strong></span> <span class='ocrx_word' id='word_1_420' title='bbox 2638 2820 2860 2894; x_wconf 90' lang='lat' dir='ltr'><strong>synodi</strong></span> <span class='ocrx_word' id='word_1_421' title='bbox 2894 2835 3220 2876; x_wconf 89' lang='lat' dir='ltr'><strong>numerum</strong></span> <span class='ocrx_word' id='word_1_422' title='bbox 3254 2819 3555 2893; x_wconf 81' lang='lat' dir='ltr'><strong>expleant,</strong></span> 
     </span>
    </p>
   </div>
   <div class='ocr_carea' id='block_1_61' title="bbox 1893 2907 3560 2982">
    <p class='ocr_par' dir='ltr' id='par_1_61' title="bbox 1893 2907 3560 2982">
     <span class='ocr_line' id='line_1_61' title="bbox 1893 2907 3560 2982; baseline 0.001 -19"><span class='ocrx_word' id='word_1_423' title='bbox 1893 2908 1997 2982; x_wconf 88' lang='lat' dir='ltr'><strong>qui</strong></span> <span class='ocrx_word' id='word_1_424' title='bbox 2018 2908 2136 2965; x_wconf 91' lang='lat' dir='ltr'><strong>huc</strong></span> <span class='ocrx_word' id='word_1_425' title='bbox 2163 2908 2719 2978; x_wconf 87' lang='lat' dir='ltr'><strong>advenient,utnon</strong></span> <span class='ocrx_word' id='word_1_426' title='bbox 2753 2908 2952 2965; x_wconf 91' lang='lat' dir='ltr'><strong>solum</strong></span> <span class='ocrx_word' id='word_1_427' title='bbox 2985 2925 3058 2964; x_wconf 92' lang='lat' dir='ltr'><strong>ex</strong></span> <span class='ocrx_word' id='word_1_428' title='bbox 3089 2924 3300 2965; x_wconf 92' lang='lat' dir='ltr'><strong>eorum</strong></span> <span class='ocrx_word' id='word_1_429' title='bbox 3324 2908 3429 2982; x_wconf 93' lang='lat' dir='ltr'><strong>qui</strong></span> <span class='ocrx_word' id='word_1_430' title='bbox 3452 2907 3560 2964; x_wconf 86' lang='lat' dir='ltr'><strong>mi-</strong></span> 
     </span>
    </p>
   </div>
   <div class='ocr_carea' id='block_1_62' title="bbox 1895 2997 3558 3070">
    <p class='ocr_par' dir='ltr' id='par_1_62' title="bbox 1895 2997 3558 3070">
     <span class='ocr_line' id='line_1_62' title="bbox 1895 2997 3558 3070; baseline 0 -17"><span class='ocrx_word' id='word_1_431' title='bbox 1895 2998 2081 3054; x_wconf 89' lang='lat' dir='ltr'><strong>serint</strong></span> <span class='ocrx_word' id='word_1_432' title='bbox 2100 2997 2526 3068; x_wconf 86' lang='lat' dir='ltr'><strong>gravitate,sed</strong></span> <span class='ocrx_word' id='word_1_433' title='bbox 2547 2997 2730 3055; x_wconf 90' lang='lat' dir='ltr'><strong>etiam</strong></span> <span class='ocrx_word' id='word_1_434' title='bbox 2759 3014 2833 3055; x_wconf 86' lang='lat' dir='ltr'><strong>ex</strong></span> <span class='ocrx_word' id='word_1_435' title='bbox 2863 3014 2973 3055; x_wconf 90' lang='lat' dir='ltr'><strong>suo</strong></span> <span class='ocrx_word' id='word_1_436' title='bbox 2994 2998 3269 3070; x_wconf 90' lang='lat' dir='ltr'><strong>ipsorum</strong></span> <span class='ocrx_word' id='word_1_437' title='bbox 3299 3013 3558 3055; x_wconf 91' lang='lat' dir='ltr'><strong>numero</strong></span> 
     </span>
    </p>
   </div>
   <div class='ocr_carea' id='block_1_63' title="bbox 1894 3082 3560 3160">
    <p class='ocr_par' dir='ltr' id='par_1_63' title="bbox 1894 3082 3560 3160">
     <span class='ocr_line' id='line_1_63' title="bbox 1894 3082 3560 3160; baseline -0.001 -16"><span class='ocrx_word' id='word_1_438' title='bbox 1894 3086 2134 3160; x_wconf 91' lang='lat' dir='ltr'><strong>pondus</strong></span> <span class='ocrx_word' id='word_1_439' title='bbox 2152 3082 2330 3160; x_wconf 81' lang='lat' dir='ltr'><strong>atque</strong></span> <span class='ocrx_word' id='word_1_440' title='bbox 2347 3087 2763 3144; x_wconf 87' lang='lat' dir='ltr'><strong>auctoritatem</strong></span> <span class='ocrx_word' id='word_1_441' title='bbox 2788 3087 2867 3144; x_wconf 87' lang='lat' dir='ltr'><strong>ad</strong></span> <span class='ocrx_word' id='word_1_442' title='bbox 2888 3103 2982 3143; x_wconf 91' lang='lat' dir='ltr'><strong>res</strong></span> <span class='ocrx_word' id='word_1_443' title='bbox 3014 3086 3440 3144; x_wconf 88' lang='lat' dir='ltr'><strong>emendandas</strong></span> <span class='ocrx_word' id='word_1_444' title='bbox 3455 3086 3560 3143; x_wconf 90' lang='lat' dir='ltr'><strong>ha-</strong></span> 
     </span>
    </p>
   </div>
   <div class='ocr_carea' id='block_1_64' title="bbox 149 3173 1787 3250">
    <p class='ocr_par' dir='ltr' id='par_1_64' title="bbox 149 3173 1784 3250">
     <span class='ocr_line' id='line_1_64' title="bbox 149 3173 1784 3250; baseline 0 -22"><span class='ocrx_word' id='word_1_445' title='bbox 149 3180 256 3235; x_wconf 71' lang='grc' dir='ltr'>τὴν</span> <span class='ocrx_word' id='word_1_446' title='bbox 317 3173 369 3227; x_wconf 85' lang='grc' dir='ltr'><strong>ἐν</strong></span> <span class='ocrx_word' id='word_1_447' title='bbox 418 3179 621 3247; x_wconf 76' lang='grc' dir='ltr'>Νικαίᾳ</span> <span class='ocrx_word' id='word_1_448' title='bbox 673 3180 964 3250; x_wconf 62' lang='grc' dir='ltr'>γραφεῖσαν</span> <span class='ocrx_word' id='word_1_449' title='bbox 1012 3178 1152 3249; x_wconf 79' lang='grc' dir='ltr'>παρὴ</span> <span class='ocrx_word' id='word_1_450' title='bbox 1204 3181 1305 3227; x_wconf 87' lang='grc' dir='ltr'>τῶν</span> <span class='ocrx_word' id='word_1_451' title='bbox 1345 3179 1585 3248; x_wconf 82' lang='grc' dir='ltr'>Πατέρων</span> <span class='ocrx_word' id='word_1_452' title='bbox 1638 3178 1784 3248; x_wconf 79' lang='grc' dir='ltr'>ἡμῶν</span> 
     </span>
    </p>
   </div>
   <div class='ocr_carea' id='block_1_65' title="bbox 1901 3173 3559 3250">
    <p class='ocr_par' dir='ltr' id='par_1_65' title="bbox 1901 3175 3559 3249">
     <span class='ocr_line' id='line_1_65' title="bbox 1901 3175 3559 3249; baseline -0.001 -16"><span class='ocrx_word' id='word_1_453' title='bbox 1901 3177 2083 3233; x_wconf 85' lang='lat' dir='ltr'><strong>beant</strong></span> <span class='ocrx_word' id='word_1_454' title='bbox 2112 3195 2126 3233; x_wconf 89' lang='lat'><strong>:</strong></span> <span class='ocrx_word' id='word_1_455' title='bbox 2159 3176 2261 3249; x_wconf 87' lang='lat' dir='ltr'><strong>qui</strong></span> <span class='ocrx_word' id='word_1_456' title='bbox 2290 3180 2349 3232; x_wconf 91' lang='lat' dir='ltr'><strong>et</strong></span> <span class='ocrx_word' id='word_1_457' title='bbox 2375 3175 2559 3233; x_wconf 85' lang='lat' dir='ltr'><strong>ﬁdem</strong></span> <span class='ocrx_word' id='word_1_458' title='bbox 2588 3176 2649 3232; x_wconf 88' lang='lat' dir='ltr'><strong>in</strong></span> <span class='ocrx_word' id='word_1_459' title='bbox 2681 3177 2876 3233; x_wconf 75' lang='lat' dir='ltr'><strong>Nicaea</strong></span> <span class='ocrx_word' id='word_1_460' title='bbox 2918 3192 2955 3233; x_wconf 88' lang='lat' dir='ltr'><strong>a</strong></span> <span class='ocrx_word' id='word_1_461' title='bbox 3001 3175 3224 3233; x_wconf 89' lang='lat' dir='ltr'><strong>nostris</strong></span> <span class='ocrx_word' id='word_1_462' title='bbox 3282 3175 3559 3232; x_wconf 89' lang='lat' dir='ltr'><strong>Patribus</strong></span> 
     </span>
    </p>
   </div>
   <div class='ocr_carea' id='block_1_66' title="bbox 144 3263 1787 3338">
    <p class='ocr_par' dir='ltr' id='par_1_66' title="bbox 144 3263 1787 3338">
     <span class='ocr_line' id='line_1_66' title="bbox 144 3263 1787 3338; baseline -0.002 -19"><span class='ocrx_word' id='word_1_463' title='bbox 144 3270 345 3319; x_wconf 79' lang='grc' dir='ltr'>πίστιν</span> <span class='ocrx_word' id='word_1_464' title='bbox 417 3263 825 3332; x_wconf 80' lang='grc' dir='ltr'>ἆνανεώσονται,</span> <span class='ocrx_word' id='word_1_465' title='bbox 899 3267 992 3316; x_wconf 81' lang='grc' dir='ltr'>καὶ</span> <span class='ocrx_word' id='word_1_466' title='bbox 1062 3267 1157 3322; x_wconf 77' lang='grc' dir='ltr'>τὴν</span> <span class='ocrx_word' id='word_1_467' title='bbox 1231 3265 1432 3337; x_wconf 85' lang='grc' dir='ltr'>αἳρεσιν</span> <span class='ocrx_word' id='word_1_468' title='bbox 1486 3263 1787 3338; x_wconf 58' lang='grc' dir='ltr'><strong>ἐκηρύξω-</strong></span> 
     </span>
    </p>
   </div>
   <div class='ocr_carea' id='block_1_67' title="bbox 154 3350 1791 3428">
    <p class='ocr_par' dir='ltr' id='par_1_67' title="bbox 154 3350 1791 3428">
     <span class='ocr_line' id='line_1_67' title="bbox 154 3350 1791 3428; baseline -0.001 -20"><span class='ocrx_word' id='word_1_469' title='bbox 154 3374 215 3408; x_wconf 90' lang='grc' dir='ltr'><strong>σι</strong></span> <span class='ocrx_word' id='word_1_470' title='bbox 280 3355 424 3425; x_wconf 83' lang='grc'><strong>(48),</strong></span> <span class='ocrx_word' id='word_1_471' title='bbox 473 3358 567 3406; x_wconf 84' lang='grc' dir='ltr'><strong>καὶ</strong></span> <span class='ocrx_word' id='word_1_472' title='bbox 627 3359 747 3414; x_wconf 89' lang='grc' dir='ltr'>ταῖς</span> <span class='ocrx_word' id='word_1_473' title='bbox 798 3352 1139 3415; x_wconf 79' lang='grc' dir='ltr'>Ἐκκλησίαις</span> <span class='ocrx_word' id='word_1_474' title='bbox 1200 3355 1269 3405; x_wconf 84' lang='grc' dir='ltr'>τὰ</span> <span class='ocrx_word' id='word_1_475' title='bbox 1321 3352 1558 3428; x_wconf 78' lang='grc' dir='ltr'><strong>εἰρηνικά</strong></span> <span class='ocrx_word' id='word_1_476' title='bbox 1617 3350 1791 3408; x_wconf 75' lang='grc' dir='ltr'>διαλέ-</span> 
     </span>
    </p>
   </div>
   <div class='ocr_carea' id='block_1_68' title="bbox 154 3441 1793 3517">
    <p class='ocr_par' dir='ltr' id='par_1_68' title="bbox 154 3441 1793 3517">
     <span class='ocr_line' id='line_1_68' title="bbox 154 3441 1793 3517; baseline -0.002 -19"><span class='ocrx_word' id='word_1_477' title='bbox 154 3445 365 3510; x_wconf 77' lang='grc' dir='ltr'>ξονται,</span> <span class='ocrx_word' id='word_1_478' title='bbox 411 3445 538 3505; x_wconf 76' lang='grc' dir='ltr'>τοὺς</span> <span class='ocrx_word' id='word_1_479' title='bbox 574 3443 643 3495; x_wconf 81' lang='grc' dir='ltr'>τὰ</span> <span class='ocrx_word' id='word_1_480' title='bbox 693 3441 826 3505; x_wconf 76' lang='grc' dir='ltr'>αὖτᾲ</span> <span class='ocrx_word' id='word_1_481' title='bbox 874 3449 1186 3517; x_wconf 73' lang='grc' dir='ltr'>φρονοῦντας</span> <span class='ocrx_word' id='word_1_482' title='bbox 1227 3444 1535 3515; x_wconf 77' lang='grc' dir='ltr'>συνάγοντες</span> <span class='ocrx_word' id='word_1_483' title='bbox 1574 3443 1686 3513; x_wconf 84' lang='grc'>(49)</span> <span class='ocrx_word' id='word_1_484' title='bbox 1719 3443 1793 3506; x_wconf 81' lang='grc' dir='ltr'><strong>εἷς</strong></span> 
     </span>
    </p>
   </div>
   <div class='ocr_carea' id='block_1_69' title="bbox 156 3528 1790 3609">
    <p class='ocr_par' dir='ltr' id='par_1_69' title="bbox 156 3528 1790 3609">
     <span class='ocr_line' id='line_1_69' title="bbox 156 3528 1790 3609; baseline -0.001 -23"><span class='ocrx_word' id='word_1_485' title='bbox 156 3536 440 3609; x_wconf 79' lang='grc' dir='ltr'>ὁμόνοιαν.</span> <span class='ocrx_word' id='word_1_486' title='bbox 496 3539 663 3586; x_wconf 84' lang='grc' dir='ltr'>Τοῦτο</span> <span class='ocrx_word' id='word_1_487' title='bbox 700 3534 803 3606; x_wconf 76' lang='grc' dir='ltr'>γὰρ</span> <span class='ocrx_word' id='word_1_488' title='bbox 856 3528 1032 3590; x_wconf 73' lang='grc' dir='ltr'>δήπου</span> <span class='ocrx_word' id='word_1_489' title='bbox 1059 3534 1119 3585; x_wconf 87' lang='grc' dir='ltr'>τὸ</span> <span class='ocrx_word' id='word_1_490' title='bbox 1177 3535 1379 3585; x_wconf 83' lang='grc' dir='ltr'>πάντων</span> <span class='ocrx_word' id='word_1_491' title='bbox 1432 3531 1790 3586; x_wconf 81' lang='grc' dir='ltr'>ἐλεεινότατον</span> 
     </span>
    </p>
   </div>
   <div class='ocr_carea' id='block_1_70' title="bbox 163 3618 1795 3695">
    <p class='ocr_par' dir='ltr' id='par_1_70' title="bbox 163 3618 1795 3695">
     <span class='ocr_line' id='line_1_70' title="bbox 163 3618 1795 3695; baseline -0.001 -18"><span class='ocrx_word' id='word_1_492' title='bbox 163 3629 251 3678; x_wconf 77' lang='grc' dir='ltr'><strong>ὅτι</strong></span> <span class='ocrx_word' id='word_1_493' title='bbox 301 3628 397 3676; x_wconf 82' lang='grc' dir='ltr'><strong>καὶ</strong></span> <span class='ocrx_word' id='word_1_494' title='bbox 426 3626 488 3675; x_wconf 86' lang='grc' dir='ltr'>τὸ</span> <span class='ocrx_word' id='word_1_495' title='bbox 530 3618 721 3675; x_wconf 74' lang='grc' dir='ltr'>δοκοῦν</span> <span class='ocrx_word' id='word_1_496' title='bbox 753 3623 1022 3694; x_wconf 68' lang='grc' dir='ltr'><strong>ιὑγιαίνειν</strong></span> <span class='ocrx_word' id='word_1_497' title='bbox 1048 3620 1122 3695; x_wconf 75' lang='grc' dir='ltr'><strong>ἐφ’</strong></span> <span class='ocrx_word' id='word_1_498' title='bbox 1151 3621 1306 3675; x_wconf 81' lang='grc' dir='ltr'>ἑαυτὸ</span> <span class='ocrx_word' id='word_1_499' title='bbox 1356 3621 1607 3695; x_wconf 73' lang='grc' dir='ltr'>ἐμερίσθη</span> <span class='ocrx_word' id='word_1_500' title='bbox 1639 3638 1653 3653; x_wconf 81' lang='grc'><strong><em>⁸</em></strong></span> <span class='ocrx_word' id='word_1_501' title='bbox 1702 3636 1795 3684; x_wconf 76' lang='grc' dir='ltr'>καὶ</span> 
     </span>
    </p>
   </div>
   <div class='ocr_carea' id='block_1_71' title="bbox 166 3710 1794 3786">
    <p class='ocr_par' dir='ltr' id='par_1_71' title="bbox 166 3710 1794 3786">
     <span class='ocr_line' id='line_1_71' title="bbox 166 3710 1794 3786; baseline -0.001 -20"><span class='ocrx_word' id='word_1_502' title='bbox 166 3716 521 3786; x_wconf 69' lang='grc' dir='ltr'>περιέστηκεν</span> <span class='ocrx_word' id='word_1_503' title='bbox 569 3713 727 3783; x_wconf 82' lang='grc' dir='ltr'>ἡμᾶς,</span> <span class='ocrx_word' id='word_1_504' title='bbox 778 3712 848 3773; x_wconf 83' lang='grc' dir='ltr'><strong>ὡς</strong></span> <span class='ocrx_word' id='word_1_505' title='bbox 878 3712 1033 3780; x_wconf 81' lang='grc' dir='ltr'>ἔοικε,</span> <span class='ocrx_word' id='word_1_506' title='bbox 1077 3710 1430 3784; x_wconf 81' lang='grc' dir='ltr'>παραπλήσια</span> <span class='ocrx_word' id='word_1_507' title='bbox 1478 3712 1622 3770; x_wconf 81' lang='grc' dir='ltr'>πάθη</span> <span class='ocrx_word' id='word_1_508' title='bbox 1684 3719 1794 3774; x_wconf 88' lang='grc' dir='ltr'>τοῖς</span> 
     </span>
    </p>
   </div>
   <div class='ocr_carea' id='block_1_72' title="bbox 169 3799 1795 3875">
    <p class='ocr_par' dir='ltr' id='par_1_72' title="bbox 169 3799 1795 3875">
     <span class='ocr_line' id='line_1_72' title="bbox 169 3799 1795 3875; baseline -0.001 -20"><span class='ocrx_word' id='word_1_509' title='bbox 169 3805 301 3856; x_wconf 69' lang='grc' dir='ltr'>ποτε</span> <span class='ocrx_word' id='word_1_510' title='bbox 347 3803 490 3854; x_wconf 79' lang='grc' dir='ltr'>κατὰ</span> <span class='ocrx_word' id='word_1_511' title='bbox 538 3804 656 3865; x_wconf 79' lang='grc' dir='ltr'>τήν,</span> <span class='ocrx_word' id='word_1_512' title='bbox 684 3799 1092 3853; x_wconf 63' lang='grc' dir='ltr'>Οὐεσπασιανοῦ</span> <span class='ocrx_word' id='word_1_513' title='bbox 1137 3799 1440 3875; x_wconf 81' lang='grc' dir='ltr'>πολιορκίαν</span> <span class='ocrx_word' id='word_1_514' title='bbox 1469 3803 1537 3853; x_wconf 77' lang='grc' dir='ltr'>τὰ</span> <span class='ocrx_word' id='word_1_515' title='bbox 1568 3799 1795 3875; x_wconf 85' lang='grc' dir='ltr'><strong>Ἱεροσό-</strong></span> 
     </span>
    </p>
   </div>
   <div class='ocr_carea' id='block_1_73' title="bbox 166 3888 1796 3966">
    <p class='ocr_par' dir='ltr' id='par_1_73' title="bbox 166 3888 1796 3966">
     <span class='ocr_line' id='line_1_73' title="bbox 166 3888 1796 3966; baseline -0.001 -22"><span class='ocrx_word' id='word_1_516' title='bbox 166 3892 317 3966; x_wconf 85' lang='grc' dir='ltr'>λυμα</span> <span class='ocrx_word' id='word_1_517' title='bbox 362 3888 746 3965; x_wconf 79' lang='grc' dir='ltr'>περισχοῦσιν.</span> <span class='ocrx_word' id='word_1_518' title='bbox 774 3889 991 3942; x_wconf 83' lang='grc' dir='ltr'>Ἐκεῖνοι</span> <span class='ocrx_word' id='word_1_519' title='bbox 1020 3908 1075 3942; x_wconf 89' lang='grc' dir='ltr'><strong>τε</strong></span> <span class='ocrx_word' id='word_1_520' title='bbox 1110 3892 1214 3964; x_wconf 82' lang='grc' dir='ltr'><strong>γὰρ</strong></span> <span class='ocrx_word' id='word_1_521' title='bbox 1266 3891 1397 3963; x_wconf 84' lang='grc' dir='ltr'>ὁμοῦ</span> <span class='ocrx_word' id='word_1_522' title='bbox 1445 3892 1536 3962; x_wconf 64' lang='grc' dir='ltr'>μὲν</span> <span class='ocrx_word' id='word_1_523' title='bbox 1565 3897 1638 3960; x_wconf 84' lang='grc' dir='ltr'>τῷ</span> <span class='ocrx_word' id='word_1_524' title='bbox 1676 3889 1796 3953; x_wconf 64' lang='grc' dir='ltr'>ἕξων</span> 
     </span>
    </p>
   </div>
   <div class='ocr_carea' id='block_1_74' title="bbox 173 3975 1794 4051">
    <p class='ocr_par' dir='ltr' id='par_1_74' title="bbox 173 3975 1794 4051">
     <span class='ocr_line' id='line_1_74' title="bbox 173 3975 1794 4051; baseline -0.002 -18"><span class='ocrx_word' id='word_1_525' title='bbox 173 3982 258 4034; x_wconf 83' lang='grc' dir='ltr'><strong>θεν</strong></span> <span class='ocrx_word' id='word_1_526' title='bbox 323 3997 636 4051; x_wconf 79' lang='grc' dir='ltr'>συνειχοντο</span> <span class='ocrx_word' id='word_1_527' title='bbox 704 3977 934 4051; x_wconf 50' lang='lat' dir='ltr'><strong>nolim»,</strong></span> <span class='ocrx_word' id='word_1_528' title='bbox 992 3979 1124 4051; x_wconf 88' lang='grc' dir='ltr'>ὁμοῦ</span> <span class='ocrx_word' id='word_1_529' title='bbox 1206 3975 1267 4031; x_wconf 72' lang='grc' dir='ltr'>δε</span> <span class='ocrx_word' id='word_1_530' title='bbox 1318 3983 1409 4031; x_wconf 79' lang='grc' dir='ltr'><strong>καὶ</strong></span> <span class='ocrx_word' id='word_1_531' title='bbox 1460 3986 1524 4050; x_wconf 77' lang='grc' dir='ltr'>τῇ</span> <span class='ocrx_word' id='word_1_532' title='bbox 1590 3975 1794 4032; x_wconf 72' lang='grc' dir='ltr'>ἐνδοθεν</span> 
     </span>
    </p>
   </div>
   <div class='ocr_carea' id='block_1_75' title="bbox 174 4062 1796 4140">
    <p class='ocr_par' dir='ltr' id='par_1_75' title="bbox 174 4062 1796 4140">
     <span class='ocr_line' id='line_1_75' title="bbox 174 4062 1796 4140; baseline -0.002 -19"><span class='ocrx_word' id='word_1_533' title='bbox 174 4070 372 4121; x_wconf 80' lang='grc' dir='ltr'>στάσει</span> <span class='ocrx_word' id='word_1_534' title='bbox 426 4075 527 4119; x_wconf 82' lang='grc' dir='ltr'>τῶν</span> <span class='ocrx_word' id='word_1_535' title='bbox 576 4065 851 4140; x_wconf 68' lang='grc' dir='ltr'>ὁμογύλων</span> <span class='ocrx_word' id='word_1_536' title='bbox 888 4066 1351 4124; x_wconf 85' lang='grc' dir='ltr'>κατανηλίσκοντο.</span> <span class='ocrx_word' id='word_1_537' title='bbox 1381 4066 1533 4139; x_wconf 82' lang='grc' dir='ltr'>Ἡμῖν</span> <span class='ocrx_word' id='word_1_538' title='bbox 1578 4062 1638 4120; x_wconf 64' lang='grc' dir='ltr'>δι</span> <span class='ocrx_word' id='word_1_539' title='bbox 1664 4070 1796 4140; x_wconf 82' lang='grc' dir='ltr'>πρὸς</span> 
     </span>
    </p>
   </div>
   <div class='ocr_carea' id='block_1_76' title="bbox 170 4155 1799 4231">
    <p class='ocr_par' dir='ltr' id='par_1_76' title="bbox 170 4155 1799 4231">
     <span class='ocr_line' id='line_1_76' title="bbox 170 4155 1799 4231; baseline -0.002 -20"><span class='ocrx_word' id='word_1_540' title='bbox 170 4164 255 4228; x_wconf 76' lang='grc' dir='ltr'>τῷ</span> <span class='ocrx_word' id='word_1_541' title='bbox 318 4162 519 4228; x_wconf 67' lang='grc' dir='ltr'>φανερῷ</span> <span class='ocrx_word' id='word_1_542' title='bbox 567 4155 774 4229; x_wconf 82' lang='grc' dir='ltr'>πολέμῳ</span> <span class='ocrx_word' id='word_1_543' title='bbox 829 4162 932 4207; x_wconf 85' lang='grc' dir='ltr'>τῶν</span> <span class='ocrx_word' id='word_1_544' title='bbox 984 4157 1256 4231; x_wconf 68' lang='grc' dir='ltr'>αἱρετικῶι</span> <span class='ocrx_word' id='word_1_545' title='bbox 1298 4157 1374 4208; x_wconf 80' lang='grc' dir='ltr'>ἔτι</span> <span class='ocrx_word' id='word_1_546' title='bbox 1439 4160 1530 4208; x_wconf 84' lang='grc' dir='ltr'><strong>καὶ</strong></span> <span class='ocrx_word' id='word_1_547' title='bbox 1572 4156 1597 4207; x_wconf 85' lang='grc' dir='ltr'>ὁ</span> <span class='ocrx_word' id='word_1_548' title='bbox 1653 4157 1799 4229; x_wconf 78' lang='grc' dir='ltr'>παρὰ</span> 
     </span>
    </p>
   </div>
   <div class='ocr_carea' id='block_1_77' title="bbox 173 4239 1800 4318">
    <p class='ocr_par' dir='ltr' id='par_1_77' title="bbox 173 4239 1800 4318">
     <span class='ocr_line' id='line_1_77' title="bbox 173 4239 1800 4318; baseline 0 -20"><span class='ocrx_word' id='word_1_549' title='bbox 173 4254 286 4300; x_wconf 77' lang='grc' dir='ltr'>τῶν</span> <span class='ocrx_word' id='word_1_550' title='bbox 353 4240 645 4296; x_wconf 70' lang='grc' dir='ltr'>δοκούντων</span> <span class='ocrx_word' id='word_1_551' title='bbox 721 4239 1020 4316; x_wconf 79' lang='grc' dir='ltr'>ὁρθοδοξεῖν</span> <span class='ocrx_word' id='word_1_552' title='bbox 1091 4245 1203 4314; x_wconf 81' lang='lat'><strong>(50)</strong></span> <span class='ocrx_word' id='word_1_553' title='bbox 1277 4241 1592 4314; x_wconf 81' lang='grc' dir='ltr'>ἐπαναστὰς,</span> <span class='ocrx_word' id='word_1_554' title='bbox 1668 4248 1800 4318; x_wconf 87' lang='grc' dir='ltr'>πρὸς</span> 
     </span>
    </p>
   </div>
   <div class='ocr_carea' id='block_1_78' title="bbox 176 4325 1799 4408">
    <p class='ocr_par' dir='ltr' id='par_1_78' title="bbox 176 4325 1799 4408">
     <span class='ocr_line' id='line_1_78' title="bbox 176 4325 1799 4408; baseline -0.001 -19"><span class='ocrx_word' id='word_1_555' title='bbox 176 4338 421 4408; x_wconf 75' lang='grc' dir='ltr'>ἔσχατον</span> <span class='ocrx_word' id='word_1_556' title='bbox 466 4331 738 4395; x_wconf 78' lang='grc' dir='ltr'>ἀσθενείας</span> <span class='ocrx_word' id='word_1_557' title='bbox 787 4335 878 4394; x_wconf 84' lang='grc' dir='ltr'><strong>τὰς</strong></span> <span class='ocrx_word' id='word_1_558' title='bbox 944 4333 1258 4395; x_wconf 84' lang='grc' dir='ltr'>Ἐκκλησίας</span> <span class='ocrx_word' id='word_1_559' title='bbox 1309 4338 1625 4406; x_wconf 79' lang='grc' dir='ltr'>κατήγαγεν.</span> <span class='ocrx_word' id='word_1_560' title='bbox 1692 4325 1799 4407; x_wconf 77' lang='grc' dir='ltr'><strong>Ἐφ’</strong></span> 
     </span>
    </p>
   </div>
   <div class='ocr_carea' id='block_1_79' title="bbox 182 4422 1804 4497">
    <p class='ocr_par' dir='ltr' id='par_1_79' title="bbox 182 4422 1804 4497">
     <span class='ocr_line' id='line_1_79' title="bbox 182 4422 1804 4497; baseline 0 -21"><span class='ocrx_word' id='word_1_561' title='bbox 182 4424 318 4496; x_wconf 78' lang='grc' dir='ltr'>οἱπερ</span> <span class='ocrx_word' id='word_1_562' title='bbox 393 4428 483 4475; x_wconf 75' lang='grc' dir='ltr'>καὶ</span> <span class='ocrx_word' id='word_1_563' title='bbox 530 4422 776 4495; x_wconf 77' lang='grc' dir='ltr'>’μάλιστα</span> <span class='ocrx_word' id='word_1_564' title='bbox 822 4430 920 4485; x_wconf 83' lang='grc' dir='ltr'><strong>τῆς</strong></span> <span class='ocrx_word' id='word_1_565' title='bbox 963 4422 1087 4495; x_wconf 88' lang='grc' dir='ltr'>παρ’</span> <span class='ocrx_word' id='word_1_566' title='bbox 1138 4423 1281 4495; x_wconf 83' lang='grc' dir='ltr'>ὑμῶν</span> <span class='ocrx_word' id='word_1_567' title='bbox 1344 4426 1616 4497; x_wconf 67' lang='grc' dir='ltr'>χρῄζομεν</span> <span class='ocrx_word' id='word_1_568' title='bbox 1674 4422 1804 4497; x_wconf 83' lang='grc' dir='ltr'><strong>βοη-</strong></span> 
     </span>
    </p>
   </div>
   <div class='ocr_carea' id='block_1_80' title="bbox 1900 3264 3564 3339">
    <p class='ocr_par' dir='ltr' id='par_1_80' title="bbox 1900 3264 3564 3339">
     <span class='ocr_line' id='line_1_80' title="bbox 1900 3264 3564 3339; baseline -0.001 -18"><span class='ocrx_word' id='word_1_569' title='bbox 1900 3266 2187 3339; x_wconf 88' lang='lat' dir='ltr'><strong>scriptam</strong></span> <span class='ocrx_word' id='word_1_570' title='bbox 2216 3266 2570 3327; x_wconf 76' lang='lat' dir='ltr'><strong>instaurant,</strong></span> <span class='ocrx_word' id='word_1_571' title='bbox 2625 3270 2684 3322; x_wconf 92' lang='lat' dir='ltr'><strong>et</strong></span> <span class='ocrx_word' id='word_1_572' title='bbox 2737 3265 3017 3322; x_wconf 66' lang='lat' dir='ltr'><strong>haeresim</strong></span> <span class='ocrx_word' id='word_1_573' title='bbox 3062 3264 3464 3338; x_wconf 89' lang='lat' dir='ltr'><strong>proscribant,</strong></span> <span class='ocrx_word' id='word_1_574' title='bbox 3506 3267 3564 3320; x_wconf 82' lang='lat' dir='ltr'><strong>e‘t</strong></span> 
     </span>
    </p>
   </div>
   <div class='ocr_carea' id='block_1_81' title="bbox 1903 3352 3561 3427">
    <p class='ocr_par' dir='ltr' id='par_1_81' title="bbox 1903 3352 3561 3427">
     <span class='ocr_line' id='line_1_81' title="bbox 1903 3352 3561 3427; baseline -0.001 -17"><span class='ocrx_word' id='word_1_575' title='bbox 1903 3353 2175 3410; x_wconf 88' lang='lat' dir='ltr'><strong>Ecclesiis</strong></span> <span class='ocrx_word' id='word_1_576' title='bbox 2194 3353 2519 3426; x_wconf 90' lang='lat' dir='ltr'><strong>loquantur</strong></span> <span class='ocrx_word' id='word_1_577' title='bbox 2544 3354 2932 3427; x_wconf 82' lang='lat' dir='ltr'><strong>paciﬁca,eos</strong></span> <span class='ocrx_word' id='word_1_578' title='bbox 2961 3353 3067 3426; x_wconf 90' lang='lat' dir='ltr'><strong>qui</strong></span> <span class='ocrx_word' id='word_1_579' title='bbox 3087 3352 3248 3409; x_wconf 91' lang='lat' dir='ltr'><strong>idem</strong></span> <span class='ocrx_word' id='word_1_580' title='bbox 3275 3352 3561 3422; x_wconf 89' lang='lat' dir='ltr'><strong>sentiunt,</strong></span> 
     </span>
    </p>
   </div>
   <div class='ocr_carea' id='block_1_82' title="bbox 1902 3441 3563 3516">
    <p class='ocr_par' dir='ltr' id='par_1_82' title="bbox 1902 3441 3563 3516">
     <span class='ocr_line' id='line_1_82' title="bbox 1902 3441 3563 3516; baseline -0.001 -16"><span class='ocrx_word' id='word_1_581' title='bbox 1902 3443 1981 3500; x_wconf 90' lang='lat' dir='ltr'><strong>ad</strong></span> <span class='ocrx_word' id='word_1_582' title='bbox 2032 3443 2419 3500; x_wconf 91' lang='lat' dir='ltr'><strong>concordiam</strong></span> <span class='ocrx_word' id='word_1_583' title='bbox 2476 3443 2866 3500; x_wconf 89' lang='lat' dir='ltr'><strong>adducentes.</strong></span> <span class='ocrx_word' id='word_1_584' title='bbox 2912 3446 3034 3500; x_wconf 85' lang='lat' dir='ltr'><strong>Hoc</strong></span> <span class='ocrx_word' id='word_1_585' title='bbox 3082 3444 3247 3499; x_wconf 88' lang='lat' dir='ltr'><strong>enim</strong></span> <span class='ocrx_word' id='word_1_586' title='bbox 3294 3441 3563 3516; x_wconf 87' lang='lat' dir='ltr'><strong>profecto</strong></span> 
     </span>
    </p>
   </div>
   <div class='ocr_carea' id='block_1_83' title="bbox 1902 3531 3568 3604">
    <p class='ocr_par' dir='ltr' id='par_1_83' title="bbox 1902 3531 3568 3604">
     <span class='ocr_line' id='line_1_83' title="bbox 1902 3531 3568 3604; baseline -0.002 -14"><span class='ocrx_word' id='word_1_587' title='bbox 1902 3532 2177 3590; x_wconf 91' lang='lat' dir='ltr'><strong>omnium</strong></span> <span class='ocrx_word' id='word_1_588' title='bbox 2209 3533 2469 3589; x_wconf 88' lang='lat' dir='ltr'><strong>maxime</strong></span> <span class='ocrx_word' id='word_1_589' title='bbox 2498 3533 2755 3603; x_wconf 86' lang='lat' dir='ltr'><strong>dignum</strong></span> <span class='ocrx_word' id='word_1_590' title='bbox 2785 3537 2875 3590; x_wconf 91' lang='lat' dir='ltr'><strong>est</strong></span> <span class='ocrx_word' id='word_1_591' title='bbox 2892 3531 3479 3604; x_wconf 87' lang='lat' dir='ltr'><strong>miseratione,quod</strong></span> <span class='ocrx_word' id='word_1_592' title='bbox 3508 3534 3568 3587; x_wconf 90' lang='lat' dir='ltr'><strong>et</strong></span> 
     </span>
    </p>
   </div>
   <div class='ocr_carea' id='block_1_84' title="bbox 1903 3619 3566 3694">
    <p class='ocr_par' dir='ltr' id='par_1_84' title="bbox 1903 3619 3566 3694">
     <span class='ocr_line' id='line_1_84' title="bbox 1903 3619 3566 3694; baseline -0.002 -17"><span class='ocrx_word' id='word_1_593' title='bbox 1903 3638 1976 3678; x_wconf 89' lang='lat' dir='ltr'><strong>ea</strong></span> <span class='ocrx_word' id='word_1_594' title='bbox 2009 3638 2151 3694; x_wconf 77' lang='lat' dir='ltr'><strong>pars</strong></span> <span class='ocrx_word' id='word_1_595' title='bbox 2179 3638 2316 3694; x_wconf 80' lang='lat' dir='ltr'><strong>quae</strong></span> <span class='ocrx_word' id='word_1_596' title='bbox 2343 3621 2576 3678; x_wconf 89' lang='lat' dir='ltr'><strong>videtur</strong></span> <span class='ocrx_word' id='word_1_597' title='bbox 2595 3638 2727 3678; x_wconf 92' lang='lat' dir='ltr'><strong>esse</strong></span> <span class='ocrx_word' id='word_1_598' title='bbox 2747 3637 2919 3689; x_wconf 89' lang='lat' dir='ltr'><strong>sana,</strong></span> <span class='ocrx_word' id='word_1_599' title='bbox 2950 3621 3143 3677; x_wconf 89' lang='lat' dir='ltr'><strong>divisa</strong></span> <span class='ocrx_word' id='word_1_600' title='bbox 3176 3620 3349 3691; x_wconf 76' lang='lat'><strong>186</strong></span> <span class='ocrx_word' id='word_1_601' title='bbox 3376 3624 3467 3675; x_wconf 87' lang='lat' dir='ltr'><strong>est</strong></span> <span class='ocrx_word' id='word_1_602' title='bbox 3502 3619 3566 3675; x_wconf 87' lang='lat' dir='ltr'><strong>in</strong></span> 
     </span>
    </p>
   </div>
   <div class='ocr_carea' id='block_1_85' title="bbox 1905 3708 3563 3783">
    <p class='ocr_par' dir='ltr' id='par_1_85' title="bbox 1905 3708 3563 3783">
     <span class='ocr_line' id='line_1_85' title="bbox 1905 3708 3563 3783; baseline -0.002 -16"><span class='ocrx_word' id='word_1_603' title='bbox 1905 3711 2334 3783; x_wconf 86' lang='lat' dir='ltr'><strong>semetipsam:</strong></span> <span class='ocrx_word' id='word_1_604' title='bbox 2391 3726 2462 3767; x_wconf 89' lang='lat' dir='ltr'><strong>ac</strong></span> <span class='ocrx_word' id='word_1_605' title='bbox 2511 3727 2624 3767; x_wconf 90' lang='lat' dir='ltr'><strong>nos</strong></span> <span class='ocrx_word' id='word_1_606' title='bbox 2681 3712 3096 3779; x_wconf 90' lang='lat' dir='ltr'><strong>circumstant,</strong></span> <span class='ocrx_word' id='word_1_607' title='bbox 3148 3713 3213 3765; x_wconf 93' lang='lat' dir='ltr'><strong>ut</strong></span> <span class='ocrx_word' id='word_1_608' title='bbox 3239 3708 3563 3764; x_wconf 87' lang='lat' dir='ltr'><strong>verisimile</strong></span> 
     </span>
    </p>
   </div>
   <div class='ocr_carea' id='block_1_86' title="bbox 1905 3797 3569 3872">
    <p class='ocr_par' dir='ltr' id='par_1_86' title="bbox 1905 3797 3569 3872">
     <span class='ocr_line' id='line_1_86' title="bbox 1905 3797 3569 3872; baseline -0.003 -15"><span class='ocrx_word' id='word_1_609' title='bbox 1905 3805 2016 3867; x_wconf 91' lang='lat' dir='ltr'><strong>est,</strong></span> <span class='ocrx_word' id='word_1_610' title='bbox 2051 3799 2275 3856; x_wconf 91' lang='lat' dir='ltr'><strong>similes</strong></span> <span class='ocrx_word' id='word_1_611' title='bbox 2302 3799 2673 3857; x_wconf 84' lang='lat' dir='ltr'><strong>calamitates</strong></span> <span class='ocrx_word' id='word_1_612' title='bbox 2700 3799 2816 3866; x_wconf 91' lang='lat' dir='ltr'><strong>his,</strong></span> <span class='ocrx_word' id='word_1_613' title='bbox 2861 3815 3000 3872; x_wconf 74' lang='lat' dir='ltr'><strong>quae</strong></span> <span class='ocrx_word' id='word_1_614' title='bbox 3031 3798 3175 3855; x_wconf 92' lang='lat' dir='ltr'><strong>olim</strong></span> <span class='ocrx_word' id='word_1_615' title='bbox 3228 3797 3569 3870; x_wconf 88' lang='lat' dir='ltr'><strong>Hierosoly-</strong></span> 
     </span>
    </p>
   </div>
   <div class='ocr_carea' id='block_1_87' title="bbox 1905 3884 3566 3960">
    <p class='ocr_par' dir='ltr' id='par_1_87' title="bbox 1905 3884 3566 3960">
     <span class='ocr_line' id='line_1_87' title="bbox 1905 3884 3566 3960; baseline -0.003 -14"><span class='ocrx_word' id='word_1_616' title='bbox 1905 3889 2041 3954; x_wconf 90' lang='lat' dir='ltr'><strong>mis,</strong></span> <span class='ocrx_word' id='word_1_617' title='bbox 2070 3888 2437 3960; x_wconf 87' lang='lat' dir='ltr'><strong>Vespasiano</strong></span> <span class='ocrx_word' id='word_1_618' title='bbox 2484 3886 2820 3954; x_wconf 86' lang='lat' dir='ltr'><strong>obsidente,</strong></span> <span class='ocrx_word' id='word_1_619' title='bbox 2863 3886 3231 3944; x_wconf 88' lang='lat' dir='ltr'><strong>acciderunt.</strong></span> <span class='ocrx_word' id='word_1_620' title='bbox 3276 3884 3361 3940; x_wconf 87' lang='lat' dir='ltr'><strong>Illi</strong></span> <span class='ocrx_word' id='word_1_621' title='bbox 3405 3885 3566 3941; x_wconf 90' lang='lat' dir='ltr'><strong>enim</strong></span> 
     </span>
    </p>
   </div>
   <div class='ocr_carea' id='block_1_88' title="bbox 1905 3973 3570 4048">
    <p class='ocr_par' dir='ltr' id='par_1_88' title="bbox 1905 3973 3570 4048">
     <span class='ocr_line' id='line_1_88' title="bbox 1905 3973 3570 4048; baseline -0.001 -15"><span class='ocrx_word' id='word_1_622' title='bbox 1905 3976 2086 4034; x_wconf 91' lang='lat' dir='ltr'><strong>simul</strong></span> <span class='ocrx_word' id='word_1_623' title='bbox 2107 3983 2166 4033; x_wconf 88' lang='lat' dir='ltr'><strong>et</strong></span> <span class='ocrx_word' id='word_1_624' title='bbox 2188 3982 2434 4032; x_wconf 87' lang='lat' dir='ltr'><strong>externo</strong></span> <span class='ocrx_word' id='word_1_625' title='bbox 2454 3976 2886 4048; x_wconf 89' lang='lat' dir='ltr'><strong>premebantur</strong></span> <span class='ocrx_word' id='word_1_626' title='bbox 2934 3974 3111 4046; x_wconf 90' lang='lat' dir='ltr'><strong>bello,</strong></span> <span class='ocrx_word' id='word_1_627' title='bbox 3146 3978 3205 4030; x_wconf 87' lang='lat' dir='ltr'><strong>et</strong></span> <span class='ocrx_word' id='word_1_628' title='bbox 3238 3973 3570 4031; x_wconf 86' lang='lat' dir='ltr'><strong>domestica</strong></span> 
     </span>
    </p>
   </div>
   <div class='ocr_carea' id='block_1_89' title="bbox 1904 4063 3570 4136">
    <p class='ocr_par' dir='ltr' id='par_1_89' title="bbox 1904 4063 3570 4136">
     <span class='ocr_line' id='line_1_89' title="bbox 1904 4063 3570 4136; baseline -0.002 -13"><span class='ocrx_word' id='word_1_629' title='bbox 1904 4066 2213 4125; x_wconf 86' lang='lat' dir='ltr'><strong>tribulium</strong></span> <span class='ocrx_word' id='word_1_630' title='bbox 2255 4064 2546 4122; x_wconf 88' lang='lat' dir='ltr'><strong>seditione</strong></span> <span class='ocrx_word' id='word_1_631' title='bbox 2591 4065 3087 4122; x_wconf 88' lang='lat' dir='ltr'><strong>absumebantur.</strong></span> <span class='ocrx_word' id='word_1_632' title='bbox 3115 4063 3295 4136; x_wconf 85' lang='lat' dir='ltr'><strong>Apud</strong></span> <span class='ocrx_word' id='word_1_633' title='bbox 3326 4078 3437 4119; x_wconf 89' lang='lat' dir='ltr'><strong>nos</strong></span> <span class='ocrx_word' id='word_1_634' title='bbox 3462 4079 3570 4120; x_wconf 88' lang='lat' dir='ltr'><strong>au-</strong></span> 
     </span>
    </p>
   </div>
   <div class='ocr_carea' id='block_1_90' title="bbox 1907 4151 3573 4227">
    <p class='ocr_par' dir='ltr' id='par_1_90' title="bbox 1907 4151 3573 4227">
     <span class='ocr_line' id='line_1_90' title="bbox 1907 4151 3573 4227; baseline -0.002 -15"><span class='ocrx_word' id='word_1_635' title='bbox 1907 4162 2048 4223; x_wconf 91' lang='lat' dir='ltr'><strong>tem,</strong></span> <span class='ocrx_word' id='word_1_636' title='bbox 2072 4158 2287 4227; x_wconf 66' lang='lat' dir='ltr'><strong>praeter</strong></span> <span class='ocrx_word' id='word_1_637' title='bbox 2330 4158 2606 4227; x_wconf 84' lang='lat' dir='ltr'><strong>apertum</strong></span> <span class='ocrx_word' id='word_1_638' title='bbox 2647 4153 3066 4210; x_wconf 69' lang='lat' dir='ltr'><strong>haereticorum</strong></span> <span class='ocrx_word' id='word_1_639' title='bbox 3110 4151 3360 4220; x_wconf 88' lang='lat' dir='ltr'><strong>bellum,</strong></span> <span class='ocrx_word' id='word_1_640' title='bbox 3406 4151 3573 4209; x_wconf 81' lang='lat' dir='ltr'><strong>aliud</strong></span> 
     </span>
    </p>
   </div>
   <div class='ocr_carea' id='block_1_91' title="bbox 1907 4240 3571 4319">
    <p class='ocr_par' dir='ltr' id='par_1_91' title="bbox 1907 4240 3571 4319">
     <span class='ocr_line' id='line_1_91' title="bbox 1907 4240 3571 4319; baseline -0.002 -18"><span class='ocrx_word' id='word_1_641' title='bbox 1907 4249 2199 4319; x_wconf 66' lang='lat' dir='ltr'><strong>praeterea</strong></span> <span class='ocrx_word' id='word_1_642' title='bbox 2236 4244 2315 4300; x_wconf 86' lang='lat' dir='ltr'><strong>ab</strong></span> <span class='ocrx_word' id='word_1_643' title='bbox 2353 4243 2443 4313; x_wconf 87' lang='lat' dir='ltr'><strong>iis,</strong></span> <span class='ocrx_word' id='word_1_644' title='bbox 2464 4243 2570 4316; x_wconf 90' lang='lat' dir='ltr'><strong>qui</strong></span> <span class='ocrx_word' id='word_1_645' title='bbox 2591 4244 2870 4299; x_wconf 87' lang='lat' dir='ltr'><strong>videntur</strong></span> <span class='ocrx_word' id='word_1_646' title='bbox 2892 4247 3050 4299; x_wconf 91' lang='lat' dir='ltr'><strong>recte</strong></span> <span class='ocrx_word' id='word_1_647' title='bbox 3076 4240 3311 4311; x_wconf 82' lang='lat' dir='ltr'><strong>sentire,</strong></span> <span class='ocrx_word' id='word_1_648' title='bbox 3347 4240 3571 4297; x_wconf 85' lang='lat' dir='ltr'><strong>excita-</strong></span> 
     </span>
    </p>
   </div>
   <div class='ocr_carea' id='block_1_92' title="bbox 1910 4328 3569 4404">
    <p class='ocr_par' dir='ltr' id='par_1_92' title="bbox 1910 4328 3569 4404">
     <span class='ocr_line' id='line_1_92' title="bbox 1910 4328 3569 4404; baseline -0.002 -15"><span class='ocrx_word' id='word_1_649' title='bbox 1910 4340 2065 4404; x_wconf 86' lang='lat' dir='ltr'><strong>tum,</strong></span> <span class='ocrx_word' id='word_1_650' title='bbox 2083 4333 2162 4389; x_wconf 89' lang='lat' dir='ltr'><strong>ad</strong></span> <span class='ocrx_word' id='word_1_651' title='bbox 2185 4337 2517 4390; x_wconf 88' lang='lat' dir='ltr'><strong>extremam</strong></span> <span class='ocrx_word' id='word_1_652' title='bbox 2540 4331 2912 4389; x_wconf 87' lang='lat' dir='ltr'><strong>debilitatem</strong></span> <span class='ocrx_word' id='word_1_653' title='bbox 2939 4329 3232 4386; x_wconf 88' lang='lat' dir='ltr'><strong>Ecclesias</strong></span> <span class='ocrx_word' id='word_1_654' title='bbox 3270 4328 3569 4402; x_wconf 83' lang='lat' dir='ltr'><strong>perduxit.</strong></span> 
     </span>
    </p>
   </div>
   <div class='ocr_carea' id='block_1_93' title="bbox 1913 4417 3574 4495">
    <p class='ocr_par' dir='ltr' id='par_1_93' title="bbox 1913 4417 3574 4495">
     <span class='ocr_line' id='line_1_93' title="bbox 1913 4417 3574 4495; baseline -0.003 -16"><span class='ocrx_word' id='word_1_655' title='bbox 1913 4422 2001 4480; x_wconf 93' lang='lat' dir='ltr'><strong>0b</strong></span> <span class='ocrx_word' id='word_1_656' title='bbox 2031 4439 2167 4495; x_wconf 78' lang='lat' dir='ltr'><strong>quae</strong></span> <span class='ocrx_word' id='word_1_657' title='bbox 2188 4427 2244 4478; x_wconf 89' lang='lat' dir='ltr'><strong>et</strong></span> <span class='ocrx_word' id='word_1_658' title='bbox 2269 4422 2532 4479; x_wconf 82' lang='lat' dir='ltr'><strong>maxime</strong></span> <span class='ocrx_word' id='word_1_659' title='bbox 2551 4421 2893 4493; x_wconf 83' lang='lat' dir='ltr'><strong>indigemus</strong></span> <span class='ocrx_word' id='word_1_660' title='bbox 2915 4418 3138 4477; x_wconf 89' lang='lat' dir='ltr'><strong>auxilio</strong></span> <span class='ocrx_word' id='word_1_661' title='bbox 3162 4422 3452 4485; x_wconf 85' lang='lat' dir='ltr'><strong>vestro,ut</strong></span> <span class='ocrx_word' id='word_1_662' title='bbox 3468 4417 3574 4490; x_wconf 90' lang='lat' dir='ltr'><strong>qui</strong></span> 
     </span>
    </p>
   </div>
   <div class='ocr_carea' id='block_1_94' title="bbox 190 4505 1787 4586">
    <p class='ocr_par' dir='ltr' id='par_1_94' title="bbox 190 4509 1787 4586">
     <span class='ocr_line' id='line_1_94' title="bbox 190 4509 1787 4586; baseline -0.001 -19"><span class='ocrx_word' id='word_1_663' title='bbox 190 4514 359 4575; x_wconf 85' lang='grc' dir='ltr'>θείας,</span> <span class='ocrx_word' id='word_1_664' title='bbox 434 4513 567 4565; x_wconf 80' lang='grc' dir='ltr'>ὥστε</span> <span class='ocrx_word' id='word_1_665' title='bbox 641 4515 759 4573; x_wconf 81' lang='grc' dir='ltr'>τοὺς</span> <span class='ocrx_word' id='word_1_666' title='bbox 841 4515 937 4571; x_wconf 81' lang='grc' dir='ltr'>τήν</span> <span class='ocrx_word' id='word_1_667' title='bbox 995 4509 1347 4571; x_wconf 78' lang='grc' dir='ltr'>ἀποστολικὴν</span> <span class='ocrx_word' id='word_1_668' title='bbox 1422 4511 1787 4586; x_wconf 57' lang='grc' dir='ltr'>ὁμολογοῦνται</span> 
     </span>
    </p>
   </div>
   <div class='ocr_carea' id='block_1_95' title="bbox 1901 4505 3574 4586">
    <p class='ocr_par' dir='ltr' id='par_1_95' title="bbox 1914 4505 3574 4586">
     <span class='ocr_line' id='line_1_95' title="bbox 1914 4505 3574 4586; baseline -0.006 -15"><span class='ocrx_word' id='word_1_669' title='bbox 1914 4510 2310 4586; x_wconf 87' lang='lat' dir='ltr'><strong>apostolicam</strong></span> <span class='ocrx_word' id='word_1_670' title='bbox 2337 4506 3249 4584; x_wconf 83' lang='lat' dir='ltr'><strong>proﬁtenturﬁdem,excogitata</strong></span> <span class='ocrx_word' id='word_1_671' title='bbox 3279 4522 3315 4563; x_wconf 91' lang='lat' dir='ltr'><strong>a</strong></span> <span class='ocrx_word' id='word_1_672' title='bbox 3336 4520 3397 4562; x_wconf 90' lang='lat' dir='ltr'><strong>se</strong></span> <span class='ocrx_word' id='word_1_673' title='bbox 3422 4505 3574 4562; x_wconf 80' lang='lat' dir='ltr'><strong>schi-</strong></span> 
     </span>
    </p>
   </div>
   <div class='ocr_carea' id='block_1_96' title="bbox 269 4776 1801 4849">
    <p class='ocr_par' dir='ltr' id='par_1_96' title="bbox 269 4776 1801 4849">
     <span class='ocr_line' id='line_1_96' title="bbox 269 4776 1801 4849; baseline 0.001 -15"><span class='ocrx_word' id='word_1_674' title='bbox 269 4778 389 4847; x_wconf 76' lang='grc'><strong>(42)</strong></span> <span class='ocrx_word' id='word_1_675' title='bbox 416 4776 659 4849; x_wconf 38' lang='grc' dir='ltr'>Ἐφθασε.</span> <span class='ocrx_word' id='word_1_676' title='bbox 686 4780 924 4849; x_wconf 21' lang='grc' dir='ltr'>γάρ-λῐςει</span> <span class='ocrx_word' id='word_1_677' title='bbox 950 4780 1071 4833; x_wconf 89' lang='lat' dir='ltr'><strong>tres</strong></span> <span class='ocrx_word' id='word_1_678' title='bbox 1098 4777 1490 4849; x_wconf 85' lang='lat' dir='ltr'><strong>vetustissimi</strong></span> <span class='ocrx_word' id='word_1_679' title='bbox 1517 4777 1755 4835; x_wconf 90' lang='lat' dir='ltr'><strong>codices</strong></span> <span class='ocrx_word' id='word_1_680' title='bbox 1787 4797 1801 4835; x_wconf 89' lang='lat'><strong>:</strong></span> 
     </span>
    </p>
   </div>
   <div class='ocr_carea' id='block_1_97' title="bbox 182 4830 1803 4921">
    <p class='ocr_par' dir='ltr' id='par_1_97' title="bbox 182 4830 1803 4921">
     <span class='ocr_line' id='line_1_97' title="bbox 182 4830 1803 4921; baseline -0.003 -11"><span class='ocrx_word' id='word_1_681' title='bbox 182 4830 288 4910; x_wconf 83' lang='lat' dir='ltr'><strong>edi</strong></span> <span class='ocrx_word' id='word_1_682' title='bbox 296 4830 606 4921; x_wconf 37' lang='lat' dir='ltr'><strong>(ius...</strong></span> <span class='ocrx_word' id='word_1_683' title='bbox 624 4830 716 4921; x_wconf 15' lang='grc' dir='ltr'><strong>έδέῖ</strong></span> <span class='ocrx_word' id='word_1_684' title='bbox 750 4830 993 4904; x_wconf 65' lang='lat' dir='ltr'><strong>ibidem</strong></span> <span class='ocrx_word' id='word_1_685' title='bbox 1008 4830 1803 4921; x_wconf 48' lang='lat' dir='ltr'><strong>sa.a;&quot;aaaiiim;x31sh:</strong></span> 
     </span>
    </p>
   </div>
   <div class='ocr_carea' id='block_1_98' title="bbox 181 4918 1807 5011">
    <p class='ocr_par' dir='ltr' id='par_1_98' title="bbox 181 4918 1807 4998">
     <span class='ocr_line' id='line_1_98' title="bbox 181 4918 1807 4998; baseline -0.004 -19"><span class='ocrx_word' id='word_1_686' title='bbox 181 4940 309 4998; x_wconf 86' lang='lat' dir='ltr'><strong>que</strong></span> <span class='ocrx_word' id='word_1_687' title='bbox 339 4918 492 4978; x_wconf 75' lang='lat' dir='ltr'><strong>mss.</strong></span> <span class='ocrx_word' id='word_1_688' title='bbox 528 4919 681 4976; x_wconf 84' lang='lat' dir='ltr'><strong>Editi</strong></span> <span class='ocrx_word' id='word_1_689' title='bbox 717 4924 783 4974; x_wconf 75' lang='grc' dir='ltr'>τὰ</span> <span class='ocrx_word' id='word_1_690' title='bbox 818 4923 1088 4993; x_wconf 82' lang='grc' dir='ltr'>γενόμενα.</span> <span class='ocrx_word' id='word_1_691' title='bbox 1129 4918 1400 4993; x_wconf 77' lang='lat' dir='ltr'><strong>Plerique</strong></span> <span class='ocrx_word' id='word_1_692' title='bbox 1440 4936 1592 4976; x_wconf 89' lang='lat' dir='ltr'><strong>mss.</strong></span> <span class='ocrx_word' id='word_1_693' title='bbox 1629 4918 1698 4973; x_wconf 58' lang='grc' dir='ltr'>τὰ</span> <span class='ocrx_word' id='word_1_694' title='bbox 1724 4943 1807 4993; x_wconf 81' lang='grc' dir='ltr'><strong>γι-</strong></span> 
     </span>
    </p>
   </div>
   <div class='ocr_carea' id='block_1_99' title="bbox 181 5014 1795 5137">
    <p class='ocr_par' dir='ltr' id='par_1_99' title="bbox 181 5014 1795 5137">
     <span class='ocr_line' id='line_1_99' title="bbox 181 5014 1795 5137; baseline 0.001 -20"><span class='ocrx_word' id='word_1_695' title='bbox 181 5014 685 5137; x_wconf 67' lang='grc' dir='ltr'>Παιδίοις.</span> <span class='ocrx_word' id='word_1_696' title='bbox 707 5065 801 5137; x_wconf 68' lang='lat' dir='ltr'><strong>ita</strong></span> <span class='ocrx_word' id='word_1_697' title='bbox 838 5061 1022 5137; x_wconf 62' lang='lat' dir='ltr'><strong>Har-1,,</strong></span> <span class='ocrx_word' id='word_1_698' title='bbox 1062 5060 1212 5137; x_wconf 82' lang='lat' dir='ltr'><strong>Med.</strong></span> <span class='ocrx_word' id='word_1_699' title='bbox 1245 5065 1300 5118; x_wconf 90' lang='lat' dir='ltr'><strong>et</strong></span> <span class='ocrx_word' id='word_1_700' title='bbox 1328 5060 1795 5137; x_wconf 75' lang='lat' dir='ltr'><strong>Qoisl._primus.</strong></span> 
     </span>
    </p>
   </div>
   <div class='ocr_carea' id='block_1_100' title="bbox 192 5132 1803 5218">
    <p class='ocr_par' dir='ltr' id='par_1_100' title="bbox 192 5132 1803 5218">
     <span class='ocr_line' id='line_1_100' title="bbox 192 5132 1803 5218; baseline -0.002 -27"><span class='ocrx_word' id='word_1_701' title='bbox 192 5132 566 5218; x_wconf 59' lang='grc' dir='ltr'>Εςὶξιῖπαισί.</span> <span class='ocrx_word' id='word_1_702' title='bbox 594 5134 828 5190; x_wconf 83' lang='lat' dir='ltr'><strong>Ibidem</strong></span> <span class='ocrx_word' id='word_1_703' title='bbox 849 5132 990 5190; x_wconf 90' lang='lat' dir='ltr'><strong>editi</strong></span> <span class='ocrx_word' id='word_1_704' title='bbox 1009 5136 1110 5208; x_wconf 82' lang='grc' dir='ltr'><strong>πρὸ</strong></span> <span class='ocrx_word' id='word_1_705' title='bbox 1142 5141 1242 5187; x_wconf 85' lang='grc' dir='ltr'>τῶν</span> <span class='ocrx_word' id='word_1_706' title='bbox 1280 5132 1471 5188; x_wconf 80' lang='grc' dir='ltr'>πυλῶν.</span> <span class='ocrx_word' id='word_1_707' title='bbox 1509 5132 1620 5191; x_wconf 81' lang='lat' dir='ltr'><strong>Sex</strong></span> <span class='ocrx_word' id='word_1_708' title='bbox 1654 5150 1803 5190; x_wconf 87' lang='lat' dir='ltr'><strong>mss.</strong></span> 
     </span>
    </p>
   </div>
   <div class='ocr_carea' id='block_1_101' title="bbox 191 5210 1805 5351">
    <p class='ocr_par' dir='ltr' id='par_1_101' title="bbox 191 5210 1805 5351">
     <span class='ocr_line' id='line_1_101' title="bbox 191 5210 570 5263; baseline 0 -1"><span class='ocrx_word' id='word_1_709' title='bbox 191 5213 265 5263; x_wconf 85' lang='lat' dir='ltr'><strong>ut</strong></span> <span class='ocrx_word' id='word_1_710' title='bbox 292 5210 353 5263; x_wconf 90' lang='lat' dir='ltr'><strong>in</strong></span> <span class='ocrx_word' id='word_1_711' title='bbox 381 5210 570 5263; x_wconf 86' lang='lat' dir='ltr'><strong>textu.</strong></span> 
     </span>
     <span class='ocr_line' id='line_1_102' title="bbox 270 5274 1805 5351; baseline 0.016 -31"><span class='ocrx_word' id='word_1_712' title='bbox 270 5278 780 5351; x_wconf 18' lang='lat' dir='ltr'><strong>(ﬁgite-#7021019.</strong></span> <span class='ocrx_word' id='word_1_713' title='bbox 811 5280 904 5351; x_wconf 81' lang='lat' dir='ltr'><strong>lta_</strong></span> <span class='ocrx_word' id='word_1_714' title='bbox 914 5279 1040 5351; x_wconf 79' lang='lat' dir='ltr'><strong>tres</strong></span> <span class='ocrx_word' id='word_1_715' title='bbox 1070 5274 1459 5351; x_wconf 80' lang='lat' dir='ltr'><strong>vetustissimi</strong></span> <span class='ocrx_word' id='word_1_716' title='bbox 1480 5292 1627 5334; x_wconf 86' lang='lat' dir='ltr'><strong>mss.</strong></span> <span class='ocrx_word' id='word_1_717' title='bbox 1652 5279 1805 5342; x_wconf 74' lang='lat' dir='ltr'><strong>Qua-</strong></span> 
     </span>
    </p>
   </div>
   <div class='ocr_carea' id='block_1_102' title="bbox 197 5346 1426 5424">
    <p class='ocr_par' dir='ltr' id='par_1_102' title="bbox 197 5346 1426 5424">
     <span class='ocr_line' id='line_1_103' title="bbox 197 5346 1426 5424; baseline -0.007 -17"><span class='ocrx_word' id='word_1_718' title='bbox 197 5346 335 5407; x_wconf 84' lang='lat' dir='ltr'><strong>tuor</strong></span> <span class='ocrx_word' id='word_1_719' title='bbox 356 5346 858 5424; x_wconf 60' lang='grc' dir='ltr'>ἐιίϋῖξαρκέσουσι.</span> <span class='ocrx_word' id='word_1_720' title='bbox 889 5347 1048 5424; x_wconf 60' lang='lat' dir='ltr'><strong>Editi</strong></span> <span class='ocrx_word' id='word_1_721' title='bbox 1076 5346 1426 5424; x_wconf 66' lang='grc' dir='ltr'>ἐπαρκέσουσι</span> 
     </span>
    </p>
   </div>
   <div class='ocr_carea' id='block_1_103' title="bbox 212 5417 1805 5511">
    <p class='ocr_par' dir='ltr' id='par_1_103' title="bbox 212 5417 1805 5511">
     <span class='ocr_line' id='line_1_104' title="bbox 212 5417 1805 5511; baseline -0.011 -20"><span class='ocrx_word' id='word_1_722' title='bbox 212 5492 225 5499; x_wconf 70' lang='grc'><strong><em>,</em></strong></span> <span class='ocrx_word' id='word_1_723' title='bbox 273 5417 643 5511; x_wconf 52' lang='grc' dir='ltr'><strong>(ἐξὲξίἰπῐλθῃ.</strong></span> <span class='ocrx_word' id='word_1_724' title='bbox 702 5422 963 5492; x_wconf 90' lang='lat' dir='ltr'><strong>Uterque</strong></span> <span class='ocrx_word' id='word_1_725' title='bbox 1016 5417 1235 5490; x_wconf 83' lang='lat' dir='ltr'><strong>Regius</strong></span> <span class='ocrx_word' id='word_1_726' title='bbox 1263 5424 1321 5474; x_wconf 86' lang='lat' dir='ltr'><strong>et</strong></span> <span class='ocrx_word' id='word_1_727' title='bbox 1350 5417 1522 5475; x_wconf 89' lang='lat' dir='ltr'><strong>Coisl.</strong></span> <span class='ocrx_word' id='word_1_728' title='bbox 1571 5418 1805 5492; x_wconf 88' lang='lat' dir='ltr'><strong>primus</strong></span> 
     </span>
    </p>
   </div>
   <div class='ocr_carea' id='block_1_104' title="bbox 202 5491 1809 5689">
    <p class='ocr_par' dir='ltr' id='par_1_104' title="bbox 202 5491 1809 5689">
     <span class='ocr_line' id='line_1_105' title="bbox 202 5491 1809 5689; baseline -0.004 -70"><span class='ocrx_word' id='word_1_729' title='bbox 202 5491 813 5689; x_wconf 52' lang='grc' dir='ltr'>ῖῖἓῗῑῖῖεπιὸείξεσθε.</span> <span class='ocrx_word' id='word_1_730' title='bbox 850 5558 1030 5618; x_wconf 90' lang='lat' dir='ltr'><strong>Coisl.</strong></span> <span class='ocrx_word' id='word_1_731' title='bbox 1070 5559 1308 5634; x_wconf 88' lang='lat' dir='ltr'><strong>primus</strong></span> <span class='ocrx_word' id='word_1_732' title='bbox 1346 5564 1404 5617; x_wconf 89' lang='lat' dir='ltr'><strong>et</strong></span> <span class='ocrx_word' id='word_1_733' title='bbox 1456 5560 1639 5620; x_wconf 87' lang='lat' dir='ltr'><strong>Harl..</strong></span> <span class='ocrx_word' id='word_1_734' title='bbox 1689 5564 1809 5614; x_wconf 79' lang='grc' dir='ltr'>ἔπι-</span> 
     </span>
     <span class='ocr_line' id='line_1_106' title="bbox 246 5653 465 5689; baseline 0.005 -1"><span class='ocrx_word' id='word_1_735' title='bbox 246 5653 271 5688; x_wconf 79' lang='grc' dir='ltr'><strong>ε</strong></span> <span class='ocrx_word' id='word_1_736' title='bbox 323 5654 355 5689; x_wconf 73' lang='grc' dir='ltr'><strong>η</strong></span> <span class='ocrx_word' id='word_1_737' title='bbox 426 5656 465 5689; x_wconf 84' lang='grc' dir='ltr'><strong>ε.</strong></span> 
     </span>
    </p>
   </div>
   <div class='ocr_carea' id='block_1_105' title="bbox 246 5634 1816 5784">
    <p class='ocr_par' dir='ltr' id='par_1_105' title="bbox 246 5634 1816 5784">
     <span class='ocr_line' id='line_1_107' title="bbox 246 5634 1816 5784; baseline -0.011 -15"><span class='ocrx_word' id='word_1_738' title='bbox 246 5634 622 5784; x_wconf 46' lang='grc' dir='ltr'>εέῗὲἷθὲαθεῖν.</span> <span class='ocrx_word' id='word_1_739' title='bbox 644 5710 741 5767; x_wconf 83' lang='lat' dir='ltr'><strong>Ita</strong></span> <span class='ocrx_word' id='word_1_740' title='bbox 769 5708 893 5764; x_wconf 83' lang='lat' dir='ltr'><strong>tres</strong></span> <span class='ocrx_word' id='word_1_741' title='bbox 921 5703 1317 5763; x_wconf 84' lang='lat' dir='ltr'><strong>vetustissimi</strong></span> <span class='ocrx_word' id='word_1_742' title='bbox 1333 5719 1482 5761; x_wconf 83' lang='lat' dir='ltr'><strong>mss.</strong></span> <span class='ocrx_word' id='word_1_743' title='bbox 1510 5703 1662 5763; x_wconf 82' lang='lat' dir='ltr'><strong>Editi</strong></span> <span class='ocrx_word' id='word_1_744' title='bbox 1685 5723 1816 5778; x_wconf 80' lang='grc' dir='ltr'>μαν-</span> 
     </span>
    </p>
   </div>
   <div class='ocr_carea' id='block_1_106' title="bbox 1920 4776 3572 4852">
    <p class='ocr_par' dir='ltr' id='par_1_106' title="bbox 1920 4776 3572 4852">
     <span class='ocr_line' id='line_1_108' title="bbox 1920 4776 3572 4852; baseline 0.001 -20"><span class='ocrx_word' id='word_1_745' title='bbox 1920 4781 2105 4852; x_wconf 74' lang='grc' dir='ltr'>θάνειν.</span> <span class='ocrx_word' id='word_1_746' title='bbox 2152 4777 2333 4835; x_wconf 81' lang='lat' dir='ltr'><strong>Paulo</strong></span> <span class='ocrx_word' id='word_1_747' title='bbox 2352 4783 2489 4852; x_wconf 91' lang='lat' dir='ltr'><strong>post</strong></span> <span class='ocrx_word' id='word_1_748' title='bbox 2513 4778 2730 4850; x_wconf 82' lang='lat' dir='ltr'><strong>Regius</strong></span> <span class='ocrx_word' id='word_1_749' title='bbox 2762 4781 3011 4851; x_wconf 89' lang='lat' dir='ltr'><strong>uterque</strong></span> <span class='ocrx_word' id='word_1_750' title='bbox 3039 4783 3095 4834; x_wconf 90' lang='lat' dir='ltr'><strong>et</strong></span> <span class='ocrx_word' id='word_1_751' title='bbox 3125 4776 3304 4835; x_wconf 91' lang='lat' dir='ltr'><strong>Coisl.</strong></span> <span class='ocrx_word' id='word_1_752' title='bbox 3338 4776 3572 4850; x_wconf 90' lang='lat' dir='ltr'><strong>primus</strong></span> 
     </span>
    </p>
   </div>
   <div class='ocr_carea' id='block_1_107' title="bbox 1916 4850 2332 4924">
    <p class='ocr_par' dir='ltr' id='par_1_107' title="bbox 1916 4850 2332 4924">
     <span class='ocr_line' id='line_1_109' title="bbox 1916 4850 2332 4924; baseline 0.005 -21"><span class='ocrx_word' id='word_1_753' title='bbox 1916 4850 2332 4924; x_wconf 66' lang='grc' dir='ltr'>ὑπολειφθέντας.</span> 
     </span>
    </p>
   </div>
   <div class='ocr_carea' id='block_1_108' title="bbox 1988 4918 3571 4994">
    <p class='ocr_par' dir='ltr' id='par_1_108' title="bbox 1988 4918 3571 4994">
     <span class='ocr_line' id='line_1_110' title="bbox 1988 4918 3571 4994; baseline -0.001 -17"><span class='ocrx_word' id='word_1_754' title='bbox 1988 4918 2508 4994; x_wconf 49' lang='grc' dir='ltr'><strong>(48)-Ἐκκηρύξωσι.</strong></span> <span class='ocrx_word' id='word_1_755' title='bbox 2546 4924 2627 4977; x_wconf 80' lang='lat' dir='ltr'><strong>ita</strong></span> <span class='ocrx_word' id='word_1_756' title='bbox 2666 4924 2813 4994; x_wconf 66' lang='lat' dir='ltr'><strong>tres</strong></span> <span class='ocrx_word' id='word_1_757' title='bbox 2846 4918 3232 4994; x_wconf 78' lang='lat' dir='ltr'><strong>vetustissimi</strong></span> <span class='ocrx_word' id='word_1_758' title='bbox 3284 4919 3523 4994; x_wconf 82' lang='lat' dir='ltr'><strong>codices</strong></span> <span class='ocrx_word' id='word_1_759' title='bbox 3556 4936 3571 4975; x_wconf 89' lang='lat'><strong>:</strong></span> 
     </span>
    </p>
   </div>
   <div class='ocr_carea' id='block_1_109' title="bbox 1916 4990 3573 5066">
    <p class='ocr_par' dir='ltr' id='par_1_109' title="bbox 1916 4990 3573 5066">
     <span class='ocr_line' id='line_1_111' title="bbox 1916 4990 3573 5066; baseline -0.001 -18"><span class='ocrx_word' id='word_1_760' title='bbox 1916 4990 2034 5066; x_wconf 64' lang='lat' dir='ltr'><strong>ires</strong></span> <span class='ocrx_word' id='word_1_761' title='bbox 2073 4990 2168 5048; x_wconf 66' lang='lat' dir='ltr'><strong>alii</strong></span> <span class='ocrx_word' id='word_1_762' title='bbox 2196 4990 2602 5066; x_wconf 15' lang='lat' dir='ltr'><strong>i’Exxn‘oquum.</strong></span> <span class='ocrx_word' id='word_1_763' title='bbox 2665 4990 2815 5066; x_wconf 67' lang='lat' dir='ltr'><strong>Editi</strong></span> <span class='ocrx_word' id='word_1_764' title='bbox 2840 5062 2850 5066; x_wconf 84' lang='lat'><em>_</em></span> <span class='ocrx_word' id='word_1_765' title='bbox 2870 4990 3257 5066; x_wconf 58' lang='grc' dir='ltr'>ἐκριζώσουσι,</span> <span class='ocrx_word' id='word_1_766' title='bbox 3282 4991 3573 5066; x_wconf 73' lang='grc' dir='ltr'>Εναιίίσᾳ-</span> 
     </span>
    </p>
   </div>
   <div class='ocr_carea' id='block_1_110' title="bbox 1918 5062 3573 5121">
    <p class='ocr_par' dir='ltr' id='par_1_110' title="bbox 1918 5062 3573 5121">
     <span class='ocr_line' id='line_1_112' title="bbox 1918 5062 3573 5121; baseline -0.001 -2"><span class='ocrx_word' id='word_1_767' title='bbox 1918 5065 2175 5121; x_wconf 77' lang='lat' dir='ltr'><strong>bunt.Ex</strong></span> <span class='ocrx_word' id='word_1_768' title='bbox 2194 5065 2307 5119; x_wconf 88' lang='lat' dir='ltr'><strong>hac</strong></span> <span class='ocrx_word' id='word_1_769' title='bbox 2331 5062 2533 5118; x_wconf 82' lang='lat' dir='ltr'><strong>autem</strong></span> <span class='ocrx_word' id='word_1_770' title='bbox 2552 5062 3100 5118; x_wconf 86' lang='lat' dir='ltr'><strong>vetustissimorum</strong></span> <span class='ocrx_word' id='word_1_771' title='bbox 3127 5062 3404 5118; x_wconf 89' lang='lat' dir='ltr'><strong>codicum</strong></span> <span class='ocrx_word' id='word_1_772' title='bbox 3426 5062 3573 5118; x_wconf 91' lang='lat' dir='ltr'><strong>scri-</strong></span> 
     </span>
    </p>
   </div>
   <div class='ocr_carea' id='block_1_111' title="bbox 1914 5131 3575 5208">
    <p class='ocr_par' dir='ltr' id='par_1_111' title="bbox 1914 5131 3575 5208">
     <span class='ocr_line' id='line_1_113' title="bbox 1914 5131 3575 5208; baseline -0.002 -19"><span class='ocrx_word' id='word_1_773' title='bbox 1914 5140 2105 5208; x_wconf 77' lang='lat' dir='ltr'><strong>ptura</strong></span> <span class='ocrx_word' id='word_1_774' title='bbox 2135 5139 2299 5208; x_wconf 81' lang='lat' dir='ltr'><strong>patet</strong></span> <span class='ocrx_word' id='word_1_775' title='bbox 2327 5133 2600 5208; x_wconf 76' lang='lat' dir='ltr'><strong>similiter</strong></span> <span class='ocrx_word' id='word_1_776' title='bbox 2622 5132 2947 5208; x_wconf 65' lang='lat' dir='ltr'><strong>legendum</strong></span> <span class='ocrx_word' id='word_1_777' title='bbox 2992 5149 3147 5208; x_wconf 72' lang='lat' dir='ltr'><strong>esse</strong></span> <span class='ocrx_word' id='word_1_778' title='bbox 3183 5131 3575 5186; x_wconf 71' lang='grc' dir='ltr'>ἀνανεώσωνται</span> 
     </span>
    </p>
   </div>
   <div class='ocr_carea' id='block_1_112' title="bbox 1915 5203 3574 5332">
    <p class='ocr_par' dir='ltr' id='par_1_112' title="bbox 1915 5203 3574 5332">
     <span class='ocr_line' id='line_1_114' title="bbox 1915 5203 3574 5332; baseline -0.001 -70"><span class='ocrx_word' id='word_1_779' title='bbox 1915 5203 1976 5332; x_wconf 48' lang='grc' dir='ltr'><strong>ἐξ</strong></span> <span class='ocrx_word' id='word_1_780' title='bbox 2002 5203 2360 5290; x_wconf 67' lang='grc' dir='ltr'>διαλέξωνται,</span> <span class='ocrx_word' id='word_1_781' title='bbox 2392 5205 2558 5277; x_wconf 87' lang='lat' dir='ltr'><strong>quod</strong></span> <span class='ocrx_word' id='word_1_782' title='bbox 2587 5204 2785 5261; x_wconf 93' lang='lat' dir='ltr'><strong>lucem</strong></span> <span class='ocrx_word' id='word_1_783' title='bbox 2834 5204 3005 5261; x_wconf 82' lang='lat' dir='ltr'><strong>aﬁ&#39;ert</strong></span> <span class='ocrx_word' id='word_1_784' title='bbox 3030 5204 3354 5262; x_wconf 90' lang='lat' dir='ltr'><strong>verborum</strong></span> <span class='ocrx_word' id='word_1_785' title='bbox 3403 5220 3574 5262; x_wconf 90' lang='lat' dir='ltr'><strong>com-</strong></span> 
     </span>
     <span class='ocr_line' id='line_1_115' title="bbox 1915 5292 2196 5332; baseline 0 0"><span class='ocrx_word' id='word_1_786' title='bbox 1915 5295 1953 5332; x_wconf 86' lang='lat' dir='ltr'><strong>n</strong></span> <span class='ocrx_word' id='word_1_787' title='bbox 1982 5292 2196 5332; x_wconf 77' lang='lat' dir='ltr'><strong>exiom.</strong></span> 
     </span>
    </p>
   </div>
   <div class='ocr_carea' id='block_1_113' title="bbox 1982 5292 2196 5333">
    <p class='ocr_par' dir='ltr' id='par_1_113' title="bbox 1982 5292 2196 5333">
     <span class='ocr_line' id='line_1_116' title="bbox 1982 5292 2196 5333; baseline -0.005 0"><span class='ocrx_word' id='word_1_788' title='bbox 1982 5292 2196 5333; x_wconf 76' lang='lat' dir='ltr'><strong>CXIODI.</strong></span> 
     </span>
    </p>
   </div>
   <div class='ocr_carea' id='block_1_114' title="bbox 1914 5295 3577 5420">
    <p class='ocr_par' dir='ltr' id='par_1_114' title="bbox 1914 5295 3577 5420">
     <span class='ocr_line' id='line_1_117' title="bbox 1960 5295 2196 5333; baseline 0 -1"><span class='ocrx_word' id='word_1_789' title='bbox 1960 5295 2196 5333; x_wconf 75' lang='lat' dir='ltr'><strong>leXlonl.</strong></span> 
     </span>
     <span class='ocr_line' id='line_1_118' title="bbox 1914 5295 3577 5420; baseline -0.005 -15"><span class='ocrx_word' id='word_1_790' title='bbox 1914 5295 1953 5350; x_wconf 64' lang='grc' dir='ltr'><strong><em>Ρ</em></strong></span> <span class='ocrx_word' id='word_1_791' title='bbox 1986 5352 2099 5420; x_wconf 71' lang='grc'>(49)</span> <span class='ocrx_word' id='word_1_792' title='bbox 2131 5346 2636 5420; x_wconf 65' lang='grc' dir='ltr'>Συνάγοντε;.ᾘξῑι“).</span> <span class='ocrx_word' id='word_1_793' title='bbox 2677 5349 2732 5402; x_wconf 89' lang='lat' dir='ltr'><strong>et</strong></span> <span class='ocrx_word' id='word_1_794' title='bbox 2756 5345 2937 5404; x_wconf 88' lang='lat' dir='ltr'><strong>Coisl.</strong></span> <span class='ocrx_word' id='word_1_795' title='bbox 2976 5348 3210 5419; x_wconf 88' lang='lat' dir='ltr'><strong>primus</strong></span> <span class='ocrx_word' id='word_1_796' title='bbox 3252 5349 3577 5420; x_wconf 66' lang='grc' dir='ltr'>συναγαγον-</span> 
     </span>
    </p>
   </div>
   <div class='ocr_carea' id='block_1_115' title="bbox 1914 5416 3573 5492">
    <p class='ocr_par' dir='ltr' id='par_1_115' title="bbox 1914 5416 3573 5492">
     <span class='ocr_line' id='line_1_119' title="bbox 1914 5416 3573 5492; baseline 0 -19"><span class='ocrx_word' id='word_1_797' title='bbox 1914 5416 2012 5481; x_wconf 70' lang='grc' dir='ltr'>τες.</span> <span class='ocrx_word' id='word_1_798' title='bbox 2043 5418 2228 5476; x_wconf 89' lang='lat' dir='ltr'><strong>Paulo</strong></span> <span class='ocrx_word' id='word_1_799' title='bbox 2250 5416 2385 5491; x_wconf 75' lang='lat' dir='ltr'><strong>post</strong></span> <span class='ocrx_word' id='word_1_800' title='bbox 2411 5418 2549 5475; x_wconf 87' lang='lat' dir='ltr'><strong>editi</strong></span> <span class='ocrx_word' id='word_1_801' title='bbox 2582 5418 2929 5492; x_wconf 79' lang='grc' dir='ltr'>ἐλεεινότερον.</span> <span class='ocrx_word' id='word_1_802' title='bbox 2961 5416 3197 5492; x_wconf 80' lang='lat' dir='ltr'><strong>Septem</strong></span> <span class='ocrx_word' id='word_1_803' title='bbox 3229 5416 3474 5474; x_wconf 54' lang='grc' dir='ltr'><strong>ωδε(ιῆ</strong></span> <span class='ocrx_word' id='word_1_804' title='bbox 3511 5416 3573 5473; x_wconf 93' lang='lat' dir='ltr'><strong>in</strong></span> 
     </span>
    </p>
   </div>
   <div class='ocr_carea' id='block_1_116' title="bbox 1918 5497 2097 5549">
    <p class='ocr_par' dir='ltr' id='par_1_116' title="bbox 1918 5497 2097 5549">
     <span class='ocr_line' id='line_1_120' title="bbox 1918 5497 2097 5549; baseline -0.034 0"><span class='ocrx_word' id='word_1_805' title='bbox 1918 5497 2097 5549; x_wconf 85' lang='lat' dir='ltr'><strong>textu.</strong></span> 
     </span>
    </p>
   </div>
   <div class='ocr_carea' id='block_1_117' title="bbox 1922 5554 3577 5698">
    <p class='ocr_par' dir='ltr' id='par_1_117' title="bbox 1922 5554 3577 5698">
     <span class='ocr_line' id='line_1_121' title="bbox 1922 5554 3577 5698; baseline -0.012 -68"><span class='ocrx_word' id='word_1_806' title='bbox 1922 5636 1952 5698; x_wconf 67' lang='grc' dir='ltr'><strong><em>ξ</em></strong></span> <span class='ocrx_word' id='word_1_807' title='bbox 1977 5567 2099 5652; x_wconf 59' lang='lat'><strong>~150)</strong></span> <span class='ocrx_word' id='word_1_808' title='bbox 2124 5558 2477 5637; x_wconf 74' lang='grc' dir='ltr'>Ὀρθοδοξεῖν.</span> <span class='ocrx_word' id='word_1_809' title='bbox 2510 5561 2689 5632; x_wconf 68' lang='lat' dir='ltr'><strong>Harl,</strong></span> <span class='ocrx_word' id='word_1_810' title='bbox 2711 5564 2837 5619; x_wconf 85' lang='lat' dir='ltr'><strong>Vat.</strong></span> <span class='ocrx_word' id='word_1_811' title='bbox 2862 5564 2919 5619; x_wconf 90' lang='lat' dir='ltr'><strong>et</strong></span> <span class='ocrx_word' id='word_1_812' title='bbox 2953 5564 3093 5632; x_wconf 89' lang='lat' dir='ltr'><strong>Reg.</strong></span> <span class='ocrx_word' id='word_1_813' title='bbox 3117 5559 3350 5631; x_wconf 86' lang='lat' dir='ltr'><strong>primus</strong></span> <span class='ocrx_word' id='word_1_814' title='bbox 3384 5554 3577 5632; x_wconf 81' lang='grc' dir='ltr'><strong>ὁμοδο-</strong></span> 
     </span>
     <span class='ocr_line' id='line_1_122' title="bbox 1955 5652 2046 5691; baseline -0.022 -4"><span class='ocrx_word' id='word_1_815' title='bbox 1955 5652 2046 5691; x_wconf 84' lang='grc' dir='ltr'>ειν.</span> 
     </span>
    </p>
   </div>
   <div class='ocr_carea' id='block_1_118' title="bbox 1955 5641 2046 5691">
    <p class='ocr_par' dir='ltr' id='par_1_118' title="bbox 1955 5641 2046 5691">
     <span class='ocr_line' id='line_1_123' title="bbox 1955 5641 2046 5691; baseline -0.022 -4"><span class='ocrx_word' id='word_1_816' title='bbox 1955 5641 2046 5691; x_wconf 87' lang='grc' dir='ltr'>εἰν.</span> 
     </span>
    </p>
   </div>
  </div>
