4078 6444
175 350 276 408 485

1220 351 1704 414 EPISTOLARUM
1741 350 2023 412 CLASSIS
2060 355 2130 416 ΙΙ.
2168 355 2383 416 EPIST.
2425 358 2603 417 XCIV.

3468 360 3576 418 486

178 483 295 550 τοῦ,
325 479 424 535 τὴν
461 481 753 531 κοινωνίαν
780 476 1059 552 λαμϐάνειν
1086 484 1150 552 τῇ
1196 475 1310 554 ἱδιᾳ
1348 483 1513 554 χειρὶ,
1546 475 1806 552 μηδαμῶς

1943 482 2410 542 :ommunionem
2430 500 2543 542 sua
2562 484 2755 559 ipsius
2777 500 2968 542 manu
2985 485 3280 559 accipere,
3306 486 3370 542 id
3393 502 3578 558 grave

191 565 312 622 εἶναι
356 565 504 642 βαρὺ
548 573 802 643 περιττόν
859 568 972 622 ἔστι
1036 566 1426 637 ἀποδεικνύναι,
1474 567 1568 622 διὰ
1608 572 1667 623 τὸ
1713 573 1805 622 καὶ

195 662 282 718 τήν
331 659 542 732 μακρὰν
612 659 896 718 συνήθειαν
962 664 1115 712 τοῦτο
1167 657 1242 713 δι’
1309 659 1478 712 αὐτῶν
1521 667 1621 712 τῶν
1667 678 1806 734 πρα-

194 749 399 821 γμάτων
435 750 854 805 πιστώσασθαι.
919 750 1114 812 Πάντες
1166 751 1266 822 γὰρ
1325 751 1374 802 οἱ
1411 751 1545 803 κατὰ
1564 750 1656 812 τὰς
1689 747 1808 823 ἐρή-

197 857 322 911 μους
350 836 465 906 (56)
521 839 856 926 μονάζοντες,
907 839 1027 890 ἔνθα
1083 841 1155 911 μὴ
1211 841 1352 892 ἔστιν
1395 840 1576 914 ἱερεὺς,
1621 857 1807 890 κοινω-

195 934 301 982 νίαν
343 932 481 982 οἶκοι
525 931 867 1000 κατέχοντες,
907 926 993 1001 ἀφ’
1048 928 1240 982 ἑαυτῶν
1299 927 1805 1002 μεταλαμϐάνουσιν.

195 1021 273 1076 Ἕν
323 1015 702 1093 ’Δλεξανδρείᾳ
753 1016 813 1072 δε
863 1025 952 1072 καὶ
1006 1018 1055 1072 ἐν
1117 1020 1364 1093 Αἰγύπτῳ
1446 1021 1665 1083 ἕκαστος
1721 1022 1811 1074 καὶ

190 1119 288 1164 τῶν
341 1109 393 1163 ἓν
432 1109 546 1180 λαῷ
610 1109 890 1162 τελούντων
940 1111 1006 1170 ὡς
1058 1107 1142 1162 ἰπὶ
1177 1112 1235 1162 τὸ
1283 1109 1524 1163 πλεῖστον
1562 1112 1809 1182 ἕχεικοι-

185 1205 371 1254 νωνίαν
422 1199 470 1253 ἐν
531 1206 605 1270 τῷ
655 1201 781 1272 οἴκῳ
841 1199 1024 1267 αὐτοῦ,
1072 1204 1164 1252 καί
1216 1202 1298 1253 ὅτε
1366 1199 1606 1274 βούλεται
1671 1200 1804 1272 (57),

191 1289 579 1364 μεταλαμϐάνει
629 1285 702 1341 δι’
753 1287 960 1342 ἑαυτοῦ.
1000 1289 1174 1354 Ἀπαξ
1209 1291 1311 1365 γὰρ
1359 1295 1455 1350 τὴν
1488 1292 1676 1343 θυσίαν
1714 1296 1806 1342 τοῦ

193 1384 364 1456 ἱερέως
417 1381 786 1441 τελειώσαντος
831 1383 921 1433 καὶ
979 1377 1294 1447 δεδωκότος,
1348 1380 1374 1433 ό
1425 1379 1595 1433 λαϐὼν
1645 1379 1809 1438 αὐτὴν

191 1476 267 1536 ὡς
305 1472 429 1530 ὃλην
456 1471 606 1544 ὁμοῦ,
641 1469 759 1523 καθ’
799 1468 1024 1529 ἑκάστην
1076 1469 1513 1544 μεταλαμϐάνων,
1540 1473 1686 1544 παρὰ
1715 1475 1807 1522 τοῦ

194 1558 494 1622 δεδωκότος
558 1560 771 1621 εἰκότως
835 1559 1243 1633 μεταλαμϐάνειν
1291 1563 1408 1631 {58)
1463 1565 1554 1612 καὶ
1609 1554 1809 1613 ὑποδί-

189 1655 393 1727 χεσθαι
435 1651 702 1710 πιστεύειν
751 1648 959 1722 ὀφείλει.
1003 1654 1104 1704 Καὶ
1151 1653 1253 1727 γὰρ
1284 1655 1375 1704 καὶ
1402 1649 1450 1703 ἐν
1493 1657 1556 1723 τῇ
1587 1648 1810 1708 Ἐκκλη-

193 1749 290 1816 σία
340 1743 366 1795 ὁ
409 1744 572 1815 ἱερεὺς
620 1735 911 1793 ἐπιδίδωσι
962 1745 1055 1801 τὴν
1101 1737 1312 1817 μερίδα,
1346 1744 1436 1794 καὶ
1471 1743 1687 1812 κατέχει
1721 1738 1811 1791 αὖ·

1913 585 2038 627 non
2068 587 2200 629 esse
2233 589 2679 648 supervacuum
2724 579 2815 631 est
2843 575 3198 645 ostendere;
3259 577 3402 649 quia
3455 577 3576 635 hoc

1916 660 2200 720 diuturna
2221 665 2596 722 consuetudo
2616 665 2763 739 ipsis
2783 665 2967 722 rebus
2989 665 3328 723 conﬁrmat.
3352 669 3576 724 Omnes

1917 752 2077 808 enim
2103 752 2162 808 in
2194 753 2620 811 solitudinibus
2643 755 2948 822 monachi,
2980 754 3084 811 ubi
3117 771 3241 812 non
3273 760 3362 814 est
3383 772 3580 814 sacer-

1917 839 2051 911 dos,
2074 843 2566 899 communionem
2598 844 2765 900 domi
2792 849 3123 915 servantes,
3161 845 3284 901 suis
3305 845 3578 918 ipsorum

1917 931 2202 988 manibus
2225 940 2491 992 sumunt.
2518 934 2898 991 Alexandriae
2931 939 3120 991 autem
3145 939 3202 992 et
3225 937 3284 992 in
3315 936 3578 1010 Egypto

1920 1019 2338 1094 unusquisque
2390 1022 2574 1078 etiam
2626 1022 2700 1078 de
2740 1021 2916 1096 plebe
2947 1027 3013 1080 ut
3041 1023 3370 1096 plurimum
3398 1025 3584 1084 habet

1919 1108 2086 1166 domi
2112 1111 2631 1180 communionem,
2671 1115 2728 1168 et
2751 1112 3000 1185 quando
3029 1112 3176 1182 vult,
3206 1130 3313 1195 per
3342 1131 3403 1172 se
3447 1118 3581 1189 ipse

1919 1197 1985 1256 ﬁt
2012 1197 2167 1254 illius
2196 1201 2516 1274 particeps.
2539 1203 2866 1274 Postquam
2894 1201 3055 1258 enim
3089 1203 3274 1260 semel
3297 1205 3580 1262 sacerdos

1921 1287 2283 1346 sacriﬁcium
2323 1289 2600 1358 absolvit,
2655 1306 2725 1347 ac
2780 1291 3048 1363 porrexit
3084 1309 3096 1348 :
3130 1293 3235 1365 qui
3287 1293 3458 1363 illud,
3517 1300 3583 1352 ut

1920 1382 2114 1434 totum
2149 1377 2328 1434 simul
2357 1379 2610 1451 accepit,
2659 1379 2709 1435 is
2752 1379 2901 1435 dum
2941 1381 3209 1453 quotidie
3239 1382 3581 1456 participat,

1921 1467 2134 1524 merito
2183 1467 2425 1524 credere
2477 1467 2658 1524 debet
2706 1485 2768 1524 se
2809 1469 2887 1526 ab
2918 1485 2988 1525 eo
3020 1470 3124 1544 qui
3153 1471 3320 1528 dedit
3344 1472 3584 1545 partici-

1921 1571 2068 1632 pare
2089 1558 2461 1629 etaccipere.
2521 1558 2838 1615 Enimvero
2868 1559 3047 1616 etiam
3091 1559 3153 1616 in
3193 1562 3454 1619 Ecclesia
3487 1578 3584 1618 sa-

1922 1645 2136 1702 cerdos
2167 1645 2419 1719 porrigit
2440 1650 2673 1718 partem
2706 1663 2719 1702 :
2753 1662 2941 1720 quam
2977 1649 3080 1720 qui
3135 1649 3402 1726 suscipit,
3443 1666 3579 1706 cum

1923 1735 2086 1794 omni
2113 1739 2406 1810 potestate
2431 1737 2664 1806 retinet,
2723 1741 2780 1794 et
2809 1736 2893 1794 sic
2918 1738 3007 1794 ori
3030 1737 3312 1796 admovet
3337 1740 3586 1814 propria

184 1838 282 1893 τὴν
340 1833 366 1885 ὁ
427 1828 826 1903 ὑποδεχόμενος
867 1829 978 1901 μετ’
1027 1829 1267 1895 ἐξουσίας
1298 1829 1532 1899 ἁπάσης,
1556 1835 1646 1883 καὶ
1677 1829 1811 1882 οὕτω

1943 1841 2131 1882 nanu.
2163 1829 2369 1899 Itaque
2395 1825 2556 1882 idem
2586 1825 2764 1891 valet,
2798 1826 2922 1883 sive
2960 1827 3096 1901 quis
3126 1833 3360 1901 partem
3393 1845 3582 1887 unam

177 1924 449 1999 προσάγει
487 1928 566 1974 τῶ
618 1923 844 1993 στόματι
903 1927 965 1994 τῇ
1012 1914 1126 1994 ἰδίᾳ
1180 1925 1348 1994 χειρί.
1389 1922 1590 1973 Ταυτὸν
1639 1923 1811 1972 τοίνυν

185 2013 304 2066 ἐστὶ
358 2019 426 2084 τῇ
494 2007 741 2083 δυνάμει,
774 2012 876 2063 εἴτε
905 2013 1029 2082 μίαν
1068 2006 1267 2084 μερίδα
1315 2005 1640 2081 δέξεταιητις
1668 2009 1814 2082 παρὰ

188 2108 282 2155 τοῦ
315 2101 512 2175 ἱερέως,
558 2101 660 2152 εἶτε
697 2096 914 2167 πολλὰς,
936 2093 1158 2174 μερίδας
1178 2100 1330 2172 ὁμοῦ.

765 2228 1106 2278 ΕΠΙΣΤΟΛΗ
1145 2209 1252 2286 SA’.

1924 1931 1961 1974 a
1991 1914 2303 1973 sacerdote
2329 1914 2604 1990 accipiat,
2629 1916 2752 1973 sive
2784 1917 3004 1975 multas
3030 1916 3229 1976 simul.

2470 2221 2805 2278 EPISTOLA
2842 2223 3040 2278 XCIV'.

194 2319 348 2376 Cum
372 2315 826 2385 amplissimum
854 2315 1172 2384 aediﬁcium
1200 2319 1574 2372 construeret
1605 2313 1892 2380 Basilius,
1951 2311 2092 2369 inde
2123 2311 2316 2385 _illius
2355 2311 2687 2385 accusandi
2704 2317 2956 2382 arrepta
2985 2327 3168 2369 causa
3202 2330 3214 2368 :
3249 2312 3368 2370 huc
3395 2327 3588 2370 acces'

260 2382 487 2446 serunt
521 2386 603 2443 ab
643 2387 938 2455 episcopis
967 2382 1396 2443 dissidentibus
1427 2388 1566 2443 alim
1596 2385 2069 2442 criminationes.
2108 2383 2381 2438 Primam
2407 2382 2851 2455 accusationem
2885 2385 3142 2452 repellit,
3161 2399 3233 2440 ac
3265 2385 3587 2452 adi/icium

257 2476 444 2517 suum
501 2453 889 2528 imperatoris
937 2459 1177 2527 judicio
1231 2458 1701 2529 comprobatum,
1735 2463 1790 2529 et
1816 2455 2189 2529 reipublicae
2220 2455 2382 2529 utile
2423 2469 2546 2511 esse
2569 2454 2757 2512 docet.
2804 2453 3065 2512 theras
3090 2455 3295 2528 differt
3321 2456 3385 2513 in
3417 2455 3593 2514 aliud

265 2539 527 2602 tempus.
569 2527 824 2588 Interim
853 2529 1171 2600 prasidem
1200 2527 1378 2601 rogat
1399 2535 1464 2586 ut
1485 2527 1836 2586 Alexandri
1856 2530 2090 2602 factum
2121 2527 2411 2584 imitetur.

506 2637 657 2712 Ἠλίᾳ
682 2638 908 2714 ἄρχοντι
944 2647 1038 2702 τῆς
1069 2637 1335 2713 ἐπαρχίας
1364 2638 1497 2710 (59),

278 2728 536 2802 Ὦρμησα
571 2733 658 2802 μὲν
708 2733 800 2782 καὶ
858 2727 1015 2792 αὐτὸς
1079 2727 1396 2782 καταλαϐεῖν
1466 2747 1560 2782 σου
1613 2732 1710 2789 τὴν
1749 2748 1824 2781 τι-

206 2824 478 2894 μιότητα,
530 2820 593 2882 ὡς
633 2817 694 2870 ἂν
744 2822 817 2892 μὴ
861 2826 921 2892 τῇ
971 2817 1240 2890 ἀπολείψει
1298 2817 1508 2872 ἔλαττόν
1547 2837 1600 2871 τι
1643 2822 1825 2892 ἔχοιμι

208 2919 320 2963 τῶν
381 2905 755 2962 διαϐαλλόντων
780 2923 794 2939 '
853 2906 962 2960 ἀλλ’
1005 2904 1187 2967 ἔπειδὴ
1223 2909 1252 2968 ἠ
1287 2906 1554 2984 ἆῤῥωστία
1597 2915 1687 2962 τοῦ
1730 2911 1828 2960 σώ-

209 3019 390 3075 ματος
439 2993 741 3067 διεκώλυσε,
813 2993 1163 3072 σφοδρότερον
1205 2996 1377 3070 πολλῷ
1421 3006 1517 3062 τῆς
1551 3000 1829 3060 συνηθείας

212 3089 510 3161 ἓπιθεμένη,
571 3085 864 3160 ἀναγκαίως
931 3084 1085 3146 ἦλθον
1151 3086 1236 3141 ἐπὶ
1297 3091 1354 3141 τὸ
1410 3088 1651 3164 γράμμα.
1695 3087 1829 3160 Ἐγὼ

2327 2633 2523 2690 Heliae
2553 2634 2777 2691 rectori
2801 2635 3158 2704 provinciae.

2002 2721 2288 2780 Volebam
2320 2727 2377 2778 et
2412 2722 2540 2796 ipse
2570 2726 2736 2779 tuam
2773 2721 3129 2792 dignitatem
3185 2723 3371 2795 adire,
3403 2739 3478 2781 ne
3514 2723 3594 2781 ob

1936 2813 2278 2871 absentiam
2311 2812 2512 2868 minus
2544 2811 2776 2886 aliquid
2812 2811 3122 2885 haberem,
3149 2829 3336 2886 quam
3367 2813 3472 2887 qui
3495 2829 3596 2870 ca-

1938 2900 2347 2967 lumniantur;
2401 2899 2506 2957 sed
2564 2900 2706 2974 quia
2737 2899 2981 2957 inﬁrma
3011 2901 3280 2974 corporis
3309 2901 3594 2958 valetudo

1936 2990 2266 3066 prohibuit,
2319 2989 2492 3046 solito
2513 2989 2690 3061 longe
2729 2989 3142 3047 vehementius
3165 2991 3476 3062 ingruens,
3500 3006 3599 3046 ne-

1940 3081 2203 3138 cessario
2236 3079 2316 3136 ad
2346 3078 2736 3136 scribendum
2782 3079 2941 3136 veni.
2972 3083 3094 3150 Ego
3121 3080 3318 3153 igitur,
3364 3081 3454 3137 vir
3485 3079 3598 3137 ad-

207 3184 405 3243 τοίνυν,
447 3175 485 3230 ὦ
540 3179 824 3252 θαυμάσιε,
879 3182 1158 3249 συντυχὼν
1203 3183 1383 3251 πρώην
1445 3185 1507 3250 τῇ
1564 3180 1826 3251 τιμιότητί

1943 3169 2234 3241 mirande,
2270 3185 2409 3226 cum
2433 3185 2628 3242 nuper
2657 3185 2780 3226 una
2804 3185 2944 3225 cum
2970 3173 3074 3226 tua
3093 3170 3444 3244 priestantia
3471 3185 3599 3226 ver-

205 3290 327 3336 σου,
389 3270 624 3342 ὥρμησα
664 3269 754 3340 μεν
813 3271 904 3320 καὶ
958 3272 1077 3342 περὶ
1146 3267 1352 3320 πάντων
1405 3275 1507 3320 τῶν
1549 3268 1684 3320 κατὰ
1742 3268 1830 3320 τὸν

207 3357 328 3434 βίον
388 3360 508 3418 (60)
566 3377 670 3431 μου
717 3357 1041 3430 πραγμάτων
1109 3355 1566 3411 ἁνακοινώσασθαί
1627 3375 1722 3408 σον
1765 3361 1828 3431 τῇ

204 3453 361 3523 φρονὰ
376 3467 460 3500 σει
488 3463 501 3478 ·
560 3449 789 3522 ὥρμησα
819 3441 878 3500 δὲ
907 3451 997 3499 καὶ
1025 3455 1125 3499 τῶν
1169 3445 1490 3505 Ἐκκλησιῶν
1516 3445 1662 3498 ἕνεκα
1682 3449 1835 3504 ποιη-

208 3540 416 3593 σασθαί
466 3537 586 3607 (61)
626 3556 744 3589 τινα
772 3535 946 3608 λόγον,
999 3540 1068 3598 ὡς
1106 3535 1166 3588 ἂν
1217 3541 1288 3610 μὴ
1322 3543 1439 3598 ταῖς
1485 3536 1616 3608 μετά
1669 3540 1835 3588 ταῦτα

210 3625 494 3689 διαϐολαῖς
533 3631 695 3701 χώρα
721 3645 798 3688 τις
827 3625 1180 3682 ὑπολείποιτο.
1243 3623 1385 3681 Ἀλλ’
1422 3623 1648 3697 ἐπέσχον
1679 3623 1835 3697 ἐμαυ-

209 3723 320 3785 τόν,
385 3717 732 3788 λογιζόμενος
807 3720 1076 3788 περίεργον
1164 3711 1293 3768 εἶναι
1380 3713 1662 3786 παντελῶς,
1744 3716 1835 3767 καὶ

209 3811 345 3885 πέρα
384 3806 505 3879 (62)
535 3812 630 3858 τοῦ
657 3807 846 3882 μέτρου
888 3805 1175 3879 φιλότιμον,
1223 3799 1379 3878 ἀνδρὶ
1417 3811 1667 3859 τοσοῦτον
1696 3803 1835 3866 πλῆ-

284 3933 401 4003 (56)
445 3931 728 4005 Ἐρήμους;
761 3930 921 4005 Multi
951 3947 1095 3986 mss.
1132 3928 1371 4005 ἔρημίοες.

286 3999 404 4074 (57⁷)
449 3999 545 4056 κάξ
576 3999 658 4056 ὅτι
692 4000 955 4074 βούλεται,
989 4007 1100 4059 etc.
1135 3999 1603 4074 Haécﬁdesuntin
1631 3999 1832 4074 editis,

212 4080 277 4132 at
292 4071 598 4144 leguntur
625 4071 1020 4129 in'codicibus
1050 4072 1224 4142 Med.,
1249 4071 1422 4129 Coisl.
1449 4071 1670 4145 primo,
1701 4073 1833 4128 Vat.

212 4152 276 4204 et
303 4145 599 4217 pluribus
615 4145 765 4217 aliis.

293 4215 408 4283 (758)
449 4215 924 4290 hieraluyﬁu'ystv._
975 4216 1256 4290 Nonnulli
1337 4231 1481 4272 mss.

213 4287 390 4369 ﬁctaest.
441 4287 605 4344 Idem
627 4285 700 4369 ei:
728 4287 1041 4344 Theodoro
1091 4287 1326 4369 Studita
1350 4285 1836 4369 quaesitumpum

212 4364 405 4427 esset,
454 4375 580 4415 non
625 4360 788 4431 idem
841 4374 1205 4431 responsum
1251 4356 1431 4431 dedit
1468 4374 1538 4414 ac
1563 4356 1831 4431 Basilius.

215 4435 635 4502 Interrogatus
674 4428 982 4502 enimah
1037 4447 1146 4502 per
1207 4445 1268 4485 se
1322 4429 1435 4502 ipsi
1457 4428 1749 4502 monachi
1780 4430 1837 4483 et

217 4499 980 4574 monialesEucharistiam
1007 4499 1280 4574 accipere
1304 4499 1558 4574 possint,
1586 4514 1836 4572 respon-

218 4573 334 4645 det
354 4573 414 4645 in
445 4573 614 4645 epist.
647 4577 753 4645 219
780 4571 918 4628 libri
943 4571 1212 4645 secundi,
1245 4571 1387 4644 pag.
1418 4574 1544 4640 738,
1564 4586 1640 4645 ne
1664 4571 1839 4645 sacra

217 4642 501 4718 quidem
529 4643 789 4718 donaria
829 4648 1074 4718 tangere
1113 4642 1348 4718 licitum
1377 4658 1532 4718 esse,
1577 4642 1834 4718 ἅπτεσθαι

220 4709 359 4769 ὧδε
416 4723 510 4767 τῶν
556 4718 704 4768 θείων
755 4709 1124 4788 ἀναθημάτων,
1205 4715 1279 4788 iis
1328 4716 1439 4788 qui
1512 4709 1841 4788 sacerdotii

213 4787 555 4860 participes
595 4802 718 4860 non
754 4784 935 4853 sunt,
974 4784 1114 4860 nec,
1156 4787 1278 4843 nisi
1299 4784 1466 4860 forte
1489 4784 1840 4841 necessitate

217 4857 500 4941 urgente,
556 4861 612 4914 si
661 4857 828 4941 desi_t_
853 4858 1187 4941 presbyter,
1247 4859 1342 4941 vel
1380 4858 1689 4941 diaconus.
1719 4870 1840 4941 per

211 4927 481 5002 seipsum
515 4945 753 5002 sumere
775 4927 1254 5002 Eucharistiam.
1285 4927 1604 5002 Quomodo
1635 4930 1838 5002 autem

212 4999 363 5060 tunc
434 5000 744 5056 sumenda
810 5003 908 5070 sit,
970 5000 1053 5072 sic
1102 4999 1435 5072 praescribit
1488 5015 1502 5055 :
1558 4999 1838 5072 Τιθεμένης

219 5074 418 5158 βίελοηΐ
479 5075 642 5158 ἱερέῐς,
698 5077 788 5125 καὶ
813 5069 1214 5158 ἐφάπλουμὲνης
1281 5070 1461 5158 ὁθρνης
1512 5069 1762 5158 ξαθρφᾶςν
1793 5069 1834 5156 ,ἦ

221 5139 368 5218 ἱερᾶς
399 5139 914 5215 ἐπικαλυμματίδος,
960 5139 1123 5196 ἐκεῖσε
1169 5149 1262 5195 τοῦ
1323 5139 1497 5218 δῶρον
1523 5139 1626 5218 ᾁπὸ
1651 5139 1842 5214 ’χειρὸς

223 5209 322 5268 σὺν
347 5215 486 5289 φόϐῳ
525 5209 877 5289 προτεθέντος,
902 5209 1048 5289 ’μετὰ
1085 5218 1175 5273 τὴν
1219 5209 1489 5286 ὑμνῳδίαν
1514 5209 1615 5264 ἀπὸ
1646 5209 1840 5284 στόμα-

222 5306 316 5348 τος
352 5269 577 5344 ληπτέον
610 5308 623 5321 ο
653 5285 748 5340 εἷθ’
781 5269 927 5340 οὕτω⁸
955 5269 1281 5346 διακλύσεωξ
1311 5271 1448 5337 οἷ’νου
1473 5270 1839 5356 γινομένηςτῷ

222 5358 538 5430 λαμϐάνοντι
571 5380 585 5392 ·
617 5359 822 5416 Posito
861 5373 1032 5430 sacro
1079 5357 1250 5430 libro,
1292 5363 1841 5430 extensoquepuro

231 5426 436 5496 linteo,
468 5437 576 5486 aut
592 5446 769 5486 sacro
801 5429 1117 5498 velamine,
1149 5429 1420 5496 deposita
1447 5427 1622 5497 prius
1651 5426 1782 5482 illic
1813 5439 1842 5481 e

228 5516 418 5555 manu
446 5517 578 5558 cum
616 5508 782 5559 metu
811 5515 994 5558 sacra
1039 5499 1454 5565 Eucharistia,
1496 5501 1628 5567 post
1672 5498 1842 5567 hym-

231 5587 446 5628 norum
478 5577 894 5632 recitationem
925 5585 1026 5627 ore
1053 5571 1211 5627 sumi
1245 5569 1436 5626 debet.
1469 5570 1706 5636 Postea,
1739 5568 1845 5640 qui

229 5645 482 5712 accepit,
511 5648 764 5704 abluere
792 5660 857 5700 os
889 5643 1027 5699 vino
1064 5642 1254 5699 debet.

305 5707 422 5788 (59)
461 5707 612 5796 sua,
643 5723 766 5780 etc.
789 5717 974 5776 Deest
998 5712 1178 5773 Heliae
1197 5726 1424 5772 nomen
1443 5711 1506 5771 in
1527 5707 1841 5773 codicibus

1572 4213 1834 4289 μεταλαμ-

1941 3275 2128 3328 sarer,
2158 3258 2442 3316 volebam
2489 3263 2548 3314 et
2604 3258 2680 3315 de
2715 3258 3002 3316 omnibus
3035 3260 3184 3316 meis
3206 3259 3602 3316 exterioribus

1943 3349 2197 3422 negotiis
2207 3365 2347 3405 cum
2368 3353 2472 3405 tua
2489 3347 2810 3420 prudentia
2820 3349 3271 3406 communicare
3288 3367 3301 3417 ;
3320 3348 3602 3406 volebam

1943 3443 2002 3498 et
2024 3439 2098 3496 de
2119 3438 2392 3495 Ecclesiis
2417 3453 2761 3494 sermonem
2777 3437 3111 3507 instituere,
3135 3443 3200 3496 ut
3221 3439 3369 3496 nihil
3389 3441 3602 3512 postea

1944 3527 2263 3587 calumniis
2313 3527 2431 3584 loci
2474 3526 2933 3600 relinqueretur.
2997 3527 3111 3585 Sed
3168 3544 3265 3584 me
3320 3529 3600 3602 repressi,

1945 3619 2194 3677 omnino
2215 3623 2650 3690 praeposterum
2672 3633 2801 3672 esse
2819 3615 3198 3686 existimans,
3217 3633 3287 3674 ac
3308 3617 3604 3674 immode-

1943 3712 2142 3767 ratum
2163 3706 2453 3776 studium,
2476 3706 2601 3762 viro
2623 3709 2790 3763 tanta
2812 3705 3195 3776 negotiorum
3218 3706 3602 3762 multitudine

1945 3802 2192 3858 onerato
2215 3813 2390 3853 curas
2415 3795 2637 3864 adhuc,
2662 3810 2886 3868 easque
2903 3810 3026 3851 non
3044 3795 3439 3866 necessarias,
3471 3794 3602 3867 inji-

1941 3923 2094 3984 Med.
2125 3925 2184 3980 et
2221 3921 2396 3994 Coisl.
2420 3920 2656 3994 primo:
2696 3918 2991 3992 reperitur
3033 3919 3094 3994 in
3133 3921 3276 3991 Reg.
3320 3924 3601 3994 utroque,

1945 3995 2125 4052 Coisl.
2157 3990 2445 4063 secundo,
2495 3992 2707 4059 Paris.,
2763 3990 3118 4048 etsecunda
3165 3990 3356 4049 manu
3377 3991 3438 4048 in
3462 3990 3606 4049 Har-

1942 4067 2163 4124 laeano.

2016 4138 2129 4208 (60)
2165 4137 2308 4190 Κατὰ
2349 4138 2460 4208 τόνῗ
2497 4134 2634 4208 βίον.
2688 4137 3024 4208 Pronomen
3089 4133 3256 4208 quod
3284 4134 3604 4208 sequitur,

1949 4205 2160 4268 referri
2186 4208 2366 4265 debet
2389 4207 2468 4264 ad
2488 4205 2836 4279 ἀτραγμᾴτων.
2890 4207 3021 4279 Non
3050 4205 3211 4279 enim
3241 4205 3303 4261 id
3327 4205 3472 4261 dicit
3491 4207 3609 4279 ΔΒεε-

1947 4283 2135 4353 silius,
2185 4279 2349 4353 quod
2393 4279 2472 4353 ab
2516 4276 2854 4353 eo'dictum
2908 4277 3326 4353 existimarunt
3357 4276 3614 4353 eruditi,

1944 4346 2224 4408 voluisse'
2253 4367 2315 4405 se
2371 4349 2552 4406 totius
2599 4349 2735 4404 vitae
2767 4365 2888 4404 suae
2943 4348 3241 4404 rationem
3273 4347 3446 4403 Heliae
3475 4346 3608 4403 red-

1945 4425 2104 4480 dere.
2155 4421 2471 4487 Distinguit
2518 4420 2681 4476 enim
2732 4419 2974 4488 negotia
2996 4418 3218 4482 illa,de
3257 4417 3481 4490 quibus
3509 4433 3605 4490 vo-

1945 4496 2136 4552 luerat
2161 4509 2300 4549 cum
2329 4492 2489 4548 Helia
2514 4491 2984 4561 communicare,
3043 4507 3078 4546 a
3132 4488 3385 4561 negotiis
3423 4488 3607 4543 eccle-

1948 4565 2221 4628 siasticis,
2251 4565 2311 4619 id
2343 4569 2433 4620 est
2457 4563 2537 4619 ad
2566 4563 2749 4618 ﬁdem
2780 4566 2839 4618 et
2889 4560 3276 4633 disciplinam
3306 4561 3607 4633 pertinen-

1947 4638 2128 4695 tibus.
2171 4639 2568 4708 Nequaquam
2607 4637 2815 4708 au_tem_
2848 4631 3083 4708 poterat
3120 4632 3252 4686 vitae
3279 4631 3400 4708 suae
3426 4631 3609 4708 ratio-

1947 4725 2088 4765 nem
2117 4700 2420 4774 reddére,’
2447 4705 2594 4778 quin
2642 4703 2821 4778 simul
2850 4700 2948 4778 _de
2985 4701 3165 4758 rebus
3191 4700 3610 4778 ecclesiasticis

1949 4783 2173 4850 ageret.
2207 4777 2312 4834 Illa
2340 4772 2487 4850 ergo
2510 4777 2646 4828 κατὰ
2699 4774 2815 4850 βίον
2840 4775 3150 4850 πράγματα.
3178 4778 3320 4850 su_nt
3366 4772 3612 4850 negotia

1949 4843 2268 4919 citeriora,
2301 4843 2447 4916 sive,
2475 4852 2538 4904 ut
2567 4843 3212 4919 vocant,_temporalia.
3249 4846 3313 4900 In
3335 4844 3508 4919 epist:
3542 4847 3603 4898 81

1949 4914 2286 4992 digniorem
2332 4914 2683 4992 episcopatu
2735 4914 3040 4992 existimat
3072 4929 3300 4992 senem_
3320 4914 3610 4992 omnibus

1947 4985 2264 5050 virtutibus
2322 4985 2624 5058 ornatum,
2675 5004 2862 5060 quam
2892 4987 3177 5058 juvenem
3216 4985 3300 5060 ad
3336 4986 3452 5042 hoc
3484 4993 3615 5060 tan-

1950 5070 2077 5122 tum
2130 5063 2415 5119 idoneum
2483 5064 2548 5115 ut
2603 5057 2994 5115 mittatur’et
3047 5058 3341 5114 exteriora
3372 5057 3616 5126 negotia

1948 5136 2446 5209 pertractet,1_rpb;
2492 5134 2552 5184 τὸ
2590 5130 2889 5204 πέμπεσθαι
2915 5128 3412 5209 καὶ-τὰςβιωτικὰς
3445 5127 3614 5209 ἀνύειν

1950 5200 2157 5280 χρείας.
2222 5200 2445 5260 Eodem
2477 5200 3105 5280 ‘sensu‘usurpantur
3145 5200 3206 5256 in
3260 5200 3430 5273 epist.
3489 5203 3612 5266 193,

1951 5271 2210 5350 ἶσχολίαι
2237 5284 2338 5329 τῶν
2365 5275 2501 5326 κατὰ
2529 5277 2616 5326 τόν
2643 5271 2774 5350 ’βίον
2800 5271 3146 5349 πραγμάτων,

2026 5339 2543 5422 (titillatio-uaeas:
2580 5339 2732 5401 Ed'iti
2788 5339 2879 5397 τοῦ
2895 5339 3272 5422 ζτὲοιῄσασθαι,
3307 5340 3416 5422 sed
3447 5339 3620 5422 deest

1955 5409 2239 5477 articulus
2268 5419 2329 5473 in
2359 5417 2644 5473 omnibus
2688 5432 2831 5471 mss.
2893 5415 3072 5472 Paulo
3103 5417 3240 5488 post
3268 5411 3405 5468 editi
3437 5409 3616 5463 ὑπολί-

1952 5511 2122 5545 ποιτο.
2155 5490 2432 5562 Quinque
2455 5505 2602 5544 mss.
2650 5491 2710 5544 ut
2739 5487 2799 5542 in
2823 5491 3006 5543 textu.
3285 5555 3296 5563 _
3424 5555 3459 5563 _
3542 5551 3553 5563 ,

2026 5565 2138 5634 (6'2)
2181 5555 2280 5615 Καὶ
2298 5555 2447 5634 πὲρᾳ.
2469 5564 2556 5616 Ita
2571 5576 2716 5634 mss.
2732 5574 2946 5634 omnes
2970 5556 3192 5634 :_editio_
3208 5555 3405 5634 pyima
3424 5555 3614 5634 Paris.

1954 5622 2046 5688 xui
2075 5622 2241 5704 παρά.
2275 5622 2459 5704 Paulo
2489 5635 2627 5704 post
2675 5629 2852 5704 Coisl.
2906 5622 3325 5704 primuAswiridp‘t
3356 5625 3612 5698 τοσούτῳ.

2026 5683 2241 5766 sua;
2266 5683 2867 5775 meminissent
2905 5683 3068 5758 esse
3098 5697 3226 5756 372.
