4078 6374
587 267 686 323 491

1139 389 1473 448 EPISTOLA
1514 387 1716 447 XCVI'.

1975 261 2031 318 S.
2075 255 2320 316 BASILII
2358 256 2579 318 MAGNI

3818 259 3900 322 492

2928 393 3259 445 El’IlZTOAIl
3299 373 3370 460 Se.-
3390 431 3405 447 .

581 518 969 573 Demonstrat
1007 517 1264 572 Basilius
1283 521 1577 587 quantum
1609 514 1843 588 afﬂicta
1877 510 2269 588 Cappadocia,
2292 509 2575 588 damnum
2590 515 2830 582 fecerit.
2859 517 3064 572 ablato
3095 517 3150 572 ei
3173 519 3657 583 praestantissimo
3678 525 3891 588 pressule

726 589 955 656 (Helia).
977 590 1171 659 Rogat
1201 594 1267 644 ut
1294 581 1470 644 illum
1501 581 1873 657 Sophronias
1903 581 2271 640 commendet
2300 581 2686 656 ImperatOri,
2709 593 2762 646 et
2793 588 3002 645 illatas
3027 588 3083 645 ei
3113 581 3556 648 criminationes
3586 581 3791 653 diluat.

1074 749 1412 820 Sophronia
1441 749 1754 822 magistro.

659 894 873 968 Ecquis
905 895 987 950 ita
1016 893 1312 950 civitatem
1341 908 1514 949 suam
1544 892 1818 962 diligens,
1851 906 1921 947 ac
1951 889 2237 963 patriam,

589 1002 624 1042 a
649 1001 774 1059 qua
803 985 995 1040 editus
1020 985 1081 1040 in
1108 983 1305 1038 lucem
1333 987 1389 1039 et
1433 983 1686 1039 nutritus
1720 997 1893 1054 aeque
1925 996 1995 1036 ac
2021 994 2243 1051 paren-

585 1078 672 1131 tes
702 1075 1027 1143 honorans,
1077 1073 1160 1128 uti
1215 1076 1278 1128 tu
1306 1072 1455 1143 ipse,
1497 1071 1604 1144 qui
1651 1075 1707 1127 et
1751 1070 1887 1126 urbi
1943 1069 2242 1124 universa

584 1163 913 1236 generatim
943 1168 1000 1218 et
1028 1163 1244 1236 cuique
1273 1161 1572 1230 sigillatim
1613 1160 1776 1216 bona
1809 1159 2095 1232 precaris,
2132 1173 2242 1212 nec

580 1253 842 1327 precaris
885 1253 1101 1319 solum,
1135 1252 1241 1308 sed
1287 1255 1429 1308 vota
1472 1251 1648 1307 etiam
1700 1265 1808 1322 per
1846 1254 1902 1305 te
1932 1249 2066 1321 ipse
2097 1263 2242 1302 con-

582 1345 788 1400 firmas
807 1345 835 1400 ?
867 1343 1002 1398 Haec
1027 1342 1189 1397 enim
1217 1344 1409 1413 potes,
1431 1344 1550 1396 Deo
1571 1340 1774 1401 dante,
1803 1342 1981 1410 atque
2014 1337 2243 1393 utinam

581 1433 782 1506 possis
804 1449 992 1505 quam
1024 1431 1381 1498 diutissime,
1412 1430 1493 1486 ita
1521 1430 1822 1500 benignus
1851 1444 1920 1484 ac
1951 1427 2238 1483 clemens.

583 1523 699 1581 Sed
764 1527 997 1586 tamen,
1056 1524 1171 1578 hac
1233 1527 1285 1578 te
1351 1525 1645 1594 potestate
1694 1519 1990 1592 prtedito,
2048 1519 2243 1590 patria

578 1617 786 1669 nostra
822 1614 994 1684 190
1029 1628 1134 1685 per
1163 1611 1470 1667 somnium
1496 1610 1685 1666 ditata
1716 1613 1824 1674 est,
1845 1609 1971 1664 viro
1992 1607 2241 1680 quidem

579 1701 934 1768 commissa,
991 1701 1234 1774 qualem
1286 1716 1409 1756 non
1461 1699 1647 1756 alium
1703 1698 1942 1764 dicunt,
1996 1697 2101 1771 qui
2146 1713 2240 1752 res

575 1794 813 1848 nostras
861 1791 1315 1863 antiquissimas
1359 1789 1575 1857 sciunt,
1627 1788 1687 1844 in
1741 1786 1987 1844 rectoris
2030 1786 2239 1842 sedem

575 1880 1038 1946 conscendisse;
1093 1880 1199 1936 sed
1255 1879 1371 1935 cito
1429 1895 1500 1935 eo
1552 1877 1789 1950 privata
1849 1876 2238 1949 improbitate

571 1970 1022 2032 nonnullorum,
1057 1969 1160 2042 qui
1192 1985 1264 2024 ex
1292 1968 1449 2024 illius
1479 1968 1668 2023 libero
1699 1972 1755 2023 et
1789 1966 1994 2022 nescio
2026 1981 2236 2022 assen-

569 2059 810 2115 tationis
837 2060 1042 2116 animo
1091 2075 1302 2114 ansam
1349 2057 1490 2114 belli
1539 2057 1592 2113 ei
1642 2055 1936 2112 inferendi
1968 2056 2236 2127 arripue-

567 2153 727 2217 runt,
797 2152 853 2204 et
903 2148 1242 2204 calumnias
1294 2147 1348 2203 ei
1400 2147 1834 2217 instruxerunt,
1899 2146 2059 2202 clam
2120 2151 2235 2200 tuae

565 2237 926 2310 praestantiae
970 2237 1238 2293 auribus.
1281 2237 1658 2307 Quapropter
1705 2251 1919 2290 omnes
1957 2234 2236 2290 universe

563 2326 863 2397 lugemus,
897 2331 1125 2381 rectore
1156 2325 1381 2391 ablato,
1411 2324 1515 2396 qui
1547 2323 1708 2380 solus
1741 2328 1981 2396 poterat
2015 2324 2144 2394 jam
2176 2322 2237 2378 in

563 2431 763 2487 genua
790 2415 1173 2488 provolutam
1206 2413 1418 2469 urbem
1449 2418 1723 2469 nostram
1759 2413 1961 2468 denuo
1984 2413 2234 2482 erigere,

562 2505 721 2580 sequi
769 2505 1001 2561 sincero
1033 2503 1302 2571 custode,
1345 2502 1573 2560 affabili
1627 2503 1912 2573 injuriam
1956 2501 2235 2574 patienti-

559 2597 702 2665 bus,
745 2595 991 2652 terribili
1042 2594 1556 2666 delinquentibus,
1591 2593 1878 2666 aequabili
1927 2598 1986 2649 et
2017 2594 2233 2652 eodem

557 2685 931 2759 pauperibus
979 2689 1035 2740 et
1087 2683 1398 2753 divitibus,
1428 2687 1485 2738 et
1536 2683 1703 2755 quod
1741 2683 2077 2739 maximum
2119 2688 2229 2750 est,

553 2791 651 2832 res
683 2775 1157 2832 Christianorum
1189 2773 1267 2829 ad
1297 2772 1616 2845 antiquum
1643 2772 1829 2829 decus
1866 2778 2215 2832 revocante.

555 2865 728 2932 Quod
755 2865 907 2922 enim
933 2881 969 2920 a
995 2863 1352 2920 muneribus
1381 2863 1658 2920 omnium
1686 2879 1842 2936 quos
1873 2863 2100 2919 scimus
2121 2864 2226 2919 ho-

553 2955 790 3011 minum
837 2953 1100 3010 maxime
1147 2953 1480 3017 abhorruit,
1526 2968 1638 3009 nec
1688 2953 1976 3025 cuiquam
2005 2957 2222 3025 praeter

544 3044 644 3117 jus
675 3043 1044 3116 gratiﬁcatus
1067 3046 1175 3110 est,
1200 3042 1264 3098 id
1287 3046 1352 3098 ut
1372 3042 1584 3098 exilius
1603 3042 1834 3098 caeteris
1853 3041 2012 3098 illius
2040 3041 2226 3098 virtu-'

549 3133 710 3190 tibus
735 3132 1269 3206 praetermittimus.
1305 3133 1439 3187 Haec
1485 3131 1737 3204 quidem
1786 3146 1918 3187 sero
1945 3130 2217 3187 testifica-

547 3237 708 3291 mur,
724 3221 1131 3292 nosmetipsos
1159 3235 1329 3276 more
1359 3235 1590 3285 eorum,
1615 3219 1720 3290 qui
1744 3218 1977 3274 naenias
2028 3221 2214 3276 canti-

547 3313 697 3379 tant,
729 3308 1136 3377 consolantes,
1169 3307 1320 3363 nihil
1342 3306 1526 3363 rebus
1558 3307 1761 3362 auxilii
1791 3306 2070 3363 ferentes.
2094 3302 2206 3365 Sed

548 3403 752 3455 tamen
783 3413 894 3453 nec
923 3397 1071 3452 illud
1099 3396 1328 3467 inutile,
1357 3400 1422 3452 ut
1447 3396 1557 3451 viri
1579 3397 1874 3453 memoria
1896 3397 1954 3452 in
1979 3412 2207 3467 magno

547 3491 652 3544 tuo
693 3490 933 3560 pectore
967 3485 1349 3554 recondatur,
1379 3485 1553 3558 eique
1600 3489 1666 3542 ut
1712 3486 1862 3542 bene
1910 3486 1984 3543 de
2013 3487 2207 3558 patria

546 3579 758 3634 merito
803 3576 1060 3647 gratiam
1097 3574 1366 3643 habeas;
1399 3591 1470 3631 ac
1510 3575 1559 3630 si
1609 3575 1746 3647 quis
1778 3591 1850 3631 ex
1880 3575 1972 3643 iis,
1999 3579 2104 3648 qui
2139 3593 2204 3634 se

538 3666 781 3738 justitite
805 3665 1179 3739 posthabitos
1199 3663 1380 3722 fuisse
1398 3663 1644 3720 moleste
1663 3664 1880 3734 ferunt,
1910 3665 1968 3720 in
1997 3666 2201 3738 ipsum

540 3756 945 3824 insurrexerit,
1003 3754 1225 3811 tuearis
1291 3771 1362 3811 ac
1427 3754 1738 3824 defendas,
1795 3755 2202 3829 omnibusque

540 3851 743 3920 aperte
789 3847 1168 3902 demonstres
1229 3860 1370 3900 eum
1428 3860 1464 3900 a
1514 3847 1569 3900 te
1623 3845 1775 3900 inter
1824 3846 2201 3902 necessarios

538 3935 760 3992 ascribi
803 3953 816 3990 :
859 3935 1004 3990 satis
1049 3949 1249 3990 causae
1281 3950 1413 3989 esse
1440 3937 1666 4006 putans
1699 3934 1776 3989 ad
1804 3935 2199 3991 necessitudi-

535 4040 695 4090 nem,
724 4028 854 4078 tum
883 4022 1116 4078 bonum
1156 4023 1231 4077 de
1269 4038 1340 4078 eo
1372 4022 1798 4092 testimonium,
1835 4027 1963 4078 tum
1997 4023 2197 4096 ipsam

533 4127 736 4168 rerum
757 4109 1208 4182 experientiam,
1229 4126 1366 4182 quas
1388 4111 1644 4181 tempori
1675 4111 1923 4166 minime
1944 4128 2194 4183 respon-

532 4200 651 4257 det.
673 4202 820 4255 Nam
837 4215 974 4271 quae
993 4214 1068 4254 ne
1085 4198 1288 4253 multis
1308 4198 1556 4270 quidem
1579 4199 1754 4255 annis
1778 4200 1856 4255 ab
1879 4199 1997 4256 alio
2021 4201 2188 4269 ﬁant,

530 4290 660 4345 haec
700 4288 868 4345 brevi
919 4293 1191 4357 tempore
1239 4287 1316 4342 ab
1358 4304 1428 4342 eo
1479 4287 1767 4360 perfecta.
1814 4291 1994 4344 Porro
2049 4289 2190 4345 satis

527 4394 822 4449 magnum
852 4377 1029 4433 nobis
1056 4376 1441 4444 beneﬁcium,
1465 4392 1535 4433 ac
1565 4393 1776 4433 eorum
1799 4393 1936 4450 quas
1960 4377 2191 4434 accide-

522 4472 665 4525 runt
681 4468 973 4537 solamen,
991 4466 1037 4522 si
1060 4470 1117 4522 et
1136 4466 1305 4522 illum
1327 4467 1722 4522 commendes
1743 4467 2118 4540 imperatori,
2135 4472 2190 4526 et

521 4557 714 4614 illatas
739 4556 792 4613 ei
813 4556 1262 4613 criminationes
1281 4556 1496 4613 diluas.
1532 4559 1665 4612 [Ith
1705 4556 1811 4612 tibi
1833 4557 2187 4614 universam

520 4647 794 4703 existima
822 4647 1079 4719 patriam
1101 4661 1225 4702 una
1254 4661 1400 4702 voce
1425 4661 1561 4702 mea
1581 4645 1892 4709 disserere.
1930 4662 1998 4702 ac
2023 4663 2185 4703 com-

522 4751 701 4792 mune
727 4736 999 4792 omnium
1022 4741 1231 4791 votum
1263 4750 1416 4804 esse,
1449 4738 1513 4790 ut
1536 4735 1902 4806 praestantiae
1925 4739 2041 4792 tuae
2066 4753 2180 4810 ope

515 4824 745 4896 aliquid
772 4825 912 4882 huic
943 4826 1070 4882 viro
1099 4840 1385 4897 prospere
1414 4840 1484 4881 ac
1513 4822 1760 4881 feliciter
1793 4824 1987 4882 cedat.

579 5165 599 5184 "
637 5163 797 5236 Alias
828 5165 1159 5236 CCCXXX”,
1193 5165 1414 5236 scripta
1453 5181 1615 5222 anno
1645 5171 1770 5226 372.

575 5241 682 5300 (73)
715 5235 832 5286 Ἐπὶ
877 5243 974 5310 τῶν
1007 5234 1260 5310 ἀρχίκῶν.
1313 5234 1395 5310 ita
1444 5237 1622 5310 Coisl.
1665 5239 2163 5310 uiterque,llarl.,

502 5310 642 5384 llcg.
677 5306 978 5384 secundus
1012 5314 1067 5384 et
1091 5307 1273 5384 Bigot.
1307 5307 1472 5364 alter.
1509 5309 1660 5384 Erliti
1691 5309 1771 5361 ἐπὶ
1802 5306 1888 5361 ἐὸν
1931 5306 2164 5384 ἀρχικὸν

501 5378 1102 5452 θρόνον.ω88ῖ1-ὴ[1,][13
1162 5378 1469 5448 scripturae
1533 5379 1819 5452 videntur
1876 5378 2163 5437 auctores

497 5449 680 5508 fuisse
708 5449 954 5515 librarii,
987 5451 1134 5522 dum
1164 5454 1438 5522 metuunt
1468 5465 1540 5504 ne
1567 5451 1914 5522 praepositio
1949 5453 2160 5508 minus

494 5527 651 5580 recte
671 5537 806 5577 cum
831 5521 1092 5592 genitivo
1113 5520 1534 5592 conjuugatur.
1572 5520 1715 5578 Eam
1756 5527 1958 5580 tamen
1986 5525 2160 5581 simi-

2283 709 2331 764 A
2871 752 3139 822 Σωφρονίῳ
3170 752 3437 823 μαγίστῳ.

2425 893 2526 941 Καὶ
2586 893 2662 950 τίς
2727 891 2859 943 οὕτω
2907 890 3192 964 φιλόπολις,
3243 892 3293 953 ὃς
3339 897 3430 951 τὴν
3495 896 3780 966 ἑνηκοῦσαν
3824 901 3894 948 καὶ

2353 977 2677 1052 Θρεψαμένην
2733 978 2971 1055 πατρίδα
3017 984 3113 1034 ἶσοι
3156 990 3367 1054 γονεῦσι
3421 991 3599 1056 τιμῶν,
3661 987 3719 1044 ὡς
3771 985 3894 1048 αὐτὸς

2355 1071 2440 1131 σὺ,
2473 1078 2618 1141 κοινῇ
2648 1089 2702 1122 τε
2731 1072 2875 1129 πάση
2916 1080 2976 1143 τῇ
3010 1071 3153 1124 πόλει
3183 1076 3272 1123 καὶ
3305 1069 3416 1145 ἰδίᾳ
3442 1072 3638 1145 ἑκάστῳ
3671 1077 3730 1125 τὰ
3760 1073 3896 1146 ἀγαθὰ

2354 1163 2772 1231 συνευχόμενος,
2825 1165 2915 1212 καὶ
2967 1161 3060 1212 οὐκ
3109 1161 3388 1233 εὐχόμενος
3439 1166 3624 1234 μόνον,
3667 1161 3781 1215 ἀλλα
3827 1168 3898 1215 καὶ

2356 1243 2578 1318 βεϐαιῶν
2630 1251 2723 1310 τὰς
2779 1250 2940 1321 εὐχὰς
2994 1247 3087 1302 διὰ
3136 1260 3369 1317 acturo-3;
3434 1254 3651 1304 Δύνασαι
3693 1255 3783 1325 γάρ
3822 1272 3898 1304 που

2356 1339 2450 1388 σὺν
2504 1344 2616 1407 Θεῷ
2667 1341 2731 1390 τὰ
2778 1347 3015 1406 τοιαῦτα,
3064 1345 3153 1392 καὶ
3208 1337 3390 1393 δύναιό
3435 1360 3492 1412 γε
3540 1341 3619 1393 ἐπὶ
3662 1348 3898 1412 μήκιστον,

2353 1425 2488 1476 οὕτω
2539 1431 2777 1499 χρηστός
2829 1433 2916 1479 ὧν.
2947 1428 3080 1480 Ἀλλ’
3118 1431 3251 1502 ὅμως
3292 1429 3374 1482 ἐπὶ
3408 1438 3501 1482 σοῦ
3553 1435 3666 1503 ὄναρ
3695 1430 3898 1488 ἐπλούτη-

2355 1533 2437 1566 σεν
2486 1517 2514 1572 ἡ
2550 1522 2734 1589 πατρὶς
2765 1519 2928 1590 ἡμῶν,
2974 1515 3144 1594 ἄνδρα
3186 1523 3275 1592 μὲν
3326 1523 3529 1592 ἔχουσα
3565 1524 3648 1572 τὸν
3681 1526 3765 1578 τὴν
3809 1521 3900 1572 ἐπι-

2350 1603 2552 1675 μέλειαν
2607 1606 2770 1666 αὐτῆς
2828 1605 3192 1681 ἐπιτραπέντα,
3241 1609 3346 1660 οἷον
3397 1612 3455 1660 οὗ
3514 1628 3662 1680 φασιν
3692 1609 3820 1660 ἄλλον
3863 1612 3900 1659 οἶ

2348 1697 2414 1745 τὰ
2469 1695 2796 1749 παλαιότατα
2840 1707 2938 1749 τῶν
2987 1697 3109 1772 παρ’
3144 1701 3268 1769 ἡμῖν
3328 1697 3658 1770 ἐπιστάμενοι
3709 1697 3783 1750 ἰπὶ
3823 1706 3898 1750 τῶν

2350 1781 2586 1856 ἁρχικῶν
2641 1787 2756 1858 (73)
2815 1789 3004 1861 θρόνων
3065 1792 3315 1862 πρότερον
3390 1787 3671 1847 ἀναϐῆναι·
3726 1787 3898 1864 ἐπηρείᾳ

2351 1870 2410 1928 δέ
2453 1894 2602 1929 τινων
2659 1875 3000 1951 ἀφαιρεθεῖσα
3057 1881 3282 1949 ταχέως,
3338 1877 3388 1930 οἳ
3433 1881 3489 1931 τὸ
3546 1878 3780 1951 ὲλεῡθερον
3828 1883 3896 1928 τοῦ

2349 1959 2534 2038 ἀνδρὸς
2564 1970 2653 2018 καὶ
2681 1963 2976 2020 ἀθωπευτον
2997 1974 3090 2018 τοῦ
3121 1971 3251 2040 πρὸς
3276 1967 3434 2020 αὐτὸν
3465 1967 3678 2040 πολέμου
3704 1966 3895 2040 ἀφορμήν

2348 2050 2680 2120 ἐποιήσαντο,
2711 2059 2800 2107 καὶ
2832 2051 3080 2116 διαϐολὰς
3109 2056 3252 2126 αὐτῷ
3275 2059 3679 2121 κατεσκεύασαν,
3701 2056 3895 2115 λαθόντες

2346 2143 2440 2202 τὰς
2471 2141 2629 2204 ἀκοὰς
2658 2152 2754 2206 τῆς
2796 2152 2893 2206 σῆς
2923 2143 3264 2206 τελειότητος.
3321 2151 3411 2200 Διό
3451 2143 3702 2218 πανδημεὶ
3747 2145 3894 2204 πάντες

2350 2233 2814 2305 σκυθρωπάζομεν,
2853 2235 3198 2305 ζημιωθέντες
3246 2235 3508 2308 ἄρχοντα,
3555 2239 3694 2308 μόνον
3718 2229 3893 2303 δυνάμι-

2345 2339 2428 2372 νον
2477 2326 2546 2382 εὶς
2587 2326 2710 2392 γόνυ
2763 2322 3030 2376 meam»
3075 2319 3182 2382 ἤδη
3233 2329 3326 2382 τὴν
3368 2325 3518 2380 πόλιν
3549 2328 3682 2397 ἡμῶν
3709 2322 3890 2392 ἀνορθῶ-

2349 2429 2457 2474 σαι,
2493 2409 2656 2470 ἀληθῆ
2697 2413 2807 2482 (74ὶ
2841 2412 3044 2483 φύλακα
3084 2421 3177 2466 τοῦ
3228 2410 3465 2486 δικαίου,
3503 2415 3766 2488 εὐπρόσιτον
3796 2415 3882 2469 τοῖς

2346 2498 2729 2575 ἀδικουμένοις,
2793 2503 3004 2578 φοϐερὸν
3055 2512 3164 2567 τοῖς
3226 2514 3640 2581 παρανομοῦσιν,
3679 2507 3770 2557 ἴσον
3812 2503 3884 2552 καὶ

2342 2595 2530 2649 πένησι
2595 2598 2684 2644 καὶ
2747 2592 3056 2661 πλουσίοις,
3110 2598 3201 2646 καὶ
3259 2598 3318 2647 τὸ
3392 2600 3650 2668 μέγιστον,
3703 2595 3759 2647 τὰ
3808 2597 3886 2642 τῶν

2341 2688 2668 2752 Χριστιανῶν
2698 2685 2987 2755 πράγματα
3031 2686 3164 2756 πρὸς
3209 2689 3304 2742 τὴν
3356 2684 3590 2758 ἀρχαίαν
3625 2683 3889 2751 ἐπανάγοντα

2336 2775 2513 2843 τιμήν.
2546 2775 2615 2824 Τὸ
2664 2773 2788 2846 γὰρ,
2830 2773 2910 2824 ὅτι
2963 2768 3297 2847 ἀδωρότατος
3336 2774 3411 2826 ὧν
3459 2779 3602 2847 ἴσμεν
3638 2772 3887 2846 ἀνθρώπων,

2333 2864 2422 2913 καὶ
2467 2857 2641 2914 οὐδενὶ
2698 2864 2812 2932 (75)
2869 2865 3014 2934 παρὰ
3077 2867 3133 2914 τὸ
3193 2859 3409 2918 δίκαιον
3458 2863 3798 2938 χαριζόμενος,
3837 2859 3889 2916 ὡς

2329 2955 2613 3023 μικρότερα
2660 2959 2755 3010 τῆς
2800 2950 2984 3014 λοιπῆς
3039 2953 3225 3024 αρετῆς
3280 2961 3382 3005 τοῦ
3429 2951 3615 3028 ἀνδρὸς
3659 2947 3888 3024 παρελίπο-

2327 3057 2437 3110 μεν.
2484 3046 2658 3092 Ταῠνα
2701 3039 2795 3110 ὀψε
2842 3043 2932 3112 μὶν
2961 3059 3052 3093 του
3101 3061 3287 3115 καιρου
3332 3049 3712 3116 μαρτυροῦμεν,
3743 3040 3881 3109 ὥσπερ

2326 3130 2375 3180 οἱ
2412 3126 2762 3201 μονῳδοῢντες
2827 3130 3041 3192 ἑαυτοὺς
3099 3135 3209 3202 (76)
3268 3135 3742 3207 παραμυθούμενοι,
3791 3126 3888 3196 οὐχὶ

2323 3216 2428 3280 τοῖς
2478 3220 2758 3293 πράγμασί
2810 3239 2863 3272 τι
2921 3229 3185 3282 ποιοῦντες
3238 3227 3520 3296 χρήσιμον
3549 3243 3562 3258 ο
3612 3217 3752 3278 πλὴν
3791 3210 3886 3269 οὐδὲ

2320 3316 2473 3360 τοῦτο
2539 3309 2816 3382 ἄχρηστον
2851 3351 2866 3378 ,
2935 3309 2983 3361 ἐν
3054 3318 3117 3382 τῇ
3186 3311 3391 3386 μεγάλῃ
3459 3332 3559 3366 σου
3621 3310 3760 3381 ψυχῇ
3814 3308 3884 3361 τὴν

2318 3403 2528 3471 μνήμην
2569 3407 2660 3450 τοῦ
2706 3395 2893 3474 ἀνδρὸς
2941 3397 3276 3468 ἀποκεῖσθαι,
3323 3404 3493 3475 χάριν
3537 3420 3590 3454 τε
3646 3395 3815 3452 εἰδέναι
3839 3395 3886 3451 ὡς

2317 3488 2551 3563 εὐεργέτῃ
2595 3497 2688 3551 τῆς
2729 3487 3037 3560 ἐνεγκούσης
3063 3510 3073 3521 ·
3131 3494 3221 3543 καὶ
3275 3493 3319 3543 εἶ
3374 3511 3455 3553 τις
3498 3489 3746 3562 ἐπιφύοιτο
3774 3483 3884 3552 αὐτῷ

2315 3585 2414 3628 τῶν
2483 3574 2576 3631 διὰ
2639 3581 2696 3630 τό
2760 3582 2832 3650 μὴ
2895 3581 3291 3651 προτιμηθῆναι
3352 3589 3452 3634 τοῦ
3514 3577 3712 3633 δικαίου
3759 3571 3887 3646 χαλι-

2314 3671 2613 3733 παινόντων,
2656 3664 2981 3742 ὑπἐρμαχέῐν
3021 3673 3111 3720 καὶ
3157 3671 3544 3744 προὶστασθαι,
3590 3675 3713 3722 πᾶσι
3764 3665 3885 3718 ποιή-

2314 3775 2478 3808 σαντα
2503 3761 2734 3829 φανερὸν,
2764 3759 2842 3809 ὅτι
2893 3757 3078 3810 οἰκεῖον
3139 3767 3340 3829 σεαυτῷ
3382 3764 3467 3812 τὸν
3503 3755 3667 3834 ἄνδρα
3692 3755 3883 3809 τίθεσαι,

2269 2079 2308 2132 Β

2237 3445 2278 3498 C

2313 3843 2573 3919 ἀρκοῦσαν
2615 3844 2851 3920 ἀφορμὴν
2896 3847 2966 3909 εἰς
3024 3845 3346 3914 οἰκειότητα,
3413 3853 3504 3908 τὴν
3549 3847 3738 3920 ἀγαθὴν
3791 3841 3884 3911 περὶ

2311 3935 2470 3987 αὐτοῦ
2530 3941 2822 4011 μαρτυρίαν
2888 3938 3193 4008 τιθέμενος,
3263 3942 3356 3990 καὶ
3428 3944 3521 3997 τὴν
3585 3945 3678 3990 τῶν
3739 3948 3882 4004 πραγ-

2308 4025 2482 4096 μάτων
2527 4033 2729 4099 πεῖραν,
2791 4025 2849 4078 οὗ
2907 4029 3043 4077 κατά
3099 4031 3190 4084 τὴν
3244 4035 3346 4078 τῶν
3393 4032 3594 4101 χρόνων
3639 4021 3876 4090 ἀναλογίαν

2307 4115 2676 4188 ὑπάρχουσαν.
2700 4113 2761 4168 Ἀ
2779 4118 2881 4188 γὰρ
2905 4112 3017 4168 οὐδ’
3041 4114 3099 4166 ἂν
3132 4114 3180 4168 ἓν
3211 4116 3421 4179 πολλοῖς
3454 4120 3589 4169 ἔτεσι
3608 4111 3720 4187 παρ’
3745 4108 3874 4162 ἄλλον

2305 4208 2524 4274 γένοιτο,
2588 4212 2755 4256 ταῦτα
2817 4204 2864 4257 ἐν
2932 4204 3089 4276 ὀλίγῳ
3151 4204 3271 4280 παρ’
3321 4207 3482 4259 αὐτοῦ
3547 4203 3872 4275 κατώρθωται.

2301 4300 2561 4364 Ἀρκοῡσα
2601 4290 2802 4366 δ’ἡμῖν
2849 4296 3032 4367 χάρις,
3081 4299 3173 4346 καὶ
3224 4303 3326 4346 τῶν
3380 4294 3682 4368 συμϐάντων
3735 4303 3877 4358 παρα-

2300 4384 2485 4454 μυθία,
2536 4383 2617 4435 ἐὰν
2675 4387 2762 4435 καὶ
2824 4382 3036 4455 βασίλεῖ
3090 4389 3370 4457 συστήσῃς
3430 4384 3608 4450 αὐτὸν,
3667 4383 3750 4432 καὶ
3799 4376 3872 4432 τὰς

2299 4471 2662 4543 ἐπενεχθείσας
2706 4472 2846 4543 αὐτῷ
2897 4469 3148 4534 διαϐολὰς
3193 4472 3561 4545 ἀποσκευάσῃ.
3611 4467 3777 4523 Ταῦτά
3808 4479 3876 4514 σθι

2296 4567 2469 4613 πᾶσαν
2521 4566 2633 4614 οἴου
2685 4567 2779 4620 τὴν
2845 4559 3082 4635 πατρίδα
3148 4559 3240 4615 διὰ
3308 4571 3432 4634 μιᾶς
3500 4569 3591 4622 τῆς
3651 4558 3875 4629 ἡμετέρας

2295 4658 2465 4722 φωνῆς
2559 4647 2896 4722 διαλέγεσθαι
2929 4696 2942 4720 ,
3043 4657 3132 4704 καὶ
3216 4657 3389 4710 κοινὴν
3481 4650 3611 4705 εἶναι
3696 4647 3872 4699 πάντων

2293 4740 2474 4812 εὐχὴν,
2522 4743 2762 4811 γενέσθαι
2816 4760 2867 4792 τι
2915 4748 2986 4811 τῷ
3042 4737 3196 4815 ἀνδρὶ
3260 4738 3355 4794 δ’ιά
3412 4749 3507 4806 τῆς
3564 4749 3658 4799 σῆς
3708 4733 3871 4789 τελειό-

3043 4657 3132 4704 καὶ
3216 4657 3389 4710 κοινὴν

2211 4815 2252 4868 D
2289 4847 2441 4889 τητος
2472 4825 2662 4891 δεξιόν,

2278 5166 2408 5223 liter
2439 5183 2579 5223 cum
2629 5167 2889 5236 genitivo
2912 5167 3226 5236 coniungit
3245 5166 3496 5223 Basilius
3518 5165 3576 5220 in
3599 5162 3760 5236 epist.
3788 5156 3865 5236 38:

2350 5240 2452 5307 (Ἠπ)
2485 5227 2708 5298 CMr/J75.
2753 5239 2864 5294 Sic.
2907 5227 3085 5304 liarl.,
3124 5227 3294 5302 Med,
3335 5238 3514 5294 Cois].
3559 5227 3783 5308 primus
3814 5227 3865 5279 et

2274 5305 2706 5384 Clarom.‘|i_diti
2735 5309 2945 5384 ἀκριϐῆ,
2979 5317 3265 5384 accurato
3297 5313 3453 5380 aequi
3479 5305 3729 5365 custodi.

2346 5383 2458 5452 (75)
2491 5379 2702 5439 OJé‘svi.
2733 5379 2884 5437 ΜύΜὶ
2910 5382 3146 5436 codices
3168 5379 3339 5435 οὐδέν.

2343 5451 2462 5527 (76)
2491 5453 2755 5516 Ἰεὶαυτούς.
2785 5454 2869 5509 Ita
2891 5459 3121 5526 septem
3155 5469 3303 5510 mss.
3330 5451 3478 5508 Ε(ἰὶῑὶ
3513 5451 3736 5505 ἑαυτοῖς.

2305 5530 2322 5542 Ἷ
