4078 6380
211 315 318 369 497

1235 311 1738 375 EPISTOLARUM
1778 308 2069 371 CLASSIS
2112 313 2182 371 ll.
2224 311 2439 373 EPIST.
2481 312 2670 375 XCIX.

3522 316 3634 373 498

212 431 439 507 ἀδελφὸν
492 435 618 509 (92)
682 443 980 515 Γρηγόριον
1037 439 1182 513 κάγὼ
1240 439 1538 514 ἠϐουλόμην
1577 441 1846 512 οἰκονομεῖπ

1973 436 2190 493 vellem
2249 442 2307 495 et
2344 454 2458 510 ego
2490 439 2815 497 Ecclesiam
2868 438 3207 510 gubernare
3246 438 3490 510 ingenio
3519 456 3632 497 suo

216 525 541 584 Ἐκκλησίαν
568 535 637 600 τῇ
664 527 833 581 αὐτοῦ
857 532 1013 602 φύσει
1035 532 1348 606 σύμμετρον.
1380 530 1521 590 Αὕτη
1546 528 1608 584 δε
1633 527 1695 588 ἧν
1715 535 1862 582 πᾶσα

220 616 287 678 εἰς
321 615 372 669 ἓν
405 618 765 689 συναχθεῖσα
806 620 839 678 ἠ
892 619 979 692 ὑφ’
1018 621 1147 692 ἡλίῳ
1183 621 1318 692 (93).
1359 617 1571 680 Ἐπειδὴ
1605 617 1666 673 δε
1707 626 1860 671 τοῦτο

226 702 511 773 ἀδύνατον,
541 707 683 759 ἔστω
707 706 1013 775 ἐπίσκοπος,
1046 714 1118 782 μὴ
1142 707 1196 761 ἐκ
1225 718 1318 762 τοῦ
1350 714 1512 763 τόπου
1540 712 1858 783 σεμνυνόμε-

224 815 326 859 νος,
357 794 494 847 ἀλλὰ
532 798 627 848 τόν
679 801 840 849 τόπον
874 800 1135 870 σεμνύνων
1176 796 1264 872 ἀφ’
1294 798 1498 855 ἑαυτοῦ.
1530 798 1726 860 Ὄντως
1754 800 1856 872 γὰρ

227 883 460 959 μεγάλου
489 884 633 937 ἐστὶν
674 884 735 937 οὐ
778 893 889 947 τοῖς
915 886 1163 958 μεγάλοις
1199 891 1352 960 μόνον
1384 886 1578 963 ἀρκεῖν,
1612 886 1740 939 ἀλλὰ
1768 891 1857 940 καὶ

225 978 291 1027 τὰ
336 976 511 1047 μικρά
563 973 769 1046 μεγάλα
820 982 987 1028 ποιεῖν
1038 984 1101 1049 τῇ
1154 976 1340 1029 ἑαυτοῦ
1389 974 1629 1050 δυνάμει.
1674 981 1739 1029 Τί
1796 972 1857 1029 δε

223 1060 311 1116 δεῖ
332 1062 457 1134 (94)
488 1071 722 1122 ποιῆσαι
746 1070 820 1135 τῷ
863 1064 1167 1138 Παλματίῳ,
1200 1070 1332 1139 μετὰ
1378 1069 1642 1128 τοσαύτας
1688 1085 1855 1141 παρα-

222 1151 443 1212 κλήσεις
467 1160 569 1203 τῶν
602 1148 835 1225 ἀδελφῶν
883 1156 958 1206 ἔτι
999 1155 1344 1227 ὑπηρετοῦντι
1369 1164 1443 1227 τῷ
1478 1154 1702 1227 Μαξίμῳ
1727 1158 1856 1228 πρὸς

230 1245 353 1303 τοὺς
377 1237 694 1313 διωγμοὺς
732 1240 867 1294 Ἀλλ’
900 1243 1034 1314 ὅμως
1064 1240 1190 1296 οὐδέ
1227 1253 1315 1296 νῦν
1348 1244 1588 1297 ὀκνοῦσιν
1619 1242 1854 1297 έπιστεῖ-

231 1328 323 1381 λαι
341 1351 355 1362 ·
389 1331 777 1402 παραγενέσθαι
802 1333 902 1405 γὰρ
929 1336 1021 1385 καὶ
1050 1334 1151 1386 ὑπό
1194 1331 1462 1397 ἀσθενείας
1495 1338 1737 1407 σώματος
1765 1338 1854 1387 καὶ

234 1420 340 1471 ὑπὸ
396 1417 662 1490 ἀσχολιῶν
712 1418 984 1471 οἰκειακῶν
1038 1420 1132 1473 οὐκ
1180 1421 1563 1496 ἐπιτρέπονται.
1626 1426 1854 1474 Γίνωσκε

235 1511 431 1579 μέντοι,
464 1506 833 1579 θεοφιλέστατε
864 1509 1055 1583 Πάτερ,
1086 1511 1167 1563 ὅτι
1214 1512 1350 1563 πάνυ
1393 1514 1591 1586 χρῇζει
1623 1510 1736 1582 (95)
1758 1518 1854 1572 τῆς

242 1601 538 1671 παρουσίας
583 1616 681 1650 σου
720 1599 789 1650 τὰ
836 1599 1082 1675 ἡμέτερα,
1126 1604 1214 1653 καὶ
1256 1599 1458 1673 ἀνάγκη
1498 1619 1557 1653 σε
1592 1602 1652 1653 τὸ
1680 1604 1852 1673 τίμιον

230 1695 401 1759 γῆρας
452 1690 532 1739 ἔτι
576 1686 722 1750 ἅπαξ
769 1696 1025 1756 κινῆσαι,
1075 1691 1202 1764 ὑπὲρ
1246 1697 1339 1743 τοῦ
1399 1698 1599 1749 στῆσαι
1643 1708 1852 1763 περιφε-

1971 529 2290 598 parem.Ea
2320 534 2523 585 autem
2548 535 2675 586 erat
2696 529 2959 585 Ecclesia
2978 528 3177 586 omnis
3204 544 3341 601 quae
3375 529 3485 585 sub
3507 530 3631 586 sole

1970 620 2077 680 est,
2095 615 2155 671 in
2175 632 2364 673 unum
2377 617 2801 675 collecta.Cum
2828 623 3031 674 autem
3054 617 3177 673 fieri
3205 618 3260 672 id
3284 633 3404 677 non
3424 623 3629 691 queat,

1969 704 2289 777 episcopus
2311 706 2543 773 sit,non
2568 724 2640 764 ex
2671 708 2804 764 loco
2835 712 3260 764 ornamentum
3305 706 3628 779 accipiens,

1970 794 2085 849 sed
2114 794 2248 851 loco
2277 812 2351 852 ex
2392 813 2522 854 sese
2556 797 2810 854 addens.
2841 798 2991 854 Nam
3012 798 3120 854 viri
3141 812 3276 853 vere
3313 797 3523 869 magni
3544 801 3634 854 est

1965 898 2088 938 non
2122 886 2362 953 magnis
2409 891 2644 943 tantum
2692 902 2898 959 parem
2942 903 3095 958 esse,
3128 886 3235 941 sed
3258 886 3460 955 etiam,
3492 902 3628 959 quae

1964 988 2155 1044 parva
2177 980 2317 1030 sunt
2342 975 2622 1032 facultate
2644 993 2755 1033 sua
2776 992 3003 1047 magna
3026 976 3405 1042 facere.Quid
3427 980 3629 1033 autem

1964 1060 2307 1119 faciendum
2340 1064 2651 1133 Palmatio,
2676 1067 2781 1139 qui
2810 1071 2947 1139 post
2966 1070 3049 1123 tot
3069 1082 3139 1122 ac
3164 1070 3360 1122 tantas
3373 1065 3628 1122 fratrum

1963 1149 2409 1209 admonitiones
2439 1155 2641 1211 adhuc
2683 1154 2987 1211 ministrat
3018 1154 3277 1210 Maximo
3315 1154 3395 1210 ad
3428 1170 3627 1227 perse-

1963 1238 2234 1296 cutiones
2256 1245 2285 1296 ?
2309 1242 2420 1299 Sed
2447 1248 2650 1298 tamen
2680 1259 2755 1298 ne
2785 1259 2946 1299 nunc
2972 1242 3221 1316 quidem
3275 1241 3501 1299 litteras
3546 1242 3627 1298 ad

1961 1326 2131 1384 illum
2165 1330 2395 1387 mittere
2429 1339 2762 1402 gravantur
2794 1350 2807 1388 :
2849 1348 2993 1389 nam
3020 1333 3351 1405 quominus
3381 1333 3627 1389 veniant

1962 1424 2020 1476 et
2049 1435 2343 1493 corporea
2389 1422 2795 1479 invaletudine
2851 1427 2908 1479 et
2967 1422 3315 1478 domesticis
3370 1422 3625 1493 negotiis

1961 1510 2628 1583 prohibentur.Noveris
2658 1528 2861 1587 porro,
2885 1515 3054 1570 Pater
3080 1513 3197 1569 Deo
3214 1512 3621 1582 dilectissime,

1960 1616 2055 1656 res
2087 1607 2326 1657 nostras
2355 1607 2456 1659 tua
2495 1603 2745 1659 omnino
2776 1602 3099 1676 praesentia
3118 1602 3409 1672 indigere,
3434 1618 3504 1658 ac
3524 1617 3624 1658 ne-

1961 1705 2125 1746 cesse
2169 1706 2300 1748 esse
2349 1697 2413 1748 ut
2458 1694 2877 1750 venerandum
2928 1693 3166 1750 senium
3209 1692 3408 1749 adhuc
3439 1692 3624 1749 semel

218 1779 447 1851 ρομένην
475 1775 662 1829 λοιπόν
693 1782 784 1831 καὶ
833 1779 993 1850 ἐγγὺς
1040 1785 1317 1852 πτώματος
1364 1777 1528 1833 οὖσαν
1578 1782 1674 1838 τὴν
1708 1784 1846 1833 Καπ-

1962 1794 2231 1843 moveas,
2288 1796 2415 1853 quo
2469 1782 2919 1855 Cappadociam
2982 1781 3102 1853 jam
3143 1780 3539 1837 ﬂuctuantem
3567 1784 3628 1838 et

216 1862 516 1922 παδοκίαν.

806 1998 1142 2048 ΕΠῙΣΣΟΛΗ
1180 1978 1277 2056 89'

1960 1868 2130 1924 casui
2152 1868 2501 1941 proximam
2529 1875 2828 1928 sustentes
2843 1915 2856 1929 .

2411 1997 2581 2069 193
2626 1998 2959 2055 EPlSTOLA
2986 1998 3143 2053 XCIX
3158 2000 3197 2051 '.

233 2118 509 2201 Terentio
537 2120 1153 2202 ‘exponitnﬁasilizis,
1193 2120 1489 2202 quomodo
1535 2119 1811 2202 desertus
1855 2132 1894 2175 a
1925 2119 2245 2202 .T/zeodot‘o
2277 2123 2570 2202 perficere
2598 2138 2718 2179 non
2735 2123 3025 2202 potuerit,
3054 2121 3216 2193 quod
3235 2122 3623 2202 expiandum

293 2191 681 2259 ilnperatoris
712 2196 767 2247 et
797 2191 1015 2263 litteris
1063 2191 1327 2249 Terentii
1355 2196 1720 2261 susceperat.
1746 2191 2141 2263 utiepiscopos
2173 2191 2475 2250 Arinem'a:
2513 2195 2709 2251 daret.
2738 2191 3040 2250 Caeterum
3063 2191 3244 2249 ‘curce
3272 2192 3389 2249 sibi
3406 2194 3620 2263 fuisse,

290 2266 699 2344 ut_episeopos
727 2262 1107 2344 paci/{furca
1137 2278 1212 2320 ac
1240 2263 1436 2344 multa
1465 2278 1587 2344 n01}
1611 2267 1773 2344 recte
1793 2261 1935 2344 ﬁeri
1953 2264 2135 2344 solita
2164 2265 2226 2319 in
2256 2265 2548 2344 Armenia
2596 2265 3307 2344 emendaret._Aeccpisse
3346 2261 3533 2344 etiam
3562 2261 3624 2344 se

285 2347 324 2389 a
342 2333 777 2418 Splalensilgus
806 2334 1123 2417 sti/fragm,
1149 2335 1364 2418 quibus
1392 2334 1731 2406 rogabatur
1759 2337 1827 2389 ut
1856 2334 1940 2389 eis
1979 2335 2318 2405 episcopum
2366 2337 2540 2394 daret
2565 2352 2637 2394 ac
2660 2337 2734 2394 de
2762 2337 3006 2407 inﬂictis
3039 2336 3272 2407 Cyr-illo
3319 2336 3624 2393 Armenia:

283 2404 578 2475 episcopo
596 2404 928 2461 calumniis
956 2404 1323 2477 cognouisse.

755 2560 1007 2632 Τερεντίῳ
1049 2560 1273 2630 Κόμητι.

302 2662 447 2712 Πάνυ
496 2661 688 2721 πολλὴν
742 2660 987 2723 σπουδὴν
1044 2662 1421 2738 ἐνστησάμενος
1477 2666 1848 2739 πειθαρχῆσαι

228 2756 467 2820 μερικῶς
488 2756 606 2819 γοῦν
644 2754 738 2802 καὶ
785 2758 861 2822 τῷ
916 2749 1181 2824 βασιλικῷ
1223 2754 1596 2827 προστάγματι
1642 2756 1732 2805 καὶ
1774 2760 1847 2823 τῷ

229 2835 425 2908 φιλικῷ
454 2844 545 2900 τῆς
593 2847 693 2903 σῆς
745 2844 1049 2913 τιμιότητος
1077 2843 1370 2917 γράμματι,
1404 2839 1492 2895 οὖν
1532 2841 1629 2914 ἐγὼ
1674 2843 1847 2895 πάντα

226 2922 391 2996 λόγον
416 2931 505 2979 καὶ
532 2933 709 2981 πᾶσαν
734 2935 949 3003 γνώμην
979 2934 1153 3003 γέμειν
1195 2932 1352 3005 ὀρθῆς
1379 2936 1726 3007 προαιρέσεως
1755 2935 1845 2983 καὶ

231 3011 440 3084 ἀγαθῆς
490 3010 728 3079 διανοίας
768 3023 1115 3089 πεπίστευκα,
1162 3020 1229 3081 εἰς
1285 3023 1432 3094 ἔργον
1489 3019 1704 3092 ἀγαγεῖν
1749 3025 1844 3079 τὴν

226 3104 525 3177 προθυμίαν
549 3106 649 3159 οὐκ
675 3106 977 3183 ἒπετράπην
998 3085 1134 3182 (96).
1166 3085 1422 3163 Aine-adh
1446 3113 1506 3163 τό
1641 3118 1844 3184 πρῶτον
1883 3085 1922 3141 C

216 3198 310 3246 καὶ
360 3192 726 3253 ἀληθέστατον
782 3199 840 3250 αἱ
889 3197 1010 3270 ἐμαὶ
1067 3197 1322 3273 ἁμαρτίαι
1354 3243 1370 3270 ,
1423 3207 1702 3272 πανταχοῦ
1754 3219 1846 3272 μοι

216 3294 665 3359 προαπαντώσαι,
699 3293 791 3341 καὶ
816 3288 1265 3350 ὑποσκελίζουσαί
1284 3309 1385 3363 μου
1407 3293 1473 3343 τὰ
1498 3286 1806 3363 διαδήματα
1826 3305 1840 3321 '

217 3372 396 3427 ἔπειτα
422 3379 520 3428 καὶ
550 3377 580 3433 ἡ
614 3383 708 3429 τοῦ
739 3372 978 3439 δοθέντος
1005 3380 1129 3452 ἡμῖν
1154 3378 1227 3440 εἰς
1255 3383 1530 3455 συνεργίαν
1557 3377 1844 3432 ἐπισκόπου

218 3465 353 3538 πρὸς
380 3465 525 3537 ἡμᾶς
554 3463 920 3539 ἁλλοτρίωσις.
956 3467 1067 3521 Οὐκ
1112 3464 1236 3521 οἶδα
1275 3470 1378 3544 γὰρ
1424 3470 1451 3521 ὅ
1497 3488 1550 3521 τι
1601 3470 1779 3522 παθὼν
1819 3468 1845 3520 ὁ

220 3549 648 3629 αἰδεσιμώτατος
693 3553 912 3630 ἀδελφός
957 3560 1104 3631 ἡμῶν
1159 3554 1438 3626 Θεόδοτος,
1472 3560 1498 3611 ό
1538 3556 1846 3631 ἐπαγγειλά-

220 3662 368 3715 μενος
409 3646 544 3718 ἡμῖν
570 3643 626 3709 ἐξ
656 3643 834 3720 ἀρχῆς
864 3648 1037 3701 πάντα
1064 3648 1409 3724 συμπράξειν,
1439 3653 1531 3702 καὶ
1560 3650 1841 3724 προθύμως

217 3732 359 3805 ἡμᾶς
401 3732 511 3788 ἀπό
557 3740 811 3793 Γητασῶν
864 3735 948 3791 ἐπὶ
990 3737 1274 3791 Νικόπολιν
1331 3747 1643 3812 καταγαγών
1708 3740 1842 3811 (97),

218 3818 402 3882 ἔπειδή
458 3820 598 3877 εἶδεν
647 3826 786 3898 ἡμᾶς
835 3824 922 3880 ἐπὶ
965 3836 1064 3890 τῆς
1091 3828 1307 3899 πόλεως,
1359 3829 1521 3891 οὕτως
1562 3830 1702 3902 ἡμᾶς
1732 3829 1845 3900 (98)

218 3907 562 3983 ἐϐδελῦξατο,
590 3918 683 3966 καὶ
731 3914 893 3977 οὕτως
955 3914 1183 3990 ἇφοϐἠθη
1239 3920 1333 3979 τὰς
1380 3917 1636 3993 ἁμαρτίας
1674 3919 1840 3990 ἡμῶν,

215 4001 282 4061 ὡς
312 4006 449 4074 μήτε
481 4001 556 4064 εἰς
606 4001 822 4063 ἑωθινὴν
872 4005 1039 4079 εὐχὴν
1086 4010 1220 4079 μήτε
1270 4006 1338 4067 εἰς
1368 4006 1641 4083 ἑσπερινὴν
1686 4007 1844 4061 ἀνασ-

218 4091 425 4161 χέσθαι
461 4090 600 4163 ἡμᾶς
630 4092 948 4167 παραλαϐεῖν
973 4115 985 4129 ο
1023 4091 1213 4148 δίκαια
1255 4099 1351 4169 μεν
1387 4105 1569 4163 ποιῶν,
1612 4098 1680 4159 ὡς
1710 4100 1842 4172 πρός

220 4179 390 4250 ἡμᾶς,
420 4183 510 4232 καὶ
536 4186 803 4255 πρέποντα
829 4192 900 4256 τῷ
925 4182 1032 4258 ίμῷ
1206 4186 1265 4237 οὐ
1294 4185 1665 4238 λυσιτελοῦντα
1692 4183 1750 4239 δὲ
1777 4194 1837 4259 τῇ

216 4275 368 4341 κοινῇ
418 4273 753 4325 καταστάσει
798 4282 899 4326 τῶν
932 4273 1254 4333 Ἐκκλησιῶν
1308 4273 1695 4348 βουλευόμενος.
1736 4280 1841 4335 Τὴν

220 4353 282 4410 δέ
312 4357 491 4411 αἰτίαν
544 4363 742 4413 τούτων
792 4367 1066 4437 προέφερεν
1098 4365 1247 4438 ἡμῖν,
1278 4383 1359 4417 οτι
1397 4366 1734 4438 ἠνεσχόμεθα
1771 4364 1842 4428 εἰς

225 4451 498 4500 κοινωνίαν
562 4452 655 4502 τόν
721 4446 1138 4525 αἰδεσιμώτατον
1204 4455 1486 4507 ἐπίσκοπον
1551 4454 1841 4507 Εὐστάθιον

303 4632 423 4703 (92)
474 4632 568 4682 Τόν
624 4626 677 4683 δ’
732 4627 973 4705 ἀδελφόν.
1038 4632 1192 4706 Εᾴίῑί
1251 4632 1486 4706 addunt
1550 4630 1691 4706 ἐμόν,
1725 4635 1835 4706 τόν,

226 4704 491 4778 fratrem
520 4717 739 4778 meum,
794 4704 941 4778 quia
969 4704 1219 4777 quidem
1266 4704 1700 4778 unde‘sumpta
1725 4705 1843 4778 sint

223 4774 459 4839 nescio,
492 4789 636 4830 cum
664 4774 729 4830 in
757 4774 1229 4832 nostris—novem
1261 4774 1574 4833 codicibus
1598 4774 1838 4832 'desint.

219 4847 570 4920 Quinetiam
594 4844 675 4901 ad
706 4846 1043 4920 marginem
1074 4847 1293 4917 legitur
1318 4847 1380 4904 in
1411 4848 1594 4920 Regio
1642 4847 1840 4920 primo

213 4924 277 4978 et
299 4918 469 4977 Harl.
501 4920 747 4991 περὶτοῦ
774 4917 1015 4991 θεολόγον
1036 4919 1111 4977 de
1141 4919 1394 4990 thelogo.
1426 4917 1661 4976 Ibidem
1682 4917 1839 4975 Harl.

218 4992 418 5050 Ἐκκλη
430 4994 557 5063 σίαν
583 4990 908 5063 σύμμετρον.

295 5064 412 5134 (93)
436 5058 721 5134 Ὑφ’
763 5058 917 5134 Med.
957 5059 1186 5134 ὑφὴλιος.
1223 5059 1407 5134 Βὶιτζοῑ.
1448 5064 1588 5133 Reg.
1620 5076 1842 5134 secun-

230 5130 344 5190 dus
374 5130 434 5191 et
467 5130 648 5188 Coisl.
673 5130 1089 5191 secundus'Oe’
1120 5130 1312 5191 ἣλιονξ
1340 5130 1703 5190 Alterutrum
1730 5132 1841 5188 ha-

228 5203 540 5276 buitHarl.
575 5203 778 5276 prima
808 5219 1018 5271 manu,
1041 5200 1225 5260 Paulo
1256 5209 1393 5276 post
1421 5204 1563 5261 editi
1590 5204 1730 5258 Ἐπεὶ
1760 5200 1839 5272 δὲ,

229 5275 503 5349 plerique
531 5275 686 5349 mss.
717 5278 788 5331 ut
812 5276 1091 5349 in_textu_.
1112 5294 1125 5305 -

320 5342 420 5405 94)
445 5353 512 5403 Τί
541 5344 603 5401 δὲ
634 5345 740 5403 δεῖ.
774 5346 924 5403 Med.
958 5350 1021 5398 Τί
1048 5342 1108 5399 δὲ
1136 5353 1381 5405 ποιῆσαι.

298 5350 415 5490 (94)
445 5353 512 5403 Τί
541 5350 603 5401 δὲ
634 5350 740 5403 δεῖ.
774 5350 924 5403 Med.
958 5350 1021 5398 Τί
1048 5350 1108 5399 δι
1136 5353 1381 5405 ποιῆσαι.

298 5422 427 5553 ,ἓξέι
469 5422 611 5475 Πάνυ
664 5418 896 5494 χρῇξει.
947 5419 1034 5473 Ita
1088 5433 1234 5473 mss.
1268 5422 1541 5491 septem:
1577 5416 1719 5475 editi
1744 5423 1845 5469 πᾶν

314 5499 446 5549 ἣξει.

242 5510 553 5649 ῗίθῗέἶωκ
609 5563 944 5639 ἓπετράπην.
974 5561 1058 5616 Ita
1084 5576 1234 5620 mss.
1262 5564 1512 5634 septem.
1546 5560 1699 5617 Editi
1753 5560 1847 5613 οὐκ

239 5650 463 5710 ετραπην,

2493 2551 2770 2609 Terentio
2807 2550 3035 2609 Comiti.

2029 2668 2079 2718 1.
2122 2665 2272 2719 Cum
2298 2660 2613 2732 diligenter
2643 2660 2987 2716 admodum
3007 2659 3070 2715 in
3100 2658 3162 2715 id
3182 2658 3621 2728 iucubuissem,

1952 2756 2019 2809 ut
2048 2768 2117 2808 ex
2142 2757 2312 2825 parte
2334 2749 2546 2806 saltem
2573 2754 2630 2805 et
2656 2748 3038 2821 imperatoris
3069 2748 3362 2805 mandato
3392 2748 3623 2806 obtem-

1951 2857 2226 2915 perarem
2260 2845 2318 2895 et
2338 2838 2726 2895 amicissimis
2751 2838 3193 2908 dignitatistuae
3215 2837 3626 2909 litteris,cujus

1952 2947 2065 3001 ego
2096 2944 2440 2987 sermonem
2472 2943 2720 2984 omnem
2752 2942 3121 3000 omnemque
3141 2927 3501 2983 sententiam
3520 2942 3622 2983 vo-

1950 3022 2176 3078 luntate
2198 3024 2361 3076 recta
2389 3034 2459 3074 ac
2489 3017 2654 3074 bono
2703 3017 2954 3074 consilio
3004 3016 3250 3089 plenam
3295 3033 3427 3073 esse
3459 3021 3623 3073 certo

1953 3111 2098 3179 scio,
2133 3109 2400 3165 studium
2430 3123 2636 3163 meum
2678 3106 2757 3163 ad
2788 3122 2945 3178 opus
2986 3106 3286 3163 deducere
3325 3106 3471 3162 mihi
3496 3121 3622 3162 non

1951 3199 2140 3257 licuit.
2176 3202 2373 3255 Causa
2402 3201 2606 3253 autem
2635 3196 2833 3269 prima
2885 3194 3135 3268 quidem
3184 3200 3241 3251 et
3282 3195 3618 3251 verissima:

1953 3294 2205 3362 peccata
2235 3303 2394 3357 mea,
2421 3302 2560 3360 quae
2577 3286 2801 3358 ubique
2827 3284 3334 3349 occurruntmihi,
3351 3301 3421 3341 ac
3444 3300 3615 3340 meos

1954 3394 2202 3450 gressus
2230 3376 2629 3433 subvertunt:
2680 3374 2899 3431 deinde
2944 3374 3126 3431 etiam
3174 3373 3464 3447 episcopi,
3513 3375 3619 3448 qui

1953 3466 2132 3524 datus
2184 3465 2429 3537 adjutor
2500 3464 2712 3537 fuerat,
2778 3463 2967 3520 animi
3004 3480 3040 3519 a
3088 3462 3261 3519 nobis
3309 3462 3617 3521 alienatio.

1953 3557 2162 3615 Nescio
2194 3557 2355 3614 enim
2385 3555 2536 3629 quid
2585 3572 2805 3629 passus
2845 3554 3383 3610 reverendissimus
3440 3553 3621 3611 frater

1952 3653 2156 3704 noster
2180 3646 2648 3718 Theodotus,qui
2666 3644 2744 3701 ab
2770 3644 2936 3700 initio
2963 3644 3322 3716 promiserat
3343 3647 3618 3700 mutuam

1954 3753 2017 3794 se
2044 3736 2221 3793 nobis
2247 3751 2501 3808 operam
2532 3735 2592 3790 in
2617 3734 2905 3790 omnibus
2943 3733 3250 3797 daturum,
3288 3748 3518 3805 nosque
3548 3732 3615 3787 li-

1951 3825 2163 3882 benter
2194 3825 2421 3882 Getasis
2453 3822 2773 3895 Nicopolim
2806 3820 3162 3889 adduxerat,
3193 3820 3296 3877 ubi
3338 3837 3451 3877 nos
3470 3820 3619 3878 vidit

1951 3915 2014 3971 in
2067 3915 2323 3982 civitate,
2370 3913 2453 3969 sic
2498 3916 2811 3968 aversatus
2860 3911 2953 3978 sit,
3006 3911 3089 3966 sic
3134 3916 3383 3983 peccata
3407 3915 3617 3967 nostra

1952 4006 2245 4076 metuerit,
2284 4008 2345 4060 ut
2368 4019 2563 4076 neque
2593 4002 2671 4058 ad
2698 4001 3030 4057 matutinas
3059 4016 3291 4073 preces,
3313 4016 3511 4074 neque
3533 3999 3615 4057 ad

1950 4093 2322 4167 vespertinas
2353 4109 2466 4148 nos
2493 4090 2749 4148 voluerit
2773 4106 3079 4147 assumere
3104 4109 3117 4146 :
3149 4106 3323 4163 aequa
3352 4090 3446 4146 ille
3485 4091 3618 4164 qui-

1950 4184 2089 4241 dem
2125 4182 2544 4255 facicns,quod
2560 4182 2748 4237 adme
2766 4182 3081 4248 attinet,ac
3102 4182 3237 4237 vita:
3275 4197 3423 4236 meae
3464 4197 3614 4237 con-

1949 4274 2272 4344 venientia,
2299 4273 2405 4329 sed
2437 4288 2562 4328 non
2593 4271 2812 4328 utiliter
2857 4270 3164 4328 communi
3210 4270 3612 4327 Ecclesiarum

1951 4363 2363 4438 tranquillitati
2405 4362 2747 4419 consulens.
2813 4364 3038 4417 Horum
3098 4365 3298 4417 autem
3361 4375 3613 4416 causam

1948 4453 2126 4511 nobis
2154 4452 2462 4522 afferebat,
2494 4451 2661 4524 quod
2691 4467 2813 4508 non
2835 4465 3227 4522 gravaremur
3247 4448 3612 4505 revzrendis.

2020 4632 2136 4702 (97)
2169 4635 2517 4705 Καταγαγῴν.
2554 4630 2823 4705 δίϐᾼωεερ
2877 4645 3002 4705 sex.
3064 4626 3606 4705 Εάἰίξ-καταγαγεῖν,

1946 4699 2748 4771 ΡνοηιίεεναιἐέΝίοοροίίγη
2773 4701 3354 4757 ἀειίιισίυνωηΝωΠ
3378 4699 3613 4771 videtur

1947 4775 2010 4831 id
2038 4776 2392 4848 promisisse
2423 4769 2788 4848 Theodotus,
2830 4776 2948 4848 aut
2974 4775 3129 4848 certe
3178 4785 3302 4848 non
3337 4769 3606 4848 perfecit,

1948 4840 2059 4902 nec
2090 4847 2347 4903 Basilius
2395 4861 2466 4901 ea
2497 4844 2571 4899 de
2593 4860 2654 4899 re
2676 4843 2959 4915 queritur.
3002 4845 3151 4898 Cum
3172 4840 3400 4915 autem
3452 4840 3613 4915 dicat

1947 4917 2103 4973 infra
2132 4918 2379 4974 Basilius
2400 4916 2671 4971 relictum
2697 4912 2760 4971 se
2787 4914 2969 4969 fuisse
2992 4912 3218 4968 Getasis
3248 4929 3283 4969 a
3306 4912 3611 4968 Theodoto

1949 4989 2283 5061 Nicopolim
2315 4987 2637 5061 redeunte;
2667 4985 2833 5061 quod
2860 4985 2941 5061 ait
2966 4984 3083 5040 hoc
3112 4983 3248 5061 loco
3277 5000 3339 5061 se
3362 4985 3610 5061 _i}e_ta_sis

1950 5059 2029 5116 ab
2055 5054 2122 5116 eo
2145 5059 2479 5132 Nicopolim
2497 5054 3068 5132 {uisse'adductum,
3104 5055 3189 5132 si_c
3234 5054 3481 5132 intelligi
3505 5054 3611 5132 de-

1951 5132 2071 5194 bet,
2124 5135 2189 5186 ut
2228 5126 2312 5187 id'
2327 5128 2669 5186 Theodotus
2713 5144 2835 5184 non
2863 5126 3229 5187 comitando.
3261 5126 3365 5181 sed
3398 5126 3611 5199 perhu-

1951 5200 2896 5283 maniter;invitando‘perfecisse
2923 5198 3188 5283 dicatur.

2025 5275 2135 5347 (98)
2164 5274 2348 5347 Ἦμᾶς.
2376 5268 2733 5327 Addidimus
2764 5288 2837 5327 ex
2869 5270 3054 5347 tribus
3078 5268 3492 5347 vetustissimis
3517 5282 3611 5347 eo-

1953 5339 2189 5401 dicibus
2229 5339 2397 5401 hanc
2448 5359 2681 5409 vocem,
2735 5359 2872 5415 qua;
2922 5341 3071 5396 forte
3110 5341 3193 5415 in
3241 5339 3373 5415 aliis
3424 5339 3607 5393 omis-

1954 5434 2039 5487 sa,
2065 5418 2210 5542 quia
2236 5433 2374 5472 cum
2404 5415 2589 5488 paulo
2616 5410 3168 5487 ante-praecesserit,
3197 5410 3397 5465 minus
3447 5425 3609 5464 com-

1954 5505 2071 5542 mm
2105 5504 2135 5542 e
2168 5490 2355 5542 reneti
2375 5486 2712 5542 videbatur.

1953 5486 2135 5561 mode
2168 5490 2355 5561 repeti
2375 5486 2712 5561 videbatur.

2028 5558 2205 5615 ’Alias
2236 5557 2585 5617 CLXXXVII.
2609 5557 2832 5630 scripta
2859 5572 3020 5612 anno
3044 5558 3171 5612 37:2.
