4078 6382
497 309 605 366 499

1871 305 1927 362 S.
1971 300 2219 361 BASlLﬂ
2256 299 2499 362 MAGNI.
3737 314 3823 368 500

498 433 722 489 simum
742 431 1099 505 episcopum
1129 431 1504 490 Eustathium
1540 429 1602 489 in
1655 430 2162 489 communionem

2272 426 2692 505 παραδέξασθαι.
2719 433 2788 486 Τὸ
2819 434 2993 504 μέντοι
3021 432 3285 504 γενόμενον
3314 429 3433 506 παρ’
3461 433 3597 506 ἡμῶν
3620 443 3824 491 τοιοῦτόν

495 522 780 595 recipere.
815 521 984 587 Quod
1014 526 1219 578 autem
1244 522 1499 592 egimus,
1532 526 1620 578 est
1641 521 1967 593 ejusmodi.

569 617 620 667 2.
654 611 852 676 Vocati
881 611 961 667 ad
983 615 1370 679 conventum,
1416 611 1520 683 qui
1546 627 1582 667 a
1637 610 1818 667 fratre
1849 607 2158 665 Theodoto

496 700 856 768 habebatur,
918 716 988 757 ac
1041 700 1326 758 charitate
1361 701 1624 773 impulsi,
1673 705 1738 756 ut
1765 699 1962 756 vocati
1991 698 2163 754 obse-

497 807 842 865 quercmur,
888 807 962 846 ne
1013 806 1409 861 congressum
1453 791 1797 847 videremur
1840 789 2075 845 irritum
2107 791 2164 844 et

496 881 772 938 inutilem
814 880 1086 948 reddere,
1135 881 1416 936 dedimus
1465 896 1718 953 operam
1775 885 1840 936 ut
1887 879 1950 935 in
1981 879 2161 934 collo-

497 972 714 1046 quium
743 987 881 1028 cum
902 970 1188 1043 praedicto
1217 970 1396 1027 fratre
1427 971 1737 1028 Eustathio
1779 970 2152 1026 veniremus.

497 1067 580 1118 Ac
617 1061 696 1117 illi
723 1061 970 1134 quidem
1018 1061 1452 1134 proposuimus
1507 1075 1888 1134 quaecunque
1935 1059 2010 1115 de
2044 1058 2163 1115 ﬁde

495 1151 663 1206 illum
686 1149 1042 1206 criminatur
1065 1149 1248 1207 frater
1271 1150 1648 1219 Theodotus;
1684 1149 2160 1222 rogavimusque

498 1239 545 1295 si
573 1245 801 1296 rectam
830 1239 1017 1296 ﬁdem
1049 1244 1414 1313 sequeretur,
1440 1239 1830 1296 manifestum
1878 1239 1939 1294 id
1986 1239 2163 1296 nobis

494 1327 736 1398 faceret,
759 1334 824 1386 ut
849 1345 988 1385 cum
1014 1345 1086 1386 eo
1109 1330 1605 1386 communionem
1627 1329 1996 1385 haberemus
2027 1346 2039 1384 :
2071 1329 2159 1384 sin

494 1423 697 1475 autem
727 1418 923 1475 alieno
941 1423 1094 1475 esset
1118 1419 1548 1491 animo.probe
1571 1419 1750 1475 sciret
1775 1435 1886 1475 nos
1916 1434 2163 1491 quoque

499 1508 578 1564 ab
615 1507 748 1580 ipso
762 1507 1172 1565 abalienatum
1189 1509 1277 1565 iri.
1297 1512 1501 1582 Itaque
1524 1525 1663 1564 cum
1690 1508 1911 1564 multos
1945 1524 2164 1564 sermo-

499 1613 606 1654 nes
635 1597 787 1653 inter
815 1613 923 1653 nos
947 1597 1406 1666 habuissemus,
1460 1599 1747 1672 diemque
1780 1598 1946 1654 illam
1975 1602 2164 1655 totam

499 1687 561 1744 in
590 1686 685 1742 his
717 1686 1130 1758 expendendis
1159 1688 1700 1760 insumpsissemus
1726 1706 1739 1756 ;
1766 1688 1922 1743 ﬂexo
1948 1689 2078 1759 jam
2103 1689 2165 1744 in

2272 537 2434 576 εστιν.

2341 613 2394 664 2.
2433 609 2629 683 Ἡμεῖς,
2670 611 2935 671 κληθέντες
2982 610 3049 671 εἰς
3099 606 3318 663 σύνοδον
3346 613 3488 685 παρὰ
3513 619 3599 665 τοῦ
3629 610 3823 686 ἀδελφοῦ

2273 695 2534 752 Θεοδότου
2565 700 2869 772 τελουμένην
2909 700 3041 772 (99),
3071 704 3160 751 καὶ
3185 701 3500 773 ὁρμήσαντες
3540 697 3608 753 δι’
3647 701 3826 773 ἀγάπην

2272 789 2573 842 ὑπακοῦσαι
2606 798 2668 862 τῇ
2703 790 2906 857 κλήσει,
2958 791 3042 841 ἶνα
3080 793 3151 861 μὴ
3206 786 3432 863 δόξωμεν
3472 793 3718 866 ἄπρακτον
3756 799 3828 846 καὶ

2273 876 2439 950 ἀργὴν
2468 882 2734 932 ποιεῖσθαι
2764 883 2857 938 τὴν
2907 883 3220 950 συντυχίαν,
3251 877 3640 953 ἐσπουδάσαμεν
3677 883 3736 942 εἰς
3760 882 3828 935 λό-

2270 986 2393 1039 γους
2444 967 2604 1020 ἐλθεῖν
2662 977 2734 1039 τῷ
2784 972 3138 1044 προειρημένῳ
3189 965 3390 1041 ἀδελφῷ
3430 969 3711 1042 Εύσταθίῳ.
3747 977 3829 1025 Καὶ

2271 1061 2632 1131 προετείναμεν
2681 1055 2821 1128 αὐτῷ
2863 1059 2929 1109 τὰ
2974 1062 3093 1130 περὶ
3141 1064 3235 1120 τῆς
3271 1062 3491 1119 πίστεως
3543 1058 3827 1132 ἐγκλήματα,

2272 1148 2373 1199 ὅσα
2400 1150 2748 1222 προφέρουσιν
2775 1147 2917 1218 αύτῷ
2958 1148 3006 1199 οἱ
3035 1150 3154 1222 περὶ
3192 1150 3278 1200 τὸν
3323 1145 3538 1220 ἀδελφὸν
3569 1145 3798 1202 Θεόδοτον
3817 1166 3828 1180 ⁸

2271 1241 2361 1289 καὶ
2390 1236 2708 1309 ἠξιώσαμεν,
2741 1237 2786 1289 εἰ
2810 1240 2899 1309 μὲν
2939 1237 3115 1290 ἕπεται
3161 1244 3224 1309 τῇ
3275 1236 3400 1312 ὀρθῇ
3433 1242 3624 1300 πίστει,
3654 1242 3834 1313 φανερὸν

2272 1327 2396 1398 ἡμῖν
2426 1335 2782 1395 καταστῆσαι,
2819 1327 2956 1378 ὥστε
2987 1327 3125 1398 ἡμᾶς
3175 1325 3304 1378 εἶναι
3347 1329 3696 1390 κοινωνικούς·
3726 1327 3763 1380 εἰ
3789 1325 3835 1381 δι

2274 1412 2553 1489 ἀλλοτρίως
2583 1418 2714 1487 ἔχει,
2750 1413 2978 1489 ἀκριϐῶς
3010 1411 3224 1484 εἰδέναι,
3265 1416 3346 1468 ὅτι
3373 1420 3463 1468 καὶ
3511 1417 3652 1488 ἡμεῖς
3691 1416 3835 1488 ἕξομεν

2272 1508 2397 1578 πρὸς
2418 1504 2571 1557 αὐτὸν
2613 1504 2916 1578 ἀλλοτρίως.
2948 1504 3155 1557 Πολλῶν
3208 1509 3379 1558 τοίνυν
3397 1509 3668 1577 γενομένων
3702 1506 3836 1576 λόγων

2271 1599 2398 1668 πρὸς
2437 1593 2708 1665 ἀλλήλους,
2763 1601 2854 1649 καὶ
2910 1598 3088 1657 πάσης
3127 1595 3326 1658 ἐκείνης
3358 1605 3447 1656 τῆς
3488 1597 3674 1669 ἡμέρας
3718 1595 3833 1669 bri}

2273 1689 2392 1759 περὶ
2409 1688 2603 1737 τούτων
2627 1685 2810 1756 σκέψει
2833 1682 2868 1738 δ
2873 1686 3230 1745 απανηθείσης
3252 1703 3264 1715 ·
3288 1683 3669 1746 καταλαϐούσης
3690 1685 3836 1737 λοιπὸν

499 1792 818 1848 vesperam
856 1776 974 1846 die,
1001 1777 1388 1834 discessimus
1419 1777 1497 1834 ab
1554 1778 1841 1842 invicem,
1869 1776 2162 1850 colloquio

2274 1783 2368 1836 τῆς
2395 1773 2632 1849 ἑσπέρας,
2668 1772 3004 1849 διεκρίθημεν
3054 1773 3145 1827 ἀπ’
3178 1773 3430 1844 ἀλλήλων,
3463 1773 3532 1836 εἰς
3578 1771 3716 1828 οὐδὲν
3741 1773 3838 1846 ὀμο-

500 1867 733 1924 nullam
762 1866 841 1922 ad
863 1869 1087 1923 certam
1119 1866 1572 1923 conclusionem
1602 1867 1911 1940 perducto.
1939 1869 2168 1926 Sedite—

501 1972 640 2013 rum
664 1955 936 2028 sequenti
958 1955 1054 2010 die
1086 1971 1266 2012 mane
1280 1956 1767 2025 considentes,de
1800 1958 2020 2014 iisdem
2045 1959 2168 2015 dis-

504 2045 830 2113 seruimus,
862 2043 1184 2102 accedente
1207 2044 1338 2117 jam
1369 2060 1442 2101 ex
1472 2045 1652 2103 fratre
1695 2048 2022 2116 Pcemenio,
2073 2049 2168 2104 Se-

501 2133 714 2192 bastiae
739 2135 1113 2208 presbytero,
1143 2141 1202 2192 et
1223 2134 1613 2193 vehementer
1625 2137 2035 2195 adversariam
2064 2154 2169 2196 no-

502 2225 597 2282 bis
646 2225 988 2283 doctrinam
1037 2224 1411 2283 defendente.
1463 2227 1755 2285 Paulatim
1785 2228 1964 2302 igitur
2011 2235 2069 2286 et
2097 2246 2170 2287 ea

505 2313 909 2384 dissolvimus,
934 2331 1198 2388 quorum
1246 2316 1490 2372 nomine
1518 2317 1833 2375 videbatur
1862 2335 1957 2375 me
1989 2335 2168 2376 accu-

507 2420 661 2470 sare,
694 2410 751 2462 et
779 2421 882 2460 eos
911 2405 991 2460 ad
1021 2404 1558 2461 assentiendumiis
1585 2420 1720 2479 quae
1754 2423 1790 2464 a
1817 2424 1914 2463 me
1943 2425 2168 2481 quare-

505 2493 728 2549 bantur
753 2493 1002 2563 adduxi,
1029 2493 1112 2550 ita
1139 2499 1202 2550 ut
1232 2495 1424 2564 gratia
1476 2496 1708 2552 Domini
1763 2496 2171 2554 inveniremur

505 2599 582 2640 ne
604 2583 677 2638 de
713 2583 887 2656 194.
910 2583 1174 2640 minimis
1196 2584 1444 2658 quidem
1467 2585 1647 2641 rebus
1677 2586 1830 2642 inter
1851 2604 1961 2644 nos
1996 2589 2169 2644 dissi-

507 2673 738 2729 dentes.
775 2676 859 2730 [ta
888 2673 1068 2744 igitur
1093 2674 1250 2730 circa
1279 2690 1507 2731 nonam
1523 2675 1642 2732 fere
1667 2676 1884 2733 horam
1917 2680 2172 2734 surrexi-

507 2777 644 2817 mus
684 2761 761 2817 ad
785 2763 1180 2832 precandum,
1216 2779 1287 2820 ac
1343 2764 1601 2820 Domino
1632 2766 1858 2838 gratias
1914 2767 2168 2837 egimus,

506 2850 992 2920 nobislargienti,
1025 2851 1185 2908 idem
1239 2854 1691 2922 utsentiremus,
1739 2855 2026 2930 idemque
2088 2857 2170 2914 lo-

506 2955 852 3012 queremur.
883 2941 970 2996 Ad
993 2941 1123 2998 haec
1141 2943 1460 3014 oportebat
1490 2960 1587 2999 me
1618 2948 1676 3000 et
1723 2945 2010 3018 scriptam
2058 2947 2169 3003 ali-

507 3045 694 3101 quam
723 3030 1169 3087 confessionem
1201 3032 1278 3088 ab
1309 3033 1555 3090 homine
1574 3033 1865 3106 accipere,
1918 3041 1984 3094 ut
2013 3040 2068 3092 et
2105 3037 2170 3093 il-

2273 1861 2580 1936 λογούμενον
2611 1867 2768 1937 πέρας
2798 1867 2884 1916 τὸν
2922 1863 3073 1936 λόγον
3113 1869 3516 1942 προαγαγόντες.
3555 1871 3624 1936 Τῇ
3669 1860 3722 1916 δὲ
3743 1861 3836 1925 ἑξῆς

2275 1951 2449 2018 πάλιν,
2482 1953 2632 2005 ἔωθεν
2678 1954 3116 2024 συγκαθεσθέντες
3155 1957 3259 2022 (1),
3289 1958 3408 2029 περὶ
3449 1961 3544 2006 τῶν
3581 1952 3731 2005 αὐτῶν
3755 1949 3839 2004 διε-

2275 2040 2547 2114 λεγόμεθα,
2594 2040 2888 2103 ἐπελθόντος
2935 2038 3037 2101 ἤδη
3081 2045 3170 2094 καὶ
3208 2050 3300 2095 τοῦ
3330 2040 3552 2116 ἀδελφοῦ
3581 2045 3836 2115 Ποιμενίου,

2274 2137 2368 2183 τοῦ
2393 2129 2747 2204 πρεσϐυτέρου
2780 2139 2872 2192 τῆς
2904 2131 3233 2196 Σεϐαστείας,
3267 2136 3361 2184 καὶ
3389 2128 3624 2207 σφοδρῶς
3644 2133 3751 2204 ἡμῖν
3767 2131 3837 2182 τόν

2276 2218 2496 2272 ἐναντίον
2525 2221 2875 2293 γυμναςοντος
2898 2219 3074 2294 λόγον,
3104 2219 3252 2274 Κατά
3278 2224 3469 2297 μικρὸν
3504 2218 3586 2274 οὖν
3614 2222 3738 2294 ἡμεῖς
3776 2238 3832 2288 τε,

2277 2309 2402 2385 ὑπὲρ
2435 2308 2502 2361 ὧν
2546 2305 2719 2373 ἔδοξεν
2774 2311 2898 2384 ἡμῖν
2943 2307 3196 2383 ἐγκαλεῖν,
3245 2309 3593 2385 ἀπελυόμεθα,
3620 2308 3832 2366 κάκείνους

2278 2398 2345 2459 εἰς
2381 2404 2475 2456 τὴν
2523 2407 2622 2450 τῶν
2675 2399 3088 2473 ἐπιξητουμὲνων
3149 2397 3234 2472 ὑφ’
3288 2402 3441 2474 ἡμῶν
3507 2399 3823 2473 συγκατάθεσιν

2277 2489 2644 2560 προηγάγομεν
2674 2491 2743 2554 (2)
2771 2504 2782 2517 '
2818 2490 2952 2550 ᾤστε
2980 2489 3168 2564 χάριτι
3217 2496 3316 2541 τοῦ
3377 2494 3570 2564 Κυρίου
3614 2488 3828 2559 εὖρεθῆναι

2278 2577 2418 2648 ἡμᾶς
2437 2572 2578 2648 μηδέ
2617 2577 2684 2637 εἰς
2715 2580 2772 2628 τὸ
2817 2581 3166 2652 σμικρότατον
3197 2579 3334 2653 πρὸς
3379 2575 3834 2648 ἀλλήλουςδιαφερο-

2277 2669 2478 2738 μένους.
2509 2665 2661 2718 Οὕτω
2691 2671 2861 2719 τοίνυν
2890 2672 3009 2740 περὶ
3039 2669 3247 2726 ἑννάτην
3299 2687 3404 2721 που
3446 2670 3576 2743 ὤραν
3603 2666 3837 2736 ἀνέστημει

2277 2754 2363 2807 ἐπὶ
2405 2757 2499 2816 τὰς
2549 2758 2872 2828 προσευχὰς,
2918 2757 3410 2832 εὐχαριστήσαντες
3454 2766 3524 2828 τῷ
3573 2759 3746 2830 Κυρίῳ,
3783 2760 3840 2822 τῷ

2278 2842 2424 2898 δόντι
2452 2847 2578 2917 ἡμῖν
2622 2848 2678 2898 τὸ
2733 2846 2860 2898 αὐτὸ
2916 2853 3134 2920 φρονεῖν,
3167 2851 3258 2899 καὶ
3298 2851 3363 2901 τὸ
3391 2849 3514 2900 αὐτὸ
3551 2846 3716 2918 λέγειν.
3746 2845 3840 2895 Ἐπὶ

2274 2940 2480 2998 τούτοις
2523 2932 2628 2989 ἔδει
2672 2955 2734 3009 με
2781 2941 2872 2988 καὶ
2930 2939 3152 3011 ἔγραφόν
3196 2955 3320 2989 τινα
3368 2941 3511 3012 παρά
3551 2944 3633 2990 τοῦ
3689 2930 3843 3008 ἀνδρὸς

2276 3028 2549 3101 ὁμολογίαν
2597 3026 2789 3096 λαϐεῖν,
2843 3030 2979 3081 ὥστε
3032 3034 3121 3081 καὶ
3163 3036 3274 3090 τοῖς
3321 3029 3704 3103 ἐναντιουμένοις
3731 3023 3844 3095 αύτῷ

504 3118 621 3174 lius
677 3119 1036 3176 adversariis
1082 3122 1400 3179 manifesta
1451 3124 1619 3180 ﬁeret
1645 3125 1769 3181 haac
1796 3127 2086 3197 assensio,
2114 3132 2162 3184 et

2276 3119 2493 3191 φανερὰν
2539 3119 2782 3188 γενέσθαι
2829 3122 2923 3176 τὴν
2980 3119 3393 3190 συγκατάθεσιν,
3429 3125 3648 3180 καὶτοῖς
3680 3117 3846 3175 λοιποῖς

506 3209 734 3264 caeteris
781 3209 1073 3266 idoneum
1105 3215 1363 3268 exstaret
1404 3211 1562 3268 illius
1617 3214 1911 3286 propositi
1955 3231 2167 3272 monu-

505 3301 802 3355 mentum.
837 3300 951 3356 Sed
972 3299 1102 3371 ipse
1116 3300 1280 3356 volui
1303 3301 1382 3356 ob
1405 3301 1736 3374 plurimam
1764 3302 2163 3374 diligentiam,

505 3403 646 3443 cum
668 3387 846 3444 fratre
870 3389 1173 3448 Theodoto
1201 3391 1902 3463 congrediens,libellum
1931 3394 2070 3452 ﬁdei
2089 3397 2165 3453 ab

505 3475 644 3546 ipso
667 3477 959 3550 accipere,
983 3479 1157 3552 eique
1187 3497 1372 3553 quem
1414 3482 1729 3538 nominavi
1755 3483 1882 3540 viro
1903 3485 2116 3542 oﬁerre
2148 3505 2162 3543 :

504 3569 569 3621 ut
595 3566 717 3623 duo
734 3583 1384 3642 consequerer,nempe
1414 3576 1478 3627 ut
1499 3575 1556 3628 et
1580 3572 1708 3644 ipse
1729 3573 1915 3629 ﬁdem
1941 3580 2167 3634 rectam

503 3656 906 3723 conﬁteretur,
943 3659 1111 3715 ethis
1139 3660 1477 3732 satisfieret,
1523 3661 1750 3718 nullam
1802 3663 2166 3722 habentibus

502 3746 954 3804 contradicendi
994 3749 1332 3818 materiam,
1378 3753 1514 3822 post
1553 3755 1830 3824 acceptas
1891 3754 2163 3826 ipsorum

501 3835 897 3895 conditiones.
942 3843 1013 3896 At
1040 3841 1405 3908 Theodotus,
1460 3841 1822 3913 prinsquam
1866 3844 2166 3903 didicisset

499 3941 687 3998 quam
717 3928 794 3982 ob
825 3944 1074 3986 causam
1100 3931 1614 4001 convenissemus,
1639 3937 1695 3988 et
1724 3933 1872 4006 quid
1898 3950 1967 3990 ex
1987 3935 2165 3992 collo-

499 4015 645 4085 quio
688 4018 992 4073 consecuti
1038 4034 1331 4085 essemus,
1374 4035 1499 4076 non
1542 4022 1674 4092 jam
1713 4039 1827 4078 nos
1861 4023 1940 4080 ad
1985 4041 2164 4097 syno-

505 4102 654 4159 dum
668 4106 978 4162 vocandos
992 4108 1012 4178 j
1025 4107 1296 4166 udicavit.
1309 4109 1424 4166 Sed
1437 4126 1467 4165 e
1481 4112 1685 4166 medio
1699 4113 1908 4169 itinere
1939 4131 2000 4170 re
2010 4116 2163 4172 versi

505 4208 716 4248 sumus
747 4194 1020 4251 animum
1068 4196 1537 4269 despondentes,
1567 4200 1737 4271 quod
1780 4206 2019 4259 nostros
2050 4220 2160 4277 pro

501 4298 648 4357 pace
681 4284 1075 4342 Ecclesiarum
1095 4286 1334 4344 labores
1373 4289 1571 4345 irritos
1601 4290 1896 4350 redderet.

571 4526 621 4578 3.
649 4524 861 4579 Postea
913 4521 1094 4593 igitur
1147 4523 1431 4597 imposita
1483 4526 1629 4582 mihi
1683 4528 2037 4587 necessitate
2097 4531 2158 4587 in

497 4612 842 4669 Armeniam
867 4613 1070 4682 eundi,
1101 4631 1240 4670 cum
1280 4631 1526 4672 nossem
1558 4616 1860 4688 singulare
1890 4619 2157 4677 hominis

495 4700 828 4771 ingenium,
881 4703 1218 4777 vellemque
1255 4721 1462 4762 coram
1509 4705 1806 4779 locuplete
1835 4712 1984 4766 teste
2014 4726 2154 4767 cum

494 4788 623 4860 ipse
650 4792 947 4848 rationem
993 4809 1202 4850 eorum
1246 4809 1378 4868 quae
1424 4810 1667 4868 egeram
1716 4796 1986 4866 reddere,
2027 4803 2152 4857 tum

563 5009 674 5082 (99)
719 5013 1101 5082 Τελειουμένην.
1133 5020 1220 5074 Ita
1271 5034 1421 5075 mss.
1482 5019 1668 5076 nostri
1718 5035 1956 5078 omnes.
2003 5021 2152 5080 Editi

490 5069 865 5158 τελειουμένῃν.
898 5069 1126 5144 Ibidem
1159 5092 1297 5158 Reg.
1323 5091 1627 5147 secundus
1651 5095 1706 5148 et
1733 5091 1910 5151 Coisl.
1942 5069 2150 5150 securi-

493 5152 608 5234 dus
661 5152 985 5234 Θεοδώρουη
1015 5160 1209 5234 Ηιιοά-
1244 5152 1643 5234 manifestum
1711 5169 1804 5220 est
1856 5171 2147 5223 erratum.

491 5225 677 5313 Iidem
739 5225 861 5285 duo
919 5225 1156 5286 codices
1196 5231 1422 5288 habent
1461 5237 1750 5298 -κοινωνούς
1778 5251 1888 5308 pro
1919 5258 2148 5290 κοινωνι-

489 5314 633 5359 κους.

560 5370 640 5438 (1)
670 5369 812 5426 Vide
834 5371 1147 5429 Addenda.

580 5445 634 5520 j2_)_
694 5446 1085 5520 Προηγέγομεν.
1148 5443 1239 5500 Sic
1305 5448 1420 5502 tres
1468 5447 1859 5506 vetustissimi
1881 5451 2143 5512 codices.

487 5509 637 5588 Ed‘i‘ti
663 5509 1095 5588 προσηγάγομεν.

559 5581 636 5650 (2)
663 5581 1013 5660 ’ὁμολογηθῇ
1044 5590 1181 5644 Tres
1210 5604 1356 5644 mss.
1387 5603 1511 5645 non
1542 5593 1744 5647 tamen
1786 5594 2139 5667 antiquissi-

2279 3210 2457 3265 ἱκανὴν
2481 3203 2609 3259 εἷναι
2643 3215 2734 3260 τοῦ
2766 3204 2958 3281 ἀνδρὸς
2977 3215 3066 3268 τῆς
3093 3213 3449 3284 προαιρέσεως
3470 3215 3562 3269 τὴν
3591 3203 3844 3268 ἀπόδειξινο

2278 3296 2410 3350 Ἀλλ’
2439 3296 2722 3355 ἐϐουλήθην
2745 3296 2899 3358 αὐτὸς
2929 3299 3028 3350 ὑπὸ
3055 3297 3245 3359 πολλῆς
3272 3297 3559 3374 ἀκριϐείας,
3591 3305 3689 3359 τοῖς
3719 3291 3847 3348 ἀδελ-

2277 3394 2390 3458 φοῖς
2421 3393 2697 3459 συντυχὼν
2736 3394 2848 3449 τοῖς
2885 3391 3004 3462 περί
3033 3384 3324 3453 Θεόδοτον,
3347 3390 3474 3466 παρ’
3518 3389 3675 3442 αὐτῶν
3705 3383 3845 3439 λαϐεῖν

2273 3484 2630 3551 γραμματεῖον
2673 3481 2914 3546 πίστεως,
2948 3481 3038 3528 καὶ
3069 3476 3193 3530 αύτό
3237 3486 3509 3554 προτεῖναι
3543 3487 3610 3551 τῷ
3641 3491 3847 3552 προειρη-

2274 3569 2445 3637 μένῳο
2497 3567 2580 3618 ἵνα
2628 3564 2891 3641 ἀμφότερα
2918 3569 3156 3638 γένηται,
3190 3569 3220 3626 ἦ
3274 3586 3336 3621 τε
3389 3568 3516 3642 ὀρθὴ
3557 3571 3726 3628 πίστις
3746 3560 3848 3633 παρ’

2275 3655 2436 3707 αὐτοῦ
2467 3654 2765 3728 ὁμολογηθῇ
2799 3655 2895 3727 (3),
2918 3660 3009 3708 καὶ
3038 3654 3190 3708 αὐτοὶ
3223 3655 3686 3734 πληροφορηθῶσι,
3715 3647 3848 3728 μηδε-

2274 3747 2398 3816 μίαν
2424 3745 2632 3815 ἕχοντες
2663 3741 2959 3814 ἀντιλογίας
2991 3744 3240 3796 ὑπόθεσιν
3269 3743 3329 3797 ἐκ
3351 3754 3444 3799 τοῦ
3466 3748 3555 3806 τὰς
3581 3743 3698 3819 παρ’
3712 3746 3849 3794 αυτῶν

2274 3851 2546 3906 προτασεις
2574 3828 3009 3906 παραδεχθῆναι.
3035 3832 3190 3887 Ἀλλά
3210 3839 3335 3907 πρὶν
3359 3837 3538 3908 μαθεῖν
3559 3836 3689 3895 τίνος
3715 3830 3848 3884 ἕνεκα

2277 3924 2649 3995 συνετύχομεν,
2703 3927 2793 3974 καὶ
2829 3927 2882 3974 τί
2911 3924 3037 3995 ἡμῖν
3068 3921 3122 3974 ἐκ
3147 3930 3244 3986 τῆς
3284 3925 3496 3997 ὁμιλίας
3523 3923 3845 3998 κατώρθωται,

2274 4014 2322 4064 οἱ
2364 4017 2481 4087 περὶ
2525 4015 2612 4065 τὸν
2648 4010 2932 4065 ἐπίσκοπον
2982 4009 3238 4066 Θεόδοτον
3277 4014 3456 4068 οὐκέτι
3500 4016 3632 4088 ἡμᾶς
3677 4011 3741 4073 εἰς
3774 4011 3849 4064 τὴν

2276 4097 2494 4153 σύνοδον
2533 4100 2932 4176 προτρέψασθαι
2989 4101 3349 4164 κατηξίωσαν.
3405 4104 3537 4158 Ἀλλ’
3565 4102 3662 4155 ἀπὸ
3712 4101 3849 4174 μέσης

2274 4189 2609 4262 ἀνεζεύξαμεν
2654 4191 2733 4262 (4)
2780 4197 2874 4252 τῆς
2931 4187 3082 4259 ὁδοῦ,
3143 4190 3532 4265 ἀθυμήσαντες,
3568 4194 3646 4245 ὅτι
3691 4186 3853 4241 ἀτελεῖς

2272 4282 2396 4352 ἡμῖν
2444 4287 2659 4332 ποιοῦσι
2704 4283 2826 4342 τούς
2876 4281 3003 4354 ὑπὲρ
3043 4288 3139 4343 τῆς
3183 4281 3397 4357 εἰρήνης
3439 4291 3537 4336 τῶν
3565 4279 3850 4337 Ἐκκλησιῶν

2272 4371 2554 4442 καμάτους.

2342 4535 2396 4587 3.
2436 4531 2582 4582 Μετὰ
2631 4535 2799 4582 ταῦτα
2852 4532 3044 4597 τοίνυν,
3098 4527 3279 4590 ἐπειδὴ
3342 4531 3617 4586 κατέλαϐεν
3669 4525 3848 4603 ἡμεῖςῆ

2268 4618 2467 4690 ἀνάγκη
2522 4627 2616 4679 τῆς
2655 4617 2740 4670 ἐπὶ
2791 4622 2885 4677 τὴν
2940 4618 3214 4694 Ἀρμενίαν
3256 4615 3409 4690 ὁδοῦ,
3452 4618 3608 4682 εἰδὼς
3652 4625 3738 4672 τοῦ
3775 4613 3849 4668 ἀν-

2268 4705 2394 4782 δρὸς
2438 4711 2496 4760 τὸ
2552 4704 2872 4782 ἰδιότροπον,
2919 4713 3010 4761 καὶ
3060 4707 3376 4782 βουλόμενος
3415 4712 3518 4764 ὑπὸ
3549 4713 3766 4784 μάρτυρι
3788 4702 3851 4773 (5)

2265 4798 2554 4872 ἀξιοπίστῳ
2593 4796 2744 4858 αὐτός
2797 4815 2851 4850 τε
2904 4798 3030 4874 ὑπὲρ
3085 4805 3186 4850 τῶν
3248 4818 3624 4876 πεπραγμενων
3691 4793 3856 4850 ἀπολο.

2259 5022 2711 5102 mimis/35?“:-
2887 5096 2928 5102 --
3029 5096 3065 5102 ι
3621 5099 3629 5102 _
3709 5089 3788 5102 -.

2334 5086 2412 5167 (45
2445 5086 2837 5170 Ἀνέξεύξοιμεν1
2887 5096 2973 5170 Ita
3029 5096 3170 5170 Reg.
3249 5100 3540 5170 uterque,
3579 5099 3662 5170 et
3688 5086 3852 5170 _C_oisl.

2258 5149 2513 5249 uterque
2545 5149 2682 5223 cum
2715 5149 3852 5249 ἔμβα,Υδιεζὸιὲινοῖῖῗιξεὶιιίεῖὲιβίεοι

2257 5241 2386 5310 Non
2411 5238 2670 5310 possum
2702 5239 2881 5294 citare
2896 5238 3295 5310 iHarlmanum
3325 5239 3621 5306 codicem,
3663 5238 3720 5293 in
3749 5245 3854 5310 quo

2254 5302 2470 5366 folium
2518 5309 2686 5365 deest
2736 5310 2852 5366 hoc
2894 5309 3052 5379 loco,
3107 5311 3215 5366 sed
3268 5326 3391 5367 non
3439 5302 3691 5367 dubium
3725 5302 3854 5378 quin

2253 5381 2712 5455 haecscriptura
2743 5386 2828 5455 tot
2854 5382 2997 5455 nixa
3025 5381 3195 5438 libris
3229 5381 3499 5454 antiquis
3535 5398 3606 5455 pr
3621 5379 3854 5437 ecferen—

2252 5453 2333 5510 da
2363 5453 2436 5508 sit
2473 5451 2734 5521 vulgatae
2758 5451 3055 5516 ἀνέζευξαν,
3092 5458 3320 5510 reversi
3347 5451 3512 5510 εξιηι.

2322 5527 2394 5598 (5)
2421 5528 2528 5578 Υπὸ
2559 5525 2808 5601 μάρτυρι.
2834 5525 3116 5582 Nonnulli
3146 5542 3296 5582 mss.
3331 5524 3416 5578 ἐπὶ
3443 5528 3687 5600 μάρτυρι.
