4078 6388
222 310 305 363 ΗΜ

224 440 281 510 γη
292 436 530 509 σασθαι,

234 532 440 586 Γητασα
478 529 580 580 τὸν
634 527 802 603 ἀγρὸν
842 537 940 583 τοῦ
993 530 1385 604 θεοφιλεστάτου
1425 530 1710 585 ἐπισκόπου
1761 538 1872 585 Με-

233 616 417 687 λετίου,
486 624 877 696 συμπαρόντος
933 639 1027 693 μοι
1075 624 1163 673 καὶ
1210 621 1369 673 αὐτοῦ
1417 628 1508 674 τοῦ
1557 623 1871 697 προειρημέ-

240 728 323 763 νου
370 704 657 763 Θεοδότου
686 726 699 739 ·
758 714 851 762 καὶ
899 710 1065 771 οὕτως
1124 709 1246 779 ἐκεῖ,
1293 707 1473 770 ἐπειδὴ
1533 710 1869 783 ἐνεκλήθημεν

244 798 362 875 παρ’
414 799 585 852 αὐτοῦ
642 796 731 852 ἐπὶ
792 807 857 872 τῇ
918 803 996 867 (6)
1052 802 1184 875 πρὸς
1247 800 1537 854 Εὗστοίθιον
1596 803 1865 874 συναφείᾳ,

246 892 380 943 εἷπον
435 891 497 941 τὸ
556 886 616 940 ἐκ
666 896 766 950 τῆς
824 892 1115 960 συντυχίας
1170 891 1506 965 κατόρθωμα,
1560 891 1642 942 ὅτι
1688 887 1868 942 ἔλαϐον

242 979 399 1032 αὐτὸν
446 977 517 1040 εἰς
571 980 750 1031 πάντα
815 977 941 1051 ἡμῖν
996 974 1369 1050 όμοδοξούντα.
1431 978 1519 1042 Ὠς
1576 974 1635 1032 δε
1694 973 1866 1031 δειϐε-

239 1066 454 1121 ϐαιοῦτο
523 1067 738 1140 ἔξαρνον
817 1068 1132 1138 γεγενῆσθαι
1196 1069 1328 1140 μετὰ
1407 1072 1500 1126 τὴν
1568 1065 1653 1140 ἀφ’
1718 1068 1865 1139 ἡμῶν

242 1156 612 1231 ἀναχώρησιν,
673 1160 786 1231 κρὶλ
822 1152 1262 1209 διαϐεϐαιοῦσθαι
1324 1156 1480 1209 αὑτὸν
1533 1164 1643 1219 τοῖς
1712 1153 1866 1217 ἰδίοις

245 1248 406 1301 αὑτοῦ
458 1249 753 1321 μαθηταῖς,
810 1246 841 1304 ἦ
874 1247 965 1318 μὲν
1020 1243 1086 1307 εἰς
1123 1242 1290 1318 μηδὲν
1321 1247 1446 1320 ἡμῖν
1498 1250 1618 1321 περὶ
1656 1255 1748 1307 τῆς
1778 1249 1866 1299 πί-

243 1356 408 1399 στεως
464 1337 854 1407 συντεθεῖσθαι,
919 1334 1159 1393 ἀπήντων
1212 1334 1312 1408 ἐγώ
1358 1339 1487 1411 πρὸς
1535 1343 1702 1388 ταῦτα
1754 1336 1862 1407 (καὶ

243 1432 452 1495 σκόπει,
511 1428 945 1500 θαυμασιώτατε,
1010 1424 1053 1477 εἰ
1117 1429 1188 1498 μὴ
1251 1422 1591 1487 δικαιοτάτας
1630 1425 1708 1498 (7)
1772 1429 1861 1477 καὶ

242 1515 648 1592 ἁναντιβρλότους
719 1512 1005 1587 ἐποιούμην
1063 1518 1194 1588 πρὸς
1244 1523 1397 1568 τοῦτο
1469 1517 1564 1577 τὰς
1648 1513 1862 1591 ἀποκρί-

242 1608 395 1676 ang),
477 1607 561 1658 ὅτι
627 1604 730 1678 ἐγώ
804 1606 896 1678 μὲν
975 1606 1283 1678 πέπεισμαι,
1361 1602 1581 1666 εἰκάζων
1640 1604 1697 1657 ἐκ
1766 1613 1862 1669 τῆς

233 1700 421 1757 λοιπῆς
478 1694 788 1755 εὐπαθείας
817 1700 910 1747 τοῦ
941 1688 1156 1767 ἀνδρὸς,
1208 1698 1280 1766 μὴ
1326 1694 1491 1758 οὕτως
1544 1693 1700 1747 αὐτόν
1739 1697 1860 1747 κού-

226 1798 336 1859 φως
400 1786 814 1862 περιτρέπεσθαι
870 1787 997 1859 πρὸς
1055 1788 1120 1836 τα
1173 1783 1400 1855 ἐναντία,
1433 1781 1574 1858 μηδὲ
1616 1792 1704 1838 νῦν
1767 1789 1859 1859 μὲν
1893 1818 1930 1872 Β

219 1875 527 1949 ὁμολογεῖν,
578 1882 670 1927 νῦν
719 1870 779 1927 δε
830 1874 958 1947 ὑπὲρ
1011 1873 1078 1925 ὧν
1134 1882 1268 1928 εἶπεν
1327 1874 1625 1950 ἀρνεῖσθαι’
1688 1872 1860 1951 ἄνδρα

223 1968 407 2019 καὶτὸ
436 1966 573 2040 ὑπὲρ
621 1972 721 2016 τῶν
750 1967 1017 2036 τυχόντων
1056 1959 1275 2036 ψεῦδος,
1325 1966 1393 2028 ὡς
1440 1963 1676 2042 φοϐερὸν,
1732 1964 1857 2019 ἀπο·

232 2057 511 2129 φεύγοντα,
567 2058 644 2128 μὴ
701 2058 781 2106 ὅτι
832 2064 893 2127 γε
945 2058 1064 2128 περὶ
1116 2063 1214 2107 τῶν
1244 2054 1561 2114 τηλικούτων
1609 2058 1855 2132 πραγμιῖ

228 2165 351 2217 των,
396 2149 489 2199 καὶ
541 2146 682 2197 οὕτω
734 2145 880 2219 παρά
927 2150 1060 2196 πᾶσι
1111 2140 1440 2217 βεϐοημένων
1488 2144 1590 2218 (8),
1647 2144 1856 2198 ἑλέσθαι

228 2237 291 2288 ἄν
337 2254 463 2288 ποτε
514 2232 892 2293 ἐναντιωθῆναι
957 2241 1017 2305 τῇ
1086 2232 1322 2307 ἀληθείᾳ.
1365 2235 1426 2289 Εἰ
1480 2232 1540 2288 δε
1600 2236 1705 2311 ἄρα
1763 2240 1853 2288 καὶ

223 2323 391 2384 ἀληθῆ
466 2321 603 2377 εἶναι
666 2322 844 2396 συμϐῇ
912 2326 980 2376 τὰ
1058 2323 1408 2398 θρυλλούμενα
1470 2325 1594 2400 παρ’
1685 2326 1848 2398 ὑμῶν,

213 2422 497 2488 προτεῖναι
555 2413 701 2485 αὐτῷ
751 2421 1131 2486 γραμματεῖον,
1186 2420 1363 2467 πᾶσαν
1416 2416 1542 2488 ἕχον
1606 2423 1701 2478 τῆς
1757 2414 1853 2490 ὀρ-

223 2504 317 2565 θῆς
370 2506 608 2565 πίστεως
653 2504 750 2561 τὴν
796 2498 1088 2570 ἀπόδειξιν,
1139 2508 1269 2579 χρὴ.
1306 2503 1425 2557 Ἐὰν
1459 2506 1550 2577 μὲν
1592 2504 1682 2557 οὗν
1721 2505 1852 2580 εὕρω

227 2591 386 2645 αὐτὸν
446 2594 809 2666 συντιθέμενον
868 2592 1156 2667 ἐγγράφως,
1224 2592 1444 2666 ἑπιμενῶ
1520 2602 1582 2668 τῇ
1660 2614 1849 2649 κοινω-

229 2684 356 2752 νία·
411 2680 493 2733 ἐὰν
544 2678 604 2735 δὲ
647 2679 792 2734 λάϐω
838 2677 1212 2754 ἀναδυόμενον,
1270 2680 1645 2756 ἀποστήσομαι
1688 2684 1849 2738 αὐτοῦ

230 2776 336 2831 τῆς
382 2774 662 2842 συναφείας.
716 2766 1141 2843 ’Λποδεξαμένου
1174 2771 1252 2844 (9)
1283 2775 1372 2824 τόν
1414 2771 1566 2845 λόγον
1612 2781 1704 2826 τοῦ
1735 2773 1848 2827 ἐπι-

232 2863 441 2913 σκόπου
497 2860 763 2930 Μελετίου,
824 2864 916 2913 καὶ
980 2867 1072 2912 τοῦ
1129 2857 1355 2934 ἀδελφοῦ
1424 2859 1690 2937 Διοδώρου
1755 2873 1848 2917 τοῦ

233 2948 702 3025 συμπρεσϐυτέρου
760 2954 955 3025 (παρῆν
1013 2954 1116 3025 γὰρ
1175 2958 1287 3015 τοῖς
1337 2954 1666 3026 γινομένοις),
1728 2973 1850 3008 συν-

231 3040 436 3111 θέμενος
496 3041 523 3091 ό
606 3036 1033 3113 αἰδεσιμώτατος
1099 3037 1321 3114 ἁδελφὸς
1396 3040 1653 3105 Θεόδοτος
1722 3042 1845 3118 ἐκεῖ,

217 3133 310 3182 καὶ
372 3129 750 3204 παρακαλέσας
822 3131 963 3203 ἡμᾶς
1033 3130 1297 3184 κατελθεῖν
1372 3131 1459 3186 ἐπὶ
1537 3132 1846 3205 Νικόπολιν,

213 3219 297 3271 ἵνα
356 3225 453 3272 καὶ
515 3224 613 3280 τὴν
681 3219 996 3280 Ἐκκλησίαν
1058 3219 1219 3273 αὐτοῦ
1273 3219 1694 3295 ἐπισκεψώμεθα,
1754 3220 1847 3276 καὶ

212 3307 372 3361 αὐτόν
424 3306 669 3382 λάϐωμεν
722 3318 821 3373 τῆς
870 3314 1034 3384 μέχρι
1076 3309 1319 3363 Σατάλων
1363 3307 1667 3386 ὁδοιπορίας
1718 3331 1842 3365 συν-

211 3402 462 3473 έμπορον,
507 3399 811 3455 καταλιπών
869 3402 979 3473 (10)
1035 3402 1177 3474 ἡμᾶς
1234 3400 1285 3454 ἐν
1330 3404 1609 3470 Γητάσοις,
1656 3399 1838 3463 ἐπειδὴ

209 3487 568 3561 κατελάϐομεν
626 3489 741 3562 (ii)
811 3494 901 3549 τὴν
980 3489 1288 3563 Νικόπολιν,
1348 3489 1715 3565 ἐπιλαθόμενος
1771 3490 1838 3545 ὧν

211 3596 266 3630 τε
293 3578 420 3654 παρ’
445 3577 579 3651 ἐμοῦ
614 3582 840 3638 ἤκουσεν
867 3580 1001 3649 (12).
1046 3580 1114 3632 ὧν
1140 3599 1194 3634 τε
1225 3582 1465 3635 συνέθετο
1514 3583 1663 3655 ἡμῖν,
1702 3581 1837 3636 ἐκεί-

210 3685 319 3728 ναις
347 3674 473 3729 ταῖς
496 3664 686 3742 ὕϐρεσι
715 3672 807 3721 καὶ
852 3675 972 3732 ταῖς
1009 3666 1268 3742 ἀτιμίαις,
1309 3668 1372 3732 ἆς
1404 3678 1577 3745 μικρῷ
1610 3673 1838 3744 πρόσθεν

210 3749 596 3829 διηγησάμην,
627 3759 994 3831 καταισχύνας
1026 3759 1167 3831 ἡμᾶς
1194 3758 1489 3832 ἀπέπεμψε.
1703 3768 1707 3772 ’

276 3848 334 3900 4.
369 3851 496 3907 Πῶς
554 3841 645 3898 οὖν
699 3842 761 3905 ἦν
822 3842 1047 3900 δυνατόν
1104 3866 1217 3920 μοι,
1275 3851 1566 3920 τιμιωτάτη
1617 3850 1832 3923 κεφαλὴ,

204 3939 436 3994 ποιῆσαί
469 3952 522 3987 τι
566 3942 670 3986 τῶν
701 3940 1187 4010 προστεταγμένων,
1233 3942 1325 3989 καὶ
1382 3934 1567 3991 δοῦναι
1618 3937 1835 3993 ἐπισκό-

202 4042 340 4085 πους
394 4031 462 4092 τῇ
515 4022 806 4097 ’Λρμενίᾳ;
848 4025 986 4078 οὕτω
1038 4029 1167 4102 πρός
1203 4027 1271 4100 με
1319 4033 1412 4079 τοῦ
1442 4035 1690 4080 κοινωνοῦ
1740 4038 1835 4094 τῆς

206 4108 493 4185 φροντίδος
537 4110 888 4183 διατεθέντος,
920 4115 1046 4191 παρ’
1098 4116 1160 4168 οὗ
1199 4115 1299 4188 ἐγὼ
1330 4113 1668 4192 προσεδόκων
1712 4122 1835 4172 τοὺς

203 4198 546 4266 ἐπιτηδείους
576 4200 778 4279 ἄνδρας
809 4207 1071 4279 εὑρήσειν,
1108 4203 1203 4260 διὰ
1247 4209 1304 4260 τὸ
1344 4214 1475 4260 εῖναι
1520 4207 1571 4260 ἐν
1604 4216 1667 4281 τῇ
1701 4228 1834 4283 παρ-

197 4297 346 4365 οικίᾳ
392 4292 560 4345 αὐτοῦ
625 4298 718 4346 καὶ
787 4293 1040 4364 εὖλαϐεῖς,
1095 4300 1188 4349 καὶ
1258 4300 1524 4365 συνετοὺς,
1592 4301 1680 4351 καὶ
1736 4307 1831 4361 τῆς

198 4380 437 4452 γλώττης
489 4381 791 4458 ἐμπείρους,
851 4389 944 4437 καὶ
1025 4387 1093 4438 τὰ
1157 4383 1318 4439 λοιπὰ
1394 4383 1663 4461 ἰδιώματα
1735 4396 1828 4440 τοῦ

204 4469 383 4531 ἔθνους
411 4470 807 4546 ἱπισταμένους·
854 4473 924 4526 ὧν
968 4470 1125 4539 εἰδὼς
1159 4478 1227 4528 τὰ
1265 4474 1518 4549 ὀνόματα,
1560 4476 1686 4530 ἑκὼν
1717 4469 1824 4537 (13)

1268 316 1752 375 EPISTOLARUM
1791 274 2075 375 CLASSIS
2116 318 2185 374 η.
2224 317 2437 377 EPIST.
2482 320 2651 377 xc1x.

614 435 865 493 κάκεῖνον
945 439 1372 518 πληροφορῆσαι,
1437 439 1589 501 ἦλθον
1658 441 1745 496 ἐπὶ
1806 461 1842 494 τι

1981 440 2065 498 illi
2092 441 2460 515 satisfacere,
2504 442 2643 501 veni
2691 444 2907 501 Getasa
2953 441 3015 499 in
3063 455 3279 513 agrum
3323 438 3641 511 religiosis-

3539 294 3653 375 5'02

1982 531 2120 588 simi
2172 534 2441 607 episcopi
2496 532 2726 605 Meletii,
2781 532 2886 590 ubi
2942 536 3001 589 et
3054 531 3202 606 ipse,
3250 546 3434 604 quem
3489 530 3632 603 dixi,

1986 621 2319 679 l‘heodotus
2346 639 2590 679 mecum
2615 622 2880 680 interfuit
2923 638 2935 678 :
2971 622 3174 695 sicque
3204 620 3287 677 ibi
3317 624 3637 677 accusatus

1980 710 2058 767 ab
2106 728 2178 769 eo
2217 712 2296 769 ob
2344 712 2833 785 conjunctionem
2882 727 3020 768 cum
3051 709 3380 777 Eustathio,
3413 709 3538 765 dixi
3564 725 3637 765 ex

1977 815 2308 871 congressu
2347 806 2740 859 consecutum
2770 817 2868 858 me
2894 817 3044 864 esse,
3078 804 3144 857 ut
3170 815 3311 855 eum
3341 799 3403 854 in
3434 797 3635 854 omni-

1973 888 2091 945 bus
2116 890 2275 947 idem
2302 908 2373 949 ac
2400 906 2515 948 nos
2537 892 2892 948 sentientem
2919 889 3233 947 haberem.
3259 891 3407 945 Cum
3432 891 3635 944 autem

1974 986 2347 1037 asseveraret
2375 980 2750 1037 Eustathium
2789 994 3070 1051 negasse,
3102 982 3429 1052 postquam
3456 977 3535 1034 ab
3560 991 3633 1033 eo

1974 1069 2389 1140 discessimus,
2413 1070 2659 1144 suisque
2689 1069 2947 1144 propriis
2975 1068 3181 1142 ipsum
3210 1066 3520 1139 discipulis
3549 1064 3635 1123 af-

1972 1156 2237 1229 ﬁrmare,
2271 1175 2332 1214 se
2372 1158 2537 1216 nulla
2576 1174 2825 1231 prorsus
2855 1157 2917 1214 in
2946 1172 3010 1214 re
3052 1156 3376 1214 nobiscum
3406 1155 3481 1211 de
3508 1153 3630 1210 ﬁde

1972 1246 2378 1317 consensisse,
2411 1248 2491 1305 ad
2517 1247 2647 1304 hmc
2670 1263 2782 1319 ego
2813 1246 3204 1304 occurrebam
3233 1251 3326 1315 (ac
3350 1244 3508 1315 vide,
3539 1243 3631 1299 vir

1970 1334 2033 1391 in
2063 1337 2275 1409 primis
2309 1336 2687 1406 admirande,
2717 1352 2795 1393 an
2826 1352 2948 1393 non
2974 1336 3345 1408 justissimas
3375 1333 3514 1391 huic
3542 1332 3629 1389 rei

1970 1429 2027 1482 et
2053 1426 2481 1484 invictissimas
2502 1426 2926 1499 responsiones
2947 1425 3365 1492 attulerimus),
3384 1437 3630 1496 persua-

1971 1532 2105 1572 sum
2129 1515 2275 1572 mihi
2294 1532 2427 1573 esse
2454 1517 2865 1588 conjecturam
2895 1513 3139 1571 facienti
3159 1529 3232 1569 ex
3258 1512 3491 1585 reliqua
3514 1514 3626 1568 viri

1970 1606 2326 1673 constantia,
2370 1605 2573 1678 ipsum
2622 1604 2790 1662 haud
2834 1604 2916 1661 ita
2959 1602 3165 1661 leviter
3209 1603 3271 1659 in
3328 1600 3630 1659 contraria

1970 1694 2357 1764 circumferri,
2393 1711 2590 1768 neque
2634 1709 2798 1750 nunc
2844 1693 3094 1767 quidem
3132 1691 3421 1761 conﬁteri,
3462 1706 3627 1748 nunc

1966 1801 2110 1842 vero
2136 1801 2357 1858 negare
2387 1802 2524 1859 quae
2544 1785 2786 1852 dixerit;
2819 1784 3128 1841 hominem
3149 1781 3539 1839 mendacium
3563 1782 3625 1837 in

1966 1875 2148 1933 rebus
2170 1875 2455 1943 minimis,
2480 1880 2546 1932 ut
2563 1873 2847 1931 horribile
2876 1873 3194 1945 quiddam,
3219 1877 3621 1945 aversantem,

1964 1965 2195 2023 nedum
2240 1966 2303 2022 in
2346 1965 2529 2022 rebus
2584 1964 2735 2021 tanti
2777 1964 3070 2021 momenti
3115 1978 3186 2020 ac
3225 1963 3309 2019 ita
3351 1961 3627 2019 omnium

1961 2055 2129 2114 fama
2170 2055 2483 2114 celebratis
2529 2053 2762 2111 veritati
2791 2068 3062 2127 unquam
3109 2051 3421 2109 adversari
3458 2051 3627 2109 velit.

1964 2145 2138 2214 Quod
2169 2145 2217 2201 si
2248 2161 2393 2202 vera
2421 2160 2552 2201 esse
2583 2144 2893 2213 contingat
2919 2157 3055 2215 quae
3086 2156 3122 2198 δ.
3150 2140 3324 2198 vobis
3352 2140 3625 2199 dictitan-

1961 2241 2077 2306 tur,
2110 2233 2544 2309 proponendus
2582 2237 2674 2290 est
2719 2234 2774 2288 ei
2814 2232 3075 2301 libellus,
3105 2230 3211 2304 qui
3238 2246 3417 2288 omne
3445 2236 3622 2287 rectm

1959 2323 2101 2381 ﬁdei
2127 2324 2436 2398 specimen
2454 2322 2907 2395 complectatur.
2932 2320 3107 2388 Quod
3129 2321 3180 2377 si
3201 2336 3341 2376 eum
3363 2320 3625 2377 subscri-

1908 2424 1922 2439 '
1956 2413 2164 2471 bendo
2206 2412 2488 2471 assentiri
2531 2427 2834 2485 reperero,
2863 2409 3129 2467 manebo
3170 2409 3233 2465 in
3269 2409 3429 2466 illius
3458 2425 3623 2467 com-

1958 2505 2249 2561 munione
2272 2521 2285 2559 :
2311 2503 2407 2559 sin
2427 2506 2628 2560 autem
2650 2500 3107 2574 deprehendero
3125 2504 3525 2567 recusantem,
3542 2499 3620 2557 ab

1957 2594 2116 2652 illius
2137 2594 2271 2666 conj
2283 2594 2559 2650 unctione
2582 2590 2917 2649 discedam.
2934 2593 3082 2648 Cum
3104 2594 3308 2647 autem
3328 2589 3459 2646 haec
3481 2605 3622 2662 pro-

1957 2683 2246 2741 barentur
2292 2682 2582 2755 episcopo
2630 2680 2877 2746 Meletio,
2904 2684 2961 2736 et
2988 2678 3156 2736 fratri
3200 2678 3459 2736 Diodoro
3488 2693 3621 2752 pre-

1958 2774 2203 2844 sbytero
2234 2774 2401 2845 (nam
2427 2771 2500 2827 iis
2528 2786 2668 2843 quae
2697 2770 2926 2826 ﬁebant
2950 2768 3280 2836 intererat),
3310 2768 3428 2825 illic
3470 2784 3619 2826 sane

1957 2877 2146 2935 quam
2175 2860 2540 2917 reverendus
2570 2859 2755 2916 frater
2782 2858 3125 2915 Theodotus
3168 2873 3452 2914 assensus
3479 2862 3568 2916 est
3600 2877 3614 2928 ;

1958 2966 2220 3023 cumque
2243 2949 2598 3007 adhortatus
2631 2952 2808 3019 esset,
2824 2950 2891 3003 ut
2919 2945 3427 3002 descenderemus
3448 2946 3617 3003 Nico-

1954 3040 2163 3114 polim,
2214 3045 2342 3097 tum
2394 3044 2461 3096 ut
2536 3037 2862 3095 Ecclesiam
2942 3036 3136 3108 ipsius
3192 3036 3615 3106 inviseremus,

1954 3134 2085 3188 tum
2114 3131 2285 3205 195
2309 3134 2364 3188 et
2388 3130 2593 3202 ipsum
2616 3128 2840 3185 itineris
2864 3126 3144 3183 comitem
3170 3126 3400 3184 Satalos
3419 3144 3615 3202 usque

1953 3220 2342 3289 haberemus,
2371 3236 2441 3276 ac
2483 3235 2607 3276 non
2639 3217 2866 3276 Getasis
2902 3216 3258 3290 reliquisset,
3290 3217 3394 3274 ubi
3433 3217 3613 3274 Nico-

1952 3310 2139 3383 polim
2168 3311 2469 3378 venimus,
2502 3308 2723 3365 oblitus
2744 3323 2954 3364 eorum
2976 3323 3112 3379 quae
3137 3312 3194 3364 et
3220 3322 3257 3363 a
3282 3323 3379 3364 me
3410 3307 3614 3364 audie-

1947 3405 2073 3470 rat,
2095 3405 2150 3457 et
2176 3416 2314 3474 quae
2342 3398 2666 3456 nobiscum
2694 3402 2909 3471 pactus
2940 3396 3153 3466 fuerat,
3186 3413 3299 3454 nos
3325 3397 3418 3463 iis,
3452 3413 3609 3470 quas

1947 3489 2132 3560 paulo
2159 3493 2295 3546 ante
2321 3487 2517 3556 retuli,
2551 3486 2930 3545 contumeliis
2960 3501 3031 3543 ac
3073 3484 3422 3559 ignominiis
3462 3484 3609 3544 aﬂe-

1946 3582 2075 3636 ctos
2098 3577 2345 3636 dimisit.

2014 3846 2394 3914 4.0uomodo
2405 3863 2548 3918 ergo
2558 3862 2807 3920 possem
2820 3844 3600 3921 caputpraestantissimum,

1944 3937 2378 3993 mandatorum
2399 3936 2736 4010 quidquam
2757 3938 3063 4011 perﬁcere,
3078 3940 3134 3992 et
3154 3934 3470 4008 episcopos
3489 3939 3601 3990 Ar-

1944 4025 2159 4082 menim
2181 4024 2360 4082 dare?
2374 4026 2459 4081 sic
2479 4042 2623 4097 erga
2643 4042 2740 4083 me
2762 4026 2974 4083 affecto
2993 4041 3277 4081 curarum
3299 4024 3484 4096 socio,
3499 4040 3602 4081 cu-

1936 4114 2036 4185 jus
2057 4130 2243 4187 opera
2266 4114 2591 4187 sperabam
2611 4131 2708 4171 me
2728 4114 2979 4172 idoneos
2999 4115 3162 4171 viros
3188 4113 3598 4183 inventurum,

1942 4219 2013 4260 eo
2043 4204 2211 4277 quod
2240 4204 2303 4261 in
2333 4205 2463 4276 ejus
2487 4205 2755 4278 parcncia
2773 4220 2898 4262 non
2927 4203 3129 4260 desint
3157 4208 3214 4259 et
3232 4202 3515 4273 religiosi,
3544 4208 3600 4260 et

1938 4293 2285 4366 prudentes,
2318 4299 2375 4351 et
2419 4294 2642 4365 linguae
2688 4294 2883 4369 periti,
2914 4299 2969 4351 et
2998 4294 3105 4367 qui
3149 4291 3415 4365 reliquos
3452 4308 3597 4349 usus

1937 4384 2131 4455 gentis
2142 4385 2421 4458 proprios
2443 4384 2662 4453 sciant;
2686 4400 2949 4458 quorum
2969 4386 3221 4440 nomina
3232 4400 3370 4439 cum
3382 4381 3594 4450 sciam,

1934 4474 2145 4531 volens
2170 4475 2400 4544 tacebo,
2423 4491 2499 4532 ne
2518 4475 2667 4549 quid
2688 4474 3107 4549 impedimenti
3127 4478 3431 4544 nascatur,
3448 4487 3593 4545 quo-

207 4562 578 4634 σιωπησομαι,
630 4565 720 4616 ἵνα
759 4567 833 4636 μή
890 4567 944 4616 τί
980 4562 1236 4637 ἇμπόδιον
1274 4565 1492 4638 γένηται
1522 4570 1653 4643 πρὸς
1683 4569 1740 4619 τό
1771 4565 1823 4620 ἐν

1959 4565 2136 4620 ninus
2156 4564 2272 4621 alio
2296 4564 2510 4621 saltem
2532 4548 2804 4637 tempore
2828 4562 3124 4620 Armeniae
3146 4562 3361 4618 utiliter
3377 4577 3591 4618 consu-

202 4645 369 4723 ἑτέρῳ
438 4659 565 4723 γοῦν
619 4654 801 4727 χρόνῳ
852 4656 1288 4728 χρησιμευθῆναι
1358 4659 1452 4717 τὴν
1528 4655 1817 4731 Ἀρμενίαν.

197 4743 305 4792 Καὶ
359 4747 451 4793 νῦν
499 4745 770 4815 γενόμενος
821 4746 988 4818 μέχρι
1039 4743 1277 4799 Σατάλων
1326 4743 1376 4798 ἐν
1425 4747 1644 4818 τοιούτῳ
1710 4749 1819 4799 σώ-

180 4850 343 4903 ματι,
377 4832 449 4884 τα
475 4834 573 4903 μὲν
602 4831 762 4885 λοιπὰ
791 4829 1030 4908 ἔδοξατῇ
1058 4843 1150 4888 τοῦ
1173 4842 1309 4889 Θεοῦ
1325 4836 1517 4911 χάριτι
1535 4839 1814 4907 καθιστᾴν,

179 4922 504 4994 εὶρηνεύσας
551 4923 675 4984 τοὺς
730 4926 823 4983 τὴς
878 4921 1150 4997 Ἀρμενίας
1203 4923 1544 4994 ἑπισκοπους,
1576 4929 1667 4979 καὶ
1698 4923 1816 4979 δια-

261 5118 336 5197 ςρ)
366 5116 928 5197 ἘπὶᾼτῆηΝοηῃιιΗί
958 5125 1255 5197 mssgnpt
1282 5127 1807 5197 τῆς.....συναφείας.

186 5186 425 5271 lbid‘em
485 5188 666 5271 Cpisl.
715 5190 955 5271 primus
982 5196 1062 5271 ft
1107 5186 1259 5271 M93,
1302 5196 1371 5248 τὰ
1402 5186 1806 5271 κατορθώματα.

183 5259 372 5340 Paulo
404 5265 552 5333 post
579 5259 859 5340 nonnulli
887 5262 1128 5340 codices
1156 5263 1341 5318 ἑαυτοῦ
1367 5259 1646 5340 μαθηταῖςλ

251 5334 331 5403 (7)
381 5335 773 5411 Atxatorérag._
812 5335 1250 5411 Reg._primus
1302 5334 1376 5411 et"
1412 5338 1601 5411 Bigot.
1656 5337 1807 5411 alter

188 5397 545 5483 δικαὶρτάτωε
600 5411 695 5483 καί
751 5397 1156 5483 ᾲναντῖῥρἦως.
1226 5408 1409 5467 Paulo
1469 5397 1612 5483 post
1661 5410 1803 5467 editi

186 5476 561 5543 perabsurde
599 5473 914 5541 αὐθαδείας.

261 5548 332 5618 (8)
361 5548 720 5622 Βεϐοημένων.
774 5552 864 5605 lta
909 5567 1056 5606 mss.
1091 5567 1219 5608 sex.
1254 5551 1405 5609 Editi
1459 5549 1799 5627 διαϐεϐοημέ-

183 5633 285 5669 νων
292 5660 306 5673 ,

253 5691 332 5766 (9)
358 5689 814 5769 ’Δποδεξαμένου.
868 5694 1009 5751 Tres
1057 5709 1207 5753 mss.
1247 5708 1373 5755 non
1408 5696 1800 5757 vetustissimi

1928 4653 2107 4710 latur.
2142 4656 2209 4711 Et
2236 4669 2396 4711 nunc
2424 4670 2562 4711 cum
2586 4653 2786 4712 Satala
2814 4668 3008 4726 usque
3037 4668 3176 4708 cum
3205 4650 3309 4708 tali
3336 4667 3589 4724 corpore

1928 4744 2360 4815 pervenissem,
2387 4744 2620 4818 reliqua
2642 4743 2891 4817 quidem
2914 4742 3080 4799 visus
3104 4757 3243 4798 sum
3264 4741 3366 4798 Dei
3395 4741 3589 4811 gratia.

1927 4833 2313 4902 constituere;
2335 4850 2475 4890 cum
2496 4850 2711 4907 pacem
2732 4831 3349 4905 composueriminter
3360 4831 3588 4904 episco-

1923 4938 2039 4996 pos
2068 4922 2384 4992 Armeniae,
2416 4938 2660 4997 eosque,
2696 4926 2758 4980 ut
2789 4939 2902 4996 par
2929 4927 3074 4997 erat,
3106 4923 3402 4982 allocutus
3446 4925 3583 4998 sim,

1920 5119 2157 5178 addunt
2183 5120 2295 5178 οὖν.

1992 5195 2108 5265 (10)
2138 5197 2481 5265 Συνέμπορον,
2522 5192 2839 5251 καταλιπών.
2890 5196 2981 5254 Ita
3026 5211 3184 5252 mss.
3232 5198 3388 5253 octo.
3427 5192 3582 5252 Editi

1921 5263 2236 5340 συνεκπορον
2262 5263 2637 5340 καταλιπόντα.

1988 5334 2515 5411 (1λ1)ΑΚατελιξϐομεν.
2565 5339 2831 5400 Quatuor
2859 5355 3010 5397 mss.
3042 5354 3168 5397 non
3196 5334 3582 5395 vetustissimi

1911 5408 2208 5479 κατέλαϐεν,
2243 5409 2349 5466 sed
2375 5408 2576 5466 minus
2601 5411 2945 5469 commode.

1981 5482 2096 5552 (l2)
2160 5478 2448 5557 Ἤκουσεν.
2516 5486 2599 5541 [ta
2658 5483 2871 5557 optimi
2920 5484 3195 5557 quinque
3250 5478 3590 5557 mss._Edit

1909 5554 2181 5631 fifouaazv._
2217 5554 2399 5610 Paulo
2430 5560 2570 5627 post
2614 5554 2773 5613 male
2801 5557 2864 5612 in
2912 5554 3570 5631 eHiUS—rrporetaypt'vwv.

1905 5626 2041 5682 Mss.
2072 5629 2140 5681 ut
2167 5625 2230 5682 in
2259 5625 2443 5683 textu;

1978 5697 2090 5770 (13)
2115 5704 2294 5757 Ἑκών.
2316 5700 2403 5758 Ita
2420 5697 2691 5773 plerique
2715 5717 2862 5760 mss.
2892 5702 3048 5762 Editi
3076 5702 3353 5770 ἑκουσίως.
