4078 6386
206 250 305 304 505

1270 250 1767 309 EPISTOLARUM
1805 247 2089 311 CLASSIS
2128 256 2194 310 ll.
2237 257 2450 313 EPIST.
2491 256 2581 315 Cl.

3500 267 3607 322 506

209 380 357 445 γοῦν,
387 370 539 446 ἐάνῇ
599 370 845 445 δυνατόν⁹
873 375 1278 452 παρακαλοῦμεν
1328 375 1413 429 ἐπὶ
1460 385 1551 437 τῆς
1602 372 1816 429 συνόδοι

1942 379 2136 435 moria
2174 379 2504 438 beatissimi
2534 382 2814 454 martyris
2864 385 3187 457 Eupsychii
3209 386 3342 457 jam
3382 403 3603 462 appro-

211 464 479 534 γενέσθαι,
511 462 577 521 ἣν
624 459 698 514 δι’
727 464 875 524 ἔτους
920 465 1116 537 οἶγομεν
1148 463 1231 518 ἐπὶ
1283 472 1344 537 τῇ
1392 470 1568 538 μνήμη
1603 472 1694 517 τοῦ
1740 485 1837 537 μα-

212 558 402 630 καρίου
444 556 563 625 (21)
595 555 859 628 μάρτυρος
904 555 1190 628 Ευψυχίου
1231 558 1662 630 προσεγγιζουσῃ
1721 554 1835 607 λοι-

213 648 310 697 πόν
354 646 497 696 κατά
527 648 623 700 την
673 640 902 716 ἑϐδόμην
955 646 1149 719 ἡμέραν
1184 651 1272 697 τοῦ
1322 644 1670 717 Σεπτεμϐρίου
1730 664 1833 717 μη-

210 739 317 796 νός.
382 738 486 787 Καὶ
533 735 637 806 γὰρ
686 737 776 785 καὶ
849 730 1121 808 φροντίδος
1174 734 1299 797 ἀξια
1360 737 1485 808 ἡμῖν
1550 753 1834 809 περιιειται

210 825 513 898 πράγματα
554 831 652 885 τῆς
685 824 830 898 παρά
874 830 971 875 σου
1021 826 1127 894 (2'2)
1173 820 1393 897 δεόμενα
1439 828 1736 898 συνεργίας,
1761 826 1833 886 εἵς

210 932 263 965 τε
316 914 659 964 κατάστασιν
707 914 1007 965 ἐπισκόπων
1039 919 1128 966 καὶ
1159 913 1225 974 εἰς
1274 912 1470 987 βουλὴν
1510 918 1602 965 καὶ
1644 911 1830 983 σκέψιν

202 1010 304 1053 τῶν
343 1001 712 1074 μελετωμένων
761 1000 877 1054 καθ’
907 1004 936 1059 ἡ
944 1010 1052 1074 μῶν
1105 1004 1252 1078 ποιρά
1309 1012 1370 1062 τῆ
1385 1024 1405 1065 ς
1454 1022 1563 1076 χρη
1574 1005 1734 1058 στότη
1743 1020 1798 1053 το
1809 1022 1829 1063 ς

1946 467 2299 539 pinquante,
2335 470 2431 526 die
2461 471 2716 544 septima
2756 472 2985 527 mensis
3019 475 3407 547 Septembris.
3450 481 3601 535 Nam

1946 557 2341 616 circumstant
2377 576 2489 616 nos
2519 561 2704 632 digna
2741 560 3143 620 sollicitudine
3174 567 3435 635 negotia,
3463 584 3600 640 quae

1945 646 2168 703 auxilio
2201 652 2303 704 tuo
2333 648 2623 720 indigent.
2660 653 2787 706 tum
2820 650 2897 706 ad
2930 652 3419 712 constitutionem
3446 656 3601 728 epis-

1946 749 2257 807 coporum,
2309 741 2435 793 tum
2481 738 2561 793 ad
2612 738 3112 797 deliberationem
3155 746 3212 798 et
3251 744 3599 802 considera-

1944 823 2164 882 tionem
2187 843 2418 897 eorum,
2441 846 2578 902 quae
2604 829 2665 885 in
2685 846 2799 885 nos
2825 830 3147 889 meditatur
3171 835 3436 906 Gregorii
3458 840 3601 908 Nys-

1940 914 2069 970 seni
2099 915 2487 988 simplicitas;
2519 919 2625 991 qui
2655 919 2927 991 synodos
2978 922 3139 991 cogit
3184 927 3456 997 Ancyrae,
3488 941 3601 982 nec

1939 1001 2128 1058 ullum
2167 1003 2343 1060 nobis
2370 1005 2694 1062 insidiandi
2724 1007 2978 1064 modum
3001 1012 3420 1081 praetermittit.

200 1094 510 1165 Γρηγορίου
566 1091 681 1162 (23)
743 1098 835 1144 τοῦ
896 1096 1179 1153 Νυσσαέως
1237 1092 1314 1162 ὃς,
1370 1088 1620 1153 συνόδους
1674 1097 1950 1165 συγκροτεῖ
2000 1094 2138 1144 κατά
2182 1098 2274 1151 τὴν
2322 1093 2598 1169 Ἄγκυραν,
2658 1102 2746 1149 καὶ
2796 1094 2984 1150 οὐδένα
3031 1103 3219 1173 τρόπον
3258 1100 3600 1155 ἐπιϐουλεύων

206 1182 340 1252 ἡμῖν
370 1180 500 1252 ἀφίη
512 1199 595 1231 σιν
605 1221 618 1234 .

794 1273 1129 1323 ΕΠΙΣΤΟΛΗ
1164 1269 1278 1325 PA'.

2534 1272 2882 1332 EPISTULA
2925 1276 3011 1332 Cl‘

213 1357 433 1414 Redua:
467 1372 543 1414 ea:
580 1357 876 1415 Armenia
906 1359 1173 1438 Basitius
1204 1374 1335 1415 cum
1379 1358 1679 1414 didicisset
1707 1357 1789 1438 fle
1816 1362 2005 1438 morte
2032 1358 2284 1438 insignis
2300 1361 2569 1438 alicujus
2599 1378 2886 1438 personae,
2922 1366 3277 1421 consolatur
3306 1367 3423 1424 hac
3452 1368 3606 1438 epis-

987 1431 1112 1486 tola
1141 1445 1294 1497 eum,
1328 1445 1499 1503 quem
1529 1429 1834 1499 prmcipue
1868 1426 1973 1483 hoc
2002 1426 2213 1486 eventu
2244 1426 2540 1501 afﬂictzim
2571 1426 2819 1490 sciebat.

722 1520 1140 1594 Παράμυθητική
1190 1520 1326 1591 (24).

295 1606 469 1680 [εὐχῆς
526 1606 673 1670 ἄξιον
726 1604 809 1676 ἦν,
851 1612 1064 1683 πρώτην
1118 1604 1570 1682 διαπεμπομένους
1627 1606 1833 1660 ἐπιστο-

2560 1522 2991 1581 Consolatoria.

2016 1608 2365 1680 Optandum
2391 1614 2534 1682 erat,
2561 1610 2876 1683 epistolam
2898 1613 3160 1686 primam
3177 1614 3600 1680 scribentibus,

224 1696 339 1765 λήν,
382 1697 740 1769 εὖθυμοτέραν
784 1696 926 1769 ἔχειν
964 1701 1056 1755 τὴν
1109 1705 1205 1749 τῶν
1261 1699 1586 1772 γραμμάτων
1628 1696 1816 1751 ὑπόθε-

1941 1695 2231 1753 laetiorcm
2275 1698 2501 1754 habere
2548 1699 2881 1758 litterarum
2915 1704 3249 1761 materiam.
3302 1707 3453 1761 Nam
3485 1704 3603 1761 hoc

212 1806 316 1839 σιν.
382 1786 542 1837 Οὕτω
591 1789 696 1858 γὰρ
748 1785 810 1836 ἀν
870 1787 995 1858 ἡμῖν
1041 1788 1109 1838 τά
1163 1788 1298 1839 κατά
1343 1793 1551 1860 γνώμην
1612 1785 1828 1860 ὑπῆρξε,

203 1871 352 1927 διότι
396 1880 542 1927 πᾶσι
569 1872 871 1947 βουλόμεθα
896 1882 1003 1937 τοῖς
1047 1875 1097 1927 ἐν
1143 1874 1375 1949 εὐσεϐείᾳ
1412 1877 1508 1950 ζῇν
1546 1895 1831 1950 προαιρου-

210 1969 384 2037 μένοις
437 1967 621 2016 πάντα
667 1967 755 2016 τόν
800 1963 919 2037 βίον
966 1965 1033 2025 εἰς
1077 1964 1273 2037 ἀγαθόν
1322 1962 1660 2035 εὐοδοῦσθαι,
1694 1964 1831 2019 Ἀλλ’

214 2051 395 2112 ἐπειδὴ
442 2054 471 2105 ὁ
522 2051 744 2106 διοικῶν
791 2059 887 2113 τὴν
938 2055 1078 2115 ζωὴν
1126 2057 1273 2128 ἡμῶν
1328 2059 1538 2131 Κύριος,
1579 2059 1710 2109 κατά
1738 2061 1831 2115 τὴν

211 2143 432 2218 ἄρρητον
464 2143 635 2197 αὐτοῦ
686 2148 870 2217 σοφίαν
917 2145 1122 2207 πάντως
1174 2148 1307 2220 πρὸς
1352 2148 1410 2197 τό
1445 2149 1704 2220 συμφέρον
1734 2155 1830 2197 τῶν

211 2232 400 2305 ψυχῶν
430 2242 539 2287 τῶν
584 2235 847 2308 ἡμετέρων
876 2241 1048 2286 ταῦτα
1094 2238 1399 2307 ᾠκονόμησε
1446 2236 1708 2306 γενέσθαι,
1757 2231 1831 2287 δι’

209 2320 276 2373 ὧν
306 2341 393 2375 σοι
438 2325 539 2396 μὲν
589 2318 857 2398 ὀδυνηρὰν
900 2326 1192 2381 κατέστησε
1223 2326 1318 2382 τήν
1369 2324 1528 2392 ζωὴν,
1562 2325 1702 2397 ἡμᾶς
1747 2321 1828 2394 δὲ,

198 2416 317 2473 τοὺς
366 2420 433 2485 τῇ
493 2414 636 2464 κατά
684 2415 816 2466 Θεόν
1076 2417 1455 2487 συνημμένους,
1489 2413 1562 2475 εἰς
1610 2416 1828 2487 συμπά-

205 2502 347 2554 θειαν
398 2505 600 2573 ἤγαγε,
632 2503 898 2572 μαθόντας
952 2504 1098 2575 παρά
1144 2510 1245 2554 τῶν
1301 2498 1533 2575 ἀδελφῶν
1564 2505 1732 2576 ἡμῶν,
1778 2502 1826 2555 ἐν

210 2586 289 2651 οἷς
343 2595 587 2662 γέγοναςο
642 2588 926 2662 ἀναγκαῖον
959 2591 1084 2663 ἡμῖν
1134 2589 1315 2663 ἐφάνη,
1347 2596 1440 2650 την
1479 2588 1825 2664 ἐνδεχομένην

214 2680 549 2750 παράκλησιν
602 2687 965 2753 προσαγαγεῖν
1026 2699 1129 2735 σοι.
1174 2680 1236 2732 Εἰ
1263 2683 1353 2753 μὲν
1394 2676 1481 2732 οὖν
1509 2677 1570 2738 ἦν
1602 2677 1824 2733 δυνατὸν

219 2773 317 2820 καὶ
348 2764 597 2828 διαϐῆναι
623 2774 792 2843 μέχρι
822 2776 915 2822 τοῦ
958 2773 1119 2822 τόπου
1151 2767 1199 2820 ἐν
1234 2770 1274 2841 ᾧ
1303 2769 1577 2843 συμϐαίνει
1621 2766 1824 2842 διάγειν

223 2877 325 2910 σου
376 2861 473 2915 τὴν
502 2858 772 2931 εὐγένειαν,
806 2862 927 2932 περὶ
954 2861 1148 2920 παντὸς
1178 2858 1239 2911 ἀν
1268 2867 1422 2912 τοῦτο
1469 2858 1818 2933 ἐποιησάμηνο

217 2946 335 3000 ἐπεὶ
366 2943 426 3000 δὲ
462 2950 547 3000 καὶ
591 2949 622 3006 ἡ
679 2954 775 3000 τοῦ
835 2952 1076 3020 σώματος
1105 2947 1393 3024 ἀρρωστία,
1439 2955 1653 3003 καὶτῶν
1702 2969 1821 3002 συν-

1941 1790 2117 1859 pacto
2139 1801 2234 1843 res
2249 1787 2426 1843 nobis
2444 1804 2515 1845 ex
2536 1789 2827 1846 sententia
2844 1793 3297 1863 successissent,
3310 1793 3456 1866 quia
3476 1809 3603 1850 om-

1941 1874 2123 1931 nibus
2168 1875 2449 1932 volumus
2497 1877 2735 1950 pietatis
2783 1879 3119 1938 institutum
3147 1882 3595 1955 proﬁtentibus,

1941 1966 2129 2020 totam
2156 1964 2342 2021 vitam
2382 1966 2460 2022 ad
2486 1982 2809 2040 prosperos
2835 1986 3148 2027 successus
3177 1971 3448 2045 perduci.
3484 1970 3600 2029 Sed

1941 2069 2080 2108 cum
2095 2053 2223 2109 vita:
2245 2059 2463 2111 nostrae
2486 2057 2833 2113 moderator
2854 2060 3145 2118 Dominus
3166 2075 3276 2133 pro
3290 2076 3410 2117 non
3429 2075 3601 2117 enar-

1940 2143 2114 2200 rabili
2145 2160 2256 2200 sua
2285 2145 2601 2217 sapientia,
2633 2147 2884 2204 omnino
2915 2148 2994 2205 ad
3026 2149 3340 2207 utilitatem
3373 2150 3603 2206 anima-

1939 2250 2073 2289 rum
2093 2238 2437 2291 nostrarum
2459 2236 2571 2292 hos
2593 2242 2843 2293 eventus
2856 2237 3433 2313 dispensaverit,per
3447 2255 3604 2313 quos

1940 2324 2043 2380 tibi
2056 2324 2303 2397 quidem
2320 2325 2641 2383 molestam
2663 2327 2848 2384 vitam
2867 2328 3193 2401 constituit,
3211 2344 3324 2385 nos
3341 2344 3486 2386 vero
3499 2328 3606 2402 qui

1938 2412 2046 2470 tibi
2085 2414 2375 2471 charitatc
2406 2415 2466 2471 in
2493 2418 2613 2473 Deo
2640 2416 2946 2488 conjuncti
2989 2434 3223 2483 sumus,
3247 2434 3282 2475 a
3310 2417 3600 2475 fratribus

1935 2504 2176 2569 nostris,
2198 2520 2321 2577 quo
2340 2504 2403 2560 in
2428 2520 2630 2561 rerum
2654 2509 2815 2562 statu
2838 2506 2940 2574 sis,
2967 2507 3217 2564 edoctos
3239 2506 3320 2564 ad
3351 2507 3603 2564 commi-

1936 2592 2295 2649 serationem
2319 2592 2599 2663 adduxit;
2623 2595 3036 2652 necessarium
3058 2595 3236 2652 nobis
3262 2596 3467 2652 visum
3488 2599 3599 2655 est,

1935 2681 2240 2751 solatium,
2261 2682 2509 2755 quodin
2528 2684 2705 2740 nobis
2736 2684 2915 2741 situm
2946 2690 3057 2755 est,
3088 2685 3198 2742 tibi
3229 2685 3466 2743 afferre.
3489 2690 3600 2743 Ita-

1932 2786 2049 2843 que
2080 2770 2209 2827 ﬁeri
2236 2771 2284 2827 si
2313 2776 2544 2844 posset,
2560 2777 2625 2829 ut
2654 2773 2733 2829 ad
2764 2789 2905 2829 eum
2930 2790 3128 2847 usque
3154 2774 3455 2841 locum,in
3478 2790 3602 2848 quo

1932 2863 2046 2915 tuae
2080 2859 2374 2916 nobilitati
2402 2862 2629 2917 versari
2668 2861 2983 2933 contingit,
3017 2863 3453 2935 proﬁciscerer,
3482 2865 3599 2921 uti-

1929 2964 2047 3021 que
2060 2949 2209 3005 nihil
2235 2950 2402 3022 prius
2431 2950 2729 3007 fecissem.
2751 2951 3051 3017 Quoniam
3073 2967 3219 3009 vero
3246 2957 3304 3009 et
3322 2953 3596 3026 corporis

215 3041 443 3109 εχόντων
474 3039 613 3110 ἡμᾶς
641 3039 966 3111 πραγμάτων
991 3040 1050 3089 τό
1097 3037 1314 3106 πλῆθος,
1344 3043 1433 3091 καὶ
1482 3039 1645 3097 αὐτὴν
1687 3041 1816 3091 ταύ-

1931 3036 2006 3093 ad
2016 3053 2186 3095 versa
2200 3038 2497 3108 valetudo,
2513 3044 2571 3096 et
2590 3040 2971 3111 negotiorum
2983 3040 3207 3114 quibus
3230 3041 3589 3101 distinemur

208 3146 302 3186 την
336 3127 395 3185 ἦν
434 3128 738 3200 ὑπέστημεν
770 3123 895 3180 ὁδὸν
922 3126 1003 3180 ἐπὶ
1046 3127 1205 3202 πολλῇ
1239 3137 1340 3181 τῶν
1369 3129 1486 3182 καθ’
1526 3131 1667 3202 ἡμᾶς
1698 3128 1818 3182 Ἐκ-

199 3217 434 3275 χ).ησιῶν
478 3216 655 3289 ζημία
688 3218 1071 3290 παρεσκεύασε’
1105 3213 1141 3269 δ
1147 3220 1201 3270 ιά
1244 3219 1567 3291 γραμμάτων
1594 3217 1818 3287 ςέπισκέ-

198 3306 410 3377 ψασθαί
473 3325 572 3358 σου
649 3309 746 3364 τὴν
814 3309 1110 3379 σεμνότητα
1164 3308 1620 3381 προεθυμήθημεν,
1688 3310 1816 3361 ὑπο-

198 3398 614 3466 μιμνήσκοντες,
658 3393 741 3446 ὃτι
780 3396 836 3447 αἱ
895 3394 1097 3467 θλίψεις
1147 3396 1303 3450 αὗται
1360 3396 1453 3449 οὐκ
1494 3396 1665 3473 ἀργῶς
1713 3403 1818 3458 τοῖς

203 3477 411 3544 δούλοις
459 3490 559 3535 τοῦ
611 3490 746 3536 Θεοῦ
790 3485 938 3558 παρά
982 3491 1075 3536 τοῦ
1107 3482 1510 3547 ἐπισκοποῦντος
1545 3487 1681 3558 ἡμᾶς
1717 3492 1817 3539 Κυ-

202 3575 315 3644 ρίου
343 3577 611 3645 γίνονται,
654 3570 783 3625 ἀλλά
816 3571 901 3625 ἐπὶ
941 3569 1236 3647 δοκιμασία
1276 3584 1372 3636 τῆς
1413 3574 1659 3636 ἀληθινῆς
1687 3577 1818 3651 πρὸς

202 3663 284 3713 τόν
321 3667 593 3715 κτίσαντα
621 3663 762 3735 ἡμᾶς
805 3664 935 3716 Θεὸν
975 3661 1201 3735 ἀγάπης.
1232 3671 1321 3726 Ὠς
1349 3666 1451 3739 γάρ
1502 3669 1626 3728 τοὺς
1656 3663 1816 3724 ἀθλη-

200 3752 290 3813 τὰς
327 3754 379 3805 οἱ
437 3759 545 3805 τῶν
619 3749 828 3823 ἀγώνων
898 3754 1126 3826 κάματοι
1182 3760 1292 3817 τοῖς
1337 3756 1605 3828 στεφάνοις
1657 3773 1817 3828 προσ-

202 3842 449 3914 άγουσιν,
504 3842 640 3895 οὕτω
695 3846 786 3895 καὶ
834 3846 951 3904 τοὺς
998 3848 1351 3918 Χριστιανοὺς
1394 3846 1424 3904 ἡ
1482 3843 1532 3897 ἒν
1561 3853 1668 3907 τοῖς
1699 3845 1814 3917 (25)

199 3934 521 4006 πειρασμοῖς
563 3928 861 4003 δοκιμασία
914 3935 1047 4006 πρὸς
1091 3937 1184 3992 τὴν
1234 3933 1495 3986 τελείωσιν
1545 3935 1681 4007 ἄγει,
1729 3932 1814 3987 ἐὰν

197 4022 330 4092 μετά
353 4030 453 4082 τῆς
486 4022 794 4094 πρεπούσης
822 4021 1087 4095 ὑπομονῆς
1117 4020 1165 4074 ἓν
1202 4022 1522 4098 εὐχαριστίᾳ
1551 4024 1696 4096 πάσῃ
1748 4025 1815 4075 τά

201 4109 613 4183 οἰκονομούμενα
639 4113 785 4184 παρὰ
825 4118 916 4164 τοῦ
956 4116 1152 4187 Κυρίου
1181 4109 1612 4186 καταδεξὼμεθα.
1649 4111 1811 4185 Ἀγα-

270 4289 389 4364 (2t)
432 4294 732 4364 Μακαρίου.
789 4292 875 4347 Ita
922 4294 1040 4347 tres
1096 4290 1496 4349 vetustissimi
1548 4289 1805 4349 codices.

199 4359 357 4436 Editi
387 4381 569 4436 μακαρ
578 4359 821 4417 ι’ωτάτου.

1929 3126 2270 3194 multitudo,
2292 3130 2458 3201 197
2486 3129 2602 3184 hoc
2623 3129 2966 3201 ipsumiter,
2983 3130 3149 3203 quod
3170 3130 3490 3201 subiimus,
3505 3131 3586 3188 ad

1927 3232 2219 3287 magnum
2235 3218 2634 3275 Ecclesiarum
2650 3223 2931 3275 nostraru
2943 3235 3000 3274 m
3023 3219 3320 3276 damnum
3341 3235 3589 3278 conver-

1927 3306 2032 3374 tit;
2064 3322 2171 3379 per
2194 3305 2419 3364 litteras
2448 3307 2865 3380 prmstantiam
2897 3312 3061 3365 tuam
3093 3308 3349 3365 invisere
3369 3309 3432 3366 in
3461 3310 3588 3366 ani-

1925 3411 2095 3451 mum
2107 3395 2887 3467 induximus,admonentes
2901 3398 3272 3456 calamitates
3284 3398 3452 3472 ipsas
3462 3414 3589 3457 non

1926 3484 2150 3541 frustra
2198 3485 2299 3541 Dei
2332 3487 2523 3543 servis
2573 3502 2611 3543 a
2648 3486 2927 3558 Domino,
2973 3487 3079 3561 qui
3108 3503 3221 3545 nos
3266 3488 3584 3560 gubernat,

1927 3575 2218 3645 accidere,
2244 3576 2345 3633 sed
2371 3576 2450 3634 ad
2470 3576 2895 3649 probationem
2912 3594 3068 3634 verae
3089 3578 3150 3635 in
3174 3580 3366 3636 Deum
3383 3579 3590 3636 condi-

1925 3670 2115 3722 torem
2148 3670 2420 3722 nostrum
2460 3665 2815 3724 dilectionis.
2851 3668 3383 3734 Quemadmodum
3423 3667 3586 3725 enim

1924 3755 2324 3812 certaminum
2349 3754 2526 3812 labor
2560 3756 2816 3813 athletas
2848 3756 2926 3813 ad
2960 3772 3270 3825 coronam,
3294 3757 3379 3813 ita
3402 3757 3583 3815 etiam

1924 3844 2294 3901 Christianos
2344 3844 2624 3917 probatio
2670 3845 2733 3900 in
2784 3845 3213 3902 tentationibus
3264 3845 3345 3902 ad
3386 3845 3583 3920 perfe-

1921 3934 2180 3990 ctionem
2196 3932 2473 4002 adducit;
2499 3933 2548 3988 si
2569 3933 2751 3991 modo
2770 3950 2843 3991 ea
2855 3951 3043 4007 queea
3064 3934 3318 3991 Domino
3338 3934 3583 4007 dispen-

1920 4027 2152 4089 santur,
2171 4038 2310 4078 cum
2328 4021 2531 4080 debita
2553 4023 2912 4095 patientiain
2941 4024 3109 4080 omni
3126 4024 3457 4096 gratiarum
3482 4040 3580 4081 ac-

1919 4112 2080 4169 tione
2120 4112 2542 4186 suscipiamus.
2585 4113 2823 4171 Domini
2858 4114 3128 4171 bonitate
3160 4113 3582 4186 gubernantur

1918 4290 2295 4365 sidiominus
2316 4294 2489 4348 caute
2516 4291 2897 4365 versabatur.
2922 4293 3158 4349 Insidiae
3195 4308 3338 4365 ergo
3375 4293 3490 4349 illa;
3520 4298 3578 4351 et

1917 4362 2171 4434 concilia
2222 4362 2517 4419 adversus
2562 4363 2868 4434 Basilium,
2915 4364 3131 4421 eodem
3184 4362 3364 4421 sensu
3415 4365 3573 4420 acci-

272 4420 547 4509 (22)'_Ti_;'
572 4436 719 4509 ποιρά
748 4441 883 4509 σοῦς-
905 4433 1201 4509 Articulus
1226 4433 1469 4491 additus
1517 4449 1589 4491 ex
1618 4433 1808 4491 tribus
1842 4420 1886 4474 Ῑ)
1915 4432 2161 4506 pienda,
2192 4450 2261 4491 ac
2304 4433 2529 4490 bellum
2559 4434 2623 4509 in
2661 4420 3101 4509 epistolamoxp
3138 4420 3318 4509 citata
3347 4450 3574 4492 memo-

207 4504 982 4562 vetustissimis'codicibus
1008 4510 1065 4562 et
1088 4505 1224 4562 Vat.

276 4575 391 4652 (23)
432 4580 738 4652 Γρηγορίου.
785 4579 973 4634 Nemo
996 4592 1150 4652 sane
1194 4592 1321 4652 non
1371 4576 1622 4634 miretur
1650 4579 1805 4652 ,Gre-

247 4645 806 4719 oriumNyssenum
837 4648 1094 4705 concilia
1119 4648 1389 4719 coegisse
1410 4652 1618 4704 contra
1649 4648 1807 4705 Basi-

198 4659 445 4772 1ῗοιηιιω
468 4659 806 4719 Nyssenum
837 4659 1094 4705 001101118.
1119 4663 1389 4719 coegisse
1410 4659 1618 4704 contra
1649 4659 1806 4705 Basi-

201 4716 375 4802 j‘um,
408 4718 585 4802 eique
613 4719 867 4802 insidias
899 4719 1357 4802 struxisse.__Sed
1385 4718 1532 4802 quia
1559 4719 1806 4802 Basilius

192 4786 259 4844 id
289 4786 539 4847 ascribit
580 4788 951 4864 simplicitati
982 4791 1270 4864 Gregorii,
1307 4786 1483 4864 facile
1521 4791 1805 4864 perspici-

188 4865 289 4918 tur
309 4876 442 4935 non
469 4861 1047 4935 malum—animum,
1062 4861 1175 4935 sed
1204 4862 1419 4935 potius
1440 4861 1805 4935 immodera-

184 4936 315 4989 tum
368 4933 583 4990 fratris
625 4933 890 5007 juvandi
915 4933 1183 5007 studium
1210 4933 1611 5007 ireprehendi.
1652 4936 1803 5007 Nam

185 5019 327 5061 cum
349 5009 516 5062 esset
535 5003 857 5074 Gregorius
876 5004 1061 5062 homo
1081 5003 1331 5061 minime
1357 5009 1613 5072 astutus,
1634 5009 1693 5061 et
1722 5005 1804 5062 ad

189 5076 643 5148 suspicandam
668 5076 728 5131 in
764 5075 897 5148 aliis
926 5075 1204 5133 fraudem
1243 5076 1645 5141 tardissimus,
1679 5092 1802 5148 me-

179 5145 651 5204 rito'metuebat
684 5146 937 5203 Basilius
966 5164 1062 5212 ne,
1094 5148 1245 5204 dum
1274 5148 1327 5204 is
1366 5163 1507 5204 cum
1536 5147 1799 5204 homini-

187 5215 306 5273 bus
332 5219 686 5276 vaferrimis
713 5218 1079 5285 consiliatur,
1103 5224 1161 5275 et
1181 5234 1242 5274 se
1272 5225 1328 5276 et
1357 5219 1678 5276 fratremin
1699 5234 1796 5275 res

183 5289 655 5347 molestissimas
685 5290 1029 5360 cobjiceret.
1059 5294 1187 5347 Non
1216 5289 1407 5346 multo
1444 5290 1638 5346 lenius
1665 5305 1797 5347 cas-

182 5360 330 5431 tigat
378 5362 547 5419 illius
603 5360 1058 5434 simplicitatem
1106 5360 1362 5434 Basilius
1392 5361 1454 5417 in
1494 5361 1668 5431 epist,
1705 5365 1793 5431 58,

183 5434 584 5507 queriturque
612 5431 782 5506 quod
805 5431 1456 5507 sibibellumuindicat;
1489 5434 1634 5507 quia
1663 5448 1795 5489 sese

182 5501 247 5577 in
276 5501 797 5577 paciﬁcationem,
818 5503 1006 5577 invito
1034 5503 1264 5577 Basilio,
1280 5501 1796 5577 interponebat,“

180 5573 247 5630 in
270 5573 706 5652 componendo
726 5574 1023 5632 Basilium
1042 5575 1194 5632 inter
1212 5580 1269 5634 et
1290 5573 1793 5633 avunculumdis-

1913 4509 2134 4573 ratum,
2169 4510 2374 4577 utpote
2414 4520 2487 4562 ex
2512 4506 3023 4579 eademprofecta
3055 4506 3460 4579 simplicitate.

1987 4578 2097 4652 (24)
2146 4579 2585 4652 Παραμυθητιπή.
2645 4577 3108 4652 Editi_.addun_t
3176 4577 3240 4650 τῇ
3322 4578 3568 4652 ὁμοζύγῳ

1914 4647 2237 4723 ζΑρινθαίουξ
2267 4647 2376 4714 Qui
2399 4648 2674 4723 quidem
2706 4648 2911 4723 titulus
2965 4648 3128 4723 unde
3182 4647 3463 4723 sumptus
3496 4647 3571 4704 sit

1911 4718 2145 4792 ignoro.
2163 4722 2295 4775 Haec
2317 4718 2478 4775 enim
2500 4719 2722 4792 desunt
2742 4719 2800 4776 in
2827 4719 3133 4792 omnibus,
3149 4735 3305 4792 quos
3317 4718 3569 4792 quidem

1910 4789 2259 4862 viderimus,
2293 4807 2444 4848 mss.
2485 4790 2816 4859 codicibus,
2851 4790 3024 4863 Coisl.
3058 4789 3356 4863 utroque,“
3380 4789 3565 4855 Harl.,

1909 4863 2085 4933 Med.,
2134 4863 2316 4935 Regio
2366 4867 2642 4935 utroque,
2707 4864 2857 4935 Yat.,
2913 4861 3567 4935 Clarom.,_Bigotiano

1909 4932 2185 5007 utroque.
2209 4932 2361 5007 Quin
2391 4932 2569 4989 etiam
2601 4932 2808 5007 titulus
2837 4932 3253 5007 n‘onnulorum
3283 4933 3567 5007 codicum

1908 5004 2087 5078 hanc‘
2107 5004 2420 5078 epistolam
2458 5020 2580 5060 non
2617 5004 2696 5062 ad
2739 5004 3076 5078 mulierem,
3118 5005 3226 5078 sed
3257 5004 3566 5078 advirum

1908 5075 2171 5150 aliquem
2200 5075 2487 5150 scriptam
2517 5091 2646 5132 esse
2669 5075 2913 5150 probat,
2949 5077 3041 5133 Sic
3068 5076 3229 5150 enim
3255 5075 3440 5133 habet
3465 5079 3567 5132 Re-

1907 5144 2042 5218 gius
2086 5144 2432 5221 secundus:
2468 5144 2761 5221 11.06;???“
2802 5147 3058 5221 θλίψεσιν
3084 5144 3370 5210 ἀδοκήτοις
3418 5166 3566 5221 περι-

1905 5203 2150 5273 incisum.
2183 5219 2281 5275 Ad
2310 5203 2666 5290 alique'm'in
2686 5203 2989 5277 aerumnas
3036 5203 3458 5290 inexpectatas
3480 5203 3565 5290 ζα-

1902 5304 2100 5359 psum.
2135 5291 2227 5347 Sic
2252 5285 2428 5345 etiam
2473 5289 2534 5346 in
2581 5306 2704 5347 uno
2736 5291 2924 5363 Bigot.
2958 5308 2969 5346 :
3012 5295 3127 5343 Τινὶ
3163 5285 3400 5362 θλίψεσιν
3438 5285 3565 5341 ἀδο-

1902 5379 1967 5420 κη
1976 5381 2082 5423 τοις
2213 5380 2463 5437 ιπεσοντι.

1976 5430 2184 5506 (23)Ἦ’
2206 5432 2253 5485 ἐν
2282 5442 2408 5495 τοῖς.
2435 5434 2595 5506 _Editi
2621 5433 2857 5491 addunt
2882 5434 3082 5505 αὐτοῖς,
3113 5431 3281 5505 quod
3327 5445 3450 5488 non
3484 5430 3559 5488 le-

1901 5503 2071 5575 gitur
2086 5504 2149 5560 in
2169 5520 2312 5561 mss.
2340 5504 2672 5562 codicibus.

1972 5578 1991 5599 ·
2030 5576 2194 5635 Alias
2224 5578 2379 5646 CCII,
2414 5577 2643 5651 scripta
2674 5593 2838 5635 anno
2870 5581 2996 5635 372.
