4078 6392
562 257 666 329 80³7

1942 273 1998 332 S.
2044 264 2294 328 BASILII
2328 256 2548 324 MAGNI
3780 267 3861 338 503

562 395 792 454 omnia.
822 392 978 452 Nihil
1000 409 1214 453 eorum
1247 412 1384 471 quae
1415 395 1593 455 nobis
1622 394 1906 455 accidunt
1931 399 1998 454 ut
2037 392 2220 453 mole-

2338 390 2513 450 θότητι
2581 390 2844 444 Δεσπότου
2910 394 3160 443 οιοκεῖται
3232 389 3299 443 τὰ
3364 392 3539 449 πάντα.
3595 392 3741 450 Οὐδὲν
3782 408 3860 454 τῶν

563 490 725 543 stum
751 485 1022 558 accipere
1052 490 1303 559 oportet,
1335 486 1572 544 etiamsi
1600 487 1663 544 in
1691 485 2011 561 praesentia
2052 484 2218 542 inﬁr-

564 575 839 633 mitatem
859 579 1134 632 nostram
1158 580 1384 648 tangat.
1405 578 1518 633 Etsi
1529 576 1687 633 enim
1702 577 1962 634 rationes
1982 576 2220 647 ignora-

566 680 728 737 mus,
759 664 837 722 ob
865 680 1020 739 quas
1070 666 1554 739 unumquodque
1585 682 1795 723 eorum
1826 682 1961 739 quae
1991 665 2222 722 contin-

569 758 739 825 gunt,
782 753 965 810 veluti
1003 754 1236 811 bonum
1285 770 1322 812 a
1365 755 1621 812 Domino
1660 754 1839 812 nobis
1885 753 2219 824 exhibetur,

564 846 771 899 tamen
808 841 923 899 hoc
960 842 1138 898 nobis
1167 858 1532 915 persuasum
1576 860 1705 900 esse
1740 842 1940 909 debet,
1971 841 2220 899 omnino

560 930 703 987 utile
716 946 851 987 esse
874 930 1043 1003 quod
1068 931 1283 998 evenit,
1310 932 1436 988 sive
1455 931 1635 989 nobis
1654 933 1734 989 ob
1754 932 2054 1006 patientiae
2071 945 2223 988 mer-

563 1020 796 1089 cedem,
840 1019 962 1077 sive
992 1022 1213 1077 animae
1247 1027 1600 1095 assumptaa,
1627 1038 1706 1079 ne
1735 1022 1960 1079 diutius
2003 1022 2065 1077 in
2107 1022 2221 1078 hac

559 1109 679 1166 vita
725 1109 1062 1166 immorans
1098 1110 1339 1181 vigente
1364 1113 1427 1168 in
1464 1112 1582 1169 hoc
1604 1111 1837 1168 mundo
1877 1110 2105 1168 malitia
2127 1127 2222 1167 re-

559 1198 843 1271 pleretur.
862 1199 1093 1256 Sienim
1114 1199 1230 1256 hac
1250 1201 1371 1257 vita
1402 1201 1991 1258 circumscriberetur
2021 1200 2219 1258 Chris-

558 1287 865 1344 tianorum
898 1305 1057 1361 spes,
1098 1305 1222 1346 non
1260 1290 1562 1348 immerito
1593 1307 1739 1347 sane
1767 1292 2091 1349 molestum
2130 1292 2214 1347 vi-

561 1377 804 1434 deretur
829 1378 1005 1435 citius
1037 1395 1073 1435 a
1092 1395 1345 1453 corpore
1376 1380 1491 1452 disj
1503 1381 1683 1451 ungi:
1713 1381 1805 1439 sin
1832 1386 2036 1439 autem
2065 1398 2221 1438 verae

560 1466 695 1522 vitae
732 1466 971 1523 initium
1001 1472 1111 1532 est,
1140 1468 1213 1524 iis
1242 1469 1349 1543 qui
1378 1470 1715 1526 secundum
1765 1473 1952 1528 Deum
1991 1470 2219 1541 vivunt,

563 1555 783 1612 animae
815 1572 848 1613 e
877 1558 1147 1630 corporis
1192 1558 1452 1615 vinculis
1497 1559 1752 1626 solutio;
1801 1561 1952 1634 quid
1989 1560 2223 1617 tristitia

564 1643 882 1717 aﬂicimur,
921 1646 1075 1703 sicut
1100 1650 1157 1703 et
1179 1646 1221 1703 ii
1250 1648 1354 1720 qui
1388 1666 1557 1722 spem
1589 1666 1713 1707 non
1743 1650 1970 1708 habent
1993 1650 2077 1706 1°‘?
2109 1652 2221 1707 Fac

2333 480 2728 554 συμϐαινόντων
2760 481 2885 552 ἡμῖν
2908 483 2978 542 ὡς
3022 478 3253 554 λυπηρὸν
3283 480 3379 533 ὑπο
3382 484 3625 556 ρέχεσθαι
3648 489 3763 561 χρὴ,
3788 492 3862 541 κάξ-ι

2329 573 2462 644 πρὸς
2515 572 2574 623 τὸ
2621 574 2789 646 παρὸν
2839 569 3075 629 ἅπτηται
3120 576 3209 630 τῆς
3240 566 3494 632 ἀσθενείας
3526 574 3678 644 ἡμῶν.
3703 576 3755 627 Εἰ
3784 580 3862 650 γὰρ
3935 576 3941 584 ’

2328 665 2419 714 καὶ
2466 663 2583 722 τοὺς
2646 659 2829 733 λόγους
2866 657 3186 732 ’ἀγνοοῦμεη
3247 659 3364 711 καθ’
3426 658 3507 721 οὓς
3554 661 3748 715 ἕκαστον
3786 674 3863 717 τῶν

2328 753 2607 824 γινομένων
2655 753 2720 812 ὡς
2764 749 2919 803 καλὸν
2964 751 3107 822 παρὰ
3142 744 3232 800 τοὺ
3284 752 3534 802 Δεσπότου
3579 752 3692 823 ἡμῖν
3720 751 3866 825 ἐπάγε-

2329 859 2438 893 ται·
2496 838 2603 892 tam
2664 838 2824 893 ἐκεῖνο
2890 840 3170 892 πεπεῖσθαι
3234 837 3509 911 ὀφείλομεν,
3563 838 3638 891 ὃτι
3699 842 3866 904 πάντως

2334 934 2583 1004 συμφέρει
2612 933 2670 982 τὸ
2715 934 2981 1003 γινόμενον
3012 930 3041 988 ἣ
3097 929 3220 1001 ἡμῖν
3250 924 3344 981 διὰ
3386 930 3469 980 τὸν
3510 934 3598 991 τῆς
3643 930 3863 1002 ὑπομονῆς

2331 1022 2544 1094 μισθὸν,
2578 1019 2608 1079 ἢ
2656 1027 2718 1094 τῇ
2760 1019 3159 1095 παραληφθείσῃ
3189 1017 3367 1090 ψυχῇ,
3401 1018 3480 1069 ἵνα
3514 1021 3604 1090 μὴ,
3635 1016 3710 1070 ἐπὶ
3746 1019 3861 1071 πλέον

2330 1118 2393 1183 τῇ
2438 1110 2545 1183 ζωῇ
2618 1112 2785 1183 ταύτῃ
2843 1104 3260 1183 ἐπιϐραδύνασα,
3318 1114 3411 1169 τῆς
3467 1105 3865 1180 ἐμπολιτευομένης

2330 1207 2403 1271 τῷ
2465 1198 2565 1273 βίῳ
2623 1204 2801 1267 κακία,
2838 1198 3173 1271 ὼαπλησθῇ.
3214 1196 3275 1249 Εἰ
3322 1200 3410 1270 μὲν
3463 1199 3556 1269 γὰρ
3609 1194 3655 1247 ἐν
3784 1199 3863 1268 ζωῇ

2334 1291 2499 1362 ταύτῃ
2548 1291 2578 1347 ἡ
2631 1297 2731 1342 τῶν
2771 1295 3103 1362 Χριστιανῶν
3147 1285 3292 1348 ἐλπὶς
3337 1289 3653 1360 περιώριστο,
3702 1285 3867 1345 εἰκότως

2331 1377 2563 1451 χαλεπὸν
2625 1377 2685 1429 ἂν
2739 1376 2986 1451 ἐνομίσθη
3052 1379 3110 1429 τὸ
3171 1377 3356 1429 θᾶττον
3394 1370 3753 1445 διαζευχθῆναι
3798 1379 3866 1424 τοῦ

2336 1474 2592 1541 σώματος·
2646 1467 2690 1520 εἰ
2731 1464 2789 1520 δὲ
2848 1466 2990 1540 ἀρχὴ
3042 1473 3135 1519 τοῦ
3183 1464 3427 1523 ἀληθινοῦ
3473 1462 3588 1536 βίου
3632 1470 3725 1523 τοῖς
3764 1465 3866 1514 κατὰ

2334 1561 2463 1612 Θεὸν
2505 1559 2667 1619 ζῶσίν
2713 1556 2825 1610 ἐστι
2855 1560 2914 1610 τὸ
2944 1565 3041 1609 τῶν
3091 1551 3302 1630 δεσμῶν
3331 1555 3520 1606 τούτων
3559 1560 3649 1605 τῶν
3680 1569 3865 1623 σωματι-

2331 1657 2433 1701 κῶν
2482 1651 2576 1707 τὴν
2607 1646 2793 1721 ψυχὴν
2841 1645 3142 1714 ἐκλυθῆναι,
3191 1650 3243 1698 τί
3297 1643 3607 1716 λυπούμεθα,
3635 1642 3697 1703 ὡς
3728 1644 3801 1692 καὶ
3829 1640 3864 1691 οἱ

561 1733 745 1805 igitur
773 1735 1017 1793 hortatu
1045 1754 1203 1811 meo,
1237 1742 1304 1795 ut
1331 1739 1642 1796 doloribus
1672 1757 1795 1798 non
1828 1739 2218 1810 succumbas,

2333 1742 2405 1812 μὴ
2456 1739 2663 1810 ἔχοντες
2707 1733 2932 1805 ambat;
2969 1733 3350 1810 Παρακλὴθητι
3397 1731 3482 1785 οὖν
3524 1734 3589 1805 μὴ
3637 1731 3862 1781 ὑποπεσεῖν

562 1825 669 1881 sed
699 1825 793 1882 his
824 1829 880 1883 te
911 1826 1223 1886 celsiorem
1251 1830 1747 1905 superioremque
1778 1830 2085 1889 ostendas.

1149 2009 1486 2067 EPISTOLA
1525 2012 1640 2069 CIl'

2332 1834 2444 1889 τοῖς
2484 1828 2727 1896 πάθεσιν,
2761 1824 2891 1879 ἀλλὰ
2925 1820 3117 1898 δεῖξαι,
3163 1828 3246 1878 ὅτι
3288 1825 3587 1900 ὑπέρκεισαι
3625 1823 3705 1893 καὶ
3747 1818 3862 1891 ὑπερ-

2332 1926 2483 1991 ῆρας.
3342 2001 3355 2015 ι

2897 2009 3239 2059 ΕΠΙΣΤΟΛΗ
3267 2009 3375 2059 ΡΒ’.

561 2096 860 2154 Certiores
890 2096 1065 2179 facit,
1096 2100 1401 2179 praemisso
1434 2100 1496 2157 Ν
1499 2101 1647 2179 icia,_
1665 2102 2032 2179 Satatenses,
2059 2114 2122 2157 se
2149 2113 2355 2179 eorum
2390 2093 2671 2179 precibus
2703 2094 3036 2179 adductam
3075 2110 3216 2179 esse,
3250 2093 3428 2179 ut'eis
3448 2085 3857 2179 gemetgemet?

629 2163 906 2243 suum,_et
928 2169 1043 2225 sibi
1053 2163 1125 2226 'e‘t
1150 2172 1337 2228 matri
1364 2179 1420 2228 et
1452 2163 1682 2243 populo
1713 2163 2110 2238 carissimum,
2138 2163 2412 2228 omnibus
2437 2168 2612 2225 rebus
2633 2183 2838 2225 eorum
2870 2168 3124 2224 utilitati
3174 2163 3555 2238 posthabitis,
3585 2163 3855 2231 episcopum

632 2241 998 2299 concederet.

1085 2327 1329 2387 Civibus
1366 2331 1694 2389 Satalenis.

634 2417 758 2487 Ego
777 2419 908 2474 tum
927 2417 1143 2475 vestris
1166 2423 1294 2476 tum
1315 2420 1528 2493 populi
1549 2421 1729 2478 totius
1754 2421 2039 2494 precibus
2061 2436 2224 2478 com-

563 2508 785 2576 motus,
811 2509 871 2563 et
900 2506 1173 2565 Ecclesiae
1197 2513 1413 2566 vestris
1442 2525 1653 2568 curam
1671 2512 1936 2584 suscepi,
1968 2516 2025 2568 et
2046 2510 2219 2567 vobis

562 2608 767 2651 coram
790 2597 1044 2654 Domino
1065 2598 1368 2671 pollicitus
1402 2601 1713 2665 sum,nihii
1744 2617 1843 2658 me
1872 2601 2223 2674 praetermis-

564 2698 778 2741 surum
803 2701 1017 2742 eorum
1055 2702 1189 2760 quae
1232 2704 1421 2761 penes
1456 2706 1550 2746 me
1578 2689 1796 2747 forent.
1847 2692 2220 2763 Quapropter

562 2778 809 2831 coactus
832 2791 989 2846 sum,
1013 2777 1097 2833 uti
1112 2778 1404 2851 scriptum
1427 2783 1541 2848 est,
1559 2779 1736 2853 quasi
1754 2780 2051 2853 pupillam
2062 2779 2222 2835 oculi

561 2865 681 2918 mei
710 2866 956 2936 tangere
980 2866 1045 2920 “.
1072 2866 1236 2923 Adeo
1265 2866 1461 2924 honor
1485 2884 1669 2941 quem
1687 2869 1863 2925 vobis
1881 2868 2220 2924 maximum

558 2951 778 3021 habeo,
804 2954 891 3010 rei
922 2954 1144 3011 nullius
1174 2956 1479 3013 recordari
1505 2973 1603 3014 me
1625 2956 1779 3028 sivit,
1810 2973 1936 3014 non
1963 2972 2220 3013 consan-

563 3042 1018 3114 guinitatis,non
1049 3046 1522 3117 consuetudinis,
1538 3064 1674 3119 quae
1697 3048 1841 3103 mihi
1864 3062 2053 3120 puero
2080 3063 2219 3103 cum

560 3131 693 3187 viro
735 3134 974 3205 exstitit,
1005 3149 1130 3206 prae
1163 3136 1374 3191 vestris
1411 3137 1767 3209 postulatis;
1801 3137 1907 3194 sed
1945 3137 2218 3193 omnium

565 3234 701 3291 qua!
731 3221 880 3277 mihi
907 3222 1191 3294 privatim
1223 3240 1363 3280 cum
1393 3240 1464 3280 eo
1495 3225 1574 3281 ad
1614 3225 2103 3296 conjunctionem
2137 3225 2223 3281 in-

561 3309 1282 3381 tercedunt,oblitus,non
1292 3318 1585 3386 reputans.
1602 3314 1935 3383 gemituum
1958 3314 2219 3387 copiam,

562 3411 747 3470 quam
774 3399 1038 3472 populus
1058 3417 1230 3457 meus
1246 3403 1364 3459 isto
1382 3404 1708 3475 praeposito
1728 3404 2044 3462 destitutus
2065 3406 2220 3477 edet,

563 3501 687 3543 non
698 3487 928 3561 lacrym
936 3504 1003 3545 as
1014 3489 1305 3547 universae
1315 3491 1474 3547 illius
1487 3507 1640 3563 cogn
1648 3494 2012 3566 ationis,non
2026 3495 2221 3567 ipsius

562 3577 773 3633 matris
780 3578 909 3649 jam
924 3579 1254 3653 senis,quee
1276 3580 1405 3637 solo
1424 3581 1584 3637 illius
1609 3583 1831 3639 auxilio
1850 3583 2219 3656 sublevatur,

562 3668 914 3725 maestitiam
937 3669 1257 3726 attendens
1285 3670 1541 3739 ;horum
1564 3672 1747 3728 simul
1767 3674 2061 3747 omnium,
2084 3690 2221 3747 quas

562 3756 704 3815 talia
732 3763 790 3814 et
814 3761 985 3815 tanta
1012 3764 1174 3827 sunt,
1206 3761 1503 3817 rationem
1532 3777 1656 3819 non
1681 3762 1915 3820 habens
1944 3763 2007 3820 id
2028 3780 2220 3822 unum

559 3846 920 3919 spectavi,ut
934 3846 1262 3906 Ecclesiam
1272 3854 1537 3907 vestram
1568 3851 1681 3908 viri
1696 3851 1847 3909 tanti
1867 3852 2221 3926 praefectura

561 3951 865 4008 ornarem,
907 3937 1083 4011 eique
1131 3955 1572 4009 succurrerem,
1604 3941 1731 4013 jam
1761 3941 1840 3998 ob
1868 3942 2220 4000 diuturnam

560 4025 871 4097 praepositi
885 4026 1280 4098 privationem
1302 4028 1364 4084 in
1382 4043 1583 4098 genua
1601 4029 2220 4102 provolutw,etmulto

570 4114 745 4185 198
765 4128 837 4170 ac
858 4115 1057 4172 valido
1082 4116 1473 4187 adminiculo,
1499 4124 1567 4175 ut
1595 4120 1876 4190 erigatur,
1905 4120 2219 4193 indigenti.

561 4204 775 4258 Nostra
802 4203 1005 4275 itaque
1034 4204 1119 4260 sic
1149 4221 1211 4259 se
1238 4205 1489 4265 habent.
1524 4209 1734 4264 Vestra
1763 4213 1967 4265 autem
1984 4210 2114 4280 jam
2134 4226 2222 4266 re-

561 4291 895 4364 poscimus,
919 4307 995 4349 ne
1026 4294 1267 4351 minora
1288 4295 1607 4352 videantur
1633 4312 1739 4369 spe
1762 4302 1970 4354 nostra
1991 4302 2049 4355 et
2075 4298 2218 4370 fide,

559 4396 747 4454 quam
775 4381 902 4438 viro
925 4382 1086 4449 dedi,
1109 4382 1279 4439 illum
1311 4399 1348 4442 a
1376 4400 1474 4441 me
1505 4384 1585 4442 ad
1610 4385 1840 4443 amicos
1858 4403 2222 4462 mecumque

559 4470 1092 4543 conjunctissimos
1140 4472 1312 4541 mitti,
1365 4473 1474 4531 sed
1517 4478 1585 4532 ut
1648 4475 1907 4549 quisque
1952 4482 2220 4534 vestrum

2845 2327 3132 2382 Σαταλεῦσι
3159 2325 3425 2388 πολίταις.

2406 2419 2538 2491 Ἐγὼ
2593 2418 2688 2482 τὰς
2716 2436 2772 2471 τε
2830 2413 2974 2479 ἰδίας
3023 2418 3169 2490 ὑμῶν
3218 2413 3573 2491 παρακλήσεις
3601 2405 3841 2465 καὶτὰςτοῦ

2330 2507 2457 2561 λαοῦ
2517 2510 2710 2570 παντὸς
2763 2504 3117 2568 δυσωπηθεὶς,
3192 2511 3288 2559 καὶ
3348 2500 3601 2576 ἐδεξάμην
3657 2496 3742 2568 (26)
3779 2492 3849 2544 τὴν

2331 2594 2587 2673 φροντίδα
2632 2605 2724 2659 τῆς
2775 2596 2891 2650 καθ’
2931 2595 3063 2670 ὑμᾶς
3111 2595 3448 2665 Ἐκκλησίας,
3489 2594 3573 2644 καὶ
3611 2583 3855 2673 ὑπεῖχόμην

2330 2668 2453 2759 ὑμῖν
2502 2684 2714 2740 ὶνώπιον
2759 2668 2974 2761 Κυρίου*
2996 2682 3164 2759 μηδὲν
3194 2682 3447 2756 ἐλλείψειν
3484 2687 3578 2732 τῶν
3603 2674 3664 2736 εἰς
3686 2668 3858 2761 δύναμιν

2330 2758 2458 2849 ἐμὴν
2504 2776 2758 2835 ἡκόντων.
2803 2758 2892 2829 Διό
2939 2758 3304 2848 ἠναγκάσθην,
3345 2773 3481 2826 κατὰ
3526 2771 3582 2822 τὸ
3631 2758 3862 2849 γεγραμμῦ

2328 2848 2412 2918 ννον
2445 2867 2577 2938 (27),
2625 2864 2729 2918 οἷον
2758 2873 2851 2927 τῆς
2892 2869 3049 2939 κόρης
3076 2871 3169 2918 τοῦ
3205 2864 3336 2938 ἐμοῦ
3365 2858 3620 2935 ὀφθαλμοῦ
3651 2848 3861 2950 ﬁfth?

2332 2934 2515 3016 Οὕτως
2555 2958 2616 3008 τὸ
2669 2934 2986 3031 ὑπερϐάλλον
3036 2964 3127 3015 τῆς
3180 2934 3306 3008 καθ’
3354 2934 3489 3026 ὑμᾶς
3515 2952 3661 3044 τιμῆς
3700 2934 3864 3044 οὐδενός

2331 3064 2419 3117 μοι
2468 3050 2837 3121 συνεχώρησεν
2885 3045 2958 3107 εἰς
3007 3048 3218 3117 μνήμην
3274 3043 3452 3107 ἐλθεῖν,
3498 3036 3556 3091 ού
3603 3036 3863 3127 συγγενείαξ,

2333 3134 2391 3186 ού
2421 3142 2517 3196 τῆς
2554 3134 2608 3186 ἐκ
2646 3132 2837 3196 παιδὸς
2870 3137 3142 3194 συνηθείας
3173 3141 3267 3195 τῆς
3296 3130 3633 3204 ὑπαρχούσης
3658 3138 3737 3194 μοι

2262 3208 2301 3263 C
2333 3226 2418 3275 τὸν
2471 3220 2662 3298 ἄνδρα,
2694 3228 2797 3298 πρὸ
2849 3232 2949 3276 τῶν
3027 3223 3151 3297 παρ’
3214 3224 3362 3296 ὑμῶν
3409 3217 3718 3276 αἰτηθέντων·
3772 3201 3867 3298 ἄλλα

2331 3314 2535 3365 πάντων
2589 3316 2679 3386 μεν
2707 3321 2806 3366 τῶν
2838 3310 2953 3386 ἰδίᾳ
2980 3332 3071 3385 μοι
3117 3314 3466 3388 ὑπαρχόντων
3489 3308 3611 3379 πρὸς
3656 3297 3785 3352 αὐτὸν
3818 3309 3868 3351 δίς

2331 3401 2649 3465 οἰκειότητος
2701 3403 2849 3476 λόγον
2921 3402 3305 3475 ἐπιλαθόμενος,
3361 3404 3431 3473 μὴ
3493 3388 3870 3487 ὑπολογίσθίμθξθς

2334 3489 2394 3545 δὲ
2424 3489 2565 3565 μηδὲ
2620 3499 2714 3545 τοῦ
2774 3499 3066 3565 στεναγμοῦ
3110 3495 3171 3544 τὸ
3209 3491 3428 3558 πλῆθος,
3485 3485 3512 3539 ὃ
3560 3469 3871 3565 καταστενάξεξ

2330 3560 2434 3656 μου
2481 3583 2507 3634 ὁ
2536 3581 2660 3644 λαὸς
2697 3583 2724 3634 ὀ
2771 3586 2866 3641 τὴν
2913 3560 3246 3656 προστασίαν
3306 3580 3466 3665 αὐτού
3505 3569 3778 3665 Clay-tatem,
3814 3560 3867 3662 ἕξὴ

2329 3672 2509 3734 πάσης
2554 3671 2714 3724 αὐτοῦ
2761 3679 2856 3732 τῆς
2903 3676 3204 3744 συγγενείας
3247 3674 3306 3725 τὸ
3338 3662 3582 3744 δάκρυον,
3611 3662 3678 3734 μὴ
3718 3665 3869 3744 μητρὲς

2330 3760 2492 3815 αὑτοῦ
2538 3768 2761 3835 γηραιᾶς
2784 3766 2875 3815 καὶ
2928 3762 3012 3815 ἐπὶ
3060 3766 3191 3835 μόνῃ
3224 3770 3287 3835 τῇ
3325 3758 3449 3835 παρ’
3489 3754 3640 3809 αύτοῡ
3674 3742 3870 3849 θεραπείᾳ

2333 3850 2653 3912 σαλευούσης
2705 3855 2798 3910 τὴν
2849 3850 3025 3922 θλίψιν
3079 3851 3152 3914 εἰς
3214 3846 3438 3925 καρδίαν
3482 3842 3660 3898 λαϐών·
3707 3842 3870 3887 πάντων

2330 3942 2461 4014 ὁμοῦ
2515 3944 2764 3995 τοιούτων
2817 3945 2972 3994 ὄντων
3031 3942 3143 4014 (28)
3178 3946 3270 3994 καὶ
3323 3939 3582 3994 τοσούτων
3632 3926 3864 3997 ἀλογήσας,

2331 4031 2435 4093 ἑνὸς
2490 4031 2756 4105 ἐγενόμην,
2782 4038 2874 4084 τοῦ
2930 4034 3026 4090 τὴν
3065 4033 3316 4106 ὑμετέραν
3362 4025 3661 4083 Ἐκκλησίαν
3694 4023 3869 4115 καταξοα

2333 4129 2541 4195 σμῆσαι
2577 4125 2668 4195 μὲν
2715 4129 2778 4195 τῇ
2855 4128 2949 4175 τοῦ
3012 4120 3327 4180 τηλικούτου
3373 4114 3558 4191 ἀνδρὸς
3600 4114 3866 4204 προσίτασξᾳι

2332 4209 2606 4284 βοηθῆσαι
2628 4207 2688 4264 δὲ
2719 4211 2847 4284 αὐτῇ
2877 4214 2933 4264 ἔκ
2961 4218 3051 4271 τῆς
3073 4215 3295 4285 χρονίας
3322 4205 3674 4284 ἀπροστασίας
3700 4204 3868 4295 ειςγξνν

2329 4299 2508 4353 λοιπὸν
2535 4300 2798 4374 κλιθείσῃ,
2835 4305 2925 4354 καὶ
2959 4299 3150 4363 πολλῆς
3190 4305 3281 4353 καὶ
3320 4295 3545 4355 δυνατῆς
3567 4292 3870 4384 χειραγιιςγιας

2330 4390 2402 4451 εἰς
2448 4393 2507 4443 τὸ
2549 4387 2896 4450 διαναστῆναι
2936 4386 3151 4464 δεομένη
3181 4392 3314 4459 (29).
3344 4390 3421 4442 Τὰ
3450 4387 3537 4461 μὲν
3577 4375 3658 4434 οὖν
3691 4375 3870 4467 ἡμέτίθῗ

2327 4487 2565 4534 τοιαῦτα.
2607 4482 2686 4533 Τὰ
2739 4475 2798 4532 δε
2848 4477 2971 4554 παρ’
3023 4480 3166 4553 ὑμῶν
3229 4478 3543 4549 ἀπαιτοῦμεν
3603 4466 3763 4522 λοιπὸν
3814 4471 3866 4554 ξπ

559 4558 713 4617 alius
739 4560 926 4618 alium
950 4578 1064 4619 suo
1086 4562 1149 4619 in
1169 4562 1367 4619 virum
1385 4563 1585 4621 studio
1608 4580 1680 4622 ac
1701 4580 1909 4623 amore
1930 4582 2219 4640 superare

2328 4569 2576 4623 ἐλάττονα
2633 4577 2856 4642 φανῆναι
2917 4552 3013 4631 τῆς
3060 4552 3319 4643 ἡμετέρας
3370 4560 3597 4631 ελπὶδος,
3657 4556 3749 4643 καὶ,
3793 4552 3867 4643 τᾶςν

560 4655 830 4710 conetur.
864 4653 1171 4710 Ostendite
1195 4652 1378 4723 igitur
1402 4653 1761 4727 praeclaram
1789 4653 1955 4712 illam
1977 4661 2220 4713 conten.

558 4739 809 4814 tionem,
833 4758 903 4799 ac
928 4743 1349 4815 magnitudine
1379 4744 1654 4818 obsequii
1685 4760 1789 4801 cor
1808 4745 1966 4802 illius
1987 4746 2219 4804 demul-

560 4832 707 4899 cete,
734 4834 799 4887 ut
827 4847 967 4888 eum
999 4834 1197 4906 capiat
1234 4832 1462 4891 oblivio
1491 4834 1722 4907 patria,
1754 4833 1975 4892 oblivio
2001 4852 2220 4907 cogna-

560 4920 779 4987 torum,
807 4920 1030 4979 oblivio
1050 4923 1262 4996 populi
1290 4928 1526 4982 tantum
1546 4924 1865 4998 pendentis
1886 4925 1964 4982 ab
1987 4927 2117 4998 ejus
2131 4941 2222 4983 re-

561 5004 807 5077 gimine,
823 5014 1121 5080 quantum
1142 5012 1344 5069 infans
1359 5029 1568 5071 recens
1594 5018 1775 5072 natus
1794 5014 1874 5072 ab
1894 5016 2080 5073 ubere
2094 5032 2221 5073 ma-

561 5098 752 5153 terno.
785 5098 1190 5158 Praemisimus
1220 5107 1423 5160 autem
1444 5104 1695 5177 Niciam,
1726 5108 1791 5165 ut
1823 5120 1896 5165 ea
1918 5122 2055 5180 quae
2086 5111 2222 5166 acta

636 5221 682 5257 ¹⁰
724 5223 974 5293 I_,Thess.
1002 5239 1062 5280 1v
1096 5230 1181 5283 l2.
1239 5228 1282 5262 ¹¹
1327 5228 1575 5285 Zachar.
1604 5247 1666 5295 ιι,
1697 5238 1749 5289 8.

644 5345 659 5360 ο
700 5330 859 5387 Alias
883 5333 1193 5403 CLXXXIII,
1228 5333 1452 5403 scripta
1474 5352 1637 5393 anno
1668 5343 1793 5395 372.

792 5409 893 5481 καὶ
923 5400 1204 5481 ἐδεξάμην.
1245 5400 1402 5481 qul.
1426 5404 1816 5481 _xarsd‘s§c€pnv.

781 5479 849 5527 Τὸ
876 5480 1258 5559 γεγραμμένονἒ
1308 5476 1464 5559 Harl.
1483 5547 1495 5559 ξ
1525 5482 1601 5559 et
1636 5476 1806 5559 Μαί.-
1837 5486 1898 5559 τὸ
1930 5484 2216 5559 εἰρημένον.

564 5540 753 5625 P3319
780 5540 1105 5625 postidea}
1134 5547 1297 5625 Med._
1312 5555 1417 5625 τῶν
1447 5542 1978 5625 οἰκειρτητοςλλόγωνλ

646 5608 1044 5682 (28)ῗ1“οιούτων
1068 5619 1243 5675 ὄντων.
1278 5617 1429 5675 Med.
1461 5608 1707 5673 τοιούτων
1743 5608 2004 5695 ἆλογείνῶν,

2327 4658 2669 4730 ὑποσχέσεων
2708 4656 2771 4720 ἃς
2797 4659 3124 4731 πεποιήμεθα
3172 4665 3247 4730 τῷ
3304 4653 3481 4730 ἀνδρὶ,
3535 4652 3612 4703 ὅτι
3669 4641 3780 4741 πρὸξ
3813 4650 3869 4736 °.“

2325 4752 2497 4809 κείους
2534 4751 2624 4800 καί
2682 4746 2859 4821 φίλους
2887 4747 3042 4800 αὐτὸν
3090 4746 3466 4822 ἐξεπέμψαμεν,
3517 4738 3723 4793 ἑκάστου
3758 4737 3867 4823 Win:

2327 4836 2712 4911 ὑπερϐαλέσθαι
2749 4841 2835 4890 τὸν
2865 4840 3033 4913 ἕτερον
3064 4837 3113 4892 ἐν
3138 4846 3200 4912 τῇ
3235 4842 3353 4912 περὶ
3380 4838 3468 4887 τὸν
3504 4824 3675 4923 ἄνδρα,
3697 4806 3864 4923 otiosi?

2326 4931 2418 4980 καὶ
2495 4924 2673 5000 ἀγάπῃ
2732 4929 3186 5003 προθυμουμένου.
3252 4933 3429 4985 Ὅπως
3501 4915 3587 4974 οὑν
3655 4903 3870 5013 έπιδῖείευξ·

2332 5018 2424 5071 σθε
2454 5017 2571 5090 (30)
2616 5021 2710 5077 τὴν
2757 5017 2921 5076 καλὴν
2966 5020 3163 5075 ταύτην
3202 5016 3513 5092 φιλοτιμίαν,
3542 5008 3625 5061 καὶ
3651 5007 3716 5072 τῷ
3749 5006 3870 5065 ὑπερ-

2331 5105 2570 5161 ϐάλλοντι
2618 5115 2708 5170 τῆς
2750 5108 3021 5181 θεραπείας
3048 5107 3447 5182 παρακαλὲσητε
3489 5099 3639 5154 αὑτοῦ
3666 5092 3747 5148 τὴν
3773 5096 3871 5154 καθ’

2402 5342 2519 5415 (29ὶ
2556 5341 2978 5415 ΔεομένῃνΜδᾹθ
3005 5341 3070 5397 in
3121 5341 3297 5399 editis
3342 5335 3604 5411 δεομένης.
3642 5320 3867 5385 Erralllm

2331 5413 2694 5491 sustuli‘op’e
2721 5413 3001 5491 cedicum
3024 5430 3177 5491 mss.
3246 5489 3282 5491 Ἀ
3650 5468 3708 5491 με
3739 5469 3867 5491 κη,ηά

2405 5469 2511 5557 (30)
2536 5469 2725 5547 λοπως
2750 5469 3223 5565 οῦν-ἐπιδείξησθε,
3246 5489 3329 5565 ηρ,
3537 5469 3712 5565 nostri
3739 5469 3849 5518 sum

2330 5573 2434 5614 mo
2465 5549 2788 5616 consensu.
2816 5557 2969 5615 Editi
2997 5558 3136 5619 ὅπως
3165 5552 3252 5611 οὖν
3281 5549 3613 5617 ἐπιδείξεσθε.
