4078 6396
157 327 253 382 513

1232 323 1721 386 ΕΡῙΞΤΟΕΑΒΗΗ
1757 321 2039 381 CLASSIS
2077 325 2148 382 II.
2178 326 2393 387 EPIST.
2429 330 2561 387 CVI.

3477 335 3582 392 514

149 471 465 530 μεμνημενοι
497 455 691 527 ὑμῶν,
736 460 828 509 καί
866 455 1296 532 εὐχαριστοῦντες
1346 455 1473 529 ὑπὲρ
1526 454 1668 526 ὑμῶν
1719 459 1792 523 τῷ

1934 453 2047 511 icet
2076 454 2179 511 Dei
2226 457 2419 527 gratia
2462 473 2585 514 non
2627 456 2955 514 desinimus
3005 457 3191 514 vestri
3220 459 3581 518 meminisse

156 549 342 622 Κυρίῳ,
400 544 491 596 ότι
544 542 770 617 ἀγαθῆς
810 546 971 620 ῥίζης
1023 544 1193 618 ἀγαθά
1242 543 1600 618 βλαστήματα
1657 539 1789 607 ἐστε,

164 643 391 713 ἔγκαρπα
427 640 550 697 τοῖς
606 634 837 707 ἀγαθοῖς
867 637 1059 709 ἔργοις,
1106 638 1194 687 xui
1223 643 1295 706 τῷ
1335 638 1443 686 ὄντι
1470 636 1538 695 ὡς
1566 637 1719 706 κρίνα
1744 630 1794 684 ἐν

174 733 306 806 μέσῳ
362 724 634 779 ἀκανθῶν.
694 728 768 777 Τὸ
823 727 925 799 γὰρ
993 726 1094 777 ύπὸ
1151 726 1409 784 τοσαύτης
1469 719 1798 798 διαστροφῆς

176 829 271 874 τῶν
309 815 783 891 παραφθειρόντων
834 816 920 866 τὸν
976 813 1127 886 λόγον
1179 822 1271 875 τῆς
1310 811 1549 873 ἀληθείας
1579 831 1797 885 περικυ-

175 909 460 980 κλουμένας
508 908 583 977 μὴ
648 900 893 956 ἐνδοῦναι
947 906 1074 977 πρὸς
1127 904 1222 965 τὰς
1279 901 1504 971 ἀπάτας,
1552 899 1693 975 μηδέ
1737 904 1799 953 τὸ

179 995 531 1051 ἆποστολικὸν
620 1001 717 1055 τῆς
804 996 1029 1054 πίστεως
1088 997 1340 1067 κηρυγμα
1404 992 1799 1054 καταλιπούσας

167 1090 299 1161 πρὸς
354 1089 451 1142 τὴν
528 1090 621 1134 νύν
688 1080 1113 1143 ἐπιπολάζουσαι
1179 1087 1513 1155 καινοτομίαι
1578 1102 1798 1155 μετατε-

174 1179 332 1236 θῆναι
378 1174 521 1246 (48),
581 1179 694 1234 πῶς
746 1170 877 1243 ούχί
914 1171 1146 1243 μεγάλης
1200 1173 1291 1245 μὲν
1336 1175 1467 1246 πρὸς
1534 1175 1621 1225 τὸν
1671 1175 1799 1225 Θεὸν

177 1267 534 1339 εύχαριστίας
572 1260 746 1326 ἄξιον,
775 1261 1029 1333 μεγάλους
1060 1258 1120 1314 δὲ
1149 1264 1271 1333 ύμῖν
1303 1261 1544 1325 ἐπαίνους
1584 1258 1798 1315 δικαιό-

174 1374 319 1409 τατα
344 1352 575 1429 προξενεῖ
603 1366 616 1417 ;
647 1350 739 1411 Εἰς
769 1353 979 1426 Πατέρα
1014 1352 1106 1403 καί
1136 1353 1254 1404 Υίὸν
1294 1354 1382 1403 xui
1405 1350 1552 1423 ἅγιον
1592 1358 1801 1425 Πνεῦμα

177 1444 564 1497 πεπιστεύκατε
591 1462 604 1474 ·
653 1443 726 1512 μὴ
777 1435 1014 1512 προδῶτε
1058 1442 1256 1499 ταύτην
1286 1444 1380 1499 τὴν
1424 1443 1800 1515 παρακαταθή-

180 1554 314 1592 κην.
360 1534 562 1604 Πατέρα
611 1533 707 1587 τὴν
754 1530 960 1581 πάντων
1006 1527 1211 1602 ἀρχὴν·
1266 1532 1387 1582 Υὶὸν
1433 1540 1705 1603 μονογενῆ,
1747 1529 1801 1594 ἐξ

179 1623 348 1675 αὐτοῦ
373 1621 704 1692 γεννηθέντα,
738 1616 981 1675 ἀληθινὸν
1038 1622 1190 1686 Θεὸν,
1242 1618 1429 1672 τελειον
1478 1617 1533 1671 ἐκ
1580 1618 1797 1689 τελείου,

177 1712 356 1765 εἰκόνα
381 1710 586 1773 ζῶσαν,
636 1707 751 1760 ὅλον
784 1703 1059 1761 δεικνύντα
1111 1708 1160 1759 ἐν
1209 1708 1377 1780 ἐαυτῷ
1423 1712 1509 1761 τὸν
1552 1714 1759 1782 Πατέρα
1786 1731 1797 1743 ·

173 1807 389 1871 Πνεῦμα
439 1797 621 1869 ἅγιον,
673 1794 729 1848 ἔκ
772 1803 906 1849 Θεοῦ
954 1800 1050 1855 τὴν
1092 1796 1315 1871 ὕπαρξιν
1368 1800 1492 1869 ἔχον
1541 1798 1677 1869 (49),
1709 1802 1803 1857 τὴν

166 1894 345 1962 πηγὴν
407 1896 513 1949 τῆς
571 1886 849 1958 ἁγιότητος
880 1926 894 1951 ,
965 1883 1188 1959 δύναμιν
1254 1890 1393 1951 ζωῆς
1462 1893 1802 1962 παρεκτικήν,

144 1982 334 2052 ’χάριν
386 1976 737 2041 τελειοποιὸν,
790 1972 867 2028 δι’
906 1972 965 2027 οὗ
1018 1978 1328 2030 υἱοθετεῖται
1369 1979 1655 2051 ἄνθρωπος,
1715 1985 1807 2033 καὶ

179 2065 647 2127 ἀπαθανατίζεται
704 2066 812 2135 (50)
868 2068 925 2117 τὸ
987 2066 1210 2136 θνητὸν,
1274 2072 1599 2141 συνημμένον
1642 2074 1809 2144 Πατρὶ

171 2161 265 2209 καὶ
292 2160 394 2227 Ti?»
421 2157 568 2208 κατὰ
598 2155 770 2208 πάντα
794 2152 842 2205 ἐν
870 2151 999 2227 δόξῃ
1041 2160 1132 2208 καὶ
1170 2152 1462 2225 ἀίδιότητι,
1505 2156 1555 2209 ἓν
1583 2155 1807 2233 δυνάμει

180 2252 277 2299 καὶ
315 2245 593 2319 βασιλείᾳ,
623 2243 673 2296 ἐν
720 2240 1007 2316 δεσποτεία
1043 2248 1133 2297 καὶ
1166 2246 1395 2314 θεότητι,
1427 2249 1492 2307 ὡς
1520 2252 1612 2299 καὶ
1642 2250 1671 2306 ἡ
1714 2256 1807 2301 τοῦ

180 2339 452 2408 σωτηρίου
517 2332 899 2407 βαπτίσματος
935 2329 1241 2406 παράδοσις
1295 2343 1569 2409 μαρτυρεῖ.
1624 2340 1690 2389 Οἱ
1748 2336 1808 2391 δὲ

167 2430 377 2496 κτίσμα
447 2423 685 2493 λέγοντες
744 2422 775 2480 ἦ
817 2424 904 2474 τὸν
939 2423 1058 2474 Υἰὸν
1098 2422 1127 2481 ἦ
1189 2426 1248 2474 τὸ
1314 2430 1544 2497 Πνεῦμα,
1589 2426 1619 2485 ἡ
1678 2426 1808 2490 ὅλως

175 2514 303 2565 αύτὸ
337 2513 455 2580 ὶΞΗ)
486 2511 560 2574 εἰς
590 2516 685 2569 τὴν
715 2510 1079 2586 ὴιτουργικὴν
1108 2516 1199 2564 καὶ
1225 2508 1470 2571 δουλικὴν
1493 2517 1807 2586 κατάγοντες

177 2602 352 2668 τάξιν,
392 2601 604 2676 μακράν
645 2599 749 2653 εἱσι
784 2607 880 2661 τῆς
912 2598 1176 2670 ἀληθείας,
1206 2601 1274 2652 ὧν
1315 2605 1517 2674 φεύγειν
1547 2611 1807 2677 προσήκει

186 2692 286 2751 τὰς
313 2696 586 2751 κοινωνίας
631 2693 725 2741 καὶ
777 2686 1121 2762 ἐκτρέπεσθαι
1150 2694 1268 2751 τούς
1303 2690 1511 2763 λόγους,
1546 2695 1616 2755 ὡς
1642 2691 1806 2755 δηλη-

184 2782 360 2853 τήρια
408 2783 528 2830 ὄντα
561 2777 779 2851 ψυχῶν·
827 2778 946 2831 Ἐὰν
1004 2774 1066 2831 δέ
1116 2798 1241 2832 ποτε
1290 2776 1366 2851 δῷ
1405 2783 1531 2853 ἡμῖν
1563 2784 1588 2835 ό
1620 2787 1808 2859 Κύριος

183 2870 444 2940 γενέσθαι
475 2870 603 2919 κατά
627 2870 846 2933 ταυτὸν,
874 2866 1191 2941 πλατύτερον
1231 2870 1353 2941 ύμῖν
1394 2874 1509 2932 τούς
1552 2864 1671 2947 περὶ
1710 2884 1805 2937 τῆς

183 2962 419 3016 πίστεως
472 2955 805 3030 ἐκθησόμεθα
861 2955 1085 3027 167w;-
1141 2962 1278 3011 ὥστε
1324 2959 1436 3031 μετ’
1491 2959 1806 3026 ἀποδείξεων

181 3054 458 3119 γραφικῶν
482 3051 574 3098 καὶ
615 3049 675 3098 τὸ
706 3053 800 3107 τῆς
844 3044 1091 3108 ἀληθείας
1140 3046 1365 3121 ἰσχυρὸν
1406 3055 1495 3101 καί
1525 3055 1583 3103 τὸ
1612 3055 1805 3127 σαθρὸν

176 3144 274 3198 τῆς
295 3138 554 3208 αἱρέσεως
582 3137 719 3207 ὑμᾶς
748 3132 1052 3206 ἐπιγνῶναι.

1913 559 1982 598 ac
2010 560 2117 616 pro
2139 545 2313 601 vobis
2346 547 2598 603 Domino
2629 546 2852 616 gratias
2895 561 3095 617 agere,
3147 548 3317 620 quod
3357 548 3579 605 radicis

1910 630 2090 690 bonae
2121 634 2285 693 bona
2306 636 2432 692 sitis
2458 636 2752 707 germina,
2776 635 2955 691 bonis
2984 636 3272 710 operibus
3298 637 3581 708 fecunda,

1913 726 1970 780 et
1996 739 2137 781 vere
2163 728 2454 799 tanquam
2501 725 2625 782 lilia
2673 725 2735 782 in
2784 724 2985 781 medio
3016 725 3365 798 spinarum.
3408 727 3583 794 Quod

1914 812 2076 869 enim
2123 830 2264 871 cum
2313 819 2479 872 tanta
2527 815 2888 888 perversitas
2942 814 3262 871 hominum
3321 816 3585 874 veritatis

1914 902 2253 961 doctrinam
2287 906 2464 977 200
2497 904 3013 977 corrumpentium
3062 920 3175 960 vos
3218 905 3581 975 circumstet,

1915 992 2163 1051 minime
2194 998 2396 1052 tamen
2425 994 2741 1051 fraudibus
2770 993 2997 1066 ceditis,
3027 1011 3141 1051 nec
3174 995 3253 1052 ad
3285 996 3584 1066 vigentem

1915 1098 2080 1139 nunc
2111 1083 2439 1140 novitatem
2469 1082 2689 1139 relictis
2720 1082 3063 1155 apostolicis
3093 1083 3235 1140 ﬁdei
3259 1084 3587 1142 documen-

1918 1174 1991 1231 tis
2020 1173 2488 1243 transt‘erimini;
2528 1172 2840 1246 quomodo
2884 1188 3009 1229 non
3053 1173 3309 1245 dignum
3344 1175 3443 1241 sit,
3474 1190 3585 1247 pro

1918 1280 2042 1337 quo
2075 1267 2271 1335 grates
2318 1279 2559 1334 magnas
2613 1265 2731 1320 Deo
2761 1263 3068 1333 agantur?
3114 1265 3427 1337 quomodo
3460 1281 3585 1322 non

1920 1370 2178 1425 magnas
2209 1354 2423 1411 laudes
2448 1353 2623 1410 vobis
2650 1353 2862 1409 merito
2893 1354 3215 1412 conciliet?
3258 1359 3323 1412 In
3352 1359 3586 1415 Patrem

1922 1448 1979 1500 et
2010 1444 2219 1500 Filium
2251 1449 2308 1500 et
2340 1444 2624 1517 Spiritum
2652 1446 2927 1499 sanctum
2957 1444 3196 1500 creditis
3229 1463 3242 1501 :
3277 1449 3479 1503 cavete
3511 1461 3587 1502 ne

1922 1536 2039 1592 hoc
2083 1533 2353 1607 prodatis
2401 1533 2767 1606 depositum.
2818 1536 3052 1589 Patrem
3082 1549 3284 1591 rerum
3312 1535 3585 1591 omnium

1924 1623 2331 1697 principium;
2378 1622 2587 1679 Filium
2623 1621 3023 1693 unigenitum,
3058 1638 3131 1679 ex
3176 1638 3248 1680 eo
3298 1624 3588 1694 genitum,

1927 1728 2136 1769 verum
2188 1715 2396 1780 Deum,
2439 1710 2770 1784 perfectum
2806 1726 2880 1767 ex
2930 1712 3218 1784 perfecto,
3260 1712 3591 1783 imaginem

1841 1790 1884 1843 Β
1928 1802 2149 1870 vivam,
2185 1804 2413 1857 Patrem
2446 1806 2637 1857 totum
2685 1800 2746 1856 in
2780 1800 3100 1872 semetipso
3127 1802 3544 1859 ostendentem
3574 1820 3588 1859 :

1931 1891 2212 1965 Spiritum
2247 1896 2548 1959 sanctum,
2578 1891 2984 1947 exsistentiam
3016 1906 3053 1947 a
3084 1893 3204 1947 Deo
3241 1891 3590 1962 habentem,

1931 1980 2262 2036 sanctitatis
2303 1980 2555 2048 fontem,
2605 1981 2724 2036 vim
2769 1980 2904 2035 vitre
2944 1980 3430 2049 conciliatricem,
3460 1995 3593 2050 gra-

1930 2071 2074 2126 tiam
2127 2069 2421 2142 perfectos
2473 2069 2833 2125 efﬁcientem
2868 2084 3018 2142 :per
3069 2084 3253 2141 quem
3301 2069 3488 2125 homo
3530 2068 3590 2125 in

1930 2159 2120 2215 ﬁlium
2142 2159 2480 2232 adoptatur,
2514 2163 2570 2215 et
2593 2158 2654 2214 id
2692 2158 2858 2231 quod
2910 2157 3161 2213 mortale
3214 2162 3322 2221 est,
3348 2157 3591 2213 immor-

1929 2249 2151 2304 talitate
2182 2248 2477 2304 donatur:
2511 2248 2904 2318 conjunctum
2938 2246 3092 2302 Patri
3124 2251 3177 2302 et
3201 2246 3342 2304 Filio
3368 2247 3430 2302 in
3459 2263 3591 2303 om-

1929 2338 2130 2406 nibus,
2154 2337 2214 2392 in
2238 2336 2429 2407 gloria
2450 2341 2505 2392 et
2531 2336 2880 2404 aeternitate,
2897 2335 2957 2391 in
2985 2339 3279 2408 potestate
3301 2340 3358 2391 et
3380 2351 3590 2407 regno,

1930 2427 1992 2483 in
2031 2427 2302 2483 dominio
2356 2432 2412 2483 et
2440 2426 2775 2497 divinitate,
2816 2425 3343 2498 quemadmodum
3374 2430 3429 2481 et
3458 2425 3594 2499 ipsa

1928 2515 2313 2588 baptismatis
2344 2515 2632 2571 salutiferi
2659 2515 2900 2572 traditio
2926 2518 3191 2570 testatur.
3225 2518 3297 2571 At
3319 2530 3460 2571 vero
3490 2514 3590 2587 qui

1930 2610 2034 2661 aut
2065 2605 2274 2661 Filium
2318 2609 2422 2661 aut
2475 2604 2760 2677 Spiritum
2804 2603 3013 2659 dicunt
3060 2618 3194 2660 esse
3233 2608 3593 2672 creaturam,

1930 2701 2032 2752 aut
2063 2697 2312 2752 omnino
2337 2696 2624 2769 Spiritum
2652 2696 2712 2750 in
2744 2694 3157 2750 ministrorum
3188 2710 3257 2751 ac
3281 2709 3595 2751 servorum

1929 2785 2208 2856 redigunt
2256 2784 2555 2851 ordinem,
2588 2784 2767 2855 longe
2805 2783 3029 2839 absunt
3057 2800 3094 2839 a
3132 2783 3415 2853 veritate;
3447 2798 3597 2855 quo-

1928 2892 2065 2932 rum
2122 2874 2415 2945 fugienda
2475 2872 2828 2929 communio
2879 2888 2951 2928 ac
3001 2887 3313 2928 sermones
3338 2871 3593 2942 vitandi,

1928 2964 2089 3020 velut
2117 2964 2460 3019 animarum
2503 2962 2816 3035 pernicies.
2847 2960 3020 3027 Quod
3066 2960 3116 3016 si
3164 2976 3442 3034 unquam
3477 2962 3595 3016 Do-

1930 3055 2098 3110 mino
2126 3054 2414 3124 largiente
2463 3053 2525 3109 in
2579 3068 2770 3107 unum
2810 3051 3153 3118 veniamus,
3200 3051 3396 3107 fusius
3425 3050 3597 3107 vobis

1847 3144 1887 3197 C
1932 3160 2070 3201 cum
2126 3143 2201 3199 de
2260 3141 2380 3197 ﬁde
2429 3141 2761 3209 disseram;
2822 3140 2976 3196 adeo
3026 3143 3091 3195 ut
3127 3155 3201 3196 ex
3245 3139 3519 3197 deductis
3563 3154 3596 3196 e

172 3225 491 3298 Scriptura
543 3223 1180 3281 demonstrationibus
1238 3228 1365 3283 tum
1417 3229 1680 3287 veritatis
1742 3233 1865 3290 vim
1896 3238 2020 3291 tum
2055 3231 2298 3290 haeresis
2323 3230 2692 3287 debilitatem
2715 3228 3110 3303 perspiciatis.

778 3355 1117 3403 ΕΠΙΣΤΟΛΗ
1157 3350 1265 3415 Ρς’.

2496 3356 2835 3412 EPISTULA
2875 3357 3030 3411 CVI‘.

179 3476 447 3532 Militem
485 3474 780 3531 maximis
818 3474 1144 3531 virtutibus
1179 3477 1505 3551 praeditum
1538 3480 1813 3537 Basilius
1842 3483 1904 3537 in
1934 3497 2046 3537 sua
2074 3482 2564 3551 peregrinatione
2592 3485 2983 3549 cognoverat.
3022 3480 3201 3536 Nunc
3232 3483 3496 3549 acceptas
3520 3475 3597 3533 ab

1025 3561 1090 3603 eo
1120 3548 1386 3616 epistbla:
1414 3552 1737 3621 respondet
1767 3558 1822 3610 et
1852 3553 1934 3610 ad
1956 3548 2472 3623 perseverantiam
2500 3552 2810 3608 hortatur.

838 3677 933 3744 Στρ
940 3691 1004 3723 ατ
1011 3691 1135 3744 ιωτη
1148 3714 1161 3726 .

244 3799 401 3874 Ὑπὲρ
438 3795 652 3849 πολλῶν
681 3798 893 3867 ἔχοντες
923 3795 1263 3869 εὐχαριστεῖν
1293 3805 1363 3869 τῷ
1405 3804 1605 3874 Κυρίῳ,
1633 3801 1701 3852 ὧν
1727 3802 1817 3854 καὶ

178 3889 489 3961 ἠξιώθημεν
509 3904 620 3958 παρ
636 3884 648 3905 ⁹
665 3883 826 3938 αὐτοῦ
850 3883 935 3937 ἐπὶ
959 3892 1048 3945 τῆς
1069 3881 1355 3958 ἐπιδημίας
1377 3889 1544 3960 ἡμῶν,
1567 3894 1817 3962 μέγιστον

182 3976 386 4050 ἀγαθὸν
417 3976 708 4049 ἐκρίναμεν
755 3978 848 4033 τὴν
877 3980 1073 4045 γνῶσιν
1110 3982 1204 4036 τῆς
1247 3983 1345 4037 σῆς
1370 3981 1694 4049 τιμιότητος,
1723 3984 1818 4037 τὴν

178 4070 329 4139 παρὰ
396 4071 496 4117 τοῦ
567 4060 773 4133 ἀγαθοῦ
839 4066 1104 4116 Δεσπότου
1164 4067 1601 4139 παρασχεθεῖσαν
1668 4070 1816 4141 ἡμῖν.

182 4154 461 4226 ’Ἔγνωμεί
490 4155 598 4225 γὰρ
648 4147 822 4225 ἄνδρα
873 4148 1167 4221 δεικνύντα,
1211 4154 1291 4205 ὅτι
1339 4160 1429 4207 καὶ
1474 4153 1523 4207 ἐν
1552 4164 1622 4227 τῷ
1657 4177 1818 4232 στραο

180 4252 422 4315 τιωτικῷ
454 4240 564 4316 βίῳ
601 4238 824 4294 δυνατὸν
856 4250 950 4302 τῆς
989 4245 1116 4317 πρὸς
1143 4245 1272 4296 Θεὸν
1305 4241 1516 4315 ἀγάπης
1546 4249 1603 4298 τὸ
1635 4246 1820 4301 τέλειον

2662 3676 2865 3732 Militi.

1999 3803 2147 3857 Cum
2178 3817 2288 3875 pro
2319 3799 2520 3857 multis
2552 3799 2809 3856 debeam
2840 3803 3039 3870 grates
3071 3799 3330 3855 Domino
3360 3797 3597 3871 persol-

1928 3907 2087 3956 vere,
2136 3907 2272 3963 quin
2317 3889 2397 3946 ab
2445 3905 2516 3945 eo
2567 3887 2629 3944 in
2683 3904 2819 3944 mea
2858 3886 3338 3961 peregrinatione
3366 3886 3595 3959 accepi,

1928 3981 2161 4037 bonum
2208 3979 2547 4035 maximum
2604 3977 2894 4048 judicavi,
2950 3977 3119 4050 quod
3160 3975 3309 4033 boni
3359 3974 3602 4033 Domini

1930 4068 2094 4125 dono
2123 4066 2537 4141 prasstantiam
2574 4072 2738 4123 tuam
2766 4066 3182 4137 cognoverim.
3206 4066 3411 4122 Virum
3434 4065 3598 4122 enim

1931 4157 2211 4228 cognovi,
2244 4156 2349 4230 qui
2380 4157 2440 4212 in
2468 4155 2708 4213 militari
2733 4155 2916 4212 etiam
2954 4156 3076 4212 vita
3128 4154 3466 4228 perfectum
3500 4154 3603 4211 Dei

1933 4263 2205 4303 amorem
2236 4250 2295 4302 et
2327 4245 2681 4302 charitatem
2735 4245 2959 4301 servari
2990 4260 3191 4317 posse,
3226 4250 3284 4301 et
3315 4244 3601 4301 Christia-

186 4331 508 4388 διασῶσαυ
561 4337 651 4383 καὶ
698 4333 778 4384 ὅτι
817 4330 912 4383 ούκ
945 4330 995 4383 ἐν
1049 4339 1111 4404 τῇ
1157 4331 1404 4406 περιϐολῇ
1463 4334 1809 4408 τῆςὲσθῆτος,

1932 4351 2082 4392 num
2138 4351 2262 4391 non
2321 4350 2393 4391 ex
2445 4333 2784 4390 vestimenti
2846 4333 3062 4403 forma,
3125 4333 3229 4389 sed
3281 4348 3355 4388 ex
3413 4330 3602 4388 animi

192 4422 301 4475 ἀλλ’
337 4422 386 4474 ἐν
417 4430 483 4494 τῇ
544 4418 787 4474 ὃιαθεσει
835 4428 931 4482 τῆς
976 4421 1161 4493 ψυχῆς
1208 4423 1235 4473 ό
1276 4428 1588 4497 Χριστιανὸς
1634 4426 1822 4499 ὀφείλει

194 4511 731 4586 χαρακτηρίζεσθαι.
769 4514 869 4563 Καὶ
893 4514 1009 4563 τότε
1053 4510 1142 4562 οὖν
1167 4512 1301 4584 μετά
1330 4514 1504 4575 πάσης
1542 4513 1820 4588 ἐπιθυμίας

199 4602 570 4673 συνετύχομὲν
620 4619 740 4653 σοι·
801 4604 892 4652 καὶ
944 4606 1053 4667 νῦν,
1115 4600 1304 4664 ὁσάκις
1355 4600 1415 4653 ἂν
1482 4602 1555 4665 εἰς
1615 4609 1823 4677 μνήμην

197 4690 458 4762 ἔλθωμεν,
507 4694 771 4762 μεγίστης
816 4686 1140 4761 ἀπολαύομεν
1171 4689 1513 4764 εὐφροσύνης.
1545 4689 1824 4768 Ἀνὸρίζου

194 4784 398 4848 τοίνυν,
433 4783 525 4830 καί
564 4782 750 4851 ἴσχυε,
802 4781 892 4830 καὶ
922 4782 1017 4836 τὴν
1064 4782 1192 4851 πρὸς
1241 4783 1369 4832 Θεὸν
1397 4778 1604 4851 ἀγάπην
1628 4786 1826 4856 τρέφειν

185 4874 283 4922 καὶ
332 4867 798 4930 πολύπλασιάζειν
829 4864 908 4919 ἀεὶ
959 4863 1252 4936 σπούδαζε,
1290 4869 1372 4920 ἵνα
1419 4888 1504 4921 σοι
1546 4875 1636 4922 xui
1667 4872 1696 4929 ἡ
1727 4880 1827 4924 τῶν

185 4959 409 5032 ἀγαθῶν
444 4952 579 5033 παρ’
604 4956 765 5009 αὑτοῦ
790 4961 1030 5030 χορηγία
1069 4955 1155 5010 ἐπὶ
1183 4958 1361 5030 μεῖζον
1398 4961 1578 5033 προίῃ.
1610 4958 1733 5013 Ὀτι
1770 4958 1830 5015 δὲ

186 5054 284 5101 καὶ
309 5051 470 5121 ἡμῶν
499 5050 793 5119 μέμνησαι,
818 5042 1076 5118 οὐδεμιᾶς
1117 5046 1295 5121 ἐτέρας
1328 5044 1638 5111 ἀποδείξεως
1666 5054 1829 5125 προσ-

196 5133 455 5209 δεόμεθα,
480 5140 581 5195 τὴν
606 5134 663 5188 ἐκ
693 5143 793 5187 τῶν
818 5138 1143 5210 πραγμάτων
1175 5137 1385 5207 ἔχοντες
1408 5142 1717 5213 μαρτυρίαν.

271 5335 389 5405 (48)
441 5333 830 5405 Merui-ieiuni.
882 5330 1065 5405 Hanc
1097 5346 1333 5395 vocem,
1385 5347 1523 5405 quae
1569 5331 1738 5389 deest
1766 5333 1829 5390 in

199 5402 405 5469 editis.
456 5404 588 5461 erui
640 5418 715 5459 ex
775 5418 922 5458 mss.
964 5402 1255 5475 quinque.
1290 5402 1547 5469 Quidam
1586 5405 1827 5460 codices

201 5475 436 5532 habent
463 5475 697 5533 ibidem
729 5477 1063 5543 κενοφωνίαν,
1098 5489 1258 5531 vana
1283 5481 1636 5531 commenta.

282 5552 392 5619 (49)
415 5547 674 5616 ’Υπαρξιν
696 5548 846 5619 ἕχον.
876 5543 1140 5619 Quidam
1158 5545 1397 5602 codices
1422 5546 1687 5619 ὕπαρχον.

282 5614 398 5691 (50)
424 5614 937 5679 ’Δπαθανατίζεται.
1004 5614 1098 5672 Sic
1148 5631 1294 5673 mss.
1351 5614 1614 5675 codices.
1679 5617 1833 5675 Editi

1934 4425 2147 4481 habitu
2176 4424 2453 4497 dignosci
2475 4423 2694 4479 debere
2725 4423 3123 4479 demonstrat.
3157 4426 3223 4478 Et
3245 4426 3387 4478 tunc
3420 4421 3602 4491 igitur

1934 4514 2333 4571 libentissime
2386 4530 2512 4568 sum
2569 4517 2767 4569 tecum
2820 4526 3182 4583 congressus
3236 4528 3248 4566 :
3305 4514 3362 4566 et
3417 4524 3602 4578 nunc,

1937 4603 2171 4676 quoties
2196 4602 2504 4669 recordor,
2526 4602 2798 4659 maxima
2828 4601 2993 4657 fruor
3032 4600 3362 4673 voluptate.
3398 4601 3610 4678 Itaque

1938 4699 2179 4751 strenue
2224 4707 2356 4762 age,
2391 4697 2448 4748 et
2494 4691 2910 4758 corroborare,
2937 4693 2993 4746 et
3042 4689 3143 4745 Dei
3192 4703 3467 4745 amorem
3496 4701 3606 4744 nu-

1938 4783 2075 4839 trire
2106 4799 2177 4838 ac
2208 4796 2429 4852 augere
2458 4796 2698 4853 semper
2726 4778 2920 4849 stude,
2954 4783 3018 4834 ut
3066 4784 3123 4834 et
3163 4776 3267 4833 tibi
3297 4776 3605 4832 bonorum

1939 4872 2017 4929 ab
2051 4887 2120 4927 eo
2144 4871 2318 4944 copia
2348 4874 2674 4926 accrescat.
2706 4867 2878 4923 Nullo
2908 4871 3111 4924 autem
3141 4865 3384 4936 indigeo
3430 4880 3608 4935 argu-

1940 4964 2166 5027 mento,
2195 4976 2318 5033 quo
2363 4963 2418 5016 te
2460 4959 2579 5014 mei
2610 4972 2943 5013 memorem
2993 4972 3126 5012 esse
3157 4955 3436 5025 edocear,
3463 4972 3605 5012 cum

1938 5066 2036 5107 res
2066 5049 2211 5122 ipsas
2245 5047 2602 5121 perbibeant
2631 5044 3063 5102 testimonium.
3200 5044 3201 5047 “

1943 5332 2402 5393 ἐπαθανατίζεται.

2016 5409 2130 5473 (5|)
2173 5404 2325 5458 Λύτό.
2361 5402 2455 5460 Sic
2501 5400 2845 5473 invenimus
2878 5401 3160 5473 intribus
3192 5399 3607 5473 vetustissimis

1944 5476 2257 5560 codicibus
2278 5479 2338 5531 et
2362 5473 2495 5529 aliis
2523 5471 2855 5529 nonnullis.
2889 5472 3040 5528 Editi
3063 5473 3269 5542 αύτούς,
3298 5471 3524 5526 Filium
3550 5478 3605 5527 et

1943 5550 2266 5620 Spiritum.

2022 5624 2039 5642 '
2072 5618 2231 5676 Alias
2262 5618 2469 5690 CDVII,
2503 5615 2728 5689 scripta
2753 5629 2916 5672 anno
2946 5617 3075 5671 372.
