4078 6396
151 342 247 398 517

1151 304 1643 398 EPISTOLARUM
1683 334 1967 395 CLASSIS
2004 337 2072 395 11.
2115 334 2331 393 EPIST.
2364 336 2495 393 cxx.

3436 346 3541 402 518

158 468 243 521 καὶ
277 483 600 539 πρεποντων
643 473 709 541 τῇ
772 475 841 541 σῇ
905 466 1166 543 ίλευθερίᾳ
1218 468 1559 539 ὑποσχέσεων
1604 461 1786 517 ἐπίλα-

1903 460 2371 534 promissionum
2416 477 2486 519 ac
2530 459 2869 519 liberalitati
2903 465 3020 520 tuas
3063 464 3551 527 convenientium

169 557 393 630 θὸμενος,
427 562 523 609 νῦν
577 552 953 632 σφοδροτάτην
1006 561 1096 610 καὶ
1172 554 1526 629 ἀπαραίτητον
1584 552 1788 623 ἐπάγεις

171 650 258 705 τὴν
299 643 604 704 ἀπαίτησιν
646 654 709 720 τῇ
758 642 955 720 ἀδελφῇ
989 643 1137 720 τῇδε
1170 649 1261 699 καὶ
1300 648 1353 698 τί
1384 643 1576 697 εἰκάσω
1606 640 1662 696 ἐκ
1690 648 1787 695 τῶν

171 736 477 809 λεγομένων,
536 735 638 789 οὐκ
679 735 813 809 ἑχω.
875 741 963 791 Σοί
999 755 1054 789 τε
1099 736 1200 810 γὰρ
1259 733 1451 794 πολλὴν
1500 734 1645 807 παρὰ
1690 739 1788 784 τῶν

174 828 564 901 πεπειραμνων
613 844 712 878 σου
752 828 1182 901 μαρτυρουμένην
1213 823 1499 896 ἐλευθερίαν
1545 816 1789 884 σύνοιδα,

175 921 259 969 καὶ
318 924 419 969 τῶν
464 916 815 986 ὑποσχέσεων
862 934 957 968 σου
1000 918 1267 988 μέμνημαι
1305 914 1373 965 ὧν
1422 910 1674 972 ἐποίησας
1712 905 1790 961 ἐπ’

166 1004 287 1079 ἐμοῦ
341 1008 435 1056 καὶ
484 1000 650 1057 τοῦδε
690 1005 831 1078 (57)°
891 1004 1049 1076 λέγων
1130 1002 1372 1057 ἐλάττονα
1432 1004 1521 1075 μὲν
1574 1001 1789 1074 γράφειν

157 1098 374 1168 χρόνον,
397 1092 616 1147 πλείονα
647 1090 708 1148 δε
758 1098 1156 1168 συγχωρήσειν,
1194 1089 1287 1148 διὰ
1337 1094 1545 1170 τοίὸε)
1596 1088 1786 1163 βουλε-

166 1187 292 1239 σθαι
346 1186 839 1257 συμπεριφέρεσθαι
896 1192 958 1256 τῇ
1017 1182 1216 1257 ἀνάγκη
1297 1190 1389 1236 τοῦ
1458 1180 1788 1257 πράγματος,

169 1279 261 1329 καὶ
318 1279 639 1346 συγγνώμην
700 1278 953 1349 παρέχειν
1001 1281 1063 1347 τῇ
1099 1272 1337 1348 ἐλευθέρᾳ
1389 1271 1784 1343 ἀναγκαζομένη

170 1371 419 1418 τοσοῦτον
468 1361 677 1437 ἁθρόως
713 1362 770 1415 ἐκ
795 1371 892 1425 τῆς
932 1362 1099 1426 οἰκίας
1148 1364 1429 1438 προίεσθαι
1457 1369 1667 1436 χρῆμα.
1699 1363 1787 1420 Τίς

171 1454 267 1507 οὖν
317 1456 346 1513 ἡ
379 1452 518 1506 αἰτία
573 1449 650 1506 δι’
693 1453 756 1516 ἣν
796 1454 826 1512 ἠ
866 1455 1097 1511 τοσαύτη
1131 1451 1389 1524 μεταϐολὴ
1424 1456 1650 1523 γέγονεν,
1683 1448 1784 1522 ἐγὼ

172 1551 311 1597 νοεῖν
340 1543 428 1596 οὐκ
480 1545 613 1615 ἔχω.
674 1542 816 1601 Πλὴν
874 1543 996 1617 ὅπερ
1049 1540 1108 1594 ἆν
1162 1538 1217 1614 ᾖ,
1260 1540 1544 1617 παρακαλῶ
1578 1559 1653 1598 σε.
1688 1557 1784 1611 με-

172 1636 427 1706 μνημένον
487 1640 588 1693 τῆς
641 1639 866 1684 σεαυτοῦ
917 1631 1351 1704 ἐλευθεριότητος,
1403 1634 1493 1682 καὶ
1540 1632 1672 1704 πρὸς
1698 1632 1783 1682 τὸν

176 1725 364 1795 Κύριον
404 1717 675 1774 ἀπιδόντα
703 1724 791 1773 τόν
832 1719 1165 1794 ἀμειϐόμενον
1194 1722 1289 1782 τὰς
1317 1721 1560 1792 χρηστὰς
1597 1738 1783 1794 προαι-

158 1817 358 1887 ρέσεις,
394 1808 588 1863 δοῦναι
639 1813 728 1862 τόν
779 1813 960 1884 καιρόν
1011 1811 1062 1862 ὅν
1094 1808 1147 1873 ἐξ
1200 1808 1375 1885 ἀρχῆς
1410 1811 1651 1881 ὑπέσχου
1690 1817 1784 1870 τῆς

157 1901 413 1967 ἀνέσεως,
468 1902 556 1954 ἵνα
605 1896 902 1966 δυνηθῶσι,
956 1899 1397 1973 συμπωλήσαντις
1446 1901 1513 1952 τὰ
1570 1898 1784 1963 ἑαυτῶν,

164 1988 428 2043 διαλῦσαι
456 1993 517 2041 τό
545 1992 726 2063 χρέος.
761 1988 934 2048 Δῆλον
965 1984 1045 2055 δὲ,
1079 1990 1159 2041 ὅτι
1200 1986 1448 2040 κάκείνων
1496 1991 1784 2060 μέμνημαι,

169 2082 250 2132 ὅτι
283 2081 560 2151 ὑπέσχου,
593 2077 636 2131 εἰ
680 2077 857 2142 λάϐοις
886 2080 944 2130 τὸ
990 2076 1305 2150 ὀμολογηθὶν
1340 2081 1589 2150 χρυσίον⁷
1621 2078 1789 2129 πάντα

168 2171 237 2223 τὰ
288 2168 684 2241 ὁμολογηθέντα
733 2171 956 2240 χαρτία,
1005 2171 1096 2220 καὶ
1123 2169 1187 2220 τὰ
1234 2167 1321 2220 ἐπὶ
1377 2175 1477 2220 τῶν
1520 2164 1788 2241 ἀρχόντων

170 2260 501 2332 πραχθέντα,
542 2261 637 2309 καὶ
686 2258 754 2311 τὰ
813 2252 1096 2319 ἰδιωτικῶς
1149 2260 1396 2328 ⁴γενόμενα
1438 2256 1573 2327 (59),
1612 2275 1789 2329 παρα-

169 2345 360 2403 δώσειν
414 2356 483 2423 τῇ
548 2350 924 2422 προειρημένη.
995 2345 1287 2421 Παρακαλῶ
1339 2342 1448 2414 οὖν,
1506 2350 1596 2397 καὶ
1651 2347 1790 2417 ἡμᾶς

158 2444 420 2511 τίμησόν,
468 2441 563 2490 καὶ
608 2443 809 2495 κτῆσαι
846 2437 991 2511 παρὰ
1037 2444 1107 2507 τῷ
1138 2439 1313 2507 Κυρίῳ
1340 2433 1571 2507 μεγάλην
1624 2433 1789 2506 ἐαυτῷ

164 2528 433 2600 εὐλογίαν,
516 2523 873 2599 ἀναμνησθεὶς
952 2532 1052 2578 τῶν
1122 2531 1343 2579 σεαυτοῦ
1419 2525 1784 2595 ὑποσχέσεων,

166 2623 471 2688 γινώσκων,
504 2619 588 2668 ὅτι
626 2616 903 2688 ἅνθρωπος
953 2610 1014 2681 εἶ,
1048 2618 1137 2667 καὶ
1184 2612 1342 2677 αὐτὸς
1370 2615 1481 2684 (60)
1528 2611 1789 2685 ἀναμένειν

177 2705 404 2778 ὀφείλεις
437 2708 549 2767 τοὺς
594 2707 816 2777 καιροὺς
864 2702 913 2757 ἐν
972 2704 1050 2765 οἷς
1098 2698 1339 2776 δεηθήσῃ
1386 2711 1480 2765 τῆς
1509 2705 1652 2776 παρὰ
1697 2709 1788 2756 τοῦ

180 2802 325 2851 Θεοῦ
376 2792 703 2866 ἰατιλὴψεως*
739 2794 802 2854 ἣν
851 2798 923 2867 μὴ
986 2792 1301 2866 ἁποκλείσης
1334 2801 1536 2864 σεαυτῷ
1575 2789 1669 2845 δια
1696 2801 1789 2856 τῆς

177 2886 467 2961 παρούσης
499 2883 873 2959 σκληρότητος·
911 2882 1014 2937 ἀλλ’
1071 2883 1370 2956 εὐτρέπισον
1418 2885 1540 2944 τοὺς
1588 2883 1790 2955 οἰκτιρ-

174 2978 313 3049 pet);
366 2980 457 3027 τοῦ
505 2981 639 3031 Θεοῦ
695 2972 780 3026 ἐπὶ
836 2975 1045 3040 σαυτὸν,
1077 2977 1252 3027 πᾶσαν
1306 2975 1659 3047 χρηστότητα
1702 2975 1790 3029 καὶ

173 3064 458 3121 ἇπιείκειαν
485 3069 597 3129 τοῖς
625 3065 1103 3137 καταπονουμίνοις
1135 3057 1258 3115 ἐπιδ
1262 3060 1548 3134 ειξάμενος.

748 3154 1091 3209 ΕΠΙΣΤΟΛΗ
1117 3149 1237 3209 ΡΘ’.

1898 550 2176 618 oblitum,
2208 566 2370 608 nunc
2398 552 2538 608 huic
2569 551 2760 608 sorori
2799 550 3298 611 violentissimam
3328 572 3399 614 ac
3444 557 3556 615 im-

1898 640 2260 714 placabilem
2279 641 2657 698 exactionem
2683 640 2899 698 inferre
2924 658 2937 697 :
2970 645 3025 699 et
3054 642 3204 715 quid
3233 645 3555 716 conjiciam

1899 746 1972 787 ex
1986 730 2082 786 his
2109 746 2246 803 qum
2267 730 2811 799 dicuntur,nescio.
2840 733 2992 789 Nam
3018 737 3075 791 et
3096 732 3200 789 tibi
3230 732 3556 806 plurimam

1899 836 2133 892 eorum,
2165 822 2266 895 qui
2300 822 2382 879 tui
2423 820 2758 894 periculum
2788 823 3002 892 fecere,
3034 823 3383 883 testimonio
3412 826 3557 885 libe-

1898 910 2199 968 ralitatem
2247 910 2371 967 scio
2398 910 2662 978 attribui,
2700 916 2757 969 et
2799 911 3239 985 promissorum
3283 916 3555 986 memini,

1902 999 2127 1072 quibus
2156 1004 2210 1057 te
2239 1016 2444 1057 coram
2475 1017 2571 1057 me
2598 1004 2655 1058 et
2680 1000 2781 1057 illo
2803 1000 3207 1060 obstrinxisti:
3244 1019 3381 1061 cum
3403 1006 3560 1063 dice-

1899 1105 1993 1145 res
2026 1094 2263 1162 tempus
2292 1090 2539 1163 quidem
2566 1089 2810 1147 brevius
2838 1090 3040 1162 scribi,
3072 1091 3179 1148 sed
3208 1096 3265 1148 te
3293 1094 3557 1167 amplius

1900 1195 2355 1247 concessurum,
2389 1195 2460 1236 eo
2487 1180 2652 1253 quod
2681 1187 2737 1237 te
2784 1180 2966 1237 velles
2998 1181 3077 1238 ad
3120 1182 3205 1239 rei
3238 1184 3556 1242 necessita-

1900 1274 2019 1326 tem
2052 1269 2541 1338 accommodare,
2574 1274 2631 1326 et
2658 1269 2797 1327 huic
2826 1269 3019 1326 viduas
3049 1270 3388 1342 ignoscere,
3419 1290 3555 1347 quas

1898 1363 2128 1416 tantam
2159 1359 2629 1432 simulpecuuias
2651 1376 2956 1417 summam
2978 1377 3009 1416 e
3041 1361 3227 1419 domo
3259 1379 3371 1420 sua
3390 1365 3559 1422 emitr

1896 1453 2018 1506 tere
2049 1448 2300 1518 cogitur.
2339 1450 2631 1516 Quaenam
2661 1454 2862 1506 autem
2906 1466 3116 1518 causa,
3157 1467 3263 1508 cur
3306 1454 3554 1510 mutatio

1896 1542 2063 1595 tanta
2083 1538 2414 1608 contigerit,
2444 1554 2557 1608 ego
2588 1538 2915 1609 intelligere
2946 1555 3069 1597 non
3098 1557 3279 1614 queo.
3301 1547 3374 1599 At
3398 1559 3559 1615 qum-

1897 1643 2136 1701 cunque
2181 1627 2379 1693 fuerit,
2421 1643 2571 1699 rogo
2631 1632 2705 1696 te,
2731 1632 2794 1683 ut
2847 1632 2962 1685 tuas
3012 1629 3385 1688 liberalitatis
3428 1648 3556 1688 me-

1896 1732 2048 1785 mor,
2092 1721 2147 1773 et
2174 1716 2252 1773 ad
2284 1717 2606 1774 Dominum
2627 1716 2806 1774 bonas
2842 1718 3168 1775 voluntatis
3206 1736 3558 1778 remunera-

1827 1825 1867 1878 Β
1896 1810 2086 1862 torem
2116 1805 2467 1878 respiciens,
2496 1809 2734 1879 tempus
2765 1808 2938 1879 202
2974 1808 3360 1865 induciarum
3385 1809 3556 1867 initio

1896 1895 2265 1968 promissum
2315 1894 2616 1951 concedas
2648 1914 2661 1951 :
2697 1900 2760 1951 ut
2790 1896 3026 1968 possint
3070 1897 3329 1954 venditis
3370 1900 3555 1956 rebus

1901 1984 2025 2040 suis
2048 1984 2319 2040 debitum
2340 1984 2687 2040 dissolvere.
2706 1984 2856 2040 lllud
2878 1986 3059 2042 etiam
3087 1986 3278 2059 probe
3308 1989 3559 2047 memini

1897 2074 2233 2149 pollicitum
2279 2078 2335 2131 te
2374 2091 2523 2143 esse,
2557 2074 2607 2131 si
2637 2091 2874 2147 aurum,
2903 2075 2979 2132 de
3011 2092 3134 2149 quo
3166 2083 3556 2150 convenerat,

1900 2165 2223 2237 acciperes,
2257 2166 2495 2222 chartas
2523 2180 2758 2232 omnes,
2784 2169 2914 2223 tum
2942 2181 3046 2222 eas
3074 2182 3212 2238 quas
3235 2183 3442 2224 coram
3466 2169 3558 2240 ju-

1900 2254 2157 2321 dicibus,
2192 2259 2323 2311 tum
2350 2270 2487 2326 quae
2517 2254 2797 2326 privatim
2825 2254 3133 2325 confectae,
3156 2255 3393 2312 mulieri
3412 2274 3558 2330 prae-

1899 2344 2072 2400 dictas
2114 2344 2492 2399 traditurum.
2530 2343 2791 2399 Obsecro
2838 2343 3064 2415 itaque,
3092 2348 3149 2403 et
3189 2345 3336 2404 mihi
3364 2346 3558 2406 hono-

1900 2449 2028 2489 rem
2061 2431 2249 2503 defer,
2280 2436 2338 2489 et
2369 2448 2655 2502 magnam
2690 2432 2798 2490 tibi
2829 2432 2995 2505 apud
3028 2434 3348 2493 Dominum
3376 2435 3561 2495 bene-

1900 2523 2225 2579 dictionem
2269 2538 2582 2595 compara,
2613 2522 2676 2579 in
2717 2523 3077 2580 memoriam
3124 2524 3427 2597 promissa
3472 2544 3562 2584 re-

1897 2628 2146 2683 vocans,
2176 2615 2354 2684 teque
2383 2612 2694 2668 hominem
2726 2627 2857 2668 esse
2888 2628 3282 2686 cognoscens,
3313 2631 3385 2674 ac
3412 2620 3562 2675 tem-

1900 2717 2051 2775 pora
2088 2700 2190 2758 illa
2234 2704 2583 2773 exspectare
2631 2699 2875 2769 debere,
2924 2701 3150 2774 quibus
3195 2719 3312 2776 ope
3356 2704 3563 2764 divina

1898 2790 2219 2861 indigebis.
2256 2792 2451 2857 Quam
2476 2790 2725 2863 quidem
2758 2790 2861 2847 tibi
2899 2791 3027 2863 ipse
3058 2807 3166 2863 per
3194 2799 3560 2864 praesentem

1900 2880 2184 2940 duritiam
2223 2895 2300 2935 ne
2330 2878 2733 2935 intercluseris
2763 2896 2776 2936 :
2826 2879 2935 2936 sed
2982 2880 3426 2941 misericordias
3456 2883 3559 2941 Dei

1898 2970 1960 3027 in
1991 2969 2254 3041 teipsum
2284 2973 2587 3039 converte,
2619 2968 3053 3039 benignitatem
3083 2986 3327 3031 omnem
3360 2976 3418 3031 et
3446 2972 3559 3031 cle-

1899 3058 2190 3119 mentiam
2222 3057 2456 3119 afﬂictis
2486 3058 2938 3115 demonstrans.

2464 3149 2702 3207 ΕΡΙὸΤο
2712 3149 2795 3205 LA
2839 3149 2995 3206 ClX'.

158 3283 358 3352 Rogat
388 3278 674 3336 Basilius
700 3276 1054 3352 Helladium
1086 3276 1377 3352 comitem,
1406 3279 1472 3331 ut
1495 3289 1619 3352 sua_
1632 3274 1801 3344 apud
1824 3274 2189 3352 praefectum
2206 3274 2409 3352 gratia
2434 3273 2677 3352 viduam
2702 3278 2974 3352 βυρσιαν,
2992 3289 3139 3352 Δ(Ῐιιειεξ
3165 3280 3396 3344 praeter
3426 3291 3549 3333 sor-

559 3355 679 3407 tem
717 3350 895 3406 etiam
927 3363 1146 3405 usuras
1171 3348 1423 3405 reddere
1453 3346 1779 3418 cogebatur
1806 3351 2023 3405 contra
2048 3348 2399 3416 pactionum
2430 3351 2485 3402 et
2514 3347 2941 3415 promissorum
2971 3346 3173 3415 ﬁdem.

715 3469 903 3527 Ἐλλαδ
908 3477 967 3547 ίῳ
1022 3476 1169 3547 Κύμη
1177 3490 1249 3527 τι.

231 3586 381 3637 Πάνυ
435 3582 858 3657 παραιτούμενος
898 3576 971 3632 δι’
1025 3578 1187 3655 ὄχλου
1244 3575 1373 3635 εἶναι
1430 3586 1492 3652 τῇ
1553 3580 1791 3651 χρηστό-

162 3678 283 3733 τητί
334 3693 462 3741 σου,
500 3668 601 3723 διὰ
647 3673 708 3722 τό
734 3671 949 3743 μέγεθος
979 3677 1076 3730 τῆς
1121 3672 1240 3741 περὶ
1292 3667 1425 3740 ὑμᾶς
1476 3665 1674 3742 ἀρχῆς,
1710 3668 1791 3719 ἵνα

159 3768 229 3837 μὴ
291 3759 441 3826 δόξω
524 3758 759 3832 ἁμέντως
821 3757 1161 3832 ἐμφόρείσθαι
1228 3766 1324 3819 τῆς
1382 3756 1553 3831 φιλίας
1624 3757 1786 3829 ὑμῶν·

161 3856 297 3926 ὅμως
351 3854 463 3904 ὑπὸ
497 3858 604 3903 τῶν
658 3850 896 3921 ἀναγκῶν
947 3846 1248 3918 ἡσυχάζειν
1293 3844 1387 3899 οὐκ
1426 3844 1787 3920 ἐπιτρέπομαι.

159 3948 266 4001 Τὴν
297 3947 435 4012 γοῦν
483 3934 718 4009 ἀδελφὴν
756 3933 934 4001 τήνδε,
988 3940 1079 3987 καὶ
1118 3938 1251 4009 πρὸς
1297 3939 1437 4006 γένος
1477 3936 1600 4005 ἡμῖν
1630 3931 1791 3987 οὖσαν

160 4036 253 4083 καὶ
286 4027 389 4081 διὰ
431 4030 665 4102 χηρείαν
697 4027 1178 4098 καταπονουμένην,
1214 4028 1304 4075 καὶ
1342 4019 1538 4083 παιδὸς
1568 4029 1791 4095 ορφανοῦ

158 4121 492 4192 πράγματος
582 4115 989 4188 φροντίζουσαν,
1044 4112 1152 4166 ἐπεὶ
1222 4108 1358 4165 εἰὸον
1433 4111 1608 4164 λοιπὸν
1665 4112 1790 4186 ὑπὲρ

163 4207 402 4282 δύναμιν
462 4206 741 4280 ἀφορὴτοις
796 4203 1050 4276 ἀνάγκαις
1127 4206 1504 4275 συνεχομένην,
1555 4202 1794 4262 κατελεή-

161 4318 284 4369 σας,
341 4302 440 4349 καὶ
487 4296 670 4348 παθὼν
722 4298 817 4352 τὴν
874 4293 1083 4364 ψυχὴν,
1141 4294 1375 4347 ἔσπευσα
1429 4291 1793 4366 παρακαλέσαι

164 4407 247 4454 σε,
307 4390 413 4451 ἱνα,
462 4388 507 4437 εἴ
545 4404 628 4447 τις
679 4380 922 4456 δύναμις,
971 4389 1044 4453 τῷ
1086 4379 1432 4434 ἀποσταλέντι
1477 4380 1600 4458 παρ’
1627 4380 1791 4442 αὐτῆς

168 4475 436 4549 ἀνθρώπῳ
473 4473 815 4546 καταξιὼσης
848 4470 1175 4545 συμπρᾶξαι,
1206 4472 1339 4548 πρὸς
1382 4472 1440 4521 τὸ
1484 4471 1605 4544 ὅπερ
1656 4471 1788 4528 αὕτη

167 4572 445 4638 περιοῦσα
472 4564 575 4634 (61)
617 4562 885 4632 ὑπέσχετο
926 4560 1011 4632 ὑφ’
1060 4560 1224 4632 ἡμῶν,
1277 4555 1385 4617 ἤδη
1429 4566 1580 4611 τοῦτο
1628 4558 1790 4617 αὐτὴν

171 4649 491 4707 ἆποδοὺσαν
536 4661 633 4714 τῆς
682 4651 754 4712 εἰς
798 4647 1054 4702 τό’πλέον
1107 4647 1351 4722 ἐπηρείας
1406 4645 1787 4719 ἀπαλλαγῆναι.

167 4744 466 4814 ’Υπέσχετο
522 4744 625 4815 γὰρ
685 4744 744 4792 τό
809 4737 1081 4811 κεφάλαιον
1153 4732 1326 4789 δοῦσα
1393 4738 1791 4811 συγχωρεῖσθαι

2451 3469 2737 3526 Helladz'o
2768 3469 3009 3525 Comiti.

1972 3575 2262 3642 Quamvis
2284 3574 2644 3646 benignitati
2658 3578 2773 3632 tuae
2792 3574 3140 3648 obstrepere
3160 3576 3458 3648 refugiam
3481 3578 3561 3637 ob

1900 3664 2384 3736 magnitudinem
2435 3664 2745 3736 potestatis
2793 3669 2932 3731 ture,
2988 3680 3065 3721 ne
3126 3666 3394 3724 amicitia
3459 3672 3563 3724 tua

1900 3754 2056 3811 ultra
2076 3754 2330 3810 modum
2361 3753 2597 3826 impleri
2625 3753 2853 3818 videar,
2888 3757 3089 3811 tamen
3107 3771 3204 3811 me
3234 3771 3328 3811 res
3357 3771 3562 3812 neces-

1903 3843 2075 3899 sariae
2106 3842 2413 3916 quiescere
2445 3857 2568 3898 non
2600 3841 2820 3898 sinunt.
2866 3844 3028 3898 Hanc
3064 3842 3243 3911 igitur
3271 3859 3560 3908 sororem,

1901 3949 2038 4005 quae
2066 3937 2122 3988 et
2154 3931 2449 4000 sanguine
2475 3930 2624 3986 mihi
2655 3931 2983 4001 conjuncta
3014 3936 3121 4001 est,
3156 3936 3211 3987 ct
3258 3932 3338 3988 ob
3380 3932 3566 3990 vidui-

1901 4027 2084 4078 tatem
2118 4020 2457 4087 aﬂlictatur,
2492 4024 2548 4077 et
2577 4036 2671 4075 res
2700 4019 2805 4075 ﬁlii
2828 4020 3088 4093 orphani
3120 4026 3425 4093 procurat,
3459 4022 3566 4078 ubi

1901 4110 2024 4167 vidi
2052 4110 2180 4180 jam
2212 4109 2368 4165 ultra
2399 4108 2550 4164 vires
2588 4110 2879 4165 aerumnis
2913 4110 3395 4167 intolerabilibus
3427 4127 3566 4167 cou-

1902 4199 2133 4271 stringi,
2192 4204 2470 4257 misertus
2519 4198 2697 4271 illius,
2727 4203 2910 4273 atque
2952 4200 3159 4259 animo
3206 4200 3440 4272 dolens,
3471 4217 3565 4256 ro-

1903 4304 2045 4359 gare
2070 4292 2123 4344 te
2154 4288 2449 4358 festinavi,
2474 4292 2536 4343 ut
2563 4288 2610 4343 si
2633 4304 2756 4360 qua
2778 4293 3060 4361 suppetat
3078 4289 3563 4358 facultas,misso

1902 4378 1981 4435 ab
2015 4394 2086 4433 ea
2114 4376 2245 4433 viro
2276 4392 2525 4449 operam
2568 4392 2793 4432 navare
2824 4376 3125 4447 digneris;
3151 4381 3214 4433 ut
3234 4377 3401 4451 quod
3428 4378 3565 4452 ipsa

1901 4482 2166 4539 praesens
2218 4481 2422 4522 coram
2466 4481 2563 4521 me
2616 4465 2996 4537 promiserat,
3027 4481 3098 4520 eo
3141 4465 3271 4536 jam
3327 4465 3563 4523 reddito

1902 4555 2071 4611 nulla
2136 4554 2397 4627 amplius
2435 4554 2486 4609 ei
2545 4553 2650 4610 ﬁat
2710 4554 2954 4626 injuria.
3016 4554 3108 4610 Sic
3166 4554 3328 4610 enim
3385 4561 3565 4629 pacta

1902 4646 2115 4714 fuerat,
2149 4648 2213 4700 ut
2245 4644 2293 4699 si
2321 4648 2542 4699 sortem
2565 4642 2841 4705 solveret,
2874 4642 3314 4701 remitterentur
3339 4660 3560 4702 usurae.

1902 4738 2068 4791 Nunc
2106 4733 2285 4804 igitur
2314 4733 2419 4806 qui
2468 4748 2563 4787 res
2624 4732 2781 4788 illius
2843 4730 3153 4787 haeredum
3211 4738 3562 4807 procurant,

164 4836 294 4894 τοὺς
343 4836 560 4892 τόκους.
600 4837 708 4883 Νῦν
759 4832 928 4881 τοίνυν
992 4828 1040 4880 οἱ
1094 4829 1452 4902 φροντίζοντες
1485 4825 1644 4887 αὐτῆς
1691 4832 1786 4876 τῶν

1903 4827 2117 4896 praeter
2147 4825 2368 4879 sortem
2401 4836 2620 4878 usuras
2648 4820 2829 4876 etiam
2852 4823 3147 4875 conantur
3167 4821 3427 4891 exigere.
3453 4823 3564 4894 lgi-

156 4923 512 4999 κληρονόμων
577 4921 709 4991 μετὰ
772 4920 829 4971 τὸ
878 4916 1155 4989 κεφάλαιον
1185 4920 1273 4968 καὶ
1329 4920 1423 4974 τὴν
1481 4923 1580 4967 τῶν
1624 4918 1787 4967 τόκων

239 5101 348 5171 (5‘7)
374 5103 485 5154 Καὶ
505 5092 684 5171 ςοᾷδε.
704 5098 834 5171 Non
859 5094 1007 5171 belle
1024 5093 1422 5171 Cgmbeﬁsius
1448 5092 1778 5164 legendum

168 5165 343 5243 putat
364 5178 463 5224 τοῦ
486 5166 555 5243 Ad”:
579 5168 755 5243 λόγου.
797 5166 1025 5243 Iudicat
1066 5165 1323 5243 Basilius
1345 5165 1525 5243 illum
1551 5180 1779 5238 expres-

171 5236 436 5307 sidibus,
465 5241 544 5297 de
571 5236 694 5313 quo
724 5239 787 5294 in
811 5238 1117 5313 superiore
1150 5236 1418 5311 cpistola.

241 5314 355 5386 (58)
400 5316 497 5366 Aci:
518 5307 609 5368 τόῖ
636 5312 729 5386 Sic
756 5307 1318 5386 emendavimu'se;
1346 5307 1550 5364 codice
1565 5307 1775 5386 _Clarof

168 5379 703 5458 mgont'ano,pquod
733 5396 920 5458 prave
955 5381 1030 5458 in
1081 5379 1441 5458 Coisliniano
1486 5379 1685 5458 primo
1722 5382 1777 5434 et

172 5456 344 5511 editis
367 5450 692 5527 legebatur
723 5450 807 5527 ὃιῖ
828 5458 919 5504 τῶ.
955 5450 1151 5527 Plures
1180 5452 1241 5507 in
1272 5451 1429 5527 hanc
1460 5450 1776 5527 epistolam

173 5526 412 5584 codices
433 5521 565 5584 non
592 5524 945 5596 habuimus.
973 5521 1155 5579 Paulo
1175 5528 1312 5596 post
1333 5521 1474 5580 editi
1503 5521 1786 5596 ἐλευθερίᾳ,

175 5599 435 5674 Uterque
455 5598 656 5659 codex
682 5602 750 5657 ut
777 5595 843 5653 in
868 5597 1054 5655 textu.

1900 4916 1997 4970 tur
2017 4917 2080 4970 ut
2097 4915 2487 4987 perspectum
2508 4909 2958 4982 etexploratum
2976 4908 3213 4966 habens
3238 4912 3563 4971 Dominum

1964 5092 2073 5164 (59)
2115 5095 2380 5163 Γενόμενα.
2443 5088 2537 5146 Sic
2610 5091 2867 5165 uterque
2940 5088 3154 5147 codex.
3211 5090 3365 5148 Editi
3424 5094 3563 5163 γινό-

1890 5183 2037 5235 μενα.

1966 5234 2078 5303 (60)
2123 5237 2222 5286 Καὶ
2252 5232 2431 5293 αὐτὸς.
2466 5231 2685 5305 Iterum
2713 5229 2862 5305 editi
2894 5230 2946 5285 ei
2979 5231 3155 5305 Cois].
3187 5232 3424 5305 primus
3457 5232 3560 5305 ad~

1887 5305 2039 5361 dunt
2066 5302 2175 5369 καί,
2197 5320 2333 5375 quae
2362 5303 2707 5375 conjunctio
2729 5302 2943 5359 melius
2973 5302 3345 5361 deesse'visa
3371 5308 3463 5361 est
3490 5304 3555 5359 in

1890 5376 2099 5433 codice
2130 5375 2390 5432 Clarom.

1962 5449 2072 5533 £61)
2114 5453 2397 5523 Περιοῦσα.
2448 5445 2637 5518 Bigot.
2684 5443 2831 5502 alter
2873 5443 3142 5502 secunda
3188 5459 3378 5506 manu
3424 5464 3557 5521 παρ-

1901 5538 2076 5575 ιουσα.

1970 5592 1990 5613 *
2015 5588 2174 5653 Alias
2197 5590 2446 5663 CDXXII,
2477 5588 2700 5664 scripta
2731 5601 2892 5649 anno
2915 5590 3038 5648 372.
