4078 6376
599 328 702 385 519
789 373 795 378 .

1989 326 2044 387 S.
2089 328 2339 385 BASILII
2378 328 2595 385 MAGNI
3804 345 3879 399 520

597 469 697 510 res
726 452 1054 509 viduarum
1085 454 1267 526 atque
1296 444 1711 526 orphanorum
1742 470 1883 512 suas
1913 455 2109 512 facere
2136 472 2149 511 :
2181 454 2258 510 ita

2378 453 2650 527 εἴσπραξιν
2704 452 3037 528 ἐπιχειροῦσι
3086 458 3432 514 ποιήσασθαι.
3506 466 3571 521 Ως
3627 459 3705 514 οὖν
3750 463 3881 537 εἰδὼς,

602 541 871 599 studium
893 545 1066 598 tuum
1089 547 1147 599 et
1168 558 1414 615 operam
1437 543 1722 616 impende
1747 545 1886 600 huic
1910 543 2175 614 negotio,
2200 543 2259 598 in

601 647 777 706 spem
820 631 1039 688 futurae
1072 631 1151 688 ab
1194 632 1326 705 ipso
1378 635 1496 689 Deo
1536 640 1743 690 nostro
1773 634 2085 690 mercedis.
2137 632 2261 688 Exi—

602 721 783 777 stimo
817 720 1003 791 enim,
1061 720 1109 776 si
1137 720 1398 794 praefecti
1446 722 1711 779 maxime
1749 722 2090 779 admirandi
2149 720 2261 777 cle-

603 808 831 866 mentia
884 812 1112 865 sortem
1166 809 1426 867 solutam
1488 826 1621 866 esse
1676 810 1968 879 didicerit,
2021 810 2149 867 fore
2198 813 2262 866 ut

603 896 776 955 illum
803 898 1088 955 misereat
1117 897 1336 955 domus
1379 898 1535 955 illius
1566 905 1778 958 caetera
1809 915 2166 957 aerumnosas
2206 904 2264 955 et

602 985 851 1043 infelicis
882 991 940 1044 et
970 987 1032 1043 in
1063 1002 1262 1058 genua
1291 988 1643 1061 provolutte.
1677 993 1858 1063 atque
1876 989 1955 1046 ad
1983 990 2258 1061 injurias,

602 1091 740 1149 quae
770 1076 1142 1132 extrinsecus
1170 1076 1528 1147 inferuntur,
1558 1077 1830 1150 imparis.
1866 1082 2030 1149 Rogo
2058 1078 2255 1149 igitur,

600 1169 659 1222 et
698 1164 1038 1222 necessitati
1081 1165 1388 1238 ignoscas,
1419 1182 1556 1239 quae
1587 1171 1653 1223 ut
1702 1168 1806 1224 tibi
1853 1167 2142 1224 molestus
2172 1183 2261 1223 es-

604 1270 734 1312 sem
765 1254 980 1326 coegit,
1012 1259 1069 1313 et
1097 1255 1159 1311 in
1186 1256 1302 1313 hoc
1332 1257 1641 1327 negotium
1669 1257 1987 1315 incumbas
2015 1273 2128 1332 pro
2158 1274 2259 1330 po-

598 1348 830 1413 testate,
863 1360 1055 1418 quam
1116 1344 1386 1402 Christus
1435 1345 1560 1418 tibi,
1608 1345 1886 1417 benignis
1938 1363 2009 1404 ac
2053 1346 2259 1421 probis

601 1432 877 1491 moribus
919 1432 1195 1506 praedito,
1227 1438 1282 1490 et
1312 1434 1404 1490 his
1430 1451 1567 1508 quae
1614 1436 1894 1509 accepisti
1924 1437 1999 1493 ad
2030 1436 2260 1510 optima

605 1538 867 1596 quaeque
898 1524 1084 1580 utenti
1113 1523 1364 1595 largitus
1384 1529 1491 1581 est.

1172 1721 1419 1779 EPlSTO
1429 1724 1514 1777 LA
1563 1723 1687 1778 CX‘.

2372 544 2452 595 ὅτι
2493 546 2683 618 Κύριός
2712 542 2854 596 ἐστιν
2909 546 2935 596 ὁ
2991 546 3058 596 τὰ
3084 553 3184 597 τῶν
3226 555 3405 621 χηρῶν
3432 552 3518 601 καὶ
3563 551 3881 623 όρφανῶνὶδιο-

2368 636 2696 706 ποιούμενος,
2758 634 2893 686 οὕτω
2945 631 3249 688 σπούδασον
3302 641 3602 711 χρήσασθαι
3652 641 3799 695 ἑαυτὸν
3835 655 3879 720 τῇ

2375 720 2583 797 σπονδῇ
2617 733 2678 797 τῇ
2711 727 2838 800 ὑπὲρ
2883 732 2975 777 τοῦ
3007 728 3334 801 πράγματος,
3367 725 3440 781 ἐπ’
3491 727 3651 783 ἑλπίδι
3673 740 3755 794 τῆς
3792 738 3881 809 παρ’

2371 812 2531 865 αὐτοῦ
2570 821 2661 865 τοῦ
2695 821 2829 868 Θεοῦ
2858 816 3005 887 ἡμῶν
3035 811 3477 886 μισθαποδοσίας.
3522 817 3670 891 Οἶμαι
3694 824 3795 896 γὰρ,
3820 832 3883 877 καὶ

2369 905 2464 959 τὴν
2513 903 2815 974 ἡμερότητα
2876 910 2967 955 τοῦ
3042 904 3470 976 θαυμασιωτάτου
3547 905 3756 982 ἐπάρχου
3802 913 3883 983 (62)

2371 992 2664 1063 μαθοῦσαν,
2716 993 2794 1044 ὅτι
2859 994 2918 1044 τὸ
2973 992 3247 1065 κεφάλαιον
3302 992 3602 1065 ἐκτέτισται,
3658 1001 3883 1070 συμπαθὴ-

2373 1099 2480 1132 σειν
2505 1088 2577 1151 τῷ
2619 1079 2844 1152 ἐλλεεινῷ
2883 1080 3064 1134 λοιπὸν
3094 1085 3184 1134 καὶ
3215 1080 3372 1155 ἀθλίῳ
3400 1087 3517 1156 οἴκῳ
3558 1085 3624 1147 εἰς
3664 1106 3771 1158 γονυ
3800 1088 3882 1140 κλι-

2373 1171 2528 1238 θέντι,
2555 1176 2645 1223 καὶ
2702 1170 2877 1223 οὐκέτι
2932 1169 3180 1246 ἆρκοῦντι
3228 1179 3340 1235 ταῖς
3369 1172 3540 1236 ἔξωθεν
3583 1174 3706 1247 αὑτῷ
3739 1174 3884 1249 ἐπαγο-

2370 1264 2547 1333 μέναις
2617 1258 2898 1334 ἐπηρείαις.
2961 1260 3253 1335 Παρακαλῶ
3306 1258 3410 1330 οὖν,
3475 1266 3555 1315 καὶ
3624 1271 3680 1336 τῇ
3736 1262 3882 1339 ἆνήκῃ

2372 1351 2662 1421 σύγγνωθι,
2691 1345 2764 1402 δι’
2793 1349 2855 1409 ἣν
2900 1348 3127 1422 ὤχλησά
3168 1369 3272 1414 σοι,
3303 1355 3392 1403 καὶ
3419 1358 3488 1422 τῷ
3527 1353 3770 1426 πράγματι
3790 1356 3885 1427 aria-

2367 1438 2564 1513 πραξον
2615 1440 2752 1491 κατά
2803 1442 2898 1498 την
2950 1435 3195 1512 δύναμιν,
3228 1444 3289 1498 ἣν
3340 1436 3497 1493 ἔδωκέ
3533 1460 3612 1493 σοι
3661 1442 3885 1515 όΧριστὸς

2368 1535 2597 1603 χρηστῷ
2646 1532 2736 1581 καί
2783 1526 2965 1600 ἀγαθῷ
3013 1532 3099 1581 τόν
3154 1533 3343 1603 τρόπον
3384 1533 3506 1599 ὄντι,
3535 1534 3619 1582 καὶ
3660 1530 3720 1592 εὶς
3743 1528 3883 1603 ἀγαθὸν

2370 1618 2443 1678 οἷς
2472 1616 2647 1680 ἔλαϐες
2676 1621 3004 1692 κεχρημένῳ.

2934 1729 3273 1778 ΕΠΙΣΤΟΛΗ
3310 1723 3409 1781 PI’.

605 1865 873 1922 Basilius
900 1864 1046 1922 data
1076 1880 1112 1921 a
1141 1867 1429 1936 praefecto
1458 1866 1762 1924 scribendi
1804 1868 2047 2010 erant}?
2080 1869 2297 1996 ubtitlur,
2329 1875 2394 1925 ut
2427 1869 2483 1925 ei
2514 1869 2895 1996 genpnendet
2934 1868 3123 1927 Tauri
3164 1871 3416 1939 incolas,
3444 1873 3641 1945 quibus
3664 1874 3904 1944 graviora.

1859 1955 1978 1995 erm
2040 1955 2092 1994 r2
2138 1955 2175 1994 u
2207 1956 2244 1996 α
2274 1955 2510 2010 impone
2551 1955 2627 1997 an
2664 1956 2757 1996 ιιν.

1859 1955 1978 1995 θννί
2013 1955 2244 1996 u'zouta
2274 1955 2757 2011 imponeoanmr.

1127 2062 1393 2119 Modesto
1427 2064 1738 2133 praefecto.

674 2151 980 2216 Quantum
1020 2150 1166 2207 mihi
1198 2151 1448 2207 honoris
1473 2168 1543 2207 ac
1572 2151 1863 2209 libertatis
1891 2153 2253 2224 concessisti,

602 2254 845 2295 morum
884 2239 1121 2296 lenitate
1166 2255 1291 2295 non
1320 2241 1545 2296 veritus
1576 2247 1633 2297 te
1661 2242 1741 2298 ad
1769 2258 1883 2298 nos
1926 2242 2259 2312 demittere,

601 2333 772 2394 tanta
812 2336 918 2393 tibi
960 2342 1141 2410 atque
1184 2337 1365 2393 etiam
1401 2339 1657 2410 majora,
1698 2339 1974 2412 quandiu
2022 2340 2262 2407 vixeris,

603 2441 641 2482 a
672 2425 837 2481 bono
867 2430 1076 2481 nostro
1101 2426 1360 2481 Domino
1385 2426 1758 2484 incrementa
1778 2427 1959 2483 tribui
1986 2428 2263 2501 splendo-

605 2514 688 2570 ris
713 2530 1057 2587 precamur.
1109 2517 1194 2570 Me
1226 2520 1433 2570 autem
1463 2520 1519 2571 et
1560 2516 1929 2589 jampridem
1979 2517 2259 2586 scribere,

603 2607 662 2660 et
711 2603 960 2675 honore,
987 2603 1093 2676 qui
1148 2620 1220 2660 ex
1268 2611 1321 2660 te
1367 2606 1711 2678 percipitur,
1747 2606 1966 2678 perfrui
2014 2607 2262 2680 cupien-

601 2696 724 2750 tem
756 2692 1049 2749 retinebat
1082 2693 1475 2766 amplissimte
1528 2696 1835 2766 dignitatis
1879 2712 1942 2753 re
1957 2699 2211 2753 verentia
2245 2715 2258 2754 :

600 2783 828 2856 quippe
857 2800 996 2839 eum
1043 2800 1302 2853 vererer,
1335 2800 1410 2840 ne
1439 2784 1691 2857 quando
1720 2785 1993 2843 libertate
2043 2787 2261 2843 immo~

597 2871 867 2928 deratius
915 2872 999 2928 uti
1044 2871 1298 2929 viderer.
1338 2877 1505 2929 Nunc
1534 2890 1678 2930 vero
1723 2875 1901 2931 simul
1933 2880 1989 2931 et
2011 2881 2262 2948 accepta

596 2961 675 3019 ab
722 2961 1190 3034 incomparabili
1254 2967 1356 3021 tua
1409 2964 1901 3034 magnanimitate
1960 2966 2264 3022 scribendi

592 3049 854 3122 licentia,
890 3050 1074 3106 simul
1120 3057 1177 3107 et
1222 3053 1568 3109 necessaria
1613 3069 1710 3109 res
1737 3054 2055 3110 hominum
2104 3055 2261 3111 aﬂli-

597 3144 834 3195 ctorum
865 3139 1172 3196 conﬁdere
1218 3141 1431 3211 coegit.
1484 3142 1541 3198 Si
1571 3142 1718 3214 quid
1768 3142 1948 3214 igitur
1988 3143 2261 3199 tenuissi-

594 3245 837 3287 morum
884 3245 1094 3303 preces
1147 3230 1314 3303 apud
1370 3230 1530 3288 viros
1571 3233 2026 3305 potentissimos
2057 3232 2261 3290 value-

2895 2061 3154 2137 Μοδέστῳ
3196 2066 3448 2139 ὑπάρχῳ.

2439 2153 2613 2217 ,Ὅσης
2666 2156 2791 2228 ἡμῖν
2844 2164 3005 2228 τιμῆς
3060 2159 3151 2206 καὶ
3206 2155 3505 2231 παρρησίας
3546 2152 3810 2230 μεταδίδως,
3834 2162 3879 2227 τῇ

2363 2244 2648 2317 ἡμερότητα
2709 2252 2803 2296 τοῦ
2866 2248 3062 2317 τρόπον
3115 2243 3427 2297 καταϐαίνεν
3498 2249 3615 2320 πρὸς
3668 2248 3775 2318 ἡμᾶς
3815 2243 3878 2295 ἀν-

2365 2337 2635 2405 εχόμενος,
2666 2336 2930 2392 τοσαύτην
2956 2353 3040 2387 σοι
3069 2338 3155 2385 καὶ
3202 2335 3281 2385 ἔτι
3311 2334 3468 2387 πλείω
3496 2335 3544 2387 ἐν
3579 2339 3701 2389 παντὶ
3720 2340 3772 2403 τῷ
3790 2331 3871 2403 βίῳ

2364 2424 2510 2495 παρὰ
2556 2431 2647 2475 τοῦ
2707 2423 2908 2494 ἀγαθοῦ
2948 2425 3094 2496 ἡμῶν
3141 2429 3408 2477 Δεσπότου
3438 2429 3531 2484 τὴν
3584 2424 3746 2485 αὔξησιν
3766 2422 3865 2491 γενέ-

2368 2513 2493 2564 σθαι
2540 2520 2631 2572 τῆς
2671 2516 3007 2585 περιφανείας
3064 2511 3353 2586 εὐχόμεθα.
3403 2515 3519 2586 Ἐμὲ
3569 2509 3619 2566 δὲ
3654 2515 3721 2563 καὶ
3749 2507 3870 2562 suam

2367 2598 2720 2673 ἐπιθυμοῦντα
2780 2603 3015 2677 γράφειν,
3071 2607 3162 2653 καὶ
3211 2600 3489 2656 ἀπολαύειν
3538 2610 3620 2663 τῆς
3660 2600 3769 2673 παρὰ
3806 2602 3875 2648 σοῦ

2365 2699 2543 2763 τιμῆς,
2600 2699 2845 2763 κατεῖχεν
2875 2692 2905 2749 ἠ
2955 2694 3079 2765 πρὸς
3119 2695 3178 2744 τὸ
3224 2693 3481 2769 ὑπερέχον
3511 2689 3675 2753 αἰδώς·
3701 2684 3880 2741 εὐλαϐού-

2364 2798 2512 2852 μενον
2580 2784 2781 2852 μήποτε
2851 2780 3085 2851 νομισθῶ
3161 2777 3395 2853 ἀμέτρως
3471 2779 3766 2854 ἐμφορεῖσθαι
3814 2780 3882 2832 τῆς

2366 2868 2729 2943 παρρῥησίας.
2808 2875 2915 2921 Νῦν
2971 2864 3031 2921 δέ
3084 2869 3215 2941 ὁμοῦ
3261 2872 3356 2942 μὲν
3413 2874 3501 2921 καὶ
3550 2871 3604 2920 τό
3643 2864 3785 2920 λαϐεῖν
3817 2866 3883 2919 τήν

2369 2956 2610 3021 ἐξουσίαν
2641 2964 2734 3010 τοῦ
2780 2955 3091 3010 ἐπιστέλλειν
3120 2959 3267 3031 παρὰ
3313 2967 3409 3022 τῆς
3458 2956 3784 3032 ἁπαραϐλὴτον
3819 2970 3884 3003 σου

2366 3046 2740 3120 μεγαλοφυίας,
2774 3049 2904 3120 ὁμοῦ
2937 3043 2996 3099 δὲ
3033 3051 3125 3100 καὶ
3170 3051 3336 3120 χρεία
3364 3057 3462 3100 τῶν
3509 3046 3885 3115 καταπονουμένων

2366 3135 2669 3200 ἐξεϐιάσατό
2701 3155 2763 3208 με
2811 3139 2938 3210 πρὸς
2981 3138 3040 3187 τὸ
3075 3136 3308 3211 θαρσεῖν.
3341 3141 3403 3191 Εἰ
3444 3158 3521 3200 τις
3569 3136 3649 3189 οὖν
3692 3136 3766 3186 καὶ
3786 3129 3888 3204 παρὰ

2364 3234 2463 3278 τῶν
2515 3233 2715 3301 μικρῶν
2764 3224 2845 3278 ἐπὶ
2896 3232 3001 3286 τοῖς
3039 3230 3312 3298 μεγίστοις
3354 3227 3468 3299 (63)
3495 3221 3883 3301 ἱκπηρίαςὶσχὺς,

591 3318 711 3375 rint
738 3336 751 3375 :
786 3322 806 3354 ⁹
832 3319 961 3375 sine
989 3324 1064 3390 te,
1095 3320 1182 3376 vir
1213 3320 1278 3376 in
1307 3321 1516 3393 primis
1546 3321 1928 3392 admirando,
1954 3323 2072 3380 hoc
2115 3339 2253 3380 exo-

2363 3314 2756 3388 παρακλήθητι,
2829 3316 3253 3387 θαυμασιώτατε,
3339 3315 3665 3391 φιλανθρώπῳ
3728 3312 3887 3383 νεύματι

593 3423 744 3477 rem,
804 3414 868 3466 ut
920 3425 1031 3482 pro
1078 3414 1182 3466 tua
1235 3409 1503 3481 benigna
1556 3410 1883 3484 voluntate,
1948 3413 2261 3470 rusticitati

597 3497 967 3555 miserandte
1009 3497 1262 3555 salutem
1311 3499 1607 3570 largiaris,
1651 3517 1720 3557 ac
1752 3501 1971 3574 jubeas
2009 3508 2074 3559 ut
2122 3502 2261 3560 ferri

597 3586 890 3645 tributum
927 3587 997 3643 iis
1039 3587 1143 3660 qui
1190 3591 1450 3645 Taurum
1493 3589 1629 3645 ferri
1668 3590 1929 3647 feracem
1969 3592 2258 3662 incolunt,

596 3676 705 3735 ﬁat
755 3676 1083 3749 tolerabile,
1122 3693 1199 3734 ne
1246 3678 1445 3735 statim
1483 3678 1840 3746 obruantur,
1870 3681 1975 3736 sed
2003 3681 2261 3753 publicis

596 3766 811 3823 usibus
827 3765 932 3822 diu
952 3766 1308 3825 inserviant:
1335 3784 1522 3842 quam
1542 3784 1669 3824 rem
1692 3769 1967 3826 omnium
1996 3770 2261 3827 maxime

597 3871 756 3912 curae
776 3870 907 3912 esse
937 3856 1315 3914 admirandte
1359 3863 1473 3915 tute
1504 3858 1864 3915 humanitati
1897 3876 2260 3932 persuasum

595 3942 816 4001 habeo.

1039 4052 1215 4123 203
1260 4053 1595 4110 EPISTOLA
1634 4054 1807 4110 εχιτ.

2367 3405 2551 3479 ἐλεεινῇ
2606 3405 2854 3481 ἀγροικίᾳ
2893 3409 2987 3464 τήν
3039 3412 3300 3479 σωτηρίαν
3342 3407 3682 3481 χαρίσασθαι,
3710 3403 3889 3456 καὶτοῖς

2366 3499 2452 3548 τόν
2501 3502 2701 3571 Ταῦρον
2737 3494 2946 3546 οἰκοῦσι
2992 3498 3080 3546 τόν
3131 3492 3486 3573 σιδηροφόρον
3516 3496 3724 3569 φορητὴν
3769 3505 3888 3563 προσο

2369 3585 2521 3647 τάξαι
2577 3586 2820 3655 γενέσθαι
2873 3588 2967 3642 την
3010 3591 3103 3636 τοῦ
3150 3581 3377 3657 σιδήρου
3434 3584 3721 3638 συντέλειαν·
3749 3581 3804 3638 ὡς
3837 3577 3885 3647 μὴ

2366 3674 2438 3734 εἰς
2519 3673 2660 3736 ἅπαξ
2706 3673 2893 3734 αὐτοὺς
2965 3671 3286 3748 ἐκτριϐῆναι,
3359 3673 3485 3728 ἀλλὰ
3546 3670 3721 3748 διαρκῇ
3770 3667 3891 3720 αὑτῶν

2368 3762 2497 3816 εἶναι
2554 3767 2648 3821 τὴν
2698 3763 2989 3836 ὑπηρεσίαν
3055 3768 3165 3825 τοῖς
3243 3759 3544 3836 δημοσίοις·
3599 3759 3654 3814 οὗ
3715 3756 3890 3833 μάλιστα

2365 3854 2569 3905 πάντων
2622 3851 2789 3924 μέλειν
2845 3860 2905 3924 τῇ
2967 3850 3268 3924 ἀξιαγάστῳ
3321 3873 3415 3906 σου
3482 3851 3799 3926 φιλανθρωπίᾳ
3833 3860 3888 3893 πε·

2365 3943 2646 4015 πείσμεθα.

2930 4054 3268 4103 ΕΠΙΣΤΟΛΙί
3312 4056 3416 4103 ΡΙΛ

925 4194 1315 4251 Commendat
1346 4196 1628 4266 amicum,
1658 4198 1763 4268 qui
1789 4212 1826 4252 a
1861 4198 2149 4267 praefecto
2177 4196 2503 4253 accersitus
2521 4194 2729 4264 fuerat
2757 4194 2829 4249 ob
2858 4194 3070 4251 ittatas
3097 4196 3152 4253 ei
3180 4194 3646 4251 criminationes.

1125 4319 1390 4375 Modesto
1425 4322 1731 4390 pra’fecto.

664 4406 827 4465 Alias
855 4406 1103 4480 quidem
1137 4408 1620 4478 magnanimitati
1650 4415 1764 4465 tuae
1786 4409 2134 4482 obstrepere
2155 4426 2252 4467 au-

2900 4316 3158 4393 Μοδέστῳ
3180 4322 3429 4395 ὑπάρχῳ.

2436 4408 2636 4470 Ἀλλως
2674 4410 2764 4481 μὲν
2810 4408 2902 4460 οὐκ
2950 4408 3010 4460 ἂν
3065 4399 3334 4485 ἐθάρρησα
3391 4406 3463 4461 δί’
3503 4406 3656 4480 ὄχλου
3708 4397 3889 4474 γενέσθαι

601 4511 705 4552 sus
736 4512 860 4554 non
883 4495 1151 4568 fuissem,
1167 4496 1271 4569 qui
1294 4502 1351 4552 et
1370 4502 1596 4553 memet
1615 4498 1831 4568 metiri,
1849 4503 1907 4553 et
1935 4504 2256 4571 potestates

2476 4500 2800 4571 μεγαλοφνὶα
2851 4517 2967 4567 σου,
3020 4495 3170 4561 εἰδὼς
3219 4503 3310 4551 καὶ
3349 4497 3567 4569 ἐμαυτόν
3616 4497 3890 4567 μετρεῖνικαί

2531 4587 2571 4590 ..-
2978 4588 2986 4590 Α
3143 4587 3152 4590 _
3256 4585 3271 4590 -
3379 4584 3396 4590 -
3481 4582 3530 4590 -Α
3631 4584 3647 4590 ..
3687 4578 3705 4590 ι
3824 4572 3845 4590 Α

596 4585 955 4657 dignoscere
982 4586 1318 4644 sciam.Sed
1351 4586 1451 4643 ubi
1478 4587 1742 4644 amicum
1770 4587 1917 4643 mihi
1947 4588 2254 4645 hominem

595 4674 723 4732 vidi
741 4674 1198 4732 difﬁcultatibus
1220 4675 1618 4748 implicatum,
1644 4691 1715 4730 eo
1744 4675 1908 4747 quod
1931 4676 2255 4732 accersitus

599 4763 692 4829 sit,
709 4763 868 4820 hanc
890 4764 944 4820 ei
973 4764 1292 4836 epistolam
1325 4763 1595 4837 priebere
1617 4779 1802 4819 ausus
1831 4780 1986 4835 sum,
2011 4770 2074 4820 ut
2098 4780 2255 4833 eam,

597 4850 780 4907 veluti
808 4852 1124 4925 quoddam
1156 4852 1550 4925 supplicantis
1578 4851 1815 4922 insigne
1846 4851 2123 4919 offerens,
2149 4853 2253 4909 ali-

670 5027 888 5113 I.A.li.‘?s
914 5030 1251 5113 εὲἓέίὲὶῖἱέί
1279 5031 1500 5113 script?
1521 5046 1683 5087 αοηο
1715 5033 1840 5113 ἓῖτέν

669 5097 716 5120 ⁶⁴¹
755 5099 917 5154 Alias
951 5097 1272 5168 CCLXXVI,
1297 5097 1520 5168 scripta
1537 5117 1699 5158 anno
1726 5106 1850 5159 372.

672 5169 1125 5252 (62),Ἐπάρχου.
1209 5169 1550 5242 legendum
1587 5172 1898 5247 ‘Gim'pzou,
1951 5177 2016 5230 ut
2062 5189 2251 5246 supra

599 5253 974 5298 monmmus.
1708 5296 1720 5306 .

672 5312 786 5387 (θεᾷ)
819 5317 1123 5387 Μεγίστοις.
1158 5311 1596 5387 Coisl._primus
1627 5314 1889 5387 μεγάλοις.

677 5385 785 5456 (64)
821 5384 959 5456 Ἀνθ’
995 5386 1278 5455 ἱκετηρίας.
1321 5385 1470 5456 Reg.
1521 5384 1769 5456 uterque
1823 5393 1880 5442 et
1935 5387 2111 5444 Coisl.
2164 5404 2253 5442 se-

606 5452 852 5533 cundus
888 5454 1027 5533 Eae:
1053 5452 1413 5533 ἱκεσίαςηλὶιεὶ
1456 5452 1807 5533 autem'vmt
1856 5460 2109 5533 ἱκετηρία,
2137 5475 2256 5530 qua

608 5535 766 5590 saepe
781 5526 926 5583 alias
949 5526 1130 5583 utitur
1156 5522 1425 5590 Basilius,
1450 5538 1572 5579 non
1592 5525 1754 5580 idem
1777 5526 1893 5582 hoc
1915 5522 2049 5584 loc'o
2083 5522 2257 5585 sonat

609 5601 686 5641 ac
706 5596 1089 5669 supplicatio,
1113 5600 1178 5654 ut
1198 5595 1976 5666 interpretesexistimarunt
1996 5618 2009 5669 ;
2029 5599 2136 5657 sed
2156 5616 2261 5673 po-

2365 4589 2458 4648 τὰς
2520 4587 2759 4649 ἐξουσίας
2806 4588 3095 4661 γνωρίζειν·
3131 4585 3310 4647 ἐπειδὴ
3366 4584 3426 4640 δὲ
3456 4582 3587 4639 εἶδον
3614 4578 3765 4654 ἄνδρα
3789 4572 3889 4648 φίλον

2365 4674 2650 4747 ἐναγωνίως
2714 4673 3040 4749 διακείμενον
3117 4676 3200 4729 ἐπὶ
3274 4685 3345 4747 τῷ
3405 4674 3785 4750 μετακληθῆναι,
3820 4680 3888 4763 “7":

2363 4765 2549 4837 ετόλμη
2562 4785 2630 4816 σα
2659 4764 2798 4836 αὐτῷ
2831 4760 3016 4817 δοῦναι
3041 4770 3135 4824 τὴν
3173 4765 3449 4824 ἐπιστολὴν
3478 4767 3684 4830 ταύτην²
3713 4759 3781 4809 ἶνα
3812 4748 3877 4845 tot!

2369 4856 2630 4927 ἱκετηρίας
2680 4854 2788 4925 (64)
2821 4854 2984 4914 αὐτὴν
3041 4854 3450 4929 προϐαλλόμενος
3477 4857 3613 4926 τύχῃ
3657 4849 3774 4906 τινὸς
3814 4850 3888 4912 ἴα·

2361 5029 2550 5106 tiusid
2568 5031 3035 5106 designat,qu_od
3057 5033 3465 5106 supplicantes
3479 5024 3891 5106 praetenderet?

2361 5085 2646 5177 lebant,:u
2655 5085 3787 5177 ιεᾘῶςόᾜί-εἶιῇᾖῖἱῖτὲἓῖὦίιξῖηᾟθοιετεηι.

2361 5179 2561 5252 seryat
2581 5169 3075 5252 Chrysostomus;
3087 5169 3237 5252 erat.
3258 5179 3290 5230 2
3310 5169 3889 5252 αιίιᾶθιοειιερηοιηᾳῖρξξ

2359 5243 2630 5319 plebem,
2643 5240 2853 5319 siquid
2875 5240 3716 5319 petat'abiimperatore,oliva:
3738 5240 3891 5319 r3199?

2362 5311 2742 5388 praetendere
2755 5311 2968 5373 solere.
2997 5318 3109 5374 Sed
3130 5311 3292 5374 hunc
3321 5316 3512 5373 Basilii
3531 5314 3721 5388 locum
3740 5311 3892 5388 impr}—

2365 5374 2479 5441 inis
2506 5386 2758 5467 illustrat
2791 5389 3106 5459 Gregorius
3129 5390 3548 5467 Nazianzenus,
3574 5382 3669 5465 qui
3689 5374 3892 5467 ᾂῗῗξπξξ

2364 5473 2491 5513 rem
2523 5458 2854 5529 quemdam
2877 5446 3266 5517 commendat
3296 5446 3567 5530 Olympib
3587 5446 3891 5530 {Depisifé

2370 5520 2632 5601 eumque
2653 5530 2841 5603 aitad
2865 5530 3210 5603 Olympium
3242 5520 3577 5603 confugere,
3601 5529 3653 5581 et
3671 5520 3893 5603 canitiei:1

2370 5584 2445 5657 ac
2461 5584 2866 5658 sacerdotium
2878 5584 3379 5675 ﬂagellauit
3394 5584 3609 5672 ιδὲῃίαᾷη
3630 5584 3892 5668 quamdam
