4078 6376
563 270 666 326 523

1936 260 1997 319 s.
2035 255 2293 315 BASILlI
2329 257 2554 320 MAGNI
3774 285 3855 343 ω

637 397 692 449 2.
733 391 805 447 At
830 389 1001 447 vides
1027 387 1339 462 quomodo
1360 387 1707 445 circuitione
1727 388 1878 457 utar,
1899 383 2048 440 dum
2080 397 2224 456 ape-

2408 389 2462 442 2.
2505 383 2641 440 Ἀλλ’
2692 388 2818 462 ὁρᾷς
2897 390 3035 454 ὅπως
3101 390 3272 464 κύκλῳ
3347 398 3564 471 περίειμι
3613 398 3748 456 ὀκνῶν
3793 410 3861 460 καὶ

565 483 683 540 rire
710 495 920 537 vereor
957 495 1029 535 ac
1068 478 1319 549 refugio,
1369 494 1494 550 qua
1549 477 1625 533 de
1682 491 1870 533 causa
1895 473 2230 531 orationem

567 571 904 630 instituam.
959 569 1334 626 Domitianus
1364 567 1461 624 ille
1511 565 1886 623 necessarius
1916 567 2113 620 noster
2141 565 2234 618 est

571 661 651 719 ab
673 661 922 734 antiquo
953 675 1025 716 ex
1046 657 1420 732 parentibus,
1454 657 1539 714 sic
1581 660 1648 713 ut
1671 654 1818 712 nihil
1851 652 2098 710 omnino
2122 650 2230 708 dif-

571 749 996 808 feratafratre.
1032 747 1440 814 Quamobrem
1489 746 1649 802 enim
1679 743 1846 817 quod
1888 759 2096 798 verum
2143 744 2235 798 est

571 858 695 899 non
725 839 966 897 dicam?
991 838 1214 894 Deinde
1235 852 1486 894 causam
1509 833 1873 900 edoctus,ob
1899 849 2085 906 quam
2103 832 2236 888 haec

572 929 1100 1005 pertulit,dignum
1125 942 1253 984 esse
1278 927 1400 984 dixi
1430 925 1536 998 qui
1561 925 1649 981 sic
1677 928 2000 998 pateretur.
2033 925 2236 996 Neque

573 1019 733 1077 enim
771 1019 1098 1092 quisquam
1129 1018 1221 1083 sit,
1275 1016 1380 1088 qui
1403 1016 1452 1071 si
1499 1031 1716 1088 parum
1745 1018 1849 1071 aut
1885 1013 2144 1069 multum
2174 1013 2236 1068 in

573 1113 739 1168 tuam
791 1107 1070 1164 virtutem
1117 1105 1478 1179 peccaverit,
1535 1119 1781 1178 poenam
1811 1101 2077 1171 effugiat.
2121 1103 2239 1158 Sed

572 1196 863 1272 quoniam
891 1195 1171 1251 videmus
1202 1195 1365 1250 hunc
1390 1195 1453 1250 in
1483 1198 1648 1250 metu
1686 1196 1744 1250 et
1774 1191 2111 1261 ignominia
2138 1191 2238 1248 de-

573 1291 832 1358 gentem,
867 1285 1246 1356 salutemque
1274 1283 1463 1357 ipsius
1492 1283 1553 1340 in
1580 1287 1685 1339 tua
1714 1281 2009 1337 sententia
2037 1281 2235 1348 sitam,

574 1377 719 1434 satis
743 1376 913 1433 illum
952 1390 1151 1448 poenae
1207 1373 1444 1431 dedisse
1460 1371 1892 1444 judicavimus,
1917 1375 1992 1442 et,
2019 1376 2088 1428 ut
2108 1387 2233 1429 ma-

573 1467 934 1537 gnanimum
957 1463 1255 1537 quiddam
1275 1462 1454 1518 simul
1483 1466 1541 1518 et
1571 1462 1911 1518 humanum
1931 1460 2006 1516 de
2041 1476 2112 1517 eo
2143 1476 2238 1517 co-

573 1557 744 1627 gites,
776 1555 1193 1612 obsecramus.
1255 1557 1404 1610 Nam
1443 1552 1696 1609 rebelles
1730 1552 1844 1608 sub
1875 1555 2237 1625 potestatem

571 1647 866 1715 redigere,
923 1649 980 1700 et
1004 1643 1170 1700 fortis
1202 1647 1288 1699 est
1316 1643 1449 1712 viri,
1484 1647 1540 1698 et
1577 1659 1714 1699 vere
1744 1643 2098 1715 imperantis
2133 1659 2144 1697 :
2177 1646 2238 1698 at

2340 472 2686 549 ἀναδυόμενος
2741 483 2836 538 τὴν
2885 479 3057 533 αἰτίαν
3110 479 3360 554 ἐκφαίνειν
3409 486 3528 561 ὑπερ
3573 489 3633 542 ὧν
3659 502 3861 566 ποιοῦμαι

2339 568 2461 628 τοὺς
2516 565 2720 638 λόγους.
2777 573 3083 642 Δομετιανὸς
3137 571 3286 634 οὗτος
3315 571 3596 639 ἐπιτήδειος
3621 581 3729 651 ἡμῖν
3756 565 3862 638 ἐστιν

2339 653 2396 708 ἐκ
2444 664 2542 708 τῶν
2597 662 2784 729 γονέων
2842 661 3034 714 ἄνωθεν
3065 677 3078 690 ⁸
3129 664 3261 717 ὥστε
3309 660 3513 737 ἐδελφοῦ
3566 666 3684 740 μηδ’
3730 673 3863 728 ὁτιοῦν

2341 740 2631 820 διαφέρειν·
2678 752 2742 801 Τί
2805 750 2904 822 γὰρ
2963 751 3024 802 ἄν
3071 769 3152 812 τις
3198 755 3268 823 μὴ
3325 751 3516 815 τάληθῆ
3573 754 3725 829 Myer;
3771 761 3864 816 Εἶτα

2339 838 2434 893 τὴν
2493 836 2665 888 αἰτίαν
2717 839 2965 909 μαθόντες
3015 837 3103 912 ἀφ’
3158 840 3222 902 ἧς
3277 849 3439 896 ταῦτα
3486 849 3864 916 πέπονθιν,οἶξιον

2343 921 2579 978 εἶναιτοῦ
2635 928 2817 980 παθεῖν
2875 927 3040 991 οὕτως
3096 928 3300 1002 ἐφαμεν.
3349 929 3497 990 Μηδὲ
3543 937 3635 1010 γὰρ
3661 939 3774 993 ἔστω
3795 962 3865 1012 μη.

2345 1011 2476 1080 δεὶς,
2535 1014 2609 1079 ὃς,
2660 1019 2846 1092 μικρὸν
2905 1018 2934 1077 ἦ
2995 1017 3173 1091 μεῖζον
3213 1019 3285 1082 εἰς
3329 1025 3421 1080 τὴν
3464 1027 3556 1082 σήν
3600 1011 3867 1102 ἀρετήνίιμι-

2343 1103 2510 1167 λὴσας
2565 1106 2695 1177 (74),
2755 1111 2848 1166 τὴν
2920 1112 3172 1181 τιμωρίαν
3229 1108 3460 1182 ἐκφύγοι·
3521 1112 3648 1166 ’Δλλ’
3702 1118 3868 1191 όρῶντις

2343 1202 2530 1246 τοῦτον
2587 1191 2839 1269 περιδεῶς
2896 1201 2985 1250 καὶ
3045 1194 3248 1262 ἀδόξως
3290 1203 3472 1268 ζῶντα,
3525 1207 3605 1258 καὶ
3651 1202 3866 1279 ὶπὶτῇσῆ

2343 1283 2502 1356 ’ψήφῳ
2546 1290 2781 1358 κειμένην
2826 1286 2986 1340 αὐτοῦ
3024 1291 3117 1347 τὴν
3169 1295 3448 1362 σωτηρίαν,
3481 1293 3720 1366 ἀρκοῦσαν
3754 1297 3869 1350 αὐτὸν

2345 1376 2488 1447 ἒχειν
2545 1379 2641 1434 τὴν
2701 1372 2858 1436 δίκην
2914 1376 3227 1452 ἐκρίναμεν·
3279 1381 3636 1455 μεγαλόψυχον
3685 1405 3733 1438 τε
3775 1388 3870 1459 ὁμοῦ

2344 1468 2436 1516 καὶ
2469 1465 2827 1540 φιλάνθρωπον
2880 1463 3227 1527 διανοηθῆναι
3267 1488 3326 1522 σε
3377 1476 3493 1547 περὶ
3521 1472 3667 1525 αὐτοῦ
3695 1476 3870 1528 ἱκετεύο-

2345 1573 2456 1626 μεν.
2515 1557 2585 1607 Τὸ
2639 1557 2729 1626 μὲν
2774 1557 2876 1629 γὰρ
2934 1559 3056 1620 τοὺς
3101 1555 3472 1624 ἀντιτείνοντας
3499 1562 3592 1614 ὐπό
3618 1570 3756 1638 χεῖρα
3777 1565 3872 1637 λαμο

2346 1642 2515 1696 ϐάνειν
2570 1640 2812 1719 ἀνδρείου
2865 1665 2920 1698 τε
2975 1651 3064 1698 καὶ
3120 1648 3377 1722 ἄρχοντος
3415 1652 3482 1712 ὡς
3527 1649 3806 1714 ἀληθῶς-τὸ
3830 1650 3871 1706 δι

569 1735 907 1805 benignum
950 1750 1080 1789 esse
1133 1749 1205 1789 ac
1243 1738 1632 1789 mansuetum
1662 1732 1724 1788 in
1749 1736 2102 1805 prostratos,
2130 1731 2225 1788 ho-

2344 1740 2456 1794 τοῖς
2509 1734 2916 1787 ὑποπεπτωκόσι
2963 1740 3204 1812 χρηστὸν
3258 1735 3387 1791 εἶναι
3441 1745 3527 1793 καὶ
3566 1747 3728 1816 πρᾶον,
3753 1763 3870 1814 μεγα-

569 1825 749 1881 minis
794 1827 880 1880 est
917 1822 1419 1892 magnanimitate
1459 1827 1516 1878 et
1545 1821 1861 1878 clementia
1891 1837 2103 1878 omnes
2144 1839 2238 1877 su-

568 1913 855 1988 perantis.
893 1917 1098 1986 Itaque
1122 1912 1250 1982 tibi,
1309 1913 1359 1969 si
1389 1911 1570 1974 voles,
1605 1911 1666 1967 in
1692 1927 1816 1968 uno
1841 1915 1898 1967 et
1923 1911 2138 1967 eodem
2166 1910 2237 1966 li-

566 2003 724 2059 cebit
757 2006 926 2058 tuam
957 2005 1015 2057 et
1047 2001 1108 2056 in
1134 2000 1480 2057 ulciscendo
1511 2003 1570 2055 et
1617 2001 1677 2056 in
1709 1999 2009 2056 servando
2037 2000 2115 2055 ad
2146 2015 2238 2056 ar-

565 2091 810 2149 bitrium
857 2091 1425 2161 magnanimitatem
1481 2089 1816 2146 ostendere.
1874 2089 1974 2145 Hic
2013 2089 2234 2146 modus

565 2182 848 2256 supplicii
890 2181 1034 2238 satis
1083 2181 1156 2237 sit
1216 2180 1582 2249 Domitiano,
1627 2184 1824 2236 metus
1855 2195 2067 2236 eorum
2094 2195 2233 2252 quae

563 2275 896 2344 exspectat,
949 2273 1167 2342 etquae
1228 2285 1291 2325 se
1321 2269 1451 2341 pati
1480 2269 1735 2338 dignum
1770 2283 1898 2324 esse
1919 2269 2110 2326 novit.
2136 2268 2232 2324 His

561 2361 691 2417 nihi
719 2361 803 2416 illi
840 2359 922 2416 ad
972 2375 1221 2431 poenam
1281 2359 1536 2430 adjicias
1603 2358 2046 2431 supplicamus.
2083 2358 2234 2414 Illud

562 2450 726 2506 enim
749 2449 1070 2506 considera
1108 2448 1394 2504 dominos
1429 2463 1638 2504 eorum
1663 2448 1768 2520 qui
1785 2448 2065 2504 laeserant
2103 2463 2233 2504 exs-

560 2539 751 2596 titisse
780 2539 1005 2595 multos
1031 2554 1105 2594 ex
1127 2537 1199 2594 iis
1220 2537 1325 2611 qui
1350 2541 1487 2593 ante
1517 2552 1630 2594 nos
1659 2537 1882 2603 vixere,
1904 2537 1979 2594 de
2007 2537 2232 2610 quibus

559 2630 766 2686 nullus
823 2629 903 2686 ad
945 2632 1222 2702 posteros
1275 2628 1674 2684 transmissus
1703 2629 1878 2700 205
1913 2643 2228 2698 sermone;

560 2723 623 2776 at
644 2735 788 2775 vero
845 2719 1000 2775 iram
1059 2717 1390 2788 remisisse,
1440 2717 1546 2790 qui
1599 2716 1984 2789 philosophia
2011 2716 2231 2787 vulgus

557 2807 1054 2873 antecelluerunt,
1105 2821 1369 2879 quorum
1418 2805 1782 2862 immortalis
1828 2805 2128 2862 memoria
2168 2805 2230 2862 in

555 2898 724 2954 omni
754 2913 886 2954 aevo
917 2895 1296 2970 perhibetur.
1355 2895 1628 2953 Addetur
1652 2895 1838 2966 igitur
1857 2899 1913 2950 et
1936 2895 2052 2952 hoc
2082 2911 2233 2968 prae-

555 2988 744 3045 coniis
773 2987 916 3045 tuis.
960 2986 1202 3056 Largire
1233 2985 1432 3056 nobis,
1465 2985 1571 3058 qui
1593 2988 1699 3041 tua
1727 2983 2033 3041 celebrare
2064 2985 2232 3057 cupi-

2343 1822 2632 1896 λοφροσύνῃ
2690 1825 2893 1876 πάντων
2941 1829 3031 1878 καὶ
3079 1827 3368 1900 ἡμερότητι
3399 1825 3718 1902 διαφέροντος.
3749 1831 3869 1884 Ὠο-τε

2342 1911 2562 1985 ὑπάρξει
2625 1931 2710 1964 σοι
2771 1910 3078 1985 βουληθέντι
3131 1913 3179 1966 ἓν
3233 1923 3308 1986 τῷ
3359 1917 3493 1970 αὐτῶ
3535 1922 3618 1978 τὴν
3639 1939 3684 1972 τε
3707 1923 3867 1994 πρὸςτὸ

2343 1999 2645 2072 ἀμύνασθαι
2687 2006 2778 2054 καὶ
2803 2007 2895 2060 τὴν
2925 2002 2996 2065 εἰς
3035 2006 3092 2056 τὸ
3148 2005 3358 2074 σώζειν,
3392 2010 3459 2069 ὡς
3487 2007 3543 2059 ἂν
3588 2007 3744 2070 ίθιλοις
3766 2011 3865 2080 (75),

2342 2086 2709 2154 ἐπιδείξασθαι
2764 2091 3190 2165 μεγαλοψυχίαν.
3258 2101 3423 2149 Τοῦτο
3507 2100 3670 2173 μέτρον
3722 2097 3865 2174 ἀρκοῦν

2342 2185 2633 2252 Δομετιανῷ
2699 2189 2791 2242 τῆς
2851 2180 3135 2252 κολάσεως,
3219 2193 3320 2237 τῶν
3396 2185 3788 2262 προσδοκωμένων
3843 2189 3861 2239 ὁ

2341 2268 2517 2342 φόϐος,
2571 2273 2661 2322 καὶ
2715 2270 2782 2321 ὧν
2830 2270 2974 2334 ἄξιον
3027 2268 3166 2325 οἶδεν
3227 2273 3408 2328 ἑαυτὸν
3439 2278 3610 2330 παθεῖν
3629 2279 3857 2333 ϐντα.Τού-

2337 2377 2445 2419 τοις
2492 2354 2659 2431 μηδεν
2711 2359 2778 2420 εἰς
2814 2365 3066 2434 τιμωρίαν
3136 2365 3447 2436 προσθεῖναι
3529 2365 3648 2437 αὐτῷ
3688 2366 3849 2417 ἱκετεύο-

2338 2467 2448 2520 μεν.
2505 2451 2608 2500 Καὶ
2661 2450 2763 2523 γὰρ
2818 2447 2976 2502 ἐκεῖνο
3055 2454 3262 2521 σκόπει,
3328 2455 3408 2506 ὅτι
3465 2457 3624 2529 κύριοι
3673 2456 3736 2527 μιν
3772 2459 3847 2504 τῶν

2338 2533 2673 2595 ἠδικηκότων
2725 2537 2904 2591 πολλοὶ
2951 2547 3050 2591 τῶν
3090 2545 3340 2616 πρότερον
3393 2541 3501 2603 ἤδη
3551 2541 3854 2617 γεγόνασιν,ὧν

2339 2623 2514 2688 οὐδεὶς
2543 2631 2674 2701 πρὸς
2722 2631 2843 2691 τοὺς
2893 2629 3108 2705 ὕστερον
3159 2627 3454 2707 διεπέμφθη
3503 2635 3668 2706 λόγος*
3711 2629 3859 2704 ἀφῆκαν

2339 2712 2401 2768 δε
2446 2721 2540 2776 τὴν
2597 2716 2756 2793 ὀργὴν
2796 2719 2845 2770 oi
2898 2718 3178 2794 φιλοσοφίᾳ
3230 2726 3356 2785 τοὺς
3407 2723 3610 2785 πολλοὺς
3646 2724 3864 2796 ὑπεραίρειν-

2336 2825 2436 2873 τες,
2497 2807 2566 2858 ὦν
2628 2805 2884 2871 ἀθάνατος
2940 2810 2970 2867 ἠ
3033 2814 3212 2883 μνήμη
3271 2810 3345 2885 τῷ
3401 2817 3572 2888 χρόνῳ
3610 2811 3706 2884 (76)
3750 2811 3866 2863 παντὶ

2335 2893 2722 2970 παραδίδοται.
2789 2901 3136 2974 Προσκείσθω
3185 2897 3248 2955 δὲ
3305 2907 3396 2956 καὶ
3458 2912 3604 2959 τοῦτο
3654 2907 3746 2964 τοῖς
3782 2902 3868 2971 περὶ

2341 2993 2436 3041 σοῦ
2483 2983 2805 3060 διηγήμασι.
2835 2990 2926 3049 Δὸς
2955 2991 3102 3062 ἡμῖν,
3133 2998 3241 3052 τοῖς
3299 2994 3473 3066 ὑμνεῖν
3517 2993 3869 3068 προαιρουμένοις

553 3095 714 3148 mus,
763 3081 828 3134 ut
880 3076 1278 3133 humanitatis
1323 3074 1603 3148 exempla
1629 3074 2050 3146 superioribus
2083 3077 2225 3130 tem-

2341 3078 2408 3130 τὰ
2447 3078 2534 3142 σὰ,
2593 3079 2688 3138 τὰς
2727 3076 2775 3130 ἄν
2823 3085 2928 3139 τοῖς
2971 3079 3075 3130 ἄνω
3127 3085 3348 3156 χρόνοις
3372 3079 3616 3158 άδομένας
3643 3081 3869 3155 φιλανθρωο

551 3167 804 3241 poribus
823 3167 1149 3222 decantata
1167 3164 1478 3221 laudando
1493 3179 1874 3236 superemus.
1894 3163 1984 3220 Sic
1999 3168 2054 3218 et
2077 3165 2232 3219 Crm-

551 3274 657 3312 sus
683 3256 791 3313 ﬁlii
813 3255 1170 3312 interfectori
1193 3254 1344 3311 iram
1368 3253 1678 3310 remisisse
1705 3253 1938 3316 dicitur,
1965 3252 2234 3325 seipsum

556 3345 640 3401 ad
691 3344 1059 3418 supplicium
1109 3343 1428 3400 offerenti:
1462 3347 1520 3399 et
1582 3357 1846 3412 magnus
1901 3341 1998 3400 ille
2043 3343 2232 3413 Cyrus

553 3434 698 3490 huic
731 3432 845 3506 ipsi
866 3434 1071 3488 Croeso
1093 3434 1328 3488 amicus
1358 3435 1500 3504 post
1519 3431 1832 3486 victoriam
1860 3431 2066 3487 fuisse.
2108 3433 2227 3486 Hos

552 3525 708 3580 inter
736 3527 791 3579 te
821 3521 1306 3590 numerabimus,
1346 3524 1405 3576 et
1449 3536 1559 3593 pro
1605 3519 1759 3576 virili
1784 3520 1913 3576 haec
1940 3519 2230 3593 praedica-

551 3611 774 3678 bimus,
816 3610 936 3666 nisi
976 3609 1159 3665 exiles
1187 3609 1437 3682 quidam
1478 3624 1608 3665 esse
1655 3608 1906 3665 omnino
1935 3608 2085 3665 tanti
2113 3607 2225 3664 viri

551 3716 864 3775 praecones
896 3699 1334 3756 existimemur.

623 3796 678 3849 3.
718 3791 1010 3850 Caeterum
1071 3788 1221 3846 illud
1267 3787 1496 3845 caeteris
1550 3802 1796 3845 necesse
1833 3790 1922 3844 est
1975 3786 2218 3860 addere,

551 3897 653 3938 eos
695 3881 800 3954 qui
836 3879 1078 3952 quidvis
1116 3878 1502 3952 deliquerint,
1555 3893 1680 3934 non
1712 3877 1792 3934 ob
1823 3893 1895 3934 ea
1927 3894 2064 3951 qum
2090 3878 2220 3948 jam

551 3971 825 4026 admissa
873 3974 1014 4026 sunt
1059 3969 1260 4042 puniri
1309 3971 1457 4040 (qua
1507 3969 1670 4025 enim
1719 3972 1844 4024 arte
1879 3984 2015 4040 quae
2060 3968 2221 4024 facta

553 4064 714 4129 sunt,
743 4058 966 4114 infecta
1002 4057 1439 4127 reddantur?);
1503 4057 1608 4113 sed
1645 4061 1710 4113 ut
1762 4061 1865 4114 aut
1915 4058 2032 4130 ipsi
2053 4056 2219 4112 dein-

551 4166 693 4223 ceps
708 4149 977 4205 meliores
992 4147 1273 4215 ﬁant,aut
1286 4147 1417 4202 aliis
1433 4147 1702 4218 sapiendi
1717 4147 2214 4219 sintexemplum.

549 4242 779 4298 Horum
801 4243 1003 4295 autem
1017 4241 1293 4294 neutrum
1319 4252 1481 4293 nunc
1495 4236 1703 4293 deesse
1715 4236 2042 4310 quisquam
2055 4237 2218 4295 dixe-

547 4331 623 4388 rit
655 4349 668 4386 :
700 4330 829 4402 ipse
850 4342 1120 4400 namque
1154 4327 1378 4382 horum
1429 4326 1849 4382 recordabitur
1865 4327 2043 4383 etiam
2078 4333 2218 4401 post

2342 3171 2466 3230 πίας
2522 3167 2924 3241 ὑπερϐαλέσθαι.
2986 3169 3138 3222 Οὕτω
3200 3176 3294 3225 καὶ
3345 3179 3564 3248 Κροῖσος
3607 3179 3674 3243 τῷ
3727 3164 3871 3222 παιδο-

2344 3259 2478 3328 φόνῳ
2539 3260 2632 3314 τὴν
2679 3255 2840 3332 ὀργὴν
2881 3256 3082 3330 ἀφεῖναι
3137 3257 3364 3332 λέγεται,
3418 3261 3589 3314 ἑαυτὸν
3640 3255 3873 3334 παραδόντι

2343 3345 2414 3408 εἰς
2466 3351 2749 3420 τιμωρίανο
2801 3350 2892 3399 καὶ
2947 3353 3115 3422 Κῦρος
3162 3350 3189 3401 ό
3245 3355 3411 3424 μέγας
3464 3351 3598 3422 αὐτῷ
3646 3352 3786 3420 τούτῳ
3821 3352 3871 3414 τῷ

2343 3441 2549 3511 Κροίσῳ
2608 3437 2748 3510 φίλος
2793 3439 3034 3510 γενέσθαι
3072 3441 3204 3511 μετά
3259 3445 3355 3500 τὴν
3397 3447 3561 3501 νίκην.
3611 3442 3793 3497 Τούτοις
3835 3453 3874 3487 σε

2341 3529 2841 3602 συναριθμήσομεν·
2901 3531 3008 3595 καὶ,
3061 3530 3160 3588 ὅση
3223 3527 3447 3605 δύναμις
3499 3533 3723 3604 ἡμετέρα,
3749 3533 3875 3580 ταῦτα

2336 3615 2772 3692 ἀναγορεύσομεν,
2806 3619 2944 3691 εἴπερ
2971 3622 3040 3691 μὴ
3076 3624 3259 3694 μικροί
3292 3641 3422 3684 τινες
3452 3619 3574 3675 εἶναι
3602 3620 3874 3675 παντάπασιν

2335 3703 2526 3781 ἀνδρὸς
2564 3710 2815 3760 τοσούτου
2847 3712 3068 3780 κήρυκες
3086 3711 3479 3785 νομισθείὸμεν.

2406 3799 2457 3853 3.
2503 3796 2693 3850 Ἐκεῖνο
2748 3793 2806 3850 δὲ
2862 3795 2946 3851 ἐπὶ
2995 3803 3158 3852 πᾶσιν
3191 3799 3352 3854 εἰπεῖν
3383 3799 3671 3875 ἀναγκαῖον,
3701 3795 3874 3854 ὄτιτοὺς

2331 3887 2502 3940 ὁτιοῦν
2557 3883 2868 3948 ἀδικοῦντας
2933 3887 3038 3960 οὐχ
3081 3889 3208 3962 ὑπερ
3262 3899 3365 3944 τῶν
3425 3887 3531 3950 ἤδη
3585 3888 3872 3962 γεγενημένων

2329 3974 2614 4049 κολάζομεν
2644 3996 2656 4009 ·
2709 3975 2813 4046 (τίς
2873 3978 2976 4050 γὰρ
3016 3977 3077 4029 οἶν
3135 3981 3339 4049 γένοιτο
3393 3983 3605 4053 μηχανή
3652 3981 3716 4050 μὴ
3765 3989 3873 4046 γεγε·

2327 4066 2521 4123 νῆσθαι
2569 4067 2634 4118 τὰ
2671 4069 3014 4140 πεπραγμένα
3043 4066 3092 4140 ;)
3137 4064 3244 4119 ἀλλ’
3287 4071 3429 4134 ὅπως
3458 4069 3517 4122 ἄν
3547 4069 3574 4129 ἢ
3608 4067 3740 4119 αὐτοὶ
3775 4063 3872 4136 πρὸς

2327 4156 2385 4208 τὸ
2409 4153 2586 4208 λοιπόν
2637 4153 2878 4228 ἀμείνους
2918 4159 3165 4228 γένοιντο,
3219 4157 3248 4217 ἦ
3309 4158 3496 4234 ἑτέροις
3535 4155 3782 4230 ὑπάρξειαν
3805 4153 3871 4202 τοῦ

2330 4251 2606 4318 σωφρονεῖν
2659 4241 3003 4317 παράδειγμα
3057 4246 3193 4318 (77).
3253 4251 3461 4303 Τούτων
3506 4251 3665 4302 τοίνυν
3711 4243 3870 4298 οὐθέτε-

2324 4352 2412 4408 ρον
2461 4330 2623 4387 ἐνδεῖν
2676 4335 2737 4385 ἄν
2783 4353 2863 4396 τις
2909 4332 2956 4385 ἐν
3009 4341 3082 4406 τῷ
3121 4339 3344 4412 παρόντι
3391 4343 3612 4411 φήσειεν,
3667 4332 3796 4391 αὐτὸς
3833 4342 3870 4378 τί

548 4425 842 4486 mortem;
883 4417 1148 4492 reliquos
1199 4432 1367 4485 vero,
1415 4415 1564 4472 dum
1611 4417 1673 4472 in
1693 4417 1857 4472 hunc
1883 4417 2212 4491 intuentur,

2328 4424 2424 4499 γὰρ
2465 4428 2554 4475 καὶ
2584 4425 2715 4496 μετὰ
2744 4425 2832 4475 τόν
2866 4424 3082 4477 θάνατον
3149 4427 3345 4479 τούτων
3398 4431 3738 4501 μεμνήσεταιο
3784 4417 3871 4473 τούς

546 4517 711 4571 metu
738 4514 1009 4568 mortuos
1041 4523 1172 4565 esse
1194 4512 1357 4581 puto.
1380 4509 1574 4574 Quare
1590 4508 1891 4582 quidquid
1915 4510 2213 4583 supplicio

547 4602 972 4674 adjecerimus,
1006 4603 1280 4657 nostram
1309 4597 1584 4670 ipsorum
1607 4598 1760 4654 iram
1783 4598 2020 4670 explere
2047 4601 2213 4658 vide-

545 4693 786 4750 bimur:
819 4690 986 4766 quod
1012 4689 1270 4745 multum
1313 4688 1547 4752 abesse,
1602 4692 1667 4744 ut
1693 4688 1768 4744 de
1798 4693 1854 4744 te
1879 4705 2088 4746 verum
2115 4690 2210 4761 sit,

547 4797 660 4851 ego
680 4797 827 4838 sane
849 4779 1124 4848 dixerim,
1140 4793 1337 4850 neque
1356 4777 1576 4834 adduci
1594 4777 1951 4850 potuissem,
1969 4780 2211 4851 utejus-

545 4870 713 4926 modi
733 4869 988 4926 verbum
1034 4868 1225 4924 ullum
1252 4869 1603 4940 proferrem,
1639 4866 1755 4923 nisi
1783 4867 2001 4939 majori
2030 4868 2210 4926 bene-

543 4959 683 5014 ﬁcio
709 4957 867 5013 aﬂ‘lci
895 4957 1142 5013 dantem
1171 4973 1360 5030 quam
1391 4957 1754 5029 accipientes
1780 4957 2205 5030 perspicerem.

547 5050 750 5118 Neque
771 5045 932 5100 enim
953 5045 1162 5116 paucis
1191 5047 1516 5118 perspicua
1573 5046 1682 5102 erit
1726 5046 1841 5102 ista
1863 5047 2050 5103 animi
2081 5063 2208 5106 ma-

545 5133 818 5207 gnitudo.
841 5135 992 5190 Nam
1015 5134 1402 5208 Cappadoces
1433 5151 1647 5194 omnes
1669 5135 1819 5210 quid
1834 5135 2107 5196 futurum
2133 5137 2208 5198 sit

616 5344 728 5414 (74)
765 5340 1072 5414 Ἀμελήσας.
1125 5341 1220 5414 Ita
1254 5339 1758 5414 Cpisl.__uterque,
1805 5343 1981 5412 Med.,
2042 5345 2194 5413 Vat.,

543 5411 685 5538 ἕως.
713 5411 1023 5540 'segutndus
1078 5415 1136 5469 et
1173 5411 1332 5468 Harl.
1366 5411 1518 5466 Editi
1549 5411 1880 5486 ἁμαρτήσας,
1909 5411 2079 5488 quod
2101 5411 2196 5472 eo;

589 5500 686 5538 em
715 5501 778 5539 re
826 5502 839 5538 1
873 5527 886 5540 .

547 5527 1008 5683 ἓέἓὲᾔὲὥοιθ
1041 5555 1132 5614 sic
1171 5558 1288 5615 tres
1334 5552 1724 5614 vetustiSSimi
1749 5554 2012 5618 codices.
2043 5558 2198 5618 Editi

2322 4532 2377 4566 τε
2401 4513 2615 4576 λοιποὺς
2670 4514 2908 4567 τεθνάναι
2961 4522 3034 4587 τῷ
3093 4511 3200 4568 δέει
3235 4519 3370 4592 πρὸς
3411 4524 3587 4572 roum
3623 4513 3870 4588 ἀφορῶντας

2323 4603 2528 4675 οἴομαι.
2579 4601 2734 4654 ”Ωσθ’
2792 4603 2914 4675 ὅπερ
2962 4603 3022 4654 ἄν
3077 4606 3390 4679 προσθῶμεν
3426 4613 3487 4678 τῇ
3538 4605 3762 4682 τιμωρίᾳ,
3800 4597 3868 4650 τήν

2321 4691 2482 4765 ὀργὴν
2526 4693 2672 4765 ἡμῶν
2733 4690 2901 4744 αὐτῶν
2961 4691 3360 4767 ἀποπιμπλάναι
3402 4691 3641 4769 δόξομενο
3673 4684 3868 4743 ὅτῑόλλοὗ

2320 4777 2428 4834 δεῖν
2487 4780 2570 4834 ἐπὶ
2604 4788 2698 4834 σοῦ
2749 4780 2934 4842 ἀληθὲς
2983 4779 3112 4834 εἶναι
3144 4788 3299 4856 φαίην
3339 4785 3400 4836 ἄν
3441 4787 3617 4858 ἔγωγε,
3648 4783 3727 4832 καὶ
3753 4769 3868 4830 οὐδὲν

2317 4871 2378 4924 ἄν
2409 4873 2601 4924 τούτων
2653 4879 2750 4923 τῶν
2803 4870 2965 4943 λόγων
3017 4875 3302 4946 προήχθην
3330 4873 3510 4942 εἰπεῖν,
3534 4872 3575 4927 εἰ
3599 4876 3664 4946 μὴ
3697 4865 3869 4941 μείζονα

2316 4969 2388 5031 τῷ
2421 4955 2627 5013 διδόντι
2680 4965 2774 5019 τὴν
2822 4962 2984 5034 χάριν
3029 4960 3251 5036 ἐνεώρων
3310 4963 3339 5022 ἢ
3397 4971 3501 5025 τοῖς
3542 4958 3865 5034 λαμϐάνουσινο

2316 5046 2458 5103 Οὐδὲ
2507 5052 2608 5124 γὰρ
2651 5049 2844 5122 ὀλίγοις
2891 5052 3039 5103 ἔσται
3097 5057 3398 5126 καταφανὴς
3461 5055 3490 5112 ἡ
3546 5043 3868 5126 μεγαλοψυχία

2313 5146 2406 5194 τοῦ
2437 5143 2660 5216 τρόπον.
2706 5135 3062 5196 Καππαδόκαι
3114 5143 3216 5218 γὰρ
3271 5142 3493 5209 ἅπαντες
3549 5138 3866 5194 ἀποσκοποῦσι

2378 5346 2492 5418 (76)
2526 5353 2612 5421 Τῷ
2634 5351 2830 5421 χρόνῳο
2893 5349 3213 5421 Vaticanus
3268 5348 3478 5418 codex,
3521 5348 3656 5416 Reg.
3684 5345 3862 5395 secun-

2378 5367 2492 5418 UO)
2526 5367 2609 5418 ἰ·ῳ
2681 5367 2830 5421 ρονῳ.
2901 5367 3213 5406 vaucanus

2306 5417 2420 5494 dus
2442 5421 2498 5474 et
2519 5367 3016 5494 Coisisecundus
3042 5429 3112 5494 τῷ
3140 5419 3261 5494 βίῳ.

2378 5492 2488 5560 (77)
2531 5487 2900 5567 Ποεράδειγμα.
2934 5486 3349 5567 Regfuter‘que
3382 5496 3440 5552 et
3488 5486 3656 5548 Coisl.
3681 5488 3860 5540 secun-

2306 5545 2421 5618 dus
2441 5545 2870 5638 τέαραδείγμάτα.
