4078 6392
230 302 336 360 525

1251 291 1747 353 EPISTOLARUM
1784 287 2072 350 CLASSIS
2102 289 2171 348 II.
2211 292 2428 352 EPIST.
2470 293 2652 352 CXIII.

3516 298 3621 355 526

238 431 297 482 τὸ
351 423 552 501 μέλλον,
580 418 657 485 οἷς
704 422 966 497 εὐξαίμην
1014 422 1075 476 οἶν
1113 422 1246 496 μετά
1280 428 1380 474 τῶν
1418 420 1608 474 λοιπῶν
1649 418 1855 492 ἀγαθῶν

1972 417 2307 485 observant,
2338 419 2444 492 qui
2473 419 2725 493 quidem
2765 419 3099 494 optaverim
3125 424 3193 478 ut
3218 421 3370 479 inter
3389 422 3625 497 reliqua

239 526 343 572 τῶν
365 519 671 593 προσόντων
705 534 796 569 σοι
842 518 937 568 καὶ
975 515 1166 571 ταύτην
1196 510 1310 576 (78)
1351 510 1851 585 ἀπαριθμήσασθαι.

245 608 412 660 Ὀκνῶ
472 602 533 659 δε
588 610 685 657 τοῦ
747 605 968 680 γράφειν
1032 602 1385 672 παύσασθαι,
1433 602 1714 674 ἡγούμενός
1764 618 1854 673 μοι

243 698 444 771 ζημίαν
500 698 663 749 οἴσειν
706 696 765 748 τὸ
818 694 1057 767 παρεθέν.
1115 695 1381 745 Τοσοῦτον
1428 710 1488 764 γε
1533 695 1637 764 μὴν
1686 709 1852 766 προσ-

242 790 396 848 θήσω
424 828 440 853 ,
503 787 585 839 ὅτι
614 826 629 851 ,
682 782 884 837 πολλῶν
937 780 1215 845 έπιστολάς
1282 783 1419 853 ἔχων
1485 778 1855 853 ἐξαιτουμένων

239 878 429 945 αὑτὸν,
488 883 674 929 πασῶν
726 875 965 945 ἡγήσατο
1015 874 1392 947 προτιμοτέραν
1432 866 1563 924 εἶναι
1596 874 1690 929 τὴν
1729 868 1853 943 παρ’

234 972 391 1043 ἡμῶν
423 1008 447 1040 ,
500 965 598 1019 οὐκ
651 960 775 1017 οἶδά
819 983 922 1015 που
970 962 1084 1032 (79)
1137 962 1314 1034 μαθὼν
1367 961 1498 1013 εἷναί
1539 979 1657 1012 τινα
1707 961 1853 1031 ἡμῶν

234 1057 392 1130 λόγον
442 1056 593 1130 παρά
641 1060 704 1126 τῇ
762 1060 828 1125 σῇ
872 1050 1173 1118 τελειοτητι.
1212 1049 1391 1111 Ὅπως
1424 1051 1511 1102 οὖν
1541 1054 1673 1122 μήτε
1697 1049 1854 1110 αὐτὸς

234 1147 453 1220 ψευσθῇ
507 1153 612 1197 τῶν
674 1138 1031 1208 ἐλπίδωννᾶς
1076 1141 1152 1212 ἐφ’
1211 1141 1336 1209 ἡμῖν
1383 1142 1530 1211 ἔσχε,
1586 1144 1676 1192 καὶ
1727 1140 1854 1210 ἡμῖν

243 1236 452 1310 ὑπάρξῃ
507 1237 642 1309 πρὸς
683 1234 808 1293 τοὺς
854 1229 1076 1283 ἐνταῦθα
1131 1229 1576 1303 σεμνολογείσθαι·
1617 1231 1853 1299 παρακέ-

245 1326 408 1384 χλησο
441 1367 459 1395 ,
511 1320 752 1377 δέσποτα
797 1319 1187 1396 ἀνυπέρϐλητε,
1249 1318 1518 1372 έπινεὺσαι
1572 1320 1702 1393 πρὸς
1758 1321 1853 1377 τήν

249 1420 477 1474 «Inoa.
516 1415 732 1473 Πάντως
785 1407 846 1465 δὴ
898 1406 1109 1471 οὐδενός
1144 1415 1325 1483 χεῖρον
1371 1416 1472 1461 τῶν
1531 1412 1737 1461 πώποτε
1774 1427 1855 1480 φι-

250 1505 649 1578 λοσοφησάντων
701 1499 986 1572 ἐπίσκεψαι
1030 1501 1097 1552 τὰ
1139 1500 1475 1571 ἀνθρώπιναο
1527 1502 1616 1550 καὶ
1663 1494 1852 1563 οἶδας,

248 1598 318 1659 ὡς
366 1593 526 1655 καλὸς
588 1593 857 1666 θησαυρὸς
920 1595 1056 1644 πᾶσι
1100 1596 1210 1652 τοῖς
1272 1584 1529 1662 δεομένοις
1577 1588 1853 1662 ὑπουργεῖν

243 1688 533 1760 προαποκεί
535 1701 689 1758 μενος
711 1682 823 1751 (80)
834 1718 847 1732 .

788 1873 1125 1923 ΕΠΙΣΤΟΛΗ
1182 1866 1317 1923 PII".

1964 511 2069 565 tua
2094 513 2453 566 ornamenta
2473 510 2634 567 hanc
2658 525 2906 583 quoque
2926 510 3493 580 magnanimitatem
3513 529 3622 569 nu-

1964 602 2215 655 merent.
2242 599 2447 658 Finem
2495 600 2763 673 epistolae
2814 600 3126 673 imponere
3176 616 3402 670 vereor,
3433 607 3620 672 ratus,

1963 688 2132 761 quod
2176 689 2472 747 omissum
2517 690 2714 762 fuerit,
2749 689 2892 746 mihi
2928 690 3156 748 damno
3185 690 3333 748 fore.
3364 695 3623 749 Tantum

1963 777 2080 834 hoc
2106 777 2462 850 adjungam,
2491 796 2632 836 eum
2685 780 2794 837 etsi
2826 795 2862 836 a
2890 779 3096 836 multis
3127 780 3412 853 epistolas
3440 783 3626 841 habet

1962 866 2153 940 ipsius
2206 868 2683 927 incolumitatem
2714 885 2785 926 ac
2829 869 3083 926 salutem
3134 872 3618 945 exposcentibus,

1963 962 2237 1015 nostram
2266 959 2551 1016 omnibus
2608 960 2907 1033 potiorem
2954 958 3221 1033 duxisse,
3249 977 3387 1018 cum
3416 963 3622 1019 nescio

1962 1047 2125 1103 unde
2155 1048 2430 1106 didicerit
2455 1065 2570 1106 nos
2599 1049 2767 1123 apud
2796 1054 2964 1107 tuam
2988 1051 3402 1123 praestantiam
3429 1051 3489 1108 in
3519 1052 3626 1108 ali-

1963 1153 2088 1210 quo
2113 1154 2246 1195 esse
2266 1154 2541 1196 numero.
2574 1142 2644 1197 Ut
2661 1139 2843 1213 igitur
2871 1154 3069 1213 neque
3099 1156 3240 1197 eum
3263 1157 3402 1213 spes
3429 1140 3619 1212 fallat,

1962 1243 2149 1300 quam
2174 1229 2236 1285 in
2292 1230 2468 1287 nobis
2498 1230 2762 1301 habet,et
2789 1232 2967 1288 nobis
2991 1230 3168 1287 liceat
3187 1231 3354 1304 apud
3383 1237 3623 1289 nostros

1963 1316 2244 1388 gloriari;
2273 1323 2347 1385 te,
2381 1319 2631 1377 domine
2679 1337 2978 1395 perquam
3008 1321 3243 1387 eximie,
3268 1322 3503 1377 exorari
3544 1322 3622 1378 si-

1962 1421 2096 1474 nas,
2129 1412 2196 1464 ut
2222 1414 2441 1467 nostrae
2496 1426 2736 1467 annuas
2787 1410 3079 1484 petitioni.
3119 1408 3387 1467 Profecto
3417 1416 3621 1468 autem

1961 1496 2130 1554 nullo
2177 1497 2443 1556 deterius
2497 1516 2708 1558 eorum
2760 1501 2865 1574 qui
2912 1515 3186 1573 unquam
3216 1499 3625 1573 philosophati

1963 1591 2124 1655 sunt,
2156 1589 2550 1647 considerasti
2599 1607 2696 1647 res
2751 1590 3058 1648 humanas
3091 1607 3103 1645 :
3137 1594 3196 1646 et
3249 1589 3410 1649 nosti
3438 1605 3626 1662 quam

1962 1678 2163 1733 bonus
2195 1678 2515 1736 thesaurus
2553 1679 2643 1750 iis,
2675 1681 2779 1754 qui
2809 1679 3097 1736 omnibus
3127 1678 3446 1749 egentibus
3477 1694 3627 1753 ope-

1963 1782 2097 1825 ram
2130 1783 2305 1824 suam
2336 1770 2623 1843 praebent,
2654 1771 2784 1843 jam
2815 1769 2960 1828 olim
2984 1768 3283 1843 repositus
3317 1768 3410 1827 sit.

2510 1869 2845 1927 EPISTOLA
2887 1866 3079 1927 CXIII.

234 1983 634 2039 Demonstrat
677 1976 944 2034 Basilius
986 1975 1051 2031 in
1086 1988 1313 2044 magna
1342 1987 1545 2030 rerum
1600 1969 2102 2044 ecclesisticarum
2141 1973 2602 2041 perturbatione
2641 1974 2980 2030 liberaliter
3016 1973 3318 2042 agendum
3346 1987 3466 2030 esse
3492 1988 3628 2030 cum

309 2049 778 2122 inﬁrmioribus,
798 2063 905 2104 nec
927 2042 1543 2122 amplius‘quidquam
1575 2058 1610 2100 a
1640 2042 1941 2122 fratribus
1967 2045 2432 2122 exposcendum,
2452 2046 2568 2122 nisi
2596 2052 2660 2101 ut
2689 2045 2868 2122 fidem
2893 2045 3202 2101 Nicamam
3225 2045 3546 2122 recipiam,
3574 2048 3630 2099 et

310 2114 619 2195 spiritum
640 2114 918 2177 sanetum
948 2114 1265 2189 fateantur
1292 2114 1634 2173 creaturam
1657 2114 1779 2170 dici
1806 2129 1928 2171 non
1951 2115 2181 2182 debere,
2216 2131 2322 2173 nec
2362 2132 2497 2173 cum
2518 2118 2591 2172 iis
2629 2118 2737 2188 qui
2763 2118 2998 2185 dicunt,
3030 2115 3619 2173 communicandum.

628 2234 752 2291 Τοῖς
787 2224 835 2279 ἓν
864 2232 1056 2302 Ταρσῷ
1085 2222 1478 2299 πρεσϐυτέροις.

310 2340 601 2411 Συντυχὼν
649 2330 1032 2406 τῷδε,πολλήν
1084 2333 1245 2405 ἔσχον
1301 2338 1374 2400 τῷ
1432 2328 1566 2401 ἁγίῳ
1624 2335 1738 2400 Θεῷ
1764 2331 1857 2386 τὴν

230 2433 424 2503 χάριν,
459 2429 542 2480 ὅτι
575 2447 640 2500 με
660 2428 751 2477 καὶ
799 2419 895 2476 διὰ
932 2430 1027 2484 τῆς
1070 2421 1230 2474 αὐτοῦ
1273 2422 1570 2496 παρουσίας
1597 2417 1698 2472 ἀπὸ
1725 2416 1856 2471 πολ-

229 2520 333 2573 λῶν
366 2516 599 2589 θλίψεων
652 2514 1092 2590 παρεμυθήσατο,
1123 2514 1215 2563 καὶ
1264 2517 1357 2568 τὴν
1416 2510 1664 2585 ὑμετέραν
1728 2506 1857 2581 ἁγά-

240 2629 344 2667 πην
376 2606 608 2681 ἐναργῶς
648 2600 812 2666 ἔδειξε
857 2599 932 2655 δι’
983 2600 1162 2657 αὑτοῦ.
1222 2595 1422 2673 Σχεδὸν
1471 2601 1569 2675 γὰρ
1614 2601 1701 2650 τὸν
1730 2598 1858 2651 πάν-

247 2717 350 2750 των
397 2696 538 2770 ὑμῶν
568 2697 691 2769 περὶ
727 2696 822 2752 τὴν
864 2690 1105 2752 ἀλήθειαν
1151 2688 1306 2751 ζῆλον
1355 2686 1404 2741 έν
1459 2696 1522 2762 τῇ
1571 2694 1662 2740 τοῦ
1720 2686 1857 2750 ἑνοός

251 2782 451 2860 ἀνδρὸς
498 2787 798 2859 προαιρέσει
862 2781 1174 2855 κατέμαθον.
1222 2777 1286 2833 Ἀ
1337 2781 1425 2842 μὲν
1465 2773 1552 2830 οὖν
1609 2772 1727 2850 ἰδία
1764 2772 1855 2829 δι-

251 2875 543 2949 ελέχθημεν
587 2875 716 2947 πρὸς
749 2868 1019 2940 ἀλλήλους,
1067 2868 1226 2931 αὐτὸς
1262 2869 1383 2943 ὑμῖν
1414 2865 1694 2940 ἀπαγγελεῖ
1720 2869 1851 2935 (81)’

251 2965 288 3018 ἃ
320 2961 382 3018 δέ
410 2963 532 3041 παρ’
578 2961 703 3037 ἐμοῦ
731 2960 1091 3036 γνωρισθῆναι
1129 2960 1270 3033 ὑμῶν
1300 2964 1537 3033 προσῆκε
1555 2964 1618 3032 τῇ
1653 2954 1851 3029 ἀγάπῃ,

2360 2222 2761 2294 Prazsbyteris
2824 2221 3236 2281 Tarsensibus.

2040 2329 2407 2400 Congressus
2436 2346 2575 2387 cum
2603 2330 2727 2402 illo,
2761 2346 3019 2402 magnas
3048 2329 3234 2387 habui
3267 2332 3387 2387 Deo
3419 2331 3629 2387 sancto

1967 2419 2210 2492 gratias,
2240 2419 2345 2492 qui
2371 2423 2427 2476 et
2450 2436 2545 2476 me
2570 2420 2729 2477 illius
2760 2420 3077 2494 praesentia
3108 2435 3180 2476 ex
3210 2418 3414 2475 multis
3445 2433 3630 2490 ango-

1964 2508 2134 2565 ribus
2164 2509 2511 2566 consolatus
2531 2514 2703 2580 est,et
2732 2514 2995 2566 vestram
3019 2508 3372 2566 charitatem
3395 2508 3631 2583 perspi-

1966 2614 2075 2654 cue
2095 2614 2203 2672 per
2229 2598 2433 2672 ipsum
2460 2598 2901 2656 ostendit.Nam
2920 2603 3187 2656 vestrum
3209 2597 3329 2654 fere
3354 2600 3631 2657 omnium

1963 2687 2229 2743 veritatis
2261 2687 2532 2744 studium
2562 2689 2624 2745 in
2655 2688 2765 2746 viri
2794 2687 2973 2744 unius
3003 2686 3318 2762 proposito
3349 2688 3629 2760 cognovi.

1966 2778 2107 2844 Quae
2134 2776 2313 2847 igitur
2363 2775 2643 2849 privatim
2688 2776 2842 2834 inter
2890 2791 3004 2832 nos
3052 2776 3236 2833 locuti
3290 2793 3527 2847 sumus,
3559 2792 3633 2835 ea

1962 2865 2091 2939 ipse
2117 2864 2291 2922 vobis
2319 2863 2553 2922 referet.
2590 2866 2768 2938 206
2801 2866 2939 2933 Quae
2969 2869 3173 2922 autem
3203 2881 3275 2922 ex
3306 2881 3404 2922 me
3433 2864 3629 2922 chari-

1962 2956 2146 3011 tatem
2171 2958 2436 3011 vestram
2466 2970 2579 3028 par
2605 2959 2694 3011 est
2723 2970 3110 3027 cognoscere,
3138 2953 3264 3010 haec
3295 2956 3632 3012 sunt.Tem-

248 3055 419 3109 ταῦτά
437 3051 682 3109 iamva
714 3053 902 3127 καιρὸς
956 3048 1148 3107 πολλὴν
1205 3049 1319 3121 ἔχει
1364 3048 1530 3123 ῥοπὴν
1587 3049 1713 3122 πρὸς
1765 3064 1855 3097 κα-

1972 3060 2079 3116 pus
2103 3043 2436 3118 plurimum
2488 3043 2786 3103 incumbit
2830 3044 2910 3102 ad
2941 3044 3318 3101 eversionem
3342 3044 3630 3101 Ecclesia-

241 3147 549 3223 ταστροφὴν
580 3150 683 3195 τῶν
739 3139 1199 3207 Ἐκκλησιῶν,καὶ
1254 3144 1405 3192 τοῦτο
1452 3135 1611 3190 πολὺν
1664 3137 1854 3209 ἔχομεν

234 3233 345 3297 ἤδη
380 3222 600 3309 χρόνον
639 3230 692 3295 ἐξ
721 3231 781 3284 οὗ
824 3230 1306 3302 καταμανθάνομεν.
1359 3223 1629 3299 Οἰκοδομὴ
1665 3222 1857 3279 δεἘκ-

231 3327 491 3393 κλησίας,
518 3327 613 3376 καὶ
644 3321 959 3396 σφαλμάτων
988 3316 1290 3393 διόρθωσις,
1319 3322 1409 3371 καὶ
1440 3317 1742 3392 συμπάθεια
1766 3316 1856 3388 μὲν

230 3421 371 3493 πρὸς
418 3418 552 3476 τοὺς
610 3407 1400 3483 ἂσθενοῦντας,ὑπερασπισμός
1455 3404 1514 3459 δὲ
1569 3408 1695 3481 πρὸς
1737 3407 1860 3468 τοὺς

233 3509 585 3582 ὑγιαίνοντας
608 3509 707 3554 τῶν
748 3496 982 3572 ἀδελφῶν
1022 3493 1144 3550 οὐδὲ
1176 3492 1267 3559 εἷς.
1300 3494 1437 3551 Ἀλλ’
1459 3498 1576 3547 οὔτε
1608 3492 1861 3569 βοήθημα

231 3601 262 3655 ἢ
330 3593 715 3670 θεραπευτικὸν
746 3592 852 3661 (82)
910 3596 1008 3650 τῆς
1052 3587 1540 3662 προκατασχοὺσης
1590 3587 1768 3651 νόσου,
1826 3585 1856 3641 ἤ

231 3683 676 3763 προφυλακτικὸν
733 3686 830 3741 τῆς
889 3673 1334 3753 προσδοκωμένης
1381 3671 1551 3729 οὐδέν.
1588 3673 1689 3727 Καὶ
1735 3672 1863 3734 ὅλως

233 3780 376 3831 ἔοικε
450 3772 636 3828 λοιπὸν
684 3773 714 3829 ἡ
776 3777 872 3830 τῆς
956 3766 1272 3829 ἐκκλησίας
1350 3766 1677 3826 “niam”;
1757 3763 1865 3833 (ἶνα

234 3868 457 3941 ἐναργεί
495 3863 792 3937 χρήσωμαι
834 3867 906 3932 τῷ
937 3853 1311 3930 ὑποδείγματι,
1351 3856 1446 3908 κάν
1514 3852 1863 3927 εὐτελέστερον

232 3956 374 4014 εἶναι
427 3951 590 4026 δοκῇ)
619 3954 810 4026 ἱματίῳ
856 3948 1083 4019 παλαιῷ,
1112 3948 1212 4000 ὑπὸ
1251 3954 1343 4009 τῆς
1404 3947 1682 4018 τυχούσης
1734 3963 1866 4018 προ-

235 4049 453 4121 φάσεως
489 4038 696 4120 ῥᾳδίως
754 4037 1255 4114 καταρῥηγνυμένῳ,
1304 4034 1329 4087 ὃ
1381 4036 1511 4109 πρὸς
1542 4038 1635 4092 τὴν
1694 4030 1747 4096 ἐξ
1778 4030 1868 4108 ἀρ-

240 4118 361 4211 χῆς
414 4118 579 4208 ἰσχὺν
643 4129 930 4184 ἐπανελθεῖν
986 4126 1140 4181 πάλιν
1201 4122 1466 4179 ἀδυνατεῖ.
1521 4123 1609 4187 Ὠς
1670 4118 1758 4176 οὖν
1816 4120 1865 4175 ἐν

240 4209 422 4299 stath
480 4224 746 4293 τοιούτῳ,
805 4216 1038 4293 μεγάλης
1088 4218 1250 4292 χρεία
1309 4222 1404 4278 τῆς
1467 4209 1705 4274 σπουδῆς
1772 4215 1864 4265 καὶ

236 4315 445 4377 πολλῆς
502 4320 601 4373 τῆς
675 4307 962 4383 ἐπιμελείας
1018 4305 1419 4381 εὐεργετηθῆναι
1450 4323 1537 4391 ιτι
1594 4304 1688 4367 τὰς
1753 4301 1865 4357 Ἐκ-

240 4407 502 4466 κλησίας.
542 4400 830 4476 Εὑεργεσία
869 4394 927 4450 δε
984 4394 1122 4449 ἐστιν
1182 4387 1550 4453 ἐνωθῆναιττά
1596 4396 1719 4457 τέως
1779 4387 1865 4445 δι·
1898 4427 1943 4482 D

253 4491 714 4566 εσπασμένα(83).
764 4486 980 4547 Ἐνωσις
1032 4481 1081 4537 δ’
1131 4484 1193 4537 οἶν
1218 4488 1442 4558 γένοιτο,
1471 4482 1513 4535 εἰ
1555 4480 1865 4556 βουληθείη-

253 4603 376 4660 μενΙ
433 4579 481 4633 ἐν
518 4578 594 4643 οἷς
649 4573 817 4653 μηδὲν
876 4574 1173 4649 βλάπτομεν
1218 4575 1310 4635 τὰς
1360 4572 1563 4647 ψυχὰς,
1611 4568 1869 4646 συμπεριέ

253 4674 540 4747 ενεχθῆναι
603 4676 709 4730 τοῖς
759 4665 1167 4740 ἀσθενεστέροις.
1215 4662 1360 4717 Ἐπεὶ
1420 4661 1509 4717 οὖν
1555 4661 1718 4716 πολλὰ
1749 4664 1866 4715 στό-

247 4783 403 4840 ματα
442 4766 684 4822 ἤνοικται
731 4757 869 4810 κατά
921 4761 1014 4808 τοῦ
1068 4754 1368 4826 Πνεὺματος
1423 4758 1515 4806 τοῦ
1572 4750 1748 4825 ἁγίου,
1778 4754 1870 4805 καὶ

242 4839 447 4912 πολλαὶ
473 4850 719 4924 γλῶσσαι
739 4848 1025 4906 ἠκόνηνται
1059 4843 1126 4904 εἰς
1164 4847 1259 4902 τὴν
1288 4841 1403 4896 κατ’
1434 4841 1595 4895 αὑτοῦ
1627 4839 1871 4915 βλασφη-

235 4952 398 5023 μίαν·
462 4941 706 5012 ἀξιοῦμεν
772 4937 923 5009 ὑμᾶς,
952 4935 1073 4987 ὅσον
1137 4930 1278 4985 ἐστὶν
1330 4930 1407 5005 ἐφ’
1456 4932 1577 5003 ὑμῖν
1628 4930 1754 5003 (8's),
1799 4929 1871 4992 εἰς

240 5020 430 5108 ὄλίγον
476 5030 700 5105 ἀριθμὸν
747 5033 1072 5100 περιστῆσαι
1122 5024 1237 5084 τοὺς
1278 5020 1741 5095 βλασφημοῦντας*
1782 5025 1873 5073 καὶ

324 5160 442 5231 (78)
476 5160 582 5211 Καὶ
610 5149 941 5231 fuitmulta
960 5164 1109 5204 mss.
1137 5145 1564 5231 δερῶ-ξηράῘῆ
1597 5151 1870 5229 ξαὶτοῦτο,

252 5217 512 5305 excepta
540 5232 748 5285 tamen
779 5220 1041 5279 editione
1060 5217 1259 5293 prima
1305 5217 1650 5275 Basileensi.

342 5339 436 5409 79)
462 5337 572 5391 Οὐκ
598 5330 740 5409 οἶδά
781 5348 900 5387 πον.
926 5328 1014 5384 Ita
1036 5329 1155 5384 tres
1176 5324 1567 5385 vetustissimi
1594 5324 1865 5385 codices.

252 5404 426 5470 Editi'
441 5411 532 5465 οὐκ
562 5404 673 5464 οἷδ’
705 5405 875 5465 ὅπως.

333 5506 1315 5593 (80)Προαποκείμενοςτηξίο,ωεστ
1367 5504 1693 5593 sem-illditi
1741 5524 1876 5593 προῖ-

267 5574 584 5670 απέἆιὶέμιῦός
631 5574 788 5654 ὶοντι,⁸
810 5581 1068 5650 excepta
1123 5580 1328 5636 tamen
1371 5576 1632 5635 editione
1677 5574 1880 5651 prima

263 5666 422 5728 Basil.

1960 3150 2118 3202 rum,
2150 3132 2332 3207 idque
2377 3134 2570 3205 jama
2601 3132 2789 3206 longo
2843 3137 3116 3208 tempore
3173 3133 3622 3207 perspeximus.

1962 3222 2305 3280 jEdiﬁcatio
2328 3226 2530 3280 autem
2565 3222 2853 3294 Ecclesiae,
2879 3222 3236 3281 delictorum
3262 3222 3628 3297 emendatio,

1965 3328 2109 3384 erga
2136 3311 2361 3369 debiles
2401 3312 2869 3382 commiseratio,
2897 3328 3185 3371 sanorum
3221 3312 3479 3371 fratrum
3530 3312 3632 3370 de-

1964 3404 2155 3460 fensio
2210 3403 2375 3461 nulla
2432 3419 2683 3478 prorsus
2737 3407 2844 3461 est.
2882 3402 2991 3461 Sed
3042 3418 3242 3478 neque
3295 3402 3631 3461 remedium

1966 3492 2180 3562 ullum,
2214 3497 2319 3550 aut
2346 3493 2599 3551 morbus
2630 3493 2793 3567 prior
2835 3498 3096 3563 curetur,
3135 3495 3241 3549 aut
3270 3492 3632 3567 impendens

1970 3587 2274 3641 caveatur.
2308 3587 2389 3640 Ac
2441 3582 2711 3659 profecto
2756 3581 2965 3640 similis
2996 3586 3089 3639 est
3117 3581 3392 3641 Ecclesiae
3437 3585 3631 3639 status

1973 3675 2064 3746 (ut
2108 3672 2274 3730 claro
2304 3677 2441 3730 utar
2467 3672 2771 3747 exemplo,
2800 3672 3040 3731 etiamsi
3070 3672 3246 3729 vilius
3275 3688 3405 3729 esse
3432 3670 3633 3730 videa-

1970 3768 2090 3831 tur)
2121 3766 2356 3820 vetusto
2381 3762 2762 3832 vestimento,
2791 3762 2960 3836 quod
2983 3760 3155 3819 facile
3176 3761 3445 3835 qualibet
3461 3778 3633 3822 occa-

1974 3852 2140 3909 sione
2166 3851 2545 3921 discinditur,
2572 3866 2684 3907 nec
2728 3855 2929 3925 potest
2955 3850 3169 3908 iterum
3201 3849 3281 3908 ad
3309 3850 3634 3924 pristinum

1971 3941 2161 3999 robur
2213 3940 2429 3999 redire.
2483 3940 2690 4014 Itaque
2716 3944 2781 3996 ut
2817 3940 2882 3998 in
2928 3938 3031 3999 tali
3080 3942 3349 4013 tempore
3405 3955 3633 4013 magno

1973 4047 2129 4106 opus
2177 4033 2266 4088 est
2320 4028 2517 4087 studio
2568 4046 2639 4086 ac
2682 4029 2875 4088 multa
2924 4029 3256 4101 diligentia,
3285 4032 3350 4088 ut
3401 4029 3636 4104 aliquid

1974 4119 2226 4179 accedat
2250 4119 2648 4178 emolumenti
2696 4118 2996 4177 Ecclesiis.
3025 4118 3518 4177 Emolumentum
3549 4123 3639 4178 est

1973 4216 2177 4271 autem
2234 4209 2506 4268 membra
2533 4210 2703 4284 prius
2742 4209 2981 4267 divulsa
3037 4209 3349 4282 conjungi.
3381 4210 3503 4268 Fiet
3534 4226 3637 4268 au-

1972 4306 2097 4360 tem
2150 4300 2516 4374 conjunctio,
2552 4299 2601 4357 si
2630 4298 2907 4366 velimus,
2937 4298 3249 4373 quibusin
3293 4299 3477 4357 rebus
3509 4299 3639 4358 ani-

1974 4406 2107 4447 mas
2121 4405 2246 4447 non
2262 4387 2630 4459 lmdimusﬁn
2650 4388 2744 4445 his
2768 4404 2881 4446 nos
2905 4387 2985 4444 ad
3010 4387 3374 4444 inﬁrmiores
3402 4403 3639 4446 accom-

1974 4480 2246 4537 modare.
2283 4482 2431 4536 Cum
2462 4478 2643 4550 igitur
2690 4494 2797 4538 ora
2843 4477 3036 4535 multa
3067 4477 3129 4534 in
3167 4477 3452 4551 Spiritum
3500 4494 3640 4536 san-

1976 4574 2143 4626 ctum
2176 4572 2386 4641 aperta
2418 4567 2634 4640 sint,ac
2664 4566 2883 4639 lingua:
2908 4565 3113 4624 multae
3136 4566 3215 4624 ad
3238 4566 3555 4640 jaciendas
3577 4567 3640 4625 in

1974 4657 2147 4716 illum
2170 4656 2589 4732 blasphemias
2613 4656 2737 4716 sint
2765 4659 3029 4714 execute:
3054 4672 3067 4711 :
3091 4671 3379 4727 rogamus
3420 4672 3551 4725 vos,
3575 4659 3643 4715 ut

1976 4752 2276 4823 quantum
2288 4749 2350 4806 in
2365 4747 2537 4806 vobis
2551 4750 2657 4821 est,
2667 4747 2743 4805 ad
2756 4762 3015 4821 parvum
3028 4761 3350 4803 numerum
3363 4744 3646 4822 blasphe-

1978 4843 2215 4897 mantes
2256 4838 2572 4909 redigatis;
2598 4841 2653 4896 et
2671 4837 2778 4912 qui
2813 4836 3100 4910 Spiritum
3122 4841 3399 4893 sanctum
3417 4847 3647 4897 creatu-

1978 4946 2113 4989 ram
2150 4946 2279 4986 esse
2302 4945 2425 4985 non
2454 4927 2686 4998 dicunt,
2719 4942 2821 4982 eos
2844 4924 3151 4998 recipiatis
3175 4925 3238 4982 in
3268 4929 3649 4987 communio-

1980 5025 2216 5090 nem,ut
2246 5016 2590 5090 blasphemi
2610 5015 3029 5090 relinquantur
3051 5014 3262 5085 soli,ac
3291 5018 3385 5075 vel
3413 5019 3648 5092 pudore

2042 5146 2169 5270 {811)
2202 5142 2545 5220 Ἀπαγγελεῖ.
2599 5144 2687 5200 Ita
2737 5157 2890 5199 mss.
2941 5141 3234 5219 quinque.
3283 5143 3437 5202 Editi
3492 5144 3650 5225 ἔπαγ-

2042 5242 2043 5265 :
2076 5237 2098 5270 ε
2128 5257 2140 5269 .

2101 5225 2140 5270 ἶ.

1982 5237 2140 5293 γεΑει.

2057 5290 2168 5364 (82)
2201 5290 2615 5364 Θεραπευτικόν.
2636 5285 2788 5364 M_ed.
2814 5287 3314 5364 προθεραπευτικόν.

2057 5294 2145 5360 (82
2201 5290 2615 5363 Θεραπευτικόν.
2636 5290 2788 5345 Med.
2814 5290 3314 5364 προθεραπευτικόν.

2050 5290 2168 5433 (83)
2195 5363 2569 5433 Διιεεντῑόιθέιιένα
2592 5400 2605 5415 .
2676 5361 2806 5416 Duo
2884 5374 3011 5417 mss
3036 5402 3052 5418 .
3113 5357 3472 5436 διεσπαρμένα
3499 5401 3513 5429 ,
3559 5360 3649 5421 di.

1983 5448 2214 5490 spersa.

1996 5448 2214 5504 spersa.

1996 5579 2009 5595 ε
2059 5508 2172 5594 ς84)
2233 5502 2337 5577 Ἐφ’
2406 5504 2529 5577 ὑμῖν
2563 5542 2575 5557 .

1986 5597 2275 5708 ημένλὶὶεε
2306 5648 2491 5708 CCIII.
2527 5644 2763 5722 Scripta
2783 5645 2944 5705 circa
2969 5648 3201 5705 an.372.

2632 5505 2720 5562 Ita
2772 5518 2940 5575 mss.
3009 5501 3301 5576 quinque.
3366 5502 3520 5562 Editi
3574 5502 3659 5580 ἐφ’
