4078 6376
511 289 611 344 527

1889 281 1945 338 S.
1985 277 2234 336 BASILII
2271 279 2490 338 HAGNI
3743 298 3822 354 528

508 409 715 470 suffusi
774 409 856 468 ad
900 409 1211 468 veritatem
1268 407 1536 477 redeant,
1564 407 1653 465 vel
1697 407 1745 464 si
1801 407 1863 463 in
1913 407 2163 478 peccato

2281 425 2401 468 τους
2429 410 2501 479 μὴ
2555 407 2797 480 λέγοντας
2834 412 3035 482 κτίσμα
3064 412 3122 462 τὸ
3171 417 3378 483 Πνεῦμα
3421 415 3476 466 τὸ
3524 414 3656 486 ἅγιον
3691 415 3818 492 δέχε-

509 504 775 571 manent,
806 499 1159 558 auctoritate
1192 503 1438 555 careant
1467 498 1546 554 ob
1591 497 1981 571 paucitatem.
2011 492 2164 551 Nihil

510 592 691 662 igitur
741 589 1003 661 amplius
1045 604 1450 660 exposcamus
1486 603 1498 642 :
1530 586 1635 643 scd
1688 584 2024 641 volentibus
2063 598 2168 639 no-

513 680 752 739 hiscum
782 677 1068 750 conjungi
1098 677 1380 735 fratribus
1412 676 1600 733 ﬁdem
1628 675 1925 732 Nicaenam
1949 688 2172 746 propo-

515 787 774 829 namus:
808 785 879 826 ac
905 769 952 826 si
981 769 1031 825 ei
1058 767 1492 832 assentiuntur,
1523 766 1672 822 illud
1694 781 1939 838 quoque
1971 763 2172 835 exiga-

515 877 676 929 mus,
703 860 989 934 Spiritum
1019 861 1294 914 sanctum
1322 860 1659 913 creaturam
1702 855 1817 910 dici
1840 869 1966 910 non
1995 868 2173 925 opor-

517 955 661 1021 tere,
691 954 748 1007 et
769 965 870 1006 eos
901 947 1002 1021 qui
1032 947 1256 1018 dicunt,
1288 946 1472 1018 recipi
1505 945 1583 1002 ab
1623 944 1773 1017 ipsis
1801 945 1862 1000 in
1902 959 2174 1000 commu-

517 1040 764 1096 nionem
818 1053 941 1094 non
994 1035 1251 1092 debere.
1314 1034 1468 1091 Nihil
1525 1038 1730 1090 autem
1788 1036 2003 1106 praeter
2047 1032 2174 1088 haec

518 1126 967 1202 exposcendum
1013 1140 1147 1181 esse
1195 1140 1433 1181 censeo.
1466 1123 1783 1180 Enimvero
1813 1137 2173 1196 persuasum

519 1218 666 1274 mihi
696 1220 788 1274 est
842 1214 1219 1272 diuturniore
1272 1214 1425 1271 inter
1477 1229 1589 1269 nos
1639 1211 2074 1270 consuetudine
2106 1226 2175 1266 ac

518 1311 730 1364 mutua
756 1306 902 1363 citra
948 1304 1396 1362 contentionem
1441 1303 1888 1370 exercitatione,
1914 1301 1966 1356 si
1996 1301 2177 1356 etiam

520 1396 670 1470 quid
717 1394 984 1467 amplius
1016 1392 1430 1464 adjiciendum
1472 1391 1547 1448 sit
1575 1389 1942 1464 explanandi
1969 1405 2175 1460 causa,

522 1486 807 1543 daturum
858 1483 920 1540 id
973 1482 1298 1539 Dominum
1362 1481 1468 1555 qui
1526 1481 1729 1554 ipsum
1789 1478 2179 1550 diligentibus

523 1575 730 1636 omnia
749 1576 1108 1648 cooperatur
1137 1571 1200 1629 in
1223 1571 1456 1629 bonum
1488 1573 1553 1628 ¹².

1056 1780 1393 1836 EPISTOLA
1441 1779 1644 1834 CXIV'.

2283 498 2406 549 σθαι
2472 497 2540 558 εἰς
2610 503 2917 568 κοινωνίαν,
2993 501 3077 552 ῖνα
3139 504 3285 573 μόνοι
3351 502 3729 576 καταληφθῶσιν
3774 513 3812 562 οἱ

2280 584 2608 660 βλάσφημοι,
2637 590 2787 650 καὶὴ
2831 592 3303 662 καταισχυνθέντες
3367 590 3658 648 ἑπανέλθωσι
3711 603 3814 673 πρὸς

2278 679 2372 734 τὴν
2461 675 2745 746 ἀλήθειαν,
2796 682 2826 738 ἤ
2883 677 3203 752 ἐπιμένοντες
3251 688 3312 754 τῇ
3373 680 3591 757 ἁμαρτία
3653 684 3818 750 ἀναξιό·

2278 784 2461 817 πιστοι
2500 763 2601 819 ὦσι
2644 763 2739 818 δια
2783 771 2876 826 τὴν
2930 767 3228 840 ὀλιγότητα.
3288 767 3461 828 Μηδὲν
3506 777 3660 826 τοίνυν
3701 776 3820 829 πλέον

2279 852 2603 929 ἐπιζητῶμεν
2629 900 2644 925 ,
2713 854 2840 908 ἀλλά
2912 860 3296 931 προτεινὼμεθα
3369 867 3472 922 τοῖς
3541 860 3822 934 βουλομένοις

2280 944 2406 1016 ἡμῖν
2470 945 2845 998 συνάπτεσθαιι
2905 942 3143 1019 ἀδελφοῖς
3184 951 3275 1006 τὴν
3330 945 3376 999 ἐν
3433 953 3616 1022 Νικαίᾳ
3661 956 3822 1005 πίστιν·

2281 1034 2377 1084 κάν
2434 1031 2595 1107 ἐκείνῃ
2661 1037 2966 1103 συνθῶνται,
3026 1034 3351 1112 ἰπερωτῶμεν
3406 1042 3492 1090 καὶ
3535 1042 3588 1091 τὸ
3639 1044 3702 1112 μὴ
3739 1038 3823 1094 δεὶν

2280 1121 2525 1194 λέγεσθαι
2584 1127 2786 1196 κτίσμα
2840 1128 2899 1177 τὸ
2958 1131 3168 1198 Πνεῦμα
3208 1128 3266 1178 τὸ
3304 1126 3469 1197 ἅγιον,
3500 1125 3628 1199 μηδὲ
3679 1149 3824 1181 κοινω-

2282 1216 2454 1274 νικοὺς
2473 1216 2640 1266 αὐτῶν
2671 1215 2800 1266 εἶναι
2837 1218 2958 1277 τοὺς
2985 1215 3247 1287 λέγοντας.
3292 1220 3428 1290 Πέρα
3457 1212 3513 1270 δὲ
3541 1220 3712 1270 τούτων

2287 1300 2415 1365 ἀξιῶ
2458 1299 2625 1376 μηδὲν
2678 1301 3045 1366 ἐπιζητεῖτε-θαι
3082 1307 3205 1380 παρ’
3237 1308 3402 1378 ἡμῶν.
3435 1311 3704 1380 Πέπεισμαι
3723 1311 3824 1384 γὰρ,

2286 1393 2368 1444 ὅτι
2414 1400 2476 1465 τῇ
2541 1399 2868 1470 χρονιωτέρᾳ
2909 1392 3251 1468 συνδιαγωγῇ
3307 1401 3396 1448 καὶ
3450 1404 3509 1469 τῇ
3575 1396 3825 1470 ἀφιλονείκῳ

2289 1488 2699 1556 συγγυμνασία,
2733 1489 2823 1536 καὶ
2876 1487 2920 1537 εἴ
2973 1505 3024 1538 τι
3083 1481 3193 1538 δέοι
3243 1484 3391 1539 πλέον
3441 1488 3832 1560 προστεθῆναιεὶς

2286 1573 2566 1645 τροξνωσιν⁹
2595 1569 2757 1627 δώσει
2777 1576 2803 1627 ὁ
2834 1577 3026 1649 Κύριος
3053 1575 3079 1627 ὁ
3108 1576 3280 1629 πάντα
3337 1584 3585 1652 συνεργῶν
3621 1577 3684 1639 εἰς
3730 1576 3829 1650 ἀγα-

2291 1662 2378 1714 θὸν
2409 1669 2517 1724 τοῖς
2550 1661 2825 1737 ἀγαπῶσιν
2859 1664 3034 1719 αὐτόν.

2825 1783 3163 1832 ΕΠΙΣΤΟΛΗ
3221 1779 3359 1835 ΡΙΧ.

521 1898 673 1956 Cum
711 1903 922 1956 exorta
950 1901 1094 1955 esset
1133 1897 1196 1952 in
1227 1897 1384 1952 clero
1434 1895 1716 1951 Tarsensi
1743 1895 1956 1964 aliqua
1987 1892 2295 1966 dissensio,
2330 1892 2598 1948 Basilius
2627 1895 2793 1963 pacis
2842 1896 3269 1953 constituendae
3299 1897 3543 1966 cupidus
3580 1897 3717 1953 hanc
3742 1898 3822 1966 Cy-

590 1972 755 2027 riaco
777 1969 1174 2048 conditionem
1197 1968 1342 2048 feri,
1364 1973 1429 2048 ιιι
1459 1967 1771 2048 Niczpnam
1799 1966 1978 2035 ﬁdem
2015 1964 2195 2048 nulla
2218 1978 2461 2048 prorsus
2486 1971 2738 2048 ραις-θρῖα
2762 1981 2901 2048 voce
2918 1969 3279 2048 recipiatLet
3304 1964 3567 2048 fateatur
3583 1964 3820 2048 Spiritum

587 2048 864 2099 sanctum
897 2035 1383 2112 creaturainidici
1409 2053 1530 2112 non
1561 2038 1908 2106 debere,nec
1938 2053 2072 2093 cum
2095 2037 2169 2092 iis
2199 2035 2306 2106 qui
2328 2035 2537 2091 dicunt
2569 2035 3433 2109 communicandumSpondet
3448 2057 3556 2112 pro
3579 2035 3822 2111 fratribus

586 2114 744 2172 nihil
773 2128 869 2171 eos
897 2113 1158 2182 amplius
1189 2111 1266 2168 ab
1295 2125 1358 2167 eo
1383 2111 1706 2180 petituros.

876 2239 1153 2310 Cyriaco,
1191 2237 1366 2294 Tarsi
1401 2234 1818 2293 commoranti.

587 2367 893 2432 Quantum
919 2363 994 2420 sit
1023 2362 1192 2436 pacis
1236 2361 1491 2426 bonum,
1527 2358 1677 2433 quid
1711 2373 1868 2431 opus
1900 2360 1986 2414 est
2012 2355 2177 2430 apud

514 2455 683 2530 pacis
711 2453 866 2510 ﬁlios
914 2451 1151 2508 dicere?
1181 2452 1329 2518 Quia
1359 2449 1540 2521 igitur
1570 2464 1870 2520 magnum
1901 2446 2049 2502 illud
2074 2445 2180 2502 bo-

515 2563 684 2613 num,
718 2549 776 2602 et
800 2542 1252 2612 admirandum,
1285 2545 1341 2597 et
1366 2539 1656 2597 omnibus
1705 2538 1811 2612 qui
1854 2537 2176 2594 Dominum

515 2635 773 2706 diligunt
797 2633 1061 2689 maxime
1083 2630 1514 2704 expetendum,
1533 2629 1663 2700 jam
1681 2643 1836 2701 pene
1850 2626 1930 2683 ad
1945 2626 2176 2682 nudam

514 2738 727 2778 vocem
751 2721 1064 2778 redactum
1095 2725 1202 2790 est,
1231 2736 1302 2775 eo
1330 2718 1498 2793 quod
1530 2717 1931 2790 multiplicata
1962 2717 2036 2772 sit
2064 2715 2177 2771 ini-

514 2811 730 2885 quitas,
763 2811 1113 2881 refrigerata
1147 2809 1266 2880 jam
1310 2809 1371 2865 in
1430 2807 1636 2864 multis
1693 2807 2018 2872 charitate;
2061 2805 2178 2861 hoc

515 2916 706 2957 unum
752 2899 1010 2957 arbitror
1064 2898 1134 2955 iis
1183 2899 1286 2972 qui
1328 2912 1616 2968 germane
1647 2901 1703 2952 et
1735 2911 1869 2951 vere
1924 2894 2178 2951 Domino

515 2990 797 3059 serviunt,
833 2988 1035 3046 studio
1083 3004 1217 3045 esse
1275 2987 1517 3052 debere,
1553 2991 1619 3042 ut
1656 2984 1948 3042 Ecclesias
1996 2984 2179 3040 variis

514 3078 787 3150 partibus
833 3076 1157 3150 multisque
1209 3075 1409 3132 modis
1458 3077 1610 3130 inter
1654 3090 1715 3129 se
1768 3073 2058 3129 discissas
2099 3072 2177 3128 ad

514 3167 803 3225 unitatem
824 3164 1320 3232 reducant.0uod
1340 3167 1396 3220 et
1417 3179 1528 3233 ego
1551 3162 1748 3218 facere
1780 3161 1928 3217 dum
1960 3177 2178 3234 aggre-

513 3255 665 3324 dior,
695 3255 997 3313 immerito
1020 3254 1240 3311 curiosi
1267 3253 1532 3310 hominis
1566 3251 1793 3307 crimen
1818 3251 2175 3306 sustineam.

513 3345 667 3402 Nihil
716 3345 886 3418 207
944 3344 1102 3400 enim
1155 3341 1473 3400 Christiani
1521 3346 1646 3398 tam
1694 3339 2010 3413 proprium
2064 3344 2174 3408 est,

512 3449 703 3508 quam
733 3449 948 3506 pacem
973 3432 1293 3489 conciliare
1327 3447 1339 3486 :
1368 3431 1531 3487 unde
1563 3435 1619 3486 et
1637 3429 1822 3500 hujus
1849 3430 1932 3486 rei
1955 3445 2178 3486 merce.

2573 2239 2689 2295 Τοῖς
2722 2232 2770 2287 ἔν
2790 2241 3000 2310 ⁸Ταρσῷ
3030 2241 3148 2312 περὶ
3181 2240 3445 2314 Κυριακόν
3476 2240 3597 2310 (86).

2355 2364 2515 2412 Ὀσον
2565 2356 2678 2412 ἐστὶ
2725 2363 2784 2414 τὸ
2822 2369 2914 2422 τῆς
2968 2360 3172 2436 εἰρήνης
3214 2361 3436 2436 ἀγαθὸν,
3467 2368 3519 2417 τί
3565 2367 3656 2439 χρὴ
3693 2361 3808 2432 λέγειν

2284 2450 2414 2522 πρὸς
2466 2445 2660 2524 ἄνδρας
2715 2452 2863 2512 υἱοὺς
2913 2458 3007 2514 τῆς
3073 2451 3320 2526 εἰρήνης
3355 2453 3495 2507 Ἐπεὶ
3525 2449 3604 2506 οὖν
3639 2454 3680 2504 τὸ
3711 2451 3806 2522 μέγα

2285 2544 2458 2605 τοῦτο,
2522 2542 2612 2591 καὶ
2684 2540 3025 2612 θαυμαστὸν,
3079 2545 3168 2593 καὶ
3234 2548 3372 2596 πᾶσι
3433 2536 3811 2616 περισπούδαστον

2284 2634 2390 2687 τοῖς
2439 2625 2686 2699 ἀγαπῶσι
2716 2631 2802 2681 τὸν
2844 2632 3033 2704 Κύριον
3058 2673 3071 2698 ,
3104 2627 3399 2686 κινδυνεύει
3425 2633 3595 2686 λοιπὸν
3624 2631 3682 2690 εἰς
3702 2632 3822 2698 ὄνομα

2283 2715 2435 2786 ψιλὸν
2465 2726 2815 2792 περιστῆναι,
2859 2715 2954 2772 διὰ
2981 2722 3040 2772 τὸ
3092 2719 3457 2783 πληθυνθῆναι
3497 2726 3585 2780 τήν
3631 2718 3820 2790 ἀνομίαν,

2283 2805 2548 2878 ψυγείσης
2584 2806 2762 2860 λοιπον
2822 2807 2870 2860 ἕν
2936 2815 3042 2870 τοῖς
3107 2809 3312 2873 πολλοῖς
3352 2812 3468 2885 (87)
3522 2818 3606 2871 τῆς
3649 2808 3825 2879 ἀγάπης,

2285 2897 2433 2969 οἶμαι
2487 2903 2765 2972 προσήκειν
2831 2903 2956 2972 μίαν
3015 2902 3211 2959 ταύτην
3281 2899 3412 2954 εἶναι
3491 2896 3705 2957 σπουδὴν
3748 2901 3830 2954 τοῖς

2284 2990 2512 3057 γνησίως
2549 2990 2638 3038 καὶ
2666 2985 2916 3049 ἀληθινῶς
2971 2985 3284 3043 δουλεύουσι
3306 2999 3378 3063 τῷ
3411 2995 3598 3065 Κυρίῳ,
3621 2991 3670 3040 τὸ
3705 2985 3828 3039 ἐπαν-

2285 3083 2499 3146 αγαγεῖν
2551 3079 2677 3150 πρὸς
2725 3078 2901 3130 ἶνωσιν
2953 3079 3047 3140 τὰς
3077 3077 3413 3151 Ἐκκλησίας,
3463 3081 3548 3141 τὰς
3588 3077 3833 3148 πολυμερῶς

2284 3170 2374 3218 καὶ
2398 3164 2734 3241 πολυτρόπως
2782 3166 2867 3219 ἀπ’
2905 3167 3133 3227 ἀλλήλων
3173 3166 3574 3244 διατμηθείσας.
3595 3167 3653 3220 Ὃ
3683 3163 3741 3224 δὴ
3768 3168 3834 3215 καὶ

2286 3256 2439 3317 αὑτὸς
2466 3254 2748 3331 ἐπιχειρῶν
2778 3265 2963 3328 ποιεῖν,
2995 3257 3090 3310 οὐκ
3128 3259 3190 3310 ἄν
3241 3255 3466 3320 δικαίως
3523 3255 3836 3329 πολυπράγμοι

2283 3365 2366 3407 νος
2409 3344 2579 3398 αἰτίαν
2617 3344 2848 3420 λαϐοιμι.
2886 3343 3055 3400 Οὐδὲν
3093 3350 3196 3424 γὰρ
3227 3350 3395 3412 οὕτως
3433 3345 3568 3402 ἴδιον
3620 3344 3836 3414 ἐπιΧρι-

2288 3443 2525 3503 στιανοῦ,
2559 3437 2624 3496 ὡς
2670 3439 2728 3488 τὸ
2789 3437 3158 3512 εἰρηνοποιεῖν’
3195 3433 3282 3490 διὸ
3343 3443 3433 3491 καὶ
3487 3441 3569 3490 τὸν
3615 3433 3684 3489 ἐπ’
3728 3431 3836 3499 αὐτῷ

513 3521 1002 3580 demmaximam
1026 3521 1204 3579 nobis
1235 3520 1525 3577 Dominus
1551 3519 2172 3592 promisit.Postquam

2285 3527 2474 3598 μισθὸν
2522 3529 2771 3599 μέγιστον
2823 3529 3000 3599 ἡμῖνὸ
3043 3531 3233 3603 Κύριος
3286 3527 3648 3600 ἐπηγγείλατο.
3692 3531 3838 3575 Σνντυο

513 3612 693 3684 igitur
731 3629 872 3669 cum
921 3611 1207 3669 fratribus
1257 3625 1620 3680 congressus
1676 3625 1811 3665 sum
1845 3623 2177 3682 eorumque

511 3703 794 3778 perspexi
813 3718 1111 3773 magnum
1140 3702 1202 3758 in
1227 3700 1439 3757 fratres
1466 3704 1522 3758 et
1552 3701 1611 3757 in
1642 3699 1883 3767 vos,sed
1911 3703 1966 3756 et
1988 3699 2177 3756 multo

512 3793 810 3866 majorem
829 3793 893 3849 in
943 3791 1240 3850 Christum
1272 3806 1569 3859 amorem,
1605 3806 1677 3846 ac
1706 3789 1850 3845 ﬁdei
1875 3789 2178 3859 integrita-

511 3887 635 3940 tem
659 3888 717 3940 et
744 3881 1124 3951 ﬁrmitatem;
1153 3884 1210 3939 et
1240 3885 1566 3954 utrumque
1594 3879 1740 3952 ipsis
1771 3894 1998 3949 magno
2043 3893 2177 3935 esse

514 3972 738 4044 studio,
768 3977 835 4029 ut
881 3987 1078 4045 neque
1106 3987 1142 4028 a
1171 3975 1368 4028 vestra
1419 3969 1710 4026 charitate
1764 3972 2174 4040 segregentur,

511 4076 710 4134 neque
753 4060 940 4116 ﬁdem
982 4075 1200 4117 sanam
1251 4059 1561 4133 prodant;
1601 4059 1717 4115 hac
1751 4073 1964 4116 eorum
2009 4057 2178 4115 bona

511 4154 712 4207 mente
737 4149 1242 4223 comprobata,ad
1274 4153 1539 4205 vestram
1566 4149 1922 4222 gravitatem
1954 4148 2174 4218 scribo,

509 4241 840 4300 obsecrans
862 4239 1031 4296 omni
1053 4239 1365 4306 charitate,
1397 4243 1464 4294 ut
1492 4253 1596 4294 eos
1621 4253 1757 4293 vere
1782 4242 1839 4294 et
1867 4254 1940 4294 ex
1972 4237 2178 4294 animo

510 4334 864 4405 conjunctos
877 4329 1197 4402 omnisque
1209 4327 1625 4385 ecclesiasticae
1643 4343 1801 4384 curae
1855 4328 2178 4400 participes

507 4423 803 4482 habeatis.
838 4419 994 4488 Quin
1031 4424 1089 4475 et
1119 4417 1233 4474 illis
1278 4417 1585 4491 spopondi
1614 4419 1842 4474 rectam
1895 4433 2028 4472 esse
2073 4433 2175 4473 ve-

507 4521 691 4574 stram
714 4516 1083 4580 mentem,ac
1107 4525 1216 4565 vos
1243 4509 1346 4564 Dei
1376 4507 1569 4580 gratia
1591 4521 1704 4580 pro
1724 4511 1924 4565 vestro
1955 4507 2175 4564 verita-

508 4607 576 4663 tis
591 4603 792 4663 studio
805 4601 883 4659 ad
896 4599 1103 4658 omnia
1115 4601 1362 4672 paratos
1377 4612 1938 4670 esse,quzecumque
1951 4613 2062 4670 pro
2078 4613 2172 4654 ve-

502 4697 689 4754 ritatis
705 4693 978 4751 doctrina
999 4690 1124 4764 pati
1154 4687 1501 4762 oportuerit.
1528 4687 1665 4753 Quae
1691 4690 1985 4752 autem,ut
2015 4688 2170 4745 mihi

502 4784 862 4858 persuadeo,
894 4796 1093 4855 neque
1123 4778 1300 4836 vobis
1323 4777 1745 4842 adversantur,
1780 4780 1836 4832 et
1866 4775 2162 4848 praedictis

2284 3619 2397 3687 χῶν
2448 3619 2619 3667 τοίνυν
2683 3621 2791 3676 τοῖς
2871 3611 3130 3689 ἀδελφοῖς,
3193 3621 3286 3670 καὶ
3353 3619 3655 3690 θεασάμενος
3707 3608 3837 3664 αὐτῶν

2284 3703 2413 3756 πολὺ
2440 3706 2530 3778 μὲν
2560 3707 2618 3756 τό
2672 3700 2979 3778 φιλάδελφον
3034 3711 3125 3758 καὶ
3170 3710 3228 3759 τὸ
3272 3711 3392 3781 περὶ
3438 3708 3565 3780 ὑμᾶς
3613 3702 3836 3776 ἀγαπητι-

2286 3795 2396 3860 κὸν,
2453 3792 2623 3864 πολλῷ
2655 3790 2714 3847 δὲ
2744 3796 2818 3847 ἔτι
2842 3793 2991 3847 πλέον
3030 3797 3088 3848 τὸ
3129 3795 3475 3870 φιλόχριστον
3525 3798 3610 3847 καὶ
3652 3795 3704 3844 τὸ
3748 3789 3839 3860 περὶ

2285 3887 2380 3942 τὴν
2445 3887 2624 3936 πίστιν
2667 3882 2870 3958 ἀκριϐές
2927 3903 2982 3938 τε
3027 3889 3117 3938 καὶ
3165 3889 3389 3940 εὔτονον·
3423 3890 3512 3938 καὶ
3557 3884 3633 3936 ὃτι
3685 3877 3839 3934 πολλὴν

2287 3970 2587 4046 ἀμφοτέρων
2623 3981 2897 4025 ποιοῦνται
2948 3971 3211 4042 σπονδὴν,
3240 3983 3349 4034 τῆσ
3385 3995 3439 4028 τε
3476 3976 3706 4048 ὑμετέρας
3739 3965 3841 4038 ἀγά-

2284 4081 2388 4124 πης
2434 4066 2506 4134 μὴ
2547 4062 2900 4136 χωρίζεσθαι,
2933 4069 3024 4116 καὶ
3063 4069 3158 4124 τὴν
3205 4065 3544 4137 ὑγιαίνουσαν
3595 4066 3754 4116 πίστιν
3786 4057 3839 4127 μή

2285 4148 2736 4227 καταπροδοῦναι·
2819 4149 3203 4227 ἀποδεξάμενος
3291 4155 3460 4208 αὐτῶν
3529 4157 3618 4212 τήν
3678 4145 3841 4218 ἀγαθὴν

2285 4245 2608 4315 προαίρεσιν,
2661 4240 2940 4295 ἓπιστέλλω
2973 4250 3034 4316 τῇ
3099 4263 3380 4316 σεμνοτητι
3428 4245 3586 4317 ὑμῶν,
3637 4252 3840 4312 παρακα-

2284 4328 2384 4382 λῶν
2423 4332 2571 4389 πάση
2632 4329 2809 4403 ἀγάπη
2865 4334 3005 4403 ἔχειν
3059 4333 3248 4394 αὐτοὺς
3302 4335 3586 4407 ἡνωμένους
3626 4328 3839 4400 γνησίως,

2283 4423 2373 4472 καὶ
2415 4422 2588 4482 πάσης
2626 4418 3071 4485 ἐκκλησιαστικῆς
3127 4419 3404 4498 φροντίδος
3458 4418 3734 4476 κοινωνούς·
3774 4409 3838 4481 ἔγ·

2281 4511 2612 4582 γυησάμενος
2666 4515 2756 4562 καὶ
2808 4510 2988 4573 αὐτοῖς
3034 4515 3125 4570 τὴν
3177 4513 3424 4586 ὑμετέραν
3480 4510 3738 4586 ὀρθότητα,
3779 4499 3836 4551 δῖ’

2279 4603 2370 4651 καὶ
2390 4599 2536 4652 αὐτοὶ
2565 4608 2626 4673 τῇ
2659 4607 2751 4653 τοῦ
2800 4609 2933 4654 Θεοῦ
2991 4603 3178 4676 χάριτι
3209 4610 3280 4673 τῷ
3320 4603 3448 4675 ὑπὲρ
3497 4607 3584 4662 τῆς
3635 4594 3836 4652 ἀληθείας

2279 4688 2422 4762 ζήλῳ
2476 4693 2602 4766 πρὸς
2665 4691 2831 4742 πάντα
2891 4689 3005 4743 ἐστε
3065 4695 3529 4766 παρατεταγμένοι,
3576 4687 3751 4752 ὅσαπερ
3795 4674 3839 4727 ἂν

2277 4775 2369 4852 δέῃ
2394 4779 2506 4850 (88)
2539 4780 2720 4833 παθεῖν
2760 4781 2886 4856 ὑπὲρ
2937 4787 3030 4833 τοῦ
3086 4780 3241 4853 λόγου
3298 4789 3395 4843 τῆς
3433 4769 3837 4837 ἀληθείας,”Εστι

500 4855 787 4932 fratribus
817 4872 960 4928 satis
1019 4873 1162 4927 sunt
1207 4867 1287 4928 ad
1334 4868 1633 4940 integram
1672 4865 2157 4940 persuasionem,

2281 4863 2335 4921 δὲ
2389 4870 2458 4930 ὡς
2511 4867 2732 4942 ἐμαυτὸν
2771 4870 2953 4942 πείθω,
2983 4871 3050 4923 τά
3099 4872 3217 4924 οὔτε
3281 4871 3403 4943 ὑμῖν
3433 4869 3553 4921 ὑπεν
3581 4866 3734 4926 αντία,
3762 4855 3833 4906 καὶ

575 5002 621 5039 ¹²
665 5002 833 5056 Rom.
866 5012 985 5065 vui,
1016 4999 1108 5052 28.

569 5129 588 5151 "
626 5124 785 5182 Alias
815 5121 993 5191 CCI_V.
1028 5119 1257 5191 Scripta
1278 5120 1438 5176 circa
1467 5135 1568 5176 an.
1602 5123 1726 5176 372.

569 5198 862 5274 (85)_Ils:p_a
892 5187 973 5274 3“;
1018 5187 1285 5274 τούιεών..ἶ
1349 5191 1470 5263 παρ’
1529 5193 1723 5274 ily-'11:)”:
1765 5193 1867 5274 _lta
1889 5194 2159 5274 (“septem

495 5256 842 5330 mss.'Edi'ti
873 5263 1042 5336 negarit
1091 5256 1162 5336 δὲ,
1203 5256 1460 5336 τούτωνῼ.
1507 5256 1632 5336 πὰρ’
1677 5263 1840 5336 ὑμῶν.
1888 5256 2156 5336 Sim'ilem

491 5357 742 5417 prorsus
785 5331 984 5417 animi
1023 5331 1862 5417 moderationevaregot-ius
1899 5336 2047 5417 ‘Naz.
2081 5334 2154 5390 iis

492 5401 752 5484 exhibet,
785 5407 920 5484 qui_
942 5401 1180 5484 Spiritui
1231 5406 1438 5484 sancto
1481 5401 1860 5484 divinitatem
1899 5405 2154 5484 libenter

492 5473 854 5547 tribueban't,
891 5473 1004 5535 Dei'
1030 5489 1256 5532 nomen
1288 5473 1542 5530 tribuere
1572 5475 1960 5544 verebantur,
1995 5481 2148 5535 orat.

499 5560 684 5693 “(3%).
885 5622 934 5674 ἓν
980 5625 1192 5697 Ταρσῷ,
1225 5620 1336 5676 etc.
1393 5617 1479 5675 Ita
1519 5613 1673 5676 Med.
1701 5618 1760 5675 et
1808 5614 1986 5674 Coisl.
2031 5617 2151 5691 pri.

2269 5120 2724 5176 mus.Nonnulli
2762 5119 2860 5176 alii
2906 5126 3025 5182 Τοῖς
3057 5119 3107 5172 ἐν
3143 5126 3334 5190 Ταρσῷ
3373 5124 3482 5179 τοῖς
3520 5117 3632 5190 περὶ
3669 5114 3833 5180 κυρια-

2268 5195 2376 5244 κὸν.
2411 5192 2560 5248 Editi
2588 5199 2708 5254 Τοῖς
2733 5193 2912 5255 αὐτοῖς
2932 5197 3050 5255 περὶ
3074 5185 3334 5255 κυριακὸν
3365 5185 3718 5255 παραπλξσιαλ.

2340 5242 2566 5334 (8ῆῖξῷ
2590 5242 2706 5336 {0sz
2731 5242 2943 5325 mai.
2973 5242 3318 5336 riis—pbstea
3348 5243 3553 5317 addita
3581 5242 3648 5312 ex
3678 5242 3831 5308 Coisl.

2266 5336 2463 5407 primo
2488 5338 2551 5407 et
2579 5334 2697 5407 alio
2730 5352 2842 5391 ms.

2338 5408 2444 5476 (88)
2481 5403 2727 5488 ζονσῖέρ·
2780 5405 3169 5488 ἓί9.,ἲιίεξάιει
3220 5403 3395 5488 ορίειε
3447 5399 3832 5488 Ρτίφὲιῗ,.ξίἓ¹ἒ¹ἓ

2264 5463 2539 5534 ηο“ηηύιιί
2587 5463 2742 5533 aliis.
2779 5477 2932 5534 Editi
2983 5463 3220 5534 ἀν’δέοι.
3251 5463 3466 5549 Ρειυιρζ
3490 5473 3618 5549 post
3644 5463 3832 5549 editi?

2263 5533 2363 5603 τῶν
2393 5553 2655 5625 Πατέρων.
2689 5549 3108 5623 Coisl.primus
3139 5533 3344 5607 etiduo
3368 5545 3470 5603 alii
3491 5533 3561 5600 ἰιι
3588 5541 3644 5596 in
3665 5533 3823 5592 textu-
