4078 6398
514 329 614 390 531

1869 324 1924 383 S.
1966 321 2219 381 BASILII
2266 320 2495 380 MAGM
3735 338 3816 394 532

511 453 886 513 immundae.
909 455 980 512 At
1008 468 1041 512 e
1061 452 1339 527 supernis
1362 451 1563 511 veniet
1590 450 1740 521 avis,
1764 464 1902 524 quas
1926 448 2038 507 has
2067 446 2161 505 de-

2269 454 2437 502 ταῡτα
2463 453 2755 524 νεμόμενον.
2792 451 2937 524 Ἐμοὶ
2979 452 3082 528 γὰρ
3119 450 3291 525 λόγος,
3333 454 3438 527 οὐχ
3483 457 3549 519 ὡς
3603 460 3662 510 σὺ
3694 466 3815 532 νομί-

510 549 810 620 pascetur.
842 543 978 602 Mihi
1003 543 1165 601 enim
1194 543 1533 614 {reddenda
1578 542 1752 613 ratio,
1809 556 1935 597 non
1984 542 2052 596 ut
2101 544 2168 595 tu

511 636 842 705 existimas,
873 634 981 690 sed
1013 638 1081 691 ut
1121 637 1277 691 Deus
1310 633 1584 705 judicare
1613 631 1802 689 novit.
1831 629 2004 697 Quod
2031 629 2083 685 si
2111 633 2169 686 et

509 725 763 783 testibus
794 740 951 797 opus
971 723 1098 794 erit,
1131 738 1256 779 non
1287 722 1574 779 sistentur
1621 720 1778 778 servi
1802 734 2001 791 neque
2059 734 2166 775 eu-

509 814 853 871 nuchorum
905 827 1096 883 genus
1152 812 1508 869 inhonestus
1586 826 1658 868 ac
1731 808 2215 911 perniciosum,’

510 919 634 961 non
661 904 935 976 inquam,
968 917 1158 973 genus
1195 901 1365 970 illud,
1389 912 1585 973 ueQue
1606 899 1932 956 femineum
1965 914 2167 971 neque

510 993 873 1058 masculum,
909 991 1231 1048 mulierum
1252 1006 1458 1048 amore
1504 989 1835 1057 insaniens,
1869 987 2165 1056 invidum,

506 1082 783 1140 mercede
838 1081 937 1138 vili
984 1080 1373 1153 conductum,
1437 1079 1824 1149 iracundum,
1882 1077 2164 1147 fractum,

507 1171 696 1228 ventri
717 1170 1000 1237 serviens,
1048 1186 1321 1241 avarum,
1378 1186 1628 1238 saevum,
1679 1184 1865 1225 ccenae
1917 1166 2167 1240 plorans

501 1260 1203 1332 jacturam,inconstans,
1233 1259 1545 1326 illiberale,
1562 1258 1811 1331 quidvis
1835 1257 2166 1330 accipiens,

486 1350 867 1420 -insatiabile,
896 1350 1216 1422 furiosum,
1246 1355 1305 1406 et
1349 1349 1728 1421 zelotypum:
1763 1351 1821 1404 et
1857 1346 2005 1421 quid
2037 1346 2169 1418 jam

506 1439 729 1498 ultram
772 1440 1103 1498 dicendum
1155 1441 1298 1498 est?
1336 1439 1517 1495 simul
1546 1443 1611 1496 ut
1633 1442 1848 1495 natum
1873 1442 1985 1506 est,
2011 1436 2169 1494 ferro

508 1529 892 1587 damnatum.
922 1529 1241 1596 Quomodo
1272 1544 1414 1600 ergo
1439 1528 1568 1585 ﬁeri
1590 1528 1821 1601 poterit,
1846 1531 1914 1584 ut
1949 1527 2169 1584 borum

2272 539 2399 605 ζεις,
2433 539 2539 592 ἀλλ’
2568 543 2634 603 ὡς
2684 538 2798 595 οἶδε
2841 546 3028 618 κρίνειν
3078 548 3219 604 Θεὸς.
3254 544 3317 597 Εἰ
3358 541 3416 597 δὲ
3457 551 3543 600 καὶ
3578 552 3815 625 μαρτύρων

2269 633 2451 704 χρεία,
2505 629 2563 683 ού
2624 628 2805 684 δοῦλοι
2867 636 3171 703 στήσονται,
3220 630 3347 686 ούδί
3392 634 3642 707 εὐνούχων
3697 642 3816 709 γένος

2269 718 2456 791 ἄτιμον
2519 724 2611 773 καὶ
2672 720 3035 795 πανώλεθρονο
3102 728 3253 775 τοῦτο
3320 719 3389 782 δὴ
3440 732 3605 795 τοῦτο,
3655 726 3817 793 eam,

2269 804 2525 885 ἄνανδρον
2558 851 2572 877 ,
2635 812 3010 883 γυναικομανὶς
3040 854 3055 879 ,
3130 810 3376 875 ἐπίζηλον
3405 855 3418 880 ,
3496 818 3817 885 κακόμισθον,

2269 898 2547 971 ὀξύθυμον,
2604 896 2995 973 χηλυδριῶδες,
3053 898 3457 976 γαστρίδουλον,
3504 909 3816 979 χρυσομανὶς,

2271 988 2482 1059 ἆπηνὶς,
2551 988 2978 1063 κλαυσίδειπνον,
3046 991 3444 1066 εὖμετάϐλητον,
3518 993 3818 1069 ἆμιτάδοτον,

2268 1076 2564 1153 πάνδοκον,
2599 1079 2941 1157 ἀπροσκορες,
2968 1086 3184 1156 μανικόν
3212 1087 3304 1136 καὶ
3335 1083 3640 1144 ζηλότυπον·
3670 1090 3749 1140 καὶ
3782 1091 3823 1139 τί

2268 1171 2371 1243 γὰρ
2402 1172 2479 1222 ἔτι
2520 1170 2677 1224 εἰπεῖν
2708 1188 2721 1239 ;
2754 1176 2848 1225 σὺν
2878 1172 3009 1245 αὐτῇ
3041 1180 3102 1246 τῇ
3133 1176 3334 1245 γενέσει
3363 1171 3820 1250 σιδηροκατάδικον.

2271 1266 2391 1322 Πῶς
2413 1256 2502 1313 οὖν
2530 1265 2723 1314 τούτων
2741 1266 2922 1335 ’γνώμη
2943 1259 3094 1337 ὀρθὴ,
3120 1260 3188 1315 ὧν
3206 1268 3297 1317 καὶ
3328 1265 3377 1317 οἱ
3404 1261 3560 1326 πόδες
3586 1264 3821 1339 στρεϐλοί;

2273 1350 2434 1403 Οὔτοι
2461 1358 2789 1426 σωφρονοῦσι
2827 1355 2918 1424 μὲν
2947 1353 3154 1425 ἄμισθα
3180 1349 3215 1405 δ
3219 1356 3275 1406 ιὰ
3306 1351 3530 1429 σιδήρου
3553 1374 3567 1388 ·
3593 1358 3824 1428 μαίνονται

2273 1436 2334 1493 δὲ
2358 1442 2574 1516 ἄκαρπα
2603 1439 2638 1495 ὃ
2644 1444 2681 1494 ι’
2708 1442 2903 1495 οἰκείαν
2934 1442 3291 1516 αἰσχρότητα.
3321 1443 3443 1517 Ούχ
3471 1445 3609 1497 οὗτοι
3629 1450 3823 1504 στήσον-

2270 1549 2360 1583 ται
2388 1539 2480 1594 τῆς
2504 1536 2730 1608 κρίσεως
2772 1534 3051 1607 μάρτυρες,
3081 1531 3185 1585 ἀλλ’
3214 1533 3469 1607 ὀφθαλμοὶ
3506 1528 3725 1603 δικαίων,
3751 1539 3822 1587 καὶ

508 1635 685 1677 mens
727 1625 892 1678 recta
946 1620 1039 1691 sit,
1070 1597 1367 1692 quorumv
1389 1624 1448 1677 et
1474 1597 1661 1692 pedes
1706 1617 1946 1675 distorti
1975 1621 2116 1674 sunt
2142 1618 2161 1674 ‘2

2272 1619 2420 1692 ἅψεις
2454 1597 2658 1695 ἀνδρῶν
2694 1597 2897 1675 τελείῶν
2920 1597 3084 1676 ·’ὃσοι
3111 1626 3229 1676 τότε
3250 1597 3455 1697 ’ὁρῶσα
3497 1626 3621 1698 πρὸς
3658 1623 3690 1676 ἆ
3714 1597 3822 1697 ’βλί-

507 1711 579 1768 Hi
608 1716 771 1768 caste
799 1710 1048 1783 quidem
1078 1710 1292 1767 vivunt
1319 1709 1554 1782 absque
1594 1708 1875 1766 mercede
1924 1724 2034 1781 per
2056 1707 2167 1764 fer-

2268 1730 2450 1774 ποντες
2468 1718 2556 1764 νῦν
2587 1711 2690 1765 εἰσι
2719 1715 2941 1768 συνέσει.

505 1817 646 1859 rum
678 1818 691 1858 :
725 1800 834 1858 sed
861 1799 1391 1858 amoreinsaniunt
1419 1799 1653 1872 absque
1679 1798 1900 1867 fructu,
1940 1798 2021 1855 ob
2042 1814 2217 1856 suam
2246 1800 2519 1874 ipsorum
2558 1802 3013 1875 turpitudinem.
3045 1804 3174 1860 Non
3202 1802 3266 1859 hi
3309 1802 3704 1876 producentur
3745 1802 3822 1875 ju-

506 1891 644 1949 dicii
664 1895 862 1960 testes,
894 1891 999 1947 sed
1030 1891 1187 1947 oculi
1204 1891 1526 1962 justorum,
1553 1893 1609 1946 et
1633 1893 1994 1963 conspectus
2021 1889 2290 1947 virorum
2310 1890 2735 1964 perfectorum,
2766 1894 3068 1965 quotquot
3105 1896 3252 1949 tunc
3277 1890 3470 1950 oculis
3503 1908 3569 1950 ea
3594 1893 3816 1961 cernent,

505 1981 585 2038 ad
600 1997 734 2055 quae
756 1996 918 2038 nunc
949 1981 1135 2038 animi
1151 1979 1514 2053 cogitatione
1540 1979 1897 2053 respiciunt.

1044 2069 1383 2128 EPISTOLA
1409 2070 1610 2127 CXVI".

2818 2076 3156 2126 ΕΠΙΣΤΟΛΗ
3198 2072 3317 2135 ΡΙς’

500 2141 838 2217 Firminum
861 2158 996 2217 cum
1026 2141 1294 2200 audisset
1330 2142 1614 2214 Basilius,
1638 2142 1855 2217 relicta
1884 2141 2021 2199 vitae
2045 2141 2316 2217 asceticw
2344 2138 2788 2217 exercitatione,
2814 2146 3201 2217 arma‘sequi,
3235 2144 3591 2203 dehortatur
3622 2158 3731 2203 eum
3755 2141 3812 2200 ab

576 2214 688 2272 hoc
718 2215 987 2286 consilio,
1012 2220 1192 2289 atque
1220 2216 1436 2289 auctor
1473 2220 1580 2289 est,
1605 2219 1671 2270 ut
1703 2215 1899 2272 beatos
1914 2215 2330 2286 progenitores
2346 2214 2523 2271 malit
2547 2216 2757 2286 patria
2786 2215 3068 2288 regenda,
3085 2214 3292 2289 'quam
3308 2223 3628 2289 paternum
3672 2231 3810 2274 avum

565 2302 875 2344 armorum
900 2286 1274 2357 professione
1306 2286 1557 2341 imitari.

1182 2374 1473 2432 Firmino.

574 2464 641 2522 Et
666 2480 819 2522 rarae
847 2469 989 2522 sunt
1016 2464 1227 2522 litteras
1257 2467 1374 2521 tuae
1406 2468 1464 2521 et
1488 2462 1721 2536 breves,
1756 2463 1883 2520 sive
1913 2463 2162 2535 segnitie

512 2555 838 2623 scribendi,
894 2555 1021 2612 sive
1078 2554 1307 2627 alioqui
1362 2553 1671 2625 satietatis,
1705 2569 1843 2627 quae
1881 2569 1956 2611 ex
1984 2554 2161 2627 copia

501 2645 670 2701 nasci
695 2650 918 2718 posset,
951 2644 1215 2702 vitandas
1248 2644 1503 2700 consilio
1536 2662 1550 2712 ;
1584 2644 1711 2700 sive
1766 2644 1939 2717 quod
1976 2644 2159 2700 etiam

497 2736 629 2809 ipse
657 2735 951 2792 sermonis
973 2735 1253 2792 brevitati
1282 2734 1675 2792 assuefacias.
1690 2734 1871 2791 Nobis
1894 2739 2050 2792 certe
2068 2735 2159 2791 ni-

498 2825 580 2881 hil
600 2825 742 2881 satis
769 2830 876 2897 est,
900 2824 1007 2881 sed
1037 2823 1269 2882 etiamsi
1319 2825 1661 2881 redundent
1700 2825 1876 2897 copia
1924 2824 2160 2881 deside-

2949 2381 3198 2451 Φιρμίνῳ.

2345 2468 2445 2518 Καὶ
2495 2464 2690 2519 σπάνιά
2720 2482 2816 2519 σου
2863 2468 2930 2520 τὰ
2974 2469 3287 2540 γράμματα,
3330 2472 3422 2522 καὶ
3479 2468 3632 2543 μικρὰ
3658 2470 3794 2529 ταῦτα,

2269 2553 2299 2613 ἣ
2333 2557 2464 2606 ὅκνῶ
2510 2562 2601 2607 τοῦ
2643 2575 2877 2630 γραφειν,
2912 2556 2942 2615 ἢ
2993 2555 3176 2628 ἄλλως,
3237 2560 3329 2610 τὸν
3386 2557 3441 2610 ἐκ
3494 2564 3582 2611 τοῦ
3631 2554 3806 2612 πλήθους

2268 2648 2419 2717 κόρον
2465 2640 2765 2718 διαφεύγειν
2808 2646 3223 2720 οἰκονομοῦντος,
3264 2652 3406 2707 ἤπου
3434 2653 3523 2702 καὶ
3571 2649 3680 2720 πρὸς
3710 2643 3811 2717 βρα·

2268 2733 2526 2807 χυλογίαν
2588 2735 2765 2788 ἑαυτὸν
2827 2736 3209 2800 συνεθίζοντος.
3277 2738 3433 2811 Ἡμῖν
3479 2742 3641 2812 μέντοι
3695 2728 3812 2786 οὐδὲν

2268 2822 2491 2899 ἐξαρκεῖ,
2527 2822 2657 2877 ἀλλά
2694 2823 2790 2877 κᾶν
2838 2824 3129 2901 ὑπερϐάλλῃ
3170 2835 3243 2898 τῷ
3302 2827 3508 2897 πλήθει,
3551 2833 3637 2888 τῆς
3678 2821 3816 2875 ἐπιθυ-

496 2914 586 2972 rio
628 2915 894 2987 impares
937 2919 1115 2972 sunt:
1156 2931 1229 2971 eo
1290 2916 1457 2988 quod
1499 2915 1677 2971 velim
1737 2914 2007 2985 singulas
2062 2930 2158 2971 res

2269 2918 2394 2986 μίας
2451 2911 2591 2966 ἐστὶν
2642 2913 2852 2981 ἐλάττω,
2895 2911 2991 2968 δια
3044 2919 3102 2969 τὸ
3159 2915 3451 2989 βούλεσθαι
3489 2917 3673 2971 ἕκαστα
3706 2909 3817 2983 (Μ’)

496 3009 631 3062 tuas
671 3005 919 3070 discere,
963 3006 1278 3079 quomodo
1322 3006 1428 3062 tibi
1475 3022 1698 3080 corpus
1727 3006 1969 3076 habeat,
2007 3021 2159 3079 quo-

494 3095 680 3152 modo
737 3095 981 3169 pietatis
1051 3095 1435 3162 exercitatio;
1486 3101 1689 3151 utrum
1758 3095 1821 3151 in
1868 3095 1942 3150 iis
2018 3110 2156 3166 quae

494 3180 662 3239 initio
720 3183 1058 3253 decrevisti,
1127 3201 1526 3258 perseveres;
1569 3200 1649 3240 an
1717 3180 1948 3256 aliquid
2014 3183 2159 3239 novi

494 3271 727 3327 consilii
770 3274 1129 3346 susceperis,
1179 3278 1245 3330 ut
1300 3289 1559 3347 quaeque
1595 3288 1691 3329 res
1739 3273 2042 3339 accidunt,
2075 3272 2159 3328 ita

496 3361 855 3419 sententiam
902 3362 1254 3421 immutans.
1312 3364 1483 3428 Quod
1532 3363 1580 3418 si
1638 3363 1801 3419 idem
1845 3377 2158 3435 permane-

494 3464 614 3519 res,
680 3450 1133 3509 multitudinem
1209 3453 1545 3510 litterarum
1622 3468 1748 3509 non
1803 3466 2156 3525 exposcere-

492 3540 815 3610 mus;sed
870 3540 1016 3597 satis
1079 3542 1259 3598 nobis
1311 3546 1469 3598 esset
1532 3542 1649 3598 hoc
1704 3546 1980 3599 tantum:
2044 3542 2161 3597 Ille

492 3629 630 3686 illi:
679 3632 882 3689 valere
909 3647 1012 3688 nos
1041 3634 1217 3705 scias,
1245 3638 1298 3689 et
1326 3633 1480 3689 vale.
1498 3632 1798 3699 Quoniam
1826 3636 2028 3689 autem
2055 3646 2161 3688 au-

492 3719 716 3792 dimus,
748 3738 886 3796 quae
916 3727 975 3779 et
998 3723 1197 3780 dicere
1227 3738 1340 3779 nos
1364 3722 1570 3797 pudet,
1626 3727 1681 3779 te
1709 3722 1917 3779 relicto
1945 3722 2160 3778 beato-

486 3826 625 3867 rum
669 3814 1127 3884 progenitorum
1180 3813 1394 3871 ordine
1443 3812 1522 3868 ad
1589 3828 1777 3870 avum
1835 3818 2160 3885 paternum

488 3902 950 3972 transfugere,et
978 3904 1347 3961 Brettanium
1379 3902 1507 3959 ﬁeri
1538 3902 1690 3960 velle
1714 3918 1829 3976 pro
1877 3903 2155 3963 Firmino,

490 3989 619 4046 haec
640 3991 776 4064 ipsa
826 4007 1078 4048 avemus
1127 3992 1357 4058 audire,
1386 3996 1442 4050 et
1467 3994 1690 4067 quibus
1720 3993 2057 4051 rationibus
2080 3994 2161 4051 ad

488 4078 649 4136 hanc
690 4080 826 4137 vitae
855 4080 1020 4138 viam
1047 4081 1384 4139 ineundam
1414 4083 1717 4140 adductus
1754 4083 1859 4151 sis,
1904 4083 2157 4141 discere.

490 4169 712 4225 Verum
773 4170 1069 4242 quoniam
1112 4171 1242 4243 ipse
1271 4171 1353 4228 ob
1382 4171 1615 4228 consilii
1644 4171 1943 4243 pudorem
1973 4173 2161 4230 conti-

2266 3007 2385 3077 περὶ
2444 3011 2539 3055 σοῦ
2589 3005 2901 3076 μανθάνειν·
2964 3014 3077 3067 πῶς
3117 3010 3208 3079 μέν
3273 3027 3359 3061 σοι
3416 3010 3475 3060 τὸ
3516 3014 3655 3078 σῶμα
3711 3003 3815 3073 ἔχει,

2267 3095 2404 3155 ὅπως
2433 3088 2494 3146 δέ
2522 3111 2608 3145 σοι
2652 3097 2716 3146 τὰ
2759 3103 2849 3156 τῆς
2893 3093 3200 3159 ἀσκήσεως·
3252 3102 3346 3151 καὶ
3374 3101 3583 3170 πότερον
3610 3092 3820 3165 ἐπιμένεις

2264 3190 2372 3243 τοῖς
2420 3181 2474 3245 ἕξ
2526 3181 2702 3256 ἀρχῆς
2757 3182 3114 3258 ἐγνωσμένοις,
3156 3189 3186 3244 ἣ
3239 3205 3293 3238 τι
3331 3192 3422 3240 καὶ
3460 3181 3818 3260 μετεϐουλεύσω,

2267 3274 2393 3346 πρὸς
2454 3274 2521 3325 τὰ
2626 3278 2996 3346 συμπίπτοντα
3095 3280 3190 3335 τὴν
3287 3282 3500 3350 γνώμην
3589 3270 3818 3347 μετατιθέ-

2265 3380 2417 3435 μενος
2472 3362 2604 3435 (95).
2674 3363 2733 3416 Εἰ
2802 3367 2892 3436 μὲν
2959 3362 3046 3417 οὖν
3117 3367 3142 3417 ὁ
3200 3365 3361 3429 αὐτὸς
3422 3363 3667 3438 διέμεινας
3708 3356 3820 3430 (9ὅ’)

2269 3459 2471 3523 σεαυτῷ
2501 3495 2514 3519 ,
2602 3452 2696 3505 οὐκ
2784 3452 2845 3505 ἂν
2918 3454 3117 3517 πλῆθος
3192 3458 3516 3529 γραμμάτων
3583 3451 3822 3513 ἐπεζητοῦ-

2266 3560 2375 3614 μςν,
2432 3540 2538 3593 ἀλλ’
2568 3540 2778 3615 ἐξήρκει
2817 3545 2943 3616 ἡμῖν
2986 3552 3235 3597 τοσοῦτον
3256 3566 3268 3578 ·
3323 3544 3382 3599 ³0
3406 3542 3549 3598 δεῖνα
3583 3548 3653 3611 τῷ
3681 3534 3818 3591 δεῖνισ

2267 3632 2516 3703 ὑγιαίνειν
2565 3634 2707 3705 ἡμᾶς
2748 3634 2882 3699 ἴσθι,
2938 3636 3028 3686 καὶ
3076 3633 3312 3708 ἔρρωσο*
3369 3633 3476 3687 ἐπεὶ
3524 3629 3580 3684 δέ
3610 3629 3821 3698 ἀκούομεν

2268 3720 2303 3773 ἂ
2364 3726 2457 3773 καὶ
2505 3720 2667 3793 λέγειν
2730 3721 3116 3795 αἰσχυνόμεθα,
3168 3723 3525 3777 καταλιπόντα
3553 3739 3607 3774 σε
3639 3720 3823 3776 τὴντῶν

2268 3815 2540 3886 μακαρίων
2594 3815 2860 3885 προγόνων
2925 3812 3110 3881 τάξιν,
3178 3811 3262 3865 ἐπὶ
3327 3817 3420 3867 τὸν
3483 3813 3608 3886 πρὸς
3661 3804 3825 3876 πατρὸς

2268 3902 2482 3953 πάππον
2563 3899 2865 3973 αὐτομολεῖν
2899 3944 2912 3971 ,
2994 3905 3085 3953 καὶ
3171 3904 3477 3978 Βρεττάνιον
3550 3890 3826 3953 σπουδάζειν

2268 3992 2513 4062 γενέσθαι
2576 3988 2691 4042 ἀντὶ
2751 3994 2998 4065 Φιρμίνου
3034 4012 3046 4024 ·
3117 3990 3467 4066 ἐπιζητοῦμεν
3523 3989 3649 4043 αύτὰ
3689 3988 3827 4036 ταῦτα

2271 4078 2497 4133 ἀκοῦσαι
2562 4080 2714 4153 (96),
2763 4084 2854 4133 καὶ
2912 4083 3033 4144 τούς
3067 4080 3359 4155 λογισμούς
3413 4082 3588 4156 μαθεῖν
3626 4067 3828 4156 καθόὗς

2269 4168 2355 4222 ἐπὶ
2383 4173 2578 4229 ταύτην
2628 4169 2786 4223 ἐλθεῖν
2834 4177 2927 4223 τοῦ
2984 4169 3108 4243 βίου
3146 4176 3241 4230 τὴν
3272 4168 3400 4225 ὁδὸν
3425 4171 3688 4242 ὑπήχθης.
3715 4155 3826 4216 Ἀλλ’

492 4258 665 4314 cuisti
699 4280 712 4315 :
740 4275 853 4315 nos
884 4263 938 4317 te
964 4259 1382 4331 adhortamur,
1410 4265 1475 4317 ut
1494 4261 1729 4332 pudore
1750 4260 1939 4331 digna
1967 4262 2161 4318 consi-

2270 4256 2451 4318 ἐπειδὴ
2509 4259 2669 4321 αὐτὸς
2723 4257 3101 4323 ἁπεσιὼπησας
3160 4257 3308 4313 αἰδοῖ
3354 4268 3447 4315 τοῦ
3496 4256 3824 4333 βουλεύματος,

490 4346 573 4405 lia
597 4362 722 4404 non
752 4348 982 4420 capias,
1008 4352 1065 4405 et
1097 4347 1146 4404 si
1172 4348 1319 4422 quid
1350 4348 1820 4405 subiitanimum
1844 4350 2160 4419 tuum,hoc

494 4453 568 4493 ex
596 4442 796 4494 mente
827 4438 1101 4511 expulso,
1132 4437 1351 4495 iterum
1391 4437 1471 4495 ad
1498 4443 1554 4495 te
1585 4438 1818 4503 redeas,
1849 4455 1919 4495 ac
1974 4439 2158 4511 longo

492 4526 623 4584 vale
644 4527 868 4585 militiae
895 4527 1204 4600 armisque
1233 4533 1292 4584 et
1311 4532 1646 4584 castrorum
1662 4528 1951 4585 molestiis
1979 4531 2158 4602 209

494 4616 678 4688 dicto,
699 4622 997 4676 revertare
1022 4618 1085 4675 in
1116 4617 1398 4691 patriam,
1432 4617 1577 4674 satis
1607 4617 1688 4674 ad
1716 4619 1853 4674 vitae
1876 4619 2158 4676 securita-

493 4711 616 4762 tem
641 4712 699 4763 et
724 4707 805 4763 ad
850 4723 1097 4765 omnem
1139 4707 1526 4781 splendorem
1582 4706 1953 4776 existimans,
1998 4708 2156 4776 urbi,

493 4793 702 4851 itidem
725 4802 788 4853 ut
818 4798 1102 4870 majores,
1134 4814 1391 4871 praeesse
1426 4814 1438 4854 :
1468 4797 1528 4854 id
1553 4797 1721 4871 quod
1748 4796 1857 4854 tibi
1897 4797 2045 4854 citra
2072 4797 2158 4854 la-

495 4882 711 4939 borem
745 4884 1150 4944 obventurum
1182 4888 1561 4960 conﬁdimus,
1606 4886 1997 4960 respicientes
2030 4892 2158 4944 tum

499 4972 581 5028 ad
606 4972 859 5030 idoneas
886 4980 1117 5033 naturae
1165 4977 1355 5045 dotes,
1388 4981 1517 5034 tum
1573 4977 1653 5035 ad
1702 4976 2158 5050 competitorum

571 5078 789 5163 “taliae
817 5083 1545 5163 CLXXIY.‘§cripta_cﬂirca
1573 5101 1678 5163 an.
1705 5089 1833 5163 37g.

571 5152 681 5222 (94)
722 5152 984 5228 fliam-ru.
1025 5153 1175 5228 Editi
1224 5152 1378 5228 πανθ’
1408 5158 1628 5228 ἕκαστα,
1672 5156 1789 5212 'sed
1819 5154 2017 5228 prima
2045 5174 2167 5214 vox

499 5222 808 5305 deestim
837 5223 1269 5305 antiquissimis
1321 5222 1865 5305 codicibuspoisl.
1920 5234 1980 5305 et
2014 5229 2163 5305 Med.

498 5296 713 5421 ἓεξέἓι
736 5294 915 5352 etiam
944 5294 1008 5351 in
1038 5294 1372 5369 Harlaaano,
1405 5300 1513 5356 sed
1542 5298 1750 5356 addita
1781 5303 1874 5356 est
1924 5300 2005 5357 ab
2049 5300 2169 5359 alia

572 5440 677 5517 (95)
725 5440 1150 5517 Μετατιριῄιιενρς,
1210 5442 1321 5495 etc.
1350 5438 1496 5517 __S_i_c_
1534 5444 1797 5517 quatuor
1834 5442 2073 5500 codices
2110 5447 2168 5500 et

502 5510 701 5584 prima
724 5524 916 5566 manu
945 5510 1320 5584 Harlaeanus:
1350 5510 1500 5566 Editi
1525 5510 1890 5584 μεταθέμενος.

577 5580 685 5635 (95)
743 5564 1227 5651 Atiuetvagtmﬂéd.
1591 5564 1780 5642 Paulo
1822 5564 1983 5657 νρτοει
2024 5585 2166 5644 editi

2269 4352 2420 4421 ἡμεῖς
2474 4367 2532 4401 σε
2578 4349 2977 4423 παρακαλοῦμεν
3026 4353 3159 4422 μήτε
3211 4349 3555 4423 βουλεύεσθαι
3600 4342 3826 4414 αἰσχύνης

2268 4438 2411 4504 ἄξια,
2439 4442 2529 4490 καὶ
2583 4440 2627 4490 εἴ
2671 4458 2721 4490 τι
2762 4434 3033 4513 ύπέὸραμέ
3082 4459 3177 4492 σου
3227 4443 3315 4493 τὸν
3344 4446 3484 4509 νοῦν,
3535 4432 3824 4489 ἀπελάσαντα

2268 4535 2424 4580 τοῦτο
2486 4536 2582 4588 τῆς
2626 4524 2902 4594 διανοίας,
2954 4536 3178 4582 σεαυτοῦ
3220 4532 3461 4602 γενέσθαι
3509 4524 3655 4581 πάλιν
3683 4559 3698 4586 ν
3755 4514 3827 4567 καὶ

2268 4619 2447 4691 μακρὰ
2483 4622 2694 4691 χαίρειν
2734 4616 2941 4670 εἰπόντα
2982 4623 3233 4692 στρατείᾳ
3273 4624 3364 4671 καὶ
3394 4617 3579 4684 ὅπλοις,
3609 4614 3692 4664 καὶ
3738 4606 3827 4660 ταῖς

2268 4708 2354 4760 ἐπὶ
2414 4703 2772 4782 στρατοπέδου
2816 4705 3217 4784 ταλαιπωρίαις,
3272 4705 3576 4761 καταλαϐεῖν
3624 4704 3707 4758 τὴν
3740 4712 3824 4748 ποῖ’

2264 4792 2448 4871 τρίὸα,
2487 4794 2675 4869 ἀρκοῦν
2730 4797 2855 4871 πρὸς
2904 4793 3185 4870 ἀσφάλειαν
3218 4793 3343 4870 βίόυ
3392 4801 3480 4851 καὶ
3524 4793 3647 4868 πρὸς
3678 4790 3823 4840 πᾶσαν

2265 4888 2596 4962 περιφάνειαν
2648 4889 2706 4939 τὸ
2760 4883 2936 4948 ἐξίσου
2980 4894 3087 4947 τοῖς
3128 4892 3406 4963 προγόνοις
3459 4888 3706 4959 κρατῆσαι
3750 4876 3823 4928 τῆς

2266 4961 2463 5038 πόλεως
2533 4977 2900 5049 ἡγησάμενον
2981 4978 3104 5053 ὅπερ
3169 4961 3378 5040 ἇπόνως
3444 4993 3526 5028 σοι
3573 4961 3825 5042 supr/073'

2273 5082 2618 5166 ἐπεέητξῦμεῖδ
2644 5082 2797 5166 1599’
2821 5086 2993 5166 379*??-
3025 5062 3823 5166 Codicesantiglaissimi‘i‘iiii:

2274 5156 2421 5212 Med.
2446 5151 2622 5212 Coisl.
2637 5161 2693 5211 et
2706 5151 2868 5211 Harl:
2878 5156 3014 5212 utin
3027 5161 3309 5213 contextu
3325 5175 3338 5214 :
3375 5151 3519 5214 Méd.
3545 5151 3752 5223 primus
3770 5151 3824 5187 τα

2277 5226 2585 5303 ἀκουόμενα,
2623 5227 2762 5294 Qua:
2778 5228 3059 5303 audimus
3079 5228 3269 5303 pudet
3288 5229 3500 5303 (licere.
3543 5297 3552 5303 _
3675 5293 3693 5303 Ο

2349 5273 2759 5371 ξᾷἐιῖῖλὲοιῖσᾘ
2778 5273 2984 5371 ’ἐῖίῖΕό
2993 5273 3566 5371 Ἠαῗὲῗέἱᾶὶὶἶΐτῖάρά
3609 5293 3718 5371 eos...
3736 5273 3822 5371 sed

2276 5355 2401 5425 haec
2429 5355 2653 5426 desunt
2680 5370 2738 5425 in
2768 5369 2908 5426 edit.
2941 5370 3114 5427 Basil.
3148 5374 3206 5427 et
3232 5355 3337 5427 se:
3361 5355 3509 5427 mss:
3528 5355 3818 5433 codicibilﬁ-

2278 5444 2407 5497 Duo
2450 5445 2668 5515 autem
2706 5440 2967 5515 codices,
2997 5458 3218 5515 nempe
3247 5443 3560 5500 Vaticanus
3587 5437 3645 5515 ξι
3669 5416 3817 5515 εῗίᾲδξξ

2277 5512 2602 5587 secundus,
2654 5512 2883 5569 habent
2938 5490 3233 5587 Ιέρξξταηῆξ.
3265 5490 3448 5571 'ﬁ'éif
3485 5505 3658 5566 multo
3708 5490 3821 5568 P0St

2278 5583 2450 5643 Coisl.
2479 5583 2712 5657 primus
2742 5589 2939 5658 μήποτε
2967 5583 3334 5658 βουλεύεσθαι.
