4078 6390
177 344 266 407 333
1200 346 1701 413 EPISTOLARUM
1737 341 2021 410 CLASSIS
2044 346 2112 409 Π.
2140 344 2357 410 EPIST.
2378 350 2579 409 CXVII.

3478 346 3584 409 535

183 477 355 531 σεσθαι
417 480 894 555 πεπιστεύκαμεν,
941 481 1068 556 πρός
1104 494 1161 536 τε
1209 485 1299 541 την
1356 484 1412 536 ἑκ
1467 482 1669 555 φύσεως
1708 481 1795 533 ἔπι

1922 476 2314 550 paucitatem.
2349 475 2482 535 Sive
2531 472 2715 550 igitur
2769 468 2887 534 hoc
2940 470 3256 534 consilium
3287 473 3366 533 ab
3411 474 3580 533 initio

182 564 518 627 τηδαιότητα
565 568 869 645 ἀφορῶντες
899 576 988 626 καὶ
1037 575 1164 648 πρὸς
1213 576 1308 632 τὴν
1354 571 1575 648 ἐρημίαν
1616 578 1716 624 τῶν
1743 568 1815 622 ἐν-

185 662 496 731 ισταμένων.
535 661 663 713 Εἴτε
716 656 808 713 οὖν
846 665 921 735 μὴ
961 666 1164 734 γέγονεν
1212 661 1268 725 ἐξ
1325 660 1502 737 ἀρχῆς
1532 663 1562 721 ἡ
1604 666 1809 733 γνώμη,

186 752 276 803 εἴτε
315 752 582 823 γενομένη
638 749 798 803 πάλιν
857 750 1180 821 ἐπιϐέϐληται,
1210 757 1469 827 γνώρισον
1518 751 1652 823 (96“)
1686 751 1812 823 ἡμῖν

184 838 227 892 ἐν
250 839 436 911 τάχει·
474 838 525 891 εἰ
549 835 636 905 δε,
670 839 697 892 ὂ
721 844 795 913 μὴ
843 843 1065 913 γένοιτο,
1097 843 1165 895 τὰ
1210 841 1346 895 αὐτὰ
1406 845 1545 915 μένει
1597 838 1814 914 βουλεύ-

182 948 358 1002 ματα,
422 927 791 1001 αὐτάγγελτος
850 930 975 1004 ἡμῖν
1043 931 1210 991 ἡκέτω
1239 932 1269 991 ἡ
1318 930 1581 1005 συμφορά·
1639 948 1812 1004 γραμ-

181 1020 362 1091 μάτων
385 1013 452 1072 δε
473 1018 542 1072 οὗ
561 1015 813 1092 δεόμεθα.

743 1186 1082 1237 ΕΠΙΣΤΟΛΗ
1133 1179 1270 1238 Plz"

1921 571 2168 640 captum
2198 580 2323 624 non
2344 570 2454 637 est,
2489 567 2616 624 sive
2644 570 2891 641 captum
2918 571 3130 640 postea
3156 565 3444 638 rejectum
3465 571 3576 632 est,

1922 659 2038 714 cito
2067 657 2246 714 nobis
2274 657 2612 730 signiﬁcato
2640 675 2654 714 :
2688 658 2738 714 si
2762 673 2918 725 vero,
2966 655 3132 730 quod
3153 656 3328 725 absit,
3362 655 3579 712 eadem

1919 752 2169 805 manent
2188 748 2458 817 consilia,
2490 764 2603 805 sua
2632 751 2846 821 sponte
2868 746 3147 804 nuntiata
3173 746 3353 803 nobis
3376 744 3579 802 veniat

1921 836 2233 897 calamitas
2252 856 2271 912 ς
2293 837 2502 896 litteris
2522 853 2664 895 vero
2685 852 2840 911 opus
2865 852 2992 895 non
3014 836 3339 895 habemus.

2438 1178 2778 1239 EPISTOLA
2817 1177 3039 1237 CXVII".

180 1336 500 1399 Firminus
521 1341 848 1412 respondet
865 1342 1234 1413 praecedenti
1254 1343 1538 1415 epistolas,
1562 1338 1828 1400 dolorem
1854 1358 2026 1400 suum
2047 1342 2371 1414 signiﬁcat,
2390 1341 2550 1415 quod
2568 1358 2605 1400 a
2632 1342 2878 1413 pietatis
2904 1337 3568 1415 exercitationedisces-

262 1415 778 1487 sissettpromz'ttit
805 1415 1083 1485 deinceps
1106 1432 1168 1472 se
1197 1413 1565 1486 ad'priorem
1594 1416 1777 1471 vitam
1806 1413 2141 1472 rediturum
2164 1434 2187 1479 ;
2214 1429 2391 1487 seque
2403 1413 2876 1485 impetraturum
2889 1417 3172 1487 speratut
3194 1413 3568 1487 dimittatur.

264 1486 560 1543 Caeterum
593 1488 704 1543 Dei
731 1487 971 1545 auxilio
1001 1484 1249 1558 conﬁdit
1289 1484 1460 1546 suam
1508 1487 1878 1559 virginitatis
1933 1487 2246 1545 servanda
2278 1484 2647 1545 uoluntatem
2699 1487 2883 1558 regiis
2923 1484 3228 1544 mandatis
3272 1485 3568 1554 potiorem

246 1559 559 1628 futuram.

517 1702 866 1781 Ἀνεπίγραφο
874 1703 1067 1779 ς;(97),
1089 1702 1175 1759 ἐπὶ
1215 1701 1441 1764 ἀσκήσει
1453 1746 1468 1762 .

242 1920 387 1993 Ἐγὼ
435 1922 528 1972 καὶ
580 1916 748 1982 ἄλλως
802 1917 1097 1994 ὀφείλεσθαι
1137 1928 1202 1994 τῇ
1262 1920 1485 1998 ὑμετέρᾳ
1533 1922 1803 1994 τιμιότητι

171 2010 409 2083 ἄμα-στὸν
469 2010 696 2083 νομίζωο
746 2012 927 2064 καὶτὸ
960 2018 1048 2063 νῦν
1098 2008 1158 2065 (re
1195 2018 1352 2064 τοῦτο
1409 2015 1723 2087 φρόντισμα,
1756 2007 1803 2060 ἐν

176 2100 221 2171 ᾧ
280 2096 438 2174 ἔσμεν
460 2143 480 2173 ,
543 2098 837 2173 ἀναγκαίως
911 2102 1053 2174 ἡμᾶς
1135 2102 1450 2163 ὑπευθύνους
1526 2108 1640 2163 ταῖς
1702 2107 1807 2153 τῶν

172 2194 429 2243 τοιούτων
494 2191 828 2266 πραγμάτων
876 2191 1186 2266 ὑπηρεσίαις
1240 2194 1564 2261 καθίστησι,
1605 2191 1703 2243 κάν
1755 2192 1805 2243 οι

174 2282 433 2351 τυχόντες
463 2275 598 2332 ὦσιν
625 2279 766 2352 (97‘)
817 2282 867 2333 οἱ
925 2278 1301 2351 ἰπιτάττοντες,
1325 2285 1397 2355 μὴ
1457 2281 1538 2335 ὃτι
1580 2282 1728 2355 ὑμεῖς
1754 2282 1803 2334 οἱ

164 2369 379 2432 πολλοῖς
412 2364 655 2433 δικαίοις
695 2374 787 2423 καὶ
834 2369 1006 2433 ἄλλοις
1042 2374 1173 2448 πρὸς
1201 2374 1343 2445 ἡμᾶς
1402 2376 1798 2447 συναπτόμενοι.

160 2461 245 2513 Τὰ
467 2456 563 2513 οὖν
622 2458 951 2534 παρελθόντα
1008 2461 1074 2523 εἰς
1125 2459 1357 2525 ἐξέτασιν
1432 2462 1642 2536 ἀγαγεῖν
1705 2462 1800 2515 οὐκ

170 2546 510 2621 itemfor
562 2546 648 2603 ὄπι
704 2548 820 2610 ίνῆν
898 2550 1059 2605 εἰπεῖν
1086 2594 1102 2621 ,
1156 2552 1238 2605 ὅτι
1294 2552 1445 2625 ἡμεῖς
1524 2550 1802 2627 ὄγενόμεθα

176 2637 396 2701 ἑαυτοῖς
453 2645 555 2692 τῶν
609 2641 867 2714 ταράχων
925 2642 1086 2694 αἴτιοι
1114 2683 1129 2711 ,
1179 2650 1273 2703 τῆς
1346 2639 1550 2715 ἀγαθῆς
1604 2640 1803 2705 ἐκείνης

182 2725 474 2789 ἀσκήσεως
502 2733 589 2782 καὶ
630 2733 799 2803 μόνης
829 2724 1067 2803 ἀγούσης
1109 2733 1242 2808 πρὸς
1272 2735 1538 2806 σωτηρίαν
1586 2731 1803 2805 φελονιι-

177 2821 457 2880 κύσαντες
485 2817 771 2881 ἀποστῆναι
792 2831 810 2851 ⁸
846 2816 934 2873 διο
980 2822 1130 2894 τάχα
1156 2824 1246 2875 καὶ
1270 2828 1341 2893 τῷ
1371 2824 1595 2896 ταράχῳ
1636 2825 1800 2896 τούτῳ

178 2907 263 2970 εἰς
316 2911 601 2982 πειρασμόν
647 2906 1037 2986 παρεδόθημεν.
1071 2909 1209 2964 Ἀλλ’
1251 2910 1420 2965 ἐκεῖνα
1482 2914 1572 2986 μὲν
1601 2915 1795 2986 γέγονε,

175 3001 279 3051 καὶ
344 2998 687 3071 ὑπομνήσεως
744 2998 989 3070 ἠξιώθη,
1045 3000 1181 3056 ὥστε
1231 3005 1303 3075 μὴ
1370 2998 1609 3076 δεύτερον
1660 3004 1800 3076 ἡμᾶς

172 3093 289 3150 τοῖς
324 3088 524 3161 ὁμοίοις
579 3094 877 3165 περιπεσεῖν
901 3106 914 3120 ⁸
948 3091 1017 3143 τὰ
1074 3086 1133 3144 δε
1185 3089 1385 3164 ἐφεξῆς,
1416 3093 1552 3146 πάνυ
1616 3091 1801 3166 βούλο-

159 3196 267 3251 μαι
305 3178 761 3254 πληροφορίῖσθαί
806 3196 902 3232 σου
941 3183 1031 3239 τὴν
1069 3178 1355 3249 εὐλάϐειαν,
1388 3180 1487 3253 ὃτι,
1518 3188 1612 3235 τοῦ
1664 3189 1798 3237 Θεοῦ

160 3275 611 3343 συγχωροῦντος,
635 3269 812 3343 ῥᾷστα
850 3270 976 3343 ἡμῖν
1006 3275 1413 3346 προσχωρήσει,
1434 3279 1528 3325 τοῦ
1555 3275 1799 3347 πρᾶγμα.

156 3377 251 3422 τος
301 3362 400 3412 καὶ
450 3357 667 3432 ἔννομον
719 3362 998 3425 ὄντος,καὶ
1047 3357 1200 3413 οὐδ’ἐν
1252 3362 1462 3433 ἔχοντος
1516 3360 1678 3436 βαρὺ,
1709 3371 1799 3422 καὶ

151 3456 261 3500 τῶν
316 3448 485 3521 φίλων
550 3444 701 3520 ἡμῶν
751 3448 949 3501 πολλῶν
986 3449 1101 3521 (98)
1132 3448 1347 3523 ἕτοιμως
1408 3451 1796 3526 χαριζομένων,

154 3541 323 3591 ὄντων
379 3535 436 3589 ἓν
506 3543 584 3607 τῷ
652 3534 998 3610 στρατοπεδῳ
1024 3579 1038 3596 .
1088 3541 1472 3596 Τνπωθὴσεται
1531 3536 1620 3592 οὖν
1671 3546 1799 3617 παρ’

156 3631 311 3701 ἡμῶν
364 3623 582 3697 δέησις,
612 3629 751 3679 κατά
805 3631 900 3687 τὴν
947 3629 1237 3700 ὁμοιότητα
1267 3636 1360 3681 τοῦ
1418 3625 1798 3703 προσδοθέντος

152 3714 401 3771 λιϐέλλου
475 3720 552 3786 τῷ
611 3711 840 3791 βικαρίῳ
872 3737 885 3750 υ
942 3714 991 3771 ἒν
1057 3715 1089 3791 ᾖ
1158 3715 1242 3771 ἐὰν
1291 3723 1363 3792 μή
1440 3737 1520 3781 τις
1582 3723 1798 3793 γένηται

152 3807 433 3884 παρολκὴ,
474 3804 664 3865 εὐθέως
717 3804 1171 3879 ἂποπεμψόμεθα,
1220 3812 1316 3867 τὴν
1369 3807 1425 3861 ἔκ
1480 3815 1573 3862 τοῦ
1627 3812 1795 3884 γράμ-

152 3916 327 3971 ματος
385 3899 508 3968 (99)
554 3890 737 3948 ἄδειαν
810 3901 1167 3970 παρεχόμενοι
1199 3938 1212 3951 .
1272 3900 1567 3971 Πέπεισμαι
1623 3894 1686 3952 δι
1746 3898 1795 3953 ἐν

152 3988 431 4048 τοιούτοις
484 3984 669 4058 μεῖξον
720 3990 822 4038 τῶν
891 3983 1184 4058 βασιλικῶν
1225 3988 1646 4061 προσταγμάτων
1697 3993 1792 4049 τὴν

149 4078 479 4153 προαίρεσιν
506 4074 658 4148 ἡμῶν
702 4070 934 4147 ἰσχύειν,
957 4073 1019 4135 ἦν
1059 4070 1143 4129 ἐὰν
1174 4076 1425 4151 ἄτρεπτον
1468 4082 1560 4131 καὶ⁵
1609 4076 1788 4139 ἀκλινῆ

152 4165 217 4220 ἑκ
279 4172 377 4219 τοῦ
424 4167 565 4220 κατᾶ
612 4169 710 4225 τὴν
758 4164 931 4240 ἀκμὴν
976 4164 1101 4240 βίον
1151 4163 1567 4242 ἕπιδειξώμεθα,
1624 4169 1793 4224 ἀνεπι-

147 4260 423 4332 χείρητος
452 4254 581 4328 ἡμῖν
622 4258 714 4309 καὶ
762 4254 960 4318 ἄσυλος
989 4251 1084 4308 διὰ
1114 4263 1215 4319 τῆς
1255 4264 1349 4311 τοῦ
1381 4264 1515 4312 Θεοῦ
1544 4256 1794 4332 βοηθείας

1915 1702 2056 1761 Sine
2092 1701 2500 1774 inscriptione,
2530 1701 2649 1775 pix
2672 1715 2746 1759 ac
2785 1698 3088 1773 religiosa:
3123 1697 3573 1760 exercitationis

2638 1806 2840 1850 causa.

1986 1920 2109 1989 Ego
2131 1921 2187 1975 et
2210 1917 2358 1977 alias
2394 1921 2511 1975 tuae
2566 1932 2666 1975 me
2712 1915 2993 1988 dignitati
3044 1915 3254 1974 deberi
3301 1919 3482 1990 puto;
3516 1918 3575 1973 et

1913 2022 2079 2065 nunc
2120 2007 2222 2066 illa
2270 2007 2608 2065 sollicitudo
2661 2007 2724 2063 in
2779 2022 2905 2080 qua
2955 2022 3186 2074 versor,
3219 2005 3569 2064 necessario

1913 2113 2013 2155 me
2068 2100 2148 2170 (l)
2201 2098 2504 2171 ejusmodi
2575 2096 2921 2154 ministeriis
2999 2095 3337 2153 obnoxium
3402 2095 3567 2163 facit,

1913 2187 2148 2245 etiamsi
2166 2189 2363 2262 quivis
2385 2204 2417 2244 e
2437 2186 2617 2245 turba
2643 2190 2967 2260 praecepta,
2988 2185 3189 2242 tradat
3214 2185 3444 2242 nedum
3480 2189 3565 2256 tu,

1911 2293 2099 2350 quem
2120 2278 2314 2336 multa
2331 2290 2572 2335 mecum
2594 2280 2652 2333 et
2668 2275 2787 2333 alia
2802 2275 2940 2347 jura
2959 2276 3572 2348 conjungunt.ltaque

1910 2369 2216 2442 praeterita
2271 2366 2612 2442 expendere
2647 2381 2896 2423 necesse
2923 2380 3050 2423 non
3096 2369 3225 2436 est;
3264 2365 3571 2438 siquidem

1910 2458 2109 2516 dicere
2131 2458 2290 2528 licet,
2316 2473 2567 2516 causam
2596 2470 2695 2513 me
2723 2455 2914 2513 fuisse
2943 2454 3391 2525 molestiarum;
3420 2455 3573 2514 dum

1912 2565 1951 2608 a
1994 2550 2162 2609 bona
2187 2549 2292 2607 illa
2336 2548 2575 2623 pietatis
2617 2546 3060 2618 exercitatione,
3082 2550 3140 2604 et
3164 2562 3302 2620 quas
3332 2547 3463 2605 sola
3490 2547 3573 2605 ad

1912 2639 2173 2698 salutem
2222 2638 2409 2711 ducit,
2429 2636 2814 2711 pertinaciter
2836 2635 3132 2707 discessi;
3176 2637 3339 2694 unde
3365 2641 3425 2695 et
3454 2638 3571 2695 cito

1907 2729 2050 2787 huic
2089 2727 2532 2803 perturbationi
2564 2727 2646 2784 ad
2673 2726 3067 2783 tentationem
3092 2726 3293 2784 traditi
3318 2743 3561 2785 sumus.

1909 2823 2101 2893 Atque
2128 2818 2259 2875 haec
2286 2816 2537 2891 quidem
2566 2815 3069 2886 transierunt,nec
3090 2831 3338 2873 caruere
3357 2816 3575 2875 admo-

1908 2906 2228 2973 nitione,ut
2239 2922 2317 2964 ne
2346 2907 2563 2964 iterum
2594 2906 2657 2963 in
2673 2904 2891 2962 eadem
2906 2905 3072 2963 mala
3093 2904 3571 2973 incidam.Quod

1910 2998 2121 3055 attinet
2146 2997 2224 3055 ad
2253 2997 2474 3069 futura,
2499 2995 2705 3070 pietati
2726 2998 2838 3053 tuae
2867 2995 3408 3069 persuasissimum
3436 3011 3570 3053 esse

1910 3086 2112 3158 velim,
2152 3102 2225 3146 ea
2266 3086 2446 3145 nobis
2483 3087 2586 3144 Dei
2626 3086 2791 3144 dono
2828 3086 3113 3144 facillime
3154 3101 3518 3159 processura
3550 3105 3565 3157 ;

1910 3191 2050 3235 cum
2074 3194 2171 3236 res
2195 3182 2253 3236 et
2272 3192 2450 3252 requa
2480 3178 2575 3247 sit,
2596 3192 2710 3234 nec
2738 3177 3079 3251 quidquam
3108 3191 3292 3249 grave
3319 3176 3565 3248 habeat;

1908 3271 1967 3326 et
1989 3269 2169 3327 amici
2211 3267 2391 3327 nobis
2439 3267 2634 3340 multi,
2671 3268 2777 3340 qui
2807 3272 2948 3325 sunt
2972 3268 3037 3323 in
3087 3267 3248 3338 aula,
3279 3273 3566 3343 prompto

1909 3360 2115 3417 animo
2162 3357 2591 3430 gratiﬁcentur.
2632 3361 2838 3431 Itaque
2883 3356 3282 3415 delineabitur
3306 3373 3345 3415 a
3383 3359 3566 3417 nobis

1904 3451 2140 3523 rogatio
2160 3450 2242 3509 ad
2266 3449 2723 3507 similitudinem
2742 3448 2871 3507 dati
2888 3448 3074 3506 libelli
3094 3448 3317 3506 vicario
3339 3464 3352 3505 :
3375 3464 3567 3521 quam

1905 3541 2156 3615 quidem
2184 3540 2234 3597 si
2270 3540 2439 3598 nulla
2474 3539 2786 3614 protrahat
2827 3554 3022 3610 mora,
3048 3539 3257 3596 statim
3277 3538 3563 3609 dimittar,

1904 3646 1978 3688 ex
2005 3630 2231 3704 scripto
2271 3628 2634 3688 solutionem
2662 3632 2862 3686 metus
2890 3628 3169 3685 aﬂ‘erens.
3200 3631 3565 3685 Persuasum

1905 3727 2111 3781 autem
2126 3721 2327 3779 habeo
2337 3720 2395 3778 in
2420 3719 2717 3792 ejusmodi
2740 3719 2923 3776 rebus
2944 3719 3241 3791 potiorem
3261 3734 3391 3775 esse
3405 3718 3563 3788 regis

1901 3811 2209 3870 mandatis
2231 3809 2603 3868 voluntatem
2618 3812 3105 3881 nostram,quam
3117 3807 3166 3863 si
3178 3807 3564 3864 immutatam

1902 3917 1974 3960 ac
1997 3901 2316 3958 immotam
2347 3916 2383 3956 a
2408 3899 2720 3972 proposito
2739 3898 2874 3955 vitae
2899 3898 3176 3970 perfectas
3207 3896 3561 3966 exhibuero,

1899 3988 2388 4065 inexpugnabilis
2412 3988 2589 4045 nobis
2615 3991 2672 4045 et
2698 3986 3061 4045 inviolabilis
3078 3986 3181 4044 Dei
3199 3986 3423 4043 auxilio
3449 3985 3563 4043 vir-

1899 4081 2165 4152 ginitatis
2210 4079 2321 4136 erit
2356 4077 2655 4137 custodia.
2679 4080 2943 4136 Fratrem
2998 4080 3205 4134 autem
3256 4076 3406 4134 mihi
3434 4092 3472 4134 a
3507 4079 3562 4134 te

1901 4171 2192 4230 traditum
2213 4176 2271 4227 et
2295 4168 2511 4226 lubens
2554 4168 2764 4234 vidi,et
2786 4168 2939 4226 inter
2965 4167 3293 4226 familiares
3316 4166 3517 4225 habeo
3541 4182 3557 4224 :

1902 4275 2087 4334 quem
2109 4262 2167 4317 et
2187 4260 2307 4316 Deo
2336 4262 2393 4315 et
2420 4261 2522 4315 tuo
2551 4255 2899 4314 testimonio
2925 4255 3183 4326 dignum
3222 4271 3351 4311 esse
3390 4259 3555 4327 opto.

147 4353 255 4409 τῆς
300 4346 590 4422 παρθενίας
642 4344 674 4406 ἡ
727 4342 929 4419 φυλακὴ
978 4347 1055 4405 εἴη
1090 4389 1103 4403 .
1150 4348 1250 4401 Τόν
1309 4342 1370 4401 δὲ
1427 4345 1827 4424 ἐγχειρισθέντα
1874 4352 2000 4425 ἡμῖν
2058 4351 2203 4425 παρὰ
2257 4354 2353 4402 σοῦ
2417 4343 2636 4420 ἀδελφόν
2689 4350 2780 4400 καὶ
2839 4344 3169 4420 ἐθεασάμεθα
3222 4340 3413 4416 ἡδέως,
3472 4363 3543 4399 κα

153 4438 359 4509 ἔχομεν
408 4432 459 4488 ἄν
492 4441 603 4497 τοῖς
637 4439 947 4513 γνωρίμοις,
987 4430 1265 4511 εὐχόμενοι
1318 4436 1464 4502 ἄξιον
1514 4435 1645 4494 εἶναι
1691 4447 1785 4494 τοῦ
1835 4448 1969 4497 Θεοῦ
2018 4442 2110 4494 καὶ
2157 4446 2253 4502 τῆς
2308 4447 2407 4500 σῆς
2456 4441 2769 4514 μαρτυρίας.

236 4613 818 4688 (Μ’)Ῑνῴρισρντῐιο.
862 4612 1103 4674 codices
1161 4630 1309 4673 mss.
1359 4631 1603 4676 summo
1642 4632 1782 4677 con-
1816 4621 1859 4678 D
1892 4619 2091 4676 ferens
2122 4660 2137 4688 ,
2187 4619 2354 4675 metu
2397 4616 2566 4675 omni
2612 4619 2668 4674 te
2726 4613 3038 4674 exsolvam
3072 4654 3086 4670 .
3146 4614 3557 4673 Necessariam

152 4683 397 4762 ςειθῐιειιέΔ
412 4683 564 4762 Editl
589 4683 1100 4762 “JﬁIwaovLPaulo
1124 4692 1264 4762 post
1287 4688 1480 4762 editio!
1508 4691 1689 4748 Paris.
1724 4695 1782 4749 et

149 4756 443 4883 szcunda
471 4758 646 4816 Basil.
677 4761 850 4819 ίκίτω.
883 4759 1074 4818 Editio
1098 4756 1297 4834 prima
1329 4760 1507 4818 Basil.
1540 4767 1597 4820 et
1628 4779 1776 4820 mss.

149 4848 179 4883 η
258 4849 356 4883 τω.

144 4848 356 4890 ηκετω.

216 4902 350 4980 (97)
394 4901 797 4980 Ἀνεπίγραφες.
832 4903 1021 4980 Nemo
1059 4916 1195 4980 non
1241 4903 1405 4963 videt
1450 4903 1610 4980 hanc
1660 4904 1783 4980 epi-

132 4973 381 5051 stOlam
403 4988 538 5051 non
567 4973 701 5030 esse
728 4974 948 5049 Basilii,
975 4973 1084 5033 sed
1112 4976 1192 5033 ad
1217 4991 1359 5033 eum
1385 4977 1674 5051 scriptam
1695 4973 1780 5035 ab

134 5046 289 5119 ipso
311 5046 609 5103 Firmino.

137 5114 186 5199 ,”
219 5119 377 5199 (θῖῖ),
407 5121 681 5199 Τυχόντες
707 5114 855 5199 ὦσινΪ
889 5116 983 5177 Sic
1008 5117 1131 5178 duo
1159 5118 1561 5188 mss.,melius
1589 5134 1780 5195 quam

132 5188 209 5243 in
232 5188 437 5262 editis,
460 5188 717 5262 τνχόντις
749 5191 900 5246 εἰσίν.

216 5259 340 5334 (98)
383 5258 624 5334 Πολλὸᾷν.
660 5264 837 5319 Deest
887 5276 960 5334 ea
1008 5277 1129 5319 vox
1165 5262 1229 5320 in
1258 5262 1571 5321 codicibus
1618 5263 1780 5323 Vati-

137 5332 405 5407 gaudet
436 5332 740 5407 Medicago.
781 5332 967 5407 Paulo
1012 5339 1150 5407 post
1189 5336 1330 5407 Reg.
1374 5334 1680 5394 secundus
1722 5340 1781 5394 et

137 5403 335 5481 Cois}.
372 5403 685 5481 secundus
711 5401 1082 5481 προδοθωτὸς.

224 5476 341 5553 (99)
382 5477 723 5553 Γράμματος.
753 5476 1006 5553 Legitur
1055 5476 1119 5534 in
1170 5477 1535 5553 Coisliniano
1579 5479 1777 5553 primo

138 5548 503 5627 πράγματος,
530 5548 1149 5627 re_ipsa_sotutione_m
1174 5556 1366 5627 metus
1393 5548 1636 5627 afferes.
1663 5550 1779 5608 Sed

133 5619 366 5698 magis
415 5619 1491 5698 placuitvulgata_scriptura,_ix_reo
1533 5625 1778 5698 γράμμα-

130 5709 250 5745 του
278 5690 347 5749 id
376 5690 489 5765 est,
532 5693 761 5767 scripto
787 5690 1211 5763 consignafam
1251 5690 1778 5753 dimissionem'af-

1872 4903 2155 4980 ’Μάμαντα
2197 4908 2285 4957 τὸν
2345 4903 2683 4980 ἀναγνώστην
2717 4944 2730 4971 ,
2778 4907 2896 4955 ὄντα

1892 4691 2081 4748 fuisse
2126 4690 2430 4762 ejusmodi
2472 4690 2782 4762 scriptam;
2807 4688 3230 4744 dimissionem
3250 4690 3327 4762 _ut
3356 4690 3556 4762 omnis

1891 4766 2089 4844 metus
2122 4758 2496 4844 solveretur,
2527 4758 2786 4844 perspici
2824 4763 3024 4844 potest
3062 4758 3554 4844 “epistola-123

1892 4834 2159 4905 Gregorii
2190 4830 3071 4905 Nazianzeni,quiEllebichum
3087 4830 3179 4905 _sic
3206 4830 3551 4902 alloquitur:

2983 4904 3032 4954 εν
3078 4900 3180 4954 ἀπὸ
3229 4900 3553 4977 στρατιώτου

1889 4972 2108 5054 πατρὸς,
2134 4972 2624 5054 καθιερωθένταηδε
2677 4983 2749 5046 τῷ
2796 4982 2910 5045 Θεῳ
2938 4972 3033 5054 ιὰ
3067 4977 3154 5026 τόν
3185 4972 3401 5054 τρόπον,
3429 4977 3554 5049 ἄφες

1889 5058 1962 5122 τῷ
1992 5045 2101 5122 Θεῷ
2131 5053 2222 5102 καὶ
2271 5045 2397 5120 ἡμῖν
2425 5063 2439 5079 ⁸
2482 5045 2612 5099 ἀλλὰ
2638 5045 3143 5122 συναριθμὴσης
3162 5045 3273 5108 τοῖς
3300 5045 3549 5122 πλάνηγσι,

1890 5116 1981 5194 καί
2069 5116 2158 5194 δός
2232 5116 2449 5194 ἵγψραον
2507 5116 3010 5194 τὴνς-ἐλευθερίαν,
3059 5116 3173 5194 ⁸ἵνα
3243 5116 3384 5192 μηδὲ
3451 5121 3552 5194 ὑπό

1891 5192 2056 5246 ἄλλων
2132 5191 2533 5265 amputet-amt.
2610 5191 2979 5265 Mamantem
3052 5191 3330 5248 lectorem
3354 5234 3382 5265 ,4
3449 5192 3556 5263 qui

1891 5279 2023 5323 cum
2061 5263 2311 5321 militem
2359 5269 2601 5334 patrem
2651 5263 2889 5332 habeat,
2916 5264 3038 5319 Deo
3093 5269 3291 5319 tamen
3320 5263 3394 5318 ob
3427 5278 3551 5318 mo-

1888 5353 2025 5394 rum
2041 5335 2404 5407 probitatem
2431 5342 2813 5392 consecratus
2834 5339 2938 5402 est,
2972 5335 3094 5391 Deo
3115 5349 3186 5391 ac
3215 5334 3383 5407 nobis
3407 5334 3549 5389 mis-

1888 5423 2021 5465 sum
2041 5404 2170 5479 Tac,
2190 5423 2297 5465 nec
2325 5408 2487 5465 inter
2501 5423 2741 5465 errones
2769 5421 3026 5463 numera
3047 5419 3071 5479 ,'
3100 5411 3281 5477 atque
3303 5404 3545 5479 liberta-

1890 5487 2005 5538 tem
2036 5476 2108 5537 ac
2145 5476 2516 5537 uacationem
2544 5480 2598 5536 ei
2616 5481 2844 5549 scripto
2883 5476 3298 5548 consignatum
3331 5476 3544 5548 tribue,

1889 5550 2182 5625 utnehab
2210 5553 2348 5625 aliis
2380 5553 2617 5625 quidem
2643 5567 2755 5625 per
2784 5551 3154 5625 calumniam
3178 5554 3452 5625 vexetur.

1960 5624 1983 5697 ξ
2019 5622 2181 5697 Alias
2208 5622 2524 5697 CCXXXIY.
2560 5623 2791 5697 Scripta
2818 5622 2979 5679 circa
3008 5635 3109 5677 an.
3132 5622 3256 5677 372.

1962 5695 2043 5769 (l)
2079 5694 2222 5756 Vide
2250 5695 2567 5755 Addenda.
