4078 6396
110 322 211 383 541

1137 320 1629 388 EPISTOLARUM
1666 317 1952 385 CLASSIS
1988 326 2054 385 Π.
2095 319 2314 390 EPIST.
2365 326 2569 390 CXXII.

3450 329 3564 394 542

96 447 317 528 ῥᾳδίως
373 452 527 527 ἡμῖν
588 454 879 531 ὑπάρχειν.
906 455 1060 510 Ὅθεν
1110 455 1343 531 ὀλιγάκις
1395 451 1520 510 οἶδα
1546 457 1638 508 καὶ
1677 451 1760 507 ἐπι

1908 464 2041 513 raro
2070 471 2168 514 me
2211 456 2339 515 scio
2368 461 2426 516 et
2468 457 2547 516 ad
2577 459 2743 515 tuam
2792 456 3080 532 pietatem
3133 457 3468 533 scripsisse,
3505 449 3567 518 εί

106 541 326 604 στείλας
386 551 465 616 τῇ
531 543 784 619 εύλαϐεία
835 565 952 615 σου,
1007 550 1096 600 καὶ
1150 543 1424 620 δεξάμενος
1472 545 1789 619 γράμματα.

101 629 248 682 Ἀλλ’
282 630 507 693 ἐπειδὴ
571 637 599 687 ὁ
648 637 1013 697 ποθεινότατος
1044 633 1264 710 ἀδελφὸς
1313 638 1461 709 ἡμῶν
1524 638 1793 707 Σαγκτίσ··

107 738 272 793 σιμθς
354 723 496 788 (30)
575 725 602 777 ὀ
680 725 1139 800 συμπρεσϐύτερος
1211 730 1306 785 τὴν
1381 729 1573 800 μέχρις
1639 725 1792 797 ὑμῶν

103 806 466 889 ὁδοιπορίαν
499 816 736 885 ὑπέστη,
770 813 842 868 δι’
876 816 1036 869 αὐτοῦ
1064 820 1154 869 καὶ
1193 817 1633 891 προσφθέγγομαί
1695 808 1790 878 31)

108 918 198 952 σου
252 908 370 962 τὴν
456 909 824 979 κοσμιότητα,
888 905 978 958 καί
1030 905 1316 979 παρακαλῶ
1386 904 1786 979 προσεύχεσθαι

104 990 234 1066 ὑπὲρ
306 990 491 1066 ἐμοῦ,
538 997 634 1047 καὶ
698 1000 910 1069 χρῆσαι
961 998 1056 1054 τὴν
1095 993 1267 1053 σὰκοὴν
1342 1001 1415 1066 τῷ
1474 995 1787 1069 προειρημέα

109 1100 185 1153 νῳ
226 1084 365 1151 (32),
442 1086 596 1137 ὥστε
646 1084 771 1159 παρ’
819 1084 980 1137 αὐτοῦ
1032 1080 1371 1157 διδαχθῆναι
1418 1086 1486 1137 τὰ
1535 1091 1633 1136 τῶν
1667 1084 1779 1136 Ἐκ-

128 1171 365 1229 κλησιῶν
436 1171 496 1225 ἐν
558 1174 693 1234 οἵοις
721 1172 828 1237 (33)
864 1172 996 1242 ἐστὶ,
1044 1174 1136 1226 καὶ
1193 1177 1287 1233 τὴν
1328 1170 1558 1232 δυνατὴν
1617 1192 1779 1226 σπου-

126 1257 228 1321 δήν
282 1263 712 1335 εἰσενέγκασθαι
766 1263 837 1326 εἰς
893 1266 960 1317 τὰ
1009 1268 1346 1339 προκείμενα.
1412 1269 1640 1317 Γίνωσκε
1699 1260 1780 1321 δὲ,

112 1354 204 1405 ὅτι
234 1358 500 1415 Φαῦστος
528 1355 828 1426 γράμματα
854 1354 989 1427 ἔχων
1038 1354 1132 1413 ἧκε
1158 1357 1290 1426 πρὸς
1324 1355 1465 1428 ἡμᾶς
1502 1355 1648 1429 παρὰ
1676 1354 1784 1405 πά-

110 1462 200 1495 πα
234 1442 395 1507 (34),
454 1441 707 1504 ἀξιοῦντα
759 1442 915 1496 αύτὸν
943 1444 1184 1516 γενέσθαι
1227 1445 1531 1499 ἐπίσκοπον.
1563 1438 1778 1502 Ἐπειδὴ

116 1527 187 1585 3‘s
234 1533 527 1605 ᾐτήσαμεν
570 1533 723 1606 ἡμεῖς
756 1534 887 1605 (35),
929 1539 1223 1610 μαρτυρίαν
1264 1541 1360 1596 τῆς
1388 1543 1484 1595 σῆς
1514 1531 1781 1596 εὐλαϐείας

115 1626 221 1675 καὶ
272 1630 383 1674 τῶν
412 1621 619 1675 λοιπῶν
670 1621 988 1696 ἐπισκόπων,
1041 1629 1442 1699 καταφρονήσας
1471 1623 1618 1683 ἡμῶν
1649 1625 1779 1697 πρὸς

113 1711 395 1785 Ἀνθιμον
428 1715 640 1784 ᾤχετο,
663 1716 755 1765 καὶ
784 1711 907 1786 παρ’
940 1713 1100 1766 αὑτοῦ
1128 1712 1297 1766 λαϐὼν
1328 1716 1418 1772 τὴν
1449 1718 1778 1788 χειροτονίαν

105 1806 305 1878 χωρὶς
346 1803 627 1878 ἡμετέρας
656 1802 1021 1876 ὑπομνήσεως,
1062 1801 1308 1865 ἐπανῆκε.

697 1916 1038 1965 ΕΠΙΣΤΟΛΗ
1077 1910 1234 1966 ΡΚΒ’.

1902 544 2129 603 litteras
2155 549 2479 621 accepisse.
2533 546 2649 605 Sed
2694 547 2839 622 quia
2864 547 3411 607 desideratissimus
3448 550 3564 608 fra-

1902 638 1992 692 ter
2026 650 2138 693 nos
2166 636 2592 695 Sanctissimus
2615 636 3073 711 compresbyter
3106 637 3186 695 ad
3225 655 3335 696 vos
3365 653 3562 713 usque

1901 725 2011 782 iter
2053 727 2338 800 suscepit,
2364 743 2471 800 per
2516 728 2718 801 ipsum
2750 732 2806 784 et
2825 728 3180 799 dignitatem
3237 733 3406 786 tuam
3466 744 3560 785 sa-

1899 813 2047 882 luto,
2075 819 2132 872 et
2161 816 2427 873 obtestor
2450 819 2515 873 ut
2538 832 2650 890 pro
2678 833 2780 874 me
2803 817 3090 891 preceris,
3130 822 3188 875 et
3223 822 3563 875 memorato

1901 906 2066 962 fratri
2096 922 2306 963 aurem
2335 907 2782 976 accommodes,
2811 916 2878 964 ut
2905 924 3028 981 quo
3047 907 3318 967 sintloco
3346 924 3442 966 res
3472 924 3563 966 ec-

1900 993 2240 1065 clesiarum,
2262 995 2341 1052 ab
2370 996 2507 1068 ipso
2538 996 2836 1065 docearis,
2889 1002 3070 1070 atque
3100 1013 3211 1071 pro
3240 997 3397 1054 virili
3442 1001 3562 1054 stu-

1899 1085 2068 1141 dium
2090 1101 2162 1143 ac
2182 1102 2431 1159 operam
2472 1089 2536 1144 in
2572 1103 2667 1144 res
2695 1088 3042 1161 propositas
3068 1088 3363 1146 conferas.
3398 1088 3563 1146 Scias

1898 1179 2101 1232 autem
2134 1177 2422 1233 Faustum
2462 1176 2542 1233 ad
2562 1192 2675 1233 nos
2705 1176 2945 1232 venisse
2974 1175 3302 1234 habentem
3325 1192 3362 1234 a
3398 1192 3565 1250 papa

1894 1262 2141 1331 litteras,
2171 1280 2309 1337 quae
2339 1269 2406 1321 ut
2451 1265 2834 1322 ordinaretur
2879 1266 3204 1339 episcopus
3250 1264 3559 1339 petebant.

1895 1355 2045 1412 Cum
2074 1359 2277 1412 autem
2301 1355 2540 1429 pietatis
2570 1360 2688 1412 tum
2715 1360 2771 1412 et
2817 1354 3193 1429 reliquorum
3242 1355 3562 1428 episcopo-

1891 1458 2029 1501 rum
2054 1461 2444 1518 posceremus
2463 1444 3203 1519 testimonia,contemptis
3223 1444 3399 1501 nobis
3416 1443 3564 1502 abiit

1892 1533 1972 1590 ad
2000 1534 2381 1605 Anthimum,
2432 1537 2489 1592 et
2519 1535 2597 1592 ab
2641 1535 2744 1592 illo
2774 1539 3046 1609 accepta,
3079 1535 3256 1593 nobis
3285 1551 3411 1593 non
3460 1533 3563 1592 ad-

1890 1623 2160 1696 monitis,
2191 1624 2592 1699 ordinatione,
2621 1625 2816 1683 rediit.

2313 1911 2489 1984 213
2531 1910 2873 1970 EPISTOLA
2911 1912 3141 1971 CXXII“

113 1998 359 2095 Scribtt
386 2035 484 2094 ad
506 2036 886 2094 Pwmenium
907 2037 1179 2095 Basilius
1208 2033 1280 2094 de
1306 2035 1684 2094 ordinatione
1708 2034 1927 2119 Fausti
1944 2048 1968 2110 ;
1991 2050 2065 2093 ac
2106 2040 2286 2165 ntegat
2326 2041 2395 2093 ut
2432 2038 2745 2095 certiorem
2777 2052 2839 2095 se
2864 2038 3081 2110 faciat,
3115 2043 3322 2095 utrum
3363 2050 3434 2095 ea
3469 2051 3564 2095 res

1518 2123 1730 2165 sanari
1756 2124 1941 2165 necne
1969 2124 2129 2165 nossz
2164 2147 2179 2165 .

1518 2123 1730 2167 sanari
1756 2124 1941 2166 necne
1967 2123 2179 2180 possit.

508 2236 797 2308 Ποιμενίῳ,
838 2231 1109 2308 ἐπισκόπῳ
1146 2233 1406 2292 Σατάλων.

192 2343 427 2406 Πάντως
502 2342 842 2405 ἄπεζήτησας
916 2341 1027 2409 (36)
1094 2344 1383 2419 γράμματα
1439 2342 1584 2416 παρὰ
1666 2347 1766 2392 τῶν

108 2434 452 2507 Ἀρμενίων,
515 2433 605 2485 ὅτε
657 2429 918 2491 ἔπανῆκαν
960 2428 1054 2485 διὰ
1107 2441 1202 2485 σοῦ
1236 2449 1250 2464 °
1290 2437 1376 2485 καὶ
1446 2432 1540 2489 τὴν
1595 2428 1767 2483 αἰτίαν

110 2525 345 2597 ἔμαθες,
392 2518 469 2575 δι’
507 2522 572 2581 ἣν
614 2520 709 2574 ούκ
761 2518 938 2575 ἔδωκα
992 2521 1173 2583 αύτοῑς
1220 2526 1314 2580 τὴν
1354 2519 1656 2578 ἐπιστολήν.
1707 2517 1769 2572 Εἰ

113 2614 220 2685 μὲν
278 2610 377 2663 οὖν
436 2608 581 2664 εἶπον
639 2609 958 2684 φιλαλήθως,
999 2607 1201 2674 ἔδωκας
1227 2611 1350 2684 ἡμῖν
1403 2609 1617 2664 αύτόθεν
1669 2612 1765 2669 τὴν

118 2706 524 2772 συγγνώμην*
594 2699 635 2753 εἰ
694 2697 754 2753 δὲ
797 2698 1166 2774 ἀπεκρύψαντο
1231 2698 1435 2770 ἐκεῖνοι,
1493 2702 1615 2775 ὅπερ
1670 2698 1764 2753 ούκ

114 2789 355 2851 εἰκάζω
406 2792 560 2851 (37)·
610 2786 738 2842 ἆ).λά
793 2790 918 2864 παρ’
964 2792 1107 2863 ἡμῶν
1154 2790 1335 2847 ἄκουε.
1372 2789 1431 2842 Ὀ
1482 2791 1549 2842 τὰ
1593 2791 1765 2843 πάντα

110 2885 394 2954 γενναῖος
430 2877 692 2952 Ἀνθιμος,
744 2882 771 2932 ὁ
829 2876 923 2932 διὰ
968 2887 1172 2956 μακροῦ
1244 2883 1441 2956 χρόνου
1486 2883 1581 2939 τὴν
1631 2882 1763 2955 πρὸς

110 2972 291 3044 ἡμᾶς
343 2969 551 3043 εἰρήνην
607 2971 975 3042 σπεισάμενος,
1017 2965 1198 3029 ἐπειδὴ
1260 2970 1375 3046 εὗρε
1425 2971 1606 3045 καιρὸν
1647 2969 1761 3022 ἐαυ-

106 3068 221 3113 τοῦ
312 3079 372 3113 τε
446 3055 750 3122 κενοδοξίαν
830 3057 1187 3133 ἐκπληρῶσαι,
1249 3063 1340 3111 καί
1404 3061 1529 3132 ἡμῖν
1593 3059 1761 3117 λύπην

101 3155 241 3206 τινὰ
300 3149 663 3223 προξεδῆσαι,
698 3148 1069 3222 ἐχειροτόνησε
1106 3151 1191 3202 τὸν
1231 3155 1465 3203 Φαῦστον
1500 3145 1614 3221 ἰδίᾳ
1665 3147 1762 3201 αύ-

98 3246 305 3313 θῖιτίᾳ
345 3244 449 3291 καὶ
498 3234 618 3310 ἰδία
668 3242 837 3311 χειρὶ,
879 3234 1089 3301 οὐδενὸς
1136 3239 1278 3311 ὑμῶν
1335 3237 1612 3312 ἀναμείνας
1648 3238 1762 3309 ψῆ-

96 3352 220 3405 φον,
276 3333 383 3382 καὶ
447 3329 606 3400 ἡμῶν
660 3326 1023 3400 καταγελάσας
1073 3325 1580 3403 ἀκριϐολογουμένων
1645 3330 1765 3400 περὶ

94 3426 164 3475 τὰ
198 3425 483 3474 τοιαῦτα.
530 3417 674 3470 Ἐπεὶ
704 3414 792 3469 οὖν
832 3421 1048 3489 συνέχεε
1080 3421 1171 3491 μὲν
1226 3417 1451 3470 παλαιὰν
1503 3415 1763 3483 εὐταξίαν,

94 3512 501 3585 κατεφρόνησε
568 3502 628 3558 δὲ
681 3511 773 3559 καὶ
837 3507 1001 3579 ὑμῶν,
1076 3505 1201 3582 παρ’
1250 3507 1317 3557 ὧν
1371 3505 1604 3579 ἀνέμενον
1666 3504 1767 3577 ἐγώ

2220 2234 2543 2303 Pwmonio,
2576 2222 2849 2306 episcopo
2880 2233 3254 2293 Satalorum.

1979 2342 2199 2400 Petiisti
2249 2341 2463 2417 procul
2507 2342 2694 2400 dubio
2723 2342 2945 2401 litteras
2978 2343 3056 2401 ab
3086 2341 3380 2415 Armenis,
3424 2356 3565 2397 cum

1903 2444 2014 2505 per
2043 2437 2209 2490 tuam
2241 2433 2546 2490 civitatem
2577 2433 2799 2489 reversi
2830 2436 3006 2501 sunt;
3038 2436 3096 2489 et
3124 2448 3373 2489 causam
3419 2428 3569 2486 didi-

1902 2521 2056 2593 cisti,
2083 2538 2192 2580 cur
2235 2521 2386 2596 ipsis
2413 2539 2538 2579 non
2567 2522 2837 2579 dederim
2868 2521 3208 2596 epistolam.
3255 2518 3565 2593 Siquidem

1901 2626 1975 2668 ex
2000 2627 2206 2669 amore
2233 2613 2497 2670 veritatis
2541 2611 2726 2669 locuti
2756 2616 2914 2682 sunt,
2965 2608 3184 2669 dedisti
3221 2609 3399 2667 nobis
3460 2611 3565 2665 tua

1899 2705 2114 2775 sponte
2142 2701 2404 2759 veniam:
2440 2703 2534 2758 sin
2560 2706 2762 2758 autem
2786 2701 3185 2770 occultarunt;
3207 2698 3375 2774 quod
3400 2696 3566 2771 equi-

1899 2791 2039 2847 dem
2068 2807 2190 2848 non
2217 2791 2511 2858 existimo;
2540 2790 2752 2848 saltem
2773 2807 2847 2847 ex
2870 2789 3049 2847 nobis
3081 2788 3245 2847 audi.
3278 2787 3565 2860 Egregius

1898 2877 1994 2937 ille
2023 2881 2085 2936 in
2133 2880 2420 2937 omnibus
2450 2879 2791 2949 Anthimus,
2823 2880 2929 2953 qui
2950 2880 3081 2952 jam
3106 2897 3142 2937 a
3179 2876 3366 2935 multo
3412 2880 3563 2932 tem-

1899 2985 2046 3043 pore
2072 2986 2288 3043 pacem
2327 2969 2647 3026 nobiscum
2694 2968 3029 3043 pepigerat,
3054 2968 3159 3025 ubi
3184 2972 3421 3040 tempus
3451 2980 3565 3037 op-

1898 3064 2231 3133 portunum
2279 3059 2511 3117 invenit
2562 3076 2738 3117 suam
2783 3059 2977 3132 ipsius
3025 3056 3282 3130 gloriam
3320 3054 3566 3112 inanem

1900 3149 2203 3222 explendi,
2254 3154 2312 3206 et
2367 3149 2598 3222 aliquid
2645 3148 2937 3205 molestiae
2989 3148 3168 3205 nobis
3222 3143 3567 3217 exhibendi,

1903 3242 2190 3297 Faustum
2220 3239 2543 3308 ordinavit,
2576 3239 2824 3312 propria
2881 3237 3237 3295 auctoritate
3282 3234 3569 3310 propriis-

1899 3343 2020 3403 que
2050 3328 2354 3400 manibus,
2388 3327 2610 3384 nullius
2639 3343 2713 3384 ex
2741 3326 2914 3384 vobis
2965 3328 3311 3400 exspectato
3359 3323 3570 3380 suffra-

1902 3417 2022 3488 gio,
2065 3432 2136 3474 ac.
2165 3418 2493 3475 nostrahis
2521 3418 2584 3474 in
2614 3418 2798 3474 rebus
2829 3417 3004 3473 irrisa
3034 3415 3368 3487 diligentia.
3418 3411 3570 3479 Quia

1903 3523 2045 3579 ergo
2071 3507 2459 3580 disciplinam
2485 3512 2752 3565 veterem
2782 3505 3176 3580 perturbavit,
3209 3518 3443 3577 vosque
3480 3503 3570 3558 est

95 3607 199 3660 τὴν
273 3584 605 3673 μαρτυρίαν
672 3592 953 3663 δέξασθαι,
1012 3594 1227 3655 ἐποίησα
1274 3592 1335 3649 δὲ
1387 3602 1610 3670 πρᾶγμα
1673 3594 1769 3647 ούκ

1908 3601 2260 3671 aspernatus
2281 3612 2545 3670 quorum
2598 3613 2712 3667 ego
2741 3596 3103 3667 suffragium
3147 3591 3566 3668 praestolabar,

99 3686 241 3743 οἶςῗα
312 3688 363 3741 εἰ
428 3685 719 3760 εὐάρεστον
760 3692 833 3756 τῷ
891 3693 1030 3757 Θεῷ,
1070 3687 1259 3739 τούτου
1311 3686 1471 3739 ἕνεκεν
1522 3685 1771 3748 λυπηθεὶς

98 3782 247 3855 πρὸς
283 3777 523 3843 αὐτοὺς,
577 3770 831 3847 οὐδεμίαν
873 3771 1048 3829 ἔδωκα
1075 3774 1356 3835 ἐπιστολὴν
1398 3779 1529 3850 πρὸς
1581 3772 1775 3830 οὐδένα

100 3852 208 3922 ut.»
254 3867 592 3943 Ἀρμενίων,
648 3861 775 3918 οὐδὲ
818 3868 951 3941 πρὸς
995 3869 1093 3925 τὴν
1147 3870 1246 3925 σὴν
1300 3864 1588 3919 εὐλάϐειαν.
1633 3852 1770 3918 Ἀλλ’

105 3957 243 4012 οὐδὲ
318 3958 395 4018 εἰς
455 3958 735 4009 κοινωνίαν
788 3951 1047 4029 ἂδιξάμην
1092 3958 1182 4008 τὸν
1230 3961 1489 4024 Φαῦστον,
1544 3963 1771 4031 φανερῶς

107 4046 656 4122 διαμαρτυρόμενος,
711 4047 813 4110 ὅτι,
877 4046 923 4098 εἰ
985 4050 1056 4118 μὴ
1098 4046 1323 4122 ὑμέτεροί
1378 4064 1469 4119 μοι
1532 4050 1771 4119 κομίσειε

107 4141 458 4214 γράμματα,
486 4139 667 4189 πάντα
717 4138 806 4188 τὸν
836 4139 1029 4211 χρόνον
1089 4138 1279 4210 ἔσομαι
1326 4141 1418 4189 καὶ
1477 4136 1630 4197 αύτὸς
1669 4134 1768 4195 ἠλ-

109 4229 508 4303 λοτριωμένος,
540 4229 635 4278 καί
669 4228 793 4286 τοὺς
837 4224 1152 4297 ὀμοῲύχους
1190 4245 1282 4299 μοι
1320 4225 1436 4291 (38)
1469 4226 1605 4278 οὕτω
1650 4221 1769 4278 δια·

117 4322 285 4375 θήσω
338 4319 481 4391 πρὸς
512 4314 673 4384 αὐτον
712 4317 873 4387 ἔχειν.
903 4316 965 4368 Εἰ
1021 4318 1112 4388 μὶν
1151 4313 1239 4368 οὖν
1290 4315 1482 4388 ἰάσιμα
1530 4317 1597 4368 τὰ
1623 4320 1765 4388 γενόκ

125 4426 289 4479 μενοι,
351 4401 672 4459 σπούδασον
727 4404 881 4466 αὐτὸς
911 4424 965 4457 τε
990 4404 1278 4459 ἐπιστεῖλαι
1331 4414 1607 4482 μαρτυρῶν
1666 4405 1768 4458 αύ-

127 4504 239 4566 τῷ,
278 4494 327 4547 εἰ
376 4495 499 4566 ὁρᾷς
536 4494 737 4566 ἀγαθὴν
772 4500 869 4546 τοῦ
928 4490 1117 4570 ἀνδρὸς
1166 4499 1262 4554 τὴν
1313 4495 1473 4562 ζωὴν,
1504 4499 1596 4548 καὶ
1650 4498 1769 4556 τοὺς

128 4586 344 4645 ἄλλους
398 4585 797 4661 προτρέψασθαι
824 4600 837 4613 ·
872 4584 917 4639 εί
969 4582 1030 4638 δὲ
1083 4584 1287 4658 ἀνίατα,
1330 4590 1421 4638 καί
1465 4589 1621 4639 τοῦτό
1678 4605 1769 4659 μοι

132 4676 370 4751 φανερὸν
429 4679 672 4746 ποίησον,
731 4676 868 4728 ὥστε
923 4679 1114 4749 μηκέτι
1178 4694 1243 4748 με
1306 4675 1485 4738 αὐτοῖς
1543 4674 1768 4728 καθόλου

130 4767 438 4840 προσέχειν
470 4782 484 4795 ·
544 4764 592 4818 εἰ
637 4769 730 4818 καὶ
785 4765 889 4830 ὅτι,
947 4766 1014 4826 ὡς
1052 4761 1274 4833 ἔδειξαν,
1333 4767 1603 4839 ὧρμηνται
1654 4764 1769 4818 λοι-

123 4861 234 4911 πὸν
300 4859 444 4929 πρὸς
492 4858 585 4907 τὸν
634 4854 886 4929 ’Ἃνθιμον
934 4854 1131 4909 ἑαυτῶν
1173 4857 1471 4929 μεταθεῖναι
1506 4860 1603 4915 τὴν
1658 4874 1774 4910 κοι-

207 4983 329 5049 (30)
372 4984 797 5053 Σαγκτίσσιμος.
832 4980 925 5053 Sic
955 4979 1114 5053 Harl.
1162 4983 1219 5037 et
1243 4982 1371 5037 Vat.
1401 4982 1666 5047 Quatuor
1714 4981 1773 5038 al

425 5051 807 5124 Σαγκτίσιμος.
842 5051 994 5110 Editi
1014 5056 1216 5125 Σαγκτὴ
1227 5053 1593 5126 σιμος.Ρ8.ι]Ιο
1612 5058 1768 5126 post.

133 5123 305 5200 Harl.
333 5130 533 5200 μέχρις
564 5123 735 5200 ἡμῶν.

214 5196 325 5283 φη
361 5195 839 5283 ξῖροσφθίγγομαι.
884 5195 1065 5253 Coisl.
1111 5195 1347 5270 primus
1378 5199 1437 5254 et
1463 5195 1615 5254 Med.
1646 5214 1773 5271 προ-

141 5269 546 5340 σφθεγγόμεθα.
1687 5269 1693 5271 ⁷

158 5409 177 5415 _
213 5342 361 5415 (32)7
394 5343 788 5415 Προειρημένῳ.
837 5337 1015 5415 Οοξείλ.
1068 5338 1304 5415 primus
1350 5338 1621 5415 εἰρημένῳ.
1665 5339 1775 5415 1ᾣί-

140 5405 483 5499 (lenitur-1.
518 5405 867 5484 prdem...
909 5405 1246 5483 diduieﬁvui
1274 5405 1649 5468 hab'et'xui...
1681 5407 1772 5465 δι·-

144 5484 452 5642 ῗαᾶζῗὲ
480 5556 638 5618 οἵοις.
674 5556 765 5611 lta
793 5552 953 5611 Harl.
979 5568 1120 5612 cum
1149 5553 1395 5612 duobus
1436 5554 1589 5613 aliis.
1620 5552 1775 5613 Editi

133 5644 193 5678 εν
366 5703 521 5776 Παρά
548 5701 727 5753 πάπα.
759 5700 851 5755 Ita
878 5699 999 5755 tres
1020 5699 1412 5759 vetustissimi
1443 5714 1585 5757 cum
1629 5699 1779 5757 duo-

1904 3703 1975 3745 ac
2004 3703 2135 3745 rem
2188 3687 2346 3758 fecit,
2396 3692 2463 3744 ut
2500 3686 2784 3760 equidem
2813 3686 3090 3757 arbitror,
3136 3683 3304 3742 haud
3333 3685 3569 3753 gratam

1903 3778 2061 3843 Deo;
2093 3778 2252 3834 hanc
2279 3776 2360 3833 ob
2407 3791 2661 3833 causam
2686 3776 2749 3832 in
2790 3774 2923 3831 illos
2950 3772 3366 3844 indignatione
3404 3782 3569 3827 com-

1904 3870 2127 3936 motus,
2180 3865 2261 3923 ad
2307 3865 2617 3922 neminem
2667 3866 3075 3921 Armenorum
3124 3861 3354 3919 litteras
3412 3858 3569 3915 ullas

1905 3955 2066 4027 dedi,
2113 3970 2192 4012 ne
2244 3955 2321 4012 ad
2352 3958 2520 4012 tuam
2567 3952 2818 4027 quidem
2871 3952 3177 4026 pietatem.
3205 3950 3323 4008 Sed
3370 3962 3571 4021 neque

1906 4047 2194 4102 Faustum
2227 4044 2448 4102 admisi
2474 4042 2555 4102 ad
2579 4043 3097 4110 communionem,
3144 4045 3351 4114 aperte
3405 4036 3570 4095 testia

1903 4134 2259 4204 ﬁcans,nisi
2285 4138 2519 4191 vestras
2561 4133 2715 4190 mihi
2747 4133 2976 4190 litteras
3015 4131 3245 4197 afferat,
3295 4145 3436 4186 eum
3472 4142 3572 4184 me

1904 4224 2170 4282 alienum
2200 4224 2279 4281 ab
2305 4240 2376 4280 eo
2416 4223 2583 4281 omni
2614 4227 2889 4295 tempore
2924 4223 3216 4293 futurum,
3240 4225 3369 4277 tum
3420 4232 3572 4273 unae

1903 4316 2101 4371 nimes
2154 4330 2344 4385 meos,
2378 4317 2443 4371 ut
2471 4313 2634 4370 idem
2664 4314 2740 4370 de
2790 4313 2893 4370 illo
2940 4312 3220 4379 sentiant,
3280 4308 3573 4367 adductus

1901 4420 2059 4461 rum.
2093 4409 2299 4477 Itaque
2342 4404 2392 4460 si
2429 4402 2726 4460 sanabilia
2784 4407 2926 4459 sunt
2980 4417 3119 4474 quin
3167 4412 3441 4465 evenere,
3489 4394 3574 4451 da

1903 4509 2154 4567 operam
2194 4497 2263 4549 ut
2308 4497 2364 4549 et
2411 4492 2542 4565 ipse
2590 4492 2840 4559 scribas,
2893 4490 3169 4547 tribuens
3218 4488 3272 4544 ei
3306 4485 3573 4543 testimo-

1901 4584 2095 4650 nium,
2144 4583 2194 4639 si
2224 4582 2408 4640 vitam
2460 4581 2619 4638 illius
2676 4579 3051 4638 laudabilem
3077 4577 3265 4649 vides,
3303 4579 3362 4632 et
3416 4573 3569 4658 alios

1901 4673 2258 4731 adhorteris.
2310 4672 2411 4730 Sin
2451 4676 2654 4728 autem
2711 4668 3096 4733 insanabilia,
3146 4671 3205 4723 et
3257 4666 3374 4722 hoc
3418 4662 3571 4720 mihl

1898 4763 2124 4832 indica,
2146 4767 2213 4820 ut
2242 4778 2453 4819 eorum
2480 4761 2731 4819 omnino
2750 4759 2982 4817 nullam
3010 4756 3272 4830 amplius
3300 4754 3569 4811 habeam

1900 4854 2244 4923 rationem;
2297 4868 2673 4926 quanquam,
2728 4850 2818 4907 uti
2877 4849 3393 4915 demonstrarunt,
3439 4845 3571 4918 jam

1904 4981 2022 5038 bus
2048 4981 2204 5037 aliis.
2233 4979 2384 5052 Editi
2415 4979 2561 5052 παρὰ
2590 4977 2883 5052 reﬂui/11m.

1981 5054 2092 5125 (35)
2122 5052 2294 5125 Ἡμεῖς
2323 5046 2501 5106 deest
2516 5050 2580 5105 in
2600 5048 2759 5105 Cois.
2792 5048 2988 5125 primo
3015 5049 3071 5105 et
3091 5046 3243 5125 Med.

1981 5055 2068 5125 (35
2122 5055 2294 5124 Ἰῐμεῖς
2323 5055 2493 5106 deest
2516 5055 2580 5105 in
2600 5055 2759 5105 Cois.
2792 5055 2988 5121 primo
3015 5055 3071 5105 et
3092 5055 3243 5105 Med.

1980 5055 2093 5195 (36g
2127 5123 2519 5183 Ἐπεζὴτησας.
2554 5125 2640 5178 lta
2669 5136 2817 5177 mss.
2852 5124 3106 5193 septem.
3140 5117 3292 5175 Editi
3318 5116 3570 5179 ἕπιζητή-

1912 5212 2026 5256 σας.

1983 5268 2095 5338 (37)
2126 5265 2289 5340 ᾯπερ
2323 5264 2418 5318 ούκ
2461 5264 2687 5340 εἰκαζοῆ
2704 5268 2790 5322 lta
2819 5260 3171 5340 Harlazanus
3201 5262 3415 5340 codes,
3448 5272 3573 5340 me-

1910 5332 2026 5412 lius
2052 5332 2471 5412 multo'quam
2501 5335 2830 5412 editi."0mp
2859 5336 2948 5412 οὖν
2979 5336 3192 5412 rigato»,
3224 5335 3386 5412 qypd
3411 5332 3571 5412 equi-

1913 5411 2046 5467 dem
2069 5412 2209 5480 conj
2213 5404 2344 5481 icio.
2370 5408 2732 5481 Propensior
2756 5404 2883 5466 erat
2910 5404 3185 5481 Basilius
3204 5404 3284 5481 ad
3308 5404 3571 5481 benigne

1911 5473 2458 5553 interpretandum,
2481 5473 2673 5553 quam
2698 5480 3031 5553 admalum
3057 5473 3516 5553 suspicandum.

1988 5547 2097 5615 (38')
2126 5547 2471 5624 Ὀποψύχους
2499 5547 2610 5624 μοι.
2637 5551 2810 5624 Coisl.
2844 5551 3078 5624 primus
3103 5547 3415 5621 ὁμοψύχους
3442 5562 3568 5618 μου.

1988 5627 2009 5648 ’
2038 5624 2200 5683 Alias
2232 5622 2509 5683 CCCXIII.
2535 5622 2768 5697 Scripta
2792 5622 2956 5681 anno
2980 5623 3105 5679 373.
