4078 6388
106 299 209 356 545

1117 292 1602 352 EPISTOLARUM
1639 290 1924 350 CLASSIS
1974 291 2042 348 ΙΙ.
2084 289 2307 350 EPIST.
2362 291 2560 348 CXXV.

3422 300 3525 356 546

109 432 174 496 τῇ
213 429 284 495 σῇ
322 439 387 493 με
414 429 739 496 περιτυχεῖν
781 424 1114 496 γνησιότητι,
1141 420 1460 494 ἐλογισάμην
1490 416 1550 470 ἂν
1577 416 1625 471 ἐν
1674 420 1758 472 σοὶ

1905 417 2180 488 ongredi,
2220 417 2382 474 visus
2429 432 2622 474 essem
2661 416 2810 473 mihi
2847 419 2906 473 et
2939 416 3073 475 illos
3101 418 3162 477 in
3194 425 3248 477 te
3293 423 3528 496 conspi-

110 511 398 572 κάκείνους
439 509 754 585 ἑωρακέναιο
783 508 930 566 διότι
959 519 1048 572 τῆς
1076 509 1255 582 ἀγάπη
1268 529 1306 581 ς,
1331 507 1486 581 λέγω,
1509 514 1760 562 τοσοῦτον

117 605 168 658 ἐν
222 604 438 673 ἑκάστῳ
464 603 615 674 ὑμῶν
661 605 720 655 τὸ
771 607 962 678 μέτρον
1003 601 1158 670 ἐστὶν,
1192 603 1258 662 ὡς
1288 599 1475 662 ἐπίσης
1505 602 1595 658 τὴν
1640 603 1762 675 περὶ

112 702 212 749 τοῦ
242 693 486 752 πλείονος
517 689 725 764 ἑκάστῳ
759 691 1069 765 φιλονεικίαν
1099 689 1457 764 ἐμφαίνεσθαι.
1493 688 1610 742 Ἐπὶ
1639 691 1761 742 τοὺ-

117 804 238 846 τοις
281 782 690 854 ηὑχαρίστησα
731 789 805 853 τῷ
849 780 984 854 ἁγίῳ
1025 788 1160 853 Θεῷ,
1200 783 1291 833 καὶ
1332 783 1582 852 εὔχομαι,
1621 781 1759 852 εἴπερ

115 877 194 928 ἔτι
224 871 587 925 ὑπολείπεταί
616 890 695 931 τις
723 873 918 943 χρόνος
951 871 1105 938 ζωῆς,
1145 870 1388 942 γενέσθαι
1421 887 1512 942 μοι
1543 863 1636 920 διὰ
1667 872 1762 920 σοῦ

116 969 218 1023 τὴν
249 963 404 1023 ζωὴν
447 956 662 1029 ἡδεῖαν,
695 961 763 1022 ὡς
802 964 862 1012 τό
890 979 947 1032 γε
983 967 1071 1012 νῦν
1109 959 1286 1012 ἄθλιον
1330 962 1549 1032 πρᾶγμα
1577 959 1638 1009 τὸ
1666 957 1762 1030 ζῇν

108 1058 210 1106 καὶ
244 1053 485 1124 φευκτὸν
515 1049 632 1122 (46)
667 1045 798 1102 εἶναι
841 1051 1094 1123 ἡγοῦμαι,
1126 1057 1221 1112 τῆς
1245 1056 1342 1101 τῶν
1374 1047 1628 1120 φιλτάτων
1662 1065 1763 1099 συ-

107 1144 349 1199 νουσίας
394 1141 801 1210 κεχωρισμένον
842 1139 976 1211 (47).
1033 1137 1108 1190 Ού
1155 1140 1254 1211 γάρ
1309 1135 1442 1204 ἐστι,
1487 1137 1624 1188 κατὰ
1668 1137 1762 1193 τὴν

126 1229 267 1303 ἑμήν
287 1232 496 1302 κρίσιν,
525 1225 606 1299 ἐφ’
706 1247 782 1288 τις
813 1226 874 1279 ἂν
905 1226 1234 1301 εύθυμήσειε,
1267 1235 1368 1281 τῶν
1401 1224 1602 1287 ἀληθῶς
1636 1224 1763 1297 ἀγα-

126 1323 357 1372 πώντων
386 1313 420 1370 δ
427 1319 780 1390 ιεζευγμένος.

692 1429 1028 1478 ΕΠΙΣΤΟΛΗ
1069 1424 1226 1481 ΡΚΗ.

1870 522 2045 563 cere:
2100 506 2590 581 proptereaquod
2629 505 2962 562 dilectionis
3009 508 3233 565 modus
3271 511 3335 567 in
3383 527 3533 568 uno-

1869 612 2115 670 quoque
2144 601 2415 654 vestrum
2446 599 2647 653 tantus
2677 598 2788 661 est,
2821 599 2888 652 ut
2916 611 3087 669 teque
3133 599 3394 674 quisque
3435 617 3532 656 su-

1871 688 2126 760 perandi
2156 687 2422 744 studium
2451 703 2569 760 prae
2610 703 2672 743 se
2701 685 2869 744 ferat.
2921 689 3152 744 Gratias
3191 690 3266 748 de
3307 691 3380 748 iis
3411 694 3532 749 Deo

1870 781 2080 835 sancto
2109 777 2203 850 egi
2229 794 2242 834 :
2289 793 2620 851 precorque
2648 781 2732 847 ut,
2775 778 2824 834 si
2867 779 3036 851 quod
3065 779 3267 838 adhuc
3291 785 3532 856 tempus

1871 866 1950 925 ad
1974 867 2295 923 vivendum
2321 867 2599 940 supersit,
2630 866 2735 924 ﬁat
2761 867 2908 924 mihi
2944 883 3053 941 per
3081 872 3137 924 te
3173 869 3291 928 vita
3315 872 3532 943 jucun-

1870 956 1992 1014 da:
2041 957 2564 1030 quemadmodum
2603 972 2766 1013 nunc
2795 957 3043 1030 quidem
3083 959 3372 1018 miseram
3402 977 3533 1019 rem

1872 1062 2001 1104 esse
2038 1045 2228 1103 vitam
2259 1062 2329 1104 ac
2359 1046 2715 1117 fugiendam
2742 1046 3038 1118 existimo,
3073 1064 3110 1105 a
3151 1050 3535 1108 charissimo-

1869 1151 2008 1192 rum
2039 1135 2475 1192 consuetudine
2520 1141 2885 1210 separatam.
2917 1139 3046 1194 Non
3073 1142 3162 1196 est
3184 1141 3368 1210 enim,
3395 1156 3536 1198 mea

1872 1225 2189 1297 sententia,
2222 1225 2284 1281 in
2309 1241 2433 1298 quo
2467 1226 2605 1298 quis
2634 1225 2798 1282 bono
2845 1226 3051 1283 animo
3087 1244 3221 1286 esse
3243 1230 3452 1303 possit,
3484 1229 3534 1286 si

1876 1314 1956 1372 ab
1985 1315 2078 1384 iis,
2103 1315 2212 1389 qui
2233 1331 2373 1372 vere
2399 1315 2676 1386 diligunt,
2698 1315 3104 1388 disjungatur.

2403 1423 2513 1480 EPI
2523 1425 2745 1481 STOLA
2785 1425 3003 1480 CXXV".

127 1531 560 1592 Redeuntibus
591 1531 676 1588 ad
704 1533 1014 1589 veritatem
1040 1538 1146 1588 aut
1175 1533 1461 1601 suspectis
1491 1530 1742 1603 Nicwna
1758 1529 1916 1603 ﬁdes,
1929 1529 2378 1603 prescribenda,
2403 1531 2726 1603 secundum
2747 1546 2960 1588 sanam
2984 1532 3538 1602 interpretationem

200 1606 378 1662 Nam
396 1604 742 1660 Marcellus
768 1600 1289 1676 consubstantiali,
1322 1609 1376 1660 et
1396 1601 1653 1676 quidam
1673 1616 1712 1658 a
1740 1600 2008 1676 Sabeltio
2038 1603 2170 1676 orti
2188 1602 2278 1658 his
2308 1600 2544 1676 vocibus
2570 1619 2639 1659 ex
2671 1601 2789 1659 alia
2817 1604 3079 1676 essentia
3102 1600 3195 1659 vel
3224 1604 3540 1676 hypostasi

199 1678 394 1734 abusi
411 1680 585 1741 sunt,
619 1676 893 1747 quamvis
927 1675 1192 1746 synodus
1229 1690 1351 1731 non
1380 1673 1536 1730 idem
1567 1688 1690 1731 esse
1714 1673 1926 1747 doceat
1955 1675 2267 1747 essentiam
2304 1679 2358 1730 et
2385 1675 2778 1747 hypostasim.
2803 1674 2986 1747 Fides
3015 1673 3280 1732 Nicama’
3295 1673 3541 1734 totidem

192 1747 413 1806 verbis
436 1743 752 1817 refertur;
781 1747 886 1803 sed
904 1743 1050 1817 quia
1078 1747 1151 1803 de
1178 1747 1416 1816 Spiritu
1445 1751 1656 1804 sancto
1683 1743 1891 1811 obiter,
1917 1750 2155 1801 tantum
2183 1745 2269 1802 ibi
2292 1743 2494 1802 actum
2515 1751 2620 1816 est,
2653 1745 2815 1801 illud
2838 1761 3001 1802 nunc
3029 1749 3364 1804 necessario
3388 1763 3540 1817 prm-

180 1818 634 1885 scribendum,
660 1824 728 1890 ut
754 1817 1488 1890 anathematizentur,qui
1503 1817 1800 1890 Spiritum
1831 1821 2180 1890 creaturam
2206 1817 2417 1890 dicunt
2439 1823 2544 1874 aut
2569 1818 2864 1890 sentiunt,
2883 1823 2990 1873 aut
3011 1823 3238 1890 natura
3263 1825 3538 1877 sanctum

177 1907 328 1949 esse
357 1906 494 1962 non
516 1889 904 1958 conﬁtentur.
930 1889 1379 1962 Gloriﬁcandus
1395 1888 1484 1962 est
1511 1888 1645 1946 cum
1671 1888 1847 1962 Patre
1867 1890 1921 1942 et
1941 1888 2103 1962 Filio
2121 1903 2144 1943 .·
2168 1889 2316 1944 etab
2337 1904 2540 1962 eorum
2566 1889 2976 1962 communione
2996 1889 3412 1956 recedendum,
3440 1893 3546 1962 qui

181 1965 383 2019 illum
417 1961 644 2017 dicunt
687 1965 1050 2018 creaturam.
1082 1961 1355 2017 Additur
1401 1961 1689 2018 adversus
1731 1959 2197 2030 calumniantes,
2238 1975 2346 2015 nec
2383 1961 2650 2030 genitum
2677 1960 2872 2020 illum.
2909 1976 3014 2016 nec
3034 1962 3367 2030 ingenitum
3397 1959 3538 2019 dici.

188 2033 852 2091 Anathematizantur
878 2034 986 2104 qui
1007 2047 1140 2090 eum
1171 2033 1764 2091 administratorium
1791 2029 2002 2086 dicunt
2034 2037 2140 2088 aut
2166 2032 2327 2089 Filio
2354 2029 2740 2101 praaponunt,
2774 2036 2829 2087 et
2854 2031 3080 2086 Filium
3106 2029 3305 2088 Patri.

113 2122 493 2217 Ἀντίγραφον
526 2143 761 2200 Πίστεως
785 2141 1233 2216 ὑπαγορευθείσης
1263 2141 1406 2215 παρὰ
1435 2148 1527 2194 τοῦ
1550 2138 1777 2212 ἁγιωτάο

1901 2138 2220 2208 Ea'emplar
2239 2138 2384 2208 ﬁdei
2411 2153 2448 2194 a
2479 2139 2849 2195 sanctissimo
2878 2138 3110 2195 Basilio
3139 2139 3402 2212 dictatas,
3449 2141 3548 2198 cui

195 2251 308 2284 του
339 2232 462 2301 (48)
505 2229 810 2298 Βασιλείου,
909 2227 1206 2303 ὑπέγραψεν
1246 2228 1539 2290 Εὑστάθιος
1569 2229 1595 2281 ὁ
1627 2225 1780 2282 256’s:-

195 2324 393 2380 στείας
422 2318 740 2379 ἐπίσκοπος.

187 2417 248 2468 1.
289 2413 438 2471 Τοὺς
472 2412 503 2468 ἧ
539 2407 935 2484 προληφθέντας
967 2406 1113 2481 ἑτέρᾳ
1142 2411 1369 2471 πίστεως
1398 2407 1650 2481 ὁμολογίᾳ
1686 2410 1778 2460 καὶ

103 2500 538 2575 μετατίθεσθαι
568 2501 701 2572 πρὸς
735 2501 832 2556 τὴν
863 2504 963 2550 τῶν
1002 2496 1167 2571 ὀρθῶν
1200 2499 1478 2571 συνάφειαν
1519 2495 1778 2571 βουλομέ-

105 2610 283 2653 νους,
319 2593 353 2647 ἧ
387 2593 485 2640 καὶ
513 2595 605 2640 νῦν
635 2594 843 2662 πρῶτον
875 2584 923 2638 ἐν
953 2595 1016 2659 τῇ
1059 2591 1360 2660 κατηχήσει
1390 2593 1482 2639 τοῦ
1505 2585 1658 2658 λόγου
1688 2594 1780 2647 τῆς

111 2679 410 2738 ἀληθείας
443 2676 824 2750 ἰπιθυμοῦντας
848 2677 1114 2750 μενέσθαι,
1144 2672 1503 2730 διδάσκεσθαι
1531 2680 1642 2752 χρή
1685 2679 1780 2734 τήν

111 2771 253 2822 ὑπὸ
302 2775 414 2818 τῶν
447 2770 706 2840 μακαρίων
739 2769 981 2840 Πατέρων
1033 2764 1081 2818 ἐν
1111 2773 1174 2838 τῇ
1222 2768 1358 2818 κατὰ
1404 2768 1628 2819 Νίκαιάν
1657 2783 1781 2818 ποτε

115 2856 596 2930 σνγκροτηθείσῃ
639 2852 852 2928 συνόδῳ
890 2861 1179 2930 γραφεῖσαν
1210 2859 1422 2911 Πίστιν.
1454 2857 1524 2908 Τὸ
1566 2851 1625 2907 δὲ
1654 2854 1781 2906 αὑτό

110 2954 319 3002 τοῦτο
349 2949 622 3019 χρήσιμον
661 2943 724 2996 ἆν
765 2947 842 3002 εἴη
894 2948 986 2996 καὶ
1027 2947 1160 3017 πρὸς
1205 2947 1326 3006 τοὺς
1381 2944 1784 3016 ὑπόνοουμένους

109 3037 408 3094 ἐναντίως
437 3035 580 3105 ἔχειν
605 3041 668 3106 τῇ
703 3035 1016 3106 ὑγιαινούσῃ
1051 3029 1400 3105 διδασκαλίᾳ,
1433 3036 1522 3085 καὶ
1554 3034 1784 3085 συσκιά-

107 3129 347 3190 ζοντας
378 3123 584 3176 ἑαυτῶν
631 3121 927 3196 ἁποφυγαῖς
959 3122 1318 3196 εὐπροσώποις
1348 3124 1406 3174 τό
1438 3129 1533 3185 τῆς
1564 3118 1787 3174 κακοδο-

100 3219 248 3282 Eia;
287 3219 576 3288 θορόνημα.
621 3216 724 3266 Καὶ
754 3216 857 3286 γὰρ
888 3215 980 3264 καὶ
1023 3213 1223 3273 τούτοις
1253 3214 1519 3288 αὑτάρκης
1549 3213 1578 3271 ἡ
1617 3210 1787 3284 ἔγκει-

101 3312 261 3381 μένη
308 3309 538 3364 Πίστις.
575 3300 640 3355 ’Ἠ
679 3304 782 3376 γὰρ
837 3298 1221 3376 διορθώσαιντο
1260 3301 1455 3355 ἑαυτῶν
1499 3305 1592 3360 τὴν
1628 3299 1676 3352 ἐν
1715 3308 1788 3372 τῷ

100 3402 370 3472 κρυπτῷ
421 3396 607 3444 νόσονο
656 3391 686 3450 ἦ
725 3390 1180 3464 συγκαλύπτοντες
1211 3390 1374 3449 αὑτὴν
1414 3388 1462 3442 ἐν
1493 3398 1565 3462 τῷ
1612 3388 1789 3462 βάθει,

2005 2227 2357 2300 subscripsit
2388 2228 2748 2284 Eustathius
2777 2227 3062 2285 Sebastiz
3089 2230 3418 2300 episcopus.

1963 2412 2011 2462 1.
2055 2406 2167 2474 Qui
2197 2410 2402 2464 autem
2429 2406 2548 2463 alia
2574 2405 2715 2462 ﬁdei
2744 2405 3122 2463 confessione
3143 2409 3556 2482 praeoccupati

1887 2499 2048 2567 sunt,
2090 2499 2147 2552 et
2189 2495 2269 2552 ad
2305 2495 2785 2552 orthodoxorum
2823 2496 3115 2554 unitatem
3155 2497 3410 2555 transire
3452 2514 3556 2556 vo-

1886 2585 2038 2653 lunt,
2091 2589 2196 2642 aut
2235 2585 2416 2642 etiam
2453 2601 2618 2641 nunc
2664 2585 2930 2657 primum
2983 2586 3062 2642 ad
3114 2585 3555 2644 institutionem

1888 2674 2172 2730 doctrinae
2221 2675 2488 2731 veritatis
2537 2674 2786 2747 cupiunt
2821 2676 2996 2747 215
3029 2675 3356 2745 'accedere,
3384 2677 3424 2732 ii
3450 2677 3554 2734 do-

1889 2763 2063 2820 cendi
2081 2767 2223 2818 sunt
2243 2763 2528 2835 scriptam
2551 2779 2586 2818 a
2609 2762 2800 2819 beatis
2825 2763 3100 2820 Patribus
3125 2764 3309 2820 ﬁdem
3332 2765 3392 2821 in
3417 2781 3556 2823 con-

1889 2853 2024 2910 cilio
2055 2852 2200 2909 olim
2247 2852 2453 2908 Nicaeae
2493 2855 2722 2908 coacto.
2755 2854 2878 2909 lloc
2913 2851 3116 2925 ipsum
3148 2857 3350 2909 autem
3379 2853 3558 2911 fuerit

1890 2943 2030 3002 utile
2060 2943 2240 3000 etiam
2264 2943 2555 3000 adversus
2585 2958 2712 3013 eos,
2745 2959 2900 3016 quos
2930 2943 3197 3016 suspicio
3227 2949 3315 3000 est
3344 2944 3559 3002 doctri-

1891 3051 1982 3091 nae
2016 3049 2178 3090 sanae
2212 3032 2544 3101 adversari,
2571 3034 2796 3106 quique
2838 3033 3129 3106 speciosis
3172 3034 3294 3089 suis
3325 3034 3561 3105 effugiis

1894 3138 2144 3179 sensum
2175 3120 2476 3194 opinionis
2510 3136 2713 3194 pravae
2745 3125 3094 3192 contegunt.
3123 3125 3271 3178 Nam
3292 3121 3387 3178 his
3413 3138 3566 3196 quo-

1895 3229 2014 3286 que
2047 3210 2265 3268 sufﬁcit
2291 3211 2420 3266 haec
2450 3211 2587 3284 ipsa
2616 3210 2788 3268 ﬁdes.
2820 3211 2920 3266 Vel
2952 3211 3113 3267 enim
3144 3213 3568 3270 emendabunt

1897 3317 2077 3357 suum
2099 3301 2373 3374 ipsorum
2400 3299 2702 3357 occultum
2725 3301 3041 3356 morbum:
3067 3306 3171 3358 aut
3200 3318 3339 3358 eum
3358 3303 3418 3358 in
3439 3303 3564 3359 imo

1898 3390 2290 3461 occultantes,
2326 3389 2440 3462 ipsi
2473 3389 2722 3462 quidem
2753 3389 2986 3446 fraudis
3012 3391 3310 3462 judicium
3351 3391 3564 3462 ferent,

103 3488 295 3539 πύτοὶ
461 3485 523 3534 τὸ
553 3487 721 3554 κρῖμα
749 3489 841 3542 τῆς
872 3479 1080 3543 ἀπάτης
1106 3479 1480 3554 βαστάσουσιν
1506 3480 1640 3549 (49),
1665 3481 1780 3552 ἡμῖν

1901 3480 2074 3537 nobis
2104 3495 2250 3535 vero
2281 3477 2520 3535 facilem
2552 3479 2613 3534 in
2645 3477 2741 3535 die
2767 3479 2979 3550 judicii
3010 3479 3424 3538 defensionem
3455 3497 3565 3554 pa-

107 3573 176 3630 δὶ
213 3579 335 3633 τὴν
365 3571 668 3642 ἀπολογίαν
697 3572 894 3644 κούρην
925 3572 976 3622 ἓν
1005 3578 1066 3644 τῇ
1101 3572 1271 3646 ἡμέρᾳ
1315 3577 1410 3632 τῆς
1449 3572 1672 3646 κρίσεως
1695 3589 1793 3622 πα-

105 3664 621 3739 ρασκευάσουσιν,
654 3661 739 3713 ὅτε
785 3658 1112 3731 ἀποκαλύψει
1160 3661 1186 3712 ὁ
1227 3662 1418 3735 Κύριος
1465 3661 1532 3713 τὰ
1585 3661 1793 3734 κρυπτὰ

107 3763 220 3808 τοῦ
265 3757 542 3816 σκότους,
581 3753 675 3802 καὶ
713 3755 998 3826 φανερώσει
1036 3751 1126 3811 τὰς
1162 3747 1360 3823 βουλὰς
1389 3748 1489 3801 τῶν
1533 3745 1790 3824 καρδιῶν.

113 3842 468 3917 ,λαμϐάνειν
510 3843 688 3892 τοίνυν
713 3838 924 3907 ’,αὑτοὺς
974 3837 1351 3912 όμολογοῦντας
1392 3842 1671 3911 προσήκει,
1712 3839 1793 3890 ὅτι

113 3936 485 3988 πιστεύουσι
511 3931 655 3981 κατὰ
678 3929 743 3981 τὰ
778 3929 988 4004 ῥήματα
1017 3930 1085 3981 τὰ
1113 3929 1214 3982 ὑπὸ
1245 3936 1344 3980 τῶν
1375 3931 1615 4002 Πατέρων
1645 3929 1674 3986 ἡ
1684 3935 1793 4001 μῶν

117 4023 434 4077 ἐκτεθέντα
467 4017 516 4070 ἐν
557 4026 624 4091 τῇ
667 4022 864 4091 Νικαίᾳ
907 4021 998 4070 καὶ
1038 4019 1175 4072 κατά
1211 4021 1307 4076 τὴν
1339 4018 1498 4090 ὑγιῶς
1544 4019 1644 4070 ὑπὸ
1693 4025 1794 4069 τῶν

119 4113 415 4187 ῥημάτων
447 4110 644 4161 τούτων
675 4106 1051 4182 ἕμφαινομένην
1097 4105 1132 4161 δ
1137 4109 1354 4163 ιάνοιαν.
1398 4107 1518 4161 Εἰσὶ
1539 4109 1640 4182 γὰρ
1667 4125 1796 4167 τινες

56 4195 62 4202 ’
126 4204 189 4255 οἱ
245 4202 351 4252 καὶ
397 4197 450 4250 ἒν
497 4199 666 4271 ταύτῃ
717 4206 780 4270 τῇ
829 4202 1015 4251 Πίστει
1061 4194 1335 4258 δολοῦντες
1372 4199 1459 4250 τόν
1511 4196 1662 4269 λόγον
1700 4204 1797 4258 τῆς

136 4290 440 4352 ἀληθείας,
476 4291 568 4338 καὶ
598 4289 731 4362 πρὸς
756 4290 812 4340 τό
845 4286 1040 4340 ἑαυτῶν
1072 4284 1322 4360 βούλημα
1347 4289 1434 4338 τὸν
1463 4293 1581 4338 νοῦν
1611 4293 1712 4338 τῶν
1746 4284 1795 4338 ἐν

60 4401 62 4406 ’
146 4378 298 4450 αὐτῇ
333 4378 589 4450 ῥημάτων
617 4375 864 4438 ἕλκοντες.
910 4377 1081 4430 Ὀπου
1113 4395 1173 4448 γε
1202 4380 1292 4428 καὶ
1321 4375 1618 4450 Μάρκελλος
1652 4374 1799 4428 ἐτόλ-

60 4466 72 4500 τ
155 4487 240 4542 μη
253 4485 344 4518 σεν
377 4465 576 4519 ἀσεϐῶν
603 4465 672 4528 είς
710 4470 804 4525 την
843 4467 1139 4519 ὑπόστασιν
1165 4473 1258 4518 τοῦ
1287 4470 1482 4542 Κυρίου
1515 4466 1664 4538 ἡμῶν
1687 4465 1798 4524 Ἰη-

66 4559 74 4589 τ
162 4563 278 4610 σοῦ
317 4561 574 4626 Χριστοῦ,
604 4560 696 4608 καὶ
726 4554 877 4626 ψιλὸν
911 4555 1067 4609 αὑτὸν
1107 4555 1448 4628 ἐξηγούμενος
1476 4550 1644 4627 λόγον,
1674 4553 1800 4607 ἐκεῖ·

70 4665 78 4680 ’
162 4647 258 4699 θεν
321 4645 763 4716 προφασίσασθαι
807 4644 915 4717 (50)
971 4647 1063 4706 τὰς
1129 4643 1302 4719 ἀρχὰς
1362 4643 1642 4717 εἰληφέναι,
1705 4650 1798 4696 τοῦ

162 4735 470 4810 ὀμοουσίου
499 4739 597 4793 τὴν
645 4731 882 4787 διάνοιαν
928 4742 1100 4797 κακῶς
1141 4733 1500 4808 ἐξηγούμενος.
1535 4738 1638 4788 Καὶ
1666 4753 1800 4797 τινες
1831 4730 1870 4784 ί)

239 4862 290 4897 ³³
333 4861 357 4915 ι
397 4862 545 4917 Cor.
578 4874 660 4928 iv,
694 4865 742 4916 5.

239 4986 359 5056 (46)
399 4988 477 5057 Τὸ
506 4987 605 5057 ζῇν
635 4988 724 5037 καὶ
753 4987 988 5057 φευκτόν.
1025 4983 1179 5057 satis
1209 4987 1385 5057 acute
1418 4983 1480 5057 in
1511 4981 1793 5057 eamdem

96 5117 99 5128 ἱ
171 5055 554 5128 sententiam
576 5055 898 5126 Gregorius
921 5059 1056 5128 Naz.
1081 5055 1141 5112 in
1174 5055 1348 5128 epist.
1368 5055 1519 5128 7_3,in
1543 5055 1800 5111 manda-

94 5127 106 5204 ζ
177 5129 254 5185 tis
275 5126 377 5204 dat
394 5125 752 5204 Amazonio,
777 5131 844 5183 ut
867 5127 1068 5204 siquis
1094 5125 1356 5204 quairat,
1365 5125 1466 5182 ubi
1487 5128 1802 5204 nunc_Grc_—

99 5197 110 5262 έ
185 5200 406 5280 gorius,
430 5204 488 5256 et
507 5199 659 5280 quid
682 5214 890 5280 rerum
912 5197 1073 5280 agat,
1095 5197 1462 5280 respondere
1485 5213 1608 5280 nop
1630 5197 1804 5280 dubi:

187 5268 267 5327 tet
289 5285 424 5326 eum
445 5268 648 5341 quiete
671 5276 730 5326 et
752 5268 1534 5341 tranquillephilosophari.
1555 5269 1728 5341 Quod
1752 5268 1802 5324 si

189 5357 385 5414 rursus
416 5339 578 5400 idem
607 5345 807 5414 roget,
832 5339 1144 5414 quomodo
1165 5339 1634 5414 disjunctionem
1653 5339 1807 5414 ferat

114 5421 116 5438 ‘
199 5413 528 5489 gimicqrum,
543 5410 828 5489 naniam
847 5410 1100 5467 ﬁdenter
1112 5411 1479 5489 respondeat
1499 5427 1646 5489 e_un_1_
1659 5411 1805 5489 Aphi-

120 5541 125 5554 ,
199 5483 491 5561 losophan',
511 5481 638 5548 sed
669 5481 1052 5561 animo‘esse
1081 5481 1419 5561 admodum
1444 5481 1692 5561 imbelli.

123 5573 128 5640 ξ
227 5553 356 5640 ,(4ῗ)
386 5553 838 5642 Κιλέωρισμένον.
878 5553 964 5608 lta
991 5568 1135 5610 mss.
1169 5553 1362 5612 Editio
1393 5553 1662 5613 secunda
1692 5557 1806 5612 Pa-

126 5635 132 5706 ';
191 5635 275 5693 ris.
295 5635 715 5722 κεχφὶεομένος.

1898 3569 2143 3641 rabunt,
2184 3585 2323 3625 cum
2354 3567 2646 3624 revelabit
2677 3569 2972 3624 Dominus
3005 3569 3369 3628 abscondita
3397 3575 3565 3627 tene-

1899 3659 2150 3716 brarum
2180 3662 2237 3715 et
2265 3657 2584 3732 patefaciet
2615 3658 2868 3714 consilia
2920 3659 3195 3715 cordium
3223 3661 3288 3715 ¹³.
3327 3659 3420 3715 Sic
3456 3660 3564 3716 ita-

1900 3764 2019 3822 que
2052 3747 2422 3821 suscipiendi
2463 3751 2622 3817 sunt,
2668 3751 2734 3802 ut
2776 3748 3018 3804 credere
3067 3764 3130 3804 se
3169 3748 3568 3804 conﬁteantur

1903 3836 2243 3894 secundum
2267 3836 2453 3893 verba
2482 3853 2519 3892 a
2545 3835 2816 3892 Patribus
2831 3837 3054 3893 nostris
3076 3836 3237 3893 edita
3259 3837 3492 3908 Nicaeae,
3514 3840 3570 3895 et

1903 3927 2240 3986 secundum
2281 3943 2495 3983 sanam
2525 3926 2618 3982 his
2657 3926 2852 3982 verbis
2895 3928 3296 3997 signiﬁcatam
3335 3933 3572 3984 senten-

1903 4018 2071 4074 tiam.
2121 4019 2268 4073 Sunt
2318 4016 2478 4072 enim
2533 4015 2827 4086 nonnulli,
2861 4017 2968 4090 qui
2995 4017 3059 4073 in
3097 4017 3213 4073 hac
3244 4017 3426 4074 etiam
3451 4017 3572 4074 ﬁde

1905 4107 2247 4164 doctrinam
2277 4105 2542 4162 veritatis
2574 4105 2928 4178 depravent,
2969 4111 3027 4163 et
3055 4105 3212 4162 illius
3241 4107 3571 4163 verborum

1908 4211 2156 4252 sensum
2185 4194 2262 4250 ad
2288 4211 2467 4249 suum
2500 4194 2771 4267 ipsorum
2807 4195 3124 4251 arbitrium
3151 4195 3571 4268 detorqueant.

1910 4285 2218 4358 Siquidem
2253 4300 2440 4340 ausus
2483 4287 2570 4339 est
2612 4288 2669 4340 et
2698 4283 3028 4352 Marcellus,
3078 4301 3215 4340 cum
3247 4283 3308 4339 in
3341 4283 3577 4340 Domini

1906 4374 2099 4431 nostri
2153 4376 2294 4430 Jesu
2355 4373 2568 4429 Christi
2631 4373 3018 4446 hypostasim
3085 4377 3243 4429 esset
3308 4372 3574 4444 impius,

1908 4465 2234 4537 ipsumque
2259 4462 2495 4519 nudum
2525 4461 2782 4518 verbum
2811 4479 2945 4519 esse
2973 4465 3275 4529 statueret,
3304 4460 3445 4516 inde
3476 4477 3578 4516 an-

1911 4569 2042 4609 sam
2073 4552 2509 4626 principiorum
2543 4551 2828 4625 arripere,
2878 4551 3410 4607 consubstantialis
3462 4565 3578 4606 no-

1913 4642 2136 4699 tionem
2169 4642 2329 4698 male
2357 4657 2698 4714 exponens.
2738 4643 2804 4696 Et
2839 4639 3114 4696 nonnulli
3143 4639 3222 4695 ab
3251 4637 3441 4710 impia
3468 4637 3578 4694 Sa-

1911 4733 2070 4789 bellii
2107 4732 2417 4806 Libyensis
2447 4731 2714 4802 haeresis,
2743 4729 3117 4804 hypostasim
3165 4732 3223 4786 et
3259 4728 3582 4784 essentiam

1980 4984 2092 5056 (48)
2129 4983 2473 5056 ῗΛγιωτρξι-θυἒ
2501 4985 2588 5037 Ita
2611 4979 2764 5056 _Med.
2810 4982 2875 5056 et
2906 4979 3085 5056 C_oisl.
3136 4982 3414 5056 uterque,
3445 4979 3582 5056 Yat.

1913 5059 1969 5110 et
1991 5050 2216 5126 Regius
2248 5052 2573 5126 secundus.
2610 5054 2737 5126 D_uo
2779 5050 2877 5126 alii
2923 5050 3309 5126 dyiOU.__Ediii_
3333 5050 3584 5125 μεγάλου.

1914 5122 2396 5186 Deest's'ma'xorrog
2430 5125 2489 5179 in
2519 5123 2678 5180 Harl.
2709 5127 2767 5178 et
2792 5122 3037 5179 duobus
3069 5122 3224 5180 aliis.

1986 5199 2096 5268 (49)
2132 5199 2518 5250 Βαστάσουσιν.
2554 5200 2639 5251 Ita
2669 5211 2821 5251 mss.
2855 5200 3110 5267 septem,
3143 5210 3214 5268 ac
3236 5193 3421 5268 paulo
3450 5195 3589 5266 post

1914 5264 2160 5326 totidem
2182 5269 2701 5341 παρασκευάσουσιν.
2733 5264 2991 5339 Utraque
3007 5282 3124 5322 vox
3146 5265 3206 5321 in
3236 5264 3410 5321 editis
3438 5264 3588 5319 tem-

1915 5355 2060 5413 pore
2090 5341 2369 5413 praesenti
2399 5354 2710 5409 expressa.

1982 5407 2111 5485 (ὅθί
2135 5407 2596 5485 ΙΙροφασίσασθαι.
2634 5408 2812 5467 Coisl.
2867 5407 3173 5466 secundus
3217 5410 3272 5462 et
3318 5409 3462 5476 Reg.
3499 5421 3590 5461 se-

1915 5483 2151 5558 cundu‘s
2182 5483 2608 5558 προφασίζεσθαι
2623 5525 2634 5537 .

1984 5554 2004 5575 '
2040 5554 2202 5612 Alias
2221 5553 2501 5612 LXXVIII.
2535 5553 2767 5628 Scripta
2795 5568 2958 5612 anno
2989 5555 3116 5608 373.
