4078 6388
139 298 245 359 549

148 512 387 589 ἀκριϐῶς
443 508 751 584 δίὼρισται,
807 511 874 564 τὰ
937 512 1026 582 μιν
1057 508 1140 564 ἐπὶ
1172 505 1454 584 διορθώσει
1496 516 1596 562 τῶν
1630 505 1765 580 βλα-

151 605 366 670 ϐἐντων,
432 603 500 654 τά
559 597 621 654 δὲ
671 601 741 662 εὶς
805 599 1140 675 προφυλακὴν
1197 607 1295 652 τῶν
1320 594 1768 673 προσδοκωμένων

153 692 551 766 ὑποφυήσεθαι⁶
604 690 630 742 ὁ
674 685 734 744 δὲ
777 693 898 762 περὶ
965 695 1056 743 τοῦ
1137 691 1436 761 Πνεύματος
1515 687 1661 758 λόγος
1722 685 1769 738 ἐν

153 778 486 858 παραδρομῇ
571 786 740 834 κεῖται
851 775 1102 851 οὐδεμιᾶς
1168 777 1472 853 ἐξεργασίας
1535 776 1772 840 ἀξιωθεὶς

155 871 254 928 διὰ
309 875 370 925 τὸ
426 867 650 942 μηδέπω
705 873 820 924 τότε
883 876 1038 924 τοῦτο
1089 870 1400 928 κεκινῆσθαι
1445 871 1505 922 τό
1537 871 1768 941 ζήτημα,

155 963 267 1018 ἀλλ’
317 959 748 1016 ἀνεπιϐούλευτον
812 957 1124 1033 ὶννπάρχειν
1189 966 1306 1021 ταῖς
1349 966 1448 1013 τῶν
1504 961 1774 1012 πιστευόν-

155 1063 255 1109 τῶν
315 1053 535 1124 ψυχαῖς
586 1055 684 1109 τὴν
737 1055 855 1124 περὶ
909 1050 1068 1104 αὐτοῦ
1133 1046 1387 1104 διάνοιαν·
1421 1052 1557 1103 κατά
1585 1051 1772 1122 μικρὸν

154 1141 214 1197 δε
283 1148 545 1216 προϊόντα
598 1142 666 1193 τὰ
715 1142 919 1213 πονηρά
969 1148 1066 1203 τῆς
1117 1138 1357 1202 ἀσεϐείας
1409 1143 1703 1214 σπέρματα,
1739 1138 1775 1192 ἂ

159 1239 413 1306 πρότερον
488 1233 580 1303 μὲν
634 1231 736 1282 ὑπὸ
803 1229 1005 1305 Ἀρείου
1057 1237 1150 1285 τοῦ
1179 1231 1480 1305 προστάτου
1513 1237 1604 1290 τῆς
1635 1230 1775 1302 αἱρέ-

170 1342 297 1382 σεως
343 1319 663 1389 κατεϐλήθη,
725 1319 940 1393 ὕστερον
995 1316 1052 1373 δὲ
1123 1321 1222 1373 ὑπὸ
1289 1327 1387 1372 τῶν
1449 1321 1517 1374 τὰ
1581 1317 1773 1371 ἐκείνου

166 1421 338 1472 κακῶς
395 1405 809 1483 διαδεξαμένων,
859 1411 944 1462 ἐπὶ
997 1408 1133 1483 λύμῃ
1195 1417 1292 1463 τῶν
1325 1407 1644 1468 Ἐκκλησιῶν
1694 1406 1774 1471 ἐξ-

171 1503 390 1574 ετράφη,
439 1504 526 1550 καὶ
585 1500 615 1557 ἠ
673 1497 958 1550 ἀκολουθία
1008 1507 1102 1560 τῆς
1159 1495 1398 1560 ἀσεϐείας
1430 1497 1501 1560 εἰς
1527 1501 1620 1557 τὴν
1640 1499 1778 1550 κατά

169 1598 264 1644 τοῦ
321 1591 615 1662 Πνεῦματος
675 1586 1016 1661 βλασφημίαν
1076 1585 1376 1658 ἀπέσκηψεν
1429 1588 1561 1658 (59)·
1620 1585 1776 1658 ἀναγ-

165 1687 311 1734 καῖον
397 1681 532 1753 πρὸς
599 1681 724 1738 τούς
789 1682 859 1750 μὴ
929 1673 1264 1750 φειδομένους
1328 1676 1539 1746 ἑαυτῶν,
1636 1673 1776 1749 μηδὲ

1124 291 1612 350 EPISTOLARUM
1647 288 1929 350 CLASSIS
1965 292 2036 353 II.
2077 295 2291 353 EPIST.
2364 297 2560 356 CXXV.

216 427 280 482 3.
346 421 497 476 Ἐπεὶ
546 416 638 476 οὖν
692 419 914 474 ενταῦθα
967 419 1034 472 τὰ
1075 421 1164 492 μὲν
1193 416 1325 472 ἄλλα
1350 415 1643 491 ἀρκούντως
1671 419 1762 469 καὶ
1792 414 1843 470 Α

3428 304 3532 360 550

1949 421 2004 475 3.
2060 419 2360 485 Quoniam
2406 421 2588 492 igitur
2631 421 2730 479 hic
2759 425 2972 481 caetera
2999 425 3246 498 quidem
3276 426 3453 499 plene
3477 430 3536 486 et

1880 515 2157 566 accurate
2179 511 2427 570 definita
2456 517 2614 580 sunt,
2637 513 2858 586 partim
2885 514 2965 570 ad
2984 517 3376 574 emundanda
3395 535 3533 590 quae

1877 598 2023 656 laesa
2049 600 2306 668 fuerant,
2338 604 2556 675 partim
2585 604 2662 660 ad
2685 605 3080 677 praecavenda
3117 623 3254 680 quae
3304 608 3536 665 subori-

1880 691 2015 746 tura
2062 692 2550 763 praevidebantur
2583 710 2596 761 ;
2627 694 2902 752 doctrina
2962 701 3164 753 autem
3209 697 3286 753 de
3316 697 3536 770 Spiritu

1881 783 2092 836 sancto
2119 781 2367 838 strictim
2419 783 2638 856 posita,
2669 799 2782 840 nec
2813 784 3000 841 ullam
3052 786 3536 859 disquisitionem

1880 869 2011 926 visa
2038 871 2361 944 requirere,
2416 889 2488 930 eo
2517 873 2684 947 quod
2735 874 3012 931 nondum
3050 879 3196 932 tunc
3225 881 3384 933 esset
3406 877 3536 934 hmo

1881 964 2050 1018 mota
2103 963 2382 1035 quaestio,
2422 963 2530 1020 sed
2578 964 2707 1020 sine
2736 965 2971 1021 insidiis
3019 966 3200 1022 insita
3229 971 3385 1024 esset
3412 983 3538 1024 cre-

1882 1049 2154 1106 dentium
2185 1051 2404 1108 animis
2435 1052 2509 1108 de
2530 1052 2629 1109 illo
2656 1055 2950 1111 sententia
2977 1055 3305 1128 :paulatim
3333 1060 3538 1113 autem

1884 1142 2214 1199 crescentia
2241 1142 2564 1216 impietatis
2601 1145 2854 1208 semina,
2886 1161 3022 1218 quae
3071 1146 3239 1218 prius
3289 1146 3538 1219 quidem

1884 1231 1962 1288 ab
1991 1231 2128 1288 Ario
2143 1232 2386 1288 haeresis
2417 1238 2658 1290 auctore
2685 1234 2867 1304 jacta,
2896 1239 3108 1307 postea
3158 1251 3302 1292 vero
3359 1236 3437 1291 ab
3467 1235 3538 1291 iis

1883 1320 1989 1394 qui
2007 1320 2166 1378 illius
2196 1337 2426 1378 errores
2456 1322 2732 1396 improbe
2789 1328 3171 1397 exceperunt,
3221 1325 3301 1382 ad
3348 1324 3540 1383 Eccle-

1885 1410 2113 1467 siarum
2162 1411 2492 1484 perniciem
2544 1412 2802 1470 enutrita
2854 1417 3013 1479 sunt,
3041 1413 3296 1487 ipsaque
3324 1413 3538 1486 impie-

1884 1498 2020 1556 tatis
2046 1503 2226 1556 series
2251 1500 2313 1556 in
2339 1500 2784 1574 blasphemiam
2833 1505 3043 1559 contra
3097 1503 3380 1575 Spiritum
3411 1519 3541 1559 eru-

1883 1588 2015 1662 pit:
2064 1593 2384 1662 propterea
2432 1590 2727 1646 adversus
2771 1607 2895 1658 eos,
2941 1591 3047 1664 qui
3097 1591 3358 1665 sibiipsis
3417 1607 3540 1650 non

1884 1681 2162 1748 parcunt,
2193 1692 2392 1751 neque
2413 1677 2786 1735 inevitabiles
2811 1679 3008 1735 minas
3051 1695 3088 1736 a
3136 1679 3390 1736 Domino
3437 1695 3542 1736 no-

158 1772 564 1843 προορωμένους
615 1771 713 1825 τὴν
761 1767 986 1841 ἄφυκτον
1035 1765 1269 1833 ἀπειλὴν,
1308 1766 1368 1826 ἣν
1398 1774 1504 1828 τοῖς
1537 1765 1775 1840 βλασφη-

1895 1769 2014 1821 stro
2073 1765 2324 1838 Spiritus
2368 1767 2559 1823 sancti
2588 1767 3184 1840 blasphematoribus
3216 1768 3540 1826 intentatas

145 1867 349 1933 μοῦσιν
379 1858 456 1921 εἰς
495 1860 558 1910 τό
591 1863 804 1930 Πνεῦμα
830 1860 887 1909 τό
917 1856 1065 1928 ἅγιον
1091 1858 1116 1909 ό
1181 1859 1372 1932 Κύριος
1427 1859 1572 1930 ἡμῶν
1630 1856 1777 1908 ἐπαν-

148 1955 385 2002 ετείνατο
471 1947 612 2014 (60),
682 1944 841 1998 ἐκεῖνο
906 1951 1208 2021 προτείνειν,
1275 1949 1354 2000 ὅτι
1428 1951 1537 2020 χρὴ
1591 1945 1780 2008 αύτούς

157 2036 572 2110 ἀναθεματίζειν
623 2038 744 2100 τοὺς
795 2035 1032 2108 λέγοντας
1097 2037 1299 2109 κτίσμα
1362 2039 1419 2088 τό
1461 2043 1667 2109 Πνεῦμα
1719 2039 1777 2088 τό

159 2129 326 2200 ἅγιον,
381 2131 484 2179 καὶ
529 2129 650 2187 τοὺς
700 2133 943 2194 νοοῦντας
999 2126 1156 2194 οὕτω,
1213 2130 1303 2178 καὶ
1344 2129 1463 2188 τούς
1495 2130 1565 2196 μὴ
1602 2125 1780 2198 ὁμολο-

157 2226 381 2290 γοῦντας
431 2216 568 2269 αὐτὸ
636 2218 790 2288 φύσει
837 2215 986 2288 ἅγιον
1018 2212 1166 2280 εἶναι,
1220 2218 1283 2277 ὡς
1314 2218 1425 2268 ἔστι
1450 2218 1601 2288 φύσει
1635 2216 1780 2286 άγιος

158 2310 183 2361 ό
241 2312 452 2382 Πατήρ,
513 2310 605 2358 καὶ
669 2307 822 2377 φύσει
868 2305 1018 2376 ἅγιος
1051 2306 1077 2358 ὁ
1108 2307 1243 2372 Υἱός,
1278 2304 1381 2358 ἀλλ’
1412 2305 1780 2368 ἀποξενοῦντας

150 2397 412 2457 αύτότῆς
467 2397 612 2457 θείας
651 2399 743 2447 καὶ
799 2398 1060 2467 μακαρίας
1115 2397 1336 2467 φύσεως.
1392 2391 1690 2457 Ἀπόδειξις
1723 2390 1780 2446 δε

143 2496 240 2540 τοῦ
301 2487 472 2562 ὀρθοῦ
536 2489 868 2558 φρονήματος
917 2487 974 2536 τὸ
1007 2487 1096 2557 ’μὴ
1129 2484 1382 2559 χωρίζειν
1421 2484 1546 2537 αύτό
1576 2486 1781 2558 Πατρός

151 2581 248 2628 καί
300 2578 437 2630 Υἱοῦ
488 2571 604 2645 (δεῖ
654 2576 757 2649 γὰρ
817 2575 957 2646 ἡμᾶς
1015 2572 1374 2646 βαπτίζεσθαι
1407 2576 1518 2644 μὲν,
1558 2577 1622 2634 ὡς
1651 2593 1782 2649 παρ-

166 2665 441 2737 ελάϐομεν
499 2665 767 2716 πιστεύειν
828 2659 904 2733 δέ,
965 2665 1030 2724 ὡς
1091 2662 1478 2736 βαπτιζόμεθα·
1542 2658 1780 2726 δοξάζειν

170 2749 261 2824 δε,
318 2755 387 2813 ὡς
441 2754 875 2826 πεπιστεύκαμεν,
936 2756 1144 2828 Πατέρα
1189 2756 1280 2804 καὶ
1339 2754 1458 2806 Υἰὸν
1515 2757 1604 2805 καὶ
1633 2752 1781 2826 ἅγιον

170 2842 449 2914 Πνεῦμα),
504 2839 823 2914 ἀφίστασθαι
870 2837 930 2895 δε
985 2849 1076 2902 τῆς
1123 2845 1390 2903 κοινωνίας
1443 2849 1542 2894 τῶν
1583 2846 1785 2918 κτίσμα

167 2933 458 3005 λεγόντων,
534 2934 598 2998 ὡς
693 2940 925 3006 φανερῶς
1024 2931 1496 3006 βλασφημούντων·
1590 2931 1782 2986 ἐκείνου

170 3020 642 3095 διωμολαγημένου
703 3021 990 3094 (ἀναγκαία
1044 3024 1146 3095 γὰρ
1197 3024 1228 3081 ἡ
1289 3020 1664 3095 ἐπισημείωσις
1694 3018 1787 3074 διὰ

162 3116 299 3175 τούς
359 3111 734 3184 συκοφάντας),
793 3113 875 3164 ὅτι
940 3115 1054 3164 οὔτε
1122 3109 1394 3184 ἀγέννητον
1458 3110 1666 3184 λέγομεν
1728 3113 1786 3163 τὸ

153 3210 384 3275 Πνεῦμα
444 3204 503 3254 τό
551 3201 718 3272 ἅγιον·
787 3202 874 3254 ἕνα
923 3202 1024 3274 γὰρ
1081 3197 1296 3274 οἴδαμεν
1360 3199 1632 3275 ἀγέννητον
1699 3204 1787 3254 καὶ

147 3299 286 3366 μίαν
359 3299 466 3343 τῶν
537 3294 694 3343 ὄντων
765 3288 959 3364 ἀρχὴν,
1031 3293 1117 3342 τὸν
1185 3294 1391 3366 Πατέρα
1445 3298 1538 3343 τοῦ
1590 3294 1785 3366 Κυρίου

147 3385 312 3455 ἡμῶν
374 3381 562 3438 Ἰησοῦ
619 3387 879 3453 Χριστοῦ·
937 3382 1054 3432 οὔτε
1107 3383 1368 3452 γεννητόνυ
1425 3381 1512 3432 ἕνα
1567 3383 1664 3453 γὰρ
1696 3399 1789 3452 μο-

145 3480 343 3546 νογενῆ
401 3469 456 3523 ἐν
512 3478 575 3544 τῇ
632 3467 930 3543 παραδόσει
982 3478 1074 3530 τῆς
1125 3474 1358 3532 Πίστεως
1399 3465 1785 3542 δεδιδάγμεθαο

146 3568 212 3617 τό
288 3558 354 3614 δε
415 3566 634 3632 Πνεῦμα
683 3568 774 3620 τῆς
828 3557 1072 3622 ἀληθείας
1124 3557 1179 3610 ἐκ
1235 3566 1326 3612 τοῦ
1374 3563 1579 3635 Πατρός
1637 3557 1789 3611 ἔκπο-

150 3653 424 3727 ρεύεσθαι
487 3645 851 3721 διδαχθέντες,
913 3647 969 3700 ἐκ
1025 3655 1118 3700 τοῦ
1171 3655 1305 3701 Θεοῦ
1359 3645 1792 3721 εἷναιόμολογοῦ-

152 3763 252 3818 μεν
330 3739 620 3799 ἀκτίστως.
681 3738 1106 3811 Ἀναθεματίζειν
1166 3734 1225 3790 δὲ
1291 3742 1380 3790 καί
1417 3743 1538 3802 τοὺς
1566 3738 1792 3812 λειτουρο

153 3836 320 3906 γικόν
391 3831 640 3902 λέγοντας
704 3831 762 3881 τὸ
830 3835 1041 3902 Πνεῦμα
1091 3832 1147 3885 τὸ
1201 3827 1369 3901 ἅγιόν,
1425 3831 1493 3890 ὡς
1548 3825 1641 3882 διὰ
1703 3837 1794 3890 τῆς

162 3930 348 3996 φωνῆς
416 3921 615 3980 ταύτης
664 3917 735 3980 εἰς
777 3921 869 3980 τὴν
935 3924 1026 3970 τοῦ
1099 3921 1388 3990 κτίσματος
1476 3919 1794 3990 κατάγοντας

161 4011 342 4076 τάξιν.
404 4009 487 4063 Τὰ
533 4009 636 4083 γὰρ
686 4006 1020 4082 λειτουργικὰ
1075 4009 1344 4079 πνεύματα
1374 4011 1639 4079 κτίσματα
1669 4010 1793 4079 ἡμῖν

163 4105 195 4159 ἡ
251 4103 438 4172 Γραφὴ
495 4093 820 4171 παρέδωκεν,
879 4096 1120 4163 εἰποῦσα,
1181 4097 1262 4149 ὅτι
1321 4097 1514 4158 Πάντες
1553 4096 1656 4149 εἰσὶ
1691 4095 1794 4149 λει-

167 4190 444 4262 τουργικὰ
555 4189 828 4260 πνεύματα
932 4186 1002 4249 εἰς
1107 4185 1377 4238 διακονίαν
1478 4185 1795 4239 ἀποστελλό-

166 4298 329 4354 μενα.
410 4279 507 4332 Διά
564 4279 621 4330 σε
686 4279 806 4338 τοὺς
844 4277 1016 4330 πάντα
1069 4277 1342 4352 φύροντας,
1376 4280 1464 4330 καὶ
1503 4280 1574 4350 μή
1606 4275 1799 4350 φυλάσ-

174 4388 370 4430 σοντας
419 4371 517 4428 την
569 4364 616 4420 ἓν
655 4373 768 4432 τοῖς
819 4365 1156 4438 Εύαγγελίοις
1213 4361 1586 4435 διδασκαλίαν,
1640 4367 1797 4438 οἰναγ-

555 4189 828 4260 πνεύματα
932 4186 1002 4249 εἰς
1107 4182 1377 4238 διακονίαν

1885 1855 2284 1928 prospiciunt,
2335 1855 2485 1912 illud
2535 1857 2881 1914 necessario
2907 1858 3376 1931 proponendum
3407 1861 3496 1915 est
3527 1875 3540 1916 :

1887 1949 2163 2018 oportere
2220 1949 2284 2002 ut
2320 1946 2704 2002 anathemate
2753 1947 2967 2002 feriant
2990 1962 3093 2004 eos
3125 1947 3231 2022 qui
3259 1947 3543 2020 Spiritum

1889 2039 2170 2090 sanctum
2222 2034 2430 2091 dicunt
2477 2052 2612 2091 esse
2660 2040 3022 2106 creaturam,
3075 2042 3133 2094 et
3185 2053 3288 2093 eos
3316 2039 3420 2111 qui
3457 2038 3544 2093 sic

1890 2124 2172 2191 sentiunt,
2203 2127 2260 2181 et
2291 2139 2392 2181 eos
2425 2125 2530 2197 qui
2559 2140 2682 2181 non
2731 2125 3090 2182 conﬁtentur
3134 2143 3275 2182 eum
3326 2129 3545 2183 natura

1889 2218 2168 2270 sanctum
2199 2230 2351 2281 esse,
2387 2214 2544 2270 sicut
2571 2219 2788 2272 natura
2819 2219 3061 2272 sanctus
3113 2221 3202 2272 est
3257 2219 3444 2284 Pater,
3489 2219 3546 2272 et

1887 2306 2106 2360 natura
2126 2308 2370 2360 sanctus
2395 2309 2482 2361 est
2520 2304 2718 2374 Filius,
2770 2304 2878 2360 sed
2907 2305 3108 2380 ipsum
3138 2322 3174 2362 a
3217 2305 3418 2361 divina
3475 2321 3546 2361 ac

1887 2392 2068 2450 beata
2091 2399 2308 2450 natura
2336 2394 2704 2451 abalienant.
2759 2399 2953 2454 Rectee
2985 2401 3186 2452 autem
3239 2395 3547 2452 sententias

1890 2488 2318 2552 argumentum
2361 2489 2466 2556 est,
2497 2485 2667 2541 illum
2698 2501 2821 2541 non
2851 2501 3134 2558 separare
3181 2501 3218 2541 a
3271 2485 3442 2542 Patre
3495 2486 3550 2541 et

1891 2573 2033 2630 Filio
2057 2575 2312 2646 (oportet
2333 2575 2490 2630 enim
2526 2589 2639 2632 nos
2691 2575 2985 2649 baptizari
3023 2575 3548 2648 quemadmodum

1891 2664 2257 2736 accepimus,
2309 2669 2365 2720 et
2414 2664 2655 2720 credere
2705 2665 3229 2738 quemadmodum
3283 2665 3552 2738 baptiza-

1891 2769 2050 2821 mur,
2078 2752 2414 2823 gloriﬁcare
2436 2769 2576 2809 vero
2606 2753 2708 2820 ita,
2737 2758 2802 2809 ut
2831 2753 3155 2822 credimus,
3216 2757 3451 2811 Patrem
3496 2757 3553 2811 et

1893 2841 2104 2898 Filium
2134 2847 2190 2900 et
2218 2842 2502 2916 Spiritum
2528 2845 2828 2910 sanctum)
2874 2847 3055 2916 atque
3086 2842 3267 2900 etiam
3320 2843 3400 2899 ab
3449 2859 3550 2899 eo-

1893 2946 2030 2986 rum
2084 2931 2188 3004 qui
2242 2930 2526 3003 Spiritum
2580 2935 2919 2988 creaturam
2969 2931 3198 3000 dicunt,
3254 2935 3320 2989 ut
3347 2935 3551 3004 aperte

1893 3020 2472 3093 blasphemantium,
2505 3021 2935 3078 communione
2963 3020 3241 3078 recedere
3267 3038 3279 3077 :
3313 3021 3429 3078 hoc
3456 3037 3555 3077 ex-

1819 3102 1858 3157 C
1896 3109 2131 3182 plorato
2187 3113 2244 3166 et
2299 3108 2444 3166 citra
2492 3110 2966 3166 controversiam
3024 3113 3306 3165 manente
3385 3109 3554 3182 (nam

1895 3199 2238 3256 necessaria
2265 3203 2356 3254 est
2381 3198 2461 3255 ob
2492 3199 2906 3272 sycophantas
2937 3197 3304 3262 observatio)
3359 3213 3557 3271 neque

1897 3288 2230 3359 ingenitum
2261 3288 2378 3344 dici
2418 3305 2455 3346 a
2482 3289 2660 3344 nobis
2692 3288 2976 3360 Spiritum
3003 3292 3278 3344 sanctum
3315 3304 3330 3354 ;
3362 3303 3555 3344 unum

1898 3377 2057 3434 enim
2111 3378 2390 3434 novimus
2437 3377 2798 3450 ingenitum,
2830 3381 2887 3434 et
2916 3393 3108 3432 unum
3151 3392 3353 3434 rerum
3386 3377 3557 3450 prin-

1899 3467 2143 3539 cipium,
2188 3467 2426 3523 Patrem
2482 3467 2719 3523 Domini
2771 3471 2959 3523 nostri
2988 3469 3128 3523 Jesu
3163 3467 3418 3524 Christi:
3459 3482 3560 3523 ne-

1900 3573 2018 3630 que
2066 3557 2333 3627 genitum
2369 3574 2599 3626 ;unum
2651 3557 2812 3613 enim
2865 3573 2998 3612 esse
3049 3557 3450 3627 unigenitum,
3498 3557 3561 3613 in

1900 3646 2041 3702 ﬂdei
2070 3646 2387 3703 traditione
2418 3646 2743 3702 didicimus
2780 3663 2792 3702 :
2827 3646 3110 3718 Spiritum
3166 3651 3369 3703 autem
3413 3645 3563 3702 veri-

1902 3737 2037 3791 tatis
2069 3751 2141 3791 ex
2185 3739 2353 3792 Patre
2384 3736 2708 3808 procedere
2740 3735 2958 3804 edocti,
2986 3751 3059 3792 ex
3090 3738 3211 3792 Deo
3239 3751 3370 3791 esse
3424 3751 3563 3791 con-

1901 3825 2141 3880 ﬁtemur
2191 3825 2338 3882 citra
2392 3825 2778 3881 creationem.
2829 3827 3118 3880 Praeterea
3177 3825 3561 3881 anathemate

1901 3913 2170 3983 feriendi,
2227 3915 2332 3988 qui
2385 3914 2965 3971 administratorium
3021 3913 3228 3971 dicunt
3275 3914 3562 3985 Spiritum

1905 4007 2204 4075 sanctum,
2235 4008 2300 4060 ut
2329 4003 2434 4076 qui
2465 4002 2636 4059 illum
2695 4002 2756 4059 in
2813 4006 3231 4060 creaturarum
3287 4001 3564 4059 ordinem

1903 4093 2020 4149 hac
2047 4108 2194 4148 voce
2225 4092 2568 4150 detrudunt.
2598 4095 2747 4148 Nam
2794 4091 3342 4149 administratorios
3388 4091 3565 4165 spiri-

1905 4187 2001 4241 tus
2060 4187 2367 4240 creaturas
2429 4198 2558 4238 esse
2612 4182 2792 4238 nobis
2822 4180 3068 4238 tradidit
3101 4182 3426 4254 Scriptura,
3459 4180 3566 4237 ubi

1906 4273 2098 4329 dicit:
2150 4274 2362 4330 Omnes
2406 4277 2546 4329 sunt
2604 4271 3118 4328 administratorii
3174 4272 3442 4342 spiritus,
3502 4271 3566 4326 in

1908 4363 2304 4420 ministerium
2326 4363 2492 4418 missi
2505 4364 2517 4396 ¹
2532 4360 2924 4432 ⁴’¹⁵.ῡθῐιὶ(ῃιο
2938 4363 3184 4432 propter
3201 4375 3302 4416 eos
3320 4359 3424 4431 qui
3444 4374 3571 4415 om-

176 4462 332 4509 καίόν
389 4456 501 4508 ἐστι
553 4459 648 4508 καὶ
699 4462 855 4508 τοῦτο
883 4451 1455 4529 προσδιαστείλασθαι·
1489 4457 1566 4507 ὅτι
1595 4457 1785 4526 φεύγειι

1908 4453 2010 4509 nia
2037 4453 2422 4525 permiscent,
2449 4467 2561 4507 nec
2587 4450 2923 4506 doctrinam
2954 4450 3016 4504 in
3070 4447 3407 4518 Evangeliis
3436 4446 3567 4503 reli-

181 4542 273 4599 δεί
319 4550 413 4596 καὶ
475 4549 594 4608 τοὺς
649 4549 743 4604 την
806 4543 1118 4599 ἀκολουθίαν
1183 4545 1246 4605 ἣν
1284 4541 1584 4619 παρέδωκεν
1616 4546 1741 4619 ἡμῖν
1772 4547 1797 4597 ό

181 4637 390 4709 Κύριος
463 4634 842 4709 ίναμείϐοντας,
924 4637 991 4702 ὡς
1052 4643 1278 4712 φανερῶς
1340 4638 1668 4708 μαχομένους
1733 4642 1794 4709 τῇ

177 4721 428 4797 εὐσεϐείᾳ
483 4725 614 4797 (6l)'
676 4728 767 4777 καὶ
828 4725 946 4778 Υἱὸν
1012 4727 1102 4798 μὲν
1148 4727 1544 4799 προτάσσοντας
1572 4731 1664 4778 τοῦ
1696 4730 1800 4778 Πα-

173 4820 324 4892 τρός,
389 4815 512 4867 Υὶοῦ
580 4809 638 4867 δε
691 4817 751 4866 τὸ
798 4821 1010 4887 Πνεῦμα
1063 4818 1122 4867 τό
1189 4815 1338 4886 ἅγιον
1421 4816 1788 4890 προτιθέντας.

165 4909 457 4963 Ἀκίνητον
514 4905 620 4978 γὰρ
677 4908 768 4957 καὶ
829 4901 1281 4980 ἀπαρεγχείρητον
1321 4903 1604 4978 φυλάσσειν
1634 4922 1800 4977 προσ-

163 5002 288 5054 ἠκει
336 4999 440 5052 την
503 4991 841 5063 ἀκολουθίαν,
908 4992 968 5051 ἣν
1018 4993 1071 5060 ἐξ
1122 4993 1286 5056 αὐτῆς
1337 5001 1428 5046 τοῦ
1471 4997 1664 5068 Κυρίου
1710 5000 1800 5053 τῆς

170 5094 351 5157 φωνῆς
434 5083 820 5156 παρελάϐομεν,
917 5083 1161 5148 εἰπόντος·
1258 5084 1614 5157 Πορευθέντες,
1692 5102 1799 5157 μα-

917 5083 1161 5148 εἰπόντος·
1258 5084 1614 5157 Πορευθέντες,

258 5299 384 5336 ηαδ
443 5297 624 5356 Hebr.
657 5313 697 5370 ι,
728 5300 810 5359 14.

264 5494 764 5569 (ὃθγΑπέσκηψεν.
793 5494 968 5552 Coisl.
1002 5498 1253 5569 uterque
1271 5498 1328 5554 et
1356 5511 1513 5556 unus
1559 5511 1633 5556 ex
1689 5498 1802 5554 Re-

182 5568 307 5642 giis
340 5568 656 5642 ἐπέσκηψεν.

261 5642 378 5710 (60)
441 5641 862 5697 Ἐπανετεινατο.
922 5639 1098 5698 Coisl.
1148 5640 1385 5714 primus
1428 5639 1796 5700 ἐπανετείνετο.

1909 4546 2066 4598 ctam
2093 4542 2264 4616 217
2302 4541 2670 4609 custodiunt,
2730 4553 2975 4595 necesse
3016 4541 3106 4594 est
3152 4537 3268 4593 hoc
3321 4551 3568 4610 quoque

1909 4631 2238 4699 declarare,
2273 4647 2375 4687 eos
2401 4631 2579 4687 etiam
2603 4629 2708 4704 qui
2729 4629 3006 4686 ordinem
3033 4625 3210 4683 nobis
3243 4642 3279 4682 a
3310 4624 3568 4684 Domino

1910 4721 2198 4778 traditum
2261 4719 2588 4788 invertunt,
2639 4723 2695 4775 et
2751 4717 2963 4774 Filium
3017 4718 3156 4772 ante
3215 4718 3471 4782 Patrem,
3514 4716 3570 4771 et

1914 4810 2198 4882 Spiritum
2246 4813 2526 4866 sanctum
2575 4812 2710 4864 ante
2739 4806 2948 4863 Filium
2981 4804 3299 4870 collocant,
3331 4803 3568 4872 fugien-

1911 4902 2025 4957 dos
2083 4916 2237 4966 csse,
2290 4903 2354 4954 ut
2417 4898 2525 4971 qui
2580 4901 2783 4970 aperte
2838 4911 2976 4951 cum
3029 4894 3246 4968 pietate
3279 4896 3566 4966 pugnent.

1913 4993 2204 5048 Immotus
2237 4989 2397 5046 enim
2427 4992 2484 5045 et
2509 4985 2875 5044 inviolabilis
2919 4984 3357 5042 custodiendus
3397 4983 3569 5052 ordo,

1911 5096 2096 5156 quem
2125 5096 2198 5136 ex
2226 5079 2360 5152 ipsa
2381 5075 2619 5134 Domini
2647 5092 2796 5134 voce
2849 5074 3135 5134 traditum
3195 5073 3570 5148 accepimus,

1920 5571 1946 5624 θ
1987 5500 2101 5584 ςδι)
2151 5501 2223 5569 Τῇ
2285 5489 2534 5568 ευσεϐείᾳ.
2584 5493 2670 5548 lta
2698 5503 2919 5547 novem
2949 5502 3099 5544 mss.
3140 5481 3291 5540 Editi
3346 5488 3405 5555 τῇ
3441 5479 3571 5542 ἀλη-

1954 5588 2054 5624 εια.

1954 5588 2054 5640 ειᾳ.
