4078 6400
196 263 309 320 553

1129 264 1632 325 EPISTOLARUM
1661 263 1946 324 CLASSIS
1974 265 2044 322 lI.
2074 265 2290 325 EPIST.
2317 266 2590 326 CXXVIII.

3481 274 3585 333 554

205 390 398 458 θέντες,
438 390 536 442 καὶ
584 388 751 443 πολὺν
796 388 975 463 ἀγῶνα
1018 392 1403 464 ἀγωνιάσαντες
1449 398 1539 445 τοῦ
1594 394 1665 464 μή
1724 392 1825 444 πού

1945 394 2166 460 verunt,
2200 391 2477 449 Ecclesiae
2506 392 2756 462 inﬂicta,
2788 392 2990 449 adhuc
3041 394 3220 465 218
3249 394 3433 452 etiam
3459 410 3590 453 ma-

204 499 257 533 τι
306 481 441 552 πρὸς
488 485 606 542 τοῖς
655 484 863 555 μυρίοις
904 484 1218 557 τραύμασιν,
1263 484 1336 544 οἷς
1377 482 1624 535 πέπονθεν
1649 482 1679 539 ἡ
1714 479 1825 533 Ἐκ-

206 568 411 627 κλησία
468 571 618 644 παρὰ
675 578 777 622 τῶν
834 570 906 634 εἰς
949 575 1042 631 τήν
1072 570 1316 631 ἀλήθειαν
1362 578 1455 626 τοῦ
1508 570 1824 644 Εὕαγγελίου

210 658 618 735 ἐξαμαρτόντων
654 660 790 731 (70),
822 662 899 714 ἔτι
940 666 1030 714 καὶ
1084 661 1206 714 ἄλλο
1250 660 1449 736 ἁναφυῇ
1485 664 1668 730 κακόν,
1700 658 1824 712 ἀνα-

207 749 500 811 νεωθείσης
523 757 619 810 τῆς
647 748 876 814 παλαιᾶς
902 758 994 803 τοῦ
1042 751 1240 827 ἐχθροῦ
1279 761 1375 815 τῆς
1399 751 1583 810 Ἐκκλη
1594 754 1708 811 σίας
1732 757 1826 803 Σαο

208 838 417 893 ϐελλίου
465 841 717 915 αἱρέσεως
765 841 993 912 (τούτοις
1019 843 1120 917 γὰρ
1161 843 1210 895 οἱ
1250 837 1465 915 ἀδελφοὶ
1503 838 1825 913 ἀπήγγειλαν

209 929 327 1001 (Ἠ)
359 931 494 1002 ἡμῖν
540 938 765 1003 συγγενῆ
814 928 944 983 εἶναι
984 932 1051 983 τὰ
1104 930 1390 1006 εἰρημένα),
1437 932 1626 983 τούτου
1665 931 1825 985 ἕνεκεν

206 1018 604 1094 ἐπεστείλαμεν,
638 1021 722 1073 ἵνα
748 1025 821 1095 μή
862 1020 1083 1096 ὀκνήσῃς
1128 1024 1314 1097 μικρὸν
1365 1017 1644 1094 διάστημα
1679 1040 1826 1079 κινη-

204 1110 317 1171 θεὶς
334 1108 662 1163 καταλαϐεῖν
685 1112 845 1184 ἡμᾶς,
875 1114 968 1164 καὶ
1006 1114 1100 1169 τήν
1128 1110 1211 1164 ἐπὶ
1239 1113 1442 1172 τούτοις
1470 1109 1825 1186 πληροφορίαν

202 1205 646 1273 παρασχόμενος,
703 1202 850 1274 ήμῶν
900 1219 957 1254 τε
1019 1205 1114 1260 τήν
1170 1197 1362 1260 ὀδύνην
1434 1206 1823 1273 καταπραῡναι,

1931 480 2059 539 lum
2089 479 2256 536 aliud
2296 486 2606 553 nascatur,
2636 486 2925 539 renovata
2970 496 3040 538 ac
3068 482 3471 554 redintegrata
3496 499 3592 540 ve-

1933 570 2044 629 teri
2068 570 2260 628 hostis
2300 571 2578 628 Ecclesiae
2622 570 2863 629 Sabellii
2899 571 3111 628 haeresi
3137 572 3254 644 (his
3284 572 3444 629 enim
3474 572 3590 630 fra—
3620 628 3623 631 .

1937 663 2054 718 tres
2081 665 2481 718 narraverunt
2509 660 2687 718 nobis
2715 660 2922 718 aﬂinia
2951 677 3085 717 esse
3115 661 3312 735 dicta),
3342 673 3479 719 eam
3507 661 3589 719 ob

1937 765 2189 807 causam
2227 749 2606 823 scripsimus,
2632 753 2696 807 ut
2738 766 2815 807 ne
2854 751 3121 821 graveris
3151 750 3230 808 ad
3259 766 3372 808 nos
3396 765 3590 824 parvo

1935 838 2141 896 itinere
2184 839 2456 897 confecto
2499 839 2808 907 accedere,
2852 855 2923 896 ac
2951 839 3127 914 plene
3167 840 3243 896 de
3278 839 3376 897 his
3405 839 3592 897 rebus

1937 928 2338 996 satisfaciens,
2368 933 2501 985 tum
2526 928 2797 985 dolorem
2828 934 3102 986 nostrum
3132 930 3428 1000 mitigare,
3459 932 3590 986 tum

1937 1017 2037 1074 Dei
2062 1017 2353 1075 Ecclesias
2376 1017 2582 1089 solari,
2608 1034 2745 1092 quae
2766 1034 2930 1075 nunc
2949 1018 3310 1077 intolerabili
3331 1022 3388 1075 et
3418 1016 3591 1089 gravi

1935 1108 2143 1165 dolore
2171 1112 2229 1167 et
2256 1108 2335 1165 ob
2371 1124 2442 1165 ea
2469 1123 2606 1183 quae
2646 1112 2813 1181 gesta
2840 1112 2999 1178 sunt,
3033 1112 3088 1166 et
3115 1108 3194 1166 ob
3224 1124 3296 1166 ea
3325 1123 3461 1182 quae
3485 1122 3588 1165 ru-

1933 1214 2069 1255 mor
2097 1202 2190 1255 est
2217 1213 2255 1254 a
2284 1202 2339 1254 te
2368 1197 2528 1255 dicta
2553 1214 2709 1267 esse,
2737 1197 3099 1256 afﬁciuntur.

205 1294 301 1341 καὶ
343 1292 444 1352 τὰς
498 1297 597 1342 τοῦ
639 1297 774 1344 Θεοῦ
816 1289 1133 1354 Ἐκκλησίας
1160 1290 1678 1365 παραμυθήσασθαι,
1701 1289 1795 1351 τὰς
1819 1295 1907 1340 νῦν
1951 1285 2225 1365 ἀφορήτως
2257 1292 2348 1341 καὶ
2370 1285 2571 1363 βαρέως
2601 1286 2687 1341 ἐπί
2717 1306 2773 1342 τε
2797 1294 2906 1352 τοῖς
2954 1292 3340 1365 πεπραγμένοις
3381 1290 3472 1341 καὶ
3501 1283 3587 1344 ἐπὶ

206 1390 321 1444 τοῖς
350 1378 751 1455 Θρνλλουμένοις
772 1379 1019 1456 εἰρῆσθαι
1045 1382 1192 1455 παρὰ
1223 1387 1318 1434 σοῦ
1346 1379 1691 1453 λυπουμένας.

774 1511 1103 1561 ΕΠΙΣΤΟΔΙῙ
1134 1505 1273 1560 ΡΚΖ¹

2435 1504 2672 1561 EPISTO
2682 1505 2771 1560 LA
2821 1504 3093 1561 CXXVII'.

205 1608 447 1665 Ναννοῖ
464 1620 528 1662 se
558 1606 840 1676 Nicopoli
862 1606 1150 1677 gravibus
1179 1604 1463 1661 molestiis
1489 1603 1891 1668 laborantem,
1911 1601 2177 1660 adventu
2205 1600 2410 1677 Jovini
2432 1607 2770 1677 recreatum
2794 1603 2987 1677 fuisse
3005 1623 3027 1670 ,-
3047 1619 3119 1661 ac
3138 1604 3462 1665 Eusebium
3493 1625 3591 1667 ro-

758 1675 879 1748 gat
896 1684 965 1733 ut
994 1693 1125 1734 eum
1154 1692 1268 1748 pro
1293 1677 1468 1733 rebus
1489 1690 1601 1733 sua
1627 1680 1683 1732 et
1714 1690 2015 1732 canonum
2040 1690 2225 1732 causa
2248 1675 2500 1744 fortiter
2529 1675 2710 1745 gestis
2730 1675 3052 1733 coltuudet.

561 1783 821 1857 Εὗσεϐίῳ,
852 1783 1120 1837 ἐπισκόπὼ
1151 1785 1488 1857 Σαμοσάτων.

268 1877 335 1930 Ὀ
397 1875 772 1951 φιλάνθρωπος
838 1877 965 1936 Θεὸς
1037 1877 1369 1948 συμμέτρους
1431 1877 1548 1934 ταῖς
1617 1869 1827 1942 etiam

188 1971 287 2028 τὰς
346 1964 730 2041 παρακλήσεις
804 1966 1094 2030 συνάπτων,
1152 1967 1245 2015 καὶ
1318 1960 1632 2038 παρακαλῶν
1709 1962 1828 2020 τοὺς

196 2060 512 2123 ταπεινοὺς,
575 2057 660 2107 ἵνα
732 2058 806 2128 μή
854 2054 1084 2107 λάθωσιν
1151 2054 1251 2106 ὑπό
1302 2059 1399 2114 τῆς
1450 2053 1830 2127 περισσοτέρας

202 2149 383 2211 λύπης
447 2147 857 2212 καταποθέντες,
912 2147 1035 2203 ἴσην
1088 2151 1205 2206 ταῖς
1270 2141 1651 2216 ἓπιγενομέναις
1702 2142 1828 2213 ἡμῖν

207 2241 349 2291 κατὰ
389 2241 492 2296 τήν
556 2234 845 2289 Νικόπολιν
907 2240 1171 2308 ταραχαῖς
1224 2237 1312 2291 τήν
1357 2232 1695 2307 παραμυθίαν
1745 2227 1830 2282 ἐπ·-

204 2332 405 2401 ήγαγε,
448 2331 543 2380 τόν
592 2325 982 2398 θεοφιλέστατον
1026 2322 1307 2377 ἐπίσκοπον
1332 2320 1545 2377 Ἰοϐῖνον
1577 2319 1625 2372 ἰν
1662 2326 1828 2393 καιρῷ

196 2418 537 2479 ἐπιστήσας·
581 2415 633 2476 ὃς
677 2416 815 2477 ὅπως
872 2413 1119 2488 εὐκαίρως
1185 2414 1309 2485 ἡμῖν
1376 2409 1620 2483 ἐπεφάνη,
1676 2408 1830 2468 αὐτὸς

200 2507 599 2581 ὁιηγησάσθω.
681 2502 856 2577 Ἡμεῖς
907 2505 1030 2576 γὰρ,
1117 2497 1411 2575 φειδόμενοι
1467 2506 1559 2552 τοῦ
1632 2502 1831 2572 μήκους

206 2608 318 2660 τῆς
387 2594 691 2665 ἐπιστολῆς,
759 2597 1117 2665 σιωπήσομεν·
1179 2595 1271 2643 καὶ
1333 2591 1418 2641 ἶνα
1467 2593 1538 2662 μή
1597 2584 1829 2660 δόξωμεν

217 2692 354 2749 τοὺς
396 2685 453 2737 ἐκ
492 2682 778 2758 μεταϐολῆς
832 2680 1136 2754 ἁγαπητοὺς
1201 2682 1326 2753 ήμῖν
1364 2680 1668 2752 γενομένους
1719 2677 1831 2748 (72)

222 2778 394 2829 οἱονεὶ
461 2782 519 2846 τῇ
583 2775 885 2847 ὑπομνήσει
953 2777 1044 2823 τοῦ
1123 2768 1419 2842 σφάλματος
1490 2766 1827 2824 mnum».

221 2864 400 2917 ’Λλλὰ
453 2865 721 2938 παράσχοι
761 2862 786 2914 ό
860 2860 1011 2933 ἅγιος
1071 2862 1198 2920 Θεὸς
1271 2856 1550 2916 ἔπιστῆναί
1606 2874 1664 2909 σε
1722 2859 1831 2917 τοῖς

224 2956 501 3028 ἡμετέροις
550 2956 746 3018 τόποις,
799 2951 937 3002 ὥστε
997 2947 1418 3022 περιπτύξασθαι
1464 2949 1554 3020 μὲν
1590 2949 1685 3003 τήν
1733 2947 1830 3001 σὴν

226 3046 653 3117 σεμνοπρέπειαν,
715 3038 1092 3112 διηγήσασθαι
1150 3034 1209 3091 δὲ
1279 3039 1345 3090 τὰ
1425 3035 1541 3089 καθ’
1590 3034 1829 3088 ἕκαστον.

213 3139 428 3207 Πέφυκε
472 3134 577 3205 γὰρ
634 3150 743 3191 πως
793 3130 862 3182 τὰ
916 3131 1052 3181 κατὰ
1120 3131 1215 3186 τήν
1280 3133 1462 3200 πεῖραν
1523 3124 1832 3183 λυπήσαντα

206 3224 587 3296 ψυχαγωγίαν
641 3222 758 3272 τινὰ
823 3218 940 3290 (73)
999 3219 1140 3290 ἔχειν
1188 3215 1237 3269 ἐν
1293 3214 1614 3287 διηγήμασι.
1688 3212 1830 3271 Πλήν

208 3311 326 3366 ἀλλ’
396 3313 529 3384 ὑπερ
580 3310 650 3361 ὧν
703 3307 905 3368 τελείως
1106 3308 1178 3368 ὡς
1230 3307 1363 3379 πρὸς
1426 3308 1521 3362 τήν
1569 3302 1635 3364 εἰς
1690 3304 1831 3374 ἡμᾶς

209 3402 457 3475 ἀγάπην,
508 3401 918 3474 προῆγουμένως
981 3394 1094 3468 (74)
1166 3390 1225 3447 δὲ
1301 3395 1393 3446 καί
1463 3390 1727 3466 στιϐαρῶς
1768 3392 1833 3451 ὡς

206 3497 347 3569 πρὸς
392 3496 492 3550 τήν
528 3498 631 3542 τῶν
704 3492 931 3540 κανόνων
1002 3484 1268 3560 ἀκρίϐειαν
1343 3485 1369 3536 ό
1446 3482 1831 3556 θεοφιλέστατος

212 3584 512 3641 ἐπίσκοπος
538 3578 779 3649 ἐκινήθη,
810 3576 1078 3630 ἐπαίνεσον
1130 3575 1305 3644 αὐτόν,
1357 3577 1448 3626 καὶ
1501 3571 1833 3648 εὐχαρίστη-

216 3692 311 3726 σον
359 3678 440 3741 τῷ
497 3672 701 3742 Κυρίῳ,
731 3667 812 3718 ὅτι
857 3666 927 3717 τὰ
965 3665 1037 3717 σὰ
1091 3665 1363 3739 θρέμματα
1410 3667 1690 3734 πανταχοῦ
1744 3663 1833 3714 τὸν

208 3767 552 3837 χαρακτῆρα
578 3766 675 3819 τῆς
701 3765 797 3817 σῆς
835 3757 1153 3827 σεμνότητος
1183 3750 1471 3806 δείκνυσιν.

774 3865 1115 3916 ΕΠΙΣΤΟΛΗ
1154 3858 1301 3913 ΡΚΙΓ

2236 1782 2493 1838 Eusebio
2517 1783 2789 1853 episcopo
2817 1783 3292 1844 Samosatorum.

2007 1872 2163 1928 Deus
2192 1871 2686 1942 benignissimus,
2717 1872 2822 1947 qui
2860 1874 3033 1946 paria
3062 1874 3350 1933 molestiis
3380 1877 3596 1937 solatia

1934 1960 2184 2018 innectit
2228 1965 2287 2018 et
2326 1959 2674 2017 consolatur
2714 1961 2995 2033 humiles,
3047 1978 3123 2020 ne
3177 1963 3594 2038 imprudentes

1934 2051 2123 2107 nimia
2179 2050 2412 2107 tristitia
2469 2050 2936 2124 absorbeantur,
2967 2053 3267 2126 aequalem
3313 2056 3406 2125 iis,
3456 2071 3595 2130 quas

1936 2139 2115 2196 nobis
2135 2139 2405 2212 Nicopoli
2425 2138 2790 2210 obtigerunt,
2806 2140 3362 2212 perturbationibus
3384 2160 3599 2202 conso-

1935 2229 2224 2287 lationem
2243 2229 2537 2301 adjunxit,
2562 2228 3089 2299 religiosissimum
3107 2233 3465 2308 episcopum
3492 2236 3595 2293 Jo-

1936 2319 2149 2377 vinum
2183 2320 2244 2376 in
2275 2323 2548 2392 tempore
2593 2319 2942 2376 adducens:
2975 2322 3082 2396 qui
3126 2323 3376 2396 quidem
3406 2341 3597 2399 quam

1937 2413 2280 2482 opportune
2328 2408 2507 2465 nobis
2560 2409 2892 2480 advenerit,
2948 2410 3078 2483 ipse
3127 2416 3412 2485 exponat.
3481 2415 3598 2469 Nos

1939 2498 2212 2568 enim,ne
2241 2497 2493 2571 epistola
2513 2498 2774 2555 multum
2794 2500 3205 2571 protrahatur,
3222 2501 3556 2558 tacebimus
3580 2519 3597 2573 ;

1937 2594 2068 2646 tum
2123 2589 2303 2645 etiam
2361 2604 2439 2644 ne
2490 2587 2809 2644 videamur
2826 2604 2932 2645 eos
2973 2589 3083 2663 qui
3109 2591 3357 2648 mutatis
3380 2590 3601 2648 animis

1939 2677 2117 2735 amici
2165 2676 2339 2733 nobis
2383 2676 2525 2733 facti
2574 2682 2735 2747 sunt,
2781 2677 2971 2750 culpae
3019 2680 3601 2738 commemoratione

1939 2766 2420 2842 quodammodo
2441 2769 2670 2822 notare.
2694 2765 2805 2823 Sed
2828 2766 3120 2838 largiatur
3144 2772 3299 2825 Deus
3328 2774 3600 2840 sanctus,

1938 2862 2006 2915 ut
2028 2858 2091 2913 in
2119 2857 2398 2928 regiones
2425 2860 2664 2912 nostras
2694 2854 3006 2924 adventes,
3035 2861 3103 2914 ut
3147 2861 3314 2914 tuam
3341 2860 3602 2930 gravita-

1938 2951 2060 3004 tem
2108 2946 2554 3020 amplectamur
2600 2960 2671 3002 ac
2721 2944 2962 3015 singula
3002 2945 3364 3004 referamus.
3396 2950 3602 3007 Solent

1939 3037 2101 3093 enim
2122 3038 2393 3110 quodam
2416 3034 2603 3091 modo
2622 3049 2760 3107 quae
2782 3034 2844 3090 in
2870 3034 3235 3109 experiendo
3257 3037 3599 3096 molestiam

1871 3104 1911 3160 δ
1939 3104 2284 3194 attulerunt,
2326 3123 2594 3197 aliquam
2641 3104 2704 3179 in
2755 3123 3063 3181 narrando
3122 3126 3599 3185 consolationem

1935 3215 2180 3273 habere.
2230 3216 2502 3271 Ceterum
2546 3228 2659 3286 pro
2688 3212 2761 3269 iis
2799 3229 2936 3286 quae
2981 3214 3285 3272 cumulate
3323 3216 3595 3291 quidem,

1936 3309 2235 3379 quantum
2267 3303 2346 3359 ad
2385 3302 2576 3376 ipsius
2621 3303 2685 3358 in
2730 3317 2844 3359 nos
2871 3318 3142 3360 amorem
3174 3305 3402 3373 attinet,
3435 3322 3599 3379 pree-

1936 3392 2112 3466 cipue
2141 3395 2346 3449 autem
2391 3407 2464 3447 ac
2509 3390 2758 3457 fortiter,
2784 3397 3085 3464 quantum
3141 3393 3220 3450 ad
3250 3400 3598 3454 accuratam

1938 3497 2246 3539 canonum
2294 3480 2802 3548 observationem,
2842 3481 3165 3557 episcOpus
3211 3483 3597 3555 religiosissi-

1937 3586 2076 3628 mus
2115 3575 2373 3627 conatus
2404 3574 2513 3638 est,
2544 3568 2734 3627 lauda
2762 3570 2952 3640 illum;
2987 3587 3059 3629 ac
3090 3574 3345 3630 Domino
3370 3575 3598 3645 gratias

1936 3675 2072 3732 age,
2103 3658 2268 3733 quod
2296 3658 2530 3716 alumni
2559 3658 2641 3715 tui
2670 3658 2899 3732 ubique
2929 3661 3163 3718 virtutis
3187 3666 3306 3719 tuae
3336 3662 3598 3736 efﬁgiem

1936 3752 2390 3823 repraesentem.

2420 3856 2763 3914 EPISTULA
2800 3856 2883 3914 CX
2893 3858 3117 3914 XVIII“.

206 3956 505 4022 Eusebio,
540 3953 652 4025 qui
674 3954 939 4024 gratiam
965 3952 1128 4025 inter
1164 3949 1457 4005 Basiliam
1489 3953 1542 4004 et
1581 3945 1955 4003 Eustathium
1985 3947 2215 4025 sarciri:
2243 3947 2539 4025 voluerat,
2571 3946 2890 4025 respondet
2917 3947 3186 4025 Basilius
3207 3963 3276 4025 _s_e
3300 3963 3413 4018 pro
3448 3962 3599 4020 pace

284 4029 452 4085 mori
465 4018 758 4096 paratum
791 4038 935 4090 esse,
957 4022 1062 4079 sed
1084 4036 1285 4078 veram
1310 4035 1514 4096 pacem
1542 4033 1828 4096 quaerere,
1846 4025 2030 4091 atque
2056 4023 2125 4074 ut
2150 4018 2517 4096 Eustathius
2534 4018 2721 4096 __cl_are
2738 4022 2793 4073 et
2814 4020 2951 4096 sine
2970 4018 3326 4096 ambagibus
3354 4018 3597 4093 respon—

290 4089 731 4167 deatfoptare.
760 4089 1053 4165 Afﬁrmat
1098 4109 1233 4167 eum
1252 4089 1414 4148 nihil
1438 4089 1737 4161 ejusmodi
1755 4089 2072 4167 facturum
2102 4104 2295 4167 neque
2321 4105 2360 4145 a
2386 4089 2566 4167 medii
2593 4090 2851 4167 h_ommis
2879 4092 3133 4147 consitio
3158 4089 3593 4167 discessurum.

298 4160 469 4228 Unde
510 4160 828 4224 concludit
847 4160 911 4222 se
948 4180 1069 4221 non
1101 4165 1325 4237 debere,
1357 4160 1493 4237 cum
1524 4178 1595 4237 eo
1620 4160 2569 4237 communicare,ne’denegatam
2597 4161 2877 4237 Euippioq
2896 4164 3368 4237 communionem
3388 4165 3601 4237 Euipii

286 4241 583 4299 similibus
604 4239 854 4296 reddere
881 4237 1182 4294 videatur.
1213 4235 1369 4303 Quid
1396 4234 1695 4305 agendum
1727 4248 1862 4289 cum
1893 4234 2031 4291 aliis
2053 4233 2231 4303 ﬁdem
2261 4232 2515 4289 Patrum
2538 4248 2658 4289 non
2689 4234 3112 4303 recipientibus
3136 4237 3402 4303 exponit.

557 4344 817 4417 Εὗσεϐίῳ,
850 4344 1119 4415 ἐπισκόπῳ
1153 4344 1493 4416 Σαμοσάτων.

297 4461 355 4512 1.
411 4454 541 4525 Ἐγὼ
586 4457 682 4511 τήν
729 4454 848 4524 περὶ
876 4452 935 4502 τὸ
983 4449 1342 4524 εἰρηνεύεσθαι
1376 4449 1470 4509 τὰς
1507 4444 1824 4509 Ἐκκλησίας

218 4552 323 4599 τοῦ
362 4549 555 4617 Κυρίου
584 4542 702 4615 (75)
734 4535 970 4599 σπουδὴν
1001 4541 1134 4614 ἔργω
1163 4540 1253 4612 μὲν
1302 4533 1635 4599 ἐνδείξασθαι
1666 4534 1825 4599 ἀξίως

302 4722 421 4794 (70)
478 4720 926 4794 Ἐξαμαρτόντων.
985 4716 1136 4775 Med.
1169 4719 1228 4772 et
1296 4714 1481 4787 Bigot.
1541 4712 1834 4789 ἐξαμαρτα-

220 4814 436 4849 νοντων.

287 4871 410 4930 (7t)
454 4862 832 4933 Ἀπήγγειλαν.
880 4863 969 4933 Ita
1018 4858 1291 4933 Med._qe_t
1335 4856 1833 4933 Coisl._primus;

208 4928 490 5014 quatuor
531 5005 543 5014 .
566 4928 665 4990 alii
722 4930 1090 5014 c’crniyyillev.’
1126 4929 1278 5014 E_diti
1333 4928 1645 5001 ἀπὴγίελον.
1706 4930 1836 4985 MOI

214 5001 410 5071 Cois].
450 5005 688 5079 primus
718 5001 1036 5079 παραλαςεῖν
1068 5003 1222 5079 ἡμᾶς.

292 5023 410 5065 ιιει.
450 5023 688 5079 prunus
718 5023 1036 5077 παραλαοειν
1068 5023 1096 5060 η
1145 5023 1222 5062 ας.
1786 5068 1796 5080 ⁸

292 5084 401 5145 (ῖ2)
448 5079 779 5145 Γενόμένους.
813 5074 1061 5131 Codices
1090 5023 1214 5129 διυο
1240 5070 1627 5127 vetustissimi
1653 5069 1838 5127 Medi-

221 5134 397 5208 caeus'
440 5154 505 5207 et
563 5134 757 5205 Coisl;
802 5146 1035 5219 primus
1091 5144 1321 5200 habent
1371 5147 1689 5219 γινομένους,
1734 5157 1838 5212 qm

219 5224 403 5281 amici
430 5221 610 5277 nobis
629 5218 813 5287 ﬁunt,
839 5234 914 5273 ex
954 5231 1078 5288 quo
1114 5220 1489 5288 sequeretur,
1521 5218 1650 5288 tum
1698 5228 1839 5269 cum

220 5296 349 5352 haec
378 5285 683 5366 scriberet
701 5285 1285 5366 Basilius—nondum
1317 5290 1375 5341 et
1406 5285 1658 5366 omnino
1698 5300 1837 5366 cum

219 5368 507 5425 Antbimo
537 5354 971 5419 molestiarum
1003 5361 1247 5415 auctore
1300 5356 1683 5424 convenisse,
1733 5354 1840 5412 sed

225 5446 452 5496 tantum
483 5435 565 5492 de
587 5448 741 5508 pace
767 5430 868 5502 agi
888 5435 1156 5509 emptum
1184 5443 1336 5484 esse.
1626 5498 1664 5509 Π

288 5515 395 5583 (73)
439 5498 1002 5583 ‘I'ul&7w7iav:ftv_é:
1027 5504 1337 5583 Postrema
1364 5514 1484 5583 vo‘x
1524 5498 1740 5583 audita
1767 5513 1841 5583 ex

222 5567 470 5643 Ηείιὲιζέι
498 5567 769 5637 (ΞΪειιίοώ.
820 5573 1050 5629 Ibidem
1101 5570 1244 5627 editi
1289 5567 1596 5643 διηγήμασι
1624 5568 1841 5629 πολλὴν.

595 5667 852 5724 Panos.
883 5663 985 5720 Gn.
1016 5662 1225 5720 XXXII.

2239 4337 2517 4407 Eusebio,
2544 4339 2816 4410 episcopo
2841 4341 3296 4398 Samosatorum

2013 4450 2064 4503 i.
2106 4448 2230 4517 Ego
2278 4461 2484 4502 meum
2524 4445 2604 4502 ad
2655 4446 2969 4519 pacandas
3022 4447 3261 4504 Domini
3305 4448 3599 4506 Ecclesias

1937 4535 2205 4593 studium
2227 4551 2290 4593 re
2312 4534 2562 4608 quidem
2581 4535 2998 4595 demonstrare
3008 4537 3283 4596 nondum
3295 4537 3476 4609 digne
3491 4554 3598 4612 po-

1941 4716 2164 4770 Novem
2186 4730 2331 4770 mss.
2364 4719 2431 4771 ut
2456 4714 2518 4772 in
2540 4718 2721 4772 textu.

2012 4788 2127 4862 (74)
2157 4790 2588 4862 nponyoupimg.
2633 4786 2993 4862 Combeﬁsio
3026 4803 3143 4862 non
3181 4789 3423 4862 videtur
3451 4796 3599 4860 apta

1938 4858 2089 4931 satis
2102 4858 2225 4931 eoa}
2237 4858 2586 4929 acSequenti
2596 4859 2917 4915 cohaerens.
2941 4858 3107 4915 Unde
3122 4859 3448 4931 legendum
3461 4858 3600 4918 c'on-

1936 4928 2067 5006 jicit
2092 4928 2703 5006 sypmpivm’gpspere,
2738 4936 2791 4987 et
2817 4932 3090 5006 fastuose
3110 4928 3256 5006 ;___sic
3283 4932 3443 4989 enim
3466 4934 3600 5006 ipse

1941 5000 2417 5077 interpretatum
2442 5002 2538 5056 Vir
2566 5000 2782 5077 doctus
2820 5000 2955 5057 non
2993 5002 3265 5077 intelligit
3293 5000 3599 5077 apertissi-

1943 5070 2119 5127 mani
2168 5070 2546 5128 sententiam.
2579 5072 2830 5128 Jovinus
2879 5089 3018 5130 cum
3065 5070 3284 5132 suo'in
3316 5070 3600 5133 Basiliam

1946 5141 2567 5217 amorisatisfecerit,
2590 5144 2909 5217 praecipue
2932 5149 3135 5203 tamen
3182 5146 3244 5203 in
3296 5163 3602 5204 canonum

1945 5213 2398 5291 defensionem,_
2426 5218 2491 5271 ut
2520 5213 2856 5291 chariorem
2898 5216 3031 5290 ipso
3066 5218 3297 5291 Basilio,
3328 5219 3599 5275 incubui.

1948 5288 2063 5342 Cur
2084 5285 2144 5340 in
2172 5284 2288 5340 hoc
2319 5285 2515 5357 scirpo
2546 5286 2745 5343 nodus
2770 5284 3120 5360 quaeratur?

2016 5360 2250 5481 ς’ἵὲγῐρῡ
2303 5361 2519 5433 Κυρίου.
2573 5360 2843 5424 Quatuor
2870 5375 3016 5416 mss.
3047 5376 3173 5418 non
3211 5360 3605 5419 vetustissimi

2016 5450 2036 5480 ν
2120 5446 2224 5481 εον.

1947 5447 2036 5481 του
2069 5446 2224 5482 υεου.

2021 5500 2247 5584 λέληθε
2289 5498 2514 5584 (Ξὲῐιὶἓέε
2547 5502 2780 5584 ἓονίρὲδ
2810 5517 2973 5559 an“
2999 5504 3124 5584 917.3.-

2022 5571 2069 5593 "
2105 5569 2265 5628 Alias
2292 5572 2533 5628 CCLXV.
2559 5569 2792 5648 Scripta
2819 5590 2982 5632 anno
3011 5578 3137 5633 373.

3225 5667 3290 5720 18
