4078 6382
567 266 669 321 555

1949 252 2008 312 s.
2039 246 2292 308 BASILII
2326 250 2549 310 mam
3741 272 3815 332 πο

564 387 689 456 tui;
723 385 826 443 sed
867 384 1035 443 cordi
1064 400 1204 442 meo
1231 386 1465 442 tantam
1502 384 1698 441 inesse
1724 383 1910 455 hujus
1940 380 2025 438 rei
2055 378 2218 451 cupi-

2331 380 2470 429 οὒπω
2492 373 2808 453 δεδύνημαι·
2842 379 2891 434 ἐν
2922 377 2984 434 δε
3006 388 3069 456 τῇ
3097 379 3290 457 καρδίᾳ
3333 389 3427 457 μου
3469 405 3693 450 τοσαυτην
3712 394 3814 466 ilus

564 477 815 535 ditatem
843 476 1002 544 dico,
1034 480 1099 532 ut
1128 491 1329 532 meam
1360 474 1541 531 etiam
1570 474 1826 531 libenter
1848 472 2035 529 vitam
2073 485 2219 544 pro—

564 568 846 638 fundam,
875 570 940 622 ut
958 565 1081 621 odii
1096 564 1346 621 ﬂamma
1366 581 1402 621 a
1433 564 1698 633 maligno
1724 578 1982 619 accensa
2003 560 2221 617 exstin-

568 662 805 729 guatur.
841 663 921 713 Ac
951 657 1066 713 nisi
1094 656 1262 729 pacis
1284 655 1484 711 studio
1514 671 1639 711 non
1667 652 2096 723 abnegaverim
2126 666 2221 707 ve-

565 748 696 805 nire
743 747 1074 818 Coloniam,
1120 761 1244 803 non
1283 746 1635 819 paciﬁcetur
1680 746 1858 817 219
1899 743 2048 800 mihi
2074 742 2216 799 vita.

563 840 779 895 Veram
806 837 1089 911 equidem
1116 835 1284 893 illam
1314 852 1550 909 pacem,
1578 851 1715 908 quae
1755 834 1936 892 nobis
1967 834 2046 890 ab
2083 833 2222 905 ipso

565 927 825 987 Domino
873 927 1078 984 relicta
1126 930 1238 991 est,
1273 926 1558 999 exquiro:
1593 930 1649 982 et
1679 925 1848 999 quod
1873 923 2034 981 volui
2073 922 2224 979 mihi

566 1018 641 1075 ad
697 1017 1155 1091 persuasionem
1216 1015 1370 1085 dari,
1418 1015 1686 1071 hominis
1742 1018 1831 1071 est
1877 1014 2024 1070 nihil
2057 1011 2224 1070 aliud

564 1124 751 1181 quam
781 1121 989 1164 veram
1020 1122 1239 1179 pacem
1284 1104 1701 1171 desiderantis,
1727 1105 2008 1179 quamvis
2057 1102 2225 1160 aliter

561 1197 837 1254 nonnulli
888 1196 1201 1253 veritatem
1260 1198 1667 1268 pervertentes
1737 1195 2223 1266 interpretentur.

563 1288 815 1344 Utantur
862 1286 1042 1356 igitur
1096 1285 1179 1341 illi
1238 1285 1362 1341 suis
1412 1283 1653 1357 linguis,
1687 1288 1753 1340 ut
1798 1283 2048 1351 volunt;
2080 1298 2225 1338 nam

559 1377 831 1450 profecto
862 1375 997 1433 illos
1046 1375 1378 1449 aliquando
1407 1376 1629 1432 horum
1668 1374 1995 1431 verborum
2023 1372 2223 1446 paeni-

561 1467 733 1525 tebit.

636 1655 692 1707 2.
715 1650 1005 1705 Caeterum
1028 1647 1409 1704 sanctitatem
1434 1649 1604 1702 tuam
1625 1660 1753 1711 oro,
1771 1648 1837 1701 ut
1857 1659 2065 1701 eorum
2087 1660 2226 1717 quas

2328 466 2606 540 ἐπιθυμίαν
2659 474 2814 543 φημὶ,
2869 472 3004 525 ὥστε
3054 468 3221 535 ἡδέως
3270 472 3328 526 ἀν
3380 479 3463 529 καὶ
3511 480 3591 536 τὴν
3618 480 3730 541 ζωὴν
3750 488 3816 543 τὴν

2329 555 2555 629 ἐμαυτοῦ
2600 561 2858 632 προέσθαι
2908 562 3036 635 ὑπὲρ
3095 570 3182 615 τοῦ
3245 568 3329 622 τὴν
3382 566 3475 618 ύπό
3520 574 3601 620 τοῦ
3646 581 3819 635 πονηροῦ

2329 645 2633 719 ἐξαφθεῖσαν
2683 648 2850 722 φλόγα
2890 632 3016 703 τοῦ-
3038 656 3225 723 μίσους
3269 654 3671 716 κατασεισθῆναι.
3699 632 3822 714 Κοιὶεὶ

2329 740 2401 808 μὴ
2460 745 2552 797 τῆς
2599 736 2876 811 ἐπιθυμίας
2926 741 3086 793 ἕνεκεν
3140 749 3236 804 τῆς
3273 744 3402 796 κατά
3442 748 3529 803 τὴν
3567 746 3739 821 εἰρήνην
3759 751 3823 807 ἠν-

2331 830 2569 899 εσχόμην
2600 827 2812 900 ἐγγίσαι
2832 837 2938 891 τοῖς
2965 833 3099 883 κατά
3128 832 3400 886 Κολώνειαν
3433 837 3615 904 τόποις,
3642 842 3701 910 μὴ
3728 838 3827 911 εἰρηα

2329 918 2529 975 νευθείη
2575 937 2665 990 μοι
2696 920 2810 989 (76)
2852 921 2883 979 ἠ
2919 923 3049 984 ζωή.
3084 921 3294 996 Εἰρήνην
3323 927 3486 996 μέντοι
3522 928 3606 983 τὴν
3637 924 3826 986 ἀληθινὴν

2331 1010 2426 1064 τὴν
2464 1007 2555 1059 ὑπ’
2584 1007 2745 1060 αὑτοῦ
2795 1017 2888 1061 τοῦ
2948 1015 3143 1085 Κυρίου
3180 1012 3581 1086 καταλειφθεῖσαν
3605 1016 3712 1087 ἡμῖν
3752 1014 3829 1069 ἐπι·

2337 1098 2498 1159 ζητῶ·
2552 1101 2642 1149 καὶ
2684 1096 2710 1149 ὃ
2757 1099 3087 1174 παρεκάλεσά
3129 1101 3241 1169 (77)
3296 1121 3383 1175 μοι
3436 1102 3504 1164 εἰς
3553 1102 3831 1179 πληροφορίαν

2333 1185 2583 1259 ὑπάρξαι,
2625 1186 2719 1239 οὐκ
2757 1187 2877 1241 ἀλλο
2921 1208 2973 1242 τι
3016 1189 3385 1264 ἐπιθυμοῦντός
3415 1190 3545 1245 ἰστιν
3579 1192 3606 1251 ἦ
3641 1201 3720 1253 τῆς
3750 1192 3836 1251 ἄλη-

2338 1276 2484 1337 θινῆς
2540 1275 2769 1350 εἰρήνης,
2821 1278 2916 1330 κᾶν
2969 1279 3136 1342 ἄλλως
3197 1283 3327 1342 τινες
3382 1278 3733 1357 διαστρέφοντες
3770 1286 3835 1340 τήν

2336 1362 2580 1424 ἀληθειαν
2637 1364 2949 1439 ἐξηγῶνται.
3014 1367 3228 1424 Ἐκεῖνοι
3280 1373 3367 1443 μὶν
3412 1367 3494 1423 οὖν
3528 1372 3837 1444 κεχρῆσθωσαν

2332 1462 2450 1516 ταῖς
2484 1455 2754 1526 γλώσσαις
2806 1458 2971 1511 αὐτῶν
3020 1459 3098 1532 ἐφ’
3149 1461 3185 1514 οἱ
3228 1459 3526 1534 βούλονται·
3561 1462 3733 1522 πάντως
3770 1462 3838 1535 γὰρ

2336 1543 2515 1607 αὐτοῖς
2539 1564 2661 1598 ποτε
2689 1553 2790 1598 τῶν
2818 1548 3066 1622 ῥημάτων
3094 1553 3290 1603 τούτων
3315 1549 3653 1624 μεταμελήσει.

2405 1636 2463 1688 2.
2491 1637 2595 1692 Τὴν
2644 1630 2704 1688 δί
2752 1639 2850 1695 σὴν
2892 1639 3144 1697 ὁσιότητα
3170 1639 3449 1713 παρακαλῶ
3485 1641 3743 1713 μεμνῆσθαι
3774 1647 3841 1690 τῶν

562 1739 732 1795 initio
763 1738 1079 1810 proposita
1129 1736 1296 1792 fuere
1345 1734 1707 1797 meminerit,
1738 1751 1849 1791 nec
1891 1734 2223 1806 decipiatur

2337 1721 2390 1785 ἐξ
2433 1724 2613 1798 ἀρχῆς
2641 1727 2967 1800 προτάσεων,
2998 1731 3088 1781 καὶ
3117 1732 3189 1801 μη
3241 1730 3559 1803 παράγεσθαι
3594 1728 3726 1790 ἄλλας
3748 1726 3843 1778 ἀπο.

562 1828 715 1886 alias
732 1843 844 1900 pro
858 1826 987 1883 aliis
1005 1825 1445 1899 quaestionibus
1455 1824 1882 1897 responsiones
1896 1824 2224 1896 excipiens,

559 1935 758 1992 neque
777 1918 904 1974 vim
924 1922 981 1974 et
1002 1916 1244 1990 pondus
1271 1916 1458 1974 addat
1483 1932 1696 1973 eorum
1718 1916 2227 1986 cavillationibus,

560 2009 666 2082 qui
683 2008 814 2064 sine
829 2006 1071 2064 dicendi
1089 2005 1392 2078 facultate,
1412 2022 1487 2062 ex
1514 2005 1645 2062 solo
1667 2006 1857 2062 animi
1886 2006 1980 2062 sui
2009 2022 2228 2080 propo-

559 2099 673 2155 sito
690 2097 967 2154 omnium
986 2095 1358 2169 nequissime
1380 2095 1692 2153 veritatem
1714 2096 2069 2169 depravant.
2090 2098 2230 2153 Pro-

558 2187 740 2260 posui
767 2187 932 2244 enim
962 2185 1260 2259 simplicia
1291 2188 1350 2242 et
1382 2185 1546 2243 clara
1574 2190 1631 2242 et
1673 2184 1872 2242 facilia
1901 2185 1983 2242 ad
2033 2202 2228 2243 recor-

559 2278 836 2336 dandum
881 2275 1089 2347 verba,
1117 2279 1323 2332 utrum
1354 2291 1459 2333 eos
1512 2275 1618 2348 qui
1646 2291 1771 2333 non
1808 2276 2108 2349 recipiunt
2137 2277 2228 2334 Ni-

560 2384 798 2426 caenam
825 2367 1034 2435 ﬁdem,
1060 2382 1379 2423 arceamus
1407 2382 1446 2422 a
1472 2366 1922 2431 communione,
1941 2372 1998 2424 et
2022 2371 2225 2424 utrum

562 2474 705 2514 cum
734 2457 807 2513 iis
861 2457 969 2529 qui
1011 2459 1353 2513 creaturam
1382 2455 1581 2512 dicere
1622 2456 1909 2528 Spiritum
1948 2461 2227 2515 sanctum

564 2548 812 2614 audent,
839 2549 1078 2618 partem
1106 2545 1334 2602 habere
1372 2545 1657 2602 nolimus.
1701 2545 1799 2603 Ille
1833 2550 2058 2618 autem,
2085 2564 2226 2604 cum

561 2636 644 2695 ad
663 2635 915 2692 verbum
940 2634 1385 2707 quaestionibus
1408 2634 1777 2707 respondere
1807 2635 2132 2706 debuisset,
2153 2652 2229 2694 ea

560 2726 741 2785 nobis
761 2742 899 2798 quae
938 2724 1153 2781 misisti
1183 2724 1647 2793 consarcinavit,
1680 2725 1863 2797 idque
1904 2742 2029 2783 non
2054 2742 2226 2783 men-

562 2815 638 2874 tis
682 2812 1174 2888 simplicitate,ut
1223 2812 1443 2886 aliquis
1502 2813 1860 2886 suspicetur,
1894 2829 2095 2887 neque
2146 2813 2226 2871 ob

565 2904 727 2962 hanc
758 2919 1030 2970 causam,
1061 2902 1230 2976 quod
1273 2903 1710 2975 consequentia
1745 2903 2227 2961 animadvertere

560 3008 688 3052 non
714 2996 940 3066 posset.
969 2992 1085 3049 Sed
1114 2991 1265 3048 illud
1294 2991 1347 3048 ei
1371 2993 1434 3048 in
1460 2995 1728 3049 mentem
1757 2992 1944 3063 venit,
1975 2992 2025 3049 si
2048 2995 2229 3063 neget

559 3099 698 3156 quae
719 3081 1142 3155 proponimus,
1170 3080 1296 3137 fore
1318 3084 1388 3138 ut
1404 3097 1467 3137 se
1487 3081 1616 3153 ipse
1644 3082 1888 3154 populis
1919 3081 2151 3154 aperiat
2169 3086 2227 3140 et
2265 3098 2306 3155 ο

560 3171 747 3229 nudet
772 3191 785 3241 ;
816 3170 905 3228 sin
933 3175 1135 3228 autem
1157 3170 1336 3229 nobis
1360 3171 1706 3240 assentitur,
1724 3170 2141 3228 discessurum
2162 3187 2225 3228 se

559 3261 642 3319 ab
672 3261 775 3318 illo
804 3260 990 3318 medii
1018 3260 1284 3316 hominis
1315 3259 1587 3331 consilio,
1612 3276 1736 3333 quo
1766 3261 1913 3318 nihil
1932 3261 2226 3318 hactenus

563 3349 872 3422 antiquius
910 3349 1146 3407 habuit.
1196 3350 1428 3405 Fucum
1471 3365 1617 3419 ergo
1655 3349 1832 3406 nobis
1869 3366 1994 3407 non
2023 3350 2223 3419 faciat,

561 3455 763 3511 neque
792 3455 933 3495 cum
961 3437 1093 3495 aliis
1114 3442 1283 3495 tuam
1308 3438 1491 3495 etiam
1512 3438 1946 3497 circumveniat
1964 3440 2228 3512 pruden-

562 3528 735 3595 tiam,
767 3526 875 3583 sed
913 3526 1096 3583 breve
1126 3526 1303 3583 nobis
1333 3542 1695 3601 responsum
1724 3529 1921 3585 mittat
1948 3529 2029 3585 ad
2061 3546 2227 3602 qum-

564 3617 846 3687 stionem,
896 3621 1003 3675 aut
1040 3616 1337 3674 conﬁtens
1376 3618 1872 3676 communionem
1901 3634 2044 3675 cum
2086 3619 2229 3677 ﬁdei

560 3706 857 3778 hostibus,
919 3709 1024 3763 aut
1070 3722 1324 3777 negans.
1385 3707 1521 3763 Haec
1549 3708 1603 3763 ei
1658 3708 1706 3763 si
1745 3708 2140 3780 persuaseris,
2171 3712 2229 3767 et

561 3795 797 3853 miseris
838 3794 989 3852 mihi
1026 3801 1242 3868 rectas,
1269 3799 1327 3854 et
1372 3796 1586 3870 quales
1617 3813 1851 3871 precor,
1885 3799 2225 3871 responsio-

564 3902 674 3945 nes
699 3904 713 3955 ;
737 3901 851 3956 ego
883 3903 1023 3943 sum
1044 3888 1151 3960 qui
1169 3886 1464 3944 hactenus
1486 3887 1694 3946 omnia
1716 3888 1962 3961 peccavi
1986 3904 1999 3956 ;
2031 3904 2145 3960 ego
2165 3888 2229 3946 il-

561 3975 691 4034 lam
710 3991 957 4033 omnem
982 3977 1230 4050 culpam
1253 3978 1317 4035 in
1359 3994 1457 4035 me
1485 3978 1734 4052 recipio,
1766 3982 1910 4037 tunc
1934 3994 1972 4037 a
1996 3996 2094 4037 me
2117 3981 2228 4037 hu-

561 4063 831 4122 militatis
865 4065 1373 4135 signiﬁcationem
1410 4083 1680 4140 reposce.
1709 4068 1990 4135 Quandiu
2021 4074 2226 4127 autem

559 4153 783 4211 horum
821 4152 970 4208 nihil
998 4153 1120 4224 ﬁet,
1153 4154 1426 4224 ignosce,
1456 4155 1910 4227 religiosissime
1959 4160 2150 4231 Pater,
2177 4158 2227 4216 si

559 4255 686 4299 non
701 4239 935 4313 possim
950 4257 1090 4297 cum
1112 4242 1499 4300 simulatione
1513 4244 1591 4301 ad
1606 4245 1707 4301 Dei
1722 4261 1894 4302 aram
1916 4247 2225 4307 accedere.

561 4330 681 4389 Nisi
706 4330 868 4386 enim
900 4330 1017 4388 hoc
1067 4335 1425 4415 metuerem,
1457 4348 1566 4389 cur
1610 4349 1709 4390 me
1750 4335 1879 4407 ipse
1906 4334 1985 4392 ab
2014 4336 2229 4409 Euppii

2336 1818 2534 1889 κρίσεις
2562 1812 2673 1869 ἀντ’
2710 1815 2872 1869 ἄλλων
2925 1814 3270 1892 ἐρωτημάτων
3317 1816 3583 1892 δεχόμενον
3608 1819 3721 1891 (78),
3746 1812 3844 1890 μηδὲ

2336 1910 2501 1958 ποιεῖν
2558 1905 2741 1979 ἐνεργά
2789 1908 2857 1959 τὰ
2905 1912 3210 1981 σοφίσματα
3261 1917 3360 1963 τῶν
3411 1910 3524 1963 ἄνευ
3558 1916 3640 1970 τῆς
3677 1911 3771 1981 περὶ
3803 1907 3842 1958 τὸ

2335 1991 2497 2066 λέγειν
2538 1990 2804 2069 δυνάμεως
2843 1995 2931 2050 ἀπ’
2980 1998 3143 2062 αὐτῆς
3173 2002 3336 2072 μόνης
3379 2006 3473 2061 τῆς
3497 2004 3681 2072 γνώμης
3719 1993 3844 2050 δεινό-

2336 2103 2470 2136 τατα
2518 2086 2724 2138 πάντων
2795 2090 2888 2146 τὴν
2962 2085 3206 2147 ἀλήθειαν
3284 2090 3698 2163 κακουργούντων.
3744 2092 3844 2159 Προο

2336 2177 2502 2227 ἐτεινα
2537 2177 2639 2251 γὰρ
2672 2174 2811 2229 ἀπλᾶ
2851 2181 2941 2230 καὶ
2976 2187 3113 2251 σαφῆ
3160 2183 3252 2233 καὶ
3280 2179 3644 2254 εὐμνημόνευτα
3671 2178 3841 2252 ῥήματα·

2336 2262 2381 2316 εἰ
2435 2268 2558 2327 τοὺς
2596 2269 2667 2337 μὴ
2716 2266 2828 2337 (79)
2868 2262 3191 2340 δεχομένους
3245 2273 3341 2329 τὴν
3406 2268 3455 2323 ἐν
3503 2272 3677 2340 Νικαίᾳ
3713 2271 3840 2318 πίστιν

2334 2357 2734 2428 παραιτούμεθα
2789 2356 2860 2420 εἰς
2916 2362 3202 2428 κοινωνίαν,
3241 2365 3333 2414 καὶ
3391 2360 3435 2414 εἰ
3483 2361 3605 2433 μετά
3642 2364 3711 2411 τῶν
3748 2357 3833 2405 κτί-

2338 2462 2449 2516 σμα
2497 2443 2660 2517 λέγειν
2720 2448 2779 2498 τὸ
2840 2452 3052 2520 Πνεῦμα
3105 2451 3163 2501 τὸ
3219 2449 3368 2521 ἅγιον
3421 2448 3753 2521 ἀποτολμώντων
3789 2442 3830 2492 τὸ

2335 2538 2491 2608 μέρος
2552 2537 2693 2606 ἔχειν
2743 2535 2839 2588 οὐκ
2892 2534 3206 2609 ἀνεχόμεθα.
3248 2538 3308 2592 Ὀ
3358 2536 3436 2606 δὲ,
3498 2537 3603 2591 ἀντὶ
3644 2542 3713 2588 τοῦ
3748 2533 3842 2606 πρὸς

2334 2626 2456 2684 ἔπος
2520 2631 2637 2685 ταῖς
2711 2622 3025 2700 ἱρωτήσεσιν
3102 2626 3509 2703 ἀποκρίνασθαι,
3575 2625 3714 2679 ἐκεῖνα
3757 2622 3845 2692 ἡμῖν

2336 2710 2711 2788 ἐρραψῴδησεν
2763 2714 2891 2790 ἅπερ
2937 2714 3246 2781 ἀπέστειλας
3305 2719 3422 2789 (80)
3456 2739 3468 2752 -
3509 2720 3591 2771 καὶ
3625 2719 3750 2768 τοῦτο
3783 2706 3851 2761 οὐκ

2335 2802 2550 2877 ὠφελείᾳ
2598 2808 2832 2877 γνώμης,
2887 2806 2951 2865 ὡς
3002 2806 3063 2858 ἄν
3102 2826 3174 2879 τῳ
3232 2803 3390 2871 δόξαι
3432 2807 3561 2880 (81),
3592 2799 3698 2858 οὐδὲ
3727 2806 3783 2871 τῷ
3800 2800 3848 2871 μὴ

2338 2886 2603 2945 δύνασθαι
2652 2898 2872 2968 συνορᾷν
2914 2896 2974 2946 τὸ
3014 2892 3320 2951 ἀκόλουθον.
3378 2894 3514 2950 Ἀλλ’
3568 2893 3709 2948 ἐκεῖνο
3746 2888 3852 2959 ληί-

2336 2981 2503 3052 ζεται,
2550 2984 2652 3050 ὅτι,
2694 2980 3001 3057 ἀρνούμενος
3187 2987 3337 3059 ἡμῶν
3381 2991 3474 3047 τὴν
3514 2988 3757 3060 πρότασιν,
3780 2977 3856 3036 τοῖς

2334 3072 2475 3134 λαοῖς
2540 3071 2719 3125 ἑαυτὸν
2776 3070 3075 3132 κατάδηλον
3130 3081 3349 3135 ποιήσει
3394 3098 3407 3111 ο
3466 3075 3781 3142 συντιθέμενος
3819 3061 3858 3118 δε

2335 3164 2480 3236 ἡμῖν,
2532 3170 2628 3224 τῆς
2684 3182 2974 3235 μεσότητος
3043 3163 3428 3237 ἀποστήσεται,
3476 3167 3537 3227 ἧς
3588 3159 3721 3218 οὐδὲν
3760 3156 3856 3224 αὐτῷ

2332 3255 2499 3327 μέχρι
2538 3259 2629 3304 τοῦ
2668 3260 2756 3305 νῦν
2808 3256 2982 3326 γέγονε
3027 3260 3426 3333 προτιμότερον.
3458 3259 3541 3316 Μὴ
3582 3257 3734 3308 τοίνυν
3762 3249 3861 3320 ἡμᾶς

2334 3343 2792 3415 κατασοφιζέσθω,
2844 3340 2985 3417 μηδὲ
3035 3348 3169 3418 μετά
3227 3356 3327 3401 τῶν
3389 3346 3547 3400 ἄλλων
3576 3348 3658 3398 καὶ
3698 3339 3860 3398 τὴνσέν

2334 3436 2748 3507 παρακρουὼθω
2788 3438 3037 3509 φρόνησιν
3071 3457 3084 3470 ·
3144 3434 3277 3492 ἀλλά
3317 3440 3563 3511 σύντομον
3606 3437 3717 3508 ἡμῖν
3754 3428 3862 3498 λόγον

2337 3522 2694 3579 ἀποστειλάτω
2736 3527 2867 3597 πρὸς
2894 3528 2952 3577 τό
2992 3523 3258 3599 ἐρώτημα,
3301 3528 3332 3588 ἣ
3386 3526 3640 3602 ὁμολογῶν
3683 3525 3761 3579 τήν
3783 3534 3865 3569 κοί·

2334 3619 2513 3668 νωνίαν
2556 3617 2683 3689 πρὸς
2726 3617 2848 3677 τοὺς
2896 3613 3123 3689 ἐχθροὺς
3167 3625 3263 3682 τῆς
3319 3623 3562 3684 πίστεως,
3604 3616 3631 3677 ᾖ
3672 3610 3863 3688 ἀρνούμε-

2333 3724 2443 3767 νος.
2512 3704 2627 3757 Ἐὰν
2684 3712 2853 3758 ταῦτα
2903 3711 3198 3781 συμπείσῃς
3240 3708 3424 3777 αὐτὸν,
3457 3712 3547 3761 καὶ
3594 3702 3779 3777 πέμψῃς
3806 3712 3868 3768 μοι

2335 3793 2514 3868 ὀρθὰς,
2547 3798 2638 3847 καὶ
2695 3795 2808 3856 οἵας
2856 3798 3106 3867 εὔχομαι,
3161 3799 3252 3859 τὰς
3314 3796 3635 3871 ἀποκρίσεις·
3665 3791 3751 3864 ἐγὼ
3795 3786 3869 3857 εἰμι

2335 3887 2361 3939 ὁ
2404 3887 2471 3939 τά
2512 3889 2731 3939 κατόπιν
2760 3888 2931 3939 πάντα
2968 3888 3307 3962 ἡμαρτηκὼς·
3338 3888 3440 3962 ἐγὼ
3482 3885 3703 3961 δέχομαι
3740 3885 3868 3935 πᾶσαν

2334 3979 2429 4035 τὴν
2499 3975 2669 4029 αἰτίαν
2745 3975 2938 4035 ἐκείνην
2989 3974 3067 4029 ἐπ’
3120 3978 3369 4049 ἑμαυτόν·
3423 3981 3539 4032 τότε
3609 3994 3668 4049 με
3713 3971 3871 4024 ἀπαίτει

2334 4068 2813 4139 ταπεινοφροσύνης
2846 4062 3137 4130 ἐπίδειξιν.
3194 4066 3330 4129 Ἕως
3377 4064 3430 4121 δ’
3484 4067 3546 4119 ἂν
3587 4059 3739 4139 μηδὲν
3761 4063 3872 4131 7M-

2335 4175 2423 4209 ται
2467 4158 2681 4224 τούτων,
2716 4156 2997 4229 σόγγνωθι,
3047 4154 3411 4230 θεοφιλέστατε
3446 4158 3632 4232 Πάτερ,
3663 4155 3726 4227 μὴ
3756 4144 3872 4201 δυνα·

2334 4250 2468 4320 μένῳ
2526 4246 2652 4319 μετά
2690 4245 3013 4321 ὑποκρίσεως
3066 4246 3438 4321 θυσιαστηρίῳ
3488 4252 3619 4301 Θεοῦ
3664 4237 3876 4316 παρεστά-

2334 4356 2421 4388 ναι
2464 4335 2599 4406 (82)°
2644 4334 2703 4388 El
2748 4336 2851 4409 γὰρ
2904 4339 2976 4408 μὴ
3030 4341 3181 4389 τοῦτο
3224 4334 3539 4410 ἐφοϐούμην,
3585 4339 3714 4395 τίνος
3757 4329 3874 4381 ἕνεκα

574 4420 1008 4478 communione
1063 4421 1487 4494 sejunxissem,
1536 4422 1650 4479 viri
1708 4424 1863 4481 adeo
1909 4428 1972 4481 in
2018 4425 2223 4481 litteris

2336 4424 2556 4498 ἐμαυτόν
2609 4423 2867 4499 ἓχωριζον
2918 4424 3196 4493 Εὐίππίου,
3251 4429 3493 4479 τοιούτου
3550 4428 3637 4499 μεν
3694 4422 3753 4473 τά
3794 4416 3879 4486 περὶ

563 4510 928 4580 excellentis,
979 4511 1134 4568 adeo
1192 4516 1366 4568 aetate
1423 4513 1707 4585 provecti,
1740 4529 1813 4569 ac
1859 4518 1947 4571 tot
1972 4518 2032 4571 et
2059 4519 2229 4573 tanta

574 4600 853 4662 amicitiae
868 4603 1008 4675 jura
1026 4617 1271 4658 mecum
1294 4600 1575 4659 habentis
1595 4602 1624 4658 Ἰ
1646 4601 1821 4669 Quod
1850 4603 1900 4659 si
1917 4603 2046 4661 haec
2070 4608 2229 4661 recte

631 4785 741 4855 (76)
778 4786 866 4843 Μὴ
928 4781 1241 4858 εἰρηνευθείη
1303 4799 1416 4856 μοι.
1481 4777 1720 4851 Legitur
1775 4799 1875 4855 μου
1907 4779 1991 4836 in.
2034 4781 2212 4838 Coisl.

606 4871 781 4912 l‘lmO.

561 4870 859 5049 '0
912 4926 1259 4997 παρεκάλεσα,
1325 4924 1411 4981 Ita
1466 4940 1612 4980 mss.
1679 4939 1810 4981 sex.
1876 4923 2030 4980 Editi
2088 4926 2212 4999 ὅπερ

565 5017 656 5049 εκα
693 5017 808 5049 εσα.

565 5017 808 5050 εκαλεσα.

638 5068 1212 5140 (78),Δεχόμενον.-ῐίᾳ
1238 5066 1422 5140 Harl,
1457 5067 1607 5123 Med.
1640 5070 1698 5123 et
1737 5066 2210 5140 Coisl.,primus.

562 5139 718 5196 Editi
738 5135 1049 5211 δεχομένην.
1084 5136 1313 5193 Ibidem
1339 5137 1684 5212 ἔρῳτημάτων
1714 5138 1885 5195 deest
1930 5135 1992 5195 in
2032 5139 2214 5212 Regio

606 5212 783 5268 rimo.
800 5209 885 5284 tn;
905 5225 1027 5284 uno
1054 5213 1256 5263 autem
1280 5209 1722 5284 codice,'_que_m
1746 5212 1888 5267 citat
1916 5211 2209 5284 Combef.,

586 5280 966 5356 θεὶῐιιπᾷλλας
995 5279 1155 5356 ἐρῳτή
1168 5298 1275 5341 σεις
1301 5278 1408 5332 ἀντ’
1451 5278 1614 5334 ἄλλῶν
1646 5279 2013 5356 ἐρῳτημάτων,
2057 5278 2213 5340 alias

559 5352 675 5425 pro
705 5354 843 5410 aliis
866 5352 1239 5425 quastiones,

638 5427 746 5496 ('79)
780 5425 837 5479 Εἰ
873 5420 1005 5486 ’τοὺς
1048 5427 1143 5496 μή.
1182 5420 1273 5477 Sic
1308 5436 1422 5491 ope
1471 5422 1751 5496 codicum
1802 5424 2000 5489 Coisl.,
2034 5426 2209 5495 Med.,

564 5492 724 5574 nam.
740 5496 980 5576 .etRegii
1010 5492 1323 5616 utriusque
1345 5492 1821 5565 emendavimus,
1835 5496 2002 5569 quod
2022 5492 2209 5570 prave

568 5579 633 5616 1n
662 5565 830 5616 editis
862 5565 1176 5616 legebatur
1206 5580 1229 5616 ε
1258 5582 1279 5616 ς
1306 5566 1426 5616 τούς
1460 5568 1553 5616 μή.

568 5565 633 5618 in
662 5565 830 5623 editis
860 5565 1176 5639 legebatur
1206 5565 1279 5625 εἰς
1306 5566 1426 5626 τούς
1457 5568 1553 5636 μή.

2335 4514 2536 4588 λόγους,
2564 4520 2811 4568 τοσοῦτον
2864 4510 2924 4567 δε
2974 4518 3151 4589 χρόνῳ
3183 4518 3290 4583 (83)
3320 4520 3658 4590 προήκοντος,
3697 4512 3880 4590 τοσαῦτα

2339 4601 2397 4659 δὲ
2462 4612 2559 4667 τῆς
2612 4606 2744 4680 πρὸς
2794 4606 2929 4677 ἡμᾶς
2960 4587 3132 4676 φιλίας
3172 4587 3370 4659 δίκαια*
3396 4608 3706 4679 κεκτημένου
3732 4618 3745 4670 ;
3770 4595 3819 4652 Εἰ
3841 4587 3880 4644 δε

2385 4782 2671 4856 (δωέᾊπερ
2699 4780 2978 4856 ἀπέστειλα
2987 4804 3027 4856 ςε
3042 4783 3333 4849 Quamvis
3350 4784 3485 4841 haec
3498 4782 3778 4856 scriptura
3789 4767 3882 4856 solt)

2325 4853 2695 4926 COisliniano
2725 4853 2922 4926 primo
2970 4854 3214 4919 nitatur,
3242 4870 3354 4911 nec
3401 4853 3662 4926 statuere
3681 4855 3883 4926 possm!

2325 4940 2405 4999 an
2436 4925 2497 4980 in
2518 4925 2660 4999 aliis
2682 4923 2977 4999 occurrat,
2998 4940 3133 4999 eam
3160 4931 3362 4999 tamen
3386 4942 3515 4983 non
3553 4923 3750 4999 dubito
3771 4928 3886 4999 p'rtﬁ'

2324 4996 2642 5071 ferendam
2664 5012 2799 5071 esse
2820 4990 3082 5071 vulgatae
3112 4996 3451 5071 ἔπεισε-ἣλοις,
3468 5012 3603 5071 qua:
3625 4990 3885 5071 scripsisti.

2395 5069 2507 5141 (81)
2547 5068 2629 5129 Ὠς
2661 5070 2721 5120 ἄν
2748 5088 2819 5141 τῳ
2856 5065 3034 5141 δόξαι.
3080 5072 3166 5141 lta
3205 5069 3386 5141 Ποῖ-1.,
3442 5064 3617 5135 Μεά.,
3671 5064 3883 5141 glarom.

2323 5143 2380 5196 et
2401 5133 2508 5196 alii
2541 5156 2578 5196 a
2608 5133 2968 5197 Comb'eﬁsio
3000 5140 3180 5196 citati.
3218 5133 3471 5204 Editi'o’o;
3499 5133 3638 5204 αύτῷ
3668 5133 3819 5198 δόξαιο

2394 5214 2503 5285 (82)
2546 5196 2894 5285 Παρεστάναι.
2916 5196 3018 5285 ίιῐο
3048 5211 3223 5268 Coisl.
3248 5196 3505 5285 primus
3527 5217 3583 5268 et
3607 5196 3751 5267 Harl.
3776 5212 3886 5285 cpit}

2321 5271 2565 5357 duobus
2598 5271 2750 5340 aliis.
2784 5284 2934 5357 Epditi
2988 5271 3326 5357 παριστάνετε.
3360 5283 3585 5354 Regius
3618 5271 3883 5337 secundus

2321 5359 2379 5410 et
2399 5354 2572 5411 Coisl.
2608 5355 2909 5410 secundus
2941 5354 3321 5411 παρίστασθαι.

2392 5408 2501 5497 (δέ)
2516 5408 2991 5498 ή-ΧρΫό-νῷίξῖὧίήῐτεε
3008 5408 3402 5483 vetustissimi
3423 5425 3682 5487 codices,
3708 5414 3888 5498 melius

2392 5446 2501 5497 (δά)
2546 5446 2584 5480 λ
2629 5447 2744 5498 ονῳ.
2771 5446 2852 5482 Ιῐᾶ
2874 5446 2991 5483 tres
3008 5446 3402 5483 vetusussunl
3423 5446 3682 5487 coalces,
3708 5446 3888 5475 meum

2320 5512 2513 5573 quam
2540 5446 2677 5573 ecfiti
2699 5502 2911 5573 χρόνον.
2937 5499 3168 5557 Ibidem
3194 5498 3337 5557 editi
3353 5506 3455 5561 τῆς
3471 5502 3591 5573 περὶ
3611 5498 3758 5568 ἡμᾶς.
3781 5489 3888 5545 MSS.

2321 5569 2425 5627 sex
2455 5572 2521 5628 ut
2547 5569 2611 5627 in
2635 5569 2821 5629 textu.
