4078 6378
207 277 313 338 557

1188 280 1678 342 EPISTOLARUM
1714 272 1999 340 CLASSIS
2035 278 2106 337 II.
2145 280 2364 341 EPIST.
2399 281 2624 343 CXXIX.

3499 284 3608 345 588

219 404 385 460 ἰκεῖνα
411 404 602 468 καλῶς
629 409 719 459 καὶ
742 406 1114 481 προσηκόντως
1136 407 1264 483 ὑπὲρ
1292 416 1390 471 τῆς
1410 406 1655 471 ἀληθείας
1681 408 1831 482 ἔπράα

1946 407 2024 475 et,
2056 407 2123 462 ut
2150 418 2264 479 par
2292 410 2438 476 erat,
2471 421 2584 481 pro
2630 407 2883 465 veritate
2933 408 3253 479 gessimus,
3279 408 3604 467 ridiculum

220 495 397 568 ξαμεν,
425 495 639 567 γελοῖον
666 492 841 555 δήπου
871 503 982 559 τοῖς
1008 499 1073 551 τὰ
1113 496 1243 552 αὖτά
1290 496 1462 572 ἐκείνῳ
1498 497 1712 571 λέγουσι
1743 494 1837 551 διὰ

219 594 311 647 τῆς
337 592 448 637 τῶν
479 584 685 658 εὐφυῶν
717 589 908 640 τούτων
938 590 1027 641 καὶ
1073 592 1360 663 χαριέντων
1400 592 1691 665 μεσότητος
1721 587 1834 661 (84)

220 679 617 749 συναπτόμενον
648 677 942 749 φαίνεσθαι.

286 769 342 821 3.
379 763 462 818 Οὐ
488 768 596 839 μὴν
617 761 743 818 οὐδὲ
759 765 1015 828 παντελῶς
1034 786 1123 838 μοι
1152 763 1301 821 δοκεῖ
1317 775 1415 822 τῶν
1437 772 1510 843 μὴ
1536 758 1832 842 δεχομένων

213 857 308 913 τὴν
329 858 525 908 πίστιν
553 852 852 929 ἀλλοτριοῦν
883 854 1115 928 ἑαυτοὺς,
1168 855 1297 910 ἀλλὰ
1343 860 1675 917 ποιήσασθαί
1716 876 1835 929 τινα

211 951 313 996 τῶν
336 940 557 1017 ἀνδρῶν
587 942 874 1017 ἐπιμέλειαν
906 944 1018 1017 (85)
1043 949 1178 1000 κατὰ
1204 950 1322 1009 τοὺς
1340 947 1598 1010 παλαιοὺς
1614 948 1834 1020 θεσμοὺς

211 1041 311 1095 ⁴¹ῆς
548 1053 587 1096 ς,
632 1037 723 1086 καὶ
752 1032 1039 1088 ἐπιστεῖλαι
1070 1036 1246 1100 αὐτοῖς
1295 1035 1395 1091 ἀπὸ
1439 1043 1561 1111 μιᾶς
1597 1043 1825 1110 γνώμης,

204 1127 392 1177 πᾶσαν
424 1122 763 1199 παράκλησιν
793 1124 902 1197 μετ’
929 1124 1316 1200 εὐσπλαγχνίας
1333 1129 1718 1203 προσάγοντας,
1741 1129 1831 1179 καὶ

211 1215 306 1272 τὴν
332 1219 444 1265 τῶν
471 1216 715 1287 Πατέρων
758 1218 940 1266 πίστιν
982 1219 1422 1291 προτεινομένους,
1452 1215 1829 1290 προκαλεῖσθαι

215 1300 410 1363 αὐτοὺς
441 1301 511 1363 εἰς
544 1304 826 1375 συνάφειαν
853 1322 867 1339 θ
896 1303 993 1357 κᾶν
1018 1307 1107 1378 μὲν
1136 1310 1416 1380 πείσωμεν,
1444 1314 1630 1368 κοινῶς
1650 1305 1828 1368 αὐτοῖς

216 1390 471 1450 ἔνι-»θῆναι
489 1412 503 1426 ·
525 1389 612 1444 ἐὰν
636 1388 671 1445 δ
674 1395 696 1445 'e
717 1391 1086 1468 ἆποτύχωμεν,
1109 1393 1385 1469 ἀρκεῖσθαι
1401 1398 1542 1469 ἡμᾶς
1563 1394 1821 1462 ἀλλήλοις,

213 1481 312 1531 τὸν
345 1476 404 1531 δέ
424 1478 878 1556 ἓπαμφοτερισμὸν
908 1489 1089 1535 τοῦτον
1116 1481 1349 1557 ἐξορίσαι
1373 1491 1466 1536 τοῦ
1496 1486 1676 1551 ἤθους,
1702 1483 1822 1536 ἁνα-

213 1567 465 1631 λαϐόντας
493 1572 592 1629 τὴν
623 1569 961 1645 sca-77mm
989 1576 1081 1625 καὶ
1109 1570 1298 1626 ἄδολον
1318 1573 1599 1642 πολιτείαν,
1683 1578 1823 1628 συνί-

209 1658 316 1721 ζων
345 1661 397 1711 οἱ
423 1656 479 1722 ἐξ
508 1666 686 1731 αρχῆς
709 1660 1081 1736 προσελθόντες
1106 1670 1179 1735 τῷ
1207 1663 1363 1737 λόγῳ.
1393 1663 1491 1717 Ἦν
1520 1665 1644 1739 γὰρ,
1669 1670 1820 1739 φησὶ,

1946 495 2155 569 utique
2186 495 2364 553 fuerit
2387 510 2528 553 cum
2561 497 2657 569 iis,
2716 497 2821 571 qui
2871 498 3088 555 eadem
3129 514 3201 555 ac
3248 497 3344 556 ille
3372 500 3600 572 dicunt,

1943 600 2053 659 per
2079 584 2268 641 hosce
2299 585 2628 659 perpolitos
2657 602 2727 642 ac
2747 585 2984 660 lepidos
3013 587 3314 660 homines,
3338 590 3444 663 qui
3472 604 3603 647 me-

1942 675 2027 731 dii
2044 674 2357 747 videntur,
2394 675 2790 747 conjunctum
2822 676 3030 733 videri.

2014 768 2066 822 3.
2099 767 2230 821 Non
2259 770 2465 821 tamen
2496 766 2645 822 mihi
2673 767 2926 824 omnino
2967 766 3316 825 faciendum
3339 768 3599 843 videtur,

1941 858 2008 911 ut
2033 869 2145 911 nos
2176 854 2255 911 ab
2283 854 2399 923 his,
2424 855 2530 928 qui
2557 855 2743 912 ﬁdem
2761 870 2886 913 non
2908 856 3220 930 recipiunt,
3244 858 3598 932 alienemus,

1943 943 2053 1001 sed
2074 948 2137 1001 ut
2166 942 2433 1017 aliquam
2454 944 2696 1001 illorum
2718 960 2931 1002 curam
2952 946 3289 1004 secundum
3315 947 3599 1023 antiquas

1941 1031 2246 1090 charitatis
2275 1032 2438 1104 leges
2465 1033 2894 1106 suscipiamus,
2926 1036 3106 1107 220
3134 1036 3411 1110 ipsisque
3453 1039 3596 1096 scri-

1938 1122 2158 1180 bamus
2182 1123 2457 1179 unanimi
2483 1138 2809 1193 consensu,
2842 1139 3091 1181 omnem
3113 1126 3594 1187 consolationem

1938 1228 2077 1270 cum
2108 1211 2533 1270 misericordiae
2560 1212 2893 1270 visceribus
2936 1213 3319 1283 adhibentes,
3355 1232 3429 1274 ac
3478 1219 3593 1275 Pa-

1936 1308 2096 1361 trum
2123 1301 2433 1376 proposita
2450 1300 2572 1358 ﬁde
2597 1303 2675 1359 ad
2698 1303 3193 1361 communionem
3219 1304 3353 1362 illos
3374 1320 3596 1380 provo-

1936 1410 2181 1463 cemus;
2214 1408 2285 1450 ac
2316 1392 2365 1448 si
2408 1407 2511 1448 eos
2543 1392 2791 1466 quidem
2817 1393 2896 1450 ad
2925 1394 3381 1453 assentiendum
3401 1398 3593 1455 addu-

1933 1485 2222 1553 xerimus,
2245 1498 2357 1539 nos
2382 1482 2786 1539 communiter
2802 1498 2940 1539 cum
2960 1482 3077 1539 illis
3098 1485 3549 1557 conjungamus
3571 1505 3585 1558 ;

1934 1575 2026 1631 sin
2057 1576 2261 1630 autem
2308 1571 2371 1628 id
2413 1586 2538 1627 non
2569 1584 2993 1644 assequamur,
3052 1573 3233 1629 nobis
3271 1575 3424 1632 inter
3475 1591 3590 1633 nos

1932 1662 2197 1721 contenti
2237 1661 2446 1729 simus,
2488 1665 2545 1717 et
2592 1660 2991 1718 alternantem
3030 1661 3202 1719 illum
3241 1664 3516 1723 animum
3553 1681 3588 1725 ο

202 1756 308 1802 τῶν
338 1750 745 1801 πιστευσάντων
776 1747 975 1825 καρδία
1003 1757 1094 1805 καὶ
1122 1752 1278 1825 ψυχὴ
1310 1758 1426 1827 μία,
1462 1752 1578 1809 Ἐὰν
1606 1759 1698 1829 μὲν
1734 1751 1822 1808 οὖν

1946 1752 2152 1811 nostris
2180 1750 2454 1808 moribus
2486 1764 2903 1823 amoveamus,
2939 1756 3292 1810 revocantes
3338 1769 3593 1829 evange-

190 1839 477 1892 πεισθῶσί
509 1857 619 1906 σοι,
651 1846 821 1892 ταῦτα
848 1841 1076 1913 ἄριστα·
1107 1841 1150 1895 εἰ
1181 1839 1241 1896 δὲ
1268 1848 1366 1916 μὴ,
1391 1849 1683 1921 γνωρίσατε
1702 1848 1824 1908 τοὺς

188 1927 616 2002 πολεμοποιοὺς,
640 1933 729 1981 καὶ
753 1932 1033 1986 παύσασθε
1061 1934 1186 2006 ἡμῖν
1216 1939 1308 1985 τοῦ
1327 1931 1511 1987 λοιποῦ
1533 1941 1649 2013 περὶ
1681 1932 1826 1988 διαλ-

192 2017 373 2091 λαγῶν
400 2016 491 2071 ἔπι
499 2016 810 2082 στῦλοντες·

749 2412 1090 2462 ΕΠΙΣΤΟΛΗ
1120 2414 1249 2464 PKQ
1272 2452 1287 2467 .

1931 1844 2111 1901 licam
2156 1846 2213 1898 et
2243 1839 2705 1913 doli'expertem
2740 1839 3149 1914 disciplinam,
3176 1842 3239 1899 in
3277 1858 3404 1917 qua
3430 1845 3593 1902 vive-

1930 1934 2083 1991 bant
2102 1930 2205 2005 qui
2229 1929 2306 1987 ab
2331 1927 2499 1985 initio
2521 1928 2895 1986 accedebant
2914 1930 2992 1986 ad
3013 1930 3221 1988 ﬁdem.
3237 1934 3387 1989 Erat
3408 1936 3587 2003 enim,

1932 2022 2147 2097 inquit,
2178 2019 2549 2078 credentium
2580 2033 2686 2075 cor
2709 2034 2899 2075 unum
2922 2025 2977 2077 et
3004 2021 3211 2078 anima
3232 2036 3357 2080 una
3384 2023 3452 2079 ³⁷.
3478 2026 3591 2080 Ita-

1933 2127 2051 2186 que
2081 2110 2189 2168 tibi
2233 2107 2283 2165 si
2320 2106 2809 2180 auscultaverint,
2853 2107 2917 2163 id
2964 2108 3265 2182 optimum
3315 2114 3437 2181 est;
3494 2112 3593 2170 sin

1934 2202 2159 2269 minus,
2193 2198 2505 2270 agnoscite
2549 2196 2692 2254 belli
2740 2200 3040 2265 auctores,
3081 2213 3152 2256 ac
3194 2200 3484 2275 deinceps
3514 2201 3591 2259 de

1934 2289 2424 2352 reconciliatione
2452 2287 2531 2346 ad
2562 2303 2675 2345 nos
2709 2288 2936 2346 litteras
2967 2289 3114 2347 dare
3137 2290 3419 2350 desinite.

2464 2405 2795 2462 EPISTOLA
2818 2405 3066 2462 CXXIX'.

190 2495 413 2566 Refert
442 2496 721 2572 Basilius
747 2496 1081 2572 absurdum
1109 2500 1415 2570 quoddam
1443 2501 1798 2572 Apotinarii
1825 2501 2249 2564 testimonium,
2280 2498 2457 2572 cujus
2480 2501 2546 2551 ut
2578 2500 2793 2552 auctor
2818 2496 2945 2572 ipse
2988 2496 3264 2553 Basilius
3290 2498 3594 2557 existima-

274 2572 471 2633 retur,
503 2567 820 2640 sebasteni
842 2570 1092 2640 fuerant
1117 2567 1475 2630 machinati.
1498 2567 1776 2632 'Nuntiat

1806 2592 1943 2650 quae
1958 2575 2040 2650 de
2068 2568 2557 2650 seapudﬁautam
2580 2568 3117 2650 _statuta'fuerant,
3157 2574 3212 2625 et
3240 2576 3446 2639 postea
3475 2585 3595 2650 res-

286 2641 442 2695 cissa
470 2639 565 2696 vel
593 2639 812 2696 ditata.
846 2640 990 2711 Agit
1015 2641 1193 2697 etiam
1233 2643 1306 2699 de
1324 2643 1712 2703 Sanctissimo
1743 2639 1832 2705 αρ’
1845 2648 1918 2704 de
1948 2644 2162 2703 litteris
2192 2639 2276 2699 ad
2306 2640 2714 2699 Occidentales
2739 2640 3068 2711 mittendis,
3097 2655 3245 2713 quos
3289 2644 3593 2713 rogandos

286 2716 467 2779 putat
490 2716 557 2767 ut
576 2713 1060 2770 communionem
1089 2729 1260 2771 suam
1288 2731 1410 2772 non
1435 2718 1565 2775 sine
1591 2718 1826 2776 delectu
1854 2718 2205 2777 concedant.

542 2836 786 2909 Μελετίῳ.
829 2836 1098 2910 ἐπισκόπῳ
1140 2839 1488 2912 Ἀντιοχείας.

298 2930 348 2981 1.
381 2921 575 2997 "fidem,
608 2928 694 2979 ὅτι
716 2926 907 2990 ξενίσει
944 2932 1038 2987 τὴν
1072 2926 1232 2988 ἀκοήν
1258 2937 1349 2991 τῆς
1377 2930 1697 2995 τελειότητός
1728 2951 1824 2985 σου

213 3018 277 3070 τὸ
306 3022 395 3067 νῦν
420 3012 625 3088 impulsu
657 3015 895 3090 ἔγκλημα
923 3024 995 3087 τῷ
1021 3018 1192 3070 πάντα
1216 3017 1373 3072 εἰπεῖν
1404 3019 1595 3093 εὐκόλῳ
1618 3020 1824 3077 Ἀπολι-

207 3108 393 3179 segnia).
425 3109 528 3158 Καὶ
559 3108 661 3181 γὰρ
694 3101 818 3158 οὐδὲ
849 3105 1007 3169 αὐτὸς
1036 3109 1123 3159 τὸν
1143 3110 1243 3182 πρὸ
1268 3110 1452 3161 τούτου
1473 3114 1665 3185 χρόνον
1683 3114 1823 3184 ἥμην

199 3194 554 3267 ἐπιστάμενος
584 3196 728 3267 ἔχειν
758 3215 770 3228 -
805 3192 936 3247 ἀλλὰ
953 3203 1041 3247 νῦν
1073 3197 1122 3248 οἱ
1142 3195 1454 3255 Σεϐαστηνοὶ
1487 3195 1824 3275 διερευνησά-

196 3289 347 3358 μενοί
377 3286 540 3337 ποθεν
571 3284 709 3337 αὐτὰ
734 3284 847 3355 (87)
878 3284 949 3348 εὶς
984 3289 1042 3337 τό
1082 3290 1241 3359 μέσον
1274 3291 1509 3361 ἤνεγκαν,
1544 3295 1633 3341 καὶ
1682 3310 1823 3367 περι-

200 3378 427 3448 φέρουσι
460 3376 763 3447 σύνταγμα,
793 3371 846 3438 ἐξ
870 3374 931 3426 οὗ
960 3373 1193 3447 μάλιστα
1229 3381 1319 3428 καὶ
1349 3379 1484 3450 ἡμᾶς
1530 3375 1824 3431 καταδικά-

202 3468 413 3532 ζουσιν,
450 3464 524 3525 ὡς
552 3465 620 3515 τὰ
650 3462 785 3515 αὖτὰ
810 3471 1140 3536 φρονοῦντας,
1176 3466 1298 3538 ἕχον
1321 3467 1501 3542 ῥήσεις
1530 3470 1778 3532 τοιαύτας
1807 3490 1819 3502 ·

196 3552 365 3607 Ὠστε
395 3560 656 3625 πανταχῆ
693 3553 1127 3628 συνεζευγμένως,
1156 3553 1347 3628 μᾶλλον
1379 3553 1440 3609 δὲ
1468 3558 1739 3630 ἡνωμένως
1758 3565 1820 3632 τῇ

202 3642 482 3718 ἑτερότητι
509 3650 647 3695 νοεῖν
674 3644 956 3714 ἀναγκαῖον
987 3648 1077 3703 τὴν
1112 3649 1324 3717 πρώτην
1364 3649 1662 3706 ταυτότητα
1693 3669 1706 3682 ·
1735 3649 1825 3701 καὶ

204 3728 463 3810 δευτέραν
492 3736 587 3785 καὶ
608 3736 789 3809 τρίτην
810 3730 1054 3804 λέγοντας
1081 3737 1176 3792 τὴν
1201 3733 1385 3793 αὐτὴν.
1404 3732 1566 3810 Ὀπερ
1591 3738 1691 3810 ’γὰρ
1716 3735 1827 3789 ἐστι

200 3827 429 3896 πρώτως
458 3823 485 3874 ὁ
522 3825 727 3894 Πατὴρ,
756 3823 911 3873 τοῦτό
939 3819 1049 3874 ὶστι
1081 3816 1334 3897 δευτέρως
1366 3825 1391 3876 ὁ
1422 3822 1563 3892 Υἱός,
1596 3830 1679 3877 καὶ
1719 3829 1829 3902 τρί-

200 3931 308 3975 τως
339 3915 402 3964 τό
438 3917 671 3983 Πνεῦμα.
703 3906 864 3971 Αὖθις
887 3908 967 3978 δε,
1000 3914 1121 3987 ὅπερ
1145 3910 1258 3964 ἐστὶ
1278 3918 1491 3986 πρώτως
1516 3917 1573 3967 τό
1597 3921 1827 3988 Πνεῦμα,

202 4008 366 4057 τοῦτο
394 3994 662 4076 δευτέρως
685 4001 771 4052 τὸν
795 4001 940 4072 Υἱὸν,
966 4000 1097 4053 καθό
1130 3997 1197 4061 δὴ
1230 4006 1320 4054 καὶ
1350 4000 1375 4054 ὀ
1406 4005 1596 4079 Κύριός
1632 4001 1744 4057 ἐστι
1768 4006 1827 4056 τὸ

205 4099 432 4164 Πνεῦμα
456 4089 574 4162 (87)
612 4109 625 4125 ο
662 4095 751 4143 καὶ
770 4095 959 4165 τρίτως
986 4093 1071 4144 τὸν
1105 4094 1335 4167 Πατέρα,
1364 4094 1495 4146 καθὸ
1527 4089 1595 4152 δὴ
1623 4100 1830 4167 Πνεῦμα

208 4183 240 4234 ὁ
275 4186 429 4242 Θεὸς.
464 4185 570 4235 Καὶ
597 4182 665 4241 ὡς
687 4178 980 4256 βιαιότερον
1008 4188 1242 4254 σημᾶναι
1270 4184 1387 4253 (88)
1407 4187 1467 4236 τό
1487 4183 1721 4260 οἶῤῥετον,
1740 4188 1828 4237 τόν

205 4275 430 4348 Πατέρα
454 4278 719 4348 πατρικῶς
739 4273 857 4324 Υἱόν
878 4268 1029 4337 εἶναι,
1050 4275 1138 4325 τὸν
1166 4269 1226 4325 δὲ
1247 4275 1367 4326 Υἱὸν
1391 4275 1572 4339 υἱικῶς
1599 4278 1825 4353 Πατέρα.

288 4400 330 4433 ¹¹¹
376 4399 510 4453 Act.
547 4412 623 4464 iv,
653 4399 742 4453 32.

298 4524 413 4608 (Si)
444 4524 536 4608 Διῇ
578 4529 741 4583 τῆς...
773 4525 1088 4603 μεσότητος.
1134 4522 1347 4608 Mirum
1387 4524 1579 4608 videri
1619 4526 1829 4608 possit,

219 4608 338 4650 cur
370 4592 614 4650 Basilius
642 4592 1098 4650 communicare
1148 4611 1288 4651 cum
1319 4597 1556 4654 Arianis
1589 4592 1702 4654 sibi
1738 4592 1831 4654 vi;

216 4664 487 4727 deretur.
520 4664 570 4720 si
597 4680 740 4721 cum
773 4665 1083 4722 Eustathio
1131 4669 1634 4727 communicaret.
1683 4673 1834 4727 Nam

213 4738 573 4812 Eustathius
595 4736 872 4812 nondum
893 4753 1030 4793 cum
1062 4737 1300 4795 Arianis
1320 4741 1830 4812 communicabat,

209 4824 424 4881 neque
454 4808 574 4881 ho_c
612 4808 861 4881 facinus
889 4823 1172 4878 egressus
1202 4814 1311 4879 est,
1368 4812 1484 4867 nisi
1535 4828 1699 4869 anno
1729 4808 1835 4870 373

202 4878 503 4953 exeunte,
530 4878 666 4951 Ipse
697 4878 961 4953 Basilius,
989 4878 1314 4953 postquam
1342 4885 1837 4940 communionem

206 4950 542 5009 Eustathio
565 4950 949 5019 renuntiavit,
976 4950 1099 5007 non
1129 4950 1193 5007 se
1218 4953 1297 5008 ab
1327 4954 1612 5011 omnibus
1632 4957 1835 5012 Eusta-

206 5024 325 5099 thii
365 5022 1066 5099 communicationibui
1093 5022 1403 5099 disjunxit,
1463 5032 1728 5099 ut_patet
1748 5043 1839 5099 ex

211 5093 495 5171 epistolis
528 5096 633 5149 245
665 5099 722 5149 et
750 5097 877 5171 250,
903 5093 981 5171 ad
1009 5093 1407 5171 Theophilum
1439 5102 1497 5154 et
1524 5093 1839 5171 Patrophi-

214 5163 370 5242 λειω.
401 5166 523 5242 C_u_r
548 5179 692 5234 ergo
718 5165 881 5242 visus
912 5164 1026 5242 sibi
1051 5163 1259 5242 fuisset
1288 5184 1429 5224 cum
1466 5163 1843 5242 Arianis'per

216 5236 612 5293 Eustathium
664 5236 980 5308 conjungi,
1027 5236 1143 5308 qui
1183 5242 1386 5295 tamen
1433 5256 1573 5296 cum
1605 5236 1844 5297 Arianis

209 5324 341 5365 non
375 5307 1094 5381 communicabat_:_cum
1131 5307 1276 5381 ipso,
1304 5315 1510 5368 autem
1536 5312 1844 5369 Eustathio

214 5379 518 5456 conjungi
551 5393 657 5450 per
684 5394 790 5435 eos
837 5377 951 5456 sibi
994 5377 1520 5456 -non'videbatur,
1550 5383 1655 5456 qui
1704 5399 1845 5440 cum

222 5449 567 5507 Eustathio’
597 5449 1196 5507 communicabant?
1245 5452 1422 5509 Aliud
1478 5449 1680 5511 causae
1711 5470 1845 5511 esse

223 5537 350 5599 non
376 5527 531 5599 puto
558 5537 664 5577 cur
701 5521 786 5577 ita
818 5536 883 5599 se
924 5521 1179 5599 gesserit
1211 5522 1478 5592 Basilius,
1520 5525 1634 5599 nisi
1679 5525 1848 5599 quod

225 5591 522 5673 Eustathii
551 5591 1108 5673 communicatores
1134 5608 1525 5673 nequaquam
1546 5591 1851 5673 illiu_s'sen-

227 5665 430 5724 tentias
462 5665 832 5740 ascriptores
857 5665 922 5720 et
945 5663 1623 5737 astipulatores‘essent:
1648 5671 1855 5727 Eusta-

2278 2836 2539 2905 Metetio,
2566 2836 2838 2907 episcopo
2876 2834 3234 2894 Antiochia.

2010 2935 2059 2987 1.
2092 2926 2361 2986 Sciebam
2387 2940 2619 2982 novum
2664 2923 2914 2981 auribus
2943 2924 3306 2998 praestantiae
3354 2928 3472 2983 tuas
3509 2928 3594 2985 vi-

1936 3035 2074 3075 sum
2102 3018 2195 3088 iri,
2221 3014 2389 3091 quod
2436 3028 2601 3070 nunc
2652 3011 2908 3070 infertur
2954 3012 3181 3069 crimen
3233 3015 3486 3087 proclivi
3513 3016 3594 3075 ad

1934 3108 2141 3166 omnia
2166 3106 2425 3163 dicenda
2452 3101 2819 3177 Apolinario.
2843 3105 2994 3160 Nam
3014 3118 3125 3159 nec
3148 3104 3278 3177 ipse
3310 3109 3448 3162 ante
3476 3106 3594 3164 hoc

1933 3202 2174 3272 tempus
2205 3211 2345 3253 eum
2372 3191 2650 3252 accusari
2677 3207 2965 3249 noveram
2999 3209 3013 3249 :
3049 3193 3156 3249 sed
3201 3209 3366 3251 nunc
3410 3194 3595 3253 Seba-

1934 3288 2085 3345 steni
2106 3283 2384 3342 alicunde
2414 3282 2517 3340 illa
2537 3281 2914 3357 perscrutati,
2940 3281 3002 3338 in
3031 3281 3305 3340 medium
3334 3284 3595 3359 protule-

1932 3381 2091 3445 runt,
2137 3392 2208 3433 ac
2236 3373 2548 3446 scriptum,
2582 3388 2654 3428 ex
2683 3386 2808 3444 quo
2837 3371 3103 3429 maxime
3133 3387 3247 3429 nos
3299 3373 3479 3431 etiam
3529 3379 3596 3433 ut

1932 3465 2146 3523 eadem
2178 3463 2501 3520 sentientes
2527 3459 2953 3529 condemnant,
2981 3460 3125 3517 talia
3148 3461 3382 3519 habens
3405 3463 3596 3522 verba

1932 3555 2397 3613 circumferunt:
2436 3553 2636 3621 Quare
2666 3550 2884 3623 ubique
2914 3553 3254 3625 conjuncte,
3283 3554 3478 3625 magis
3506 3569 3597 3612 ve-

1932 3662 2000 3704 ro
2045 3646 2214 3702 unite
2265 3644 2508 3701 atietati
2548 3641 2892 3712 intelligere
2939 3656 3172 3699 necesse
3214 3647 3299 3698 est
3332 3644 3594 3715 primam

1930 3737 2344 3803 identitatem;
2389 3731 2717 3789 secundum
2749 3735 2806 3787 et
2836 3733 3073 3788 tertiam
3103 3732 3367 3789 eamdem
3396 3732 3596 3791 dicen-

1934 3834 2038 3884 tes.
2065 3826 2231 3895 Quod
2255 3824 2412 3881 enim
2431 3835 2628 3893 primo
2683 3825 2769 3877 est
2792 3819 2993 3892 Pater,
3051 3821 3163 3878 hoc
3201 3827 3283 3879 est
3331 3823 3594 3881 secundo

1933 3916 2147 3985 Filius,
2181 3919 2237 3970 et
2266 3913 2441 3970 tertio
2471 3910 2742 3981 Spiritus
2794 3914 3065 3968 sanctus.
3109 3912 3342 3967 Rursus
3369 3916 3594 3985 autem,

1935 4005 2092 4079 quod
2107 4006 2305 4075 primo
2335 4006 2420 4059 est
2438 4001 2730 4073 Spiritus,
2759 4000 2868 4057 hoc
2891 4000 3155 4058 secundo
3180 4002 3395 4073 Filius,
3450 4017 3596 4075 qua-

1935 4100 2106 4152 tenus
2136 4095 2317 4150 etiam
2336 4090 2628 4147 Dominus
2656 4094 2741 4146 est
2771 4090 3070 4161 Spiritus:
3100 4094 3156 4147 et
3183 4090 3360 4147 tertio
3384 4089 3595 4160 Pater,

1934 4188 2232 4258 quatenus
2263 4181 2538 4239 videlicet
2567 4177 2837 4251 Spiritus
2862 4185 2947 4238 est
2969 4179 3146 4238 Deus.
3174 4179 3256 4236 Et
3277 4185 3343 4237 ut
3374 4181 3597 4239 violen-

1939 4276 2056 4331 tius
2081 4271 2453 4347 signiﬁcetur
2469 4284 2566 4328 res
2590 4285 2713 4328 non
2735 4270 3325 4339 enarrabitis,Pater
3340 4276 3598 4341 paterna

1939 4524 2099 4583 thius
2130 4538 2271 4581 vero
2302 4521 2659 4579 Arianorum
2709 4532 2975 4576 errorem
3017 4517 3334 4589 damnare,
3393 4520 3451 4576 et
3501 4534 3599 4578 ca-

1865 4612 1908 4667 1)
1942 4595 2229 4655 tholicam
2283 4592 2473 4667 ﬁdem
2528 4590 2795 4667 proﬁteri
2850 4589 3053 4647 nollet.
3082 4590 3516 4667 _Quamobrem
3546 4592 3599 4648 si

1942 4684 2084 4726 cum
2136 4663 2443 4723 Eustatbio
2483 4661 3007 4729 communicasset,
3037 4661 3202 4717 visus
3252 4661 3366 4718 sibi
3389 4661 3601 4720 fuisset

1942 4741 2229 4798 Arianam
2256 4734 2529 4794 haeresim
2554 4734 2777 4803 fovere,
2808 4732 2903 4789 vel
2933 4732 3167 4803 saltem,
3198 4732 3450 4790 tolerare
3475 4751 3487 4789 :
3538 4738 3602 4791 at

1941 4810 2106 4871 idem
2145 4809 2206 4868 in
2244 4804 2705 4867 incommodum
2743 4802 2867 4861 non
2914 4802 3279 4869 incurrebat,
3335 4819 3473 4861 cum
3528 4805 3601 4862 iis

1944 4882 2425 4947 communicans,
2454 4877 2559 4951 qui
2597 4893 2660 4934 se
2690 4875 2770 4934 ab
2813 4874 3119 4934 Eustathio
3161 4874 3439 4934 nondum
3477 4875 3602 4935 dis-

1940 4956 2289 5029 junxerant.

2021 5028 2135 5092 (85)
2165 5020 2507 5096 Ἐπιμέλειαν.
2550 5018 2783 5096 Eadem
2813 5018 2983 5096 pacis
3004 5018 3465 5096 constituendis
3510 5035 3607 5079 ra-

1948 5090 2031 5156 tio
2059 5090 2416 5172 proponitur
2449 5108 2487 5150 a
2543 5090 2835 5164 Gregorio
2880 5090 3272 5165 Nazianzeno,
3311 5096 3465 5154 orat.
3517 5096 3604 5164 i2,

1999 5211 2013 5226 .
2046 5173 2169 5224 205.

1951 5186 2331 5313 Pdg‘éi'aira.
2345 5235 2456 5313 _Sic
2478 5237 2838 5313 mss._sexe‘t
2862 5235 3135 5313 antiquae,
3157 5234 3470 5296 editiones.
3501 5234 3607 5294 Le-

1955 5305 2202 5385 gitur’in
2227 5305 2404 5385 Frob.
2433 5306 2703 5385 secunda
2722 5312 2779 5385 et
2805 5305 3163 5385 I’aris,3u31-6.

2029 5383 2143 5455 (87)
2174 5382 2316 5436 Καθὸ
2349 5374 2568 5456 δεκαὶό
2601 5381 2794 5454 Κύριός
2815 5378 2930 5435 ἐστι
2950 5383 3009 5435 τὸ
3036 5385 3267 5456 Πνεῦμα.
3290 5381 3424 5437 Haec
3442 5374 3614 5438 addi-

1957 5455 2162 5532 άίιριέιε
2194 5455 2528 5532 exsertam
2556 5467 2706 5532 PPSS:
2832 5522 2845 5532 .
3174 5455 3228 5532 θ.
3277 5518 3315 5532 ..

2029 5527 2126 5599 (88
2157 5520 2423 5599 Σῃμᾱναὶε
2443 5527 2536 5599 Ita
2554 5521 2717 5579 Harl.
2751 5522 2925 5599 cuius
2951 5538 3069 5599 ope
3102 5520 3465 5599 sustulimus,
3489 5534 3616 5581 cor-

1960 5592 2379 5691 ruptissimam
2407 5593 2727 5676 lectionem
2756 5592 3068 5665 vulgatam
3100 5595 3365 5670 σημαίνει.
3444 5597 3478 5636 (κ

2084 5668 2247 5727 Alias
2275 5668 2404 5737 LIX,
2440 5666 2675 5740 Scripta
2703 5678 2866 5725 anno
2885 5667 3013 5723 373.

2178 5684 2247 5727 as
2275 5684 2404 5737 ωλι,
2440 5684 2675 5737 scripta.
2703 5684 2866 5725 anno
2885 5684 3013 5723 did.
