4078 6378
575 248 679 302 559

575 461 715 518 liter
743 461 817 518 de
833 461 1067 530 Spiritu
1093 478 1107 528 ;
1141 467 1431 532 quatenus
1461 477 1608 518 sane
1645 477 1800 517 unus
1831 462 1984 518 Deus
2033 461 2227 516 Trini-

575 557 667 608 tas
707 557 816 608 est.
845 551 980 606 Haec
1010 557 1149 607 sunt
1200 567 1337 623 quae
1365 551 1781 621 divulgantur,
1815 567 1952 624 quae
1981 550 2230 624 quidem

573 657 894 714 nunquam
921 657 1171 714 possum
1194 641 1433 697 credere
1454 645 1801 697 commenta
1823 656 1950 696 esse
1977 641 2230 696 circum-

574 730 912 801 ferentium,
944 730 1222 802 quamvis
1253 745 1322 786 ex
1373 747 1583 786 eorum
1636 731 1697 786 in
1754 746 1865 786 nos
1921 729 2230 786 calumnia

574 820 723 878 nihil
752 820 884 876 illos
913 819 1248 876 existimem
1282 835 1405 876 non
1457 819 1705 877 audere.
1753 821 1900 876 Cum
1957 820 2118 876 enim
2149 818 2229 875 ad

574 909 876 982 quosdam
899 926 970 966 ex
993 910 1117 964 suis
1137 908 1484 975 scriberent,
1511 915 1832 981 postquam
1855 908 2228 965 calumniam

573 997 635 1053 in
664 1013 776 1054 nos
835 996 1116 1064 effudere,
1176 997 1306 1052 haec
1364 997 1754 1066 addiderunt,
1805 997 2228 1054 haereticorum

573 1086 818 1160 quidem
857 1085 1045 1142 verba
1091 1101 1229 1141 esse
1287 1091 1733 1158 asseverantes,
1779 1087 1984 1160 scripti
2025 1090 2228 1142 autem

571 1181 880 1250 parentem
913 1180 1195 1246 tacentes,
1218 1181 1285 1232 ut
1323 1176 1490 1249 apud
1522 1177 1739 1246 vulgus
1790 1193 1901 1233 nos
1933 1177 2228 1233 existime-

569 1282 707 1322 mur
732 1271 1008 1323 auctores
1040 1281 1193 1322 esse.
1239 1265 1352 1323 Sed
1386 1270 1585 1322 tamen
1638 1282 1762 1322 non
1818 1281 1888 1322 eo
1917 1282 2134 1339 usque,
2165 1269 2230 1322 ut

568 1355 755 1413 verba
767 1355 1789 1428 comminiscerentur,processisset
1806 1372 2014 1412 eorum
2031 1361 2224 1421 astus,

569 1449 635 1502 ut
665 1445 812 1502 mihi
839 1443 1088 1518 quidem
1139 1444 1267 1517 ipse
1298 1444 1657 1518 persuadeo.
1713 1445 1896 1516 Unde,
1949 1447 2120 1518 221
2163 1450 2228 1501 ut

571 1538 628 1591 et
665 1533 1148 1590 criminationem
1195 1535 1258 1590 in
1304 1550 1418 1590 nos
1473 1533 1941 1590 invalescentem
1980 1535 2223 1609 propul-

569 1639 868 1692 saremus,
923 1627 981 1679 et
1025 1623 1310 1680 omnibus
1357 1623 1813 1680 ostenderemus
1861 1624 2008 1680 nihil
2046 1624 2222 1681 nobis

1953 245 2015 301 S.
2067 244 2317 302 BASILII
2353 248 2570 309 MAGNI
3777 279 3857 335 560

571 371 768 428 Filius
794 375 899 439 est,
922 369 1113 426 Filius
1144 383 1278 426 vero
1303 369 1583 438 ﬁlialiter
1610 371 1819 428 Pater.
1844 370 2040 443 Atque
2068 369 2215 426 simi-

2349 378 2448 428 Καὶ
2478 379 2728 441 ὡσαύτως
2757 378 2838 434 ἐπὶ
2870 389 2961 434 τοῦ
2993 385 3305 456 Πνεύματος,
3334 389 3459 441 καθὸ
3489 385 3551 448 δὴ
3581 392 3646 456 εἷς

3695 401 3803 460 Θεὸς
3833 404 3858 460 ἡ

2341 467 2516 539 Τριάς.
2548 472 2725 521 Ταῦτά
2755 469 2867 524 ἐστι
2891 474 2956 524 τὰ
2979 471 3344 547 θρυλλούμενα,
3366 477 3399 530 ἃ
3427 475 3654 536 οὐδέποτε
3677 483 3864 547 δύναμαι

2339 564 2623 610 πιστεῦσαι
2652 559 2938 633 πλάσματα
2958 561 3088 615 εἶναι
3113 571 3212 616 τῶν
3234 572 3586 641 περιφερόντων
3606 575 3723 643 (89),
3743 545 3864 632 εἱικαὶ

2340 644 2420 696 ὅτι
2450 644 2504 698 ἐκ
2534 656 2629 709 τῆς
2649 651 2767 702 καθ’
2793 652 2938 724 ἡμῶν
2967 656 3074 724 (90)
3110 662 3451 728 συκοφαντίας
3469 657 3607 714 οὐδὲν
3634 663 3866 739 λογίζομαι

2339 734 2514 797 αὐτοῖς
2546 735 2834 812 ἀτόλμητον
2882 739 3030 799 εἶναι.
3071 746 3350 820 Γράφοντες
3390 751 3488 823 γάρ
3529 770 3632 804 τισι
3657 734 3740 805 τῶν
3775 734 3864 809 καθ’

2339 823 2572 894 ἑαυτοὺς,
2604 833 2694 881 καὶ
2718 832 3022 903 προσθέντες
3052 834 3165 903 (9t)
3202 839 3292 893 τὴν
3317 838 3432 890 καθ’
3466 840 3602 911 ἡμῶν
3640 838 3864 912 διαϐολήν,

2339 912 2598 988 ἐπήγαγον
2616 927 2798 990 ταῦτα,
2805 921 2867 994 ῥή
2875 941 3017 992 ματα
3036 925 3125 995 μὲν
3148 924 3415 999 αἰρετικῶν
3427 929 3744 1000 ὀνομάσαντες
3759 935 3863 1005 (92),

2339 1006 2424 1056 τὸν
2457 1001 2516 1058 δὲ
2545 1011 2744 1082 πατέρα
2774 1017 2863 1069 τῆς
2894 1020 3205 1084 συγγραφῆς
3236 1012 3665 1090 ἀποκρυψάμενοι,
3696 1021 3768 1072 ἱνα
3789 1030 3867 1083 τοῖς

2337 1093 2538 1156 πολλοῖς
2570 1097 2717 1169 ἡμεῖς
2764 1101 3090 1173 νομισθώμεν
3145 1099 3274 1155 εἶναι
3325 1106 3373 1164 οἱ
3423 1104 3732 1180 λογογράφοι.
3761 1110 3866 1168 Πλὴν

2339 1183 2444 1235 ἀλλ’
2475 1185 2569 1237 οὐκ
2599 1184 2658 1237 ἂν
2687 1192 2853 1262 μέχρι
2877 1196 2969 1241 τοῦ
2999 1195 3088 1242 καὶ
3124 1191 3335 1266 ῥήματα
3377 1197 3626 1249 συνθεῖναι
3663 1199 3867 1272 προῆλθεν

2337 1272 2505 1325 αὐτῶν
2532 1275 2562 1332 ἠ
2597 1273 2816 1346 ἐπίνοια,
2850 1279 2919 1338 ὧς
2943 1298 3002 1349 γε
3023 1277 3242 1351 ἐμαυτὸν
3272 1284 3456 1337 πείθω.
3487 1282 3648 1350 Ὀθςν,
3675 1287 3783 1360 ὑπὲρ
3801 1295 3868 1339 τοῦ

2335 1365 2425 1414 καὶ
2452 1367 2546 1420 τὴν
2571 1363 2690 1416 καθ’
2720 1367 2865 1436 ἡμῶν
2896 1364 3192 1440 κρατοῦσαν
3221 1369 3554 1445 βλασφημίαν
3583 1371 3865 1443 ἀπώσασθαι,

2335 1456 2425 1504 καὶ
2457 1447 2627 1515 δεῖξαι
2653 1461 2834 1524 πᾶσιν,
2863 1458 2932 1519 ὡς
2958 1453 3109 1510 οὐδὲν
3136 1460 3260 1531 ἡμῖν
3292 1463 3403 1514 ἑστι
3428 1466 3591 1515 κοινόν
3629 1467 3746 1538 πρὸς
3779 1469 3869 1526 τοὺς

2335 1539 2495 1593 ἐκεῖνο
2523 1541 2781 1614 λέγοντας,
2813 1544 3218 1621 ἠναγκάσθημεν
3258 1553 3552 1622 μνησθῆναι
3594 1559 3677 1604 τοῦ
3704 1549 3867 1628 ἀνδρὸς,

2335 1631 2404 1691 ὡς
2432 1633 2871 1706 προσεγγίζοντος
2891 1631 2953 1710 τῇ
2981 1635 3192 1711 ἀσεϐείᾳ
3210 1646 3300 1692 τοῦ
3330 1639 3613 1699 Σαϐελλίου.
3638 1645 3725 1695 Καὶ
3744 1649 3867 1695 ταῦτα

569 1729 710 1769 cum
742 1711 837 1768 his
863 1711 967 1785 qui
994 1711 1110 1768 hoc
1131 1711 1339 1768 dicunt
1369 1728 1694 1768 commune
1734 1729 1888 1783 esse,
1911 1713 2098 1770 coacti
2129 1729 2215 1768 su-

2334 1722 2423 1792 μὶν
2455 1721 2521 1783 εἰς
2550 1741 2606 1774 το
2615 1730 2818 1779 σοῡτον.

567 1819 707 1858 mus
736 1801 847 1858 viri
867 1800 1127 1869 illius,ut
1147 1801 1228 1857 ad
1251 1800 1490 1857 Sabellii
1524 1801 1893 1874 impietatem
1927 1801 2222 1858 acceden-

566 1891 666 1959 tis,
697 1890 1066 1947 mentionem
1115 1890 1334 1948 facere.
1377 1893 1444 1946 Et
1464 1891 1589 1947 haec
1633 1890 1882 1964 quidem
1905 1892 2219 1948 hactenus.

637 1983 688 2036 2.
723 1979 886 2036 Venit
918 1983 1119 2036 autem
1151 1995 1223 2036 ex
1254 1979 1396 2036 aula
1432 1979 1688 2052 quidam
1720 1981 2029 2052 nuntians,
2083 1984 2224 2053 post

562 2069 826 2142 primam
865 2068 1247 2142 imperatoris
1300 2069 1656 2137 motionem,
1713 2070 1791 2126 ad
1841 2087 2028 2143 quam
2081 2087 2220 2127 eum

561 2158 935 2232 impulerunt
970 2157 1076 2231 qui
1115 2158 1455 2215 calumnias
1495 2159 1672 2214 nobis
1710 2159 1993 2228 inferunt,
2035 2160 2223 2216 latam

565 2264 696 2304 esse
721 2247 973 2306 alteram
1003 2248 1342 2321 quamdam
1375 2248 1754 2312 sententiam,
1786 2254 1944 2305 utne
1975 2249 2224 2306 dedere-

561 2355 702 2395 mur
730 2339 1212 2409 accusatoribus,
1244 2355 1442 2412 neque
1465 2339 1703 2395 illorum
1723 2340 2100 2395 traderemur
2119 2356 2224 2395 vo-

560 2427 777 2486 luntati
803 2445 816 2484 :
849 2427 911 2483 id
946 2427 1115 2500 quod
1139 2428 1306 2484 initio
1333 2428 1530 2484 fuerat
1559 2429 1866 2484 decretum
1895 2447 1906 2494 ;
1941 2428 2046 2485 sed
2078 2429 2223 2484 inte-

561 2515 678 2572 rim
708 2514 1101 2588 ﬁeretaliqua
1130 2514 1358 2571 dilatio.
1405 2515 1460 2572 Si
1491 2516 1671 2586 igitur
1713 2521 1818 2572 aut
1845 2518 1956 2573 ista
1986 2517 2068 2573 ita
2097 2533 2222 2574 ma-

563 2609 766 2672 neant,
799 2609 904 2662 aut
932 2603 1160 2678 aliquid
1192 2604 1355 2661 aliud
1385 2605 1717 2662 humanius
1749 2609 2065 2676 statuatur,
2094 2608 2220 2679 pie-

562 2696 668 2753 tati
695 2699 809 2752 tuie
832 2694 1330 2765 significabimus.
1366 2695 1467 2752 Sin
1495 2699 1697 2752 autem
1725 2695 1928 2768 priora
1953 2696 2217 2765 vincent,

562 2801 639 2843 ne
667 2786 782 2842 hoc
811 2784 1058 2857 quidem
1085 2787 1138 2840 te
1158 2783 1392 2841 latebit.

633 2879 684 2932 3.
719 2877 1011 2930 Cteterum
1053 2873 1233 2929 frater
1278 2875 1710 2930 Sanctissimus
1761 2891 1798 2932 a
1841 2875 2035 2932 multo
2072 2892 2216 2934 sane

562 2969 830 3037 tempore
860 2962 1024 3036 apud
1054 2979 1160 3020 vos
1191 2967 1296 3035 est,
1332 2969 1388 3020 et
1416 2963 1566 3037 quid
1591 2964 1881 3037 requirat,
1923 2969 2216 3036 praestan-

2405 1975 2459 2026 2.
2496 1970 2623 2024 Ἀπὸ
2657 1968 2714 2025 δὲ
2744 1980 2835 2026 τοῦ
2860 1971 3218 2048 στρατοπέδου
3246 1977 3342 2036 ἧκέ
3361 1998 3436 2040 τις
3462 1976 3715 2051 ἀγγέλλων,
3735 1982 3860 2051 iniri

2333 2065 2511 2134 πρώτῃ
2559 2067 2764 2120 κινήσει
2805 2071 2898 2116 τοῦ
2945 2072 3278 2137 κρατοῦντος,
3329 2067 3390 2126 ἣν
3430 2071 3658 2126 ἐκίνησαν
3685 2068 3810 2120 miro-1
3829 2069 3863 2119 oi

2330 2152 2423 2212 τὰς
2452 2147 2704 2214 διαϐολὰς
2733 2154 2878 2224 ἡμῶν
2929 2154 3040 2224 (93)
3072 2160 3440 2228 καταχέοντες,
3479 2160 3755 2230 γεγενῆσθαί
3778 2177 3863 2209 τινα

2333 2238 2423 2292 καί
2453 2237 2697 2316 δευτέραν
2722 2247 2950 2315 γνώμην,
2981 2244 3115 2296 ὥστε
3162 2249 3233 2318 μὴ
3271 2242 3496 2307 δοθῆναι
3525 2249 3648 2320 ἡμᾶς
3672 2243 3861 2307 ἐκδότους

2332 2336 2441 2390 τοῖς
2465 2335 2795 2405 κατηγόροις,
2843 2337 2976 2404 μήτε
3031 2330 3407 2406 παραδοθῆναι
3456 2338 3592 2410 ἡμᾶς
3616 2344 3676 2408 τῷ
3705 2334 3855 2388 ἐκείνων

2335 2417 2606 2491 θελήματι,
2632 2421 2752 2492 ὅπερ
2777 2417 2837 2478 ἦν
2860 2419 2912 2484 ἐξ
2935 2420 3108 2495 ἀρχῆς
3129 2423 3340 2498 όρισθέν
3366 2447 3379 2460 ο
3404 2423 3532 2477 ἀλλά
3551 2446 3649 2479 τινα
3668 2424 3846 2495 γενέσθαι

2329 2512 2451 2568 τέως
2483 2506 2756 2568 ἀναϐολήν.
2781 2509 2898 2562 Ἐὰν
2921 2507 3008 2563 οὖν
3035 2512 3064 2570 ἦ
3093 2520 3260 2565 ταῦτα
3279 2519 3435 2589 μένῃ,
3458 2516 3488 2574 ἦ
3518 2519 3683 2567 τούτων
3699 2533 3738 2564 τι
3753 2507 3848 2582 δόξῃ

2331 2597 2826 2674 φιλανθρωπότερον,
2879 2606 3208 2674 σημανοῦμεν
3258 2622 3358 2656 σου
3408 2613 3469 2678 τῇ
3509 2599 3856 2675 θεοσεϐείᾳ.Ἐάν

2331 2684 2390 2740 δὲ
2418 2697 2582 2762 κρατῇ
2617 2692 2682 2742 τὰ
2711 2694 2956 2766 πρότερα,
2990 2688 3114 2746 οὐδὲ
3144 2697 3300 2746 τοῦτό
3326 2714 3384 2748 σε
3411 2694 3636 2753 λήσεται.

2398 2870 2451 2922 3.
2499 2866 2558 2918 Ὀ
2609 2870 2784 2940 μέντοι
2833 2865 3056 2942 ἀδελφὸς
3117 2877 3512 2946 Σαγκτίσσιμος
3560 2873 3735 2930 πάντως
3780 2867 3861 2919 ἐστὶ

2326 2956 2452 3028 παρ’
2505 2958 2624 3028 ὑμῖν
2680 2957 2860 3029 πάλαι,
2903 2965 2993 3012 καὶ
3053 2958 3088 3012 ἂ
3143 2959 3404 3035 ἐπιζητεῖ,
3466 2960 3597 3021 δῆλα
3643 2961 3858 3033 γέγόνετῇ

562 3055 658 3111 tiae
678 3057 794 3109 tua;
823 3052 1100 3108 innotuit.
1133 3054 1363 3125 Itaque,
1398 3052 1446 3108 si
1493 3052 1640 3126 quid
1672 3055 2079 3109 necessarium
2109 3055 2213 3111 ha-

2324 3043 2609 3103 τελειότητί
2670 3065 2784 3102 σου,
2829 3048 2888 3100 Εἰ
2947 3044 3034 3101 οὖν
3095 3054 3333 3122 φαίνεται
3388 3051 3654 3124 ἀναγκαῖόν
3686 3068 3730 3100 τι
3762 3050 3861 3118 ἔχειν

559 3143 703 3202 bere
733 3141 1006 3197 videatur
1035 3140 1288 3213 epistola
1327 3141 1406 3197 ad
1447 3139 1878 3207 Occidentales,
1918 3156 2053 3196 eam
2085 3156 2120 3195 a
2161 3145 2215 3195 te

560 3235 873 3290 exaratam
903 3229 981 3285 ad
1011 3246 1125 3286 nos
1155 3230 1387 3286 mittere
1413 3229 1700 3300 digneris,
1725 3235 1788 3285 ut
1810 3229 1886 3285 ab
1910 3229 2216 3284 unanimi-

559 3323 678 3381 bus
727 3320 1031 3377 subscribi
1071 3337 1374 3387 curemus,
1426 3336 1498 3376 ac
1549 3323 1828 3392 paratam
1876 3319 2218 3375 habeamus

561 3409 1066 3483 subscriptionem
1090 3410 1150 3466 in
1172 3409 1380 3466 charta
1399 3415 1892 3482 separata,quam
1910 3409 2218 3482 possimus

563 3504 918 3557 connectere
947 3514 1086 3555 cum
1125 3499 1335 3556 charta
1359 3515 1496 3571 quae
1529 3515 1567 3555 a
1594 3497 1774 3555 fratre
1802 3501 2009 3555 nostro
2057 3515 2216 3554 com~

560 3589 915 3666 presbytero
946 3588 1383 3647 circumfertur.
1417 3591 1540 3658 Ego
1579 3587 1740 3644 enim
1773 3604 1911 3643 cum
1962 3589 2023 3644 in
2055 3605 2218 3644 com-

559 3680 856 3741 mentario
884 3679 1034 3737 nihil
1067 3679 1402 3736 invenirem
1449 3677 1617 3752 quod
1663 3694 1792 3735 rem
1843 3694 2216 3752 causamque

559 3771 910 3842 contineret,
937 3785 1059 3826 non
1089 3768 1278 3826 habui
1309 3783 1434 3844 qua
1475 3767 1550 3824 de
1581 3783 1642 3825 re
1685 3766 2008 3824 scriberem
2055 3768 2218 3825 Occi-

784 3969 1184 4040 Περιφερόντων.
1217 3968 1315 4040 118.Δ
1336 3980 1442 4021 sex
1467 3981 1618 4022 mss.
1651 3964 1813 4040 Εάὶιί⁸
1833 3985 2210 4040 προφεροντων.

562 4035 841 4096 Similiter
855 4035 1116 4092 Basilius
1135 4037 1197 4093 in
1225 4037 1395 4096 epist.
1419 4041 1522 4092 265
1549 4051 1671 4092 non
1696 4035 1880 4093 audet
1904 4035 2214 4093 E'u'stathio

560 4113 798 4166 tantum
841 4107 1072 4163 facinus
1128 4107 1450 4163 attribuere
1484 4125 1496 4163 ε
1531 4111 1592 4163 at
1622 4107 1673 4162 si
1705 4108 1833 4162 haec
1874 4107 2062 4163 verba
2094 4108 2214 4164 sint

558 4179 907 4253 Apolinarii,
938 4194 1174 4234 merum
1208 4177 1740 4253 Sabellianismum
1762 4194 1895 4234 esse
1944 4194 2213 4253 pronun-

556 4248 686 4309 tiat.
713 4251 1001 4318 Citantur,
1023 4253 1087 4322 ut
1100 4248 1448 4322 Apolinarii,
1477 4265 1514 4304 a
1532 4249 1840 4304 Timotheo
1857 4248 2211 4321 presbytero

559 4319 1222 4393 Constantinopolitano
1253 4322 1313 4376 in
1335 4319 1486 4375 libro
1512 4322 1599 4375 De
1623 4319 1958 4393 receptione
1979 4319 2211 4378 haereti-

558 4392 1753 4466 corum,apud’Cotelerium,_tom.llluMon
1763 4398 1980 4466 ument.
1992 4393 2206 4466 θησαν

606 4511 618 4523 .
635 4471 759 4524 395.
781 4461 894 4522 Sed
916 4469 1118 4520 tamen
1139 4463 1198 4520 in
1216 4462 1559 4534 Apolinario
1585 4461 1823 4518 licentia
1839 4465 2034 4533 magis
2056 4461 2206 4520 seri;

606 4511 618 4523 .
635 4482 759 4524 395.
781 4482 894 4522 beo
916 4482 1118 4520 tamen
1139 4482 1198 4520 In
1216 4482 1559 4534 Apounarlo
1585 4482 1823 4518 ucenua
1839 4482 2034 4533 magis
2056 4482 2206 4520 801³1-

553 4482 763 4601 Εθηάί,
794 4552 982 4606 quam
1015 4534 1356 4592 Sabelliana
1385 4534 1663 4606 impietas
1691 4535 2116 4606 vituperanda.
2145 4535 2207 4591 Id

554 4610 716 4666 enim
747 4605 1026 4664 videntur
1076 4606 1346 4662 indicare
1379 4605 1906 4679 Qrientale3,__dum
1938 4607 1999 4661 in
2031 4608 2203 4679 epist.

553 4680 864 4738 Basilii263
887 4683 1240 4751 queruntur,
1257 4677 1424 4751 quod
1432 4675 1766 4751 Apolinarii
1787 4677 1858 4733 de
1879 4675 2202 4746 theologia,

552 4752 610 4807 id
635 4756 742 4818 est,
770 4751 845 4806 de
864 4748 1842 4823 personisdivinis,disputationes
1863 4765 1984 4804 non
2007 4752 2204 4817 petitis

555 4837 584 4878 e
597 4819 916 4891 Scriptura
930 4821 1402 4890 probationibus,
1420 4819 1522 4891 sed
1538 4819 2204 4891 humanisrargumentis

553 4890 854 4948 nitantur.
882 4893 1212 4947 Plurimum
1241 4907 1302 4962 se
1349 4890 1663 4962 amabant
1688 4890 2100 4962 Apolinaristaa
2128 4893 2204 4948 de

553 4963 849 5034 catholica
875 4963 1170 5034 Trinitatis
1198 4961 1340 5031 fide,
1359 4978 1430 5018 ac
1458 4962 1535 5034 de
1564 4961 1756 5032 hujus
1769 4962 2075 5034 dogmatis
2104 4963 2203 5018 de-

551 5032 847 5104 fensione,
876 5036 942 5087 ut
965 5032 1163 5104 videre
1195 5038 1282 5088 est
1311 5033 1475 5104 apud
1503 5034 1744 5104 Gregor.
1776 5032 1934 5099 Nai,
1959 5039 2108 5089 orat.
2137 5039 2197 5090 51

551 5105 756 5186 Neque
782 5101 942 5156 hanc
987 5102 1234 5186 laudem
1280 5101 1632 5186 apolinario‘
1660 5103 1920 5186 denegat
1950 5105 2203 5186 Epipha

548 5174 709 5244 nius,
742 5174 954 5247 haeres.
987 5178 1074 5242 77,
1109 5174 1216 5247 sed
1271 5174 1430 5230 dolet
1470 5175 1637 5247 quod
1672 5191 1806 5247 eam
1835 5174 2071 5247 impiis
2123 5177 2199 5232 de

548 5249 761 5301 Incarn
770 5244 1658 5315 ationeerro‘ribusperverterit.
1675 5246 1837 5302 Adeo
1851 5244 2052 5303 autem
2075 5263 2199 5303 non

543 5316 867 5372 laborabat
887 5313 1125 5386 Sabellii
1145 5313 1359 5386 morbo
1385 5315 1788 5386 Apolinarius,
1808 5323 1869 5374 ut
1894 5319 2199 5374 interdum

546 5387 629 5458 in,
666 5388 956 5443 Arianam
1012 5385 1288 5441 haeresim
1334 5385 1470 5439 ferri
1519 5386 1838 5458 videretur,
1873 5390 2098 5458 gradus
2138 5390 2198 5445 in

545 5457 822 5514 Trinitate
863 5458 1122 5527 ﬁngens,
1153 5459 1209 5527 et
1246 5470 1562 5527 magnum,
1594 5457 1897 5525 majorem
1928 5466 1984 5516 et
2012 5461 2200 5516 maxi-

549 5525 1176 5602 muminduceusmtei
1192 5525 1559 5602 exprobrant
1570 5529 1884 5602 Gregorius
1900 5533 2195 5602 Nazianz.,

549 5599 697 5652 orat.
727 5602 813 5668 5!,
839 5603 897 5656 et
921 5595 1352 5666 Theodoretus,
1383 5595 1487 5652 lib.
1521 5613 1554 5650 ν
1589 5597 1769 5666 Hist.,
1803 5615 1854 5655 c.
1887 5605 1940 5656 3.

2325 3136 2355 3193 ἡ
2421 3138 2550 3209 πρὸς
2620 3139 2736 3198 τοὺς
2799 3133 3043 3200 δυτικοῦς
3103 3137 3382 3211 ἐπιστολὴ,
3447 3140 3744 3203 καταξίωσον
3795 3155 3860 3186 τν-

2325 3229 2509 3286 πώσας
2548 3224 2711 3283 αὐτὴν
2761 3223 3170 3300 διαπέμψασθαι
3201 3232 3316 3300 (94)
3350 3233 3498 3304 ἡμίν,
3529 3232 3654 3282 ὥστε
3691 3233 3860 3284 ποιῆσαι

2327 3313 2694 3388 ὑπογραφῆναι
2745 3319 2889 3389 παρὰ
2937 3315 3036 3370 τῶν
3066 3317 3384 3391 ὁμοψύχων,
3416 3325 3504 3373 καὶ
3552 3319 3738 3391 ἑτοίμην
3762 3317 3862 3386 ἔχειν

2326 3406 2420 3460 τὴν
2469 3404 2795 3477 ὑπογραφὴν,
2846 3404 2894 3457 ἓν
2937 3409 3115 3482 χάρτῃ
3157 3413 3536 3483 κεχωρισμένῳ
3562 3408 3668 3479 (95)
3715 3405 3861 3457 ίντιτνο

2326 3496 2586 3567 πωμένην,
2639 3495 2692 3546 ὃν
2742 3491 3010 3568 δυνάμεθα
3050 3496 3284 3568 συνάψαι
3335 3507 3408 3570 τῷ
3457 3499 3597 3573 παρὰ
3636 3503 3717 3549 τοῦ
3757 3487 3862 3544 ἁδελ-

2328 3591 2423 3656 φοῦ
2471 3585 2616 3656 ἡμῶν
2668 3576 2784 3657 (96)
2806 3593 2896 3638 τοῦ
2947 3586 3416 3664 συμπρεσϐυτέρου
3448 3586 3854 3664 περικομιζομίνῳ.

2327 3673 2462 3746 Ἐγὼ
2509 3676 2598 3747 μὲν
2643 3676 2764 3750 γὰρ,
2822 3672 2974 3729 οὐδὲν
3036 3679 3194 3753 εὑρὼν
3241 3680 3358 3748 (97)
3410 3678 3694 3732 συνεκτικὸν
3739 3672 3778 3726 ἓν
3812 3675 3860 3739 τῷ

2326 3765 2724 3837 ὑπομνηστικῷ,
2780 3764 2873 3817 οὐκ
2921 3768 3082 3838 ἔσχον
3137 3768 3264 3842 ὑπὲρ
3298 3768 3362 3820 οὗ
3407 3767 3670 3821 ἐπιστείλω
3710 3769 3794 3821 τοῖς
3826 3757 3860 3809 έν

2396 3964 2510 4032 (90)
2540 3960 2666 4014 Καθ’
2691 3963 2851 4032 ἡμῶν.
2877 3963 3014 4018 Tres
3041 3962 3429 4020 vetustissimi
3451 3963 3677 4020 codices
3695 3963 3744 4016 et
3758 3960 3857 4032 Reg;

2367 4027 2555 4105 rimus
2580 4032 2694 4105 καθ’
2719 4027 2876 4105 ἦμᾶς.
2925 4033 3020 4090 Sic
3051 4035 3233 4090 etiam
3281 4035 3467 4092 editio
3497 4038 3713 4105 Hagan.
3761 4031 3804 4084 et
3842 4027 3854 4077 Ι

2370 4103 2500 4159 asil.
2537 4103 2651 4160 Sed
2682 4103 2886 4159 tamen
2909 4105 3055 4161 nihil
3087 4107 3454 4163 mutandum
3483 4103 3716 4162 videtur.
3761 4167 3764 4170 ,

2392 4177 2507 4246 (91)
2541 4177 2873 4249 Προσθέντεςο
2903 4176 3076 4232 Coisl.
3117 4177 3425 4234 secundus
3450 4182 3508 4234 et
3544 4180 3675 4246 Reg.
3703 4181 3861 4228 secun-

2319 4244 2434 4300 dus
2454 4244 2742 4322 προθέντες.
3733 4315 3744 4322 ,
3836 4310 3844 4320 .

2319 4388 2352 4449 ζ
2390 4315 2503 4390 (92)
2537 4318 2935 4391 Ὀνομάσαντος.
3003 4322 3088 4375 Ita
3143 4335 3241 4376 sex
3314 4337 3464 4376 mss.
3535 4318 3678 4376 Editi
3723 4315 3858 4383 ὀνομά-

2355 4409 2509 4449 οντες.

2355 4409 2509 4450 οντες.

2389 4461 2726 4538 (θίξὶνᾜμῶν.
2743 4462 2842 4538 _lta
2871 4465 3100 4538 veteres
3131 4461 3265 4518 libri
3291 4478 3405 4535 pro
3431 4480 3503 4521 eo
3525 4461 3680 4538 quod
3701 4457 3857 4514 vitiose

2314 4531 2375 4587 in
2408 4531 2580 4606 editis
2596 4531 2919 4606 legebatur
2944 4535 3090 4606 ἡμῖν.

2386 4605 2498 4678 (9.4)
2562 4601 2990 4678 Καταξίωσονηί
3047 4601 3478 4678 διαπέμψασθαι.
3545 4609 3628 4678 Ita
3680 4603 3855 4678 veteres

2313 4673 2450 4751 ll:in
2479 4670 2950 4751 quinque._Editi
2979 4670 3297 4751 καταξίανῼ.
3351 4675 3666 4751 διαπέμψαι.
3712 4670 3854 4751 Edith

2315 4735 2728 4820 Hagaﬁoensis
2778 4747 2962 4805 habet
3006 4735 3360 4811 καταξίωσαν.
3395 4735 3596 4820 ‘Paris.
3645 4735 3855 4801 secunda

2315 4818 2662 4880 καταξίωσον.

2385 4890 2497 4960 (95)
2531 4893 2938 4965 Κεχωρισμένῳ.
2970 4889 3331 4947 Addidimus
3381 4891 3540 4946 hanc
3586 4899 3772 4944 vocem
3805 4890 3855 4933 ex

2313 4976 2416 5016 sex
2449 4977 2599 5016 mss.

2384 5035 2498 5106 (96)
2527 5040 2630 5085 Τοῦ
2663 5029 2886 5106 ἀδελφοῦ
2920 5035 3084 5106 ἡμῶν.
3118 5033 3285 5106 Male
3321 5033 3383 5106 in
3431 5033 3681 5088 editione
3715 5021 3853 5106 Pariﬁ.

2312 5099 2556 5176 additUr
2583 5099 2867 5176 Awpoeéou,
2895 5099 3061 5176 quod
3112 5104 3171 5160 in
3195 5104 3465 5176 editione,
3489 5107 3702 5173 Hagan.
3747 5099 3794 5150 et
3813 5099 3854 5176 ιιι

2309 5175 2509 5246 prima
2536 5174 2859 5231 Basileensi
2885 5174 3071 5242 deest,
3104 5181 3162 5232 et
3190 5177 3250 5231 in
3282 5175 3568 5231 omnibus
3595 5187 3748 5235 mss"
3773 5174 3854 5246 ne?

2309 5245 2612 5302 conciliari
2666 5251 2861 5319 potest
2891 5263 3045 5319 cum
3097 5247 3299 5319 Basilii,
3337 5245 3645 5308 sententia,
3691 5256 3724 5296 ἃ
3765 5245 3855 5306 quo

2310 5316 2736 5389 Sanctissimus
2765 5316 2950 5389 paulo
2970 5322 3109 5373 ante
3139 5317 3486 5389 nominatus
3515 5320 3620 5371 est.

2381 5389 2494 5462 (97)
2522 5386 2689 5462 Οὐδὲν
2721 5382 2911 5462 εὑρών,
2933 5393 3015 5445 Ita
3035 5389 3216 5462 Δ(ξοὶςιι.
3248 5388 3476 5462 primus
3509 5392 3564 5443 et
3590 5382 3730 5462 Med:
3747 5387 3851 5433 cum

2307 5455 2550 5536 duobus
2581 5460 2735 5536 aliis.
2779 5455 2936 5517 Harl.
2991 5457 3143 5513 οὐδὲν
3183 5455 3422 5536 εὗρον...,
3453 5465 3541 5511 καὶ
3577 5457 3664 5508 οὐκ
3707 5455 3850 5520 ἔσχονο

2308 5531 2461 5587 Editi
2490 5531 2597 5602 οὐχ
2626 5533 2807 5604 εὑρών.
