4078 6392
537 324 637 384 563

1935 314 1990 374 s.
2034 307 2284 368 BASILII
2320 306 2540 369 mea:
3765 327 3847 382 δα

534 447 667 520 ipse
693 462 730 506 ιι
765 447 972 504 nostra
1001 441 1430 503 communione
1459 441 1943 512 abscidit,neque
1964 437 2024 493 in
2054 449 2199 491 con-

2313 431 2370 520 ἃς
2429 435 2550 487 καθ’
2600 436 2746 509 ἡμῶν
2815 436 3109 511 συνέγραψε
3165 433 3603 512 διαπεμψάμενος.
3655 449 3747 506 Τῆς
3779 450 3849 518 μὶν

535 536 809 595 stitutum
855 534 1058 592 locum
1114 535 1435 592 convenire
1486 533 1804 590 nobiscum
1833 530 1894 586 in
1924 526 2199 584 animum

533 625 848 694 inducens,
882 640 1078 697 neque
1113 623 1440 696 discipulos
1467 639 1612 679 suos
1637 619 2042 679 adducens,ut
2064 630 2199 687 pro-

534 715 784 772 miserat
816 729 828 768 :
881 713 987 770 scd
1016 728 1114 770 me
1168 712 1506 770 dilacerans
1537 726 1658 768 una
1690 725 1828 766 cum
1873 703 2198 778 Theophilo

537 803 712 862 Cilice
767 803 830 860 in
880 802 1377 874 frequentissimis
1439 799 1856 867 conventibus,
1920 795 2086 852 nuda
2144 797 2200 850 et

535 899 746 967 aperta
775 893 1208 963 criminatione,
1248 897 1314 948 ut
1355 891 1550 949 aliena
1581 891 1658 947 ab
1689 889 1878 963 ipsius
1924 885 2200 944 doctrina

535 982 746 1056 populi
788 981 1007 1040 animis
1037 983 1328 1052 dogmata
1374 983 1760 1037 inserentem.
1792 981 1925 1034 Haec
1949 974 2199 1048 quidem

537 1071 683 1130 satis
713 1087 939 1142 magna
961 1074 1219 1138 erant,ut
1236 1075 1511 1129 nostram
1535 1085 1782 1127 omnem
1800 1083 1939 1124 cum
1959 1082 2028 1122 eo
2054 1079 2199 1121 con-

528 1160 905 1232 junctionem
934 1159 1304 1218 dirimerent.
1338 1163 1662 1232 Postquam
1689 1173 1831 1214 vero
1861 1168 1920 1214 et
1966 1155 2029 1212 in
2066 1153 2200 1212 Cili-

533 1250 690 1308 ciam
718 1249 897 1317 venit,
922 1253 1101 1322 atque
1118 1249 1425 1306 Gelasium
1451 1248 1786 1322 quemdam
1807 1243 2198 1312 conveniens,

533 1339 728 1396 eidem
756 1339 943 1398 ﬁdem
972 1339 1273 1411 exposuit,
1308 1354 1495 1411 quam
1519 1337 1899 1395 conscribere
1925 1337 2053 1391 erat
2083 1331 2202 1389 Arii

534 1427 745 1493 solius,
775 1431 832 1485 et
870 1428 919 1484 si
947 1427 1084 1501 quis
1113 1443 1442 1498 germanus
1471 1427 1630 1484 illius
1679 1423 2046 1497 discipulus;
2076 1427 2201 1479 tum

533 1516 782 1576 demum
805 1515 1001 1585 magis
1039 1516 1220 1574 etiam
1251 1517 1313 1572 in
1344 1515 1746 1586 disjunctione
1775 1511 2080 1570 obﬁrmati
2103 1527 2202 1568 su-

535 1623 698 1675 mus,
727 1606 874 1665 illud
900 1605 1107 1665 animo
1133 1606 1602 1672 considerantes,
1649 1619 1847 1677 neque
1873 1601 2204 1673 Ethiopem

535 1695 755 1769 pellem
786 1712 961 1754 suam
991 1711 1266 1768 unquam
1297 1699 1692 1762 mutaturum,
1729 1708 1927 1766 neque
1957 1690 2206 1765 panthe-

2307 519 2395 576 οὖν
2452 530 2718 588 κοινωνίας
2779 528 2924 600 ἡμῶν
2983 527 3138 588 αὐτὸς
3186 526 3461 602 ἀπέρρηξεν
3513 529 3698 597 ἑαυτὸν,
3744 540 3848 606 μήτε

2307 616 2441 665 κατὰ
2470 618 2556 666 τὸν
2596 618 2882 689 ὡρισμένον
2919 621 3075 670 τόπον
3125 614 3440 690 συνδραμεῖν
3491 620 3610 691 ἡμῖν
3658 619 3852 695 ἀνασχό-

2307 721 2472 774 μενος,
2512 710 2644 776 μήτε
2685 710 2808 767 τοὺς
2863 708 3100 779 μαθητὰς
3140 703 3318 761 ἑαυτοῦ
3382 715 3704 781 παραγαγὼν,
3756 715 3851 786 ὅπερ

2309 792 2568 864 ὑπέσχετο
2601 809 2615 823 ³
2672 793 2800 849 ἀλλὰ
2837 800 2924 848 καὶ
2978 797 3118 868 ἡμᾶς
3181 795 3486 855 στηλιτιύων
3525 796 3572 850 ἐν
3598 797 3852 874 πανδήμοις

2311 878 2576 950 συνόδοις,
2642 887 2774 956 μετὰ
2845 893 2936 938 τοῦ
3003 885 3211 948 Κίλικος
3272 885 3539 958 Θεοφίλου,
3592 898 3744 961 γυμνῇ
3787 897 3854 943 καὶ

2310 969 2732 1045 ἀπαρακαλύπτῳ
2763 983 2824 1047 τῇ
2878 973 3210 1048 βλασφημίᾳ,
3253 978 3317 1036 ὡς
3346 974 3586 1051 ἀλλότρια
3638 987 3719 1039 τῆς
3763 979 3855 1032 ίαν-

2307 1068 2399 1114 τοῡ
2450 1062 2522 1131 (4)
2585 1058 2938 1124 ὃίὸασκαλίας
2974 1071 3091 1126 ταῖς
3144 1064 3352 1136 ψυχαῖς
3394 1073 3484 1117 τοῦ
3529 1065 3648 1119 λαοῦ
3695 1065 3856 1121 inmt-

2309 1169 2496 1223 ραντας
2553 1147 2818 1224 δόγματα.
2848 1152 3022 1208 Ἱκανὰ
3078 1156 3167 1226 μὲν
3206 1151 3293 1206 οὖν
3328 1151 3387 1212 ἧν
3430 1159 3696 1210 καὶταῦτα
3718 1163 3857 1211 πᾶσαν

2309 1240 2454 1310 ἡμῶν
2494 1244 2587 1298 τὴν
2612 1245 2739 1316 πρὸς
2776 1242 2933 1295 αὐτὸν
2979 1244 3255 1315 συνάφειαν
3307 1239 3556 1298 διαλῦσαι
3731 1245 3861 1299 Ἐπιιο

2313 1323 2380 1386 δὴ
2409 1324 2469 1381 δὲ
2523 1333 2613 1382 καὶ
2645 1330 2712 1391 si;
2759 1330 2997 1386 Κιλικίαν
3036 1331 3211 1399 ἐλθὼν,
3243 1337 3335 1386 καὶ
3369 1338 3633 1404 συντυχὼν
3675 1333 3859 1405 Γιλασίῳ

2310 1421 2435 1482 τινὶ,
2487 1422 2665 1470 πίστιν
2706 1419 2847 1491 αὐτῷ
2901 1419 3116 1488 ἐξέθετο,
3165 1420 3226 1478 ἢν
3264 1426 3424 1494 μόνου
3470 1424 3546 1493 (6)
3599 1418 3654 1481 ἦν
3699 1422 3859 1496 Ἀρείου

2316 1506 2646 1580 συγγράψαι,
2676 1513 2765 1560 καὶ
2814 1512 2858 1562 εἶ
2903 1529 2984 1571 τις
3013 1510 3173 1564 αὐτοῦ
3227 1516 3440 1582 γνήσιος
3478 1512 3734 1583 μαθητής·
3771 1517 3859 1566 τότε

2315 1591 2383 1656 δὴ
2412 1601 2503 1650 καὶ
2540 1597 2690 1650 πλέον
2728 1601 2855 1672 πρὸς
2888 1603 2976 1652 τὸν
3005 1603 3285 1675 χωρισμὸν
3317 1598 3683 1672 ἐϐεϐαιώθημεν
3709 1617 3720 1630 ·
3744 1599 3860 1672 λογι-

2316 1696 2551 1766 σάμενοι,
2579 1697 2657 1750 ὅτι
2688 1699 2805 1750 οὔτε
2831 1697 3022 1769 Αἰθίοψ
3054 1697 3261 1761 ἀλλάξει
3289 1701 3416 1752 ποτὶ
3434 1701 3492 1751 τὸ
3519 1695 3676 1773 δέρμα
3715 1698 3858 1766 αὐτοῦ,

534 1801 669 1842 ram
698 1783 967 1842 maculas
988 1801 1128 1842 suas
1152 1785 1218 1854 '3,
1240 1777 1439 1857 neque
1469 1783 1781 1842 hominem
1811 1783 1872 1839 in
1903 1779 2203 1854 perversis

2313 1786 2431 1838 οὔτε
2454 1782 2715 1860 πάρδαλις
2734 1785 2801 1840 τὰ
2818 1787 3139 1860 ποικίλματα
3163 1788 3296 1847 αὐτῆ
3309 1809 3350 1858 ς,
3383 1791 3499 1842 οὔτε
3525 1790 3549 1841 ὁ
3577 1790 3624 1840 ίν
3652 1784 3858 1861 διαστρό-

533 1874 830 1932 nutritum
895 1873 1290 1944 dogmatibus
1337 1872 1585 1930 haeresis
1652 1872 1864 1929 vitium
1938 1869 2204 1927 deterere

533 1979 737 2035 posse.

605 2057 657 2108 2.
712 2051 810 2108 llis
863 2051 1068 2108 audax
1117 2051 1351 2110 facinus
1402 2051 1655 2120 addidit,
1687 2055 1754 2108 ut
1803 2050 1866 2108 in
1895 2065 2008 2110 nos
2059 2046 2204 2109 scri-

530 2141 698 2198 beret
751 2141 844 2197 vel
907 2142 1110 2215 potius
1169 2145 1561 2216 componeret
1615 2140 1832 2214 longos
1893 2153 2204 2194 sermones

531 2229 699 2286 omni
729 2230 1001 2286 convicio
1033 2246 1104 2286 ac
1131 2229 1438 2286 calumnia
1473 2229 1722 2285 refertos
1754 2246 1769 2284 :
1803 2227 2028 2300 quibus
2054 2224 2204 2280 nihil

529 2319 958 2391 respondimus
985 2320 1303 2387 hactenus,
1331 2323 1651 2393 propterea
1677 2317 1846 2390 quod
1869 2315 2064 2373 edocti
2107 2330 2204 2370 su-

532 2425 671 2465 mus
724 2408 803 2464 ab
857 2409 1143 2481 Apostolo
1191 2424 1313 2464 non
1372 2407 1778 2481 nosmetipsos
1818 2405 2044 2475 ulcisci,
2094 2402 2205 2459 sed

531 2497 732 2555 locum
765 2498 866 2554 irae
897 2497 1044 2554 dare
1069 2500 1147 2567 '9;
1178 2502 1306 2554 tum
1339 2497 1520 2554 etiam
1577 2497 1722 2570 quia
1764 2512 1902 2556 cum
1935 2493 2203 2556 conside-

530 2603 804 2644 raremus
834 2586 1336 2644 dissimulationis
1365 2586 1757 2659 profundum,
1790 2602 1914 2658 qua
1943 2600 2070 2646 sese
2099 2599 2204 2640 no-

528 2676 623 2732 bis
648 2676 815 2732 omni
845 2681 1114 2748 tempore
1145 2677 1492 2745 insinuavit,
1533 2681 1681 2732 muti
1712 2675 1982 2748 quodam
2018 2673 2202 2730 modo

531 2782 655 2839 prae
697 2771 938 2839 stupore
996 2767 1188 2823 effecti
1239 2783 1478 2824 sumus.
1511 2769 1726 2823 Verum
1765 2765 2000 2823 etiamsi
2055 2760 2202 2820 nihil

528 2856 745 2913 horum
775 2860 950 2922 esset,
986 2855 1050 2911 id
1102 2856 1268 2928 quod
1317 2872 1526 2912 recens
1558 2872 1744 2912 ausus
1797 2861 1904 2923 est,
1958 2857 2201 2914 cuinam

527 2946 842 3004 horrorem
895 2947 1238 3004 ethominis
1270 2947 1732 3004 detestationem
1787 2947 2026 3020 penitus
2077 2963 2201 3004 non

528 3037 879 3106 ingeneret?
907 3036 1018 3103 Qui
1049 3037 1323 3094 videlicet
1379 3041 1444 3094 ut
1497 3037 1680 3094 audio
1709 3037 1782 3109 (si
1812 3037 1996 3094 modo
2023 3054 2200 3092 verus

528 3141 756 3196 rumor,
797 3141 908 3182 nec
945 3131 1358 3183 commentum
1408 3132 1496 3183 est
1549 3127 1627 3183 ad
1681 3126 2051 3184 calumniam
2105 3142 2200 3182 ex—
2231 3151 2271 3207 ρ

529 3216 903 3286 cogitatum),
971 3215 1151 3272 etiam
1215 3216 1562 3272 reordinarc
1629 3215 1954 3272 nonnullos
2016 3232 2201 3271 ausus

530 3309 641 3371 est,
683 3305 850 3378 quod
905 3304 1195 3362 hactenus
1245 3305 1324 3362 ab
1372 3307 1786 3362 haereticorum
1829 3305 2069 3361 nemine
2109 3305 2200 3362 fa-

531 3397 694 3454 ctum
736 3394 992 3450 videtur.
1028 3394 1345 3460 Quomodo
1421 3412 1562 3467 ergo
1609 3395 1736 3450 haec
1791 3394 1998 3452 leniter
2050 3394 2201 3450 ferre

530 3483 858 3557 possimus,
928 3488 982 3540 et
1058 3484 1354 3540 sanabilia
1409 3485 1671 3544 hominis
1718 3489 1967 3558 peccata
2014 3485 2203 3540 existi-

532 3589 700 3632 mare
724 3574 752 3630 ‘I
782 3574 989 3647 Itaque
1040 3575 1423 3631 sermonibus
1458 3575 1622 3631 falsis
1658 3592 1732 3632 nc
1782 3575 2196 3645 abducamini,

531 3679 728 3739 neque
781 3663 1101 3722 hominum
1163 3665 1338 3736 223
1395 3665 1602 3722 omnia
1666 3666 1729 3721 in
1789 3665 2014 3724 malam
2065 3681 2203 3738 par-

533 3761 653 3814 tem
684 3754 1112 3826 accipientium
1143 3755 1594 3828 suspicionibus
1620 3755 1806 3811 ﬁdem
1844 3754 2202 3823 adhibeatis,

533 3844 711 3920 quasi
732 3860 844 3900 nos
868 3860 964 3899 res
996 3844 1350 3916 hujusmodi
1379 3845 1440 3901 in
1474 3845 1955 3903 indifferentibus
2007 3861 2201 3918 pona-

534 3950 692 3990 mus.
723 3936 842 3989 Hoc
871 3932 1030 3989 enim
1061 3933 1164 3990 tibi
1195 3934 1590 4006 persuadeas,
1621 3936 1709 3990 vir
1748 3935 1924 3991 nobis
1973 3934 2206 3992 deside-

534 4022 833 4078 ratissime
864 4037 934 4077 ac
971 4022 1416 4092 colendissrme,
1451 4040 1770 4097 nunquam
1818 4042 1916 4081 me
1975 4030 2207 4081 tantum

538 4111 764 4168 doloris
794 4110 999 4167 animo
1020 4127 1157 4169 meo
1184 4118 1499 4186 acceptum
1523 4115 1999 4187 scire,quantum
2020 4131 2205 4192 nunc,

540 4217 680 4257 cum
709 4199 785 4256 de
817 4199 1359 4258 ecclesiasticarum
1387 4202 1590 4274 legum
1621 4204 2067 4276 perturbatione
2099 4220 2210 4260 au-

540 4290 680 4346 divi.
733 4289 849 4347 Sed
897 4289 1093 4348 solum
1148 4307 1415 4364 precare,
1457 4299 1521 4348 ut
1567 4293 1665 4350 det
1702 4293 1879 4350 nobis
1924 4294 2209 4350 Dominus

539 4381 689 4437 nihil
717 4397 788 4436 ex
818 4380 1135 4438 iracundia
1187 4398 1384 4453 agere,
1415 4383 1521 4439 sed
1564 4385 1916 4441 charitatem
1962 4384 2210 4458 habere,

541 4487 677 4546 quae
709 4486 773 4526 se
798 4469 1080 4527 indecore
1109 4487 1231 4528 non
1255 4473 2021 4542 gerit,necinﬂatur’°.Vide
2048 4476 2208 4532 enim
2240 4509 2285 4568 Β

541 4560 1065 4635 quemadmodum
1105 4563 1209 4636 qui
1239 4579 1310 4620 ea
1340 4569 1565 4634 carent,
1619 4581 1804 4638 supra
1861 4581 2210 4624 mensuram

542 4651 878 4710 humanam
908 4652 1046 4709 elati
1075 4651 1213 4724 sint,
1254 4657 1312 4710 et
1338 4653 1621 4711 indecore
1654 4671 1719 4710 se
1754 4659 1986 4728 gerant,
2027 4672 2100 4714 ea
2129 4657 2212 4714 fa-

546 4742 750 4799 cinora
779 4743 1089 4816 audentes,
1117 4759 1382 4817 quorum
1413 4745 1783 4818 praeteritum
1825 4749 2060 4819 tempus
2088 4762 2213 4804 non

544 4829 730 4888 habet
757 4833 1060 4905 exempla.

537 5057 540 5060 .
623 5008 667 5045 1⁸
705 5009 818 5065 Jer.
839 5025 938 5068 xm
961 5014 1050 5069 23.

1127 5014 1174 5050 ‘9
1200 5017 1372 5072 Rom.
1407 5031 1501 5086 xu,
1548 5019 1635 5076 19.
1711 5015 1761 5054 ²⁰
1791 5019 1808 5073 l
1837 5016 1968 5074 Cor.
1999 5031 2123 5086 xm,
2155 5018 2210 5074 4.

622 5170 699 5252 (4)
730 5175 836 5232 Τῆς
867 5169 1070 5252 ἑαυτοῦ.
1089 5177 1198 5252 _lt_a
1225 5179 1346 5252 tres
1376 5179 1766 5252 vetustissimi
1793 5179 2034 5237 codices
2065 5195 2204 5237 cum

549 5243 734 5314 Regio
766 5243 1056 5298 secundo.
1089 5245 1239 5300 Editi
1284 5256 1379 5309 τῆς
1424 5249 1604 5307 αὐτοῦ.
1660 5252 1849 5308 Paulo
1898 5257 2036 5314 post
2065 5252 2208 5308 editi

549 5312 949 5388 ἐνσᾶτείραντοςη
977 5318 1113 5388 Tres
1161 5316 1347 5374 iidem
1393 5321 1630 5378 codices
1680 5339 1817 5379 cum
1850 5312 2108 5382 Clarom.
2153 5328 2211 5379 et

551 5387 692 5462 Res:
726 5385 1000 5462 secunde
1026 5385 1413 5462 ἐνσπείραντας·

623 5458 701 5598 (ὅ)
737 5458 887 5514 Vide
917 5458 1234 5518 Addenda.

649 5533 701 5598 6)
729 5529 824 5583 ’Ἦν
850 5535 1034 5598 μόνου.
1075 5536 1160 5588 Ita
1206 5535 1234 5587 Ε

649 5533 701 5599 6)
729 5529 824 5583 Ἢν
850 5535 1034 5610 μὸν-ου.
1075 5536 1183 5610 l_t_a__
1206 5531 1388 5610 Harl,
1423 5532 1595 5601 Med.,
1629 5535 1804 5592 Cois].
1850 5540 2101 5610 uterque
2153 5541 2210 5595 et

555 5597 696 5677 Reg.
729 5597 1053 5677 secundus.
1085 5603 1230 5677 Editi
1273 5603 1333 5661 ἢν
1356 5597 1527 5677 μόνον.
1584 5597 1590 5601 ⁷
2002 5597 2022 5610 ³
2184 5659 2191 5662 .

625 5671 701 5740 (7)
727 5672 1055 5748 Συγγράψας.
1084 5675 1229 5732 Vide
1259 5671 1446 5748 supra
1469 5680 1642 5734 notas
1667 5678 1745 5734 ad
1769 5678 2087 5752 epistolam
2115 5684 2203 5750 24,

2313 1892 2421 1945 φοις
2453 1870 2689 1946 δόγμασι
2720 1882 3026 1950 συντραφεὶς
3057 1876 3462 1951 ἀποτρίψασθαι
3491 1874 3695 1930 δύναται
3719 1880 3769 1930 τὸ
3792 1896 3858 1928 κα·

2313 1965 2403 2016 κόν
2433 1971 2528 2026 τῆς
2561 1963 2824 2038 ἁὶρίσεως.

2383 2056 2437 2107 2.
2500 2055 2951 2110 Ἐπενεανιιύσατο
3019 2053 3080 2110 δὲ
3124 2059 3331 2118 τούτοις
3392 2062 3482 2110 καὶ
3540 2056 3724 2130 γράψας
3766 2054 3855 2108 καθ’

2313 2142 2480 2214 ἡμῶν,
2513 2142 2701 2214 μᾶλλον
2735 2141 2793 2197 δὲ
2826 2145 3134 2222 συγγράψας
3173 2149 3253 2220 (7)
3293 2147 3476 2219 λόγους
3531 2147 3732 2223 μακραῖς
3775 2146 3854 2199 πά-

2315 2252 2408 2293 σης
2450 2228 2721 2306 λοιδορίας
2771 2240 2861 2288 καὶ
2902 2241 3256 2308 συκοφαντίας
3311 2242 3604 2312 γέμοντας·
3656 2238 3756 2309 ὑπὲρ
3801 2235 3851 2284 ὧν

2313 2319 2464 2374 οὐδὲν
2514 2321 2901 2398 ἀπεκρινάμεθα
2945 2329 3091 2393 τέως,
3134 2323 3230 2378 διὰ
3284 2331 3347 2379 τὸ
3409 2324 3708 2400 διδαχθῆναι
3737 2325 3845 2396 παρὰ

2316 2419 2403 2465 τοῦ
2453 2411 2797 2486 Ἀποστόλου,
2846 2419 2916 2488 μὴ
2957 2415 3168 2477 ἑαυτοὺς
3217 2412 3468 2485 ἐκδικεῖν,
3529 2415 3640 2469 ἀλλὰ
3677 2409 3836 2466 διδόναι

2311 2506 2468 2554 τόπον
2500 2511 2560 2575 τῇ
2620 2503 2748 2578 ὀργῇ
2785 2525 2796 2537 ο
2839 2509 2928 2558 καὶ
2967 2505 3077 2578 οἶμα
3131 2504 3469 2567 ἐννοήσαντες
3517 2510 3572 2559 τὸ
3609 2503 3734 2578 βάθος
3774 2508 3843 2559 τῆς

2313 2591 2657 2664 ὑποκρίσεως,
2716 2593 2826 2664 μεθ’
2862 2594 2920 2654 ἧς
2981 2597 3150 2647 πάντα
3203 2599 3290 2648 τὸν
3346 2600 3536 2670 χρόνον
3581 2597 3688 2665 ἡμῖν
3729 2608 3849 2664 προσ-

2314 2683 2536 2752 ηνέχθη,
2609 2681 2808 2754 ἀφασία
2873 2689 2974 2736 τινὶ
3023 2684 3110 2736 ὑπ’
3165 2683 3457 2748 ἐκπλήξεως
3503 2684 3846 2755 κατεσχέθπμει,

2314 2770 2376 2822 Εἰ
2430 2767 2488 2822 ὁδε
2544 2776 2633 2823 καὶ
2680 2768 2846 2844 μηδὲν
2900 2770 2960 2830 ἦν
3010 2772 3232 2841 ἐκείνων,
3265 2778 3324 2827 τὸ
3373 2777 3592 2846 ὀπόγυον
3633 2780 3776 2838 τοῦτο,
3810 2771 3850 2818 τὸ

2311 2859 2561 2933 τολμηθὲν
2611 2861 2772 2933 αὐτῷ,
2809 2867 2908 2915 τίνὶ
2939 2863 3033 2915 οὐκ
3081 2862 3140 2916 ἆν
3195 2869 3390 2938 φρίκην
3445 2869 3531 2917 καὶ
3585 2861 3853 2935 ἀποστροφὴν

2313 2949 2534 3007 παντελῆ
2597 2958 2688 3002 τοῦ
2747 2946 2931 3024 ἀνδρὸς
2969 2949 3310 3022 ἐνεποίησεν;

2311 3040 2438 3108 (εἴγε
2469 3036 2712 3100 ἀληθὴςό
2769 3039 2936 3111 λόγος,
2966 3045 3053 3092 καὶ
3107 3045 3177 3113 μὴ
3220 3041 3450 3115 πλάσμα
3494 3040 3627 3094 ἐστὶν
3674 3037 3743 3090 ἐπὶ
3773 3032 3857 3088 δια·

3373 2955 3428 3014 ὃς
3486 2972 3562 3024 γε,
3621 2953 3680 3016 ὡς
3727 2947 3856 2999 ἀκούω

2312 3125 2433 3198 ϐολῇ
2484 3128 2762 3198 συντεθὲν),
2819 3130 2898 3182 ὅτι
2954 3135 3044 3182 καὶ
3094 3127 3576 3205 ἀναχειροτονῆσαί
3598 3147 3723 3188 τινας
3761 3123 3857 3178 ἐτολ-

2310 3235 2496 3288 μησεν,
2547 3216 2766 3290 ὁμέχρι
2819 3223 3045 3292 σήμερον
3074 3216 3250 3280 οὐδεὶς
3304 3229 3406 3274 τῶν
3466 3223 3712 3294 αἱρετικῶν
3739 3217 3856 3271 ποιή-

2313 3324 2411 3367 σας
2450 3310 2701 3378 φαίνεται.
2747 3313 2863 3369 Πῶς
2917 3304 3004 3360 οὖν
3049 3305 3271 3362 δυνατὸν
3334 3312 3514 3385 πράως
3565 3313 3712 3383 φέρειν
3756 3307 3857 3374 ἡμᾶς

2310 3397 2377 3446 τὰ
2418 3403 2658 3465 τοιαῦτα,
2699 3401 2788 3450 καὶ
2845 3397 3034 3470 ἰάσιμα
3077 3396 3207 3452 εἶναί
3235 3401 3465 3472 νομίζειν
3503 3407 3586 3452 τοῦ
3617 3392 3779 3470 ἀνδρὸς
3814 3393 3858 3442 τά

2313 3483 2704 3560 ἁμαρτήματα;
2739 3490 2823 3546 Μὴ
2870 3491 3040 3540 τοίνυν
3093 3485 3324 3558 ψευδέσι
3381 3489 3552 3561 λόγοις
3596 3482 3856 3561 παράγεσθε,

2313 3571 2452 3647 μηδῆ
2482 3577 2749 3638 ὑπονοίαις
2805 3573 3008 3652 ἀνδρῶν
3067 3579 3238 3632 πάντα
3275 3579 3500 3640 εὐκόλως
3542 3581 3662 3652 πρὸς
3699 3577 3746 3626 τὸ
3787 3588 3855 3622 κα-

2314 3667 2400 3718 κὸν
2462 3663 2880 3739 ἐκλαμϐανὸντων
2942 3669 3204 3739 πείθεσθε,
3264 3671 3339 3732 ὡς
3399 3669 3503 3743 ἄρα
3565 3668 3700 3740 ἡμεῖς
3742 3657 3855 3714 ἀδιά-

2317 3774 2448 3831 φορα
2487 3755 2561 3827 (8)
2618 3757 2864 3829 τιθέμεθα
2910 3759 2976 3810 τὰ
3030 3766 3268 3813 τοιαῦτα.
3307 3763 3533 3812 Γίνωσκε
3585 3759 3696 3830 γὰρ,
3729 3751 3857 3806 ποθει-

2314 3849 2496 3898 νότατε
2533 3846 2658 3917 ἡμῖν
2695 3851 2785 3900 καὶ
2813 3852 3115 3918 τιμιώτατε,
3172 3849 3254 3902 ὅτι
3305 3852 3448 3903 οὔπω
3493 3844 3612 3906 οἶδα
3661 3848 3856 3898 τοσοῦτον

2315 3935 2497 3996 πένθος
2560 3934 2737 3989 ἄλλοτε
2788 3943 2850 4008 τῇ
2919 3935 3073 4010 ψυχῇ
3131 3956 3231 4009 μου
3292 3934 3717 4014 παραδεξάμενος,
3769 3932 3855 3980 ὅσον

2316 4030 2426 4091 νῦν,
2499 4024 2580 4076 ὅτε
2632 4028 2839 4083 ἤκουσα
2886 4033 2985 4076 τῶν
3053 4025 3508 4084 ἐκκλησιαστικῶν
3566 4028 3745 4096 θεσμῶν
3791 4019 3856 4071 τὴν

2321 4115 2610 4184 σύγχυσιν.
2644 4113 2799 4168 Ἀλλὰ
2827 4118 2975 4187 μένον
3001 4117 3186 4188 εὔχου,
3236 4117 3320 4169 ἶνα
3352 4114 3465 4189 δῴη
3516 4119 3633 4189 ἡμῖν
3669 4114 3692 4163 ὁ
3719 4110 3860 4180 Κύριος

2317 4198 2483 4275 μηδὲν
2531 4206 2667 4256 κατὰ
2710 4207 2871 4276 θυμὸν
2929 4202 3162 4278 ἐνεργεῖν,
3208 4203 3318 4258 ἀλλ’
3370 4209 3510 4279 ἔχειν
3560 4209 3645 4264 τὴν
3683 4200 3858 4272 ἀγάπην,

2319 4293 2432 4352 ἣτις
2458 4292 2553 4346 οὐκ
2591 4292 2906 4367 ἀσχημονεῖ,
2937 4294 2993 4346 οὐ
3039 4302 3343 4368 φυσιοῦται.
3367 4295 3506 4370 Ὅρα
3530 4297 3626 4368 γὰρ
3664 4293 3779 4346 ὅπως
3807 4281 3861 4345 (9)

2318 4380 2368 4434 οἰ
2413 4386 2484 4454 μὴ
2519 4386 2722 4454 ἔχοντες
2774 4386 2968 4441 ταύτην
3013 4383 3328 4460 ἐπήρθησαν
3368 4389 3458 4458 μὴν
3510 4386 3629 4458 ὑπὲρ
3658 4383 3715 4434 τά
3737 4377 3859 4449 μέτρα

2317 4473 2384 4522 τὰ
2409 4469 2722 4547 ἀνθρώπινα,
2750 4471 3178 4548 ίνασχημονοῦσι
3209 4471 3270 4528 δὲ
3294 4483 3368 4547 τῷ
3410 4474 3533 4548 βίῳ,
3565 4466 3862 4538 κατατολμῶν·

2316 4579 2392 4622 τες
2421 4561 2653 4636 πράξεων
2696 4564 2830 4635 (10),
2878 4562 2945 4614 ὧν
2985 4565 3010 4616 ὁ
3033 4565 3313 4642 ,παρελθὼν
3345 4570 3532 4638 χρόνος
3561 4561 3649 4615 οὐκ
3694 4559 3788 4630 ἔχει
3817 4548 3860 4600 τά

2321 4647 2684 4725 ὑποδείγματα
2695 4693 2708 4706 .

2320 5191 2457 5249 quae
2475 5174 2553 5249 ad
2574 5174 2963 5249 {\thanasium
2991 5173 3379 5249 Ancyranum
3413 5170 3627 5249 scripta
3655 5165 3746 5249 est.

2331 5227 3380 5338 .13s)"Lié‘IézﬁﬁfﬁéseBifndEsEt
3409 5227 3579 5298 cola.
3612 5227 3860 5295 secundus

2322 5333 2628 5394 ασιαφορον.
3545 5384 3554 5394 ο
3586 5383 3596 5393 ι
3628 5379 3645 5394 1
3821 5367 3829 5382 η

2389 5394 2468 5458 (9)
2498 5390 2635 5465 "Ope:
2660 5391 2759 5464 γάρ
2800 5391 2954 5451 ὅπως.
2998 5392 3084 5447 lta
3111 5405 3258 5446 mss.
3300 5404 3427 5445 sex.
3456 5385 3598 5442 Edm
3649 5387 3747 5453 Ορα
3786 5381 3860 5441 γαρ

2317 5484 2496 5605 Ἧι(ΤΟ)
2530 5533 2963 5607 Κατατολμῶντις
3013 5533 3271 5607 πράξεων,
3311 5529 3576 5607 θῑοτμῌοο
3601 5513 3860 5607 reor‘diﬁ'

2316 5584 2496 5663 tio‘ni's'
2520 5584 3278 5678 suamaaaa'rsaagga
3298 5584 3577 5678 animus
3597 5584 3859 5678 detulerat.

2317 5693 2444 5736 non
2472 5678 2704 5737 videtur
2735 5668 2908 5736 certis
2931 5677 3168 5734 indiciis
3196 5677 3377 5735 fuisse
3405 5668 3806 5731 conﬁrmatum-
