4078 6404
1156 329 1655 393 EPISTOLARUM
1692 328 1982 389 CLASSIS
2018 328 2069 388 Il
2114 330 2329 391 EPIST.
2372 331 2591 391 CXXXI.

818 462 1159 512 ΕΠΙΣΤΠΛΠ
1198 456 1366 516 ΡΛΔ’.

2525 456 2873 517 EPISTOLA
2912 457 3159 516 CXXXI“.

200 546 539 617 Signiﬁcat
568 547 840 604 Basilius
867 555 1173 618 acceptum
1205 550 1472 606 dolorem
1498 563 1574 607 ea:
1601 550 1920 610 Eustathii
1944 551 2290 610 calumniis.
2320 550 2467 606 Haec
2489 548 2700 605 tribuit
2747 549 3008 618 peccatis
3037 548 3183 607 suis.
3209 549 3500 607 Declarat
3529 565 3591 607 se

277 633 391 674 nec
423 623 551 694 tres
580 619 723 694 deos
753 619 1225 694 admittergnec
1250 623 1602 691 Apolinarii
1644 626 2115 682 communionem
2149 623 2451 693 amplecti,
2476 621 2749 694 quamvis
2792 620 2874 679 ad
2902 636 3037 677 eum
3083 626 3224 678 ante
3244 623 3453 691 plures
3484 637 3590 679 an-

198 332 305 388 565
1156 332 1655 393 EPISTOLARUM
1692 332 1982 389 CLASSIS
2018 332 2069 388 Il
2114 332 2329 391 EPIST.
2372 332 2591 391 CXXXI.
3490 337 3597 394 566

274 706 388 747 nos
421 691 761 762 scripserit.
782 692 1003 748 Fusius
1021 693 1209 750 diluet
1235 694 1511 765 singulas
1537 694 2010 770 criminationes,
2028 697 2081 754 si
2109 691 2263 767 opus
2283 694 2416 751 erit.

813 798 1084 872 Ὀλυμπίῳ
1114 802 1159 866 (1
1182 800 1248 871 1).

273 891 329 942 1.
368 885 577 949 Ὄντως
632 889 664 946 ἡ
716 896 816 941 τῶν
848 886 1261 965 ἀπροσδοκήτων
1315 889 1444 950 ἀκοὴ
1495 894 1646 952 ἵκανή
1707 890 1822 944 ἔστι

186 986 436 1038 ποιῆσαι
507 976 786 1053 ἀνθρώπου
839 979 951 1042 (12)
996 980 1210 1052 ἠχῆσαι
1268 979 1536 1055 ἀμφότερα
1580 984 1648 1037 τὰ
1689 979 1815 1037 ὦτα.

179 1068 256 1122 Ὀ
291 1074 391 1122 καὶ
423 1065 544 1141 ἐμοὶ
580 1076 669 1121 νῦν
702 1068 915 1128 συνέϐη.
948 1069 1009 1124 Εἰ
1058 1072 1159 1144 γὰρ
1217 1076 1308 1125 καὶ
1359 1074 1426 1125 τὰ
1468 1071 1706 1144 μάλιστα
1736 1090 1819 1144 γε·-

184 1162 611 1231 γυμνασμέναις
649 1178 750 1231 μου
790 1158 971 1214 λοιπὸν
998 1167 1117 1225 ταῖς
1159 1160 1342 1225 ἀκοαῖς
1388 1166 1679 1237 προσέπεσε
1702 1161 1814 1234 (13)

192 1250 274 1300 τὰ
318 1252 703 1324 περιφερόμενα
756 1248 874 1304 καθ’
926 1251 1073 1323 ἡμῶν
1126 1253 1299 1305 ταῦτα
1328 1253 1688 1325 συντάγματα,
1722 1248 1817 1305 διὰ

194 1341 265 1392 τὸ
305 1342 396 1392 καὶ
440 1357 693 1413 προτερον
751 1338 909 1393 αὐτὸν
966 1337 1055 1413 ἔμε
1084 1336 1347 1414 δεδέχθαι
1387 1346 1480 1401 τὴν
1511 1340 1812 1415 ἐπιστολὴν,

194 1431 506 1501 πρέπουσαν
557 1430 652 1501 μὲν
701 1435 820 1492 ταῖς
875 1428 1021 1502 ἐμαῖς
1063 1430 1367 1506 ἁμαρτίαις,
1419 1431 1478 1484 οὐ
1508 1435 1611 1504 μὴν
1641 1450 1811 1505 προσ·-

200 1515 525 1576 δοκηθεῖσοὲν
574 1537 702 1573 ποτε
747 1522 1121 1595 γραφήσεσθαι
1166 1523 1311 1595 παρὰ
1340 1530 1439 1575 τῶν
1489 1520 1811 1577 ἐπιστειλάν-

194 1626 326 1661 των
386 1606 499 1660 ἀλλ’
580 1610 716 1681 ὅμως
776 1612 843 1664 τὰ
916 1606 1136 1686 δεύτερα
1206 1614 1468 1670 τοσαύτην
1525 1610 1811 1687 ὑπερϐολὴν

190 1695 357 1770 ἐφάνη
416 1699 551 1771 ἡμῖν
597 1700 742 1770 ἔχειν
789 1700 839 1752 ἐν
891 1698 1090 1763 ἑαυτοῖς
1134 1708 1230 1763 τῆς
1267 1706 1504 1776 πικρίας,
1535 1703 1669 1755 ὥστε
1695 1700 1811 1755 ἔπι-

184 1794 466 1848 ποτ-ἧσαι
518 1795 633 1851 τοῖς
693 1788 1037 1863 προλαϐοῦσι.
1095 1796 1211 1852 Πῶς
1238 1792 1340 1865 γὰρ
1385 1790 1443 1845 οὐ
1482 1798 1673 1866 μικροῦ
1710 1798 1811 1844 τῶν

176 1885 388 1950 φρενῶν
433 1876 535 1941 ἔξω
575 1875 819 1951 ἐγενόμην
859 1886 958 1932 τῶν
1010 1877 1258 1952 ἐμαυτοῦ,
1290 1878 1521 1952 ἐντυχὼν
1568 1889 1630 1954 τῇ
1680 1883 1812 1955 πρὸς

180 1970 275 2021 τὸν
330 1965 724 2021 εὐλαϐέστατον
778 1964 998 2041 ἀδελφὸν
1072 1969 1294 2031 Δαζίναν
1343 1969 1464 2041 (14)
1536 1968 1806 2043 ἐπιστολῇ,

190 2062 393 2131 μυρίων
623 2056 819 2133 ὕϐρεων
867 2064 958 2113 καὶ
1013 2068 1341 2133 κατηγοριῶν
1405 2058 1674 2135 ἀγορήτων
1731 2079 1811 2132 γε-

190 2150 366 2221 μούσῃ
447 2147 576 2200 καθ’
649 2149 794 2221 ἡμῶν
870 2153 961 2202 καὶ
1018 2148 1439 2218 ἐπαναστάσεων,
1491 2152 1560 2213 ὡς
1607 2149 1656 2202 ἐν
1702 2158 1813 2212 τοῖς

189 2237 605 2309 χαλεπωτάτοις
662 2238 808 2311 ἡμῶν
856 2241 993 2293 κατὰ
1039 2247 1137 2302 τῆς
1161 2239 1476 2302 Ἐκκλησίας
1525 2238 1813 2314 βουλεύμα-

189 2345 275 2381 σιν
328 2328 694 2404 εὖρεθέντωη
739 2328 909 2389 Εὐθὺς
955 2324 1016 2383 δε
1063 2335 1154 2383 καὶ
1202 2326 1496 2394 ἀποδείξεις
1546 2338 1640 2384 τοῦ
1692 2330 1814 2390 ἁλη-

177 2420 292 2481 θεῖς
329 2419 473 2473 εἶναι
521 2419 619 2481 τὰς
684 2416 804 2471 καθ’
874 2419 1016 2491 ἡμῶν
1068 2417 1432 2493 ’βλασφημίας
1493 2418 1812 2492 ἐπήχθησαν

180 2509 289 2561 ἀπὸ
341 2508 774 2580 συγγράμματος
837 2507 930 2560 οὐκ
982 2504 1109 2565 οἶδα
1171 2510 1272 2561 ὑπὸ
1326 2513 1463 2571 τίνος
1514 2513 1809 2582 γραφέντος,

184 2601 339 2672 Μέρη
428 2601 517 2669 μεν
577 2598 682 2671 γὰρ
736 2595 980 2669 ἐπέγνων,
1059 2597 1317 2671 ὁμολογῶ,
1371 2600 1516 2673 παρὰ
1559 2607 1648 2652 τοῦ
1696 2601 1809 2672 (15)

195 2682 511 2748 Λαοδικέας
556 2685 924 2762 Ἀπὸλιναρίου
981 2690 1292 2761 γεγράφθαι,
1354 2694 1444 2742 καὶ
1503 2688 1637 2742 αὐτὰ
1687 2686 1811 2743 οὐδὲ

197 2774 461 2847 ἀναγνοὺς
501 2775 551 2839 ἕξ
600 2779 753 2850 ἔργου
800 2775 947 2847 ποτὲ,
989 2776 1093 2830 ἁλλ⁶
1146 2776 1372 2839 ἀκούσας
1419 2778 1601 2852 ἑτέρων
1641 2778 1808 2852 ἀπαγ-

194 2865 507 2939 γειλάντων.
564 2864 729 2921 ’Δλλα
786 2863 848 2920 δέ
906 2886 1024 2921 τινα
1099 2868 1244 2941 εὗρον
1310 2866 1724 2943 ἐγγεγραμμένα,
1773 2869 1810 2923 ἂ

195 2962 336 3029 μήτε
390 2954 600 3029 ἀνέγνων
650 2959 800 3026 ποτε,
857 2960 992 3030 μήτε
1043 2957 1216 3032 ἑτέρου
1286 2957 1524 3030 λέγοντος
1576 2962 1801 3018 ἣκουσα’

193 3050 289 3100 καὶ
326 3047 522 3100 τούτων
574 3048 601 3099 ὁ
661 3048 864 3121 μάρτυς
921 3046 970 3099 ἐν
1001 3047 1202 3123 οὐρανῷ
1240 3052 1450 3110 πιστός.
1483 3056 1599 3111 Πῶς
1639 3048 1726 3101 οὖν
1756 3050 1806 3103 οἱ

183 3140 245 3189 τὸ
275 3133 478 3208 ψεῦδος
508 3137 627 3207 (16)
675 3134 1141 3210 ἀποστρεφόμενοι,
1172 3140 1221 3189 οἱ
1271 3141 1366 3196 τὴν
1421 3136 1628 3209 ἀγάπην
1674 3138 1804 3199 πλή-

174 3247 338 3303 ρωμα
393 3227 532 3279 εἶναι
575 3232 668 3279 τοῦ
719 3230 880 3300 νόμου
935 3222 1333 3299 δεδιδαγμένοι,
1377 3229 1425 3280 οἱ
1461 3230 1528 3280 τὰ
1580 3226 1802 3289 ἀσθενὴ-

175 3337 328 3391 ματα
365 3324 474 3368 τῶν
529 3312 803 3369 ἀδυνάτων
854 3314 1143 3390 βαστάζειν
1188 3317 1635 3391 ἐπαγγελλόμενοι,
1671 3322 1802 3373 ταύ-

177 3425 278 3469 τας
331 3408 466 3480 ἠμῖν
532 3400 877 3469 κατεδέξαντο
930 3408 1024 3467 τὰς
1099 3410 1445 3480 συκοφαντίας
1493 3407 1799 3479 ἐπενεγκεῖν,

180 3550 358 3608 Nulla
383 3549 556 3624 enim
586 3548 747 3605 illius
776 3550 1002 3624 mentio
1023 3549 1086 3606 in
1115 3549 1248 3624 aliis
1282 3550 1479 3609 Basilii
1508 3550 1796 3624 epistolis,

182 3639 322 3695 quae
340 3620 649 3695 adversus
672 3622 1051 3695 Eustathium
1075 3622 1311 3694 scriptae
1334 3625 1492 3679 sunt.
1508 3620 1680 3695 Q'uod
1699 3639 1800 3679 au-

182 3693 293 3767 tem
307 3693 644 3767 spectatjad
656 3694 804 3767 alios
815 3693 1145 3767 haereticos,
1150 3710 1187 3767 ῃ
1195 3693 1274 3750 en
1287 3694 1798 3767 accuratissimum

182 3764 629 3839 videt:ur,qu0d_
658 3764 741 3820 ait
772 3764 1018 3839 Basilius
1048 3766 1216 3820 nulla
1249 3765 1417 3839 apud
1434 3782 1537 3821 eos
1566 3772 1800 3824 exstare

180 3836 971 3909 reordina’tionisexempla.
987 3840 1137 3892 Nam
1149 3836 1542 3894 exsecrabiles
1552 3839 1793 3907 Ariani,

184 3916 249 3964 ut
270 3914 364 3964 est
400 3909 465 3963 in
491 3907 698 3964 libello
728 3907 978 3979 precum
1011 3909 1211 3964 Fausti
1243 3913 1302 3964 et
1329 3909 1665 3978 Marcellini,
1695 3912 1799 3965 Bi-

187 3980 408 4038 blioth.
438 3981 612 4036 Patr.
646 3984 688 4034 t.
710 3981 774 4045 V,
795 3995 855 4052 p.
888 3984 1014 4049 655,
1045 3982 1111 4035 in
1138 3980 1416 4048 partibus
1444 3981 1703 4037 Orientis
1741 3988 1795 4037 et

182 4052 458 4109 maxime
483 4051 770 4121 zEgypto
796 4051 921 4106 non
948 4053 1203 4118 fuerunt
1227 4052 1333 4108 hoc
1367 4054 1493 4108 solo
1510 4056 1793 4119 contenti,

188 4130 261 4179 ut
287 4124 575 4192 episcopi,
606 4123 902 4195 damnata
924 4124 1045 4191 ﬁde
1069 4124 1328 4195 integra,
1359 4126 1423 4195 in
1453 4139 1656 4180 eorum
1685 4129 1794 4179 im-

183 4196 358 4264 piam
383 4196 743 4250 sententiam
781 4194 1159 4267 declinarent
1188 4194 1211 4248 ἐ
1239 4195 1343 4251 sed
1365 4194 1466 4251 hos
1494 4202 1652 4264 ipsos
1693 4196 1799 4267 qui

181 4268 458 4337 primum
465 4267 842 4337 fuerantper
856 4265 1181 4322 catholicos
1192 4269 1493 4336 episcopo:
1504 4265 1794 4335 ordinati,

185 4338 296 4394 ubi
308 4353 427 4407 pro
457 4353 666 4394 eorum
695 4338 1004 4393 desideriis
1031 4338 1530 4406 subscripserunt,
1562 4341 1626 4394 in
1676 4340 1795 4396 lai-

193 4424 402 4465 corum
421 4424 741 4480 numerum
771 4409 1116 4480 exigebant,
1155 4415 1209 4465 et
1228 4415 1435 4479 postea
1453 4412 1669 4466 iterum
1700 4426 1796 4467 eos

195 4480 383 4535 iidem
414 4479 675 4538 haeretica
702 4479 1007 4551 episcopos
1048 4482 1437 4547 ordinabant,
1470 4487 1537 4536 ut
1566 4497 1687 4538 non
1710 4498 1798 4538 so-

200 4551 331 4606 lum
362 4551 533 4617 ﬁdem
561 4553 926 4609 catholicam
951 4553 1248 4609 damnare
1291 4554 1656 4620 viderentur,
1696 4555 1799 4610 sed

194 4621 639 4694 ordinationem
661 4625 896 4694 factam
912 4639 1024 4693 per
1042 4639 1342 4694 episcopos
1362 4624 1705 4681 catholicos.
1736 4630 1799 4680 In

194 4692 418 4769 eodem
430 4692 736 4768 libello,'p.
765 4699 869 4769 668
888 4692 947 4752 et
967 4692 1091 4769 659,
1106 4692 1281 4768 plebs
1298 4696 1624 4769 Oxyrinchi
1640 4712 1801 4754 com-

187 4765 555 4849 munionem
580 4765 869 4849 episcopi
891 4766 1007 4849 ‘sui
1034 4765 1357 4849 .eisecrata
1388 4765 1633 4849 :dicitur,
1656 4768 1802 4841 quia

179 4854 315 4922 non
344 4838 550 4922 solum
576 4838 762 4922 impie
810 4838 1277 4922 subspripserat,
1301 4839 1410 4895 sed
1444 4838 1733 4922 etiamnse
1764 4856 1802 4922 θ,
1836 4862 1878 4917 ι)

179 4909 684 4985 Georgiolaicum
700 4910 852 4978 ﬁeri,
867 4916 923 4967 et
936 4909 1149 4985 denuo
1156 4910 1514 4985 episcopum
1534 4910 1802 4985 ordinari

175 4998 416 5055 passus
428 4981 643 5057 fuerat.
658 4985 790 5038 Haec
807 4982 1154 5057 conﬁrmari
1172 4981 1433 5057 possunt
1455 4999 1530 5057 ex
1551 4983 1803 5057 epistola

186 5053 533 5127 Constantii
555 5053 638 5127 ad
663 5056 1103 5127 Auxumitanos
1132 5053 1455 5127 principes,
1482 5054 1543 5110 in
1563 5053 1687 5127 qua
1708 5054 1803 5126 ju-

186 5124 293 5181 bet
310 5125 706 5198 Constantius
721 5132 785 5182 ut
802 5124 1183 5198 Frumentitis
1202 5124 1550 5183 Aux’umeos
1571 5124 1802 5198 episco-

191 5210 307 5268 pus
334 5213 534 5270 quam
553 5196 821 5270 primum
848 5198 1118 5257 mittatur
1144 5197 1206 5253 in
1236 5201 1561 5270 [Egyptum
1590 5196 1671 5254 ad
1694 5198 1803 5254 ho-

187 5268 654 5345 noratissimum
677 5268 1369 5345 episcOpumGeorgium
1384 5268 1442 5345 et
1466 5270 1616 5325 alios
1630 5272 1804 5345 {Egy-

304 5341 662 5424 episcopps,
689 5340 915 5424 quibus
942 5341 1266 5424 ordinandi
1295 5345 1355 5424 et
1380 5341 1681 5424 ejusmodi
1706 5340 1802 5424 res

193 5356 662 5469 puﬁiscogps,
689 5356 915 5424 quibus
942 5356 1266 5397 ordinandi
1295 5356 1354 5397 et
1380 5356 1681 5412 ejusmoui
1706 5356 1802 5397 res

193 5412 283 5487 di]_
392 5428 509 5469 can
556 5417 966 5487 imagorinest
980 5417 1272 5487 potestas,
1304 5416 1355 5487 οἵ
1371 5420 1463 5465 τοῦ
1490 5420 1804 5487 χειροτονεῖν

198 5483 288 5535 καὶ
312 5489 508 5557 κρίνειν
530 5488 599 5539 τὰ
619 5483 844 5538 τοιαῦτα
867 5483 1041 5559 κύριοι
1068 5483 1259 5559 μᾶλλόν
1291 5483 1652 5559 εἰσινκᾹάᾶίι
1670 5500 1807 5559 pps-

202 5558 318 5622 tea,
346 5555 435 5611 καὶ
451 5562 864 5632 ’καταστήσεται
904 5555 1242 5632 παρξαύτῷν,
1271 5556 1315 5609 εἰ
1362 5555 1533 5632 μέλλοι
1570 5564 1643 5632 τῷ
1674 5555 1807 5609 ’ὄντι

199 5647 339 5681 κατα
353 5634 406 5683 τὸ
438 5627 653 5686 δίκαιον
686 5628 969 5689 ἐπίσκοπος
979 5625 1119 5681 ἐἶναι
1150 5626 1344 5698 δοκεῖν,
1362 5625 1431 5684 “εί
1449 5627 1526 5684 ab
1545 5625 1627 5684 eis
1643 5642 1810 5683 cons-

198 5701 472 5769 tituetur,
493 5705 549 5761 si
577 5715 761 5761 verus
792 5701 1101 5771 episcopus
1119 5702 1428 5772 juxtaque
1453 5701 1609 5770 leges
1647 5700 1809 5757 ordi-

2612 802 2909 873 Olympio.

2007 901 2056 951 t.
2116 893 2373 951 Idoneus
2417 896 2571 949 certe
2619 908 2823 948 rerum
2876 891 3267 964 inopinarum
3321 893 3586 964 auditus,

1930 990 1998 1043 ut
2032 985 2314 1043 tinnitum
2366 983 2430 1040 in
2473 983 2742 1057 utrisque
2772 982 3039 1040 hominis
3065 983 3315 1041 auribus
3344 984 3583 1043 efﬁciat.

1931 1076 2105 1143 Quod
2153 1079 2210 1131 et
2260 1073 2409 1130 mihi
2436 1089 2599 1131 nunc
2648 1072 2916 1143 contigit.
2960 1072 3080 1128 Etsi
3120 1073 3283 1129 enim
3319 1074 3586 1131 maxime

1922 1166 2056 1239 jam
2102 1164 2434 1222 exercitatis
2478 1163 2629 1221 meis
2673 1162 2923 1220 auribus
2966 1162 3316 1220 acciderunt
3359 1165 3585 1237 scripta

1924 1256 2049 1325 illa,
2080 1271 2215 1329 quas
2244 1254 2306 1310 in
2331 1269 2430 1310 me
2466 1251 2993 1316 circumferuntur,
3045 1256 3367 1325 propterea
3409 1251 3582 1326 quod

1925 1350 1984 1404 et
2004 1345 2174 1420 prius
2217 1360 2331 1415 ego
2373 1344 2504 1416 ipse
2533 1341 2851 1416 epistolam
2880 1341 3108 1414 accepi,
3138 1342 3288 1399 meis
3331 1342 3582 1417 quidem

1922 1435 2188 1511 peccatis
2217 1434 2490 1505 dignam,
2523 1431 2630 1489 sed
2658 1447 2847 1504 quam
2874 1430 2952 1487 ab
2994 1430 3067 1487 iis
3101 1446 3138 1488 a
3178 1431 3402 1505 quibus
3441 1431 3582 1489 scri-

1923 1531 2030 1601 pta
2049 1530 2161 1595 est,
2190 1538 2584 1596 nequaquam
2628 1524 3103 1594 exspectassem;
3139 1525 3345 1579 tamen
3377 1526 3575 1596 poste-

1922 1616 2085 1672 riora
2114 1619 2351 1673 tantum
2403 1612 2553 1668 mihi
2597 1611 2730 1668 visa
2770 1610 2999 1667 suntin
3051 1625 3116 1666 se
3163 1609 3389 1667 habere
3419 1626 3582 1667 acer-

1920 1705 2150 1774 bitatis,
2203 1708 2270 1761 ut
2321 1701 2717 1759 obscurarent
2760 1700 2984 1774 priora.
3047 1699 3366 1766 Quomodo
3421 1700 3584 1757 enim

1921 1810 2048 1852 non
2099 1793 2220 1851 fere
2272 1792 2349 1849 de
2423 1807 2576 1848 meae
2622 1790 2841 1847 mentis
2894 1794 3053 1847 statu
3093 1789 3362 1861 dejectus
3420 1806 3580 1861 sum,

1923 1901 2061 1942 cum
2107 1883 2168 1941 in
2228 1881 2546 1955 epistolam
2606 1880 2686 1937 ad
2739 1878 3265 1952 religiosissimum
3334 1878 3584 1937 fratrem

1924 1975 2209 2033 Dazinam
2242 1971 2530 2044 scriptam
2573 1969 3135 2039 incidi,innumeris
3178 1968 3580 2040 contumeliis,

1921 2062 2374 2135 intoleratisque
2403 2060 2466 2116 in
2506 2076 2604 2117 me
2634 2058 3125 2117 accusationibus
3149 2062 3206 2115 et
3250 2057 3582 2116 assultibus

1851 2136 1891 2191 Β
1920 2155 2224 2223 refertam,
2269 2150 2445 2225 quasi
2496 2149 2559 2206 in
2604 2148 2938 2205 deterrimis
2986 2152 3197 2205 contra
3250 2147 3580 2205 Ecclesiam

1923 2244 2190 2303 consiliis
2234 2240 2652 2316 deprehensus
2701 2243 2947 2295 essem?
2991 2238 3107 2295 Sed
3160 2242 3219 2295 et
3248 2239 3450 2296 statim
3489 2254 3581 2295 ar-

1922 2337 2230 2408 gumenta,
2282 2336 2348 2389 ut
2400 2346 2545 2387 vera
2591 2344 2725 2386 esse
2782 2328 3056 2400 conjecta
3101 2329 3165 2383 in
3217 2343 3331 2384 nos
3354 2327 3582 2402 probra

1920 2424 2290 2494 viderentur,
2344 2419 2625 2494 apposita
2672 2421 2813 2474 sunt
2865 2433 2940 2474 ex
2995 2416 3234 2490 scriptis
3286 2417 3493 2475 nescio
3542 2433 3581 2474 a

1921 2529 2046 2588 quo
2067 2511 2436 2585 compositis.
2466 2513 2546 2565 Ac
2570 2513 2806 2583 partem
2824 2507 3074 2582 quidem
3100 2506 3345 2578 agnovi,
3365 2507 3578 2578 fateor,

1923 2603 2002 2661 ab
2050 2600 2398 2677 Apolinario
2450 2598 2801 2657 Laodicensi
2848 2598 3133 2671 scriptam
3164 2613 3340 2669 esse;
3379 2613 3578 2670 neque

1920 2697 2126 2751 tamen
2167 2692 2284 2748 hoc
2332 2691 2539 2763 ipsum
2585 2688 2728 2745 data
2765 2703 2953 2760 opera
2996 2702 3273 2760 unquam
3296 2686 3437 2759 legi,
3469 2687 3579 2744 sed

1921 2799 1995 2840 ex
2022 2782 2153 2840 aliis
2208 2780 2415 2839 audivi
2461 2776 2872 2836 narrantibus.
2918 2776 3048 2834 Alia
3090 2793 3231 2833 vero
3282 2777 3578 2835 nonnulla

1914 2872 2113 2945 reperi
2157 2869 2438 2943 ascripta,
2488 2883 2625 2941 quas
2656 2882 2767 2923 nec
2811 2882 3086 2939 unquam
3126 2864 3266 2935 legi,
3313 2882 3427 2922 nec
3458 2865 3575 2922 alio

1915 2962 2206 3019 referente
2232 2958 2475 3027 audivi;
2523 2961 2706 3029 atque
2732 2956 2953 3013 horum
2996 2955 3166 3013 testis
3194 2959 3283 3011 est
3329 2955 3393 3011 in
3422 2954 3574 3013 coelo

1913 3051 2128 3108 ﬁdelis.
2153 3048 2469 3116 Quomodo
2497 3047 2695 3117 igitur,
2727 3046 2833 3119 qui
2860 3045 3251 3101 mendacium
3280 3060 3572 3101 aversan-

1914 3147 2029 3210 tur,
2066 3139 2244 3213 224
2295 3138 2402 3212 qui
2450 3136 2806 3194 charitatem
2853 3134 3368 3208 complementum
3423 3134 3573 3206 legis

1914 3248 2047 3288 esse
2077 3231 2437 3299 didicerunt,
2478 3227 2582 3301 qui
2611 3225 2902 3285 debilium
2926 3225 3304 3282 inﬁrmitates
3327 3230 3571 3298 portare

1913 3338 1976 3378 se
2032 3320 2411 3393 proﬁtentur,
2444 3316 2667 3374 adduci
2712 3315 3035 3389 potuerint,
3078 3318 3143 3371 ut
3187 3314 3282 3371 his
3330 3330 3444 3371 nos
3476 3330 3572 3372 ca-

1910 3409 2159 3469 lumniis
2208 3411 2580 3482 appeterent,
2615 3410 2673 3462 et
2721 3421 2792 3461 ex
2847 3403 3057 3460 alienis
3141 3404 3570 3477 scriptionibus

1911 3561 2090 3612 natus
2113 3554 2324 3610 haberi
2354 3550 2838 3618 velit,Athanas.,
2858 3549 3065 3619 Apol.,
3091 3563 3153 3620 p.
3179 3552 3303 3605 313.
3327 3547 3569 3605 Videtur

1907 3625 2024 3682 hoc
2064 3624 2295 3696 Georgii
2325 3623 2538 3696 scelus,
2560 3622 2728 3694 quod
2746 3637 2869 3696 sua
2898 3624 3110 3696 sponte
3141 3621 3567 3696 gravissimum

1907 3704 2055 3765 erat,
2086 3691 2460 3752 cum'multis
2484 3691 2615 3750 aliis
2644 3691 2966 3765 sceleribus
2982 3692 3160 3765 longe
3183 3691 3565 3765 gravioribus

1907 3762 2265 3841 adjunctum
2287 3771 2459 3834 esset,
2496 3766 2696 3841 minus
2737 3763 2975 3833 insigne
3002 3763 3316 3831 exstitisse,
3342 3778 3454 3818 nec
3485 3762 3565 3819 ad

1908 3837 2105 3897 Basilii
2133 3855 2309 3911 aures
2338 3837 2708 3911 pervenisse.

1977 3911 2093 3983 (ll)
2120 3903 2596 3983 ὈλυμπῖῳηΗοΡΙ.
2621 3912 2677 3963 et
2701 3905 2917 3983 Regius
2946 3904 3180 3983 primus
3208 3903 3472 3983 τῷαύτῷ.
3498 3908 3563 3983 In

1905 3975 2300 4039 Harlfautem
2322 3975 2528 4037 codice
2558 3975 3218 4051 praeceduntuepistoltn
3247 3976 3451 4048 plures
3482 3977 3563 4032 ad

1906 4054 2274 4126 Olympium.
2304 4054 2376 4126 At
2402 4052 2464 4107 in
2489 4047 2671 4126 Re‘gio
2696 4047 3255 4122 praecedit—epistola
3275 4053 3399 4116 325,
3422 4065 3561 4122 quae

1905 4123 2126 4197 scripta
2155 4125 2345 4180 estad
2376 4123 2843 4193 Magninianum.

1978 4191 2083 4268 (1‘2)
2124 4198 2446 4269 Ἀνθρώπου.
2473 4191 2638 4266 "Reg.
2686 4192 3016 4260 secundus,
3055 4191 3247 4264 Bigot.
3278 4195 3336 4247 et
3380 4191 3559 4251 Coisl.

1907 4267 2232 4342 senundus,
2249 4267 2556 4342 ἄνθρωπον.

1977 4340 2089 4415 (t3)
2132 4334 2462 4415 Προσξπέσεη
2491 4342 2582 4415 ita
2613 4335 2769 4415 Harl.
2814 4339 2874 4393 et
2920 4334 3094 4393 Coisl.
3144 4334 3376 4408 primus
3419 4350 3560 4391 eum

1906 4413 2040 4469 aliis
2068 4410 2392 4467 nonnullis.
2430 4410 2577 4483 Edili
2600 4413 2944 4483 προσέπεσον.

1980 4486 2093 4555 (14)
2136 4484 2383 4542 Δαζίναν.
2408 4482 2568 4555 Med.
2598 4478 2654 4537 et
2684 4480 2941 4555 Clarom.
2975 4478 3207 4555 Δεςῖναν,

1945 4560 2051 4629 (15)
2071 4548 2345 4629 impuros.
2363 4554 2474 4609 Sic.
2494 4557 2633 4629 Heg.
2651 4550 3211 4629 secundqs‘etCoisl.
3228 4548 3556 4629 secundus,

1908 4620 2090 4683 Paris.
2115 4620 2171 4682 et
2193 4620 2636 4683 Harl.secunda
2660 4639 2866 4680 manu.
2894 4622 3043 4694 Editi
3063 4626 3181 4694 περὶ
3198 4628 3309 4675 τοῦ.
3326 4620 3557 4694 Ibidem

1909 4698 2052 4771 editi
2107 4696 2522 4771 ΪΑπολλιναριου.
2555 4693 3060 4771 Aliter__scrihitur
3083 4693 3198 4747 hcc
3228 4707 3453 4771 nomen
3495 4693 3559 4748 in

1909 4769 2152 4843 optimis
2182 4763 2527 4843 quibusque
2565 4765 2898 4843 codicibus,
2930 4780 3085 4843 quos
3114 4763 3555 4843 secutisumus.

1980 4842 2094 4911 (16)
2125 4834 2446 4911 Τὸῖῥεῡδοςί
2464 4838 2751 4911 Praeclare
2775 4834 3146 4911 describitur
3160 4835 3448 4911 speciosa
3459 4834 3563 4891 illa

1908 4906 2102 4986 pellis,
2121 4906 2245 4986 qua
2275 4928 2337 4966 se
2360 4910 2550 4986 turpis
2579 4910 2901 4986 introrsum
2930 4906 3268 4961 Eustathius
3298 4908 3559 4986 tegebat.

1911 4979 2033 5040 Prae
2059 5000 2122 5039 se
2141 4979 2313 5039 enim
2353 4979 2581 5037 ferebat
2608 4979 2944 5035 maximum
2974 4993 3246 5035 amorem
3275 4979 3559 5044 veritatis,

1909 5059 1968 5112 et
1995 5055 2382 5112 mendacium
2406 5052 2502 5108 vel
2542 5052 2606 5107 in
2642 5050 2909 5107 minimis
2936 5050 3145 5120 rebus,
3177 5061 3243 5104 ut
3273 5049 3564 5105 horribile

1911 5128 2220 5199 quiddam,
2255 5124 2520 5199 aversari
2548 5123 2880 5199 videbatur,
2912 5121 3142 5199 nedum
3170 5121 3233 5176 in
3267 5120 3565 5199 gravissi-

1912 5192 2025 5254 mis
2054 5192 2213 5253 velle
2254 5195 2511 5252 mentiri.
2569 5196 2691 5250 Hoc
2721 5193 2775 5249 ei
2814 5194 3232 5249 testimonium
3260 5192 3466 5248 tribuit
3500 5192 3565 5245 in

1913 5271 2095 5344 epist.
2129 5272 2195 5323 99
2227 5267 2498 5344 Basilius,
2530 5266 2662 5344 qui,
2690 5266 2780 5344 his
2810 5265 3040 5344 artibus
3067 5266 3377 5344 deceptus,
3406 5268 3461 5344 et
3491 5277 3565 5317 ex

1911 5336 2037 5413 téta
2060 5340 2351 5396 Eustathii
2380 5339 2501 5413 vita
2520 5336 2942 5413 conjecturam
2968 5336 3565 5413 faciens_,_rperinique

1913 5412 1996 5468 illi
2024 5417 2233 5468 notam
2254 5409 2557 5467 mendacii
2579 5426 2615 5466 a
2639 5405 2946 5465 Theodoto
2968 5405 3378 5478 Nicopolit‘ano
3409 5405 3567 5478 inuri

1915 5483 2337 5540 contendebat.
2364 5482 2530 5539 Unde
2550 5482 2731 5537 etiam
2754 5473 3134 5535 Eustathiuni
3148 5478 3231 5531 sic
3248 5473 3570 5545 compellat

1916 5555 2259 5631 Basilius‘in
2298 5555 2470 5631 epist.
2495 5558 2661 5631 223)Δ
2694 5553 2742 5609 0
2784 5553 2879 5608 vir
2920 5547 3425 5631 amiceperitatis,
3466 5545 3571 5617 qui

1915 5628 2289 5684 mendacium
2324 5622 2552 5682 diaboli
2575 5626 2765 5694 fetum
2794 5636 2916 5680 esse
2943 5622 3229 5694 didicisti.

1990 5701 2012 5725 "
2049 5698 2212 5757 Alias
2234 5693 2609 5756 CCCLXXXII.
2641 5694 2871 5766 Scripta
2895 5706 3058 5749 anno
3087 5693 3214 5747 373.
