4078 6426
226 340 321 396 580
1199 341 1687 401 EPISTOLARUM
1722 339 2011 401 CLASSIS
2046 343 2113 400 ll.
2155 341 2372 402 EPIST.
2414 343 2678 402 CXXXIV.

3513 342 3621 400 570

226 459 622 534 πεπλανημένας
670 462 768 525 τὰς
824 468 1007 539 φήμας
1065 466 1322 543 εὕρισκον,
1397 475 1497 520 τῶν
1551 469 1642 541 μὶν
1673 465 1844 538 ἀπαγ-

1965 466 2213 536 riebam,
2249 467 2380 525 aliis
2412 473 2469 525 te
2510 466 2840 526 Samosatis
2870 466 3238 524 commorari
3292 467 3620 525 nuntianti-

225 551 505 624 γελλόντων
573 550 628 604 ἐν
682 557 1016 628 Σαμοσάτοις
1073 553 1109 610 δ
1113 556 1360 630 ιατρίϐειν
1430 576 1525 610 σου
1564 560 1660 616 τὴν
1691 555 1846 609 εὐλά-

228 640 389 709 ϐειαν,
444 650 550 694 τῶν
607 638 669 696 δέ
714 643 767 696 ἐν
806 653 872 719 τῇ
899 651 1074 722 χώρᾳ·
1102 645 1264 700 ἄλλων
1296 643 1356 701 δὲ
1380 651 1499 722 περὶ
1527 648 1623 708 τὰς
1650 644 1849 719 βάτνας

225 732 389 794 αὐτὰς
457 729 947 809 διαϐεϐαιουμένων
995 735 1292 812 ἑωρακέναι*
1326 734 1414 791 διό
1446 734 1570 791 οὐδὲ
1612 745 1849 810 συνεχῶς

224 821 530 880 ἐπέστειλα,
597 831 711 877 Νῦν
774 822 854 897 δε,
912 828 1090 900 μαθὼν
1137 829 1186 880 ἓν
1241 827 1544 901 Ἀντιοχείᾳ
1620 823 1846 900 διάγειν,

222 911 273 966 ἒν
316 921 384 986 τῇ
428 912 581 987 οἰκίᾳ
628 921 721 967 τοῦ
778 911 1202 988 αἰδεσιμωτάτου
1242 922 1546 992 Σατορνίνου
1600 923 1692 969 τοῦ
1765 919 1850 969 κό-

217 1021 415 1075 μητος,
482 999 664 1056 ἔδωκα
719 1007 817 1063 τὴν
865 1002 1141 1066 ἐπιστολὴν
1209 1009 1493 1082 προθύμως
1547 1014 1617 1077 τῷ
1674 1006 1849 1058 ποθει-

214 1094 431 1164 νοτάτῳ
493 1098 584 1146 καὶ
645 1092 1002 1168 εὐλαϐεστάτῳ
1059 1092 1264 1169 ἀδελφῷ
1330 1099 1705 1169 Σαγκτισσίμῳ
1777 1102 1850 1166 τῷ

224 1176 690 1252 συμπρεσϐυτέρῳ
718 1178 849 1251 (26),
885 1176 962 1233 δι’
1013 1180 1076 1234 οὗ
1103 1183 1544 1255 προσφθέγγομαί
1603 1199 1698 1233 σου
1754 1183 1849 1238 τὴν

229 1265 461 1339 ἀγάπην,
559 1267 901 1345 παρακαλῶν,
984 1271 1211 1347 ὅπουπερ
1286 1270 1346 1323 ἃν
1409 1267 1486 1344 ᾖς,
1550 1269 1851 1343 μεμνῆσθαι

228 1356 473 1429 μάλιστα
533 1358 630 1430 μὶν
680 1364 775 1410 τοῦ
829 1365 985 1428 Θεοῦ,
1034 1356 1147 1412 εἶτα
1183 1363 1274 1413 καὶ
1321 1361 1489 1433 ἡμῶν,
1521 1358 1610 1420 οὖς
1639 1355 1848 1429 ἀγαπᾷν

230 1443 292 1509 ἐξ
355 1444 527 1521 ἀρχῆς
587 1445 852 1521 προείλου,
907 1452 998 1502 καὶ
1063 1450 1205 1523 ἔχειν
1269 1447 1319 1503 ἓν
1376 1455 1486 1511 τοῖς
1516 1447 1850 1508 οἰκειοτάτοις

231 1533 675 1609 ἀριθμουμένους.

795 1650 1134 1701 ΕΠΙΣΤΟΛΗ
1174 1646 1315 1701 PAI"

1957 555 2095 621 bus.
2134 557 2264 613 aliis
2312 574 2471 627 rure,
2517 557 2650 614 aliis
2693 572 2837 614 vero
2884 561 2940 613 te
2980 556 3140 613 circa
3195 560 3413 614 Batnas
3451 558 3616 630 ipsas

1958 646 2155 703 visum
2186 663 2222 704 a
2251 663 2315 703 se
2334 662 2468 704 esse
2504 646 2948 704 afﬁrmantibus
2980 662 2994 702 :
3027 651 3401 720 quapropter
3449 646 3617 704 haud

1957 737 2168 794 crebro
2203 738 2438 810 scripsi.
2467 741 2634 794 Nunc
2664 742 2867 794 autem
2898 735 3079 793 simul
3105 740 3172 792 ut
3198 736 3380 794 didici
3419 740 3475 794 te
3503 740 3618 793 An-

1957 827 2192 885 tiochiae
2221 828 2449 885 versari
2474 828 2534 884 in
2559 827 2792 884 aedibus
2818 826 3225 884 colendissimi
3282 828 3459 901 225
3509 829 3615 885 Sa-

1959 918 2179 976 turnini
2211 919 2465 988 comitis,
2487 917 2627 975 dedi
2665 916 2984 992 epistolam
3015 916 3269 974 libenter
3306 916 3617 975 desidera-

1959 1008 2193 1066 tissimo
2241 1025 2311 1066 ac
2358 1007 2759 1079 religiossimo
2815 1006 2982 1063 fratri
3037 1006 3426 1064 Sanctissimo
3457 1022 3619 1063 com-

1959 1098 2311 1172 presbytero
2344 1114 2489 1171 :per
2520 1113 2705 1170 quem
2757 1095 2953 1153 saluto
2997 1096 3381 1153 dilectionem
3426 1099 3615 1166 tuam,

1960 1189 2288 1246 obsecrans
2319 1192 2385 1244 ut
2410 1186 2758 1260 ubicunque
2778 1185 2981 1255 fueris,
3009 1185 3070 1242 in
3099 1184 3312 1259 primis
3366 1185 3617 1258 quidem

1961 1277 2309 1334 memineris
2368 1277 2489 1346 Dei,
2538 1275 2758 1332 deinde
2807 1280 2865 1332 et
2890 1275 3101 1344 nostri,
3131 1290 3286 1348 quos
3325 1274 3406 1331 ab
3450 1274 3616 1331 initio

1961 1367 2206 1441 diligere
2236 1365 2494 1424 statuisti
2520 1368 2578 1423 et
2601 1364 2754 1421 inter
2786 1363 3051 1421 maxime
3095 1364 3469 1421 necessarios
3506 1379 3616 1421 nu-

1961 1472 2217 1514 merare.

2456 1634 2791 1693 EPISTOLA
2833 1636 3125 1691 CXXXIII".

212 1768 489 1826 Petrum
511 1769 749 1827 salutat
776 1776 832 1827 et
845 1769 1147 1839 hortatur,
1175 1778 1260 1846 ut,
1326 1770 1785 1830 uemadmodum
1806 1771 2165 1826 ceterarum
2187 1777 2406 1843 rerum,
2428 1765 2518 1817 δία
2539 1761 2717 1817 etiam
2738 1760 3071 1817 ΑίῘιαηαδίί
3088 1761 3150 1816 in
3169 1759 3465 1817 εεαθηθνίε
3487 1773 3617 1815 δασ-

328 1856 544 1898 cessor
570 1842 670 1902 sit.
699 1847 754 1899 et
779 1842 1192 1902 fraternitatis
1237 1788 1454 1902 ugiaue
1482 1844 1724 1902 diffusae
1741 1855 1951 1899 curam
1982 1836 2182 1894 eodem
2206 1833 2509 1898 studzo,ac
2526 1833 2898 1889 beatissimus
2918 1832 3026 1889 ille
3055 1832 3169 1901 vir,
3198 1830 3506 1902 suscipiat.

328 1856 544 1898 cessor
570 1842 670 1910 sit,
699 1847 754 1899 et
778 1842 1192 1913 fraternitatis
1237 1842 1275 1900 ιι

568 1966 770 2038 Πέτρῳ,
804 1964 1074 2039 ίπισκόπῳ
1114 1963 1523 2041 Ἀλεξανδρείας.

296 2059 402 2114 Τῆς
478 2057 576 2125 μέν
664 2063 974 2128 σωματικῆς
1062 2054 1231 2129 φιλίας
1290 2055 1550 2131 ὀφθαλμοὶ
1612 2053 1851 2131 πρόξενοι

216 2146 488 2214 γίνονται,
539 2147 638 2196 καὶ
693 2144 724 2202 ἡ
789 2140 887 2197 διὰ
912 2152 1117 2220 μακροῦ
1148 2149 1348 2221 χρόνου
1388 2144 1689 2219 ἐγγίνομένη
1726 2164 1850 2197 συν-

224 2232 385 2289 ἠθεια
401 2229 644 2305 βεϐαιοῖ·
674 2235 771 2291 τὴν
830 2228 891 2285 δ⁴ε
943 2231 1192 2293 ἀληθινὴν
1233 2232 1442 2307 ἀγάπην
1508 2235 1539 2294 ἡ
1573 2240 1664 2287 τοῦ
1696 2234 1851 2286 Πνεῦ-

217 2340 392 2393 ματος
448 2317 634 2397 δωρεά
701 2325 1010 2390 συνίστησι,
1062 2325 1406 2378 συνάπτουσα
1451 2325 1544 2397 μὶν
1572 2324 1640 2376 τὰ
1667 2329 1851 2398 μακρῷ

213 2405 502 2471 διεστῶτα
565 2414 732 2483 τόπῳ,
796 2412 1135 2487 γνωρίζουσα
1191 2408 1251 2466 δε
1302 2412 1538 2475 ἀλλήλοις
1565 2416 1686 2475 τοὺς
1713 2411 1850 2484 ἀγα-

212 2503 455 2566 πητῶς,
512 2499 575 2553 οὗ
632 2497 727 2553 διὰ
784 2509 1098 2575 σωματικῶν
1150 2507 1529 2580 χαρακτήρων,
1588 2501 1717 2555 ἀλλά
1757 2497 1852 2554 διὰ

226 2598 339 2641 τῶν
396 2598 499 2653 τῆς
548 2588 738 2664 ψυχῆς
776 2591 889 2664 (27)
924 2587 1246 2666 ἰδιωμάτων.
1277 2591 1343 2646 ⁸0
1375 2590 1443 2653 δὴ
1471 2596 1562 2646 καὶ
1597 2591 1672 2665 ἐφ’
1703 2592 1849 2664 ἡμῶν

229 2678 266 2736 ἡ
313 2686 413 2731 τοῦ
438 2683 633 2754 Κυρίου
661 2680 830 2755 χάρις
860 2678 1095 2748 ἕποίησε,
1133 2686 1519 2757 παρασχομένη
1556 2684 1691 2755 ἡμᾶς
1720 2677 1848 2734 ἰδεῖν

236 2785 305 2820 σε
328 2775 448 2830 τοῖς
474 2776 564 2831 τῆς
589 2768 778 2842 ψυχῆς
817 2769 1123 2845 ὀφθαλμοῖς,
1172 2776 1263 2826 καὶ
1317 2772 1741 2849 περιπτύξασθαί
1793 2789 1851 2824 σε

231 2864 307 2930 τῇ
354 2855 538 2931 ἀγάπη
569 2867 621 2932 τῇ
653 2858 900 2933 ἀληθινῇ,
933 2865 1019 2915 καὶ
1075 2863 1233 2915 οἱονεὶ
1265 2866 1570 2936 συμφυῆναί
1609 2882 1717 2931 σοι,
1760 2863 1851 2913 καὶ

232 2949 381 3021 πρός
605 2946 769 3002 ἐλθεῖν
826 2950 1010 3003 ἕνωσίν
1068 2948 1124 3004 ἐκ
1182 2958 1279 3013 τῆς
1327 2954 1464 3005 κατὰ
1523 2955 1619 3011 τὴν
1671 2954 1850 3004 πίστιν

222 3040 534 3099 κοινωνίας.
595 3040 932 3113 Πεπείσμεθα
1006 3041 1110 3115 γὰρ
1173 3059 1232 3095 σε
1320 3037 1512 3117 ἀνδρὸς
1594 3042 1849 3094 τοσούτου

216 3127 445 3200 θρέιιμα
499 3127 836 3201 ὑπάρχοντα,
885 3131 977 3181 καὶ
1027 3133 1122 3189 τὴν
1172 3126 1229 3182 ἐκ
1279 3128 1506 3183 παλαιοῦ
1571 3125 1851 3204 διατριϐὴν

205 3215 345 3288 μετ’
372 3215 546 3269 αὐτοῦ
598 3216 860 3289 λαχόντα,
909 3224 984 3289 τῷ
1042 3217 1184 3291 αὐτῷ
1229 3220 1547 3295 πορεύεσθαι
1575 3221 1847 3292 πνεύματι,

198 3309 312 3358 καὶ
352 3312 472 3367 τοῖς
499 3304 681 3369 αὐτοῖς
713 3313 953 3380 στοιχεῖν
982 3315 1079 3369 τῆς
1124 3306 1391 3371 εὐσεϐείας
1442 3305 1700 3382 δόγμασι.
1760 3311 1849 3362 Διό

199 3400 313 3448 κοιὶ
361 3397 849 3470 προσφθεγγόμεθά
893 3416 989 3450 σου
1034 3401 1129 3457 τὴν
1184 3401 1488 3472 τιμιότητα,
1539 3402 1630 3451 καὶ
1680 3417 1851 3472 παρα-

201 3485 489 3559 καλοῦμεν
547 3488 683 3559 μετὰ
736 3494 837 3539 τῶν
892 3485 1056 3539 ἄλλων
1111 3491 1203 3541 καὶ
1253 3491 1345 3547 τήν
1390 3491 1511 3564 περὶ
1554 3488 1696 3560 ἡμᾶς
1722 3483 1850 3540 διά-

208 3576 371 3629 θεσιν
430 3582 530 3628 τοῦ
583 3574 814 3648 μεγάλου
877 3573 1070 3652 ἀνδρὸς
1118 3573 1494 3642 διαδέξασθαι’
1537 3575 1849 3630 ἕπιστέλλειν

207 3683 273 3718 τε
306 3666 443 3738 ἡμῖν
500 3666 745 3727 συνήθως
796 3667 863 3719 τὰ
917 3668 1055 3720 κατὰ
1111 3670 1326 3736 σαυτόν,
1375 3670 1464 3720 καὶ
1493 3665 1850 3741 ἐπιμελεῖσθαι

206 3763 317 3816 τῆς
364 3762 659 3828 πανταχοῦ
725 3751 1075 3829 ἀδελφότητος
1115 3763 1223 3821 τοῖς
1281 3757 1461 3821 αὐτοῖς
1519 3756 1850 3830 σπλάγχνοις

1318 1846 1454 1917 ique
1482 1844 1724 1915 diﬂ’usw
1741 1855 1951 1899 curam
1982 1836 2182 1894 eodem
2206 1833 2509 1898 studio,ac
2526 1833 2898 1889 beatissimus
2918 1832 3026 1889 ille
3055 1832 3169 1901 vir,
3198 1830 3506 1902 suscipiat.

2318 1958 2522 2029 Petro,
2556 1958 2829 2028 episcopo
2867 1957 3282 2014 Alexandriae.

2035 2046 2313 2120 Corporis
2365 2045 2614 2120 quidem
2673 2045 2949 2103 amicitiae
3003 2044 3421 2103 conciliatores
3481 2047 3624 2101 sunt

1961 2136 2141 2207 oculi,
2173 2150 2432 2208 eamque
2462 2134 2749 2191 diuturna
2764 2130 3621 2191 consuetudoconﬁrmat.Sed

1960 2250 2167 2292 veram
2200 2233 2559 2291 charitatem
2588 2232 2823 2289 donum
2856 2231 3109 2305 Spiritus
3134 2230 3460 2301 constituit,
3482 2244 3622 2286 con-

1955 2324 2220 2398 jungens
2238 2322 2421 2395 longo
2447 2322 2736 2380 distantia
2755 2321 3031 2378 locorum
3045 2320 3456 2392 intervallo,ac
3472 2318 3621 2376 ami-

1960 2412 2045 2468 cis
2089 2415 2385 2485 praastans
2434 2415 2500 2467 ut
2553 2426 2683 2467 sese
2731 2409 2991 2467 invicem
3050 2413 3444 2480 cognoscant,
3493 2422 3619 2464 non

1960 2501 2266 2574 corporeis
2294 2499 2471 2571 notis,
2502 2500 2609 2556 sed
2646 2500 2867 2557 animae
2896 2498 3389 2573 proprietatibus.
3441 2495 3619 2563 Quod

1957 2590 2162 2662 ipsum
2191 2593 2249 2647 et
2275 2589 2337 2646 in
2366 2589 2545 2646 nobis
2572 2589 2808 2645 Domini
2837 2589 3031 2660 gratia
3062 2587 3329 2662 perfecit,
3352 2586 3619 2658 largiens

1960 2685 2026 2737 ut
2054 2684 2110 2737 te
2133 2679 2476 2737 videremus
2531 2678 2722 2736 animi
2760 2679 2967 2750 oculis,
3002 2684 3182 2751 teque
3231 2676 3619 2749 amplectere-

1959 2785 2095 2826 mur
2113 2785 2258 2827 vera
2284 2767 2623 2832 dilectione,
2652 2783 2723 2825 ac
2747 2767 2931 2824 veluti
2988 2768 3434 2824 cohiereremus
3488 2765 3619 2835 tibi,

1960 2863 2019 2916 et
2041 2857 2104 2915 in
2129 2873 2317 2914 unam
2344 2857 2692 2915 veniremus
2721 2857 3011 2914 unionem
3058 2872 3132 2913 ex
3173 2855 3318 2913 ﬁdei
3343 2871 3621 2912 commu-

1958 2947 2159 3005 nione.
2210 2946 2393 3005 Nobis
2444 2947 2605 3003 enim
2655 2951 2745 3004 est
2789 2962 3153 3020 persuasum
3207 2949 3283 3013 te,
3332 2944 3446 3001 viri
3485 2942 3622 3001 talis

1960 3038 2301 3109 alumnum,
2327 3043 2384 3095 et
2401 3037 2588 3109 longa
2613 3037 2771 3094 illius
2799 3036 3238 3094 consuetudine
3294 3050 3498 3103 usum,
3526 3049 3623 3090 eo-

1960 3125 2102 3185 dem
2128 3127 2406 3185 incedere
2436 3127 2648 3200 spiritu
2676 3126 3015 3201 eademque
3065 3125 3302 3200 pietatis
3332 3124 3625 3196 dogmata

1962 3217 2152 3292 sequi.
2186 3219 2564 3291 Quapropter
2578 3222 2636 3274 et
2666 3221 2836 3274 tuam
2857 3216 3054 3273 saluto
3074 3212 3624 3289 praestantiam,ob-

1960 3311 2264 3381 testorque
2291 3311 2356 3364 ut
2383 3323 2519 3364 cum
2549 3306 2779 3364 caeteris
2801 3305 2983 3363 rebus
3008 3306 3186 3363 etiam
3227 3304 3435 3376 magni
3464 3301 3623 3359 illius

1958 3397 2067 3454 viri
2094 3397 2158 3453 in
2187 3413 2298 3454 nos
2318 3411 2593 3454 amorem
2622 3396 2907 3470 excipias,
2932 3395 3203 3468 mihique
3225 3410 3387 3467 saepe
3407 3393 3483 3450 de
3504 3391 3622 3449 tuis

1959 3487 2142 3546 rebus
2199 3488 2448 3556 scribas,
2503 3493 2561 3546 et
2614 3503 2824 3545 curam
2886 3486 3182 3559 suscipias
3233 3482 3620 3543 fraternitatis

1961 3578 2190 3653 ubique
2218 3578 2471 3646 diffusae,
2495 3577 2826 3635 visceribus
2848 3577 3064 3634 iisdem
3086 3592 3158 3634 ac
3181 3574 3382 3633 studio
3407 3573 3618 3631 eodem

1960 3683 2084 3742 quo
2140 3671 2197 3726 et
2236 3667 2623 3725 beatissimus
2681 3666 2778 3724 ille
2815 3666 2907 3724 vir
2934 3666 2996 3724 in
3026 3681 3263 3735 omnes,
3291 3664 3399 3738 qui
3427 3667 3615 3720 Deum

1958 3757 2020 3814 in
2049 3757 2301 3816 veritate
2329 3756 2608 3827 diligunt,
2640 3772 2790 3813 usus
2819 3760 2929 3813 est.

205 3851 314 3899 καὶ
366 3853 440 3918 τῇ
493 3844 630 3919 αὖτῇ
686 3847 958 3921 προθυμίᾳ
1013 3848 1151 3922 (28),
1210 3848 1243 3922 ᾖ
1289 3848 1429 3903 καὶὸ
1452 3852 1852 3925 μακαριώτατος
1903 3844 2089 3908 ἰκτῖνος
2145 3850 2266 3921 περὶ
2311 3847 2505 3907 πάντας
2555 3844 2752 3918 ἐχρῆτο
2809 3847 2929 3906 τοὺς
2987 3842 3298 3917 ἀγαπῶντας
3353 3844 3443 3895 τόν
3493 3843 3616 3896 Θεὸν

212 3932 270 3986 ἰν
312 3933 417 3993 ἄλη
426 3935 568 4008 θείᾳ.

777 4028 1114 4080 ΕΠΙΣΤΟΚΗ
1151 4024 1314 4085 ΡΛΔ’.

2442 4025 2780 4083 EPISTOLA
2822 4023 3133 4082 CXXXIV".

228 4131 486 4189 Gratias
495 4132 626 4204 agit
639 4132 1344 4206 quodnuperscripserit.
1357 4134 1660 4192 Hortatur
1670 4139 1734 4191 ut
1744 4134 1962 4204 smptus
1971 4132 2219 4190 scribat.
2233 4128 2423 4204 Negat
2436 4146 2497 4189 se
2506 4131 2739 4203 copiam
2761 4130 2981 4188 habere
2997 4129 3243 4188 librarii
3251 4135 3358 4187 aut
3370 4127 3616 4187 notarii.

744 4244 972 4313 Παιονίῲ
992 4239 1348 4319 πρεσϐυτέρῳ,

296 4325 470 4383 Ὀσον
529 4332 796 4405 ηὔφρανας
843 4331 985 4405 ἡμᾶς
1038 4338 1151 4396 τοῖς
1224 4332 1555 4407 γράμμασιν,
1627 4331 1855 4395 εἰκάζεις

238 4433 339 4470 που
381 4420 594 4482 πάντως
653 4418 832 4484 αὐτοῖς
870 4421 945 4482 οἷς
999 4419 1318 4485 ἆπέστειλας·
1378 4421 1516 4475 οὕτω
1566 4424 1626 4475 τὸ
1692 4423 1855 4476 καθα-

236 4509 335 4582 ρὸν
361 4505 721 4583 τῆςκαρδίας,
756 4508 844 4583 ἀφ’
873 4510 938 4573 ἧς
1000 4509 1255 4586 προῆλθεν
1316 4509 1484 4566 ἐκεῖνα
1528 4514 1596 4566 τὰ
1640 4511 1858 4588 ῥήματα

240 4594 479 4671 ἀκριϐῶς
524 4596 578 4651 ἔκ
627 4607 729 4653 τῶν
766 4601 1091 4676 γραμμάτων
1146 4603 1516 4676 κατεμηνύετο.
1596 4605 1699 4655 Καὶ
1752 4602 1854 4678 γὰρ

240 4684 405 4748 ὁλκὸς
454 4688 566 4760 (29)
609 4691 701 4763 μὶν
757 4686 955 4754 ὕδατος
1013 4686 1253 4745 δείκνυσι
1304 4694 1399 4753 τὴν
1434 4690 1630 4745 οἰκέίαν
1655 4694 1853 4764 πηγὴν,

236 4775 403 4850 λόγου
434 4773 495 4831 δέ
526 4781 680 4851 φύσις
706 4783 802 4840 τὴν
832 4788 1245 4857 προενεγκοῡσαν
1275 4781 1432 4836 αὐτόν
1476 4778 1703 4858 καρδίαν
1745 4799 1854 4855 χα-

2462 4240 2708 4299 Paeonio
2744 4239 3116 4312 presbytero.

2035 4334 2416 4405 Quantopere
2445 4347 2544 4389 me
2570 4330 2783 4389 litteris
2814 4330 3232 4400 oblectaveris,
3255 4329 3524 4404 profecto
3546 4340 3621 4385 ex

1960 4421 2034 4479 iis
2075 4433 2214 4496 quae
2265 4420 2556 4495 scripsisti
2598 4421 3010 4494 conjecturam
3031 4419 3362 4477 facis:adeo
3389 4418 3620 4493 puritas

1962 4511 2182 4583 cordis,
2246 4527 2320 4568 ex
2372 4526 2497 4585 quo
2543 4511 2730 4569 verba
2780 4509 2883 4569 illa
2934 4510 3294 4584 proﬂuxere,
3338 4511 3619 4566 accurate

1963 4617 2037 4659 ex
2082 4600 2290 4658 litteris
2340 4599 2842 4675 perspiciebatur.
2876 4603 3025 4658 Nam
3059 4614 3359 4673 aquarum
3386 4596 3618 4653 rivulus

1962 4690 2191 4748 fontem
2231 4706 2411 4747 suum
2441 4689 2692 4747 indicat:
2711 4688 3009 4747 sermonis
3040 4693 3246 4745 autem
3274 4690 3495 4745 natura
3517 4700 3619 4759 pe-

1963 4784 2112 4853 ctus,
2138 4779 2301 4837 unde
2331 4778 2660 4852 emanavit,
2700 4778 2972 4852 depingit
2992 4793 3063 4834 ac
3092 4775 3390 4848 designat.
3425 4776 3620 4843 Quare

225 4867 580 4945 ρακτηρίζει.
643 4867 806 4924 Ὦστι
856 4871 1049 4925 ἄτοπόν
1092 4890 1147 4926 τε
1197 4876 1288 4927 καὶ
1348 4870 1477 4927 πολὺ
1534 4879 1627 4926 τοῦ
1657 4871 1850 4935 εἰκότος

1965 4869 2302 4928 absurdum
2332 4869 2626 4944 quiddam
2649 4872 2707 4926 et
2736 4883 2773 4925 a
2801 4866 3107 4925 verisimili
3136 4866 3319 4938 longe
3354 4864 3622 4923 alienum

226 4956 678 5034 παρηλλαγμένον
727 4961 1034 5014 πεπονθόθαι
1085 4959 1342 5035 ὀμολόγῷ.
1404 4958 1725 5023 Σπουδάζων
1753 4965 1852 5038 γὰρ

231 5046 317 5100 ἆεί
398 5049 717 5123 γράμμασιν
810 5046 1144 5123 ἐντυγχάνειν
1210 5059 1308 5114 τῆς
1368 5050 1687 5115 τελειότητός
1734 5070 1852 5123 σου,

238 5132 425 5195 ἐπειδὴ
472 5135 659 5190 ἔλαϐον
724 5137 796 5200 εἰς
852 5146 1042 5215 χεῖρας
1100 5143 1195 5200 τὴν
1242 5140 1543 5213 ἐπιστολὴν,
1610 5144 1701 5194 καὶ
1765 5139 1854 5194 ἂν·

446 5333 458 5344 _
483 5260 967 5345 Συμπρεεϐυτιέρῳἒ
978 5337 989 5345 _
1015 5264 1165 5345 ῌρἱἰ
1216 5264 1453 5325 addunt
1479 5267 1648 5341 ἡμῶν,
1684 5268 1854 5342 quod

236 5332 419 5391 deest
441 5333 508 5390 in
541 5332 830 5392 omnibus
857 5332 1168 5394 codicibus
1198 5353 1348 5395 mss.

313 5405 590 5488 ςὲξῖλξῑῆβ
645 5404 851 5488 ψυχῆςἶ
893 5408 999 5488 ‘Sic
1060 5408 1269 5488 Coisl._
1299 5409 1533 5488 primus
1592 5414 1649 5470 et
1698 5410 1851 5469 Med.

242 5475 764 5564 Fuig‘rsiepaﬁé,‘
785 5481 1027 5564 virtutis
1039 5475 1546 5564 proprietatibus.

317 5549 429 5632 (ᾖε)
508 5549 812 5632 Προθχμίᾳ.
854 5552 973 5632 “Ita
1036 5549 1223 5609 iidein
1253 5552 1409 5632 _d_uo_
1464 5553 1854 5632 vetustissimi

247 5618 503 5702 codices,
538 5618 731 5702 multo
760 5618 969 5702 melius
996 5639 1199 5702 quam‘
1213 5624 1315 5702 alii
1358 5628 1417 5702 et
1465 5626 1608 5702 editi
1647 5646 1854 5702 προμη-

245 5690 380 5767 θείᾳ,
399 5690 542 5769 qu'ae
560 5697 768 5753 tamen
780 5690 1390 5769 scriptui'alegiturad
1401 5690 1739 5771 marginem
1751 5690 1851 5756 co-

1962 4959 2113 5016 mihi
2131 4957 2321 5016 fateor
2343 4958 2638 5017 evenisse.
2667 4960 2815 5016 Cum
2844 4956 3008 5015 enim
3033 4961 3173 5014 tuas
3200 4970 3440 5030 semper
3475 4954 3625 5012 litte-

1961 5064 2063 5108 ras
2093 5049 2291 5123 legere
2314 5062 2733 5123 percuperem,
2775 5046 2879 5104 ubi
2920 5045 3239 5121 epistolam
3283 5045 3346 5103 in
3402 5058 3625 5103 manus

1962 5140 2218 5214 sumpsi,
2248 5155 2319 5197 ac
2354 5139 2492 5210 legi,
2523 5139 2598 5195 iis
2629 5155 2767 5213 quae
2820 5138 3048 5212 scripta
3076 5141 3250 5196 erant
3298 5152 3426 5194 non
3484 5148 3623 5193 sum

1962 5266 2112 5324 dicis
2136 5264 2506 5324 Coisliniani.

2033 5341 2150 5411 (29)
2187 5337 2422 5414 _'0_ixo';.
2483 5340 2668 5414 _Ante_
2705 5337 2868 5414 hanc
2920 5351 3150 5414 vocem_
3188 5334 3331 5414 editi
3395 5331 3624 5414 habent

1961 5402 2072 5493 ειαὶ,
2102 5402 2211 5493 sed
2240 5408 2416 5467 abest
2443 5409 2521 5467 ab
2546 5408 2990 5485 antiquissimis
3018 5406 3325 5467 codicibus
3356 5408 3413 5461 et
3440 5402 3622 5476 pluri-

1958 5481 2078 5539 bus
2101 5481 2258 5541 aliis.
2692 5481 2716 5485 “

2032 5554 2056 5576 *
2074 5553 2234 5627 Alias
2266 5553 2503 5612 CCCXX.
2530 5553 2773 5627 Scripta
2803 5568 2964 5611 anno
2991 5554 3116 5609 373.

2032 5627 2077 5649 **
2107 5625 2267 5684 Alias
2290 5626 2556 5685 CCCXLI.
2588 5625 2824 5699 Scripta
2847 5639 3012 5682 anno
3051 5625 3177 5679 373.
