4078 6436
571 328 674 385 571

1950 323 2010 382 S.
2049 317 2306 382 BASILII
2344 321 2564 382 MAGNI
3793 334 3870 391 312

570 450 904 509 delectatus
933 451 1150 523 magis,
1173 467 1361 526 quam
1387 453 1573 522 dolui,
1607 454 1912 526 jacturam
1957 449 2228 509 conside-

2341 451 2498 521 ἐγνων
2525 447 2708 515 αὐτὴν,
2743 447 2850 522 οὐχ
2901 449 3072 508 ἣσθην
3137 447 3335 522 μᾶλλον
3372 453 3476 510 τοῖς
3523 448 3870 528 ἐπεσταλμένοις,
3915 505 3922 508 .

568 557 736 606 rans,
767 546 1000 614 quanta
1021 542 1196 599 nobis
1247 560 1356 617 per
1394 545 1608 601 silentii
1655 549 1894 616 tempus
1940 539 2222 598 evenerit.

576 631 690 688 Sed
719 631 865 704 quia
898 633 1157 689 scribere
1184 634 1439 706 coepisti,
1471 635 1587 691 hoc
1607 633 1803 690 facere
1833 648 1908 688 ne
1937 629 2226 687 intermit-

572 725 666 779 tas
685 738 856 784 :nam
871 724 1066 794 magis
1091 724 1440 796 delectabis,
1469 741 1658 798 quam
1684 724 1790 798 qui
1814 722 2035 780 multas
2049 736 2226 792 pecu-

573 811 706 869 nias
735 812 934 869 avaris
956 813 1216 870 mittunt.
1252 814 1515 886 Scriptor
1544 819 1744 872 autem
1798 811 2001 869 nullus
2047 810 2225 881 226

574 900 724 958 mihi
762 901 992 968 aderat,
1033 918 1231 975 neque
1261 903 1430 959 exiis
1463 904 1568 976 qui
1593 903 1895 972 eleganter
1935 899 2225 966 scribunt,

575 1005 773 1062 neque
801 1007 868 1048 ex
903 991 976 1047 iis
999 993 1104 1061 qui
1135 992 1431 1049 velociter.
1463 996 1604 1050 Nan
1635 1009 1791 1065 quos
1815 1004 2223 1058 exercueram,

573 1079 792 1136 horum
823 1080 922 1138 alii
951 1081 1026 1137 ad
1057 1082 1376 1154 pristinum
1404 1083 1540 1140 vitae
1572 1098 1765 1153 genus
1795 1080 2062 1148 rediere;
2097 1077 2228 1134 aliis

575 1184 711 1225 vero
733 1169 1032 1228 diuturnis
1061 1171 1290 1230 morbis
1321 1172 1591 1230 afﬂictati
1617 1173 1861 1231 labores
1899 1171 2052 1228 ferre
2105 1183 2229 1225 non

573 1263 848 1330 possunt.

1077 1443 1410 1500 EPISTOLA
1460 1443 1731 1499 CXXXV".

2333 539 2362 598 ἦ
2418 539 2659 606 ἠνιάθην,
2720 543 2808 598 τὴν
2856 539 3077 611 ζημίαν,
3129 538 3303 597 ὁπόση
3352 543 3552 612 γέγονεν
3605 543 3717 614 ἡμῖν
3772 551 3874 600 κατά

2331 631 2419 680 τόν
2451 637 2543 690 τὶς
2572 637 2778 690 σιωπῆς
2816 633 3032 702 χρόνον,
3077 623 3526 701 διαλογιζόμενος.
3574 630 3697 684 Ἀλλ’
3734 633 3871 694 ἐπιιδή

2335 717 2476 792 ἤρξω
2505 721 2742 792 γράφειν,
2783 723 2854 791 μὴ
2880 714 2914 770 δ
2921 717 3124 790 ιαλίπῃς
3153 721 3266 779 (30)
3318 725 3472 772 τοῦτο
3506 728 3678 775 ποιῶν.
3720 723 3875 798 Εὐφρα-

2333 815 2429 868 νεῖς
2475 811 2577 883 γὰρ
2637 808 2786 862 πλέον
2839 809 2869 868 ἦ
2930 810 2979 860 οἱ
3044 811 3110 861 τὰ
3140 807 3308 862 πολλὰ
3349 813 3598 884 χρήματα
3640 819 3738 873 τοῖς
3774 814 3875 885 φιλο-

2333 897 2573 958 πλούτοις
2656 895 3088 971 διαπεμπόμενοι·
3170 904 3285 951 Τῶν
3353 894 3412 951 δι
3475 903 3695 972 γραφέων
3745 899 3876 964 οὐδεὶς

2335 991 2426 1060 μοί
2491 997 2686 1062 παρῆν,
2751 991 2869 1041 οὔτε
2936 997 3034 1042 τῶν
3096 987 3586 1062 καλλιγράιρούντων
3639 993 3744 1043 οὔτε
3804 1001 3875 1044 τῶν

2335 1079 2719 1151 ταχυγράφων.
2776 1077 2882 1140 Οὓς
2930 1081 3034 1151 γὰρ
3109 1079 3303 1149 ἔτυχον
3366 1077 3673 1145 ἆξασκὴσας,
3733 1082 3775 1132 οἱ
3815 1085 3878 1153 μιν

2338 1164 2629 1242 ἀνέδραμον
2688 1166 2771 1221 ἐπὶ
2825 1171 2916 1227 τὴν
2961 1173 3169 1241 πρωτην
3225 1175 3320 1220 τοῦ
3367 1165 3492 1240 βίου
3547 1169 3811 1237 συνήθειαν,
3847 1172 3878 1223 οἱ

2339 1255 2398 1311 δε
2463 1255 2783 1333 ἀπειρήκασι
2834 1261 2964 1332 πρὸς
3027 1262 3151 1320 τοὺς
3200 1261 3418 1324 πόνους,
3480 1262 3706 1333 χρονίαις
3761 1257 3880 1332 ὰῤῥω-

2340 1350 2516 1409 στίαις
2540 1351 2906 1421 κεκακωμένοι.

2878 1442 3216 1490 ΕΠΙΣΤΟΛΗ
3249 1437 3414 1493 ΡΛΕ.

577 1545 850 1623 Basilius
899 1550 1160 1620 ingenue
1192 1554 1438 1622 exponit
1472 1552 1616 1623 quid
1645 1551 1718 1606 de
1741 1548 1971 1623 duobus
2015 1547 2182 1623 libris
2209 1561 2244 1602 a
2275 1545 2535 1623 Diodoro
2557 1546 2896 1623 compositis
2917 1549 3219 1615 sentiat,et
3251 1546 3326 1602 de
3350 1547 3605 1623 dialogis
3619 1545 3882 1623 scribendis

658 1621 852 1675 multa
869 1619 1156 1690 peracute
1175 1619 1711 1692 observathperat
1742 1622 2069 1676 Diodorum
2087 1620 2266 1690 plura
2293 1619 2817 1692 scripturumzipse
2832 1633 2968 1692 vero
2996 1623 3235 1692 tantum
3276 1633 3348 1692 se
3380 1634 3418 1676 a
3438 1619 3732 1692 scribendo
3744 1634 3884 1692 quan-

653 1702 777 1749 tum
801 1708 838 1748 a
868 1689 1205 1750 beletudine
1225 1702 1280 1751 et
1307 1698 1426 1750 otio
1448 1689 1740 1751 reinotu-m
1763 1709 1883 1750 esse
1911 1689 2382 1748 dicitiPrimum
2405 1689 2622 1745 librum
2641 1690 2892 1746 remittit
2916 1706 2929 1757 ;
2949 1691 3211 1746 alterum
3230 1691 3472 1762 retinet,
3508 1691 3696 1746 volens
3718 1690 3883 1746 descri-

654 1767 804 1836 bere,
839 1780 948 1822 nec
968 1768 1200 1834 copiam
1228 1767 1450 1823 habens
1472 1766 1888 1837 tachygraphi.

893 1874 1177 1943 Diodoro,
1200 1875 1542 1931 Antiochiae
1565 1873 1937 1944 presbytero.

652 1964 703 2018 1.
774 1963 911 2033 Legi
963 1963 1185 2019 missos
1241 1979 1277 2020 a
1303 1968 1406 2020 tua
1431 1963 1777 2036 praestantia
1808 1961 2012 2018 libros.
2049 1961 2115 2015 Et
2145 1974 2231 2013 se-

578 2052 778 2110 cundo
805 2053 1053 2126 quidem
1088 2053 1266 2110 valde
1296 2053 1630 2110 oblectatus
1657 2071 1814 2121 sum,
1870 2067 1993 2108 non
2034 2048 2230 2106 solum

576 2147 822 2216 propter
851 2142 1228 2213 brevitatem,
1260 2151 1320 2199 ut
1352 2159 1464 2216 par
1489 2147 1614 2199 erat
1649 2142 1960 2199 hominem
1991 2141 2122 2212 jam
2153 2138 2232 2195 ad

579 2231 788 2288 omnia
815 2231 1075 2302 segniter
1100 2236 1157 2288 et
1185 2231 1458 2288 debiliter
1489 2248 1623 2286 sese
1644 2231 1995 2294 habentem,
2021 2243 2233 2284 verum

579 2321 762 2377 etiam
812 2321 981 2394 quod
1036 2321 1216 2377 simul
1258 2327 1317 2378 et
1363 2321 1649 2394 frequens
1699 2325 1786 2376 est
1807 2319 2130 2384 sententiis,
2165 2334 2236 2375 ac

580 2410 900 2482 perspicue
941 2414 1069 2466 tum
1096 2411 1583 2467 adversariorum
1611 2411 1866 2482 objecta,
1897 2415 2025 2466 tum
2056 2409 2236 2464 etiam

583 2498 836 2569 objectis
874 2515 1170 2571 responsa
1197 2500 1492 2568 continet;
1526 2506 1582 2556 et
1604 2499 1859 2572 simplex
1882 2515 1994 2555 nec
2041 2497 2240 2554 elabo-

583 2592 787 2643 ratum
835 2588 1076 2644 dicendi
1115 2605 1306 2659 genus
1355 2605 1685 2661 congruere
1741 2589 1892 2645 mihi
1921 2588 2120 2644 visum
2153 2591 2242 2643 est

587 2677 922 2734 Christiano
945 2678 1274 2751 proposito,
1306 2695 1429 2735 non
1461 2684 1584 2736 tam
1643 2680 1723 2735 ad
1775 2678 2239 2735 ostentationem

589 2781 778 2839 quam
832 2766 911 2822 ad
948 2783 1339 2825 communem
1379 2769 1693 2826 utilitatem
1720 2768 2053 2824 scribentis.
2078 2767 2241 2823 Prior

582 2871 746 2919 vero,
787 2856 912 2912 vim
956 2858 1206 2930 quidem
1233 2858 1513 2915 eamdem
1545 2860 1606 2914 in
1637 2858 1818 2914 rebus
1855 2857 2109 2926 habens,
2134 2856 2242 2913 sed

581 2943 841 3002 dictione
871 2946 1148 3003 uberiore
1178 2952 1235 3004 et
1261 2948 1443 3004 variis
1472 2948 1684 3018 ﬁguris
1728 2964 1800 3004 ac
1855 2947 2240 3017 dialogorum

584 3035 790 3104 gratiis
809 3041 1156 3107 exornatus,
1179 3037 1368 3094 multo
1392 3037 1543 3093 mihi
1570 3038 1734 3093 visus
1765 3040 1853 3093 est
1884 3041 1941 3094 et
1969 3041 2240 3105 tempore

578 3123 661 3180 ad
684 3124 1011 3196 legendum
1037 3132 1093 3182 et
1115 3127 1335 3184 mentis
1359 3127 1570 3184 labore
1589 3127 1670 3183 ad
1709 3126 2082 3196 colligendas
2113 3141 2243 3181 sen-

2569 1865 2833 1944 Διοδώρῳ,
2865 1868 3200 1944 πρεσϐυτέρῳ
3237 1869 3563 1941 Ἀντιοχείας
3586 1869 3703 1942 (31).

2414 1962 2465 2014 1.
2530 1958 2805 2031 Ἐνέτυχον
2861 1965 2965 2020 τοῖς
3020 1957 3370 2012 ἀποσταλεῖσι
3411 1957 3630 2033 βιϐλίοις
3675 1959 3794 2030 παρὰ
3815 1964 3878 2016 τῆς

2339 2052 2644 2120 τιμιότητός
2703 2069 2818 2102 σου.
2879 2052 2978 2102 Καὶ
3026 2057 3098 2120 τῷ
3150 2052 3242 2122 μὲν
3277 2046 3506 2124 δευτέρῳ
3529 2049 3807 2124 ὑπερήσθην,
3839 2045 3878 2097 οὗ

2342 2133 2437 2190 διὰ
2501 2144 2596 2198 τὴν
2668 2138 2993 2214 βραχύτητα
3053 2143 3228 2211 μόνον,
3297 2142 3366 2200 ὡς
3409 2142 3543 2202 εἰκός
3589 2136 3643 2198 ἧν
3667 2141 3738 2190 τόν
3757 2136 3880 2210 ἀργῶς

2341 2231 2469 2303 πρὸς
2521 2231 2694 2281 πάντα
2744 2235 2834 2282 καὶ
2893 2227 3122 2290 ἀσθενῶς
3171 2229 3357 2282 λοιπὸν
3428 2226 3738 2301 διακείμενον,
3797 2224 3866 2276 ἀλλ

2345 2319 2426 2370 ὅτι
2470 2323 2662 2371 πυκνόν
2721 2339 2774 2372 τε
2829 2319 2939 2392 οἶμα
2982 2318 3099 2371 ἐστὶ
3146 2327 3268 2382 ταῖς
3299 2318 3538 2381 ἐννοίαις,
3589 2323 3666 2370 καὶ
3689 2316 3874 2387 εᾶιεοινῶς

2348 2406 2396 2458 ἓν
2458 2409 2599 2482 αὐτῷ
2679 2407 2898 2480 ἔχουσιν
2971 2410 3028 2460 αἱ
3073 2427 3128 2461 τε
3161 2407 3453 2470 ἀντιθέσεις
3505 2417 3598 2460 τῶν
3637 2408 3863 2458 ὑπεναντίων

2346 2502 2436 2550 καὶ
2492 2500 2548 2550 αἱ
2607 2502 2737 2572 πρὸς
2803 2498 2961 2560 αὐτὸς
3027 2496 3376 2562 ἀπαντήσεις·
3445 2502 3535 2551 καὶ
3580 2491 3869 2555 rimi-tiam

2348 2587 2542 2641 ἁπλοῦν
2605 2607 2661 2641 τε
2716 2593 2806 2641 καὶ
2872 2587 3233 2641 ἀκατάσκευον
3297 2592 3494 2665 πρέπον
3549 2583 3675 2648 ἔδοξέ
3712 2601 3780 2656 μοι
3824 2575 3872 2631 εἷ-

2346 2698 2433 2730 ναι
2500 2680 2608 2750 (32)
2675 2679 2922 2751 προθέσει
2976 2686 3324 2750 Χριστιανοῦ,
3391 2678 3450 2731 οὐ
3515 2679 3634 2752 πρὸς
3687 2667 3873 2730 επεδειξιν

2349 2767 2538 2840 μᾶλλόν
2593 2768 2622 2828 ἢ
2680 2772 2858 2827 κοινὴν
2899 2767 3137 2843 ὠρίλειαν
3178 2769 3573 2843 συγγράφοντος
3615 2762 3728 2834 (33).
3752 2763 3806 2812 Τὸ
3834 2753 3874 2808 ti?

2348 2863 2621 2931 πρότερον,
2695 2862 2791 2916 τὴν
2853 2859 2942 2931 μιν
3003 2854 3229 2930 δύναμιν
3291 2861 3418 2930 ἕχον
3449 2860 3539 2915 τὴν
3575 2848 3875 2911 αὐτὴνὲντοῖς

2348 2949 2650 3023 πράγμασι,
2721 2947 2854 3010 λέξει
2915 2943 2975 2999 δι
3048 2946 3462 3022 πολυτελεστέρα
3535 2947 3619 2997 καὶ
3687 2943 3873 3011 σχήμασι

2346 3038 2605 3100 ποικίλοις
2687 3042 2778 3091 καὶ
2868 3034 2903 3089 δ
2909 3036 3199 3108 ιαλογικαῖς
3265 3039 3464 3113 χάρισι
3522 3030 3872 3105 κεκομψευμένονε

2347 3127 2540 3180 πολλοῦ
2592 3147 2680 3200 μοι
2738 3126 2897 3199 ἐφάνη
2943 3131 3034 3179 καὶ
3082 3132 3286 3200 χρόνον
3317 3131 3447 3203 πρὸς
3484 3128 3540 3178 τὸ
3571 3121 3764 3176 ἐπελθεῖν
3785 3113 3872 3186 (34),

579 3215 801 3272 tentias
825 3232 895 3274 ac
926 3218 1220 3274 memoria
1247 3217 1540 3274 tenendas
1559 3216 2238 3287 indigere.Adversario-

2351 3220 2440 3269 καὶ
2505 3218 2664 3268 πόνου
2693 3210 2926 3274 διανοίας
2973 3217 3100 3290 πρὸς
3128 3217 3186 3268 τὸ
3217 3220 3312 3268 καὶ
3346 3212 3582 3276 συλλέξαι
3625 3211 3707 3269 τὰς
3745 3204 3876 3257 ἐννοίας

577 3319 715 3360 rum
754 3306 916 3362 enim
951 3306 1285 3364 intertexta:
1359 3307 1849 3379 vituperationes,
1904 3305 2242 3378 laudesque

579 3399 951 3461 nostrorum,
982 3397 1092 3453 etsi
1139 3396 1442 3469 quasdam
1497 3412 1570 3453 ex
1623 3396 1866 3466 dialogo
1915 3396 2244 3453 suavitates

585 3484 754 3555 operi
783 3485 1061 3540 videntur
1088 3485 1328 3552 afferre;
1363 3487 1506 3559 quia
1528 3491 1731 3543 tamen
1756 3485 2022 3542 detinent
2041 3490 2099 3542 et
2119 3501 2246 3541 mo-

582 3579 815 3643 rantur,
846 3575 1358 3632 continuationem
1391 3577 1699 3632 sententiee
1730 3575 2044 3645 divellunt,
2063 3581 2244 3648 atque

586 3664 974 3720 contentiosee
1015 3665 1302 3722 orationis
1345 3666 1691 3722 ﬁrmitatem
1737 3664 2032 3721 relaxant.
2091 3663 2246 3720 Illud

586 3753 747 3809 enim
769 3754 1018 3810 omnino
1051 3754 1302 3811 solertiae
1332 3760 1451 3812 tuae
1481 3759 1692 3811 notum
1723 3759 1940 3822 est,eos
1963 3753 2144 3810 etiam
2171 3769 2244 3810 ex

583 3843 959 3916 philosophis
981 3845 1198 3901 exteris
1225 3847 1327 3917 qui
1356 3844 1631 3915 dialogos
1677 3844 1973 3916 scripsere
2024 3843 2242 3898 Aristo-

593 3931 769 3986 telem
796 3932 1044 4004 quidem
1067 3938 1122 3988 et
1152 3933 1666 4006 Theophrastrum
1697 3933 1896 3989 statim
1936 3948 2032 3987 res
2073 3933 2240 4004 ipsas

584 4019 875 4089 attigisse,
906 4021 1074 4093 quod
1095 4022 1320 4078 conscii
1341 4022 1455 4078 sibi
1485 4026 1686 4078 essent
1713 4022 1921 4077 deesse
1943 4020 2057 4077 sibi
2076 4020 2240 4093 lepo-

583 4123 678 4165 res
716 4108 1075 4169 Platonicos.
1098 4111 1265 4170 Plato
1278 4116 1482 4170 autem
1509 4128 1580 4168 ea
1590 4117 1681 4169 est
1701 4111 1942 4169 dicendi
1960 4109 2238 4168 facultate

583 4203 652 4254 ut
677 4197 857 4254 simul
895 4203 952 4255 et
1003 4202 1328 4259 sententias
1379 4202 1716 4276 impugnet,
1759 4206 2123 4273 etpersonas
2145 4215 2240 4256 co-

583 4288 742 4346 mico
772 4305 941 4346 more
961 4289 1730 4363 describat,Thrasymachi
1745 4290 1990 4364 quidem
2012 4289 2240 4347 temeri-

584 4383 767 4436 tatem
816 4395 887 4436 ac
929 4379 1374 4452 impudentiam
1430 4381 1799 4453 vituperans,
1833 4378 2058 4453 Hippiae
2096 4393 2241 4438 vero

580 4467 890 4526 levitatem
931 4469 1151 4526 mentis
1199 4474 1380 4543 atque
1421 4469 1751 4542 ignaviam,
1832 4469 2243 4540 arrogantiam

585 4576 836 4634 quoque
867 4564 922 4617 et
950 4559 1176 4618 fastum
1202 4563 1567 4630 Protagorae.
1601 4559 1712 4617 Ubi
1731 4574 1871 4615 vero
1899 4557 2245 4617 indeﬁnitas

587 4665 880 4722 personas
901 4651 965 4708 in
994 4649 1272 4722 dialogos
1293 4649 1826 4720 introducit,utitur
1844 4648 2094 4722 quidem
2113 4665 2248 4722 per-

590 4741 754 4797 sonis
777 4740 1210 4799 disserentibus
1241 4741 1320 4799 ad
1339 4756 1543 4798 rerum
1576 4739 2083 4814 perspicuitatem,
2140 4740 2247 4797 sed

571 4831 737 4892 nihil
767 4831 934 4889 aliud
965 4849 1038 4890 ex
1072 4833 1348 4905 personis
1373 4831 1668 4890 admiscet
1729 4830 2104 4901 argumentis
2139 4847 2152 4887 :
2185 4829 2249 4888 id

589 4919 756 4990 quod
781 4921 844 4977 in
864 4924 1118 4995 Legibus
1136 4923 1430 4996 praastitit.

2351 3310 2442 3359 καὶ
2497 3311 2934 3380 παρακατασχεῖν
2996 3289 3154 3365 αὐτὰς
3220 3312 3286 3378 τῇ
3357 3309 3532 3378 μνήμῃ
3591 3297 3806 3371 δεόμενον,
3835 3289 3875 3340 Αἱ

2349 3399 2450 3471 γὰρ
2528 3395 2576 3447 ἐν
2641 3403 2715 3468 τῷ
2778 3393 2972 3468 μεταξὺ
3033 3393 3526 3467 παρεμϐαλλόμεναι
3579 3385 3785 3442 διαϐολαὶ
3813 3387 3875 3431 τῶν

2353 3488 2688 3554 ὑπεναντίων,
2740 3489 2830 3537 καὶ
2911 3486 3200 3546 συστάσεις
3266 3493 3370 3537 τῶν
3430 3483 3692 3556 ἡμετέρων,
3742 3471 3776 3526 εἰ
3819 3486 3875 3556 και

2352 3575 2677 3648 γλυκύτητάς
2732 3594 2873 3636 τινας
2912 3573 3202 3646 ἐπεισάγειν
3231 3570 3456 3627 δοκοῦσι
3493 3564 3787 3625 διαλεκτικὰς
3805 3555 3876 3648 (3⁵)

2352 3675 2425 3738 τῷ
2472 3667 2872 3740 συγγράμματι*
2927 3663 3035 3717 ἀλλ’
3086 3660 3172 3717 οὖν
3219 3673 3296 3736 τῷ
3330 3662 3530 3736 σχολὴν
3555 3663 3638 3712 καὶ
3667 3645 3874 3740 διατριϐὴ

2353 3755 2602 3828 ἐμποιεῖν,
2654 3752 2929 3808 διασπῶσι
2994 3757 3083 3827 μὲν
3146 3757 3203 3806 τὸ
3236 3756 3457 3826 συνεχὲς
3511 3757 3598 3810 τῆς
3624 3746 3876 3808 huius,“

2350 3854 2440 3897 τοῦ
2485 3844 2760 3917 ἐναγωνίου
2808 3844 2964 3916 λόγου
3017 3847 3103 3896 τὸν
3139 3849 3286 3896 τόνον
3316 3845 3714 3914 ὑποχαυνοῦσιν.
3745 3830 3876 3923 Ἐκεῖνξ

2348 3937 2447 4010 γὰρ
2501 3937 2709 3996 πάντως
2767 3929 2974 3986 συνεῖδέ
3029 3933 3143 4005 (36)
3196 3952 3292 3985 σου
3344 3934 3374 3991 ἡ
3434 3930 3684 4004 ἀρχίνοια’
3741 3920 3876 4012 ὃτικιιι

2347 4032 2445 4076 τῶν
2485 4023 2666 4087 ἔξωθεν
2725 4022 3019 4096 φιλοσόφων
3069 4024 3118 4075 οἱ
3172 4026 3298 4085 τοὺς
3369 4018 3641 4090 διαλόγους
3700 4021 3878 4108 sumo:

2346 4114 2556 4187 ψαντες,
2641 4092 2994 4188 Αρίστοτίλης
3086 4115 3176 4186 μὲν
3245 4117 3334 4168 καὶ
3393 4115 3724 4185 θεόφραστος,

2349 4205 2517 4256 αὐτῶν
2589 4203 2788 4275 ἥψαντο
2847 4212 2947 4255 τῶν
3014 4205 3359 4278 πραγμάτων,
3415 4197 3509 4254 διὰ
3552 4199 3608 4249 τὸ
3659 4185 3878 4278 cum???

2351 4293 2557 4358 ἑαυτοῖς
2621 4301 2721 4346 τῶν
2783 4292 3124 4347 Πλατωνικῶν
3188 4297 3429 4368 χαρίτων
3459 4293 3547 4350 τὴν
3571 4277 3878 4370 ﬁdeissim“:

2350 4405 2452 4440 των
2501 4379 2560 4436 δέ
2608 4390 2670 4456 τῇ
2728 4381 2946 4457 ἐξουσίᾳ
2975 4390 3066 4438 τοῦ
3097 4382 3252 4456 λόγου
3286 4384 3418 4455 όμοῡ
3445 4382 3532 4454 μὲν
3570 4380 3672 4433 τοῖς
3709 4363 3876 4433 ὃογματ

2352 4475 2609 4550 μάχεται,
2680 4473 2808 4546 ὁμοῦ
2873 4468 2933 4524 δὲ
2998 4474 3088 4526 καὶ
3143 4465 3538 4544 παρακωμῳδεῑ
3582 4465 3643 4516 τα
3668 4458 3875 4554 milia“!

2356 4565 2729 4640 Θρασυμάχου
2783 4563 2872 4636 μὲν
2933 4565 2992 4617 τὸ
3056 4563 3222 4636 θρασὺ
3273 4565 3364 4614 καὶ
3431 4557 3606 4630 ἰταμόν
3635 4539 3876 4628 διαϐάλλωνῗ

2352 4657 2552 4708 Ἱππίου
2607 4648 2666 4707 δὲ
2721 4652 2777 4704 τὸ
2831 4658 3019 4725 κοῦφον
3072 4657 3164 4713 τῆς
3218 4646 3454 4708 διανοίας
3507 4647 3593 4699 καὶ
3618 4635 3877 4730 χαῦνοξζ

2355 4745 2708 4818 Πρωταγόρου
2765 4743 2824 4794 τὸ
2892 4737 3195 4802 ἀλαζονικὸν
3266 4743 3358 4792 καὶ
3421 4737 3706 4810 ὑπέρογκον.
3779 4721 3876 4820 Οπξί

2363 4829 2421 4889 δὲ
2475 4831 2700 4905 ἀόριστα
2758 4833 3016 4906 πρόσωπα
3072 4829 3337 4902 ἐπεισάγει
3393 4833 3499 4887 τοῖς
3545 4816 3878 4910 διαλόγοις,

2357 4925 2447 4996 μὲν
2519 4921 2803 4997 εὐκρινείας
2861 4918 3019 4972 ἓνεκεν
3064 4927 3164 4972 τῶν
3212 4918 3527 4997 πραγμάτων
3565 4912 3788 4980 κέχρηται
3807 4904 3878 4997 τρῖ

590 5005 1122 5086 προσδιαλεγομένοις
1161 5016 1293 5086 (37),
1353 5011 1505 5068 οὐδὲν
1565 5010 1624 5069 δὲ
1683 5014 1848 5091 ἕτερον
1905 5013 1958 5068 ἐκ
2016 5021 2114 5067 τῶν
2169 5018 2465 5093 προσώπων
2521 5009 2848 5066 ἐπεισκυκλεῖ
2898 5017 3010 5070 ταῖς
3063 5009 3392 5065 ὑποθέσεσιν
3445 5005 3560 5080 ὅπερ
3605 4995 3801 5050 ἐποίησεν
3844 4989 3877 5023 τ’

593 5102 704 5162 τοῖς
732 5101 946 5172 Νόμοις,

661 5226 680 5298 έ
711 5223 871 5279 Alias
899 5225 1146 5298 CLXVII.
1181 5227 1416 5298 Scripta
1437 5243 1598 5286 anno
1630 5230 1754 5286 373.

663 5297 771 5367 (30)
830 5299 915 5368 Μὴ
958 5292 1234 5368 ﬁmbrias.
1284 5292 1444 5356 Multi
1501 5301 1741 5357 codices
1799 5316 1924 5359 non
1979 5300 2254 5359 vetustis-

591 5365 728 5424 simi
750 5365 822 5441 μὴ
863 5366 1123 5441 διαλιπός.

667 5435 775 5520 ρι’)
799 5435 1283 5520 Διοδώρῳ.“00181.
1339 5440 1571 5511 primus
1602 5445 1665 5520 et
1680 5442 1836 5520 ‘llled.
1871 5441 2139 5520 Θεοδώρῳ.

667 5509 1028 5586 (urebat;
1072 5513 1235 5586 Hanc
1278 5509 1492 5568 vocem
1550 5512 1899 5586 addidimus
1963 5509 2251 5586 ex'Med.,

602 5579 958 5654 llar1._Coisl.
1000 5582 1198 5654 primo
1224 5586 1280 5638 et
1311 5589 1566 5654 utroque
1587 5583 1790 5651 Regio.

672 5649 780 5725 _(_3_:})
813 5649 1222 5725 Συγγράφοντος.
1255 5656 1343 5711 lta
1389 5649 1507 5709 tre's
1565 5649 1950 5711 vetustissimi
1993 5658 2252 5715 codices.

602 5712 755 5771 Editi
766 5712 1042 5793 ’γράῖροντό
1047 5745 1085 5785 ς.

2435 5223 2862 5307 (39%???-
2897 5224 3160 5307 Si°.mS.S.-
3213 5235 3473 5307 δεδι)νο
3509 5182 3875 5307 ηεεξηίέμέδέίξέῗ

2361 5287 2629 5355 ἱῑίθείἶίὶε
2659 5296 2900 5364 ἐξελθεῖν,
2927 5295 3024 5352 vel
3047 5295 3196 5353 utin
3228 5287 3481 5352 editibne
3509 5291 3540 5344 2
3569 5287 3732 5340 Pans.
3781 5287 3859 5315 επις

2364 5371 2547 5466 “ﬁt;
3500 5423 3631 5466 ma,
3685 5417 3733 5466 et
3761 5393 3871 5462 Harl-

2603 5440 3029 5513 Pluxﬁrmag.”
3093 5435 3438 5513 διαλεκτικάς.
3500 5423 3632 5487 MBd-
3685 5431 3711 5470 θ

2362 5508 2561 5598 prima
2575 5528 2769 5598 gnarae
2795 5511 3205 5598 ﬂexanima.
3233 5508 3667 5598 tertius”...
3714 5552 3854 5598 manu

2575 5562 2816 5664 guis-56:2;
2836 5562 2989 5664 H‘Val‘l.
3003 5562 3008 5564 ν
3279 5562 3286 5564 Ὗ
3306 5562 3408 5638 sed
3434 5562 3870 5664 seeunndaml‘lrl‘ﬂx:

2574 5628 3619 5738 wcodices
3667 5637 3768 5687 non
3804 5628 3830 5670 Ψ

2366 5724 2678 5787 iustissimi
2704 5724 3213 5801 προδιαλεγομένοις.
