4078 6404
144 315 233 371 573
1092 315 1585 375 EPISTOLARUH
1618 304 1906 373 οιΑεειε
1950 310 2021 371 Π.
2059 310 2282 374 EPIST.
2324 316 2589 377 CXXXV].

3428 310 3537 376 574

202 441 256 495 2.
288 443 382 493 Δεῖ
450 439 554 494 οὖν
618 445 711 496 καὶ
773 442 918 518 ἡμᾶς
988 444 1108 505 τοὺς
1163 441 1223 499 οὗ
1281 442 1417 497 κατὰ
1473 440 1765 516 φιλοτιμίαν

1950 441 2004 496 2.
2046 440 2290 514 Oportet
2316 443 2522 519 itaque
2546 447 2606 502 et
2632 458 2770 515 nos,
2796 442 2902 518 qui
2923 456 3050 503 non
3084 440 3286 514 gloria
3330 440 3530 499 studio

143 526 472 605 ἐρχομένους
537 530 625 586 ἐπὶ
684 534 745 587 τὸ
817 531 1053 607 γράφειν,
1122 530 1227 587 ἀλλ’
1285 532 1555 596 ὑποθήκας
1606 550 1771 585 καταο-

141 617 413 693 λιμπάνειν
481 620 760 695 ὠφελίμων
820 621 984 695 λόγων
1045 630 1108 696 τῇ
1184 619 1497 697 ἀδελφότητι
1562 620 1771 697 προελο-

154 715 340 786 μένους,
375 710 475 764 ἐὰν
653 731 707 765 τι
752 717 889 765 πᾶσι
932 716 1417 789 προκεκηρυγμένον
1467 711 1551 767 ἐπὶ
1601 711 1771 766 αὐθα-

158 795 258 875 δείᾳ
301 804 523 875 τρόπον
575 805 856 877 πρόσωπον
914 800 1324 876 ὑποϐαλλώμεθα
1348 803 1492 873 (38),
1525 802 1642 855 τινὰ
1679 803 1770 854 καὶ

153 888 242 942 ἀπὸ
321 896 634 964 προσώπου
707 895 982 954 ποιότητος
1058 893 1406 967 παραπλέκειν
1467 898 1541 962 τῷ
1611 890 1767 964 λόγῳ,

155 982 279 1055 εἴπερ
359 979 499 1041 ὅλως
564 978 826 1035 ἐπιϐάλλει
882 982 1007 1054 ἡμῖν
1069 977 1365 1037 διαϐάλλειν
1443 980 1768 1057 ἀνθρώπους,

146 1077 235 1121 τῶν
288 1070 635 1144 πραγμάτων
689 1068 969 1144 ἀφεμένους
1023 1074 1153 1142 (39).
1202 1071 1319 1127 Ἐὰν
1362 1066 1421 1124 δὲ
1454 1070 1696 1146 ἀόριστον
1736 1075 1768 1144 ᾖ

147 1163 204 1211 τὸ
233 1154 639 1233 διαλεγόμενον,
685 1162 740 1215 αἱ
773 1163 903 1239 πρὸς
934 1162 1001 1215 τὰ
1027 1166 1289 1235 πρόσωπα
1319 1158 1630 1224 διαστάσεις
1658 1161 1769 1232 (40)

152 1252 245 1307 τήν
414 1250 705 1323 συνάφειαν
737 1245 1110 1319 διακόπτουσι,
1141 1255 1273 1327 πρὸς
1318 1248 1469 1305 οὐδὲν
1503 1247 1562 1304 δε
1610 1254 1771 1327 πέρας

155 1343 430 1413 χρήσιμον
468 1336 746 1392 ἀπαντῶσι
777 1339 907 1411 (41).
934 1347 1115 1393 Ταῦτα
1151 1337 1290 1394 εἷπον
1328 1341 1411 1395 ἱνα
1441 1338 1660 1415 δειχθῇ,
1689 1342 1770 1395 ὅτι

155 1426 256 1479 οὐκ
307 1427 376 1489 εἰς
419 1426 642 1491 κόλακος
690 1435 877 1507 χεῖρας
924 1427 1228 1492 ἀπέστειλάς
1270 1448 1365 1487 σον
1408 1432 1530 1495 τοὺς
1557 1433 1766 1497 πόνους,

152 1517 296 1571 ἀλλὰ
345 1514 548 1593 ἀδελφῷ
596 1526 672 1592 τῷ
722 1522 1063 1594 γνησιωτάτῳ
1120 1520 1466 1583 ἰκοινὼνησας
1521 1529 1621 1574 τῶν
1674 1541 1769 1576 κα-

145 1610 353 1682 μάτων.
406 1610 569 1663 Εἶπον
603 1605 665 1664 δε
707 1609 766 1666 οὐ
812 1614 941 1687 πρὸς
992 1609 1347 1688 ἓπανόρθωσιν
1395 1619 1494 1665 τῶν
1536 1631 1767 1688 γεγραμ-

139 1701 338 1771 μένων,
404 1694 540 1749 ἀλλὰ
580 1700 710 1773 πρὸς
766 1698 991 1773 φυλακὴν
1047 1708 1150 1752 τῶν
1205 1699 1510 1774 μελλόντων.
1555 1703 1767 1763 Πάντως

1880 528 1960 603 ad
1980 530 2367 591 scribendum
2386 533 2685 597 ducimur.
2699 534 2805 591 sed
2815 533 3180 591 documenta
3194 531 3532 604 relinquere
3580 553 3589 559 ’

1880 618 2115 677 utilium
2132 637 2482 680 sermonum
2498 623 2847 682 fraternitati
2864 622 3248 689 instituimus,
3274 619 3324 677 si
3345 636 3533 693 quam

1880 710 2164 769 omnibus
2203 712 2335 785 jam
2386 714 2771 772 decantatam
2815 729 2885 770 ex
2918 727 3160 770 morum
3197 709 3535 785 pervicacia

1880 817 2200 874 personam
2215 802 2632 876 subjiciamus,
2656 802 2950 861 nonnulla
2967 802 3147 859 etiam
3167 817 3241 858 ex
3261 814 3533 874 personas

1881 891 2084 950 indole
2112 893 2367 951 orationi
2396 898 2695 961 attexere;
2747 894 2799 950 si
2827 898 3034 950 tamen
3071 891 3251 949 nobis
3280 888 3533 948 omnino

1883 982 2172 1041 decorum
2202 988 2291 1041 est
2334 984 2613 1042 homines
2641 984 3004 1058 vituperare,
3049 982 3233 1049 rebus
3261 979 3527 1038 omissis.

1885 1070 2000 1129 Sed
2030 1071 2081 1128 si
2102 1070 2430 1130 indeﬁnitas
2475 1073 2646 1144 227
2694 1072 2813 1129 sint
2843 1086 3120 1146 personae
3145 1069 3529 1137 disserentes,

1878 1160 1962 1218 illi
1996 1161 2291 1220 adversus
2310 1178 2604 1237 personas
2630 1178 2921 1220 excursus
2955 1158 3319 1217 intercidunt
3347 1156 3536 1215 conti-

1880 1252 2249 1317 nuationem,
2274 1268 2386 1309 nec
2406 1252 2487 1308 ad
2508 1251 2699 1308 ullum
2722 1250 2909 1307 ﬁnem
2936 1250 3140 1307 utilem
3161 1248 3530 1323 pertingunt.

1879 1343 2015 1397 Haec
2061 1357 2133 1399 eo
2161 1342 2305 1409 dixi,
2351 1347 2417 1399 ut
2462 1342 2841 1415 exploratum
2886 1341 2978 1411 sit,
3027 1345 3085 1397 te
3132 1355 3256 1396 non
3299 1338 3533 1395 misisse

1876 1430 2115 1490 labores
2156 1436 2290 1490 tuos
2319 1433 2382 1489 in
2420 1431 2751 1491 adulatoris
2777 1446 3023 1499 manus,
3052 1429 3160 1487 sed
3183 1444 3326 1487 cum
3352 1428 3532 1485 fratre

1876 1522 2143 1580 maxime
2173 1524 2440 1594 ingenuo
2479 1522 2984 1580 communicasse.
3018 1519 3148 1578 Dixi
3178 1523 3383 1579 autem
3406 1532 3532 1576 non

1879 1611 1960 1670 ad
1988 1627 2198 1670 eorum
2240 1629 2378 1686 quae
2410 1612 2633 1687 scripta
2662 1616 2801 1670 sunt
2834 1610 3288 1677 correctionem,
3320 1608 3429 1665 sed
3454 1607 3535 1665 ad

1879 1716 2090 1760 eorum
2117 1718 2254 1775 quae
2292 1702 2651 1775 scribentur,
2691 1701 3053 1763 cautionem.
3082 1701 3236 1757 Nam
3264 1697 3534 1773 profecto

129 1788 244 1862 γὰρ
312 1787 340 1837 ὁ
393 1788 637 1861 τοσαύτῃ
689 1791 810 1864 περὶ
860 1791 921 1840 τὸ
976 1790 1193 1864 γράφειν
1249 1789 1349 1855 ἔξει
1405 1795 1496 1845 καὶ
1554 1787 1764 1865 σπουδῇ

1883 1792 1985 1867 qui
2016 1796 2184 1851 tanta
2206 1792 2266 1851 in
2309 1792 2629 1850 scribendo
2671 1791 2952 1850 facultate
2982 1793 3041 1849 et
3072 1789 3384 1859 diligentia
3426 1788 3536 1845 uti-

121 1879 481 1951 κεχρημένος
546 1875 643 1931 οὐκ
704 1875 992 1937 ἀποκνήσει
1057 1880 1305 1957 γράφωνο
1383 1877 1565 1940 ἐπειδὴ
1644 1879 1769 1937 οὐδὲ

129 1966 185 2018 οἱ
230 1965 349 2037 (42)
401 1968 505 2028 τὰς
544 1966 814 2029 ὑποθέσεις
842 1972 1161 2047 παρέχοντες
1199 1968 1576 2043 ἀπολήγουσιν.
1616 1970 1767 2046 Ἡμῖν

139 2051 203 2107 δὲ
248 2052 475 2127 ἁρπάσει
545 2058 637 2133 μεν
697 2054 1071 2133 ἀναγινώσκειν
1128 2062 1195 2115 τὰ
1264 2060 1515 2136 ὑμέτερα·
1574 2069 1667 2115 τοῦ
1709 2059 1769 2116 δὲ

139 2139 415 2199 δύνασθαι
462 2147 688 2222 γράφειν
726 2167 778 2200 τι
827 2148 966 2222 (43),
1003 2157 1253 2205 τοσοῦτον
1295 2149 1603 2227 ἀποδέομεν,
1646 2154 1767 2207 ὅσον

136 2243 336 2310 μικροῦ
386 2232 497 2291 δέω
548 2235 735 2311 λέγειν,
767 2242 859 2294 καὶ
886 2246 979 2292 τοῦ
1010 2242 1280 2314 ὑγιαίνειν,
1324 2243 1353 2302 ἦ
1409 2248 1500 2299 καὶ
1546 2251 1639 2296 τοῦ
1679 2263 1768 2317 με-

132 2329 289 2399 ῇοίαν
320 2325 539 2398 σχολὴν
578 2328 726 2400 ἄγειν
773 2325 875 2382 ἀπὸ
926 2338 1027 2382 τῶν
1065 2334 1409 2406 πραγμάτων.
1458 2332 1770 2389 ’Δπέστειλα

124 2412 190 2467 δὲ
228 2423 328 2469 νῦν
380 2412 482 2469 διὰ
529 2424 624 2470 τοῦ
665 2414 1004 2491 ἀναγνώστου
1056 2424 1115 2474 τὸ
1153 2422 1333 2494 μεῖζον
1375 2428 1466 2479 καὶ
1495 2428 1764 2499 πρότερον,

126 2502 368 2558 ἐπελθὼν
422 2505 556 2559 αὐτὸ
606 2508 673 2567 ὡς
710 2505 825 2582 ἐμοὶ
856 2504 1102 2566 δυνατόν.
1141 2514 1211 2564 Τό
1268 2508 1328 2566 δε
1371 2509 1611 2587 δεύτερον
1652 2514 1768 2588 (44)

132 2597 590 2666 παροαατέσχον,
662 2592 977 2669 βουλόμενος
1034 2598 1161 2652 αὐτὸ
1239 2602 1599 2676 μεταγράψαι,
1676 2607 1766 2658 καὶ

139 2686 221 2754 μὴ
282 2681 512 2757 εὐπορῶν
561 2686 690 2746 τέως
738 2688 877 2749 τινὸς
923 2695 1023 2739 τῶν
1086 2687 1160 2751 εἰς
1218 2692 1387 2763 τάχος
1439 2696 1760 2765 γραφόντων.

141 2772 345 2912 Mign:
387 2773 487 2847 γὰρ
523 2776 783 2838 τοσαύτης
833 2774 956 2837 ἦλθε
1005 2782 1186 2842 πενίας
1230 2782 1295 2835 τὰ
1334 2778 1584 2854 ἐπίφθονα
1615 2790 1762 2840 Καπ-

141 2879 230 2911 πα
277 2878 435 2912 οκων.

139 2878 265 2912 τταο
277 2878 435 2912 οκων.

693 2996 1032 3047 ΕΙΙῙΣΤΟΛΗ
1066 2993 1227 3059 ΡΛς’.

1876 1887 1993 1954 tur,
2019 1899 2144 1941 non
2172 1881 2567 1941 deterrebitur
2590 1898 2629 1940 a
2646 1880 3002 1950 scribendo;
3035 1876 3535 1953 quandoquidem

1878 1978 1937 2032 et
1963 1974 2069 2048 qui
2116 1971 2503 2047 suppeditant
2540 1976 2920 2042 argumenta,
2972 1969 3221 2027 minime
3272 1970 3530 2026 cessant.

1878 2064 2060 2123 Nobis
2117 2067 2320 2122 autem
2364 2062 2507 2120 satis
2563 2061 2671 2118 erit
2722 2065 2923 2119 vestra
2974 2059 3174 2132 legere
3235 2075 3249 2117 :
3297 2062 3534 2116 tantum

1878 2155 2040 2213 enim
2068 2154 2245 2212 abest
2270 2158 2335 2210 ut
2365 2151 2627 2211 scribere
2655 2151 2985 2225 possimus,
3011 2152 3310 2223 quantum
3342 2147 3532 2205 ferme

1878 2245 2156 2314 dixerim,
2204 2249 2272 2301 ut
2300 2243 2633 2316 valeamus,
2675 2247 2781 2301 aut
2835 2240 2933 2298 vel
2978 2240 3291 2298 modicum
3338 2238 3532 2296 otium

1876 2336 2216 2394 habeamus
2246 2352 2283 2394 a
2323 2334 2597 2405 negotiis.
2639 2332 2864 2392 Remisi
2893 2336 3097 2390 autem
3124 2346 3287 2388 nunc
3317 2344 3423 2403 per
3449 2328 3534 2386 le—

1878 2431 2103 2487 ctorem
2133 2425 2334 2497 majus
2374 2440 2447 2482 ac
2487 2423 2756 2497 primum
2782 2421 3090 2484 volumen,
3123 2436 3161 2477 a
3185 2436 3305 2488 me,
3334 2433 3532 2492 quan-

1876 2520 2008 2573 tum
2054 2513 2204 2571 mihi
2243 2512 2429 2581 licuit,
2468 2511 2816 2585 perlectum.
2865 2510 3134 2568 Alterum
3184 2523 3331 2567 vero
3387 2506 3531 2566 reti-

1874 2605 1980 2661 nui
2008 2602 2218 2660 volens
2246 2601 2605 2669 describere,
2636 2617 2748 2658 nec
2791 2599 3035 2673 copiam
3080 2599 3374 2659 hactenus
3417 2597 3533 2655 ha-

1870 2694 2026 2752 bens
2056 2694 2441 2766 cujusquam,
2473 2691 2580 2764 qui
2605 2690 2887 2748 velociter
2917 2688 3159 2747 scribat.
3187 2688 3277 2744 Ad
3300 2691 3535 2745 tantam

1873 2784 2036 2843 enim
2070 2783 2389 2856 penuriam
2409 2780 2753 2839 invidendas
2776 2779 3211 2853 Cappadocum
3236 2793 3331 2835 res
3360 2776 3535 2835 deve-

1873 2890 2038 2933 nere.

2322 2998 2658 3055 EPISTOLA
2699 2994 2989 3052 CXXXVI'.

131 3109 425 3200 Μφτᾷξιπῑ
452 3114 945 3200 εμαηῑρθεενίόίς
970 3118 1248 3200 Basilius,
1278 3122 1555 3200 queritur
1583 3137 1676 3200 res
1705 3126 2136 3200 ecclesiasticas
2169 3123 2589 3200 dilapsos_esse
2613 3125 2666 3200 et
2691 3119 2983 3200 proditas.
3014 3114 3533 3200 Japtduﬂur'nuEu:

199 3183 440 3268 sebiwlz
468 3186 792 3268 ὺιμίεἰεεεε,
808 3190 941 3268 Δηιζεςὶ
958 3204 1090 3246 eum
1119 3183 1469 3249 detirzicz'sset
1493 3210 1606 3264 per
1630 3197 1765 3253 duo:

1883 3183 2032 3256 enses
2060 3183 2379 3253 Eustathii
2398 3192 2640 3250 diaconi
2668 3183 2931 3261 morbus,
2961 3205 3034 3247 ac
3062 3188 3278 3246 deinde
3293 3187 3536 3260 alii,qui

198 3270 349 3310 cum
367 3256 611 3314 Basilio
642 3265 839 3328 erant,
867 3268 1278 3331 aegrotassem.
1302 3278 1374 3321 ac
1400 3256 1701 3335 postremo
1730 3271 1857 3340 ipse
1884 3272 2173 3328 Basilius.

488 3354 747 3428 Εὐσεϐίῳ,
783 3355 1051 3432 ἐπισκόπῳ
1083 3363 1418 3434 Σαμοσάτων.
1484 3365 1504 3382 ⁸

204 3484 256 3534 1.
288 3478 379 3532 Ἐν
434 3482 566 3542 οἵοις
603 3483 741 3554 ἡμᾶς
771 3486 918 3547 ὄντας
948 3484 1227 3539 κατέλαϐεν
1258 3488 1283 3539 ὁ
1311 3491 1552 3563 χρηστὸς
1584 3489 1765 3545 Ἰσαά-

122 3587 228 3630 κης
270 3570 422 3641 (45),
475 3568 634 3633 αὐτός
689 3591 775 3625 σοι
825 3572 1035 3647 ἄμεινον
1082 3571 1422 3651 διηγήσεται,
1477 3579 1520 3631 εἰ
1559 3585 1648 3633 καὶ
1691 3586 1763 3655 μὴ

122 3656 411 3733 ἀρκοῦσαν
453 3662 572 3733 ἔχει
599 3666 693 3721 τὴν
742 3661 1011 3736 γλῶσσαν,
1045 3668 1181 3721 ὥστε
1227 3678 1492 3743 τραγικῶς
1536 3669 1769 3745 ἐξαγγεῖ-

118 3747 212 3801 λαι
241 3753 305 3803 τὸ
356 3750 650 3825 ὑπεραῖρον
696 3760 795 3804 τῶν
834 3756 1036 3807 παθῶν
1072 3765 1320 3811 τοσοῦτον
1351 3759 1413 3818 ἦν
1462 3768 1558 3823 τῆς
1603 3759 1770 3837 ἀρρω-

121 3844 286 3904 στίας
346 3842 414 3894 τὸ
462 3843 703 3914 μέγεθος.
763 3849 863 3897 Καὶ
905 3849 964 3898 τὸ
1005 3849 1143 3911 εἰκὸς
1191 3844 1250 3901 δὲ
1279 3854 1435 3903 παντὶ
1480 3855 1764 3927 γνώριμον,

120 3938 196 3999 τῷ
250 3928 346 4003 ἐμὲ
402 3936 497 3984 καὶ
548 3935 686 3986 κατὰ
745 3932 931 4010 βραχὺ
987 3934 1337 4015 ἐπισταμένῳ.
1383 3941 1575 4017 Εἰγάρ
1619 3940 1667 3994 ἐν
1697 3950 1761 4016 τῇ

120 4016 375 4093 δοκούσῃ
447 4020 624 4094 εὐεξίᾳ
694 4030 796 4074 τῶν
868 4023 1277 4099 ἀπεγνωσμένων
1349 4033 1480 4104 πρὸς
1550 4016 1609 4083 τὸ
1668 4032 1764 4105 ζῇν

122 4107 515 4185 ἀσθενέστερον
596 4107 890 4186 διεκείμην,
968 4122 1246 4188 γινώσκειν
1317 4118 1483 4181 ἔξεστι
1557 4125 1634 4181 τίς
1704 4120 1766 4173 ἂν

121 4207 280 4270 ἥμην
342 4198 431 4252 ἐπὶ
486 4207 580 4262 τῆς
640 4199 961 4277 ἀρρωστίας.
1013 4210 1258 4279 Καίτοιγε
1301 4205 1467 4282 ἐρχῆν
1507 4205 1627 4277 (δὸς
1663 4214 1766 4286 γὰρ

118 4296 201 4362 τῷ
258 4296 475 4364 πυρετῷ
550 4297 872 4367 συγγνώμην
940 4295 1360 4368 ἐπεσχελοῦντι),
1437 4295 1619 4360 ἐπειδὴ
1675 4320 1767 4373 μοι

124 4381 275 4429 κατὰ
316 4380 480 4449 φύσιν
512 4378 574 4437 ἦν
615 4383 677 4433 τό
719 4389 909 4450 νοσεῖν,
946 4382 998 4437 ἓν
1043 4393 1106 4458 τῇ
1155 4386 1412 4461 μεταϐολῇ
1444 4391 1607 4463 ταύτῃ
1648 4378 1766 4460 (46)

132 4473 244 4525 τῆς
293 4465 446 4530 ἕξεως
500 4469 677 4542 ὑγείας
740 4490 833 4545 μοι
881 4479 970 4525 νῦν
1027 4478 1086 4526 τὸ
1143 4478 1428 4552 κράτιστον
1484 4485 1757 4556 περιεῖναι.

219 4642 342 4722 (38)
382 4641 826 4722 Ὑποϐαλλώμεθα.
853 4650 994 4709 Post
1021 4651 1183 4711 hanc
1225 4669 1439 4712 vocem
1470 4655 1613 4714 editi
1648 4656 1758 4718 ad-

2157 3366 2434 3430 Eusebio,
2468 3364 2741 3435 episcopo
2771 3362 3246 3419 Samosatorum.

1951 3496 1968 3553 1
1986 3495 2136 3561 .Quo
2153 3493 2215 3552 in
2232 3497 2387 3549 statu
2402 3488 2865 3564 deprehenderit
2883 3503 2997 3544 nos
3015 3486 3105 3545 vir
3122 3484 3350 3558 probus
3376 3487 3535 3541 Isaa-

1876 3599 1998 3651 ces,
2024 3583 2156 3659 ipse
2186 3582 2292 3639 tibi
2320 3581 2536 3639 melius
2577 3577 2904 3647 enarrabit,
2946 3576 3085 3633 licet
3117 3575 3326 3645 lingua
3370 3573 3531 3631 illius

1875 3688 1987 3746 par
2013 3688 2140 3729 non
2170 3671 2262 3739 sit,
2295 3675 2359 3728 ut
2395 3669 2616 3739 tragice
2664 3670 2931 3740 exponat
2974 3682 3111 3737 quae
3142 3666 3442 3735 majorem
3469 3663 3532 3720 in

1875 3761 2131 3820 modum
2173 3759 2449 3834 patiebar
2481 3774 2494 3813 :
2528 3761 2696 3814 tanta
2741 3760 2869 3813 erat
2917 3752 3120 3811 morbi
3150 3751 3529 3822 magnitudo.

1879 3850 1989 3910 Sed
2026 3856 2229 3908 tamen
2272 3846 2421 3921 quid
2458 3844 2778 3905 verisimile
2826 3844 2921 3913 sit,
2976 3841 3256 3916 quisquis
3305 3856 3404 3897 me
3436 3839 3532 3897 vel

1874 3939 2193 4015 paululum
2212 3937 2398 4004 novit,
2414 3936 2751 4011 perspicere
2772 3938 2987 4007 potest.
3004 3934 3177 4001 Nam,
3197 3929 3246 3986 si
3270 3929 3420 3986 dum
3450 3928 3534 3987 vi-

1873 4030 2064 4089 debar
2092 4028 2314 4097 valere,
2345 4026 2438 4096 iis,
2465 4041 2729 4100 quorum
2767 4024 3122 4096 desperatur
3149 4019 3338 4088 salus,
3369 4017 3535 4077 inﬁr-

1873 4120 2030 4175 mior
2082 4133 2271 4185 eram,
2320 4114 2520 4188 qualis
2560 4114 2622 4170 in
2671 4112 2884 4170 morbo
2916 4110 3133 4167 fuerim
3162 4124 3533 4180 cognoscere

1871 4209 2031 4266 licet.
2062 4210 2423 4279 Quanquam
2449 4203 2768 4278 Oportebat
2787 4202 2892 4273 (da
2920 4202 3082 4257 enim
3112 4199 3356 4256 veniam
3381 4198 3533 4255 febri

1872 4297 2228 4372 ineptienti),
2262 4313 2401 4354 cum
2433 4295 2580 4353 mihi
2604 4294 2857 4351 morbus
2883 4290 3220 4350 secundum
3246 4293 3532 4347 naturam

1874 4393 2051 4457 esset,
2083 4389 2146 4445 in
2174 4388 2289 4446 hac
2314 4386 2557 4445 habitus
2592 4384 2925 4447 mutatione
2950 4396 3115 4440 nunc
3148 4396 3244 4437 me
3289 4380 3353 4436 in
3381 4394 3531 4451 pras-

1872 4478 2211 4536 clarissima
2233 4474 2577 4533 valetudine
2614 4472 2914 4532 constitui.
2958 4472 3074 4530 Sed
3114 4470 3260 4543 quia
3293 4467 3533 4525 Domini

1945 4659 2055 4729 (42)
2114 4652 2257 4710 Οὐδὲ
2303 4655 2394 4729 οἱ.
2429 4654 2581 4712 Edili
2626 4656 2715 4708 καὶ
2773 4655 2961 4729 οἱ.......
2997 4649 3092 4729 οὐκ
3150 4646 3525 4729 ᾇπολήγουσιν.

134 4713 304 4802 diu"
322 4713 500 4802 Ζήν,
526 4713 812 4802 {Illa-vox
852 4738 994 4802 cum
1023 4713 1523 4802 perincommode
1559 4713 1763 4802 posita
1790 4721 1836 4777 D
1875 4713 1990 4787 Sed
2013 4713 2183 4802 sequi
2212 4727 2540 4784 maluimus
2562 4732 2682 4783 tres
2712 4724 2974 4797 optimos
3004 4726 3062 4778 et
3090 4713 3531 4778 vetustissimos

131 4786 426 4875 sit,‘_qui'a
462 4786 566 4871 ὄεῖξ
589 4791 773 4875 paulo
793 4798 956 4875 ante
985 4786 1311 4875 praecessit,
1354 4815 1467 4857 nec
1506 4786 1581 4875 iri
1601 4786 1759 4875 Harl.

122 4858 359 4941 codiqu
373 4858 727 4941 reperiatur,
744 4858 1150 4941 nisi_secunda
1168 4858 1377 4941 manu,
1399 4872 1615 4931 merito
1634 4858 1765 4941 visa

120 4935 225 5015 est
253 4931 551 5015 deleri—da.
588 4933 830 5015 ibidem
861 4938 991 5015 vat.
1038 4943 1096 4997 et
1146 4940 1327 5015 Cois].
1364 4931 1684 5001 secundus
1708 4938 1766 5001 et

124 5003 258 5061 duo
293 5003 475 5089 Regii
495 5004 735 5065 codices
769 5024 783 5065 :
812 5013 922 5084 χρή
956 5029 1076 5064 τινα
1103 5015 1194 5064 καὶ
1221 5010 1321 5067 ἀπὸ
1353 5020 1639 5088 προσώπου
1666 5036 1763 5071 πε-

130 5093 426 5147 ποιημινα.

212 5117 722 5234 (Ξδξήιξφεμὲνονς.
742 5152 890 5234 λῃ,
913 5155 1034 5234 tres
1083 5154 1475 5234 vetustissimi
1522 5157 1763 5234 codices

131 5230 284 5343 {si
302 5217 555 5305 duobus
574 5221 727 5279 aliis.
742 5222 895 5280 Editi
912 5223 1335 5298 immutatione
1355 5244 1603 5302 prorsus
1631 5230 1761 5289 inu-

287 5310 547 5363 φεμενοις.

206 5345 361 5445 (4ῤ)“
406 5345 748 5445 aenei-dam.
824 5369 937 5445 Ita_
987 5368 1160 5441 Med.,
1224 5369 1401 5445 Coisl.
1484 5377 1757 5445 uterque,

138 5432 301 5555 Hirti.
336 5435 540 5507 prima
583 5452 779 5493 manu
808 5443 865 5494 et
903 5441 1044 5511 Reg.
1099 5432 1424 5500 secundus.
1458 5445 1609 5500 Editi
1634 5432 1760 5499 Ἀιαέ

140 5521 191 5554 τ’
278 5525 338 5555 ιε-

216 5545 338 5643 (ᾖ)
371 5578 701 5634 Ἀπαντῶσι.
744 5581 882 5636 Post
908 5581 1024 5639 hoc
1059 5583 1314 5640 verbum
1343 5586 1485 5643 editi
1525 5588 1761 5646 addunt

132 5646 586 5734 70320700L564‘
612 5650 993 5732 hoeqdesunt
1016 5655 1080 5711 in
1097 5672 1202 5713 sex
1226 5672 1374 5714 mss.
1398 5663 1454 5716 et
1476 5660 1538 5715 in
1559 5661 1759 5733 prima

128 5717 393 5782 editione
426 5722 790 5783 Basileensi.

1869 4802 2429 4954 ῗιῖιξδῗοξράφεινπι.
2488 4869 2778 4954 Voculam
2835 4863 3184 4954 addidimus
3230 4878 3305 4920 ex
3351 4861 3528 4935 Med.,

1871 4936 2052 5015 Harl.,'
2076 4936 2252 5002 Cois].
2280 4946 2619 5070 utrogueet
2646 4944 2787 5012 Reg.
2821 4936 3113 5021 secundo.
3178 4969 3183 4974 -

1941 5018 2056 5070 (44)
2097 5017 2357 5070 Δεύτερον.
2464 5012 2718 5070 ditiones
2765 5014 3128 5068 Paris1enses
3178 5026 3183 5063 ;

1941 5006 2056 5088 (44)
2097 5017 2373 5091 Δεύτερον..
2419 5006 3128 5091 Editiones'Parisienses
3178 5006 3414 5090 addunt
3440 5009 3531 5063 καὶ

1868 5078 2195 5169 μικρότερον,
2226 5078 2332 5143 s'ed
2357 5086 2487 5142 haec
2510 5084 2574 5141 in
2601 5083 2769 5169 nullo
2797 5081 3005 5169 codice
3031 5097 3150 5169 ms.
3172 5078 3529 5169 reperimus,

1858 5151 2290 5233 .hqeque'etiam
2335 5159 2661 5215 occurrunt
2701 5154 2764 5215 in
2811 5152 3175 5212 editionibus
3232 5151 3529 5211 Basileen-

1871 5230 2062 5289 sibiis.

1942 5303 2056 5376 (45)
2103 5302 2369 5376 Ἱσαάκης.
2414 5303 2499 5376 ita
2542 5298 2740 5376 Coisl.
2765 5298 3030 5376 primus,
3054 5294 3250 5376 ᾔει-1,,
3291 5294 3439 5376 Med.
3473 5296 3531 5350 et

1868 5369 2014 5445 Reg.
2037 5369 2285 5448 primus
2328 5378 2386 5448 et
2435 5371 2624 5448 Bigot.
2665 5369 2834 5430 alter.
2881 5370 3035 5429 Editi
3063 5369 3347 5429 Ἰσαάκιος.
3379 5369 3532 5433 Qua-

1868 5450 2006 5501 tuor
2034 5445 2134 5502 alii
2167 5462 2312 5502 mss.
2348 5446 2622 5504 Ἰωσάκης.

1942 5516 2053 5586 (46)
2109 5519 2345 5590 Ταύτῃη
2387 5517 2656 5590 Quatuor
2719 5531 2869 5590 mss.
2939 5528 3064 5570 non
3109 5507 3528 5590 _yetustissimi

1866 5578 2084 5650 ταύτης.
2114 5590 2245 5644 Mox
2263 5578 2427 5644 'editi
2446 5595 2708 5650 παρεῖναι.
2748 5589 2885 5642 Tres
2927 5579 3318 5641 vetustissimi
3360 5578 3527 5635 codi-

1867 5676 1967 5757 ce?
1996 5659 2445 5790 (λῖιῗερὲὲῗξῧε
2468 5659 2903 5803 ἓὲιῗῗρῗὲρξὲιῗόο
2919 5732 3022 5785 373
