4152 6374
150 268 247 321 577

709 393 1051 442 ΕΠΙΣΤΟΛΗ
1090 386 1250 444 ΡΛΖ.

1089 261 1578 320 EPISTOLARUM
1614 258 1900 319 CLASSIS
1937 260 2003 318 Il.
2043 263 2256 322 EPIST.
2296 266 2616 323 CXXXVIII.

3453 277 3558 331 578

2382 392 2713 448 EPISTULA
2753 393 3068 450 CXXXVll'.

163 498 431 576 Basilius
467 511 627 576 cum_
648 498 788 566 jam
841 502 1027 576 totum
1074 511 1331 576 mensem
1363 495 1539 566 aquis
1592 493 1818 576 calidis
1857 498 2351 576 curaretur,_lzqc
2381 499 2576 576 utitur
2604 501 3007 576 excusatione,
3044 518 3174 576 cur,
3205 503 3556 576 Antipatro,

233 569 1074 648 gubernacula_capessente,
1125 568 1492 648 adessc_ngn
1519 567 1742 648 possit.
1768 566 1960 637 Rogat
1998 575 2064 624 ut
2103 566 2406 641 judicium
2455 571 2527 627 de
2563 571 2822 642 quodam
2863 566 3168 631 Palladiae
3206 566 3560 648 prop-inquis

232 639 356 698 suae
385 641 640 712 negotio
670 641 737 696 in
763 641 1088 698 adventum
1113 656 1287 696 suum
1318 639 1666 710 cli/feratur.

843 763 1187 839 Ἀντιπάτρῳ.

236 882 348 929 Νῦν
395 892 491 947 μοι
531 869 708 926 δοκῶν
752 871 984 945 μάλιστα
1013 870 1424 924 ἐπαισθάνεσθαι
1461 878 1552 930 τῆς
1582 871 1795 942 ζημίας,

170 967 230 1025 ἣν
283 966 538 1037 ὑπομένω
580 958 676 1014 διὰ
724 964 784 1014 τὸ
828 960 1151 1036 ἀῤῥωστείνο
1187 962 1360 1027 ὁπότε,
1395 957 1583 1033 ἀνδρὸς
1631 960 1801 1011 τοιού-

168 1075 259 1108 του
308 1058 410 1113 τὴν
458 1047 706 1126 πατρίδα
749 1052 894 1124 ἡμῶν
941 1049 1230 1124 ἐφέποντος,
1263 1050 1419 1111 αὐτὸς
1457 1048 1664 1102 ἀπεῖναι
1707 1045 1802 1100 διὰ

167 1151 264 1204 τὴν
331 1141 638 1215 ἐπιμέλειαν
708 1146 802 1193 τοῦ
869 1145 1109 1213 σώματος
1184 1139 1574 1212 ἀναγκάζομαι.
1646 1146 1804 1196 Μῆνα

178 1237 282 1310 γὰρ
332 1232 452 1286 ὅλον
498 1227 611 1289 ἤδη
655 1231 1084 1304 προσκαθέζομαι
1115 1229 1228 1303 (52)
1270 1237 1334 1302 τῇ
1395 1229 1449 1282 ἐκ
1504 1237 1603 1282 τῶν
1651 1227 1804 1280 αύτο-

186 1332 328 1397 φυῶς
366 1324 572 1396 θερμῶν
604 1319 723 1389 (53)
758 1315 966 1371 ὑδάτων
1017 1321 1285 1394 θεραπείᾳ,
1314 1320 1379 1380 ὡς
1425 1315 1492 1377 δή
1542 1339 1595 1371 τι
1633 1316 1804 1390 ὄφελος

188 1414 416 1469 ἐντεῦθεν
472 1410 617 1474 ἕξων.
676 1406 862 1462 Ἔοικα
922 1404 982 1461 δὲ
1048 1405 1296 1470 διακενῆς
1346 1415 1516 1461 πονεῖν
1573 1407 1659 1460 ἐπὶ
1713 1415 1804 1468 τῆς

192 1506 459 1579 ἐρημίας,
517 1499 549 1558 ἦ
613 1502 706 1551 καὶ
761 1496 977 1570 γέλωτος
1032 1503 1135 1559 τοῖς
1191 1497 1402 1558 πολλοῖς
1466 1496 1612 1560 ἄξιος
1676 1495 1805 1549 εἶναι

194 1593 503 1666 φαίνεσθαι,
560 1584 701 1661 μηδὲ
753 1596 846 1649 τῆς
900 1591 1183 1664 παροιμίας
1239 1587 1441 1640 ἀκούων
1497 1597 1594 1649 τῆς
1653 1585 1805 1640 οὐδὲν

347 1682 551 1755 θερμῶν
606 1677 783 1750 ὄφελος
842 1673 972 1729 εἶναι
1028 1684 1139 1740 τοῖς
1195 1679 1474 1735 τεθνηκόσι
1523 1676 1801 1749 λεγούσης.

181 1775 371 1846 Διόπερ
413 1788 509 1820 και
541 1767 706 1828 οὕτως
748 1769 887 1839 ἔχων
918 1765 1178 1840 βούλομαι
1211 1768 1382 1819 πάντα
1409 1771 1595 1841 παρεὶς
1639 1786 1803 1819 κατα-

171 1860 355 1915 λαϐεῖν
429 1877 529 1911 σου
600 1860 695 1915 τὴν
750 1859 1152 1932 σεμνοπρέπειαν
1183 1877 1196 1891 ο
1255 1857 1389 1910 ὥστε
1442 1863 1545 1909 τῶν
1602 1856 1651 1909 ἐν
1721 1860 1806 1909 σοὶ

173 1951 349 2004 καλῶν
399 1946 710 2014 ἀπολαύειν,
737 1949 828 1998 καὶ
869 1948 935 1998 τὰ
969 1948 1105 1998 κατά
1151 1949 1236 1998 τὸν
1283 1942 1421 1998 οἶκον
1455 1948 1540 1998 τὸν
1579 1944 1806 2019 ἐμαυτοῦ

182 2042 480 2112 πράγματα
538 2032 637 2088 διὰ
692 2042 789 2095 τῆς
839 2041 935 2095 σῆς
986 2033 1264 2109 ὀρθότητος
1316 2033 1578 2107 εὐπρεπῶς
1632 2031 1807 2087 διαθέ-

188 2130 334 2182 σθαι.
399 2127 558 2198 Ἐμός
609 2126 709 2199 γὰρ
752 2123 892 2176 ἐστιν
937 2119 1074 2184 ἴδιος
1123 2125 1148 2176 ὁ
1200 2132 1290 2184 τῆς
1341 2125 1656 2196 σεμνοτάτης
1709 2144 1808 2197 μη-

182 2223 307 2292 τρὸς
348 2221 495 2290 ἡμῶν
556 2211 864 2277 Παλλαδίας
917 2210 1088 2276 οἶκοςο
1135 2213 1196 2272 ἣν
1227 2214 1286 2266 ού
1325 2218 1479 2288 μόνον
1526 2216 1557 2272 ἡ
1598 2222 1689 2268 τοῦ
1725 2219 1810 2286 ’γέ-

182 2328 303 2368 νους
363 2306 634 2366 οἰκειότης
700 2305 828 2376 ἡμῖν
891 2305 1140 2356 συνάπτει
1168 2346 1182 2370 ,
1248 2303 1375 2356 ἀλλὰ
1437 2308 1527 2356 καὶ
1592 2307 1650 2357 τὸ
1716 2309 1810 2356 τοῦ

175 2404 381 2475 τρόπου
455 2391 633 2458 δεξιὸν
691 2391 804 2445 ἀντὶ
865 2395 1065 2468 μητρὸς
1126 2394 1252 2465 ἡμῖν
1311 2389 1441 2446 εἶναι
1496 2397 1800 2452 πεποίηκεν.

174 2489 327 2542 Ἐπεὶ
358 2482 454 2538 οὖν
494 2485 772 2541 κεκίνηταί
813 2487 889 2544 τίς
928 2487 1137 2556 ταραχὴ
1167 2486 1286 2558 περὶ
1323 2486 1411 2536 τὸν
1456 2481 1596 2536 οἶκον
1624 2483 1810 2553 αὐτῆς,

187 2577 442 2647 ἀξιοῦμέν
474 2593 573 2626 σου
615 2575 713 2630 τὴν
757 2570 1098 2644 μεγαλόνοιαν
1139 2575 1325 2644 μικρὸν
1372 2573 1692 2642 ὑπερθέσθαι
1718 2576 1812 2630 τὴν

195 2666 472 2730 ἐξέτασιν,
512 2666 600 2714 καὶ
651 2659 928 2734 ἀναμεῖναι
976 2662 1122 2733 ἡμῶν
1178 2665 1274 2717 τὴν
1330 2667 1648 2736 παρουσίαν,
1707 2660 1814 2732 ούχ

198 2757 346 2806 ὥστε
375 2749 725 2826 διαφθαρῆναι
763 2752 824 2802 τὸ
857 2746 1064 2802 δίκαιον
1089 2750 1362 2825 (μυριάκις
1388 2755 1485 2822 γὴν
1516 2749 1576 2802 ἆν
1607 2749 1814 2803 ἀποθα-

195 2851 310 2897 νεῖν
345 2841 572 2913 ﬁnium,
602 2841 629 2899 ἦ
657 2842 910 2899 τοιαύτην
942 2839 1164 2898 αἰτῆσαι
1189 2842 1352 2915 χάριν
1381 2843 1525 2915 παρὰ
1555 2837 1814 2893 δικαστου

199 2933 363 3006 φίλου
411 2938 514 2991 τοῖς
556 2933 730 3004 νόμοις
780 2934 872 2982 καὶ
919 2937 992 3000 τῷ
1033 2926 1273 3001 δικαίῳ),
1305 2929 1412 2982 ἀλλ’
1460 2932 1594 2983 ὥστε
1641 2930 1676 2982 ἃ
1721 2931 1815 2983 ούκ

202 3023 453 3095 εὐπρεπὲς
493 3020 606 3093 ἐμοὶ
635 3021 874 3093 γράφειν,
906 3025 1074 3071 ταῦτα
1117 3017 1218 3072 ἀπὸ
1269 3023 1525 3092 στόματος
1567 3018 1814 3092 ἐπαγγέλ-

198 3113 379 3173 λοντος
405 3130 508 3184 μου
545 3111 756 3184 μαθεῖν.
790 3107 942 3160 Οὕτω
972 3110 1074 3182 γὰρ
1107 3111 1224 3160 οὔτε
1258 3108 1415 3170 αὐτὸς
1451 3117 1542 3169 τῆς
1572 3106 1817 3171 ἀληθείας

193 3200 581 3274 διαμαρτήση,
609 3201 726 3252 οὔτε
770 3198 918 3270 ἡμεῖς
954 3198 1243 3270 πεισόμεθά
1273 3217 1324 3250 τι
1368 3206 1468 3250 τῶν
1499 3197 1814 3265 ἀϐουλήτων.

193 3295 390 3364 Δέομαι
451 3285 545 3342 οὖν
571 3333 584 3352 ,
643 3294 738 3340 τοῦ
789 3291 1076 3361 προσώπου
1132 3285 1180 3338 ἐν
1230 3285 1482 3360 ἀσφαλείᾳ
1531 3291 1676 3350 ὄντος
1729 3291 1820 3339 καὶ

192 3383 566 3453 κατεχομένου
597 3378 743 3450 παρά
773 3383 869 3438 τῆς
896 3375 1108 3442 τάξεως,
1132 3374 1404 3450 ἀνεπαχθῆ
1433 3378 1628 3434 ταύτην
1657 3378 1821 3452 χάριν

195 3476 289 3524 καὶ
321 3469 670 3541 ἀνεπίφθονον
699 3468 825 3539 ἡμῖν
850 3466 1197 3521 καταθέσθαι.

770 3621 1108 3669 ΕΠΙΣΤΟΛΗ
1149 3621 1228 3668 ΡΛ
1241 3613 1316 3671 Η’.

1873 764 1920 817 Α
2581 767 2933 838 Antipatro.

1981 873 2150 927 Nunc
2205 873 2352 928 mihi
2409 873 2616 930 videor
2669 876 2934 932 maxime
2993 879 3212 934 sentire
3263 880 3559 938 damnum

1909 958 2076 1030 quod
2109 975 2181 1016 ex
2211 961 2426 1018 morbo
2455 963 2670 1035 patior,
2702 965 2974 1036 quando,
3002 970 3168 1023 tanto
3196 967 3324 1024 viro
3354 969 3565 1042 patrita

1907 1053 2128 1105 nostrae
2172 1050 2586 1121 gubernacula
2629 1059 3000 1126 capessente,
3045 1055 3173 1128 ipse
3222 1057 3436 1114 abesse
3484 1059 3565 1116 ob

1910 1139 2284 1196 curationem
2309 1143 2578 1214 corporis
2602 1158 2808 1213 cogor.
2833 1145 2964 1200 Jam
2995 1145 3156 1202 enim
3184 1151 3378 1204 totum
3401 1165 3567 1206 men-

1911 1243 2038 1283 sem
2087 1229 2262 1302 aquis
2304 1234 2522 1287 natura
2566 1231 2775 1287 calidis
2825 1249 3020 1304 curor,
3049 1239 3114 1290 ut
3159 1236 3299 1292 inde
3339 1237 3568 1310 aliquid

1910 1317 2176 1373 utilitatis
2230 1324 2606 1392 accepturus.
2641 1321 2856 1377 Videor
2898 1326 3100 1379 autem
3131 1323 3351 1382 frustra
3394 1326 3563 1383 labo-

1910 1421 2043 1462 rare
2088 1406 2151 1462 in
2201 1407 2544 1478 solitudine,
2577 1409 2673 1465 vel
2718 1410 2898 1466 etiam
2944 1411 3167 1482 dignus
3208 1429 3340 1470 esse
3385 1432 3568 1488 quem

1912 1495 2180 1568 plerique
2223 1496 2480 1563 rideant,
2517 1503 2583 1554 ut
2627 1500 2730 1572 qui
2775 1515 2850 1555 ne
2893 1500 3283 1572 proverbium
3322 1504 3570 1576 quidem

1912 1585 2267 1656 intelligam,
2296 1589 2460 1660 quod
2491 1594 2763 1645 mortuos
2795 1589 3003 1646 calidis
3028 1607 3150 1647 non
3177 1592 3378 1663 juvari
3407 1593 3571 1651 dicit.

1913 1676 2310 1748 Quapropter,
2335 1693 2695 1751 quanquam
2723 1679 2806 1735 ita
2831 1695 2929 1735 me
2957 1680 3176 1752 habeo,
3210 1683 3570 1754 praetermis-

1914 1764 1994 1820 sis
2027 1764 2207 1820 rebus
2237 1766 2547 1833 omnibus,
2581 1768 2659 1823 ad
2690 1772 2858 1824 tuam
2889 1769 3353 1842 amplitudinem
3385 1773 3573 1846 proﬁ-

1913 1853 2054 1910 cisci
2098 1854 2260 1922 volo,
2288 1859 2355 1911 ut
2395 1855 2573 1912 bonis
2605 1873 2742 1929 quae
2790 1857 2851 1913 in
2899 1862 2953 1914 te
2998 1864 3158 1924 sunt,
3193 1860 3486 1934 perfruar,
3517 1865 3576 1919 et

1914 1943 2137 2000 domus
2162 1959 2314 2000 meae
2349 1945 2556 2015 rebus,
2587 1962 2696 2018 per
2725 1947 3128 2017 integritatem
3153 1953 3340 2022 tuam,
3368 1955 3436 2008 ut
3465 1968 3576 2024 par

1915 2037 2026 2101 est,
2059 2033 2396 2089 consulam.
2440 2034 2690 2107 Propria
2731 2035 2889 2092 enim
2936 2053 3075 2094 mea
3117 2042 3203 2095 est
3228 2040 3438 2096 matris
3469 2056 3576 2097 no-

1914 2127 2051 2178 strae
2098 2122 2538 2180 colendissimae
2583 2124 2863 2181 Palladiae
2907 2125 3174 2183 domus:
3231 2144 3418 2200 quam
3451 2144 3575 2185 non

1917 2213 2115 2269 solum
2146 2213 2381 2283 generis
2423 2214 2845 2288 propinquitas
2882 2215 3059 2272 nobis
3102 2219 3434 2290 conjungit,
3469 2219 3577 2276 sed

1917 2303 2097 2359 etiam
2142 2319 2382 2359 morum
2430 2303 2698 2376 probitas
2744 2303 2902 2376 fecit,
2934 2311 2998 2362 ut
3027 2307 3234 2363 matris
3279 2309 3414 2364 loco
3439 2324 3577 2364 eam

1917 2391 2302 2448 haberemus.
2355 2394 2502 2448 Cum
2553 2393 2734 2463 igitur
2779 2395 3073 2452 tumultus
3122 2395 3374 2468 quidam
3422 2397 3580 2455 circa

1918 2482 2076 2538 illius
2121 2481 2377 2538 domum
2413 2487 2756 2539 commotus
2786 2483 2879 2554 sit,
2911 2499 3198 2557 rogamus
3239 2490 3410 2543 tuam
3454 2503 3581 2544 ma-

1922 2572 2399 2643 gnanimitatem,
2431 2578 2496 2628 ut
2537 2573 2847 2646 paulisper
2883 2574 3366 2649 disquisitionem
3413 2577 3582 2634 diffe-

1920 2678 2040 2730 ras,
2073 2661 2525 2734 adventumque
2571 2666 2851 2718 nostrum
2879 2668 3206 2736 exspectes,
3238 2681 3363 2721 non
3394 2670 3461 2722 ut
3479 2667 3581 2737 jus

1925 2755 2349 2823 corrumpatur
2387 2750 2626 2817 (millies
2677 2752 2838 2807 enim
2878 2753 3030 2809 mori
3078 2753 3346 2821 mallem,
3391 2771 3580 2828 quam

1924 2839 2222 2913 ejusmodi
2273 2841 2527 2910 gratiam
2560 2856 2596 2896 a
2619 2839 2822 2910 judice
2855 2841 3033 2913 229
3076 2841 3281 2912 legum
3306 2842 3583 2916 jurisque

1925 2930 2169 2984 amante
2210 2925 2578 2998 exposcere),
2617 2924 2725 2980 sed
2773 2929 2838 2981 ut
2881 2941 2953 2981 ea
2994 2942 3131 2998 quas
3180 2943 3217 2982 a
3263 2943 3360 2984 me
3404 2927 3583 2984 scribi

1923 3032 2047 3073 non
2078 3014 2268 3080 decet,
2298 3031 2395 3070 me
2424 3015 2712 3071 referente
2741 3029 2814 3070 ex
2841 3031 2980 3072 meo
3004 3016 3196 3088 ipsius
3225 3032 3327 3074 ore
3357 3016 3580 3074 discas.

1926 3109 2075 3163 Nam
2117 3104 2233 3160 hoc
2280 3109 2459 3177 pacto
2510 3120 2708 3177 neque
2757 3107 2822 3160 tu
2869 3120 2906 3161 ο.
2956 3105 3205 3161 veritate
3251 3105 3583 3176 aberrabis,

1926 3210 2124 3267 neque
2155 3209 2266 3249 nos
2291 3193 2633 3266 quidquam
2671 3192 2906 3249 molesti
2935 3193 3254 3266 patiemur.
3281 3198 3447 3264 Roga
3473 3195 3583 3264 igi-

1929 3289 2042 3355 tur,
2072 3287 2137 3338 ut
2185 3298 2324 3338 cum
2362 3297 2629 3355 persona
2676 3282 2739 3338 in
2788 3285 2915 3339 tuto
2958 3283 3157 3355 posita
3205 3284 3278 3340 sit
3317 3288 3500 3356 atque
3548 3298 3587 3340 a

1931 3373 2174 3429 cohorte
2204 3370 2558 3441 detineatur,
2597 3370 2756 3426 hanc
2801 3372 3058 3441 gratiam
3105 3371 3382 3429 molestia
3408 3376 3467 3429 et
3494 3371 3586 3428 in-

1864 3467 1904 3522 C
1931 3461 2096 3520 vidia
2124 3465 2428 3518 carentem
2454 3460 2633 3516 nobis
2664 3475 2787 3516 non
2813 3459 3102 3532 deneges.

2439 3613 2775 3669 EPISTOLA
2815 3613 3133 3670 CXXXVII'.

199 3727 483 3784 Morbum
532 3739 729 3782 suum.
767 3725 940 3793 cujus
987 3728 1112 3778 tum
1155 3723 1684 3795 quinquagesimus
1731 3725 1863 3795 erat
1907 3721 2049 3795 dies,
2076 3725 2351 3795 egocusat,
2383 3734 2496 3795 cur
2532 3720 2596 3774 in
2625 3719 2868 3795 Syriam
2906 3721 3211 3795 proﬁcisci
3232 3735 3353 3776 non
3379 3723 3588 3790 possit,

315 3797 560 3855 uamvis
600 3795 783 3864 hujus
825 3791 918 3851 rei
946 3791 1361 3864 cupidissimus
1389 3795 1487 3864 sit,
1515 3799 1582 3849 ut
1611 3793 1877 3864 consiliis
1903 3792 2150 3848 Eusebii
2176 3791 2258 3847 ad
2286 3791 2505 3864 multa,
2518 3805 2668 3864 _quac
2705 3791 2969 3864 scribere
3010 3806 3131 3846 non
3163 3791 3322 3864 licet,
3355 3797 3588 3847 utatur.

315 3815 560 3855 uamvzs
600 3815 783 3864 RUJUS
825 3815 918 3851 re:
946 3815 1361 3864 cuplalsszmus
1389 3815 1487 3864 su,
1515 3815 1578 3849 ul
1611 3815 1877 3850 consutis
1903 3815 2148 3848 Duseou
2176 3815 2255 3847 uu
2286 3815 2502 3858 mauu,
2535 3815 2667 3861 qua:
2705 3815 2969 3847 δεῆσαν-ον
3010 3815 3131 3846 nun
3164 3815 3322 3859 ιιιέι,
3355 3815 3588 3847 utatur.

270 3815 537 3925 interim
587 3867 833 3922 nuntiat
872 3867 928 3922 ei
972 3866 1121 3937 quid
1165 3866 1472 3936 Evagrius
1521 3867 1711 3922 Roma
1758 3863 2005 3937 rediens
2034 3863 2444 3937 proposuerit._
2477 3861 3103 3937 Narrat_§eb(z_stenos
3135 3863 3363 3937 detego
3391 3863 3593 3937 ulcere

271 3938 600 3997 Eustathii
619 3939 702 3994 ad
724 3953 786 3994 se
806 3933 1153 4008 confugere,
1177 3933 1353 4008 seque
1381 3938 1456 3992 ab
1486 3936 1892 3993 Iconiensibus
1924 3935 2232 4004 advocari,
2256 3940 2321 3988 ut
2348 3933 2687 4002 episcopum
2709 3933 2836 3988 illis
2867 3933 2986 4001 det,
3009 3937 3247 3989 mortuo
3271 3935 3588 3991 Faustino.

273 4014 390 4069 His
422 4011 498 4068 de
527 4010 708 4066 rebus
737 4009 1056 4066 consilium
1086 4009 1354 4081 exquirit
1380 4008 1642 4064 Eusebii.

548 4159 803 4233 Εὖσεϐίῳ,
846 4159 1114 4232 ἓπισκόπῳ
1155 4162 1490 4234 Σαμοσάτων.

284 4278 337 4330 1,
379 4278 511 4324 Τινα
559 4288 622 4342 με
669 4271 765 4321 οἴει
806 4267 995 4340 ψυχὴν
1044 4267 1350 4339 ἐσχηκέναι,
1386 4269 1468 4320 ὅτε
1497 4271 1592 4326 τὴν
1622 4266 1827 4319 ἐπιστο-

203 4363 304 4420 λὴν
354 4358 621 4432 ἐδεξάμην
659 4365 757 4420 τῆς
802 4355 1096 4419 θεοσεϐείας
1134 4374 1269 4424 σου;
1307 4357 1366 4410 Εἰ
1413 4359 1502 4429 μὲν
1548 4359 1651 4430 γὰρ
1700 4358 1830 4430 πρὸς

213 4457 313 4508 τήν
361 4450 410 4501 ἐν
452 4457 524 4518 τῷ
572 4437 862 4524 γράμματι·
893 4442 1110 4498 ἀπείδον
1151 4443 1410 4517 διάθεσιν,
1441 4446 1593 4506 εὐθὺς
1645 4447 1828 4517 ὥρμων

213 4540 478 4593 πέτεσθαι
519 4542 610 4595 τήν
675 4537 822 4597 εὐθὺς
871 4537 1081 4607 Σύρωνο
1138 4535 1182 4588 εἰ
1231 4531 1290 4588 δὲ
1337 4538 1468 4608 πρὸς
1515 4539 1608 4593 την
1663 4532 1830 4609 ἀρῥω-

217 4633 384 4682 στίαν
451 4633 538 4678 τοῦ
595 4631 861 4700 σώματος,
921 4624 1006 4697 ὑφ’
1063 4625 1122 4686 ἧς
1185 4621 1537 4697 πεπεδημένος
1597 4624 1826 4696 ἐκείμην,

215 4719 529 4791 ᾐσθανόμην
588 4716 718 4788 οὐχὶ
774 4721 866 4766 τοῦ
915 4716 1166 4766 πέτεσθαι
1213 4717 1385 4786 μόνον,
1431 4711 1558 4765 ἀλλὰ
1602 4717 1693 4764 καὶ
1739 4718 1831 4763 τοῦ
1863 4695 1905 4748 D

209 4809 299 4862 ἐπὶ
360 4814 461 4868 τῆς
511 4805 693 4867 κλίνης
755 4805 1070 4879 στρέφεσθαι
1130 4799 1316 4864 ἐνδεῶς
1371 4805 1527 4874 ἔχων.
1571 4809 1834 4858 ΙἸεντηκο-

205 4905 338 4959 στήν
409 4900 516 4972 γὰρ
577 4898 775 4954 ταύτην
830 4896 1027 4967 ἡμέραν
1085 4891 1213 4965 ἦγον
1280 4892 1327 4945 ἐν
1387 4901 1450 4966 τῇ
1520 4891 1831 4968 ἀρρωστία,

203 4990 327 5043 καθ’
371 4989 439 5048 ἦν
491 4987 687 5043 ἐπέστη
735 4987 859 5058 ἡμῖν
905 4983 930 5035 ὁ
970 4981 1240 5055 ἀγαπητὸς
1283 4985 1370 5034 καὶ
1419 4978 1835 5042 σπουδαιότατος

213 5076 442 5150 ἀδελφὸς
491 5079 645 5149 ἡμῶν
688 5070 1031 5134 συνδιάκονος
1070 5069 1338 5134 Ἐλπίὸιος
1363 5093 1376 5106 ·
1416 5071 1581 5124 πολλὰ
1625 5074 1715 5144 μὲν
1763 5079 1836 5142 τῷ

213 5175 425 5241 πυρετῷ
469 5163 803 5225 δαπανηθείς
827 5183 840 5197 ο
874 5161 951 5222 ὃς.
993 5161 1187 5237 ἀπορίᾳ
1225 5169 1317 5222 τῆς
1359 5162 1648 5235 τρεφούσης
1681 5159 1836 5210 αὑτὸν

289 5293 405 5360 (5'2)
442 5287 592 5349 Ἤδη
620 5288 1086 5362 προσκαθεζομαι..
1119 5285 1205 5341 Ita
1234 5283 1390 5362 Harl.
1428 5289 1486 5362 et
1516 5283 1675 5362 Med.
1697 5299 1838 5362 cum

221 5354 408 5419 tribus
453 5362 616 5420 aliis.
665 5354 876 5416 Deerat
923 5354 1029 5416 ἤδη
1071 5356 1134 5412 in
1181 5356 1380 5422 editis,
1422 5360 1480 5412 et
1525 5354 1841 5426 legebatur

223 5439 686 5506 προσκαθέσομαι.

297 5507 402 5589 (δίς)
431 5496 676 5589 θερμῶν.
703 5505 881 5589 Qeest
917 5516 990 5557 ea
1028 5516 1145 5589 volt
1174 5500 1234 5589 in
1270 5497 1581 5586 codicibus
1605 5496 1844 5589 ἕωλοι

226 5570 395 5654 Coisl.’
435 5570 669 5654 ριίὶὶῃο.
723 5572 844 5654 ξςά
891 5587 1032 5628 cum
1071 5570 1563 5654 ἱῌιιάεηαύτοφμςῦν
1618 5571 1840 5654 θερμῷν,

216 5649 384 5726 quod
427 5642 526 5710 ést
571 5651 639 5707 in
684 5645 821 5704 aliis
871 5659 1022 5700 mss.
1070 5647 1129 5700 et
1170 5642 1366 5709 editis,
1411 5642 1698 5698 vitiosum
1745 5642 1840 5706 sit,

2217 4155 2494 4224 Eusebio,
2535 4156 2807 4226 episcopo
2845 4156 3316 4214 Samosatorum.

2015 4270 2062 4320 l.
2101 4267 2230 4332 Quo
2257 4279 2353 4320 me
2383 4263 2588 4320 animo
2632 4267 2808 4336 putas
2851 4263 3057 4332 fuisse,
3094 4281 3234 4322 cum
3275 4265 3596 4336 epistolam

1937 4355 2145 4427 accepi
2194 4353 2432 4427 pietatis
2483 4353 2646 4408 tuas?
2677 4353 2732 4409 Si
2780 4354 2942 4409 enim
2987 4355 3066 4408 ad
3115 4353 3382 4410 studium
3429 4354 3598 4426 quod

1939 4445 2086 4500 mihi
2132 4444 2192 4499 in
2243 4442 2500 4515 epistola
2529 4441 2900 4513 signiﬁcasti,
2940 4443 3362 4514 respiciebam,
3395 4443 3596 4498 statim

1939 4537 2002 4589 ut
2032 4537 2195 4588 recta
2225 4532 2303 4587 ad
2334 4533 2518 4603 Syros
2558 4530 2965 4598 convolarem,
2999 4530 3294 4586 incitabar
3322 4549 3335 4598 ;
3366 4530 3458 4586 sin
3488 4547 3597 4586 au-

1938 4627 2055 4680 tem
2080 4622 2158 4679 ad
2180 4621 2450 4694 corporis
2474 4619 2961 4686 imbecillitatem,
2977 4637 3097 4693 qua
3122 4619 3476 4677 constrictus
3498 4619 3600 4676 de-

1945 4711 2332 4779 cumbebam,
2364 4725 2486 4765 non
2516 4709 2700 4766 modo
2726 4709 2788 4764 id
2823 4709 2970 4764 mihi
2999 4709 3210 4765 deesse
3241 4708 3596 4780 sentiebam,

1944 4806 2009 4858 ut
2029 4801 2230 4857 volare
2257 4815 2525 4873 possem,
2551 4798 2655 4854 sed
2681 4798 2860 4854 etiam
2885 4801 2949 4854 ut
2974 4814 3070 4854 me
3098 4798 3156 4854 in
3177 4798 3330 4854 lecto
3356 4814 3602 4855 conver-

1943 4895 2084 4946 tere.
2125 4894 2274 4946 Nam
2313 4887 2892 4961 quinquagesimum
2939 4887 3101 4943 hunc
3141 4887 3298 4943 diem
3339 4887 3601 4959 agebam

1942 4981 2004 5036 in
2029 4979 2395 5045 inﬁrmitate,
2421 4993 2557 5032 cum
2590 4976 2833 5032 advenit
2860 4975 3037 5032 nobis
3067 4976 3320 5032 dilectus
3352 4993 3423 5032 ac
3453 4977 3602 5051 opti-

1944 5086 2082 5124 mus
2113 5069 2291 5124 frater
2322 5070 2526 5121 noster
2569 5065 2984 5121 condiaconus
3035 5066 3319 5139 Elpidius.
3354 5066 3600 5123 Multum

1944 5157 2192 5231 quidem
2227 5155 2388 5212 febre
2419 5170 2585 5210 eram
2619 5153 2928 5211 confectus
2953 5172 2965 5210 :
2995 5172 3130 5229 quas
3151 5155 3448 5212 nutriente
3477 5171 3603 5212 ma-

1948 5283 2149 5362 legere
2183 5279 2624 5362 no‘nndub‘itavi
2664 5279 2952 5362 αὐτοφύῷς,
2989 5284 3051 5336 ut
3093 5281 3160 5362 in
3197 5280 3450 5362 epistola
3495 5295 3596 5362 se-_

1946 5351 2151 5436 quanti
2203 5353 2280 5408 ad
2321 5351 2666 5436 Eusebium,
2697 5351 2981 5436 omnibus
3029 5352 3337 5408 codicibus
3368 5366 3512 5406 mss.
3545 5354 3603 5407 et

1947 5422 2118 5481 editis
2144 5422 2675 5493 consentientibus,
2708 5423 2943 5494 legitur.

2020 5498 2040 5518 "
2078 5496 2237 5552 Alias
2268 5495 2578 5566 CCCLXV].
2606 5494 2835 5566 Scripta
2864 5510 3026 5550 anno
3057 5498 3181 5549 373.

2021 5568 2065 5590 η
2101 5567 2262 5623 Alias
2293 5569 2426 5622 Vlll.
2461 5565 2689 5637 Scripta
2712 5565 2875 5622 anno
2905 5569 3031 5623 373.
