4152 6374
655 293 758 351 5'79

2021 279 2080 340 S.
2119 275 2369 336 BASILII
2405 277 2646 338 MAGNI.
3859 304 3936 359 580

653 419 801 476 teria
845 415 1144 486 destituta,
1181 415 1239 471 et
1290 412 1352 468 in
1409 409 1580 468 arida
1628 410 1745 467 hac
1798 423 1976 465 carne
2027 404 2190 462 velut
2239 402 2294 458 in

2343 406 2386 460 Α
2415 404 2560 472 ὕλης,
2607 415 2669 481 τῇ
2725 408 2860 484 ξηρᾷ
2905 411 3070 484 ταύτῃ
3124 414 3302 488 σαρκὶ,
3354 409 3455 466 οἷον
3505 416 3758 490 θρυαλλίδι
3788 441 3938 479 κεκαυ-

653 512 865 567 exusto
887 504 1155 580 quodam
1183 501 1483 576 ellychnio
1505 498 2304 560 circumvoluta,marcorem

654 615 724 656 ac
749 597 998 667 longam
1024 592 1438 665 aegritudinem
1461 590 1708 664 peperit.
1734 586 1956 645 Deinde
1985 600 2127 641 vero
2159 581 2306 639 anti-

653 705 779 763 qua
808 703 944 744 mea
971 685 1173 759 plaga,
1198 684 1369 754 jecur
1402 681 1551 737 illud
1582 680 1895 745 accedens,
1928 673 2180 732 exclusit
2209 687 2305 728 me

655 762 692 836 a
722 779 887 845 cibis,
918 775 1142 849 expulit
1171 774 1249 829 ab
1281 771 1468 828 oculis
1521 785 1824 835 somnum,
1859 772 1912 823 et
1938 767 1998 822 in
2029 762 2305 820 conﬁniis

654 867 906 925 detinuit
955 864 1090 920 vitae
1138 879 1209 918 ac
1253 861 1480 928 mortis,
1530 863 1764 916 tantum
1821 858 2020 914 vivere
2073 855 2299 923 sinens,

652 963 950 1032 quantum
973 971 1128 1028 opus
1158 957 1286 1009 erat
1314 951 1392 1007 ad
1413 949 1760 1006 sentiendos
1789 948 2052 1016 dolores,
2081 943 2304 1018 quibus

651 1065 748 1105 me
775 1043 1217 1104 exstimulabat.
1245 1049 1438 1108 Quare
1463 1045 1521 1096 et
1548 1040 1723 1113 aquis
1754 1056 1900 1095 usus
1921 1053 2054 1096 sum
2088 1039 2306 1090 natura

651 1137 950 1203 calidis,et
968 1132 1262 1190 nonnulla
1293 1148 1328 1188 a
1352 1130 1602 1187 medicis
1622 1129 1890 1185 remedia
1915 1124 2140 1198 accepi.
2165 1125 2304 1180 Om-

647 1227 750 1283 nia
797 1230 1001 1283 autem
1047 1221 1355 1295 superavit
1393 1220 1607 1291 ingens
1649 1218 1798 1275 illud
1841 1217 2091 1281 malum,
2137 1212 2304 1286 quod

647 1316 914 1389 quidem,
946 1314 997 1369 si
1038 1313 1194 1369 adsit
1240 1309 1634 1376 consuetudo,
1663 1309 1811 1364 forte
1841 1307 1993 1364 alius
2026 1303 2302 1378 perferat,

649 1406 852 1462 subito
890 1409 1093 1460 autem
1122 1401 1416 1457 inﬂictum
1447 1399 1649 1455 nullus
1689 1398 1842 1454 adeo
1871 1394 2302 1452 adamantinus

645 1501 711 1552 ut
741 1495 1051 1551 sustineat.
1073 1496 1117 1548 Α
1147 1508 1270 1563 quo
1297 1491 1399 1545 diu
1422 1494 1694 1558 vexatus,
1722 1501 2039 1559 nunquam
2071 1487 2303 1539 tantum

645 1585 834 1649 dolui,
866 1586 1164 1656 quantum
1199 1596 1362 1636 nunc
1389 1580 1466 1635 ab
1495 1594 1567 1634 eo
1595 1577 1944 1650 impeditus,
1977 1572 2304 1647 quominus

643 1675 706 1731 in
737 1674 981 1730 sincerae
1009 1677 1124 1728 tuaa
1145 1669 1476 1726 dilectionis
1497 1682 1888 1739 congressum
1910 1663 2302 1735 colloquium-

643 1781 763 1839 que
792 1763 1052 1821 veniam.
1088 1759 1261 1826 Quali
1285 1759 1447 1814 enim
1490 1757 1604 1813 sim
1637 1755 1822 1812 animi
1847 1755 2153 1826 voluptate
2178 1751 2300 1824 pri-

641 1860 840 1917 vatus,
868 1852 1012 1909 novi
1055 1855 1112 1906 et
1157 1850 1307 1922 ipse,
1339 1847 1450 1903 etsi
1493 1851 1760 1903 extremo
1805 1844 1991 1915 digito
2030 1840 2302 1898 dulcissi-

642 1959 816 2000 mum
859 1939 1129 1999 Ecclesiae
1171 1942 1385 1996 vestrae
1411 1937 1531 1994 mel
1561 1951 1724 1993 anno
1765 1934 2064 2008 praeterito
2106 1931 2299 2002 degu-

642 2033 816 2091 stavi.

713 2128 765 2180 2.
797 2121 934 2179 Mihi
957 2124 1161 2177 autem
1187 2121 1244 2176 et
1263 2118 1344 2174 ob
1367 2117 1484 2174 alia
1505 2115 1851 2173 necessaria
1871 2113 2112 2184 negotia
2141 2128 2298 2185 opus

643 2218 792 2279 erat,
817 2218 985 2269 tuam
1028 2215 1094 2266 ut
1123 2210 1406 2283 pietatem
1437 2207 1844 2274 convenirem,
1876 2220 1948 2261 ac
1976 2204 2051 2260 de
2097 2202 2298 2258 multis

641 2302 1184 2368 communicarem,
1217 2302 1274 2354 et
1315 2296 1506 2353 multa
1551 2296 1865 2352 discerem.
1899 2298 2100 2366 Neque
2136 2292 2297 2348 enim

638 2393 775 2449 licet
799 2391 895 2447 hic
923 2405 1132 2445 veram
1160 2387 1514 2444 charitatem
1543 2384 2013 2458 deprehendere.
2043 2381 2219 2448 Quod
2247 2381 2297 2437 si

639 2482 776 2556 quis
797 2481 975 2537 etiam
995 2478 1243 2535 omnino
1263 2482 1572 2532 amantem
1592 2474 1876 2541 inveniat,
1890 2479 2096 2530 tamen
2116 2486 2296 2527 nemo

639 2575 746 2633 est,
779 2573 886 2643 qui
913 2568 1102 2642 possit
1131 2583 1301 2640 aeque
1333 2582 1406 2622 ac
1434 2565 1700 2638 perfecta
1729 2570 1833 2620 tua
1854 2563 2174 2637 prudentia
2211 2567 2295 2617 at-

639 2678 758 2736 que
779 2659 1165 2734 experientia,
1192 2673 1379 2731 quam
1419 2673 1492 2713 ex
1523 2656 1726 2711 multis
1761 2671 1873 2727 pro
1904 2653 2175 2710 Ecclesiis
2210 2651 2295 2707 la-

639 2751 890 2809 boribus
919 2753 1277 2806 consecutus
1319 2763 1401 2819 es,
1431 2746 1749 2803 consilium
1799 2745 1976 2801 nobis
2007 2749 2083 2800 de
2111 2743 2294 2799 rebus

637 2841 968 2916 propositis
1008 2839 1175 2896 dare.
1219 2843 1301 2894 Ac
1329 2842 1547 2894 caetera
1587 2836 1835 2909 quidem
1879 2835 2139 2892 scribere
2168 2849 2292 2889 non

637 2931 774 2988 licet
801 2947 814 2986 :
845 2945 982 3002 quae
1011 2942 1155 2984 vero
1187 2926 1277 2982 vel
1307 2927 1570 2998 proferre
1599 2931 1791 2981 tutum
1831 2925 1927 2994 sit,
1959 2924 2088 2979 haec
2129 2926 2288 2977 sunt.

639 3019 955 3092 Presbyter
976 3016 1288 3086 Evagrius,
1308 3015 1656 3087 Pompeiani
1675 3013 2088 3070 Antiochensis
2109 3012 2292 3083 ﬁlius,

635 3109 744 3182 qui
777 3109 955 3180 230
981 3105 1295 3179 quondam
1327 3105 1383 3160 in
1411 3103 1793 3161 Occidentem
1820 3117 1957 3158 cum
1982 3101 2160 3157 beato
2180 3103 2293 3156 Eu-

637 3197 806 3253 sebio
831 3197 1134 3269 profectus
1163 3194 1375 3255 fuerat,
1405 3193 1580 3248 rediit
1603 3207 1765 3247 nunc
1793 3194 1999 3255 Roma,
2021 3195 2232 3261 petens
2257 3205 2295 3245 a

634 3285 812 3342 nobis
851 3283 1192 3356 epistolam,
1225 3281 1304 3337 ad
1334 3281 1585 3337 verbum
1613 3280 1750 3351 ipsa
1777 3278 1877 3333 illa
1907 3293 2044 3349 qum
2086 3276 2165 3332 ab
2208 3277 2293 3331 eis

635 3374 859 3445 scripta
884 3377 1041 3441 sunt,
1073 3372 1480 3427 continentem
1512 3370 1742 3440 (nostra
1766 3373 1967 3424 autem
1995 3367 2171 3423 nobis
2195 3382 2291 3422 re-

634 3469 726 3520 tro
750 3463 964 3530 retulit,
990 3467 1056 3517 ut
1082 3461 1224 3517 viris
1251 3461 1368 3517 illic
1398 3459 1872 3516 accuratioribus
1900 3474 2024 3514 non
2053 3459 2292 3531 placen-

636 3555 756 3625 tia),
789 3570 859 3610 ac
888 3553 1251 3623 legationem
1297 3551 1566 3625 aliquam
1600 3568 1706 3623 per
1731 3551 1890 3606 viros
1924 3551 2043 3606 ﬁde
2072 3551 2290 3620 dignos

633 3643 899 3701 celeriter
933 3643 1106 3710 mitti,
1143 3644 1203 3697 ut
1233 3639 1574 3713 speciosam
1617 3640 1702 3696 illi
1749 3639 2134 3696 occasionem
2176 3640 2291 3695 ha-

630 3733 815 3790 beant
847 3747 962 3789 nos
1005 3730 1324 3788 invisendi.
1369 3731 1481 3797 Qui
1531 3730 1814 3788 Sebastiae
1855 3729 2014 3785 idem
2064 3744 2136 3785 ac
2179 3744 2291 3785 nos

631 3823 914 3892 sentiunt,
949 3821 1182 3878 occulto
1216 3835 1415 3894 pravae
1445 3819 1746 3892 opinionis
1775 3819 2065 3875 Eustathii
2095 3817 2290 3874 ulcere

630 3911 882 3980 detecto,
910 3910 1182 3982 aliquam
1217 3927 1254 3966 a
1284 3910 1462 3966 nobis
1493 3909 1968 3966 ecclesiasticam
2012 3908 2290 3966 sollicitu-

629 4001 834 4055 dinem
857 4004 1210 4072 exposcunt.
1235 4000 1504 4056 Iconium
1535 4001 1738 4056 civitas
1764 4004 1852 4055 est
1871 4000 2121 4070 Pisidiae,
2147 3999 2290 4055 olim

630 4088 879 4160 quidem
903 4092 1042 4159 post
1073 4087 1331 4159 primam
1355 4088 1644 4153 maxima,
1674 4104 1835 4142 nunc
1883 4104 2024 4144 vero
2065 4093 2122 4143 et
2157 4089 2291 4160 ipsa

629 4175 910 4250 praesidet
937 4177 990 4231 ei
1015 4175 1192 4249 parti,
1221 4191 1358 4248 quae
1387 4192 1458 4232 ex
1484 4175 1738 4232 diversis
1765 4177 2089 4246 segmentis
2121 4193 2287 4233 com-

852 4340 1286 4420 Μαρασμὸν.]ῐ8,
1311 4336 1468 4392 Harl.
1490 4341 1547 4392 et
1566 4337 1718 4420 ‘Med.
1754 4337 1904 4394 Editi
1934 4336 2227 4420 μερασμώδ
2233 4361 2285 4400 η.

627 4407 803 4500 qu'sl.
836 4407 1069 4500 primus
1094 4414 1152 4464 et
1181 4411 1319 4500 Reg.
1355 4407 2052 4500 εθοιιηᾱιιεμαρασμώὃη,

695 4484 808 4570 (55)
842 4481 1175 4555 Ἒπιτρέπον.
1217 4485 1301 4537 lta
1341 4497 1512 4550 11188.,
1541 4481 1969 4554 meliUS'quam
2001 4483 2143 4541 editi
2175 4482 2286 4537 ἐπι-

624 4573 844 4630 τρεπων.

695 4627 806 4697 (56)
850 4626 1094 4697 Ἐνέγκοι.
1115 4624 1199 4680 Ita
1220 4639 1405 4681 mass.
1425 4625 1580 4680 octo.
1606 4623 1792 4680 Editio
1814 4628 2042 4696 Hagan.
2063 4625 2284 4698 ἐνέγκος.

623 4697 769 4752 AlitB
797 4701 1026 4768 ἤνεγκεν.

694 4772 805 4844 (5-7)
849 4766 1316 4844 ’Ᾱπεστερήθημει
1351 4766 1444 4824 Sic
1470 4766 2026 4844 ducantiquissimi
2051 4770 2287 4844 codices

625 4838 796 4895 Harl.
836 4845 892 4894 et
939 4838 1112 4895 Cois’l.
1163 4838 1417 4914 primus.
1470 4839 1620 4914 Etliti
1667 4838 2045 4914 ἀπεστερήθην.
2097 4843 2286 4900 Paulo

623 4915 760 4985 post
785 4916 1042 4985 quatuor
1068 4909 1306 4966 codices
1339 4909 1698 4985 recentiores
1733 4909 2150 4985 ἀπεγευσάμεθα.

695 4982 928 5063 (158).Εὶς
971 4987 1187 5063 ταυτὸν,
1222 4982 1377 5036 Harl.
1426 4982 1499 5043 εἰς
1536 4983 1930 5063 ταυτρπΛΡᾶιι-ΙΟ
1972 4982 2108 5056 post
2146 4985 2287 5040 editi

622 5053 877 5179 ἑοὲὶίὲἀρ
927 5049 1102 5110 οὐδέν.
1151 5056 1264 5110 Sex
1311 5070 1458 5108 mss.
1509 5057 1565 5109 et
1613 5055 1794 5110 editio
1837 5049 2064 5125 Hagan.
2114 5062 2178 5112 ut
2225 5059 2285 5113 in

648 5139 808 5179 BXIU.

655 5193 805 5280 "(59)
846 5193 1022 5266 Εὖροι.
1059 5194 1151 5250 Sic
1209 5199 1326 5251 tres
1375 5195 1768 5252 vetustissimi
1822 5195 2081 5255 codices.
2135 5200 2285 5256 Editi

622 5285 774 5338 ευρη.

693 5338 831 5411 (ειν)
869 5342 1145 5411 Μαααρίῳ.
1181 5339 1448 5411 Quatuor
1469 5339 1706 5411 codices
1733 5357 1856 5396 non
1896 5343 2285 5399 vetustissimi

620 5409 858 5490 addﬁunt
878 5407 1051 5490 ἀνδρί.
1079 5407 1260 5490 Paulo
1282 5415 1418 5484 post
1438 5410 1616 5490 editio
1641 5412 1990 5468 Basileensis
2013 5415 2285 5471 secunda

621 5483 706 5559 et.
733 5483 1253 5559 Parisiensesfim
1290 5483 1694 5559 κατεπείγσθαι.
1743 5486 1984 5555 Septem
2029 5501 2173 5540 mss.
2229 5491 2285 5542 et

619 5552 972 5608 vetustiores
1005 5552 1298 5608 editiOnes
1346 5560 1411 5609 ut
1454 5552 1527 5609 in
1562 5558 1746 5611 textu.
1776 5552 1888 5620 Qui
1937 5563 2283 5613 contextum

622 5620 950 5680 emendare
976 5623 1312 5694 voluerunt,
1341 5641 1481 5682 cum
1506 5623 1710 5682 minus
1735 5626 2285 5686 animadverterent

2413 498 2540 594 ριίνῃ
2607 499 3051 594 περιειλούμενος,
3118 507 3394 578 μαρασμόν
3452 506 3560 577 (54)
3629 514 3712 562 καὶ
3769 521 3939 587 χρονίαν

2415 590 2673 659 επήγαγεν
2723 588 3055 666 ἀρρωστίαν·
3091 595 3156 644 τὰ
3204 589 3263 645 δὲ
3311 593 3504 666 ἑφεξῆς,
3556 598 3584 657 ἡ
3635 597 3818 674 ἀρχαία
3848 603 3939 663 πλη·

2411 680 2479 746 γή
2521 697 2642 748 μου,
2686 683 2741 731 τὸ
2785 680 2926 755 ἧπαρ
2973 689 3126 734 τοῦτο
3178 678 3563 758 διαδεξάμενον,
3597 685 3840 744 ἀπέκλεισε
3877 699 3940 765 μέν

2413 784 2475 837 με
2501 775 2600 818 τῶν
2647 773 2844 837 σιτίων,
2888 767 3144 834 ἀπεδίωξε
3194 769 3253 825 δὲ
3295 780 3390 825 τῶν
3435 774 3670 848 ὀμμάτων
3697 782 3774 831 τὸν
3806 780 3938 850 fama),

2414 874 2462 908 εν
2501 859 2758 930 μεθορίοις
2804 855 2865 912 δε
2904 865 3138 933 κατέσχε
3169 861 3310 923 ζωῆς
3354 868 3443 916 καὶ
3485 867 3715 940 θανάτου,
3747 878 3942 923 τοσοῦτον

2416 949 2510 1018 ζῇν
2564 947 2833 1022 ἑπιτρέπον
2881 952 3017 1023 (55),
3065 953 3185 1004 ὅσον
3231 961 3334 1005 τῶν
3383 953 3468 1007 ἀπ’
3518 956 3668 1010 αὐτοῦ
3718 955 3942 1036 δυσχερῶν

2414 1035 2844 1095 ἑπαισθάνεσθαι.
2888 1039 3050 1094 Ὠστε
3099 1047 3188 1095 καὶ
3243 1041 3436 1097 ὕδασιν
3477 1046 3776 1121 ἐχρησάμην
3823 1035 3942 1103 αὖτο-

2414 1135 2554 1199 φυῶς
2621 1130 2864 1204 θερμοῖς,
2929 1135 3019 1184 καί
3083 1153 3227 1195 τινας
3285 1142 3405 1209 παρ’
3473 1135 3654 1211 ἰατρῶν
3711 1138 3944 1211 ἐπιμελείας

2413 1213 2794 1291 κατεδεξάμην.
2837 1219 3074 1274 Ἀπαντα
3128 1219 3186 1275 δε
3223 1223 3416 1296 ἤλεγξε
3467 1229 3524 1278 τὸ
3576 1231 3788 1280 νεανικὸν
3831 1238 3944 1284 τοῦτο

2413 1310 2606 1358 κακόν·
2659 1307 2704 1376 ὁ,
2746 1317 2841 1360 τοῦ
2888 1314 2979 1384 μὲν
3026 1314 3175 1375 ἔθους
3218 1319 3485 1387 παρόντος,
3541 1314 3632 1368 κᾶν
3677 1316 3813 1378 ἄλλος
3849 1318 3946 1389 ἐνέγ-

2413 1415 2497 1448 κοι
2528 1397 2661 1468 (56),
2693 1397 3014 1471 ἀμελετήτως
3062 1398 3122 1454 δε
3170 1410 3572 1478 προσπεσόντος,
3621 1402 3781 1469 οὐδεὶς
3829 1407 3947 1466 οὑτως

2415 1482 2765 1560 ἀδαμάντινος
2818 1491 2953 1542 ὥστε
3000 1489 3290 1564 ἀντισχεῖν.
3330 1493 3434 1567 Ὑφ’
3463 1495 3522 1547 οὗ
3567 1495 3716 1548 πολὺν
3751 1495 3948 1568 ὁχληθεὶς

2413 1580 2624 1652 χρόνον,
2671 1574 2922 1631 οὐδέποτε
2977 1580 3142 1642 οὕτως
3193 1583 3436 1652 ἠνιάθην,
3485 1586 3600 1637 ὅσον
3644 1593 3745 1654 νῦν,
3782 1582 3948 1657 ἑμποδμ

2416 1667 2558 1728 σθεὶς
2593 1667 2717 1742 παρ’
2757 1667 2916 1720 αὐτοῦ
2964 1672 3096 1743 πρὸς
3141 1677 3234 1730 τὴν
3278 1674 3570 1746 συντυχίαν
3613 1684 3722 1741 τῆς,
3750 1672 3946 1736 ἀληθινῆς

2343 1770 2381 1824 Β
2414 1753 2622 1827 ἀγάπης
2675 1776 2790 1813 σου.
2849 1759 2980 1821 Οῐας
3039 1762 3138 1835 γὰρ
3199 1759 3620 1838 ἀπεστερήθημεν
3814 1765 3945 1834 θυμη-

2413 1841 2554 1914 δίας,
2587 1843 2712 1899 οἴδα
2755 1852 2847 1901 καὶ
2887 1849 3060 1919 αὐτὸς,
3093 1850 3137 1902 εἰ
3181 1856 3270 1903 καὶ
3317 1854 3466 1926 ἄκρῳ
3497 1850 3724 1925 δακτύλῳ
3748 1859 3827 1905 τοῦ
3848 1851 3946 1922 ’γλυ-

2410 1937 2635 1988 κυτάτου
2683 1937 2889 2009 μέλιτος
2924 1947 3021 2000 τῆς
3071 1940 3196 2013 παρ’
3249 1942 3371 2014 ὑμῖν
3424 1942 3719 2005 Ἐκκλησίας
3769 1941 3944 2015 ἀντεγεν-

2412 2025 2586 2098 σάμην
2615 2029 2852 2099 πέρυσιν.

2481 2118 2534 2170 2.
2579 2115 2710 2188 Ἐγὼ
2761 2113 2820 2170 δε
2867 2123 2956 2171 καὶ
2999 2118 3162 2172 ἀλλων
3211 2117 3511 2194 ἀναγκαίων
3563 2123 3710 2176 ἕνεκεν
3747 2120 3944 2195 πραγμά-

2407 2224 2508 2291 των
2559 2203 2778 2280 ἐδεόμην
2835 2208 2902 2270 εἰς
2949 2213 3139 2262 ταυτὸν
3180 2213 3290 2282 (58)
3345 2215 3588 2284 γενέσθαι
3634 2221 3689 2286 τῇ
3736 2209 3946 2280 θεοσεϐείᾳ

2411 2313 2527 2362 σου,
2573 2300 2664 2348 καὶ
2716 2303 2836 2372 περὶ
2891 2298 3088 2351 πολλῶν
3144 2304 3234 2373 μὲν
3298 2299 3764 2367 ἀνακοινώσασθαι,
3813 2299 3944 2353 πολλὰ

2409 2380 2470 2437 δε
2510 2388 2710 2457 μαθεῖν.
2747 2392 2848 2440 Καὶ
2876 2391 2978 2464 γὰρ
3023 2386 3146 2443 οὐδέ
3176 2389 3316 2444 ἐστιν
3376 2392 3600 2446 ἐνταῦθα
3630 2389 3732 2446 οὐδὲ
3769 2390 3938 2460 ἀγάπης

2409 2471 2660 2537 ἀληθινῆς
2719 2476 3007 2549 ἐπιτυχεῖν.
3067 2477 3228 2532 Ὀταν
3288 2477 3346 2534 δὲ
3402 2487 3494 2535 καὶ
3548 2485 3670 2535 πάνυ
3717 2495 3781 2541 τις
3826 2475 3937 2548 ἅνα-

2404 2571 2584 2616 πώντα
2630 2566 2772 2640 εὕροι
2812 2567 2946 2638 (59),
2994 2568 3088 2620 οὐκ
3138 2571 3279 2622 ἔστιν
3323 2572 3350 2623 ὁ
3399 2569 3673 2645 δυνάμενος
3715 2566 3940 2644 παραπλη-

2409 2657 2538 2716 σίως
2589 2664 2650 2728 τῇ
2713 2657 2880 2730 τελείᾳ
2934 2677 3026 2711 σου
3087 2665 3332 2732 φρονήσει
3395 2669 3485 2716 καὶ
3540 2672 3600 2737 τῇ
3645 2663 3864 2735 ἐμπειρίᾳ,
3896 2655 3940 2714 ἣν

2406 2742 2461 2795 ἐκ
2512 2744 2709 2797 πολλῶν
2749 2754 2846 2799 τῶν
2903 2753 3020 2822 περὶ
3067 2751 3160 2811 τὰς
3208 2749 3498 2816 ἐκκλησίας
3549 2751 3770 2814 συνελέξω
3804 2747 3940 2819 καμά-

2403 2852 2525 2905 των,
2583 2831 2769 2888 δοῦναι
2833 2843 3042 2910 γνώμην
3105 2841 3232 2912 ἡμῖν
3281 2847 3409 2916 περὶ
3469 2851 3567 2896 τῶν
3627 2841 3933 2916 προκειμένων.

2402 2925 2481 2975 Τὰ
2534 2927 2625 2996 μὲν
2683 2921 2770 2977 οὖν
2822 2925 2954 2979 ἄλλα
3001 2927 3098 2980 οὐκ
3145 2925 3259 2988 ἐνῆν
3305 2935 3527 3005 γράφειν
3555 2947 3567 2963 ⁸
3608 2931 3640 2984 ἂ
3680 2928 3727 2983 δ’
3769 2925 3842 2981 οὖν
3876 2928 3940 2977 καὶ

2405 3011 2676 3084 ἐξενεγκεῖν
2756 3013 3015 3087 ἀσφαλες,
3082 3021 3250 3071 ταῦτά
3316 3019 3483 3078 ἐστιν,
3543 3021 3601 3074 Ὁ
3661 3017 3940 3094 πρεσϐύτερος

2402 3101 2673 3177 Εὐάγριος,
2709 3105 2735 3156 ὁ
2783 3107 2892 3166 υἱὸς
2932 3114 3274 3180 Πομπηὲανοῡ
3316 3119 3415 3164 τοῦ
3447 3112 3756 3185 Ἀντιοχέως,
3791 3109 3812 3160 ὁ
3851 3124 3938 3157 συν·

2403 3193 2608 3268 ἀπάρας
2633 3196 2754 3246 ποτε
2793 3195 2876 3248 ἐπὶ
2923 3201 3017 3254 τὴν
3049 3194 3206 3250 δύσιν
3236 3207 3308 3269 τῷ
3337 3207 3586 3274 μακαρίῳ
3614 3200 3740 3272 (59')
3766 3192 3937 3261 Εὐσεϐίῳ

2402 3284 2626 3342 ἐπανῆκε
2667 3291 2756 3335 νῦν
2805 3284 2860 3336 ἐκ
2911 3293 3008 3348 τῆς
3051 3288 3267 3360 Ῥώμης,
3317 3291 3550 3345 ἁπαιτῶν
3605 3295 3731 3364 ἡμᾶς
3777 3289 3937 3341 ἐπιστο-

2401 3369 2514 3438 λὴν,
2562 3373 2696 3425 αὐτά
2733 3375 2799 3426 τὰ
2845 3376 2970 3448 παρ’
3019 3377 3220 3429 ἐκείνων
3265 3386 3603 3454 γεγραμμένα
3645 3384 3846 3453 ἔχουσαν
3871 3372 3938 3424 αὖ·

2401 3461 2591 3525 τολεξεὶ
2622 3463 2917 3538 (ἀνεκόμισε
2949 3462 3007 3518 δὲ
3053 3469 3179 3540 ἡμῖν
3209 3468 3276 3530 εἰς
3317 3473 3560 3525 τούπίσω
3593 3475 3655 3524 τὰ
3680 3468 3790 3544 παρ’
3815 3469 3938 3538 ﬁll-5’",

2401 3552 2470 3614 ὡς
2518 3552 2611 3604 οὐκ
2658 3552 2920 3626 ἀρέσαντα
2963 3564 3068 3618 τοῖς
3116 3555 3507 3634 ἀκριϐεστέροις
3561 3570 3655 3614 τῶν
3706 3558 3829 3627 ἐκεῖ),
3878 3550 3941 3605 καί

2399 3640 2677 3715 πρεσϐείαν
2720 3646 2838 3695 τινὰ
2885 3641 2956 3696 δι’
2989 3643 3191 3720 ἀνδρῶν
3223 3645 3515 3724 ἀγιολὸγων
3554 3648 3656 3711 ἤδη
3703 3650 3938 3716 κατεπείγε.

2403 3733 2547 3802 σθαι,
2594 3733 2721 3808 ὑπὲρ
2773 3740 2866 3785 τοῦ
2910 3735 3245 3810 εὐπρόσωπον
3295 3741 3442 3810 ἔχειν
3486 3742 3714 3818 ἀφορμὴν
3752 3740 3852 3798 τοὺς
3880 3735 3940 3785 οἶν·

2402 3815 2532 3895 δρας
2583 3829 2673 3883 τῆς
2724 3821 3039 3895 ἐπισκέψεως
3086 3827 3253 3898 ἡμῶν.
3296 3831 3362 3880 Οἱ
3411 3835 3543 3885 κατὰ
3591 3831 3859 3884 Σεϐάστειαν
3896 3824 3940 3875 τὰ

2399 3912 2624 3986 ἡμέτερα
2681 3922 2997 3988 φρονοῦντες,
3049 3917 3340 3972 Εὐσταθίου
3378 3925 3440 3975 τὸ
3495 3921 3706 3976 ὕπουλον
3753 3929 3834 3980 τῆς
3875 3933 3940 3966 κα’

2398 3999 2647 4065 κοδοξίας
2692 4003 2837 4066 ἕλκος
2884 4004 3368 4080 ἁπογυμνὼσαντες,
3417 4011 3694 4067 ἀπαιτοῦσι
3727 4026 3829 4063 τινα
3850 4001 3939 4077 παρ’

2398 4093 2566 4173 ἡμῶν-
2592 4093 3034 4156 ἐκκλησιαστικὴν
3079 4101 3185 4172 (60)
3231 4099 3550 4174 ἐπιμέλειαν,
3599 4103 3792 4158 Ἰκόνιον
3832 4094 3940 4152 πόλις

2399 4182 2510 4236 ἐστὶ
2541 4192 2633 4247 τῆς
2675 4181 2944 4252 Πισιδίας,
2984 4190 3042 4241 τὸ
3074 4191 3164 4262 μὲν
3195 4189 3419 4246 παλαιὸν
3463 4196 3591 4268 μετά
3627 4198 3713 4253 τὴν
3738 4193 3938 4265 μεγίστην

2395 4344 2558 4430 illud‘
2592 4343 2699 4405 ἤδη
2743 4345 3042 4430 ἐπείγεσθαι
3084 4352 3291 4409 referri
3334 4355 3418 4412 ad
3465 4357 3714 4413 verbum
3759 4354 3939 4406 ἀπαιτῶν

2396 4416 2565 4500 quod
2612 4416 2916 4490 praecedit,
2955 4430 3285 4500 posuerunt
3311 4430 3428 4500 ἤτει
3467 4445 3576 4500 pro
3617 4425 3739 4500 ἤδη.
3773 4429 3941 4482 Lucem

2320 4493 2364 4547 Ι)
2397 4489 2706 4563 attulimus
2738 4507 2852 4563 ope
2877 4489 3273 4563 parenthesis.
3309 4499 3451 4554 Vide
3469 4489 3780 4556 ‘Addenda.

2445 4561 2577 4647 ³(εξο)
2627 4558 3125 4647 Ἐκκλησιᾶστιξῄν.
3181 4569 3369 4647 Editio
3427 4571 3778 4647 Parisiensis
3815 4558 3942 4647 addit

2395 4633 2580 4714 αιξτοῖξν,
2607 4649 2741 4714 quae
2769 4651 2882 4714 vox
2913 4637 3128 4714 melius
3160 4643 3216 4694 et
3236 4640 3567 4714 elegantius
3593 4643 3748 4698 deest
3766 4641 3819 4714 in
3845 4633 3942 4714 allls

2395 4703 2759 4788 editionibus
2789 4712 3031 4788 etnmss.
3066 4703 3468 4788 Perspicilhus
3494 4730 3566 4770 ex
3596 4711 3826 4786 epistola
3849 4708 3941 4763 151»

2389 4775 2995 4856 multos__Sel)_a§tizea
3023 4775 3454 4856 communione
3482 4775 3761 4842 Eustathii
3796 4791 3943 4856 seces-

2395 4848 2562 4926 sisse.
2599 4848 2661 4926 lli
2689 4848 2766 4926 ad
2796 4850 3099 4926 Basilium,
3134 4859 3198 4909 ut
3229 4855 3557 4926 primatum
3583 4858 3643 4912 in
3671 4856 3775 4911 has
3792 4849 3942 4926 regi‘O'

2393 4919 2890 5000 n_es_habentem,
2921 4917 3340 5000 confugerunt.
3378 4930 3534 4984 Cura
3571 4934 3761 5000 autem
3801 4917 3944 4978 eccle-

2394 4995 2654 5069 siastica,
2701 5007 2886 5069 quam
2944 5010 2980 5049 a
3027 4995 3240 5069 Basilio
3291 5003 3522 5069 petunt,
3570 4997 3849 5056 interdum
3881 5001 3942 5069 ‘89

2393 5065 2644 5146 spectat,
2680 5059 2743 5146 ut
2769 5064 2944 5146 pulso
2973 5067 3262 5146 episcopo
3283 5059 3435 5125 alius
3465 5059 3789 5146 ordinetur;
3817 5059 3945 5146 velut

2394 5135 2786 5216 cum_Xvstus
2828 5138 2916 5216 lli,
2963 5135 3136 5216 epist.
3176 5135 3223 5210 ἱ,
3257 5146 3519 5216 p._l235,
3562 5143 3811 5216 minatur
3844 5135 3942 5216 ρρξῖ

2394 5205 2594 5274 scopis
2638 5205 2850 5262 haeresi
2892 5205 3706 5270 faventibustcclesz‘arum
3741 5208 3808 5265 ab
3833 5205 3944 5275 2111513

2391 5282 2821 5358 occupatarum
2846 5295 3075 5358 parum
3103 5283 3283 5358 forte,
3315 5285 3381 5358 εἰΔ
3410 5300 3533 5358 non
3563 5285 3679 5358 ipsa:
3702 5282 3942 5358 sibinam:-

2391 5347 2716 5428 suluerz'ut.
2741 5354 2811 5404 At
2841 5347 3150 5428 Sebasteni
3179 5347 3301 5428 non
3330 5347 3607 5428 videntur
3625 5354 3683 5409 id
3713 5349 3941 5428 pelijsfei

2390 5433 2588 5498 neque
2618 5420 2780 5498 enini
2811 5421 2924 5477 sub
2955 5423 3210 5498 Valente
3241 5426 3370 5482 ﬁeri
3399 5427 3684 5497 potuisset
3706 5419 3731 5489 ;’
3745 5420 3837 5498 sed
3867 5419 3945 5469 Ba-

2392 5487 2523 5544 silio
2561 5491 2860 5558 regendos
2906 5510 2970 5566 se
3011 5511 3084 5550 ac
3113 5487 3563 5566 gubernandos,
3594 5503 3656 5553 ut
3697 5487 3944 5566 episcopo

2393 5566 2682 5631 carentes,
2705 5565 3101 5623 commisisse.
