4152 6382
275 274 381 330 585

353 399 413 454 3.
449 395 515 451 Εἰ
687 393 781 450 οὖν
822 394 885 457 ἧν
917 395 1134 453 δυνατὸν
1185 399 1339 455 αὐτὸν
1387 420 1449 475 με
1491 400 1897 477 παραγενέσθαι,

281 484 439 541 οὐδὲν
489 485 551 539 ἂν
598 492 942 562 προετίμησα
973 497 1064 551 τῆς
1104 494 1393 563 συντυχίας
1433 492 1575 564 ὑμῶν
1600 511 1613 524 ·
1647 491 1784 542 ὥστε
1810 490 1901 541 καὶ

285 573 422 631 ἰδεῖν
466 579 588 640 τοὺς
617 574 853 641 ἀθλητὰς
881 585 972 632 τοῦ
999 586 1255 653 Χριστοῦ,
1317 584 1409 634 καὶ
1454 578 1898 655 περιπτύξασθαι,

278 669 373 719 καὶ
420 673 748 727 κοινωνῆσαι
811 675 912 721 τῶν
963 677 1276 742 προσευχῶν
1326 674 1418 723 καὶ
1466 678 1566 723 τῶν
1622 687 1903 743 πνευματι-

274 766 384 810 κῶν
440 755 493 809 ἓν
544 758 670 829 ὑμῖν
716 759 1108 831 χαρισμάτων·
1169 754 1349 819 ἐπειδὴ
1400 755 1460 812 δε
1510 762 1568 812 τὸ
1629 761 1782 832 σῶμά
1809 777 1899 831 μοι

272 845 465 900 λοιπὸν
523 847 628 899 ὑπὸ
669 852 887 920 χρονίας
937 850 1093 901 νόσου
1163 848 1549 919 κατανάλωται,
1631 850 1696 910 ὡς
1760 844 1900 922 μηδὲ

272 934 382 988 ἀπὸ
432 942 533 995 τῆς
596 934 768 996 κλίνης
826 932 1091 990 δύνασθαί
1153 956 1217 1011 με
1291 937 1639 1005 καταϐαίνειν,
1693 941 1784 990 καὶ
1848 939 1899 990 οἰ

265 1020 647 1099 ἐφεδρεύοντες
691 1026 818 1098 ἡμῖν
870 1025 1072 1094 πολλοὶ,
1157 1030 1228 1090 ὡς
1282 1026 1432 1081 λύκοι
1479 1028 1733 1101 ἅρπαγες,
1791 1024 1900 1080 ἔπι-

269 1121 569 1189 τηροῦντες
615 1117 820 1188 καιρὸν,
860 1119 984 1169 πότε
1017 1112 1290 1176 δυνηθῶσι
1342 1114 1642 1192 διαρπάσαι
1682 1119 1747 1170 τὰ
1774 1120 1900 1188 πρὸ·

275 1203 417 1257 ϐατα
487 1211 583 1257 τοῦ
661 1212 917 1277 Χριστοῦ,
979 1203 1273 1278 ἀναγκαίως
1343 1206 1430 1261 ἐπὶ
1488 1210 1584 1267 τὴν
1656 1203 1752 1260 διὰ
1803 1212 1896 1260 τοῦ

277 1295 593 1367 γράμματος
660 1292 941 1365 ἑπίσκεψιν
993 1291 1148 1354 ἦλθον
1176 1314 1189 1329 ’
1250 1295 1571 1372 παράκαλῶν
1626 1315 1897 1370 προηγου-

285 1386 452 1456 μένως
497 1385 588 1456 μὲν
666 1382 885 1445 ἐκτενεῖς
921 1385 1010 1446 τάς
1064 1386 1192 1460 ὑπὲρ
1242 1384 1366 1459 ἓμοῦ
1427 1388 1696 1440 ποιεῖσθαι
1760 1386 1897 1460 ὑμᾶς

290 1469 517 1542 δεήσεις,
572 1472 659 1525 ἵνα
709 1471 1019 1536 καταξιωθῶ
1070 1476 1164 1537 τὰς
1212 1482 1337 1547 γοῦν
1409 1474 1714 1549 λειπομένας
1762 1479 1899 1550 ἡμέ-

285 1582 385 1637 ρας
450 1563 481 1622 ἦ
537 1564 683 1635 ὧρας
742 1558 1029 1617 δουλεῦσαι
1069 1571 1143 1635 τῷ
1194 1569 1370 1642 Κυρίῳ
1407 1568 1543 1619 κατά
1570 1570 1625 1620 τὸ
1665 1566 1898 1639 Εὐαγγέ-

286 1652 393 1705 λιον
446 1659 539 1713 τῆς
605 1650 906 1725 βασιλείας⁹
939 1655 1117 1707 ἔπειτα
1143 1659 1236 1708 καὶ
1274 1661 1589 1729 συγγνώμην
1618 1657 1759 1729 ἔχειν
1798 1676 1897 1729 μου

279 1750 342 1813 τῇ
374 1739 654 1812 ἀπολείψει
709 1746 801 1794 καὶ
854 1750 917 1815 τῇ
978 1739 1281 1817 βραδυτῆτι
1317 1746 1480 1818 ταύτῃ
1526 1753 1627 1798 τῶν
1656 1748 1899 1819 γραμμά-

270 1850 395 1884 των.
464 1830 634 1891 Μόλις
676 1832 781 1906 γὰρ
830 1830 1206 1905 ηὐπορὰσαμεν
1262 1832 1558 1908 ἀνθρώπου,
1606 1842 1699 1888 τοῦ
1744 1831 1900 1889 δυνατ

267 1925 431 1994 μένου
496 1918 1003 1996 ἑξυπηρετὴσασθαι
1059 1924 1205 1995 ἡμῶν
1255 1931 1318 1996 τῇ
1351 1922 1624 1997 ἐπιθυμίᾳ.
1670 1928 1897 1997 Λέγομεν

274 2006 333 2063 δε
384 2013 482 2062 τὸν
509 2011 628 2062 υἱὸν
686 2012 832 2082 ἡμῶν
879 2011 1119 2083 Εύγένιον
1169 2014 1260 2064 τόν
1323 2013 1651 2085 μονάζοντα·
1724 2010 1797 2066 δι’
1838 2014 1898 2066 οὗ

273 2098 569 2173 παρακαλῶ
625 2098 882 2162 εὔξασθαι
918 2102 1045 2176 ὑπὲρ
1105 2102 1253 2174 ἡμῶν
1313 2107 1405 2155 καὶ
1448 2111 1541 2164 τῆς
1588 2102 1898 2165 Ἐκκλησίας

278 2190 477 2258 πάσης,
508 2192 608 2242 καὶ
646 2186 972 2263 ἀντιγράψαι
990 2191 1115 2264 ἡμῖν
1144 2192 1212 2244 τὰ
1240 2196 1361 2266 περὶ
1394 2193 1555 2266 ὑμῶν,
1588 2193 1672 2247 ἵνα
1695 2197 1899 2266 γνόντες

278 2278 629 2354 εὐθυμότερον
651 2274 689 2333 δ
696 2280 998 2352 ιατεθῶμεν.

844 2408 1185 2465 ΕΠΙΣΤΟΛΗ
1226 2404 1351 2462 ΡΜ’.

1260 273 1754 333 EPISTOLABUM
1791 268 2082 331 CLASSIS
2120 269 2196 328 Π.
2243 270 2469 331 EPIST.
2518 273 2669 332 CXL.

3551 274 3665 333 586

2086 397 2263 469 232
2302 401 2355 455 3.
2398 399 2573 465 Quod
2619 397 2669 455 si
2724 397 2856 455 ﬁeri
2889 399 3116 471 posset,
3170 400 3236 456 ut
3285 397 3366 456 ad
3406 413 3516 455 vos
3536 398 3667 471 ipse

2008 486 2441 560 proﬁciscerer,
2469 487 2622 544 nihil
2652 486 3048 559 praetulissem
3067 487 3421 558 congressui
3446 492 3665 557 vestro,

2009 580 2154 639 utet
2183 577 2397 635 Christi
2420 578 2676 636 athletas
2722 577 2993 636 viderem
3031 577 3564 652 amplectererque,
3612 581 3670 635 et

2006 682 2278 741 precum,
2313 683 2383 724 ac
2410 667 2713 726 donorum
2738 667 3161 742 spiritualium,
3208 684 3348 741 quae
3389 668 3452 725 in
3494 667 3670 725 vobis

2009 761 2168 827 sunt,
2210 758 2516 832 particeps
2552 758 2782 816 ﬁerem.
2845 758 2962 816 Sed
3013 758 3156 831 quia
3204 774 3426 831 corpus
3462 774 3671 815 meum

2002 849 2134 920 jam
2176 847 2460 904 diuturno
2502 847 2722 906 morbo
2777 847 3119 905 confectum
3159 852 3267 919 est,
3325 848 3481 906 adeo
3504 852 3568 905 ut
3592 863 3670 905 ne

2007 936 2214 994 electo
2234 937 2485 1011 quidem
2515 937 2748 1011 possim
2795 937 3207 1006 descendere;
3258 942 3315 995 et
3335 937 3480 1011 quia
3497 936 3672 994 multi

2005 1027 2185 1084 nobis
2206 1026 2595 1095 insidiantur,
2627 1028 2817 1084 instar
2834 1026 3121 1100 luporum
3148 1027 3673 1100 rapacium,occa—

2007 1117 2242 1175 sionem
2268 1116 2682 1186 observantes,
2731 1119 2782 1172 si
2833 1117 3084 1190 quando
3130 1117 3341 1174 Christi
3396 1133 3543 1175 oves
3575 1133 3676 1174 ra.

2006 1222 2148 1280 pere
2173 1206 2427 1280 possint,
2456 1206 2828 1264 necessarios
2852 1222 2958 1264 vos
2986 1222 3095 1280 per
3142 1206 3368 1264 litteras
3411 1207 3669 1267 invisere

2007 1296 2325 1355 constitui:
2360 1296 2694 1354 adhortans
2722 1312 2853 1367 vos,
2910 1296 3176 1369 primum
3206 1295 3557 1370 quidem,ut
3581 1298 3671 1355 in-

2007 1391 2166 1445 tente
2196 1386 2527 1460 precemini
2568 1400 2680 1459 pro
2708 1401 2827 1458 me,
2883 1390 2951 1443 ut
3001 1385 3225 1456 dignus
3246 1385 3413 1458 ﬁam,
3444 1387 3552 1460 qui
3576 1404 3669 1446 re-

2006 1476 2209 1550 liquos
2260 1476 2475 1534 saltem
2523 1476 2654 1533 dies
2700 1481 2806 1533 aut
2852 1475 3035 1533 horas
3058 1475 3311 1532 Domino
3331 1477 3669 1536 secundum

2006 1567 2180 1639 regni
2208 1566 2601 1637 Evangelium
2633 1565 2893 1622 serviam
2921 1583 2934 1634 ;
2967 1564 3187 1622 deinde
3206 1581 3352 1622 vero
3389 1570 3449 1623 ut
3488 1567 3669 1625 etiam

2009 1657 2336 1728 ignoscatis
2392 1656 2681 1713 absentiae
2727 1671 2879 1712 mete
2903 1658 2960 1711 et
2987 1655 3125 1713 huic
3155 1654 3486 1713 litterarum
3513 1657 3672 1715 dila-

1941 1772 1979 1826 B
2008 1745 2158 1802 tioni
2181 1762 2253 1803 ac
2275 1761 2484 1803 morae.
2516 1745 2622 1802 Vix
2672 1745 2834 1802 enim
2865 1743 3107 1817 copiam
3127 1743 3457 1802 habuimus
3478 1744 3673 1805 homi-

2008 1835 2123 1904 nis,
2164 1835 2271 1909 qui
2313 1839 2520 1892 nostro
2564 1834 2864 1892 desiderio
2904 1838 3110 1907 posset
3135 1834 3496 1893 subservire.
3529 1836 3670 1894 Dico

2008 1929 2213 1982 autem
2251 1924 2446 1982 ﬁlium
2466 1929 2743 1982 nostrum
2781 1923 3115 1993 Eugenium
3140 1924 3535 1994 monachum,
3561 1941 3672 1999 per

2006 2029 2192 2087 quem
2223 2013 2475 2070 obsecro
2501 2029 2630 2081 vos,
2651 2017 2716 2069 ut
2738 2028 2850 2086 pro
2868 2011 3046 2068 nobis
3078 2027 3150 2069 ac
3170 2011 3450 2070 universa
3477 2013 3671 2071 Eccle-

2006 2104 2097 2160 sia
2116 2104 2316 2173 oretis,
2350 2120 2422 2160 ac
2450 2103 2629 2161 nobis
2647 2101 2992 2160 reseribatis
3012 2101 3090 2159 de
3133 2101 3317 2160 rebus
3344 2102 3577 2175 vestris,
3603 2108 3671 2163 ut

2004 2192 2101 2251 his
2127 2194 2383 2267 cognitis
2412 2193 2672 2252 latiores
2700 2192 3059 2251 efﬁciamur.

2566 2408 2908 2467 EPISTULA
2947 2406 3116 2465 CXL'.

268 2494 696 2570 Antiochenos
737 2492 1007 2570 Basitius
1063 2494 1137 2570 ob
1194 2496 1467 2570 corporis
1520 2495 1890 2555 debilitatem
1940 2498 2202 2557 invisere
2236 2515 2359 2556 non
2402 2503 2616 2570 potest,
2652 2498 2755 2555 sed
2780 2513 2873 2555 eos
2892 2512 3004 2568 per
3038 2498 3274 2555 litteras
3294 2496 3359 2554 in
3385 2498 3671 2555 aerumnis

350 2566 723 2643 consolatur
739 2570 797 2622 et
826 2566 1309 2643 ad_patientiam’
1341 2569 1647 2643 hortatur.
1687 2570 1957 2640 Apponit
1995 2572 2176 2640 ﬁdem
2204 2566 2543 2643 Nicaenam,
2574 2566 2791 2629 mentis
2812 2566 2934 2626 suae
2959 2570 3120 2641 fetus
3146 2571 3391 2628 tradere
3414 2585 3538 2628 non
3564 2584 3674 2628 au-

352 2638 538 2709 dens;
569 2637 867 2709 additque
894 2639 1471 2698 Pneumatomachos
1509 2637 2137 2701 excommanicandos.

698 2742 774 2809 Τῇ
819 2735 1134 2809 Ἀντιοχέων
1174 2736 1481 2813 Ἐκκλησιᾳ.

368 2828 423 2880 1.
463 2828 556 2886 Τίς
584 2821 739 2879 δώσει
792 2845 884 2900 μοι
935 2831 1224 2903 πτέρυγας,
1260 2831 1387 2882 ὡσεὶ
1422 2836 1768 2903 περιστερᾶςς
1804 2835 1897 2884 καὶ

283 2915 690 2988 πετασθήσομαι
747 2916 863 2987 (77)
920 2919 1056 2991 πρὸς
1109 2916 1264 2990 ὑμᾶς,
1317 2923 1409 2972 καὶ
1445 2923 1772 2973 καταπαύσω
1807 2921 1895 2974 τὸν

282 3005 452 3058 πόθον
500 3006 553 3056 ὃν
591 3008 702 3077 ἔχω
748 3003 835 3058 ἰπὶ
886 3013 950 3079 τῇ
1012 3012 1279 3081 συντυχίᾳ
1321 3017 1417 3071 τῆς
1463 3010 1714 3085 ὑμετέρας
1769 3008 1899 3083 ἀγά-

277 3113 407 3156 πης.
452 3098 585 3148 Νυνὶ
631 3091 697 3148 δὲ
734 3094 865 3168 ούχὶ
892 3099 1163 3170 πτερύγων
1215 3094 1396 3159 ἐνδεῶς
1434 3100 1547 3172 ἔχω
1564 3104 1737 3172 μόνον,
1770 3098 1899 3153 ἀλλά

261 3190 365 3238 καὶ
424 3184 591 3238 αύτοῦ
656 3192 751 3238 τοῦ
809 3189 1073 3259 σώματος,
1124 3186 1288 3239 πάλαι
1312 3192 1403 3261 μέν
1441 3206 1533 3262 μοι
1565 3191 1666 3243 ύπό
1692 3196 1899 3263 μακρᾶς

258 3283 365 3336 τῆς
419 3273 727 3349 ἀρρωστίας
762 3279 1138 3345 πεπονηκότος,
1192 3282 1285 3328 νῦν
1345 3273 1407 3330 δι
1459 3278 1560 3332 ὑπό
1625 3286 1728 3332 τῶν
1779 3298 1899 3332 συν-

262 3372 416 3438 εχῶν
495 3362 723 3435 θλίψεων
810 3364 1070 3427 παντελῶς
1139 3371 1597 3441 συντετριμμένον.
1651 3372 1739 3430 Τίς
1793 3371 1896 3445 γὰρ

260 3456 443 3516 οὕτως
486 3450 851 3527 ἀδαμάντινος
905 3459 1000 3514 τὴν
1056 3455 1267 3528 ψυχὴν,
1313 3461 1394 3519 τίς
1451 3457 1587 3510 οὕτω
1637 3458 1898 3521 παντελῶς

264 3543 609 3616 ἀσυμπαθὴς
656 3548 748 3596 καὶ
808 3541 1085 3620 ἀνήμερος,
1154 3548 1225 3607 ὡς
1290 3543 1492 3598 ἀκούων
1551 3553 1645 3599 τοῦ
1696 3566 1900 3600 παντα-

265 3636 438 3708 χόθεν
486 3634 628 3706 ἡμᾶς
658 3632 773 3705 (78)
811 3632 1229 3708 προσϐάλλοντος
1278 3642 1593 3709 στεναγμοῦ,
1641 3637 1746 3689 οἷον
1795 3635 1897 3690 ἀπὸ

266 3742 413 3785 τινος
459 3729 635 3796 χοροῦ
693 3730 959 3795 κατηφοῦς
1002 3727 1173 3777 κοινόν
1226 3743 1347 3777 τινα
1393 3726 1579 3799 θρῆνον
1626 3731 1717 3780 καὶ
1758 3728 1899 3801 σύμ-

270 3831 445 3886 φωνον
494 3819 925 3886 προσηχοῦντος,
965 3816 1038 3886 μὴ
1108 3812 1238 3885 ούχὶ
1302 3816 1486 3868 παθεῖν
1540 3818 1635 3874 τὴν
1688 3815 1896 3888 ψυχὴν,

272 3909 371 3956 καὶ
425 3902 880 3974 κατακαμφθῆναι
946 3901 1017 3965 εἰς
1098 3910 1218 3974 γῆν,
1269 3906 1360 3956 καὶ
1430 3910 1544 3966 ταῖς
1598 3904 1902 3978 ἀμηχάνοις

276 3996 507 4055 ταύταις
566 3995 849 4067 μερίμναις
920 3998 1184 4055 παντελῶς
1235 3990 1553 4063 ἐκτακῆναις
1609 3993 1765 4049 Ἀλλά
1809 3992 1903 4048 δυ-

274 4086 441 4145 νατὸς
486 4083 514 4135 ὁ
570 4081 726 4153 ἅγιος
782 4084 916 4145 Θεὸς
966 4078 1153 4136 δοῦναι
1207 4101 1328 4136 τινα
1376 4082 1530 4136 λύσιν
1557 4091 1657 4137 τῶν
1687 4083 1901 4158 ἀμηχά-

287 4192 412 4238 νων,
460 4176 552 4224 καὶ
598 4173 942 4245 χαρίσασθαι
987 4174 1114 4245 ἡμῖν
1162 4191 1283 4225 τινα
1320 4180 1421 4225 τῶν
1474 4181 1687 4248 μακρῶν
1732 4179 1899 4228 πόνων

276 4260 565 4319 ἀναπνοήν.
622 4260 789 4314 Ὠστε
829 4266 921 4314 καὶ
985 4263 1123 4333 ὑμᾶς
1198 4266 1294 4321 τὴν
1367 4261 1528 4322 αὐτὴν
1579 4265 1723 4336 ἔχειν
1771 4263 1900 4328 ἀξιῶ

282 4350 649 4427 παράκλησιν,
698 4354 791 4403 καὶ
841 4358 906 4423 τῇ
962 4347 1140 4404 ἐλπίδι
1185 4360 1283 4414 τῆς
1344 4352 1726 4428 παρακλήσεως
1767 4358 1899 4427 χαί-

284 4459 468 4512 ροντας
514 4441 655 4513 ὑμᾶς
710 4442 769 4493 τὸ
820 4442 988 4515 παρόν
1048 4438 1280 4512 ἀλγεινόν
1334 4450 1435 4494 τῶν
1491 4441 1711 4514 θλίψεων
1764 4445 1898 4497 ὑπο-

287 4533 480 4601 μένειν.
534 4532 649 4583 Εἴτε
713 4531 814 4605 γὰρ
873 4528 1269 4604 ἁμαρτημάτων
1327 4529 1665 4606 ἀποτίννυμεν
1719 4529 1896 4604 δίκας,

289 4620 477 4671 ἱκαναὶ
506 4618 558 4669 αἱ
592 4621 849 4691 μάστιγες
906 4622 1038 4693 πρὸς
1084 4622 1546 4693 παραίτησιν(79)
1586 4619 1765 4674 λοιπὸν
1802 4630 1899 4686 τῆς

290 4706 374 4781 ἐρ’
428 4708 549 4780 ἡμῖν
597 4707 763 4781 ὀργῆς
828 4714 922 4760 τοῦ
979 4716 1149 4762 Θεοῦ·
1206 4712 1306 4762 εἴτε
1361 4709 1434 4771 εἰς
1485 4714 1607 4772 τοὺς
1649 4711 1776 4786 ὑπερ
1807 4720 1899 4773 τῆς

280 4795 557 4859 εὐσεϐείας
637 4794 844 4869 ἀγῶνας
913 4793 1008 4851 διὰ
1048 4806 1150 4851 τῶν
1198 4807 1501 4873 πειρασμῶν
1557 4802 1752 4853 τούτων
1807 4820 1897 4854 κε·-

270 4887 521 4962 κλήμεθα
563 4887 696 4958 (80),
746 4882 956 4950 δίκαιος
1010 4887 1037 4940 ὀ
1102 4885 1376 4951 ἀθλοθέτης
1430 4892 1503 4964 μὴ
1553 4888 1707 4943 ἐᾶσαι
1756 4889 1898 4965 ἡμᾶς

267 4979 641 5054 πειρασθῆναι
668 4977 795 5052 ὑπὲρ
850 4977 877 5029 ὅ
925 4972 1195 5051 δυνάμεθα
1249 4977 1540 5051 ὑπενεγκεῖν
1573 4994 1587 5010 ’
1650 4978 1760 5033 ἀλλ’
1812 4978 1896 5034 ἐπὶ

273 5076 391 5131 τοῖς
436 5068 923 5143 προπεπονημένοις
981 5063 1274 5121 ἀποδοῦναι
1328 5070 1453 5142 ἡμῖν
1491 5073 1579 5122 τὸν
1624 5077 1719 5133 τῆς
1761 5072 1894 5125 ὐπο-

351 5159 400 5193 ³⁵
439 5155 597 5213 PsaJ.
639 5170 755 5211 LIV.
789 5161 845 5212 7.

347 5247 465 5319 (77)
508 5245 944 5319 Πιτασθήσομαιτ
981 5247 1144 5302 Unus
1174 5246 1393 5319 Regius
1430 5249 1623 5306 codex
1653 5263 1689 5306 a
1719 5248 1894 5307 Com-

271 5317 491 5376 beﬁsio
502 5317 983 5391 ,citatusAmmea
993 5337 1177 5391 caput.

290 5462 303 5474 .
345 5391 463 5478 (:78)
499 5389 691 5464 Ἠμᾶς.
732 5389 876 5460 Reg.
916 5387 1223 5445 secundus
1273 5393 1331 5448 et
1366 5390 1542 5449 Coisl.
1584 5391 1891 5469 secundus

281 5480 462 5607 ημόθ)
499 5535 643 5608 Πρὸς
701 5534 1048 5607 παραίτησιν.
1106 5534 1194 5591 Ita
1241 5547 1348 5592 sex
1389 5534 1720 5613 mss.Editi
1764 5539 1893 5613 πρὸς

559 5663 815 5718 eraon.
860 5657 964 5714 Gn.
1006 5658 1201 5717 XXXII.

2465 2740 2750 2799 Ecclesia
2783 2738 3203 2798 Antiochensi.

2082 2834 2130 2886 1.
2175 2830 2319 2899 Quis
2348 2829 2517 2888 dabit
2539 2830 2693 2887 mihi
2731 2831 2890 2901 alas,
2922 2830 3077 2886 sicut
3106 2829 3445 2887 columbae?
3487 2836 3544 2889 et
3574 2846 3673 2889 vo-

2084 2874 2130 2886 ..
2176 2874 2317 2899 κν...
2348 2874 2513 2888 κων..
2731 2874 2890 2901 .......,
2922 2874 3076 2886 ...ν-η
3106 2874 3429 2887 πωπω.
3487 2874 3543 2889 ν.
3577 2874 3647 2889 ..ν

1928 2874 1980 2950 q
2008 2920 2145 2978 tabo
2162 2920 2211 2956 ³⁵
2235 2919 2313 2976 ad
2324 2935 2456 2983 vos,
2481 2934 2554 2976 ac
2583 2918 2842 2992 explebo
2863 2934 3071 2975 meum
3087 2919 3671 2989 congrediendicum

2003 3012 2209 3067 vestra
2229 3008 2519 3067 charitate
2551 3007 2940 3065 desiderium.
2974 3011 3143 3065 Nunc
3184 3011 3391 3065 autem
3416 3024 3545 3066 non
3572 3024 3673 3066 so-

2004 3099 2134 3156 lum
2193 3098 2306 3156 alia
2360 3098 2511 3155 mihi
2547 3097 2789 3166 desunt,
2830 3098 2938 3155 sed
2984 3098 3185 3171 ipsum
3222 3098 3404 3156 etiam
3425 3113 3670 3173 corpus,

2005 3188 2240 3245 dudum
2252 3187 2503 3262 quidem
2523 3188 2672 3245 mihi
2691 3187 2875 3258 longa
2896 3186 3252 3258 aegritudine
3267 3186 3670 3259 debilitatum,

2008 3292 2174 3335 nunc
2222 3293 2365 3335 vero
2392 3277 2683 3335 molestiis
2728 3276 3035 3334 continuis
3084 3276 3323 3350 penitus
3380 3278 3672 3337 attritum.

2007 3368 2153 3434 Quis
2176 3366 2339 3425 enim
2362 3366 2569 3424 animo
2594 3367 2676 3424 ita
2703 3365 3121 3434 adamantina,
3144 3366 3284 3441 quis
3303 3366 3389 3424 ita
3413 3366 3674 3424 commi-

2006 3456 2324 3514 serationis
2352 3457 2555 3513 omnis
2593 3471 2665 3513 ac
2708 3456 3202 3513 mansuetudinis
3216 3471 3453 3529 expers,
3484 3460 3551 3515 ut
3569 3472 3677 3514 au-

2006 3546 2180 3605 diens
2212 3547 2505 3618 gemitum
2549 3546 2823 3620 undique
2869 3562 3048 3604 aures
3069 3549 3311 3604 nostras
3339 3546 3675 3619 ferientem,

2006 3637 2171 3693 velut
2198 3651 2273 3692 ex
2294 3635 2444 3694 tristi
2483 3634 2755 3709 quodam
2806 3635 2992 3693 choro
3042 3651 3437 3694 communem
3460 3652 3677 3710 quam-

2006 3726 2153 3783 dam
2208 3741 2280 3783 ac
2337 3740 2675 3782 consonam
2713 3725 3215 3783 lamentationem
3266 3725 3502 3793 edente,
3548 3741 3676 3783 non

2009 3816 2216 3874 animo
2245 3815 2607 3879 doleat,non
2641 3815 2816 3871 humi
2851 3814 3241 3887 procumbat,
3270 3818 3328 3871 et
3366 3830 3491 3872 non
3512 3815 3678 3888 peni-

2007 3904 2640 3964 tusinextrieabilibus
2683 3904 2777 3960 bis
2834 3904 2995 3961 curis
3017 3903 3332 3962 tabescat?
3381 3904 3497 3962 Sed
3520 3907 3678 3962 Deus

2011 3998 2257 4053 sanctus
2284 3998 2485 4067 potest
2537 4008 2650 4049 nos
2692 4007 2767 4049 ex
2794 3992 3026 4067 iisquae
3054 3993 3494 4051 inextricabilia
3535 3998 3679 4051 sunt

2009 4085 2260 4151 solvere,
2310 4088 2369 4141 et
2414 4082 2685 4157 aliquam
2722 4083 2905 4140 nobis
2951 4099 3027 4140 ex
3083 4083 3335 4140 diutinis
3363 4082 3679 4142 laboribus

2007 4174 2471 4250 respirationem
2492 4173 2716 4246 largiri.
2777 4175 2976 4241 Quare
3006 4178 3063 4231 et
3090 4190 3201 4231 vos
3223 4174 3391 4232 idem
3420 4174 3561 4232 volo
3584 4190 3679 4232 so-

1928 4291 1974 4350 D
2007 4264 2223 4323 latium
2277 4263 2525 4333 habere,
2583 4277 2655 4321 ac
2702 4277 2809 4337 spe
2866 4263 3300 4321 consolationis
3345 4262 3679 4335 gaudentes

2008 4357 2370 4429 praesentem
2409 4350 2806 4410 afﬂictionum
2862 4351 3138 4410 dolorem
3194 4352 3478 4426 perferre.
3538 4351 3674 4411 Sive

2008 4444 2172 4501 enim
2203 4447 2592 4517 peccatorum
2629 4440 2920 4499 solvimus
2966 4457 3209 4516 pinnas,
3235 4441 3544 4499 sufﬁciunt
3558 4440 3672 4498 ﬂa-

2009 4534 2169 4606 gella
2214 4533 2295 4590 ad
2332 4531 2728 4590 avertendam
2782 4530 3069 4606 deinceps
3100 4532 3204 4589 Dei
3245 4532 3308 4589 in
3340 4546 3456 4589 nos
3482 4531 3639 4589 iram

2008 4623 2135 4681 sive
2156 4622 2236 4680 ad
2252 4621 2609 4680 sustinenda
2635 4636 2747 4695 pro
2762 4621 2983 4695 pietate
3003 4621 3338 4679 certamina
3358 4620 3454 4677 his
3480 4624 3669 4679 tenta-

2005 4712 2275 4771 tionibus
2291 4727 2604 4779 vocamur,
2619 4711 2820 4783 justus
2867 4714 2959 4767 est
2991 4710 3392 4767 certaminum
3422 4709 3665 4777 arbiter,

2004 4807 2214 4860 utnon
2240 4802 2401 4859 sinat
2420 4800 2634 4858 tentari
2667 4815 2782 4857 nos
2837 4799 2994 4855 ultra
3043 4814 3232 4873 quam
3273 4799 3427 4857 ferre
3451 4802 3670 4874 pessu.

2005 4907 2144 4949 mus
2170 4913 2183 4949 :
2212 4890 2321 4949 sed
2347 4889 2526 4947 nobis
2543 4887 2882 4962 reddatpro
2904 4886 3171 4946 toleratis
3182 4888 3312 4962 jam
3332 4886 3665 4959 laboribus,

2004 4981 2306 5055 patientiae
2328 4977 2520 5053 etlspei
2542 4978 2605 5034 in
2624 4978 2827 5050 ipsum
2873 4980 3095 5035 nostra;
3115 4993 3430 5038 coronam.
3459 4980 3667 5052 Itaque

2002 5087 2081 5130 ne
2093 5070 2514 5142 defatigemur,
2532 5066 2835 5126 obeundis
2851 5082 2963 5141 pro
2979 5066 3199 5141 pietate
3209 5066 3663 5139 certaminibus,

1995 5254 2324 5328 παρεκτισιν.

2073 5317 2187 5395 (80)
2228 5318 2687 5395 Κεκλήμεθίαεῇδίο
2721 5318 2875 5395 ﬁed.
2924 5322 2983 5395 et
3028 5318 3216 5395 Coisl._
3236 5317 3470 5390 primus
3517 5331 3659 5375 cum

2001 5388 2134 5467 aliis
2159 5388 2438 5467 quatuor.
2458 5390 2622 5467 AEditi
2654 5388 3029 5467 βεϐαιούμεθα,
3064 5388 3519 5464 conﬁrmamur.

2070 5465 2090 5490 ‘
2124 5464 2284 5523 Alias
2310 5465 2412 5523 LX.
2449 5464 2681 5539 Scripta
2701 5478 2864 5522 anno
2877 5464 3012 5522 ⁷373.

3319 5646 3406 5716 ἰο
