4152 6378
505 266 607 320 587

1890 260 1945 318 S.
1989 258 2236 316 BASILII
2273 257 2495 316 MAGNI

3773 273 3877 327 588

499 402 700 461 neque
740 401 849 458 per
886 385 1376 459 desperationem
1419 387 1657 444 labores
1700 387 1831 458 jam
1885 401 1920 442 a
1977 383 2155 440 nobis

2284 392 2432 444 ιιονῆς
2479 389 2569 438 καὶ
2611 394 2702 447 τῆς
2769 387 2837 447 εἰς
2889 386 3046 439 αὐτόν
3094 382 3300 448 ἕλπίδος
3359 391 3624 460 στέφανον.
3672 395 3756 449 Μὴ
3786 390 3871 446 οὖν

499 477 838 535 exantlatos
859 476 1271 550 projiciamus.
1309 481 1434 534 Non
1465 478 1625 534 enim
1653 492 1775 533 una
1804 491 1900 532 res
1936 474 2164 530 fortiter

501 571 690 640 gesta,
714 582 913 639 neque
956 566 1156 622 brevis
1185 565 1360 623 labor
1411 567 1816 623 constantiam
1836 563 2020 620 animi
2055 563 2166 618 de-

502 657 731 713 clarat:
766 655 873 711 sed
924 655 1029 728 qui
1089 656 1263 727 233
1303 656 1490 712 corda
1520 660 1733 712 nostra
1764 653 2002 726 probat,
2039 651 2168 709 vult

501 749 570 802 ut
605 745 789 816 longa
836 750 892 799 et
939 744 1172 817 prolixa
1211 744 1571 816 probatione
1603 760 1892 800 coronam
1917 741 2164 814 justitias

502 850 966 908 consequamur.
1029 833 1232 890 Solum
1281 834 1572 890 infractus
1628 838 1898 890 servetur
1929 833 2170 888 animus

501 929 732 992 noster,
757 924 1192 980 inconcussum
1224 923 1604 980 custodiatur
1628 923 1767 979 ﬁdei
1785 924 1843 979 in
1868 923 2166 980 Christum

499 1013 978 1077 ﬁrmamentum,
1027 1016 1084 1068 et
1127 1012 1324 1068 veniet
1365 1013 1482 1069 cito
1524 1012 1767 1083 adjutor
1791 1016 1995 1068 noster
2025 1031 2036 1070 :
2072 1027 2170 1067 ve-

499 1104 642 1171 niet,
677 1106 735 1159 et
752 1118 876 1158 non
905 1101 1185 1158 tardabit.
1211 1103 1517 1171 Exspecta
1539 1103 1697 1159 enim
1721 1102 2173 1158 tribulationem

499 1207 680 1262 super
709 1191 1182 1260 tribulationem,
1211 1207 1372 1260 spem
1407 1207 1589 1261 super
1609 1207 1811 1261 spem:
1841 1191 2044 1248 adhuc
2064 1205 2176 1260 pa.

499 1297 657 1342 rum.
691 1281 894 1338 adhuc
908 1295 1156 1350 parum.
1214 1279 1309 1337 Sic
1364 1281 1534 1336 novit
1589 1295 1860 1336 recreare
1917 1279 2171 1352 promis-

500 1370 669 1427 sione
698 1369 880 1426 futuri
912 1369 1197 1426 alumnos
1246 1385 1389 1426 suos
1418 1369 1674 1443 Spiritus
1707 1375 1976 1426 sanctus.
2028 1372 2175 1442 Spes

501 1462 664 1518 enim
693 1465 836 1534 post
866 1459 1240 1528 aiﬂictiones,
1272 1475 1380 1516 nec
1406 1461 1588 1532 longe
1615 1460 1838 1516 absunt
1873 1476 2013 1532 qua:
2045 1476 2177 1532 spe-

501 1553 734 1607 rantur.
781 1552 929 1606 Nam
967 1548 1203 1605 etiamsi
1251 1549 1388 1622 quis
1419 1553 1611 1606 totam
1643 1548 1806 1605 dicat
1834 1549 2173 1605 humanam

501 1640 713 1709 vitam,
739 1637 1170 1695 brevissimum
1219 1643 1308 1694 est
1345 1639 1594 1695 omnino
1627 1639 1916 1712 spatium,
1957 1639 2006 1694 si
2037 1653 2176 1694 con-

502 1727 732 1785 feratur
776 1743 916 1784 curn
967 1727 1201 1784 inﬁnito
1239 1726 1342 1784 illo
1388 1727 1631 1796 saeculo,
1659 1728 1827 1802 quod
1857 1728 1918 1784 in
1946 1743 2052 1800 spe
2084 1742 2173 1783 re-

501 1818 773 1892 positum
805 1821 912 1874 est.

2277 471 2625 547 ἀποκάμωμεν
2707 473 3040 538 ἐναθλοῦντες
3105 475 3172 537 εἰς
3234 480 3351 538 τοὺς
3411 477 3538 550 ὑπὲρ
3615 487 3706 540 τῆς
3736 480 3872 534 εὐσε·

2277 559 2415 623 ϐείας
2463 561 2684 635 ἀγῶνας,
2751 562 2892 638 μηδὲ
2947 562 3020 618 δι’
3079 565 3413 628 ἀνελπιστίας
3473 569 3539 618 τά
3590 569 3872 626 πονηθέντα

2277 652 2402 723 ἡμῖν
2448 657 2744 726 προώμεθα.
2797 656 2872 708 Οὐ
2923 658 3024 732 γὰρ
3083 661 3180 729 μία
3225 655 3414 729 πρᾶξις
3449 652 3706 730 ἀνδρείας,
3751 655 3877 713 οὐδε

2280 739 2498 814 βραχὺς
2531 748 2682 806 πόνος
2711 748 2769 796 τὸ
2804 753 2895 806 τῆς
2940 745 3125 818 ψυχῆς
3180 748 3426 820 καρτερόν
3478 741 3835 800 διαδείκνυσιν
3859 770 3871 783 ο

2281 828 2388 881 ἀλλ’
2453 833 2478 884 ό
2529 829 2832 907 δοκιμάζων
2893 837 3040 908 ἡμῶν
3105 837 3197 896 τὰς
3251 831 3475 900 καρδίας
3541 832 3634 888 διὰ
3676 843 3876 913 μακρᾶς

2280 925 2370 972 καὶ
2422 927 2846 996 παρατεταμένης
2897 932 2994 987 τῆς
3060 921 3383 998 δοκιμασίας
3443 923 3688 997 βούλεται
3741 928 3875 999 ἡμᾶς

2281 1018 2378 1073 τῆς
2430 1007 2772 1074 δικαιοσύνης
2821 1019 3130 1087 στεφανίτας
3169 1011 3560 1087 ἀποδειχθῆναι
3582 1018 3716 1082 (81).
3771 1020 3876 1069 Μό-

2282 1119 2366 1152 νον
2415 1098 2684 1155 ἀνένδοτον
2725 1105 3072 1176 φυλασσέσθω
3120 1107 3177 1157 τό
3231 1109 3470 1178 φρόνημα
3506 1106 3675 1177 ἡμῶν,
3725 1107 3874 1158 ἄσει·

2287 1209 2407 1243 στον
2437 1194 2496 1243 τὸ
2539 1197 2808 1266 στερέωμα
2854 1201 2945 1254 τῆς
2995 1194 3068 1256 εἰς
3136 1197 3368 1268 Χριστόν
3420 1198 3644 1255 πίστεως
3703 1190 3882 1254 διατη-

2284 1282 2495 1354 ρείσθω,
2537 1285 2624 1333 καὶ
2673 1281 2786 1345 ἣξει
2839 1283 2890 1335 ἐν
2939 1285 3098 1357 τάχει
3154 1285 3180 1336 ό
3239 1282 3646 1356 ἀντιληψόμενος
3694 1286 3835 1356 ἡμῶν
3868 1306 3880 1320 ·

2287 1368 2398 1431 ἣξει
2458 1373 2546 1421 καὶ
2617 1371 2676 1423 οὐ
2733 1380 2958 1447 χρονιεῖ.
3028 1370 3346 1446 Προσδέχον
3419 1375 3520 1446 γὰρ
3569 1372 3750 1445 θλίψιν
3806 1371 3884 1426 ἐπὶ

2288 1457 2478 1529 θλίψει,
2535 1457 2727 1514 ἐλπίδα
2795 1461 2876 1513 ἐπ’
2923 1459 3135 1515 ἔλπίδι·
3187 1465 3265 1515 ἔτι
3307 1465 3496 1536 μικρὸν
3553 1465 3629 1516 ἔτι
3674 1467 3882 1538 μικρὸν.

2286 1552 2468 1611 Οὕτως
2528 1547 2640 1604 οἵδε
2677 1551 3026 1625 ψυχαγωγεῖν
3071 1561 3130 1626 τῇ
3182 1553 3465 1626 ἐπαγγελίᾳ
3493 1561 3586 1606 τοῦ
3624 1553 3887 1627 μέλλοντος

2283 1642 2401 1700 τοὺς
2456 1638 2644 1692 ἑαυτοῦ
2699 1648 2984 1714 τροφίμους
3037 1646 3096 1695 τὸ
3147 1650 3356 1716 Πνεῦμα
3421 1647 3478 1695 τό
3528 1644 3699 1714 ἅγιον.
3748 1645 3887 1697 Μετὰ

2281 1730 2382 1803 γὰρ
2416 1731 2512 1792 τὰς
2551 1729 2750 1802 θλίψεις
2798 1734 2828 1790 ἡ
2887 1731 3032 1795 ἐλπίς
3059 1750 3072 1763 °
3133 1732 3190 1785 ἐκ
3246 1741 3338 1786 τοῦ
3388 1735 3642 1805 σύνεγγυς
3674 1730 3738 1786 δε
3762 1735 3888 1809 πάρ-

2283 1835 2399 1869 εστι
2445 1821 2513 1871 τὰ
2567 1818 2896 1894 ἐλπιζόμενα.
2956 1822 3062 1876 Κᾶν
3123 1825 3224 1896 γὰρ
3273 1821 3387 1874 ὅλον
3441 1843 3523 1886 τις
3608 1827 3748 1876 εἴποι
3804 1826 3886 1876 τὸν

503 1907 822 1982 ἀνθρώπινον
875 1904 1014 1978 βίον,
1067 1909 1420 1980 σμικρότατόν
1473 1905 1587 1959 ἔστι
1643 1903 1922 1980 διάστημα
1970 1905 2249 1973 παντελῶς,
2282 1912 2556 1984 συγκρίσει
2595 1908 2789 1963 ἐκείνου
2835 1919 2926 1964 τοῦ
2978 1910 3268 1986 ἀπεράντου
3308 1912 3490 1974 αἰῶνος
3536 1921 3630 1966 τοῦ
3679 1912 3734 1966 ἐν
3776 1919 3884 1973 ταῖς

504 1995 706 2050 ἰλπίσιν
731 1995 1096 2068 ἀποκειμένου.

574 2090 632 2145 2.
670 2085 880 2142 Fidem
910 2089 1115 2141 autem
1137 2099 1250 2141 nos
1269 2100 1469 2158 neque
1501 2085 1581 2142 ab
1603 2085 1736 2143 aliis
1750 2085 2038 2159 scriptam
2068 2100 2172 2141 no-

500 2174 598 2232 bis
653 2173 1050 2232 recentiorem
1103 2173 1491 2247 suscipimus,
1555 2191 1754 2248 neque
1798 2175 1913 2248 ipsi
1956 2175 2174 2231 mentis

500 2268 723 2322 nostras
737 2263 891 2320 fetus
911 2263 1148 2320 tradere
1171 2263 1488 2332 audemus,
1503 2280 1578 2320 ne
1590 2264 1773 2320 humo
1785 2280 1864 2320 na
1878 2264 2174 2320 faciamus

501 2353 742 2427 pietatis
763 2352 989 2410 verba:
1021 2352 1127 2408 sed
1155 2369 1292 2426 qua:
1343 2368 1380 2408 a
1412 2354 1639 2410 sanctis
1673 2353 1946 2409 Patribus
1978 2352 2175 2409 edocti

505 2458 746 2510 sumus,
778 2457 851 2498 ea
879 2440 952 2496 iis
981 2439 1086 2514 qui
1121 2456 1237 2497 nos
1279 2441 1674 2512 interrogant,
1696 2442 2165 2501 annuntiamus.

505 2531 678 2602 Viget
714 2531 896 2601 igitur
929 2545 965 2586 a
1010 2534 1253 2602 patrum
1302 2535 1648 2588 nostrorum
1693 2531 2068 2604 temporibus
2111 2533 2173 2590 in

507 2625 717 2679 nostra
737 2619 1000 2676 Ecclesia
1016 2618 1168 2675 ﬁdes
1199 2635 1235 2675 a
1253 2619 1526 2676 Patribus
1553 2620 1766 2676 Nicaeae
1788 2625 2175 2693 congregatis

510 2710 870 2782 conscripta,
890 2724 1078 2782 quam
1102 2707 1470 2764 arbitramur
1489 2713 1548 2766 et
1574 2710 1740 2783 apud
1765 2726 1874 2766 vos
1900 2711 2081 2768 etiam
2111 2712 2173 2768 in

503 2815 607 2858 ore
628 2814 758 2856 esse
792 2815 806 2854 :
841 2797 947 2854 sed
969 2801 1172 2854 tamen
1213 2813 1339 2854 non
1394 2813 1770 2862 recusamus,
1802 2815 1878 2855 ne
1903 2801 2175 2870 segnitiei

503 2889 732 2946 crimen
762 2886 1189 2955 sustineamus,
1208 2885 1343 2958 ipsa
1357 2903 1602 2961 quoque
1634 2888 1822 2944 verba
1836 2889 1897 2945 in
1917 2889 2176 2962 epistola

501 2978 741 3036 referre.
770 2979 904 3033 Haec
921 2979 1125 3033 autem
1152 2979 1328 3032 sunt:
1363 2976 1678 3034 Credimus
1698 2979 1762 3033 in
1781 2994 1969 3034 unum
1983 2980 2173 3036 Deum

507 3071 742 3126 Patrem
757 3067 1242 3136 omnipotentem,
1260 3067 1524 3122 omnium
1538 3068 1662 3123 sive
1678 3067 2035 3137 visibilium,
2051 3084 2176 3125 sive

503 3159 894 3217 invisibilium
911 3156 1206 3225 factorem
1219 3197 1232 3210 .
1245 3156 1404 3212 Elin
1427 3173 1614 3212 unum
1629 3158 1950 3213 Dominum
1968 3159 2170 3214 Jesum

506 3249 813 3306 Christum
826 3247 1048 3302 Filium
1065 3245 1467 3315 Dei,genitum
1482 3260 1557 3302 ex
1567 3247 1756 3302 Patre
1769 3247 2168 3317 unigenitum,

505 3338 618 3395 hoc
637 3342 745 3402 est,
767 3350 843 3392 ex
861 3336 1114 3394 essentia
1125 3335 1336 3391 Patris
1348 3347 1372 3404 ;
1392 3335 1593 3391 lumen
1618 3335 1692 3392 de
1715 3336 1959 3403 lumine,
1981 3337 2171 3393 Deum

503 3441 714 3484 verum
735 3440 812 3482 ex
838 3425 961 3479 Deo
974 3439 1110 3480 vero
1133 3440 1147 3480 :
1171 3423 1461 3492 genitum,
1495 3439 1617 3480 non
1643 3425 1900 3494 factum,
1929 3426 2176 3483 consub-

504 3515 853 3573 stantialem
866 3513 1177 3581 Patri,per
1193 3527 1364 3583 quem
1391 3513 1592 3568 omnia
1602 3513 1776 3583 facta
1794 3521 1953 3584 sunt,
1976 3520 2177 3587 etquae

505 3606 570 3661 in
591 3604 741 3662 caelo
759 3607 923 3670 sunt,
947 3607 1000 3661 et
1014 3615 1146 3673 qua
1166 3601 1228 3657 in
1259 3605 1443 3658 terra.
1467 3601 1582 3668 Qui
1592 3608 1848 3672 propter
1863 3618 1969 3659 nos
1988 3603 2177 3660 homi-

505 3709 610 3752 nes
630 3699 685 3751 et
696 3699 948 3764 propter
967 3696 1238 3748 nostram
1256 3691 1510 3746 salutem
1527 3690 1830 3747 descendit
1858 3710 1870 3748 :
1893 3694 2178 3750 ineamu-

507 3791 605 3842 tus
631 3789 737 3851 est,
754 3783 927 3840 homo
935 3784 1144 3853 factus
1160 3787 1263 3852 est,
1279 3795 1496 3851 passus
1517 3787 1624 3843 est.
1641 3788 1694 3838 et
1710 3783 2046 3839 resurrexit
2068 3789 2181 3840 ter-

507 3876 594 3932 tia
618 3874 750 3930 die:
775 3872 1046 3929 ascendit
1070 3871 1153 3927 ad
1173 3871 1375 3937 caelos,
1399 3877 1690 3929 uenturus
1712 3877 1796 3928 est
1815 3872 1898 3927 ad
1919 3872 2183 3942 judican

506 3964 650 4020 dum
671 3963 833 4019 vivos
864 3966 920 4018 et
939 3965 1221 4018 mortuos.
1237 3961 1317 4015 Et
1339 3961 1403 4015 in
1420 3961 1718 4030 Spiritum
1741 3968 2038 4018 sanctum.
2069 3955 2184 4029 Qui

508 4057 704 4109 autem
724 4051 954 4116 dicunt,
970 4054 1101 4106 erat
1121 4049 1472 4119 aliquando,
1498 4051 1741 4122 quando
1763 4067 1884 4107 non
1905 4057 2037 4108 erat
2071 4065 2095 4123 ;
2123 4060 2181 4111 et

508 4147 833 4214 antequam
849 4141 1348 4210 gigneretur,non
1362 4145 1521 4204 erat;
1537 4145 1591 4196 et
1604 4141 1766 4211 quod
1776 4156 1852 4197 ea:
1867 4157 1985 4197 non
1999 4144 2180 4200 exsis-

511 4231 771 4290 tentibus
783 4230 992 4300 factus
1003 4233 1111 4300 est;
1123 4233 1230 4284 aut
1251 4243 1328 4284 ea:
1339 4229 1467 4285 alia
1483 4229 1797 4298 hypostasi
1805 4236 1913 4285 aut
1924 4234 2181 4289 essentia

509 4338 632 4380 esse
651 4321 885 4388 dicunt,
904 4325 1013 4376 aut
1037 4319 1524 4387 mutabilem,aut
1547 4319 1928 4376 alterabilem
1951 4321 2176 4380 Filium
2211 4308 2256 4364 Π

512 4414 642 4480 Dei,
664 4425 758 4469 cos
781 4408 1262 4467 anathematizat
1317 4407 1624 4464 catholica
1645 4415 1699 4464 et
1732 4411 2065 4478 apostolica
2083 4413 2173 4469 Ec

513 4499 835 4560 clesia.His
848 4496 1288 4556 credimus:sed
1299 4497 1445 4570 quia
1456 4495 1706 4554 deﬁnita
1719 4513 1839 4554 non
1854 4505 1944 4556 est
1959 4500 2036 4556 de
2055 4501 2179 4574 Spi-

510 4592 630 4651 ritu
640 4595 850 4651 sancto
863 4587 1442 4660 doctrina,nondum
1455 4591 1598 4644 tunc
1610 4591 2178 4660 pneumatomachis

583 4771 700 4843 (81)
739 4766 1178 4843 Ἀποᾷειχθῆναι.
1210 4769 1299 4843 Ita
1338 4765 1576 4843 Med.__et
1603 4765 1779 4843 (_‘.ois_l.
1815 4771 2088 4843 uterque,
2110 4774 2169 4826 et

513 4834 643 4898 Vat.
671 4834 812 4898 cum
858 4834 1102 4897 duobus
1141 4837 1356 4908 Regiis.
1418 4836 1566 4892 Editi
1605 4834 2008 4910 ἀναδειχθῆναι
2039 4834 2167 4896 Non

515 4913 705 4986 multo
735 4916 875 4986 post
892 4911 1035 4986 editi
1064 4915 1201 4983 post
1254 4913 1521 4983 στερέωμα
1549 4908 1797 4965 addunt
1819 4908 1995 4982 ἡμῶν,
2030 4927 2166 4983 qum

512 5000 632 5040 vox
653 4982 823 5040 deest
849 4983 908 5039 in
935 4982 1205 5055 quinque
1231 4982 1379 5036 mss.

583 5057 698 5126 (82)
738 5051 1078 5126 Ποιήσωμεν.
1108 5051 1204 5108 1ῐᾶ
1259 5056 1490 5126 septem
1535 5067 1714 5120 mss.;
1771 5051 1934 5108 unde
1983 5052 2169 5110 miror

511 5111 630 5200 IGéi
658 5111 719 5182 111
749 5111 921 5200 editis
945 5111 1274 5200 λογίζωνται.

586 5194 697 5270 (83)
733 5205 806 5270 Τῇ
873 5194 1157 5270 Ἐκκλησία
1206 5197 1392 5270 ημῶν.
1465 5194 1769 5270 Nicaenarn
1840 5194 2166 5270 formulam

513 5265 850 5328 Caesaream
887 5265 1164 5324 attulerat
1197 5265 1271 5339 δέ
1291 5266 1588 5339 Leontius,
1621 5266 1728 5339 qui
1755 5265 1896 5339 huic
1928 5266 2168 5339 synodo

511 5340 879 5398 interfuerat.
899 5339 1182 5409 Ejusdem
1193 5337 1670 5409 ﬁdeiacerrimus
1696 5337 1975 5394 defensor
1995 5338 2169 5394 exsti-

511 5413 578 5468 tit
607 5408 1034 5482 Hermogenes,
1071 5408 1295 5482 Leontii
1321 5424 1652 5482 successor,
1681 5413 1745 5464 ut
1774 5409 2035 5482 perspici
2057 5426 2166 5482 po-

511 5487 627 5556 test
646 5500 719 5540 ex
750 5480 933 5556 epist:
957 5487 1044 5537 81.
1068 5480 1530 5556 At_Dianius_qu_i
1553 5480 2166 5556 Hermogeni’succes-

511 5555 607 5624 sit,
675 5551 804 5611 non
837 5554 1074 5624 videtur
1101 5553 1234 5623 ejus
1282 5551 1561 5624 vestigiis,
1594 5566 1831 5624 semper
1854 5552 2163 5624 institisse.

512 5621 682 5696 sepe
727 5625 891 5685 enim
938 5621 1301 5682 Arianorum
1323 5621 1600 5682 formulis
1633 5621 2010 5696 subscripsit.
2037 5626 2168 5681 Non

2354 2091 2409 2145 2.
2450 2092 2640 2142 Πίστιν
2681 2086 2740 2143 δε
2796 2091 2946 2164 ἡμεῖς
3001 2095 3116 2145 οὔτε
3170 2091 3294 2168 παρ’
3342 2091 3505 2145 ἄλλων
3555 2097 3886 2167 γραφομένην

2283 2175 2410 2248 ἡμῖν
2475 2183 2723 2253 νεωτέραν
2802 2177 3244 2254 παραδεχόμεθα,
3293 2185 3411 2234 οὔτε
3466 2181 3614 2234 αὐτοὶ
3665 2185 3736 2236 τὰ
3795 2190 3885 2244 τῆς

2283 2265 2534 2340 ἡμετέρας
2603 2265 2844 2331 διανοίας
2912 2275 3211 2343 γεννήματα
3277 2267 3636 2345 παραδιδόναι
3689 2271 3886 2344 τολμῶ-

2282 2372 2391 2426 μεν,
2453 2356 2536 2408 ἵνα
2577 2361 2648 2429 μὴ
2683 2355 2983 2431 ἀνθρώπινα
3033 2361 3471 2432 ποιήσωμεν(82)
3520 2363 3584 2413 τὰ
3620 2368 3719 2424 τῆς
3749 2360 3886 2413 εὐσε-

2285 2441 2424 2504 ϐείας
2480 2445 2732 2519 ῥήματα·
2793 2444 2902 2498 ἀλλ’
2961 2448 3088 2522 άπερ
3143 2451 3288 2524 παρὰ
3335 2457 3433 2501 τῶν
3465 2448 3623 2522 ἁγίων
3646 2453 3884 2524 Πατέρων

2285 2529 2673 2607 δεδιδάγμεθα,
2729 2544 2896 2590 ταῦτα
2950 2545 3056 2599 τοὶς
3098 2537 3356 2611 ἐρωτῶσιν
3407 2540 3548 2612 ἡμᾶς
3576 2536 3886 2612 διαγγέλλο-

2283 2641 2399 2695 μεν.
2463 2621 2618 2676 ’Ἐστι
2676 2630 2846 2677 τοίνυν
2911 2625 2966 2678 ἐκ
3021 2631 3254 2702 πατέρων
3308 2626 3747 2702 ἇμπολιτευομένη
3820 2635 3880 2700 τῇ

2284 2711 2571 2771 Ἐκκλησία
2629 2716 2776 2787 ἡμῶν
2823 2717 3001 2782 (831ἡ
3056 2722 3318 2791 γραφεῖσα
3373 2720 3518 2792 παρὰ
3571 2726 3672 2771 τῶν
3732 2717 3886 2790 ἁγίων

2284 2805 2527 2875 Πατέρων
2584 2807 2763 2865 πίστις
2795 2813 2895 2857 τῶν
2941 2808 3078 2858 κατά
3104 2809 3199 2864 τὴν
3232 2810 3457 2859 Νίκαιαν
3491 2806 3840 2862 συνελθόντων
3871 2823 3884 2838 ⁸

2285 2890 2347 2950 ἣν
2401 2893 2671 2965 ἡγούμεθα
2717 2897 2809 2966 μὲν
2841 2891 2936 2947 διὰ
2975 2898 3238 2968 στόματος
3289 2892 3417 2948 εἶναι
3463 2902 3554 2949 καὶ
3579 2897 3702 2972 παρ’
3749 2899 3886 2970 ὑμῖν,

2284 2979 2344 3031 οὐ
2373 2984 2772 3055 παραιτούμεθα
2817 2980 2894 3051 δὲ,
2939 2984 3022 3035 ἱνα
3061 2989 3134 3056 μὴ
3185 2987 3336 3037 ὄκνου
3393 2985 3630 3059 ἔγκλημα
3667 2984 3889 3058 ἀπενεγ-

2285 3071 2515 3141 κώμεθα,
2549 3074 2636 3122 καὶ⁵
2657 3071 2790 3124 αῦτά
2827 3075 2893 3125 τὰ
2921 3073 3134 3147 ῥήματά
3171 3071 3461 3147 ἐνσημᾶναι
3498 3083 3570 3146 τῷ
3594 3078 3888 3150 γράμματι.

2286 3155 2441 3210 ’Ἐστι
2499 3155 2559 3210 δὲ
2615 3167 2816 3218 ταῦτα.
2875 3165 3195 3235 Πιστεύομεν
3247 3161 3320 3224 εἰς
3366 3163 3454 3216 ἕνα
3500 3167 3629 3217 Θεὸν
3682 3168 3892 3239 Πατέρα

2285 3251 2704 3323 παντοκράτορα,
2791 3251 2990 3324 ὁρατῶν
3069 3270 3125 3304 τε
3184 3254 3391 3304 πάντων
3480 3258 3571 3306 καὶ
3655 3252 3891 3328 ἀοράτων

2286 3343 2532 3397 ποιητήν.
2605 3344 2705 3392 Καὶ
2769 3340 2838 3402 εἰς
2909 3342 2997 3394 ἕνα
3059 3343 3250 3414 Κύριον
3307 3344 3417 3412 (84)
3487 3343 3692 3402 Ἰησοῦν
3768 3352 3892 3417 Χρι-

2289 3432 2412 3482 στὸν
2481 3433 2570 3483 τὸν
2628 3433 2747 3484 Υίὸν
2795 3438 2887 3484 τοῦ
2937 3439 3090 3504 Θεοῦ,
3142 3435 3448 3505 γεννηθέντα
3514 3435 3570 3486 εκ
3640 3442 3739 3488 τοῦ
3793 3442 3894 3488 Hu-

2284 3521 2404 3593 τρὸς
2495 3528 2743 3592 μονογενῆ
2777 3536 2790 3551 ⁸
2876 3524 3168 3588 τουτέστιν,
3256 3519 3312 3574 ἐκ
3395 3530 3486 3583 τῆς
3548 3522 3744 3587 οὐσίας
3803 3529 3892 3577 τοῦ

2289 3612 2494 3681 Πατρός
2527 3629 2540 3642 ο
2601 3617 2702 3680 φῶς
2767 3607 2823 3661 ἐκ
2889 3613 3077 3681 φωτός,
3137 3613 3266 3664 Θεὸν
3333 3609 3574 3669 ἀληθινὸν
3639 3611 3696 3665 ἑκ
3757 3620 3891 3668 Θεοῦ

2289 3695 2567 3754 ἀληθινοῦ·
2670 3699 2980 3768 γεννηθέντα
3069 3699 3130 3752 οὐ
3221 3702 3524 3772 ποιηθέντα,
3608 3703 3889 3776 όμοούσιον

2289 3793 2360 3856 τῷ
2414 3791 2606 3859 Πατρὶ,
2647 3783 2721 3839 δι’
2780 3787 2842 3839 οὗ
2895 3789 2962 3840 τὰ
3014 3789 3188 3841 πάντα
3233 3787 3452 3862 ἐγένετο,
3502 3792 3570 3844 τὰ
3618 3811 3673 3844 τε
3724 3791 3774 3845 ἐν
3817 3799 3888 3864 τῷ

2289 3873 2491 3947 οὐρανῷ
2539 3879 2629 3928 καὶ
2679 3877 2744 3928 τά
2786 3874 2835 3928 ἐν
2901 3884 2962 3949 τῇ
3029 3885 3121 3951 γῇ.
3180 3881 3278 3930 Τὸν
3323 3875 3396 3931 δι’
3440 3881 3580 3952 ἡμᾶς
3631 3884 3752 3944 τοὺς
3807 3879 3892 3934 ἂν·

2293 3967 2530 4039 θρώπους
2603 3970 2693 4018 καὶ
2777 3962 2872 4018 διὰ
2945 3970 3040 4025 τήν
3094 3969 3346 4041 ἡμετέραν
3393 3972 3660 4042 σωτηρίαν
3710 3969 3892 4023 κατελ-

2292 4057 2448 4108 θόντα
2514 4058 2670 4119 (85)·
2757 4056 3110 4127 σαρκωθίντα,
3205 4054 3695 4132 ἐνανθρωπήσαντα,
3792 4079 3892 4112 πα-

2292 4145 2447 4196 θόντα
2521 4143 2659 4213 (86),
2747 4147 2839 4196 καὶ
2933 4142 3227 4197 ἀναστάντα
3297 4153 3361 4217 τῇ
3429 4150 3579 4218 τρίτῃ
3647 4148 3822 4220 ἡμέρᾳ
3876 4164 3891 4180 ο

2289 4232 2569 4286 ἀνελθόντα
2624 4231 2698 4294 εἰς
2749 4232 3016 4305 οὐρανοὺς,
3079 4235 3360 4306 ἑρχόμενον
3439 4241 3616 4308 κρῖναι
3690 4235 3893 4297 ζῶντας

2287 4327 2376 4375 καὶ
2430 4323 2660 4394 νεκρούς.
2734 4325 2834 4374 Καὶ
2895 4321 2962 4382 εἰς
3013 4324 3073 4374 τό
3133 4321 3282 4393 ἅγιον
3353 4328 3581 4395 Πνεῦμα.
3637 4326 3772 4386 Τοὺς
3831 4319 3892 4377 δε

2285 4413 2544 4484 λέγοντας,
2601 4410 2696 4463 Ἦν
2753 4430 2898 4476 ποτε,
2949 4413 3032 4464 ὅτε
3089 4411 3183 4463 οὐκ
3231 4407 3334 4484 ᾖνο
3395 4415 3507 4482 καὶ,
3548 4418 3676 4486 Πρὶν
3709 4433 3893 4484 γεννη-

3065 4500 3150 4563 Ἐξ
3216 4499 3311 4553 οὐκ
3355 4504 3511 4553 ὄντων
3565 4500 3796 4574 ἐγένετοο
3853 4504 3885 4564 ἦ

2287 4591 2339 4654 ἐξ
2387 4591 2560 4666 ἑτέρας
2619 4592 2955 4652 ὑποστάσεως
3027 4591 3056 4649 ἠ
3139 4589 3321 4651 οὐσίας
3378 4592 3675 4663 φάσκοντας
3733 4590 3886 4664 εἶναι,

2289 4504 2442 4562 θῆναι
2481 4501 2574 4554 οὐκ
2625 4497 2717 4574 ᾖν.
2769 4505 2880 4567 καὶ,
2923 4503 3004 4553 ὅτι

2271 4769 2410 4826 ideo
2427 4773 2631 4826 tamen
2653 4771 2695 4825 Ν
2704 4769 2896 4826 ictnna
2919 4767 3182 4840 formula
3211 4770 3494 4826 Caesarem
3520 4769 3882 4840 oblitterata,

2274 4845 2335 4896 ut
2372 4841 2486 4922 boc
2528 4840 2663 4922 loco
2712 4845 2964 4922 testatur
3012 4839 3297 4922 Basilius:
3330 4841 3643 4922 ac__ipsius
3693 4839 3884 4922 I_)ian_ii

2317 4911 2785 4967 erhonoriﬁcum
2833 4911 2908 4966 de
2947 4911 3060 4967 hac
3087 4910 3205 4966 ﬁde
3227 4915 3284 4967 et
3311 4911 3386 4967 de
3417 4910 3668 4969 Nicaanis
3698 4914 3883 4971 Patri-

2319 5000 2397 5064 us.
2416 4981 3159 5064 testimonium-habemus
3181 4982 3261 5064 in
3295 4984 3468 5064 epist.
3504 4984 3590 5064 51.

2345 5055 2458 5126 (84)
2497 5056 2705 5126 Κύριον.
2723 5051 2911 5109 Editio
2933 5053 3114 5126 Paris.
3140 5057 3198 5108 et
3220 5051 3582 5126 Basileensis
3611 5055 3883 5126 secunda

2272 5125 2503 5205 addunt
2531 5123 2698 5205 ἡμῶν,
2731 5141 2868 5205 quae
2891 5141 3013 5205 vox_
3027 5123 3276 5205 deest‘in
3301 5125 3886 5205 antiquioribus_edi-

2274 5195 2536 5322 tilonibus
2559 5195 2616 5252 et
2642 5195 2952 5252 codicibus
2991 5195 3146 5252 Med.
3173 5195 3350 5252 Cois].
3375 5195 3574 5268 primo
3605 5202 3665 5253 et
3692 5197 3882 5255 tribus

2274 5283 2309 5322 a
2334 5285 2424 5322 us.

2273 5283 2424 5324 alllS.

2345 5339 2468 5413 {85)
2503 5337 2844 5413 κατελθόντα.
2891 5337 3048 5413 ,Εάὶῑὶ
3102 5337 3336 5394 addunt
3385 5337 3442 5391 ἐκ
3481 5345 3582 5392 τῶν
3623 5340 3878 5413 οὐρανῶν,

2271 5426 2408 5482 quae
2435 5409 2858 5465 desiderantur
2887 5410 2948 5466 in
2981 5425 3084 5464 sex
3116 5425 3268 5464 mss.

2345 5483 2458 5550 (86)
2496 5483 2756 5538 Παθόντα,
2790 5483 2953 5536 Hanc
2997 5496 3205 5536 vocem
3262 5479 3470 5536 addidi
3516 5497 3588 5537 ex
3646 5482 3796 5539 Med.
3821 5487 3879 5539 et

2273 5551 2446 5610 Coisl.
2481 5558 2758 5626 utroque,
2791 5557 2846 5610 et
2875 5557 3131 5624 utroque
3164 5551 3367 5624 Regio.
