4152 6416
559 364 657 420 591

1937 347 1995 411 s.
2036 341 2294 410 BASILli
2331 337 2583 413 MAGNI'

3819 373 3918 435 592

558 491 618 545 et
643 487 772 562 ipse
790 500 914 542 non
941 485 1208 556 ignoras,
1231 483 1333 540 uni
1374 481 1707 540 ministeria
1739 472 2043 553 ejusmodi
2089 491 2196 535 nor

2331 480 2401 541 ὡς
2429 485 2519 534 καὶ
2564 479 2722 545 αὐτὸς
2747 477 2919 550 οἶδας,
2972 480 3042 538 ἐνὶ
3089 484 3184 549 τὰς
3229 487 3479 552 τοιαύτας
3517 489 3805 567 οἰκονομίας
3849 503 3915 572 μὴ

560 577 956 636 concedunt?
993 579 1124 632 1am
1153 590 1298 631 vero
1347 574 1659 647 quodnam
1707 569 2043 629 remedium
2091 583 2217 624 non

559 667 812 726 adhibui
844 667 872 724 ?
903 665 1223 734 Quodnam
1242 664 1542 737 judicium
1573 663 1719 737 ipsis
1769 677 1892 718 non
1935 659 2218 716 revocavi

558 760 623 817 in
653 757 1032 825 memoriam,
1073 755 1293 828 partim
1335 769 1442 827 per
1494 753 1743 820 litteras,
1803 750 2023 824 partim
2077 765 2216 804 cum

559 865 768 907 coram
833 845 1140 918 congressi
1205 849 1536 901 essemus?
1585 845 1887 899 Venerunt
1936 840 2097 896 enim
2161 842 2217 895 et

557 955 752 1012 usque
785 937 862 994 ad
894 935 1129 1002 urbem,
1162 933 1369 990 audito
1401 931 1609 988 mortis
1641 948 1791 988 meae
1820 929 2058 986 nuntio.
2101 927 2215 985 Sed

557 1030 704 1104 quia
729 1032 848 1085 Deo
873 1026 1072 1082 visum
1095 1029 1207 1097 est,
1229 1029 1296 1080 ut
1315 1039 1413 1080 me
1437 1023 1643 1078 vivum
1673 1019 2211 1095 deprehenderent,

557 1135 680 1189 eos,
715 1120 781 1174 ut
837 1131 950 1190 par
1004 1119 1152 1182 erat,
1205 1130 1341 1169 sum
1391 1111 1710 1169 allocutus.
1744 1113 1824 1166 Ac
1853 1113 2214 1183 praesentem

553 1207 804 1281 quidem
833 1208 1202 1271 reverentur,
1253 1207 1312 1260 et
1340 1201 1551 1259 omnia
1602 1214 1984 1274 quaecunque
2033 1196 2214 1254 officii

555 1299 696 1353 sunt
729 1295 1090 1369 pollicentur
1118 1312 1132 1350 :
1167 1297 1228 1349 at
1257 1291 1438 1348 simul
1473 1295 1538 1346 ut
1573 1292 1971 1356 recesserunt,
2001 1287 2214 1344 iterum

550 1388 864 1444 recurrunt
893 1384 971 1439 ad
1009 1399 1184 1439 suam
1212 1381 1483 1455 ipsorum
1512 1379 1968 1436 sententiam.ln
1988 1376 2080 1433 his
2101 1391 2214 1432 nos

551 1491 799 1553 quoque
829 1473 1172 1531 communis
1192 1488 1393 1530 rerum
1414 1475 1604 1528 status
1631 1468 1955 1543 participes
1978 1483 2212 1538 sumus,

551 1567 809 1625 Domino
842 1566 1018 1637 235
1051 1563 1258 1637 palam
1289 1577 1404 1618 nos
1436 1562 1769 1627 deserente,
1791 1575 2055 1632 quorum
2077 1559 2214 1614 cha-

549 1657 698 1716 ritas
728 1656 808 1713 ob
864 1654 1328 1727 multiplicatam
1378 1651 1760 1724 iniquitatem
1810 1647 2054 1706 refrixit.
2099 1647 2216 1706 Sed

549 1746 730 1804 nobis
759 1745 836 1801 ad
858 1744 1066 1801 omnia
1093 1742 1358 1799 sufﬁciat
1387 1758 1487 1797 ma
1501 1756 1622 1810 gna
1652 1743 1756 1796 tua
1777 1755 1848 1794 ac
1874 1737 2214 1811 potentissi-

2333 572 2749 646 συγχωρούντων
2776 589 2789 636 ;
2815 575 3001 627 Καίτοι
3015 579 3132 628 τίνα
3155 577 3426 650 θεραπείαν
3449 578 3542 633 ούκ
3569 581 3916 657 ἑθεράπευσα;

2331 664 2489 712 Ποίου
2521 666 2775 736 κρίματος
2805 663 2991 726 αὐτοὺς
3021 665 3115 718 οὐκ
3139 665 3324 741 ἀνέμνη
3337 687 3405 722 σα
3431 670 3496 723 τὰ
3519 673 3609 744 μὶν
3642 668 3734 727 διὰ
3761 695 3920 751 γραμ-

2327 750 2526 822 μάτων,
2556 753 2623 803 τὰ
2655 747 2714 804 δὴ
2734 754 2821 804 καὶ
2852 749 2946 806 διὰ
2970 761 3065 816 τῆς
3114 761 3406 830 συντυχίας
3431 775 3445 827 ;
3485 758 3676 814 Ἦλθον
3700 747 3804 838 γὰρ
3837 747 3920 822 καὶ

2325 841 2490 914 μέχρι
2524 847 2616 903 τῆς
2641 839 2856 908 πόλεως,
2879 845 3015 896 κατὰ
3037 841 3197 905 ἀκοὴν
3225 854 3316 899 τοῦ
3343 846 3468 922 ἐμοῦ
3500 849 3742 908 θανάτου.
3787 853 3921 910 Ἐπεὶ

2327 924 2386 981 δὲ
2402 925 2547 992 ἔδοξε
2566 937 2639 1002 τῷ
2661 937 2775 1002 Θεῷ
2800 931 2998 994 ζῶντας
3018 933 3154 1007 ἡμᾶς
3177 935 3304 1011 παρ’
3325 936 3491 990 αὐτῶν
3511 939 3918 1015 καταληφθῆναι,

2327 1015 2672 1094 διελέχθημεν
2704 1021 2878 1084 αὐτοῖς
2907 1025 2974 1075 τὰ
3002 1023 3197 1080 εἰκότα.
3233 1030 3334 1080 Καὶ
3363 1033 3596 1103 παρόντα
3624 1033 3716 1104 μὲν
3746 1031 3918 1088 αἰδοῦ-

2323 1128 2458 1176 νται,
2487 1114 2575 1162 καὶ
2606 1112 2994 1184 ὑπισχνοῦνται
3013 1115 3079 1167 τὰ
3099 1114 3274 1170 εἰκότα
3298 1118 3470 1171 πάντα
3493 1141 3505 1153 ·
3540 1119 3919 1196 ἀπολειφθέντες

2326 1194 2384 1251 δὲ
2412 1199 2566 1252 πάλιν
2592 1201 2719 1274 πρὸς
2750 1204 2843 1261 τὴν
2875 1201 3069 1257 ἑαυτῶν
3101 1203 3456 1282 ἀνατρέχουσι
3483 1194 3925 1284 γνὼμηνξΤαῦτα

2323 1293 2413 1341 καὶ
2442 1291 2587 1362 ἡμεῖς
2611 1298 2705 1352 τῆς
2728 1300 2905 1356 κοινῆς
2935 1294 3309 1360 κάταστάσεως
3334 1306 3436 1350 τῶν
3465 1303 3788 1374 πραγμάτων
3810 1301 3927 1356 ἀπο.

2323 1375 2562 1466 λαύομεν,
2609 1377 2884 1454 προδήλως
2919 1389 3011 1435 τοῦ
3051 1389 3246 1460 Κυρίου
3299 1385 3738 1458 ἕγκαταλιπόντος
3771 1394 3920 1466 ἡμᾶς,

2322 1470 2446 1528 τοὺς
2478 1464 2572 1520 διὰ
2614 1471 2673 1521 τὸ
2727 1469 3086 1531 πληθυνθῆναι
3134 1477 3230 1533 τὴν
3277 1473 3493 1550 ἀνομίαν
3524 1464 3923 1549 ψύξανταςτήν

2326 1554 2552 1627 ἀγάπην.
2587 1557 2745 1612 Ἀλλὰ
2784 1563 2916 1634 πρὸς
2944 1564 3116 1615 πάντα
3167 1565 3293 1637 ἡμῖν
3341 1564 3614 1640 ἀρκεσάτω
3665 1571 3698 1628 ἡ
3735 1571 3926 1644 μεγάλη

2327 1665 2423 1700 σου
2451 1651 2539 1700 καὶ
2567 1645 2906 1710 δυνατωτάτη
2941 1654 3074 1728 πρὸς
3116 1658 3238 1708 Θεὸν
3273 1658 3465 1713 ἱκεσία.
3515 1661 3676 1732 Τάχα
3719 1663 3820 1734 γὰρ
3874 1661 3931 1714 ἂν

2324 1737 2354 1796 ἦ
2385 1741 2662 1810 γενοίμεθά
2689 1760 2741 1793 τι
2766 1748 2876 1804 τοῖς
2913 1745 3196 1817 πράγμασι
3242 1751 3511 1822 χρήσιμοι
3559 1749 3698 1822 (90),
3751 1751 3804 1820 ἦ,
3857 1749 3933 1805 δι-

549 1852 654 1894 ma
682 1835 849 1908 apud
879 1835 1068 1890 Deum
1094 1831 1460 1905 deprecatio.
1489 1832 1661 1886 Forte
1686 1829 1848 1885 enim
1879 1831 1984 1884 aut
2030 1827 2196 1884 rebus

2325 1831 2642 1901 αμαρτόντες
2694 1829 2805 1894 (91)
2858 1840 2958 1884 τῶν
3015 1830 3478 1910 σπουδαζομένων,
3535 1841 3788 1914 φύγοιμεν
3839 1846 3928 1903 τὴν

551 1924 782 1998 aliquid
801 1922 1202 1996 proderimus,
1221 1925 1327 1978 aut
1351 1919 1399 1976 si
1419 1923 1630 1992 optato
1651 1919 1812 1976 exitu
1835 1917 2210 1987 aberremus,

551 2011 1127 2071 condemnationem
1157 2008 1539 2081 effugiemus.

1079 2134 1418 2192 EPISTULA
1442 2132 1669 2190 CXLII'.

2322 1917 2658 1990 κατάκρισιν.

2839 2139 3178 2192 ΕΠΙΣΤΟΛΗ
3218 2139 3388 2198 PMB’.

1202 2259 1399 2332 Rogat
1427 2257 1700 2316 Basilius
1725 2262 1790 2314 ut
1812 2271 2152 2328 pauperum
2183 2254 2443 2328 hospitia
2473 2257 2865 2330 vectigalibus
2894 2264 3265 2321 eximantur.

1006 2412 1071 2471 Ν
1072 2413 1370 2470 umerario
1383 2411 1733 2483 prmsidum.

614 2539 955 2601 Convocavi
984 2553 1198 2596 omnes
1229 2537 1310 2595 ad
1335 2540 1704 2594 conventum
1728 2535 1892 2592 beati
1917 2530 2202 2605 martyris

541 2630 869 2705 Eupsychii
888 2629 1101 2686 fratres
1129 2631 1371 2684 nostros
1403 2625 1897 2698 chorepiscopos,
1921 2627 1986 2679 ut
2025 2626 2203 2678 notos

539 2723 804 2780 facerem
835 2717 1110 2790 dignitati
1134 2721 1274 2773 tuae.
1306 2716 1423 2772 Sed
1453 2715 1598 2789 quia
1630 2713 1896 2784 abfuisti,
1918 2728 2026 2786 per
2048 2711 2201 2768 litte-

538 2827 639 2869 ras
695 2825 800 2866 eos
865 2822 1115 2865 necesse
1161 2809 1252 2864 est
1306 2806 1512 2862 sistere
1560 2803 2049 2874 integritatituae.
2098 2805 2203 2859 Co-

540 2916 764 2974 gnosce
807 2899 989 2969 igitur
1035 2897 1284 2955 fratrem
1330 2895 1536 2963 istum,
1577 2893 1684 2967 qui
1721 2893 1942 2964 dignus
1984 2895 2073 2948 est
2120 2891 2201 2948 ob

538 2989 777 3048 Domini
801 2989 1081 3045 timorem
1112 2985 1207 3042 cui
1239 2990 1340 3042 tua
1364 2983 1688 3058 prudentia
1715 2982 1901 3039 ﬁdem
1955 2981 2196 3038 habeat.

537 3083 608 3138 Et
631 3093 1013 3154 quascunque
1042 3091 1378 3150 pauperem
1422 3090 1609 3132 causa
1637 3072 1712 3130 ad
1747 3075 1915 3129 tuam
1967 3071 2199 3128 bonam

2735 2416 3077 2491 Νουμεραρίῳ
3109 2414 3491 2492 ἐπάρχων(92).

2384 2538 2681 2608 Συνήγαγον
2715 2540 2829 2608 (93)
2859 2542 2950 2612 μὲν
2979 2543 3178 2604 πάντας
3208 2541 3256 2595 ἐν
3277 2551 3338 2616 τῇ
3385 2539 3589 2619 συνόδῳ
3615 2554 3709 2600 τοῦ
3746 2568 3924 2623 μακα-

2311 2628 2424 2697 ρίου
2477 2627 2744 2702 μάρτυρος
2791 2629 3070 2702 Εύψυχίου
3119 2635 3241 2694 τοὺς
3290 2629 3539 2708 ἀδελφοὺς
3596 2639 3746 2710 ἡμῶν
3803 2643 3922 2702 τούς

2309 2720 2766 2790 χωρεπισκόπους,
2795 2719 2930 2771 ὥστε
2958 2725 3254 2796 γνωρίμους
3281 2731 3507 2783 ποιῆσαι
3537 2734 3599 2798 τῇ
3649 2731 3923 2801 τιμιότητί

2313 2822 2408 2856 σου
2452 2825 2465 2838 ·
2527 2803 2634 2858 ἐπεὶ
2695 2803 2754 2860 δὲ
2811 2805 3141 2882 ἀπελείφθης,
3205 2805 3300 2864 διὰ
3345 2816 3677 2888 γραμμάτων
3736 2813 3922 2882 αὐτοὺς

2308 2891 2591 2966 ἀναγκαῖόν
2614 2895 2728 2949 ἐστι
2748 2899 3128 2972 προσαχθῆναί
3151 2920 3244 2954 σου
3269 2909 3330 2976 τῇ
3356 2901 3658 2964 τελειότητι.
3692 2902 3922 2981 Γνώριξε

2307 2987 2479 3037 τοίνυν
2509 2988 2595 3038 τὸν
2618 2982 2837 3060 ἀδελφὸν
2866 2984 3036 3055 τόνδε,
3071 2988 3216 3052 ἄξιον
3263 2994 3386 3044 ὄντα
3425 3001 3516 3046 τοῦ
3568 2999 3920 3050 πιστεύεσθαι

2308 3077 2452 3147 παρὰ
2480 3085 2576 3138 τῆς
2626 3085 2720 3137 σῆς
2759 3083 3053 3152 φρονήσεως
3098 3076 3193 3132 διὰ
3237 3082 3324 3134 τὸν
3362 3079 3516 3155 φόϐον
3559 3093 3650 3138 τοῦ
3695 3092 3918 3163 Κυρίου.

535 3171 913 3228 voluntatem
942 3165 1228 3233 retulerit,
1261 3165 1314 3222 ei
1341 3168 1407 3221 ut
1434 3179 1648 3220 verum
1687 3161 1907 3251 dicenti
1936 3161 2196 3232 digneris

2312 3167 2412 3218 Καὶ
2440 3165 2567 3240 ἅπερ
2596 3164 2656 3216 ἂν
2676 3174 2775 3218 τῶν
2802 3175 3028 3240 πτωχῶν
3055 3169 3215 3222 ἕνεκεν
3248 3168 3469 3247 ἀναφέρῃ
3505 3193 3600 3226 σου
3630 3181 3697 3248 τῇ
3748 3161 3916 3251 ἁγαθῇ

533 3261 721 3319 ﬁdem
749 3259 994 3325 habere,
1012 3260 1194 3329 atque
1223 3254 1542 3312 aﬁlictatos
1573 3268 1683 3326 pro
1706 3250 1856 3308 virili
1885 3250 2198 3322 adjuvare.

536 3348 889 3421 Dignaberis
915 3351 1121 3404 autem
1150 3344 1361 3418 procul
1389 3343 1578 3400 dubio
1616 3347 1674 3400 et
1713 3357 2055 3415 pauperum
2094 3342 2200 3399 do-

535 3456 710 3496 mum
740 3437 819 3494 ad
851 3451 1043 3510 pagos
1070 3435 1190 3509 ipsi
1220 3433 1582 3491 commissos
1614 3433 2015 3505 pertinentem
2044 3432 2196 3490 invi-

537 3544 690 3592 sere,
720 3543 790 3584 ao
819 3525 1070 3582 omnino
1099 3510 1496 3594 vectigalibus
1533 3522 1816 3578 eximere.
1868 3523 1987 3577 Hoc
2031 3521 2194 3578 enim

529 3616 661 3689 jam
691 3621 747 3673 et
771 3621 874 3673 tuo
899 3615 1144 3684 collegae
1175 3614 1371 3669 visum
1395 3615 1489 3669 est
1535 3612 1820 3683 exiguam
1860 3626 2192 3683 egenorum

533 3706 983 3784 possessionem
1011 3703 1246 3762 tributis
1276 3702 1560 3759 eximere.

1048 3827 1390 3887 EPISTOLA
1415 3827 1684 3885 CXLIII".

2307 3258 2630 3331 προαιρέσει,
2645 3255 2969 3320 καταξίωσον
2985 3259 3052 3320 ὡς
3075 3256 3378 3317 ἀληθεύοντι
3397 3263 3691 3334 πείθεσθαι,
3709 3271 3807 3320 καὶ
3826 3271 3918 3326 τὴν

2309 3339 2538 3404 δυιατὴν
2564 3345 2863 3420 ἐπικουρίαν
2892 3350 3225 3421 παρέχεσθαι
3262 3357 3372 3414 τοῖς
3413 3362 3915 3430 καταπονουμένοις.

2309 3432 2662 3498 Καταξιώσεις
2689 3430 2748 3487 δὲ
2788 3430 3029 3494 δηλονότι
3045 3456 3132 3490 κα.
3156 3445 3558 3516 πτωχοτροφίαν
3583 3450 3680 3506 τῆς
3709 3465 3917 3520 συμμο-

2303 3528 2422 3596 ρίας
2448 3532 2539 3585 τῆς
2572 3523 2660 3577 ὑπ’
2701 3524 2856 3577 αύτον
2879 3525 3288 3598 ἐπισκέψασθαι,
3311 3532 3577 3592 καὶπάντη
3596 3531 3798 3588 ἀνεῖναι
3825 3545 3918 3597 τῆς

2306 3613 2785 3676 συντελείας.Τοῦτο
2796 3617 2897 3690 γὰρ
2913 3619 2942 3674 ἣ
2953 3611 3020 3674 δη
3038 3621 3128 3668 καὶ
3141 3625 3212 3688 τῷ
3226 3617 3413 3694 ἑταίρῳ
3430 3640 3525 3673 σου
3543 3627 3804 3697 συνήρεσε
3820 3629 3915 3684 τὴν

2303 3722 2428 3778 μικρ
2437 3705 2494 3756 ἀν
2507 3711 2603 3763 διτῆ
2615 3722 2696 3757 σιν
2709 3711 2807 3757 τῶν
2821 3709 2945 3764 πενή
2953 3725 3052 3758 των
3066 3703 3368 3782 ἀλειτούργη
3376 3729 3462 3764 τον
3474 3721 3712 3775 καταστῆ
3725 3734 3841 3772 σαι.

2828 3836 3169 3888 ΕΠΙΣΤΟΛΗ
3208 3834 3373 3890 ΡΜΓ.

1669 3949 1833 4011 Idem
1865 3956 2018 4025 petit
2054 3954 2131 4012 ab
2159 3955 2352 4014 altero
2389 3955 2757 4015 numerario.

1063 4105 1266 4163 Alteri
1277 4107 1646 4164 numerario.

599 4233 734 4292 Mihi
763 4232 1012 4307 quidem
1059 4230 1244 4288 silicet
1267 4230 1622 4301 dignitatem
1644 4234 1811 4289 tuam
1837 4231 2178 4296 convenire,

523 4340 634 4399 per
662 4339 758 4381 me
787 4324 918 4396 ipse
955 4337 1202 4394 prorsus
1231 4321 1570 4378 retulissem
1613 4322 1836 4395 quibus
1881 4321 1958 4378 de
1997 4322 2180 4377 rebus

2815 4109 2996 4186 Ἐτίρῳ
3024 4117 3370 4189 νουμεραρίῳ.

2366 4233 2427 4287 Εἰ
2455 4236 2545 4306 μὲν
2577 4235 2717 4306 αύτῷ
2747 4255 2839 4308 μοι
2883 4231 3106 4288 δυνατὸν
3133 4243 3195 4295 ῆν
3250 4245 3599 4313 συμπαρεῖναι
3628 4249 3691 4313 τῇ
3720 4248 3918 4315 τιμιό-

2289 4325 2410 4380 τητί
2451 4342 2567 4391 σου,
2610 4320 2683 4376 δι’
2720 4324 2944 4397 ἐμαυτοᾶ
2983 4318 3044 4375 ἂν
3090 4325 3290 4387 πάντως
3349 4323 3602 4398 ἀνήνεγκα
3656 4333 3776 4403 περὶ
3842 4333 3917 4385 ὧν

523 4414 812 4472 sollicitus
844 4429 1001 4481 sum,
1043 4414 1100 4466 et
1129 4409 1490 4467 afﬂictarum
1539 4411 1954 4468 defensionem
1987 4427 2182 4466 susce-

2307 4410 2595 4484 Ξϐουλόμην,
2649 4417 2738 4465 καὶ
2778 4416 3036 4488 προέστην
3088 4421 3187 4466 τῶν
3235 4420 3694 4489 καταπονουμένων
3722 4437 3734 4450 ο
3795 4419 3916 4476 ἐπεὶ

520 4506 768 4580 pissem.
804 4503 918 4560 Sed
938 4518 1079 4560 cum
1107 4516 1206 4557 me
1232 4501 1500 4574 corporis
1528 4501 1772 4557 inﬁrma
1797 4499 2079 4558 valetudo
2109 4517 2180 4558 ac

519 4593 903 4664 negotiorum
921 4590 1359 4664 impedimenta
1377 4590 1710 4656 retrahant,
1726 4590 1840 4647 mei
1863 4590 1997 4647 loco
2017 4591 2179 4646 hunc

518 4683 764 4742 fratrem
785 4681 1292 4755 chorepiscopum
1318 4679 1425 4736 tibi
1443 4679 1830 4751 commendo,
1845 4683 1910 4737 ut
1929 4680 1982 4738 ei
2003 4696 2180 4738 aures

515 4913 770 4974 Marcelli
798 4913 1095 4985 discipuli,
1129 4915 1459 4984 antequam
1487 4911 1648 4985 Petri
1662 4910 2176 4985 Alexandriniau-

516 4987 756 5043 ctoritas
787 4983 1175 5043 accessisset:
1210 4989 1268 5040 et
1287 4983 1428 5039 eum
1459 4983 1537 5040 ab
1560 4983 1860 5057 episcopis
1888 4984 1948 5040 in
1975 4984 2172 5057 Pales-

514 5059 641 5115 tina
669 5057 1083 5113 exsulantibus
1117 5071 1238 5113 non
1266 5054 1617 5126 exspectato
1657 5054 1916 5110 aliorum
1947 5054 2172 5126 episco-

511 5146 733 5211 porum
764 5144 1066 5210 consensu
1097 5127 1352 5207 restituti
1376 5126 1652 5207 fuissent,
1677 5126 1902 5183 factum
1919 5126 2171 5184 moleste

511 5201 645 5259 tulit
669 5205 726 5257 et
749 5200 932 5256 libere
961 5196 1362 5269 reprehendit.
1393 5201 1564 5269 epist.
1598 5202 1721 5254 265.

975 5214 1362 5259 reprehendit.
1393 5214 1564 5259 epxsr.
1598 5214 1721 5254 265.

583 5273 599 5290 ⁸
629 5272 794 5328 Alias
825 5267 1182 5328 CCCCXVIII.
1220 5267 1450 5340 Scripta
1479 5284 1642 5324 anno
1672 5272 1796 5324 373.

581 5344 626 5366 “
655 5343 814 5399 Alias
841 5344 1148 5400 CCCCXIX.
1177 5338 1409 5410 Scripta
1437 5354 1598 5394 anno
1626 5343 1748 5396 373.

580 5417 685 5486 (90)
712 5419 1006 5488 Χρήσιμοι.
1046 5409 1396 5488 Legendum
1431 5415 1576 5483 puto
1606 5415 1902 5487 χρήσιμον,
1933 5414 1999 5468 ut
2034 5412 2165 5485 jam

505 5484 829 5542 observavi
858 5484 936 5541 ad
961 5484 1135 5558 epist.
1169 5489 1260 5540 '72.

578 5560 692 5624 (91)
721 5550 1117 5629 Διαμαρτοῦτες.
1151 5559 1235 5630 Ita
1271 5552 1538 5630 quinque
1570 5572 1718 5630 m_ss.
1763 5553 1911 5610 Edili
1938 5550 2164 5630 διαμαρ-

505 5629 759 5688 τάνοντες.
796 5625 937 5697 Reg.
971 5627 1276 5683 secundus
1308 5629 1363 5680 et
1391 5626 1572 5697 Paris.
1607 5625 2013 5697 διαιιαρτῶντες.

576 5675 712 5768 (62y
724 5675 1202 5772 ῖὶετὲἑίῖοῖωῑῖἷῖὲὲῖ
1211 5675 1629 5758 “staminea
1646 5675 1832 5757 sagi;
1850 5675 2160 5758 gauisus

2292 4497 2351 4555 δέ
2398 4521 2462 4575 με
2505 4499 2774 4577 ἀρρωστία
2821 4507 3063 4576 σώματος
3117 4508 3207 4556 καὶ
3266 4503 3521 4577 ἀσχολίαι
3569 4511 3913 4580 πραγμάτων

2289 4588 2598 4665 ἀφελκουσιν
2626 4592 2754 4662 (94η),
2790 4590 2896 4644 ἀντ’
2930 4591 3156 4665 ἐμαυτοῦ
3207 4612 3291 4648 σοι
3331 4598 3416 4647 τὸν
3467 4591 3684 4669 ἀδελφὸν
3740 4595 3910 4654 τόνδε

2284 4683 2370 4735 τὸν
2407 4684 2810 4756 χωρεπίσκοπον
2869 4686 3157 4758 συνίστημι
3200 4704 3213 4717 ·
3273 4686 3426 4753 ὥστε,
3481 4687 3538 4739 σι
3577 4686 3718 4759 αὐτῷ
3761 4709 3906 4763 ’γνη-

2284 4912 2572 4997 ἐπαρχιῶν.
2607 4913 2899 4997 sanxerat
2923 4914 3341 4997 Yalens'anno
3385 4920 3510 4988 365,
3557 4921 3625 4974 ut
3669 4934 3907 4997 nume-

2281 4986 2422 5043 rarii
2457 4986 2867 5059 consularium
2897 4987 3315 5059 etprsesidum
3345 4986 3708 5047 vocarentur
3727 4992 3907 5050 dein’

2282 5073 2425 5130 ceps
2456 5055 2753 5130 tabularii.
2802 5057 2917 5130 Sed
2946 5055 3096 5114 forte
3134 5059 3228 5115 lex
3273 5059 3375 5117 illa
3412 5059 3614 5116 minus
3646 5061 3758 5119 fuit
3785 5066 3905 5122 ob-

2281 5127 2520 5210 sefvata
2549 5147 2561 5184 :
2599 5127 2875 5210 vel_huic_
2897 5130 3258 5210 epistolam
3284 5131 3557 5210 pluribus
3584 5132 3740 5210 aliis,
3769 5151 3907 5193 non

2274 5200 2578 5327 Exaaésilio,
2609 5199 2715 5256 sed
2745 5205 2883 5274 post
2916 5199 3058 5258 eum
3110 5219 3145 5259 a
3174 5199 3456 5259 librariis
3489 5201 3690 5260 titulus
3727 5199 3908 5279 prae-

2321 5288 2456 5328 XUS.

2348 5345 2809 5432 (93l'2w737a70v.
2843 5342 3020 5402 Coisl.
3047 5347 3296 5418 uterque
3327 5348 3384 5403 et
3412 5347 3556 5417 Reg.
3582 5347 3903 5407 secundus

2279 5434 2669 5487 συνηγάγομεν.

2345 5487 2451 5564 (955)
2486 5487 2860 5564 Ἀφέλκουσιν..
2897 5490 2983 5564 Ita
3026 5503 3136 5564 sex
3166 5487 3405 5564 codices
3435 5505 3586 5564 mss.
3639 5505 3751 5564 pro
3818 5503 3897 5551 eo

2270 5557 2440 5686 quod
2488 5557 2575 5640 est
2617 5559 2678 5641 in
2723 5557 2896 5615 editis
2953 5557 3303 5615 ἀνθέλκουσιν.
3353 5561 3538 5617 Paulo
3585 5557 3726 5633 post
3768 5579 3895 5637 ope

2297 5628 2447 5685 ‘oxsl.
2479 5646 2658 5686 nrlmi
2689 5635 2745 5686 et
2775 5632 2914 5686 Reg.
2943 5630 3193 5686 secundi
3219 5630 3678 5686 emendavimus
3709 5638 3891 5686 συοά

2297 5628 2447 5712 Zoisl.
2479 5629 2658 5712 primi
2689 5635 2745 5712 e_t
2775 5632 2914 5700 Reg.
2943 5630 3193 5712 secpndi
3219 5628 3678 5689 emendavii‘rius
3709 5628 3894 5707 quod

2269 5705 2396 5759 erat
2420 5700 2497 5758 in'
2508 5700 2679 5761 editis
2701 5703 2836 5756 ὥστε
2863 5707 3088 5774 σεαυτῷ.
