4152 6380
1282 306 1768 370 EPISTOLARUM
1807 300 2094 364 CLASSIS
2132 300 2202 362 ll.
2244 300 2462 360 EPIST.
2503 299 2704 359 CXLV.

3564 292 3670 352 594

287 439 418 498 σίως
472 450 804 510 προσχόντα,
860 432 1178 508 χρήσασθαι
1232 431 1624 507 συμϐούλῳ,ὡς
1682 429 1891 506 φιλαλη·

2013 426 2245 486 sincere
2303 425 2800 494 accommodans,
2832 423 2966 497 ipso
2997 419 3182 478 utaris
3212 416 3580 491 consiliario,
3605 419 3671 474 ut

289 525 393 588 Θῶς
440 528 533 578 καὶ
591 521 856 595 ἐμφρόνως
896 516 1162 595 δυναμένῳ
1196 522 1586 596 συμϐουλεῦσαι
1628 527 1746 598 περὶ
1801 529 1898 574 τῶν

286 615 646 688 πραγμάτων.
698 614 768 666 Τὸ
812 613 913 684 γὰρ
963 620 1382 687 πτωχοτροφεῑον
1434 616 1492 667 τό
1558 613 1681 687 παρ’
1739 611 1899 665 αὑτοῦ

288 703 720 777 οἰκονομούμενον
760 696 970 754 ἐπειδὰν
1020 701 1352 776 καταξιὼσης
1421 704 1713 757 θεάσασθαι
1760 701 1899 774 [ὄψει

288 789 492 868 γὰρ,εὖ
549 787 694 862 οἶδα,
743 794 833 842 καὶ
881 789 940 843 οὐ
995 787 1347 866 παραδραμῇ,
1380 789 1560 854 ἐπειδὴ
1603 788 1726 846 οὐδὲ
1755 789 1899 844 ἄπει-

289 903 377 959 ρος
402 884 512 952 (95)
539 880 587 935 εἷ
629 888 721 936 τοῦ
770 882 944 956 ἔργου·
979 878 1108 949 ἀλλ’,
1137 883 1204 934 ὡν
1235 884 1260 934 ὁ
1292 878 1438 936 δεῖνά
1476 902 1566 958 μοι
1604 881 1896 954 ἀνήνεγκεν,

289 976 340 1026 ἓν
397 981 497 1026 τῶν
534 971 586 1026 ἐν
628 978 692 1044 τῇ
757 970 1013 1044 Ἀμασιίᾳ
1073 969 1124 1035 ἐξ
1175 973 1243 1024 ὦν
1301 969 1464 1026 ἔδωκέ
1527 992 1612 1026 σοι
1641 973 1666 1024 ὀ
1708 974 1898 1045 Κύριος

293 1059 590 1137 ὃιατρέφεις
627 1060 782 1134 (96)],
815 1057 1026 1114 ἕπειδὰν
1053 1061 1141 1114 οὖν
1189 1059 1313 1136 ἴδῃς
1368 1067 1458 1117 καὶ
1505 1071 1678 1132 τοῦτο,
1728 1065 1900 1117 πάντα

293 1152 439 1225 αὐτῷ
487 1151 678 1226 παρέξῃ
742 1153 809 1204 τὰ
866 1149 1269 1225 ἐπιζητούμενα.
1322 1149 1464 1213 Ἤδη
1516 1155 1618 1228 γάρ
1679 1172 1770 1226 μοι
1807 1157 1898 1206 καὶ

295 1243 324 1298 ὁ
357 1241 557 1318 ἑταῖρός
581 1260 673 1294 σου
700 1241 810 1314 (97)
840 1241 1284 1313 κατεπηγγείλατο
1343 1242 1730 1318 φιλανθρωπίαν
1781 1245 1899 1297 τινὰ

290 1337 413 1405 περὶ
441 1334 504 1387 τὰ
531 1337 954 1404 πτωχοτροφεῖα.
994 1337 1157 1384 Τοῦτο
1187 1328 1246 1386 δὲ
1298 1331 1448 1403 λέγω,
1474 1332 1580 1404 οὐχ
1608 1333 1690 1386 ἱνα
1745 1331 1896 1385 ἄλλον

287 1420 444 1482 αὐτὸς
499 1424 710 1493 μιμήση
747 1420 830 1491 (σὲ
852 1423 954 1494 γὰρ
1015 1419 1150 1483 εἰκὸς
1181 1419 1372 1494 ἑτέροις
1419 1420 1549 1475 εἶναι
1586 1431 1685 1474 τῶν
1729 1422 1896 1475 καλῶν

283 1510 556 1582 ἡγεμόνα),
610 1507 718 1561 ἀλλ’
751 1511 834 1562 ἵνα
860 1517 1016 1582 γνῷς,
1062 1512 1142 1562 ὅτι
1197 1507 1264 1569 δὴ
1312 1516 1432 1586 περὶ
1485 1512 1655 1569 αὐτῶν
1697 1515 1894 1582 τούτων

285 1603 380 1651 καὶ
408 1597 553 1651 ἄλλοι
592 1599 730 1672 ἡμᾶς
761 1595 1189 1658 ἐδυσωπήθησαν
1219 1604 1354 1671 (98).

812 1818 1149 1868 ΕΠΙΣΤΟΛΗ
1188 1813 1351 1870 ΡΜΔ’.

2008 517 2254 574 homine
2295 521 2352 574 et
2399 533 2606 575 amore
2645 513 2906 573 veritatis
2935 516 2992 570 et
3015 509 3337 585 prudentia
3373 508 3453 565 ad
3477 507 3671 564 consi-

2007 607 2156 664 lium
2186 607 2260 664 de
2302 607 2485 663 rebus
2535 606 2808 663 dandum
2871 603 3107 660 idoneo.
3140 604 3470 672 Postquam
3506 597 3670 654 enim

2008 712 2347 770 pauperum
2385 696 2718 770 hospitium
2773 694 2850 752 ab
2891 709 2962 749 eo
3017 691 3420 763 gubernatum
3477 688 3671 748 visere

2007 786 2291 856 dignatus
2321 785 2501 842 fueris
2533 784 2771 856 (invises
2817 781 2997 853 enim,
3032 785 3123 837 sat
3152 779 3295 849 scio,
3326 794 3437 835 nec
3461 781 3672 851 praste-

2005 875 2153 932 ribis
2187 894 2200 928 :
2248 875 2548 948 siquidem
2577 890 2690 931 nec
2737 871 2822 930 rei
2852 871 3200 944 inexpertus
3231 885 3294 924 es
3327 885 3340 923 :
3379 867 3504 939 sed,
3538 871 3605 924 ut
3632 883 3671 926 θ.

2005 964 2277 1038 quodam
2331 964 2409 1021 ad
2454 980 2552 1021 me
2599 963 2856 1020 relatum
2887 965 2994 1030 est,
3018 976 3208 1016 unum
3260 973 3332 1014 ex
3383 957 3477 1013 his
3531 973 3669 1030 quas

2006 1057 2274 1110 Amaseae
2293 1059 2636 1114 constructa
2653 1057 2880 1110 suntex
2895 1049 3073 1108 bonis
3095 1065 3230 1122 quae
3248 1047 3355 1104 tibi
3376 1045 3667 1103 Dominus

2005 1144 2250 1202 tradidit
2303 1148 2641 1212 sustentas),
2675 1144 2780 1200 ubi
2828 1142 3101 1215 inquam,
3129 1144 3186 1196 et
3237 1138 3350 1194 hoc
3403 1136 3665 1206 videris;

2007 1234 2300 1292 concedes
2330 1235 2383 1291 ei
2412 1235 2618 1292 omnia
2665 1251 2802 1308 quae
2856 1249 3010 1306 opus
3041 1231 3382 1287 erunt.Jam
3409 1227 3572 1283 enim
3611 1231 3669 1284 et

2007 1325 2238 1397 collega
2267 1329 2403 1382 tuus
2428 1325 2697 1399 aliquam
2719 1323 2868 1380 mihi
2889 1338 3032 1392 erga
3053 1335 3384 1391 egenorum
3410 1317 3668 1390 hospitia

2004 1415 2447 1472 humanitatem
2473 1414 2771 1488 pollicitus
2810 1416 2917 1469 est.
2955 1414 3076 1467 Hoc
3107 1414 3309 1466 autem
3351 1407 3510 1478 dico,
3540 1421 3666 1462 non

2008 1509 2070 1560 ut
2100 1505 2284 1560 alium
2315 1505 2442 1578 ipse
2472 1503 2724 1562 imiteris
2757 1504 2892 1576 (par
2915 1501 3076 1558 enim
3105 1505 3156 1556 te
3183 1498 3314 1555 aliis
3353 1501 3508 1553 recte
3535 1496 3665 1552 fac-

2004 1595 2205 1650 torum
2231 1592 2450 1648 ducem
2481 1591 2768 1660 esse),sed
2800 1595 2865 1646 ut
2897 1589 3055 1646 scias
3082 1588 3214 1660 jam
3239 1585 3418 1642 nobis
3437 1584 3516 1642 ab
3538 1582 3670 1641 aliis

2002 1683 2401 1740 reverentiam
2429 1683 2524 1739 his
2543 1682 2607 1739 in
2623 1681 2806 1740 rebus
2825 1679 3099 1738 habitam
3119 1677 3324 1734 fuisse.

2399 1818 2577 1890 236
2609 1817 2944 1873 EPISTOLA
2976 1815 3246 1871 CXLIV“.

857 1923 1148 1980 Eamdem
1172 1923 1612 1981 immunitatem
1639 1924 1787 1994 petit
1816 1940 1889 1983 ac
1926 1926 1990 1983 in
2028 1926 2261 1984 duabus
2291 1926 2766 1998 prwcedentibus
2809 1923 3097 1995 epistolis.

716 2037 1012 2105 Τρακτευτῇ
1054 2039 1154 2083 τῶν
1195 2029 1463 2106 ἐπάρχων.

357 2137 634 2214 Γνωρίζεις
686 2138 890 2200 πάντως
926 2133 1076 2192 τόνδε
1133 2137 1188 2190 ἐκ
1263 2148 1358 2204 τῆς
1409 2141 1544 2194 κατά
1594 2143 1688 2200 τὴν
1744 2140 1893 2194 πόλιν

285 2231 602 2300 συντυχίας
639 2228 778 2304 ὅμως
823 2224 881 2282 δὲ
915 2247 999 2280 σοι
1031 2227 1182 2281 αὐτὸν
1221 2233 1310 2281 καὶ
1350 2223 1445 2283 διὰ
1472 2237 1563 2292 τῆς
1621 2228 1894 2293 ἐπιστολῆς

282 2318 617 2392 προσάγομεν
691 2325 1072 2384 συνιστῶντες,
1124 2319 1207 2370 ὅτι
1273 2317 1339 2380 εἰς
1401 2317 1567 2371 πολλά
1635 2339 1718 2372 σοι
1792 2329 1894 2372 τῶν

284 2403 731 2480 σπουδαζομένων
785 2411 1060 2481 χρήσιμος
1090 2409 1258 2476 ἔσται,
1294 2403 1388 2461 διὰ
1433 2412 1492 2461 τὸ
1543 2415 1632 2463 καὶ
1676 2418 1894 2473 συνετῶς

283 2501 376 2548 καὶ
421 2495 646 2560 εὐλαϐῶς
711 2492 975 2551 δύνασθαι
1025 2499 1366 2552 ὑποτίθεσθαι
1413 2500 1478 2552 τὰ
1534 2505 1787 2576 πρακτέα.
1827 2499 1892 2555 ’Λ

293 2581 352 2637 δέ
391 2583 501 2657 ἐμοὶ
530 2586 602 2652 εἰς
653 2589 713 2639 τὸ
749 2583 839 2650 οὖς
887 2581 1182 2660 διελέχθης,
1217 2596 1384 2642 ταῦτα
1433 2597 1520 2642 νῦν
1552 2587 1665 2643 ἐστι
1712 2594 1894 2666 καιρὸς

293 2669 695 2744 ἐπιδείξασθαι,
753 2671 966 2728 ἐπειδάν
1027 2696 1112 2730 σοι
1164 2678 1191 2730 ὁ
1252 2681 1615 2754 προειρημένος
1672 2675 1895 2755 ἁδελφὸς

289 2766 360 2817 τὰ
396 2773 494 2817 τῶν
533 2775 756 2842 πτωχῶν
795 2763 1072 2841 ὑποδείξῃ.

823 2881 1161 2934 ΕΠΙΣΤΟΛΗ
1193 2877 1360 2932 PME'.

2472 2032 2817 2090 Tractatori
2838 2029 3194 2102 praesidum.

2077 2141 2402 2214 Cognoscis
2435 2141 2705 2215 profecto
2735 2139 2903 2196 illum
2935 2155 3008 2196 ex
3033 2141 3246 2195 mutuo
3270 2133 3332 2190 in
3364 2133 3512 2191 urbe
3553 2132 3670 2192 col-

2001 2232 2231 2307 loquio.
2263 2232 2380 2290 Sed
2420 2236 2621 2289 tamen
2649 2247 2788 2288 eum
2825 2229 2931 2285 tibi
2963 2232 3019 2284 et
3048 2243 3156 2301 per
3183 2225 3407 2281 litteras
3439 2225 3582 2282 sisto
3613 2229 3672 2283 et

2005 2322 2392 2390 commendo,
2420 2326 2484 2378 ut
2516 2320 2594 2378 ad
2634 2319 2847 2390 multa,
2877 2334 3014 2391 quae
3035 2316 3141 2373 tibi
3173 2331 3331 2371 curae
3363 2319 3523 2382 sunt,
3555 2314 3670 2371 uti-

2002 2411 2122 2470 lem
2177 2411 2467 2479 futurum,
2494 2425 2565 2467 eo
2603 2409 2772 2483 quod
2823 2407 2920 2481 pie
2975 2422 3044 2464 ac
3102 2403 3432 2478 prudenter
3481 2403 3672 2476 possit

2003 2500 2199 2574 agend
2209 2486 2580 2573 a'suggerere
2591 2502 2754 2567 .Quae
2767 2503 2967 2555 autem
2981 2495 3201 2552 mihiin
3215 2510 3426 2551 aurem
3447 2492 3666 2565 dixisti,

2004 2607 2078 2650 ea
2106 2607 2270 2648 nunc
2297 2595 2538 2664 tempus
2569 2595 2660 2648 est
2687 2588 2972 2663 exsequi;
3007 2590 3332 2660 postquam
3363 2599 3670 2642 memora-

2004 2683 2100 2738 tus
2140 2680 2324 2739 frater
2357 2696 2697 2755 pauperum
2731 2683 2956 2737 statum
2978 2675 3084 2734 tibi
3105 2673 3475 2732 indicaverit.

2458 2877 2798 2936 EPISTOLA
2837 2873 3066 2932 CXLV'.

295 2980 578 3056 Quamvis
604 2983 809 3040 multa;
831 2999 1185 3056 magnaeque
1215 2986 1481 3043 rationes
1532 2984 1854 3042 Eusebium
1894 2983 2220 3055 prohibere
2259 2985 2607 3056 videantur,
2635 2984 2954 3056 quominus
2977 2995 3231 3052 peregre
3259 2985 3546 3056 eat;1tor_t
3577 2984 3671 3056 ta-

376 3069 509 3128 men
537 3054 811 3128 desperat
840 3054 1107 3114 Basilius
1137 3073 1270 3116 eum
1313 3059 1512 3116 omnia
1550 3054 1979 3127 impedimenta
2006 3064 2459 3128 superaturum.

2493 3051 2689 3126 Quar'e
2708 3072 2840 3114 eum
2873 3051 3071 3125 rogat,
3103 3051 3367 3126 uespem
3395 3051 3674 3126 Ecclesia:

364 3125 743 3184 Caesariensis
776 3129 1016 3185 irritam
1046 3129 1264 3202 faciat,
1291 3145 1473 3201 quam
1496 3129 1570 3187 de
1599 3125 1727 3200 ejus
1753 3129 2020 3187 adventu
2050 3125 2318 3187 Basilius
2346 3146 2506 3188 anno
2532 3127 2847 3200 praeterito
2884 3127 3068 3198 byria
3092 3125 3328 3182 rediens
3354 3125 3670 3182 attulerat.

630 3224 886 3300 Εὐσεϐίῳ,
910 3226 1178 3302 ἐπισκόπῳ
1210 3230 1546 3303 Σαμοσάτων.

357 3329 499 3386 Οἶδα
546 3335 666 3394 τοὺς
722 3337 939 3408 μυρίους
985 3338 1175 3399 πόνους
1211 3336 1325 3407 (99)
1375 3355 1492 3403 σου,
1522 3335 1610 3399 οὕς
1678 3334 1891 3398 ἀνέτλης

280 3418 409 3490 ὐπὶρ
441 3427 540 3470 τῶν
573 3417 892 3478 Ἐκκλησιῶν
939 3427 1031 3474 τοῦ
1080 3428 1234 3476 Θιοῦ’
1271 3425 1358 3474 καί
1384 3430 1482 3474 τῶν
1532 3420 1798 3493 ἀσχολιῶν
1829 3425 1887 3475 τὸ

278 3506 476 3569 πλῆθος
501 3508 597 3560 οὐκ
628 3507 818 3580 ἀγνοῶ,
849 3509 910 3570 οἷς
961 3512 1124 3582 ἔχεις
1151 3515 1245 3570 τὴν
1308 3513 1604 3585 οἰκονομίαν
1653 3511 1712 3564 οὐ
1756 3531 1887 3585 παρ-

282 3601 460 3671 έργως,
502 3597 630 3650 ἀλλὰ
675 3600 812 3650 κατά
874 3602 934 3650 τὸ
995 3600 1194 3671 Θέλημα
1245 3609 1334 3653 τοῦ
1393 3606 1588 3675 Κυρίου
1649 3597 1887 3654 διατιθέ-

283 3704 434 3758 μενος
466 3729 478 3740 .
531 3692 634 3739 Καὶ
707 3691 794 3740 τόν
879 3686 933 3739 ἐκ
1010 3692 1248 3760 γειτόνων
1315 3691 1436 3763 ὑμῖν
1513 3690 1887 3764 ἐπικαθήμενον

283 3774 433 3831 ἐννοῶ
481 3779 612 3850 (1),
760 3775 956 3850 ἀνάγκη
1017 3783 1189 3852 ὔμᾶς,
1250 3783 1422 3854 ὥσπερ
1483 3785 1690 3855 ὀρνιοας
1758 3781 1887 3854 ἀετῷ

283 3866 717 3930 ὑποπτήσσοντας
749 3908 768 3935 ,
836 3872 907 3940 μὴ
988 3868 1164 3944 πόρρω
1246 3878 1335 3931 τῆς
1409 3876 1605 3933 σκέπης
1671 3871 1888 3926 ἕκαστον

283 3954 616 4028 ἀποτρέχειν.
666 3959 871 4009 Τούτων
922 3976 986 4031 με
1038 3955 1190 4011 ουὸιν
1243 3959 1469 4018 λέληθεν.
1500 3960 1638 4013 Ἀλλ’
1670 3963 1694 4012 ό
1734 3964 1890 4022 πόθος

282 4051 502 4118 πρᾶγμα
549 4045 745 4120 βίαιον,
778 4052 868 4100 καὶ
911 4047 1122 4101 ἐλπίσαι
1164 4051 1229 4101 τὰ
1281 4054 1352 4124 μὴ
1412 4047 1766 4123 ἐνδεχόμενα,
1799 4055 1890 4104 καὶ

283 4132 600 4208 ἐγχειρῆσαι
654 4143 762 4202 τοῖς
817 4134 1100 4204 ἀδυνάτοις
1134 4140 1211 4211 (2)
1236 4156 1247 4169 ·
1280 4139 1470 4213 μᾶλλον
1503 4136 1562 4192 δὲ
1600 4142 1629 4199 ἡ
1674 4139 1756 4192 ἐπὶ
1790 4144 1890 4193 K9-

277 4243 393 4300 ριον
445 4223 580 4288 ἐλπὶς
636 4224 988 4302 ἰσχυρότατον
1030 4229 1248 4284 πάντων.
1281 4229 1355 4280 Οὐ
1403 4232 1504 4306 γὰρ
1556 4228 1726 4302 ἀλόγῳ
1783 4229 1890 4286 ἔπιε

282 4315 466 4388 Θυμίᾳ,
517 4313 623 4368 ἀλλ’
673 4315 831 4390 ἰσχύι
879 4321 1104 4382 πίστεως
1149 4315 1434 4396 προσδοκῶ
1475 4325 1566 4372 καὶ
1624 4325 1784 4395 πόρον
1842 4319 1890 4372 ἐν

280 4403 582 4478 ἀμηχάνοις
643 4408 1132 4480 φανήσεσθαι,καὶ
1183 4411 1386 4462 πάντων
1442 4406 1642 4486 ῥᾳδίως
1697 4429 1755 4464 σι
1810 4399 1889 4480 (3)

357 4511 473 4598 (ἓὸ)
495 4509 778 4598 ξλπιιρος.
813 4515 1070 4598 U_t.erque
1102 4515 1438 4598 Coisl.cuin
1469 4519 1888 4598 _R_eg.secun_do

280 4586 342 4640 et
381 4585 564 4640 Paris.
593 4585 803 4662 ἄπορος,
835 4585 990 4645 Non‘
1020 4603 1187 4646 cares
1214 4585 1617 4659 facultatibus
1664 4591 1747 4648 ad
1779 4590 1889 4648 hoc

279 4670 454 4725 opus.

353 4727 468 4808 (96)
508 4731 816 4811 ὲιατρέφῖις.
847 4733 930 4811 Ita
963 4729 1138 4811 Cois}.
1172 4734 1422 4811 uterque
1452 4733 1663 4811 et__\_’at.
1699 4732 1886 4811 Editio

279 4798 482 4880 prima
512 4798 708 4880 Paris.
728 4798 1051 4880 diar‘aépmgi
1081 4803 1260 4859 Paulo
1293 4798 1426 4880 p'ost
1458 4803 1595 4860 editi
1618 4804 1882 4880 παρέξεις.

279 4870 739 4955 Eoislm'terque,
756 4870 992 4955 _Me'd.'e_t
1014 4875 1160 4943 Reg.
1197 4870 1500 4955 secundus
1522 4876 1674 4955 utnin
1701 4870 1882 4934 textu.

350 4943 468 5013 (97)
505 4943 563 4996 '0
596 4943 1078 5026 eraipégoouﬂut)
1105 4951 1276 5004 erant
1298 4948 1626 5026 numerarii
1650 4948 1716 5026 in
1741 4965 1887 5026 una-

281 5028 525 5097 quaque
542 5017 872 5097 provincia.
893 5021 1023 5075 Non
1040 5023 1242 5097 tamen
1265 5018 1630 5097 collegahoc
1648 5018 1781 5097 loco
1801 5021 1887 5076 in-

281 5083 562 5165 telligitur
581 5087 732 5165 alter
764 5088 1168 5165 numerarius,
1191 5091 1283 5165 cui
1307 5083 1581 5165 surpErior
1602 5091 1888 5165 inscripta

278 5156 552 5240 epistola:
581 5160 724 5240 Huic
748 5161 911 5216 enim
930 5156 1182 5240 Basilius.
1209 5156 1889 5240 similiter_dicitbené_fi—

281 5230 596 5310 cium_sibi
640 5230 708 5310 in
733 5247 1034 5310 pauperes
1065 5232 1142 5288 ab
1168 5232 1359 5310 ipsius
1381 5233 1611 5303 collega
1626 5235 1887 5310 promis:

282 5316 421 5380 sum
446 5300 654 5380 fuisse.
673 5300 880 5369 Quare
899 5300 1888 5380 collegam—utriusque—numerarii

282 5375 657 5453 interpretor
702 5380 1104 5453 tractatorem_
1139 5375 1491 5447 prmsidum,
1525 5378 1699 5447 cujus
1754 5395 1877 5449 pro

286 5445 470 5500 missa
483 5445 550 5526 in
566 5445 819 5526 epistola
835 5445 1536 5526 sequentireposcuntur.
1548 5445 1890 5526 Is1cum'ma-

288 5527 405 5596 nus
425 5515 872 5596 administraret
899 5515 1125 5590 magna
1145 5515 1286 5574 cum
1311 5519 1671 5596 numerariis
1685 5537 1892 5577 neces-

285 5583 336 5638 si
346 5583 556 5676 tudine
574 5588 710 5676 conj
722 5593 988 5676 unctum,
1007 5583 1489 5676 eorumncoliega
1507 5590 1886 5676 dicippterat.

356 5656 464 5727 (98)
505 5656 992 5719 Ἐὃυσὼπήθησανζ
1057 5661 1149 5717 Sic
1225 5656 1770 5719 Coislfsecun-dus
1836 5669 1893 5722 et

2285 3229 2562 3300 Eusebio,
2596 3229 2868 3298 episcopo
2905 3225 3376 3282 Samosatorum.

2072 3337 2219 3396 Novi
2248 3337 2602 3395 innumeros
2641 3335 2884 3393 labores
2913 3337 3069 3406 tuos,
3103 3348 3260 3407 quos
3290 3346 3400 3404 pro
3432 3329 3536 3386 Dei
3568 3332 3671 3385 Ec-

2000 3428 2200 3486 clesiis
2253 3426 2612 3496 exantlasti;
2641 3441 2752 3482 nec
2795 3423 3181 3495 negotiorum
3218 3419 3669 3478 multitudinem

1999 3519 2237 3591 ignoro,
2268 3517 2493 3590 quibus
2517 3515 2836 3584 detineris;
2867 3513 3261 3570 commissam
3287 3509 3669 3567 administra-

1999 3608 2225 3665 tionem
2251 3622 2373 3663 non
2394 3603 2936 3679 perfunctorie,sed
2963 3601 3298 3659 secundum
3328 3600 3429 3656 Dei
3455 3598 3666 3655 volun~

2001 3702 2183 3755 tatem
2214 3695 2632 3768 gerens.lllum
2664 3693 2846 3751 etiam
2877 3692 3093 3763 cogito,
3127 3690 3233 3764 qui
3261 3688 3436 3745 vobis
3468 3704 3499 3744 e
3525 3702 3666 3759 pro-

1999 3787 2233 3861 pinquo
2256 3785 2553 3855 imminet,
2583 3784 2697 3840 sub
2736 3799 2860 3856 quo
2899 3799 3008 3839 vos
3055 3795 3303 3837 necesse
3342 3781 3450 3846 est,
3481 3775 3668 3833 veluti

2001 3891 2141 3932 aves
2189 3874 2303 3931 sub
2351 3873 2559 3947 aquila
2596 3872 3013 3941 formidantes,
3060 3886 3183 3926 non
3226 3867 3407 3937 longe
3460 3882 3497 3922 a
3553 3880 3664 3920 suo

2001 3979 2308 4038 quemque
2339 3968 2494 4019 tecto
2549 3977 2880 4038 excurrere.
2913 3963 3138 4016 Horum
3170 3957 3316 4014 nihil
3365 3971 3460 4011 me
3498 3954 3662 4011 latet.

2006 4054 2122 4114 Sed
2146 4052 2520 4110 desiderium
2548 4069 2644 4109 res
2672 4051 2954 4116 violenta,
2987 4054 3116 4106 tum
3145 4048 3208 4104 in
3243 4047 3314 4102 iis
3347 4044 3664 4119 sperandis

2001 4159 2138 4218 quae
2167 4141 2466 4217 parabilia
2489 4158 2612 4200 non
2639 4145 2797 4211 sunt,
2831 4145 2959 4197 tum
2984 4139 3047 4196 in
3077 4135 3505 4208 aggrediendis
3527 4151 3661 4206 quae

2001 4233 2132 4291 ﬁeri
2160 4248 2286 4290 non
2314 4237 2604 4304 possunt:
2628 4231 2724 4289 vel
2749 4230 2950 4304 potius
3000 4245 3136 4302 spes
3165 4228 3227 4283 in
3254 4225 3510 4282 Domino
3538 4239 3664 4280 om-

2001 4325 2173 4383 nium
2201 4340 2402 4380 rerum
2434 4322 2775 4380 fortissima.
2809 4325 2940 4378 Non
2969 4320 3131 4377 enim
3157 4315 3474 4374 temeraria
3498 4313 3661 4386 cupi-

2001 4414 2206 4488 ditate,
2231 4413 2339 4472 sed
2366 4413 2507 4470 ﬁdei
2537 4414 2754 4471 robore
2785 4415 3066 4485 exspecto
3094 4409 3360 4482 aliquem
3386 4405 3658 4462 futurum

2000 4525 2144 4592 Reg.
2185 4520 2513 4580 secundus.
2551 4520 2700 4577 Editi
2724 4517 3097 4578 ἑδυσὼπησαν.

2069 4580 2187 4667 (99)
2228 4598 2442 4667 Πόνους.
2489 4596 2756 4667 Quatuor
2811 4608 2961 4648 mss.
3011 4594 3224 4649 κόπους.
3256 4585 3414 4643 Infra
3473 4580 3656 4654 Harl.,

1997 4663 2146 4722 Med.
2177 4669 2233 4722 et
2272 4663 2528 4722 Clarom.
2559 4664 2765 4736 θέλημα
2780 4671 2871 4715 τοῦ
2903 4670 3058 4736 Θεου.

2071 4738 2144 4807 (1)
2185 4736 2367 4790 Ἐννοῶ
2420 4725 2706 4803 Quamvis
2754 4735 2868 4792 hoc
2910 4733 3163 4807 verbum
3213 4745 3338 4807 non
3403 4725 3655 4807 omnino

1917 4836 1960 4890 ῃ
1996 4798 2500 4890 necessari-limen
2534 4826 2548 4865 :
2590 4807 2753 4890 quia.
2774 4813 2980 4890 tamen
3010 4802 3314 4890 legiturnin
3345 4798 3657 4890 codicib‘us

1999 4869 3194 4949 Harl.,Med.,ClaromLCoisl.secundo,et
3218 4869 3653 4949 Bagssecuncio2

1995 4941 2410 5024 recipiendum
2439 4941 2750 5024 visum'est
2773 4949 2834 5004 in
2846 4941 3228 5024 geontextum.
3252 4941 3483 5024 Ibidem
3513 4941 3656 4998 editi

1997 5025 2036 5094 ᾧ
2066 5015 2264 5095 ἀνάγκη
2299 5024 2463 5095 ἡμᾶς.
2504 5021 2708 5095 Melius
2736 5019 2797 5076 in
2832 5019 3004 5077 Coisl.
3038 5019 3237 5092 primo
3267 5021 3323 5074 et
3349 5015 3480 5073 aliis
3509 5029 3658 5071 non-

1994 5093 2178 5150 nullis
2196 5093 2351 5166 quos
2385 5093 2574 5150 secuti
2601 5108 2832 5166 sumus.

2069 5168 2148 5234 (2)
2187 5157 2519 5228 ’Ᾰδυνάτοις.
2571 5163 2722 5220 Editi
2760 5166 2898 5235 post
2960 5163 3119 5220 hanc
3148 5175 3383 5235 Avocem
3420 5157 3656 5216 addunt

1996 5233 2154 5319 ποιεί,
2187 5235 2294 5294 sed
2316 5237 2374 5292 in
2403 5235 2570 5292 nullo
2601 5233 2850 5308 prorsus
2870 5251 2944 5292 ex
2973 5233 3195 5292 nostris
3225 5238 3361 5290 octo
3386 5246 3536 5288 mss.
3567 5245 3655 5285 re-

1995 5315 2241 5382 peritur.

2067 5381 2144 5450 (3)
2171 5375 2402 5451 Ῥᾳδίως
2455 5397 2532 5434 σι.
2563 5382 2740 5436 Deest
2781 5378 2999 5451 vocula
3027 5381 3090 5435 in
3119 5376 3315 5444 editis,
3347 5372 3562 5451 legitur
3591 5371 3655 5451 in

1997 5442 2291 5527 omnibus
2317 5442 2466 5510 mas.
2503 5452 2731 5527 Ibidem
2786 5450 2926 5508 editi
2974 5442 3355 5527 περιγενέσθαι.
3399 5442 3559 5500 Harl.
3596 5445 3655 5498 et

1999 5523 2173 5581 Coisl.
2205 5523 2438 5594 primus
2468 5528 2534 5579 ut
2561 5524 2624 5580 in
2651 5527 2834 5582 textu.

2069 5594 2090 5615 '
2127 5594 2286 5667 Alias
2308 5595 2586 5654 CCCCXX.
2613 5596 2842 5667 Scripta
2867 5609 3030 5650 anno
3059 5597 3187 5650 373.

2070 5669 2112 5690 “
2151 5665 2311 5723 Alias
2339 5667 2536 5726 CCLV.
2555 5665 2787 5740 Scripta
2805 5680 2968 5724 anno
2992 5668 3116 5722 373.
