4152 6374
531 317 636 374 595

1889 317 1944 371 S.
1995 310 2244 370 BASILII
2292 315 2534 374 MAGNI.

3806 319 3914 376 596

531 441 788 499 etiamin
805 440 984 496 rebus
1007 439 1373 497 difﬁcillimis
1397 442 1828 516 exitum,teque
1850 440 2058 497 omnia
2079 441 2187 496 im-

2312 448 2398 492 ro’w
2459 441 2774 515 κωλυμάτων
2828 444 3302 517 περιγενήσεσθαι,
3363 444 3600 517 πρὸς.τό
3660 437 3800 496 ἰδεῖν
3852 464 3908 496 σε

529 531 881 604 pedimenta
911 536 1354 603 superaturum,
1381 536 1446 587 ut
1474 532 1870 588 Ecclesiarum
1893 529 2188 586 amicissi-

531 637 699 677 mam
725 620 952 690 videas,
985 625 1167 693 atque
1224 621 1407 677 etiam
1455 621 1531 677 ab
1575 621 1706 694 ipsa
1760 619 2185 692 conspiciaris:

533 710 700 783 quod
721 709 969 783 quidem
987 711 1259 767 omnium
1277 710 1356 766 illi
1375 709 1677 766 bonorum
1696 709 2189 782 antiquissimum

533 799 884 867 est,vultum
907 804 1077 855 tuum
1090 801 1533 873 conspicere,ac
1559 805 1718 857 tuam
1734 816 1944 856 vocem
1961 798 2189 854 audire.

536 889 693 946 Cave
722 887 902 958 igitur
930 905 1067 961 spes
1099 888 1255 944 illius
1277 905 1467 946 vanas
1488 906 1558 945 ac
1579 889 1772 945 irritas
1802 889 2192 945 facias.Anno

534 978 698 1034 enim
727 978 1025 1050 praeterito
1083 995 1221 1034 cum
1248 994 1278 1034 e
1312 979 1483 1052 Syria
1529 979 1789 1046 rediens,
1823 979 2194 1051 promissum

536 1066 705 1140 quod
736 1082 1091 1140 acceperam
1131 1068 1451 1141 reportavi,
1481 1068 1792 1141 quomodo
1832 1084 1968 1123 eam
2014 1073 2195 1140 putas

537 1171 644 1229 spe
697 1173 1060 1230 suspensam
1103 1174 1139 1215 a
1178 1174 1275 1215 me
1304 1157 1533 1215 fuisse?
1573 1161 1652 1215 Ne
1705 1158 1884 1229 igitur
1935 1158 1995 1213 in
2033 1155 2198 1214 aliud

535 1249 776 1319 tempus
802 1247 1044 1304 differas
1065 1247 1223 1303 illius
1251 1247 1679 1316 visitationem,
1712 1247 2194 1303 viradmirande.

537 1337 690 1392 Nam
721 1336 957 1393 etiamsi
993 1337 1122 1392 ﬁeri
1153 1337 1361 1410 possit,
1389 1337 1588 1410 ipsam
1609 1341 1672 1392 ut
1703 1335 2032 1409 aliquando
2052 1335 2200 1392 invi-

540 1441 661 1499 sas,
684 1426 792 1483 sed
819 1442 938 1484 non
981 1427 1158 1484 etiam
1205 1427 1552 1498 nobiscum,
1575 1443 1732 1501 quos
1762 1431 1935 1496 urget
1953 1425 2200 1482 morbus

541 1515 621 1572 ab
659 1515 775 1572 hac
803 1515 1051 1573 tandem
1073 1532 1424 1575 aerumnosa
1451 1517 1577 1573 vita
1597 1515 1896 1573 secedere.

1059 1663 1394 1718 EPISTULA
1443 1662 1685 1718 CXLVI".

2304 887 2492 950 ἀτελεῖς
2555 895 2897 950 καταστήσῃς
2930 933 2940 944 .

2299 534 2392 588 τὴν
2442 531 2689 603 φιλτάτην
2741 541 2840 584 τῶν
2873 531 3214 598 Ἐκκλησιῶν,
3249 537 3340 584 καὶ
3385 537 3559 604 μέντοι
3604 536 3694 584 καὶ
3744 532 3899 603 ὀφθῆ-

2298 640 2384 672 ναι
2435 621 2558 688 παρ’
2605 621 2782 682 αὐτῆς·
2815 624 2841 674 ὅ
2870 623 3072 674 πάντων
3117 621 3247 692 αὐτῇ
3299 629 3398 672 τῶν
3453 619 3661 692 ἀγαθῶν
3713 640 3898 696 προτι-

2300 714 2544 782 μὸτατον,
2592 720 2663 782 τῷ
2721 720 2796 782 σῷ
2848 709 3176 783 προσϐλέψαι
3206 713 3281 777 (4)
3320 716 3606 785 προσώπῳ,
3665 715 3755 761 καὶ
3808 717 3901 772 τῆς

2304 807 2404 861 σῆς
2463 799 2688 852 ἀκοῦσαι
2736 809 2944 873 φωνῆς.
3003 805 3087 858 Μὴ
3135 805 3304 852 τοίνυν
3363 799 3493 872 αὐτῇ
3545 802 3635 859 τας
3690 796 3900 860 ἐλπίδας

3001 894 3104 942 Παὶ
3177 892 3279 964 γὰρ
3355 886 3594 963 πέρυσιν,
3665 887 3764 940 ἀπὸ
3814 896 3901 949 τῆς

2305 984 2489 1051 Συρίας
2564 978 2848 1032 ἐπανελθών
2917 980 3030 1052 (5),
3089 979 3150 1038 ἣν
3229 976 3484 1052 ἐδεξάμην
3561 976 3903 1050 ἐπαγγελίαν,

2303 1071 2498 1127 ταύτην
2560 1065 2904 1142 διακομίσας,
2963 1078 3068 1129 πῶς
3121 1072 3217 1121 οἴει
3267 1073 3519 1144 μετέωρον
3579 1067 3740 1126 αὐτὴν
3789 1088 3908 1120 κατ-

2309 1163 2511 1216 έστησα
2554 1165 2667 1221 ταῖς
2699 1158 2910 1225 ἐλπίσι;
2944 1162 3028 1216 Μὴ
3066 1155 3154 1210 οὖν
3187 1157 3256 1218 εἰς
3305 1157 3454 1210 ἄλλον
3507 1160 3688 1230 καιρὸν
3713 1158 3904 1230 ὑπέρθῃ

2307 1251 2401 1305 τὴν
2452 1247 2727 1318 ἐπίσκεψιν
2779 1247 2940 1310 αὐτῆς
2973 1249 3078 1316 (6),
3111 1243 3151 1297 ὦ
3208 1248 3492 1319 θαυμάσιε.
3536 1250 3638 1299 Καὶ
3680 1248 3784 1320 γὰρ
3833 1244 3911 1298 ἐὰν

2311 1335 2340 1396 ἧ
2391 1334 2614 1390 δυνατὸν
2691 1334 2822 1390 ἰδεῖν
2889 1338 3051 1396 αὑτήν
3105 1357 3265 1405 ποτε,
3320 1336 3425 1389 ἀλλ’
3492 1337 3621 1409 οῦχὶ
3667 1341 3760 1389 καὶ
3807 1337 3914 1409 μεθ’

2312 1429 2479 1500 ἡμῶν,
2514 1427 2598 1489 οῦς
2627 1425 2820 1500 ἐπείγει
2845 1429 2875 1487 ἠ
2909 1431 3056 1489 νόσος
3106 1426 3305 1500 ἀπᾶραι
3351 1426 3529 1480 λοιπὸν
3583 1433 3674 1479 τοῦ
3735 1422 3919 1484 ὀδυνη-

2313 1524 2407 1592 ροῦ
2439 1519 2624 1570 τούτου
2657 1515 2780 1590 βίου
2796 1561 2807 1573 .

2824 1665 3158 1714 amarem-1
3201 1659 3365 1726 Pug‘.

543 1784 928 1858 Antiochum,
958 1787 1063 1859 qui
1085 1802 1273 1845 manu
1297 1801 1406 1843 sua
1437 1787 1693 1844 salutem
1727 1789 2092 1868 apposuerat
2125 1784 2381 1913 vicissim
2407 1786 2638 1914 iialtutat
2676 1785 2939 1843 Basilius
2967 1791 3023 1843 et
3055 1785 3362 1856 hortatur,
3403 1791 3468 1841 ut
3492 1785 3711 1842 animae
3732 1784 3921 1841 saluti

1930 1873 2199 1913 annnam
2241 1873 2300 1913 ιη
2332 1873 2402 1914 en
2450 1872 2486 1914 a
2521 1900 2536 1914 .

1930 1873 2092 1913 anun
2102 1873 2199 1913 um
2241 1872 2536 1915 intendat.

1212 1967 1533 2024 Antiocho.

617 2075 747 2131 Non
782 2088 1035 2146 possum
1067 2078 1123 2132 te
1157 2075 1385 2132 inertiae
1434 2078 1540 2132 aut
1590 2073 1841 2148 pigritia:
1897 2089 2201 2140 accusare,

543 2164 711 2237 quod
734 2181 874 2221 cum
895 2169 1134 2238 tempus
1155 2165 1463 2222 incidisset
1481 2165 1804 2234 scribendi,
1821 2164 2200 2221 conticueris.

547 2255 742 2320 Quam
771 2255 933 2312 enim
971 2256 1322 2312 veneranda
1350 2255 1497 2312 mihi
1525 2256 1696 2327 237
1734 2271 1922 2310 manu
1949 2253 2200 2310 salutem

543 2343 774 2417 misisti,
803 2344 961 2401 hanc
1000 2345 1187 2418 pluris
1221 2344 1370 2402 facio
1401 2360 1589 2417 quam
1620 2343 1840 2400 multas
1893 2342 2199 2416 epistolas.

543 2433 815 2503 Teigitur
843 2434 1108 2490 vicissim
1137 2434 1352 2506 saluto,
1374 2451 1444 2491 ac
1476 2433 1848 2501 exhortor,ut
1868 2438 2108 2488 strenue
2123 2432 2202 2488 ad

544 2523 764 2579 animae
781 2523 1611 2591 salutemincumbas,omnes
1634 2523 1832 2580 carnis
1853 2522 2202 2579 affectiones

541 2611 773 2669 ratione
800 2613 1068 2682 frenans,
1104 2631 1175 2670 ac
1215 2613 1622 2670 indesinenter
1649 2613 1746 2668 Dei
1775 2612 2202 2684 cogitationem

544 2703 707 2760 velut
731 2703 794 2759 in
825 2704 1210 2760 sanctissimo
1240 2705 1512 2777 quodam
1544 2703 1876 2776 templo,ita
1905 2703 1964 2759 in
1997 2702 2202 2759 animo

542 2795 647 2848 tuo
677 2798 1090 2850 consecratam
1113 2793 1348 2850 habens
1367 2811 1378 2848 :
1395 2798 1576 2867 atque
1602 2799 1664 2850 ut
1695 2793 1755 2850 in
1777 2792 2010 2850 actione
2036 2792 2204 2850 omni

542 2887 600 2940 et
625 2882 687 2938 in
717 2883 882 2939 omni
920 2899 1196 2941 sermone
1219 2889 1356 2940 ante
1378 2883 1586 2940 oculos
1609 2883 1841 2940 habeas
1869 2883 2079 2941 Christi
2105 2883 2203 2954 ju-

538 2971 805 3040 dicium;
839 2973 922 3030 ita
963 2977 1030 3029 ut
1081 2973 1190 3030 tibi
1231 2989 1416 3046 opera
1474 2973 1715 3045 singula
1742 2973 1819 3030 ad
1853 2977 2204 3030 accuratum

533 3057 691 3118 illud
721 3079 792 3119 ac
822 3067 1202 3120 tremendum
1251 3078 1510 3120 examen
1567 3062 2097 3133 collecta,gloriam
2144 3062 2205 3118 in

542 3149 639 3208 die
659 3153 1162 3210 remunerationis
1183 3154 1456 3224 afferant,
1493 3169 1699 3208 coram
1731 3152 1899 3209 omni
1932 3157 2207 3209 creatura

539 3243 786 3302 laudem
835 3243 1420 3318 consequenti.Quod
1453 3243 1502 3299 si
1532 3260 1653 3299 non
1677 3248 1958 3314 gravetur
1986 3242 2065 3299 ad
2095 3259 2206 3299 nos

2916 1964 3174 2038 Ἀντιόχῳ
3299 2010 3310 2022 .

2388 2072 2499 2125 Οῦκ
2555 2075 2664 2146 ἔχω
2717 2073 3030 2146 μέμψασθαί
3082 2092 3167 2125 σοι
3221 2071 3404 2147 ἀργίαν
3457 2067 3581 2124 οὐδὲ
3635 2073 3918 2145 ραθυμιαν,

2315 2164 2395 2215 ὅτι
2426 2206 2441 2234 ,
2501 2169 2686 2238 καιροῦ
2735 2166 3123 2236 παραπεσόντος
3157 2163 3237 2234 (8)
3284 2163 3645 2235 γραμμάτων,
3698 2158 3922 2212 ἀπεσιώ-

2312 2272 2510 2314 πησας.
2550 2251 2644 2304 ’Ἢν
2675 2255 2774 2326 γὰρ
2805 2248 2899 2304 διὰ
2937 2259 3032 2314 τῆς
3067 2255 3245 2324 τιμίας
3272 2249 3385 2324 ἐμοὶ
3414 2253 3599 2324 χειρὸς
3647 2246 3920 2321 διεπέμψω

2313 2346 2694 2416 προσηγορίαν,
2730 2340 2922 2394 πολλῶν
2955 2339 3238 2393 ἐπιστολῶν
3289 2345 3600 2414 τιμιωτέραν
3645 2345 3918 2410 ποιοῦμαι.

2314 2431 2456 2484 Ἀντὶ
2512 2428 2599 2483 οὖν
2657 2435 2852 2492 ταύτης
2923 2433 3297 2505 προσαγορεύω
3354 2449 3430 2497 σε,
3489 2434 3577 2482 καὶ
3626 2425 3916 2503 παρακαλῶ

2315 2517 2616 2582 σπουδαίως
2656 2520 2971 2593 ἀντέχεσθαι
3027 2527 3123 2582 τῆς
3181 2522 3316 2573 κατά
3365 2520 3546 2592 ψυχὴν
3602 2522 3908 2593 σωτηρίας,

2311 2613 2481 2664 πάντα
2518 2613 2584 2663 τά
2619 2612 2759 2668 πάθη
2811 2618 2902 2670 τῆς
2953 2611 3146 2685 σαρκὸς
3175 2606 3621 2682 παιδαγωγοῦντα
3657 2615 3728 2678 τῷ
3762 2606 3918 2678 λόγῳ,

2310 2705 2401 2753 καὶ
2452 2697 2703 2762 διηνεκῶς
2731 2705 2819 2758 τὴν
2868 2704 2987 2772 περὶ
3041 2706 3174 2753 Θεοῦ
3224 2701 3440 2769 ἔννοιαν,
3472 2700 3575 2751 οἷον
3607 2695 3655 2749 ἐν
3681 2705 3792 2748 ναῶ
3822 2716 3920 2748 τινι

2315 2790 2610 2863 ἁγιωτάτῳ,
2643 2799 2704 2863 τῇ
2765 2797 2961 2843 σαυτοῦ
3005 2789 3159 2862 ψυχῇ
3207 2786 3543 2865 ἐνιδρυμένην
3593 2790 3809 2860 ἔχοντα·
3841 2786 3920 2838 ἐπι

2317 2883 2489 2944 πάσης
2524 2877 2582 2934 δὲ
2611 2884 2845 2957 πράξεως
2901 2885 2992 2933 καὶ
3042 2884 3232 2941 παντὸς
3280 2880 3440 2952 λὸγου
3490 2883 3590 2954 πρὸ
3643 2877 3918 2951 ὀφθαλμῶν

2313 2971 2590 3044 λαμϐάνειν
2639 2974 2697 3023 τὸ
2729 2979 2820 3023 τοῦ
2879 2977 3116 3046 Χριστοῦ
3143 2971 3216 3042 (9)
3243 2967 3608 3044 δικαστήριον,
3642 2971 3785 3020 ὥστε
3842 2987 3920 3020 σοι

2315 3063 2404 3121 τὰς
2431 3062 2564 3112 κατά
2591 3064 2746 3134 μέρος
2771 3059 3023 3133 ἐνεργείας
3050 3061 3411 3131 συναχθείσας
3441 3058 3524 3112 ἐπὶ
3551 3066 3646 3119 τῆς
3674 3057 3920 3131 ἀκριϐοῦς

2316 3154 2512 3213 ἐκείνης
2541 3155 2630 3202 καὶ
2661 3149 2875 3223 φοϐερᾶς
2930 3149 3207 3213 ἐξετάσεως
3247 3146 3405 3213 δόξαν
3438 3149 3488 3201 ἐν
3517 3157 3577 3208 τῆ
3632 3150 3809 3224 ἡμέρᾳ
3837 3155 3921 3207 τῆς

2316 3236 2715 3300 ἀνταποδόσεως
2773 3238 3010 3311 ἐνεγκεῖν,
3041 3237 3119 3291 ἐπὶ
3176 3241 3356 3301 πάσης
3407 3249 3498 3300 τῆς
3546 3243 3768 3299 κτίσεως
3825 3246 3918 3289 τῶν

537 3346 736 3406 nsque
765 3334 1068 3406 proﬁcisci
1107 3349 1366 3403 magnus
1409 3333 1505 3389 ille
1544 3333 1652 3400 vir,
1687 3348 1904 3406 parum
1949 3347 2071 3389 non
2099 3331 2201 3389 eril

2315 3329 2532 3382 ἐπαίνων
2561 3329 2866 3402 ἀξιουμένῳ,
2901 3329 2959 3382 Εἰ
2980 3326 3038 3382 δε
3058 3325 3413 3401 καταδέχοιτο
3439 3333 3533 3387 τὴν
3559 3332 3757 3401 μέχρις
3779 3329 3808 3385 ἡ
3817 3334 3919 3400 μῶν

541 3421 696 3480 lucri
721 3427 776 3480 te
798 3439 921 3480 una
941 3439 1080 3480 cum
1097 3423 1230 3497 ipso
1251 3422 1314 3479 in
1338 3426 1545 3480 nostra.
1569 3422 1810 3495 regione
1832 3423 2200 3497 conspicere.

1007 3657 1341 3713 EPISTOLA
1373 3655 1642 3713 CXLVII'.

2316 3417 2438 3472 ὁδὸν
2465 3421 2490 3472 ὁ
2520 3423 2698 3492 μέγας,
2731 3419 2789 3472 οὐ
2829 3422 3014 3494 μικρὸν
3061 3415 3247 3495 κέρδος
3297 3416 3426 3472 ἰδεῖν
3476 3437 3534 3471 σε
3591 3417 3703 3492 μετ’
3765 3416 3920 3469 αὑτοῦ

2327 3508 2410 3562 ἐπὶ
2439 3517 2535 3573 τῆς
2564 3511 2833 3584 ἡμετέρας.

2905 3656 3245 3706 ΕΠΙΣΤΟΛΗ
3283 3649 3448 3708 ΡΜΖ’.

546 3783 821 3854 Aburgio
868 3783 1131 3839 Basilius
1186 3782 1525 3839 Maximum
1569 3782 1966 3845 commendat,
1997 3793 2069 3837 ac
2111 3785 2307 3852 rogat,
2339 3785 2406 3835 ut
2451 3779 2748 3854 hominem
2799 3779 2969 3854 longe
3020 3779 3330 3854 optimum,
3374 3779 3485 3854 qui
3523 3776 3919 3848 Cappadocia:

610 3851 835 3927 prcéses
856 3856 1086 3926 fuerat,
1113 3855 1385 3911 omnibus
1423 3854 1600 3911 rebus
1641 3854 1989 3924 spoliatum,
2025 3859 2081 3910 et
2105 3854 2167 3908 in
2191 3851 2485 3910 (erumnis
2509 3853 2809 3923 jacentem
2854 3851 3144 3909 adversus
3176 3851 3550 3908 calumniam
3580 3856 3846 3908 tueatur.

1227 3963 1276 4017 A
1288 3962 1436 4032 burg
1445 3963 1519 4018 io.

622 4067 912 4126 Fabulam
954 4069 1246 4125 hactenus
1293 4067 1614 4124 credebam
1645 4067 1887 4125 Homeri
1917 4067 2206 4138 carmina,

549 4175 688 4215 cum
701 4157 1072 4231 perlegerem
1097 4158 1347 4213 alteram
1360 4157 1517 4212 illius
1533 4157 1734 4230 poesis
1753 4157 2073 4230 partem,in
2088 4173 2210 4229 qua

552 4251 778 4324 Ulyssis
809 4249 1182 4306 calamitates
1209 4248 1559 4306 narrat.Sed
1588 4248 1866 4306 fabulosa
1889 4249 1990 4306 illa
2009 4249 2212 4305 hacte-

2959 3957 3249 4035 Ἀϐουργίῳ
3265 4001 3278 4015 .

2387 4069 2566 4122 Μῦθον
2623 4066 2858 4141 ἐνόμιζον
2903 4070 3028 4129 τέως
3077 4067 3144 4119 τά
3197 4073 3290 4118 τοῦ
3331 4065 3584 4141 Ὁμήρου,
3615 4065 3698 4118 ὅτε
3747 4062 3922 4137 ἐπῄειν

2319 4159 2479 4211 αὐτοῦ
2532 4160 2590 4210 τὸ
2650 4156 2816 4232 ἓτερον
2863 4159 3013 4231 μέρος
3066 4163 3158 4215 τῆς
3205 4159 3485 4226 ποιήσεως,
3517 4150 3565 4206 ἐν
3710 4156 3775 4207 τὰ
3831 4159 3924 4206 τοῦ

2319 4230 2626 4307 Ὀδυσσέως
2676 4230 2816 4302 πάθη
2865 4230 3266 4304 μεταδιδάσκει.
3318 4240 3456 4294 Ἀλλ’
3501 4239 3667 4292 ἐκεῖνα
3713 4242 3778 4291 τὰ
3824 4260 3926 4311 μυ-

550 4357 667 4397 nus
690 4344 747 4397 et
776 4338 1167 4408 incredibilia,
1201 4338 1450 4394 omnino
1479 4353 1593 4394 nos
1637 4337 1978 4411 probabilia
2010 4336 2201 4394 existi-

2321 4335 2444 4388 θικὰ
2495 4337 2621 4396 τέως
2677 4336 2768 4384 καὶ
2818 4333 3019 4384 ἄπιστα
3073 4331 3206 4383 πάνυ
3255 4329 3396 4403 ἡμᾶς
3441 4330 3638 4383 πιθανά
3688 4327 3924 4402 νομίζειν

551 4446 719 4487 mare
749 4429 954 4486 docuit
991 4428 1170 4498 longe
1197 4427 1407 4501 optimi
1434 4428 1671 4484 Maximi
1705 4428 2037 4484 calamitas.
2061 4431 2210 4484 Nam

551 4526 609 4577 et
632 4519 728 4576 hic
748 4518 984 4592 praefuit
1001 4518 1159 4589 genti
1183 4533 1306 4574 non
1334 4517 1659 4588 vilissimae,
1688 4517 2210 4592 quemadmodum

548 4609 647 4666 ille
674 4609 799 4666 dux
845 4608 956 4665 fuit
986 4607 1527 4682 Cephalleniorum.
1563 4609 1647 4664 Ac
1677 4607 1918 4680 Ulysses
1960 4606 2210 4680 quidem

625 4738 644 4759 ⁶
683 4735 843 4791 Alias
877 4735 1193 4791 CCLXVIII.
1229 4732 1464 4805 Scripta
1494 4747 1657 4790 anno
1689 4736 1813 4789 373.

625 4810 669 4829 “
708 4805 868 4862 Alias
901 4807 1166 4862 CCCLVI.
1200 4804 1432 4876 Scripta
1461 4821 1622 4861 anno
1658 4809 1782 4861 373.

625 4879 703 4951 (4)
736 4876 1181 4951 npoqlﬁie'gtaulta
1200 4875 1442 4951 summo
1473 4892 1780 4932 consensu
1803 4879 2032 4932 veteres
2051 4875 2206 4932 libri.

555 4947 757 5022 Editio
772 4947 972 5022 prima
1004 4949 1198 5022 Paris._
1218 4947 1531 5022 προϐλεψαι,

630 5019 1084 5091 (afﬁxa-{Meam
1147 5018 1443 5076 Sic'Harl.
1484 5025 1538 5075 et
1582 5018 1736 5075 Cois]
1785 5019 2019 5091 primus
2067 5034 2207 5074 cum

553 5089 831 5164 plaribus
862 5090 1027 5164 aliis;
1045 5090 1231 5146 Editio
1269 5093 1285 5145 Ι
1325 5091 1505 5146 Paris.
1526 5089 1856 5164 uacare“)er

625 5164 703 5234 (6)
747 5161 936 5235 Αὐτῆς.
981 5161 1147 5217 Hanc
1196 5177 1412 5235 vocem
1469 5162 1816 5219 addidimus
1863 5178 1936 5218 ex
1976 5166 2208 5235 septem

555 5231 702 5290 mss.
737 5231 1082 5288 Harlaeanus
1103 5233 1294 5290 codex
1323 5233 1510 5288 αὐτῶν.

627 5305 701 5374 (7)
745 5305 1027 5375 Ἀντιόχῳ.
1055 5305 1289 5371 Legitur
1335 5305 1396 5360 in
1428 5305 1714 5362 omnibus
1757 5323 1902 5362 mss.
1932 5309 1987 5361 et
2032 5304 2206 5360 editis

551 5385 626 5449 τῷ
651 5377 819 5450 αὐτῷ,
851 5377 1018 5450 quia
1054 5375 1275 5432 scilicet
1311 5375 1440 5450 haec
1497 5377 1751 5448 epistola
1785 5377 2056 5450 sequitur
2089 5375 2208 5448 epi-

553 5446 776 5521 stolam
803 5446 910 5521 ‘317,
946 5446 1095 5521 alias
1136 5451 1258 5502 267.
1303 5448 1424 5521 Sed
1460 5446 1663 5521 tamen
1702 5446 2097 5521 perspicuum
2117 5446 2209 5521 est

552 5520 713 5576 hanc
759 5519 1079 5590 epistolam
1132 5534 1256 5590 non
1299 5518 1653 5590 inscriptam
1690 5518 1875 5575 fuisse
1932 5519 2204 5582 Eusebio,

555 5606 745 5675 quem.
767 5588 1014 5675 Basilius
1027 5588 1310 5675 designat
1333 5589 1426 5675 his
1439 5588 1648 5675 verbis.
1666 5606 1679 5644 :
1701 5590 1870 5658 Quod
1880 5593 1934 5647 si
1935 5607 2207 5675 “magnus

556 5659 662 5716 itte
686 5663 800 5729 vir,
827 5664 964 5727 ctc.,
995 5659 1103 5716 sed
1132 5661 1321 5732 ipsius
1340 5659 1543 5719 fratris
1567 5659 1903 5734 ﬁlio,quem
1935 5659 2205 5733 Basilius,

2320 4421 2558 4486 ἐδίδαξεν
2610 4424 2639 4480 ἡ
2686 4426 2805 4496 περὶ
2855 4423 2942 4474 τὸν
2998 4423 3168 4474 πάντα
3213 4418 3427 4494 ἄριστον
3483 4419 3722 4492 Μάξιμον
3779 4436 3927 4493 περι-

2319 4517 2531 4566 πέτεια.
2595 4515 2695 4564 Καὶ
2737 4513 2840 4586 γὰρ
2912 4514 3002 4564 καὶ
3043 4509 3196 4572 οὗτος
3247 4509 3431 4583 ἄρχων
3486 4506 3680 4580 ἐγένετο
3745 4508 3923 4570 ἔθνους

2321 4603 2378 4656 οὐ
2433 4601 2777 4676 φαυλοτάτου,
2831 4599 3004 4678 ὣσπερ
3059 4599 3246 4663 ἐκεῖνος
3298 4601 3322 4652 ὁ
3368 4601 3655 4676 στρατηγὸς
3684 4598 3794 4671 (10)
3820 4604 3922 4650 τῶν

2319 4733 2386 4786 ut
2410 4726 2725 4800 aequalem,
2749 4726 2844 4784 vel
2869 4726 3021 4784 forte
3061 4725 3241 4784 etiam
3291 4729 3442 4783 natu
3487 4724 3809 4796 minorem,
3839 4723 3919 4782 ad

2319 4799 2601 4875 pietatem
2628 4799 2922 4855 hortatur.

2393 4874 2465 4944 (8)
2509 4874 2926 4945 Παραπεσὸντος.
2961 4870 3056 4945 Sic
3089 4873 3364 4945 quatuor
3397 4867 3784 4945 vetustissimi
3813 4884 3919 4945 eo;

2319 4940 2507 5014 dices,
2541 4940 2720 5014 Harl.,
2749 4941 2920 5009 Med.,
2956 4940 3154 5014 Coislf,
3181 4943 3311 4998 Vat.
3361 4946 3418 4998 et
3465 4940 3589 5014 alii,
3619 4940 3915 5014 nonnulli.

2320 5017 2471 5072 Editi
2491 5013 2933 5089 παρεμπεσὸντος.
2965 5013 3148 5071 Paulo
3177 5016 3316 5086 post
3367 5013 3721 5089 auctoritate
3746 5013 3920 5089 quin-

2317 5103 2436 5161 que
2488 5083 2784 5161 codicum,
2837 5101 3101 5161 quorum
3169 5083 3444 5161 nonnulli
3494 5083 3916 5161 antiquissimi.

2317 5155 2804 5286 gauspfsuimu’s
2829 5155 2960 5231 ἐμοί,
2995 5173 3136 5214 cum
3180 5157 3476 5228 legeretur
3500 5155 3562 5211 in
3583 5155 3756 5211 editis
3807 5156 3918 5229 ἐμοὶ

2360 5251 2517 5284 ιεπεα·
2553 5253 2612 5286 ω.

2360 5251 2612 5287 ιεπεμψω.

2389 5231 2758 5379 ἷῖἷμέἓῖίστοελ
2803 5301 2897 5358 Sic
2949 5300 3218 5374 plerique
3269 5315 3417 5356 mss.
3462 5298 3720 5356 codices.
3768 5297 3918 5355 Editi

2319 5379 2514 5431 Κυρίου
2531 5418 2544 5431 .

2389 5394 2946 5530 ᾗῗῖἒοεστρατηγρς.
2967 5443 3229 5530 additus
3247 5519 3258 5530 ι
3275 5442 3575 5530 articulus.
3607 5459 3703 5530 ea.
3728 5442 3916 5530 tribus

2315 5515 2742 5576 vetustissimis
2789 5515 3100 5575 cddicibus
3138 5519 3196 5572 et
3242 5515 3433 5572 tribus
3481 5515 3630 5572 aliis.
3663 5515 3911 5571 Ibidem.

2317 5593 2460 5662 Reg.
2494 5589 2798 5647 secundus
2827 5593 2887 5647 et
2914 5586 3093 5646 Coisl.
3117 5587 3419 5644 secundus
3446 5587 3778 5660 Κεφαλήνων.
