4152 6376
291 317 398 371 597

1257 308 1742 367 EPISTOLARUM
1780 303 2062 362 CLASSIS
2101 307 2174 362 ll.
2213 306 2426 380 EPIST.
2468 308 2736 366 CXLVIII.

3573 310 3678 368 598

299 436 664 512 Κεφαλλήνων.
738 437 839 487 Καὶ
902 432 1066 485 πολλὰ
1139 437 1396 508 χρήματα
1468 434 1609 504 ἄγων
1675 431 1900 496 ἐκεῖνος,

2021 443 2158 484 cum
2187 431 2459 502 pecuniae
2486 432 2813 505 plurimum
2844 436 3234 506 exportasset,
3256 431 3458 490 nudus
3483 449 3679 490 rever-

293 532 496 602 γυμνός
555 523 845 584 ἐπανῆλθε·
895 527 986 575 καὶ
1032 529 1210 575 τοῦτον
1259 523 1420 585 οὕτως
1464 525 1493 580 η
1540 523 1783 595 συμφορὰ
1827 517 1908 572 δι-

292 621 504 686 έθηκεν,
533 618 604 678 ὡς
644 609 984 665 κινδυνεῦσαι
1031 609 1077 663 ἓν
1124 609 1410 685 ἀλλοτρίοις
1444 612 1656 686 ῥάκεσιν
1688 609 1909 682 ὀφθῆναι

295 715 406 770 τοῖς
467 709 603 758 οἶκοι
651 705 790 774 (lt).
847 707 946 755 Καὶ
998 709 1166 754 ταῦτα
1217 703 1454 771 πέπονθε,
1510 705 1910 776 Λαιστρυγόνας

295 801 449 868 τάχα
484 815 586 848 που
638 792 713 865 ἐφ’
747 791 927 844 ἑαυτὸν
975 791 1286 865 παροξύνας,
1317 795 1408 843 καὶ
1459 790 1652 863 Σκύλλη
1699 808 1910 864 περιπε-

299 891 406 938 σὼν
459 883 507 936 ἐν
563 885 839 956 γυναικείᾳ
890 889 1059 956 μορφῇ
1118 885 1321 932 κυνείαν
1374 879 1575 953 ἐχούσῃ
1634 877 1908 954 ἀπανθρω-

302 980 427 1027 πίαν
475 979 564 1026 καὶ
615 971 924 1044 ἀγριότητα.
973 971 1114 1023 Ἐπεὶ
1170 966 1258 1023 οὖν
1312 970 1461 1042 μόλις
1509 970 1650 1040 αύτῷ
1712 967 1910 1040 ὑπῆρξε

304 1068 390 1116 τόν
451 1065 678 1136 οῐφυκτον
741 1067 923 1112 τοῦτον
981 1056 1336 1122 διανήξασθαι
1401 1055 1660 1127 κλύδωνα,
1719 1060 1774 1110 σε
1835 1053 1909 1109 δι’

310 1155 457 1225 ἡμῶν
510 1153 735 1221 ἱκετεύει,
789 1148 944 1212 ἀξιῶν
998 1145 1311 1208 αἰδεσθῆναι
1359 1153 1453 1207 τὴν
1505 1152 1681 1206 κοινὴν
1731 1149 1905 1220 φύσιν,

313 1247 406 1294 καὶ
439 1243 523 1294 ἐπὶ
550 1248 654 1301 ταῖς
679 1239 805 1315 παρ’
837 1237 987 1301 ἀξίαν
1027 1239 1186 1291 αὑτοῦ
1237 1246 1531 1314 συμφοραῖς
1580 1236 1906 1308 ἀλγήσαντα,

307 1335 383 1402 μὴ
421 1338 586 1402 σιωπῇ
619 1327 820 1402 κρύψαι
857 1330 920 1380 τὰ
950 1328 1067 1380 κατ’
1098 1327 1276 1393 αὐτόν,
1302 1325 1430 1379 ἀλλὰ
1470 1323 1769 1397 διαγγεῖλαι
1799 1333 1908 1385 τοῖς

301 1418 351 1471 ἐν
414 1415 667 1490 δυνάμει,
721 1420 856 1470 ὥστε
906 1416 1142 1490 μάλιστα
1198 1419 1288 1489 μεν
1345 1421 1436 1469 καὶ
1489 1417 1731 1488 γενέσθαι
1791 1416 1909 1466 τινὰ

303 1508 447 1579 αὐτῷ
507 1505 756 1580 βοήθειαν
820 1510 947 1580 πρὸς
1010 1511 1103 1564 τὴν
1163 1508 1585 1581 σκευωρηθεῖσαν
1640 1506 1753 1574 (l2)
1812 1502 1906 1556 ἐπ-

297 1603 479 1671 ήρειαν
503 1611 518 1627 ⁸
554 1597 598 1650 εἰ
643 1594 703 1650 δὲ
735 1601 830 1670 μὴ,
866 1593 1283 1668 δημοσιευθῆναι
1307 1604 1431 1667 γοῦν
1471 1600 1560 1653 τὴν
1602 1599 1907 1670 προαίρεσιν

294 1694 390 1738 τοῦ
449 1685 524 1748 εἰς
575 1686 733 1738 αὐτόν
781 1685 1274 1759 ἑμπαροίνὴσαντος.
1335 1685 1601 1757 Ἀρκούσα
1665 1687 1766 1757 γὰρ
1832 1693 1905 1756 τῷ

2023 534 2127 573 sus
2174 523 2296 574 est:
2329 520 2491 576 hunc
2522 527 2724 578 autem
2755 538 2825 579 co
2856 539 2950 578 res
2998 522 3269 579 adversm
3295 522 3675 593 redegerunt,

2021 612 2087 662 ut
2127 623 2276 679 pene
2319 609 2380 665 in
2425 610 2636 667 alienis
2683 618 2740 669 et
2781 611 2996 668 laceris
3037 613 3254 686 pannis
3302 612 3511 668 domui
3555 629 3677 668 sum

2020 696 2188 752 visus
2243 697 2332 754 sit.
2380 705 2571 772 Atque
2622 702 2751 757 haec
2806 717 3129 774 perpessus
3177 706 3285 771 est,
3336 704 3484 758 forte
3536 701 3680 774 quia

2023 789 2436 861 Laestrygonas
2465 791 2526 846 in
2549 807 2610 846 se
2639 792 3044 863 instigavit,ac
3066 791 3130 848 in
3163 791 3424 864 Scyllam
3447 791 3678 861 incidit,

2019 875 2345 933 habentem
2373 878 2434 934 in
2466 880 2743 936 muliebri
2789 881 2986 938 forma
3016 882 3299 937 caninam
3333 880 3677 937 immanita-

2021 971 2141 1024 tem
2182 983 2251 1023 ac
2300 967 2613 1026 feritatem.
2667 971 2815 1026 Cum
2860 971 3039 1042 igitur
3078 971 3179 1027 vix
3222 971 3276 1028 ei
3321 971 3552 1028 licuerit
3605 987 3680 1028 ex

2021 1057 2388 1116 ineluctabili
2431 1061 2530 1116 illa
2578 1061 2842 1133 procella
2885 1078 3189 1133 emergere
3227 1067 3282 1120 te
3325 1079 3464 1119 mea
3492 1078 3680 1136 opera

2024 1147 2279 1220 supplex
2322 1155 2515 1219 rogat,
2550 1155 2615 1206 ut
2658 1156 2938 1208 naturam
2975 1167 3366 1208 communem
3411 1167 3680 1208 reverea-

2019 1237 2122 1307 ris,
2156 1253 2226 1294 ac
2258 1237 2718 1307 calamitatibus,
2749 1257 2901 1313 quas
2927 1257 3050 1298 non
3080 1241 3292 1298 merito
3318 1257 3428 1298 suo
3457 1257 3676 1314 passus

2019 1331 2111 1382 est
2155 1332 2496 1384 commotus
2546 1329 2622 1384 de
2671 1330 2853 1386 rebus
2901 1330 3060 1386 illius
3121 1346 3245 1386 non
3286 1335 3521 1399 taceas,
3571 1329 3680 1386 sed

2017 1415 2160 1471 viris
2212 1417 2557 1489 potentibus
2607 1419 2870 1490 nunties,
2915 1419 2976 1475 in
3033 1419 3245 1492 primis
3293 1425 3356 1476 ut
3411 1418 3679 1494 praesidii

2018 1504 2248 1577 aliquid
2287 1511 2495 1563 contra
2542 1510 2833 1564 structam
2867 1507 3239 1565 calumniam
3287 1509 3554 1565 habeat:
3587 1508 3679 1564 sin

2017 1594 2240 1663 minus,
2274 1599 2338 1651 ut
2367 1597 2746 1670 propositum
2777 1596 2956 1666 illius,
2986 1597 3092 1670 qui
3139 1597 3200 1654 in
3231 1597 3433 1672 ipsum
3461 1597 3679 1654 debac-

2017 1685 2231 1741 chatus
2289 1692 2396 1751 est,
2447 1686 2810 1760 divulgetur.
2872 1692 2999 1746 Non
3056 1687 3185 1746 leve
3243 1689 3404 1745 enim
3446 1688 3680 1745 homini

299 1772 605 1848 ἠδικημένῳ
657 1777 966 1852 παραμυθία
1007 1776 1037 1834 ἡ
1090 1783 1188 1827 τῶν
1243 1773 1719 1827 ἐπιϐουλευσάντων
1764 1773 1900 1845 αύτῷ

2016 1776 2249 1848 injuriis
2282 1777 2496 1833 allecto
2537 1778 2843 1849 solatium,
2875 1795 3086 1836 eorum
3129 1780 3237 1853 qui
3271 1779 3388 1853 ipsi
3415 1778 3680 1836 insidiati

296 1873 394 1928 τῆς
423 1869 681 1941 πονηρίας
707 1870 1012 1939 φανέρωσις.

828 1997 1164 2046 ΕΠΙΣΤΟΛΗ
1206 1972 1378 2048 rmu'.

2019 1871 2177 1936 sunt,
2205 1867 2610 1940 improbitatis
2640 1868 2988 1927 declaratio.

2509 1995 2846 2051 EPISTOLA
2887 1995 3186 2052 CXLVIII'.

436 2101 775 2158 Maximum
821 2101 1090 2172 Trajano
1133 2099 1508 2157 commendat
1547 2099 1836 2169 Basilius,
1877 2117 1951 2160 ac
1988 2104 2165 2171 rogat
2205 2105 2272 2156 ut
2308 2099 2364 2156 ei
2400 2101 2465 2156 in
2499 2102 2732 2172 judicio
2767 2103 3178 2172 patrocinium
3217 2103 3545 2173 impendat.

969 2232 1230 2298 Τραϊανῷ.

372 2341 571 2402 Πολλὴν
639 2345 780 2417 φέρει
842 2347 951 2403 τοῖς
1011 2343 1482 2414 καταπονουμένοις
1543 2343 1902 2416 παραμυθίαν,

294 2438 386 2486 καὶ
439 2437 498 2485 τό
556 2435 700 2504 ἔχειν
755 2427 1129 2504 ἀποδύρασθαι
1183 2433 1275 2492 τὰς
1344 2430 1536 2483 ἑαυτῶν
1599 2433 1902 2506 συμφοράς’

299 2527 389 2574 καὶ
441 2521 694 2595 μάλιστα,
745 2522 866 2573 ὃταν
911 2515 1112 2592 ἀνδρῶν
1164 2519 1462 2591 ἐπιτύχωσι
1507 2515 1803 2593 δυναμένων
1849 2520 1905 2572 ἐκ

304 2620 400 2671 τῆς
444 2619 534 2663 τοῦ
581 2615 778 2686 τρόπον
829 2609 1217 2680 καλοκαγαθίας
1269 2611 1621 2682 συμπαθῆσαι
1658 2617 1768 2672 τοῖς
1809 2606 1903 2662 ἀλ·-

303 2707 520 2771 γεινοίς.
553 2699 705 2753 Ὀθεν
752 2705 843 2752 καὶ
874 2701 899 2751 ό
930 2695 1349 2771 αἰδεσιμώτατος
1396 2695 1618 2770 ἀδελφός
1642 2698 1901 2772 Μάξιμος,

303 2790 332 2841 ὁ
382 2798 477 2850 τῆς
522 2787 773 2864 πατρίδος
819 2791 965 2862 ἡμῶν
1015 2789 1373 2861 ἡγησάμενος,
1400 2790 1578 2840 παθῶν
1623 2789 1709 2840 οἷα
1745 2785 1903 2841 ούδέ-

303 2900 386 2934 πω
435 2883 547 2953 (13)
596 2901 667 2942 τις
708 2880 990 2957 ἀνθρώπων
1044 2883 1231 2949 ἕτερος,
1270 2885 1360 2933 καὶ
1412 2882 1616 2933 πάντων
1664 2883 1754 2953 μὲν
1801 2901 1901 2952 γυ-

302 2972 517 3042 μνωθεὶς
571 2980 667 3022 τῶν
727 2975 1046 3046 προσόντων,
1099 2973 1201 3022 ὅσα
1247 2989 1301 3023 τε
1354 2966 1415 3028 ἦν
1468 2969 1609 3040 αύτῷ
1661 2977 1898 3046 πατρῷα,

300 3065 390 3112 καὶ
454 3062 554 3113 ὅσα
607 3063 662 3114 ἐκ
722 3065 984 3136 προτέρων
1044 3064 1209 3114 πόνων
1271 3061 1484 3133 ὑπῆρχε
1541 3060 1656 3130 (lui)
1721 3079 1896 3112 συνει-

2711 2229 2997 2298 Trojano.

2087 2341 2331 2399 Multum
2354 2342 2524 2399 affert
2549 2342 2783 2400 afﬂictis
2805 2343 2997 2400 solatii
3017 2342 3110 2399 vel
3131 2356 3312 2416 posse
3337 2342 3555 2400 deﬂere
3577 2358 3676 2400 ca-

2014 2431 2316 2489 lamitates
2361 2449 2541 2500 suas;
2573 2435 2860 2501 maxime,
2889 2450 3029 2489 cum
3073 2433 3234 2490 viros
3271 2433 3431 2490 nacti
3461 2432 3678 2489 fuerint

2015 2537 2254 2577 morum
2299 2522 2598 2594 probitate
2646 2523 2918 2591 idoneos,
2961 2523 3064 2596 qui
3109 2539 3318 2580 eorum
3367 2521 3678 2578 doloribus

2013 2618 2532 2668 commoveantur.
2557 2613 2722 2669 Unde
2746 2618 2802 2671 et
2823 2614 2988 2670 omni
3007 2613 3237 2670 honore
3255 2614 3475 2684 dignus
3496 2613 3680 2668 frater

2013 2702 2323 2768 Maximus,
2356 2702 2460 2774 qui
2491 2703 2698 2774 patriae
2735 2708 2953 2760 nostrae
2986 2703 3246 2776 praefuit,
3275 2702 3420 2759 talia
3456 2717 3678 2775 passus

2011 2789 2218 2863 qualia
2248 2791 2519 2848 nondum
2546 2792 2872 2865 quisquam
2901 2792 3244 2858 hominum,
3271 2797 3327 2848 et
3347 2792 3470 2847 suis
3493 2790 3677 2847 rebus

2013 2879 2298 2936 omnibus
2332 2887 2461 2936 tum
2491 2881 2756 2953 paternis
2790 2886 2915 2937 tum
2943 2882 3195 2954 pristino
3238 2881 3447 2937 labore
3487 2881 3677 2953 partis

2011 2969 2302 3032 nudatus.
2321 2971 2498 3042 238
2521 2971 2856 3027 innumeris
2883 2971 3141 3028 afﬂictus
3163 2971 3432 3044 corporis
3451 2970 3677 3026 incom-

2011 3059 2231 3128 modis,
2260 3059 2410 3116 dum
2441 3061 2747 3134 susdeque
2774 3066 2952 3130 errat,
2981 3077 3051 3117 ac
3082 3077 3156 3117 ne
3195 3061 3396 3133 ipsum
3425 3059 3674 3133 quidem

296 3148 532 3222 λεγμένα,
589 3152 972 3212 κακοπαθήσας
1034 3146 1093 3203 δε
1158 3157 1230 3220 τῷ
1286 3155 1494 3222 σώματι
1549 3152 1714 3221 μυρία
1777 3155 1893 3211 ταῖς

2016 3149 2154 3205 civis
2191 3155 2437 3221 statum,
2471 3151 2643 3222 cujus
2684 3167 2874 3207 causa
2900 3151 3071 3210 liberi
3119 3151 3269 3207 nihil
3312 3150 3674 3208 intentatum

294 3238 397 3290 ἂνω
450 3241 562 3310 (15)
619 3244 711 3292 καὶ
766 3242 910 3291 κάτω
964 3239 1202 3308 πλάναις,
1263 3243 1354 3290 καὶ
1409 3234 1532 3290 οὐδὲ
1592 3237 1750 3296 αὐτὴν
1805 3242 1899 3296 τὴν

292 3327 561 3401 ἐπιτιμίαν
615 3328 999 3404 ἀνεπηρέαστον
1053 3324 1346 3398 διασώσας,
1405 3327 1468 3388 ἧς
1525 3327 1670 3379 ἕνεκα
1730 3329 1901 3379 πάντα

289 3425 461 3470 πονεῖν
526 3425 633 3481 τοῖς
697 3417 974 3493 ἐλευθέροις
1042 3418 1299 3483 σύνηθες,
1369 3415 1532 3468 πολλά
1605 3418 1695 3487 μὲν
1761 3419 1890 3490 πρὸς

289 3508 430 3579 ἡμᾶς
513 3512 632 3583 περὶ
710 3516 809 3560 τῶν
884 3505 1188 3580 συμϐάντων
1263 3505 1404 3575 αὐτῷ
1481 3503 1895 3577 ἀπωλοφύρατο,

291 3596 486 3658 ἠξίωσε
542 3593 603 3650 δι
659 3593 735 3650 δι’
785 3599 954 3670 ἡμῶν,
1003 3598 1069 3657 ὡς
1116 3595 1164 3648 ἐν
1215 3593 1476 3668 κεφαλαίῳ
1532 3595 1749 3667 φανερὰν
1805 3612 1896 3666 γε-

289 3687 472 3739 νέσθαι
519 3705 605 3740 σοι
642 3691 736 3746 τὴν
780 3692 1104 3762 περιστᾶσαν
1145 3684 1284 3756 αύτῷ
1323 3693 1422 3736 τῶν
1466 3692 1638 3735 κακῶν
1669 3679 1894 3741 Ἰλιάδα.

295 3773 475 3847 Κάγὼ,
525 3773 706 3835 ἐπείδὴ
759 3775 920 3836 ἄλλως
967 3771 1118 3827 οὐδὲν
1165 3772 1361 3846 ἀφελεῖν
1422 3772 1582 3825 αὐτοῦ
1628 3780 1728 3825 τῶν
1783 3769 1898 3826 δει-

290 3873 387 3917 νῶν
431 3862 728 3938 ἠδυνήθην,
768 3865 980 3939 ἑτοίμως
1015 3868 1207 3924 ταύτην
1254 3862 1428 3918 ἔδωκα
1473 3868 1567 3923 τὴν
1602 3867 1763 3937 χάριν
1788 3886 1800 3898 ο
1837 3867 1895 3918 τὸ

293 3955 446 4028 ὀλίγα
489 3955 543 4008 ἐκ
590 3956 809 4025 πολλῶν,
842 3957 909 4008 ὧν
952 3959 1162 4015 ἤκουσα
1204 3975 1309 4032 παρ
1336 3976 1348 3989 ·
1384 3955 1565 4022 αὑτοῦ,
1599 3951 1896 4027 διαγγεῖλαι

291 4054 354 4119 τῇ
400 4051 713 4119 κοσμιότητί
746 4066 840 4100 σου
867 4068 880 4080 ι
915 4042 1094 4105 ἐπειδὴ
1129 4045 1286 4107 αύτός
1329 4044 1571 4120 ἐρυθριᾷν
1598 4063 1687 4117 μοι
1725 4041 1896 4097 ἐδόκει

292 4137 390 4196 τὰς
432 4137 616 4190 ἑαυτοῦ
669 4139 937 4212 συμφορὰς
983 4135 1210 4211 ἐναργῶς
1258 4130 1652 4206 διηγήσασθαι.
1695 4133 1754 4187 Εἰ
1794 4136 1894 4209 γὰρ

291 4229 384 4278 καὶ
450 4231 670 4303 πονηρὸν
742 4232 829 4280 τὸν
896 4223 1196 4285 ἠδικηκότα
1263 4231 1549 4283 συνίστησι
1613 4226 1680 4277 τὰ
1750 4230 1894 4297 γενό-

287 4334 419 4388 μενα
445 4319 579 4388 (16),
638 4314 744 4370 ἀλλ’
777 4313 866 4370 οὖν
915 4335 973 4389 γε
1011 4319 1098 4369 τόν
1145 4316 1440 4370 πεποθόντὸι
1479 4323 1572 4376 τῆς
1622 4312 1893 4366 ἐλεεινοτά-

288 4424 383 4466 της
421 4410 543 4460 ὄντα
581 4403 798 4482 μερίδος
839 4402 1106 4460 δείκνυσιν
1130 4427 1144 4441 ο
1187 4401 1367 4464 ἐπειδὴ
1419 4403 1546 4457 αὐτὸ
1587 4407 1646 4456 τὸ
1688 4422 1894 4479 περιπε-

2009 3238 2349 3313 relinquere
2381 3241 2593 3304 solent,
2636 3241 2714 3297 ab
2763 3241 2999 3313 injuriis
3041 3241 3341 3313 integrum
3386 3241 3670 3308 retinens,

2008 3328 2283 3400 pluribus
2326 3330 2492 3404 apud
2532 3347 2627 3387 me
2668 3348 2843 3387 casus
2893 3349 3036 3388 suos
3066 3331 3431 3389 lamentatus
3461 3335 3569 3398 est,
3601 3347 3672 3387 ac

2007 3419 2261 3490 rogavit,
2299 3424 2359 3474 ut
2391 3419 2690 3476 malorum
2723 3437 2972 3476 suorum
3002 3421 3250 3476 Iliadem
3282 3420 3538 3476 breviter
3567 3419 3674 3474 tibi

2009 3512 2147 3563 ante
2177 3507 2386 3564 oculos
2415 3525 2723 3582 ponerem.
2760 3513 2880 3580 Ego
2911 3516 3112 3566 autem
3144 3526 3284 3565 cum
3313 3509 3480 3564 aliter
3509 3508 3671 3563 illius

2007 3612 2313 3654 aerumnas
2351 3597 2551 3654 levare
2591 3615 2714 3654 non
2742 3615 3006 3671 possem,
3044 3599 3297 3654 libenter
3333 3598 3395 3653 id
3425 3597 3672 3670 praestiti

2004 3686 2302 3758 beneﬁcii,
2326 3693 2390 3744 ut
2421 3703 2618 3760 pauca
2649 3705 2720 3744 ex
2744 3688 2945 3743 multis
2971 3705 3106 3760 quae
3131 3688 3208 3744 ab
3234 3704 3305 3744 eo
3332 3687 3558 3753 audivi,
3587 3686 3671 3742 di-

2006 3777 2217 3848 gnitati
2240 3782 2354 3833 tute
2376 3777 2679 3846 referrem,
2696 3778 3198 3851 quandoquidem
3215 3793 3351 3832 eum
3375 3775 3666 3849 pudebat,

2005 3871 2072 3923 ut
2115 3867 2261 3922 mihi
2290 3866 2630 3936 videbatur,
2667 3867 3037 3923 calamitates
3065 3882 3211 3921 suas
3239 3870 3442 3938 aperte
3481 3880 3669 3937 expo-

2003 3971 2166 4013 nere.
2201 3959 2347 4011 Nam
2380 3973 2514 4028 quae
2561 3972 2830 4022 evenere,
2869 3955 2917 4010 si
2967 3960 3274 4011 auctorem
3304 3953 3537 4025 injuriae
3569 3969 3669 4010 ne-

2004 4061 2192 4118 quam
2220 4062 2351 4101 esse
2377 4045 2817 4113 demonstrant,
2840 4049 2996 4101 certe
3023 4061 3163 4102 eum
3184 4044 3290 4117 qui
3315 4060 3536 4116 passus
3557 4047 3664 4112 est,

2004 4133 2274 4191 maxima
2305 4135 2688 4191 miseratione
2707 4133 2960 4206 dignum
2982 4134 3343 4191 ostendunt:
3367 4133 3666 4206 siquidem

2003 4225 2152 4282 illud
2191 4225 2392 4298 ipsum
2438 4225 2497 4281 in
2543 4224 2704 4281 mala
2748 4224 3034 4280 divinitus
3084 4223 3360 4280 immissa
3404 4223 3666 4279 incidere

2006 4320 2366 4386 argumento
2391 4319 2479 4370 est
2507 4314 2969 4388 quodammodo
2997 4329 3134 4370 eum
3156 4313 3261 4386 qui
3290 4313 3418 4368 haec
3443 4311 3667 4384 patitur

2006 4405 2497 4461 atﬂictationibus
2523 4420 2654 4460 esse
2696 4403 3003 4460 traditum.
3040 4403 3154 4460 Sed
3180 4407 3384 4458 tamen
3409 4400 3552 4456 satis
3576 4404 3668 4456 est

293 4501 403 4547 σεῖν
443 4502 546 4557 τοῖς
594 4496 862 4558 θεηλάτοις
907 4503 1086 4558 κακοῖς
1133 4491 1401 4558 ἀπόδειξίν
1448 4513 1554 4555 πως
1579 4495 1720 4566 ἔχειν
1751 4489 1900 4546 δοκεῖ

2016 4493 2087 4550 illi
2109 4493 2187 4550 ad
2209 4493 2487 4550 solatium
2511 4493 2914 4562 malorum,ut
2932 4492 3197 4563 benigno
3215 4491 3382 4546 illum
3404 4489 3666 4562 aspicias

287 4593 381 4638 τοῦ
443 4582 846 4660 παραδεδόσθαι
909 4594 1020 4650 τοῖς
1082 4587 1322 4640 πάθεσιν.
1391 4582 1526 4638 Ἀλλ’
1580 4581 1728 4659 ἀρκεῖ
1777 4586 1894 4656 (17)

287 4676 432 4749 αὐτῷ
490 4680 620 4754 πρὸς
671 4679 1010 4754 παραμυθίαν
1064 4684 1163 4731 τῶν
1219 4673 1527 4749 συμϐάντων
1582 4675 1642 4724 τὸ
1701 4671 1898 4746 εὐμενεῖ

286 4767 445 4821 αὐτόν
489 4767 820 4844 προσϐλέψαι
863 4776 934 4840 τῷ
983 4772 1180 4841 ὄμματι
1225 4784 1302 4834 σε,
1345 4767 1436 4816 καὶ
1483 4766 1576 4821 τὴν
1620 4761 1886 4836 πολυαρκῆ

281 4861 471 4935 χάριν,
504 4859 568 4920 ἧς
618 4859 806 4922 πάντες
854 4856 1190 4918 ἀπολαύοντες
1240 4853 1478 4926 δαπανᾴν
1535 4852 1594 4905 ού
1642 4849 1890 4906 δύνανται

286 4953 399 5010 (τήν
435 4955 532 5012 τῆς
579 4956 674 5010 σῆς
711 4949 1028 5024 ἡμερότητος
1072 4946 1246 5020 λέγω),
1295 4951 1386 5000 καὶ
1443 4943 1520 4999 ἐπ’
1574 4944 1728 4998 αὐτόν
1786 4943 1887 5018 ἀφ-

361 5144 473 5215 (H)
511 5150 636 5207 Τοῖς
665 5146 822 5202 οἴκοι.
857 5143 950 5202 Sic
991 5147 1111 5200 tres
1141 5141 1527 5201 vetustissimi
1557 5141 1795 5199 codices
1833 5143 1890 5196 et

288 5213 545 5272 (Πανόπη.
577 5216 729 5272 Editi
757 5223 862 5278 τοῖς
891 5216 1121 5279 οἰκείοις.

364 5288 966 5362 (12)Σκευωρηθείσαν.
1027 5287 1186 5344 Harl.
1253 5290 1311 5344 et
1374 5287 1632 5344 Clarom.
1704 5302 1894 5338 σκαιω-

292 5375 352 5433 ρη
363 5360 562 5414 θεῖσαν.

330 5433 474 5514 ⁴(13)
517 5429 766 5488 οὐδέπω.
799 5435 882 5490 Ita
913 5431 1072 5489 Harl.
1099 5447 1240 5489 cum
1269 5429 1539 5504 quinque
1571 5429 1721 5486 aliis.
1746 5426 1898 5484 Editi

299 5519 396 5554 ονπ
401 5525 456 5558 ω.

371 5578 478 5651 (14)
515 5577 774 5651 ’Υπῆρχι
806 5580 926 5636 Hoc
950 5576 1208 5635 verbum
1233 5573 1586 5633 addidimus
1615 5588 1688 5629 ex
1721 5569 1898 5638 llarl.,

293 5645 442 5704 Med.
463 5645 531 5708 et
557 5645 816 5707 Clariim.

2003 4583 2202 4656 oculo,
2219 4600 2287 4641 ac
2309 4583 2556 4640 uberem
2576 4583 2741 4640 illam
2759 4582 3035 4654 gratiam,
3051 4597 3237 4654 quam
3259 4595 3471 4636 omnes
3487 4595 3661 4654 expe‘

2001 4675 2256 4743 riuntur,
2271 4690 2382 4730 nec
2404 4678 2604 4730 tamen
2624 4677 2883 4746 possunt
2897 4672 3218 4727 absumere
3237 4669 3509 4740 (gratiam
3527 4668 3664 4725 dico

1999 4763 2261 4821 lenitatis
2291 4765 2432 4834 tuae)
2463 4763 2645 4819 etiam
2675 4763 2738 4818 in
2787 4761 2954 4818 illum
2998 4759 3310 4816 extendas.
3345 4763 3408 4815 ln
3436 4758 3666 4830 judicio

2000 4858 2203 4911 autem
2223 4869 2448 4925 magno
2470 4854 2522 4909 ei
2541 4853 2664 4909 fore
2681 4851 2759 4907 ad
2779 4850 3142 4906 vincendum
3166 4848 3446 4922 praesidio
3467 4853 3642 4922 patro

1999 4944 2224 5001 ciuium
2249 4949 2445 5014 tuum,
2464 4942 2643 4999 nobis
2667 4939 2953 4996 omnibus
2981 4943 3140 4997 certo
3162 4955 3526 5013 persuasum
3552 4943 3664 4996 est.

2071 5143 2183 5213 (15)
2223 5147 2350 5203 Ταῖς
2398 5141 2523 5194 ἄνω.
2580 5139 2667 5194 Ita
2716 5137 2896 5213 Harl”
2947 5136 3350 5213 Med..ut_loisl.
3413 5139 3664 5213 uterque

2002 5208 2146 5284 Reg.
2168 5208 2427 5284 uterque
2457 5216 2515 5267 et
2542 5215 2795 5284 uterque
2829 5210 3015 5279 Bigot.
3051 5208 3346 5284 Editi-mi;
3371 5208 3574 5284 τε-οῐνω.

2073 5279 2184 5355 (Ῑϐὶ
2223 5286 2299 5336 Τὰ
2331 5279 2612 5356 ῖχινόμενα,
2656 5281 2748 5338 Sic
2783 5286 2900 5336 tres
2926 5281 3313 5338 vetustissimi
3345 5279 3579 5335 codices
3609 5282 3666 5333 et

2005 5353 2103 5414 alii
2131 5353 2426 5411 nonnulli.
2462 5353 2612 5410 Editi
2642 5356 2705 5405 τὰ
2734 5358 3002 5424 γεγονότα.

2075 5429 2188 5500 (t7)
2225 5425 2594 5501 ’Apxsz._Male
2623 5421 2970 5501 ineditionc
3004 5429 3027 5480 1
3054 5425 3236 5482 Paris.
3263 5421 3432 5496 ἀρκεῖν
3455 5424 3664 5476 contra

2005 5495 2294 5556 veterum
2311 5497 2589 5554 codicum
2616 5495 2822 5554 ﬁdem.

2085 5572 2103 5591 ‘
2141 5569 2299 5628 Alias
2329 5570 2642 5627 CCLXXVI.
2679 5570 2907 5642 Scripta
2936 5583 3096 5625 anno
3126 5571 3248 5623 373.
