4152 6378
511 322 616 380 599

1894 313 1951 370 S.
1991 311 2244 370 BASILII
2279 312 2498 373 MAGNI

3769 328 3870 383 600

509 447 701 520 Atque
723 443 998 504 omnium
1022 443 1416 520 dignissimus
1448 446 1536 502 est
1553 443 1692 518 ipse
1718 441 1834 513 ille,
1857 439 1964 515 qui
1993 455 2162 497 meas

2280 441 2479 502 σθῆναι,
2530 439 2648 494 Ὀτι
2701 437 2760 495 δὲ
2813 445 2904 496 καὶ
2957 439 3005 494 ἕν
3057 437 3430 517 δικαστηρίοις
3485 446 3680 519 μεγάλη
3736 452 3875 525 αὖτῷ

507 535 755 606 litteras,
786 540 852 594 ut
889 536 1002 593 sibi
1028 536 1256 611 aliquid
1282 535 1628 610 profuturas
1657 531 1951 607 poposcit,
1981 546 2165 603 quem

510 641 650 682 cum
680 626 811 684 aliis
839 626 1158 683 videamus
1189 627 1324 682 totis
1357 643 1480 682 suae
1509 624 1674 682 vocis
1701 621 1924 679 viribus
1953 619 2166 676 laudes

509 716 812 786 gravitatis
837 720 956 772 tuae
985 715 1436 790 praedicantem.

2278 528 2481 608 ἄφορμή
2532 534 2662 608 πρὸς
2711 535 2804 590 τὴν
2851 536 2998 591 νίκην
3047 533 3077 591 ἡ
3130 535 3274 607 ποιρὰ
3323 541 3417 586 σοῦ
3471 535 3643 610 ῥοπὴ,
3690 542 3875 604 πάντες

2277 619 2504 693 ἀκριϐῶς
2571 623 2914 694 πεπείσμεθα,
2985 627 3318 684 Δικαιότατος
3395 621 3454 677 δὲ
3519 626 3721 678 πάντων
3788 637 3875 684 καὶ

2277 709 2434 772 αὐτὸς
2488 710 2653 777 οὗτος,
2704 713 2729 762 ὁ
2782 715 2876 770 τὴν
2927 710 3202 771 ἐπιστολὴν
3251 714 3428 786 ἡμῶν,
3486 716 3553 777 ὡς
3607 735 3656 768 τι
3707 718 3876 789 ὄφελος

511 805 652 877 αὐτῷ
693 805 964 879 ἐσομένην,
992 806 1322 867 ἐπιζητήσας
1351 825 1362 839 ο
1393 804 1446 857 ὃν
1474 805 1604 877 μετὰ
1633 809 1733 856 τῶν
1773 799 1937 853 ἄλλων
1968 795 2174 874 ἴδοιμεν
2218 806 2280 873 τῇ
2323 801 2458 852 κατὰ
2487 796 2711 874 δύναμιν
2756 801 2916 854 αὐτοῦ
2947 801 3055 874 (18)
3109 811 3245 875 φωνῇ
3296 807 3388 862 τὴν
3422 808 3518 863 σὴν
3551 804 3878 879 εὐφημοῦντα

513 898 828 968 σεμνότητα.

1025 1039 1362 1097 EPISTOLA
1399 1037 1645 1095 CXLIX'.

2799 1039 3138 1090 Emz'roim
3177 1033 3352 1094 PMG'.

508 1163 568 1220 Is
605 1163 688 1220 ad
717 1177 889 1236 quem
925 1165 1154 1234 scripta
1179 1170 1263 1220 est
1299 1163 1425 1236 haec
1459 1163 1732 1231 epistola,
1768 1159 2006 1236 viderat
2041 1155 2384 1236 primordia
2425 1171 2835 1236 aerumnarum
2863 1160 3162 1236 Mamimi;
3197 1163 3302 1236 sed
3331 1168 3540 1232 postea
3578 1179 3769 1234 paena;
3810 1181 3878 1223 ac

577 1229 952 1292 contameliae
982 1229 1289 1306 graviores
1315 1229 1560 1305 inﬂicta
1588 1241 1748 1302 sunt,
1780 1247 1848 1288 ac
1888 1231 2149 1288 vicarius
2180 1229 2354 1286 modo
2384 1229 2733 1295 advenerat,
2766 1238 2834 1289 ut
2861 1234 3028 1290 mala
3066 1229 3354 1304 expleret.
3386 1229 3637 1294 Homini
3677 1239 3880 1296 miser-

578 1309 730 1364 rimo
757 1323 926 1379 opem
954 1309 1246 1377 implorat
1273 1308 1562 1365 Basilius.

1196 1453 1486 1526 Trojano.

583 1580 718 1650 Ipse
760 1575 953 1634 oculis
999 1575 1198 1634 vidisti
1242 1575 1650 1634 calamitatem
1697 1570 1810 1630 viri
1858 1567 2172 1643 quondam

513 1665 678 1733 clari,
726 1666 833 1723 sed
879 1683 1041 1723 nunc
1085 1666 1408 1723 miserrimi
1453 1665 1728 1723 omnium
1778 1659 2019 1719 Maximi
2068 1656 2175 1731 qui

2871 1455 3109 1525 Τραϊανῷ
3146 1450 3283 1523 (19).

2359 1573 2460 1624 Καὶ
2511 1570 2669 1634 αὐτὸς
2730 1572 2977 1636 ὑπέϐαλες
3025 1576 3138 1647 (20)
3194 1575 3441 1650 ὀφθαλμῷ
3493 1582 3587 1638 τὴν
3649 1583 3884 1635 κακοπά-

2286 1659 2424 1712 θειαν
2471 1668 2562 1714 τοῦ
2612 1667 2858 1738 πρότερον
2910 1668 3000 1738 μὲν
3054 1663 3356 1739 εὐδοκίμου,
3407 1676 3496 1721 νῦν
3555 1667 3614 1724 δὴ
3671 1670 3884 1725 ἐλεεινο-

510 1755 724 1829 patrite
752 1760 972 1812 nostras
1001 1756 1343 1828 praefuerat,
1375 1759 1558 1827 atque
1589 1753 1822 1810 utinam
1859 1765 1983 1806 non
2015 1764 2170 1820 prae-

2282 1751 2440 1802 τάτου
2488 1753 2690 1806 πάντων
2743 1755 3009 1828 Μαξίμου,
3049 1763 3142 1809 τοῦ
3190 1757 3444 1831 ἄρξαντος
3481 1768 3578 1822 τῆς
3623 1759 3886 1836 πατρίδος

511 1845 756 1901 fuisset!
809 1845 1094 1901 Existimo
1148 1845 1309 1902 enim
1358 1843 1508 1913 fore,
1558 1849 1625 1899 ut
1673 1841 1848 1899 multi
1903 1837 2172 1910 gentium

513 1934 927 2004 gubernacula
955 1934 1208 2006 fugiant,
1239 1934 1287 1991 si
1319 1933 1870 1991 administrationes
1909 1928 1987 1986 ad
2013 1930 2172 2000 ejus-

509 2023 678 2080 modi
707 2024 934 2080 exitum
972 2024 1251 2081 rediturae
1291 2028 1450 2080 sunt.
1485 2025 1679 2090 Quare
1710 2020 1858 2095 quid
1898 2035 2054 2092 opus
2087 2020 2175 2073 est

512 2111 753 2184 singula
814 2129 1110 2182 enarrem,
1157 2117 1216 2171 et
1261 2129 1398 2187 quae
1465 2112 1614 2178 vidi,
1672 2117 1730 2169 et
1767 2127 1904 2184 quae
1945 2106 2170 2176 audivi,

507 2203 636 2259 viro
683 2203 763 2260 ob
806 2203 1092 2260 eximiam
1143 2203 1370 2275 ingenii
1420 2203 1612 2262 aciem
1658 2201 1898 2272 idoneo,
1950 2199 2055 2272 qui
2101 2214 2174 2254 ex

507 2292 720 2366 paucis
766 2291 938 2349 factis
985 2309 1059 2350 ea
1105 2309 1242 2367 quae
1293 2294 1650 2352 omittuntur
1687 2290 2026 2348 existimet?
2057 2288 2174 2346 Sed

510 2385 715 2438 tamen
748 2381 898 2438 forte
931 2382 1240 2456 superﬂua
1265 2382 1432 2456 loqui
1465 2381 1570 2439 tibi
1598 2397 1722 2439 non
1751 2379 2021 2451 videbor,
2055 2378 2174 2434 hoc

513 2469 564 2525 si
595 2469 827 2542 dixero,
856 2487 996 2527 cum
1026 2471 1219 2528 multa
1257 2476 1314 2530 et
1343 2472 1550 2545 gravia
1580 2475 1716 2529 ante
1746 2475 1918 2527 tuum
1951 2468 2174 2526 adven-

509 2563 641 2615 tum
689 2559 750 2616 in
801 2559 1000 2634 ipsum
1035 2565 1380 2634 perpetrata
1424 2562 1560 2628 sint,
1593 2578 1730 2635 quae
1766 2563 1979 2634 postea
2007 2562 2174 2630 gesta

511 2653 652 2705 sunt
683 2649 822 2706 talia
865 2665 1018 2721 esse,
1053 2655 1119 2707 ut
1147 2651 1458 2723 superiora
1487 2650 1933 2707 humanitatem
1972 2649 2171 2705 existi-

507 2753 677 2794 mare
728 2745 972 2809 cogant.
1017 2743 1272 2798 Tantam
1321 2739 1701 2797 contumeliae
1747 2744 1802 2797 et
1858 2738 2069 2796 damni
2117 2741 2176 2796 et

509 2825 705 2900 ipsius
775 2829 1046 2903 corporis
1098 2829 1633 2887 incommodorum
1686 2828 2171 2901 magnitudinem

512 2916 690 2989 239
713 2917 959 2987 habere,
982 2934 1120 2992 quas
1143 2918 1208 2974 in
1232 2918 1434 2993 ipsum
1462 2918 1860 2992 postmodum
1886 2934 1923 2975 a
1945 2917 2170 2974 vicario

511 3006 848 3076 excogitata
878 3013 1037 3064 sunt.
1074 3010 1141 3064 Et
1169 3024 1332 3064 nunc
1375 3025 1515 3065 cum
1546 3007 1955 3065 cohortalibus
1989 3022 2172 3081 appa—

2283 1839 2458 1910 ἡμῶν,
2500 1842 2570 1903 ὡς
2617 1842 2710 1894 οὐκ
2754 1844 2935 1916 ὤφελεν
2986 1845 3138 1918 (2i)!
3192 1843 3356 1919 Οἶμαι
3405 1850 3506 1925 γὰρ
3565 1848 3626 1902 ἂν
3682 1851 3886 1913 πολλοῖς

2283 1927 2544 1990 ἀπευκτὴν
2597 1934 2811 1986 ἔσεσθαι
2866 1939 2959 1994 τὴν
3014 1944 3112 1988 τῶν
3171 1935 3324 1990 ἐθνῶν
3387 1937 3600 2012 ἀρχὴν,
3657 1941 3706 1994 εἰ
3759 1945 3884 2018 πρὸς

2280 2028 2510 2073 τοιοῦτον
2577 2025 2738 2095 πέρας
2803 2023 3053 2097 μέλλουσι
3112 2031 3487 2104 καταστρέφειν
3542 2029 3597 2081 αἱ
3646 2051 3882 2106 προστα-

2284 2114 2416 2166 σίαι.
2466 2109 2628 2165 Ὠστε
2673 2117 2725 2165 τί
2771 2110 2856 2166 δεῖ
2902 2116 3043 2188 ἡμᾶς
3087 2117 3153 2169 τὰ
3199 2117 3317 2170 καθ’
3366 2119 3584 2172 ἕκαστον
3630 2119 3884 2195 ἐπαγγέλ-

2279 2198 2404 2269 λειν,
2458 2203 2524 2252 ὡν
2581 2221 2633 2255 τε
2685 2199 2911 2276 εἴδομεν,
2970 2205 3038 2257 ὧν
3091 2225 3145 2260 τι
3201 2207 3521 2281 ἠκούσαμεν,
3583 2207 3742 2285 ἀνδρὶ
3795 2208 3886 2264 διὰ

2280 2288 2470 2348 πολλὴν
2526 2299 2619 2354 τῆς
2679 2288 2912 2356 διανοίας
2967 2293 3197 2358 ὀξύτητα
3247 2298 3404 2369 ἱκανῷ
3452 2297 3505 2362 ἐξ
3553 2299 3741 2374 ὀλίγων
3786 2309 3882 2353 τῶν

2279 2381 2622 2454 πραχθέντων
2669 2386 3048 2456 στοχάσασθαι
3093 2387 3161 2438 τὰ
3200 2385 3511 2461 λειπομένας
3542 2389 3678 2449 Πλὴν
3722 2389 3878 2444 ἐκεῖνό

2279 2488 2338 2540 γε
2383 2469 2554 2542 εἰπὼν,
2589 2473 2716 2534 ἴσως
2766 2472 2824 2525 οὗ
2871 2478 3113 2550 περιττός
3154 2495 3238 2530 σοι
3283 2482 3602 2552 φανήσομαι,
3634 2481 3715 2533 ὅτι
3757 2479 3880 2532 πολ⁴

2279 2557 2376 2610 λῶν
2435 2563 2590 2611 ὄντων
2643 2565 2733 2614 καὶ
2793 2559 2972 2616 δεινῶν
3026 2573 3124 2617 τῶν
3177 2565 3248 2630 εἰς
3305 2567 3460 2620 αὐτὸν
3527 2568 3882 2641 τολμηθέντων

2280 2651 2380 2722 πρὸ
2442 2657 2538 2714 τῆς
2606 2659 2699 2712 σῆς
2764 2657 3077 2725 παρουσίας,
3125 2663 3345 2709 τοιαῦτα
3403 2662 3578 2730 γέγονε
3628 2661 3698 2711 τὰ
3757 2660 3885 2733 μετὰ

2280 2746 2482 2806 ταῦτα,
2555 2741 2624 2803 ὡς
2689 2740 3076 2818 φιλανθρωπίαν
3141 2753 3363 2806 ποιῆσαι
3436 2750 3754 2822 νομισθῆναι
3821 2750 3886 2802 τὰ

2281 2829 2573 2900 φθάσαντα.
2641 2834 2914 2892 Τοσαύτην
2981 2831 3122 2907 εἶχεν
3191 2834 3478 2913 ὑπερϐολὴν
3538 2837 3741 2913 ὕϐρεως
3801 2841 3886 2892 καὶ

2286 2920 2498 2991 ζημίας,
2527 2924 2617 2972 καὶ
2655 2927 2745 2981 τῆς
2793 2921 2864 2984 εἰς
2907 2921 3033 2975 αὐτὸ
3079 2926 3137 2976 τὸ
3172 2933 3324 2999 σῶμα
3365 2929 3727 2991 κακοπαθείας
3753 2929 3884 3000 (22),

2280 3008 2345 3059 τὰ
2395 3003 2462 3067 δὴ
2513 3008 2727 3084 ὕστερον
2782 3010 2922 3084 αὐτῷ
2969 3015 3114 3085 παρὰ
3167 3021 3258 3066 τοῦ
3315 3024 3625 3092 κρατοῦντος
3683 3016 3885 3093 ἐξευρε-

507 3094 796 3152 ritoribus
825 3097 1009 3167 venit,
1040 3099 1107 3153 ut
1145 3097 1381 3171 reliqua
1412 3113 1522 3154 sua
1565 3097 1732 3154 mala
1775 3098 1872 3153 hic
1901 3096 2169 3170 impleat,

2283 3097 2446 3152 θέντα.
2500 3102 2600 3150 Καὶ
2648 3106 2735 3150 νῦν
2785 3101 3070 3178 ἔμφρουρος
3113 3104 3228 3162 ἣκει
3273 3107 3340 3158 τὰ
3382 3105 3600 3178 λείψανα
3642 3115 3748 3162 τῶν
3787 3103 3887 3160 ὧδε

506 3183 625 3240 nisi
656 3187 720 3241 tu
767 3202 1062 3258 magnam
1105 3191 1274 3244 tuam
1318 3204 1573 3244 manum
1615 3186 1987 3261 praetendere
2025 3185 2171 3242 velis

509 3273 752 3331 afﬂicto.
804 3278 1332 3350 Supervacaneam
1361 3293 1490 3334 rem
1524 3277 1647 3333 scio
1690 3293 1786 3333 me
1818 3277 2034 3343 facere,
2066 3275 2172 3350 qui

507 3367 680 3420 tuam
712 3365 1094 3423 clementiam
1121 3365 1200 3423 ad
1225 3366 1663 3424 humanitatem
1695 3367 1998 3426 adhorter.
2023 3366 2172 3434 Quia

508 3457 713 3509 tamen
742 3455 907 3511 hunc
933 3456 1131 3512 virum
1159 3458 1337 3530 cupio
1357 3456 1586 3530 juvare,
1617 3457 1973 3528 dignitatem
2003 3462 2170 3515 tuam

509 3557 679 3614 rogo,
717 3547 782 3600 ut
820 3543 1044 3602 innatae
1093 3546 1202 3602 tibi
1247 3545 1324 3602 ad
1372 3547 1604 3603 bonum
1650 3546 2040 3620 propensioni
2069 3546 2170 3604 ali-

508 3630 659 3704 quid
700 3649 840 3690 mea
888 3650 1074 3692 causa
1105 3635 1390 3707 adjicias:
1425 3636 1578 3692 adeo
1623 3641 1689 3693 ut
1735 3636 2056 3695 manifesta
2099 3636 2172 3696 sit

506 3721 742 3781 homini
771 3740 922 3782 meae
952 3742 1063 3800 pro
1094 3726 1196 3784 illo
1225 3726 1667 3800 deprecationis
1695 3726 1938 3786 utilitas.

581 4103 604 4177 ξ
641 4101 802 4177 Alias
826 4101 1163 4163 CCCXXV”.
1193 4103 1424 4177 Scripta
1449 4119 1624 4177 anno
1643 4106 1768 4177 373.

581 4174 693 4250 (t_8)
735 4174 926 4250 Αιξῖοῡ.
977 4178 1138 4231 Hanc
1181 4174 1394 4233 voce‘m
1447 4175 1796 4232 addidimus
1855 4191 1928 4233 ex
1982 4175 2164 4250 Harl.,

514 4245 749 4303 Med.'et
777 4245 1036 4304 Clarom.

583 4318 993 4392 (1-9λΤραῑανῷ.
1029 4317 1264 4392 Legitur
1291 4321 1363 4392 in
1393 4318 1678 4376 omnibus
1708 4318 1892 4392 editis
1920 4324 1976 4376 et
2021 4336 2167 4376 mss.

512 4389 832 4462 codicibus
873 4399 945 4461 τῷ
992 4389 1153 4461 αὐτῷ,
1205 4391 1412 4458 eidem,
1463 4392 1718 4462 'l‘rajano
1772 4391 2038 4448 scilicet:
2090 4392 2170 4448 ad

511 4476 696 4534 quem
723 4461 949 4534 scripta
983 4461 1255 4534 superior
1291 4461 1795 4534 epistola.’Quare
1825 4479 1949 4519 non
1981 4479 2170 4534 ausus

513 4548 648 4587 sum
679 4533 1106 4588 hunc’titulufn
1139 4533 1372 4590 mutare
1399 4551 1412 4600 ;
1446 4533 1552 4590 sed
1583 4539 1785 4590 tamen
1825 4534 2029 4590 nullus
2060 4533 2168 4590 du-

510 4601 657 4671 bito,
684 4603 832 4676 quin
859 4603 990 4659 haec
1019 4604 1270 4676 epistola
1292 4605 1369 4660 ad
1394 4606 1719 4675 Trajanum
1751 4605 1998 4662 minime
2028 4605 2170 4661 scri-

511 4679 617 4749 pta
647 4675 742 4731 sit.
773 4680 825 4731 ls
870 4675 1032 4749 enim
1056 4675 1160 4732 ’ad
1201 4693 1385 4749 quem
1426 4678 1649 4749 scripta
1691 4681 1795 4749 est,
1825 4678 2015 4734 oculis
2045 4677 2168 4749 suis

511 4745 746 4802 viderat
795 4745 1486 4820 calamitates—Maximi.
1540 4745 1613 4804 At
1666 4748 1963 4820 Trajanus
2011 4747 2170 4820 nihil

556 4832 760 4872 rorsus
791 4819 1065 4876 audierat
1087 4819 1162 4874 de
1186 4819 1280 4876 his
1303 4821 1626 4888 aerumnis;
1656 4825 1714 4876 et
1751 4819 1975 4878 idcirco
2006 4819 2171 4876 Basi-

535 4887 662 4943 ium
707 4890 999 4946 Maximus
1046 4892 1302 4962 rogavit,
1341 4897 1408 4948 ut
1449 4908 1554 4948 eas
1608 4887 1866 4964 Trajano
1907 4891 2170 4948 breviter

512 4965 857 5030 exponeret.

585 5030 698 5106 (2Q)
736 5030 1025 5106 ’ἢκ-ἐξα).ξῇ
1058 5033 1229 5106 Med.,
1263 5037 1401 5106 Reg.
1437 5034 1745 5092 secundus
1775 5037 1832 5091 et
1863 5033 2042 5091 Coisl.
2075 5050 2168 5093 se-

513 5102 752 5157 cundus
783 5104 1045 5166 ὑπέλαϐες.

584 5174 695 5314 (ΞὟ
738 5174 847 5226 Οὐκ
879 5176 1080 5249 ὤφελεν.
1114 5181 1198 5233 Ita
1228 5194 1374 5235 mss.
1409 5195 1534 5236 sex.
1565 5178 1716 5235 Editi
1745 5178 1838 5232 οὐκ
1865 5178 2092 5252 ὤφειλεν.

584 5247 670 5314 (22
731 5251 1114 5311 Κακοπαθείας.
1146 5251 1266 5306 Hac
1293 5266 1441 5306 voce
1491 5266 1612 5306 non
1652 5251 2002 5314 quaestionis
2051 5255 2092 5308 ί(

584 5247 690 5325 (2'2)
731 5247 1266 5325 KaquraOeiag_._I_lac
1293 5266 1441 5306 voce
1491 5266 1612 5306 non
1652 5247 2002 5325 quaestionis
2051 5255 2164 5308 tor—

512 5321 738 5395 menta,
759 5319 1229 5395 quibussubjici
1259 5335 1382 5395 non
1407 5319 1694 5395 poterant
1714 5322 2004 5395 praesides
2035 5337 2172 5395 pro-

510 5387 868 5466 vinciarum,
891 5391 1007 5466 nisi
1034 5387 1366 5466 incrimine
1387 5387 1742 5466 majestatis‘,
1759 5393 1866 5466 sed
1883 5409 1952 5452 ea
1970 5387 2170 5466 potius

513 5456 906 5518 incommoda
934 5461 1183 5532 intelligi
1208 5461 1452 5530 debent,
1483 5456 1621 5536 quae
1661 5456 1740 5520 ab
1769 5456 2016 5522 homin‘e
2043 5465 2169 5523 lau-

2278 3196 2450 3241 κακῶν
2498 3188 2656 3242 αὑτοῦ
2697 3187 3112 3268 ἀποπληρώσων,
3151 3191 3236 3246 ἐὰν
3280 3199 3351 3267 μὴ
3406 3199 3471 3250 σὺ
3517 3201 3611 3257 τὴν
3654 3197 3886 3272 μεγάλην

2281 3284 2476 3330 σαυτοῦ
2536 3286 2696 3354 χεῖρα
2753 3281 3036 3356 ὑπερσχεῖν
3104 3280 3355 3358 ἐθελήσῃς
3421 3294 3492 3358 τῷ
3553 3306 3886 3342 καταπονου-

2277 3371 2432 3439 μένῳ,
2480 3372 2724 3444 Περιτπ-ὸν
2776 3372 2865 3443 μὲν
2915 3367 3002 3422 οὖν
3055 3368 3178 3426 οἶδα
3220 3381 3402 3445 ποιῶν,
3445 3378 3539 3434 τὴν
3589 3380 3687 3435 σὴν
3742 3396 3884 3450 χρη-

2282 3461 2512 3516 στότητα
2578 3459 2647 3524 εἰς
2715 3459 3101 3534 φιλανθρωπίαν
3167 3462 3501 3539 παρακαλῶν.
3571 3464 3717 3525 Πλὴν
3781 3463 3883 3519 ἀλλ’

2278 3543 2459 3606 ἐπειδὴ
2511 3546 2772 3622 βούλομαι
2827 3553 3064 3623 γενέσθαι
3113 3558 3381 3628 χρήσιμος
3428 3562 3501 3625 τῷ
3555 3551 3735 3628 ἀνδρὶ,
3781 3557 3885 3610 Exl-

2277 3639 2409 3688 τεύω
2463 3656 2556 3690 σου
2617 3643 2710 3698 τὴν
2766 3645 3170 3714 σεμνοπρέπειαν
3237 3645 3543 3717 προσθεῖναί
3598 3665 3650 3699 τι
3707 3653 3771 3719 τῇ
3831 3642 3886 3699 ἐκ

2280 3727 2480 3798 φύσεως
2510 3732 2628 3803 περὶ
2671 3732 2729 3782 τὸ
2758 3727 2914 3782 καλὸν
2945 3727 3154 3804 σπουδῇ
3201 3727 3274 3784 δι’
3304 3734 3464 3806 ἡμᾶς,
3497 3735 3630 3789 ὥστε
3677 3733 3887 3812 ἐναργὶς

2277 3824 2350 3887 τῷ
2382 3812 2536 3892 ἀνδρὶ
2565 3820 2804 3890 γενέσθαι
2833 3827 2929 3884 τῆς
2960 3820 3086 3896 ὑπὲρ
3138 3821 3298 3876 αὐτοῦ
3329 3822 3710 3899 παρακλήσεως
3739 3826 3884 3899 ἡμῶν

2278 3908 2338 3958 τὸ
2370 3905 2565 3980 ὄφελος.

2279 4103 2414 4180 tiori
2441 4103 2578 4180 vitse
2603 4107 2866 4178 assueto,
2900 4105 3050 4162 dum
3074 4106 3253 4164 bonis
3278 4107 3562 4180 omnibus
3590 4107 3888 4180 spoliatus

2279 4175 2446 4257 fugit,
2477 4177 2706 4257 abesse
2749 4175 2872 4232 non
2914 4175 3889 4257 possunt.__Hinc_linpraecedenti

2279 4246 2555 4319 epistola,
2591 4251 2664 4319 _ut
2711 4262 2782 4301 ex
2833 4246 2968 4319 octo
3025 4249 3330 4304 veteribus
3367 4246 3544 4319 libris
3595 4249 3879 4319 legimus,

2279 4317 2548 4390 corporis
2585 4317 2996 4390 incommoda,
3043 4335 3180 4390 quas
3227 4318 3518 4376 Maximus
3569 4317 3882 4390 sustinuit,

2279 4405 2350 4444 ex
2391 4388 2558 4462 illius
2600 4388 2984 4460 potissimum
3035 4388 3182 4462 fuga
3228 4396 3284 4448 et
3330 4390 3515 4446 variis
3574 4388 3886 4462 susdeque

2279 4459 2580 4532 erroribus
2606 4459 2998 4532 repetuntur.
3031 4459 3271 4519 Videtur
3313 4466 3518 4518 autem
3557 4459 3886 4522 accusatus

2277 4531 2750 4604 repetundarum
2800 4532 3003 4597 fuisse,
3037 4538 3093 4589 et
3132 4533 3355 4591 idcirco
3385 4535 3670 4591 omnibus
3700 4533 3885 4592 rebus

2279 4603 2914 4686 spoliatus;quia.etsi
2957 4604 3207 4686 minime
3254 4606 3564 4686 convictus
3609 4605 3735 4686 fuit,
3774 4620 3886 4686 per

2276 4675 2397 4730 vim
2441 4679 2641 4731 tamen
2681 4681 2738 4731 et
2779 4675 3238 4750 impressionem
3265 4678 3515 4750 vicarii,
3548 4675 3884 4750 quadrupli

2277 4761 2546 4831 poenam,
2575 4763 2775 4831 quam.
2813 4747 3714 4831 legesnconvi‘ctis'inﬂigebant,
3745 4747 3885 4805 coa-

2277 4817 2406 4875 ctus
2450 4825 2540 4876 est
2577 4817 2942 4890 persolvere.
2975 4819 3120 4876 Hinc
3151 4820 3334 4878 etiam
3379 4817 3524 4877 civis
3553 4817 3712 4878 statu
3753 4835 3884 4877 non

2277 4890 2527 4964 omnino
2579 4889 2818 4964 excidit,
2863 4906 3167 4964 necqeum
3220 4897 3424 4948 tamen
3473 4893 3774 4964 integrum
3829 4893 3886 4964 et

2275 4961 2531 5018 illaesum
2577 4962 2840 5036 retinuit,
2879 4965 2944 5018 ut
2990 4961 3054 5019 in
3103 4963 3398 5036 superiori
3440 4961 3696 5036 epistola
3739 4961 3885 5036 legi-

2275 5050 2434 5090 mus.
2467 5037 2614 5089 Nam
2641 5033 2876 5106 judices
2904 5033 3376 5106 repetundarum
3413 5033 3669 5091 co‘nvicti
3706 5035 3886 5092 abla-

2276 5107 2351 5162 tis
2373 5106 2791 5162 codicillorum
2819 5105 3174 5178 insignibus,
3189 5113 3243 5164 et
3266 5107 3494 5178 honore
3519 5108 3709 5178 exuli,
3723 5108 3886 5164 inter

2273 5179 2552 5247 pessimos
2621 5193 2722 5232 uos
2768 5192 2839 5233 ue
2863 5184 2916 5233 el
2941 5177 3203 5247 plebeios
3237 5177 3884 5247 habebantur,utsan-

2275 5249 2428 5304 citur
2478 5194 2623 5304 005.
2686 5195 2906 5304 Tzeod.
2950 5249 3054 5304 lib.
3104 5267 3144 5304 1.
3195 5249 3279 5304 tit.
3329 5253 3423 5304 27.
3474 5249 3592 5304 leg.
3647 5255 3712 5304 1:
3769 5263 3882 5304 nec

2275 5249 2428 5306 citur
2478 5249 2623 5306 Cod.
2686 5249 2906 5307 Theod.
2950 5249 3054 5306 lib.
3104 5267 3144 5318 1,
3195 5249 3279 5306 tit.
3329 5253 3423 5317 27,
3474 5249 3592 5320 leg.
3647 5255 3712 5306 1:
3769 5263 3882 5306 nec

2282 5325 2486 5377 tamen
2523 5320 2781 5376 infames
2810 5325 2866 5377 et
2894 5320 3263 5378 intestabiles
3287 5325 3478 5388 erant,
3505 5327 3573 5380 ut
3599 5321 3886 5380 observat

2282 5392 2679 5451 Gothofredus
2709 5393 2790 5450 ad
2819 5393 3098 5450 eamdem
3125 5393 3344 5464 legem.
