4152 6412
1348 288 1849 353 EPISTOLARUM
1885 284 2172 351 CLASBIS
2224 292 2274 355 Π
2297 296 2515 357 EPIST.
2547 296 2656 358 CL.

877 424 1216 479 ΕΠΙΣΤΟΛΗ
1275 419 1374 478 PN

2596 424 2930 484 EPISTOLA
2999 423 3128 483 OL‘.

306 514 686 597 Heraclidas
710 512 1236 597 aQAmphiloc-hio
1265 516 1609 597 accusatus:
1631 505 2159 597 quod‘nongeeam
2184 513 2478 597 secederet
2506 516 2566 574 in
2594 516 2827 574 deserta
2858 516 3010 597 loca,
3037 520 3110 597 at
3136 519 3535 597 promiseth
3554 518 3693 588 plu-

383 589 551 646 ribus
581 587 810 659 refellit
836 576 995 670 hanc
1024 587 1525 670 criminationem.
1553 576 2232 670 Eéponitgyidferuni
2250 593 2396 670 agat
2423 589 2488 644 in
2512 604 2846 670 pauperum
2871 576 3465 670 hosigitio'adurbein
3487 576 3691 670 (gaesa:

382 676 548 717 ream
570 672 595 730 ;
622 653 799 731 seque
848 658 923 714 ab
952 655 1375 730 Amphilochio
1404 654 1678 726 separari
1726 653 1930 721 negat,
1984 655 2258 720 quamvis
2290 653 2578 716 'locoru'm
2620 653 2946 717 intervallo
2976 653 3319 728 disjunctus
3348 661 3445 718 sit.
3479 662 3691 733 Refert

383 731 601 788 deinde
619 743 751 789 quae
775 734 1078 789 praecepta
1108 745 1146 787 a
1174 728 1402 786 Basilio
1423 726 1760 789 acceperit:
1811 722 2095 778 hortatur
2143 732 2211 781 ut
2260 728 2723 789 Amphilochius
2769 732 2852 789 ad
2891 732 3193 788 Basiliam
3225 733 3449 789 veniat.
3493 747 3532 789 α
3573 749 3689 789 auo

383 728 601 788 deinde
619 728 751 802 qua
774 728 1080 799 pracepta
1108 745 1146 787 a
1174 728 1402 786 Basilio
1423 728 1721 798 acceperit
1748 740 1760 779 :
1804 728 2095 805 hortatur
2143 732 2211 781 ut
2260 728 2723 801 Amphilochius
2769 732 2852 790 ad
2891 732 3193 788 Basiliam
3225 733 3449 807 veniat,
3493 747 3532 793 α
3562 728 3689 806 ἰιιιο

383 803 617 863 erudiri
644 802 858 858 melius
882 816 1004 858 esse
1027 803 1263 868 statuit,
1285 815 1468 873 quam
1494 800 1558 855 in
1589 798 1842 855 desertis
1874 792 2020 848 loczs
2049 801 2279 867 vagari.
2937 827 2940 831 ~

619 889 974 964 Ἀμφιλοχίῳ,
1005 892 1071 953 ὡς
1094 891 1240 965 παρά
1265 885 1606 965 Ἡρακλείδου

2301 890 2742 963 Amphilochia,
2779 890 3126 950 Heraclida
3144 893 3409 952 nomine.

388 987 438 1039 1.
466 982 601 1054 Ἐγὼ
639 984 730 1034 καὶ
765 987 865 1034 τῶν
913 980 1263 1054 ὀμιληθέντων
1311 982 1437 1053 ἡμῖν
1490 982 1622 1054 πρὸς
1675 975 1914 1043 ἀλλήλους

2104 980 2152 1034 1.
2188 980 2310 1051 Ego
2348 985 2405 1039 et
2441 999 2672 1053 eorum,
2712 998 2848 1056 quas
2884 982 3039 1039 inter
3061 997 3175 1039 nos
3208 981 3542 1056 aliquando
3570 983 3688 1042 dis-

316 1076 437 1127 ποτὶ
486 1076 775 1146 μέμνημαι,
806 1074 897 1123 καὶ
932 1071 999 1122 ὧν
1042 1089 1097 1124 τε
1144 1070 1303 1134 αὐτὸς
1339 1068 1498 1139 εἶπον,
1549 1069 1616 1121 ὧν
1646 1087 1701 1121 τι
1750 1071 1914 1127 ἥκου-

2029 1067 2351 1141 seruimus,
2400 1071 2695 1129 memini:
2746 1086 2860 1128 nec
2906 1070 3057 1144 quid
3102 1070 3380 1140 dixerim,
3414 1072 3561 1146 quid
3616 1088 3691 1130 ex

322 1181 395 1215 σα
449 1164 593 1237 παρὰ
633 1168 728 1222 τῆς
778 1159 1038 1233 εὐγενείας
1078 1179 1195 1231 σου,
1253 1160 1348 1213 οὐκ
1414 1158 1774 1232 ἐπιλέλησμαι.
1816 1160 1914 1211 Καὶ

2028 1170 2326 1226 generosa
2371 1164 2477 1219 tua
2520 1162 2723 1220 indole
2762 1161 3079 1230 audierim,
3138 1160 3359 1218 oblitus
3401 1179 3583 1233 sum;
3631 1166 3691 1221 et

310 302 413 365 σοι
1348 300 1849 353 EPISTOLARUM
1885 300 2172 351 ULASBIS
2224 300 2273 355 Π
2297 300 2515 357 EPIST.
2547 300 2656 358 CL.
3584 300 3694 364 θοι

322 1258 411 1305 νῦν
442 1249 560 1325 βίος
580 1253 670 1325 μέν
724 1268 788 1324 με
818 1247 1082 1324 δημόσιος
1119 1250 1179 1305 οὐ
1225 1254 1461 1323 κατέχει.
1506 1249 1565 1303 Εἰ
1591 1251 1692 1323 γὰρ
1722 1251 1813 1301 καὶ
1849 1255 1914 1320 τῇ

320 1337 516 1415 καρδιᾳ
558 1341 584 1392 ὁ
631 1339 785 1403 αὐτὸς
842 1339 971 1413 εἰμι,
1001 1343 1091 1395 καὶ
1127 1341 1271 1394 οὔπω
1326 1344 1413 1393 τὸν
1439 1339 1660 1394 παλαιὸν
1713 1334 1916 1392 ἀπεδυ-

316 1432 491 1504 σάμην
529 1431 819 1505 ἄνθρωπον,
869 1429 1004 1491 πλὴν
1027 1438 1098 1503 τῷ
1152 1449 1215 1504 γε
1253 1434 1515 1504 σχήματι,
1566 1433 1657 1484 καὶ
1709 1436 1781 1501 τῷ
1818 1448 1917 1502 μα-

310 1522 441 1594 κρὰν
483 1518 706 1593 ἐμαυτὸν
744 1519 862 1593 (23)
902 1530 1130 1582 ποιῆσαι
1159 1527 1261 1574 τῶν
1289 1526 1382 1574 τοῦ
1421 1518 1545 1595 βίου
1568 1520 1915 1596 πραγμάτων,

307 1606 470 1674 ἓδόξα
518 1608 721 1683 λοιπὸν,
784 1610 891 1665 οἷον
930 1609 1291 1671 ἐπιϐεϐηκέναι
1348 1617 1440 1672 τῆς
1498 1606 1626 1663 ὁδοῦ
1657 1608 1771 1682 (24)
1819 1617 1917 1671 τῆς

305 1702 443 1754 κατά
482 1703 715 1775 Χριστὸν
769 1700 1050 1764 πὸλιτείας.
1094 1703 1396 1775 Καθέζομαι
1449 1697 1509 1754 δὲ
1538 1699 1615 1753 ἔπ’
1664 1699 1911 1774 ἐμαυτοῦ,

306 1792 482 1866 ὥσπερ
539 1791 590 1843 οἱ
645 1790 719 1854 εἰς
772 1790 997 1864 πέλαγος
1061 1789 1264 1865 ἀφιέναι
1323 1790 1607 1865 μέλλοντες,
1675 1788 1912 1844 ἀποσκο-

302 1883 470 1934 πεύων
534 1882 594 1934 τὸ
668 1879 868 1954 μέλλον.
946 1883 1013 1934 Οἱ
1078 1883 1168 1955 μὲν
1231 1882 1333 1957 γὰρ
1416 1880 1653 1944 πλέοντες
1713 1879 1912 1954 ἀνέμων

301 1972 581 2048 χρῄζουσι
619 1974 752 2046 πρὸς
791 1975 887 2032 τὴν
945 1971 1208 2044 εὔπλοιαν,
1265 1972 1415 2046 ἠμεῑς
1467 1968 1528 2024 δὲ
1581 1976 1674 2024 τοῦ
1731 1990 1913 2047 χειρα-

300 2065 635 2135 γωγήσοντος
699 2062 861 2136 ἡμᾶς,
927 2066 1019 2116 καὶ
1075 2060 1319 2135 ἀσφαλῶς
1377 2057 1470 2114 διὰ
1532 2068 1632 2114 τῶν
1670 2060 1913 2136 ἁλμυρῶν

299 2152 548 2224 κυμάτων
621 2158 716 2204 τοῦ
792 2149 916 2225 βίου
990 2150 1449 2227 παραπέμψοντος.
1506 2151 1730 2226 Χρῄξείν
1812 2152 1911 2224 γὰρ

2024 1259 2188 1303 nunc
2221 1249 2341 1306 vita
2368 1251 2615 1323 publica
2642 1267 2767 1309 non
2796 1251 3097 1309 distineor.
3127 1252 3488 1325 Quanquam
3519 1253 3689 1311 enim

2025 1337 2205 1393 corde
2232 1337 2395 1397 idem
2424 1357 2582 1414 sum,
2614 1359 2684 1399 ac
2735 1345 3001 1400 veterem
3042 1341 3356 1399 hominem
3402 1342 3681 1399 nondum

2024 1425 2195 1496 exui;
2223 1431 2429 1486 tamen
2474 1431 2614 1504 ipsa
2639 1431 2858 1505 specie,
2891 1431 3140 1505 etquod
3187 1431 3369 1501 longe
3401 1446 3437 1488 a
3486 1430 3690 1488 saeculi

2023 1517 2279 1586 negotiis
2325 1522 2708 1588 recesserim,
2736 1520 2950 1579 videor
2992 1521 3123 1594 jam
3168 1521 3305 1578 vitm
3350 1521 3689 1579 secundum

2025 1605 2324 1665 Christum
2352 1609 2513 1667 viam
2540 1611 2856 1683 ingressus
2884 1626 3040 1667 esse.
3091 1610 3280 1668 Sedeo
3308 1614 3511 1669 autem
3557 1626 3690 1668 me-

2023 1710 2162 1752 cum
2195 1697 2347 1771 ipse,
2375 1700 2541 1759 velut
2580 1701 2685 1776 qui
2714 1716 2849 1759 sese
2891 1701 3046 1760 mari
3089 1701 3476 1758 commissuri
3521 1704 3678 1773 sunt,

2020 1786 2397 1860 prospiciens
2424 1788 2717 1850 futurum.
2770 1795 2922 1849 Nam
2976 1791 3083 1865 qui
3120 1792 3432 1862 navigant,
3491 1792 3688 1849 ventis

2019 1875 2295 1947 indigent
2341 1879 2421 1936 ad
2449 1879 2683 1938 felicem
2714 1896 2960 1938 cursum
2984 1900 3002 1952 ;
3047 1880 3225 1940 nobis
3244 1896 3386 1938 vero
3411 1896 3566 1955 Opus
3596 1884 3689 1938 est

2020 1965 2127 2038 qui
2166 1981 2281 2024 nos
2313 1984 2504 2026 manu
2555 1969 2759 2039 ducat,
2794 1986 2863 2028 ac
2912 1974 3042 2028 tuto
3089 1986 3198 2046 per
3251 1986 3496 2029 amaros
3553 1971 3687 2028 vitae

2020 2053 2241 2111 ﬂuctus
2291 2058 2658 2116 transvehat.
2713 2062 2864 2116 Nam
2910 2058 3181 2129 indigere
3238 2076 3335 2116 me
3366 2059 3683 2134 perspicio,

2020 2144 2287 2218 primum
2340 2149 2588 2220 quidem
2654 2149 2823 2206 freno
2901 2150 3196 2207 adversus
3256 2149 3683 2223 juventutem;

300 2238 527 2314 ἐμαυτὸν
585 2239 872 2315 λογίζομαι
926 2250 1131 2315 πρῶτον
1188 2243 1278 2314 μὲν
1340 2241 1560 2313 χαλινοῦ
1616 2241 1748 2314 πρὸς
1818 2243 1913 2299 τὴν

2028 2235 2242 2293 deinde
2292 2239 2552 2295 stimulis
2582 2239 2661 2297 ad
2702 2239 2941 2314 pietatis
2984 2257 3249 2297 cursum.
3307 2244 3526 2298 Horum
3582 2256 3688 2299 au-

298 2334 538 2398 νεότητα,
598 2331 776 2382 ἔπειτα
813 2333 1035 2403 κέντρων
1089 2330 1202 2401 (25)
1260 2333 1391 2403 πρὸς
1430 2331 1519 2382 τὸν
1579 2326 1774 2403 δρόμον
1822 2336 1916 2390 τῆς

300 2417 581 2480 εὐσεϐείας.
641 2421 847 2472 Τούτων
900 2416 960 2473 δέ
1011 2419 1254 2494 πρόξενος
1308 2418 1457 2492 λόγος
1507 2416 1771 2487 δηλονοτι,
1824 2425 1914 2471 νῦν

305 2512 392 2581 μὶν
433 2505 796 2582 παιδαγωγῶν
824 2510 974 2585 ἡμῶν
1020 2512 1080 2562 τὸ
1112 2510 1359 2578 ἄτακτον,
1385 2516 1474 2563 νῦν
1527 2505 1587 2562 δὲ
1615 2511 1673 2562 τὸ
1720 2509 1915 2585 νωθρὸν

305 2605 397 2659 τῆς
456 2598 640 2672 ψυχῆς
692 2594 982 2673 διεγείρων.
1054 2600 1214 2653 Πάλιν
1271 2619 1362 2673 μοι
1415 2602 1576 2675 χρεία
1631 2598 1915 2675 φαρμάκων

305 2686 505 2763 ἐτέρων,
562 2689 695 2742 ὥστε
755 2691 842 2741 τὸν
901 2687 955 2741 ἐκ
1010 2696 1103 2751 τῆς
1171 2690 1450 2750 συνηθείας
1514 2687 1915 2742 ἀποπλύνασθαι

305 2776 491 2851 ῥύπον.
549 2772 708 2839 Οἶδας
760 2779 885 2850 γὰρ,
941 2778 1022 2832 ὅτι
1068 2779 1241 2851 ἡμεῖς,
1275 2778 1323 2830 οἰ
1368 2777 1530 2831 πολὺν
1578 2780 1770 2850 χρόνον
1824 2775 1908 2829 ὲν-

308 2866 679 2940 εθισθὲντεςτῇ
710 2865 899 2942 ἀγορᾷ,
932 2862 1159 2939 ἀφειδῶς
1211 2869 1302 2941 μὲν
1350 2869 1539 2941 ἔχομεν
1594 2874 1696 2919 τῶν
1734 2867 1915 2942 ῥημά-

308 2974 430 3027 των,
465 2954 764 3028 ἀφυλάκτως
795 2952 856 3010 δὲ
891 2960 1021 3032 πρὸς
1067 2958 1163 3020 τὰς
1213 2955 1263 3010 ὶν
1301 2964 1382 3031 τῇΔ
1408 2953 1621 3030 διανοίᾳ
1672 2975 1915 3010 συνιστα-

306 3048 458 3118 μένας
520 3045 574 3099 in:
638 3054 734 3100 τοῦ
788 3054 1021 3120 πονηροῦ
1084 3046 1199 3119 (26)
1264 3050 1577 3120 φαντασίας.
1618 3045 1917 3119 ’Πττήμεθα

304 3131 364 3189 δὲ
435 3141 525 3189 καὶ
589 3144 764 3210 τιμῆς,
816 3141 907 3190 καὶ
966 3139 1024 3191 τὸ
1078 3135 1152 3210 ἐφ’
1210 3136 1417 3200 ἑαυτοῖς
1490 3156 1542 3189 τι
1599 3142 1797 3212 φρονεῖν
1855 3136 1915 3189 οὐ

295 3221 523 3300 ῥᾳδίωςη
553 3225 925 3299 ἀποτιθέμεθα.
986 3228 1127 3303 Πρὸς
1181 3233 1353 3280 ταῦτα
1403 3226 1629 3300 μεγάλου
1675 3246 1766 3299 μοι
1806 3222 1915 3279 δεῖν

295 3319 387 3368 καὶ
437 3313 685 3391 ἐμπείρου
739 3315 1021 3390 λογίζὸμαι
1085 3311 1442 3370 διδασκάλου.
1483 3314 1702 3369 Ἔπειτα
1739 3319 1915 3389 μέντοι

293 3408 384 3458 καὶ
436 3406 525 3457 τὸν
581 3404 844 3479 ὀφθαλμὸν
897 3413 990 3467 τῆς
1016 3405 1206 3478 ψυχῆς
1265 3404 1720 3480 ἀποκαθαρθῆναι,
1781 3407 1916 3458 ὥστε

292 3500 467 3549 πᾶσαν
510 3500 606 3553 τήν
656 3494 758 3548 ἀπὸ
795 3502 893 3558 τῆς
923 3494 1137 3569 ἀγνοίας
1166 3494 1536 3562 ἐπισκότησιν,
1578 3496 1738 3548 οἱονεί
1796 3514 1916 3548 τινα

292 3583 480 3657 λήμην,
522 3582 880 3659 ἀφαιρεθέντα,
942 3581 1208 3638 δύνασθαι
1270 3583 1572 3646 ἔνατενίζειν
1623 3591 1694 3655 τῷ
1742 3583 1916 3637 κάλλει

296 3680 391 3735 τῆς
431 3671 592 3737 δόξης
636 3682 730 3728 τοῦ
771 3681 925 3742 Θεοῦ,
958 3674 1016 3726 οὐ
1064 3680 1255 3750 μικροῦ
1286 3676 1440 3749 ἔργον
1471 3678 1651 3748 κρίνω,
1694 3670 1811 3727 οὐδ’
1838 3673 1918 3727 ἐπ’

295 3762 469 3835 ὀλίγον
513 3768 608 3822 τὴν
659 3763 901 3837 ὠφέλειαν
932 3768 1116 3839 φέρειν.
1149 3762 1213 3817 ⁴Α
1253 3768 1343 3816 καὶ
1379 3768 1476 3824 τὴν
1508 3767 1607 3823 σὴν
1635 3762 1918 3837 λογιότητα

298 3858 544 3929 συνορᾷν,
587 3857 681 3907 καὶ
729 3851 997 3927 ἐπιθυμεῖν
1037 3852 1270 3929 ὑπάρξαι
1315 3855 1434 3906 τινὰ
1472 3852 1544 3915 εἰς
1589 3856 1783 3913 ταύτην
1822 3857 1917 3913 τὴν

299 3938 551 4014 βοήθειαν
583 3940 815 4017 ἀκριϐῶς
859 3938 1150 4017 ἐπίσταμαι
1199 3943 1311 4015 (27)
1345 3963 1359 3976 ·
1417 3945 1507 3996 καὶ
1537 3940 1624 3999 ἐάν
1659 3961 1786 3996 ποτε
1837 3939 1917 4014 δῷ

294 4031 321 4083 ὁ
379 4034 507 4094 Θεὸς
563 4032 634 4095 εἰς
691 4035 882 4086 ταυτὸν
942 4031 1224 4105 ἀφικέσθαι
1287 4039 1350 4105 τῇ
1415 4036 1734 4106 κοσμιότητι
1798 4051 1915 4104 σου,

300 4117 544 4179 δηλονότι
600 4122 819 4176 πλοίονα
870 4124 1186 4197 μαθήσομαι
1235 4123 1364 4195 ὑπὲρ
1409 4122 1478 4174 ὧν
1527 4123 1817 4197 φροντίζειν
1856 4140 1921 4196 με

294 4215 438 4285 χρὴ.
510 4218 621 4265 Νῦν
680 4214 781 4289 γὰρ
822 4213 923 4266 ὑπὸ
978 4211 1171 4272 πολλῆς
1230 4210 1463 4285 ἀμαθίας
1500 4207 1624 4266 οὗδὶ
1663 4213 1799 4265 ὅσων
1842 4211 1919 4265 ἕν-

298 4295 424 4363 δεής
456 4303 569 4370 (28)
602 4300 709 4374 εἰμι
748 4300 1020 4375 γνωρίζειν
1075 4296 1310 4373 δύναμαι
1342 4315 1356 4332 ⁸
1393 4299 1522 4358 πλήν
1548 4319 1609 4372 γε
1658 4298 1741 4353 ὃτι
1767 4297 1921 4353 οὐδὶν

298 4390 616 4462 μετεμέλησέ
675 4408 770 4464 μοι
843 4398 965 4453 τῆς
999 4395 1210 4466 πρώτης
1277 4391 1472 4466 ὁρμῆς,
1530 4387 1649 4442 οὔτε
1708 4388 1919 4452 ὀκλάζει

298 4497 401 4552 μου
447 4480 479 4537 ἠ
519 4479 673 4553 ψυχὴ
721 4481 848 4556 πρὸς
883 4483 969 4533 τὸν
1002 4482 1199 4533 σκοπὸν
1257 4486 1351 4533 τοῦ
1403 4482 1541 4533 κατὰ
1580 4482 1711 4533 Θεὸν
1770 4478 1916 4553 βίου,

298 4568 424 4640 ὅπερ
495 4569 789 4640 ὴγωνίασας
846 4568 923 4623 ἐπ’
977 4569 1111 4643 ἐμοὶ,
1153 4567 1323 4629 καλῶς
1392 4573 1482 4620 καὶ
1547 4571 1918 4641 προσηκόντως

295 4656 465 4729 ἑαυτῷ
492 4667 674 4727 ποιῶν,
707 4664 930 4732 μήποτε,
984 4664 1231 4733 στραφεις
1270 4657 1341 4720 εἰς
1388 4659 1457 4711 τά
1500 4655 1688 4725 ὀπίσω,
1752 4658 1913 4717 στήλη

292 4751 525 4821 γένωμαι
582 4747 719 4818 ἁλὸς,
782 4749 905 4825 ὅπερ
962 4752 1094 4821 γυνὴ
1150 4768 1226 4810 τις
1268 4748 1472 4819 ἔπαθεν,
1514 4748 1687 4822 ὥσπερ
1719 4745 1912 4800 ἀκούω·

367 4872 415 4908 ²⁶
442 4872 587 4930 Gen.
620 4888 743 4943 xu,
774 4875 866 4930 26.

369 5013 482 5087 (23)
517 5013 796 5088 Ἐμαυτὸν.
826 5017 991 5077 Hanc
1030 5031 1243 5077 vocem
1289 5013 1639 5075 addidimus
1682 5030 1756 5075 ex
1799 5031 1908 5077 no-

297 5099 432 5141 vem
460 5104 610 5143 mss.
1082 5112 1086 5117 ο

310 5156 483 5232 Δ,(24)
515 5166 623 5232 Τῆς
672 5154 822 5217 ὀδοῦ.
875 5157 1095 5227 Regius
1125 5157 1379 5232 quidam
1421 5175 1539 5232 ms.
1571 5165 1664 5211 τοῦ
1719 5155 1905 5232 οὐδοῦ,

301 5227 479 5303 limen
513 5231 858 5303 ingressus:
911 5227 1355 5303 quaeq—[iidem
1405 5229 1701 5303 scriptura
1729 5231 1907 5303 valde

295 5300 664 5375 arrideret’,si
687 5300 961 5359 faverent
981 5300 1088 5375 alii
1108 5300 1367 5375 codices,
1395 5305 1503 5375 aut
1520 5300 1730 5375 vitium
1751 5301 1908 5375 ines-

297 5374 384 5427 set
410 5371 661 5458 vulgato
692 5372 1015 5435 contextui.
1049 5371 1237 5433 Paulo
1279 5377 1419 5448 post
1465 5371 1640 5431 Cois].
1672 5372 1906 5446 primus

302 5461 564 5496 σκοπευων
573 5487 587 5502 ,

370 5463 587 5502 οπευων,

505 5520 759 5598 Κέντρων.
777 5512 1071 5598 _Quatuor
1099 5531 1248 5598 mss.
1296 5518 1527 5597 κέντρου.
1553 5514 1737 5598 Paulo
1765 5519 1904 5598 post

463 5583 741 5668 ).é«yo;'n_g.
777 5586 999 5668 Vocula
1019 5586 1186 5668 deest
1209 5586 1271 5668 i_n
1302 5583 1571 5668 quinque
1599 5583 1901 5647 veteribus

292 5655 485 5733 libris,
528 5655 656 5716 non
683 5661 886 5717 tamen
915 5658 978 5715 in
1005 5655 1469 5731 antiquissimis,

2024 2330 2145 2382 tem
2172 2328 2543 2386 conciliatrix
2563 2330 2717 2387 ratio
2745 2330 3045 2397 videlicet,
3073 2346 3237 2387 nunc
3262 2329 3510 2404 quidem
3540 2335 3689 2389 tem-

2022 2430 2242 2487 perans
2264 2417 2429 2490 quod
2446 2417 2507 2474 in
2532 2418 2709 2475 nobis
2729 2419 3202 2493 incompositum
3225 2424 3511 2491 est,nunc
3540 2435 3684 2477 vero

2023 2508 2243 2562 animae
2287 2507 2591 2580 pigritiam
2622 2508 2915 2566 excitans.
2957 2511 3185 2566 Rursus
3217 2509 3462 2581 indigeo
3488 2525 3686 2566 reme-

2022 2593 2137 2650 diis
2168 2595 2318 2664 aliis,
2356 2601 2422 2653 ut
2469 2597 2678 2655 sordes
2721 2614 2794 2654 ex
2849 2598 3287 2656 consuetudine
3346 2602 3686 2656 contractas

2022 2687 2246 2740 eluam.
2282 2685 2407 2743 Scis
2438 2686 2601 2743 enim
2623 2703 2757 2759 nos,
2790 2686 2895 2761 qui
2923 2688 3027 2744 diu
3054 2687 3186 2746 foro
3213 2687 3534 2745 assuefacti
3563 2688 3684 2744 fui-

2021 2788 2183 2841 mus,
2238 2788 2350 2830 nec
2385 2790 2602 2848 parcos
2633 2789 2767 2832 esse
2814 2776 3164 2847 verborum,
3196 2792 3307 2834 nec
3329 2782 3539 2834 cautos
3579 2776 3684 2833 ad-

2021 2878 2232 2919 versus
2279 2879 2402 2936 eas,
2434 2881 2572 2938 quae
2625 2867 2687 2923 in
2734 2870 2934 2924 mente
2963 2866 3298 2923 excitantur
3322 2882 3359 2924 a
3396 2865 3682 2941 maligno,

2023 2952 2437 3023 cogitationes.
2468 2955 2778 3013 Vincimur
2823 2961 3026 3014 autem
3056 2960 3113 3013 et
3153 2956 3406 3028 honore,
3460 2973 3571 3013 nec
3600 2956 3687 3015 fa-

2024 3040 2133 3098 cile
2171 3042 2247 3099 de
2275 3043 2453 3100 nobis
2501 3044 2647 3118 ipsis
2695 3045 2905 3117 magni
2936 3045 3168 3119 aliquid
3199 3046 3421 3103 sentire
3464 3044 3685 3103 desini-

2024 3147 2182 3188 mus.
2224 3133 2523 3191 Adversus
2575 3135 2707 3192 haec
2758 3150 2987 3207 magno
3026 3134 3177 3192 mihi
3233 3151 3390 3209 opus
3450 3151 3581 3192 esse
3628 3140 3687 3193 et

2022 3221 2216 3294 perito
2260 3221 2521 3279 arbitror
2549 3223 2861 3294 magistro.
2909 3224 3134 3281 Deinde
3177 3240 3319 3281 vero
3362 3221 3686 3297 expurgari

2025 3311 2206 3367 etiam
2250 3312 2470 3369 animae
2528 3313 2785 3382 oculum,
2840 3317 2907 3370 ut
2961 3313 3249 3371 omnibus
3287 3313 3686 3386 ignorationis

2026 3400 2288 3456 tenebris
2335 3403 2509 3474 quasi
2552 3403 2914 3477 lippitudine
2963 3403 3167 3476 aliqua
3215 3402 3524 3474 liberatus,
3560 3403 3685 3460 ﬂxo

2024 3489 2243 3547 intuitu
2281 3491 2790 3564 pulchritudinem
2828 3493 3163 3565 majestatis
3203 3494 3303 3549 Dei
3335 3493 3685 3566 conspicere

1958 3590 1999 3646 α
2027 3579 2237 3653 possit,
2268 3596 2390 3636 non
2421 3582 2592 3653 parvi
2629 3581 2857 3639 laboris
2881 3598 3011 3639 esse
3045 3597 3199 3655 reor,
3223 3598 3423 3656 neque
3475 3598 3687 3656 parum

2029 3669 2240 3725 aﬂerre
2281 3669 2566 3727 utilitatis.
2619 3674 2811 3744 Atque
2867 3672 2993 3728 haec
3030 3675 3196 3728 tuam
3245 3686 3490 3745 quoque
3541 3686 3686 3744 pru-

2028 3757 2291 3815 dentiam
2338 3760 2699 3833 perspicere,
2755 3776 2826 3818 ac
2872 3766 3082 3834 optare
3127 3764 3195 3817 ut
3250 3760 3467 3833 aliquis
3513 3758 3689 3816 detur

2030 3848 2110 3905 ad
2138 3863 2275 3905 eam
2312 3865 2441 3905 rem
2490 3849 2752 3922 adjutor,
2797 3850 3179 3924 exploratum
3222 3849 3420 3906 habeo
3454 3866 3468 3905 :
3513 3864 3584 3906 ac
3636 3849 3685 3905 si

2030 3938 2185 3993 Deus
2206 3937 2538 4010 aliquando
2575 3938 2828 4003 dederit,
2861 3943 2928 3995 ut
2951 3943 3120 3995 tuam
3148 3938 3500 4008 dignitatem
3539 3952 3685 3995 con-

2027 4026 2291 4098 veniam,
2324 4026 2500 4099 plura
2531 4032 2687 4083 certe
2708 4026 2783 4083 de
2807 4027 3033 4101 quibus
3062 4026 3381 4084 sollicitum
3414 4041 3512 4084 me
3554 4042 3686 4084 esse

2029 4130 2141 4188 par
2166 4120 2279 4186 est,
2310 4116 2600 4175 ediscam.
2632 4120 2801 4175 Nunc
2847 4117 3029 4188 enim,
3067 4116 3246 4190 240
3268 4132 3405 4191 quia
3438 4133 3575 4174 mea
3595 4107 3687 4174 est

2027 4203 2347 4279 imperitia,
2369 4211 2519 4279 quot
2543 4211 2599 4262 et
2622 4206 2865 4280 quantis
2889 4206 3195 4278 indigeam
3218 4223 3292 4262 ne
3318 4220 3685 4278 cognoscere

2029 4295 2275 4367 quidem
2323 4310 2615 4369 possum;
2673 4295 2778 4351 sed
2816 4299 3024 4353 tamen
3071 4310 3170 4353 me
3220 4295 3402 4368 primi
3429 4299 3685 4351 conatus

2029 4397 2153 4439 non
2193 4383 2462 4457 panitet,
2517 4400 2717 4457 neque
2771 4382 2939 4442 labat
2986 4389 3043 4441 et
3092 4384 3330 4442 vacillat
3378 4383 3584 4441 anima
3622 4382 3685 4439 in

2028 4474 2359 4545 propositio
2395 4473 2639 4530 vivendi
2669 4474 3007 4530 secundum
3036 4476 3254 4540 Deum;
3294 4472 3461 4546 quod
3480 4472 3684 4544 ipsum

2030 4562 2177 4618 mihi
2233 4562 2500 4630 timuisti,
2551 4561 2836 4635 praeclare
2865 4566 3042 4635 teque
3093 4561 3277 4633 digne
3313 4560 3563 4630 faciens,
3606 4576 3684 4617 ne

2029 4665 2355 4707 conversus
2404 4656 2754 4717 retrorsum,
2805 4649 2948 4707 salis
2999 4653 3198 4707 statua
3243 4649 3474 4719 ﬁerem,
3515 4650 3683 4722 quod

2026 4740 2263 4797 mulieri
2291 4740 2536 4798 cuidam
2562 4739 2883 4811 contigisse
2914 4738 3097 4796 audio
3116 4739 3184 4794 ²⁶.
3219 4738 3332 4796 Sed
3354 4738 3555 4795 adhuc
3584 4754 3683 4796 me

2094 5012 2206 5085 (26)
2234 5011 2322 5085 Ἐκ
2346 5016 2442 5085 τοῦ
2472 5015 2722 5085 πονηροῦ.
2766 5007 3233 5085 Quinque__mss.
3274 5005 3331 5065 ἐκ
3377 5014 3474 5077 τῆς
3521 5027 3680 5085 πονη-

2019 5080 2155 5159 ρίοὲς.
2189 5080 2796 5159 sed_Co_isl,_pi_'imus
2843 5080 3252 5159 et‘Mediceeus
3297 5081 3684 5159 consentiunt

2020 5151 2159 5228 cum
2190 5152 2388 5228 editis._
2412 5156 2475 5208 In
2492 5151 2810 5228 liarlaeano
2831 5155 3033 5210 autem
3063 5152 3270 5209 codice
3303 5168 3428 5210 non
3457 5151 3678 5228 reperi-

2019 5230 2115 5297 tur
2135 5225 2269 5297 haec
2296 5223 2570 5297 epistola.

2092 5296 2204 5369 (27)
2261 5295 2601 5370 Ἐπίσταμαι.
2651 5295 2802 5357 Med.
2852 5300 2909 5354 et
2977 5295 3149 5357 Cois].
3213 5296 3446 5373 primus
3500 5297 3681 5351 πίπει-

2020 5387 2171 5423 cum.

2055 5390 2171 5441 μαι.

2087 5440 2197 5528 (28)
2235 5435 2651 5528 :00mv'iv’5‘tri5.‘
2671 5438 2849 5528 (Coisll‘.
2880 5439 3133 5528 prisz
3156 5443 3212 5528 et
3235 5436 3491 5528 quidam
3533 5437 3675 5508 Reg.

2015 5506 2136 5565 ὅσον
2176 5506 2378 5574 ἐνδεής.
2410 5512 2571 5568 Infra
2593 5511 2755 5568 idem
2796 5506 2969 5568 Coisl.
3001 5516 3057 5568 et
3080 5510 3230 5569 Med.
3253 5506 3326 5571 ὣς
3364 5506 3555 5564 ἀκούω.

2085 5585 2107 5607 ⁸
2132 5583 2294 5644 Alias
2323 5584 2614 5642 CCCXCII.
2648 5583 2882 5658 Scripta
2908 5598 3072 5642 anno
3104 5586 3228 5641 373.
