4152 6422
419 317 525 373 603

1803 319 1864 374 S.
1902 317 1987 372 BA
1998 312 2154 373 SlLlI
2192 307 2410 372 MAGNI

3687 322 3795 378 604

417 442 702 499 cohibent
751 446 1011 500 externas
1058 448 1405 517 potestates,
1452 445 1629 518 quasi
1685 441 2071 513 magistratus

2205 438 2324 490 Αλλ’
2353 443 2429 493 ἔτι
2483 446 2573 515 μέν
2604 462 2668 516 με
2705 448 2796 496 καὶ
2849 444 2904 496 αἱ
2961 443 3144 507 ἔξωθεν
3175 441 3343 519 ἀρχαὶ
3400 443 3793 514 συστέλλουσιν,

417 531 786 590 desertorem
818 533 1082 606 aliquem
1104 540 1441 607 reposcant.
1476 536 1704 591 Detinet
1745 537 1946 590 autem
1976 545 2074 586 me

418 622 684 679 maxime
715 639 920 679 meum
965 624 1154 696 ipsius
1185 642 1309 692 cor,
1341 641 1549 681 eorum
1599 641 1734 697 qua:
1780 622 1904 678 dixi
1961 619 2075 676 sibi

419 713 749 770 conscium.

491 805 542 858 2.
579 802 879 868 Quoniam
912 807 1114 859 autem
1157 805 1484 861 meministi
1534 807 1872 877 pactorum,
1902 805 2078 874 teque

420 889 789 947 denuntiasti
821 898 1272 963 accusaturum,
1308 894 1454 950 mihi
1479 894 1543 949 in
1566 893 1684 948 hac
1716 907 1859 949 mea
1905 889 2080 945 tristi-

422 980 503 1035 tia
529 980 714 1036 risum
745 982 1008 1046 movisti,
1045 983 1209 1055 quod
1239 984 1571 1039 etiamnum
1593 983 1796 1038 rhetor
1826 981 1929 1049 sis,
1969 994 2081 1035 nec

423 1085 459 1124 a
499 1070 709 1126 timore
763 1073 1111 1128 incutiendo
1162 1072 1460 1130 discedas.
1516 1076 1638 1143 Ego
1685 1086 1954 1143 namque
1998 1069 2082 1124 ita

421 1159 720 1230 existimo,
764 1162 879 1217 nisi
931 1163 1182 1220 omnino
1234 1168 1298 1220 ut
1353 1163 1668 1236 imperitus
1723 1161 2000 1218 aberrem
2047 1173 2084 1214 a

420 1247 686 1319 veritate,
740 1266 928 1307 unam
985 1267 1116 1308 esse
1145 1253 1308 1309 viam
1359 1253 1439 1309 ad
1488 1252 1814 1309 Dominum
1865 1249 2086 1304 ducen-

421 1341 565 1403 tem,
619 1343 676 1395 et
739 1339 1089 1414 quicunque
1130 1341 1210 1397 ad
1261 1341 1461 1415 ipsum
1521 1345 1802 1414 pergunt,
1854 1337 2084 1394 itineris

421 1426 695 1498 ejusdem
736 1445 866 1486 esse
894 1430 1112 1501 socios,
1167 1437 1224 1488 et
1253 1432 1468 1488 eodem
1512 1431 1650 1487 vitae
1695 1429 1917 1486 foedere
1945 1442 2084 1501 pro-

424 1516 614 1587 gredi.
665 1519 860 1584 Quare
907 1536 1032 1593 quo
1085 1520 1297 1577 abiens
1332 1521 1598 1595 separari
1651 1525 1771 1577 ate
1811 1533 2084 1592 possum,

422 1621 500 1664 ne
548 1611 749 1664 tecum
813 1609 994 1666 simul
1042 1611 1263 1682 vivere,
1314 1617 1372 1669 et
1422 1617 1622 1669 tecum
1671 1611 1893 1666 servire
1943 1611 2081 1678 Deo,

425 1697 506 1754 ad
526 1713 710 1769 quem
729 1699 912 1755 simul
939 1702 1364 1772 confugimus?
1397 1705 1662 1774 Corpora
1689 1700 1850 1757 enim
1879 1701 2088 1754 nostra

2186 529 2359 605 ὥσπερ
2428 530 2772 591 λειποτάκτην
2829 535 2947 586 τινὰ
3002 541 3102 585 τῶν
3161 532 3430 606 ἀρχόντων
3479 533 3798 597 ἀναζητούν-

2184 636 2284 669 των
2338 622 2452 690 (29)
2479 637 2495 654 °
2542 620 2723 694 ἐπέχει
2775 619 2833 675 δέ
2863 642 2926 695 με
2969 622 3198 696 μάλιστα
3236 625 3265 681 ἡ
3309 621 3435 696 ἐμοῦ
3466 623 3626 676 αὐτοῦ
3663 643 3797 699 καρ-

2186 703 2300 777 δία,
2326 707 2490 763 ἐκεῖνα
2516 721 2860 788 μαρτυροῦσα
2900 713 3056 787 ἑαυτῇ
3091 714 3219 788 ἁπερ
3245 717 3448 790 εἴρηκα.

2259 803 2317 854 2.
2369 798 2577 859 Ἐπειδὴ
2635 798 2695 855 δε
2753 805 3024 861 συνθηκῶν
3088 802 3373 876 ἐμνήσθης,
3418 808 3508 857 καὶ
3563 824 3798 878 κατηγο-

2185 896 2292 960 ρεῖν
2355 888 2664 963 ἑπηγγείλω,
2715 892 2938 964 γελάσαι
2994 913 3057 966 με
3123 891 3374 956 ἐποίησας
3415 893 3464 947 ἑν
3514 897 3677 968 ταύτῃ
3731 902 3796 968 τῇ

2188 983 2446 1051 κατηφείᾳ
2496 999 2622 1052 μου,
2662 982 2742 1033 ὃτι
2795 983 2870 1034 ἔτι
2915 983 3087 1056 ῥήτωρ
3143 979 3206 1054 εἴ,
3245 987 3457 1046 καὶτῆς
3499 979 3801 1047 δεινότητος
3844 976 3855 985 ’

2191 1068 2284 1120 οὐκ
2339 1066 2654 1138 ἀφίστασαι.
2697 1075 2828 1143 Ἐγὼ
2885 1073 2988 1146 γὰρ
3028 1071 3164 1124 οὕτω
3221 1075 3418 1145 νομίζω
3468 1075 3600 1144 (30),
3642 1073 3687 1125 εἰ
3723 1076 3797 1146 μὴ

2190 1159 2358 1215 πάντη
2409 1159 2480 1221 ὡς
2536 1157 2758 1232 ἀμαθὴς
2803 1155 3144 1236 διαμαρτάνω
3204 1169 3301 1223 τῆς
3353 1159 3614 1230 ἀληθείας,
3673 1167 3802 1234 μίαν

2193 1248 2322 1298 εἶναι
2383 1243 2507 1299 ὁδόν
2559 1252 2647 1306 τὴν
2711 1251 2841 1322 πρὸς
2899 1252 3088 1324 Κύριον
3149 1251 3406 1322 ἄγουσαν,
3451 1255 3542 1303 καί
3605 1252 3805 1312 πάντας

2193 1339 2309 1396 τούς
2364 1340 2494 1409 πρὸς
2551 1337 2706 1390 αὐτόν
2760 1343 3135 1412 πορευομένους
3192 1336 3488 1392 συνοδεύειν
3543 1338 3801 1407 ἀλληλοις,

2193 1427 2283 1475 καὶ
2329 1443 2464 1476 κατα
2491 1429 2615 1498 μίαν
2657 1428 2921 1486 συνθήκην
2960 1437 3052 1481 τοῦ
3093 1427 3216 1501 βιου
3265 1430 3601 1502 πορεύεσθαι.
3641 1426 3806 1480 Ὠστε

2195 1520 2295 1564 που
2337 1512 2566 1567 ἀπελθὼν
2617 1519 2955 1590 χωρισθῆναί
3005 1537 3100 1571 σου
3133 1515 3386 1591 δύναμαι,
3417 1522 3506 1570 καὶ
3561 1521 3632 1590 μὴ
3675 1519 3810 1590 μετά

2199 1609 2293 1654 σοῦ
2326 1603 2441 1675 ζῇν,
2474 1609 2564 1657 καὶ
2593 1608 2727 1678 μετὰ
2776 1614 2870 1658 σοῦ
2911 1602 3174 1660 δουλεύειν
3232 1615 3366 1678 Θεῷ,
3400 1607 3440 1678 ᾧ
3465 1614 3610 1680 κοινῇ
3643 1625 3809 1681 προσ-

2197 1695 2482 1764 εφύγομεν;
2527 1698 2603 1748 Τὰ
2648 1700 2739 1768 μεν
2803 1699 2905 1772 γὰρ
2973 1702 3191 1771 σώματα
3241 1699 3388 1770 ἡμῶν
3451 1701 3631 1758 τόποις
3687 1692 3809 1749 δια-

423 1785 574 1842 locis
602 1787 1062 1860 disjungentur;
1096 1791 1204 1848 sed
1234 1791 1502 1864 profecto
1553 1791 1653 1848 Dei
1701 1789 1912 1847 oculus
1961 1803 2086 1844 am-

2199 1783 2520 1839 σταθήσεται
2551 1801 2564 1813 ·
2598 1785 2624 1837 ό
2670 1782 2729 1838 δε
2784 1794 2876 1838 τοῦ
2907 1794 3040 1840 Θεοῦ
3089 1786 3353 1860 ὀφθαλμός
3384 1795 3528 1859 κοινῇ
3585 1783 3805 1859 ἀμφοτέ-

426 1875 541 1932 bos
573 1875 754 1933 simul
799 1879 1098 1947 intuetur;
1148 1880 1448 1954 siquidem
1478 1884 1536 1938 et
1571 1881 1694 1937 vita
1735 1895 1874 1936 mea
1901 1877 2086 1950 digna

425 1963 626 2032 fuerit,
675 1981 814 2038 quae
858 1982 894 2023 a
925 1967 1023 2024 Dei
1050 1968 1240 2024 oculis
1271 1969 1723 2042 conspiciatur;
1778 1967 1893 2024 hoc
1924 1966 2086 2022 enim

423 2051 544 2122 legi
571 2052 793 2110 alicubi
820 2055 883 2111 in
912 2055 1167 2112 Psalmis
1200 2073 1213 2112 :
1250 2058 1422 2114 Oculi
1480 2058 1725 2114 Domini
1757 2071 1936 2127 super
1979 2057 2086 2126 ju-

425 2143 634 2200 stas“.
667 2143 961 2217 Equidem
982 2146 1162 2219 cupio
1185 2151 1244 2203 et
1270 2147 1378 2204 tibi
1409 2152 1466 2204 et
1491 2147 1681 2203 cuivis
1725 2145 1824 2202 alii
1862 2160 2085 2218 propo-

425 2230 605 2287 situm
637 2235 738 2289 tuo
774 2233 965 2291 simile
993 2235 1244 2293 habenti
1273 2237 1456 2293 etiam
1485 2251 1740 2310 corpore
1773 2234 2085 2307 conjungi,

427 2324 485 2377 et
527 2325 665 2378 ante
709 2324 939 2380 Patrem
985 2330 1290 2394 nostrum,
1345 2327 1452 2399 qui
1482 2327 1544 2382 in
1586 2326 1750 2382 caelis
1791 2329 1905 2392 est,
1963 2328 2088 2381 tota

427 2415 602 2468 nocte
631 2427 702 2468 ac
732 2411 828 2468 die
855 2417 1055 2471 tecum
1075 2431 1275 2486 genua
1308 2416 1564 2484 ﬂectere,
1609 2421 1667 2472 et
1697 2415 1744 2471 si
1770 2414 1907 2488 quis
1935 2414 2088 2470 alius

431 2505 543 2572 est,
575 2501 681 2574 qui
707 2502 817 2558 rite
850 2505 1038 2561 Deum
1067 2505 1328 2563 invocet.
1361 2506 1504 2562 Novi
1525 2505 1688 2561 enim
1715 2504 2089 2562 communio-

430 2606 572 2646 nem
602 2590 664 2646 in
705 2592 987 2663 precibus
1033 2595 1291 2651 multum
1335 2594 1603 2651 utilitatis
1652 2593 1886 2652 afferre.
1917 2592 2090 2660 Quod

432 2680 481 2736 si
528 2680 764 2753 quoties
806 2683 952 2739 mihi
997 2685 1308 2755 contigerit
1339 2685 1400 2741 in
1449 2684 1686 2741 diverso
1733 2683 1957 2754 angulo
1995 2683 2087 2755 ja-

431 2770 590 2826 centi
612 2769 1027 2840 ingemiscere,
1054 2774 1441 2831 mendacium
1476 2790 1574 2830 me
1597 2774 1850 2830 omnino
1881 2788 2089 2845 seque-

432 2863 560 2926 tur;
593 2875 866 2932 pugnare
894 2878 1016 2918 non
1050 2879 1304 2935 possum
1359 2863 1651 2921 adversus
1679 2879 1752 2920 ea
1780 2879 1918 2936 quae
1960 2878 1997 2918 a
2033 2865 2090 2919 te

433 2946 592 3005 dicta
641 2954 800 3020 sunt,
824 2967 1042 3025 meque
1073 2953 1202 3026 ipse
1223 2957 1288 3010 ut
1319 2953 1676 3010 mendacem
1723 2952 2086 3021 condemno,

434 3036 487 3092 si
527 3037 676 3110 quid
705 3039 1009 3108 ejusmodi
1062 3041 1298 3098 locutus
1347 3059 1484 3098 sum
1523 3042 1860 3100 secundum
1895 3041 2090 3115 pristi-

2192 1889 2312 1943 ρους
2379 1869 2537 1946 ἐφορᾷ
2593 1869 2837 1933 δηλονότι
2868 1896 2880 1908 ·
2951 1879 3090 1950 εἴπερ
3129 1872 3218 1929 οὖν
3271 1876 3413 1940 ἄξιος
3468 1879 3559 1927 καὶ
3603 1877 3628 1927 ό
3687 1873 3810 1948 ἐμὸς

2195 1959 2313 2034 βίος
2379 1964 2480 2016 ὑπὸ
2544 1973 2644 2017 τῶν
2693 1965 2968 2039 ὀφθαλμῶν
3033 1974 3126 2020 τοῦ
3177 1973 3311 2020 Θεοῦ
3369 1964 3746 2019 ἑποπτεύεσθαι
3789 1963 3803 1977 ⁸

2196 2049 2414 2123 ἀνέγνων
2443 2055 2545 2130 γάρ
2600 2066 2702 2108 που
2749 2054 2798 2107 ἓν
2848 2055 3094 2129 Ψαλμοῖς,
3155 2057 3236 2108 ὅτι
3269 2055 3559 2129 Ὀφθαλμοὶ
3608 2057 3807 2130 Κυρίου

2193 2138 2278 2194 ἐπὶ
2331 2138 2590 2205 δικαίους.
2652 2145 2786 2216 Ἐγὼ
2837 2147 2928 2218 μὲν
2983 2148 3086 2222 γὰρ
3141 2148 3371 2218 εὔχομαι
3433 2148 3526 2198 καὶ
3581 2150 3667 2198 σοὶ
3715 2147 3809 2196 καὶ

2193 2235 2351 2283 παντὶ
2403 2240 2476 2303 τῷ
2527 2233 2910 2307 παραπλησίως
2966 2236 3080 2306 (3t)
3139 2254 3223 2288 σοι
3275 2238 3670 2311 προαιρουμένῳ
3715 2237 3810 2286 καὶ

2194 2328 2267 2391 τῷ
2342 2327 2550 2394 σώματι
2590 2331 2839 2390 συνεῖναι,
2895 2328 2985 2377 καὶ
3027 2331 3202 2377 πᾶσαν
3261 2326 3422 2377 νύκτα
3474 2329 3564 2376 καὶ
3612 2325 3811 2397 ἡμέραν

2194 2412 2327 2482 μετὰ
2382 2419 2478 2464 σοῦ
2534 2412 2720 2466 κλίνειν
2762 2417 2829 2467 τὰ
2877 2418 3076 2486 γόνατα
3129 2417 3261 2490 πρὸς
3306 2417 3395 2467 τόν
3425 2417 3630 2489 Πατέρα
3657 2413 3808 2484 ἡμῶν

2195 2503 2282 2551 τόν
2337 2498 2384 2551 ἐν
2433 2509 2543 2564 τοῖς
2602 2502 2858 2578 οὐρανοῖς,
2891 2508 2982 2556 καὶ
3012 2507 3055 2556 εἰ
3093 2524 3174 2566 τις
3212 2503 3365 2566 ἄλλος
3416 2502 3569 2566 ἀξίως
3616 2499 3808 2554 ἐπικα-

2194 2586 2433 2662 λούμενος
2464 2595 2549 2644 τόν
2609 2597 2736 2646 Θεόν
2761 2611 2775 2623 ο
2801 2591 2926 2647 οἶδα
2951 2597 3053 2670 γὰρ
3098 2598 3193 2653 τὴν
3245 2592 3294 2645 ἐν
3324 2601 3440 2657 ταῖς
3482 2597 3813 2669 προσευχαῖς

2196 2686 2465 2735 κοινωνίαν
2539 2682 2670 2736 πολύ
2719 2703 2775 2737 το
2835 2681 3022 2760 κέρδος
3067 2689 3323 2760 φέρουσαν
3369 2683 3486 2755 (32)
3518 2698 3532 2714 ⁸
3587 2681 3670 2734 ἐὰν
3729 2677 3810 2734 δι’

2197 2772 2384 2832 ὅσάκις
2440 2773 2644 2847 ὑπάρξῃ
2677 2793 2766 2828 μοι
2818 2776 2867 2826 ἓν
2900 2770 3136 2849 διαφόρῳ
3193 2769 3425 2846 γωνιδίῳ
3456 2771 3570 2844 (33)
3618 2769 3812 2845 παρερ-

2196 2860 2427 2933 ριμμένῳ
2455 2862 2742 2931 στενάζειν,
2772 2861 3121 2923 ἀκολουθήσει
3177 2883 3269 2937 μοι
3323 2865 3524 2923 πάντως
3580 2864 3638 2913 τὸ
3677 2859 3813 2932 Ψεύ-

2201 2945 2410 3018 δεσθαι,
2442 2953 2719 3024 μάχεσθαι
2765 2955 2855 3026 μεν
2894 2954 3005 3025 (34)
3033 2956 3162 3029 πρὸς
3215 2955 3301 3005 τόν
3356 2951 3504 3024 λόγον
3535 2950 3630 3004 οὐκ
3679 2952 3811 3021 ἔχω,

2197 3035 2306 3098 ἤδη
2363 3035 2423 3092 δε
2469 3043 2538 3102 ὡς
2579 3041 2812 3113 ψεύστου
2845 3042 3067 3116 ἐμαυτὸν
3121 3047 3439 3115 κατακρίνω,
3471 3045 3592 3094 εἴτι
3634 3045 3816 3092 τοιοῦ-

429 3141 565 3182 nam
595 3126 1077 3202 indiﬂ‘erentiam,
1121 3131 1289 3204 quod
1338 3147 1438 3188 me
1494 3131 1795 3189 mendacii
1840 3131 2088 3188 crimine

2198 3147 2283 3181 τον
2335 3131 2472 3182 κατὰ
2521 3134 2617 3188 τὴν
2665 3131 2889 3184 παλαιὰν
2915 3128 3229 3204 ἀδιαφορίαν
3283 3129 3629 3203 ἐφθεγξάμην,
3680 3129 3706 3181 ὃ
3751 3149 3818 3200 με

431 3216 783 3290 obstringat.

503 3310 556 3363 3.
608 3307 938 3381 Postquam
989 3326 1181 3384 prope
1229 3315 1566 3369 Caesaream
1604 3311 1761 3383 veni,
1802 3315 1867 3368 ut
1885 3326 2088 3368 rerum

433 3399 658 3453 statum
685 3397 1113 3471 perspicerem,
1160 3401 1223 3457 in
1250 3402 1385 3474 ipsa
1404 3402 1554 3458 urbe
1600 3401 1768 3458 nolui
1822 3417 2090 3458 commoo

432 3484 572 3557 rari,
607 3485 710 3542 sed
733 3486 814 3544 ad
840 3489 1188 3560 proximum
1227 3507 1569 3565 pauperum
1593 3491 1928 3565 hospitium
1951 3506 2091 3548 con-

431 3572 578 3645 fugi,
629 3579 695 3631 ut
717 3574 801 3632 ibi
825 3575 1122 3636 discerem
1159 3596 1294 3654 quas
1328 3580 1631 3638 volebam.
1675 3581 1898 3637 Deinde
1947 3595 2090 3637 cum

433 3679 506 3720 eo
534 3663 796 3723 venisset
822 3682 898 3723 ex
924 3684 1094 3726 more
1114 3670 1606 3742 religiosissimus
1631 3669 1976 3744 episcopus,
2003 3685 2093 3727 re-

434 3752 541 3811 tuli
569 3753 650 3810 ad
678 3771 819 3813 eum
843 3757 1067 3830 quibus
1091 3758 1166 3817 de
1214 3759 1397 3817 rebus
1453 3760 1851 3818 mandaverat
1896 3758 2094 3816 erudi-

433 3843 514 3902 tio
545 3848 669 3903 tua.
713 3847 856 3914 Quae
907 3852 1111 3907 autem
1147 3850 1478 3923 respondit,
1539 3867 1610 3908 ea
1653 3866 1765 3908 nec
1795 3849 2092 3908 memoria

431 3933 673 3991 retineri
699 3941 997 4009 poterant,
1030 3944 1089 3996 et
1112 3939 1382 4006 epistola:
1411 3941 1666 3998 modum
1697 3939 2086 4013 superabant.

436 4024 504 4080 In
533 4040 775 4084 summa
817 4031 1019 4085 autem
1043 4029 1120 4086 de
1148 4035 1506 4104 paupertate
1560 4031 1724 4088 hunc
1766 4031 1914 4088 dixit
1959 4045 2091 4087 esse

433 4110 710 4179 modum,
743 4118 810 4171 ut
834 4121 1100 4174 extrema
1119 4118 1324 4175 tunica
1353 4135 1528 4176 suam
1563 4119 1821 4193 quisque
1849 4134 2090 4193 posses-

437 4199 672 4258 sionem
715 4203 980 4262 deﬁniat.
1027 4210 1222 4280 Atque
1274 4223 1347 4266 ex
1378 4209 1698 4281 Evangelia
1748 4208 2088 4267 testimonia

436 4290 806 4350 exhibebat:
862 4311 1055 4353 unum
1092 4298 1342 4371 quidem
1389 4299 1640 4357 Joannis
1683 4298 1956 4373 Baptista:
2002 4297 2088 4356 di-

436 4381 626 4440 centis
653 4399 666 4438 :
696 4384 811 4452 Qui
839 4385 1018 4444 habet
1046 4387 1198 4445 duas
1223 4391 1583 4459 tunicas,det
1609 4406 1731 4448 non
1763 4389 2006 4447 habenti
2016 4390 2084 4447 28:

2197 3225 2269 3288 τῷ
2298 3221 2518 3292 κρίματι
2541 3226 2632 3272 τοῦ
2657 3216 2889 3291 ψεύδους
2919 3216 3174 3272 ὑπόδικον
3205 3221 3455 3291 καθιστᾷ.

2247 3311 2328 3384 *3.
2369 3311 2640 3380 Γενόμενος
2687 3305 2747 3362 δὲ
2800 3309 3024 3368 πλησίον
3057 3313 3397 3382 Καισαρείας,
3444 3310 3579 3362 ὥστε
3627 3308 3817 3380 γνωρί-

2201 3400 2293 3448 σαί
2322 3399 2388 3448 τὰ
2433 3400 2741 3471 πράγματα,
2797 3403 2888 3451 καὶ
2926 3398 3056 3472 αὐτῇ
3089 3397 3405 3474 παραϐαλεῖν
3434 3405 3496 3470 τῇ
3531 3395 3678 3450 πόλει
3729 3397 3806 3468 μὴ

2200 3484 2579 3560 ἀνασχόμενος,
2633 3497 2704 3560 τῷ
2757 3487 2979 3547 πλησίον
3006 3493 3332 3565 προσέφυγον
3374 3489 3811 3561 πτωχοτροφείῳ,

2200 3577 2337 3629 ὥστε
2409 3574 2513 3629 ἐκεῖ
2574 3579 2758 3650 μαθεῖν
2829 3583 2949 3652 περὶ
3003 3578 3071 3630 ὧν
3119 3577 3422 3652 ἐϐουλόμην.
3491 3573 3620 3630 Εἶτα
3673 3574 3815 3627 κατά

2202 3667 2480 3725 συνήθειαν
2536 3663 2930 3742 ἐπιδημήσαντι
2993 3675 3065 3740 τῷ
3130 3666 3502 3741 θεοφιλεστάτῳ
3542 3664 3813 3737 ἔπισκόπῳ

2202 3753 2461 3829 ἀνήνεγκα
2514 3761 2635 3832 περὶ
2699 3757 2766 3809 ὧν
2823 3755 3058 3820 ἐπέταξεν
3114 3757 3230 3828 (35)
3286 3759 3410 3830 ἡμῖν
3475 3757 3506 3815 ἡ
3570 3754 3814 3826 λογιότης

2203 3865 2322 3902 σου.
2364 3849 2465 3899 Καὶ
2503 3845 2538 3898 ἃ
2581 3847 2672 3919 μὲν
2730 3845 3058 3922 ἀπεκρίνατο,
3114 3848 3231 3900 οὔτε
3283 3853 3344 3920 τῇ
3405 3850 3581 3920 μνήμη
3643 3845 3811 3918 φυλα-

2199 3939 2400 4010 χθῆναι
2448 3935 2571 4012 παρ’
2625 3937 2772 4009 ἡμῶν
2821 3933 3043 3989 δυνατὸν
3083 3936 3198 4008 (36)
3251 3932 3335 4002 ἧν,
3392 3939 3482 3988 καὶ
3527 3931 3813 3992 ἐπιστολῆς

2200 4025 2500 4103 ύπερέϐαινε
2558 4030 2765 4103 μέτρον.
2831 4026 2915 4088 Ὠς
2988 4025 3036 4078 ἐν
3111 4024 3369 4099 κεφαλαίῳ
3429 4020 3488 4076 δὲ
3543 4028 3663 4097 περὶ
3716 4030 3812 4084 τῆς

2198 4114 2562 4190 ἀκτημοσύνης
2609 4115 2769 4169 ἐκεῖνο
2823 4119 2914 4190 ἔφη
2969 4117 3030 4168 τὸ
3093 4119 3276 4189 μέτρον
3339 4111 3489 4186 εἶναι,
3545 4115 3678 4165 ὥστε
3738 4111 3813 4172 εἰς

2197 4209 2284 4260 τὸν
2332 4209 2561 4279 ἔσχατον
2604 4213 2811 4278 χιτῶνα
2859 4207 3078 4257 ἕκαστον
3109 4203 3270 4275 ἑαυτῷ
3312 4203 3647 4275 περιιστάναι
3685 4200 3808 4272 (37)

2195 4302 2291 4358 τὴν
2338 4307 2554 4358 κτῆσιν.
2611 4299 2712 4351 Καὶ
2748 4299 3034 4373 παρείχετο
3085 4296 3210 4367 ἡμῖν
3259 4292 3314 4344 ἐκ
3344 4299 3435 4344 τοῦ
3483 4289 3800 4363 Εύαγγελίου

2196 4391 2287 4451 τὰς
2340 4384 2631 4452 ἀποδείξεις
2673 4405 2686 4420 ·
2741 4389 2865 4458 μίαν
2904 4386 3013 4458 μὲν,
3073 4384 3138 4444 ὡς
3169 4381 3406 4436 Ἰωάννου
3463 4387 3556 4434 τοῦ
3607 4377 3807 4452 βαπτι-

437 4469 604 4529 aliud
643 4477 846 4532 autem
897 4476 1134 4534 Domini
1171 4479 1450 4550 vetantis,
1480 4495 1557 4538 ne
1603 4478 1884 4553 discipuli
1934 4479 2090 4538 duas

2205 4485 2331 4533 στού
2371 4477 2606 4538 εἰπόντος
2647 4495 2659 4510 ο
2690 4473 2749 4528 Ὀ
2796 4475 2932 4547 ἔχων
2990 4468 3088 4526 δύο
3132 4478 3365 4546 χιτῶνας
3416 4464 3688 4544 μεταδότω
3735 4475 3811 4540 τῷ

511 4649 555 4690 ³⁷
587 4653 746 4713 Psal.
779 4672 983 4726 xxxul,
1017 4661 1098 4716 16.
1177 4660 1224 4695 ³⁸
1253 4661 1390 4717 Luc.
1418 4675 1500 4734 ru,
1535 4664 1624 4720 ll.

508 4836 630 4919 (29.).
650 4834 1088 4919 Ἀναζητούντων.
1113 4838 1381 4919 ita_m_ss.
1414 4857 1514 4919 sex
1543 4838 1694 4899 Editi
1713 4836 2105 4919 Aéxsﬁtgrjtoév-

861 4927 987 4969 non
1015 4912 1172 4969 male
1195 4913 1371 4971 Coisl.
1407 4913 1640 4986 primus
1669 4917 1724 4971 et
1749 4913 1898 4972 Med.
1927 4913 2108 4988 ἐπέχει

515 5021 627 5130 (Ξο)
666 5049 1059 5132 Οέτφγομίζῳ.
1088 5056 1263 5132 Deest
1289 5053 1424 5109 οὕτω
1454 5053 1516 5132 in
1547 5073 1651 5114 sex
1671 5073 1840 5126 mss.,
1864 5060 2108 5132 nonta-

443 5134 585 5230 men
605 5122 668 5176 in
691 5122 869 5179 Cois].
897 5122 953 5181 et
981 5127 1153 5196 Med.,
1175 5142 1439 5200 quorum
1467 5129 1530 5185 in
1557 5122 1866 5203 postremo
1893 5128 2111 5199 legitur

442 5210 627 5254 ουτως.

514 5263 629 5336 (31)
654 5264 1059 5393 nugari-ineius.
1087 5271 1173 5326 Ita
1197 5271 1614 5355 Coisl.p_rimus
1635 5289 1775 5356 cum
1802 5272 1932 5330 aliis
1955 5287 2104 5354 qua-

514 5350 600 5393 01‘.
627 5353 736 5393 (Illl
784 5353 854 5392 us
887 5338 1088 5393 favent
1125 5341 1250 5393 duo
1282 5343 1472 5393 Remi.
1507 5357 1563 5393 m
1613 5345 1840 5393 ambus
1891 5343 2104 5393 lenitur

443 5337 600 5399 tuor,
625 5337 1088 5421 quibus‘tavent
1125 5341 1250 5421 duo
1282 5337 1474 5414 Regii,
1506 5344 1567 5400 in
1613 5345 1840 5418 quibus
1891 5337 2109 5415 legitur

441 5409 768 5486 «upun‘ltiwg.
795 5409 942 5466 Editi
973 5412 1218 5486 παραπλή
1231 5433 1368 5486 σιον,

513 5483 627 5549 (32)
687 5486 968 5554 Φέρουσαν.
1028 5483 1166 5541 Tres
1235 5484 1474 5544 codices
1539 5487 1900 5545 recentiores
1949 5490 2103 5561 ἔχου-

448 5567 562 5600 σαν.

516 5621 1044 5704 (³³ζΓωγιδίφτὲίο
1077 5624 1256 5704 Cois];
1302 5626 1539 5704 primus
1571 5635 1627 5704 et
1654 5632 1844 5689 Paris-
1873 5633 1931 5688 et
1977 5630 2110 5704 qui:

444 5688 589 5748 dam
618 5688 1054 5763 RegiusCAlius
1079 5700 1247 5772 apud
1286 5688 1925 5778 CombeﬁsiumH-yavia‘z.
1958 5688 2110 5760 Editi

2209 4831 2451 4892 γονιδίω.

2217 4861 2713 4983 γοῖἒὶῗῖἓῐάχεσθαι
2741 4908 2851 4983 μέν.
2880 4904 3032 4962 Editi
3062 4903 3300 4983 add_unt
3342 4904 3466 4978 γάρ,
3498 4900 3618 4983 sed
3647 4915 3816 4983 pror-

2213 4972 2316 5037 sus
2345 4972 2994 5042 vitios’éﬂuamobrem
3019 4992 3159 5032 cum
3186 4975 3317 5031 haec
3342 4972 3558 5031 vocula
3575 4972 3729 5028 desit
3752 4973 3816 5028 in

2213 5050 2403 5110 tribus
2424 5065 2596 5118 mss.,
2621 5046 2951 5105 delendam
2979 5047 3286 5104 duximus.
3305 5045 3534 5118 Ibidem
3556 5048 3818 5117 quatuor

2212 5140 2360 5180 mss.
2391 5137 2517 5179 non
2536 5117 2928 5177 vetustissimi
2951 5121 3028 5191 r3);
3051 5118 3284 5191 ψεύστου
3321 5117 3570 5191 ἐμαυτοῦ.

2285 5195 2400 5267 (3-5)
2455 5192 2740 5267 Ἐπξταξεν.
2767 5194 2855 5249 Ita
2883 5186 3073 5250 Coisl.’
3108 5186 3355 5264 primus
3388 5194 3446 5245 et
3481 5186 3630 5244 Med.
3676 5199 3820 5242 cum

2212 5263 2455 5323 duobus
2475 5263 2631 5321 aliis.

2283 5340 2400 5410 (36)
2429 5341 2674 5410 auaui-6v.
2697 5338 2876 5410 Deest
2899 5333 2971 5410 ἦν
2988 5336 3051 5392 in
3069 5332 3377 5410 nonnullis
3405 5347 3548 5410 mss.
3568 5345 3692 5388 non
3714 5345 3823 5410 an-

2213 5401 2590 5534 |tiquissigm'is.
2636 5408 2873 5480 Legitur
2901 5409 3082 5466 etiam
3111 5404 3294 5480 paulo
3315 5409 3452 5473 post
3479 5402 3542 5459 in
3561 5401 3825 5460 nonnul-

2233 5499 2282 5534 IS
2307 5500 2434 5534 υπεο
2476 5501 2628 5534 αινει.

2233 5487 2282 5540 is
2307 5487 2628 5541 ὑπερϐαίνει,

2208 5488 2282 5546 lis
2307 5488 2628 5556 ὑπερϐαίνει,

2284 5553 2398 5626 (3'7)
2453 5556 2814 5628 Περιιστάναι.
2857 5551 3033 5611 Coisl.
3086 5549 3318 5624 primus
3374 5550 3432 5606 et
3471 5547 3617 5605 Med.
3667 5565 3822 5623 περι-

2218 5634 2314 5688 στῆ
2327 5645 2435 5681 σαι.
