4152 6388
315 301 426 361 605

1329 300 1816 364 EPISTOLARUM
1852 297 2138 364 CLASSIS
2177 307 2247 363 Il.
2284 300 2500 365 EPIST.
2541 308 2670 364 CLI.

3578 296 3686 360 606

314 431 393 500 μὴ
427 429 644 500 ἔχοντισ
700 424 874 501 ἑτέραν
914 423 994 495 δὲ,
1045 428 1113 490 ὡς
1159 435 1253 483 τοῦ
1305 434 1500 505 Κυρίου
1530 435 1637 491 τοῖς
1662 430 1926 502 μαθηταῖς

2039 428 2269 486 tunicas
2288 430 2582 487 haberent
2605 432 2698 485 η’.
2734 428 3013 485 Addebat
3057 429 3258 483 autem
3278 426 3374 482 his
3402 430 3461 482 et
3483 424 3636 482 illud
3671 440 3687 480 :

317 514 780 590 ἀπαγορεύσαντος
829 520 902 589 μὴ
955 519 1099 590 ἔχειν
1152 521 1258 580 (38)
1304 514 1401 571 δύο
1446 527 1697 592 χιτῶνας.
1757 525 1928 593 Προσ-

319 608 480 659 ετίθει
535 601 596 657 δὲ
643 608 849 668 τούτοις
888 609 1104 658 καὶτὸ·
1173 607 1234 660 Εἰ
1303 607 1462 671 θέλεις
1531 607 1719 669 τέλειος
1776 603 1924 676 εἶναι,

317 695 508 767 ὕπαγε,
597 693 843 753 πώλησόν
937 714 1032 749 σου
1112 698 1178 749 τὰ
1250 698 1582 772 ὑπάρχοντα,
1653 700 1743 749 καὶ
1835 692 1928 758 δός

317 791 582 857 πτωχοῖς.
642 783 817 857 Ἔλεγε
874 783 934 839 ὁέ
990 791 1080 839 καὶ
1130 791 1225 845 τὴν
1282 795 1374 840 τοῦ
1398 792 1728 863 μαργαρίτου
1757 806 1929 861 παρα-

321 872 479 930 ϐολὴν
529 872 604 936 εἰς
656 882 811 927 τοῦτο
856 878 1022 949 φέρειν
1051 896 1065 910 ο
1119 878 1198 929 ὅτι
1258 878 1285 930 ό
1334 879 1555 952 ἔμπορος
1583 878 1610 929 ὁ
1655 878 1814 951 εύρὼν
1838 878 1927 927 τόν

321 963 604 1036 πολύτιμον
678 968 1035 1039 μαργαρίτην,
1112 964 1345 1019 ἀπελθὼν
1417 966 1683 1025 ἐπώλησεν
1742 964 1928 1018 ἑαυτοῦ

321 1054 494 1105 πάντα
555 1053 623 1105 τὰ
676 1054 1007 1128 ὑπάρχοντα,
1060 1060 1150 1108 καὶ
1208 1056 1468 1132 ἠγόρασεν
1498 1055 1709 1109 ἐκεῖνον’
1758 1062 1930 1131 Προσ-

327 1145 485 1196 ετίθει
542 1139 599 1196 δί
645 1145 868 1212 τούτοις,
924 1146 1007 1198 ὅτι
1068 1142 1194 1199 οὐδὲ
1252 1146 1418 1218 ἐαυτῷ
1476 1166 1594 1199 τινα
1640 1145 1927 1221 ἐπιτρέπειν

329 1235 439 1305 χρὴ
487 1235 574 1288 τὴν
618 1239 713 1283 τῶν
762 1234 1057 1308 χρημάτων
1096 1230 1374 1309 διανομήν,
1434 1234 1565 1288 ἀλλὰ
1609 1243 1682 1306 τῷ
1714 1237 1777 1288 τά
1827 1242 1928 1287 τῶν

327 1327 554 1391 πτωχῶν
623 1319 911 1394 οἰκονομεῖν
956 1328 1344 1398 πεπιστευμένῳ
1397 1327 1531 1396 (39).
1618 1325 1722 1378 Καὶ
1777 1331 1928 1377 τουτο

322 1406 427 1461 ἀπὸ
455 1416 554 1462 τῶν
579 1409 830 1483 Πράξεων
881 1410 1160 1467 ἑπιστοῦτο
1190 1430 1204 1444 ·
1257 1415 1359 1483 ὅτι,
1389 1413 1645 1477 πωλοῦτες
1668 1416 1732 1467 τὰ
1757 1433 1926 1488 προσ-

318 1500 444 1551 όντα
497 1498 697 1569 αὐτοῖς,
734 1505 975 1578 φέροντες
1012 1500 1211 1557 ἐτίθουν
1262 1505 1407 1577 παρὰ
1451 1508 1575 1568 τοὺς
1629 1500 1799 1565 πόδας
1827 1512 1928 1556 τῶν

317 1585 643 1657 ἀποστόλων,
710 1594 802 1643 καὶ
853 1592 977 1665 παρ’
1006 1590 1206 1645 ἐκείνων
1232 1588 1508 1646 διεδίδοτο
1537 1593 1762 1666 ἑκάστῳ,
1804 1594 1929 1647 καθ-

316 1681 400 1731 ότι
437 1679 499 1731 ᾶν
552 1698 635 1741 τις
690 1685 879 1756 χρείαν
928 1678 1107 1755 εἶχεν.
1148 1681 1323 1755 Ἔλεγε
1363 1685 1466 1757 γὰρ
1499 1682 1767 1758 ἐμπειρίας
1790 1688 1929 1757 χρῄ-

2033 519 2103 575 Si
2134 521 2221 576 vis
2240 521 2543 591 perfectus
2565 536 2707 588 esse,
2732 519 2904 587 vade,
2930 516 3101 590 241
3132 515 3319 573 vende
3338 530 3471 587 quas
3489 515 3689 585 habes,

2034 613 2091 664 et
2128 609 2207 665 da
2229 610 2600 680 pauperibus
2618 612 2684 664 '9.
2711 607 2920 664 Aiebat
2943 607 3211 679 etipsam
3236 604 3574 675 margaritas
3589 619 3697 676 pa-

2034 697 2312 755 rabolam
2343 698 2420 755 ad
2446 699 2562 756 hoc
2592 698 2887 772 pertinere
2922 713 2936 752 :
2966 696 3134 769 quod
3164 695 3269 769 qui
3299 692 3693 764 margaritam

2035 803 2330 861 perquam
2360 790 2685 862 pretiosam
2715 787 2944 844 invenit
2965 791 3284 849 mercator,
3318 784 3532 841 abiens
3552 798 3696 839 ven-

2036 876 2186 932 didit
2201 877 2408 934 omnia
2436 893 2548 934 sua
2568 877 2751 945 bona,
2784 882 2841 933 et
2877 876 3041 933 illam
3071 874 3306 932 emit”.
3355 876 3581 929 Rursus
3601 871 3695 929 his

2037 965 2321 1036 addebat,
2371 982 2493 1023 non
2533 972 2830 1040 oportere,
2861 970 2928 1022 ut
2951 964 3088 1038 quis
3136 964 3253 1020 sibi
3282 962 3435 1036 ipse,
3487 976 3689 1017 rerum

2038 1070 2290 1111 suarum
2341 1056 2829 1113 distributionem
2893 1054 3249 1112 committat:
3315 1051 3424 1108 sed
3471 1050 3543 1123 ei,
3594 1049 3693 1106 cui

2036 1144 2152 1201 hoc
2182 1161 2404 1201 munus
2430 1145 2725 1202 creditum
2780 1150 2890 1213 est,
2952 1148 3021 1200 ut
3081 1160 3177 1200 res
3204 1157 3544 1216 pauperum
3573 1139 3694 1196 dis.

2036 1238 2271 1306 penset.
2333 1238 2525 1307 Atque
2551 1235 2613 1290 id
2631 1234 2834 1307 ipsum
2863 1250 2937 1289 ex
2983 1233 3139 1290 Actis
3189 1229 3595 1288 conﬁrmabat
3619 1230 3690 1299 ³³,

2036 1323 2263 1397 quippe
2309 1323 2455 1397 quia
2501 1324 2746 1381 vendita
2782 1324 2948 1380 bona
2995 1339 3105 1379 sua
3153 1322 3487 1386 afferentes,
3550 1324 3692 1375 ante

2037 1412 2457 1485 apostolorum
2520 1414 2706 1486 pedes
2765 1412 3093 1487 ponebant,
3152 1416 3210 1468 et
3235 1410 3313 1467 ab
3343 1409 3428 1465 eis
3458 1407 3691 1465 unicui-

2036 1517 2176 1575 que,
2225 1508 2409 1576 prout
2455 1503 2701 1560 cuilibet
2754 1519 2910 1577 opus
2971 1506 3119 1572 erat,
3192 1498 3687 1556 distribuebatur.

2039 1591 2283 1649 Dicebat
2336 1592 2499 1649 enim
2548 1592 2918 1667 experientia
2963 1606 3122 1665 opus
3172 1605 3330 1657 esse,
3384 1593 3450 1645 ut
3497 1587 3548 1643 is
3585 1585 3694 1660 qui

2035 1696 2174 1738 vere
2200 1696 2434 1755 pauper
2463 1687 2547 1741 est
2568 1683 2647 1740 ab
2676 1698 2771 1749 eo,
2802 1682 2905 1757 qui
2958 1697 3030 1738 ex
3069 1680 3322 1738 avaritia
3362 1676 3691 1747 mendicat,

322 1770 427 1831 ζειν
474 1772 571 1827 τὴν
630 1765 919 1842 διάγνωσιν
972 1779 1058 1824 τοῦ
1110 1770 1334 1841 ἀληθῶς,
1389 1768 1654 1846 δεομένου,
1703 1777 1795 1826 καὶ
1835 1779 1927 1827 τοῦ

2039 1775 2401 1828 secernatur.
2459 1774 2528 1829 Et
2576 1772 2825 1845 quidem
2869 1770 3146 1845 quisquis
3175 1768 3535 1826 calamitoso
3564 1765 3691 1835 dat,

321 1859 461 1911 κατά
479 1857 777 1923 πλεονεξίαν
824 1860 1112 1925 αἰτοῦντος.
1169 1867 1268 1916 Καὶ
1309 1863 1337 1915 ό
1392 1866 1484 1936 μεν
1526 1872 1599 1935 τῷ
1648 1862 1928 1936 θλιϐομένῳ

318 1943 511 2009 διδούς
556 1955 631 2020 τῷ
686 1954 862 2024 Κυρίῳ
888 1947 1068 2024 ἔδωκε,
1119 1956 1209 2004 καὶ
1248 1951 1372 2028 παρ’
1404 1955 1566 2005 αὐτοῦ
1594 1952 1816 2024 λήψεται
1842 1956 1927 2005 τὸν

320 2039 515 2109 μισθόν
542 2053 557 2068 '
621 2038 648 2090 6
683 2035 744 2092 δέ
797 2047 871 2111 τῷ
917 2044 1304 2116 περιερχομένῳ
1328 2042 1746 2116 παρασχόμενος
1800 2062 1929 2096 παν-

317 2130 372 2179 τὶ
400 2126 517 2198 (40)
550 2126 874 2203 προσέῥριψε
910 2134 1051 2198 κυνὶ,
1097 2138 1324 2206 φορτικῷ
1383 2133 1474 2204 μὶν
1509 2128 1604 2184 διὰ
1642 2135 1737 2191 τὴν
1786 2130 1929 2185 ἀναί-

319 2211 491 2286 δειαν,
518 2216 615 2269 ούκ
646 2215 842 2290 ἐλεεινῷ
871 2215 931 2272 δε
958 2215 994 2272 δ
1000 2220 1055 2272 ιά
1079 2224 1173 2279 τὴν
1203 2217 1426 2276 ἔνδειαν.

393 2308 446 2361 4.
490 2310 620 2381 Περὶ
669 2302 730 2361 δι
781 2315 875 2360 τοῦ
922 2316 1033 2372 πῶς
1060 2313 1172 2385 χρὴ
1205 2307 1358 2383 βιοῦν
1402 2311 1543 2383 ἡμᾶς
1567 2310 1685 2364 καθ’
1707 2312 1925 2384 ἡμέραν,

317 2393 475 2467 ὀλίγα
527 2398 622 2469 μὶν
678 2397 805 2469 ἔφθη
865 2397 1084 2471 εἰρηκὼς
1112 2400 1182 2461 ὡς
1211 2402 1344 2473 πρὸς
1394 2402 1454 2452 τό
1499 2407 1592 2461 τῆς
1640 2402 1930 2461 ὑποθέσεως

324 2484 579 2556 μέγεθος·
635 2483 770 2544 πλὴν
827 2484 936 2538 ἀλλ’
992 2485 1280 2561 ἐϐουλόμην
1327 2487 1454 2563 παρ’
1524 2489 1685 2542 αύτού
1736 2488 1928 2543 ἐκείνου

327 2591 386 2625 σε
432 2575 634 2645 μαθεῖν.
701 2573 823 2648 Ἐμὶ
866 2577 968 2652 γὰρ
1024 2575 1292 2649 ἀφανίζειν
1343 2582 1438 2636 τὴν
1502 2576 1769 2653 ἀκρίϐειαν
1830 2587 1931 2633 τῶν

329 2655 365 2712 δ
371 2656 673 2735 ιδαγμάτων
719 2663 815 2717 ούκ
862 2664 1091 2737 εὔλογον.
1122 2665 1380 2739 Ηύχόμην
1429 2664 1489 2720 δὲ
1517 2670 1650 2740 μετά
1680 2676 1776 2721 σοῦ
1807 2687 1930 2722 ποτε

328 2750 642 2806 καταλαϐεῖν
688 2753 866 2823 αὐτόν,
924 2755 1026 2825 ἳνα,
1074 2759 1166 2808 καὶ
1222 2763 1285 2828 τῇ
1326 2761 1505 2830 μνήμη
1553 2755 1780 2831 ἀκρίϐῶς
1828 2778 1929 2831 φυ-

327 2837 493 2902 λάξας
552 2843 618 2894 τὰ
647 2840 916 2915 λεχθέντα,
988 2848 1079 2897 καὶ
1123 2851 1187 2917 τῇ
1234 2852 1455 2898 σεαυτοῦ
1506 2851 1711 2899 συνέσει
1766 2867 1928 2923 προσ-

331 2927 536 3005 εξεύρῃς
585 2931 649 2982 τά
685 2930 952 2988 λείποντα.
1005 2933 1194 2986 Ἐκεῖνο
1230 2935 1332 3010 γὰρ
1391 2934 1507 3006 (41)
1560 2939 1828 3009 μέμνημαι
1872 2937 1927 2990 ἐκ

329 3025 427 3069 τῶν
458 3018 653 3072 πολλῶν
699 3021 768 3073 ὧν
815 3025 1043 3091 ἤκουσα,
1097 3023 1178 3074 ὅτι
1250 3024 1281 3082 ἠ
1336 3028 1455 3098 περὶ
1520 3032 1613 3077 τοῦ
1658 3034 1766 3087 πῶς
1818 3031 1926 3102 χρὴ

327 3106 423 3179 ζῇν
476 3111 560 3160 τόν
603 3115 925 3185 Χριστιανὸν
979 3107 1310 3165 διδασκαλία
1364 3112 1423 3165 ού
1481 3121 1731 3167 τοσοῦτον
1754 3112 1926 3169 δεῖται
1957 3153 1998 3209 C

320 3195 495 3268 λόγου,
552 3200 674 3251 ὅσον
748 3208 842 3253 τοῦ
923 3203 1275 3277 καθημερινοῡ
1341 3200 1745 3276 ύποδείγματος.
1824 3211 1926 3259 Καὶ

319 3282 462 3355 οἶδα,
504 3289 603 3352 ὅτι,
632 3288 676 3342 εἰ
699 3293 771 3362 μή
817 3309 875 3343 σε
930 3286 1174 3363 κατεῖχεν
1219 3292 1244 3344 ό
1272 3287 1469 3365 δεσμὸς
1488 3300 1584 3356 τῆς
1602 3299 1925 3370 γηροκομίας

317 3382 409 3427 τοῦ
452 3381 670 3451 πατρὸς,
720 3377 816 3431 ούκ
862 3377 923 3431 ἀν
971 3380 1088 3432 οὔτε
1127 3378 1277 3441 αὐτὸς
1319 3380 1441 3433 ἄλλο
1483 3401 1537 3433 τι
1565 3387 1925 3457 προετίμησας

317 3473 415 3528 τῆς
445 3470 738 3540 συντυχίας
783 3475 877 3522 τοῦ
934 3467 1245 3536 ἐπισκόπου,
1293 3470 1400 3523 οὔτ’
1443 3469 1505 3522 ἂν
1535 3469 1650 3544 ἐμοὶ
1685 3471 1926 3525 συνεϐού-

317 3554 507 3621 λευσας
564 3557 903 3612 καταλπόντι
932 3567 1113 3614 τοῦτον
1179 3558 1252 3623 εἰς
1320 3560 1541 3634 ἐρημίας
1604 3560 1921 3619 πλανᾶσθαι.

319 3648 396 3700 Τὰ
469 3649 562 3722 μὲν
618 3650 719 3723 γὰρ
794 3648 1033 3709 σπήλαια
1086 3652 1177 3702 καὶ
1243 3651 1298 3702 αἱ
1346 3653 1533 3727 πέτραι
1583 3649 1924 3725 ἀναμένουσιν

324 3737 498 3809 ἡμᾶς·
560 3740 616 3791 αἱ
658 3735 719 3792 δὲ
769 3742 915 3816 παρά
982 3746 1082 3793 τῶν
1134 3735 1338 3813 ἀνδρῶν
1405 3738 1643 3813 ὠφελειαι
1698 3741 1793 3794 ούκ
1846 3740 1927 3795 ἀεὶ

319 3828 446 3900 ἡμῖν
490 3831 900 3903 παραμένουσιν.
959 3828 1139 3897 Ὥστε,
1190 3827 1235 3881 εἰ
1275 3826 1442 3903 ἀνέχῃ
1527 3850 1629 3904 μου
1686 3830 1924 3905 συμϐου-

318 3914 575 3986 λεύοντος,
642 3923 906 3981 τυπώσεις
968 3922 1056 3972 τὸν
1122 3922 1323 3994 πατέρα
1384 3923 1571 3993 μικρὸν
1637 3919 1924 3996 ἐπιτρέπειν

321 4027 407 4062 σοι
438 4007 730 4085 ἀναχωρεῖν
786 4008 966 4079 αὐτοῦ,
1017 4014 1109 4063 καὶ⁵
1158 4012 1563 4084 περιτυγχάνειν
1594 4010 1705 4083 (42)
1774 4009 1928 4087 ἀνδρὶ

318 4097 489 4151 πολλὰ
535 4102 626 4151 καὶ
677 4096 734 4151 ἐκ
787 4106 881 4160 τῆς
931 4097 1114 4173 ἐτέρων
1157 4102 1356 4173 πείρας,
1397 4102 1488 4152 καὶ
1513 4097 1569 4152 ἐκ
1598 4107 1692 4163 τῆς
1732 4100 1925 4164 οἰκείας

322 4190 567 4249 συνέσεως
608 4192 701 4242 καὶ
758 4184 947 4258 εἰδότι,
1006 4192 1098 4242 καὶ
1167 4190 1419 4262 παρέχειν
1466 4195 1576 4253 τοῖς
1609 4196 1924 4265 προσιοῦσιν

319 4276 460 4350 αύτῷ
489 4274 781 4353 δυναμένῷ.

846 4381 1186 4432 ΕΠΙΣΤΟΛΗ
1233 4376 1400 4436 PNA'.

2034 1858 2202 1916 dedit
2252 1861 2528 1930 Domino,
2573 1866 2631 1918 et
2671 1861 2751 1918 ab
2797 1877 2869 1918 eo
2894 1860 3236 1917 mercedem
3259 1857 3512 1930 accipiet
3544 1853 3692 1928 :qui

2033 1964 2178 2005 vero
2234 1950 2582 2008 errabundo
2633 1951 2801 2008 omni
2845 1950 3069 2019 tribuit,
3113 1948 3352 2023 projicit
3382 1946 3540 2017 cani,
3562 1960 3690 2002 mo-

2031 2036 2183 2096 lesto
2206 2039 2450 2113 quidem
2469 2040 2551 2097 ob
2568 2039 3033 2115 impudentiam,
3066 2036 3177 2096 sed
3195 2052 3320 2094 non
3342 2033 3689 2092 miserando

2034 2128 2115 2185 ob
2132 2129 2548 2201 indigentiam.

2107 2315 2160 2368 4.
2204 2311 2521 2379 Quomodo
2573 2315 2771 2369 autem
2811 2325 2924 2367 nos
2956 2308 3223 2384 quotidie
3259 2306 3462 2363 vivere
3508 2320 3688 2379 opor-

2035 2407 2176 2474 teat,
2217 2402 2293 2458 de
2322 2418 2395 2458 eo
2423 2416 2623 2474 pauca
2680 2400 2879 2457 dicere
2917 2399 3182 2472 inccepit,
3214 2413 3326 2470 pro
3351 2396 3435 2452 rei
3462 2394 3694 2465 magni.

2036 2491 2282 2559 tudine;
2339 2490 2443 2547 sed
2497 2489 2711 2547 vellem
2759 2490 2839 2545 ab
2889 2488 3026 2562 ipso
3072 2486 3174 2542 illo
3224 2484 3511 2542 disceres.
3565 2486 3696 2539 Non

2036 2579 2198 2637 enim
2229 2596 2264 2636 a
2308 2595 2405 2636 me
2453 2577 2778 2636 oblitterari
2811 2581 3157 2634 accuratam
3187 2575 3697 2631 documentorum

2037 2668 2406 2739 diligentiam
2435 2669 2738 2725 convenit.
2785 2666 2920 2724 Mihi
2972 2670 3175 2723 autem
3231 2664 3293 2720 in
3342 2661 3565 2735 optatis
3585 2663 3698 2729 est,

2037 2762 2236 2815 tecum
2279 2757 2610 2831 aliquando
2657 2756 2828 2812 illum
2884 2755 3074 2826 adire,
3098 2759 3163 2810 ut
3200 2758 3253 2809 et
3279 2749 3574 2807 memoria
3602 2763 3700 2805 ac-

2037 2850 2241 2904 curate
2269 2847 2430 2903 dicta
2456 2846 2740 2909 retinens,
2795 2849 2899 2900 tua
2946 2843 3126 2900 etiam
3152 2841 3346 2915 ipsius
3375 2837 3696 2913 prudentia

2035 2950 2172 3010 quae
2229 2934 2524 2992 defuerint
2576 2934 2868 2991 invenias.
2924 2933 3071 2989 Illud
3136 2931 3294 2987 enim
3339 2926 3587 2986 memini
3616 2941 3691 2983 ex

2034 3024 2237 3082 multis
2295 3040 2432 3097 quas
2489 3022 2717 3089 audivi,
2770 3021 3113 3079 doctrinam
3169 3019 3335 3076 illam
3374 3014 3689 3091 quomodo

2036 3113 2437 3170 Christianum
2475 3113 2677 3170 vivere
2717 3115 3012 3184 oporteat,
3076 3125 3202 3166 non
3251 3112 3485 3165 tantum
3530 3104 3686 3162 indi-

2033 3219 2172 3275 gere
2238 3219 2536 3268 sermone,
2594 3206 2893 3275 quantum
2964 3198 3245 3271 exemplo
3306 3195 3687 3270 quotidiana.

2034 3293 2168 3352 Scio
2222 3296 2424 3349 autem
2481 3291 2598 3348 nisi
2644 3295 2703 3348 te
2753 3290 3043 3347 detineret
3087 3286 3394 3345 vinculum
3414 3283 3687 3342 fovendae

2030 3382 2223 3456 patris
2246 3380 2590 3448 senectutis,
2623 3395 2735 3436 nec
2781 3383 2838 3436 te
2879 3378 3220 3453 quidquam
3246 3374 3411 3432 aliud
3441 3379 3688 3445 antepo-

2033 3472 2289 3529 siturum
2332 3469 2604 3544 episcopi
2650 3468 2973 3542 colloquio,
3026 3482 3138 3524 nec
3181 3465 3331 3522 mihi
3372 3466 3684 3521 auctorem

2031 3562 2322 3631 futurum,
2346 3564 2412 3617 ut
2434 3577 2505 3618 eo
2534 3559 2741 3617 relicto
2770 3559 2834 3615 in
2866 3558 3115 3617 desertis
3135 3556 3285 3614 locis
3312 3569 3520 3628 vager.
3550 3555 3690 3626 Spe-

2031 3653 2225 3710 luncae
2273 3651 2435 3708 enim
2461 3656 2520 3708 et
2566 3666 2720 3708 saxa.
2771 3651 3125 3723 exspectant
3169 3663 3278 3704 nos
3311 3664 3324 3703 :
3364 3645 3473 3702 sed
3498 3643 3688 3701 homi-

2032 3758 2182 3801 num
2231 3740 2504 3799 subsidia
2544 3739 2725 3797 nobis
2772 3754 2897 3797 non
2938 3753 3176 3812 semper
3213 3736 3455 3794 adsunt.
3497 3735 3692 3799 Quare

2033 3832 2084 3890 si
2130 3846 2228 3889 me
2285 3830 2391 3888 tibi
2451 3828 2772 3887 consilium
2820 3827 2966 3884 dare
3020 3826 3268 3900 pateris,
3294 3820 3690 3899 persuadebis

2031 3921 2211 3996 patri,
2261 3923 2328 3976 ut
2369 3918 2476 3976 tibi
2512 3934 2550 3975 a
2598 3934 2662 3974 se
2691 3917 2772 3974 ad
2816 3917 2996 3974 breve
3046 3920 3284 3989 tempus
3338 3907 3690 3970 discedendi

2033 4008 2328 4068 concedat
2343 4006 2712 4078 facultatem,
2739 4003 2804 4064 et
2823 4005 3021 4064 virum
3051 4002 3339 4073 adeundi,
3370 4001 3476 4076 qui
3495 3998 3689 4057 multa

2034 4117 2174 4158 cum
2197 4100 2353 4157 facto
2377 4094 2634 4155 aliorum
2661 4095 2953 4171 periculo,
3008 4099 3137 4153 tum
3198 4109 3313 4151 sua
3338 4092 3528 4167 ipsius
3549 4105 3688 4165 pru-

2033 4190 2237 4250 dentia
2266 4193 2324 4247 et
2349 4188 2517 4247 novit
2543 4190 2600 4246 et
2629 4187 2937 4263 impertire
2967 4184 3332 4244 adeuntibus
3358 4185 3578 4257 potest.

2591 4375 2925 4435 EPISTOLA
2978 4372 3127 4432 CLl‘.

322 4464 546 4541 Invitat
577 4466 660 4525 ad
682 4468 1087 4541 scribendum,
1121 4483 1194 4526 ac
1233 4468 1512 4541 declarat
1549 4468 1991 4527 nonnullorum
2011 4468 2266 4541 factum,
2303 4467 2411 4541 qui
2445 4467 2841 4541 discesserant
2869 4481 2909 4523 a
2949 4464 3363 4541 communione
3385 4457 3687 4541 (episcopi

395 4539 488 4595 sui
512 4538 840 4613 Eustathii),
867 4555 990 4597 non
1014 4530 1134 4613 sibi
1168 4555 1290 4598 esse
1319 4540 1644 4613 voluptati,
1674 4530 2176 4613 quemadmodum
2203 4530 2565 4613 necfmerces
2599 4538 2854 4613 libenter
2880 4539 3235 4609 navigantes
3256 4530 3545 4605 ejiciuht;
3582 4530 3688 4587 sed

394 4615 589 4669 tamen
609 4627 647 4670 a
674 4627 736 4671 se
764 4611 886 4670 non
911 4612 1269 4683 improbari,
1302 4611 1446 4685 quia
1466 4611 1742 4669 veritatis
1767 4612 2142 4671 amatoribus
2171 4612 2328 4669 nihil
2354 4613 2475 4669 Deo
2506 4611 2835 4683 antiquius.

733 4712 1013 4784 Εύσταθίῳ
1056 4708 1336 4785 ἀρχιοίτρῳ
1367 4709 1502 4786 (43).
1950 4715 1995 4770 D

391 4806 453 4855 Εἴ
479 4817 530 4854 τι
554 4800 730 4875 ὄφελος
749 4803 1010 4878 ἡμετέρων
1023 4801 1138 4875 (44)
1155 4801 1486 4875 γραμμάτον,
1509 4794 1716 4874 μηδένα
1733 4804 1925 4878 χρόνον

2503 4708 2827 4768 Eustathio
2872 4701 3203 4766 archiatro.

2108 4799 2167 4859 Si
2203 4814 2328 4874 qua
2369 4798 2593 4857 utilitas
2651 4798 2986 4856 litterarum
3034 4798 3399 4866 nostrarum,
3448 4790 3684 4850 nullum

390 4890 462 4927 '3‘
502 4890 701 4949 Matth.
734 4907 789 4961 x,
822 4895 908 4948 10.
986 4890 1034 4927 ²⁹
1074 4889 1277 4948 Matth.
1306 4906 1429 4962 xxx,
1458 4892 1549 4947 2t.
1624 4891 1675 4926 ³ο
1713 4891 1913 4949 Matth.

2039 4905 2072 4960 ι,
2101 4893 2192 4948 43.
2268 4891 2314 4927 ³1
2357 4892 2485 4948 Act.
2514 4905 2574 4963 ιι,
2608 4888 2697 4946 45.

385 4980 503 5123 ἶ38)
539 4984 625 5040 Μὴ
657 4978 820 5052 ἔχειν.
843 4979 1088 5051 Negatio
1117 4978 1327 5037 addita
1358 4995 1426 5037 ex
1455 4995 1563 5037 sex
1586 4994 1741 5039 mss.

413 5052 499 5123 39}
538 5055 969 5123 Hamaswpa’yq».
1007 5052 1100 5123 Sic
1148 5051 1302 5109 Med.
1366 5055 1425 5109 et
1460 5050 1635 5110 Coisl.
1665 5056 1741 5110 ιιι(

2027 4981 2144 5038 Sed
2170 4979 2346 5038 Coisl.
2383 4983 2441 5036 et
2489 4978 2638 5037 Med.
2670 4993 2808 5034 cum
2850 4975 3024 5034 editis
3061 4968 3464 5034 consentiunt.
3499 4970 3683 5031 Paulo

413 5041 499 5134 39)
538 5041 972 5134 Πεπισὲευμένῳέ
1007 5052 1100 5134 Sic
1148 5051 1302 5109 Med.
1366 5055 1425 5134 et
1460 5050 1635 5134 Coisl.
1665 5056 1921 5134 uterque
2025 5056 2164 5134 ante
2192 5052 2308 5124 legi
2329 5054 2537 5134 posset
2565 5048 2832 5134 φυλάξαις,
2882 5041 3029 5134 nihil
3054 5052 3261 5134 tamen
3285 5046 3680 5112 mutavimus,

322 5126 381 5198 et
397 5116 610 5198 plures
669 5123 790 5198 alii.
805 5116 977 5198 'Ed'iti
1020 5121 1495 5198 ἐμπεπιστευμένῳ.
1506 5116 1921 5198 __Ja5ndudum

2039 5123 2171 5198 quia
2189 5116 2937 5198 cuni-editisconsentiunt
2962 5116 3202 5198 codices
3226 5137 3375 5177 mss.

315 5193 562 5264 vigebat
582 5195 701 5252 hoc
728 5193 1068 5252 institutum
1100 5194 1164 5250 in
1192 5193 1573 5252 monasteriis
1602 5194 1823 5264 Basilii,
1854 5198 1922 5253 ut

311 5269 575 5339 patetex
600 5265 839 5337 Regulis
854 5264 1220 5339 majoribus,
1249 5266 1534 5339 interrog.
1561 5269 1616 5323 9.
1636 5265 1797 5324 Alter
1823 5266 1918 5324 Bi-

470 5336 822 5467 ἐῖτισῖἔμένῳ.
850 5336 1011 5394 Infra
1039 5336 1182 5395 editi
1198 5341 1447 5413 χρήσειν.
1472 5336 1741 5404 Quatuor
1767 5354 1916 5396 mss.

312 5426 355 5466 u
406 5425 469 5466 1n
523 5425 591 5467 ΘΧ
668 5451 681 5465 .
1276 5461 1280 5467 .

309 5415 381 5467 ut
406 5415 469 5466 in
497 5415 681 5467 textu.
1276 5461 1280 5467 .

384 5482 953 5556 (minuma-ldum;
987 5485 1164 5556 παντί.
1194 5483 1328 5556 Haec
1363 5480 1553 5539 verba
1572 5480 1638 5539 in
1655 5484 1918 5555 quatuor

311 5569 464 5612 mss.
483 5551 717 5626 desunt
732 5551 865 5611 non
888 5551 1344 5626 antiquissimis.

387 5626 497 5701 (41)
537 5625 731 5681 Ἐκεῖνο
785 5627 910 5701 γάρ.
962 5624 1237 5700 Quinque
1302 5641 1455 5696 mss.
1512 5624 1737 5681 Ἐκείνου
1787 5625 1910 5703 γάρ.

2097 5198 2209 5269 (42)
2250 5194 2677 5269 Περιτυιγχάνειν.
2710 5190 2858 5269 Med.
2904 5194 3306 5269 συντυγχάνειν.

2097 5258 2546 5355 iiilﬁisisiéii.
2577 5263 2906 5355 ἀρχιάτρτςξμ
2965 5258 3154 5355 133;?
3161 5258 3684 5355 sseaeuﬂiisf

2021 5330 2915 5419 legitu_r_lonice'épgiizrgcé'in
2964 5335 3295 5419 Harlasano,
3342 5330 3518 5419 Cois]:
3548 5334 3682 5418 utro

2021 5404 2142 5482 que
2162 5413 2219 5465 et
2230 5410 2371 5479 Reg.
2392 5404 2808 5465 securidoJlii
2828 5423 2969 5464 cum
2999 5407 3171 5464 editis
3195 5404 3471 5474 Εὐσταθίῳ
3499 5404 3677 5527 ἰατρῷ.

2094 5481 2210 5529 (ιιι
2247 5478 2554 5529 “naniam-
2605 5481 2744 5529 Tres
2799 5477 3191 5529 vetustissimi
3215 5475 3453 5529 codices
3491 5476 3550 5529 et
3622 5489 3660 5529 a

2094 5481 2210 5553 (44)
2247 5475 2554 5557 Ἣμετέρων.
2605 5481 2744 5538 Tres
2799 5477 3191 5539 vetustissimi
3215 5475 3681 5602 codicesﬁggggs

2093 5622 2113 5647 "
2146 5621 2307 5684 Alias
2334 5624 2551 5682 LXXXI.
2584 5623 2818 5697 Scripta
2841 5636 3005 5682 anno
3028 5623 3152 5679 373.
