4152 6382
278 349 384 413 609
1281 343 1766 408 EPISTOLARUM
1795 338 2085 406 CLASSIS
2109 345 2176 405 ll.
2211 347 2426 411 EPIST.
2458 353 2643 411 CLIV.
3543 361 3649 420 610

279 480 541 550 τοσούτῳ,
573 474 634 532 Εἰ
665 471 726 530 δι
765 493 896 550 προς
942 479 1005 551 τῇ
1053 474 1208 550 λοιπῇ
1267 493 1360 531 σου
1410 474 1564 551 ἀρετῇ
1610 475 1700 524 καὶ
1738 474 1892 524 τοῦτο

2012 471 2276 532 exhibere
2306 490 2530 534 vereor.
2561 475 2734 544 Quod
2765 476 2812 534 si
2843 478 2921 536 ad
2948 479 3215 554 reliquas
3235 482 3483 542 virtutes
3514 488 3652 544 tuas

284 566 569 635 κατεδέξω,
614 567 674 620 οὐ
726 571 880 641 μόνον
919 570 1222 641 πεμπόμενα
1253 565 1374 643 παρ’
1433 566 1579 639 ἡμῶν
1635 559 1893 635 δέχεσθαι

2018 578 2128 619 nec
2155 567 2427 636 accessit,
2451 571 2516 624 ut
2550 583 2672 624 non
2703 567 2888 626 modo
2913 567 3141 628 litteras
3171 589 3307 646 quae
3331 590 3366 631 a
3392 592 3488 632 me
3522 576 3658 635 mit-

286 677 598 736 γραμματα,
634 656 762 709 ἀλλὰ
803 661 894 709 καὶ
925 655 1244 730 ἐλλειφθέντα
1293 655 1570 732 ἐριζητείν,
1638 647 1755 706 ἰδοὺ
1803 655 1892 704 καὶ

2027 659 2208 711 untur
2239 656 2552 731 suscipias,
2599 658 2703 715 sed
2726 675 2829 716 eas
2859 657 3039 718 etiam
3071 677 3208 735 quae
3253 679 3378 721 non
3418 666 3662 724 mittun-

289 753 551 827 γράφομεν
580 755 668 800 νῦν
693 745 1087 822 τεθαρῥηκότως
1120 749 1258 814 (53),
1283 750 1373 800 καὶ
1405 743 1674 822 γράψομεν
1717 761 1776 816 γε
1823 740 1894 803 εἰς

2021 755 2116 812 ur,
2148 745 2460 819 requiras;
2494 763 2630 805 ecce
2668 751 2724 805 et
2754 765 2916 806 nunc
2949 751 3322 810 conﬁdenter
3350 755 3567 829 scribo,
3605 762 3661 815 et

291 845 350 896 τὸ
377 838 558 913 ἐφεξῆς
587 859 601 872 ο
636 837 910 910 εὐχόμενοι
938 843 1010 908 τῷ
1051 835 1184 910 ἁγίῳ
1233 844 1346 908 Θεῷ
1391 832 1614 896 δοθῆναί
1666 852 1750 886 σοι
1799 835 1892 892 τὴν

2022 832 2263 890 :cribam
2298 833 2618 910 deinceps:
2651 841 2839 894 Deum
2899 844 3177 897 sanctum
3215 859 3420 915 orans,
3461 849 3526 902 ut
3557 846 3662 903 tibi

297 929 516 1005 ἀμοιϐὴν
545 933 641 989 τῆς
663 929 782 1000 περὶ
813 928 950 1000 ἡμᾶς
981 933 1160 1000 τιμῆς.
1187 924 1336 1000 ’Υπὶρ
1370 921 1429 978 δὲ
1458 931 1548 986 τῆς
1579 921 1895 985 Ἐκκλησίας

2023 923 2268 997 ιοηοτὶε,
2304 940 2488 998 quem
2514 926 2660 983 mihi
2699 927 2910 999 habes,
2942 930 3103 986 vices
3156 934 3469 1006 rependat.
3505 939 3663 994 Meas

296 1017 566 1095 προέλαϐες
595 1018 742 1090 ἡμῶν
772 1018 866 1078 τὰς
907 1014 1278 1090 παρακλήσεις,
1320 1015 1491 1068 πάντα
1524 1016 1750 1074 ποιήσας
1794 1011 1895 1065 ὅσα

2020 1027 2185 1086 porro
2210 1029 2322 1087 pro
2354 1015 2620 1074 Ecclesia
2641 1032 2849 1090 preces
2871 1020 3261 1085 antevertisti,
3283 1039 3423 1080 cum
3451 1026 3660 1084 omnia

299 1111 359 1165 ἂν
381 1112 532 1182 ἡμεῖς
561 1106 978 1178 έπεζητήσαμεν·
1009 1111 1177 1166 Ποιεῖς
1204 1101 1263 1159 δι
1293 1104 1386 1158 οὐκ
1409 1103 1696 1178 ἀνθρώποις
1724 1119 1893 1176 χαρι-

2015 1099 2232 1174 ieceris,
2287 1119 2664 1179 quaecunque
2696 1122 2806 1177 ego
2851 1108 3184 1181 petiissem.
3229 1111 3397 1168 Facis
3452 1118 3655 1173 autem

307 1203 528 1274 ζόμενος,
563 1196 684 1249 ἀλλὰ
714 1201 829 1268 Θεῷ
856 1202 927 1267 τῷ
961 1198 1241 1269 τιμήσαντι
1269 1213 1326 1249 σε
1359 1216 1371 1230 ο
1405 1195 1459 1257 ὃς
1489 1196 1555 1247 τὰ
1584 1196 1674 1267 μὲν
1705 1188 1892 1246 ἔδωκεν

2009 1207 2128 1249 non
2152 1191 2502 1250 hominibus
2533 1195 2901 1269 gratiﬁcans,
2927 1197 3036 1254 sed
3061 1198 3385 1258 honoranti
3409 1206 3464 1259 te
3495 1206 3612 1260 Deo
3638 1225 3649 1262 :

307 1289 354 1343 ἐν
379 1296 442 1362 τῇ
469 1295 554 1340 νῦν
584 1286 689 1359 ζωῇ
721 1284 914 1358 ἀγαθὰ,
939 1286 1006 1337 τὰ
1032 1281 1090 1338 δι
1118 1281 1277 1338 δώσει
1295 1282 1346 1337 ἐν
1377 1292 1449 1355 τῷ
1469 1281 1704 1360 μέλλοντι
1724 1282 1893 1350 αἰῶνι,

2013 1280 2106 1356 qui
2139 1281 2241 1338 tibi
2274 1282 2390 1339 alia
2416 1284 2664 1356 quidem
2694 1285 2857 1343 bona
2878 1285 2939 1343 in
2961 1289 3240 1360 praesenti
3261 1289 3381 1348 vita
3405 1291 3653 1364 largitus

302 1378 410 1432 ἀνθ’
427 1379 494 1429 ὧν
521 1377 652 1450 μετὰ
674 1374 913 1436 ἀληθείας
945 1374 1224 1450 ἐπορεύθης
1246 1377 1337 1434 τὴν
1363 1371 1486 1426 ὁδόν
1509 1371 1691 1442 αὐτοῦ,
1713 1369 1890 1431 ἀκλινῆ

2015 1375 2114 1443 est,
2144 1370 2260 1430 alia
2291 1376 2491 1429 autem
2541 1373 2712 1432 dabit
2766 1375 2827 1432 in
2884 1374 3084 1434 futuro
3143 1395 3294 1452 (evo,
3337 1386 3655 1455 propterea

294 1472 386 1528 τὴν
415 1463 642 1541 καρδίαν
672 1464 721 1518 έν
759 1471 822 1539 τῇ
857 1464 1104 1541 ὀρθότητι
1132 1471 1227 1527 τῆς
1255 1468 1483 1527 πίστεως
1505 1461 1594 1516 ἀπ’
1626 1461 1803 1538 ἀρχῆς
1825 1461 1896 1525 εἰς

2019 1461 2172 1534 ῃ]οά
2200 1477 2337 1517 cum
2365 1462 2614 1520 veritate
2644 1465 2706 1520 in
2732 1463 2890 1522 illius
2919 1466 3029 1522 viis
3060 1467 3405 1538 ambulasti,
3434 1487 3505 1528 ac
3556 1488 3659 1530 cor

293 1557 433 1622 τέλος
459 1552 886 1631 διασωσάμενος.

2018 1555 2176 1608 tuum
2209 1551 2287 1609 ab
2317 1549 2484 1609 initio
2516 1553 2596 1610 ad
2617 1570 2810 1628 usque
2836 1555 3020 1612 ﬁnem
3059 1556 3120 1614 in
3149 1557 3293 1616 ﬁdei
3322 1559 3658 1632 integritate

2006 1640 2330 1699 immotum
2358 1657 2428 1700 ac
2459 1642 2893 1702 inconcussum
2923 1646 3199 1705 servasti.

828 1766 1168 1816 ΕΠΙΣΤΟΛΗ
1200 1759 1359 1814 I’NF'.
2432 1759 2468 1829 ε

2432 1757 2607 1833 243
2654 1762 2995 1820 EPISTOLA
3034 1763 3237 1822 CLIll'.

391 1889 641 1946 Gratias
671 1889 800 1960 agit
841 1888 1066 1944 Victori
1089 1887 1360 1944 Basilius
1389 1887 1551 1960 quod
1578 1887 1675 1944 sui
1695 1899 1923 1943 memor
1941 1885 2037 1950 sit,
2069 1897 2181 1942 nec
2209 1900 2474 1943 amorem
2499 1889 2571 1944 ob
2599 1889 2795 1946 ullam
2826 1891 3197 1950 calumniam
3224 1894 3566 1954 imminuat.

793 2019 1004 2090 Βίκτορι
1031 2011 1131 2068 ἀπὸ
1171 2013 1401 2070 ὑπάτων.
1927 2013 1972 2066 Β

1927 2013 1972 2066 Β
2532 2011 2759 2071 Victori
2779 2017 3139 2074 ear-consuli.

359 2112 579 2177 Ὁσάκις
630 2111 690 2166 ἂν
739 2113 864 2188 ἡμῖν
918 2111 1122 2188 ὑπάρξῃ
1182 2112 1492 2189 γράμμασιν
1541 2108 1777 2185 ἐντυχεῖν
1807 2114 1899 2172 τῆς

2080 2110 2321 2176 Quoties
2353 2108 2500 2168 mihi
2531 2112 2822 2183 contingit
2871 2112 3098 2172 litteras
3126 2114 3322 2189 legere
3353 2115 3661 2189 dignitatis

291 2208 650 2280 κοσμιότητός
682 2223 800 2272 σου,
860 2203 1176 2265 τοσαυτάκις
1228 2205 1388 2278 χάριν
1447 2199 1795 2275 ὁμολογοῦμεν
1826 2207 1898 2272 τῷ

2022 2217 2141 2272 Luae,
2176 2201 2344 2258 toties
2375 2200 2598 2272 gratias
2641 2218 2756 2274 ago
2788 2204 2907 2260 Deo
2951 2207 3180 2278 sancto,
3211 2206 3378 2279 quod
3428 2214 3662 2281 perstes

294 2303 427 2367 Θεῷ,
458 2296 537 2348 ὅτι
570 2289 944 2367 διαμένειςκαὶ
967 2296 1289 2365 μεμνημένος
1316 2294 1485 2365 ἡμῶν,
1515 2295 1606 2344 καὶ
1635 2291 1722 2343 ὑπ’
1753 2287 1901 2342 οὐδε-

2019 2295 2064 2347 3t
2091 2307 2327 2348 memor
2357 2293 2496 2362 mei,
2519 2297 2576 2350 et
2595 2309 2886 2359 amorem,
2911 2309 3092 2368 quem
3116 2296 3303 2352 semel
3325 2298 3659 2356 rectissimo

293 2391 419 2458 μιᾶς
444 2381 481 2437 δ
487 2383 702 2445 ιαϐολῆς
731 2386 819 2441 τὴν
849 2381 1057 2454 ἀγάπην
1090 2380 1332 2450 έλαττῶν,
1381 2381 1440 2440 ἢν
1471 2380 1613 2444 ἅπαξ
1635 2385 1809 2454 κρίσει
1834 2386 1895 2452 τῇ

2019 2380 2257 2450 iudicio,
2291 2384 2394 2438 aut
2421 2381 2587 2440 bona
2615 2383 3053 2441 consuetudine
3084 2385 3383 2457 suscipere
3403 2387 3659 2455 voluisti,

297 2473 551 2549 όρθοτάτη
615 2471 645 2533 ἢ
713 2473 963 2543 συνηθείᾳ
1007 2475 1224 2545 χρηστῇ
1287 2469 1554 2524 ἀναλαϐεῖν
1606 2463 1892 2533 κατεδέξω.

2023 2470 2238 2528 ωηαω
2296 2467 2375 2527 ob
2428 2472 2800 2530 calumniam
2856 2473 3242 2531 imminuens.
3272 2477 3437 2546 Rogo
3484 2474 3663 2547 igitur

301 2562 582 2637 Εὗχόμεθα
610 2555 699 2616 οὖν
753 2570 826 2632 τῷ
873 2561 1004 2633 ἁγίῳ
1053 2569 1166 2631 Θεῷ
1214 2564 1305 2613 καὶ
1361 2563 1419 2614 σε
1450 2553 1716 2634 διαμεῖναι
1759 2559 1809 2612 έν
1834 2566 1896 2632 τῇ

2025 2564 2198 2616 )eum
2229 2566 2529 2625 sanctum,
2546 2567 2609 2618 ut
2639 2566 2695 2618 et
2723 2568 2787 2620 tu
2812 2579 3173 2636 permaneas
3199 2564 3262 2620 in
3285 2565 3500 2623 eodem
3522 2583 3665 2638 erga

307 2656 458 2726 ὁμοία
482 2657 611 2729 πρὸς
635 2654 776 2726 ἡμᾶς
802 2649 1059 2717 διαθέσει,
1101 2653 1191 2702 καὶ
1219 2650 1362 2723 ἡμᾶς
1410 2649 1588 2714 ἀξίους
1637 2649 1766 2702 εἶναι
1807 2657 1901 2712 τῆς

2025 2664 2108 2705 ne
2135 2650 2363 2718 animo,
2396 2656 2452 2707 et
2477 2665 2589 2722 ego
2615 2653 2838 2722 dignus
2869 2654 2986 2710 sim
3006 2654 3258 2723 honore,
3287 2669 3409 2721 quo
3437 2671 3532 2714 me
3557 2673 3665 2731 per

308 2747 448 2818 παρὰ
478 2750 569 2796 σοῦ
593 2749 770 2816 τιμῆς,
807 2740 866 2800 ἣν
888 2747 1045 2814 τιμᾷς
1079 2742 1221 2813 ἡμᾶς
1252 2735 1346 2792 διὰ
1370 2747 1462 2793 τοῦ
1492 2740 1817 2815 γράμματος.

1116 2745 1221 2813 μᾶς
1252 2735 1346 2792 διὰ
1370 2747 1462 2793 τοῦ
1492 2740 1817 2815 γράμματος.
2011 2737 2327 2812 epistolam
2349 2742 2753 2813 prosequeris.

835 2861 1163 2912 ΕΡΙΣΤΟΛΗ
1206 2849 1362 2909 ΡΝΔ’.

2537 2855 3135 2926 ΕριετοιΑζειινη.

317 2981 636 3053 Respondet
666 2983 936 3040 Basilius
969 2979 1188 3039 litteris
1215 2979 1507 3046 Ascholii,
1537 2979 1710 3048 cujus
1744 2977 1956 3034 laudat
1987 2977 2370 3053 charita‘tem,
2398 2984 2464 3033 ut
2495 2994 2616 3035 rem
2651 2993 2909 3053 maxime
2937 2995 3167 3047 raram,
3196 2996 3268 3037 ac
3297 2983 3561 3038 studium
3603 2985 3671 3040 in

379 3049 774 3113 beatissimum
807 3055 1232 3124 Athanasium,
1281 3056 1349 3108 ut
1381 3053 1777 3108 certissimum
1824 3063 1994 3108 sanae

372 3131 534 3186 sione
553 3129 759 3185 oblata
783 3126 1029 3183 scribat.

2041 3049 2333 3106 doctrinm
2383 3056 2830 3122 argumentum.
2867 3052 3059 3122 Rogat
3091 3057 3157 3108 ut
3205 3054 3471 3124 qualibet
3503 3069 3671 3113 occa-

501 3251 770 3326 Ἀσχολίῳ
809 3251 940 3324 (54),
976 3248 1246 3322 ἐπισκόπῳ
1286 3247 1694 3308 Θεσσαλονίκης.
1934 3243 1976 3298 C

1934 3243 1976 3298 Ο
2241 3245 2547 3315 Ascholio,
2579 3247 2853 3318 episcopo
2899 3247 3433 3307 Thessalonicensi.

369 3370 554 3433 Καλῶς
584 3369 856 3438 έποίησας,
887 3372 976 3420 καὶ
1007 3369 1142 3419 κατὰ
1169 3370 1254 3419 τὸν
1275 3375 1370 3427 τῆς
1401 3371 1753 3438 πνευματικῆς
1775 3361 1904 3435 ἁγά-

2086 3361 2264 3420 Recte
2294 3362 2501 3433 fecisti,
2533 3367 2590 3420 et
2629 3364 2964 3421 secundum
2995 3365 3332 3423 dilectionis
3382 3368 3665 3441 spiritua-

295 3479 398 3523 πης
422 3465 605 3534 νόμον,
633 3457 894 3531 κατάρξας
931 3465 1031 3510 τῶν
1079 3459 1206 3529 πρὸς
1258 3458 1398 3528 ἡμᾶς
1431 3455 1774 3529 γραμμάτων,
1816 3456 1906 3505 καὶ

2025 3452 2086 3508 lis
2112 3451 2331 3523 legem,
2359 3452 2524 3524 quod
2557 3453 2718 3525 prior
2767 3455 2846 3510 ad
2891 3471 3004 3511 nos
3052 3456 3382 3528 scripseris,
3432 3473 3665 3532 nosque

294 3560 364 3622 τῷ
399 3549 584 3624 ἀγαθῷ
633 3545 988 3621 ὑποδείγματι
1043 3550 1175 3621 πρὸς
1227 3549 1314 3598 τόν
1353 3547 1530 3618 ὅμοιον
1572 3543 1726 3605 ζῆλον
1766 3545 1908 3615 ἡμᾶς

2023 3541 2256 3610 egregio
2286 3541 2564 3614 exemplo
2591 3542 2670 3598 ad
2701 3542 2893 3600 simile
2920 3544 3187 3601 studium
3219 3548 3663 3618 provocaveris.

296 3640 730 3712 ἕκκαλεσάμενος.
763 3642 862 3691 Καὶ
882 3639 981 3712 γάρ
1013 3637 1043 3695 ὴ
1073 3639 1163 3709 μεν
1189 3643 1282 3689 τοῦ
1307 3639 1511 3708 κόσμου
1567 3632 1712 3706 φιλία
1740 3632 1906 3705 ὀφθα-

2028 3634 2164 3688 .‘lam
2190 3631 2407 3687 mundi
2428 3631 2691 3688 amicitia
2718 3633 2908 3688 oculis
2933 3633 3158 3705 indiget
3203 3651 3274 3691 ac
3321 3649 3668 3706 congressu,

295 3730 433 3804 λμῶν
468 3725 646 3783 δεῖται
691 3731 783 3780 καὶ
825 3730 1141 3799 συντυχίας,
1194 3726 1325 3778 ὥστε
1373 3723 1563 3778 ἐκεῖθεν
1607 3722 1784 3796 ἀρχὴν
1813 3729 1909 3784 τῆς

2032 3725 2084 3778 1t
2108 3721 2251 3778 inde
2291 3725 2578 3778 nascatur
2607 3723 3059 3780 consuetudinis
3109 3725 3381 3781 initium:
3432 3727 3538 3782 sed
3567 3727 3672 3800 qui

298 3821 586 3881 συνηθείας
607 3817 850 3890 γενέσθαι
878 3836 892 3851 ο
926 3817 974 3869 οἱ
1005 3811 1065 3869 δε
1093 3821 1454 3888 πνευματικῶς
1483 3811 1690 3885 ἀγαπᾷν
1711 3808 1908 3873 εἰδότες

2033 3810 2402 3884 Ipiritualiter
2452 3826 2658 3868 amare
2734 3811 2952 3884 sciunt,
3023 3828 3419 3886 nequaquam
3492 3831 3673 3873 carne

297 3910 356 3964 οὐ
374 3918 438 3984 τῇ
469 3911 634 3982 σαρκὶ
659 3905 887 3982 προξένῳ
914 3909 1206 3981 κέχρηνται
1233 3912 1324 3966 τῆς
1354 3902 1544 3977 φιλίας,
1566 3901 1697 3956 ἀλλὰ
1722 3908 1785 3974 τῇ
1813 3908 1908 3964 τῆς

2033 3903 2268 3957 utuntur
2296 3899 2572 3957 amicitiae
2603 3899 3039 3970 conciliatrice;
3069 3901 3178 3958 sed
3204 3903 3345 3960 ﬁdei
3393 3919 3673 3962 commu-

297 4003 534 4062 πίστεως
589 4001 834 4069 κοινωνίᾳ
888 3999 1021 4072 πρὸς
1075 3999 1170 4055 τὴν
1225 3995 1576 4067 πνευματικὴν
1631 3993 1910 4064 συνάφειαν

2033 3991 2200 4047 sione
2245 3989 2325 4047 ad
2373 3990 2744 4063 spiritualem
2800 3991 3290 4063 conjunctionem
3349 3994 3673 4054 ducuntur.

298 4092 540 4164 ἄγονταί.
574 4090 746 4162 Χάρις
775 4081 864 4139 οὖν
901 4093 975 4158 τῷ
1004 4089 1178 4161 Κυρίῳ
1213 4093 1286 4156 τῷ
1311 4082 1735 4158 παρακαλέσαντι
1764 4083 1909 4154 ἡμῶν

2034 4081 2225 4153 itaque
2251 4083 2448 4151 grates
2499 4082 2636 4145 Deo,
2669 4081 2776 4153 qui
2823 4082 3012 4138 corda
3067 4087 3281 4140 nostra
3323 4085 3674 4144 consolatus

301 4183 393 4243 τὰς
416 4177 669 4254 καρδίας,
699 4176 748 4229 έν
786 4184 858 4249 τῷ
890 4173 1060 4239 δεῖξαι
1093 4176 1223 4244 (55),
1273 4175 1354 4227 ὅτι
1381 4172 1476 4226 οὐκ
1507 4172 1556 4226 έν
1586 4178 1723 4226 πᾶσι
1764 4175 1912 4226 κατέ-

2037 4172 2128 4240 ιεῐ,
2181 4170 2330 4226 dum
2384 4169 2736 4226 charitatem
2784 4185 2909 4227 non
2960 4172 3021 4228 in
3059 4172 3346 4229 omnibus
3376 4173 3677 4232 refrixisse

300 4269 500 4343 ψυκται
529 4270 562 4328 ἡ
593 4267 772 4340 ἀγάπη
801 4287 813 4300 ο
848 4263 958 4318 ἀλλ’
993 4265 1098 4318 εἰσί
1122 4283 1221 4317 που
1249 4273 1341 4325 τῆς
1365 4263 1639 4336 οἰκουμένη
1652 4282 1690 4333 ς,
1738 4264 1787 4315 οἱ
1815 4267 1912 4326 τῆς

2035 4259 2283 4317 Jstendit
2309 4279 2321 4314 :
2358 4259 2465 4315 sed
2488 4259 2738 4332 reperiri
2766 4259 2989 4318 alicubi
3015 4265 3330 4327 terrarum,
3355 4263 3460 4336 qui
3490 4265 3675 4320 disci-

301 4366 542 4436 Χριστοῦ
575 4358 856 4431 μαθητείας
885 4359 972 4408 τόν
993 4362 1317 4430 χαρακτῆρα
1346 4350 1656 4414 δεικνύντες.
1682 4357 1783 4406 Καὶ
1805 4355 1914 4405 τοί-

2034 4349 2302 4424 pulcrum
2325 4348 2534 4405 Christi
2565 4349 2875 4422 propriam
2923 4354 3132 4407 notam
3169 4365 3294 4424 prie
3351 4367 3415 4407 se
3453 4351 3674 4409 ferant.

303 4469 392 4501 νυν
415 4447 563 4512 ἔδοξέ
587 4467 678 4520 μοι
703 4450 762 4500 τὸ
793 4444 910 4499 καθ’
942 4446 1074 4518 ὑμᾶς
1100 4443 1318 4497 έοικέναι
1347 4449 1570 4517 πρᾶγμα
1620 4444 1838 4517 ἄστροις
1863 4439 1910 4494 έν

2037 4439 2109 4496 λά
2139 4454 2236 4495 res
2267 4438 2516 4511 quidem
2541 4443 2754 4495 vestras
2784 4439 3120 4510 persimiles
3168 4440 3315 4496 mihi
3363 4440 3504 4496 visae
3535 4445 3677 4498 sunt

307 4545 580 4612 νυκτερινῇ
612 4539 885 4608 συναφείᾳ,
909 4533 1084 4595 ἄλλοις
1113 4533 1227 4586 κατ’
1255 4532 1384 4585 ἄλλα
1411 4535 1542 4605 μέρη
1574 4539 1666 4584 τοῦ
1693 4531 1912 4604 οὐρανοῦ

2035 4527 2320 4584 sideribus
2347 4527 2409 4582 in
2443 4527 2739 4584 nebulosa
2769 4533 2943 4584 nocte
2966 4528 3115 4585 alias
3141 4528 3272 4584 aliis
3312 4529 3442 4584 coeli
3472 4535 3675 4601 partes

308 4623 724 4700 διαλάμπουσιν,
757 4625 824 4676 ὧν
856 4628 1130 4699 χαρίεσσα
1168 4625 1258 4696 μὲν
1298 4623 1328 4680 ἠ
1361 4621 1685 4696 λαμπρότης,
1731 4624 1916 4695 χαριέ-

2033 4616 2493 4674 illustrantibus:
2529 4633 2791 4690 quorum
2821 4621 3028 4688 gratus
3076 4617 3324 4689 quidem
3365 4618 3673 4691 splendor,

308 4737 488 4793 στερον
523 4714 586 4770 δε
638 4711 814 4775 δήπου
853 4717 912 4768 τό
972 4709 1398 4786 ἀπροσδόκητον.
1448 4717 1690 4764 Τοιοῦτοι
1737 4705 1797 4762 δι
1825 4714 1914 4762 καὶ

2041 4706 2132 4764 sed
2160 4722 2232 4763 eo
2272 4707 2515 4777 gratior,
2570 4708 2738 4780 quod
2786 4722 2910 4764 non
2965 4711 3365 4779 exspectatur.
3403 4707 3572 4765 Tales
3624 4715 3681 4768 et

305 4811 467 4882 ὑμεῖς,
523 4810 577 4861 οἱ
621 4815 721 4860 τῶν
775 4804 1095 4864 Ἐκκλησιῶν
1135 4809 1420 4878 φωστῆρες,
1458 4799 1624 4875 ὀλίγοι
1661 4798 1916 4862 παντελῶς

2039 4812 2134 4854 vos
2155 4795 2317 4865 estis,
2352 4796 2749 4854 Ecclesiarum
2778 4796 3030 4862 lumina,
3055 4796 3232 4868 pauci
3259 4796 3596 4855 admodum
3623 4805 3679 4858 et

303 4903 393 4952 καὶ
423 4899 774 4973 εὐαρίθμητοι
809 4894 857 4948 ἐν
906 4901 968 4968 τῇ
1023 4894 1310 4968 σκυθρωπῇ
1352 4893 1516 4965 ταύτῃ
1567 4891 1912 4958 καταστάσει,

2089 4887 2195 4944 cile
2221 4886 2647 4951 numerabiles,
2675 4887 2737 4942 in
2765 4887 2880 4942 hac
2911 4884 3060 4942 tristi
3088 4898 3291 4942 rerum
3313 4885 3676 4963 conditione,
3707 4945 3726 4964 ,

306 4991 407 5043 οἷον
435 4989 483 5042 ἐν
520 4990 824 5060 σκοτομήνη
859 4981 1268 5057 διαφαινόμενοι,
1288 4986 1412 5055 πρὸς
1434 4990 1504 5053 τῷ
1525 4979 1579 5034 έκ
1610 4989 1699 5042 τῆς
1727 4979 1917 5056 ἀρετῆς

2042 4977 2202 5050 μιεεὶ
2231 4976 2292 5032 in
2322 4981 2496 5032 nocte
2535 4974 2702 5030 illuni
2745 4980 3148 5042 coruscantes,
3191 4981 3408 5048 praeter
3449 4978 3682 5037 virtutis

311 5084 570 5154 χαρίεντι,
607 5080 683 5130 ἔτι
707 5079 798 5128 καὶ
827 5081 900 5146 τῷ
935 5077 1137 5146 σπανίῳ
1167 5081 1259 5135 τῆς
1302 5074 1571 5147 εὑρέσεως,
1597 5074 1656 5124 τὸ
1693 5073 1915 5146 περιπό-

2041 5066 2307 5137 gratiam,
2339 5064 2478 5120 inde
2508 5067 2689 5120 etiam
2715 5065 2883 5138 quod
2911 5064 3033 5121 rari
3063 5064 3187 5121 sitis
3218 5065 3490 5136 inventu,
3529 5069 3681 5126 desi-

380 5255 490 5340 it???)
525 5251 960 5340 ’Ῑζεθεπρέὸηξιότιιυεζ
981 5246 1554 5340 Sicuterquegoisl.
1592 5262 1734 5340 cum
1761 5241 1914 5340 aliis.

2041 5241 2380 5340 renittis
2413 5241 3505 5340 éfff‘.°”2.’239339€’32Ef-’?"?f’i¥‘ﬁt°-
3536 5249 3681 5340 Bes-

308 5311 888 5404 τεθαρρηκότες,
922 5311 1104 5404 Paulo
1130 5311 1278 5404 post
1291 5319 1591 5404 editigrpéc
1629 5323 1688 5404 re
1715 5317 1914 5404 ipf-5’76:

2043 5311 2366 5404 p'rimus'e't
2422 5315 2604 5386 Bigot.
2669 5311 2896 5372 habent
2937 5311 3175 5373 tantum
3222 5311 3489 5390 Ἀσχολίῳ
3527 5311 3683 5390 μονῖέο

308 5399 442 5472 Tres
470 5389 886 5472 antiquissimi
908 5389 1166 5463 codices,
1203 5391 1398 5464 Har-1.,
1430 5389 1614 5460 Méd.,
1644 5389 1821 5449 Coi’sl.
1854 5393 1920 5448 ut
2030 5389 2207 5472 ξονῖξλ
2241 5458 2293 5472 ._
2397 5466 2418 5472 _
2461 5454 2483 5472 ﬁ
2512 5457 2562 5472 Α
2670 5460 2708 5472 η
2783 5461 2830 5472 __
2887 5458 2905 5472 τ
2979 5461 3020 5472 η
3093 5458 3109 5472 τ
3196 5461 3271 5472 ,Α
3321 5389 3331 5470 ς
3370 5458 3384 5472 ε
3464 5389 3469 5390 ί
3508 5458 3518 5470 ⁸

313 5454 371 5527 ἰπὶ
386 5454 704 5528 egra;
1152 5454 1163 5463 ⁷
1382 5454 1396 5464 ’
1620 5530 1627 5532 Α
1874 5530 1883 5532 _

2095 5458 2323 5532 ςὸὅγεν
2353 5454 2639 5532 τῷ-δείξαι.
2669 5460 2754 5514 Ita
2783 5458 2955 5529 Med.,
2979 5458 3132 5515 Harl.
3156 5462 3212 5515 et
3233 5458 3406 5516 Cois].
3431 5458 3683 5532 primus.

381 5527 817 5614 (simque,
841 5541 950 5597 etc.
982 5535 1234 5614 Ita_edit_i
1261 5538 1317 5592 et
1335 5530 1918 5614 vetustissimicodi:

1298 5530 1918 5614 tvetustissimipodi:
2294 5527 2762 5614 “fi‘gi‘snu...
2816 5597 2850 5614 η
2922 5599 2933 5612 .

314 5597 539 5672 οεὲίᾏι
567 5597 841 5670 ἱηὴϐοὶὲὶ.
866 5608 1154 5672 secundo,
1195 5611 1337 5677 Reg.
1379 5604 1668 5661 secundo.
1702 5605 1826 5661 Vat.
1864 5607 1920 5660 et
2100 5599 2308 5677 :Alias
2337 5601 2802 5677 CCQQQQXXIJIL
2816 5597 3046 5677 Scripta
3075 5613 3238 5677 anno
3275 5605 3400 5677 373.

313 5670 499 5746 Paris.
525 5670 637 5743 isic
691 5683 907 5758 legitur
942 5670 1149 5740 titulus
1199 5670 1464 5754 Ἀιῖχολίῳ
1520 5678 1801 5752 μονάζοντι
1829 5678 1918 5729 καὶ

1708 5697 1801 5730 ιντι
1829 5678 1918 5729 καὶ
2102 5670 2148 5696 ’⁸
2177 5671 2337 5731 Alias
2368 5671 2744 5732 CCCXXXVII.
2768 5670 2998 5746 Scripia
3026 5685 3189 5730 anno
3219 5675 3348 5732 373.
