4152 6382
518 317 618 376 su
1891 309 1955 368 s.
2007 305 2254 365 BASILII
2291 305 2512 364 mem
3777 321 3880 380 612

517 443 751 501 derium
801 443 1132 498 moventes.
1165 440 1456 496 Caeterum
1485 436 1687 493 litterae
1726 439 1841 493 tute
1868 439 2040 494 tuum
2069 449 2159 490 no-

2286 433 2441 491 θητον
2469 436 2618 508 ἔχοντ
2631 454 2698 500 ες.
2733 436 3012 511 Ἐγνὼρισε
3043 433 3103 491 δέ
3133 457 3227 491 σου
3271 442 3366 498 τήν
3397 436 3636 495 διάθεσιν
3666 445 3791 511 ἡμῖν
3820 450 3878 500 τὸ

517 533 612 590 bis
641 532 912 588 animum
943 528 1190 586 abunde
1221 527 1574 601 patefecere.
1620 527 1983 600 Quanquam
2011 524 2159 581 enim

2279 526 2502 596 γράμμα
2525 525 2819 600 αὐτάρκως.
2844 527 2904 580 Εἰ
2921 529 3023 601 γὰρ
3055 533 3144 581 καὶ
3167 533 3356 605 μικρὸν
3386 528 3446 590 ἦν
3474 541 3543 603 τῷ
3565 532 3752 592 πλήθει
3782 545 3879 588 τῶν

519 624 735 681 breves
768 623 935 678 erant
963 617 1336 690 syllabarum
1360 631 1635 683 numero,
1669 621 1730 672 at
1753 631 1826 672 ex
1853 619 2017 671 recta
2044 627 2152 669 sen

2283 611 2568 681 συλλαϐῶν,
2595 613 2723 668 ἀλλά
2750 624 2811 689 τῇ
2845 637 2904 688 γε
2925 617 3169 693 ὀρθότητι
3205 627 3297 681 τῆς
3324 617 3579 692 διανοίας,
3615 621 3880 696 ἀρκοῦσαν

519 711 706 771 tentia
734 709 1021 767 idoneum
1053 705 1230 763 nobis
1271 705 1356 762 tui
1399 705 1692 777 propositi
1734 703 2038 777 specimen
2067 702 2159 758 de-

2278 702 2403 774 ἡμῖν
2445 711 2536 764 τῆς
2583 708 2932 779 προαιρέσεως
2987 711 3082 765 τὴν
3114 704 3383 772 ἀπόδειξιν
3427 707 3610 764 ἔδωκε.
3660 717 3730 766 Τὸ
3777 717 3879 786 γὰρ

520 802 684 858 dere.
727 802 876 856 Nam
915 795 1246 853 beatissimi
1289 794 1600 851 Athanasii
1648 793 1988 850 studiosum
2015 807 2159 863 esse,

2315 769 2325 774 ν
2622 769 2632 779 ⁵
2743 769 2752 778 ’
3316 769 3327 772 ⁷
3784 769 3799 786 1

2277 794 2395 862 περὶ
2415 794 2501 843 τὸν
2528 799 2923 869 μακαριώτατον
2947 795 3256 849 Ἀθανάσιον
3271 795 3665 852 ’ἐσπουδακέναι
3688 769 3884 876 δεῖγμίκ

520 893 947 962 argumentum
979 883 1500 942 evidentissimum
1543 885 1633 939 est
1671 898 1836 940 sanie
1865 882 1927 939 in
1974 880 2159 938 maxi-

2279 877 2652 954 ἐναργέστατον
2681 891 2774 936 τοῦ
2803 885 2957 956 ὑγιῶς
3011 888 3152 958 ἔχειν
3203 887 3314 956 (56)
3363 893 3480 962 περὶ
3529 892 3595 942 τά
3630 895 3881 963 μέγισται

518 981 635 1038 mis
664 978 846 1035 rebus
876 975 1204 1032 sententiae.
1238 976 1348 1029 Pro
1377 977 1627 1046 accepta
1673 987 1818 1044 ergo
1848 988 1922 1029 ex
1966 971 2159 1028 litteris

2280 967 2420 1022 Ἀντὶ
2445 968 2533 1023 οὖν
2563 980 2659 1035 τῆς
2716 975 2799 1026 ἐπὶ
2827 981 2936 1038 τοῖς
2981 978 3290 1049 γράμμασιν
3337 977 3656 1053 εὐφροσύνης
3685 981 3882 1042 πολλὴν

515 1069 740 1136 laetitia,
770 1066 1096 1141 plurimam
1124 1063 1425 1120 habemus
1451 1061 1700 1132 gratiam
1746 1060 2159 1135 praestantissi-

2278 1056 2494 1134 οἴδαμεν
2546 1065 2710 1138 χάριν
2748 1072 2820 1134 τῷ
2852 1066 3150 1137 τιμιωτάτῳ
3189 1067 3285 1136 υἱῷ
3317 1067 3462 1140 ἡμῶν
3492 1069 3742 1142 Εὗφημίῳ
3776 1093 3788 1105 ·

518 1175 619 1216 mo
644 1157 769 1213 ﬁlio
797 1158 1006 1212 nostro
1035 1152 1368 1226 Euphemin
1397 1170 1410 1209 :
1439 1152 1536 1209 cui
1565 1157 1622 1208 et
1659 1152 1788 1225 ipse
1817 1167 2032 1225 precor
2070 1167 2174 1208 au-

513 1248 724 1306 xilium
750 1261 931 1302 omne
957 1261 993 1300 a
1017 1247 1226 1300 sancto
1258 1241 1629 1312 contingere,
1671 1246 1730 1298 et
1772 1245 1828 1297 te
1856 1241 2062 1298 hortor
2109 1244 2176 1297 ut

515 1354 759 1396 mecum
783 1335 1043 1411 preceris
1063 1339 1129 1391 ut
1148 1334 1265 1391 cito
1287 1349 1426 1390 eum
1447 1333 1814 1406 recipiamus
1831 1349 1972 1388 cum
1996 1348 2172 1389 orna-

514 1429 747 1487 tissima
767 1426 1026 1497 conjuge
1047 1424 1254 1498 ipsius,
1272 1422 1398 1479 ﬁlia
1417 1427 1625 1480 nostra
1650 1422 1710 1478 in
1734 1421 2011 1478 Domino.
2042 1423 2175 1494 Ipse

515 1522 720 1576 autem
771 1515 1006 1573 exorari
1061 1519 1115 1571 te
1161 1513 1311 1582 sine,
1359 1517 1422 1569 ut
1470 1529 1544 1569 ne
1600 1512 1864 1568 laetitiam
1902 1517 2173 1568 nostram

517 1606 765 1665 exordio
794 1603 1277 1675 circumscribas,
1331 1603 1434 1658 sed
1482 1601 1688 1659 oblata
1731 1600 1909 1674 244
1955 1601 2159 1674 quovis

2283 1601 2620 1676 εὖφροσύνην,
2654 1599 2784 1654 ἀλλὰ
2814 1598 2907 1654 διὰ
2945 1610 3035 1664 τῆς
3079 1601 3160 1655 ἀεί
3189 1609 3637 1677 παραπιπτούσης
3681 1614 3890 1684 προφά-

516 1703 787 1770 tempore
834 1694 1152 1752 occasione
1213 1691 1460 1757 scribas,
1513 1697 1569 1748 et
1626 1706 1898 1748 amorem
1943 1690 2006 1746 in
2060 1706 2159 1746 nos

2283 1711 2411 1752 σεως
2440 1690 2775 1760 ἐπιστέλλειν,
2804 1696 2891 1744 καὶ
2920 1695 3014 1750 τὴν
3053 1695 3178 1766 πρὸς
3210 1695 3348 1766 ἡμᾶς
3398 1690 3637 1748 διάθεσιν
3673 1694 3744 1770 τῷ
3775 1719 3887 1752 πυ-

515 1793 686 1844 tuum
718 1785 1016 1858 colloquio
1047 1781 1341 1855 frequenti
1371 1780 1719 1851 adaugeas:
1754 1796 1826 1836 ac
1864 1780 1939 1835 de
1980 1779 2159 1836 Eccle-

2279 1789 2381 1852 κνῷ
2407 1790 2496 1841 τῆς
2525 1781 2732 1854 ὁμιλίας
2785 1781 2975 1848 αὔξειν,
3022 1787 3112 1833 καὶ
3148 1785 3213 1834 τα
3260 1787 3374 1856 περὶ
3421 1791 3520 1836 τῶν
3570 1785 3726 1839 αὑτοῦ
3765 1789 3884 1860 (59)

515 1879 640 1948 siis,
671 1893 808 1949 quae
840 1874 1003 1947 apud
1053 1889 1161 1928 vos
1212 1875 1370 1933 sunt,
1419 1869 1732 1943 quomodo
1779 1869 2159 1927 concordiam

2280 1869 2623 1935 Ἐκκλησιῶν,
2652 1871 2787 1931 ὅπως
2820 1871 2933 1941 ἔχει
2952 1873 3088 1922 κατὰ
3111 1873 3199 1928 τὴν
3232 1876 3554 1944 συμφωνίαν,
3582 1880 3880 1947 σημαίνειν·

513 1971 770 2029 servent,
804 1964 1138 2033 signiﬁces;
1168 1977 1277 2034 pro
1308 1960 1526 2016 nostris
1557 1963 1758 2016 autem
1789 1959 2071 2032 preceris,
2105 1963 2159 2015 ut

2277 1964 2394 2034 περὶ
2426 1955 2484 2011 δὲ
2514 1966 2610 2010 τῶν
2642 1958 2861 2011 ἐνταῦθα
2889 1961 3310 2034 προσεύχεσθαι,
3343 1962 3474 2013 ὥστε
3502 1966 3744 2032 γενέσθαι
3787 1972 3882 2019 καὶ

511 2057 690 2113 etiam
716 2054 879 2128 apud
912 2069 1023 2108 nos
1054 2050 1430 2124 tranquilitas
1475 2065 1703 2120 magna
1752 2049 1877 2118 ﬁat,
1913 2049 2169 2106 Domino

509 2149 717 2203 nostro
750 2149 959 2200 ventos
988 2159 1058 2199 ac
1081 2156 1244 2198 mare
1274 2141 1638 2213 increpante.

2279 1155 2368 1203 καὶ
2395 1151 2546 1214 αὐτὸς
2576 1157 2804 1226 εὔχομαι
2825 1160 2998 1207 πᾶσαν
3030 1155 3288 1227 ὑπάρχειν
3316 1155 3565 1229 βοήθειαν
3596 1157 3650 1222 ἐξ
3679 1160 3836 1232 ἁγίου
3869 1185 3883 1197 ·

2280 1245 2368 1292 καὶ
2399 1245 2456 1295 σε
2479 1245 2832 1316 συνεύχεσθαι
2847 1245 2970 1317 ἡμῖν
2993 1245 3436 1318 παρακα).ῶ,ὄπως
3463 1247 3520 1298 ἆν
3537 1246 3890 1324 ἀπολάϐοιμεν

2283 1331 2437 1384 αὐτὸν
2468 1331 2516 1384 ἐν
2555 1334 2713 1405 τάχει
2749 1336 2879 1406 μετά
2924 1343 3020 1395 τῆς
3052 1337 3421 1408 κοσμιωτάτης
3467 1337 3730 1411 ὁμοζυγος
3766 1345 3890 1410 (57)

2283 1423 2746 1497 αὑτοῦ,θυγατρό;
2777 1420 2836 1476 δε
2881 1425 3028 1496 ἡμῶν
3060 1423 3110 1476 ἐν
3165 1429 3363 1499 Κυρίῳ.
3407 1427 3786 1501 Παρακλήθητι
3829 1428 3892 1486 δε

2281 1517 2371 1565 καὶ
2421 1512 2579 1573 αὐτὸς
2629 1517 2700 1585 μὴ
2759 1511 2806 1565 ἐν
2865 1519 3153 1588 προοιμίοις
3206 1515 3331 1587 ἡμῖν
3379 1524 3578 1575 στῆσαι
3623 1521 3736 1589 (58)
3790 1525 3891 1582 τὴν

2275 2048 2397 2122 παρ’
2429 2051 2554 2121 ἡμῖν
2583 2047 2812 2120 γαλήνην
2841 2047 3089 2121 μεγάλην,
3120 2047 3528 2122 ἐπιτιμήσαντος
3556 2059 3647 2104 τοῦ
3681 2059 3880 2128 Κυρίου

2276 2142 2420 2213 ἡμῶν
2446 2136 2518 2210 τῷ
2540 2137 2706 2212 ἀνέμῳ
2735 2143 2825 2190 καὶ
2849 2146 2911 2211 τῇ
2939 2138 3202 2212 θαλάσσῃ.

1065 2292 1404 2349 EPISTOIA
1436 2291 1610 2346 CLV'.

2802 2296 3138 2344 ΕΠΙΣΤΟΛΗ
3180 2289 3338 2346 PNE’.

514 2421 788 2480 Basilius
817 2418 1033 2475 Sorani
1069 2417 1330 2487 Scythiae
1356 2416 1545 2480 ducis,
1577 2415 1907 2485 propinqui
1931 2415 2044 2484 sui,
2079 2415 2336 2486 querelis
2365 2415 2720 2487 respondet:
2771 2416 3064 2472 rationem
3101 2416 3299 2472 reddit
3339 2432 3451 2472 cur
3491 2419 3572 2474 ad
3593 2435 3720 2475 eum
3749 2437 3872 2476 non

585 2492 906 2560 scripserit,
941 2486 1309 2545 demonStrat
1339 2503 1400 2542 se
1419 2488 1587 2542 illius
1617 2487 1886 2541 oblivisci
1913 2501 2033 2560 non
2055 2501 2247 2555 posse,
2274 2487 2469 2560 necrin
2497 2486 2776 2560 precibus
2802 2489 3238 2556 ecclesiasticis,
3271 2504 3380 2544 nec
3406 2491 3722 2558 privatim:
3748 2498 3803 2548 et
3835 2509 3875 2550 a

584 2579 645 2620 se
663 2559 716 2619 et
743 2577 779 2617 a
808 2562 1230 2630 chorepiscopo
1278 2560 1716 2615 accusationem
1757 2559 2182 2630 nescioquam
2213 2559 2476 2627 repellit.
2512 2559 2813 2614 Hortatur
2842 2563 2905 2613 ut
2954 2561 3426 2628 persecutionem
3472 2577 3583 2630 pro
3631 2563 3876 2620 Christo

575 2634 947 2706 patientibus
968 2629 1187 2702 pergat
1216 2645 1591 2686 succurrere.
1622 2631 1810 2699 Rogat
1841 2629 2100 2701 denique
2128 2634 2193 2684 ut
2218 2630 2440 2700 patriae
2466 2631 2668 2686 mittat
2698 2631 2988 2702 reliquias
3007 2638 3373 2702 martyrum.

803 2787 944 2843 Sine
977 2785 1366 2854 inscriptione
1411 2798 1590 2839 causa
1632 2782 1854 2851 aliptae.

2620 2782 2992 2858 Ἀνεπίγραφος
3025 2784 3134 2854 (60)
3170 2782 3254 2837 ἐπὶ
3285 2782 3522 2858 ἀλείπτῃ.

579 2912 860 2988 Epistola,
883 2927 1071 2984 quam
1093 2909 1352 2983 primam
1386 2912 1440 2964 et
1459 2907 1649 2964 solam
1673 2906 1921 2977 dignata
1946 2909 2034 2962 est
2053 2920 2158 2961 no-

2344 2909 2480 2980 Πρός
2535 2906 2721 2969 πολλὰς
2776 2911 2866 2969 τὰς
2919 2904 3014 2961 διὰ
3057 2917 3148 2970 τῆς
3196 2907 3495 2978 ἐπιστολῆς,
3553 2911 3614 2970 ἣν
3661 2918 3878 2988 πρώτην

503 3005 600 3062 bis
627 2985 910 3061 nobilitas
935 3006 1039 3057 tua
1060 2999 1340 3064 scribere,
1368 2997 1565 3054 multae
1591 2996 1974 3053 continentur
1989 3011 2159 3051 accu-

2271 2999 2360 3049 καὶ
2389 3001 2550 3068 μόνην
2597 2997 2920 3060 κατηξίωσεν
2971 2999 3096 3071 ἡμῖν
3127 2999 3156 3056 ἡ
3215 2999 3441 3071 εὐγένειά
3500 3019 3595 3053 σου
3645 2999 3880 3076 διαπέμ-

503 3093 792 3158 sationes,
817 3089 1039 3163 quibus
1077 3089 1336 3144 incertus
1385 3103 1520 3141 sum
1561 3083 1873 3157 quomodo
1910 3099 2159 3156 respon-

2270 3067 2476 3155 ψασθαι
2516 3129 2530 3156 ,
2609 3067 3030 3160 ἐγγεγραμμένας
3115 3067 3432 3162 κατηγορίας
3503 3088 3680 3167 ἀπορῶ
3755 3067 3880 3165 (lii)

502 3180 722 3248 deam;
755 3194 877 3235 non
904 3179 1206 3249 justarum
1236 3175 1544 3232 rationum
1580 3173 1803 3246 inopia,
1855 3171 1963 3228 sed
2018 3171 2159 3244 quia

2272 3171 2765 3245 ἀπολογήσασθαί·
2821 3175 2879 3228 οὗ
2935 3172 3029 3228 διὰ
3082 3180 3174 3235 τὴν
3231 3185 3324 3229 τοῦ
3375 3174 3588 3231 δικαίου
3647 3177 3874 3250 ἔνδειαν,

501 3270 565 3326 in
589 3266 1081 3324 criminationum
1112 3263 1494 3320 multitudine
1521 3261 1778 3317 difficilis
1827 3265 1914 3316 est
1958 3260 2163 3332 praeci-

502 3374 767 3432 puarum
796 3355 1086 3422 delectus,
1109 3359 1166 3410 et
1195 3353 1359 3408 unde
1403 3351 1638 3408 initium
1686 3350 1864 3407 nobis
1911 3349 2162 3406 medelas

507 3446 877 3504 sumendum
907 3445 1002 3500 sit.
1036 3443 1151 3500 Sed
1207 3442 1357 3499 forte
1404 3440 1619 3497 eodem
1649 3440 1862 3496 ordine
1903 3455 2027 3511 quo
2067 3454 2164 3495 res

505 3537 738 3610 scriptae
759 3538 918 3600 sunt,
941 3531 1310 3598 incedentes,
1329 3531 1413 3586 sic
1443 3527 1694 3600 singulis
1721 3544 2034 3586 occurrere
2063 3527 2163 3583 de-

503 3627 740 3684 bemus.
771 3624 1030 3691 Quinam
1059 3621 1198 3678 hinc
1219 3621 1280 3677 in
1312 3620 1618 3693 Scythiam
1645 3617 2163 3692 proﬁciscerentur

503 3717 795 3773 hactenus
825 3711 1139 3785 ignoravi;
1180 3727 1250 3767 ac
1300 3727 1374 3766 ne
1414 3709 1489 3766 de
1527 3709 1600 3765 iis
1649 3708 1921 3782 quidem,
1973 3705 2079 3779 qui
2127 3721 2159 3762 e

501 3807 688 3863 domo
719 3809 822 3860 tua
850 3801 1102 3875 profecti
1133 3806 1294 3866 sunt,
1347 3798 1694 3856 admonitus
1743 3814 1904 3862 sum,
1941 3800 2007 3852 ut
2051 3810 2159 3868 per

499 3895 632 3953 illos
653 3900 706 3950 te
729 3893 1053 3949 salutarem
1080 3909 1093 3958 ;
1126 3889 1406 3962 quamvis
1427 3888 1679 3945 omnino
1705 3885 1765 3943 id
1783 3887 1930 3942 mihi
1957 3885 2158 3942 studio

498 3983 782 4052 habeam,
837 3985 902 4036 ut
952 3979 1302 4050 dignitatem
1362 3983 1528 4033 tuam
1569 3975 1784 4050 quavis
1839 3975 2158 4032 occasione

499 4071 706 4129 oblata
751 4069 1028 4125 salutem.
1087 4067 1231 4123 Fieri
1277 4072 1478 4122 autem
1537 4081 1660 4122 non
1714 4070 1908 4138 potest
1961 4065 2044 4120 tui
2093 4067 2160 4119 ut

497 4159 821 4217 obliviscar
862 4157 922 4212 in
962 4155 1262 4228 precibus,
1304 4155 1420 4210 nisi
1477 4155 1644 4226 prius
1698 4159 1971 4210 nostrum
2008 4152 2156 4208 illud

497 4266 671 4322 opus,
706 4247 785 4304 ad
814 4245 981 4319 quod
1011 4261 1125 4301 nos
1155 4244 1444 4299 Dominus
1486 4242 1825 4309 destinavit,
1867 4240 2156 4297 oblivioni

497 4337 831 4397 tradamus.
869 4335 1018 4391 Nam
1050 4333 1315 4406 profecto
1369 4332 1689 4388 meministi
1731 4331 2156 4388 ecclesiastica-

495 4447 633 4489 rum
662 4427 1184 4502 praedicationum,
1209 4441 1350 4480 cum
1380 4423 1573 4480 ﬁdelis
1604 4424 1684 4479 sis
1715 4423 1817 4479 Dei
1847 4423 2058 4494 gratia,
2093 4422 2153 4478 in

2267 4421 2736 4492 ἒκκλησιαστικῶν,
2768 4427 2955 4486 πιστὸς
2983 4424 3051 4475 ὢν
3103 4432 3166 4497 τῇ
3219 4431 3310 4476 τοῦ
3355 4430 3488 4477 Θεοῦ
3518 4426 3708 4499 χάριτι
3741 4446 3752 4458 ·
3784 4427 3868 4480 ὅτι

2272 3261 2400 3314 ἀλλά
2447 3260 2539 3316 διὰ
2586 3267 2644 3316 τὸ
2695 3262 2742 3316 ἐν
2791 3264 2977 3322 πλήθει
3033 3273 3131 3316 τῶν
3185 3264 3558 3340 ἐπιφερομένων
3613 3265 3878 3324 δύσκολον

2271 3349 2399 3405 εἶναι
2451 3361 2552 3406 τῶν
2590 3358 2934 3428 καιριωτέρων
2985 3356 3078 3412 τὴν
3106 3359 3450 3430 προ-τίμησιν,
3481 3362 3571 3410 καὶ
3621 3359 3733 3411 ὃθεν
3789 3356 3882 3414 δεῖ

2268 3450 2471 3516 πρῶτον
2500 3445 2641 3516 ἡμᾶς
2695 3443 2960 3518 ἄρξασθαι
3002 3451 3092 3504 τῆς
3152 3445 3441 3518 θεραπείας.
3482 3446 3548 3498 Ἣ
3596 3449 3744 3520 τάχα
3789 3445 3884 3503 δεῖ

2454 3540 2516 3605 τῇ
2577 3531 2692 3603 (62)
2744 3533 2888 3596 τάξει
2931 3541 3030 3586 τῶν
3077 3537 3442 3607 γεγραμμένων
3497 3542 3880 3611 χρησαμένους

2269 3619 2378 3693 ὀδῷ
2406 3625 2536 3697 πρὸς
2567 3623 2784 3674 ἕκαστον
2815 3619 3070 3694 ἀπαντῴη
3109 3625 3241 3685 Τοὺς
3291 3622 3377 3676 ἐπὶ
3432 3627 3654 3677 Σκυθίαν
3712 3624 3876 3680 ἀπαί-

2266 3731 2452 3786 ροντας
2508 3709 2731 3764 ἐντεῦθεν
2795 3715 2960 3786 μέχρι
3019 3717 3246 3784 σήμερον
3313 3713 3408 3764 οὐκ
3465 3712 3816 3789 ἐγνωρίσαμεν
3861 3739 3874 3752 ο

2269 3800 2376 3852 ἀλλ’
2408 3797 2533 3853 οὐδὶ
2569 3809 2671 3852 τῶν
2724 3799 2779 3852 ἔκ
2835 3809 2927 3863 τῆς
2977 3801 3147 3863 οἰκίας
3196 3803 3315 3872 (63)
3359 3803 3663 3875 ὑπέμνησαν
3707 3807 3871 3879 ἡμᾶς,

2267 3891 2402 3941 ὥστε
2432 3896 2734 3962 προσειπεῖν
2767 3908 2824 3941 σε
2879 3893 2992 3949 (64)
3025 3885 3078 3941 δ’
3107 3889 3276 3942 αὐτῶν
3312 3910 3326 3924 ο
3373 3895 3548 3944 καίτοι
3585 3895 3720 3944 πάνυ
3776 3891 3877 3948 διὰ

2267 3975 2508 4041 σπουδῆς
2556 3979 2852 4051 τιθεμένους
2889 3976 2974 4030 ἐπὶ
3003 3980 3177 4039 πάσης
3222 3981 3526 4053 προφάσεως
3576 3985 3875 4056 προσφθέγ-

2264 4070 2450 4140 γεσθαί
2482 4087 2578 4120 σου
2636 4073 2730 4126 τὴν
2783 4072 3086 4141 τιμιότητα.
3145 4068 3517 4122 Ἐπιλαθέσθαι
3576 4067 3635 4124 δέ
3689 4091 3784 4125 σου
3817 4074 3872 4126 ἑν

2265 4163 2593 4231 προσευχαῖς
2659 4153 2939 4226 ἀδύνατον,
3007 4156 3052 4210 εἰ
3109 4161 3180 4230 μὴ
3245 4162 3489 4233 πρότερον
3556 4167 3647 4212 τοῦ
3711 4163 3870 4234 ἔργου

2265 4247 2411 4317 ἡμῶν
2469 4243 2850 4318 ἐπιλαθώμεθα,
2915 4245 2986 4308 εἰς
3041 4245 3067 4298 ὃ
3125 4245 3298 4310 ἔταξεν
3359 4249 3493 4318 ἡμας
3553 4249 3578 4299 ὁ
3643 4251 3858 4322 Κύριος.

2265 4338 2543 4406 Μέμνησαι
2595 4337 2694 4407 γὰρ
2749 4337 2952 4395 πάντῶς
3008 4343 3107 4386 τῶν
3173 4335 3519 4410 κηρυγμάτων
3588 4338 3698 4403 (65)
3761 4345 3866 4388 τῶν

566 4630 589 4652 *
613 4627 772 4684 Alias
794 4623 1027 4678 CCXLI.
1064 4621 1292 4694 Scripta
1318 4634 1478 4675 anno
1517 4623 1638 4675 373.

567 4700 682 4771 (56)
712 4698 1085 4771 (Tytdgifzﬂvt
1119 4690 1208 4749 ιιίί
1247 4708 1395 4771 mss.
1443 4707 1660 4771 omnes
1701 4690 2151 4771 quos‘quidem

493 4760 848 4827 viderimus.
884 4760 1034 4823 Editi
1065 4766 1226 4836 ἀγίως
1254 4766 1414 4835 ἔχειν,
1442 4761 1624 4816 Paulo
1643 4760 1778 4834 post
1805 4760 1986 4816 iidem
2010 4761 2151 4816 editi

495 4842 761 4916 ὑπάρξειν,
791 4857 939 4916 mss.
971 4838 1119 4916 ut
1146 4841 1328 4916 textu.

566 4902 680 4983 (δῖ)
705 4902 1022 4983 Ὁμόζνγος.
1054 4909 1138 4964 lta
1161 4913 1278 4962 tres
1306 4903 1710 4977 antiquissimi
1737 4902 1976 4958 codices
2007 4924 2017 4960 :
2049 4903 2150 4959 alii

493 4987 551 5039 et
576 4982 715 5039 editi
741 4982 995 5051 συζύγου.

565 5055 679 5124 (58)
727 5044 1128 5124 Ἠμῐίστῆσοιι.
1164 5052 1338 5124 Deest
1384 5045 1850 5124 primavoxin
1879 5044 2149 5118 quinque

492 5118 808 5193 mss.,'non
838 5123 1132 5193 tamenin
1162 5119 1353 5174 tribus
1379 5118 1834 5193 antiquissimis.

566 5188 676 5265 (59⁷)
701 5201 811 5246 Τῶν
845 5193 1025 5244 αὐτοῦ.
1057 5192 1144 5265 Ita
1173 5196 1400 5265 septem
1437 5188 1581 5265 mss.
1616 5188 1766 5265 Εῤὶίὶ
1787 5195 2144 5265 τῶν-σαυτοῦ.

565 5259 1086 5339 (60)Ἀνεπίγραγος.
1114 5259 1274 5339 Hane
1301 5260 1614 5339 epistolam
1638 5263 1871 5339 gorang
1896 5259 2149 5339 Sgythiie

491 5331 630 5394 du‘ci
662 5331 946 5404 scriptam
977 5331 1106 5388 esse
1134 5331 1466 5404 probamus
1514 5331 1575 5386 in
1638 5333 1766 5386 Vita
1813 5331 1872 5386 S.
1909 5331 2146 5386 Basilii.

491 5410 640 5465 Vide
670 5405 983 5464 Addenda.

586 5484 933 5551 61)¹Απορςῖ›.
970 5478 1096 5530 Duo
1124 5489 1269 5551 mss.
1301 5472 1661 5551 recentiores
1691 5475 1905 5551 ἀπορον.

586 5485 673 5551 61)
697 5484 933 5550 Ἀπορῶ.
970 5483 1096 5530 Duo
1124 5489 1269 5527 mss.
1301 5483 1661 5528 recentiores
1691 5483 1905 5546 ἀπορον.

563 5483 679 5617 (62)
711 5556 793 5601 Δεῖ
825 5547 953 5617 αὐτῇ
989 5543 1259 5617 τῇηλΗῳο
1306 5542 1601 5614 scriptura
1648 5545 1755 5617 etsi
1807 5546 1869 5598 in
1907 5543 2149 5617 duobus

493 5603 727 5675 tantum
747 5603 978 5675 occurit
995 5603 1324 5679 codicibus,
1353 5603 1573 5686 nempe
1595 5613 1771 5671 Coisl.
1796 5613 2065 5672 secundo
2094 5619 2152 5672 et

2261 4622 2406 4694 Reg2
2438 4620 2724 4694 secundo,
2769 4635 2890 4694 non
2939 4619 3195 4694 dubium
3245 4625 3451 4677 tamen
3481 4621 3625 4694 quin
3658 4621 3865 4694 praefe-

2259 4691 2451 4765 renda
2471 4691 2546 4765 sit
2574 4692 2831 4761 vulgate:
2855 4689 2926 4744 δι’
2960 4692 3122 4750 αὐτὴν

2331 4763 2445 4834 (63)
2478 4763 2683 4824 Οἰκίας.
2718 4766 2803 4818 Ita
2833 4780 2957 4818 mss
3009 4763 3476 4835 quatuoraEditi
3507 4763 3716 4825 οἰκείας.

2333 4835 2448 4905 (64)
2481 4841 2787 4908 Προσειπεῖν
2844 4853 2920 4888 σε.
2980 4834 3201 4890 VOcula
3249 4834 3458 4891 addita
3499 4851 3572 4891 ex
3603 4840 3864 4909 quatuor

2259 4920 2410 4960 mss.

2333 4977 2999 5058 (65).Τῶν.κηρτζ7μάτων.
3043 4977 3267 5058 Eadem
3297 4992 3446 5058 voce
3486 4977 3867 5058 Firmilianus

2261 5047 2644 5120 Caesariensis
2675 5047 3456 5120 epis'copusiecclesiasticas
3481 5065 3686 5120 preces
3707 5049 3866 5105 desi-

2261 5118 2469 5188 gnavit
2493 5135 2554 5174 in
2586 5118 2844 5191 epistola
2873 5118 2952 5176 ad
2979 5119 3382 5189 Cyprianum.
3410 5118 3558 5176 Nam
3581 5121 3640 5175 in
3663 5121 3872 5176 Latina

2259 5191 3054 5271 interpretationeejusdem
3089 5191 3380 5271 epistolae,
3425 5207 3561 5262 quae
3595 5197 3687 5247 est
3715 5192 3873 5271 inter

2259 5261 2648 5334 Cyprianicas
2703 5261 2819 5328 75,
2854 5261 3479 5332 legimus'mulierem
3530 5262 3870 5334 quamdam

2259 5332 2375 5386 hOC
2405 5333 2639 5388 facinus
2673 5349 2888 5389 ausam
2920 5350 3073 5400 esse,
3103 5340 3169 5390 ut
3210 5341 3265 5390 et
3319 5332 3699 5390 invocatione
3747 5350 3870 5389 non

2259 5404 2695 5485 contemptibili
2721 5406 3106 5485 sancti/icere
3132 5421 3192 5485 se
3214 5421 3435 5485 panem
3465 5411 3519 5485 et
3574 5406 3871 5485 Eae/tari:

2257 5478 2432 5530 stium
2460 5479 2664 5544 facere
2720 5478 3045 5541 simularet,
3097 5484 3150 5533 et
3225 5478 3592 5543 sacri/icium
3627 5478 3872 5532 Domini

2258 5561 2378 5602 non
2405 5549 2536 5603 sine
2566 5555 2945 5605 sacramento
2990 5549 3185 5604 solitae
3201 5549 3655 5618 przedicationis
3686 5549 3867 5618 offer-

2259 5624 2372 5674 ret.
