4152 6448
270 345 376 400 613

1270 331 1758 392 EPISTOLARUM
1796 331 2082 390 CLASSIS
2120 335 2186 390 11.
2228 336 2443 393 EPIST.
2485 335 2664 392 CLVI.

3546 346 3654 403 614

271 473 364 522 καὶ
415 467 544 540 ὑπὲρ
594 471 694 517 τῶν
743 460 790 515 ἐν
841 458 1167 536 ἀποδημίαις
1217 457 1449 533 ἀδελφῶν
1490 456 1750 532 δεόμεθα,
1791 462 1882 510 καὶ

2026 459 2220 531 [uibus
2241 465 2299 517 et
2314 476 2424 533 pro
2446 461 2730 518 fratribus
2747 463 3276 535 peregrinantibus
3297 481 3652 542 precamur;

271 561 402 634 ὑπὲρ
483 564 584 609 τῶν
652 552 700 606 ἐν
768 560 881 613 ταῖς
948 556 1247 626 στρατείαις
1313 549 1724 623 ἐξεταζομένων,
1791 553 1883 601 καὶ

273 650 403 721 ύπὲρ
459 643 970 720 παρρησιαζομένων
1033 639 1126 694 διὰ
1181 644 1240 694 τὸ
1299 645 1461 713 ὄνομα
1520 645 1738 714 Κυρίου,
1797 643 1887 690 καὶ

276 739 404 811 ὑπὲρ
462 743 564 788 τῶν
618 736 742 794 τούς
791 734 1172 804 πνευματικούς
1237 733 1468 805 καρπούς
1520 726 1886 800 ἐπιδεικνυμέ-

277 849 396 894 νων,
450 823 499 877 ἐν
552 831 615 896 τῇ
680 821 809 894 ἁγία
861 820 1145 893 Ἐκκλησία
1191 822 1284 882 τὰς
1341 819 1503 892 εύχάς
1559 820 1846 891 ποιούμεθα
1873 837 1886 850 '

282 918 348 969 ὧν
385 916 592 976 πάντως
644 911 692 964 ἐν
741 919 850 973 τοῖς
887 909 1120 964 πλείοσιν
1148 912 1260 983 (66)
1307 911 1336 969 ἦ
1379 914 1470 962 καὶ
1518 908 1566 962 ἐν
1613 917 1716 971 τοῖς
1757 913 1891 962 πᾶσι

282 1004 560 1078 νομίζομεν
623 1005 715 1054 καὶ
781 1004 876 1058 τὴν
937 1005 1033 1059 σὴν
1103 999 1647 1074 ἐμπεριλαμϐάνεσθαι
1722 1003 1892 1072 τιμιὸο

286 1114 438 1153 τητα.
483 1088 623 1164 ’ἰδίᾳ
675 1087 735 1142 δέ
781 1109 874 1142 σου
925 1091 1071 1162 ἡμεῖς
1115 1097 1226 1152 πῶς
1276 1088 1336 1140 ἂν
1386 1087 1770 1162 ἐπιλαθώμεθα,
1799 1108 1892 1140 το-

295 1191 464 1238 σαῦτα
504 1184 714 1253 ἔχοντες
762 1181 830 1232 τὰ
870 1187 1116 1232 κινοῦντα
1139 1181 1277 1252 ἡμᾶς
1319 1181 1449 1252 πρὸς
1471 1184 1702 1252 μνήμην,
1736 1175 1892 1231 ἀδελ-

299 1276 396 1345 φήν
465 1271 706 1326 τοιαύτην
735 1311 750 1335 ,
827 1263 1140 1340 ἀδελφιδοῦς
1212 1270 1522 1334 τοιούτους,
1593 1270 1895 1338 συγγένειαν

299 1361 432 1413 οὕτω
481 1361 751 1433 χρηστὴν,
800 1357 960 1417 οὕτως
1009 1355 1297 1428 ἀγαπῶσαν
1350 1359 1511 1430 ἡμᾶς,
1561 1355 1722 1424 οἶκον,
1766 1355 1898 1408 οἰκέ-

293 1468 407 1518 τας,
452 1447 664 1520 φίλους·
710 1445 764 1509 ἐξ
815 1447 902 1518 ὧν,
953 1445 1048 1498 κᾶν
1096 1451 1167 1518 μή
1223 1444 1553 1519 βουλώμεθα,
1607 1445 1898 1518 ἀναγκαίως

292 1537 798 1610 ύπομιμνησκόμεθά
879 1555 974 1588 σου
1052 1543 1142 1596 τῆς
1217 1534 1421 1608 ἀγαθῆς
1497 1541 1892 1610 προαιρέσεως;

298 1632 419 1702 Περὶ
467 1623 527 1680 δε
575 1623 734 1679 τοῦδε
777 1627 803 1679 6
850 1623 1067 1698 ἀδελφὸς
1098 1627 1124 1678 6
1161 1621 1308 1678 δεῖνα
1345 1623 1497 1678 οὐδὲν
1537 1628 1661 1698 ἡμῖν
1691 1630 1900 1698 ἤνεγκεν

296 1717 564 1789 ἐπαχθὲς,
635 1711 760 1768 οὐδὲ
835 1714 957 1789 παρ’
1021 1716 1165 1787 ἡμῶν
1235 1712 1549 1787 βλάπτουσα
1608 1715 1757 1768 ούτόν
1823 1735 1904 1777 τις

1995 553 2053 604 et
2081 565 2192 621 pro
2240 550 2312 606 iis
2344 551 2449 623 qui
2495 551 2648 608 inter
2675 552 2966 609 militares
2996 555 3201 627 copias
3244 563 3651 630 recensentur,

1996 643 2054 695 et
2082 656 2192 712 pro
2218 640 2290 696 iis
2321 641 2428 714 qui
2453 641 2532 698 ob
2566 642 2800 699 Domini
2824 658 3051 700 nomen
3079 643 3268 702 libere
3296 646 3650 722 loquuntur,

1997 732 2053 785 et
2082 745 2193 802 pro
2225 730 2298 786 iis
2329 731 2433 804 qui
2464 731 2802 804 spirituales
2843 733 3071 789 fructus
3100 735 3306 804 edunt,
3339 753 3549 809 preces
3593 739 3656 795 in

1999 825 2210 877 sancta
2239 821 2504 878 Ecclesia
2532 821 2786 878 facimus
2812 839 2824 878 :
2858 839 3120 896 quorum
3151 826 3402 883 omnino
3431 827 3493 884 in
3525 827 3656 901 ple-

1997 909 2201 982 risque
2220 909 2315 966 vel
2335 911 2515 968 etiam
2535 911 2598 967 in
2617 911 2903 968 omnibus
2929 913 3297 971 arbitramur
3318 919 3484 973 tuam
3507 933 3659 990 quo-

2000 1014 2119 1071 que
2161 1001 2574 1072 praestantiam
2624 1001 3076 1073 comprehendi.
3112 1005 3400 1062 Caeterum
3436 1007 3541 1078 qui
3572 1007 3658 1064 tui

2002 1087 2282 1162 privatim
2312 1104 2556 1161 possem
2588 1088 2880 1148 oblivisci.
2911 1107 3051 1148 cum
3099 1095 3223 1149 tam
3272 1095 3463 1152 multa
3513 1096 3656 1168 sint,

2001 1193 2140 1251 qua:
2165 1181 2588 1234 commoveant
2613 1193 2709 1234 me
2740 1178 2818 1234 ad
2847 1179 3364 1239 recordationem:
3400 1183 3532 1240 talis
3563 1201 3659 1241 so-

2002 1283 2124 1336 ror,
2155 1265 2258 1322 ﬁlii
2304 1267 2528 1324 sororis
2563 1267 2730 1336 tales,
2757 1269 3036 1340 cognatio
3081 1275 3200 1327 tam
3247 1273 3510 1344 egregia,
3539 1279 3661 1332 tam

2004 1356 2193 1413 nostri
2218 1347 2456 1426 amans,
2482 1356 2731 1426 domus,
2756 1357 3087 1429 domestici,
3123 1360 3338 1417 amici:
3371 1378 3508 1434 quae
3533 1364 3664 1436 qui—

2006 1446 2146 1503 dem
2168 1446 2366 1515 nobis,
2386 1446 2621 1504 etiamsi
2641 1446 2930 1514 nolimus,
2951 1448 3181 1506 bonam
3202 1454 3370 1508 tuam
3389 1452 3664 1511 volunta-

2008 1535 2128 1592 tem
2157 1535 2218 1591 in
2244 1536 2604 1592 memoriam
2625 1537 2965 1594 necessario
2992 1542 3323 1596 revocant?
3351 1542 3526 1608 Quod
3555 1559 3664 1599 au-

2009 1630 2129 1682 tem
2161 1625 2239 1682 ad
2270 1625 2435 1681 aliud
2465 1625 2693 1692 attinet,
2725 1626 2820 1682 ille
2856 1626 3040 1684 frater
3081 1629 3231 1685 nihil
3275 1630 3445 1687 mihil
3473 1631 3668 1689 intulit

2011 1715 2320 1783 molestiae,
2340 1732 2536 1789 neque
2561 1716 2860 1773 sententia
2880 1716 3002 1774 ulla
3027 1717 3138 1776 fuit
3156 1735 3193 1776 a
3213 1720 3390 1777 nobis
3408 1722 3666 1795 prolata,

296 1811 467 1881 κρίσις
515 1805 837 1868 asumma:
895 1800 1140 1876 οὐδεμία.
1195 1803 1392 1877 Τρέψον
1450 1801 1538 1856 οὖν
1590 1809 1685 1862 τὴν
1735 1803 1902 1864 λύπην

2026 1819 2151 1878 quae
2171 1803 2336 1860 illum
2360 1803 2622 1861 laederet.
2641 1804 2918 1861 Dolorem
2945 1806 3146 1879 itaque
3171 1808 3232 1864 in
3253 1825 3358 1865 eos
3376 1811 3481 1884 qui
3504 1828 3670 1869 men-

297 1894 380 1948 ἐπὶ
418 1898 539 1956 τοὺς
588 1895 655 1946 τά
699 1889 871 1965 ψευδῆ
927 1889 1375 1966 διηγησαμένους,
1418 1891 1681 1955 ἀπολύσας
1728 1898 1906 1968 πάσης

297 1983 541 2058 μέμψεως
593 1987 685 2037 καὶ
713 1987 800 2036 τὸν
853 1988 1260 2057 χωρεπίσκοπον
1299 1988 1390 2036 καὶ
1447 1982 1554 2057 ἐμέ.
1585 1984 1646 2036 Εἰ
1694 1981 1754 2037 δέ
1790 2005 1908 2038 τινα

301 2071 458 2132 δίκην
497 2074 755 2145 γυμνάζει
787 2071 812 2124 ὁ
845 2072 1196 2145 σχολοστικὸς
1227 2077 1258 2124 ὅ
1284 2069 1448 2135 δεῖνα,
1486 2076 1600 2144 ἔχει
1643 2070 1906 2133 δικαστή-

296 2184 390 2239 ριοι
420 2159 664 2236 δημόσια
709 2166 802 2214 καὶ
845 2167 1055 2236 νόμους.
1097 2162 1253 2226 Ἀξιῶ
1297 2160 1384 2215 οὖν
1421 2163 1553 2234 ὑμᾶς
1584 2164 1668 2215 ἐπὶ
1707 2167 1908 2226 τούτοις

298 2251 566 2329 μηδεμίαν
597 2257 740 2326 ἔχειν
789 2252 1006 2326 μέμψιν.
1052 2252 1219 2314 Αὐτὸς
1269 2249 1329 2305 δὲ
1375 2252 1478 2304 ὅσα
1517 2259 1683 2313 ποιεῖς
1713 2251 1903 2325 ἀγαθὰ,

304 2352 505 2398 σεαυτῶ
556 2346 937 2417 θησαυρίζεις·
980 2347 1069 2395 καὶ
1115 2341 1176 2400 ἢν
1223 2344 1432 2415 παρέχῃ
1468 2339 1760 2394 ἀνάπαυσιν
1799 2350 1909 2404 τοῖς

303 2430 397 2487 διὰ
421 2436 480 2486 τὸ
516 2437 682 2505 ὄνομα
725 2437 817 2483 τοῦ
868 2435 1064 2505 Κυρίου
1097 2427 1451 2502 διωκομένοις,
1477 2433 1674 2487 ταύτην
1708 2439 1909 2503 σεαυτῷ

304 2522 352 2575 ἐν
405 2525 576 2598 ἡμέρᾳ
628 2527 722 2582 τῆς
774 2516 1206 2593 μισθαποδοσίας
1260 2519 1678 2593 προετοιμάζεις.
1730 2520 1909 2582 Καλῶς

311 2610 369 2665 δὲ
405 2615 666 2679 ποιήσεις,
700 2607 786 2661 ἐὰν
835 2611 922 2660 καὶ
971 2607 1192 2678 λείψανα
1243 2611 1520 2683 μαρτύρων
1570 2616 1632 2680 τῇ
1690 2606 1911 2684 πατρίδι

311 2700 608 2772 ἐκπέμψῃςο
670 2701 832 2772 εἴπερ,
889 2699 956 2759 ὡς
1010 2695 1301 2758 ἐπέστειλας
1357 2699 1503 2770 ἡμῖν,
1555 2698 1580 2749 6
1627 2695 1734 2749 ἐκεῖ
1789 2695 1912 2751 διω-

311 2793 444 2864 γμὸς
467 2796 600 2842 ποιεῖ
624 2791 714 2842 καὶ
741 2794 830 2840 νῦν
856 2789 1126 2861 μύρτυρας
1154 2794 1225 2858 τῷ
1257 2791 1453 2860 Κυρίῳ.

848 2935 1185 2984 ΕΠΙΣΤΟΛΗ
1227 2929 1383 2994 ΡΝξ.

2015 1893 2190 1951 dacia
2235 1893 2583 1959 retulerunt,
2624 1899 2924 1965 converte,
2953 1911 3172 1969 meque
3211 1902 3268 1954 et
3297 1899 3671 1974 chorepisco-

2014 1999 2165 2057 pum
2206 1982 2675 2055 reprehensione
2721 1983 2889 2039 omni
2917 1985 3182 2041 exsolve.
3223 1988 3391 2052 Quod
3425 1989 3474 2045 si
3503 1989 3670 2047 litem

2014 2075 2286 2131 intendat
2330 2073 2426 2128 ille
2475 2073 2892 2144 scholasticus,
2938 2075 3265 2134 tribunalia
3314 2078 3562 2152 publica
3613 2085 3672 2138 et

2014 2163 2177 2234 leges
2203 2162 2404 2220 habet.
2437 2165 2642 2236 Itaque
2663 2168 2717 2219 te
2737 2180 2908 2234 rogo,
2931 2170 2995 2222 ut
3020 2166 3096 2222 de
3125 2166 3216 2222 his
3245 2168 3394 2224 nihil
3424 2185 3672 2242 prorsus

2016 2252 2429 2325 conqueraris.
2451 2256 2535 2308 Tu
2554 2269 2696 2310 vero
2717 2253 3018 2327 quidquid
3047 2255 3196 2312 facis
3221 2257 3390 2329 boni,
3413 2259 3517 2315 tibi
3543 2260 3674 2334 ipse

2017 2341 2284 2412 colligis:
2319 2346 2376 2397 et
2403 2342 2569 2414 quod
2599 2341 2876 2399 levamen
2908 2343 3088 2400 aﬁers
3113 2345 3209 2400 his
3235 2346 3340 2418 qui
3373 2346 3550 2420 245
3593 2350 3673 2406 ob

2019 2430 2256 2488 Domini
2277 2447 2502 2487 nomen
2531 2433 3014 2503 persecutionem
3043 2435 3373 2506 patiuntur,
3398 2436 3542 2493 illud
3570 2438 3678 2495 tibi

2017 2519 2138 2594 ipsi.
2160 2520 2222 2576 in
2252 2524 2636 2576 antecessum
2676 2521 2738 2576 in
2768 2520 2863 2576 die
2893 2524 3396 2580 remunerationis
3443 2542 3678 2600 praepa-

2018 2626 2138 2666 ras.
2170 2611 2344 2665 Recte
2373 2614 2576 2665 autem
2607 2609 2840 2681 feceris,
2876 2611 2924 2666 si
2946 2616 3007 2667 et
3030 2612 3312 2684 reliquias
3340 2620 3678 2688 martyrum

2019 2698 2226 2772 patriae
2255 2699 2494 2765 mittas;
2528 2698 2825 2770 siquidem
2875 2703 2940 2756 ut
2983 2700 3158 2757 nobis
3202 2702 3516 2776 scripsisti,
3547 2721 3680 2778 per-

2022 2788 2248 2845 secutio
2277 2787 2396 2844 illic
2425 2788 2759 2845 etiamnum
2787 2789 3040 2846 Domino
3069 2795 3369 2863 martyres
3402 2793 3560 2851 facit.

2560 2932 2900 2988 EPISTOLA
2941 2934 3140 2992 CLVl'.

316 3056 552 3115 Laudat
569 3057 837 3130 Basitius
861 3057 925 3111 in
950 3055 1218 3124 Evagrio
1247 3060 1301 3130 et
1321 3055 1597 3130 ipseprae
1620 3070 1682 3112 se
1703 3056 1829 3130 fert
1855 3057 2121 3111 studium
2141 3055 2309 3124 pacis
2322 3070 2343 3122 ,'
2357 3055 2460 3110 sed
2470 3070 2617 3130 eam
2639 3058 2966 3130 conciliare
2986 3059 3420 3128 difﬁcillimum
3443 3062 3683 3130 fatetur

387 3144 521 3196 esse,
551 3143 658 3184 nec
683 3127 797 3183 sibi
820 3141 1152 3201 congruere
1182 3132 1247 3182 ut
1279 3126 1343 3182 id
1379 3128 1541 3201 solus
1574 3127 2008 3201 aggrediatur;
2040 3144 2172 3183 cum
2201 3127 2536 3201 praesertim
2574 3129 2885 3197 episcopus
2913 3131 2988 3184 sit
3019 3126 3355 3188 Antiochiae
3378 3126 3678 3201 Meletius,

384 3201 467 3256 ad
494 3215 664 3273 quem
691 3199 998 3268 proﬁcisci
1019 3214 1138 3252 non
1159 3203 1382 3273 potest;
1401 3199 1504 3273 sed
1530 3203 1729 3273 tamen
1752 3200 2125 3268 scripturum
2152 3213 2211 3254 se
2227 3198 2308 3253 ad
2330 3199 2507 3252 illum
2537 3201 3158 3273 promittitﬂeclarat
3188 3218 3249 3258 se
3272 3218 3380 3259 nec
3409 3198 3679 3273 partium

381 3269 715 3327 studiosum
747 3285 886 3335 esse,
915 3284 1024 3326 nec
1049 3269 1536 3325 accusationibus
1565 3271 1629 3324 in

1715 3285 2030 3346 uemquam
2061 3274 2570 3346 praroccupatum.
2607 3271 2829 3326 Mirum
2859 3273 2975 3346 sibi
3009 3274 3300 3346 accidisse
3327 3271 3493 3346 dicit,
3523 3275 3684 3346 quod

382 3358 459 3400 ea:
487 3342 789 3399 Dorotheo
837 3346 1174 3410 acceperat,
1205 3341 1539 3410 Evagrium
1587 3341 1852 3398 noluisse
1879 3342 2170 3398 Dorothei
2210 3346 2536 3396 conventus
2567 3357 2688 3397 esse
2719 3344 3099 3412 participem.
3140 3345 3328 3401 Addit
3376 3341 3489 3401 sibi
3532 3341 3682 3403 inte-

381 3430 573 3490 grum
588 3429 712 3490 non
744 3427 874 3490 esse
904 3413 1169 3490 Romam
1191 3413 1475 3490 mittere:
1502 3413 1771 3490 animam
1805 3427 1976 3469 suam
2023 3412 2096 3468 ab
2138 3411 2503 3468 adversariis
2532 3411 2745 3484 quaeri,
2783 3429 2891 3470 nec
2921 3411 3121 3472 tamen
3155 3432 3215 3472 se
3261 3417 3589 3490 quidquam
3615 3419 3688 3474 de

382 3482 490 3542 suo
517 3485 802 3542 Ecclesiae
831 3482 1216 3556 defendenda
1245 3483 1443 3539 studio
1468 3484 1884 3540 remissurum.

800 3625 1044 3703 Εύαγρίῳ
1079 3624 1434 3700 πρεσϐυτέρῳ.

394 3759 444 3809 1.
483 3757 744 3806 Τοσοῦτον
775 3749 1011 3822 ἀπέσχον
1057 3757 1151 3802 τοῦ
1205 3746 1538 3824 δυσχερᾶναι
1579 3769 1708 3825 προς
1738 3752 1797 3803 τὸ
1828 3757 1928 3823 μῆ-

319 3863 409 3906 κος
457 3850 558 3895 τῶν
621 3843 964 3914 γραμμάτων,
1021 3840 1155 3892 ὥστε
1215 3843 1306 3891 καὶ
1370 3842 1536 3914 μικρά
1596 3859 1688 3912 μοι
1751 3837 1928 3902 ἔδοξεν

322 3929 452 3986 εἶναι
489 3933 520 3990 ἡ
555 3928 801 3987 ἐπιστολὴ
859 3931 958 3981 ύπὸ
1005 3935 1098 3989 τῆς
1139 3929 1276 3980 κατά
1311 3931 1403 3986 τὴν
1453 3926 1744 4000 ἀνάγνωσιν
1796 3925 1930 3986 ἠδο-

320 4030 434 4083 νῆς.
486 4025 551 4073 Τί
601 4023 701 4095 γὰρ
761 4015 913 4078 ἣδιον
969 4019 1218 4090 ἄκουσμα
1273 4025 1364 4070 τοῦ
1415 4025 1510 4079 τῆς
1570 4017 1773 4092 εἰρήνης
1821 4017 1930 4069 ὀνό-

323 4126 525 4186 ματος;
557 4110 586 4168 ἢ
631 4113 684 4160 τί
716 4115 809 4161 τοῦ
844 4108 970 4182 ὑπὲρ
1005 4107 1118 4178 (67)
1166 4115 1266 4159 τῶν
1297 4108 1545 4158 τοιούτων
1586 4105 1932 4179 βουλεύεσθαι

329 4201 817 4273 ἱεροπρεπέστερον,
865 4200 956 4248 καὶ
1011 4194 1202 4268 μᾶλλον
1256 4202 1330 4266 τῷ
1380 4199 1556 4268 Κυρίῳ
1612 4199 1933 4270 κεχαρισμέ-

323 4307 445 4356 νον;
478 4293 561 4340 Σοὶ
598 4290 689 4360 μὲν
741 4282 832 4338 οὖν
862 4287 1141 4359 παράσχοι
1189 4285 1216 4337 6
1270 4286 1462 4359 Κύριος
1498 4287 1586 4337 τὸν
1615 4287 1808 4358 μισθὸν
1837 4293 1934 4348 τῆς

326 4379 694 4453 εἰρηνοποιίας,
739 4376 874 4428 οὕτω
939 4374 1104 4436 καλῶς
1160 4379 1578 4450 προαιρουμένῳ,
1625 4379 1715 4427 καὶ
1770 4394 1934 4428 σπου-

329 4464 490 4527 δαίως
552 4466 832 4539 ἐγκειμένῳ
905 4465 1182 4540 πράγματι
1245 4472 1598 4537 μαδιαρισϊῷ⁸
1665 4465 1801 4537 ἡμᾶς
1875 4459 1936 4517 δὲ

327 4555 533 4628 νόμιζε,
594 4560 743 4627 τιμία
794 4553 1008 4626 κεφαλὴ,
1070 4554 1214 4606 ἕνεκα
1273 4556 1364 4626 μεν
1419 4560 1513 4606 τοῦ
1573 4554 1932 4628 προῃρῆσθαι,

327 4650 424 4698 και
455 4645 706 4715 εὔχεσθαι
746 4640 877 4696 ἰδεῖν
930 4661 1054 4695 ποτε
1082 4647 1176 4700 τὴν
1224 4644 1422 4715 ἡμέραν
1467 4640 1515 4693 ἐν
1622 4643 1808 4704 πάντες
1848 4643 1934 4694 τὸν

327 4735 488 4789 αὐτὸν
534 4733 879 4809 πληρώσουσι
926 4733 1192 4804 σύλλογον,
1227 4734 1277 4785 οἱ
1325 4738 1442 4794 ταῖς
1491 4728 1748 4794 διανοίαις
1782 4730 1934 4789 ἀλλή-

324 4826 429 4879 λων
482 4827 554 4897 μή
607 4822 1014 4896 ἀπεσχισμένοι,
1064 4818 1256 4895 μηδενὶ
1313 4828 1652 4897 παραχωρεῖν
1709 4829 1808 4872 τῶν
1864 4819 1936 4880 εἰς

325 4917 424 4972 τὴν
477 4907 719 4970 σπουδὴν
767 4913 970 4962 ταύτων
1027 4914 1307 4982 πρωτείων.
1357 4913 1457 4962 Καὶ
1504 4912 1606 4984 γὰρ
1648 4907 1708 4960 ἆν
1762 4912 1935 4982 εἴημεν

327 5005 395 5062 ὡς
470 5000 675 5063 ἀληθῶς
741 5001 947 5052 πάντων
1018 4997 1300 5073 ἀνθρώπων
1368 4997 1738 5066 ἀτοπώτατοι,
1810 5003 1936 5071 σχί-

331 5109 502 5163 σμασι
554 5093 644 5142 καὶ
699 5094 1015 5160 κατατομαῖς
1062 5087 1383 5144 Ἐκκληοίῶν
1440 5083 1749 5160 ἐφηδόμενοι
1799 5088 1932 5159 (68),

328 5183 423 5230 καὶ
469 5183 538 5250 μὴ
587 5183 683 5236 τὴν
729 5179 1007 5250 συνάφειαν
1050 5185 1152 5230 τῶν
1195 5176 1358 5250 μελῶν
1410 5183 1502 5229 τοῦ
1556 5182 1798 5249 σώματος
1844 5184 1936 5229 τοῦ

325 5275 566 5343 Χριστοῦ
623 5270 680 5320 τὸ
727 5271 976 5339 μέγιστον
1032 5274 1132 5318 τῶν
1182 5264 1390 5337 ἀγαθῶν
1447 5266 1724 5337 τιθέμενοι.
1774 5263 1936 5318 Ὀσον

326 5363 502 5430 μέντοι
554 5365 646 5417 τῆς
695 5354 975 5427 ἐπιθυμίας
1026 5356 1152 5428 ἡμῖν
1200 5359 1456 5427 πείρεστι,
1498 5360 1746 5408 τοσοῦτον
1787 5357 1942 5426 γίνω-

404 5519 512 5585 (66)
558 5517 643 5570 Ἐν
685 5522 793 5576 τοῖς
837 5513 1089 5567 πλείοσιν.
1142 5515 1228 5571 Ita
1264 5513 1563 5586 quinque
1592 5528 1742 5570 mss.
1771 5513 1941 5586 Editi

327 5585 380 5639 ἐν
409 5583 511 5650 τοῖς
542 5594 785 5664 χρόνοις.
819 5586 1017 5643 Codex
1049 5603 1086 5644 ἃ
1111 5583 1475 5644 Combeﬁsio
1514 5583 1730 5642 citatus
1760 5585 1808 5638 ἐν
1834 5591 1942 5647 τοῖς

321 5679 567 5736 κρωτοις.

2532 3626 2800 3697 Evagrio
2835 3628 3204 3700 presbytero.

2112 3754 2162 3804 1.
2205 3752 2461 3805 Tantum
2502 3749 2690 3806 abfuit
2721 3754 2786 3806 ut
2821 3750 3070 3808 moleste
3113 3753 3330 3809 ferrem
3373 3753 3694 3825 longitudi-

2038 3853 2176 3894 nem
2226 3837 2577 3906 litterarum,
2628 3843 2694 3894 ut
2740 3845 2949 3896 contra
2988 3841 3187 3896 brevis
3240 3842 3389 3897 mihi
3437 3843 3570 3899 visa
3622 3843 3696 3900 sit

2039 3927 2296 3999 epistola
2325 3943 2449 3998 prie
2490 3927 2729 3996 legendi
2775 3928 3107 4000 voluptate.
3143 3931 3295 3996 Quid
3335 3931 3492 3988 enim
3526 3933 3694 4004 pacis

2038 4016 2285 4072 nomine
2327 4016 2658 4087 jucundius
2697 4016 2952 4073 auditu?
2984 4023 3087 4074 aut
3134 4019 3281 4091 quid
3326 4021 3597 4077 sanctius
3641 4025 3699 4078 et

2041 4103 2297 4160 Domino
2324 4105 2574 4173 gratius,
2607 4120 2794 4176 quam
2826 4106 2900 4160 de
2947 4107 3129 4162 rebus
3160 4108 3514 4179 hujusmodi
3557 4125 3697 4166 con-

2040 4192 2238 4248 silium
2266 4192 2414 4248 inire
2434 4194 2462 4249 ἱ)
2491 4192 2617 4250 Tibi
2645 4193 2825 4263 igitur
2853 4199 3098 4268 praestet
3141 4197 3432 4253 Dominus
3471 4214 3696 4254 merce-

2041 4281 2181 4337 dem
2211 4282 2665 4355 paciﬁcationis,
2699 4288 2823 4339 tam
2856 4284 3146 4356 praeclara
3177 4285 3280 4341 tibi
3311 4287 3696 4359 proponenti,

2041 4375 2099 4428 et
2137 4376 2261 4428 tam
2305 4371 2571 4428 studiose
2610 4374 2671 4428 in
2717 4389 2865 4444 rem,
2917 4391 3054 4446 qua:
3093 4373 3271 4431 beata
3315 4376 3698 4447 praedicatur,

2040 4461 2433 4518 incumbenti.
2472 4465 2590 4519 Nos
2635 4467 2836 4518 autem
2864 4463 3160 4526 existima,
3195 4469 3378 4536 caput
3409 4480 3701 4520 veneran-

2040 4550 2211 4614 dum,
2243 4550 2410 4624 quod
2440 4554 2671 4622 spectat
2711 4551 2790 4607 ad
2833 4551 3201 4607 voluntatem
3235 4556 3292 4608 et
3331 4552 3698 4609 desiderium

2039 4639 2282 4697 videndi
2314 4639 2645 4713 aliquando
2674 4640 2830 4695 illius
2857 4640 2992 4708 diei,
3022 4656 3145 4712 quo
3171 4657 3383 4696 omnes
3415 4649 3698 4698 eumdem

2042 4733 2261 4786 castum
2283 4728 2745 4801 implebuntqui
2768 4729 3063 4785 sententia
3091 4728 3246 4784 inter
3274 4745 3336 4784 se
3367 4729 3545 4784 divisi
3574 4746 3700 4787 non

2043 4822 2205 4886 sunt,
2227 4818 2455 4874 nemini
2480 4817 2541 4874 in
2570 4817 2686 4873 hoc
2713 4815 2914 4872 studio
2936 4817 3166 4890 primas
3189 4816 3540 4874 concedere.
3567 4821 3702 4875 Pro-

2042 4907 2194 4963 fecto
2213 4907 2372 4962 enim
2391 4922 2662 4962 essemus
2677 4921 2815 4961 vere
2836 4905 3183 4961 mortalium
3201 4906 3471 4962 omnium
3497 4907 3704 4964 absur-

2043 4996 2304 5062 dissimi,
2333 4995 2381 5050 si
2416 4994 2847 5050 schismatibus
2881 5009 2950 5049 ac
2980 4993 3384 5051 divisionibus
3415 4997 3701 5053 Ecclesia-

2041 5101 2180 5141 rum
2222 5083 2682 5144 oblectaremur,
2717 5099 2827 5138 nec
2871 5083 3357 5154 conjunctionem
3389 5085 3702 5143 membro-

2042 5191 2179 5230 rum
2211 5172 2480 5244 corporis
2514 5171 2727 5229 Christi
2754 5173 3090 5229 maximum
3122 5173 3425 5230 bonorum
3457 5174 3701 5230 ducere-

2045 5279 2200 5319 mus.
2252 5267 2323 5317 At
2359 5264 2654 5333 quantum
2705 5261 2882 5318 nobis
2929 5261 3085 5318 inest
3129 5263 3433 5329 desiderii,
3467 5268 3700 5319 tantum

2045 5353 2194 5409 scito
2222 5351 2521 5408 facultatis
2550 5353 2782 5408 deesse.
2815 5353 2940 5408 Non
2970 5353 3132 5408 enim
3171 5353 3410 5424 ignorat
3440 5351 3703 5424 perfecta

2119 5514 2232 5583 (67)
2269 5511 2333 5586 :‘H
2366 5516 2427 5586 1'£_
2446 5519 2536 5564 τοῦ
2569 5513 2720 5586 ύπέρ.
2750 5514 2918 5586 Deest
2947 5516 2976 5570 ἦ
3010 5511 3070 5567 in
3102 5512 3337 5586 Med._et
3368 5509 3520 5586 Harl.

2123 5577 2241 5656 (68),
2256 5580 2630 5656 ῨἘφηὸόμενοι.
2645 5577 2800 5639 Harl.
2817 5589 2872 5640 et
2894 5586 3034 5652 Reg.
3053 5583 3354 5638 secundus
3380 5577 3701 5652 ἐνηδόμενοι.

2123 5657 2142 5677 ·
2181 5655 2340 5712 Alias
2371 5655 2658 5713 CCCXL".
2694 5656 2926 5726 Scripta
2955 5669 3117 5710 anno
3149 5657 3274 5709 373.
