4152 6388
564 319 670 377 615
1953 311 2009 370 S.
2051 305 2204 367 BASI

2338 301 2560 364 MAGNI
3835 327 3943 382 616

564 447 671 501 tua
699 441 1042 517 prudentia,
1066 443 1336 515 tempore
1361 440 1752 498 corroborata
1776 439 1940 497 mala
1956 436 2204 511 primum

2301 450 2436 487 ,σκε
2478 442 2574 498 τῆς
2625 434 2891 514 δυνάμεως
2937 439 3120 499 ἐνδεῖν.
3174 441 3249 495 Οὐ
3296 445 3395 519 γὰρ
3447 443 3618 517 ἀγνοεῖ
3661 466 3754 501 σου
3790 450 3820 508 ἡ
3851 470 3941 505 τε-

566 533 817 607 quidem
883 537 1155 605 tempore
1202 531 1473 601 indigere
1521 535 1587 586 ut
1637 534 1960 587 sanentur:
2008 525 2206 582 deinde

2339 521 2451 578 λεία
2515 531 2800 601 φρόνησις,
2868 533 2947 585 ὅτι
3008 534 3075 586 τά
3138 537 3315 609 χρόνῳ
3375 538 3723 610 κρατυνθέντα
3795 543 3938 601 πάθη

566 625 717 681 forte
765 639 837 680 ac
883 622 1068 679 ﬁrma
1109 622 1327 693 agendi
1374 622 1624 688 ratione,
1677 621 1726 677 si
1773 621 1911 694 quis
1964 618 2101 674 velit
2147 618 2206 674 ac

2337 621 2578 686 πρῶτον,
2638 619 2729 690 μὲν
2786 625 2984 696 χρόνου
3044 619 3214 675 δεῖται
3270 626 3402 698 πρὸς
3457 629 3550 684 τὴν
3609 622 3937 701 διόρθωσιν·

565 714 762 770 imum
818 713 1025 786 ipsum
1076 710 1433 784 pertingere,
1488 711 1642 768 adeo
1691 715 1754 766 ut
1806 707 2205 782 aegrotantiun

2338 702 2512 756 ἔπειτα
2579 705 2810 782 ἰσχυρᾶς
2875 715 2964 764 καὶ
3026 711 3368 787 εὐτονωτέρας
3427 715 3638 786 ἀγωγῆς
3695 717 3825 788 (69),
3898 721 3941 772 εἰ

567 803 767 860 morbi
822 801 1111 858 radicitus
1162 800 1509 857 evellantnr.
1565 804 1693 857 Non
1746 804 1800 856 te
1857 798 2009 870 fugit
2058 799 2207 871 quo:

2336 793 2510 864 μέλλοι
2569 815 2652 859 τις
2713 806 2806 851 τοῦ
2873 799 3070 872 βάθους
3127 804 3288 854 αὑτοῦ
3353 805 3739 874 καθικνεῖσθαι,
3806 809 3941 866 ὥστε

568 892 724 964 dico,
758 905 830 948 ac
861 891 912 947 si
943 889 1162 946 clarius
1190 887 1568 963 loquendum
1598 889 1798 946 nullus
1829 888 2025 946 timor.

2335 883 2597 959 πρόρριζα
2649 885 2828 950 ἐξελεῖν
2885 898 2984 942 τῶν
3036 895 3332 964 καμνόντων
3387 895 3452 944 τὰ
3509 893 3929 969 ἀρρωστήματα.

2337 969 2508 1038 Οἶδας
2553 972 2612 1029 δί
2652 976 2677 1030 ὃ
2724 977 2876 1052 λέγω,
2905 983 2995 1034 καὶ
3023 980 3067 1034 εἰ
3097 978 3180 1034 δεῖ
3216 985 3517 1056 τρανότερον
3548 983 3729 1056 εἰπεῖν,
3760 983 3939 1051 οὐδεὶς

2335 1064 2362 1115 ό
2391 1063 2568 1136 φόϐος.

634 1165 689 1217 2.
731 1163 1015 1216 Amorem
1069 1156 1161 1214 sui
1210 1157 1650 1216 consuetudine
1701 1158 1933 1214 diutina
1988 1156 2224 1214 radices

2405 1157 2460 1211 2.
2501 1159 2606 1214 Τὴν
2645 1156 2918 1230 φιλαυτίαν
2967 1161 3068 1213 ἔθει
3107 1169 3291 1236 μακρῷ
3326 1168 3442 1223 ταῖς
3488 1162 3699 1236 ψυχαῖς
3729 1162 3939 1239 ἐρῥιζως

561 1249 624 1306 in
677 1248 897 1307 animis
944 1249 1274 1306 habentem
1321 1263 1518 1319 neque
1560 1248 1651 1304 vir
1696 1264 1856 1304 unus
1897 1247 2201 1320 exstirpar:

2337 1246 2512 1298 θεῖσαν
2561 1247 2629 1308 εἷς
2671 1246 2798 1321 ἀνὴρ
2837 1249 2955 1318 (70)
2999 1249 3184 1304 ἀνελεῖν
3229 1251 3333 1323 οὐχ
3383 1253 3484 1314 οἷός
3530 1272 3614 1317 τε,
3665 1250 3781 1306 οὐδ’
3834 1254 3939 1308 ἐπι-

561 1342 780 1413 potest,
812 1353 925 1396 nec
977 1338 1230 1412 epistola
1268 1353 1412 1408 una,
1439 1353 1552 1394 nec
1581 1341 1821 1410 tempus
1866 1337 2068 1394 breve.
2119 1339 2201 1394 Su

2336 1333 2492 1393 στολὴ
2519 1339 2634 1408 μία,
2670 1333 2793 1390 οὐδὲ
2817 1343 3007 1412 χρόνος
3049 1338 3279 1414 βραχὺς.
3311 1342 3416 1403 Τάς
3445 1343 3545 1417 γὰρ
3578 1343 3821 1405 ὑπονοίας
3852 1351 3940 1398 καὶ

561 1429 864 1503 spiciones
894 1429 1056 1485 enim
1087 1444 1157 1484 ac
1189 1428 1735 1485 contradictionum
1761 1427 1978 1500 jurgia,
2002 1426 2116 1482 nisi
2148 1426 2198 1482 si

2331 1427 2422 1485 τάς
2487 1424 2542 1489 ἐξ
2603 1424 2904 1500 ἀντιλογιῶν
2959 1429 3285 1506 παρατριϐὰς
3348 1431 3604 1493 παντελῶς
3668 1431 3941 1509 ἀναιρεθῆ-

561 1520 781 1593 aliquis
806 1519 973 1593 pacis
998 1523 1309 1592 sequester
1330 1519 1680 1575 auctoritate
1701 1516 2201 1591 pollens,omnin:

2330 1533 2435 1580 ναι,
2495 1519 2567 1588 μὴ
2629 1515 2934 1580 ἀξιοπίστου
2991 1523 3128 1582 τινὸς
3189 1524 3546 1593 μεσιτεύοντος
3602 1530 3664 1596 τῇ
3735 1524 3936 1600 εἰρήνη,

559 1610 686 1667 tolli
715 1625 838 1666 non
861 1612 1135 1683 possunt.
1161 1608 1334 1676 Quod
1361 1609 1408 1664 si
1439 1609 1642 1679 gratiae
1665 1607 1769 1663 rivi
1800 1608 1861 1664 in
1890 1623 1987 1663 me
2018 1607 2196 1664 aﬂlue

2333 1603 2630 1678 ἀμήχανον.
2693 1611 2792 1660 Καὶ
2848 1609 2890 1660 εἰ
2945 1611 3036 1682 μὲν
3089 1609 3278 1685 ἒτέῥρει
3339 1612 3464 1684 ἡμῖν
3517 1614 3583 1665 τά
3636 1616 3783 1688 παρά
3844 1623 3938 1677 τῆς

557 1703 712 1768 rent,
740 1700 790 1756 si
819 1704 875 1757 et
907 1713 1184 1756 sermone
1215 1703 1273 1755 et
1305 1713 1486 1772 opere
1512 1701 1570 1755 et
1601 1697 1777 1754 donis
1808 1695 2197 1770 spiritualibu:

2331 1696 2576 1768 χάριτος,
2625 1700 2715 1749 καὶ
2765 1693 2890 1770 ἦμεν
2937 1695 3153 1751 δυνατοὶ
3200 1699 3334 1772 λόγῳ
3382 1703 3472 1752 καὶ
3519 1703 3652 1775 ἔργῳ
3697 1708 3788 1755 καὶ
3832 1711 3937 1766 τοῖς

557 1793 817 1850 idoneus
848 1805 1068 1862 essem,
1095 1794 1161 1847 ut
1191 1805 1295 1846 eos
1328 1789 1434 1862 qui
1459 1789 1571 1845 sibi
1599 1789 1861 1845 invicem
1892 1788 2197 1845 adversan-

2296 1792 2696 1858 ;πνευματικοῖς
2741 1793 3052 1861 χαρίσμασι
3104 1785 3427 1848 δυσωπῆσαι
3477 1794 3592 1852 τοὺς
3641 1788 3936 1846 ἀντιδιατι-

557 1886 675 1953 tur,
707 1881 1028 1949 ﬂecterem,
1061 1879 1370 1953 negotium
1404 1881 1635 1936 tantum
1679 1881 1842 1935 esset
1887 1877 2197 1950 suscipien-

2331 1877 2570 1948 θεμένους
2629 1877 2740 1948 (71)
2774 1920 2789 1945 ,
2858 1875 2963 1931 ἔδει
3043 1878 3442 1952 κατατολμῆσαι
3509 1888 3600 1933 τοῦ
3675 1885 3931 1935 τοσούτου

556 1972 726 2028 dum.
759 1973 926 2027 Forte
947 1975 1149 2028 tamen
1173 1985 1248 2026 ne
1269 1975 1412 2026 tunc
1432 1968 1680 2042 quidem
1702 1967 1877 2025 nobis
1901 1968 2192 2024 suaderes

2325 1968 2678 2039 πράγματοςο
2731 1969 2881 2040 τάχα
2933 1964 2994 2021 δε
3058 1965 3174 2021 οὐδ’
3231 1968 3291 2020 ἃν
3343 1974 3460 2022 τότε
3527 1970 3931 2036 συνεϐούλευσας

552 2065 621 2118 ut
649 2060 759 2118 soli
785 2061 863 2117 ad
890 2058 1379 2117 emendationem
1407 2058 1897 2130 aggrederemur,
1921 2073 2062 2114 cum
2091 2057 2189 2131 epi

2327 2056 2452 2128 ἡμῖν
2500 2060 2673 2129 μόνοις
2722 2056 2880 2111 ἐλθεῖν
2925 2057 3008 2111 ἐπὶ
3062 2062 3150 2117 τὴν
3209 2058 3580 2135 ἐπανόρθωσιν,
3639 2065 3780 2124 ὄντος
3838 2071 3929 2116 τοῦ

555 2167 775 2226 scopus
808 2151 884 2207 sit
912 2151 1013 2208 Dei
1038 2150 1249 2222 gratia,
1279 2150 1359 2206 ad
1383 2165 1567 2222 quem
1598 2147 1872 2206 Ecclesia:
1898 2163 2044 2204 cura
2067 2163 2192 2221 prae

2327 2143 2613 2199 ἐπισκόπου
2643 2155 2706 2220 τῇ
2736 2154 2826 2201 τοῦ
2863 2155 2995 2201 Θεοῦ
3027 2151 3235 2224 χάριτι,
3334 2152 3364 2208 ἡ
3400 2155 3608 2224 φροντὶς
3637 2150 3793 2211 ἀνῆκε
3820 2153 3929 2226 (72)

552 2243 729 2317 cipue
776 2241 1048 2316 pertinet,
1091 2241 1197 2315 qui
1239 2255 1438 2314 neque
1483 2239 1562 2296 ad
1602 2253 1717 2296 nos
1753 2239 1954 2295 venire
1995 2242 2192 2311 potest

2324 2239 2724 2308 προηγουμένως
2781 2243 2877 2298 τῆς
2927 2236 3242 2300 Ἐκκλησίας
3276 2258 3288 2272 ·
3348 2237 3402 2291 ὃν
3467 2242 3584 2292 οὔτε
3645 2239 3796 2293 αὐτόν
3855 2241 3927 2294 ἔλ-

551 2347 752 2406 neque
774 2331 954 2389 nobis
981 2330 1221 2388 interim
1247 2329 1326 2387 ob
1346 2327 1997 2402 hiemem'peregrinari
2017 2327 2189 2385 facile

2327 2324 2428 2376 θεῖν
2477 2327 2611 2399 πρὸς
2661 2326 2801 2398 ἡμᾶς
2843 2327 2948 2379 οἶόν
2997 2345 3071 2392 τε,
3107 2331 3197 2380 καὶ
3239 2329 3365 2401 ἡμῖν
3409 2325 3774 2402 ἀποδημήσειν
3806 2334 3929 2392 τέως

549 2421 647 2480 vel
676 2422 875 2496 potius
913 2420 1079 2478 nullo
1121 2420 1309 2477 modo
1351 2418 1653 2489 integrum
1684 2422 1792 2489 est,
1839 2433 1965 2475 non
2013 2417 2189 2475 solun

2322 2413 2423 2465 ὑπό
2467 2420 2560 2465 τοῦ
2617 2423 2878 2487 χειμῶνος
2925 2415 2984 2468 οὐ
3037 2413 3246 2491 ῥᾴδιον,
3297 2416 3486 2490 μᾶλλον
3542 2414 3600 2471 δί
3662 2418 3926 2482 παντελῶς

551 2511 696 2586 quia
725 2527 944 2584 corpus
975 2509 1122 2566 mihi
1155 2509 1332 2582 246
1364 2509 1709 2565 inﬁrmitate
1743 2507 1975 2564 diutina
2003 2507 2191 2565 confe-

2323 2499 2600 2570 ἀδύνατον,
2653 2506 2710 2556 οὗ
2764 2508 2916 2576 μόνον
2969 2507 3155 2558 καθότι
3200 2509 3260 2558 τὸ
3312 2509 3464 2580 σῶμα
3518 2527 3606 2580 μοι
3653 2508 3766 2579 (73)
3823 2509 3923 2561 ὑπό

551 2605 715 2658 ctum
746 2605 855 2672 est,
884 2599 989 2656 sed
1017 2599 1194 2656 etiam
1217 2599 1363 2672 quia
1392 2598 1886 2655 Armeniacorum
1911 2598 2191 2654 montiun

2321 2599 2526 2667 μακρᾶς
2583 2593 2874 2670 ἀρρωστίας
2932 2593 3231 2671 ἀπείρηκεν,
3283 2594 3392 2648 ἀλλ’
3445 2598 3526 2650 ὅτι
3566 2600 3656 2649 καὶ
3709 2597 3763 2649 αἱ
3826 2605 3925 2650 τῶν

548 2689 835 2747 transitus
874 2688 1059 2763 paulo
1089 2691 1231 2762 post
1258 2687 1360 2745 ﬁet
1388 2687 1718 2760 impervius
1765 2686 1947 2744 etiam
1993 2687 2065 2743 iis
2103 2703 2186 2760 qu

2319 2683 2669 2760 Ἀρμενιακῶν
2737 2687 2790 2737 αἰ
2864 2684 3170 2760 ὐπερϐάσεις
3233 2689 3419 2762 μικρὸν
3498 2687 3715 2761 ὕστερον
3789 2687 3923 2740 ἄϐα-

548 2781 721 2836 aetate
753 2778 1004 2836 omnino
1049 2778 1274 2850 vigent.
1309 2780 1499 2851 Atque
1547 2777 1678 2833 haec
1726 2775 1973 2850 quidem
2018 2777 2072 2833 ei
2101 2793 2188 2851 pe]

2317 2793 2399 2827 τοι
2430 2775 2542 2847 (74)
2585 2779 2818 2848 γίνονται
2864 2779 2950 2828 καὶ
3002 2783 3112 2839 τοῖς
3160 2777 3295 2830 πάνυ
3344 2776 3460 2830 καθ’
3507 2776 3716 2836 ἠλικίαν
3765 2797 3922 2854 σφρι-

546 2869 774 2926 litteras
831 2867 1172 2938 significare
1223 2883 1348 2923 non
1409 2865 1733 2936 gravabor.
1794 2865 1946 2922 Nihil
2003 2871 2186 2923 tamet

2317 2872 2474 2936 γῶσι.
2518 2869 2791 2938 Γραμματι
2821 2861 2880 2919 δὲ
2927 2865 3068 2938 αὐτῷ
3117 2873 3351 2940 σημᾶναι
3376 2868 3482 2939 (75)
3508 2875 3677 2921 ταῦτα
3705 2867 3763 2921 οὐ
3797 2887 3923 2942 παρ-

547 2963 798 3032 expecto
827 2975 898 3015 ex
928 2958 1136 3015 litteris
1185 2957 1438 3028 alicujus
1485 2955 1778 3012 momenti
1829 2960 2180 3013 eventurum

2321 2959 2630 3028 αιτὴσομαι.
2688 2955 2764 3007 Οὐ
2822 2959 2995 3028 μέντοι
3051 2953 3335 3031 προσδοκῶ
3387 2977 3439 3010 τι
3487 2960 3541 3010 ἐκ
3596 2966 3696 3010 τῶν
3753 2978 3921 3031 γραμ-

545 3052 676 3106 tum
700 3047 813 3104 viri
841 3051 1191 3104 accuratam
1218 3045 1438 3117 agendi
1467 3047 1764 3102 rationem
1791 3045 2182 3102 considerans

2314 3046 2492 3117 μάτων
2555 3042 2822 3118 ἀξιόλογον
2875 3043 3258 3115 ἀποϐήσεσθαι,
3316 3055 3410 3110 τῆς
3467 3066 3520 3100 τε
3575 3047 3670 3101 τοῦ
3728 3044 3921 3124 ἀνδρὸς

546 3141 676 3196 tum
701 3137 898 3211 ipsam
923 3137 1257 3194 litterarum
1278 3133 1741 3208 naturam,quia
1765 3150 1889 3190 non
1912 3133 2062 3191 solet
2080 3135 2186 3192 ido

2279 3133 2580 3208 ςοῖκριϐεῖας
2629 3134 3016 3208 στοχαζόμενος
3062 3140 3152 3188 καὶ
3207 3135 3365 3198 αὐτῆς
3420 3144 3515 3199 τῆς
3569 3139 3768 3210 φύσεως
3825 3147 3919 3190 τῶν

547 3244 698 3286 neus
720 3244 854 3284 esse
875 3227 954 3284 ad
975 3227 1133 3284 clare
1154 3225 1650 3300 persuadendum
1677 3240 1876 3280 sermo
1898 3227 2187 3282 transmisi

2312 3226 2673 3297 γραμμάτων·
2707 3227 2788 3277 ὅτι
2833 3225 2893 3277 οὐ
2942 3229 3160 3298 πέφυκεν
3206 3224 3435 3300 ἐναργῶς
3475 3223 3744 3298 δύνασγαι
3791 3224 3919 3280 δυσ-

546 3333 672 3373 sus.
697 3321 848 3374 Nam
873 3316 1064 3373 multa
1090 3331 1245 3388 opus
1271 3319 1362 3371 est
1389 3314 1606 3382 dicere,
1630 3313 1922 3385 acjmulta
1945 3315 2186 3371 vicissim

2313 3321 2467 3366 ωπεῖν
2506 3315 2531 3365 ὁ
2567 3310 3000 3387 διαπεμπόμενος,
3029 3313 3199 3386 λόγος.
3242 3315 3414 3367 Πολλά
3442 3319 3532 3368 καὶ
3572 3314 3913 3388 ἀντακοῡσαι,

545 3405 778 3475 audire,
811 3410 867 3462 et
905 3421 1041 3478 quas
1071 3404 1437 3475 objiciuntur
1466 3403 1774 3471 solvenda,
1807 3407 1864 3460 et
1891 3402 2185 3461 inferenda

2310 3407 2401 3456 καὶ
2451 3403 2611 3456 λῦσαι
2663 3407 2729 3456 τά
2780 3405 3164 3475 ὑποπίπτοντα,
3217 3409 3307 3456 καὶ
3361 3403 3751 3478 ἀνθυπενεγκεῖν
3815 3406 3916 3479 (76)

545 3513 682 3570 quae
730 3495 1100 3566 suffulciunt,
1135 3510 1398 3566 quorum
1445 3492 1593 3549 nihil
1637 3497 1831 3565 potest
1868 3493 2185 3550 litterarum

2309 3494 2377 3546 τά
2426 3493 2776 3567 ὑφορμοῦντα,
2826 3493 2892 3545 ὧν
2951 3490 3102 3547 οὐδὲν
3149 3490 3370 3547 δύναται
3423 3496 3447 3546 ὁ
3497 3493 3545 3547 ἐν
3591 3501 3702 3558 τοῖς
3751 3499 3916 3572 γράμ-

544 3601 763 3653 sermo,
799 3584 957 3640 iners
995 3588 1054 3640 et
1079 3582 1387 3640 inanimus
1417 3582 1479 3638 in
1509 3582 1717 3638 charta
1746 3582 2067 3654 projectus.
2097 3586 2184 3641 Ve-

2309 3603 2442 3656 μασι
2483 3583 2649 3655 λόγος,
2688 3582 2843 3656 ἀργὸς
2889 3587 2981 3636 καὶ
3020 3583 3236 3656 ἄψυχος
3278 3583 3326 3637 ἕν
3365 3592 3438 3656 τῷ
3470 3586 3645 3659 χάρτῃ
3679 3582 3915 3662 διερριμ-

540 3680 906 3741 rumtamen,
935 3674 1102 3748 quod
1119 3675 1248 3745 jam
1279 3673 1421 3740 dixi,
1447 3672 1705 3729 scribere
1725 3689 1849 3729 non
1873 3673 2177 3744 gravabor

2309 3677 2477 3746 μένος.
2545 3671 2685 3732 Πλὴν
2740 3671 2868 3741 ἀλλ’,
2930 3675 3050 3748 ὅπερ
3114 3676 3258 3747 ἔφην,
3316 3676 3410 3727 οὐκ
3467 3673 3752 3733 ἀποκνήσω
3805 3677 3912 3748 (77)

542 3766 707 3824 Scias
753 3769 977 3834 autem,
1023 3763 1202 3821 frater
1240 3779 1377 3820 vere
1424 3762 1869 3833 religiosissime
1917 3767 1975 3819 et
2018 3763 2182 3821 nobis

2309 3761 2536 3838 φροίψαι.
2597 3767 2824 3816 Γίνωσκε
2890 3766 3107 3836 μέντοι,
3172 3767 3239 3826 ὡς
3305 3761 3504 3826 ἀληθῶς
3571 3763 3911 3819 εὖλαϐἐστατε

540 3853 1071 3922 desideratissime,
1103 3852 1336 3910 nullam
1366 3851 1514 3908 mihi
1544 3867 1682 3906 cum
1721 3868 2059 3924 quoquam,
2096 3855 2180 3909 De.

2307 3858 2398 3906 καὶ
2444 3851 2773 3910 πολυπόθητε
2829 3855 2956 3926 ἡμῖν
3001 3848 3207 3926 ἀδελφὲ,
3253 3853 3335 3906 ὅτι
3383 3850 3607 3928 οὐδεμία
3657 3874 3748 3928 μοι
3789 3858 3911 3930 πρὸς

541 3943 754 4014 gratia,
787 3943 1088 4016 privatam
1119 3958 1253 3998 esse
1292 3940 1762 3998 contentionem.
1804 3944 2004 4014 Neque
2033 3941 2181 3997 enitr

2306 3938 2498 3995 οὐδένα
2526 3950 2587 4015 τῇ
2618 3949 2709 3994 τοῦ
2749 3949 2882 3994 Θεοῦ
2926 3943 3117 4016 χάριτι
3149 3938 3439 4003 ἰδιάζουσά
3464 3941 3577 3996 ἐστι
3607 3943 3908 4016 φιλονεικία.

539 4031 790 4089 memini
837 4049 934 4088 me
991 4032 1224 4088 curiose
1274 4032 1574 4104 inquirere
1627 4030 1917 4097 crimina,
1970 4031 2179 4105 quibus

2307 4029 2448 4086 Οὐδὲ
2508 4034 2609 4107 γὰρ
2672 4030 3183 4105 πολυπραγμονήσας
3247 4028 3372 4085 οῖδα
3435 4035 3497 4084 τά
3561 4031 3906 4106 ἐγκλήματα,

538 4122 800 4195 quisque
842 4120 1140 4178 obnoxius
1185 4123 1270 4178 est
1300 4126 1405 4178 aut
1451 4120 1686 4176 dicitur.
1717 4122 1912 4187 Quare
1962 4121 2044 4177 sic
2086 4138 2178 4178 vos

2305 4121 2378 4183 οἷς
2447 4121 2661 4182 ἕκαστος
2735 4122 3024 4182 ὑπνύθυνος
3097 4121 3126 4180 ἦ
3206 4123 3344 4174 ἔστιν
3379 4164 3393 4189 ,
3463 4121 3491 4180 ᾖ
3563 4123 3899 4194 ὀνομάζεται.

538 4210 846 4268 attendere
872 4211 1179 4267 sententiae
1212 4226 1359 4266 meae
1382 4209 1662 4266 convenit
1690 4213 1753 4266 ut
1783 4209 2065 4279 hominis,
2089 4228 2172 4284 qu

2303 4208 2464 4264 ’.Ωστε
2529 4211 2690 4273 οὕτως
2749 4210 2883 4283 ὑμᾶς
2949 4214 3233 4284 προσέχειν
3291 4219 3352 4284 τῇ
3424 4213 3645 4284 ἡμετέρα
3699 4207 3909 4284 διανοίᾳ

536 4301 684 4358 nihil
713 4317 786 4358 ex
810 4299 1216 4374 propensione
1243 4299 1436 4356 facere
1479 4299 1694 4372 possit,
1721 4316 1915 4372 neque
1954 4316 2176 4358 accusa

2303 4305 2581 4375 προσήκει,
2634 4303 2704 4362 ὡς
2754 4293 2920 4372 μηδὲν
2970 4301 3115 4373 ἡμῶν
3167 4295 3460 4374 δυναμένων
3503 4309 3724 4358 ποιῆσαι
3772 4304 3909 4352 κατὰ

535 4391 801 4452 tionibus
825 4392 888 4448 in
909 4405 1282 4465 quemquam
1313 4394 1770 4464 praeoccupatus
1798 4390 1892 4447 sit.
1916 4394 2175 4448 Tantum

2303 4389 2615 4465 πρόσκλισιν
2663 4389 2794 4462 (78),
2854 4384 2992 4463 μηδὲ
3039 4389 3454 4464 προειλημμένων
3507 4387 3576 4452 εἰς
3627 4393 3722 4446 τὴν
3769 4393 3908 4443 κατά

606 4535 722 4608 (69)
759 4534 1144 4608 Ἀγωγῆςξμιίίᾶ
1173 4549 1335 4608 mss._
1353 4536 1507 4608 octo.
1550 4533 1702 4608 Editi
1751 4531 2042 4607 διαγωγῆς.
2077 4539 2194 4592 Nec
2227 4513 2246 4568 Ῑ

2261 4521 2270 4563 ⁵
2374 4532 3901 4608 (75)Znyévmﬂresmssmonantiquissimiargivae

533 4602 724 4680 multo
767 4602 914 4680 post:
950 4606 1092 4662 editi
1119 4611 1210 4658 καὶ
1239 4602 1410 4680 ορδεὶς
1442 4607 1478 4680 -ὁ
1516 4604 1684 4680 φόϐος.
1716 4602 1896 4680 Deest
1930 4602 2173 4678 'conjun‘

2346 4602 2488 4680 _(76)
2529 4602 2967 4680 Ἀνθυπενεγκεῖν.
3010 4605 3187 4680 Cois],
3229 4602 3899 4680 prim—lisﬂvrmnsyxeiv.

534 4679 651 4735 ctio
702 4676 788 4750 in'
823 4679 1014 4735 tribus
1067 4677 1485 4736 vetustissimis
1524 4676 1850 4733 codicibus
1899 4683 1957 4735 et
2007 4676 2190 4750 Regio
2301 4678 2485 4750 Idem,
2506 4677 2697 4750 codex
2729 4676 2876 4732 cum
2912 4676 3091 4744 Harl.,
3120 4676 3295 4744 Med.,
3335 4677 3513 4734 Coisl.
3544 4676 3810 4734 secundo
3851 4680 3904 4732 et

534 4749 824 4822 secundo.
1080 4777 1088 4783 -
1168 4819 1178 4822 _
1542 4817 1552 4822 Α
1887 4819 1901 4822 Α
2100 4749 2117 4750 ί

1542 4817 1552 4822 ,
1887 4819 1901 4822 Α
2100 4749 2117 4750 7
2299 4751 2440 4818 Reg.
2473 4749 2750 4822 habet-:64
2780 4751 3108 4822 ὑφορμῶντα.

603 4822 720 4897 (70)
756 4819 939 4897 Ἀνήρ,
968 4823 1142 4897 Περεῖ
1167 4819 1225 4897 in
1261 4818 1434 4897 Coisl.
1466 4817 1661 4897 primo
1691 4823 1749 4875 et
1779 4819 1941 4897 Med;

2522 4820 2633 4872 Οὐκ
2659 4816 2853 4897 ἀποκνῆ
2866 4816 3069 4897 cgita
3099 4835 3202 4897 se;
3233 4836 3378 4875 mss.
3406 4819 3557 4897 Edili
3585 4816 3721 4875 οὐδ’.

759 4889 894 4966 Τοὺς
918 4890 1447 4965 ἀντιδιατιθεμένους.
1471 4889 1560 4948 lta
1590 4906 1694 4946 sex
1724 4907 1869 4947 mss.
1903 4892 2052 4949 Editi
2081 4899 2190 4956 τοῖς

2367 4893 2480 4964 (78)
2509 4891 2864 4966 -Πρόσκλισικ
2914 4891 3129 4966 Nititur
3185 4891 3314 4947 haec
3372 4892 3669 4966 scriptura
3723 4889 3898 4966 Begio

535 4959 1055 5036 ἀντιδιατιθεμένοις.
1246 4959 1280 5036 Ἀ

2299 4959 2578 5036 secundo
2598 4962 2803 5019 codice
2851 4962 3129 5036 et_Coisl.
3161 4963 3467 5036 secundo,
3491 4959 3571 5018 'et
3616 4959 3900 5036 Harlijse-

604 5033 958 5108 _(_7-_2)_’Av5xz.
1015 5040 1097 5108 Ita
1150 5033 1338 5101 Harl.,
1393 5034 1539 5092 Med.
1592 5037 1651 5108 et
1703 5033 2186 5108 Coisl.__primus.
2299 5034 2753 5108 cunda‘manu.
2793 5033 2943 5090 Editi
2985 5033 3487 5108 npéaxlnaq._ﬂic
3527 5039 3728 5108 autem
3769 5034 3899 5108 licet

532 5102 924 5178 Εάἱῐῖάνήκει.
957 5106 1138 5178 Paulo
1176 5111 1312 5178 post
1352 5111 1470 5178 tres
1499 5105 1747 5178 eosdem
1780 5102 2016 5178 codices
2048 5124 2188 5163 cum
2298 5105 2776 5178 animadvertere
2816 5102 3125 5178 summam
3168 5105 3363 5178 Basilii
3391 5106 3544 5162 inter
3580 5106 3748 5178 ipsas
3777 5105 3896 5160 dis-

531 5176 713 5248 Regio
757 5175 1024 5252 secundo
1072 5175 1383 5252 sequimur
1411 5177 1473 5252 in
1502 5177 1617 5252 h_ac
1646 5192 1792 5233 voce
1819 5175 2186 5252 ἀποδημήσειν
2298 5177 2609 5252 sensiones
2675 5176 3045 5252 charitatem.
3113 5177 3408 5234 Meletium
3475 5182 3532 5233 et
3571 5175 3788 5252 causa
3845 5179 3898 5252 e_t

529 5245 643 5321 pro
673 5263 744 5303 eo
769 5247 935 5319 quod
969 5252 1094 5304 erat
1121 5245 1196 5321 in
1213 5247 1383 5321 editis
1415 5245 1727 5321 ἀποδημεῖν.
1999 5245 2008 5252 ’
2296 5249 2611 5321 sanctitate
2648 5250 2943 5321 potiorem
2990 5249 3270 5321 deserere,
3307 5263 3432 5304 non
3477 5251 3712 5321 poterat
3741 5266 3757 5321 ;_
3797 5245 3894 5321 sed

603 5322 714 5390 (73)
751 5318 904 5392 Σῶμά
929 5338 1039 5391 μοι.
1073 5318 1226 5374 Med.
1255 5324 1313 5375 et
1341 5319 1519 5376 Coisl.
1552 5318 1784 5392 primus
1815 5323 1874 5377 et
1914 5335 2073 5376 unus
2113 5338 2185 5378 ex
2295 5336 2334 5392 ο,
2373 5320 2623 5376 Paulino
2651 5318 3394 5392 ’ilﬁlirusquesectatoribus,
3437 5318 3523 5392 ut,
3545 5318 3894 5392 orthodﬁoxis

529 5392 726 5459 Regiis
755 5390 1081 5463 qéyd’pous
1555 5390 1590 5463 ί
1871 5461 1883 5463 _
2295 5391 2611 5457 fratribus,
2677 5390 3000 5463 diligendis
3066 5407 3188 5448 non
3265 5390 3642 5453 discedebat,
3715 5391 3894 5463 idque

604 5458 718 5535 (74)
747 5458 998 5535 ίᾼϐατὸι.
1029 5460 1121 5518 Sic
1164 5458 1322 5535 editi
1354 5465 1420 5535 et
1459 5460 1630 5535 Harl._
1660 5461 1930 5519 secunda
1959 5479 2180 5533 manu;
2293 5463 2615 5519 conﬁrmat
2639 5533 2648 5535 _
2676 5462 2739 5518 in
2795 5458 2966 5535 epist.
3022 5467 3139 5535 2ti_
3184 5463 3293 5535 ad_
3329 5465 3666 5519 Terentium
3717 5458 3893 5535 cofm'e

531 5536 593 5606 at
612 5529 680 5606 in
702 5529 838 5606 aliis
870 5537 1099 5606 septem
1131 5546 1277 5606 mss:
1307 5531 1522 5606 legitur
1566 5529 1838 5591 ἀδύνατοι.
1871 5535 1963 5606 Sic
2003 5529 2182 5592 etiam
2294 5541 2428 5606 tem.
2468 5533 2756 5589 Eamdem
2783 5529 2970 5606 animi
3001 5533 3482 5606 moderationem
3515 5549 3653 5606 prae
3699 5531 3894 5606 sefert

530 5599 744 5682 h_abu_it
773 5599 1120 5682 Harlaeanus
1168 5599 1599 5682 codeglprima
1647 5621 1861 5663 manu.
1908 5605 2185 5665 Credide-
2290 5605 2354 5662 in
2414 5606 2585 5682 epist.
2627 5608 2733 5661 258
2767 5605 2882 5682 _qd
2948 5604 3382 5682 Epiphaniam,
3424 5599 3893 5682 ubi'__si_gniticat

531 5670 647 5729 rim
677 5673 962 5731 Basilium
987 5672 1298 5747 scripsisse
1326 5669 1535 5731 οἷδῦτοι.
2291 5693 2354 5735 se
2418 5669 2614 5736 multa
2676 5676 2927 5750 quidem
2987 5669 3076 5735 ἐπ’
3112 5669 3399 5736 fra‘ribus
3455 5669 3758 5734 audivisse
3815 5673 3889 5731 de
