4152 6378
478 280 580 337 619
1863 276 1920 334 S.
1963 275 2212 332 BASILII
2251 277 2470 334 MAGNI
3741 287 3848 342 620

1001 424 1337 481 EPISTOLA
1376 421 1632 479 CLVIII‘.

1623 464 1632 477 .
2714 428 3049 477 ΕΠΙΣΤΟΛΗ
3091 424 3263 480 PNH'.

463 549 638 606 Dolet
667 547 935 607 Basilius
961 547 1121 619 quod
1147 547 1516 604 Antiochum
1545 562 1664 604 non
1687 545 1947 615 viderit;
1976 550 2151 613 rogat
2180 551 2245 628 ut
2278 560 2392 615 pro
2429 562 2488 604 se
2518 553 2835 621 precetur;
2873 549 3247 606 commendat
3283 552 3545 622 fratrem
3587 556 3836 613 camelis

1943 623 2356 686 pra'positum.

1128 710 1451 766 Antiocho.

2894 711 3169 784 Ἀντιόχῳ.

535 818 1040 892 Quandoquidem
1083 817 1442 874 obstiterunt
1472 817 1619 873 mihi
1659 818 1909 889 peccata
1961 830 2117 882 mea,

2302 812 2514 876 ,Επειδὴ
2568 814 2889 876 ἀντέστησαν
2938 839 3029 891 μοι
3068 821 3123 872 αἱ
3164 818 3418 896 ἁμαρτίαι
3462 841 3566 894 μου
3600 826 3732 898 πρὸς
3773 827 3830 878 τὸ

459 909 792 982 quominus
815 923 1056 980 possem
1082 906 1249 979 quod
1275 906 1511 962 dudum
1535 905 1841 962 habebam
1867 905 1951 960 tui
1973 919 2099 959 eon-

2228 909 2298 978 μὴ
2334 902 2627 966 δυνηθῆναί
2676 927 2739 980 με
2769 908 2829 968 ἣν
2871 909 3030 961 παλαι
3078 907 3222 983 εἶχον
3255 912 3366 981 (87)
3417 911 3698 986 ἐπιθυμίαν
3740 923 3837 976 τῆς

460 1013 700 1067 gressus
731 995 1119 1058 desiderium,
1141 996 1220 1051 ad
1250 996 1474 1051 exitum
1508 996 1838 1068 perducere
1869 1013 1880 1050 :
1910 994 2100 1050 litteris

2228 996 2469 1072 ὑμετέρας
2536 1003 2825 1070 συντυχίας
2881 997 3094 1071 ἀγαγεῖν
3164 1000 3232 1061 εἰς
3287 1005 3447 1076 πέρας
3479 1017 3494 1032 °
3549 1006 3834 1078 γράμμασι

457 1087 668 1144 saltem
700 1085 1038 1142 absentiam
1083 1085 1326 1153 delinio,
1376 1091 1557 1159 atque
1591 1085 1900 1155 adhortor,
1948 1090 2009 1140 ut
2042 1100 2097 1140 nt

2225 1093 2350 1157 γοῦν
2402 1089 2814 1161 παραμυθοῦμαι
2862 1094 2955 1149 τὴν
3010 1087 3308 1162 ἀπόλειψιν,
3362 1098 3452 1146 καὶ
3499 1095 3839 1169 παρακαλοῦ,

456 1175 576 1231 mei
613 1175 674 1230 in
711 1174 826 1230 tuis
852 1174 1135 1245 precibus
1169 1173 1523 1229 intermittas
1572 1173 1944 1240 meminisse,
1979 1177 2043 1228 ut
2067 1191 2092 1227 ε

2225 1195 2314 1248 μεν
2372 1176 2486 1246 (88)
2545 1182 2615 1250 μὴ
2678 1174 2937 1232 διαλιπεῖν
2987 1183 3348 1254 μεμνημένους
3413 1185 3558 1256 ἡμῶν
3615 1181 3661 1237 ἐν
3720 1193 3838 1246 ταῖς

453 1265 679 1334 vivam,
707 1263 854 1319 mihi
883 1267 939 1319 te
977 1262 1203 1337 perfrui
1233 1262 1496 1318 donetur
1523 1280 1534 1318 :
1573 1263 1663 1317 sin
1697 1262 1898 1318 minus
1929 1262 2090 1335 preci

2225 1272 2570 1339 προσευχαῖς,
2635 1268 2739 1337 ἵνα,
2806 1267 2888 1320 ἐαν
2964 1273 3148 1342 ζῶμεν,
3229 1273 3632 1346 καταξιωθὼμεν
3691 1276 3835 1347 ὑμῶν

452 1354 568 1410 1)ιιε
589 1354 707 1410 tuis
727 1353 972 1425 adjutus
993 1369 1133 1410 cum
1155 1353 1321 1409 bona
1346 1369 1450 1426 spe
1472 1369 1544 1408 ex
1568 1353 1684 1408 hoc
1713 1352 1943 1407 mundo
1972 1352 2087 1407 emi

2225 1352 2522 1407 ἀπολαῦσαι
2545 1372 2557 1384 ⁵
2616 1356 2658 1408 εἰ
2690 1353 2748 1410 δὲ
2777 1361 2873 1430 μὴ,
2935 1355 3028 1411 δια
3070 1368 3158 1420 τῆς
3191 1359 3436 1432 βοηθείας
3472 1371 3572 1414 τῶν
3601 1383 3835 1437 προσευ-

451 1459 641 1513 grem.
681 1446 974 1501 Caeterum
1005 1443 1252 1499 fratrem
1300 1442 1545 1500 camelis
1573 1441 2090 1517 praepositumjtib

2222 1451 2335 1514 χῶν
2366 1444 2505 1515 ὑμῶν
2537 1448 2666 1516 μετὰ
2698 1444 2900 1517 ἀγαθῆς
2946 1444 3155 1512 ἐλπίδος
3187 1453 3683 1524 μεταναστεύσωμεν
3724 1453 3833 1522 (89)

455 1533 982 1592 commendamus.

2224 1530 2324 1584 ἀπό
2355 1541 2444 1584 τοῦ
2476 1538 2680 1607 κόσμον
2710 1539 2916 1592 τούτου.
2965 1541 3064 1590 Τὸν
3111 1535 3170 1590 δὲ
3202 1535 3436 1611 ἀδελφόν,
3473 1544 3558 1594 τόν
3591 1540 3674 1594 ἐπὶ
3719 1549 3832 1604 ταῖς

2222 1623 2480 1695 καμήλοις
2510 1624 2644 1696 (90),
2673 1628 3066 1699 παρατιθέμεθα
3095 1629 3240 1700 ύμῖν.

1014 1749 1349 1806 EPISTOLA
1391 1747 1610 1804 CLIX“.
2695 1754 3032 1804 EHISTOMI
3075 1750 3243 1804 PNe'.

451 1874 982 1950 Gaudet_Basilius
1023 1873 1399 1950 interrogari
1427 1887 1488 1929 se
1529 1873 1618 1928 ab
1647 1870 1986 1950 hominibus
2027 1869 2372 1950 timentibus
2396 1871 2612 1950 peum.
2641 1874 2924 1950 Declarat
2953 1889 3016 1950 se
3037 1875 3353 1950 adhaerere
3376 1877 3830 1950 ﬁdeiNiczcnae,

517 1947 622 2002 sed
649 1946 720 2001 ob
746 1951 1019 2002 exortam
1062 1945 1136 2001 de
1163 1941 1392 2014 Spiritu
1422 1951 1630 2000 sancto
1659 1945 2068 2014 quaestionem,
2091 1941 2318 1998 addere
2344 1943 2842 2012 gloriﬁcationem
2875 1947 3142 2014 Spiritus
3173 1941 3532 2004 sam-ticum
3562 1951 3750 2007 Patre
3777 1941 3834 2008 et

517 2019 698 2083 Filio,
721 2016 1428 2091 necadqcommunionem
1455 2017 1772 2073 admittere
1801 2030 1911 2083 eos,
1935 2015 2037 2086 qui
2062 2014 2362 2084 Spiritum
2387 2021 2666 2074 sanctum
2692 2023 3037 2074 creaturam
3069 2019 3300 2075 dicunt.
3326 2021 3544 2091 Differt
3567 2022 3631 2077 in
3657 2024 3835 2080 aliud

519 2095 749 2160 tempus
777 2088 1056 2146 uberiora
1084 2088 1464 2145 documenta.

963 2213 1319 2285 Eupaterio,
1342 2221 1398 2270 et
1424 2213 1594 2284 ﬁlim.
2143 2209 2183 2263 B
2554 2218 2603 2274 Et

2143 2209 2183 2263 Β
2554 2211 2856 2288 Εύπατερίῳ
2887 2215 3012 2286 (91),
3037 2221 3127 2268 καὶ
3152 2223 3214 2289 τῇ
3250 2217 3485 2291 Θνγατρί.

521 2345 572 2398 1.
615 2341 920 2407 Quantum
965 2337 1291 2410 voluptatis
1350 2337 1658 2394 attulerint
1713 2336 1862 2393 mihi
1908 2335 2111 2391 litterae

2297 2339 2343 2390 1.
2373 2335 2545 2395 ’Ὂσην
2594 2337 2913 2413 εὐφροσύνην
2960 2345 3200 2414 παρέσχε
3229 2361 3320 2415 μοι
3358 2345 3415 2395 τό
3464 2347 3683 2420 γράμμα
3729 2355 3827 2410 τῆς

444 2429 756 2500 dignitatis
800 2433 940 2498 tum,
972 2428 1222 2498 conjicis
1268 2427 1540 2500 profecto
1572 2443 1644 2482 ex
1671 2427 1764 2482 his
1798 2425 1945 2499 ipsis
1975 2440 2084 2497 qua

2220 2430 2573 2497 κοσμιότητός
2623 2447 2740 2497 σου,
2808 2430 3028 2491 εἰκάζεις
3079 2433 3282 2494 παντως
3335 2433 3505 2494 αὐτοῖς
3547 2441 3652 2496 τοῖς
3711 2437 3825 2506 (9‘2)

445 2519 757 2592 scripsisti.
818 2518 976 2584 Quid
1028 2518 1190 2573 enim
1238 2517 1573 2587 jucundius
1623 2517 1697 2572 sit
1743 2514 1993 2585 homini,
2049 2513 2085 2569 i1

2220 2513 2633 2590 ἐπεσταλμένοις.
2674 2524 2737 2570 Τί
2766 2521 2867 2593 γὰρ
2917 2519 2976 2571 ἂν
3033 2517 3186 2579 ἥδιον
3239 2526 3438 2592 γένοιτο
3461 2521 3710 2597 ἀνθρώπῳ
3743 2525 3824 2577 εύ-

443 2609 664 2682 optatis
694 2607 942 2664 habenti
967 2623 1106 2662 cum
1134 2605 1482 2662 timentibus
1512 2608 1697 2661 Deum
1726 2619 1967 2677 semper
1995 2602 2083 2658 co]

2219 2609 2328 2675 χὴν
2378 2612 2666 2680 ποιουμένῳ
2732 2607 3066 2681 φοϐουμένοις
3141 2614 3270 2663 Θεὸν
3329 2611 3408 2664 ἀεὶ
3467 2613 3823 2686 προσομιλεῖν,

441 2698 630 2772 loqui,
685 2701 742 2753 et
782 2695 1070 2765 utilitatis,
1121 2712 1254 2768 quae
1304 2695 1381 2750 ab
1423 2693 1538 2750 illis
1587 2695 1932 2766 percipitur,
1978 2708 2081 2749 ess

2218 2698 2307 2746 καὶ
2361 2703 2452 2747 τοῦ
2500 2696 2624 2769 παρ’
2671 2697 2840 2748 αύτών
2896 2695 3116 2772 κέρδους
3172 2699 3600 2772 μεταλαμϐάνειν,
3649 2723 3824 2776 γραμ-

440 2787 820 2862 participem,
873 2801 1060 2859 quam
1111 2784 1416 2857 ejusmodi
1465 2784 1692 2855 litterae,
1745 2783 1968 2856 quibus
2013 2786 2080 2839 De

2217 2786 2391 2855 μάτων
2445 2789 2711 2856 τοιούτων,
2775 2783 2808 2838 o"
2815 2786 2847 2838 ι’
2891 2788 2957 2838 ὧν
2990 2790 3019 2846 ἠ
3057 2797 3189 2841 Θεοῦ
3219 2798 3410 2860 γνῶσις
3449 2789 3776 2852 ἐπιζητεῖται
3810 2809 3823 2859 ;

439 2877 764 2951 inquiritur
805 2875 1068 2946 cognitio
1093 2876 1122 2931 ?
1170 2875 1226 2931 Si
1268 2874 1429 2930 enim
1473 2874 1596 2930 vita
1633 2873 1810 2930 nobis
1842 2874 2076 2928 Christu

2217 2873 2277 2926 Ei
2304 2876 2404 2949 ’γὰρ
2435 2878 2491 2927 τὸ
2524 2875 2618 2948 ζῇν
2665 2878 2790 2949 ἡμῖν
2837 2881 3083 2951 Χριστὸς»
3137 2878 3430 2940 “mmo”;
3471 2886 3560 2932 ut
3608 2882 3634 2933 ὁ
3673 2881 3823 2954 λόΊος

442 2971 551 3039 est,
575 2980 955 3039 consequens
981 2969 1070 3020 est
1094 2968 1151 3020 et
1177 2979 1522 3020 sermonem
1546 2968 1820 3019 nostrum
1853 2962 1927 3017 de
1951 2963 2082 3019 Cliri

2218 2964 2362 3020 ἡμῶν
2413 2970 2529 3037 περὶ
2581 2973 2815 3040 Χριστοῦ
2865 2965 3052 3038 όγείλει
3105 2964 3254 3035 εἶναι,
3304 2974 3392 3020 καὶ
3449 2971 3478 3028 ἡ
3530 2973 3698 3023 ἔννοια
3735 2976 3826 3024 καὶ

442 3061 533 3114 sto
565 3071 716 3127 esse,
751 3059 805 3111 et
845 3053 1275 3125 cogitationem
1310 3058 1491 3126 atque
1531 3053 1831 3109 actionem
1862 3068 2082 3108 omnen

2217 3058 2366 3105 πᾶσα
2422 3053 2613 3128 πρᾶξις
2660 3063 2760 3106 τῶν
2820 3054 3028 3133 ἐνῖολῶν
3088 3057 3248 3110 αύτοῦ
3300 3058 3590 3130 ἠρτῆσθαι,
3644 3065 3734 3113 καὶ
3791 3063 3821 3120 ἡ

441 3162 516 3202 ex
543 3145 700 3202 illius
725 3143 988 3217 pendere
1011 3142 1340 3209 mandatis,
1366 3147 1423 3198 et
1445 3142 1715 3198 animam
1737 3146 2006 3198 nostram
2032 3159 2081 3197 at

2216 3139 2370 3213 ψυχὴ
2424 3143 2570 3215 ἡμῶν
2622 3143 2736 3195 κατ’
2787 3144 2942 3196 αύτόν
2995 3148 3393 3219 μεμορφῶσθαι.
3441 3153 3622 3222 Χαίρω
3655 3153 3826 3202 τοίνυν

440 3235 600 3292 illius
628 3233 960 3305 imaginem
982 3232 1201 3289 debere
1228 3231 1457 3301 efﬁngi.
1480 3235 1685 3304 Itaque
1707 3232 1781 3287 de
1805 3231 2080 3301 ejusmod

2214 3235 2333 3305 περὶ
2377 3233 2622 3283 τοιούτων
2671 3235 3012 3308 ἐρωτώμενος,
3063 3240 3154 3287 καὶ
3206 3241 3486 3312 κυγχαίρω
3524 3245 3634 3298 τοῖς
3690 3237 3825 3312 ἐρω-

441 3324 625 3381 rebus
643 3324 1070 3393 interrogatus,
1098 3321 1336 3392 gaudeo
1360 3337 1428 3376 ac
1453 3320 1720 3391 gratulor
1741 3321 2081 3390 interrogan

2215 3328 2395 3377 τῶσιν.
2445 3320 2596 3393 Ἡμῖν
2653 3328 2825 3375 τοίνυν
2885 3324 2955 3376 ἐνὶ
3007 3328 3098 3398 μὲν
3144 3324 3282 3398 λόγῳ
3337 3329 3365 3386 ἡ
3401 3337 3499 3379 τῶν
3532 3327 3580 3379 ἐν
3629 3335 3829 3404 Νικαίᾳ

441 3413 621 3471 tibus.
646 3415 696 3467 A
716 3413 894 3469 nobis
917 3413 1119 3483 igitur,
1146 3411 1324 3485 248
1343 3417 1408 3468 ut
1429 3411 1612 3468 verbo
1630 3411 1852 3478 dicam,
1868 3415 2081 3468 Patrun

2219 3410 2560 3464 συνελθόντων
2609 3417 2848 3488 Πατέρων
2925 3418 3107 3474 πίστις
3185 3424 3366 3467 πασῶν
3429 3425 3529 3468 τῶν
3608 3422 3826 3495 ὕστερον

441 3502 651 3560 Nicaeae
678 3507 1187 3574 congregatorum
1216 3501 1366 3558 ﬁdes
1393 3501 1681 3557 omnibus
1705 3505 1915 3573 postea
1939 3517 2081 3557 exeo

2217 3499 2580 3574 ἐφευρεθεισῶν
2635 3507 3039 3577 προτετίμηται·
3097 3503 3146 3556 ἐν
3295 3506 3576 3578 όμοούσιος
3633 3508 3825 3580 ὁμολο-

441 3592 643 3664 gitatis
688 3565 1038 3664 prm'fertur:
1069 3589 1129 3645 in
1179 3606 1306 3663 qua
1345 3565 1946 3646 conﬁtenturFilium
1978 3607 2081 3646 esst

2247 3565 2257 3572 .
2335 3565 2343 3574 .
2675 3565 2684 3577 ι
2845 3565 2855 3576 '
3201 3565 3211 3577 ‘
3324 3565 3334 3578 ⁸
3561 3565 3572 3569 ’
3661 3565 3672 3580 ⁸

2214 3598 2383 3663 γεῖται
2440 3592 2465 3643 ό
2518 3596 2639 3653 Υἱὸς
2697 3601 2767 3664 τῷ
2817 3599 3004 3668 Πατρὶ,
3060 3599 3151 3646 καὶ
3202 3603 3292 3656 τῆς
3351 3595 3514 3659 αὖτῆς
3565 3598 3823 3672 ὑπάρχων

441 3680 1020 3738 consubstantialem
1050 3679 1222 3747 Patri,
1241 3679 1634 3752 ejusdemque
1654 3683 1903 3750 naturae,
1931 3681 2081 3751 cnjir

2216 3683 2414 3753 φύσεως
2464 3690 2527 3744 ῆς
2581 3683 2606 3734 ὁ
2657 3689 2930 3754 γεννήσας.
2977 3690 3084 3744 Φῶς
3119 3686 3220 3758 γάρ
3263 3683 3316 3737 ἐκ
3349 3689 3534 3758 φωτὸς,
3568 3693 3659 3740 καὶ
3691 3694 3822 3742 Θεὸν

440 3774 532 3827 est
556 3770 662 3844 qui
693 3770 916 3842 genuit.
948 3773 1097 3826 Nam
1123 3768 1330 3825 lumen
1361 3769 1436 3825 de
1457 3769 1708 3838 lumine,
1735 3775 1791 3826 et
1814 3772 2000 3826 Deum
2031 3768 2080 3825 di

2214 3769 2269 3822 ἐκ
2310 3778 2465 3839 Θεοῦ,
2493 3776 2580 3822 καὶ
2623 3771 2818 3843 ἀγαθόν
2869 3771 2922 3834 ἐξ
2962 3771 3182 3843 ἀγαθοῦ,
3217 3779 3307 3827 καὶ
3336 3778 3402 3827 τά
3440 3784 3658 3830 τοιαῦτα
3687 3781 3822 3831 παν-

442 3862 584 3930 Deo,
635 3864 691 3917 et
734 3858 969 3915 bonum
1016 3859 1092 3914 de
1126 3858 1312 3926 bono,
1367 3863 1494 3914 tum
1548 3859 1741 3914 sancti
1793 3858 1874 3914 illi
1907 3862 2082 3914 Patre:

2213 3879 2298 3926 τα,
2359 3861 2458 3912 ὑπό
2513 3879 2566 3913 τε
2619 3868 2718 3913 τῶν
2769 3861 2931 3933 ἀγίων
2991 3861 3193 3914 ἐκείνων
3243 3863 3573 3936 ὡμολογήθη,
3607 3872 3696 3920 καὶ
3735 3867 3819 3941 ὑφ’

441 3949 700 4005 confessi
719 3953 876 4020 sunt,
894 3953 1024 4004 tum
1050 3965 1162 4005 nos
1183 3948 1288 4021 qui
1311 3965 1523 4004 eorum
1544 3949 1813 4018 vestigiis
1833 3948 2081 4005 insisteri

2215 3949 2360 4021 ἡμῶν
2391 3956 2500 4016 νῦν,
2542 3957 2641 4001 τῶν
2674 3949 2966 4023 εὐχομένων
3015 3951 3134 4003 κατ’
3165 3952 3290 4023 ἴχνη
3339 3951 3536 4026 βαίνειν
3587 3953 3820 4026 ἐκείνοις,

439 4038 610 4095 laudi
635 4037 938 4108 ducimus,
964 4039 1080 4095 hoc
1109 4039 1314 4112 ipsum
1345 4055 1509 4095 nunc
1537 4040 1951 4098 testiﬁcamur.

1058 4055 1080 4094 ο
1109 4039 1314 4112 ipsum
1345 4055 1509 4095 nunc
1537 4040 1951 4098 testiﬁcamur.
2213 4046 2698 4113 προσμαρτυρεὶται

511 4133 568 4184 2.
619 4126 735 4185 Sed
773 4128 918 4200 quia
947 4143 1111 4183 nunc
1141 4128 1429 4200 prodiens
1461 4128 1540 4184 ab
1566 4129 1918 4185 hominibus
1949 4147 2107 4185 sem-

2284 4131 2338 4183 2.
2381 4124 2594 4188 Ἐπειδὴ
2647 4125 2706 4181 δὲ
2733 4132 2790 4180 τὸ
2819 4137 2910 4180 νῦν
2959 4128 3230 4201 actam-ta»
3273 4133 3418 4206 ποιρά
3463 4140 3561 4184 τῶν
3588 4132 3666 4185 ἀεὶ
3705 4137 3818 4201 (93)

440 4231 550 4290 per
596 4215 741 4273 novi
784 4215 1014 4288 aliquid
1062 4215 1348 4272 inducere
1406 4217 1772 4273 conantibus
1830 4219 2080 4290 quaestio

2212 4224 2532 4289 καινοτομεῖν
2609 4216 3008 4290 ἐπιχειρούντων
3097 4222 3328 4292 ζήτημα,
3407 4223 3819 4293 παρασιωπηθὲν

440 4306 520 4363 ab
551 4304 995 4378 antiquioribus
1026 4309 1228 4360 autem
1261 4306 1672 4378 praetermissa
1702 4322 1774 4362 eo
1804 4306 1970 4380 quod
2001 4323 2076 4363 ne

2214 4315 2322 4369 τοῖς
2370 4306 2528 4358 πάλαι
2591 4303 2684 4358 δ’ιά
2730 4310 2787 4358 τὸ
2843 4305 3233 4382 ἀναντίρρητον,
3281 4305 3636 4381 ἀδιάρθρωτον
3681 4328 3815 4360 κατ-

439 4412 544 4454 mo
601 4395 1056 4464 contradiceret,
1105 4395 1310 4451 relicta
1363 4400 1452 4452 est
1499 4396 1890 4470 inexplanata
1946 4396 2079 4466 (ἀίει

2214 4395 2413 4469 ελείφθη
2467 4394 2620 4466 (λέγω
2675 4391 2742 4454 δὴ
2797 4399 2856 4447 τό
2914 4401 3030 4470 περὶ
3077 4404 3168 4448 τοῦ
3241 4395 3388 4470 ἀγίου
3470 4399 3813 4470 Πνεύματος).

438 4485 835 4561 quaestionem
861 4485 935 4541 de
964 4484 1184 4558 Spiritu
1213 4486 1465 4557 sancto),
1504 4484 1641 4542 ideo
1668 4484 1896 4558 aliquid
1929 4502 2001 4542 ea
2031 4486 2078 4542 di

2213 4487 2555 4558 προστίθεμεν
2605 4487 2690 4536 τόν
2743 4490 2860 4560 περὶ
2921 4488 3109 4537 τούτου
3162 4485 3335 4558 λόγον,
3407 4484 3696 4548 ἀκολούθως
3750 4489 3815 4561 τῇ

437 4592 500 4632 re
529 4576 874 4648 adjicimus,
910 4574 1228 4647 Scripturae
1252 4575 1438 4632 menti
1470 4576 1895 4631 convenienter
1925 4594 1937 4644 ;
1963 4576 2077 4648 quia

2213 4583 2309 4637 τῆς
2347 4581 2556 4648 Γραφῆς
2605 4573 2806 4645 involet“
2851 4578 2930 4626 ὅτι
2983 4576 3052 4637 ὡς
3105 4573 3492 4648 βαπτιζόμεθα,
3544 4578 3679 4627 οῦτὼ
3727 4579 3819 4628 καὶ

435 4669 502 4722 ut
531 4665 935 4739 baptizamur,
973 4664 1056 4721 ita
1103 4669 1160 4720 et
1189 4664 1530 4720 credimus:
1556 4669 1619 4720 ut
1668 4665 1998 4732 credimus,
2025 4671 2075 4721 1t:

2213 4667 2558 4736 πιστεύομεν·
2613 4667 2682 4726 ὡς
2729 4667 3058 4735 πιστεύομεν,
3115 4665 3249 4716 οὕτω
3280 4669 3368 4716 καὶ
3414 4661 3811 4738 δοξολογοῦμεν.

437 4759 496 4811 et
519 4754 949 4825 gloriﬁcamus.
984 4757 1133 4812 Cum
1160 4754 1339 4824 igitur
1369 4753 1675 4827 baptisma
1701 4755 1877 4811 nobis
1911 4771 1948 4810 a
1982 4754 2077 4811 Sal

2215 4751 2426 4812 Ἐπειδὴ
2457 4749 2544 4805 οὖν
2578 4751 2860 4826 βάπτισμα
2889 4755 3013 4825 ἡμῖν
3047 4749 3263 4806 δέδοται
3290 4756 3432 4828 παρά
3455 4762 3546 4806 του
3578 4763 3821 4829 Σωτῆρος

435 4849 640 4902 vatore
670 4845 882 4903 datum
909 4845 1004 4914 sit,
1036 4844 1098 4902 in
1128 4861 1353 4902 nomen
1385 4845 1569 4901 Patris
1624 4850 1680 4903 et
1727 4845 1852 4902 Filii
1882 4849 1940 4902 et
1971 4845 2074 4918 Spi

2215 4842 2286 4904 εἰς
2330 4847 2492 4915 ὄνομα
2549 4844 2752 4916 Πατρός
2801 4847 2890 4893 καὶ
2947 4846 3070 4894 Υίοῦ
3123 4847 3214 4895 καὶ
3266 4845 3418 4915 ἁγίου
3483 4845 3813 4916 Πνεύματος·

508 5025 528 5046 ‘
558 5021 718 5094 Alias
751 5023 1011 5094 CCLXXI.
1041 5021 1273 5094 Scripta
1302 5036 1464 5077 anno
1485 5023 1611 5094 373.

2210 5019 2293 5074 ἐπὶ
2323 5029 2422 5072 τῶν
2452 5019 2718 5094 καμήλων.
2754 5018 2898 5094 Editi
2933 5017 3015 5071 ἐπὶ
3044 5021 3138 5080 τας
3169 5020 3452 5093 καμήλους.

505 5093 738 5164 "Alias
752 5089 1188 5147 CCCLXXXVII.‘
1209 5094 1442 5164 Scripta
1469 5092 1631 5164 circa
1659 5107 1760 5146 an.
1791 5095 1914 5147 3‘73.

2281 5093 2394 5163 (9H
2425 5089 2744 5164 Εύπατερίῳ,
2780 5089 2956 5146 Cois].
2990 5089 3309 5164 primus'et
3337 5091 3485 5147 Med.
3515 5091 3817 5164 Εύπατρίῳ,

504 5166 620 5235 (8‘7)
675 5159 1160 5235 Eizovrouatuor
1179 5159 1482 5235 mss—Sed
1510 5164 1879 5235 recentiores,
1907 5165 2091 5235 ἔσχον.

2281 5159 2390 5232 (9‘2)
2426 5163 2608 5222 Λύτοῖς
2631 5159 2762 5235 τοῖς.
2797 5165 2894 5235 [ta
2925 5159 3096 5235 Cois].
3147 5169 3417 5234 uterque,
3449 5163 3624 5225 Med.,
3655 5159 3814 5220 Harl.

647 5233 1074 5309 Παρακαλοῦμεν.
1109 5234 1258 5309 Editi
1307 5233 1548 5309 addunt
1576 5235 1745 5309 -ῥμᾷς,
1781 5233 2096 5309 seddeest

1681 5241 1745 5309 ξς,
1781 5233 2096 5309 seddeest
2205 5239 2260 5290 et
2288 5237 2429 5309 Reg.
2467 5234 2794 5309 secundus.
2821 5233 2972 5309 Editi
2994 5234 3158 5309 end-ro;
3191 5233 3321 5296 τοῖς.

430 5309 494 5380 in
515 5304 1541 5380 'tribus'vetustissimiscodicibus.
1575 5304 1805 5361 Ibidem
1846 5305 1986 5362 editi
2017 5328 2070 5380 μη

2238 5378 2246 5380 _
2275 5308 2386 5380 (93)
2417 5309 2565 5380 Παρά
2593 5314 2690 5380 τῷν
2721 5304 2820 5380 ἀεί.
2856 5305 3272 5380 Editiaddunt
3302 5325 3373 5380 τι,
3405 5304 3508 5360 sed
3539 5305 3816 5380 cumde-

433 5377 736 5434 διαλείπειν.
771 5380 884 5435 Sex
910 5392 1057 5430 mss.
1092 5381 1156 5431 ut
1180 5375 1241 5430 in
1274 5381 1458 5431 textu.
2018 5375 2027 5380 ⁷
2202 5375 2292 5433 siti
2314 5378 2444 5433 haec
2476 5375 2688 5432 vocula
2718 5377 2777 5432 in
2810 5377 3232 5432 vetustissimis
3279 5378 3468 5432 tribus
3499 5375 3814 5431 codicibus

504 5453 622 5522 (89)
659 5449 1187 5522 Μεταναστεύσωμεν.
1240 5450 1320 5502 ita
1363 5453 1482 5502 tres
1511 5448 1899 5504 vetustissimi
1931 5449 2093 5505 eodi-
2198 5449 2441 5522 nostris,
2501 5448 2824 5522 delendam
2884 5447 3380 5522 existimavimus.
3413 5447 3620 5522 Paulo
3677 5452 3816 5522 post

432 5515 550 5594 ces.
584 5521 734 5594 Editi
764 5515 1185 5594 μεταναστῶμεν.
1286 5589 1331 5594 μ
1400 5591 1445 5594 υ
1505 5589 1521 5594 _
1634 5593 1644 5594 γ
1704 5591 1767 5594 __
1905 5592 1913 5594 _

2199 5520 2346 5577 Med.
2373 5525 2430 5594 et
2457 5519 2634 5576 Coisl.
2670 5520 2902 5594 primus
2935 5515 3258 5594 ἀδιόρθωτον
3285 5519 3618 5592 κατελείφθη,
3652 5515 3811 5575 οἰἸνα

503 5592 619 5660 (90)
659 5589 777 5645 Ἐπὶ
815 5589 1230 5664 ταῖς-καμήλοις.
1278 5589 1370 5646 Sic
1399 5589 1792 5664 Med.,_Coisl.
1825 5592 2085 5664 primus,

1418 5589 1792 5664 led.,_Coisl.
1825 5592 2085 5664 primus,
2197 5589 2688 5649 emendationem
2705 5592 2922 5650 relicta
2952 5597 3058 5648 est.

435 5657 695 5718 Claro'm.
728 5665 786 5721 et
805 5661 967 5719 Harl.
993 5657 1101 5733 qui
1128 5665 1333 5718 tamen
1377 5657 1648 5721 secunda
1684 5657 1874 5720 manu
1901 5663 2090 5722 habet
