4152 6376
310 283 409 341 621
1307 276 1796 336 EPISTOLABUM
1840 271 2144 332 CLASSlS.
2193 274 2240 331 II
2278 274 2504 337 EPIST.
2547 279 2704 339 CLX.
3598 285 3705 342 622

316 406 602 462 ἀκόλουθον
631 412 702 476 τῷ
733 400 1074 477 βαπτίσματι
1110 405 1205 462 τὴν
1244 399 1523 476 ὁμολογίαν
1572 410 1668 465 τῆς
1704 405 1929 463 πίστεως

2062 397 2189 456 'itus
2218 402 2439 473 sancti;
2472 408 2946 462 consentaneam
2982 403 3336 478 baptismati
3373 408 3705 467 confessio-

314 497 698 575 παρεχόμεθα,
751 491 1031 547 ἀκόλουθον
1084 488 1144 545 δὲ
1198 495 1289 545 καὶ
1343 496 1438 551 τὴν
1496 489 1798 564 δοξολογίαν
1863 497 1926 564 τῇ

2062 505 2181 547 tem
2215 490 2378 562 ﬁdei,
2410 498 2882 553 consentaneam
2921 494 3104 552 etiam
3135 494 3278 554 ﬁdei
3315 498 3702 570 gloriﬁcatio-

320 593 497 643 πίστει
527 607 542 621 ·
622 580 1033 647 συνδοξάζοντες
1096 586 1265 658 Πατρὶ
1337 585 1429 635 καὶ
1493 584 1597 653 Υἱῷ
1657 584 1714 634 τὸ
1780 580 1931 652 ἅγιον

2062 594 2181 636 rem
2203 581 2586 641 adhibemus:
2609 584 2896 659 Spiritum
2923 589 3201 642 sanctum
3219 602 3345 644 una
3368 604 3508 645 cum
3532 591 3701 648 Patre

320 685 554 752 Πνεῦμα,
596 682 668 746 τῷ
706 674 989 728 πεπεῖσθαι
1036 675 1108 745 μή
1166 670 1430 748 ἀλλότριον
1478 672 1606 725 εἶναι
1646 679 1743 735 τῆς
1797 672 1933 731 Θείας

2062 676 2099 726 ει
2120 670 2262 729 Filio
2291 673 2714 746 gloriﬁcantes;
2746 692 2819 735 eo
2844 676 3011 750 quod
3040 692 3405 750 persuasum
3430 680 3507 738 sit
3522 681 3702 739 nobis

323 770 550 840 φύσεως.
610 763 687 818 Ού
727 765 831 838 γὰρ
878 770 980 816 τῶν
1032 761 1203 815 αὐτῶν
1245 765 1474 835 μετέσχε
1523 770 1686 835 τιμῶν
1724 763 1783 813 1'6
1832 757 1932 812 ἀπ-

2062 759 2208 818 llum
2247 778 2284 820 a
2321 768 2543 823 natura
2578 765 2787 824 divina
2826 782 2952 823 non
2991 781 3125 823 esse
3168 765 3457 825 alienum.
3496 772 3703 844 Neque

325 857 622 929 εξενωμένον
651 854 790 906 κατά
825 856 921 911 τὴν
951 853 1127 924 φύσιν.
1167 854 1302 914 Τοὺς
1349 847 1409 904 δὲ
1446 855 1649 929 κτίσμα
1690 849 1933 923 λέγοντας

2062 850 2200 907 enim
2238 854 2594 911 eorumdem
2638 854 2942 913 honorum
2990 859 3150 913 esset
3193 857 3494 932 particeps
3532 858 3703 934 quod

323 950 379 1001 τὸ
432 951 643 1018 Πνεῦμα
687 946 748 995 τὸ
795 942 943 1014 ἅγιον
991 938 1245 1013 ἐλεοῦμεν,
1290 941 1355 1002 ὡς
1394 939 1465 1003 εἰς
1492 943 1551 993 τὸ
1602 939 1930 1014 ἀσυγχώρη-

2062 939 2302 1000 ι1ἰθηιιω
2345 942 2498 1002 foret
2527 945 2865 1003 secundum
2895 948 3201 1004 naturam.
3237 949 3459 1006 Eorum
3496 953 3702 1008 autem

327 1056 412 1090 τον
462 1042 653 1108 πτῶμα
682 1031 798 1104 (94)
858 1037 971 1092 τῆς
1000 1029 1074 1094 εἰς
1125 1029 1252 1084 αὐτὸ
1300 1029 1639 1104 βλασφημίας
1695 1025 1791 1083 διὰ
1833 1036 1928 1091 τῆς

2062 1032 2144 1106 [ui
2173 1034 2456 1107 Spiritum
2492 1043 2771 1094 sanctum
2814 1040 3151 1095 creaturam
3181 1053 3315 1095 esse
3339 1038 3571 1110 dicunt,
3592 1039 3706 1098 mi-

328 1127 571 1186 τοιαύτης
622 1128 789 1197 φωνῆς
834 1124 1273 1181 καταπίπτοντας.
1326 1118 1449 1173 Ὂτι
1496 1122 1599 1194 γὰρ
1645 1116 1930 1195 διώρισται

2062 1137 2328 1191 :eremur,
2348 1128 2410 1181 ut
2430 1125 2536 1198 qui
2556 1126 2617 1182 in
2638 1131 2957 1199 peccatum
2973 1142 3098 1184 non
3119 1126 3523 1186 condonabile
3540 1128 3704 1186 blas-

334 1219 503 1275 κτίσις
562 1214 819 1281 θεότητος,
877 1206 1088 1272 οὐδενός
1137 1209 1293 1282 λόγου
1357 1206 1587 1284 προσδεῖ
1632 1216 1738 1271 τοῖς
1792 1210 1930 1262 κατά

2062 1212 2294 1270 ὠοωὴε
2318 1213 2379 1270 in
2403 1213 2572 1270 illum
2595 1215 2852 1285 emissae,
2869 1231 2978 1289 per
2997 1215 3156 1273 hanc
3175 1231 3389 1274 vocem
3406 1216 3698 1276 incidant.

331 1306 515 1379 μικρὸν
552 1302 664 1373 (95)
709 1306 829 1363 ταῖς
893 1305 1122 1374 Γραφαῖς
1171 1297 1690 1372 ἐγγεγυμνασμένων
1738 1296 1797 1351 Ἦ
1836 1300 1928 1371 μεν

2062 1305 2186 1359 iam
2214 1318 2341 1360 rem
2380 1309 2646 1361 creatam
2677 1320 2715 1362 a
2746 1304 3061 1362 divivitate
3095 1305 3356 1363 divisam
3392 1322 3523 1364 esse
3551 1306 3704 1367 nihil

327 1396 427 1465 γὰρ
458 1396 628 1452 κτίσις
666 1386 923 1460 δουλεύει,
961 1392 1019 1442 τό
1074 1384 1135 1441 δε
1185 1395 1396 1462 Πνεῦμα
1442 1386 1712 1461 ἐλευθεροῦ
1747 1389 1777 1447 ἡ
1818 1391 1929 1441 κτί-

2062 1408 2190 1465 ιριιε
2220 1396 2310 1449 est
2337 1409 2442 1451 eos
2470 1410 2737 1465 monere,
2765 1394 2871 1468 qui
2895 1394 2987 1451 vel
3020 1394 3316 1453 tantillum
3345 1396 3408 1453 in
3436 1397 3702 1471 Scriptu-

328 1501 412 1542 σις
443 1482 584 1543 ζωῆς
612 1475 881 1554 προσδεής
911 1477 1048 1550 ἐστι,
1066 1480 1126 1532 τὸ
1157 1479 1366 1551 Πνεῦμα
1387 1475 1500 1531 ἐστι
1528 1480 1587 1530 1'6
1615 1478 1923 1539 ζωοποιοῦνο

2062 1482 2116 1540 is
2139 1483 2446 1541 exercitati
2465 1488 2625 1542 sunt.
2654 1488 2940 1543 Creatura
2962 1485 3163 1554 servit,
3190 1485 3444 1559 Spiritus
3462 1486 3700 1558 liberat;

324 1573 353 1630 ἡ
386 1576 562 1632 κτίσις
593 1566 951 1631 διδασκαλίας
988 1564 1324 1642 προσδεῖται,
1370 1569 1430 1620 τό
1484 1574 1695 1641 Πνευμα
1731 1566 1844 1620 ἐστι
1868 1569 1928 1620 τὸ

2062 1576 2312 1631 ιτειιιιιτίι
2351 1573 2473 1631 vita
2518 1573 2769 1646 indiget,
2824 1574 3077 1648 Spiritus
3122 1579 3213 1632 est
3259 1574 3368 1648 qui
3406 1575 3700 1647 viviﬁcat;

325 1657 608 1714 διδάσκον·
642 1663 673 1719 ἡ
706 1664 878 1720 κτίσις
906 1657 1203 1731 ἁγιάζεται,
1236 1659 1295 1710 τό
1317 1658 1526 1731 Πνεῦμα
1555 1655 1668 1710 ἐστι
1698 1660 1755 1710 1'6
1777 1656 1929 1730 ἁγιά-

2062 1666 2312 1720 reatura
2339 1663 2619 1721 doctrina
2647 1668 2799 1736 eget,
2821 1664 3074 1737 Spiritus
3095 1668 3186 1721 est
3201 1665 3307 1738 qui
3328 1664 3526 1733 docet;
3543 1680 3706 1724 crea-

326 1751 439 1813 ζον.
482 1750 590 1804 Κοῖν
612 1747 859 1822 ἀγγέλους
889 1750 1003 1821 εἴπῃ
1016 1767 1057 1816 ς,
1084 1745 1179 1798 κᾶν
1213 1744 1593 1823 ἀρχαγγέλους,
1625 1745 1720 1799 κᾶν
1753 1749 1931 1811 πασας

2065 1767 2174 1808 ura
2200 1752 2635 1824 sanctificatur,
2661 1753 2915 1826 Spiritus
2949 1756 3035 1809 est
3064 1753 3172 1828 qui
3196 1752 3549 1810 sanctiﬁcat.
3571 1753 3705 1810 Sive

323 1842 413 1902 τάς
442 1842 826 1915 ύπερκοσμίους
859 1838 970 1910 (96)
1021 1832 1288 1910 δυνάμεις,
1352 1833 1446 1889 διά
1492 1844 1584 1890 τοῦ
1632 1838 1931 1910 Πνεύματος

2062 1838 2261 1897 lixeris
2307 1840 2578 1912 angelos,
2630 1840 2756 1898 sive
2799 1841 3225 1912 archangelos,
3268 1841 3392 1899 sive
3436 1841 3706 1900 caelestes

322 1934 417 1989 τὴν
450 1928 751 2001 ἁγιωσύνην
781 1925 1156 2000 λαμϐάνουσιν.
1181 1925 1321 1979 Αύτό
1349 1921 1408 1978 δε
1432 1928 1490 1978 τὸ
1531 1932 1742 2000 Πνεῦμα
1769 1946 1932 2000 φυσι-

2062 1946 2253 1987 >mnes
2282 1934 2630 2004 potestates,
2662 1946 2773 2004 per
2794 1930 3080 2004 Spiritum
3112 1931 3582 1990 sanctimoniam
3603 1947 3707 1990 ac-

322 2024 420 2079 κήν
451 2021 565 2090 ἔχει
593 2021 687 2076 τὴν
714 2015 991 2089 ἀγιότητα,
1018 2014 1077 2067 ού
1102 2016 1239 2067 κατά
1252 2015 1416 2091 χάριν
1443 2014 1620 2077 λαϐὸν,
1653 2014 1782 2069 ἀλλά
1803 2036 1932 2070 συν-

2062 2018 2293 2093 :ipiunt.
2322 2019 2574 2093 Spiritus
2602 2024 2803 2077 autem
2832 2018 3172 2077 naturalem
3200 2018 3387 2077 habet
3415 2021 3707 2078 sanctita-

324 2112 650 2181 ουσιωμένην
708 2106 870 2178 αὐτῷ’
937 2107 1050 2159 ὅθεν
1115 2109 1206 2157 καὶ
1271 2112 1368 2166 τῆς
1429 2110 1791 2180 προσηγορίας
1836 2115 1932 2170 τῆς

2064 2125 2181 2182 em,
2214 2124 2340 2166 non
2371 2110 2565 2180 gratia
2592 2113 2926 2184 acceptam,
2961 2109 3070 2166 sed
3098 2108 3289 2183 ipsius
3320 2111 3591 2167 essentiee
3612 2110 3706 2167 in-

323 2207 415 2254 τοῦ
477 2200 638 2271 ἄγίου
718 2195 987 2272 ἐξαιρέτως
1051 2197 1363 2267 τετύχηκεν.
1423 2194 1490 2248 Ὃ
1550 2201 1723 2249 τοίνυν
1783 2199 1934 2270 φύσει

2062 2198 2218 2256 sitam
2243 2215 2256 2255 :
2293 2198 2455 2255 unde
2483 2202 2540 2255 et
2565 2199 2755 2255 sancti
2785 2197 3259 2272 appellationem
3290 2198 3583 2271 singulari
3605 2215 3707 2258 ra-

2042 2286 2204 2345 tione
2224 2287 2474 2346 obtinet.
2501 2287 2675 2355 Quod
2696 2302 2839 2358 ergo
2850 2290 3067 2344 natura
3080 2291 3360 2344 sanctum
3371 2292 3478 2353 est,
3497 2304 3708 2362 quem-

2043 2376 2379 2435 admodum
2409 2380 2582 2433 Pater
2625 2380 2843 2433 natura
2889 2381 3137 2433 sanctus
3174 2381 3288 2447 est,
3319 2381 3376 2434 et
3395 2377 3574 2434 Filius
3603 2393 3710 2435 na-

2042 2471 2179 2526 tura
2204 2471 2470 2535 sanctus;
2492 2466 2554 2523 id
2583 2481 2695 2523 nec
2724 2465 2989 2540 patimur
3010 2481 3047 2524 a
3064 2465 3248 2524 beata
3270 2481 3342 2523 ac
3365 2465 3571 2525 divina
3588 2466 3712 2524 Tri-

2042 2556 2229 2613 nitate
2269 2554 2537 2629 separari
2565 2559 2624 2612 et
2662 2554 2975 2624 abscindi;
3024 2570 3136 2611 nec
3174 2554 3551 2612 admittimus
3580 2572 3709 2626 eos,

2043 2648 2150 2720 qui
2194 2645 2367 2703 facile
2411 2646 2619 2719 ipsum
2662 2645 2820 2702 inter
2858 2634 3164 2703 creaturas
3208 2650 3543 2704 recensent.
3575 2649 3712 2703 Hinc

2045 2735 2222 2810 quasi
2251 2736 2313 2795 in
2352 2751 2594 2791 summa
2624 2734 2785 2791 dicta
2824 2733 2964 2805 sint,
3010 2738 3226 2791 vestrae
3271 2740 3477 2792 tamen
3504 2735 3713 2809 pietati

2046 2824 2191 2883 satis
2220 2823 2489 2897 copiose.
2530 2826 2680 2880 Nam
2718 2822 2798 2880 ab
2828 2821 3060 2893 exiguis
3093 2823 3427 2881 seminibus
3459 2823 3713 2882 uberem

340 2916 494 2988 ἁγίου
534 2918 842 2990 Πνεύματος.
891 2911 1052 2967 Δίδου
1099 2917 1196 2989 γὰρ
1251 2922 1393 2987 σοφῷ
1429 2913 1688 2988 ἀφορμὴν,
1716 2920 1808 2968 καὶ
1840 2935 1934 2969 σο-

2062 2913 2284 2989 pietatis
2309 2912 2591 2981 fructum,
2631 2911 2854 2986 Spiritu
2888 2916 3097 2969 sancto
3134 2911 3309 2968 vobis
3356 2912 3709 2985 opitulante,

341 3010 556 3081 φὼτερος
601 3008 770 3063 ἔσται.
827 3008 934 3063 Τὴν
992 2999 1051 3057 δε
1091 3002 1404 3078 τελειοτέραν
1457 3000 1813 3059 διδασκαλίαν
1869 3006 1938 3068 εἰς

2062 3002 2381 3060 iemetetis.
2425 3002 2522 3059 Da
2561 3002 2718 3059 enim
2758 3001 3130 3059 occasionem
3168 3002 3449 3075 sapienti,
3497 3008 3555 3060 et
3596 3004 3710 3060 erit

337 3100 428 3154 τὴν
491 3094 604 3148 κατ’
670 3093 968 3168 ὀφθαλμοὺς
1030 3099 1323 3165 συντυχίαν
1389 3096 1810 3169 ύπερθησόμεθω
1863 3092 1938 3149 δι’

2062 3093 2458 3165 παρὶεηιίον³².
2481 3094 2772 3149 Caeterum
2792 3089 3076 3147 uberiora
3103 3089 3473 3149 documenta
3489 3092 3553 3149 in
3572 3107 3714 3149 con-

333 3186 392 3247 ἧς
435 3190 525 3239 καὶ
569 3188 636 3237 τα
693 3182 1017 3257 ἀντικείμενα
1060 3181 1431 3252 ἐπιλύσασθαι,
1472 3188 1563 3237 καὶ
1618 3184 1938 3261 πλατυτέρας

2062 3199 2323 3256 gressum
2364 3170 2734 3248 differemus,
2765 3179 2828 3236 in
2858 3195 2982 3253 quo
3011 3184 3070 3236 et
3097 3179 3338 3252 objecta
3375 3180 3630 3252 solvere,
3655 3185 3710 3239 et

2048 3272 2347 3347 ampliora
2373 3286 2445 3327 ex
2476 3269 2796 3344 Scripturis
2828 3270 3096 3343 proferre
3134 3270 3502 3342 testimonia,
3529 3275 3589 3329 et
3616 3288 3713 3330 sa-

2044 3379 2191 3420 nam
2221 3377 2469 3419 omnem
2492 3359 2634 3416 ﬁdei
2653 3359 2950 3416 rationem
2975 3361 3335 3417 conﬁrmare
3356 3361 3711 3435 poterimus.

2048 3452 2596 3526 lmprmsentiarum
2619 3455 2820 3507 autem
2842 3448 3121 3507 brevitati
3142 3450 3609 3522 ignoscite.Nam
3635 3466 3713 3508 ne

2047 3540 2426 3614 scripsissem
2454 3538 2702 3612 quidem
2733 3536 3003 3610 omnino,
3033 3538 3148 3595 nisi
3177 3539 3475 3596 damnum
3512 3540 3714 3612 majus

2047 3629 2488 3687 existimassem
2517 3628 2700 3702 petita
2740 3643 2989 3702 prorsus
3024 3628 3346 3703 denegare,
3392 3644 3580 3704 quam
3626 3630 3715 3687 in-

325 2290 495 2362 ἆγιον,
547 2291 618 2350 ὡς
665 2306 818 2361 φύσει
860 2286 1009 2358 οἷγιος
1059 2286 1085 2338 ὁ
1142 2288 1346 2359 Πατὴρ,
1393 2289 1483 2338 καὶ
1534 2288 1687 2359 φύσει
1728 2285 1879 2359 ἀγιος
1908 2288 1933 2340 ό

325 2381 466 2447 Υἱὸς,
522 2380 642 2431 οὔτε
694 2376 844 2429 αὐτοὶ
889 2382 981 2437 τῆς
1058 2376 1190 2436 θείας
1249 2379 1340 2428 καὶ
1394 2380 1659 2449 μακαρίας
1710 2372 1936 2452 Τριάδος

327 2473 564 2545 χωρίσαι
593 2472 683 2519 καὶ⁵
706 2463 969 2539 διατεμεῖν
1018 2462 1333 2539 ἀνεχόμεθα,
1379 2468 1497 2518 οὔτε
1547 2468 1669 2527 τούς
1714 2466 1935 2529 εύκόλως

328 2566 387 2632 τῇ
452 2562 623 2611 κτίσει
690 2557 1139 2631 συναριθμοῦντας
1210 2550 1585 2629 ἀποδεχόμεθα
1616 2597 1631 2612 .
1706 2563 1885 2609 Ταῦτα
1917 2598 1932 2624 ,

332 2649 504 2723 ὥσπερ
558 2644 606 2699 ἐν
653 2644 915 2718 κεφαλαίῳ
942 2687 956 2715 ,
1026 2641 1322 2717 ἀρκούντως
1379 2652 1441 2717 τῇ
1502 2644 1741 2718 εὐλαϐείᾳ
1791 2646 1935 2719 ὑμῶν

333 2736 580 2809 εἰρήσθω.
651 2735 778 2788 Ἀπὸ
843 2736 943 2809 γὰρ
1003 2740 1202 2806 μικρῶν
1258 2735 1566 2807 σπερμάτων
1613 2740 1937 2809 γεωργήσετε

335 2829 394 2880 τὸ
432 2832 601 2879 πλεῖον
638 2832 725 2887 τῆς
786 2822 1070 2886 εὐσεϐείας,
1117 2830 1487 2899 συνεργοῦντος
1526 2826 1646 2897 ύμῖν
1677 2827 1789 2897 (97)
1842 2831 1935 2879 τοῦ

331 3277 419 3338 τὰς
481 3273 537 3326 ἐκ
600 3281 700 3327 τῶν
758 3279 971 3347 Γραρῶν
1027 3274 1410 3348 παρασχέσθαι
1468 3279 1781 3350 μαρτυρίας,
1847 3280 1939 3329 καὶ

330 3366 500 3418 πάντα
546 3366 708 3416 τύπον
763 3366 853 3415 τόν
910 3362 1032 3434 ὑγιῆ
1088 3369 1186 3424 τῆς
1243 3366 1470 3424 πίστεως
1536 3361 1939 3436 βεϐαιώσασθαι

333 3450 576 3509 δυνατόν.
609 3456 680 3506 T6
712 3448 773 3505 δὲ
805 3460 893 3505 νῦν
934 3453 1058 3523 ἔχον
1091 3456 1407 3524 συγγνώμην
1449 3456 1656 3525 νείματε
1690 3461 1751 3527 τῇ
1796 3452 1936 3530 βρα-

330 3546 552 3617 χύτητι.
595 3547 698 3596 Καὶ
734 3544 835 3617 γὰρ
878 3536 991 3594 οὐδ’
1026 3539 1087 3593 ἀν
1131 3539 1397 3594 ἐπέστειλα
1431 3545 1525 3600 τήν
1565 3540 1761 3615 ἀρχὴν,
1790 3543 1934 3617 εἰμὴ

330 3634 547 3709 μείζονα
576 3633 817 3706 ἡγούμην
847 3635 941 3690 τὴν
981 3629 1185 3705 βλάϐην
1230 3629 1565 3705 ἀρνήσασθαι
1593 3636 1687 3691 τὴν
1727 3635 1938 3693 αἴτησιν

333 3721 610 3789 παντελῶς,
643 3722 673 3782 ἦ
704 3719 914 3783 ἐλλιπῶς
934 3722 1337 3795 παρασχέσθαι.

2062 3723 2262 3779 :boate
2295 3718 2662 3777 satisfacere.
3164 3728 3178 3786 ι

887 3834 1226 3882 ΕΠΙΣΤΟΛΗ
1266 3827 1375 3884 ΡΞ.

2495 3825 2674 3899 249
2705 3827 3043 3884 EPISTOLA
3081 3827 3259 3884 CLX“.

325 3939 476 3996 Cum
507 3938 774 3993 Basilius
803 3936 879 3993 ab
908 3937 1082 3992 initio
1102 3939 1467 4008 episcopatus
1493 3937 1899 4006 prohibuisset
1921 3934 2377 3994 matrimonium
2403 3949 2536 3990 cum
2555 3933 3042 4008 uxogn'smortute
3059 3946 3301 4008 sorore;
3328 3935 3577 4006 quidam
3598 3934 3716 3993 hac

396 4011 518 4079 leye
547 4009 805 4080 offensus
834 4009 1068 4080 litteras
1088 4004 1197 4063 sub
1228 4004 1476 4079 Diodori
1494 4004 1732 4080 nomine
1760 4009 2053 4066 adversus
2076 4023 2209 4080 eum
2239 4006 2636 4080 circumtulit.
2666 4004 2815 4062 Inde
2843 4011 2996 4080 nata
3018 4004 3461 4080 occasionujus
3494 4008 3718 4064 Basilii

394 4076 681 4151 epistolae.
701 4081 765 4134 in
795 4095 917 4151 qua
945 4078 1247 4135 decretum
1269 4078 1739 4150 suum’defendit
1760 4096 1836 4137 ex
1857 4078 2288 4137 consuetudine
2311 4077 2596 4151 Ecclesia
2615 4091 2769 4133 sum:
2796 4076 3094 4146 obiectum
3125 4092 3202 4151 ea:
3228 4078 3452 4149 Moysis
3477 4080 3716 4136 silentio

395 4148 820 4222 argumentum
858 4150 1163 4220 dissolvit;
1193 4151 1311 4205 imo
1351 4148 1616 4220 Mog/sem
1645 4167 1768 4208 non
1800 4153 2057 4209 tacuisse
2095 4148 2447 4208 contendit:
2474 4163 2547 4205 ac
2578 4154 2880 4219 postremo
2915 4150 3263 4207 naturalem
3305 4148 3715 4222 cognationem

396 4224 489 4280 his
513 4224 745 4293 nuptiis
778 4222 1079 4292 confundi
1105 4222 1501 4279 demonstrat.

994 4326 1273 4405 Διοδώρῳ.
1978 4334 2021 4389 ι)

410 4441 457 4491 ι.
500 4436 738 4509 Ἀγίκετο
772 4438 898 4509 ἠμιν
938 4438 1228 4511 γράμματα
1266 4441 1360 4495 τὴν
1400 4434 1688 4511 ἐπιγραγήν
1747 4441 1942 4511 ἔχοντα

2746 4327 3027 4385 Diodoro.

2129 4441 2178 4493 1.
2219 4438 2523 4492 Venerunt
2572 4435 2752 4492 nobis
2795 4434 3006 4492 litterae
3053 4436 3299 4493 nomine
3339 4436 3579 4495 Diodori
3624 4438 3719 4495 in-

2055 4526 2315 4599 scriptae,
2363 4528 2424 4581 at
2459 4524 2521 4581 in
2560 4524 2808 4598 reliquis
2844 4525 3123 4597 quemvis
3168 4525 3354 4582 alium
3383 4528 3584 4600 potius
3615 4527 3720 4585 de-

2056 4620 2258 4671 centes
2321 4629 2509 4686 quam
2577 4612 2930 4671 Diodorum.
2980 4614 3222 4670 Videtur
3277 4616 3439 4671 enim
3485 4620 3721 4674 astutus

2060 4703 2275 4779 aliquis
2300 4719 2629 4777 personam
2659 4707 2829 4761 tuam
2853 4702 3135 4773 induens,
3175 4704 3259 4760 sic
3304 4704 3423 4761 sibi
3459 4705 3725 4767 voluisse

339 4520 623 4598 Διοδώρου,
665 4528 729 4579 τά
786 4521 845 4577 δὲ
898 4524 1075 4598 ἐφεξῆς
1124 4525 1279 4577 ἄλλον
1328 4529 1464 4586 τινός
1513 4530 1777 4601 πρέποντα
1816 4524 1948 4580 εἶναι

334 4613 529 4688 μᾶλλον
575 4616 604 4674 ἦ
656 4612 943 4689 Διοδώρου.
1003 4622 1151 4668 Δοκεῖ
1195 4617 1296 4688 γάρ
1342 4620 1433 4687 μοί
1483 4635 1562 4677 τις
1620 4626 1720 4668 τῶν
1776 4636 1950 4689 τεχνι-

335 4712 440 4756 κῶν
482 4704 618 4774 (98),
674 4709 735 4757 τὸ
810 4708 900 4757 σὸν
948 4708 1229 4780 πρόσωπον
1282 4702 1503 4775 ὑποδύς,
1563 4705 1729 4768 οὕτως
1772 4705 1951 4758 ἑαυτὸν

412 4829 461 4863 ³³
502 4830 681 4885 Prov.
717 4846 796 4897 ιχ,
830 4833 882 4886 9.

412 4953 526 5029 (94)
568 4960 787 5027 Πτῶμα.
818 4956 947 5010 Duo
971 4970 1117 5029 mss.
1152 4962 1415 5029 πταῖσμα.
1650 5026 1663 5029 _
1771 5026 1781 5029 _
1941 5025 1953 5029 _
2066 4951 2261 5011 δεῖται.

411 5026 524 5095 (95)
566 5025 710 5079 Κατά
734 5029 942 5102 μικρόν.
973 5026 1120 5102 Editi
1142 5026 1237 5102 κάν
1259 5025 1467 5102 μικρόν,
1491 5042 1628 5099 qua!
1650 5026 1825 5102 lectio
1848 5025 1958 5083 etsi

349 5105 705 5168 suasponte
732 5096 879 5152 nihil
910 5097 1091 5153 habet
1116 5096 1402 5162 vitii,'no'n
1435 5096 1639 5155 tamen
1671 5098 1959 5154 videtura

350 5166 559 5223 Basilio
591 5168 864 5224 adhibita
884 5169 999 5224 hoc
1029 5168 1188 5226 loco.
1218 5170 1358 5224 Pius
1379 5170 1539 5225 enim
1569 5169 1958 5225 tribuendum

344 5239 773 5294 vetustissimis
807 5238 1367 5312 tribusrcodicibus,
1405 5241 1464 5295 in
1492 5240 1715 5312 quibus
1746 5240 1962 5312 legitur

344 5311 481 5385 κατά
501 5315 911 5385 μρλῳόνμχιψιιι
932 5310 1104 5385 editis
1127 5317 1185 5367 et
1206 5311 1339 5385 aliis
1364 5310 1852 5368 mssterisimilc
1875 5316 1964 5385 est

344 5380 510 5454 hanc
521 5380 825 5454 loquendi
852 5382 1145 5454 rationem
1171 5387 1233 5437 ut
1255 5383 1454 5454 minus
1475 5388 1820 5439 accuratam
1846 5399 1880 5438 a
1899 5381 1960 5438 li-

346 5452 569 5507 brariis
583 5452 966 5509 immutatam
981 5452 1187 5509 fuisse.
1208 5453 1321 5510 Sed
1339 5458 1536 5509 tamen
1553 5469 1625 5508 ea
1638 5454 1889 5510 Basilius
1903 5454 1966 5509 in

346 5522 535 5597 rebus
566 5523 890 5597 simillimis
913 5539 1184 5597 persaepe
1211 5524 1415 5579 utitur.
1445 5523 1705 5597 Eosdem
1727 5525 1968 5597 codices

350 5593 541 5668 paulo
556 5598 698 5669 post
715 5591 1028 5669 sequimur
1049 5591 1249 5653 in'hac
1269 5609 1417 5653 voce
1445 5591 1784 5673 προσδεῖται.
1816 5594 1972 5653 Editi

2135 5031 2249 5108 (96)
2288 5028 2389 5087 Τὰς
2418 5027 2821 5101 ὑπερκοσμίους.
2849 5023 2941 5081 Sic
2964 5040 3112 5084 mSS.
3135 5026 3430 5087 sex.Editi
3454 5032 3549 5094 τὰς
3578 5031 3730 5108 ύπερ-

2065 5102 2304 5170 κοσμίας.

2140 5167 2253 5248 (
2297 5170 2689 5248 Κυνεργόὺντός¹
2700 5167 2841 5248 ὑμῖν.
2852 5168 3003 5248 _Hari
3017 5211 3044 5248 ._
3054 5178 3420 5248 συνεργοῦντος
3450 5176 3599 5248 μῑν,

2141 5243 2253 5312 (98)
2292 5245 2383 5302 Τις
2411 5239 2511 5291 τῶν
2539 5239 2816 5312 τεχνίκῷν.
2851 5241 2960 5294 Pro
2986 5239 3080 5295 his
3100 5239 3350 5299 vocibus
3373 5239 3552 5301 habet
3572 5245 3733 5302 Harl.

2072 5308 2263 5367 codex
2295 5312 2547 5387 falari;
2578 5308 3291 5387 révﬁwgauawvfsxvu'cﬁv,
3318 5315 3481 5385 forte
3512 5316 3738 5387 aliquis

2074 5398 2152 5440 ex
2188 5381 2551 5452 mechanicis
2576 5381 2930 5452 artiﬁcibus.
2970 5381 3285 5442 Medicazus
3314 5381 3455 5442 cum
3496 5381 3740 5444 duobus

2078 5453 2210 5511 aliis
2238 5462 2338 5526 τῶν
2371 5451 2651 5526 βαναύσων
2679 5451 2899 5526 τεχνῶν.

2156 5526 2177 5547 ’⁸
2216 5524 2381 5584 Alias
2402 5526 2665 5583 CXCVII.
2695 5524 2928 5599 Scripta
2956 5524 3117 5584 circa
3142 5541 3241 5585 an.
3276 5530 3399 5585 373.
