4152 6378
428 287 530 344 623

1802 279 1859 338 S.
1903 274 2155 335 BASlLlI
2191 277 2411 337 MAGNI

3685 282 3802 341 624

426 409 840 470 auctoritatem
871 410 1038 483 apud
1068 411 1376 470 auditores
1408 422 1784 484 comparare.
1817 405 1928 473 Qui
1954 403 2079 478 qui-

2201 403 2506 468 ἀξιὸπιστον
2565 406 2808 467 ἐθελῆσαι
2857 413 3082 466 ποιῆσαι
3135 413 3248 468 τοῖς
3293 405 3660 482 ἀκροωμένοις.
3714 405 3816 471 ’ος

427 501 568 556 dem
607 500 681 556 ab
717 499 920 573 aliquo
961 499 1386 570 interrogatus,
1425 515 1503 555 an
1544 498 1657 554 sibi
1695 497 1898 552 liceret
1926 509 2091 549 mor-

426 595 545 647 tuae
582 589 789 646 uxoris
831 604 1101 646 sororem
1140 589 1201 645 in
1241 588 1694 646 matrimonium
1725 585 1963 651 ducere,
2002 583 2094 639 in-

426 679 893 750 terrogationem
932 695 1054 735 non
1087 678 1450 752 perhorruit,
1494 677 1601 733 sed
1639 673 1874 748 placide
1908 672 2088 730 etiam

429 769 676 838 audivit,
726 784 798 824 ac
848 768 1134 825 lascivam
1187 767 1503 824 libidinem
1560 765 1787 822 fortiter
1841 779 2092 836 prorsus

429 863 486 916 et
513 858 869 932 pugnaciter
913 857 1167 928 adjuvit.
1215 856 1388 922 Quod
1439 857 1488 912 si
1537 855 1821 910 adessent
1861 852 2088 920 litteris,

428 965 531 1006 eas
574 951 653 1006 ad
695 954 751 1006 te
795 949 1120 1016 misissem,
1169 948 1436 1020 satisque
1485 945 1744 1002 haberes
1795 943 2094 1000 facultatis

429 1045 485 1096 et
513 1038 594 1095 ad
630 1042 798 1094 tuam
830 1042 886 1094 et
915 1037 995 1093 ad
1022 1037 1286 1094 veritatis
1331 1035 1771 1092 defensionem.
1807 1033 1923 1092 Sed
1948 1032 2095 1106 quia

426 1129 532 1201 qui
588 1129 718 1184 illas
774 1126 1139 1195 ostenderat,
1192 1142 1402 1183 rursus
1451 1124 1720 1194 abstulit,
1771 1128 1830 1180 et
1885 1126 2096 1180 contra

425 1234 557 1286 nos,
577 1218 683 1291 qui
710 1217 772 1274 id
802 1217 880 1274 ab
909 1217 1078 1273 initio
1108 1215 1555 1290 prohibuimus,
1587 1213 1752 1270 velut
1793 1218 2093 1285 tropaeum

429 1308 739 1379 quoddam
788 1306 1174 1372 circumtulit,
1222 1305 1529 1362 licentiam
1575 1320 1638 1359 se
1667 1303 1891 1359 habere
1929 1302 2095 1358 dicti-

426 1403 563 1454 tans
588 1397 810 1470 scripto
836 1395 1226 1463 mandatam;
1257 1411 1420 1452 nunc
1447 1394 1526 1450 ad
1556 1398 1612 1450 te
1644 1392 1879 1465 scripsi,
1905 1396 1968 1446 ut
1988 1391 2095 1447 du-

428 1488 568 1561 plici
595 1503 783 1543 manu
814 1486 1086 1559 spuriam
1115 1485 1281 1541 illam
1303 1483 1620 1558 epistolam
1642 1496 2091 1555 oppugnemus;

427 1592 541 1635 nec
570 1577 911 1651 quidquam
957 1574 1011 1632 ei
1052 1574 1291 1631 roboris
1333 1573 1773 1647 relinquamus,
1813 1586 1888 1628 ne
1921 1570 2094 1628 facile

427 1667 617 1740 possit
638 1665 982 1736 legentibus
1011 1679 1254 1722 nocere.

498 1779 552 1830 2.
615 1776 879 1830 Primum
938 1772 1164 1845 itaque,
1219 1770 1387 1844 quod
1443 1770 1505 1826 in
1565 1769 1864 1840 ejusmodi
1913 1768 2094 1824 rebus

426 1863 763 1920 maximum
787 1866 1141 1930 est,morem
1163 1864 1437 1917 nostrum
1462 1859 1723 1931 objicere
1742 1874 2090 1930 possumus,

427 1957 493 2010 ut
517 1953 641 2009 vim
667 1951 815 2021 legis
844 1951 1195 2020 habentem,
1225 1965 1295 2006 eo
1315 1949 1484 2022 quod
1511 1948 1692 2005 nobis
1721 1964 1756 2004 a
1785 1947 1928 2004 viris
1955 1963 2093 2004 san-

427 2043 534 2098 ctis
563 2040 799 2098 tradita
839 2041 957 2096 sint
983 2039 1228 2112 regulae.
1277 2041 1399 2095 Mos
1430 2042 1636 2095 autem
1667 2037 1764 2094 ille
1795 2042 1884 2094 est
1920 2037 2088 2109 ejus-

425 2131 613 2201 modi,
643 2134 710 2187 ut
734 2131 783 2186 si
812 2129 948 2203 quis
977 2129 1344 2202 imp‘uritatis
1367 2129 1512 2185 vitio
1539 2127 1870 2202 aliquando
1899 2127 2092 2184 victus

423 2221 484 2277 in
513 2220 778 2278 illicitam
806 2219 1068 2276 duarum
1101 2234 1380 2275 sororum
1419 2217 1911 2290 conjunctionem
1942 2216 2090 2272 inci-

423 2310 596 2379 derit,
625 2325 825 2383 neque
863 2308 925 2364 id
972 2307 1431 2364 matrimonium
1461 2307 1859 2376 existimetur,
1895 2320 2090 2378 neque

423 2399 675 2456 omnino
729 2398 792 2454 in
837 2397 1112 2454 Ecclesiae
1161 2402 1386 2453 coetum
1441 2396 1858 2462 admittantur,
1897 2394 2091 2468 prius-

421 2503 611 2560 quam
641 2503 678 2544 a
703 2502 765 2543 se
794 2485 1052 2542 invicem
1075 2484 1454 2541 dirimentur.
1473 2485 1669 2551 Quare
1687 2483 1923 2540 etiamsi
1942 2483 2090 2540 nihil

421 2577 588 2633 aliud
616 2576 734 2633 dici
772 2579 1000 2649 posset,
1049 2576 1194 2632 satis
1241 2579 1396 2631 esset
1426 2574 1559 2647 ipsa
1597 2573 1970 2630 consuetudo
2009 2573 2090 2630 ad

417 2666 566 2724 boni
606 2665 968 2723 custodiam.
1003 2664 1119 2722 Sed
1147 2664 1295 2738 quia
1337 2664 1442 2736 qui
1471 2663 1632 2720 hanc
1665 2663 1901 2736 scripsit
1929 2665 2085 2736 epis-

419 2755 626 2826 tolam,
658 2754 998 2812 adulterino
1045 2759 1406 2824 argumento
1445 2753 1676 2810 malum
1706 2757 1946 2809 tantum
1985 2769 2086 2808 co-

417 2849 598 2902 natus
627 2845 816 2902 estin
864 2859 1065 2900 mores
1114 2843 1434 2900 hominum
1481 2843 1789 2909 inducere,
1837 2857 2086 2899 necesse

417 2939 524 3006 est,
553 2938 612 2990 ut
639 2949 750 2990 nec
775 2932 1304 2990 ratiocinationum
1337 2931 1679 2988 subsidium
1711 2931 2082 3001 omittamus,

415 3039 792 3098 quanquam,
822 3023 884 3078 in
914 3021 1095 3078 rebus
1139 3021 1319 3078 valde
1362 3021 1731 3094 conspicuis,
1765 3036 2084 3093 argumen-

414 3113 639 3171 tatione
667 3113 868 3187 potior
894 3115 987 3169 est
1011 3110 1494 3184 uniuscujusque
1523 3111 1832 3184 praenotio.

489 3224 542 3276 3.
586 3219 887 3293 Scriptum
936 3220 1044 3285 est,
1097 3217 1313 3291 inquit,
1363 3216 1424 3272 in
1469 3215 1764 3273 Levitico:
1828 3217 2082 3274 Uxorem

411 3325 595 3379 super
635 3323 841 3365 sorore
883 3311 1012 3378 ejus
1060 3323 1182 3363 non
1230 3306 1491 3376 accipies
1530 3308 1829 3372 aemulam,
1873 3305 1954 3362 ad
1990 3320 2082 3362 re-

415 3399 737 3456 velandam
792 3397 1232 3466 turpitudinem
1281 3399 1410 3467 ejus
1459 3411 1642 3465 super
1689 3411 1839 3460 eam,
1881 3395 2084 3453 adhuc

413 3490 646 3546 vivente
686 3503 755 3544 ea
786 3487 854 3541 33.
888 3485 1031 3542 Inde
1077 3485 1257 3555 igitur
1307 3485 1698 3541 manifestum
1757 3502 1886 3542 esse
1940 3485 2083 3552 dicit

410 3581 668 3634 mortuas
700 3591 971 3632 sororem
1008 3575 1281 3647 accipere
1314 3575 1514 3634 licere.
1547 3575 1635 3632 Ad
1665 3575 1780 3632 hoc
1811 3575 2080 3648 primum

409 3668 661 3741 quidem
705 3667 928 3736 dicam,
974 3681 1358 3739 quaecunque
1405 3665 1502 3722 lex
1547 3665 1710 3732 dicit,
1764 3665 1834 3721 iis
1863 3665 1968 3738 qui
2017 3665 2079 3722 in

406 3759 538 3828 lege
579 3761 721 3814 sunt
750 3756 988 3824 dicere;
1032 3755 1260 3829 alioqui
1303 3755 1388 3810 sic
1435 3759 1492 3811 et
1543 3754 1988 3811 circumcisioni
2023 3757 2080 3810 et

409 3846 679 3904 Sabbato
709 3850 767 3902 et
803 3843 1184 3902 abstinentiae
1217 3844 1496 3900 ciborum
1527 3843 1942 3914 subjiciemur.
1975 3847 2078 3900 Ne-

405 3953 526 4010 que
555 3936 716 3992 enim
756 3936 805 3991 si
845 3935 994 4008 quid
1036 3934 1424 3990 inveniamus
1463 3935 1816 4007 appositum
1847 3933 2076 3989 nostris

403 4024 842 4098 voluptatibus,
865 4023 1014 4094 jugo
1047 4023 1349 4080 servitutis
1390 4023 1539 4094 legis
1583 4039 1696 4078 nos
1740 4022 1858 4096 ipsi
1889 4022 2075 4094 subji-

405 4114 634 4170 ciemus
659 4130 672 4169 :
706 4112 753 4168 si
784 4112 930 4185 quid
962 4116 1164 4168 autem
1187 4111 1383 4168 visum
1412 4111 1586 4168 fuerit
1615 4127 1795 4182 grave
1819 4111 1880 4168 in
1909 4111 2070 4182 lega-

402 4204 582 4273 libus,
628 4208 769 4258 tunc
813 4202 892 4258 ad
934 4201 1290 4271 libertatem,
1329 4202 1506 4273 250
1551 4218 1688 4274 quae
1735 4202 1797 4257 in
1839 4202 2072 4258 Christo

2199 513 2274 565 γε,
2306 493 2583 568 ἐρωτηθεὶς
2622 499 2722 548 ὑπό
2772 515 2927 568 τινος,
2979 496 3022 548 εἰ
3082 497 3289 568 θεμιτὸν
3347 495 3487 566 αὐτῷ
3515 494 3626 567 (99)
3682 499 3816 569 πρὸς

2198 587 2366 658 γάμον
2441 584 2736 658 ἀγαγέσθαι
2801 593 2898 647 τῆς
2969 588 3222 656 γυναικὸς
3272 582 3660 646 τελευτησάσης
3715 589 3814 645 τὴν

2200 671 2447 748 ἀδελφὴν,
2491 676 2585 728 οὐκ
2627 674 2796 750 ἔφριξε
2843 679 2937 734 τὴν
2985 673 3263 749 ἐρώτησιν,
3317 673 3445 726 ἀλλὰ
3501 678 3592 726 καὶ
3630 675 3816 750 πράως

2198 764 2378 837 ἤνεγκε
2406 769 2501 825 τὴν
2560 764 2740 831 ἀκοὴν,
2791 769 2882 816 καὶ
2939 765 2999 816 τὸ
3055 763 3268 836 ἀσελγὲς
3321 761 3631 836 ἐπιθύμημα
3671 765 3811 816 πάνυ

2197 857 2445 927 γενναίως
2495 854 2572 926 (1)
2634 859 2723 906 καὶ
2790 852 3150 926 ἀγωνιστικῶς
3211 853 3632 927 συγκατέπραξαν
3667 893 3680 908 .
3749 853 3815 908 Εἰ

2198 947 2288 1017 μὶν
2317 944 2404 996 οὖν
2436 951 2608 1018 παρῆν
2651 963 2740 1016 μοι
2798 946 2856 995 τὸ
2908 944 3150 1016 γράμμα,
3202 941 3327 995 αύτό
3387 940 3446 994 ἂν
3506 940 3807 1010 ἀπέστειλα,

2198 1039 2287 1086 καὶ
2344 1033 2575 1109 ἐξήρκιις
2615 1036 2693 1104 (2)
2743 1041 2918 1105 σαυτῷ
2969 1052 3024 1086 τε
3079 1031 3272 1106 ἀμῦναι
3321 1037 3412 1085 καὶ
3467 1040 3531 1106 τῇ
3567 1031 3808 1106 ἀληθεία·

2200 1121 2307 1176 ἐπεὶ
2339 1120 2398 1178 δι
2445 1125 2471 1176 ὀ
2515 1121 2693 1187 δείξας
2739 1122 2894 1176 πάλιν
2940 1121 3194 1195 ἀφείλετο,
3248 1127 3339 1175 καὶ
3373 1123 3548 1198 ὥσπερ
3593 1141 3644 1176 τι
3681 1127 3812 1198 τρό-

2198 1233 2352 1267 παιον
2403 1215 2524 1268 καθ’
2581 1216 2729 1287 ἡμῶν
2785 1218 3066 1289 περιέφερε,
3118 1213 3482 1266 κεκωλυκὸτων
3529 1231 3590 1266 το
3623 1211 3674 1276 ἐξ
3721 1211 3814 1286 ἀρ-

2198 1311 2327 1375 χῆς,
2379 1305 2636 1379 ἔγγραφον
2677 1306 2818 1376 ἔχειν
2869 1303 3030 1376 λέγων
3086 1307 3178 1362 τὴν
3230 1301 3493 1366 ἕξουσίαν·
3545 1300 3814 1356 ἆπέστιιλα

2199 1400 2286 1444 νῦν
2347 1411 2450 1458 σοι,
2511 1396 2646 1446 ὥστε
2690 1389 2852 1466 διπλῇ
2893 1399 2954 1465 τῇ
3015 1397 3164 1464 χειρὶ
3211 1393 3353 1464 ἡμᾶς
3390 1391 3552 1444 ἐλθεῖν
3597 1391 3682 1444 ἐπὶ
3720 1394 3810 1444 τὸν

2199 1483 2346 1534 νόθον
2377 1481 2564 1534 ἐκεῖνον
2608 1481 2776 1554 λόγον,
2811 1486 2900 1533 καὶ
2953 1478 3220 1554 μηδεμίαν
3257 1481 3397 1553 αὐτῷ
3444 1480 3606 1553 ἰσχὺν
3645 1500 3810 1534 κατα-

2199 1571 2385 1642 λιπεῖν,
2442 1574 2526 1624 ῖνοι
2570 1575 2640 1645 μὴ
2690 1573 2790 1644 ἔχη
2835 1569 3084 1644 βλάπτειν
3133 1567 3334 1647 ῥᾳδίως
3381 1572 3504 1634 τούς
3553 1569 3814 1644 ἐντυγχά-

2123 1657 2163 1710 Β
2199 1680 2377 1724 νοντας
2392 1703 2404 1717 .

2269 1773 2324 1824 2.
2359 1775 2567 1843 Πρῶτον
2599 1765 2843 1842 μὲνοῦν,
2894 1767 2920 1820 ὃ
2973 1772 3221 1842 μέγιστον
3270 1766 3354 1821 ἐπὶ
3411 1775 3510 1820 τῶν
3559 1769 3808 1821 τοιούτων

2200 1855 2335 1922 ἐστὶ,
2366 1861 2424 1910 τὸ
2463 1857 2589 1932 παρ’
2632 1859 2759 1931 ἡμῖν
2800 1860 2933 1926 ἔθος,
2962 1856 2988 1910 ὃ
3044 1860 3232 1930 ἔχομεν
3285 1855 3611 1930 προϐάλλειν,
3648 1859 3809 1930 νόμου

2199 1942 2421 2020 δύναμιν
2459 1947 2606 2019 ἔχον,
2652 1942 2746 2000 διὰ
2774 1949 2832 1998 τὸ
2859 1946 2942 2019 ὑφ’
2977 1945 3136 2018 ἀγίων
3169 1942 3370 2020 ἀνδρῶν
3414 1950 3538 2008 τοὺς
3587 1948 3811 2021 θεσμοὺς

2199 2039 2324 2105 ἡμῖν
2388 2033 2779 2110 παραδοθῆναι.
2851 2042 3016 2089 Τοῦτο
3075 2033 3134 2089 δὲ
3199 2040 3433 2088 τοιοῦτόν
3501 2034 3663 2088 ἐστιν·
3724 2037 3810 2089 ἐάν

2197 2144 2292 2193 τις,
2324 2126 2478 2178 πάθει
2525 2124 2856 2200 ἀκαθαρσίας
2885 2127 3008 2179 ποτὲ
3065 2127 3361 2200 κρατηθεὶς,
3421 2123 3627 2199 ἀκπέση
3678 2129 3812 2200 πρὸς

2199 2211 2342 2268 δυεῖν
2384 2211 2616 2287 ἀδελφῶν
2664 2215 2893 2288 ἄθεσμον
2923 2220 3213 2281 κοινωνίαν,
3263 2218 3396 2288 μήτε
3439 2215 3610 2287 γάμον
3656 2216 3809 2286 ἡγεῖ-

2199 2306 2324 2356 σθαι
2349 2311 2531 2356 τοῦτον
2559 2305 2659 2376 (3),
2704 2304 2830 2377 μηθ’
2880 2303 3008 2366 ὅλως
3053 2305 3126 2367 εἰς
3181 2303 3501 2365 Ἐκκλησίας
3547 2303 3807 2378 πλήρωμα

2194 2389 2601 2467 παραδέχεσθαι
2638 2398 2909 2469 πρότερον,
2965 2394 2994 2454 ἦ
3047 2390 3302 2447 διαλῦσαι
3347 2393 3533 2454 αύτούς
3577 2391 3664 2445 ἀπ’
3712 2391 3802 2444 ἀλ-

2193 2480 2381 2540 λήλων.
2414 2481 2576 2535 Ὥστε
2618 2482 2662 2535 εἰ
2709 2488 2799 2536 καὶ
2847 2479 3014 2556 μηδὲν
3067 2484 3235 2559 ἕτερον
3285 2483 3442 2535 εἰπεῖν
3473 2479 3557 2547 ἦν,
3603 2480 3803 2556 ἐξήρκει

2193 2575 2251 2623 τὸ
2297 2573 2409 2634 ἔθος
2457 2577 2589 2646 πρὸς
2623 2577 2718 2631 τὴν
2751 2581 2843 2626 τοῦ
2887 2573 3047 2626 καλοῦ
3078 2574 3150 2644 (4)
3188 2572 3440 2646 φυλακήν.
3483 2568 3698 2630 Ἐπειδὴ
3743 2568 3804 2625 δὶ

2197 2661 2222 2713 ὀ
2277 2665 2372 2720 τὴν
2439 2660 2716 2721 ἐπιστολὴν
2785 2661 3043 2738 γράψας,
3114 2661 3492 2738 ἐπιχειρήματι
3565 2657 3803 2736 κιϐδήλῳ

2194 2754 2353 2804 κακὸν
2383 2759 2632 2805 τοσοῦτον
2663 2750 2909 2828 ἐπειράθη
2970 2760 3042 2824 τῷ
3096 2750 3200 2825 βίῳ
3244 2751 3544 2824 ἐπαγαγεῖν,
3605 2750 3802 2823 ἀνάγκη

2195 2837 2333 2911 μηδὲ
2363 2842 2504 2914 ἡμᾶς
2544 2849 2639 2904 τῆς
2687 2841 2744 2894 ἐκ
2793 2850 2892 2894 τῶν
2940 2842 3206 2914 λογισμῶν
3254 2840 3505 2915 βοηθείας
3559 2842 3804 2914 ὑφέσθαι·

2195 2934 2368 2983 καίτοι
2396 2951 2457 3003 γε
2499 2930 2582 2984 ἐπὶ
2625 2939 2724 2984 τῶν
2780 2928 2986 3004 σφόδρα
3034 2931 3260 3008 ἐναργῶν
3303 2931 3495 3006 μείζων
3555 2930 3667 2984 ἐστὶ
3712 2937 3804 2984 τοῦ

2194 3020 2349 3095 λόγου
2376 3021 2406 3080 ἡ
2440 3019 2563 3093 παρ’
2597 3020 2820 3074 ἑκάστου
2845 3025 2923 3086 (5)
2955 3020 3239 3096 πρόληψις.

2266 3221 2318 3274 3.
2383 3220 2699 3293 Γέγραπται,
2757 3221 2937 3291 φησὶν,
3000 3217 3047 3270 ἐν
3100 3224 3169 3289 τῷ
3231 3223 3512 3290 Λευῖτικῷ’
3574 3223 3806 3272 Γυναῖκα

2195 3305 2291 3360 ἐπ’
2366 3303 2560 3381 ἀδελφῇ
2630 3307 2788 3370 αὐτῆς
2859 3305 2918 3359 ού
2983 3305 3126 3380 λήψῃ
3211 3305 3485 3368 ἀντίζηλον
3521 3351 3534 3375 ,
3603 3307 3803 3361 ἀποκα-

2191 3394 2358 3467 λύψαι
2403 3400 2497 3456 τὴν
2546 3395 2936 3470 ἀσχημοσύνην
2970 3396 3129 3458 αὐτῆς
3173 3396 3251 3450 ἐπ’
3298 3396 3452 3471 αὐτῇ,
3501 3398 3577 3449 ἔτι
3620 3397 3801 3460 ζώσης

2191 3485 2374 3548 αὐτῆς.
2407 3484 2567 3545 Δῆλον
2622 3483 2690 3545 δὴ
2744 3482 2831 3538 οὖν
2867 3485 2921 3538 ἐκ
2953 3505 3136 3539 τουτου
3171 3481 3301 3538 εἶναί
3333 3505 3512 3560 φησιν,
3548 3487 3628 3539 ὅτι
3675 3506 3804 3560 συγ-

2190 3573 2445 3648 χωρεῖται
2499 3574 2777 3648 λαμϐάνειν
2839 3574 3248 3637 τελευτησάσης.
3309 3577 3447 3652 Πρὸς
3514 3571 3582 3635 δὴ
3647 3583 3799 3629 τοῦτο

2189 3672 2392 3738 πρῶτον
2457 3667 2548 3737 μεν
2600 3662 2760 3717 ἐκεῖνο
2812 3665 2929 3739 ἐρῶ·
3003 3667 3104 3732 ὅτι,
3173 3666 3273 3717 ὅσα
3328 3666 3353 3716 ὁ
3419 3668 3576 3735 νόμος
3639 3663 3796 3738 λέγει,

2187 3761 2297 3815 τοῖς
2322 3754 2370 3806 ἐν
2396 3761 2468 3824 τῷ
2498 3758 2637 3827 νόμῳ
2662 3753 2805 3807 λαλεῖ
2834 3756 2934 3824 (6)ο
2984 3753 3094 3807 ἐπεὶ
3125 3755 3259 3807 οὕτω
3294 3774 3353 3826 γε
3391 3759 3482 3806 καὶ
3514 3763 3794 3830 περιτομῇ,

2186 3851 2276 3898 καὶ
2330 3844 2600 3918 Σαϐϐάτῳ,
2650 3850 2739 3898 καὶ
2794 3845 2974 3918 ἀποχῇ
3039 3844 3329 3922 βρωμάτων
3385 3847 3796 3920 ύποκεισόμεθα.

2187 3935 2263 3988 Od
2291 3937 2394 4008 γὰρ
2423 3931 2514 4006 δὴ,
2551 3935 2635 3988 ἐὰν
2665 3938 2756 4010 μὶν
2786 3955 2839 3988 τι
2882 3936 3108 4009 εὕρωμεν
3159 3939 3448 4012 συντρίχον
3496 3938 3641 4010 ἡμῶν
3681 3945 3798 4000 ταῖς

2185 4023 2418 4093 ἡδοναῖς,
2469 4033 2541 4097 τῷ
2598 4029 2738 4097 ζυγῷ
2785 4033 2878 4088 τῆς
2939 4021 3179 4087 δουλείας
3226 4033 3318 4077 τοῦ
3369 4028 3530 4099 νόμου
3580 4025 3797 4090 ἑαυτούς

2184 4115 2538 4188 ύποθὴσομεν”
2597 4115 2679 4168 ἐὰν
2738 4111 2798 4168 δέ
2856 4135 2906 4169 τι
2973 4122 3104 4189 φανῇ
3171 4113 3311 4191 βαρύ
3373 4123 3474 4169 τῶν
3538 4120 3792 4190 νομίμων,

2183 4208 2298 4256 τότε
2355 4207 2485 4278 πρὸς
2545 4208 2640 4262 τὴν
2708 4206 2758 4258 ἓν
2821 4205 3036 4279 Χριστῷ
3096 4205 3382 4278 ὒευθερίαν
3452 4201 3793 4279 ἀπὸδραμού-

404 4299 512 4360 est,
547 4292 988 4362 confugiemus.
1031 4291 1384 4367 Interrogati
1418 4307 1630 4346 sumus
1660 4305 1739 4346 an
1778 4291 2071 4362 scriptum

2189 4296 2355 4366 μεθα.
2395 4268 2793 4366 ¹’Πρωτηθημεν
3007 4268 3069 4349 ἐἰ
3151 4268 3442 4369 γέγραπται
3510 4268 3786 4365 λαμϐάνειν

402 4382 496 4452 sit,
538 4388 605 4440 ut
643 4381 973 4456 accipiatur
1015 4395 1169 4436 uxor
1211 4385 1350 4453 post
1393 4378 1588 4454 ipsius
1635 4395 1927 4437 sororem.
1974 4380 2070 4437 Di-

471 4546 520 4581 ³³
561 4544 719 4603 Levit
741 4560 894 4615 xvut,
927 4543 1014 4599 18.

469 4691 583 4762 (99)
623 4690 796 4762 Αὐτῷ.
830 4688 923 4762 Sic
949 4692 1067 4762 tres
1098 4685 1490 4744 vetustissimi
1521 4687 1848 4762 codiceset
1879 4688 2056 4762 Coisl.

398 4758 718 4818 secundus.
746 4758 902 4816 'Editi
933 4760 1106 4814 αὐτόν,
1133 4762 1306 4814 Deest
1327 4774 1397 4813 ea
1422 4775 1538 4814 vox
1562 4759 1621 4812 in
1645 4758 1852 4814 codice
1880 4760 2054 4816 Coisl.

395 4835 501 4904 qui
539 4833 758 4904 saeculo
797 4848 958 4904 nono
1001 4834 1296 4895 exaratus,
1343 4833 1522 4901 atque
1553 4830 1711 4904 hanc
1742 4830 2060 4902 epistolam

395 4901 535 4958 cum
566 4903 696 4958 aliis
732 4903 1110 4973 synodorum
1140 4906 1198 4958 et
1222 4907 1575 4958 sanctorum
1604 4901 1846 4958 Patrum
1879 4919 2060 4960 cano-

393 4975 573 5030 nibus
595 4974 1029 5044 complectitur.

465 5046 543 5116 ll)
587 5042 832 5100 Γενναίως
870 5044 1021 5118 Editi
1067 5042 1301 5118 addunt
1358 5044 1521 5116 αύτῷ,
1567 5043 1737 5118 quod
1785 5043 1955 5102 deest
1993 5044 2053 5102 in

393 5114 586 5172 trinas
615 5115 1041 5171 vetustissimis
1072 5114 1404 5171 codicibus.

466 5190 540 5258 (2)
583 5187 864 5262 Ἐξὴρκεες.
899 5185 990 5242 Sic
1014 5201 1165 5262 mss.
1194 5201 1435 5241 novem.
1467 5186 1617 5242 Editi
1643 5186 1868 5260 ἐξήρκει.

465 5261 540 5330 (3)
576 5259 791 5333 Τοῦ-τοι..
822 5261 1064 5333 [taceto
1105 5271 1249 5312 mss.
1290 5272 1552 5332 quorum
1583 5259 1846 5333 quatuor
1871 5259 2049 5330 longe

390 5327 806 5386 vetustissimi.
848 5327 992 5383 Editi
1026 5333 1199 5381 τοῦτο.

461 5404 537 5471 (4)
581 5402 769 5455 Καλοῦ.
807 5402 898 5457 Sic
929 5398 1077 5471 editi
1094 5402 1166 5471 et
1202 5397 1628 5471 codices_Harl.
1671 5405 1728 5456 et
1756 5401 1903 5459 Med.
1949 5403 2048 5458 Le-

393 5469 548 5545 gitur
585 5473 645 5527 in
685 5472 875 5545 tribus
925 5469 1309 5545 (Zoislinianis
1359 5469 1671 5545 codicibus
1699 5478 1752 5528 et
1779 5478 2046 5545 quatuor

392 5540 521 5619 aliis
560 5552 743 5619 γακρῤ,
777 5544 868 5619 (ut
894 5542 1122 5619 malum
1163 5541 1512 5619 caventium.
1552 5543 1714 5619 AUtra
1745 5540 2043 5617 scriptura

391 5611 584 5677 potior
609 5613 799 5671 videri
834 5613 1071 5684 debeat,
1113 5627 1225 5670 nec
1261 5611 1433 5670 facile
1474 5617 1564 5671 est
1606 5611 1886 5686 statuere;
1925 5631 2042 5675 nec

2181 4385 2403 4456 γυναῖκα
2468 4381 2543 4436 ἐπ’
2611 4379 2842 4459 ἀδελφῇ.
2899 4385 3149 4458 Εἴπομεν,
3214 4385 3336 4460 ὅπερ
3388 4381 3610 4458 ἀσφαλες
3657 4382 3784 4454 ἡμῖν

2175 4686 2382 4762 magni
2412 4687 2722 4745 momenti.
2755 4687 3072 4762 Vulgatam
3103 4687 3356 4746 retinere
3381 4688 3566 4744 malui
3590 4705 3780 4762 quam

2174 4759 2495 4832 conﬁrmat
2533 4759 2848 4828 Gregorius
2897 4759 3300 4832 Nazianzenus
3339 4765 3488 4815 orat.
3521 4759 3682 4827 xxiii,
3715 4777 3782 4832 p.

2171 4834 2294 4897 410,
2330 4829 2432 4884 ubi
2463 4833 2755 4885 Heronem
2784 4846 2995 4885 canem
3032 4846 3162 4886 esse
3183 4831 3345 4900 dicit,
3368 4848 3486 4886 non
3519 4829 3779 4900 latratu,

2168 4902 2272 4957 sed
2301 4901 2440 4956 boni
2465 4902 2756 4969 custodia,
2776 4907 2857 4973 Aet
2889 4902 3134 4973 vigiliis,
3159 4919 3273 4973 pro
3305 4905 3651 4960 animarum
3685 4920 3781 4960 sa-

2172 4975 2295 5029 tute
2323 4975 2632 5048 susceptis.
2670 4969 2821 5048 ,Ούδε
2852 4969 2965 5030 τὴν⁷
2990 4969 3207 5048 ύλακην,
3243 4973 3370 5026 ἀλλὰ
3413 4978 3508 5032 την
3541 4975 3776 5048 φυλακὴν

2165 5053 2256 5096 τοῦ
2286 5044 2466 5110 καλοῦ,
2499 5049 2588 5120 καὶ
2627 5047 2685 5096 τὸ
2712 5044 2838 5110 ὑπὲρ
2868 5053 2968 5096 τῶν
2994 5043 3186 5117 ψυχῶν
3227 5048 3517 5120 ἄγρυπνον,

2235 5117 2313 5192 (5)
2347 5115 2740 5192 Παίς-ἑκάστου.
2776 5117 3044 5192 Quatuor
3069 5115 3612 5192 inss._re_centiores
3643 5117 3775 5192 παρ’

2163 5187 2384 5259 ἑκάστῳ.
2430 5186 2529 5242 ’8ἱο
2583 5188 2760 5243 etiam
2811 5186 2993 5244 habet
3022 5189 3426 5245 vetustissima
3460 5186 3774 5245 canonum

2161 5258 2429 5315 colleCtio
2456 5259 2839 5314 Coisliniana.

2227 5332 2305 5404 t6)
2326 5329 2777 5404 auctionatum
2798 5329 3766 5404 codicesnonantiquissimiléysz.

2228 5401 2300 5472 (7)
2332 5403 2726 5475 ’l'l‘owrv'zOn‘usv,
2770 5403 2896 5457 Non
2929 5401 3084 5456 male
3127 5418 3286 5457 unus
3319 5401 3507 5458 codex
3544 5405 3768 5470 Regius

2155 5472 2443 5546 ἠρώτησεν,
2486 5477 2542 5528 et
2587 5472 2771 5546 paulo
2816 5479 2952 5546 post
2989 5477 3236 5546 εἴπωμεν,
3282 5475 3764 5546 interrogavit._..

2153 5527 2444 5674 ἄιόατὴᾶιεξ
2486 5527 2608 5601 etc.‘
2642 5527 2953 5602 Conséntit
2986 5544 3046 5600 in
3079 5527 3545 5604 secundarvocé’
3581 5527 3761 5602 COiSl.

2154 5631 2340 5674 secun
2394 5631 2484 5672 us.

2154 5631 2484 5674 secundus.
