4152 6404
382 337 486 397 625
1397 333 1886 395 EPISTOLABUM
1923 329 2207 391 cussrs
2245 332 2314 392 II.
2353 335 2568 396 EPIST.
2608 337 2756 396 CLX.
3653 344 3751 370 ~-

380 468 470 517 καὶ
513 463 718 530 ἀληθὲς,
750 461 830 514 ὅτι
859 461 919 515 ού
944 465 1259 536 γέγραπται.
1315 465 1384 516 T6
1444 459 1493 516 δ’
1526 462 1581 517 ἐκ
1608 470 1706 525 τῆς
1742 468 1832 516 τοῦ
1864 459 1991 513 ἀκο-

2127 457 2320 529 :imus,
2348 462 2514 534 quod
2545 467 2739 521 tutum
2770 463 2946 521 nobis
2977 467 3065 522 est
3092 467 3151 522 et
3180 481 3412 539 verum,
3451 466 3568 524 hoc
3625 465 3767 524 scri-

380 553 568 606 λούθου
628 551 898 627 ἐπιφορᾶς,
951 555 1006 605 τό
1059 554 1321 611 σιωπηθεν
1383 552 1786 625 συλλογίζεσθαι
1840 569 1992 624 νομο-

2125 553 2276 606 )tum
2308 567 2432 608 non
2457 568 2609 610 esse.
2647 555 2822 620 Quod
2870 559 3072 611 autem
3121 555 3355 612 silentio
3407 557 3765 629 praetermis-

381 645 642 704 θετοῦντός
682 641 843 708 ἐστιν,
885 641 944 694 ού
982 644 1048 694 τὰ
1084 649 1176 695 τοῦ
1207 647 1366 716 νόμου
1391 643 1621 715 λέγοντος
1649 657 1664 674 '
1699 641 1806 696 ἐπεὶ
1857 640 1992 693 οὕτω

2119 655 2239 696 tum
2281 646 2389 707 est,
2420 642 2482 698 id
2513 659 2620 716 per
2644 645 3085 702 consecutionis
3105 645 3433 704 illationem
3463 647 3759 718 colligere,

376 752 437 804 γε
493 731 700 795 ἐξέσται
783 738 856 802 τῷ
926 730 1222 805 βουλομένῳ
1284 733 1684 806 κατατολμῆσαι
1748 736 1838 785 καὶ
1917 733 1992 782 ἔτι

2125 729 2461 798 egislatoris
2491 737 2731 805 est,non
2751 734 2946 806 legem
2973 737 3618 809 recuantis;siquidem
3646 737 3763 793 hoc

377 823 559 884 ζώσης
597 831 692 883 τῆς
723 823 974 893 γυναικός
1002 820 1280 894 λαμϐάνειν
1333 827 1427 881 τὴν
1469 819 1715 894 ἀδελφήν.
1762 824 1831 874 T6
1887 821 1989 892 γὰρ

2123 825 2280 877 )acto
2300 821 2500 880 licebit
2531 824 2750 881 volenti
2779 825 3012 882 facinus
3048 827 3316 897 aggredi,
3351 827 3534 884 etiam
3563 827 3763 884 adhuc

376 912 504 964 αὐτὸ
554 918 708 964 τούτο
773 915 1013 984 σόφισμα
1064 916 1155 964 καὶ
1220 911 1299 965 ἐπ’
1364 910 1556 965 ἐκείνου
1596 911 1835 984 ἁρμόζει.
1896 913 1990 963 Γέ-

2124 910 2354 968 riventis
2415 915 2620 971 uxoris
2668 916 2941 988 accipere
3007 932 3296 973 sororem.
3357 920 3508 974 Nam
3557 917 3764 989 ipsum

367 1020 603 1075 γραπται
654 999 780 1073 γάρ,
838 1005 1019 1072 φησὶν.
1071 1001 1147 1054 Ού
1221 1001 1363 1076 λήψῃ
1428 1001 1721 1071 ἀντίζηλον,
1779 1003 1848 1063 ὡς
1894 1003 1988 1058 τήν

2122 1001 2250 1058 llud
2279 1005 2594 1077 sophisma
2623 1005 2802 1061 etiam
2851 1005 2931 1062 ad
2956 1020 3093 1062 eam
3113 1021 3244 1062 rem
3271 1006 3625 1081 appositum
3653 1011 3762 1064 est.

369 1110 430 1163 γε
483 1091 578 1153 ἔξω
629 1097 723 1143 τοῦ
765 1089 926 1151 ζῆλον
955 1089 1129 1144 λαϐεῖν
1185 1091 1280 1144 οὐκ
1335 1090 1608 1145 ἐκώλυσεν.
1650 1091 1708 1144 Ὀ
1759 1087 1826 1150 δὴ
1873 1109 1990 1143 συν-

2119 1091 2401 1164 Scriptum
2471 1098 2578 1163 est,
2638 1094 2854 1167 inquit,
2917 1096 3044 1152 Non
3105 1097 3364 1164 accipies
3425 1097 3759 1153 aemulam:

373 1186 575 1252 ηγορῶν
635 1186 706 1250 τῷ
780 1180 937 1232 πάθει
1012 1177 1343 1241 ἀζηλότυπον
1404 1180 1534 1234 εἶναι
1594 1178 1874 1255 διοριεῖται
1928 1181 1987 1231 τὸ

2120 1181 2353 1251 )roinde
2395 1183 2586 1255 accipi
2618 1199 2754 1240 eam
2779 1189 2946 1242 extra
2994 1184 3443 1241 aemulationem
3467 1200 3592 1242 non
3621 1200 3760 1256 pro-

382 1267 507 1332 ἦθος
559 1277 656 1321 τῶν
707 1265 960 1342 ἀδελφῶν.
1033 1269 1390 1345 Ἀνηρημένης
1465 1269 1552 1324 οὖν
1627 1280 1718 1332 τῆς
1793 1270 1982 1332 αἰτίας.

2122 1270 2311 1327 libuit.
2368 1273 2478 1338 Qui
2517 1277 2722 1330 autem
2768 1272 3004 1330 libidini
3033 1274 3530 1346 patrocinabitur,
3580 1291 3762 1330 aemu-

373 1355 447 1412 δι’
487 1358 545 1417 ἣν
568 1357 898 1435 ἀπηγόρευσε
952 1364 1046 1418 τὴν
1099 1359 1398 1436 ἀμφοτέρων
1453 1364 1779 1428 συνοίκησιν,
1839 1365 1890 1412 τί
1927 1362 1987 1412 τό

2123 1361 2338 1421 ationis
2366 1367 2672 1434 expertem
2702 1377 2833 1419 esse
2881 1362 3212 1420 afﬁrmabit
3258 1363 3525 1420 indolem
3585 1381 3761 1421 soro-

367 1447 562 1501 κωλύον
620 1450 771 1501 ἔσται
825 1448 897 1519 (8)
950 1447 1229 1522 λαμϐάνειν
1279 1452 1372 1512 τὰς
1431 1447 1698 1523 ἀδελφάς;
1751 1449 1886 1504 Ἀλλ’
1927 1448 1984 1502 ού

2120 1466 2257 1508 'um.
2289 1453 2481 1517 Quare
2539 1452 2776 1508 sublata
2828 1466 3034 1521 causa,
3067 1452 3147 1508 ob
3193 1468 3383 1525 quam
3438 1453 3760 1511 ambarum

367 1541 667 1611 γέγραπται
716 1545 904 1608 ταυτα,
983 1543 1234 1612 φήσομεν.
1280 1539 1412 1594 Ἀλλ’
1467 1537 1592 1593 οὐδὲ
1641 1539 1808 1594 ἐκεῖνα
1867 1541 1986 1614 ὥρι-

2125 1540 2478 1598 zonnubium
2533 1542 2862 1614 prohibuit,
2913 1542 3062 1615 quid
3113 1543 3409 1614 impediet
3438 1544 3765 1615 quominus

370 1645 512 1683 σται.
551 1626 611 1681 Ἡ
671 1623 732 1681 δὲ
786 1630 954 1682 ἔννοια
1008 1636 1101 1681 τοῦ
1177 1628 1462 1683 ἀκολούθου
1519 1632 1705 1704 ὁμοίως
1751 1628 1981 1703 ἀμφοτέ-

2125 1644 2340 1685 ιοτοιυθε
2404 1630 2780 1703 accipiantur
2803 1631 2831 1688 ‘?
2880 1630 2996 1687 Sed
3021 1630 3152 1687 haec
3179 1630 3402 1703 scripta
3448 1647 3574 1687 non
3605 1636 3765 1701 sunt,

367 1736 486 1789 ραις
511 1721 579 1784 (9)
605 1721 702 1776 τὴν
723 1714 906 1770 ἄδειαν
955 1714 1203 1772 δίδωσιν.
1230 1715 1379 1773 Ἔδει
1419 1717 1499 1790 δὲ,
1528 1726 1618 1774 καὶ
1651 1722 1837 1796 μικρὸν
1866 1719 1981 1791 (10)

2124 1718 2355 1775 iiemus.
2396 1719 2512 1776 Sed
2566 1735 2764 1792 neque
2823 1719 2926 1776 illa
2972 1723 3197 1776 statuta
3255 1724 3414 1776 sunt.
3465 1719 3764 1778 Consecu-

369 1807 457 1860 ἰπὶ
529 1809 596 1861 τὰ
668 1811 887 1861 κατόπιν
971 1817 1064 1869 τῆς
1136 1812 1441 1882 νομοθεσίας
1525 1806 1979 1884 ἐπαναδραμόντα,

2121 1806 2280 1865 :ionis
2320 1812 2523 1865 autem
2553 1808 2946 1878 intelligentia
2973 1809 3196 1881 pariter
3233 1809 3536 1866 ambabus
3580 1809 3761 1867 licen-

369 1895 715 1969 ἀπηλλάχθαι
787 1899 1131 1970 πραγμάτων.
1172 1898 1345 1953 ’Ἐοικε
1418 1901 1517 1973 γὰρ
1579 1899 1638 1953 ού
1703 1905 1804 1952 πᾶν
1851 1895 1986 1959 εἶδος

2123 1899 2246 1955 iam
2301 1897 2527 1957 tribuit.
2585 1901 2804 1955 Verum
2852 1899 3173 1971 oportebat
3223 1899 3533 1972 paulisper
3574 1901 3653 1956 ad
3691 1915 3763 1958 ea

369 1986 765 2063 ἁμαρτημάτων
855 1986 1256 2060 περιλαμϐάνειν
1335 1990 1361 2040 ό
1434 1991 1720 2062 νομοθέτης
1759 2005 1773 2020 '
1876 1986 1982 2040 ἀλλ’

2120 2003 2236 2059 {ure
2287 1986 2482 2056 legem
2549 1987 2901 2059 praecedunt
2963 1987 3352 2055 recurrendo,
3412 1986 3760 2046 difﬁcultate

371 2073 521 2138 ἰδίως
576 2075 914 2150 ἀπαγορεύειν
969 2079 1035 2130 τὰ
1082 2086 1181 2130 τῶν
1223 2078 1547 2150 Αἰγυπτίων,
1612 2080 1722 2132 ὅθεν
1791 2076 1985 2153 ἀπῆρεν

2118 2076 2355 2132 iberari.
2408 2075 2652 2133 Videtur
2677 2077 2839 2134 enim
2865 2092 2990 2132 non
3021 2091 3204 2132 omne
3237 2081 3626 2149 peccatorum
3655 2094 3758 2147 ge-

367 2167 396 2219 ό
442 2165 682 2242 Ἰσραὴλ,
727 2170 817 2218 καὶ
868 2167 937 2220 τὰ
983 2185 1082 2219 των
1139 2172 1466 2236 Χαναναίων,
1526 2172 1658 2241 πρὸς
1720 2167 1810 2230 οὓς
1863 2170 1984 2240 μεθ-

2119 2183 2210 2222 ius
2259 2167 2772 2239 comprehendere
2810 2166 3164 2238 legislator:
3224 2166 3332 2223 sed
3379 2167 3759 2239 peculiariter

367 2259 601 2309 ίσταται.
636 2253 792 2327 Ἔχει
841 2256 944 2329 γὰρ
996 2255 1157 2318 οὕτως
1213 2258 1244 2315 ἡ
1277 2256 1408 2320 λέξτς
1441 2271 1455 2286 ⁸
1501 2259 1649 2310 Κατά
1691 2259 1758 2310 τὰ
1803 2255 1981 2315 ἐπιτη-

2118 2255 2506 2328 Egyptiorum
2552 2255 2717 2313 unde
2773 2255 2956 2312 Israel
3011 2256 3256 2324 exierat,
3289 2259 3347 2313 et
3391 2257 3758 2315 Chananteo-

367 2343 614 2420 δεύματα
686 2352 778 2406 τῆς
855 2345 1146 2416 Αἰγύπτου,
1226 2345 1274 2400 ἐν
1476 2351 1830 2420 παρῳκήσατε
1903 2345 1981 2400 ἐπ’

2115 2361 2226 2401 ’11111
2257 2345 2336 2402 ad
2382 2361 2538 2418 quos
2593 2345 3084 2417 transferebatur,
3134 2362 3335 2402 mores
3380 2346 3755 2405 interdicere.

365 2435 549 2502 αὐτῆς,
613 2434 674 2488 ού
739 2438 988 2493 ποιήσετε
1022 2452 1037 2468 ⁸
1104 2441 1195 2491 καὶ
1256 2439 1393 2490 κατά
1456 2439 1522 2490 τὰ
1586 2432 1984 2509 ἐπιτηδεύματα

2115 2435 2186 2492 Sic
2215 2435 2377 2492 enim
2420 2436 2602 2493 habet
2631 2435 2712 2492 ad
2757 2435 3053 2493 verbum:
3086 2435 3425 2493 Secundum
3475 2437 3755 2494 instituta

364 2533 461 2597 γῆς
535 2527 768 2588 Χαναὰν,
848 2524 922 2586 εἰς
993 2524 1054 2584 ἢν
1103 2524 1203 2598 ἐγὼ
1263 2525 1455 2590 εἰσάξω
1531 2527 1663 2599 ὑμᾶς
1720 2525 1843 2596 ἐκεῖ,
1920 2524 1979 2578 ού

2117 2541 2269 2583 errw
2317 2527 2606 2597 dim/pii,
2648 2527 2712 2582 in
2747 2541 2870 2597 qua
2929 2526 3247 2584 habitastis
3277 2528 3341 2582 in
3385 2541 3474 2594 ea,
3505 2543 3627 2584 non
3658 2529 3755 2597 fa-

366 2621 630 2687 ποιήσετε,
708 2619 800 2668 καὶ
875 2613 924 2667 ἐν
997 2623 1109 2678 τοῖς
1177 2636 1418 2690 νομιμοις
1492 2617 1603 2688 (11)
1679 2616 1846 2670 αὐτῶν
1921 2614 1979 2668 ού

2113 2616 2252 2671 rietis
2284 2634 2296 2669 :
2327 2621 2381 2671 et
2407 2616 2734 2672 secundum
2765 2616 3050 2673 instituta
3102 2622 3277 2672 terra
3321 2615 3636 2684 Chanaan,
3690 2618 3753 2673 in

367 2706 706 2779 πορεύσεσθε.
749 2703 913 2760 Ὠστέ
986 2714 1140 2758 τοῦτο
1217 2706 1347 2766 εἰκός
1409 2725 1512 2760 που
1561 2705 1674 2776 (12)
1734 2709 1790 2759 τὸ
1843 2701 1980 2766 εἶδος

2113 2720 2269 2776 tuam
2300 2721 2406 2776 ego
2458 2706 2744 2762 inducam
2771 2721 2873 2762 vos
2921 2707 3093 2773 illuc,
3122 2722 3242 2762 non
3272 2707 3534 2777 facietis,
3565 2722 3753 2778 neque

368 2803 462 2855 τῆς
526 2793 779 2869 ἁμαρτίας
833 2798 905 2868 μὴ
963 2792 1401 2868 ἐμπολιτεύεσθαι
1473 2799 1590 2847 τότε
1664 2796 1811 2870 παρὰ
1866 2801 1978 2856 τοῖς

2113 2811 2152 2849 n
2186 2796 2465 2865 legitimis
2518 2810 2724 2852 eorum
2773 2795 3162 2853 ambulabitis
3190 2796 3259 2850 ³⁸.
3296 2795 3626 2854 Verisimile
3664 2801 3753 2854 est

373 2885 543 2937 ἔθνεσι
571 2899 588 2918 ⁶
648 2880 731 2937 διό
770 2881 912 2958 μηδέ
953 2892 1052 2946 τῆς
1099 2883 1175 2938 ἐπ’
1233 2885 1374 2956 αὐτῷ
1433 2884 1666 2957 φυλακῆς
1709 2880 1975 2957 προσδεη-

2105 2899 2202 2940 100
2231 2885 2464 2956 peccati
2493 2900 2687 2954 genus
2721 2889 2864 2941 tunc
2887 2885 3040 2942 inter
3070 2889 3278 2955 gentes
3308 2900 3434 2941 non
3463 2885 3745 2955 viguisse.

378 2974 526 3032 θῆναι
570 2976 654 3027 τὸν
708 2975 1016 3046 νομοθέτην,
1060 2973 1166 3027 ἀλλ’
1212 2972 1530 3049 ἀρκεσθῆναι
1571 2982 1642 3044 τῷ
1699 2969 1975 3046 ἀδιδάκτῳ

2106 2974 2462 3046 Quapropter
2491 2991 2648 3047 opus
2680 2990 2802 3032 non
2831 2975 2942 3031 fuit
2969 2974 3320 3047 legislatori,
3355 2979 3421 3032 ut
3447 2975 3596 3032 illud
3649 2992 3746 3033 ca-

372 3064 473 3115 ἕθει
541 3066 668 3138 πρός
721 3068 814 3122 τὴν
874 3069 968 3117 τοῦ
1019 3066 1221 3136 μύσους
1271 3060 1542 3122 διαϐολήν.
1587 3070 1699 3124 Πῶς
1750 3059 1859 3131 οὖν,
1915 3065 1973 3115 τό

2107 3063 2351 3121 rendum
2381 3069 2647 3120 curaret:
2675 3065 2779 3120 sed
2804 3065 2948 3121 satis
2987 3065 3040 3120 ei
3071 3064 3180 3120 fuit
3207 3081 3341 3121 mos
3380 3081 3505 3122 non
3533 3065 3747 3122 doctus

364 3153 540 3225 μεῖζον
616 3151 1000 3227 ἀπαγορεύσας,
1066 3156 1124 3206 τὸ
1177 3153 1385 3206 ἔλαττον
1417 3169 1422 3172 ·
1453 3151 1791 3221 ἐσιώπησεν;
1853 3150 1974 3204 Ὀτι

2106 3153 2164 3209 td
2211 3153 2450 3210 sceleris
2484 3154 3041 3226 reprehensionem.
3069 3155 3389 3220 Quomodo
3411 3155 3592 3224 igitur
3616 3171 3746 3212 ma-

361 3240 535 3296 ἇδόκει
585 3243 802 3304 πολλούς
841 3252 942 3297 τῶν
989 3243 1338 3317 φιλοσάρκων,
1385 3247 1516 3320 πρὸς
1545 3247 1603 3296 τὸ
1652 3247 1725 3296 ἔτι
1781 3243 1974 3304 ζώσαις

2109 3259 2210 3298 ore
2266 3243 2470 3312 vetito,
2519 3243 2723 3299 minus
2780 3245 3215 3317 praetermisit?
3244 3245 3392 3306 Quia
3428 3243 3746 3301 videbatur

361 3329 607 3405 ἀδελφαῖς
682 3340 960 3404 συνοικεῖν,
1037 3337 1097 3386 τό
1175 3331 1475 3406 ὑπόδειγμα
1561 3331 1807 3406 βλάπτειν
1880 3340 1972 3386 τοῦ

2103 3332 2287 3388 uultis
2321 3333 2486 3389 carni
2511 3332 2984 3404 indulgentibus,
3028 3338 3092 3390 ut
3121 3350 3261 3390 cum
3293 3333 3603 3391 sororibus
3632 3335 3743 3392 ad-

357 3424 720 3498 πατριάρχου.
762 3422 928 3494 Ἡμᾱς
988 3420 1046 3476 δὲ
1105 3427 1157 3476 τι
1193 3428 1304 3496 χρὴ
1359 3431 1562 3492 ποιείν;
1620 3425 1698 3476 Τὰ
1745 3442 1973 3496 γεγραμ-

2102 3438 2202 3478 1110
2256 3423 2598 3480 viventibus
2649 3424 3014 3494 habitarent,
3063 3424 3316 3481 noxium
3363 3440 3491 3481 esse
3542 3441 3742 3480 exem-

358 3516 488 3587 μένα
560 3512 746 3584 λέγειν,
807 3514 837 3572 ἢ
899 3515 965 3566 τὰ
1007 3515 1340 3571 σιωπηθέντα
1412 3512 1967 3588 προσεξεργάζεσθαι;

2104 3511 2253 3584 ilum
2279 3513 2660 3586 patriarchae.
2687 3517 2805 3571 Nos
2837 3521 3042 3572 autem
3071 3515 3219 3588 quid
3249 3514 3444 3571 facere
3474 3515 3744 3588 oportet?

359 3602 560 3656 Αύτίκα
620 3606 680 3656 τὸ
735 3608 807 3676 μὴ
875 3599 984 3656 δεῖν
1031 3609 1130 3676 μιᾶ
1182 3603 1365 3680 ἑταίρᾳ
1416 3605 1718 3678 κεχρῆσθαι
1775 3607 1974 3677 πατέρα

2102 3603 2229 3668 Quae
2260 3603 2483 3675 scripta
2514 3608 2654 3660 sunt
2682 3604 2902 3672 dicere,
2949 3621 3028 3661 an
3067 3604 3472 3678 praetermissa
3496 3619 3742 3662 accura-

359 3697 450 3745 καὶ
488 3695 600 3745 υἱόν
649 3691 697 3744 ἐν
755 3695 844 3763 μὲν
900 3700 1009 3754 τοῖς
1064 3697 1243 3766 νόμοις
1300 3696 1509 3755 τούτοις
1548 3693 1607 3746 ού
1658 3697 1970 3767 γέγραπται,

2105 3692 2200 3748 ius
2257 3693 2560 3750 scrutari?
2630 3695 2923 3762 Protinus,
2973 3711 3098 3750 non
3154 3699 3428 3766 oportere
3481 3694 3565 3750 uti
3619 3709 3744 3750 una

358 3784 506 3854 παρὰ
548 3777 608 3835 δε
641 3788 715 3852 τῷ
746 3786 995 3856 Προφήτη
1055 3786 1313 3855 μεγίστης
1360 3787 1679 3858 κατηγορίας
1728 3782 1969 3847 ἠξίωται.

2101 3782 2291 3855 pellice
2332 3788 2563 3856 patrem
2594 3789 2650 3840 et
2684 3783 2898 3856 ﬁlium,
2928 3785 2990 3840 in
3037 3784 3133 3840 his
3190 3783 3425 3854 legibus
3452 3785 3741 3855 scriptum

357 3872 480 3932 Υἱός
533 3873 657 3946 γὰρ,
715 3875 872 3944 φησὶ,
919 3875 1010 3925 καὶ
1070 3876 1240 3946 πατὴρ
1306 3875 1433 3948 πρὸς
1492 3876 1588 3933 τὴν
1635 3872 1798 3933 αὐτὴν
1854 3888 1972 3926 παι·

2101 3888 2207 3930 λοι]
2233 3883 2344 3941 est,
2377 3874 2484 3930 sed
2537 3874 2702 3946 apud
2756 3873 3125 3946 Prophetam
3183 3873 3418 3929 crimini
3473 3873 3741 3930 maximo

361 3956 557 4019 δίσκην
589 3960 996 4035 εἰσεπορεύοντο.
1052 3966 1204 4016 Πόσα
1255 3958 1314 4016 δὲ
1363 3958 1480 4020 εἴδη
1539 3961 1669 4016 ἀλλα
1714 3971 1812 4015 τῶν
1843 3961 1969 4016 ἀκα-

2100 3962 2276 4031 latur,
2308 3963 2502 4019 Filius
2527 3965 2704 4034 enim,
2757 3963 2972 4036 inquit,
3017 3969 3070 4020 et
3117 3969 3292 4034 pater
3339 3963 3420 4020 ad
3477 3963 3740 4020 eamdem

361 4052 562 4124 θάρτων
612 4052 794 4105 παθῶν
867 4053 928 4104 τό
971 4053 1063 4124 μὲν
1109 4059 1209 4104 τῶν
1276 4047 1538 4126 δαιμόνων
1597 4047 1969 4106 διδασκαλεῖον

2101 4053 2347 4108 mellam
2376 4053 2878 4123 ingrediebantur
2898 4054 2966 4109 ³⁵.
3001 4055 3158 4119 Quot
3177 4057 3382 4109 autem
3423 4053 3540 4110 alia
3577 4053 3741 4126 cupi-

363 4137 578 4213 ἰξιῦρεν,
621 4141 650 4198 ἡ
707 4135 766 4193 δε
825 4141 938 4194 θεία
1003 4143 1178 4216 Γραφὴ
1258 4139 1616 4211 ἀπεσιώπησε,
1683 4144 1742 4194 τὸ
1785 4144 1968 4214 σεμνὸν

2101 4141 2334 4198 litatum
2388 4141 2778 4214 impurarum
2809 4158 3034 4213 genera
3091 4143 3444 4200 daemonum
3493 4143 3741 4216 quidem

361 4226 552 4292 ἑαυτῆς
602 4236 722 4292 ταῖς
755 4238 856 4283 τῶν
916 4229 1159 4304 αἰσχρῶν
1190 4229 1496 4304 ὀνομασίαις
1535 4230 1968 4308 καταρρυπαίνειν

2099 4231 2349 4288 loctrina
2373 4232 2754 4302 excogitavit,
2787 4233 2974 4290 tacuit
2999 4249 3150 4290 vero
3174 4233 3383 4290 divina
3414 4233 3739 4305 Scriptura,

362 4318 468 4392 οὐχ
515 4321 828 4394 αἱρουμένη,
881 4318 1011 4373 ἀλλά
1063 4328 1290 4392 γενικοῖς
1338 4321 1558 4394 ὀνόμασι
1613 4324 1703 4383 τὰς
1740 4320 1969 4398 ἀκαθαρ-

2099 4325 2453 4378 tonestatem
2479 4337 2652 4378 suam
2693 4337 2895 4378 rerum
2917 4323 3186 4395 turpium
3232 4321 3739 4394 appeilationibus

364 4413 480 4469 σίας
535 4406 817 4464 διέϐαλενι
868 4408 956 4472 Ὠς
1003 4415 1095 4464 καὶ
1171 4409 1459 4474 ἀπόστολος
1533 4411 1732 4474 Παῡλός
1789 4432 1918 4485 φησι
1951 4428 1964 4442 ·

2100 4411 2302 4467 ’oedare
2335 4410 2686 4478 nolens,sed
2717 4412 3051 4483 generatim
3100 4411 3478 4484 impuritates
3511 4411 3740 4483 vitupe-

367 4503 584 4570 Πορνεία
633 4496 692 4554 δὲ
749 4503 840 4553 καὶ
882 4498 1186 4576 ἀκαθαρσία
1240 4507 1388 4558 πᾶσα
1432 4497 1572 4574 μηδὲ
1633 4501 2007 4575 ὀνομαζέσθω.

2101 4499 2267 4555 'avit!
2303 4501 2395 4556 Sic
2429 4505 2491 4556 ut
2539 4505 2595 4556 et
2622 4501 2949 4573 Apostolus
2987 4500 3207 4557 Paulus
3236 4501 3319 4557 ait
3350 4515 3362 4556 :
3394 4501 3741 4558 Form'catio

365 4584 416 4640 ἓν
473 4588 615 4660 ὑμῖν,
665 4590 838 4650 καθὼς
887 4593 1072 4663 πρέπει
1129 4589 1301 4661 ἁγίοις
1343 4611 1355 4624 ·
1409 4599 1482 4661 τῷ
1520 4597 1617 4653 τῆς
1645 4587 2005 4666 ἀκαθαρσίας

2100 4595 2278 4646 tatem
2309 4595 2363 4647 et
2394 4593 2584 4647 omnis
2619 4591 3002 4648 immunditia
3031 4607 3106 4647 ne
3135 4592 3479 4646 nominetur
3504 4591 3740 4661 quidem

362 4679 578 4752 ὀνόματι
634 4682 730 4742 τάς
774 4699 827 4732 τε
884 4688 980 4732 τῶν
1030 4679 1250 4754 ἀρρένων
1299 4679 1672 4755 ἀρρητοποιίας
1728 4686 1818 4735 καὶ
1879 4685 1972 4745 τὰς

2103 4696 2138 4734 η
2185 4680 2365 4751 vobis,
2399 4682 2556 4737 sicut
2587 4681 2751 4738 decet
2801 4685 3039 4737 sanctos
3057 4681 3104 4715 36
3140 4698 3151 4735 :
3185 4679 3584 4735 immunditiae
3638 4696 3743 4736 no-

359 4777 459 4820 τῶν
507 4767 722 4828 θηλειῶν
748 4767 1163 4843 περιλαμϐάνων.
1189 4767 1350 4822 Ὠστε
1379 4768 1437 4822 ού
1490 4771 1693 4832 πάντως
1733 4773 1762 4830 ἡ
1796 4776 1967 4831 σίωπὴ

2104 4767 2243 4826 nine
2263 4774 2391 4826 tum
2412 4770 2678 4826 virorum
2697 4774 2824 4826 tum
2841 4769 3165 4825 mulierum
3186 4768 3451 4825 obscena
3473 4769 3744 4826 facinora

361 4854 545 4912 ἄδειαν
577 4861 715 4934 φέρει
743 4864 853 4922 τοῖς
884 4853 1205 4932 φιληδόνοις.

2103 4861 2630 4934 :omprehendens.
2681 4862 2876 4927 Quare
2906 4875 3031 4917 non
3065 4860 3316 4918 omnino
3348 4860 3650 4918 silentium
3679 4861 3743 4918 li-

2083 4951 2346 5009 centiam
2368 4949 2472 5009 dat
2495 4949 2875 5023 voluptariis.

433 5092 480 5129 ³⁵
508 5091 686 5152 Levit.
717 5093 875 5166 XVlll,
909 5096 959 5152 3.
1037 5093 1085 5129 ³⁵
1117 5095 1302 5152 Amos
1325 5109 1388 5165 ιι,
1415 5094 1469 5152 7.
1547 5093 1595 5132 ³⁶
1618 5095 1894 5170 Ephes,v,
1919 5099 1970 5155 3.

433 5270 508 5338 (8i
556 5271 765 5327 Κωλύον
812 5274 982 5330 ἔσται.
1032 5271 1121 5330 Ita
1166 5288 1312 5328 mss.
1369 5277 1532 5331 octo.
1590 5272 1740 5331 Editi
1781 5274 1977 5329 κωλύον

1184 5288 1312 5328 nss.
1369 5277 1532 5331 octo.
1590 5272 1740 5331 Editi
1781 5274 1977 5329 κωλύον
2087 5277 2205 5333 bus
2231 5274 2656 5332 vetustissimis
2677 5291 2824 5332 mss.

362 5342 564 5421 ﬁeri.“
767 5419 773 5421 Α
979 5419 1015 5421 γλ
1117 5419 1122 5421 _
1483 5417 1494 5421 _
1569 5417 1579 5421 _
1656 5417 1667 5421 _
1822 5419 1849 5421 Α

2160 5353 2265 5414 (12)
2293 5355 2458 5401 Τοῦτο
2490 5348 2620 5408 εἰκός
2661 5367 2784 5421 που.
2804 5347 2954 5404 Editi
2980 5349 3123 5402 τοῦτ’
3156 5347 3199 5402 εἰ
3222 5353 3312 5402 καί
3332 5370 3455 5417 που,
3489 5353 3546 5405 et
3565 5344 3745 5421 paulo

433 5416 514 5494 φ)
550 5415 916 5494 ξΑμφοτέραις.
976 5419 1063 5474 Ita
1111 5419 1228 5472 tres
1280 5417 1672 5474 vetustissimi
1718 5419 1976 5477 codices.

2104 5426 2231 5494 post
2255 5421 2485 5494 φυλακῆς
2511 5417 2937 5494 προσᾼδεχθῆναι.
2969 5423 3189 5494 omnes
3212 5438 3358 5476 mss.
3383 5415 3450 5476 ut
3476 5421 3536 5475 in
3559 5415 3744 5494 textu,

363 5486 516 5564 Editi
541 5486 877 5562 ἀμφοτέροις.
957 5562 985 5564 ᾗ
1273 5560 1282 5564 _
1398 5522 1453 5564 '_
1528 5561 1537 5564 _
1870 5562 1904 5564 γ,

2107 5486 2209 5547 ἐιἱεὶ
2235 5486 2400 5564 quod
2433 5486 2989 5548 non'nulli'l‘iabent
3048 5491 3323 5552 δεηθῆναι.
3355 5497 3502 5564 ίΝοη
3557 5486 3747 5564 multo

437 5563 552 5638 (19)
588 5565 686 5638 Καὶ
721 5560 928 5638 μικρὸν..
956 5562 1128 5638 Deest
1150 5560 1498 5631 conjunctio
1524 5561 1588 5638 in
1611 5577 1732 5638 uno
1775 5562 1982 5620 codice

2107 5568 2232 5635 post
2256 5560 2412 5619 _edili
2442 5564 2792 5638 πολλοῖςτῷν-
2827 5564 3175 5638 φιλοσάρκων,
3207 5563 3375 5635 quod
3404 5563 3747 5619 emendavi-

371 5631 561 5708 Regio
581 5635 638 5708 et
661 5630 729 5686 in
746 5630 1114 5708 Coisliniana
1136 5630 1451 5708 canonum
1480 5633 1849 5708 collectione.
1951 5705 1961 5708 _
2095 5630 2233 5692 inus
2261 5651 2376 5708 ope
2397 5637 2622 5694 codicis
2643 5635 2816 5692 Cois].
2834 5630 3118 5692 secundi.

452 5702 570 5766 (11)
597 5702 680 5756 Ἐν
705 5710 810 5764 τοίς
839 5707 1104 5776 νομίμοις.
1135 5703 1489 5777 Praepositio
1539 5704 1748 5763 addita
1790 5723 1864 5763 ex
1892 5705 1990 5764 tri-
