4152 6378
440 316 550 372 627

1817 310 1876 367 S.
1914 304 2168 364 BASILII
2205 307 2447 368 MAGNI.

3711 319 3816 374 628

498 441 559 496 4.
579 441 702 510 Ego
722 439 925 494 autem
950 451 1148 510 neque
1173 435 1420 494 tacitam
1452 437 1616 495 illam
1648 439 1884 510 partem
1911 433 2092 490 fuisse

2275 439 2328 491 4.
2363 436 2492 510 Ἐγὼ
2549 436 2608 492 δὲ
2653 436 2777 493 οὐδὲ
2837 443 3206 501 σεσιωπῆσθαι
3245 445 3402 515 μέρος
3458 447 3608 495 τοῦτό
3651 461 3814 515 φημι,

427 529 565 586 dico
598 545 612 584 :
664 529 788 585 imo
815 529 995 584 etiam
1027 543 1063 584 a
1105 526 1446 597 legislatore
1471 527 1856 585 vehementer
1886 523 2095 580 admo-

428 618 579 676 dum
611 617 796 674 fuisse
819 616 1210 690 prohibitam.
1243 617 1392 673 Illud
1419 617 1604 686 enim,
1626 618 1764 673 Non
1795 614 2092 686 ingredie-

430 710 517 765 ris
547 709 629 766 ad
653 722 886 764 omnem
937 708 1142 764 carnis
1173 713 1290 763 tuae
1318 709 1567 778 a/ﬁnem
1598 708 1680 764 ad
1704 704 2094 762 revelandam

432 813 636 856 eorum
669 796 1105 867 turpitudinem
1129 795 1370 860 3",hnnc
1401 797 1583 853 etiam
1611 795 1930 852 afﬁnitates
1961 810 2094 868 spe-

434 889 588 945 ciem
607 886 1044 961 complectitur.
1080 886 1310 943 Etenim
1339 886 1488 960 quid
1527 887 1702 959 251
1738 885 1869 942 viro
1918 885 2097 941 afﬁne

437 981 636 1049 magis
660 983 753 1034 est
780 992 969 1050 quam
1002 992 1115 1033 sua
1160 976 1354 1050 ipsius
1399 991 1574 1045 uxor,
1606 977 1731 1033 imo
1768 991 1958 1050 quam
1988 990 2100 1032 sua

433 1068 625 1141 ipsius
655 1068 848 1125 caro?
900 1069 1029 1123 Non
1059 1066 1222 1123 enim
1277 1066 1542 1140 amplius
1593 1066 1730 1123 duae
1783 1069 1942 1137 sunt,
1992 1064 2101 1121 sed

434 1171 558 1214 una
587 1171 748 1214 caro.
800 1159 1007 1229 Itaque
1042 1171 1150 1228 per
1176 1171 1429 1212 uxorem
1481 1172 1653 1212 soror
1683 1154 1764 1211 ad
1821 1154 1936 1210 viri
1966 1153 2099 1210 afﬁ-

435 1246 689 1303 nitatem
748 1246 980 1302 transit.
1036 1244 1572 1312 Quemadmodum
1631 1245 1793 1301 enim
1847 1248 2102 1300 matrem

435 1339 641 1394 uxoris
678 1351 805 1394 non
833 1341 1122 1404 assumet,
1172 1352 1371 1411 neque
1425 1336 1614 1394 filiam
1673 1335 1900 1402 uxoris,
1956 1351 2102 1409 pro-

437 1431 645 1502 pterea
674 1424 841 1500 quod
889 1441 1084 1499 neque
1120 1441 1296 1484 suam
1348 1425 1540 1499 ipsius
1579 1430 1860 1494 matrem,
1909 1439 2106 1498 neque

443 1532 621 1574 suam
640 1515 835 1590 ipsius
873 1515 1062 1572 ﬁliam
1090 1535 1103 1586 ;
1148 1515 1231 1572 ita
1259 1531 1371 1573 nec
1417 1515 1624 1573 uxoris
1655 1530 1944 1583 sororem,
1971 1530 2108 1588 pro-

439 1609 649 1680 pterea
689 1603 860 1678 quod
889 1619 1090 1677 neque
1118 1620 1293 1661 suam
1323 1604 1517 1678 ipsius
1547 1619 1838 1661 sororem.
1891 1605 1956 1658 Et
1981 1603 2108 1658 vice

440 1709 642 1757 versa,
673 1708 871 1767 neque
897 1692 1074 1750 uxori
1101 1692 1304 1749 licebit
1333 1708 1463 1750 sese
1491 1691 1603 1749 viri
1638 1691 1925 1749 afﬁnibus
1969 1705 2112 1747 con-

2205 525 2333 579 ἀλλὰ
2387 533 2478 581 καὶ
2529 531 2659 582 πάνυ
2726 527 2963 606 σφοδρῶς
2994 530 3406 606 ἀπηγορευκέναι
3452 535 3536 584 τον
3606 534 3821 604 νομοθέ-

2204 637 2321 675 την.
2387 622 2456 671 Τό
2511 623 2635 695 γαρ,
2688 622 2799 672 Οὐκ
2865 620 3129 694 εἰσελεύσῃ
3195 625 3323 694 πρὸς
3393 621 3564 674 πάντα
3625 621 3816 674 οἰκεῖον

2207 726 2402 783 σαρκος
2491 728 2606 776 σου,
2691 708 3024 781 ἀποκαλύψαι
3128 708 3516 783 ἀσχημοσύνην
3621 711 3815 776 αὐτῶν,

2208 795 2592 873 ἐμπεριεκτικόν
2653 797 2766 852 ἐστι
2803 805 2893 853 καὶ
2917 803 3102 853 τούτου
3129 808 3220 852 τοῦ
3279 797 3454 863 εἴδους
3491 809 3581 862 τῆς
3635 801 3820 853 οἰκειό-

2207 906 2385 948 τητος.
2415 892 2479 940 Τί
2515 891 2616 964 γὰρ
2648 888 2708 941 ἂν
2757 892 2958 961 γίνοιτο
3002 890 3305 965 οἰκειότερον
3357 887 3511 966 ἀνδρὶ
3563 899 3660 953 τῆς
3691 890 3816 943 ἑαυ-

2209 985 2300 1029 τοῦ
2325 981 2590 1048 γυναικὸς,
2645 977 2833 1052 μᾶλλον
2867 975 2925 1031 δὲ
2968 988 3062 1041 τῆς
3102 979 3286 1032 ἑαυτοῦ
3327 985 3562 1055 σαρκός;
3606 980 3682 1031 Οὐ
3712 981 3817 1054 γὰρ

2211 1069 2286 1119 ἔτι
2313 1067 2415 1120 εἰσί
2447 1064 2563 1136 δύο,
2591 1066 2718 1121 ἀλλὰ
2762 1069 2894 1142 σὰρξ
2945 1073 3061 1142 μία.
3092 1068 3254 1122 Ὠστε
3305 1067 3398 1122 διὰ
3427 1079 3523 1133 τῆς
3571 1073 3820 1142 γυναικός

2212 1157 2241 1215 ἡ
2278 1153 2475 1229 ἀδελφὴ
2529 1161 2659 1232 πρὸς
2689 1163 2783 1217 την
2814 1167 2906 1211 τοῦ
2939 1155 3132 1233 ἀνδρὸς
3175 1159 3468 1218 οἰκειότητα
3497 1159 3817 1232 μεταϐαίνει-

2211 1241 2294 1307 Ὠς
2349 1249 2452 1319 ’γὰρ
2490 1252 2692 1323 μητέρα
2741 1251 2984 1320 γυναικὸς
3031 1248 3089 1300 οὐ
3109 1248 3354 1320 λήψεται,
3406 1246 3530 1302 οὐδὲ
3559 1251 3825 1322 θυγατέρα

2211 1345 2307 1398 τῆς
2350 1341 2616 1410 γυναικός,
2652 1334 2793 1390 διότι
2842 1335 2982 1412 μηδὲ
3025 1343 3120 1398 τὴν
3179 1339 3364 1392 ἑαυτοῦ
3418 1343 3641 1413 μητέρα,
3685 1335 3825 1412 μηδὲ

2215 1432 2310 1487 τὴν
2350 1427 2533 1481 ἑαυτοῦ
2568 1430 2863 1505 θυγατέρα·
2907 1429 3067 1492 οὕτως
3123 1426 3239 1483 οὐδ’
3296 1427 3524 1502 ἀδελφήν
3554 1433 3822 1502 γυναικός,

2219 1514 2358 1571 διότι
2395 1515 2534 1592 μηδὲ
2561 1515 2780 1592 ἀδελφὴν
2813 1518 3017 1573 ἑαυτοῦ.
3068 1524 3170 1573 Καὶ
3213 1523 3268 1572 τό
3293 1517 3566 1585 ἀνάπαλιν,
3596 1515 3721 1572 οὐδὲ
3758 1527 3821 1592 τῇ

2217 1613 2430 1680 γυναικὶ
2479 1606 2683 1671 ἐξέσται
2729 1615 2838 1668 τοῖς
2895 1608 3107 1670 οἰκείοις
3153 1616 3244 1660 τοῦ
3298 1605 3486 1681 ἀνδρὸς
3545 1616 3823 1660 συνοικεῖν.

2223 1700 2382 1751 Κοινὰ
2437 1700 2538 1772 γὰρ
2601 1696 2679 1750 ἐπ’
2733 1696 3032 1771 ἀμφοτέρων
3095 1707 3190 1760 τῆς
3268 1701 3568 1769 συγγενείας
3623 1698 3690 1748 τα
3741 1691 3828 1747 δί-

437 1784 715 1856 jungere.
742 1785 892 1840 Sunt
919 1781 1080 1838 enim
1121 1784 1400 1855 utrinque
1426 1781 1775 1839 communia
1801 1779 2108 1838 afﬁnitatis

2220 1808 2364 1843 καια.
2411 1788 2539 1859 Ἐγὼ
2593 1783 2652 1840 δε
2725 1793 2880 1840 παντὶ
2952 1796 3024 1859 τῷ
3079 1791 3197 1862 περὶ
3248 1788 3421 1860 γάμου
3469 1785 3826 1859 βουλευομένῳ

441 1873 602 1945 jura.
652 1875 776 1939 Ego
825 1887 1010 1946 porro
1064 1871 1308 1929 cuilibet
1360 1871 1436 1928 de
1492 1870 1718 1945 nuptiis
1770 1869 2113 1928 consulenti

445 1961 750 2033 testificor,
784 1961 1087 2035 prieterire
1115 1961 1380 2032 ﬁguram
1408 1961 1591 2033 hujus
1616 1959 1854 2030 mundi,
1877 1963 1934 2016 et
1963 1964 2108 2015 tem-

445 2068 564 2125 pus
591 2051 773 2108 breve
804 2052 1036 2115 esse,Ut
1062 2052 1168 2123 qui
1199 2051 1418 2108 habent
1437 2066 1655 2108 uxores
1683 2057 1972 2123 tanquam
1989 2064 2112 2105 non

450 2143 733 2200 habentes
757 2141 1145 2208 sint”.Quod
1170 2142 1220 2198 si
1237 2141 1387 2198 mihi
1415 2157 1737 2216 perperam
1761 2140 1921 2212 legat
1941 2138 2108 2196 illud:

452 2233 714 2291 Crescite
743 2238 799 2291 et
828 2233 1396 2302 multiplicamini”:
1419 2231 1586 2288 rideo
1613 2231 1819 2302 legum
1840 2233 2116 2302 tempora

449 2337 574 2380 non
603 2320 1507 2380 discernentem.Fornicationis
1526 2319 1864 2378 remedium
1885 2319 2113 2392 nuptiae

451 2411 758 2480 secundas,
787 2425 914 2467 non
943 2409 1187 2467 occasio
1224 2409 1507 2466 lasciviae.
1558 2409 1617 2468 Si
1658 2425 1723 2465 se
1753 2424 1877 2465 non
1929 2408 2114 2464 conti-

450 2501 880 2572 nent;nubant,
928 2499 1208 2574 inquit”,
1241 2515 1364 2557 non
1401 2515 1541 2556 vero
1571 2503 1629 2556 et
1682 2497 1981 2556 nubentes
2030 2496 2114 2554 le-

454 2604 594 2662 gem
621 2590 873 2648 violent.

525 2686 582 2738 5.
627 2680 722 2737 Isti
750 2684 972 2752 autem,
1007 2694 1268 2752 quorum
1285 2678 1525 2735 animus
1555 2677 1700 2735 vitio
1730 2676 2114 2751 turpitudinis

448 2773 652 2847 lippus
682 2775 790 2839 est,
811 2786 888 2827 ne
917 2769 996 2827 ad
1021 2773 1299 2826 naturam
1330 2769 1579 2843 quidem
1599 2768 1948 2842 respiciunt,
1972 2784 2111 2842 quae

445 2865 577 2938 jam
601 2862 748 2920 olim
775 2861 1011 2933 generis
1040 2861 1292 2918 nomina
1329 2860 1631 2917 discrevit.
1668 2863 1750 2916 Ex
1779 2875 1904 2932 qua
1949 2858 2112 2916 enim

451 2952 809 3025 cognatione
835 2955 1010 3008 natos
1033 2949 1477 3023 appellabunt?
1505 2951 1838 3016 Fratresne,
1866 2964 1944 3005 an
1976 2964 2115 3005 con-

452 3041 735 3100 sobrinos
755 3039 1066 3097 vocabunt
1093 3040 1120 3095 ?
1157 3039 1457 3112 siquidem
1517 3054 1741 3095 nomen
1789 3041 2113 3110 utrumque

451 3132 538 3190 eis
589 3131 670 3188 ob
719 3129 1142 3187 confusionem
1174 3129 1470 3198 congruit.
1529 3131 1608 3184 Ne
1659 3127 1874 3193 facias,
1927 3143 1964 3184 o
2009 3126 2116 3183 ho-
2145 3149 2184 3204 ρ

454 3239 578 3291 mo,
641 3221 892 3278 amitam
927 3234 1254 3276 novercam
1293 3218 1657 3287 infantium;
1711 3232 1822 3274 nec
1867 3233 2005 3290 quae
2054 3216 2115 3273 in

454 3309 666 3368 matris
689 3309 824 3367 loco
850 3309 1053 3366 fovere
1083 3307 1284 3377 debet,
1316 3323 1454 3363 eam
1483 3305 1868 3363 aemulatione
1897 3304 2119 3378 impla-

453 3401 635 3458 cabili
691 3398 1043 3456 armaveris.
1079 3401 1228 3454 Nam
1273 3396 1469 3454 solum
1496 3412 1896 3453 novercarum
1924 3411 2117 3468 genus

454 3489 637 3547 etiam
659 3493 797 3562 post
816 3492 1074 3544 mortem
1103 3487 1314 3543 odium
1341 3502 1412 3544 ac
1433 3486 1808 3544 inimicitiam
1829 3485 2118 3546 extendit.

456 3582 605 3650 Imo,
637 3577 738 3635 alii
767 3577 992 3634 inimici
1021 3577 1276 3634 mortuis
1303 3577 1802 3645 reconciliantur;
1843 3592 2120 3634 novercas

453 3669 653 3727 odisse
682 3672 820 3742 post
852 3672 1108 3725 mortem
1163 3666 1477 3740 incipiunt.
1517 3669 1768 3724 Summa
1817 3666 2119 3722 dictorum

453 3759 585 3816 haec
607 3762 744 3815 est:
805 3757 862 3815 Si
908 3757 1045 3830 quis
1092 3756 1356 3828 legitime
1387 3757 1632 3830 nuptias
1675 3756 1923 3830 appetit,
1960 3760 2120 3813 totus

455 3849 621 3906 orbis
661 3853 955 3906 terrarum
985 3851 1189 3920 patet:
1224 3848 1316 3904 sin
1367 3846 1614 3904 libidine
1645 3845 1990 3919 impellitur,
2039 3845 2120 3902 ob

453 3939 518 3995 id
543 3937 736 4007 magis
765 3939 946 3994 etiam
977 3936 1437 4002 excludatur,Ut
1457 3938 1650 3994 discat
1671 3951 1774 3994 vas
1793 3953 1966 3993 suum
1989 3952 2119 4007 pos-

455 4026 651 4083 sidere
676 4026 740 4082 in
770 4025 1250 4093 sanctiﬁcatione
1272 4030 1325 4082 et
1359 4026 1728 4088 honoremon
1756 4025 1816 4081 in
1843 4026 2121 4094 passione

457 4115 743 4172 desiderii
766 4116 834 4168 ιι.
859 4117 942 4170 Me
973 4114 1154 4185 plura
1182 4113 1382 4170 dicere
1413 4119 1730 4186 parantem
1755 4113 1978 4172 modus
1999 4111 2120 4186 epi-

457 4203 624 4261 stola:
647 4202 908 4260 cohibet.
950 4203 1164 4258 Precor
1194 4208 1420 4271 autem,
1461 4207 1527 4259 ut
1551 4202 1643 4260 vel
1669 4208 1875 4260 nostra
1904 4201 2118 4259 admo-

457 4293 604 4350 nitio
649 4291 863 4350 vitium
905 4297 1165 4364 superet,
1195 4291 1287 4348 vel
1326 4307 1450 4348 non
1481 4296 1682 4365 serpat
1734 4292 1797 4348 in
1841 4295 2116 4349 nostram

456 4384 766 4457 regionem
791 4383 906 4439 hoc
925 4381 1272 4455 piaculum;
1296 4382 1401 4439 sed
1428 4383 1489 4439 in
1519 4382 1746 4457 quibus
1777 4382 2116 4440 admissum

456 4479 546 4532 est
561 4473 728 4543 locis,
752 4473 813 4530 in
837 4472 934 4529 his
955 4476 1329 4546 permaneat.

528 4853 572 4889 ³⁷
606 4851 792 4908 Levit.
815 4866 974 4923 xvm,
998 4855 1050 4910 6.
1128 4851 1176 4888 ³⁸
1204 4854 1226 4908 I
1257 4853 1386 4908 Cor.
1419 4865 1517 4920 vn,
1539 4853 1630 4908 29.

793 5030 951 5090 γένος.
987 5027 1080 5086 Sic
1121 5033 1238 5087 tres
1269 5029 1652 5087 vetustissimi
1683 5028 1922 5086 codices
1971 5043 2109 5085 cum

462 5097 906 5174 pluribusaliis.
938 5101 1086 5156 Editi
1116 5105 1174 5153 τὸ
1200 5109 1370 5174 μῖσος.
1407 5101 1635 5158 Ibidem
1668 5100 1844 5158 Coisl.
1878 5099 2111 5174 primus

457 5174 547 5221 καὶ
577 5171 703 5226 υπεο
731 5171 968 5226 θάνατον.

528 5242 636 5324 ψῃ
662 5225 898 5324 Lenem.
917 5241 1018 5324 ‘Sic
1043 5242 1516 5324 inidemcodices.
1541 5244 1693 5324 Editi
1716 5245 1934 5324 ἐπέσχε.

531 5315 548 5392 ς
556 5315 734 5392 1ξ5).Τῇ
759 5315 1011 5392 ﬁnit-ipa.
1043 5315 1408 5392 Rerspicitur
1431 5331 1498 5371 ex
1521 5315 1908 5392 conclusione
1922 5315 2112 5392 hujus

459 5383 724 5452 epistolae
755 5383 1014 5440 incestas
1052 5383 1487 5458 illas—nuptias,
1514 5402 1651 5459 quae
1681 5388 1820 5445 huic
1839 5383 2109 5462 epistolas

531 5027 742 5097 (13)Τό

1707 4851 1754 4886 ³³
1788 4851 1995 4920 Gen.i,
2022 4853 2090 4908 28
2115 4867 2128 4920 ;
2157 4865 2234 4920 ix,
2272 4853 2319 4906 i.

2222 1874 2670 1954 διαμαρτύρομαι,
2719 1879 2799 1930 ὄτί
2841 1878 3068 1951 παράγει
3121 1880 3180 1929 τό
3236 1884 3428 1948 σχῆμα
3475 1883 3567 1928 τοῦ
3623 1879 3827 1947 κόσμου

2219 1971 2428 2034 τούτου,
2484 1972 2574 2020 καὶ
2615 1969 2640 2020 ὁ
2688 1970 2867 2042 καιρός
2934 1966 3340 2040 συνεσταλμένος
3382 1965 3542 2034 ἐστὶν,
3592 1964 3704 2018 Ἱνα
3739 1968 3826 2016 καὶ

2222 2061 2272 2111 οἱ
2332 2062 2538 2130 ἔχοντες
2602 2065 2857 2129 γυναῖκας
2905 2059 2973 2118 ὡς
3021 2061 3092 2129 μὴ
3145 2058 3350 2129 ἔχοντες
3405 2053 3552 2108 ὦσιν.
3767 2050 3828 2106 δέ

2222 2168 2311 2222 μοι
2399 2155 2840 2223 παραναγινῶσκη
2911 2149 3010 2217 τό,
3102 2145 3393 2209 Ανξάνεσθε
3475 2150 3566 2198 καὶ
3657 2143 3828 2201 πληθύ

2221 2240 2368 2292 νεσθε
2398 2254 2413 2268 ⁸
2464 2236 2731 2310 καταγελῶ
2769 2244 2858 2289 τοῦ
2915 2245 3014 2288 τῶν
3069 2237 3384 2310 νομοθεσιῶν
3436 2239 3558 2296 τοὺς
3615 2236 3833 2307 καιροὺς

2223 2332 2292 2401 μὴ
2330 2323 2703 2402 διακρίνοντος.
2754 2330 2995 2401 Ιῐορνείας
3024 2327 3334 2399 παραμυθία
3372 2327 3397 2377 ὁ
3454 2321 3690 2398 δεύτερος
3736 2325 3832 2394 γά-

2223 2438 2334 2492 μος,
2366 2417 2460 2470 οὐκ
2487 2413 2692 2490 ἐφόδιον
2717 2415 2788 2478 εἰς
2828 2415 3120 2488 ἀσέλγειαν.
3138 2415 3194 2469 Εἰ
3219 2415 3315 2468 οὐκ
3345 2416 3825 2490 ἐγκαρτερεύονται,

2221 2508 2642 2582 γαμησάτωσαν,
2670 2510 2827 2580 φησίν
2855 2520 2870 2536 ⁸
2913 2505 3037 2577 οὐχὶ
3081 2502 3140 2558 δὲ
3177 2510 3267 2558 καὶ
3295 2513 3580 2579 γαμοῦντες
3608 2521 3832 2576 παρανο-

2223 2602 2502 2671 μείτωσαν.

2295 2693 2346 2744 5.
2381 2685 2538 2758 Οἰξὸὲ
2576 2684 2701 2740 οὐδὲ
2727 2689 2856 2762 πρὸς
2883 2691 2976 2745 τὴν
3011 2689 3165 2760 φύσιν
3206 2685 3610 2756 ἀποϐλέπουσιν,
3642 2687 3691 2737 οἱ
3740 2687 3833 2742 τὴν

2221 2778 2408 2851 ψυχὴν
2437 2777 2700 2851 λημῶντες
2756 2785 2828 2847 τῷ
2878 2779 3034 2829 πάθει
3080 2784 3177 2838 τῆς
3216 2775 3449 2849 ἀτιμίας,
3490 2777 3652 2829 πάλαι
3713 2771 3832 2827 δια·

2221 2873 2473 2942 κρίνασαν
2539 2869 2633 2930 τὰς
2696 2874 2785 2919 τοῦ
2852 2872 3033 2939 γένους
3090 2871 3470 2942 προσηγορίας,
3525 2866 3614 2918 Ἐκ
3676 2868 3833 2924 ποίας

2221 2962 2320 3032 γὰρ
2351 2961 2656 3030 συγγενείας
2703 2959 2822 3018 τοὺς
2877 2957 3214 3028 γεννηθέντας
3267 2958 3830 3031 προσαγορεύσουσιν;

2222 3036 2502 3120 ’Λδξλφοὺς
2551 3046 2738 3107 αὐτοὺς
2795 3044 3024 3104 αλλήλων
3079 3047 3108 3105 ἦ
3161 3044 3404 3116 ἀνεψιοὺς
3436 3052 3832 3120 προσεροῦσιν;

2227 3139 2492 3214 ἀμφότερα
2541 3139 2643 3211 γὰρ
2697 3135 2876 3197 αὐτοῖς
2913 3140 3276 3209 προσαρμόσει
3339 3131 3433 3187 διὰ
3493 3139 3584 3192 τήν
3629 3136 3876 3208 adv/79-.

2229 3249 2333 3285 σιν.
2387 3232 2473 3286 Μὴ
2532 3231 2784 3300 ποιήσῃς,
2827 3223 2866 3277 ὦ
2919 3226 3178 3300 οἶνθρωπέ,
3237 3229 3332 3284 την
3391 3225 3528 3277 θείαν
3578 3226 3840 3296 μητρυιὰν

2227 3327 2327 3372 τῶν
2399 3321 2595 3376 νηπίων
2631 3337 2642 3349 ·
2721 3311 2860 3389 μηδὲ
2933 3319 3026 3373 τὴν
3086 3313 3136 3366 ἐν
3190 3318 3389 3388 μητρός
3434 3313 3577 3376 τάξει
3628 3311 3839 3364 θάλπειν

2229 3407 2554 3483 ὀφείλουσαν,
2603 3407 2798 3464 ταύτην
2865 3403 3150 3478 ἐφοπλίσης
3205 3406 3318 3465 ταὶς
3372 3402 3687 3476 ἀμειλίκτοις
3750 3406 3842 3465 ζη-

2227 3499 2516 3558 λοτυπίαις.
2563 3499 2731 3550 Μόνον
2786 3496 2888 3568 γὰρ
2948 3498 3006 3547 τὸ
3051 3497 3192 3566 γένος
3247 3493 3361 3565 (l3)
3408 3500 3508 3545 τῶν
3570 3500 3842 3567 μητρυιῶν

2228 3593 2319 3642 καὶ
2367 3588 2494 3661 μετὰ
2535 3586 2749 3638 θάνατον
2790 3583 2986 3636 ἐλαύνει
3024 3587 3117 3642 τὴν
3175 3583 3373 3658 ἔχθραν
3402 3599 3415 3612 ·
3471 3580 3662 3655 μᾶλλον
3695 3577 3754 3634 δε
3792 3583 3843 3633 οἰ

2230 3681 2319 3752 μὲν
2373 3675 2536 3737 ἄλλως
2577 3673 2815 3748 πολέμιοι
2878 3680 2984 3734 τοῖς
3043 3675 3320 3732 τεθνηκόσι
3373 3667 3688 3724 σπένδονται
3719 3686 3732 3700 ·
3781 3673 3837 3723 αἱ

2232 3765 2292 3822 δὲ
2320 3769 2576 3842 μητρυιαὶ
2614 3771 2704 3816 τοῦ
2753 3767 2942 3836 μίσους
2989 3765 3118 3831 μετὰ
3158 3765 3244 3814 τόν
3299 3763 3516 3815 θάνατον
3555 3761 3840 3834 ἄρχονται.

2233 3857 2518 3931 Κεφάλαιον
2570 3851 2628 3908 δε
2684 3861 2784 3907 τῶν
2815 3853 3114 3928 εἰρημένων,
3152 3852 3211 3906 Εἰ
3239 3854 3330 3926 μεν
3358 3855 3499 3925 νόμῳ
3551 3870 3632 3912 τις
3681 3852 3844 3924 ὁρμᾶ-

2229 3966 2318 4000 ται
2346 3949 2477 4022 πρὸς
2525 3948 2610 3998 τόν
2661 3945 2852 4018 γάμον,
2882 3947 3118 4003 ἤνοικται
3173 3949 3322 3996 πᾶσα
3350 3944 3380 4001 ἡ
3433 3941 3710 4014 οἰκουμένη
3753 3959 3766 3972 ·
3800 3939 3847 3992 εἰ

2231 4034 2291 4091 δὲ
2321 4036 2556 4109 ίμπαθὴς
2583 4034 2724 4106 αὐτῷ
2755 4035 2784 4092 ἡ
2814 4029 3048 4102 σπουδὴ,
3081 4029 3175 4086 διὰ
3213 4039 3364 4085 τοῦτο
3409 4035 3500 4083 καὶ
3530 4029 3679 4084 πλέον
3709 4029 3845 4082 ἀπο-

2228 4127 2542 4192 κλεισθήτω,
2573 4124 2684 4178 Ἵνα
2742 4123 2882 4197 μάθῃ
2935 4126 2994 4175 τὸ
3036 4121 3222 4176 ἑαυτοῦ
3273 4129 3453 4182 σκεῦος
3509 4121 3740 4173 κτάσθαι
3791 4118 3843 4172 ἓν

2230 4217 2478 4290 ἁγιασμῳ
2508 4219 2598 4267 καὶ
2629 4221 2778 4288 τιμῇ,
2811 4217 2880 4286 μὴ
2907 4210 2956 4264 ἒν
2987 4214 3143 4266 πάθει
3167 4211 3468 4285 ἕπιθυμίας.
3527 4210 3744 4263 Πλεῐονά
3773 4218 3847 4282 με

2227 4307 2391 4380 λέγειν
2422 4307 2723 4380 ὡρμημένον
2746 4304 2804 4357 τό
2832 4307 3016 4380 μέτρον
3048 4302 3228 4375 ίπέχει
3269 4303 3386 4374 (14)
3416 4309 3506 4362 τῆς
3541 4298 3846 4360 ἐπιστολῆς·

2231 4401 2477 4472 Εὕχομαι
2504 4392 2563 4450 δὲ
2593 4396 2622 4456 ἦ
2665 4399 2761 4454 τὴν
2799 4413 3106 4470 παραινεσιν
3146 4396 3294 4468 ἡμῶν
3344 4394 3692 4468 ἰσχυροτέραν
3751 4397 3850 4443 τοῦ

2150 4513 2195 4569 D
2228 4490 2424 4549 πάθους
2483 4482 2892 4559 ἀποδειχθῆναι,
2935 4485 2964 4544 ἦ
3007 4489 3079 4559 μὴ
3132 4480 3469 4557 ἐπιδημῆσαι
3498 4489 3560 4555 τῇ
3622 4481 3857 4556 ἡμετέρᾳ

2225 4579 2338 4653 (15)
2365 4580 2423 4630 τό
2446 4579 2572 4650 ἄγος
2602 4582 2756 4630 τοῦτο
2791 4597 2804 4610 ο
2835 4573 2945 4628 ἀλλ’
2974 4575 3024 4627 ἐν
3049 4573 3126 4638 οἷς
3155 4573 3216 4626 ἂν
3247 4571 3504 4646 ἓτολμὴθη
3529 4575 3712 4633 τόποις
3735 4569 3852 4624 ἱνα-

2228 4676 2493 4743 πομείναι,

2405 4849 2449 4884 ⁸ο
2479 4850 2501 4903 Ι
2531 4849 2660 4904 Cor.
2693 4848 2869 4917 vu,9.
2948 4845 2993 4881 ‘1
3027 4842 3285 4901 IThess.
3319 4859 3390 4916 iv,
3425 4846 3480 4900 4.

2222 5026 2608 5085 occasionem
2639 5023 3096 5088 dederunt,non
3121 5026 3466 5082 contractas
3487 5021 3549 5078 in
3577 5019 3844 5077 Ecclesia

2223 5099 2608 5170 Ciesariensis
2661 5097 2865 5170 fuisse.
2923 5102 3004 5170 Ac
3034 5097 3330 5170 profecto,
3357 5110 3482 5170 qua
3521 5097 3844 5170 eratcon-

2221 5171 2408 5228 tantia
2435 5169 2681 5227 Basilius
2706 5169 2768 5224 in
2798 5163 3177 5225 vindicandis
3205 5163 3480 5224 Ecclesiae
3513 5181 3636 5220 sua:
3664 5163 3844 5220 insti-

2220 5243 2380 5310 tutis,
2403 5242 2676 5298 mimime
2691 5239 2948 5313 dubium
2969 5241 3118 5313 quin
3138 5239 3321 5312 ei,qui
3350 5237 3558 5313 uxoris
3583 5240 3845 5313 mortua:

2221 5307 2490 5371 sororem
2529 5313 2806 5380 duxerat,
2831 5307 3013 5384 longe
3038 5307 3256 5369 fuissef
3275 5309 3543 5384 epistolae
3573 5307 3845 5366 Diodoro

2219 5385 2434 5444 afﬁctae
2464 5385 2838 5459 praesidium.
