4152 6392
349 318 458 374 629

894 495 1235 545 ΕΠΙΣΤΟΛΗ
1266 488 1422 545 ΡΞΛᾏ

1348 307 1836 369 EPISTOLARUH
1871 304 2153 363 CLASSIS
2190 306 2261 363 Π.
2298 304 2515 363 EPIST.
2556 307 2733 364 CLXI.

3626 307 3734 363 630

2608 485 2949 543 EPISTOLA
2989 484 3187 540 CLXI'.

361 617 860 687 Amphilochium
892 618 1241 673 consolatur
1264 614 1552 681 Basilius,
1581 618 1861 687 tumcum
1886 609 2126 687 fugeret
2157 607 2618 687 ordinationem,
2660 612 2893 687 gratiae
2908 611 3134 687 retibus
3155 610 3496 687 irrch‘tum._
3515 609 3735 687 Horta-

440 681 543 745 tur
565 694 629 744 ut
653 703 861 758 prava?
888 689 1178 745 doctrinas
1200 688 1528 758 pravisque
1555 683 1820 742 moribus
1842 686 2190 758 constanter
2218 681 2488 739 obsistat.
2515 683 2710 754 Rogat
2748 690 2812 740 ut
2839 684 2893 740 si
2920 699 2978 740 se
3007 685 3184 755 longo
3213 683 3419 740 morbo
3456 681 3733 738 debilita-

438 767 565 817 tum
600 756 856 817 invisere
881 760 1044 831 velit,
1069 774 1178 816 nec
1203 756 1437 829 tempus
1459 772 1566 815 nec
1592 759 1827 827 signum
1856 756 2175 822 exspectet.

521 884 852 959 Ἀμφιλοχίῳ
880 886 1016 959 (16),
1045 884 1463 961 χειροτονηθέντι
1488 882 1775 953 ἕπισκόπῳ·

426 998 474 1049 1.
504 991 805 1064 Εὐλογητὸς
834 993 860 1044 ὁ
905 995 1053 1059 Θεὸς,
1085 993 1112 1044 ὁ
1165 996 1282 1053 τούς
1330 991 1447 1045 καθ’
1486 990 1729 1048 ’ἑκάστην
1774 988 1950 1060 γενεὰν

356 1082 758 1157 εύαρεστοῦντας
809 1081 953 1154 αύτῷ
1017 1080 1367 1155 ἐκλεγόμενος,
1417 1085 1508 1133 καὶ
1567 1079 1836 1153 γνωρίζων
1886 1078 1952 1130 τὰ

360 1174 517 1230 σκεύη
547 1180 640 1234 τῆς
668 1170 905 1243 ἐκλογῆς,
954 1176 1046 1224 καὶ
1086 1175 1431 1247 κεχρημένος,
1473 1170 1651 1231 αὐτοῖς
1697 1171 1827 1243 πρὸς
1856 1170 1951 1225 τὴν

357 1261 672 1336 λειτουργίαν
691 1269 793 1314 τῶν
815 1262 979 1333 ἁγίων
1002 1280 1016 1295 ·
1049 1263 1076 1313 ὁ
1100 1266 1191 1314 καὶ
1213 1269 1302 1313 νῦν
1327 1280 1385 1314 σε
1408 1262 1683 1333 φεύγοντα,
1709 1261 1778 1319 ὡς
1798 1256 1953 1317 αὐτὸς

352 1355 473 1424 φης,
513 1354 618 1422 οὐχ
672 1352 835 1423 ἡμᾶς,
877 1348 1007 1403 ἀλλὰ
1054 1355 1149 1409 την
1198 1346 1271 1403 δι’
1320 1352 1467 1423 ἡμῶν
1508 1345 1951 1422 προσδοκωμένην

347 1438 557 1511 κλῆσιν,
584 1447 694 1503 τοῖς
718 1439 964 1513 ἀφύκτοις
982 1436 1220 1502 δικτύοις
1238 1448 1299 1498 τῆ
1312 1460 1333 1501 ς
1353 1443 1575 1516 χάριτος
1604 1439 1948 1510 σαγηνεύσας,

349 1532 440 1581 καὶ
472 1527 684 1601 ἀγαγὼν
715 1527 789 1591 εἰς
814 1531 881 1582 τὰ
903 1533 1045 1602 μέσα
1072 1537 1163 1590 τῆς
1196 1525 1472 1595 Πισιδίας,
1497 1530 1630 1581 ὥστε
1655 1525 1955 1602 ἀνθρώπους

350 1622 570 1695 ζωγρεῖν
598 1627 672 1691 τῷ
710 1622 908 1695 Κυρίῳ,
949 1623 1041 1671 καὶ
1092 1617 1253 1671 ἕλκειν
1312 1616 1412 1670 ἀπό
1460 1625 1551 1670 τοῦ
1595 1616 1765 1691 βυθοῦ
1795 1616 1867 1679 εἰς
1890 1622 1951 1673 τό

351 1717 459 1782 φῶς
481 1712 603 1772 τοὺς
635 1708 1026 1783 έζωγρημίνους
1077 1710 1178 1762 ὑπὸ
1208 1716 1301 1761 τοῦ
1334 1704 1587 1761 διαϐόλου
1619 1708 1691 1770 εἰς
1718 1711 1777 1761 τό
1825 1707 1952 1762 ἐκεί-

343 1818 433 1852 νου
462 1798 680 1872 θέλημα.
709 1802 841 1870 Λέγε
868 1794 957 1851 οὖν
987 1801 1079 1851 καὶ
1112 1801 1178 1851 σύ
1215 1800 1281 1851 τὰ
1316 1805 1410 1851 τοῦ
1439 1802 1705 1874 μακαρίου
1732 1794 1900 1851 Δαϐίδ
1934 1819 1948 1833 ·

348 1895 456 1941 Ποῦ
480 1890 722 1963 πορευθῶ
753 1885 854 1941 ἀπὸ
892 1895 986 1941 τοῦ
1037 1889 1324 1961 πνεύματός
1365 1904 1504 1955 σου;
1559 1893 1650 1941 καὶ
1708 1886 1808 1941 ἀπὸ
1856 1895 1947 1941 τοῦ

340 1983 629 2054 προσώπου
664 1996 759 2031 σου
787 1984 879 2031 τοῦ
909 1980 1057 2051 φύγω
1081 1993 1095 2045 ;
1124 1984 1353 2031 Τοιαῦτα
1378 1979 1481 2053 γὰρ
1515 1978 1946 2053 θαυματουργεῖό

347 2065 710 2140 φιλάνθρωπος
748 2067 894 2139 ἡμῶν
925 2069 1209 2128 Δεσπότης.
1250 2064 1399 2117 Ὀνοι
1445 2065 1558 2137 (t7)
1610 2063 1942 2132 ἀπόλλυνται,

2363 879 2812 953 Amphitochio,
2836 880 3122 938 ordinato
3151 880 3441 951 episcopo.

2138 989 2190 1043 t.
2231 985 2582 1044 Benedictus
2637 989 2811 1056 Deus,
2865 987 2969 1061 qui
3022 986 3139 1043 sibi
3177 987 3488 1060 placentes
3518 987 3580 1045 in
3614 987 3731 1044 sin-

2064 1074 2220 1146 gulis
2248 1076 2527 1132 uatatibus
2552 1076 2734 1148 eligit,
2787 1076 3215 1151 electionisque
3244 1078 3501 1134 secernit
3544 1093 3724 1143 vasa,

2062 1169 2122 1221 et
2141 1164 2236 1220 his
2263 1164 2451 1221 utitur
2480 1166 2558 1222 ad
2582 1166 2984 1223 ministerium
3014 1171 3366 1223 sanctorum
3392 1184 3406 1223 :
3430 1167 3535 1241 qui
3562 1182 3727 1224 nunc

2062 1254 2246 1310 etiam
2276 1258 2353 1321 te,
2385 1271 2527 1311 cum
2559 1254 2817 1324 fugeres,
2857 1262 2924 1313 ut
2954 1260 3142 1313 tumet
3182 1256 3405 1327 dixisti,
3434 1272 3560 1313 non
3590 1273 3723 1327 nos,

2064 1343 2171 1399 sed
2200 1345 2581 1401 vocationem
2610 1362 2799 1419 quam
2852 1362 2960 1419 per
3001 1363 3115 1404 nos
3157 1346 3423 1404 futuram
3456 1347 3727 1421 suspica-

2062 1433 2247 1503 baris,
2277 1434 2727 1491 inevitabilibus
2760 1437 2965 1506 gratiae
2993 1435 3220 1493 retibus
3257 1435 3527 1507 illigavit,
3559 1452 3630 1493 ac
3658 1436 3723 1494 in

2064 1521 2330 1579 mediam
2362 1523 2645 1581 Pisidiam
2690 1525 2956 1596 deduxit,
3005 1529 3072 1582 ut
3128 1525 3408 1581 homines
3467 1524 3721 1582 Domino

2064 1611 2291 1684 capias,
2326 1616 2383 1669 et
2412 1629 2485 1670 ex
2519 1614 2824 1687 profundo
2853 1614 3169 1688 pertrahas
3200 1613 3281 1672 ad
3318 1614 3536 1686 lucem,
3564 1629 3722 1687 quos

2062 1702 2220 1774 cepit
2246 1702 2545 1776 diabolus,
2567 1709 2633 1762 ut
2656 1721 2832 1762 suam
2853 1705 3042 1778 ipsius
3071 1705 3298 1762 faciant
3322 1704 3718 1766 voluntatem.

2062 1791 2165 1847 Dic
2198 1792 2373 1866 252
2407 1793 2586 1866 igitur
2615 1799 2672 1852 et
2696 1801 2760 1853 tu
2789 1811 2927 1869 quae
2961 1795 3178 1853 beatus
3224 1795 3414 1852 David
3440 1794 3717 1852 dicebat:

2061 1882 2187 1951 Quo
2214 1885 2310 1941 ibo
2328 1899 2365 1941 a
2387 1887 2605 1955 spiritu
2629 1892 2726 1943 tuo
2743 1890 2771 1942 ?
2798 1892 2853 1944 et
2881 1902 2997 1959 quo
3018 1901 3057 1944 a
3073 1888 3235 1959 facie
3267 1893 3373 1944 tua
3387 1885 3721 1958 fugiam“?

2057 1972 2221 2030 Talia
2247 1975 2407 2031 enim
2438 1981 2724 2049 operatur
2770 1976 3065 2033 miracula
3104 1976 3578 2048 benignissimus
3608 1977 3719 2033 Do-

2057 2062 2260 2119 minus
2287 2069 2512 2121 noster.
2545 2064 2740 2122 Asina:
2771 2067 3111 2139 pereunt“,
3133 2070 3200 2123 ut
3247 2083 3353 2123 rex
3380 2065 3562 2123 Israel
3588 2065 3716 2124 ﬁat.

342 2132 429 2209 ένα
457 2132 713 2230 βασιλεὺς
745 2132 959 2230 Ἰσραὴλ
976 2158 1211 2228 γένηται.
1237 2153 1373 2209 Ἀλλ’
1395 2132 1579 2216 ἐκεῖνος
1606 2157 1717 2228 μὲν,
1742 2154 1940 2229 Ἰσραη-

2059 2152 2174 2209 Sed
2205 2152 2302 2208 ille
2333 2169 2474 2209 cum
2516 2132 2790 2211 Israelita
2836 2159 3015 2227 esset,
3055 2132 3259 2213 Israeli
3282 2155 3462 2213 datus
3488 2159 3579 2213 est
3612 2173 3626 2212 :
3660 2160 3716 2212 te

337 2244 489 2308 λίτης
513 2246 604 2315 ὢν,
647 2253 721 2317 τῷ
752 2244 963 2318 Ἰσραὴλ
1006 2241 1168 2303 ἐδόθη
1205 2266 1218 2278 ·
1252 2247 1308 2297 σε
1362 2240 1422 2297 δὲ
1463 2246 1493 2303 ἠ
1529 2244 1821 2318 θρεψαμένη
1855 2250 1945 2298 καὶ

338 2338 472 2410 πρὸς
499 2342 757 2388 τοσοῦτον
791 2331 1158 2387 ἆναϐιϐάσασα
1185 2342 1279 2396 τῆς
1312 2331 1435 2407 ἀρετ
1438 2340 1502 2395 ἧς
1525 2333 1659 2405 ὕψος
1688 2333 1782 2386 Mi"
1807 2336 1941 2407 ἔχειν

339 2423 470 2477 ἄλλά
509 2429 603 2483 τήν
655 2428 862 2498 γείτονα
896 2424 994 2499 ὁρᾷ
1030 2431 1103 2495 τῷ
1151 2419 1272 2496 ἰδίῳ
1319 2427 1503 2497 κόσμῳ
1544 2426 1941 2497 σεμνυνομένην,

286 2554 295 2559 -
338 2511 554 2575 Ἐπειδή
588 2510 649 2568 δε
674 2515 747 2577 εἷς
770 2513 894 2577 λαός
928 2516 1116 2577 πάντες
1167 2516 1216 2567 οἱ
1255 2513 1326 2576 εἰς
1372 2516 1604 2587 Χριστόν
1648 2512 1943 2580 ἠλπικότες,

339 2611 430 2658 καὶ
457 2609 558 2679 μία
583 2602 874 2663 Ἐκκλησία
902 2611 991 2656 νῦν
1035 2605 1084 2657 οἱ
1134 2610 1395 2679 Χριστοῦ,
1433 2601 1528 2655 κᾶν
1579 2601 1634 2655 ἐκ
1679 2599 1944 2678 διαφόρων

338 2700 511 2747 τόπων
540 2696 1019 2770 προσαγορεύηται,
1041 2698 1224 2769 χαίρει
1248 2696 1334 2745 καὶ
1352 2694 1383 2751 ἡ
1411 2697 1599 2768 πατρὶς
1622 2696 1714 2744 καὶ
1737 2692 1945 2766 εὐφραι-

339 2802 484 2836 νεται
513 2790 630 2844 ταῖς
655 2791 746 2836 τοῦ
802 2787 1000 2858 Κυρίου
1038 2782 1379 2855 οἰκονομίαις,
1438 2786 1529 2834 καὶ
1582 2781 1688 2854 ούχ
1734 2783 1945 2853 ἡγεῖται

344 2873 433 2926 ἕνα
459 2868 631 2948 ἄνδρα
657 2870 1004 2946 ἐζημιῶσθαι,
1038 2870 1167 2925 ἀλλὰ
1197 2869 1232 2925 δ
1237 2872 1269 2924 ι’
1321 2871 1429 2934 ἑνός
1467 2870 1784 2932 Ἐκκλησίας
1822 2872 1943 2933 ὅλας

345 2961 759 3035 προσειληφέναι.
810 2966 979 3017 Μόνον
1024 2963 1304 3036 παράσχοι
1352 2962 1377 3013 ό
1411 2963 1604 3037 Κύριος
1651 2966 1742 3015 καὶ
1772 2965 1941 3036 παρό-

344 3069 466 3114 ντας
494 3053 614 3126 όρᾲν
642 3054 672 3112 ἡ
679 3058 779 3126 μᾶς
808 3052 947 3124 (18),
977 3056 1065 3105 καὶ
1098 3049 1321 3113 ἀπόντας
1365 3048 1569 3104 ἀκούειν
1621 3054 1715 3109 τὴν
1755 3069 1941 3125 προκο-

338 3145 441 3201 πὴν
470 3141 586 3211 σού,
616 3145 712 3201 τὴν
744 3140 793 3194 έν
819 3148 890 3214 τῷ
935 3140 1254 3214 Ευαγγελίῳ,
1287 3144 1376 3193 καὶ
1425 3144 1520 3199 τὴν
1568 3140 1807 3204 εὐταξίαν
1837 3148 1938 3193 τῶν

338 3230 525 3291 Ἐκκλη
534 3240 679 3285 σιῶν.

404 3362 458 3413 2.
493 3353 778 3435 Ἀνδρίζου
806 3360 978 3411 τοίνυν
1005 3360 1097 3411 καὶ
1134 3375 1314 3430 ισχυε,
1361 3359 1453 3409 καὶ
1478 3358 1802 3432 προπορεύου
1842 3366 1936 3411 τοῦ

330 3447 480 3515 λαοῦ,
522 3448 575 3499 ὃν
617 3445 894 3500 ἐπίστευσε
949 3455 1009 3521 τῇ
1068 3443 1218 3517 δεξιᾲ
1274 3465 1367 3498 σου
1425 3450 1457 3497 ό⁹
1505 3445 1779 3517 ’Υψιστος.
1832 3452 1933 3501 Καὶ

332 3537 400 3598 ὡς
464 3541 669 3611 νοήμων
726 3535 1037 3609 κυϐέρνησιν
1091 3537 1462 3608 ποιησάμενος,
1532 3537 1709 3596 πάσης
1776 3536 1933 3598 ζάλης

335 3622 437 3679 ἀπὸ
464 3635 563 3679 τῶν
596 3628 868 3703 αἱρετικῶν
908 3626 1209 3699 πνευμάτων
1242 3624 1569 3699 ἐγειρομένης
1615 3623 1933 3701 ὑψηλότερος

333 3721 600 3791 γενόμενος
675 3724 738 3789 τῇ
814 3721 1026 3790 γνώμη,
1107 3712 1429 3768 ἀϐάπτιστον
1503 3721 1608 3775 τοῖς
1682 3713 1932 3790 ἁλμυροῖς

332 3810 422 3861 καὶ
458 3813 667 3881 πικροῖς
696 3813 792 3869 τῆς
819 3801 1136 3867 κακοδοξίας
1189 3807 1391 3878 κύμασι
1445 3801 1769 3878 ὃιαφύλασσε
1818 3806 1930 3879 (19)

332 3902 428 3958 την
493 3893 715 3966 ὁλκάδα,
787 3892 1046 3970 ἀναμένων
1106 3899 1201 3954 τὴν
1266 3895 1515 3968 γαλήνην,
1593 3894 1657 3954 ἦν
1722 3901 1933 3956 ποιήσει

333 3988 359 4041 ὁ
402 3989 615 4062 Κύριος,
658 3983 869 4040 ἐπειδὰν
925 3987 1104 4060 εὑρεθῇ
1149 3990 1285 4059 φωνή
1342 3983 1467 4048 ἀξία
1503 3993 1594 4037 τοῦ
1636 3980 1932 4045 διαναστῆ-

335 4094 428 4131 σαι
466 4075 619 4131 αύτόν
662 4080 793 4153 πρὸς
836 4080 930 4137 τὴν
987 4075 1291 4150 ἐπιτίμησιν
1346 4083 1445 4129 τῶν
1501 4079 1804 4147 πνευμάτων
1843 4082 1933 4130 καὶ

333 4171 428 4230 τῆς
503 4167 798 4229 θαλάσσης.
873 4166 935 4221 Εἰ
1000 4162 1060 4220 δὲ
1122 4164 1298 4240 βούλει
1365 4166 1504 4238 ἡμᾶς
1576 4165 1755 4219 λοιπὸν
1831 4168 1931 4220 ὑπὸ

331 4264 427 4320 τῆς
462 4263 668 4334 μακρᾶς
710 4252 1008 4332 ἀρρωστίας
1060 4253 1418 4330 ἐπειγομένους
1467 4255 1573 4327 (20)
1640 4261 1767 4333 πρὸς
1837 4261 1932 4317 τὴν

332 4344 624 4419 ἀναγκαίαν
681 4342 859 4410 ἔξοδον
908 4344 1319 4418 ἐπισκέψασθαι,
1369 4350 1502 4419 μήτε
1558 4349 1739 4420 καιρόν
1802 4345 1931 4400 ἀνα-

337 4440 515 4511 μείνῃς
579 4442 712 4511 μήτε
775 4438 834 4489 τό
897 4434 1020 4511 παρ’
1077 4436 1224 4509 ἡμῶν
1275 4437 1559 4509 σύνθημα*
1612 4431 1789 4507 εἰδὼς,
1850 4438 1932 4489 ὄτι

2056 2257 2198 2298 vero
2250 2258 2376 2299 non
2422 2242 2601 2300 habet
2648 2261 2784 2318 quae
2824 2246 3107 2302 enutrivit
3134 2250 3192 2303 et
3220 2245 3300 2303 ad
3323 2250 3559 2302 tantum
3585 2261 3718 2319 per-

2056 2331 2230 2389 duxit
2258 2333 2491 2389 virtutis
2522 2334 2755 2407 apicem
2791 2352 2805 2390 :
2848 2335 2956 2391 sed
2993 2334 3260 2392 vicinam
3284 2335 3446 2392 videt
3470 2334 3716 2409 proprio

2054 2426 2295 2478 ornatu'
2325 2422 2633 2479 decoram.
2685 2424 2800 2481 Sed
2857 2424 3001 2497 quia
3046 2440 3207 2481 unus
3261 2424 3529 2497 populus
3577 2430 3719 2483 sunt

2054 2516 2359 2584 quotquot
2387 2511 2449 2567 in
2482 2513 2785 2570 Christum
2820 2518 3084 2586 sperant,
3111 2518 3168 2570 et
3191 2529 3353 2570 nunc
3379 2530 3504 2570 una
3522 2514 3717 2570 Eccle-

2057 2601 2147 2657 sia
2174 2601 2281 2674 qui
2313 2601 2525 2660 Christi
2575 2606 2733 2669 sunt,
2786 2619 3146 2677 quanquam
3196 2621 3269 2660 ex
3314 2603 3519 2661 multis
3568 2603 3717 2661 locis

2052 2692 2436 2761 nominatur;
2480 2693 2704 2763 gaudet
2754 2694 2936 2750 etiam
2985 2695 3203 2767 patria,
3252 2699 3309 2750 et
3336 2693 3571 2752 lectatur
3601 2698 3715 2752 Do-

2053 2781 2202 2837 mini
2249 2781 2824 2855 dispensationibus,
2877 2799 3075 2856 neque
3123 2784 3398 2841 amisisse
3429 2800 3492 2840 se
3520 2800 3716 2842 unum

2050 2872 2250 2927 virum
2304 2872 2621 2938 existimat,
2675 2872 2780 2927 sed
2834 2888 2942 2945 per
2989 2889 3181 2930 unum
3228 2877 3384 2931 totas
3422 2874 3716 2931 Ecclesias

2052 2961 2465 3034 acquisivisse.
2496 2961 2943 3018 Tantummodo
2972 2961 3265 3033 largiatur
3312 2963 3621 3027 Dominus,
3650 2967 3716 3020 ut

2052 3055 2109 3107 et
2163 3054 2490 3119 praesentes
2543 3050 2883 3119 videamus,
2935 3056 2992 3108 et
3050 3052 3336 3110 absentes
3388 3053 3714 3110 audiamus

2049 3144 2221 3199 tuum
2250 3141 2307 3197 in
2334 3139 2660 3212 Evangelia
2686 3141 3024 3214 profectum
3054 3158 3125 3199 ac
3153 3147 3385 3200 rectum
3422 3143 3715 3201 Ecclesia-

2047 3247 2183 3288 rum
2214 3229 2511 3288 ordinem.

2116 3362 2173 3418 2.
2210 3357 2464 3417 Proinde
2483 3374 2593 3430 age
2620 3359 2881 3427 viriliter,
2916 3361 3332 3428 corroborare,
3362 3365 3422 3419 et
3450 3378 3576 3436 prae
3603 3377 3711 3437 po-

2042 3450 2209 3526 pulo,
2236 3466 2415 3522 quem
2437 3449 2691 3507 credidit
2711 3450 2938 3508 dextrae
2962 3456 3079 3509 tuae
3107 3452 3467 3511 Altissimus.
3495 3458 3710 3527 Atque,

2040 3546 2106 3598 ut
2130 3539 2356 3614 peritus
2397 3539 2788 3613 gubernator,
2828 3546 3182 3615 tempestate
3221 3542 3389 3598 omni
3418 3542 3497 3599 ab
3525 3542 3712 3600 haere'

2044 3632 2300 3690 ticorum
2330 3632 2523 3688 ventis
2565 3632 2826 3688 excitata
2883 3631 3159 3705 superior
3203 3634 3431 3704 animo,
3461 3633 3710 3691 immer-

2042 3721 2229 3779 sabile
2282 3721 2516 3777 custodi
2556 3720 2730 3778 salsis
2788 3726 2845 3778 et
2898 3722 3122 3778 amaris
3173 3738 3379 3795 pravzr.
3418 3722 3709 3780 doctrinas

2044 3810 2324 3869 ﬂuctibus
2375 3810 2729 3881 navigium;
2781 3817 3136 3883 exspectans
3189 3810 3705 3884 tranquillitatem,

2041 3918 2230 3975 quam
2250 3900 2427 3958 faciet
2465 3900 2778 3968 Dominus,
2808 3899 2988 3956 simul
3020 3905 3084 3957 ut
3110 3917 3232 3957 vox
3262 3900 3509 3957 inventa
3530 3900 3711 3960 fuerit

2042 3991 2248 4061 digna,
2283 4006 2418 4062 qua:
2472 3989 2681 4062 ipsum
2730 3989 2946 4046 excitet
2988 3994 3055 4046 ut
3096 3994 3306 4046 ventos
3339 3994 3396 4046 et
3421 4006 3590 4047 mare
3613 3990 3706 4048 in-

2042 4084 2264 4154 crepet.
2303 4079 2475 4147 Quod
2506 4079 2555 4135 si
2586 4094 2698 4136 nos
2723 4079 2852 4151 jam
2881 4078 3069 4151 longa
3105 4078 3460 4151 aegritudine
3489 4096 3706 4155 prope-

2039 4175 2241 4228 rantes
2270 4169 2347 4226 ad
2378 4169 2793 4226 necessarium
2817 4169 3042 4227 exitum
3092 4169 3349 4227 invisere
3370 4169 3560 4243 cupis,
3592 4163 3721 4227 nec.

2040 4266 2280 4336 tempus
2327 4277 2439 4318 nec
2487 4277 2524 4318 a
2568 4260 2744 4318 nobis
2795 4261 3039 4333 signum
3088 4265 3441 4336 exspectes:
3474 4262 3703 4334 quippe

2043 4368 2187 4410 cum
2236 4352 2395 4409 scias
2450 4352 2686 4408 nullum
2735 4356 2978 4424 tempus
3033 4351 3301 4425 paternis
3366 4350 3700 4407 visceribus

2040 4441 2439 4501 commodum
2467 4458 2592 4499 non
2622 4457 2751 4498 esse
2781 4441 2861 4498 ad
2908 4440 3109 4497 dilecti
3138 4440 3243 4497 ﬁlii
3290 4439 3698 4513 complexum,

336 4534 612 4601 πατρικοῖς
687 4524 1017 4599 σπλάγχνοις
1076 4530 1225 4577 πᾶσα
1290 4523 1531 4599 εὐκαιρία
1603 4523 1717 4578 ἐστὶ
1791 4545 1933 4601 περι-

2055 4551 2111 4591 1c
2179 4548 2458 4590 sermone
2527 4533 2695 4589 omni
2743 4531 3224 4605 praestantiorem
3288 4547 3421 4587 esse
3482 4531 3701 4587 mentis

334 4618 669 4671 πτύσσεσθαι
730 4620 903 4670 τέκνον
980 4613 1270 4689 ἀγαπητόν²
1347 4619 1439 4668 καὶ
1510 4614 1666 4688 λόγου
1741 4619 1931 4680 παντὸς

332 4710 580 4783 κρείττων
619 4708 650 4766 ἡ
692 4708 829 4760 κατὰ
882 4704 1069 4779 ψυχὴν
1127 4701 1383 4766 διάθεσις.
1443 4705 1606 4779 Βάρος
1660 4700 1721 4757 δὲ
1771 4704 1931 4782 ὕπερ-

333 4798 509 4852 ϐαῖνον
546 4802 641 4859 τὴν
681 4793 905 4873 δύναμιν
943 4801 1013 4872 μὴ
1052 4793 1272 4875 ὀδύρου.
1312 4796 1372 4851 Εἰ
1408 4798 1498 4870 μὲν
1540 4798 1641 4872 γὰρ
1684 4796 1835 4858 αὐτὸς
1876 4792 1933 4859 ἧς

331 4890 357 4941 ό
388 4888 582 4963 μέλλων
614 4892 778 4963 φέρειν
807 4890 865 4942 τὸ
894 4886 1188 4961 βάσταγμα
1222 4894 1397 4957 τοῦτο,
1430 4882 1554 4941 ούὸε
1584 4887 1747 4951 οὕτως
1776 4886 1838 4939 ἂν
1872 4884 1932 4946 ἦν

405 5087 453 5125 ⁸³
482 5086 637 5146 Psal.
665 5099 942 5156 cxxxvm,
975 5090 1033 5146 7.
1107 5085 1156 5123 ⁸³
1187 5082 1209 5142 Ι
1239 5089 1380 5159 Reg.
1414 5101 1487 5152 ιι,
1512 5087 1565 5145 3.

405 5284 904 5360 (ς46)ί-Ἀμφιλοχίῳ,
934 5288 1048 5360 ete.
1086 5284 1259 5360 Hunc
1286 5283 1937 5360 titulumeruimus‘ex

329 5355 647 5430 codicibus
660 5355 1095 5430 'Coi'sL'primo,
1118 5355 1291 5426 Med.,
1323 5355 1462 5430 Vat.
1498 5359 1555 5414 et
1581 5371 1706 5413 uno
1735 5372 1808 5412 ex
1828 5357 1935 5411 Re-

331 5429 469 5503 giis.
492 5428 643 5503 Editi
673 5428 901 5503 habent
925 5433 1160 5503 tantum
1183 5436 1253 5499 τῷ
1274 5428 1435 5503 αὐτῇ.

409 5501 526 5574 (17)
551 5496 722 5555 Ὀνοι.
736 5503 822 5557 Ita
847 5500 1020 5574 Cois].
1043 5496 1281 5574 primus
1296 5503 1355 5574 et
1373 5496 1522 5574 Med.
1536 5515 1673 5574 cum
1696 5498 1937 5574 duobus

331 5570 534 5645 Regiis
555 5576 612 5630 et
635 5576 894 5645 utroque
916 5570 1112 5645 Bigdt.
1135 5570 1301 5645 Editi
1323 5570 1523 5645 ἐχθροί,
1548 5572 1780 5628 mimici
1803 5585 1940 5641 per-

333 5641 504 5702 emit.
519 5646 651 5703 Non
662 5641 856 5702 exstat
872 5641 1003 5701 hmo
1022 5642 1272 5717 epistola
1286 5641 1354 5699 in
1371 5641 1575 5701 addice
1599 5645 1936 5700 Harlmano.

2041 4621 2444 4679 affectionem.
2472 4620 2601 4677 Noli
2630 4637 2786 4677 onus
2826 4619 3056 4676 viribus
3102 4618 3312 4674 fortius
3349 4618 3690 4676 lamentari.

2039 4711 2096 4767 Si
2121 4710 2282 4767 enim
2309 4711 2439 4784 ipse
2459 4710 2574 4767 hoc.
2601 4725 2729 4767 esse
2752 4708 2950 4765 oneris
2970 4712 3339 4780 portaturus,
3360 4723 3436 4763 ne
3456 4707 3541 4763 sic
3569 4707 3701 4780 qui-

2040 4800 2180 4856 dem
2212 4815 2394 4871 grave
2425 4799 2592 4871 foret,
2628 4799 2733 4855 sed
2763 4814 3012 4871 prorsus
3037 4796 3428 4853 intolerabile.
3460 4797 3514 4853 Si
3556 4813 3698 4854 vero

2040 4890 2331 4947 Dominus
2361 4894 2556 4947 tecum
2589 4892 2807 4961 portat,
2836 4889 3017 4945 Jacta
3054 4902 3231 4957 super
3256 4888 3573 4945 Dominum
3601 4904 3701 4945 cu-

2115 5282 2230 5365 (48)
2259 5280 2416 5365 ᾯρᾷν
2446 5281 2606 5355 ἡμᾶς.
2636 5283 2720 5338 tta
2738 5280 3010 5355 plerique
3038 5297 3184 5340 mss.
3210 5281 3360 5339 Editi
3391 5283 3513 5355 ὁρᾷν
3538 5283 3696 5355 ὑμᾶς,

2043 5359 2110 5409 ut
2139 5360 2193 5410 te
2224 5359 2478 5411 videam.

2043 5495 2052 5498 Δ
2114 5426 2227 5498 (19)
2287 5425 2639 5498 Διαφύλασσε.
2693 5429 2778 5482 lta
2833 5441 2982 5482 mss.
3025 5441 3267 5484 novem.
3317 5423 3467 5480 Editi
3514 5421 3701 5497 διαφύ-

2042 5495 2667 5701 λαῖἔλίξΗἚπειγὲιένους.
2706 5570 2879 5654 Cois].
2912 5572 3144 5644 primus
3170 5570 3529 5640 ἐπαγομένους.

2260 5657 2326 5701 as
2357 5642 2441 5699 CC
2490 5643 2667 5699 XCIII.
2699 5644 2930 5701 Scripta
2951 5659 3113 5701 anno
3140 5642 3266 5698 374.

2168 5640 2326 5701 Alias
2357 5640 2667 5701 CCCXCllI.
2699 5640 2931 5716 Scripta
2951 5659 3113 5701 anno
3140 5642 3266 5698 374.
