4152 6412
458 303 558 360 631

1855 295 1912 361 S.
1955 301 2208 363 BASILII
2244 301 2467 368 MAGNI

3750 325 3854 383 632

456 439 592 483 ram
624 429 790 483 tuam
819 429 874 482 et
901 426 1029 497 ipse
1054 427 1320 499 faciet“.
1346 429 1483 488 Sine
1503 433 1562 487 te
1589 429 1706 486 hoc
1732 445 1924 486 unum
1955 445 2119 486 com-

2247 431 2398 510 ϐαρὺ,
2432 435 2559 490 ἀλλὰ
2588 440 2810 512 φορητὸν
2833 438 3222 512 (21)παντελῶς
3247 459 3258 472 ’
3290 442 3333 495 εἰ
3364 439 3422 498 δὲ
3446 447 3648 520 Κύριος
3677 450 3704 501 ὁ
3732 470 3852 502 συν-

457 530 765 583 moneam,
815 520 881 573 ut
909 516 971 572 in
1001 517 1289 574 omnibus
1341 535 1582 589 caveas,
1624 535 1700 576 ne
1747 519 1877 592 ipse
1919 519 2126 592 pravis

456 605 736 662 moribus
768 621 891 663 una
941 623 1082 663 cum
1131 608 1262 664 aliis
1297 608 1618 682 abripiere,
1652 609 1759 665 sed
1798 607 1961 665 mala
1990 625 2127 682 quae

459 693 630 767 prius
657 694 1071 764 obtinuerunt,
1104 711 1212 768 per
1255 696 1465 754 datam
1515 714 1552 754 a
1599 701 1717 754 Deo
1749 697 1857 752 tibi
1889 698 2129 770 sapien-

458 784 607 840 tiam
637 783 700 839 in
737 784 955 840 melius
985 786 1334 844 transferas.
1367 788 1515 844 Misit
1559 788 1721 844 enim
1753 791 1808 844 te
1839 788 2127 856 Christus,

461 889 588 930 non
619 878 684 930 ut
718 874 868 931 alios
895 891 1169 949 sequare,
1210 876 1318 933 sed
1348 881 1413 934 ut
1450 877 1582 951 ipse
1613 893 1844 950 praseas
1889 877 1983 933 his
2025 876 2132 951 qui

470 963 813 1020 salvantur.
855 963 1010 1030 Quin
1041 965 1244 1036 etiam,
1271 981 1440 1039 rogo,
1472 983 1582 1040 pro
1627 983 1726 1024 me
1749 968 2036 1041 preceris,
2065 972 2133 1024 ut

471 1049 522 1108 si
549 1051 748 1110 adhuc
769 1052 831 1108 in
859 1053 974 1111 hac
1003 1054 1130 1111 vita
1170 1070 1479 1126 remaneo,
1513 1056 1738 1128 dignus
1768 1057 2000 1114 habear
2022 1061 2125 1130 qui

462 1143 517 1198 te
558 1157 682 1198 una
721 1157 860 1198 cum
913 1146 1019 1199 tua
1063 1143 1329 1200 Ecclesia
1359 1144 1636 1214 videam;
1671 1145 1760 1201 sin
1798 1145 1940 1202 hinc
1992 1146 2123 1217 jam

465 1229 632 1288 abire
653 1232 893 1304 jubeor,
921 1232 1041 1289 illic
1069 1249 1180 1291 vos
1225 1235 1542 1292 videamus
1584 1235 1754 1308 apud
1783 1236 2128 1307 Dominum,

458 1318 627 1377 illam
683 1320 956 1396 quidem,
1016 1325 1314 1396 tanquam
1367 1324 1566 1393 vitem,
1610 1325 1790 1382 bonis
1847 1326 2133 1398 operibus

463 1408 856 1480 afﬂuentem;
890 1415 945 1468 te
988 1428 1147 1484 vero,
1183 1417 1479 1487 tanquam
1524 1414 1859 1489 sapientem
1905 1415 2136 1488 agrico-

460 1494 587 1556 lam
630 1503 689 1556 et
727 1499 964 1558 bonum
1013 1517 1254 1558 servum
1291 1502 1584 1561 demenso
1634 1505 1941 1561 conservis
1990 1508 2135 1560 tem-

463 1587 698 1662 pestive
753 1587 1195 1658 distribuendo,
1236 1591 1578 1649 mercedem
1623 1592 1822 1649 ﬁdelis
1872 1593 2133 1665 pruden-

464 1676 664 1750 tisque
677 1675 1110 1751 dispensatoris
1125 1684 1556 1752 reportantem.
1578 1684 2133 1756 Quotquotmecum

2239 521 2515 599 διαφέρων,
2537 528 2843 603 Ἐπίρριψον
2876 527 2958 582 ἐπὶ
2987 532 3173 604 Κύριον
3195 536 3288 591 τήν
3313 537 3568 607 μέριμνάν
3602 558 3720 608 σου,
3757 544 3851 593 καὶ

2240 614 2396 677 αὐτὸς
2449 623 2683 676 ποιήσει,
2716 624 2882 671 Μόνον
2931 618 3089 673 ἐκεῖνο
3143 623 3577 696 παραφυλάσσειν
3630 625 3682 680 ἐν
3713 635 3852 683 πᾶσι

2237 705 2626 779 παρακλήθητι,
2658 712 2729 781 μὴ
2764 708 2915 770 αὐτὸς
2944 715 3048 771 τοῖς
3076 713 3376 788 μοχθηροῖς
3402 717 3543 768 ἔθεσι
3579 737 3850 792 συμπερι-

2241 797 2503 869 φέρεσθαι,
2538 794 2667 850 am
2695 801 2761 850 τὰ
2786 805 2955 860 κακῶς
2985 801 3372 875 προειλημμένα
3429 800 3523 857 διὰ
3561 815 3659 869 τῆς
3692 805 3853 862 δεδο-

2241 888 2397 958 μένης
2429 905 2514 940 σοι
2550 890 2693 962 παρὰ
2723 895 2856 942 Θεοῦ
2887 895 3071 962 σοφίας
3099 895 3427 964 μετατιθέναι
3451 899 3584 970 πρὸς
3614 901 3675 950 τὸ
3707 904 3853 972 χρή·

2245 994 2418 1048 σιμον.
2441 981 2536 1030 Καὶ
2558 981 2656 1051 γὰρ
2687 977 2954 1034 ἀπέστειλέ
2980 999 3038 1032 σε
3068 985 3298 1055 Χριστὸς
3326 983 3432 1056 οὐχ
3463 985 3661 1060 ἑτέροις
3690 1008 3854 1042 κατα-

2242 1065 2523 1138 κολουθεῖν,
2550 1067 2660 1120 ἀλλ’
2690 1068 2846 1121 αύτὸν
2867 1071 3221 1142 καθηγεῖσθαι
3250 1079 3351 1126 τῶν
3384 1075 3719 1148 σωζομένων.
3748 1081 3852 1130 Καὶ

2242 1156 2639 1230 παρακαλοῦμεν
2678 1161 3078 1233 προσεύχεσθαι
3107 1162 3234 1237 ὑπὲρ
3283 1164 3453 1235 ἡμῶν,
3505 1166 3610 1235 ἵνα,
3642 1165 3732 1218 ἐὰν
3765 1169 3856 1240 μεν

2243 1249 2321 1300 ἔτι
2351 1243 2483 1319 ὦμεν
2515 1245 2599 1300 ἐπὶ
2627 1257 2715 1308 τῆς
2749 1248 2889 1310 ζωῆς
2917 1252 3136 1315 ταύτης,
3166 1248 3299 1304 ἰδεῖν
3331 1272 3390 1305 σε
3418 1272 3550 1326 μετα
3595 1263 3698 1317 τῆς
3733 1255 3857 1309 Ἐκ-

2243 1335 2468 1398 κλησίας
2495 1337 2894 1410 καταξιωθῶμεν
2920 1358 2932 1372 ·
2958 1337 3044 1391 ἐὰν
3073 1336 3132 1393 δὲ
3162 1339 3395 1395 ἀπελθεῖν
3414 1341 3593 1397 λοιπὸν
3615 1363 3859 1418 προστα-

2242 1426 2476 1498 χθῶμεν,
2510 1424 2614 1478 ἐκεῖ
2636 1427 2772 1499 ὑμᾶς
2796 1424 2990 1500 ἴδωμεν
3016 1432 3160 1504 παρὰ
3178 1439 3251 1502 τῷ
3281 1435 3477 1507 Κυρίῳ,
3518 1437 3617 1492 τὴν
3790 1435 3857 1497 ὡς

2243 1512 2468 1588 ἄμπελον
2500 1515 2818 1574 εύθηνοῦσαν
2847 1516 2922 1570 ἐπ’
2963 1516 3182 1590 ἀγαθοῖς
3212 1522 3385 1594 ἔργοις
3419 1541 3432 1555 ο
3459 1524 3518 1575 σε
3546 1519 3632 1591 δὲ,
3667 1525 3736 1584 ὡς
3769 1543 3862 1577 σο-

2244 1607 2336 1678 φὸν
2365 1608 2594 1678 γεωργὸν
2625 1611 2715 1659 καὶ
2745 1604 2938 1677 ἀγάθὸν
2971 1603 3155 1661 δοῦλον
3199 1607 3247 1662 ἓν
3289 1617 3458 1686 καιρῷ
3489 1607 3724 1665 διδόντα
3750 1619 3860 1676 τοῖς

2244 1690 2551 1768 ὁμοδούλοις
2580 1697 2638 1748 τὸ
2673 1700 3020 1771 σιτομέτριον,
3045 1705 3239 1751 πιστοῦ
3260 1704 3350 1753 καὶ
3371 1705 3629 1774 φρονίμου
3661 1702 3862 1756 οἰκονό-

467 1771 627 1862 sunt,
654 1767 940 1842 pietatem
973 1773 1139 1826 tuam
1173 1770 1459 1829 salutant.
1481 1773 1696 1828 Valens
1725 1773 2021 1845 laetusque
2053 1773 2132 1828 sis

2247 1802 2342 1856 μου
2373 1787 2460 1837 τὸν
2492 1786 2684 1857 μισθὸν
2714 1789 3076 1859 κομιζόμενον.
3103 1789 3168 1841 Oi
3201 1791 3295 1840 σὺν
3321 1790 3448 1862 ἡμῖν
3469 1793 3662 1852 πάντες
3692 1790 3864 1845 ἀσπά-

463 1852 526 1914 in
553 1858 808 1915 Domino
843 1875 856 1914 :
889 1857 1090 1916 clarus
1134 1859 1196 1916 in
1227 1859 1403 1918 donis
1435 1860 1690 1935 Spiritus
1722 1866 1779 1919 et
1821 1861 2131 1932 sapientiai

464 1946 845 2006 custodiaris.

887 2171 1063 2246 253
1106 2174 1444 2231 EPISTOLA
1481 2173 1709 2230 CLXII".

2242 1874 2422 1935 ζονταί
2451 1892 2545 1926 σου
2575 1879 2668 1934 τὴν
2699 1874 2986 1932 εὐλάϐειαν.
3022 1875 3331 1953 Ἐρρωμένος
3384 1884 3475 1932 καὶ
3526 1883 3765 1955 εὔθυμος
3813 1885 3862 1935 ἐκ

2243 1966 2418 2036 Κυρίῳ
2445 1966 2556 2026 εἴης
2581 1984 2593 1996 ·
2624 1961 2917 2037 εὐδοκιμῶν
2947 1964 3033 2019 ἐπὶ
3057 1970 3367 2041 χαρίσμασι
3398 1970 3716 2042 Πνεύμοιτος
3769 1976 3860 2024 καὶ

2243 2056 2433 2126 σοφίας
2457 2051 2804 2126 φυλαχθείης.

2769 2175 3108 2225 ΕΠΙΣΤΟΛΗ
3147 2172 3297 2227 ΡΞΒ’.

464 2295 531 2355 Ν
535 2313 610 2375 o_n_
643 2294 921 2375 desperat
948 2298 1296 2375 Basiliusse
1318 2299 1596 2375 precibus
1622 2300 1871 2375 Eusebii
1895 2302 2382 2375 impetraturum,
2417 2301 2483 2352 ut
2506 2293 2602 2375 ad
2618 2297 3018 2375 eamAveniat,
3051 2303 3106 2375 et
3136 2299 3342 2375 morbo
3369 2306 3649 2375 sanetur,
3677 2319 3792 2375 quo
3822 2318 3858 2360 a

543 2371 640 2427 die
665 2370 908 2445 Pascha?
939 2386 1128 2445 usque
1153 2372 1234 2445 ad
1261 2371 1423 2428 hunc
1455 2373 1612 2428 diem
1644 2373 1903 2445 laborat,
1957 2377 2079 2428 tam
2129 2371 2300 2427 vario
2348 2375 2403 2426 et
2449 2369 2884 2445 mu_l_t_ipl_icz’_ut
2923 2370 3186 2445 exprimi
3229 2386 3350 2427 non
3384 2374 3595 2442 possit.
3643 2369 3858 2445 Sperat

537 2448 741 2499 tamen
765 2440 1130 2500 Baracham
1169 2444 1429 2513 fratrem
1461 2445 1608 2501 satis
1627 2445 1825 2501 multa
1854 2444 2184 2512 dicturum,
2207 2448 2275 2498 ut
2305 2454 2491 2498 causa
2519 2440 2830 2496 dilationis
2855 2441 3164 2511 probetur.

756 2566 1035 2624 Eusebio.
1070 2567 1342 2638 episcopo
1372 2569 1846 2626 Samosatorum.

536 2673 781 2731 Videtur
818 2690 915 2731 me
945 2690 1042 2731 res
1072 2675 1288 2733 eadem
1321 2679 1379 2733 et
1402 2675 1645 2732 tardum
1673 2675 1870 2734 facere
1893 2675 1974 2733 ad
1993 2673 2138 2732 scri-

465 2763 765 2836 bendum,
800 2769 856 2822 et
884 2781 1091 2821 rursus
1123 2765 1423 2822 scribendi
1453 2766 1877 2823 necessitatem
1900 2765 2137 2832 afferre,

471 2854 628 2912 Cum
685 2856 848 2912 enim
900 2855 978 2912 ad
1029 2855 1254 2913 itineris
1296 2856 1416 2914 mei
1444 2857 1700 2930 respicio
1747 2856 2040 2929 debitum,
2085 2858 2142 2912 et

465 2961 828 3015 congressus
876 2945 1359 3003 emolumentum
1403 2947 1743 3019 considero,
1777 2947 1958 3020 plane
1987 2945 2140 3002 mihi

465 3035 750 3108 epistolas
797 3041 1185 3093 contemnere
1236 3036 1418 3104 subit,
1471 3041 1538 3094 ut
1587 3053 1725 3110 qua;
1771 3052 1848 3093 ne
1901 3035 2137 3093 umbras

2576 2563 2832 2636 Εὐσεϐίῳ,
2875 2563 3143 2640 ἐπισκόπῳ
3185 2567 3526 2640 Σαμοσάτων.

2325 2671 2498 2727 Ἐοικί
2543 2691 2634 2745 μοι
2663 2679 2816 2724 τοῦτο
2853 2676 2943 2726 καὶ
2995 2675 3139 2726 ὄκνον
3194 2672 3422 2745 ἐμποιεῖν
3471 2677 3603 2748 πρὸς
3639 2678 3699 2730 τὸ
3733 2677 3859 2749 γρά-

2254 2781 2385 2835 φειν,
2426 2765 2517 2813 καὶ
2559 2760 2840 2832 ἀναγκαῖον
2887 2760 3012 2814 αύτό
3054 2761 3206 2814 πάλιν
3256 2761 3658 2824 ὑποδεικνύναι,
3702 2765 3859 2818 Ὀταν

2251 2854 2342 2924 μὲν
2380 2853 2479 2924 γὰρ
2519 2853 2650 2925 πρὸς
2704 2853 2763 2902 τὸ
2827 2858 2920 2912 τῆς
2986 2847 3272 2923 ἐπιδημίας
3327 2861 3423 2914 τῆς
3483 2853 3718 2925 ἐμαυτοῦ
3758 2853 3861 2907 ἁπ-

2253 2938 2353 2997 ίδω
2379 2941 2493 3013 (22)
2516 2945 2698 3014 χρέος,
2730 2945 2821 2994 καὶ
2867 2943 2922 2993 τὸ
2971 2949 3065 3003 τῆς
3120 2946 3412 3014 συντυχίας
3455 2943 3861 3017 ύπολογίσωμαι

2251 3029 2443 3104 ὄφελος,
2487 3033 2622 3084 πάνυ
2663 3034 2755 3103 μοὶ
2812 3039 2912 3082 τῶν
2965 3027 3247 3082 ἐπιστολῶν
3311 3033 3567 3107 ύπερορᾷν
3643 3037 3860 3097 ἔπεισιν,

465 3123 714 3197 quidem
742 3126 1042 3182 rationem
1073 3125 1310 3198 explere
1341 3125 1596 3199 possint,
1631 3126 1683 3182 si
1715 3141 1855 3182 cum
1885 3124 2137 3191 veritate

2249 3121 2318 3181 ὡς
2345 3115 2469 3171 οὐδὲ
2516 3125 2667 3181 σκιᾶς
2707 3119 2857 3189 λόγον
2900 3117 3186 3193 ἐκπληροῦν
3237 3114 3534 3192 δυναμένων
3585 3127 3723 3197 πρὸς
3771 3125 3860 3180 τὴν

466 3219 919 3287 comparentur.
952 3218 1178 3271 Rursus
1210 3219 1413 3271 autem
1463 3231 1602 3271 cum
1649 3215 1847 3286 cogito
1874 3214 1989 3270 hoc
2010 3213 2140 3270 uni-

467 3320 605 3360 cum
637 3304 917 3362 solatium
967 3305 1251 3362 maximis
1295 3309 1352 3362 et
1395 3304 1717 3379 praecipuis
1761 3304 1998 3378 privato
2041 3320 2137 3360 su-

471 3408 738 3466 peresse,
778 3398 843 3450 ut
879 3393 1080 3450 virum
1124 3398 1360 3451 tantum
1407 3393 1685 3462 salutem,
1729 3397 1786 3451 et
1829 3409 1940 3467 pro
1971 3408 2141 3450 more

470 3482 648 3538 solito
667 3496 901 3553 rogem,
925 3487 992 3540 ut
1024 3499 1100 3540 ne
1146 3483 1264 3540 mei
1311 3483 1700 3540 obliviscatur
1729 3481 1790 3539 in
1814 3483 2138 3556 precibus:

471 3570 635 3628 subit
674 3570 824 3628 mihi
844 3571 1071 3628 litteras
1102 3589 1229 3629 non
1259 3573 1430 3646 parvi
1453 3573 1669 3630 facere.
1700 3577 1782 3629 Ac
1804 3589 1974 3646 spem
2013 3571 2142 3646 qui-

470 3661 610 3718 dem
637 3659 935 3719 adventus
985 3678 1096 3719 nec
1126 3662 1256 3736 ipse
1283 3664 1573 3737 projicere
1605 3663 1811 3720 animo
1835 3664 1996 3731 volo,
2029 3678 2141 3719 nec

469 3755 640 3808 tuam
661 3751 946 3825 pietatem
974 3751 1321 3826 desperare.
1368 3751 1557 3809 Pudet
1594 3752 1757 3809 enim
1794 3769 1912 3820 me,
1937 3751 1987 3808 si
2018 3766 2142 3809 non

469 3841 753 3916 precibus
785 3842 901 3899 tuis
924 3847 1164 3900 tantum
1192 3842 1402 3901 videar
1422 3843 1748 3913 confidere,
1770 3847 1837 3900 ut
1859 3841 1952 3899 vel
1969 3843 2140 3915 juve-

469 3931 565 3987 nis
593 3946 667 3987 ex
701 3946 843 3988 sene
868 3931 1036 4001 ﬁam,
1068 3933 1118 3988 si
1154 3932 1272 3989 hoc
1320 3933 1728 3990 necessarium
1760 3931 1852 3997 sit,
1895 3946 2018 3988 non
2045 3947 2143 3988 so-

471 4019 602 4076 lum
641 4019 828 4092 paulo
865 4020 1182 4091 valentior,
1235 4037 1310 4078 ex
1343 4021 1584 4078 inﬁrmo
1614 4026 1672 4078 et
1715 4037 1968 4095 prorsus
1999 4024 2145 4077 atte-

471 4112 683 4179 nuato,
705 4108 906 4182 qualis
933 4125 1079 4167 sane
1117 4126 1280 4167 nunc
1316 4127 1475 4167 sum.
1501 4112 1617 4167 Cur
1640 4114 1844 4167 autem
1859 4111 1992 4183 jam
2017 4126 2143 4167 non

473 4197 696 4268 adsim,
729 4213 947 4256 causas
970 4198 1169 4256 verbis
1201 4199 1400 4256 dicere
1427 4199 1596 4256 haud
1621 4199 1768 4255 mihi
1804 4198 1998 4266 facile,
2018 4214 2141 4255 non

475 4287 674 4346 solum
721 4288 1002 4362 praesenti
1055 4288 1404 4346 inﬁrmitate
1452 4287 1766 4362 impedito,
1822 4288 1929 4344 sed
1960 4288 2143 4345 etiam

473 4394 795 4452 nunquam
843 4377 1093 4436 habenti
1122 4383 1355 4436 tantam
1395 4377 1638 4436 dicendi
1676 4377 2045 4448 facultatem,
2077 4382 2144 4436 ut

2250 3207 2492 3266 ἀλήθειαν
2526 3230 2538 3242 ο
2567 3208 2688 3260 ὃταν
2731 3205 2788 3260 δε
2825 3207 2979 3260 πάλιν
3022 3206 3341 3280 λογίσωμαι,
3389 3211 3470 3262 ὅτι
3518 3215 3657 3282 μόνη
3699 3230 3861 3284 παρα-

2247 3299 2414 3370 μυθία
2462 3295 2576 3349 ἐστὶ
2624 3305 2723 3349 τῶν
2772 3301 3032 3370 μεγίστων
3081 3301 3170 3350 καὶ
3218 3303 3437 3372 πρώτων
3491 3295 3857 3376 διαμαρτόντα

2247 3392 2548 3460 προσειπεῖν
2622 3383 2792 3460 ἄνδρα
2862 3391 3145 3450 τοσοῦτον,
3223 3391 3313 3439 καὶ
3389 3389 3664 3442 ἱκετεῦσαι
3743 3409 3860 3442 συν-

2247 3479 2384 3540 ήθως
2429 3479 2560 3550 (23),
2613 3479 2747 3531 ὥστε
2796 3481 2867 3551 μὴ
2940 3475 3372 3531 ἐπιλανθάνεσθαι
3418 3480 3565 3552 ἡμῶν
3621 3478 3712 3534 ἐπὶ
3764 3487 3859 3534 τῶν

2247 3575 2584 3643 προσευχῶν,
2617 3567 2675 3620 οὗ
2723 3571 2909 3642 μικρὸν
2955 3571 3009 3619 τί
3038 3585 3127 3640 μοι
3179 3571 3371 3641 κρίνειν
3411 3569 3468 3620 τὸ
3519 3576 3622 3620 τῶν
3659 3567 3861 3622 ἐπιστο-

2248 3657 2348 3710 λῶν
2397 3660 2586 3713 ἕπεισι.
2628 3661 2733 3716 Τὴν
2782 3659 2872 3730 μὲν
2925 3653 3014 3708 οὖν
3064 3653 3252 3708 ἐλπίδα
3280 3665 3371 3718 τῆς
3413 3663 3718 3734 παρουσίας
3747 3659 3859 3710 οὔτε

2251 3747 2404 3809 αὐτὸς
2428 3746 2585 3824 ῥίψαι
2609 3755 2703 3809 τῆς
2739 3746 2915 3819 ψυχῆς
2965 3745 3244 3820 βούλομαι,
3294 3751 3412 3800 οὔτε
3459 3751 3553 3806 τὴν
3600 3753 3703 3807 σὴν
3751 3749 3853 3801 θεο-

2255 3836 2455 3891 σέϐειαν
2482 3835 2800 3909 ἀπογνῶναι.
2828 3835 3185 3909 Αἰσχύνομαι,
3213 3838 3314 3911 γὰρ
3366 3836 3411 3889 εἰ
3451 3842 3522 3910 μὴ
3570 3845 3692 3900 ταῖς
3737 3841 3852 3897 σαῖς

2253 3927 2440 4000 εὐχαῖς
2491 3933 2740 3979 τοσοῦτον
2795 3930 3002 3998 φανείην
3059 3927 3287 4000 θαρσῶν,
3337 3928 3402 3987 ὡς
3448 3930 3538 3980 καὶ
3591 3931 3701 3988 νέος
3747 3927 3856 3998 (24)

2253 4015 2308 4069 ἐκ
2352 4020 2588 4092 γέροντος
2639 4016 2873 4086 ἔσεσθαι,
2933 4013 2976 4067 εἰ
3024 4016 3211 4067 τούτου
3262 4018 3463 4088 γένοιτο
3511 4020 3696 4089 χρεία,
3756 4013 3858 4084 ούχ

2252 4107 2392 4169 ὅπως
2452 4104 2882 4181 ἐρρωμενέστερος
2935 4105 3121 4178 μικρὸν
3189 4102 3244 4167 ἐξ
3309 4102 3561 4168 ἀσθενοῦς
3629 4109 3720 4158 καὶ
3779 4100 3858 4164 ἐξ·

2255 4195 2432 4254 ιτήλου
2480 4196 2833 4262 παντάπασιν,
2882 4195 3058 4254 ὁποῖος
3107 4189 3174 4252 δὴ
3224 4200 3313 4246 νῦν
3366 4194 3492 4268 εἰμι.
3548 4201 3652 4248 Τοῦ
3693 4190 3751 4246 δὲ
3780 4193 3851 4264 μὴ

2253 4282 2360 4346 ἤδη
2394 4292 2633 4358 παρεῖναι
2675 4286 2740 4337 τὰ
2771 4287 2917 4337 αἴτια
2941 4283 3079 4356 λόγῳ
3110 4285 3200 4356 μὲν
3250 4283 3406 4337 εἰπεῖν
3455 4284 3515 4337 ού
3555 4280 3763 4359 ιον,
3794 4277 3851 4331 οῦ

2253 4377 2530 4450 μόνονὺπό
2561 4383 2656 4436 τῆς
2706 4376 2980 4449 παρούσης
3021 4372 3287 4436 ἀσθενείας
3338 4371 3690 4446 ἒξειργομένῳ,
3746 4364 3852 4421 ἀλλ’

475 4467 871 4542 multiplicem
905 4485 977 4526 ac
1011 4468 1245 4526 varium
1276 4468 1564 4525 morbum
1595 4467 1913 4541 perspicue
1944 4469 2137 4541 expri-

2253 4462 2378 4520 οὐδὲ
2405 4469 2594 4538 σχόντι
2622 4466 2747 4517 ποτε
2789 4466 3050 4522 τοσαύτην
3089 4470 3182 4515 τοῦ
3229 4461 3385 4536 λόγου
3427 4459 3674 4536 δύναμιν,
3723 4459 3858 4512 ὥστε

475 4573 667 4616 mam.
690 4560 984 4616 Caeterum
1016 4574 1052 4615 a
1083 4558 1178 4616 die
1209 4558 1451 4615 Pascha
1473 4573 1666 4630 usque
1694 4556 1773 4613 ad
1793 4556 1958 4613 hunc
1979 4557 2142 4615 diem

477 4646 696 4717 febres,
727 4647 954 4705 ventris
995 4648 1412 4715 resolutiones,
1459 4651 1517 4704 et
1547 4648 1848 4703 viscerum
1879 4663 2145 4705 commo-

478 4737 690 4803 tiones,
743 4738 898 4796 sicut
944 4737 1164 4797 ﬂuctus
1199 4754 1299 4797 me
1348 4737 1802 4810 immergentes,
1833 4752 2143 4810 emergere

552 4900 601 4937 ιι
637 4898 798 4958 Psal.
827 4916 944 4967 Liv,
973 4903 1067 4960 23.

553 5061 575 5134 έ
613 5058 775 5134 Alias
793 5061 1075 5134 CCLVIII.
1111 5062 1342 5134 Scripta
1372 5079 1535 5120 anno
1562 5065 1688 5120 374.

556 5133 670 5208 (2-1)
700 5131 868 5208 Ἀλλα-
903 5139 1142 5206 φορητόν.
1197 5131 1542 5208 Legendum
1595 5133 1872 5208 ἀφόρητον,
1902 5137 1980 5208 11ῑῄ
2011 5150 2143 5208 sen-

479 5205 729 5260 tentiam
770 5203 1107 5259 habeamus
1159 5206 1370 5261 Basilio
1421 5203 1703 5274 dignam;
1728 5209 1858 5262 Non
1889 5206 2051 5261 enim
2088 5207 2138 5261 is

479 5274 735 5355 eratqui
766 5274 1112 5355 episcopale
1140 5292 1296 5334 onus
1342 5277 1470 5333 sine
1511 5278 1744 5334 Christo
1773 5293 2022 5350 prorsus
2053 5282 2138 5334 to-

481 5345 730 5404 lerabile
758 5345 1001 5402 diceret:

551 5419 664 5499 (22)
695 5414 1059 5499 'awrtri‘oi.ASi_c
1097 5433 1242 5474 mss.
1291 5421 1542 5499 septem.
1590 5420 1743 5478 Editi
1781 5416 1966 5475 ἐπίδω.
2009 5423 2142 5478 Mox

481 5487 623 5562 editi
651 5492 783 5542 πάνυ
805 5509 889 5562 με.
924 5491 1068 5562 Octo
1098 5506 1245 5544 mss.
1276 5487 1412 5541 πάνυ
1440 5509 1550 5562 μοι.

520 5559 948 5684 κ(23)ξυνήθως.
982 5561 1074 5617 Sic
1113 5565 1230 5616 tres
1274 5559 1663 5619 vetustissimi
1695 5563 1950 5621 codices.
1985 5563 2142 5621 Editi

520 5646 544 5676 κ
571 5647 694 5684 συνη
739 5651 792 5684 Ὠ.

477 5641 544 5677 τα
571 5641 792 5689 συνήθη,

2252 4551 2592 4614 παντοδαπὴν
2658 4555 2776 4624 (25)
2838 4558 2928 4606 καὶ
2990 4552 3232 4612 ποικίλην
3305 4557 3459 4606 νόσον
3528 4549 3850 4625 ἐξαγγεῖλαι.

2253 4644 2394 4704 Πλὴν
2425 4645 2504 4697 ὅτι
2536 4641 2636 4696 ἀπὸ
2667 4651 2762 4705 τῆς
2791 4643 2985 4716 ἡμέρας
3032 4649 3125 4695 τοῦ
3160 4644 3362 4714 Πάσχα
3389 4644 3556 4719 μέχρι
3607 4641 3695 4694 νῦν
3744 4635 3852 4711 (26)

2251 4739 2464 4808 πυρετοὶ
2493 4737 2584 4787 καὶ
2615 4728 2905 4809 διάρροιαι,
2935 4736 3026 4786 καὶ
3080 4730 3400 4806 σπλάγχνων
3455 4730 3852 4799 ἐπαναστάσεις,

2323 5059 2434 5130 (24)
2453 5055 2541 5146 "35.
2563 5061 2654 5146 καέ
2680 5061 2816 5146 γέιςο
2841 5057 2942 5146 Sis
2962 5056 3144 5146 Harl-.2
3170 5055 3368 5146 Coislu
3385 5055 3626 5146 Prima?
3654 5051 3853 5146 stris:

2248 5125 2426 5204 rique
2447 5130 2572 5186 alii.
2617 5130 2804 5186 Editio
2842 5135 2863 5185 1
2901 5130 3084 5185 Paris.
3114 5133 3182 5191 ὡς
3225 5133 3315 5182 καὶ
3355 5125 3516 5191 νέους.
3551 5132 3683 5204 Mox
3713 5125 3852 5204 éditi

2251 5203 2295 5256 εἰ
2322 5201 2412 5275 Ξιαὶ
2437 5209 2598 5275 τοῦτο,
2614 5205 2814 5275 γένοιτο
2835 5205 3274 5275 χρεῖος.Νφνθᾼφ
3297 5217 3446 5275 mss.
3471 5205 3549 5275 _ut
3570 5201 3634 5256 in
3666 5201 3850 5260 textu,

2250 5274 2364 5351 nisi
2391 5273 2560 5347 quod
2585 5271 2889 5351 in_tribu’s'
2907 5273 3340 5351 recentioribus
3366 5271 3584 5351 legitur
3613 5275 3848 5351 γενηταιε

2323 5341 2432 5417 (25)
2466 5341 3113 5411 Παντοδαπήνθιιᾶῑαοι·
3135 5361 3281 5402 mss.
3308 5341 3448 5402 noni
3463 5341 3852 5402 vetuStissimi

2250 5417 2486 5474 addunt
2506 5418 2660 5471 οὕτω.

2323 5490 2426 5563 (26)
2457 5493 2646 5563 Μέχρι-
2677 5489 2911 5563 v6v_._Sic
2948 5491 3067 5547 tres
3106 5486 3500 5546 vetustissimi
3530 5485 3768 5544 codices
3798 5477 3853 5535 et

2250 5560 2349 5618 alii
2376 5559 2669 5619 nonnulli.
2699 5561 2851 5619 Editi
2880 5564 3044 5634 μέχρι
3072 5567 3165 5614 τοῦ
3194 5567 3284 5612 νῦν
3302 5602 3315 5616 .
