4152 6378
499 283 607 338 635

1891 275 1949 332 S.
1991 271 2241 330 BASILII
2280 271 2502 330 MAGNI

3767 279 3879 334 636

503 405 712 460 Nonne
749 402 812 459 in
837 401 1164 460 Dominum
1189 404 1500 459 amorem?
1519 405 1726 460 Nonne
1746 399 1965 458 mirum
1987 396 2160 471 quid-

2271 413 2450 468 ματα;
2498 397 2574 450 Οὐ
2604 402 2698 457 τὴν
2735 400 2866 473 πρός
2899 399 3096 473 Κύριον
3125 396 3368 470 ἀγάπην;
3419 397 3496 450 Οὐ
3520 400 3580 451 τό
3608 404 3727 474 περὶ
3753 404 3881 463 τοὺς

504 493 650 550 dam
672 493 748 550 de
779 492 1166 565 martyribus,
1223 493 1305 548 ita
1325 493 1642 565 perspicue
1666 488 2008 548 certaminis
2034 501 2160 544 mo-

503 583 653 639 dum
681 583 1054 652 describens,
1116 586 1180 637 ut
1215 598 1311 637 res
1333 583 1510 639 nobis
1531 586 1778 656 poneret
1799 580 1878 636 ob
1903 577 2111 635 oculos
2133 577 2162 632 ‘1

505 675 716 729 Nonne
736 677 792 729 et
815 673 878 729 in
905 688 1018 728 nos
1068 672 1236 744 ipsos
1291 672 1588 728 honorem
1643 688 1712 727 ac
1733 669 2115 726 dilectionem
2133 668 2161 723 ?

505 765 714 819 Nonne
743 761 1041 834 quidquid
1079 760 1612 834 praeclarissimum
1635 760 1772 833 quis
1797 757 2057 815 dixerit?
2077 757 2161 812 ita

506 856 591 923 ut,
618 851 722 907 ubi
753 851 1072 925 epistolam
1101 851 1162 906 in
1191 866 1411 907 manus
1437 850 1694 923 sumpsi,
1753 864 2012 920 eamque
2045 846 2162 918 legi

505 940 746 1014 saepius,
799 957 871 997 ac
921 941 1364 997 redundantem
1417 940 1478 996 in
1536 957 1608 997 ea
1628 940 1882 1012 gratiam
1911 938 2161 1011 Spiritus

503 1031 803 1104 perspexi,
844 1030 993 1086 mihi
1025 1030 1260 1087 viderer
1290 1031 1892 1104 priscistemporibus
1913 1027 2158 1092 versari,

504 1135 643 1175 cum
682 1119 965 1176 ﬂorerent
1008 1119 1282 1175 Ecclesiae
1313 1119 1566 1190 Dei,ﬁde
1589 1118 2163 1189 radicataa,conjun-

503 1212 612 1265 etas
659 1209 968 1278 charitate,
1027 1209 1318 1266 membris
1375 1211 1558 1266 variis
1611 1209 1788 1282 quasi
1819 1209 1879 1264 in
1910 1223 2161 1280 corpore

501 1315 626 1355 uno
649 1316 837 1356 unam
850 1300 1362 1374 conspirationem
1384 1300 1784 1356 habentibus:
1811 1316 1949 1356 cum
1972 1297 2163 1354 mani-

503 1389 636 1446 festi
657 1393 858 1446 essent
902 1390 1008 1463 qui
1046 1389 1590 1463 persequebantur,
1623 1388 1925 1446 manifesti
1956 1388 2162 1444 itidem

502 1478 610 1552 qui
639 1479 1025 1552 patiebantur
1043 1479 1524 1552 persecutionem
1555 1497 1568 1534 :
1598 1496 1737 1536 cum
1760 1477 1968 1552 populi
2007 1477 2162 1534 bello

505 1568 844 1640 oppugnati
873 1568 1435 1641 multiplicarentur,
1459 1586 1530 1626 ac
1561 1574 1894 1641 martyrum
1914 1566 2162 1637 sanguis

505 1656 798 1714 Ecclesias
823 1658 1110 1729 irrigans,
1141 1659 1405 1716 veritatis
1455 1659 1710 1715 athletas
1739 1657 1930 1714 multo
1959 1656 2160 1729 plures

2269 487 2538 561 μάρτυρας
2609 490 2804 561 θαῦμα,
2879 489 3040 549 οὕτως
3092 486 3318 560 ἐναργῶς
3379 491 3468 539 τόν
3516 493 3705 562 τρόπον
3781 499 3878 552 τῆς

2269 575 2530 638 ἀθλήσεως
2556 579 2670 649 (36)
2697 579 3086 654 ὑπογράφοντα,
3121 580 3256 637 ᾧστε
3309 576 3394 630 ὑπ’
3455 577 3574 650 ὄψιν
3605 582 3729 652 ημῖν
3756 581 3878 651 (3’7)

2269 663 2484 738 ἀγαγεῖν
2543 669 2610 720 τὰ
2668 671 2984 742 πράγματα;
3036 668 3112 720 Οὐ
3151 671 3246 726 τήν
3319 672 3438 743 περὶ
3494 669 3632 740 ἡμᾶς
3681 670 3878 732 αὐτοὺς

2267 761 2423 828 τιμήν
2487 777 2541 810 τε
2606 762 2696 810 καὶ
2753 754 3030 826 διάθεσιν;
3085 758 3208 830 Οὐχ
3266 756 3620 811 ὄτιᾶνεῖποι
3656 779 3736 822 τις
3771 769 3878 812 τῶν

2267 845 2594 916 mmmam;
2679 850 2834 916 ὥστε,
2911 849 2995 900 ὅτε
3043 847 3108 909 εἰς
3181 854 3370 925 χεῖρας
3441 852 3536 906 τήν
3595 847 3876 909 ἐπιστολὴν

2269 932 2576 1009 ἐδεξάμεθα,
2637 940 2726 990 καὶ
2792 940 3076 1010 ἀνέγνωμεν
3123 937 3286 996 αὐτήν
3343 937 3604 1010 πολλάκις,
3645 943 3738 991 καὶ
3779 943 3876 999 τήν

2271 1023 2540 1101 βρύουσαν
2589 1025 2638 1078 ἐν
2676 1026 2808 1100 αὐτῇ
2873 1029 3036 1101 χάριν
3093 1035 3185 1080 τοῦ
3226 1029 3521 1100 Ιῐνεύματος
3585 1030 3880 1101 κατεμάθο-

2268 1135 2378 1188 μεν,
2451 1121 2666 1188 νομίσαι
2729 1119 2865 1190 ἡμᾶς
2911 1119 2996 1170 ἐπὶ
3059 1126 3158 1169 τῶν
3233 1115 3471 1191 ἀρχαίων
3536 1127 3732 1191 καιρῶν
3780 1138 3878 1190 γε-

2267 1206 2543 1276 γενῆσθαι,
2595 1208 2750 1265 ἡνίκα
2788 1207 2975 1266 ἤνθουν
3025 1209 3080 1259 αἱ
3129 1205 3433 1264 Ἐκκλησίαι
3475 1214 3567 1260 τοῦ
3597 1216 3753 1276 Θεοῦ,
3786 1206 3878 1282 ἐρ-

2266 1295 2552 1368 ριζωμέναι
2600 1304 2661 1368 τῇ
2719 1301 2917 1366 πίστει,
2980 1298 3238 1369 ἡνωμέναι
3266 1303 3328 1368 τῇ
3377 1293 3576 1369 ἀγάπη,
3618 1298 3792 1372 ὥσπερ
3825 1295 3878 1349 ἐν

2269 1383 2341 1436 ἐνὶ
2374 1389 2581 1457 σώματι
2644 1391 2770 1458 μιᾶς
2824 1390 3118 1458 συμπνοίας
3191 1381 3456 1460 διαφόρων
3506 1384 3668 1458 μελῶν
3709 1387 3878 1459 υπαρ-

2268 1475 2523 1544 χούσης·
2577 1475 2659 1526 ὅτε
2699 1479 2906 1549 φανεροὶ
2960 1477 3050 1548 μὲν
3097 1475 3146 1527 οἱ
3199 1470 3496 1544 διώκοντες,
3550 1479 3757 1548 φανεροὶ
3815 1471 3878 1528 δε

2270 1565 2320 1614 οἱ
2373 1559 2682 1636 διωκόμενοι
2715 1581 2727 1594 ⁸
2777 1563 3150 1638 πολεμούμενοι
3191 1560 3250 1616 δε
3287 1565 3336 1616 οὶ
3389 1563 3504 1616 λαοὶ
3528 1563 3733 1627 πλείους
3773 1563 3880 1636 ἐγί-

2269 1670 2432 1724 νοντο,
2485 1657 2576 1705 καὶ
2636 1657 2694 1706 τό
2754 1654 2886 1727 αἷμα
2935 1662 3034 1706 τῶν
3079 1656 3378 1730 μαρτύρων,
3436 1650 3600 1728 ἄρδον
3643 1651 3878 1716 τάςἘκ-

507 1745 711 1813 aleret,
756 1748 1192 1820 posterioribus
1238 1749 1509 1821 priorum
1565 1748 1844 1821 exemplo
1903 1763 2034 1803 sese
2081 1745 2160 1802 ad

2269 1741 2507 1810 κλησίας,
2570 1742 2993 1806 πολυπλασίονας
3047 1747 3167 1806 τούς
3225 1741 3521 1812 ἀγωνιστὰς
3577 1753 3674 1806 τῆς
3731 1744 3878 1797 εὐσε-

505 1839 807 1893 certamen
838 1838 1212 1910 parantibus.
1258 1841 1419 1895 Tunc
1467 1837 1780 1895 Christiani
1809 1853 2020 1910 pacem
2053 1837 2161 1893 ha-

501 1925 802 1982 bebamus
828 1928 984 1984 inter
1010 1944 1163 1985 nos:
1198 1945 1411 2002 pacem
1467 1928 1630 1986 illam
1681 1945 1869 2002 quam
1925 1927 2165 2000 reliquit

505 2015 817 2087 Dominus,
847 2018 1021 2090 cujus
1051 2035 1213 2075 nunc
1253 2035 1326 2076 ne
1359 2019 1675 2090 vestigium
1706 2018 1954 2092 quidem
1985 2017 2162 2074 nobis

497 2103 628 2176 jam
669 2113 964 2178 superest,
1015 2109 1170 2166 adeo
1199 2109 1368 2166 illam
1410 2107 1982 2165 crudeliteranobis
2016 2107 2162 2164 invi-

503 2208 636 2250 cem
712 2195 1046 2267 abegimus.
1108 2201 1533 2256 Verumtamen
1595 2197 1902 2255 redierunt
1974 2197 2162 2254 animi

503 2284 696 2341 nostri
723 2286 802 2343 ad
832 2289 1098 2360 priscam
1137 2289 1302 2345 illam
1332 2289 1790 2359 beatitudinem,
1818 2289 1923 2345 ubi
1952 2289 2158 2345 littera:

503 2388 577 2428 ex
615 2379 850 2432 remota
885 2377 1128 2448 regione
1181 2383 1498 2447 venerunt,
1551 2377 1882 2434 dilectionis
1903 2378 2160 2452 pulchri-

504 2461 713 2519 tudine
745 2463 1231 2536 efﬂorescentes;
1290 2483 1360 2524 ac
1417 2472 1647 2540 martyr
1693 2467 1872 2524 nobis
1919 2467 2160 2524 advenit

504 2567 543 2607 a
571 2550 849 2610 barbaris
880 2554 1034 2612 ultra
1060 2560 1278 2613 Istrum
1335 2557 1772 2628 habitantibus,
1812 2573 1918 2630 per
1947 2574 2010 2614 se
2029 2557 2158 2630 ipse

503 2641 846 2713 praedicans
902 2645 1042 2701 ﬁdei
1096 2645 1213 2702 illic
1260 2647 1516 2718 vigentis
1573 2647 2157 2718 integritatem.Quis

502 2730 846 2789 animarum
885 2739 1229 2792 nostrarum
1282 2736 1378 2792 his
1403 2737 1464 2792 in
1493 2737 1675 2794 rebus
1704 2737 1967 2794 leetitiam
1989 2752 2159 2794 enar—

501 2834 635 2876 rare
673 2822 918 2894 possit?
973 2826 1266 2891 Quaanam
1332 2827 1701 2898 excogitetur
1758 2827 2001 2884 dicendi
2043 2827 2158 2897 vis,

499 2925 638 2982 quae
677 2911 834 2969 clare
855 2913 1053 2971 valeat
1097 2915 1377 2973 affectum
1417 2917 1477 2973 in
1509 2917 1690 2974 corde
1717 2923 1922 2974 nostro
1953 2933 2159 2974 recon-

2271 1830 2413 1894 ϐείας
2486 1831 2731 1907 ἐξέτρεψε,
2788 1841 2860 1904 τῷ
2922 1832 3061 1906 ζήλῳ
3110 1841 3209 1886 τῶν
3264 1832 3625 1907 προλαϐόντων
3673 1837 3878 1887 ἐπαπο-

3048 1928 3174 1976 Τότε
3237 1926 3546 1996 Χριστιανοὶ
3590 1926 3681 1996 μὲν
3744 1927 3876 1998 πρὸς

2271 2009 2519 2073 ἀλλήλους
2577 2012 2784 2086 εἰρήνην
2837 2013 3027 2086 ἢγομεν
3050 2016 3197 2078 (38)⁶
3262 2012 3470 2088 εἰρήνην
3535 2013 3750 2080 ἐκείνην,
3811 2013 3874 2072 ἦν

2273 1917 2539 1995 δυομένων
2599 1931 2700 1974 τῶν
2761 1922 2956 1996 ἑφεξῆς.

2270 2101 2296 2152 ό
2344 2105 2530 2176 Κύριος
2583 2105 2708 2175 ἡμῖν
2757 2102 3042 2174 κατέλιπεν,
3103 2102 3168 2165 ἧς
3239 2110 3327 2153 νῦν
3379 2098 3495 2154 οὐδ’
3550 2105 3704 2174 ⁴ἴχνος
3745 2104 3874 2176 ἡμῖν

2268 2189 2446 2243 λοιπόν
2512 2191 2895 2260 ὑπολέλειπται,
2963 2192 3127 2254 οὕτως
3165 2191 3328 2250 αὐτὴν
3391 2189 3599 2254 ἀπηνῶς
3665 2190 3752 2244 ἀπ’
3789 2191 3876 2244 ἀλ-

2269 2279 2434 2339 λήλων
2485 2278 2866 2354 ἀπεδιώξαμεν.
2910 2281 3050 2340 Πλήν
3113 2279 3221 2334 ἀλλ’
3271 2282 3353 2334 ὅτι
3392 2282 3446 2334 αἱ
3486 2281 3667 2354 ψυχαὶ
3723 2283 3873 2354 ἡμῶν

2269 2375 2401 2446 πρὸς
2441 2375 2536 2430 τήν
2582 2371 2808 2424 παλαιὰν
2866 2370 3061 2431 ἐκείνην
3125 2376 3494 2446 μακαριότητα
3563 2370 3866 2439 ἐπανῆλθον,

2269 2457 2449 2519 ἐπειδή
2505 2463 2796 2537 γράμματα
2825 2464 2914 2535 μεν
2968 2458 3117 2520 ἦλθεν
3175 2459 3229 2513 ἐκ
3289 2469 3381 2522 τῆς
3437 2462 3688 2535 μακρόθεν
3729 2463 3870 2531 (39),

2270 2549 2524 2604 ἀνθοῦντα
2579 2559 2651 2623 τῷ
2700 2559 2796 2614 τῆς
2850 2549 3055 2624 ἀγάπης
3104 2550 3300 2620 κάλλει,
3369 2553 3573 2627 μάρτυς
3629 2546 3688 2603 δὲ
3743 2551 3872 2622 ημῖν

2269 2637 2600 2714 ἐπεδήμησεν
2640 2641 2695 2693 ἐκ
2747 2649 2846 2694 τῶν
2893 2639 3124 2694 ἐπέκεινα
3160 2639 3374 2714 Ἴστρου
3425 2639 3726 2716 βαρϐάρων,
3798 2637 3873 2692 δι’

2269 2731 2456 2784 ἑαυτοῦ
2508 2734 2789 2806 κηρύσσων
2857 2739 2952 2794 τῆς
3031 2730 3137 2785 ἐκεῖ
3187 2731 3580 2804 πολιτευομένης
3644 2734 3874 2792 πίστεως

2267 2826 2362 2880 τὴν
2415 2819 2702 2897 ἀκρίϐειαν.
2767 2826 2860 2884 Τίς
2924 2821 2984 2872 ἂν
3035 2826 3130 2880 τὴν
3179 2819 3263 2874 ἐπὶ
3300 2823 3506 2884 τούτοις
3554 2820 3872 2896 εὐφροσύνην

2270 2919 2368 2962 τῶν
2398 2910 2590 2983 ψυχῶν
2621 2913 2766 2984 ἡμῶν
2825 2907 3149 2983 διηγήσαιτο
3176 2927 3190 2978 ;
3231 2914 3320 2971 Τίς
3349 2909 3408 2962 ἆν
3447 2909 3744 2968 ἐπινοηθείη
3779 2906 3875 2962 δύ-

501 2997 697 3057 ditum
753 3003 930 3076 255
981 3006 1307 3062 enarrare?
1358 3006 1624 3064 Profecto
1695 3023 1836 3063 cum
1892 3007 2156 3064 vidimus

2268 3019 2424 3073 ναμις
2473 3001 2629 3072 λόγου
2678 2999 2904 3076 ἐναργῶς
2963 2999 3257 3073 ἐξαγγεῖλαι
3302 3003 3397 3058 τὴν
3449 3001 3498 3052 ἓν
3527 3007 3600 3070 τῷ
3657 3008 3874 3076 κρυπτῷ

503 3088 808 3163 athletam,
838 3092 996 3149 illius
1024 3093 1390 3153 hortatorem
1407 3095 1640 3153 felicem
1662 3097 2154 3169 praedicavimus:

500 3178 608 3250 qui
664 3181 833 3252 apud
883 3182 1116 3253 justum
1152 3184 1423 3257 judicem
1459 3185 1704 3258 justitiaa
1756 3202 2046 3243 coronam
2104 3191 2162 3244 et

500 3266 633 3340 ipse
658 3270 920 3344 recipiet,
953 3289 1024 3330 eo
1044 3275 1212 3347 quod
1259 3275 1485 3332 multos
1537 3275 1617 3332 ad
1656 3277 2011 3334 certandum
2048 3293 2160 3350 pro

500 3357 721 3430 pietate
741 3362 1238 3422 corroboraverit.

575 3541 629 3595 2.
671 3539 971 3604 Quoniam
998 3541 1247 3601 beatum
1273 3545 1472 3602 virum
1501 3545 1892 3620 Eutychen’in
1921 3563 2158 3605 memo-

500 3625 655 3684 riam
685 3629 862 3685 nobis
881 3635 1590 3710 revocasti,patriamque
1611 3640 1880 3693 nostram
1901 3653 2158 3696 exorna-

503 3715 599 3785 sti,
650 3722 715 3775 ut
759 3736 894 3793 quae
923 3721 1164 3794 pietatis
1221 3725 1450 3783 semina
1474 3726 1820 3800 praebuerit,
1845 3726 2160 3786 oblectasti

499 3805 750 3878 quidem
770 3825 885 3866 nos
907 3812 1326 3872 recordatione
1355 3816 1814 3888 praeteritorum,
1831 3816 1940 3873 sed
1962 3817 2160 3874 affeci-

503 3897 578 3951 sti
601 3897 838 3957 tristitia
865 3901 960 3958 his
983 3919 1122 3976 quas
1145 3904 1426 3962 videmus
1459 3906 1806 3978 arguendis.
1839 3906 2157 3965 Enimvero

499 3997 683 4042 nemo
714 3993 990 4048 nostrum
1015 3993 1267 4065 Eutychi
1289 3995 1501 4052 virtute
1526 3995 1735 4052 similis
1768 4014 1782 4053 :
1814 3997 1918 4070 qui
1951 3997 2157 4071 utique

501 4075 738 4132 tantum
770 4077 940 4136 abest
967 4085 1031 4137 ut
1077 4082 1370 4141 barbaros
1419 4085 1669 4156 Spiritus
1701 4085 1916 4143 virtute
1946 4102 2016 4142 ac
2045 4087 2156 4144 do-

501 4165 890 4223 norumillius
906 4169 1178 4228 efﬁcacia
1197 4173 1962 4243 mansuefaciamus,uteos
1976 4175 2156 4233 etiam

501 4254 920 4326 quimansueti
943 4264 1104 4326 sunt,
1138 4266 1524 4333 peccatorum
1555 4267 1900 4320 nostrorum
1923 4265 2155 4336 magni-

2269 3097 2366 3150 τῆς
2417 3086 2646 3163 καρδίας
2687 3090 2833 3161 ἡμῶν
2889 3085 3131 3142 διάθεσιν
3189 3084 3495 3162 δυναμένη;
3547 3088 3672 3142 Ὅτε
3699 3094 3876 3162 μέντοι

2271 3176 2477 3252 εἴδομεν
2524 3182 2609 3232 τόν
2659 3177 2904 3245 ἀθλητὴν,
2951 3177 3342 3255 ἕμακαρίσαμεν
3387 3179 3549 3232 αὐτοῦ
3599 3183 3689 3232 τὸν
3741 3177 3876 3233 ἀλεί-

2269 3289 2406 3327 πτην
2431 3286 2446 3300 ο
2487 3270 2544 3330 ὃς
2580 3270 2724 3342 παρὰ
2746 3276 2819 3340 τῷ
2872 3265 3064 3341 δικαίῳ
3106 3276 3256 3344 κριτῇ
3284 3271 3372 3321 τὸν
3407 3277 3498 3331 τῆς
3528 3265 3877 3334 δικαιοσύνης

2273 3363 2520 3432 στέφανον
2567 3363 2658 3412 καὶ
2685 3365 2689 3369 ’
2716 3358 2873 3421 αὐτὸς
2935 3355 3284 3430 ἀπολήψεται,
3349 3359 3570 3422 πολλοὺς
3643 3359 3715 3424 εἰς
3783 3364 3874 3414 τὸν

2269 3452 2396 3523 ὑπὲρ
2417 3458 2513 3510 τῆς
2542 3447 2800 3510 εὐσεϐείας
2831 3447 3126 3523 ἐπιρρώσας
3152 3446 3343 3520 ἀγῶνα.

2339 3543 2394 3594 2.
2439 3539 2579 3593 Ἐπεὶ
2633 3534 2692 3591 δὲ
2747 3542 2838 3590 καὶ
2889 3544 2982 3590 τοῦ
3032 3542 3296 3614 μακαρίου
3349 3534 3542 3615 ἀνδρὸς
3595 3539 3876 3614 Εὐτυχούς

2270 3628 2339 3691 εἰς
2396 3634 2607 3702 μνήμην
2647 3630 2782 3702 ἡμᾶς
2829 3631 3045 3700 ἤγαγες,
3104 3631 3195 3680 καὶ
3247 3626 3525 3702 ἔσέμνυνας
3588 3630 3736 3702 ἡμῶν
3773 3634 3872 3690 τήν

2267 3715 2524 3792 πατρίδα,
2592 3719 2662 3780 ὡς
2709 3717 2867 3776 αὐτήν
2924 3725 3339 3792 παρασχομένην
3382 3725 3472 3780 τῆς
3497 3717 3760 3784 εὐσεϐείας
3805 3720 3874 3774 τά

2269 3813 2548 3885 σπέρματα
2577 3825 2590 3839 '
2659 3811 2913 3883 εὔφρανας
2958 3810 3048 3880 μὲν
3123 3809 3263 3880 ἡμᾶς
3308 3815 3370 3881 τῇ
3422 3809 3715 3881 ὑπομνήσει
3770 3818 3871 3862 τῶν

2266 3901 2520 3964 παλαιῶν,
2569 3897 2834 3960 ἕλύπησας
2893 3894 2952 3950 δὲ
3015 3905 3086 3969 τῷ
3127 3895 3326 3970 ἐλέγχῷ
3392 3906 3491 3950 τῶν
3577 3900 3870 3975 ὁρωμένων.

2269 3989 2465 4054 Οὐδεὶς
2493 3992 2595 4064 γὰρ
2636 3991 2782 4061 ημῶν
2813 3986 3047 4060 Εὐτυχεῖ
3098 3991 3192 4046 τήν
3251 3985 3437 4062 ἀρετήν
3457 3988 3829 4064 παραπλήσιος
3855 4012 3867 4024 ·

2267 4085 2318 4136 οἳ
2367 4101 2427 4155 γε
2474 4087 2723 4132 τοσοῦτον
2772 4076 3035 4150 ἀπέχομεν
3086 4074 3386 4154 βαρϐάρους
3431 4076 3757 4153 ἐξημερῶσαι
3802 4088 3868 4151 τῇ

2269 4169 2490 4245 δυνάμει
2531 4176 2624 4222 τοῦ
2665 4170 2984 4240 Πνεύματος,
3051 4171 3140 4220 καὶ
3195 4175 3256 4240 τῇ
3311 4165 3538 4242 ἐνεργείᾳ
3594 4177 3692 4221 τῶν
3745 4167 3872 4246 παρ’

2269 4261 2430 4314 αὐτοῦ
2482 4260 2856 4334 χαρισμάτων,
2915 4258 3048 4310 ὥστε
3083 4261 3174 4309 καὶ
3220 4260 3340 4320 τούς
3400 4259 3599 4333 ἡμέρως
3652 4260 3873 4328 ἔχοντας

502 4342 710 4401 tudine
731 4345 958 4404 feroces
1009 4349 1360 4408 reddamus.
1419 4353 1601 4409 Nobis
1628 4353 1788 4410 enim
1820 4369 2068 4412 causam
2098 4359 2155 4412 et

2268 4360 2330 4426 τῇ
2405 4347 2659 4424 ὑπερϐολῇ
2738 4355 2838 4400 τῶν
2919 4345 3183 4422 ἁμαρτιῶν
3258 4349 3404 4420 ἡμῶν
3491 4347 3868 4422 ἐξηγριῶσθαιο

501 4436 760 4507 peccatis
789 4439 1007 4495 nostris
1039 4441 1422 4512 ascribimus,
1467 4449 1572 4500 cur
1597 4448 1908 4518 tantopere
1933 4444 2158 4502 diffusa

501 4524 578 4582 sit
613 4525 1036 4587 haereticorum
1083 4531 1372 4604 potentia.
1429 4534 1656 4590 Etenim
1684 4535 1854 4592 nulla
1873 4534 1995 4592 fere
2015 4551 2159 4609 pars

503 4614 668 4672 orbis
695 4621 991 4676 terrarum
1019 4619 1266 4678 haeresis
1293 4621 1641 4680 incendium
1653 4624 1878 4696 effugit.
1902 4627 2028 4682 Tua
2057 4641 2159 4682 au-

502 4705 625 4762 tem
671 4710 953 4778 narratio,
1007 4710 1290 4769 athletica
1331 4714 1684 4781 certamina,
1746 4729 2005 4786 corpora
2045 4731 2160 4788 pro

499 4793 718 4865 pietate
744 4797 1266 4871 dilacerata,furor
1287 4801 1694 4859 barbarorum
1717 4803 1796 4860 ab
1807 4803 2161 4862 hominibus

504 4885 687 4940 corde
715 4886 1039 4961 impavidis
1065 4896 1467 4966 contemptus,
1495 4893 1664 4950 varia
1694 4896 1995 4950 tormenta
2021 4910 2162 4967 per-

507 4978 1362 5052 sequentium,decertantium
1393 4983 1455 5040 in
1487 4983 1773 5041 omnibus
1801 4986 2161 5054 constantia,

504 5062 760 5136 lignum,
783 5083 963 5142 aqua,
1009 5072 1232 5144 quibus
1259 5075 1661 5133 consummati
1695 5078 2014 5148 martyres.
2054 5078 2164 5132 Νο-

581 5190 840 5275 (36λ,Τῆς
881 5193 1165 5275 ᾁθλὴσεῳς.
1224 5197 1372 5275 Male
1415 5198 1479 5255 in
1521 5204 1784 5274 quatuor
1837 5217 1982 5257 mss.
2039 5215 2164 5257 non

505 5266 1284 5343 νθιιιξῐὶε-εἱωίε-Ιθεξειιε-τῆς
1313 5271 1534 5343 φύσεως.

581 5335 693 5418 Q7)
734 5334 904 5418 'Hpt'io,
940 5334 1037 5418 ltaﬁ
1055 5334 1496 5418 Harl._etCoi_sl.
1529 5343 2161 5418 primusnEditiéym}.

509 5406 739 5464 Ibidem
757 5406 897 5488 editi
919 5414 1015 5488 τὴν
1061 5411 1177 5488 καθ’
1205 5415 1356 5488 ἡμᾷςι
1402 5406 1551 5469 Tres.
1578 5413 1984 5488 antiquissimi
2006 5406 2165 5472 codi-

508 5493 608 5533 ces
629 5493 768 5536 cum
793 5480 1036 5537 duobus
1058 5481 1190 5538 aliis
1219 5480 1365 5539 utin
1388 5488 1572 5541 textu.

584 5550 984 5634 (πλέειν-τέμει,
1019 5555 1105 5634 Ita
1142 5553 1298 5610 Harl.
1332 5559 1390 5612 et
1437 5556 1610 5613 Coisl.
1641 5557 1876 5630 primus
1902 5574 2042 5615 cum
2072 5558 2168 5616 tri-

511 5616 629 5674 bll'S
646 5616 798 5681 aliis.
812 5616 982 5682 'E'diti
1011 5626 1245 5698 εἴχομεν.

2265 4442 2498 4501 Ἐαυτοῖς
2541 4441 2638 4514 γὰρ
2695 4437 3012 4511 λογιζόμεθα
3060 4441 3153 4489 καὶ
3205 4438 3642 4512 ταῖς¹ἠμετέραις
3697 4437 3872 4512 ἁμαρ.

2266 4534 2408 4594 τίαις
2456 4533 2552 4589 τήν
2601 4528 2772 4581 αἰτίαν
2807 4533 2899 4580 τοῦ
2946 4524 3031 4579 ἐπὶ
3059 4533 3308 4580 τοσοῦτον
3359 4529 3597 4600 χυθῆναι
3647 4532 3740 4586 τήν
3769 4536 3872 4581 τῶν

2269 4625 2542 4699 αἱρετικῶν
2581 4614 2916 4674 δυναστείαν-
2977 4613 3179 4690 Σχεδὸν
3229 4618 3332 4694 γὰρ
3387 4613 3539 4670 οὐδὲν
3568 4621 3719 4694 μέρος
3755 4619 3872 4690 (40)

2268 4719 2361 4773 τῆς
2425 4708 2732 4781 οἰκουμένης
2797 4703 3113 4779 διαπέφευγε
3191 4709 3277 4758 τὸν
3335 4703 3391 4758 ἐκ
3461 4713 3558 4768 τῆς
3624 4709 3871 4782 αἱρέσεως

2271 4802 2600 4874 ἐμπρησμὸν.
2658 4799 2736 4849 Τὰ
2765 4791 2824 4848 δὲ
2856 4798 2927 4848 σὰ
2970 4791 3302 4870 διηγήματα,
3348 4797 3616 4858 ἐνστάσεις
3661 4794 3872 4854 ἀθλητι-

2269 4895 2361 4943 καὶ
2391 4889 2528 4960 (41),
2585 4891 2808 4959 σώματα
2847 4886 2973 4958 ύπὶρ
3029 4893 3125 4949 τῆς
3180 4884 3444 4947 εὐσεϐείας
3489 4885 3872 4960 καταξαινόμε-

2271 5002 2353 5050 να,
2411 4979 2570 5052 θυμός
2623 4975 2950 5052 βαρϐαρικὸς
3014 4977 3116 5030 ύπό
3168 4984 3268 5029 τῶν
3316 4975 3726 5035 ἀκαταπλήκτων
3777 4979 3873 5036 τήν

2271 5065 2498 5146 καρδίαν
2554 5067 3047 5141 καταφρονούμενος,
3115 5068 3172 5119 αἱ
3223 5065 3451 5120 ποικίλαι
3500 5065 3729 5141 βάσανοι
3771 5073 3874 5118 τῶν

2339 5199 2578 5280 (39)-ξΕκ
2627 5196 3037 5280 τῇεμακρόθρν.
3075 5191 3254 5280 Harl?
3308 5191 3501 5280 Med.,
3555 5195 3697 5264 Reg.
3757 5190 3879 5265 pri-

2269 5263 2591 5339 mus,'Vat.
2619 5275 2678 5327 et
2708 5263 2892 5340 Bigot.
2918 5265 3064 5340 alter
3089 5263 3144 5317 ἐκ
3173 5272 3275 5340 γῆς
3297 5266 3576 5340 μακρόθεν.

2340 5330 2455 5416 (4ό)
2484 5347 2682 5418 Μέρος.
2704 5330 2884 5418 -Εᾶἱιξ
2919 5337 3155 5418 addunt
3181 5330 3320 5418 ἰξτι,⁸
3349 5330 3516 5418 quod
3545 5335 3761 5418 melius
3793 5330 3878 5392 vi-

2270 5406 2448 5472 detur
2465 5406 2676 5471 deesse
2700 5414 2762 5470 in
2791 5411 2980 5468 tribus
3005 5406 3442 5480 antiquissimis
3463 5407 3800 5480 codicibus.

2345 5486 2456 5556 (41)
2499 5487 2837 5556 ἘνστάσειςΔ
2865 5478 3171 5556 ἀθλητικαίῖ
3209 5482 3315 5556 ita
3371 5480 3553 5552 Harl.,
3613 5478 3770 5536 Med.
3823 5482 3883 5537 et

2272 5549 2448 5615 Coisl.
2477 5557 2732 5632 primus.
2758 5552 2910 5612 Editi
2925 5557 3170 5614 ἔνστασις
3199 5549 3478 5611 ἀθλητική.
