4152 6418
281 333 387 389 637

1248 336 1745 396 EPISTOLARUM
1782 338 2066 399 CLASSIS
2102 344 2169 401 ll.
2211 344 2427 405 EPIST.
2467 345 2672 406 CLXV.

3551 350 3661 408 638

281 452 604 525 διωκόντων,
632 458 687 510 αὶ
718 453 812 511 διὰ
839 460 1044 513 πάντων
1070 459 1338 524 ἐνστάσεις
1354 471 1454 517 τῶν
1476 462 1882 537 ἀγωνιζομένων,

1999 472 2124 526 stra
2165 486 2309 527 vero
2354 471 2558 546 qualia
2588 472 2770 529 sunt?
2807 470 3050 529 Refrixit
3086 472 3374 530 charitas.
3413 476 3659 531 Patrum

276 548 338 598 τὸ
370 544 542 614 ξύλον,
573 550 635 599 τό
664 544 810 621 ὕδωρ
869 548 1008 615 (4-2),
1037 552 1104 604 τὰ
1134 551 1431 606 τελειωτικόι
1459 562 1560 605 τῶν
1589 556 1886 630 μαρτύρων.

275 638 355 689 Τὰ
385 633 446 689 δὲ
470 638 700 713 ἡμέτερα
724 637 847 705 οἷα;
880 637 1210 712 Ἀπέψυκται
1239 643 1271 701 ἡ
1547 646 1827 718 Πορθεῖται
1854 646 1885 703 ἡ

274 732 377 778 τῶν
403 730 650 799 Πατέρων
682 723 1012 782 διδασκαλία
1053 751 1067 765 ο
1122 734 1350 805 ναυάγια
1394 738 1515 809 περὶ
1567 738 1662 793 τὴν
1708 738 1890 786 πίστιν

275 818 450 868 πυκνά
481 836 495 849 ·
530 821 661 888 σιγᾷ
688 824 788 869 τῶν
820 817 1163 873 εὐσεϐούντων
1191 824 1258 875 τὰ
1300 826 1542 895 στόματα
1563 840 1576 852 ·
1630 823 1748 876 λαοὶ
1787 830 1889 875 τῶν

279 905 566 981 εὐκτηρίων
597 909 751 958 οἴκων
781 905 1096 973 ἐξελαθέντες
1124 909 1173 964 ἐν
1203 919 1277 984 τῷ
1308 913 1548 987 ὑπαίθρῳ
1576 917 1703 989 πρὸς
1725 915 1814 965 τὸν
1840 910 1889 964 ἐν

278 994 518 1069 οὐρανοῖς
549 999 814 1056 Δεσπότην
842 998 934 1060 τὰς
961 1007 1147 1076 χεῖρας
1172 1004 1405 1077 αἰρουσι.
1437 1007 1540 1056 Καὶ
1571 1004 1625 1055 αἱ
1655 1006 1744 1076 μέν
1779 1001 1888 1054 θλί-

279 1085 395 1157 ψεις
426 1084 658 1159 βαρεῖαιν
690 1089 977 1163 μαρτύριον
1018 1084 1078 1142 δὶ
1108 1087 1368 1165 οὐδαμοῦ,
1420 1089 1455 1145 δ
1460 1094 1515 1145 ιὰ
1542 1094 1601 1145 τὸ
1648 1095 1771 1154 τοὺς
1799 1111 1890 1144 κα-

283 1182 506 1238 κοῦντας
530 1176 670 1248 ἡμᾶς
696 1178 792 1234 τὴν
823 1176 986 1236 αὐτὴν
1011 1180 1137 1253 ἡμῖν
1158 1182 1298 1253 ἔχειν
1325 1184 1709 1257 προσηγορίαν.
1736 1180 1887 1255 ’Υπὲρ

287 1267 481 1317 τούτων
510 1264 654 1326 αὐτός
682 1284 737 1318 τε
768 1261 993 1326 δεήθητι
1019 1276 1110 1322 τοῦ
1143 1275 1363 1344 Κυρίου,
1396 1275 1488 1324 καὶ
1515 1273 1717 1331 πάντας
1773 1273 1890 1331 τοὺς

282 1358 548 1426 γενναίους
562 1352 789 1416 ἀθλητὰς
806 1363 900 1409 τοῦ
920 1364 1157 1431 Χριστοῦ
1179 1358 1247 1421 εἰς
1270 1365 1367 1420 τὴν
1392 1361 1520 1435 ὑπὲρ
1547 1369 1646 1413 τῶν
1674 1359 1889 1418 Ἐκκλη-

281 1450 411 1496 σιῶν
467 1443 578 1514 (43)
638 1451 949 1519 προσευχὴν
1003 1448 1427 1523 συμπαράλαϐεο
1478 1451 1581 1518 ἵνα,
1634 1452 1775 1524 εἴπερ
1815 1450 1891 1502 ἔτι

275 1535 466 1606 χρόνοι
493 1534 623 1594 τινες
653 1532 1021 1588 ὑπολείπονται
1050 1544 1113 1609 τῇ
1149 1540 1410 1591 συστάσει
1434 1545 1528 1590 τοῦ
1549 1541 1777 1611 κόσμου,
1799 1527 1889 1589 καὶ

273 1625 350 1694 μὴ
381 1623 512 1696 πρὸς
554 1625 651 1681 τὴν
691 1620 924 1676 ἐναντίαν
964 1628 1125 1700 φορὰν
1173 1625 1540 1681 συνελαύνεται
1586 1628 1654 1680 τὰ
1697 1629 1886 1695 πάντα,

275 1707 579 1784 διαλλαγεὶς
605 1711 632 1764 ὁ
664 1715 791 1774 Θεὸς
826 1721 941 1777 ταῖς
975 1712 1157 1769 ἑαυτοῦ
1186 1715 1549 1786 Ἐκκλησίαις,
1582 1712 1885 1790 ἐπαναγάγῇ

272 1799 443 1863 αὐτὰς
472 1804 601 1875 πρός
627 1805 721 1860 τὴν
748 1800 980 1877 ἀρχαίαν
1012 1804 1241 1879 εἰρήνην.

812 1935 1151 1985 ΕΠΙΣΤΟΑΗ
1192 1930 1345 1991 PEE’.

1999 564 2272 617 vastatur
2289 562 2565 619 doctrina
2596 579 2610 617 :
2643 562 2966 633 naufragia
2994 561 3153 618 circa
3182 561 3366 619 fidem
3396 563 3610 620 crebra
3638 580 3652 620 :

1999 648 2175 706 silent
2202 651 2442 724 piorum
2473 668 2577 709 ora
2611 669 2624 708 :
2659 651 2923 725 populus
2953 667 2990 707 a
3027 651 3391 724 precationis
3420 651 3655 709 ardibus

1996 737 2267 806 abactus,
2296 739 2410 796 sub
2453 740 2556 797 dio
2599 739 2679 796 ad
2724 740 3069 810 Dominum,
3104 739 3210 814 qui
3236 740 3299 795 in
3331 740 3496 797 caelis
3545 744 3653 812 est,

1996 840 2217 885 manus
2245 829 2476 889 attollit.
2507 835 2588 886 Ac
2606 845 2818 901 graves
2834 830 3082 904 quidem
3111 834 3251 887 sunt
3274 829 3652 898 aﬂlictiones,

1995 933 2300 993 nusquam
2356 925 2558 977 tamen
2602 920 3000 994 martyrium;
3050 936 3123 977 eo
3170 921 3339 994 quod
3391 921 3497 994 qui
3542 937 3655 978 nos

1995 1014 2234 1073 vexant,
2263 1010 2475 1068 eodem
2506 1027 2578 1068 ac
2620 1026 2735 1067 nos
2782 1010 3162 1084 appellentur
3198 1010 3466 1068 nomine.
3507 1014 3656 1068 Eam

1996 1099 2078 1155 ob
2106 1115 2354 1156 causam
2386 1100 2676 1173 cumtipse
2717 1100 3041 1157 Dominum
3060 1115 3329 1173 precare,
3352 1104 3483 1157 tum
3510 1104 3654 1157 stre-

1996 1204 2154 1245 nuos
2202 1205 2415 1246 omnes
2439 1189 2666 1260 ,‘Christi
2709 1189 2965 1246 athletas
3011 1188 3086 1245 ad
3125 1188 3507 1246 adhibendas
3544 1205 3656 1262 pro

1997 1279 2271 1335 Eeclesiis
2314 1295 2526 1352 preces
2564 1279 2671 1335 tibi
2713 1278 2981 1350 adjnnge
3014 1295 3027 1334 :
3057 1282 3122 1334 ut
3174 1278 3227 1334 si
3273 1277 3424 1352 quid
3454 1278 3655 1336 adhuc

1996 1368 2284 1441 temporis
2329 1372 2599 1442 superest
2646 1367 2861 1425 mundi
2904 1367 3334 1437 constitutioni,
3372 1382 3485 1423 nec
3523 1367 3654 1439 jam

1995 1459 2058 1516 in
2082 1457 2449 1515 contrarium
2493 1459 2788 1532 impetum
2839 1458 3113 1515 feruntur
3151 1457 3359 1515 omnia
3385 1459 3653 1514 reconci-

1992 1550 2172 1607 liatus
2194 1548 2467 1606 Ecclesiis
2492 1549 2617 1605 suis
2642 1552 2819 1612 Deus,
2845 1548 3008 1623 ipsas
3040 1547 3117 1605 ad
3147 1548 3409 1621 priscam
3439 1563 3653 1621 pacem

1993 1640 2264 1698 reducat.

2526 1928 2633 1983 EPI
2642 1926 2860 1985 STOLA
2900 1926 3120 1985 CLXV'.

269 2035 513 2092 Narrat
536 2034 796 2092 Basilius
816 2045 1126 2107 acceptam
1158 2054 1235 2096 ex
1254 2039 1473 2097 Sorani
1494 2040 1710 2097 litteris
1733 2038 2027 2105 laetitiam,
2058 2049 2306 2107 eumque
2327 2036 2557 2107 laudat,
2589 2035 2752 2106 quod
2779 2041 2834 2091 et
2853 2039 3034 2091 antea
3054 2049 3165 2104 pro
3184 2033 3304 2103 ﬁde
3323 2031 3658 2089 certamina

329 2107 712 2175 sustinuerit,
739 2112 796 2164 et
816 2105 982 2165 nunc
1000 2112 1297 2182 martyris
1319 2127 1511 2184 nuper
1529 2111 1808 2170 coronati
1823 2122 2074 2179 corpore
2090 2105 2355 2177 patriam
2378 2105 2785 2171 honoraiverit.
2807 2108 3001 2178 Rogat
3024 2112 3090 2163 ut
3105 2121 3220 2175 pro
3240 2120 3301 2162 se
3318 2109 3617 2175 precetur.

493 2232 763 2306 Ἀσχολίῳ
790 2234 926 2306 (44),
958 2233 1230 2311 ἐπίσκόπῳ
1255 2237 1671 2302 Θεσσαλονίκης·

347 2340 584 2395 Παλαιὰν
643 2342 770 2415 ἡμῖν
840 2342 1005 2416 εὐχὴν
1061 2345 1088 2397 ό
1158 2346 1305 2419 οἶγιος
1356 2349 1485 2410 Θεὸς
1542 2345 1883 2423 ἐξεπλήρωσε,

272 2430 606 2493 καταξιώσας
659 2433 801 2504 ἡμᾶς
841 2433 1125 2507 γράμμασι
1174 2441 1268 2496 τῆς
1314 2433 1564 2499 ἀληθινῆς
1626 2455 1722 2489 σου
1775 2437 1885 2489 θεο-

279 2519 483 2582 σεϐείας
510 2518 774 2592 ἐντυχεῖν.
812 2524 883 2574 Τὸ
907 2523 999 2594 μεν
1023 2524 1126 2597 γὰρ
1175 2527 1422 2597 μέγιστον
1471 2529 1562 2578 καὶ
1590 2534 1683 2588 τῆς
1726 2529 1882 2599 μεγίο

280 2628 408 2671 στης
440 2605 685 2672 σπουδῆς
717 2608 881 2681 ἄξιον,
918 2609 1072 2663 αὐτόν
1107 2631 1165 2664 σε
1215 2609 1346 2665 ἰδεῖν
1377 2617 1468 2667 καὶ
1501 2613 1723 2687 ὀφθῆναί
1777 2634 1883 2684 σοι,

275 2704 493 2752 καὶτῶν
523 2697 572 2751 ἐν
606 2703 692 2752 σοὶ
722 2705 820 2752 τοῦ
852 2701 1151 2773 Πνεύματος
1179 2704 1533 2778 χαρισμάτων
1574 2700 1609 2756 ὃ
1615 2703 1648 2756 ι’
1692 2703 1886 2757 ἑαυτῶν

277 2787 582 2841 ἀπολαῦσαι
609 2829 623 2843 .
651 2784 831 2849 ἐπειδὴ
866 2784 927 2843 δε
950 2798 1107 2843 τοῦτο
1132 2794 1162 2851 ἣ
1199 2810 1255 2844 τε
1290 2799 1385 2844 τοῦ
1409 2796 1572 2846 τόπου
1602 2789 1886 2855 διάστασις

280 2876 602 2952 ἀφαιρεῖται,
655 2883 743 2931 καὶ
792 2880 847 2932 αἱ
896 2875 1012 2954 ἰδίᾳ
1068 2879 1307 2955 ἑκάτερον
1357 2883 1505 2955 ἡμῶν
1555 2886 1888 2955 κατέχουσαι

286 2967 657 3042 περιστάσεις⁸
720 2964 966 3041 δευτέρας
1028 2969 1196 3043 εὐχῆς
1261 2971 1406 3035 ἄξιον
1463 2975 1747 3047 γράμμασι
1796 2993 1890 3030 συ-

284 3059 466 3128 νίχέσι
506 3063 595 3118 τῆς
654 3054 704 3109 ἐν
753 3065 972 3131 Χριστῷ
1032 3077 1128 3113 σου
1178 3059 1294 3133 (45)
1343 3060 1553 3133 ἀγάπης
1604 3066 1888 3138 τρέφεσθαι

283 3148 371 3202 τὴν
415 3143 628 3218 ψυχὴν.
686 3144 755 3199 Ὀ
806 3152 898 3199 καὶ
944 3143 1035 3200 νῦν
1071 3150 1195 3222 ἡμῖν
1235 3150 1486 3225 ὑπῆρξεν,
1517 3153 1600 3205 ὅτε
1639 3151 1886 3226 ἐλάϐομεν

279 3233 347 3295 εἰς
390 3240 576 3311 χεῖρας
623 3239 720 3294 τὴν
770 3234 1050 3296 ἐπιστολὴν
1093 3246 1193 3302 τῆς
1241 3242 1495 3303 συνέσεώς
1547 3260 1664 3297 σου.
1726 3241 1886 3295 Πλέον

272 3325 375 3399 γὰρ
444 3324 475 3383 ἢ
545 3319 859 3387 διπλασίους
940 3325 1219 3400 ἐγενόμεθα
1282 3337 1347 3403 τῇ
1436 3328 1722 3384 ἀπολαύσει
1785 3340 1883 3385 τῶν

274 3410 683 3487 ἐπεσταλμένων.
737 3419 839 3469 Καὶ
883 3417 985 3492 γὰρ
1035 3414 1099 3477 ἧν
1151 3426 1224 3491 τῷ
1272 3422 1381 3472 ὄντι
1436 3424 1528 3473 καὶ
1574 3420 1737 3481 αὐτήν
1786 3440 1882 3475 σου

271 3504 502 3576 καθορᾷν
558 3507 655 3563 τῆν
705 3503 907 3577 ψυχὴνο
963 3507 1070 3559 οἷον
1135 3504 1211 3560 δι’
1268 3506 1526 3584 ἐσόπτρου
1575 3513 1716 3572 τινός
1779 3518 1881 3563 τῶν

269 3592 435 3665 λόγων
501 3589 929 3667 διαφαινομένην.
1006 3595 1410 3652 Πολυπλασίονα
1475 3595 1536 3652 δὲ
1600 3601 1725 3673 ἡμῖν
1785 3605 1880 3660 τὴν

274 3681 595 3758 εὐφροσύνην
624 3685 788 3736 ἐποίει
819 3684 879 3737 οὐ
909 3689 1063 3758 μόνον
1092 3688 1152 3739 τὸ
1184 3694 1419 3741 τοιοῦτον
1449 3686 1580 3742 εἶναί
1611 3708 1669 3742 σε
1706 3690 1881 3743 ὁποῖον

272 3773 303 3831 ἡ
335 3774 542 3825 πάντων
593 3778 864 3847 μαρτυρία
925 3779 1272 3849 παρίστησιν,
1333 3776 1440 3830 ἀλλ’
1473 3779 1552 3831 ὃτι
1606 3781 1674 3832 τὰ
1717 3778 1765 3831 ἐν
1796 3783 1882 3833 σοὶ

272 3859 406 3914 καλὰ
448 3869 541 3923 τῆς
582 3858 844 3937 πατρίδος
884 3865 1031 3937 ἡμῶν
1085 3863 1200 3919 ἐστι
1251 3866 1717 3941 σεμνολογῆματαέ
1759 3869 1881 3921 Οἵον

271 3952 374 4027 γὰρ
432 3950 656 4014 εὐθαλὴς
696 3971 771 4013 τις
807 3949 1004 4016 κλάδος
1045 3954 1198 4029 ῥίζης
1239 3959 1480 4027 γενναίας
1540 3954 1880 4032 ἀφορμηθεὶς,

273 4048 372 4093 τῶν
410 4050 773 4115 πνευματικῶν
830 4050 1043 4115 καρπῶν
1090 4048 1184 4103 τὴν
1232 4046 1513 4119 ὑπερορίαν
1572 4045 1879 4111 ἐνέπλησας.

272 4128 435 4183 Ὠστε
464 4129 669 4193 εἰκότως
698 4131 729 4190 ἡ
762 4136 950 4208 πατρὶς
985 4134 1127 4206 ἡμῶν
1156 4140 1268 4197 τοῖς
1314 4134 1524 4199 οἰκείοις
1572 4134 1884 4211 βλαστήμα-

275 4239 358 4273 σιν
405 4220 765 4294 ἓπαγάλλεται.
814 4226 916 4276 Καὶ
954 4223 1114 4281 ἡνίκα
1158 4226 1280 4288 τοὺς
1328 4225 1456 4302 ὑπὲρ
1510 4233 1608 4290 τῆς
1655 4230 1884 4291 πίστεως

271 4308 472 4382 ἀγῶνας
503 4306 737 4372 διὴθλεις
767 4308 903 4385 (46),
937 4308 1158 4376 ἐδόξαζε
1183 4317 1271 4367 τὸν
1303 4316 1454 4384 Θεὸν,
1487 4313 1756 4370 ἀκούουσα
1788 4321 1882 4377 τὴν

270 4407 371 4451 τῶν
436 4404 676 4476 Πατέρων
747 4398 952 4474 ἀγαθὴν
1002 4401 1348 4478 κληρονομίαν
1402 4399 1881 4481 διαφυλαττομένην

276 4485 326 4539 ἐν
357 4492 458 4544 σοί.
508 4490 611 4545 Οἷα
646 4486 708 4544 δέ
757 4509 853 4545 σου
904 4490 1021 4563 (4⁵7)
1052 4495 1239 4547 καὶτὰ
1286 4497 1564 4568 παρόντας
1618 4499 1878 4574 Μάρτυρι,

354 4738 466 4821 ζμ)
495 4744 570 4821 ,Τὸ
593 4740 766 4821 zelo»,
796 4744 857 4797 τὸ
888 4738 1059 4821 ιῖςῖωρζ
1103 4745 1258 4821 llaec
1282 4741 1470 4821 facile
1505 4743 1884 4821 explicantur

279 4813 336 4892 e_t
352 4810 725 4892 illustrantur
749 4810 821 4872 ex
849 4810 1101 4892 epistola
1129 4814 1408 4892 Ecclesiae
1433 4810 1703 4892 Gottliiae,
1748 4833 1880 4892 quae

278 4883 457 4967 simul
475 4901 619 4967 cum
630 4883 952 4967 corpore-8.
975 4886 1541 4967 Sabaemartyrisad
1551 4883 1879 4967 Ecclesium

276 4954 706 5037 Cagsariensem
727 4954 913 5037 inissa
924 4962 1034 5016 est.
1045 4954 1366 5037 Siclegittfr
1372 4960 1486 5037 sub
1496 4961 1682 5037 ﬁnem
1692 4962 1878 5037 hujus

275 5027 577 5108 epistolae:
609 5033 737 5108 Τότε
755 5033 1081 5108 κατάγουσιν
1111 5027 1278 5108 αὐτόν
1325 5033 1397 5094 εἰς
1424 5036 1482 5086 τὸ
1523 5029 1669 5108 ὕδωρ
1705 5027 1877 5108 Δεὐῇία-

272 5107 560 5181 ρι’στοῡντα
602 5106 709 5181 οιαὶΔ
730 5098 1032 5181 Δδοξάζοντος
1068 5107 1155 5181 τόν
1216 5104 1411 5181 Θέόν..)
1472 5109 1570 5159 Καὶ
1630 5098 1877 5181 ῥίψαντες

274 5169 451 5251 αὐτόν,
477 5176 569 5251 καί
595 5171 847 5251 ἐπιθέντες
885 5174 1026 5247 αὐτῷ
1078 5174 1225 5251 ξύλον
1270 5179 1405 5251 κατὰ
1447 5184 1539 5230 τοῦ
1576 5169 1874 5251 ⁸ξ’ραγξῆλου,

271 5238 476 5319 ἐπίεζεν
516 5244 587 5305 εἰς
622 5247 682 5319 τό
722 5243 904 5319 βάθος.
944 5238 1050 5319 κάξ
1092 5238 1232 5319 οὕτω
1265 5247 1523 5309 τελεωθεὶς
1571 5238 1874 5312 δὶὰ”ξύλου

267 5317 360 5394 καὶ
389 5311 609 5394 ὗᾷατος,
641 5311 905 5394 ἄχραντον
932 5317 1146 5394 ἐφύλαξε
1173 5327 1269 5394 τῆς
1299 5321 1564 5394 σωτηρίας
1587 5324 1647 5394 τὸ
1674 5311 1874 5394 σύμϐο-

265 5381 374 5463 λον,
500 5381 626 5439 ἐτῶν
659 5381 941 5463 τριάκοντα
962 5381 1124 5446 Βκτώ.
1166 5381 1332 5448 Τιλὴο
1356 5381 1560 5449 αὑέίε
1582 5381 1874 5451 deductus

266 5462 355 5534 est
383 5458 468 5514 ad
490 5458 734 5534 aquam,
755 5463 990 5533 gratias
1008 5477 1191 5534 agens
1216 5468 1274 5520 et
1291 5464 1642 5534 gloriﬁcans
1666 5467 1871 5522 Deum.

264 5528 345 5611 4c
356 5528 733 5611 praecipitem
753 5528 932 5591 illum
952 5528 1183 5605 dantes,
1199 5540 1255 5591 et
1265 5528 1697 5611 tignumjttius
1716 5537 1873 5593 collo

262 5605 660 5673 imponentes,
688 5612 1107 5679 mersaverunt
1130 5605 1457 5679 profundo.
1483 5606 1699 5679 Sicque
1733 5622 1870 5664 con-

261 5679 600 5733 summatus
614 5690 728 5747 per
739 5677 973 5750 tignum
985 5683 1040 5736 et
1051 5693 1295 5752 aquam,
1312 5677 1744 5737 intaminatum
1753 5694 1871 5737 ser-

1914 2196 1961 2252 B

2282 2231 2584 2301 Aschotio,
2616 2232 2888 2302 episcopo
2916 2231 3370 2288 T'zessatonicae.

2069 2343 2282 2397 Votum
2330 2339 2505 2396 nobis
2551 2339 2869 2412 antiquum
2910 2337 3262 2412 adimplevit
3313 2339 3467 2392 Deus
3522 2350 3656 2391 san-

1996 2432 2149 2498 ctus,
2181 2443 2320 2484 cum
2350 2426 2529 2483 nobis
2567 2426 2853 2497 dignatus
2895 2430 2988 2483 est
3027 2425 3379 2492 concedere,
3410 2426 3476 2480 ut
3500 2437 3654 2478 νει-ω

1994 2517 2233 2590 pietatis
2254 2520 2369 2573 tua:
2388 2515 2615 2573 litteras
2643 2517 3079 2588 acciperemus.
3120 2517 3243 2572 Hoc
3270 2512 3431 2569 enim
3461 2508 3654 2567 maxi-

1995 2622 2165 2663 mum
2196 2611 2285 2663 est
2313 2611 2370 2663 et
2412 2606 2679 2663 maxime
2705 2605 3142 2680 exoptandum,
3162 2603 3366 2660 videre
3396 2606 3451 2659 te
3480 2604 3539 2657 et
3568 2598 3655 2656 vi-

1995 2695 2183 2752 deria
2215 2700 2290 2761 te,
2332 2712 2403 2752 ac
2450 2695 2701 2768 Spiritus
2739 2694 2938 2767 donis,
2968 2710 3105 2768 quae
3151 2694 3213 2749 in
3263 2696 3319 2748 te
3354 2695 3515 2762 sunt,
3548 2703 3656 2763 per

1994 2785 2400 2859 nosmetipsos
2428 2784 2671 2858 perfrui.
2716 2784 2834 2841 Sed
2870 2784 3014 2857 quia
3040 2784 3105 2840 id
3133 2785 3190 2839 et
3227 2782 3345 2839 loci
3369 2779 3655 2837 distantia

1996 2875 2206 2942 aufert,
2222 2879 2279 2930 et
2296 2874 2540 2945 negotia
2564 2873 2787 2947 quibus
2811 2873 3087 2946 privatim
3106 2876 3357 2944 uterque
3376 2873 3654 2927 nostrum

1996 2964 2367 3031 detinemur;
2390 2963 2452 3020 in
2475 2965 2652 3037 256
2677 2963 2959 3020 secundis
2979 2963 3133 3019 votis
3154 2961 3346 3031 fuerit,
3365 2964 3431 3016 ut
3450 2959 3655 3016 anima

1995 3054 2410 3128 frequentibus
2440 3059 2557 3111 tua;
2581 3055 2644 3111 in
2676 3054 2905 3110 Christo
2949 3053 3254 3110 charitatis
3291 3049 3497 3107 litteris
3522 3048 3654 3105 ala—

1995 3149 2110 3203 tur.
2151 3145 2325 3212 Quod
2353 3151 2412 3202 et
2443 3160 2607 3201 nunc
2629 3144 2807 3201 nobis
2835 3143 3104 3214 contigit,
3147 3159 3286 3199 cum
3316 3139 3653 3215 prudentia:

1995 3240 2109 3292 tuae
2140 3234 2460 3308 epistolam
2509 3237 2570 3290 in
2608 3250 2828 3290 manus
2880 3232 3273 3305 sumpsimus.
3305 3230 3442 3287 Plus
3491 3226 3655 3284 enim

1992 3340 2179 3397 quam
2210 3323 2433 3394 gemini
2453 3322 2593 3381 facti
2615 3339 2846 3394 sumus,
2870 3322 2940 3378 iis
2965 3338 3102 3395 quae
3130 3326 3241 3378 ate
3262 3318 3484 3392 scripta
3514 3319 3657 3373 sunt

1990 3413 2387 3487 perfruentes.
2418 3414 2558 3470 Erat
2585 3412 2748 3469 enim
2778 3427 2984 3468 revera
3023 3416 3081 3468 et
3119 3414 3290 3468 tuam
3318 3407 3507 3482 ipsius
3553 3405 3648 3461 in-

1990 3502 2141 3560 tueri
2190 3503 2475 3574 animam,
2504 3501 2669 3560 velut
2714 3501 2777 3557 in
2824 3500 3070 3575 speculo
3108 3499 3404 3574 quodam,
3455 3496 3541 3553 ita
3584 3493 3648 3551 in

1974 3609 2266 3651 sermone
2312 3593 2702 3650 relucentem.
2747 3591 2901 3648 Illud
2951 3594 3154 3648 autem
3204 3585 3517 3661 multiplici
3546 3599 3645 3641 me

1988 3683 2190 3741 laetitia
2209 3682 2562 3754 atfecit,non
2584 3681 2785 3740 solum
2806 3681 2973 3755 quod
2993 3682 3043 3736 is
3063 3680 3145 3736 sis
3164 3694 3348 3752 quem
3368 3674 3646 3734 omnium

1988 3775 2332 3833 testimonia
2349 3773 2717 3848 praedicant:
2743 3773 2848 3830 sed
2869 3772 3047 3829 etiam
3069 3769 3235 3844 quod
3257 3767 3510 3839 egregiae
3530 3769 3645 3821 tum

1989 3864 2160 3922 dotes
2188 3864 2397 3937 patriae
2446 3867 2670 3920 nostrae
2715 3863 2834 3919 sint
2871 3863 3253 3919 ornamenta.
3292 3856 3466 3913 Enim
3502 3867 3643 3911 vero

1989 3953 2171 4011 veluti
2205 3952 2409 4010 viridis
2438 3953 2694 4026 quidam
2742 3951 3021 4008 surculus
3073 3948 3151 4006 ab
3191 3945 3414 4004 eximia
3440 3943 3644 4002 radice

1989 4043 2314 4117 profectus,
2340 4042 2637 4099 fructibus
2685 4039 3097 4115 spiritualibus
3137 4037 3449 4095 nationem
3487 4036 3645 4091 exte-

1989 4149 2123 4190 ram
2151 4130 2472 4206 replevisti‘.
2498 4133 2695 4199 Quare
2723 4146 2836 4189 nec
2862 4129 3085 4203 injuria
3114 4128 3307 4203 patria
3335 4129 3546 4184 nostra
3569 4122 3646 4180 de

1993 4222 2118 4280 suis
2150 4221 2439 4295 gloriatur
2461 4221 2855 4294 germinibus.
2896 4223 2965 4279 Et
2992 4236 3134 4277 cum
3176 4233 3287 4293 pro
3312 4216 3434 4274 ﬁde
3458 4216 3644 4273 certa-

1990 4313 2157 4371 mina
2172 4312 2519 4386 sustineres,
2542 4315 2731 4369 Deum
2754 4310 3145 4384 gloriﬁcabat,
3159 4309 3388 4366 bonam
3401 4309 3647 4363 Patrum

1988 4402 2401 4462 haereditatem
2436 4403 2499 4459 in
2546 4406 2603 4460 te
2655 4401 2910 4461 audiens
2955 4399 3262 4458 custodiri.
3289 4401 3414 4456 ’l‘ua
3439 4399 3645 4453 autem

1989 4509 2154 4551 nunc
2195 4493 2401 4568 qualia
2429 4493 2615 4550 sunt?
2662 4495 2936 4567 Martyre,
2968 4491 3075 4566 qui
3120 4504 3315 4564 nuper
3359 4487 3421 4545 in
3450 4483 3647 4543 vicina

1989 4746 2383 4820 vavitsalutis
2402 4746 2760 4820 symbolum,
2783 4759 2974 4820 annos
3003 4748 3186 4820 natus
3214 4741 3473 4820 triginta
3490 4745 3643 4820 octo.

2198 4818 2348 4895 Ὑπὲρ
2378 4811 2482 4895 τιῖῖν
2505 4811 2850 4895 ξῌκκληᾲσὶὤν.
2873 4817 2969 4895 _Sic
2998 4815 3184 4895 iidem
3207 4811 3326 4871 tres
3352 4811 3646 4887 antiquisa

1988 4883 2125 4947 sithi
2152 4883 2414 4965 codices.
2443 4890 2592 4965 Editi
2622 4883 2885 4965 ﬁniatis.
2902 4886 3234 4965 Ἐκκλησίαςτ

2058 4960 2481 5035 (amazon...
2528 4957 2810 5035 Quamvis
2854 4974 3077 5035 omnes
3131 4957 3387 5035 codices
3412 4971 3566 5035 mss.
3586 4961 3645 5015 et

1986 5028 2128 5090 editi
2154 5028 2693 5106 hanc'ep'istolam
2736 5030 3019 5106 Ascholio
3061 5030 3415 5106 inscribant,
3440 5028 3646 5106 nullus

1984 5108 2190 5186 tamen
2215 5101 2448 5186 dubito,
2477 5102 3191 5186 quin_§ora_no_‘Scytl_1.iae
3235 5101 3375 5186 duci
3423 5102 3647 5175 scripta

1981 5175 2161 5303 Egerit
2205 5190 2217 5231 :
2268 5176 2453 5248 idque
2497 5174 2559 5231 in
2602 5175 2737 5232 Vita
2779 5175 2842 5234 S.
2893 5174 3119 5233 Basilii
3162 5174 3422 5250 probare
3455 5174 3644 5231 cona-

2027 5262 2204 5303 imur.

2027 5262 2204 5305 imur.

2054 5322 2167 5392 (45)
2205 5325 2314 5393 Τῆς
2337 5316 2386 5370 ἐν
2408 5324 2624 5393 Χριστῷ
2650 5336 2767 5374 σου.
2795 5317 2948 5393 Illud
2974 5333 3334 5393 pronomen,
3364 5314 3533 5390 quod
3562 5313 3642 5393 a_d

1984 5386 2291 5448 sententiae
2321 5386 2539 5446 seriem
2577 5386 2994 5447 necessarium.
3015 5392 3272 5461 videtur,
3298 5386 3643 5459 desumpsi-

1981 5478 2121 5519 mus
2149 5478 2223 5520 ex
2260 5461 2466 5519 codice
2495 5461 2828 5520 Harlaeano.

2048 5533 2438 5607 (scismata;
2464 5535 2551 5607 Ita
2577 5549 2796 5591 novem
2826 5549 2973 5592 mss.
3006 5533 3160 5591 Editi
3192 5527 3424 5594 διῆλθες.

2049 5609 2072 5680 'f
2109 5606 2272 5680 Alias
2301 5606 2918 5680 CACCXXXIX.‘Scrip_ta
2947 5620 3110 5663 anno
3135 5607 3259 5680 319.

2053 5678 2161 5754 (47)
2192 5679 2296 5734 Οἷα
2325 5673 2386 5732 δέ
2407 5695 2525 5732 σου.
2557 5675 2705 5736 Med.
2734 5681 2792 5736 et
2814 5671 2918 5738 alii
2945 5674 3224 5735 nonnulli
3251 5676 3338 5731 οἷα
3367 5671 3429 5728 δέ
3459 5691 3564 5729 σοι.
