4152 6378
231 300 333 360 6M

1192 293 1679 354 EPISTOLARUM
1714 290 1999 353 CLASSIS
2034 294 2102 357 II.
2143 299 2357 361 EPIST.
2423 305 2642 364 CLXIX.

3503 318 3609 377 642

227 434 324 489 τῆς
350 432 443 479 τοῦ
486 422 727 477 τοιούτου
780 423 1022 495 ποιμένος
1064 419 1398 487 ἕπιστασίας,
1442 426 1693 474 τοσοῦτον
1741 438 1825 494 μοι

1952 423 2078 480 tam
2097 425 2410 498 regimine,
2439 432 2677 489 tantum
2696 431 2896 489 felices
2917 448 3025 491 vos
3064 437 3349 511 pradico,
3379 441 3607 516 quibus

226 516 433 590 καρίζω
463 512 606 587 ὑμᾶξ
631 510 1050 574 καταξιωθέντας
1096 509 1147 564 ἂν
1177 512 1397 583 τοιούτῳ
1457 517 1625 584 καιρῷ
1658 515 1836 563 συνετ-

224 624 312 660 ναι
372 600 529 679 ἀνδρὶ
597 605 687 656 τὸν
770 604 933 675 μεγαν
1008 603 1136 675 ὑπὲρ
1224 609 1317 663 τῆς
1377 599 1637 662 ιύσιϐιίας
1722 600 1836 674 (54)

229 692 535 750 διαθλοῦντι
565 690 759 765 ἀγῶνα.
794 694 1088 765 Πίπιισμαι
1115 693 1240 765 γὰρ,
1277 692 1359 746 ὅτι
1416 692 1442 745 6
1504 693 1691 766 Κύριος
1744 695 1839 744 καὶ

226 787 361 859 ὑμᾶς
416 791 508 845 τῆς
565 782 732 844 αὐτῆς
786 777 1001 855 μερίδος
1055 780 1394 849 καταξιὼσιι,
1451 783 1571 842 τοὺς
1652 780 1826 844 καλῶς

228 875 525 948 ἀλιίφοντας
579 876 672 926 καὶ
728 869 1081 944 ἔπιγιίροντας
1141 871 1305 924 αὐτοῦ
1362 874 1458 930 τὴν
1512 872 1831 945 προθυμίαν.

225 964 429 1021 Ἠλίκον
517 959 579 1017 δὲ
665 958 855 1035 κέρδος
941 959 990 1013 ἐν
1085 963 1299 1034 ἠσυχίᾳ
1390 959 1669 1015 ἀπολαύειν
1749 959 1837 1014 ἆν-

232 1051 356 1129 δρός
409 1059 647 1109 τοσαῦτα
702 1053 793 1124 μὶν
851 1049 909 1104 ἐκ
963 1057 1056 1112 τῆς
1110 1052 1402 1123 μαθήσεως,
1479 1057 1718 1104 τοσαῦτα
1773 1047 1833 1104 δὴ

234 1143 408 1207 ἱκτῆς
457 1146 640 1217 πείρας
694 1148 794 1194 τῶν
851 1141 1175 1214 πραγμάτων
1225 1139 1635 1212 συνειληχότοςί
1668 1138 1835 1195 ’Ὡστι

236 1237 520 1305 πέπεισμαι
573 1232 710 1304 ὑμᾶς
765 1236 855 1283 νῦν
914 1228 1188 1302 ἕγνωκέναι
1241 1232 1328 1285 τόν
1404 1226 1595 1305 ἄνδρα,
1651 1228 1834 1292 ἡλίκος

238 1323 350 1381 ἐστὶ
377 1326 468 1382 τήν
494 1324 721 1377 σύνεσινο
756 1316 899 1375 διότι
930 1319 980 1374 ἐν
1009 1328 1080 1391 τῷ
1137 1320 1448 1396 παρελθόντι
1504 1323 1682 1393 χρόνῳ
1740 1323 1832 1374 καὶ

232 1414 391 1476 αὐτὸς
439 1416 541 1468 τὼν
599 1407 837 1466 διάνοιαν
887 1412 1027 1483 εἶχεν
1058 1410 1129 1474 εἰς
1163 1411 1329 1465 πολλά
1360 1411 1705 1484 σχιζομένην,
1740 1414 1832 1466 καὶ

230 1505 379 1578 ὑμαῖς
405 1502 501 1557 ούκ
531 1505 680 1575 ἤγιτι
712 1499 913 1574 σχολὴν
945 1498 1047 1555 ἀπὸ
1096 1509 1197 1555 τῶν
1253 1507 1346 1555 τοῦ
1406 1498 1529 1573 βίου
1587 1502 1832 1574 πραγμά-

226 1613 350 1662 των,
404 1594 540 1652 ὥστε
595 1590 706 1648 ὅλοι
758 1591 1110 1665 προσκιῖσθαι
1164 1598 1238 1662 τῷ
1266 1598 1602 1663 πνευματικῷ
1636 1592 1831 1663 νάματι

222 1690 300 1756 τῷ
357 1681 459 1738 ἀπὸ
516 1683 755 1758 καθαρᾶς
802 1677 1027 1754 καρδίας
1082 1688 1176 1735 τοῦ
1229 1677 1423 1757 ἀνδρὸς
1464 1685 1826 1755 προχεομίνῳ.

1946 515 2194 587 contigit
2216 518 2522 591 ejusmodi
2552 525 2820 596 tempore
2840 539 2980 582 cum
3008 526 3135 584 viro
3159 544 3289 586 esse
3309 515 3607 603 magnum

1944 619 2055 677 pro
2085 606 2306 678 pietate
2327 614 2628 668 certamen
2665 612 3031 672 decertante.
3051 617 3415 679 Persuasum
3446 623 3608 680 enim

1942 694 2094 751 mihi
2147 700 2240 754 est
2292 714 2398 755 vos
2449 715 2716 775 quoque,
2778 720 2816 761 a
2851 704 3075 777 quibus
3104 722 3411 782 propensa
3446 711 3607 769 illius

1942 784 2220 843 voluntas
2248 788 2534 860 praeclare
2564 792 2857 850 excitatur
2884 798 2943 852 et
2982 797 3417 865 exstimulatur,
3444 816 3611 860 eam-

1948 871 2091 930 dem
2122 881 2344 933 sortem
2370 893 2408 935 a
2437 880 2692 938 Domino
2718 888 3490 954 consecuturos.Quantum
3504 906 3612 948 au-

1941 965 2061 1020 tem
2077 964 2314 1024 lucrum
2335 969 2398 1025 in
2421 984 2665 1028 summo
2677 973 2798 1030 otio
2820 974 3044 1047 perfrui
3072 977 3201 1034 viro
3233 983 3317 1036 tot
3346 987 3417 1037 ac
3440 985 3609 1041 tanta

1942 1056 2071 1109 tum
2098 1069 2172 1111 ex
2193 1055 2495 1128 doctrina,
2528 1064 2655 1118 tum
2681 1078 2754 1119 ex
2780 1078 2984 1122 rerum
3004 1068 3375 1140 experientia
3399 1085 3609 1129 conse-

1940 1147 2079 1201 cuto
2103 1144 2115 1201 ι
2148 1147 2343 1213 Quare
2369 1154 2530 1206 certo
2547 1152 2671 1208 scio
2698 1152 2872 1210 vobis
2900 1170 3065 1212 nunc
3101 1156 3351 1215 demum
3397 1161 3608 1232 cogni-

1939 1236 2070 1291 tum
2098 1250 2233 1292 esse
2260 1236 2459 1296 virum
2486 1239 2675 1311 illum,
2698 1242 2865 1316 quali
2890 1245 3329 1319 sitprudentia;
3361 1255 3604 1324 propte-

1941 1338 2045 1381 rea
2073 1326 2241 1398 quod
2272 1330 2574 1401 praeterito
2601 1336 2874 1406 tempore
2901 1339 2958 1393 et
2986 1336 3115 1410 ipse
3134 1344 3401 1397 mentem
3420 1341 3608 1398 habe-

1936 1411 2124 1471 batin
2158 1416 2351 1474 multa
2374 1419 2749 1493 distractam,
2780 1438 2893 1480 nec
2906 1424 3083 1482 vobis
3130 1431 3365 1487 tantum
3395 1435 3521 1489 erat
3568 1447 3606 1490 a

1935 1503 2074 1561 vitae
2124 1508 2383 1577 negotiis
2413 1511 2537 1581 otii,
2581 1516 2647 1568 ut
2693 1513 2798 1570 toti
2831 1515 3010 1588 258
3060 1518 3496 1577 accumberetis
3522 1522 3602 1579 ad

1938 1592 2247 1665 spirituale
2270 1596 2567 1655 ﬂuentum
2590 1615 2621 1656 e
2647 1615 2800 1674 puro
2816 1603 2927 1659 viri
2954 1607 3193 1677 pectore
3209 1623 3608 1679 promanans.

1939 1682 2055 1739 Sed
2082 1682 2372 1755 largiatur
2401 1690 2716 1761 Dominus,
2748 1695 2814 1748 ut
2842 1696 2899 1749 et
2928 1709 3037 1750 vos
3068 1694 3120 1751 ei
3152 1695 3279 1753 sitis
3303 1697 3607 1771 solatio,et

223 1772 383 1828 Ἀλλὰ
431 1772 713 1848 παράσχοι
742 1771 769 1825 6
828 1772 1016 1845 Κύριος
1046 1772 1179 1844 ὑμᾶς
1207 1773 1292 1825 καὶ
1321 1770 1464 1842 αὐτῷ
1493 1769 1825 1845 παράκλησιν

1942 1771 2052 1844 ipsi
2076 1772 2335 1833 aliorum
2368 1792 2495 1834 non
2519 1778 2844 1853 indigeatis
2869 1783 3305 1843 consolatione.
3339 1769 3608 1855 Quodvu-

218 1864 376 1932 εἷναί,
406 1866 499 1915 καὶ
551 1860 742 1924 αὐτοὺς
778 1864 850 1934 μὴ
885 1855 1097 1914 δεῖσθαι
1132 1869 1225 1922 τῆς
1257 1858 1451 1934 ’ἐτέρων
1478 1863 1825 1933 παρηγορίας·

214 1954 386 2028 Ὅπερ
434 1951 524 2005 οὖν
574 1955 667 2004 καὶ
716 1954 1005 2024 πέπεισμαι
1054 1955 1176 2026 περὶ
1229 1958 1330 2004 τῶν
1377 1947 1610 2024 καρδιῶν
1663 1950 1827 2022 ὑμῶν,

213 2046 629 2118 τικμαίρόμενος
691 2047 753 2113 τῇ
816 2059 873 2093 τι
901 2038 1130 2111 ἰμαυτοῦ
1180 2043 1356 2114 πείρᾳ,
1382 2038 1442 2099 ἢν
1494 2042 1627 2113 πρὸς
1657 2038 1828 2110 ὀλίγον

214 2135 366 2207 ὑμῶν
386 2133 687 2208 ἱπιιράθην,
712 2134 805 2184 καὶ
828 2136 890 2204 τῇ
925 2130 1122 2204 μεγάλῃ
1165 2126 1495 2203 διδασκαλίᾳ
1528 2135 1619 2183 τοῦ
1669 2128 1829 2183 καλοῦ

213 2226 551 2296 καθηγητοῦ,
582 2222 645 2275 όῦ
690 2226 817 2295 μιᾶς
862 2222 1062 2297 ἡμέρας
1117 2225 1374 2275 συνουσία
1403 2222 1660 2296 αὔταρκές
1689 2217 1829 2273 ἐστιν

213 2309 351 2388 ἕφόδ
355 2332 431 2367 ιον
458 2314 592 2387 πρὸς
619 2314 908 2387 σωτηρίαν.

759 2405 1097 2455 ΕΠΙΣΤΟΛΗ
1137 2398 1296 2459 ΡΣΘ’.

1937 1860 2100 1934 tique
2128 1878 2490 1936 persuasum
2525 1868 2725 1926 habeo
2752 1871 2827 1927 de
2857 1873 3146 1930 cordibus
3200 1876 3433 1947 vestris,
3460 1893 3606 1935 con-

1931 1950 2229 2021 jecturam
2271 1954 2499 2013 faciens
2556 1962 2615 2016 et
2667 1975 2740 2017 ex
2778 1977 2916 2019 mea
2965 1963 3157 2036 ipsius
3213 1966 3602 2039 experientia,

1935 2054 2060 2112 qua
2087 2043 2268 2100 vestri
2296 2045 2607 2120 paulisper
2636 2050 2971 2121 periculum
3003 2052 3138 2123 feci,
3173 2057 3229 2111 et
3287 2070 3358 2111 ex
3390 2056 3607 2129 optimi

1936 2131 2205 2201 magistri
2232 2150 2474 2193 summa
2493 2137 2788 2209 doctrina,
2811 2157 3081 2214 quocum
3109 2144 3206 2201 vel
3226 2160 3419 2202 unum
3438 2145 3601 2205 diem

1936 2223 2171 2279 versari
2210 2225 2357 2283 satis
2379 2231 2468 2285 est
2505 2229 2586 2287 ad
2619 2230 2877 2289 salutem
2906 2232 3129 2291 viatici.

2462 2409 2807 2468 EPISTULA
2837 2413 3082 2470 CLXIX".

218 2492 537 2574 Gtt/gerit}:
597 2490 847 2574 quidem
909 2491 1216 2574 άίᾳσοτιυε,
1272 2491 1669 2574 cum-rigua:
1721 2487 1987 2574 vigiliae:
2014 2504 2469 2574 gangregasset,
2510 2504 2567 2556 et
2603 2507 2793 2574 noctu
2832 2501 3158 2573 aufugiens
3187 2504 3402 2561 choros
3460 2521 3598 2562 cum

300 2560 425 2646 illis
446 2560 716 2646 duceret,
737 2562 1060 2646 Gregorius
1080 2562 1681 2646 hanccap'tivitaleni
1696 2560 1968 2646 collegit.
2009 2560 2177 2623 Unde
2202 2560 2334 2646 eum
2372 2560 2552 2646 rogat
2581 2573 2870 2646 Basilius,
2902 2560 2971 2630 ut
2989 2560 3352 2646 Glycerium
3378 2593 3447 2634 re
3460 2560 3593 2635 dire

282 2636 516 2720 jubeat,
541 2632 926 2720 virginesque
957 2633 1290 2706 tyrannide
1326 2632 1800 2720 l’ibereﬁsaltem
1821 2644 1951 2720 leas.
1979 2652 2111 2708 quas
2131 2639 2331 2698 redire
2357 2632 2586 2701 volunt.
2640 2632 2923 2717 Glycerio
2971 2632 3233 2707 modeste
3289 2632 3600 2708 redeunti

297 2698 533 2767 'veniaih
555 2698 855 2778 promittit
879 2723 893 2774 ;
920 2698 1087 2763 secus
1118 2720 1277 2775 vero,
1308 2698 1729 2776 depositionem
1757 2698 2049 2765 minatur.

652 2800 923 2873 Γρηγορίῳ
953 2796 1066 2869 (55)
1088 2795 1375 2857 Bato-0.210;.

298 2909 530 2981 Πρᾶγμα
554 2904 642 2976 μὲν
676 2904 907 2969 ὑπέστης
947 2901 1168 2966 ἐπιεικὲς
1208 2907 1299 2956 καὶ
1362 2904 1553 2978 ἥμερον
1594 2901 1705 2975 (56)
1740 2906 1831 2957 καὶ

230 2991 607 3070 φιλάνθρωπον,
678 2996 774 3055 τὴν
872 2999 966 3046 τοῦ
1061 3000 1453 3068 καταφρονητοῦ
1551 2991 1827 3067 Γλυκερίου

230 3084 379 3155 (τέως
419 3083 515 3158 γὰρ
565 3081 697 3137 οὕτω
748 3081 1032 3156 γράφομεν)
1089 3081 1463 3156 αἰχμαλωσίαν
1498 3086 1826 3156 συναγαγὼν.

223 3175 313 3226 καὶ
371 3175 465 3233 τὴν
528 3176 706 3235 κοινὴν
765 3169 1153 3246 ἀσχημοσύνην
1204 3174 1370 3249 ἡμῶν,
1418 3174 1484 3237 ὡς
1516 3173 1621 3225 οἷὸν
1651 3191 1706 3226 τε
1744 3166 1825 3243 ἧν,

220 3260 586 3336 συφκα).ύψας’
613 3258 673 3315 δε
698 3256 757 3317 δὲ
784 3262 924 3335 ὅμως
948 3266 1042 3324 τὴν
1084 3266 1181 3323 σὴν
1232 3259 1497 3316 εὐλάϐειαν
1555 3262 1828 3335 μαθοῦσαν

215 3353 286 3406 τὰ
316 3351 433 3405 κατ’
484 3349 662 3424 αὐτὸν,
728 3350 863 3404 οὕτω
889 3350 1048 3404 λῦσαι
1078 3356 1171 3411 τὴν
1205 3349 1445 3425 ἀτιμίαν.
1487 3351 1653 3414 Οὗτος
1684 3352 1710 3403 ό
1739 3358 1828 3404 νῦν

219 3441 446 3517 σοϐαρὸς
508 3446 601 3497 καὶ
675 3444 856 3516 σεμνὸς
925 3442 1043 3516 ύμῖν
1120 3441 1392 3519 Γλυκέριος
1453 3443 1824 3519 ἐχειροτονήθη

215 3535 309 3607 μὲν
359 3529 485 3608 παρ’
535 3533 683 3605 ἡμῶν
743 3539 836 3593 τῆς
882 3534 1018 3585 κατὰ
1076 3531 1342 3591 Ούήνεσαν
1369 3532 1483 3604 (57)
1512 3530 1827 3598 Ἐκκλησίας

219 3617 484 3691 διάκονος,
526 3626 595 3684 ὡς
653 3623 744 3673 καὶ
795 3628 870 3694 τῷ
920 3619 1257 3699 πρεσϐυτέρῳ
1308 3616 1659 3689 διακονήσων,
1737 3622 1829 3675 καί

214 3718 308 3764 τοῦ
349 3712 503 3785 ἔργον
550 3717 643 3771 τῆς
690 3708 1009 3774 Ἐκκλησίας
1072 3709 1529 3785 ἐπιμελησόμενος.
1592 3714 1693 3764 Καὶ
1721 3712 1822 3785 γάρ

214 3800 380 3870 ἐστιν,
439 3797 603 3852 εἶκαὶ
631 3799 701 3851 τὰ
751 3797 884 3851 ἄλλα
932 3794 1231 3873 δύστροπος
1285 3801 1310 3852 ό
1369 3797 1521 3876 ἀνὴρ,
1566 3798 1698 3852 ἀλλὰ
1764 3802 1827 3853 τὰ

213 3890 466 3964 ἐπίχειρα
526 3888 625 3941 οὐκ
688 3886 877 3961 ἀφυής.
915 3888 1058 3942 Ἐπεὶ
1089 3885 1147 3942 δὲ
1165 3893 1414 3959 κατέστη,
1435 3895 1527 3942 τοῦ
1558 3891 1647 3962 μὲν
1673 3891 1823 3962 ἔργου

218 3978 446 4052 ἠμέλησε
503 3983 774 4043 τοσοῦτον,
830 3977 952 4029 ὅσον
1004 3973 1129 4030 οὐδὲ
1171 3981 1265 4036 τὴν
1319 3976 1496 4052 ἀρχὴν
1532 3982 1822 4049 γεγονότος.

214 4070 508 4144 Παρθένους
556 4062 616 4119 δὲ
667 4065 846 4127 ἀθλίας
905 4072 1233 4139 συναγαγὼν,
1259 4065 1374 4120 κατ’
1400 4063 1543 4119 ἰδίαν
1575 4065 1821 4130 ἐξουσίαν

2474 2804 2761 2876 Gregorio
2788 2806 3082 2868 Basilius.

2011 2889 2327 2961 Negotium
2353 2893 2601 2966 quidem
2631 2896 2950 2969 suscepisti
2986 2897 3143 2968 lene,
3176 2903 3356 2973 atque
3386 2899 3605 2960 huma-

1939 2992 2110 3047 num,
2144 2994 2281 3038 cum
2308 2984 2738 3057 contemptoris
2771 2985 3147 3059 Glycerii(sic
3170 2988 3331 3048 enim
3362 2989 3603 3052 interim

1942 3068 2284 3133 scribimus)
2297 3072 2698 3145 captivitatem
2712 3075 3021 3148 collegisti,
3038 3092 3485 3153 communeque
3498 3096 3605 3138 τιο-

1941 3163 2131 3216 strum
2157 3159 2667 3235 dedecus,quoad
2695 3164 2828 3236 ejus
2860 3164 2989 3223 ﬁeri
3018 3166 3237 3240 potuit,
3260 3169 3601 3229 contexisti.

1941 3249 2148 3322 Operae
2179 3254 2381 3309 autem
2408 3252 2686 3325 praetium
2718 3259 2830 3321 est,
2855 3260 2919 3313 ut
2940 3255 3134 3328 pietas
3157 3261 3263 3316 tua
3292 3262 3602 3328 gestarum

1938 3336 2016 3394 ab
2046 3354 2118 3397 eo
2153 3355 2355 3397 rerum
2377 3340 2589 3399 certior
2613 3341 2792 3411 facta,
2825 3343 2909 3401 sio
2938 3344 3340 3417 ignominiam
3389 3346 3599 3407 diluat.

1939 3428 2145 3485 Gravis
2175 3428 2271 3487 ille
2296 3445 2457 3488 nunc
2471 3432 2918 3490 etvenerandus
2941 3434 3106 3508 apud
3136 3451 3245 3492 vos
3292 3434 3600 3509 Glycerius

1938 3532 1974 3573 a
2003 3533 2100 3574 me
2129 3518 2379 3591 quidem
2409 3519 2724 3578 ordinatus
2747 3527 2835 3579 est
2863 3522 3169 3581 Venensiis
3185 3524 3457 3583 Ecclesirr.
3476 3524 3601 3585 dia-

1938 3623 2147 3692 conus,
2179 3611 2246 3665 ut
2268 3609 2708 3692 etrpresbytero
2738 3611 3122 3685 ministraret,
3137 3616 3195 3671 et
3223 3629 3378 3688 opus
3410 3613 3602 3673 Eccle-

1937 3698 2040 3756 siae
2069 3690 2334 3757 curaret.
2354 3702 2453 3757 Est
2481 3701 2663 3770 enim,
2687 3702 2968 3777 quamvis
2999 3702 3077 3759 ad
3099 3702 3218 3760 alia
3267 3703 3598 3777 absurdus,

1938 3787 2150 3846 saltem
2164 3788 2243 3845 ad
2255 3804 2551 3846 manuum
2566 3789 2763 3847 ofﬁcia
2779 3790 2939 3848 haud
2955 3791 3110 3849 male
3136 3796 3406 3851 anatura
3436 3809 3600 3852 com-

1935 3882 2200 3951 paratus.
2232 3881 2637 3952 Posteaquam
2681 3884 2884 3937 autem
2925 3880 3227 3938 diaconus
3284 3881 3596 3941 institutus

1934 3967 2492 4041 est,opus_quidem
2525 3968 2776 4043 perinde
2806 3970 3088 4040 neglexit,
3111 3987 3180 4029 ac
3213 3971 3262 4028 si
3291 3971 3529 4030 nullum
3545 3973 3599 4034 ei

1933 4073 2182 4130 prorsus
2237 4057 2592 4130 impositum
2621 4062 2800 4115 esset.
2855 4060 3086 4116 Coactis
3129 4064 3331 4118 autem
3363 4061 3599 4119 miseris

214 4163 309 4212 καὶ
335 4158 627 4228 αὐθεντίαν,
666 4158 757 4218 τὰς
785 4159 877 4230 μὲν
908 4156 1130 4222 ἑκούσας
1176 4153 1633 4233 προσδραμούσας
1681 4158 1822 4231 αὐτῷ

1942 4147 2288 4219 virginibus,
2318 4147 2553 4220 privata
2573 4148 2929 4207 auctoritate
2957 4154 3138 4225 atque
3169 4152 3601 4227 potentia,par-

214 4244 396 4322 (οἶσθα
440 4243 499 4301 δὲ
550 4249 610 4299 τό
659 4254 758 4299 τῶν
806 4249 928 4299 νέων
981 4252 1099 4321 περὶ
1144 4249 1452 4300 τὰτοιαῦτα
1478 4250 1817 4323 πρόχειρον).

213 4340 310 4400 τὰς
401 4333 461 4390 δὲ
534 4334 769 4399 ἀκούσας
821 4333 1132 4412 ἀγελαρχεῖν
1194 4338 1529 4415 ἐπεχείρησε,
1568 4342 1666 4390 παὶ
1717 4358 1821 4391 πα-

215 4427 505 4505 τρίαρχίας
558 4429 721 4499 ὄνομα
775 4423 942 4497 ἐαυτῷ
1003 4430 1094 4479 καὶ
1160 4433 1353 4500 σχῆμα
1414 4427 1663 4502 περιθεὶς,
1688 4425 1823 4495 ἐξαί-

221 4534 354 4590 φνης
382 4512 787 4587 ἑσοϐαρεύσατο,
834 4513 929 4567 οὐκ
980 4516 1036 4571 ἔκ
1065 4534 1206 4577 τινος
1246 4513 1559 4577 ἀκολουθίας
1729 4522 1820 4571 καὶ

222 4601 488 4665 εὐσεϐείας
515 4602 597 4656 ἰπὶ
614 4610 769 4657 τοῦτο
801 4603 983 4672 atem,
1025 4601 1136 4656 ἀλλ’
1163 4604 1405 4679 ἀφορμὴν
1446 4602 1570 4676 βίου
1621 4606 1819 4665 ταύτην

224 4707 393 4783 quod
421 4706 872 4781 desumpsimus
904 4724 975 4765 ex
1003 4707 1732 4783 ϐτθεοιξὶο,κατῆξιώθημιν
1760 4710 1820 4763 ἂν

218 4780 310 4834 καὶ
338 4784 499 4854 μέχρι
539 4780 917 4853 σοῡίγενόμενοι
966 4780 1389 4864 περιπτύ-ξασθαί
1439 4799 1532 4864 σου
1564 4780 1676 4864 nihil
1713 4784 1819 4864 Osp-

219 4851 454 4928 σέϐιιαν,
522 4851 837 4928 editiones.
918 4851 1117 4910 Basilii
1186 4852 1498 4910 habebant
1553 4851 1820 4928 εὐχόμεθα

215 4922 348 4980 ἰδεῖν
379 4928 472 4983 τὴν
515 4928 614 4984 σὴν
650 4922 961 4980 θεοσέϐειαν.

284 4997 398 5067 (54)
427 5002 534 5057 Τῆς
564 4992 847 5058 εύσεϐειας.
881 4998 1021 5054 Tres
1055 4995 1293 5053 codices
1330 4994 1694 5055 recentiores
1724 5005 1818 5062 τῆς

212 5066 402 5127 Ἐκκλη
413 5072 550 5129 σίας.
1605 5077 1617 5089 ’

289 5139 1234 5220 (€551{egyoptaﬂNyssenum'aut
1262 5138 1701 5220 Nazianzenum
1730 5138 1817 5197 in-

208 5207 976 5279 telligit'l‘illemontius,sed
990 5209 1358 5267 Nazianzeno
1372 5211 1818 5269 inscribuntve-

203 5283 353 5355 tusti
382 5281 649 5355 codices.
673 5282 822 5336 Nam
844 5279 904 5336 in
937 5279 1122 5355 coisl._
1142 5282 1339 5353 primo
1368 5282 1716 5355 inscribitur
1744 5290 1817 5355 τῷ

204 5354 371 5424 αὐτῷ.
389 5350 678 5425 Praecedit
697 5354 901 5407 autem
915 5349 1169 5425 epistola
1178 5358 1210 5407 7
1221 5356 1241 5425 ξ
1252 5368 1469 5425 ,σηοω
1483 5352 1561 5425 ad
1574 5349 1818 5425 Nazian-

201 5422 423 5482 zenum
448 5423 739 5494 scriptam
771 5426 900 5477 eSse
927 5422 1107 5478 nemo
1136 5422 1388 5478 dubitat.
1407 5425 1470 5478 ιη
1494 5423 1814 5481 Ηειτιεθεωο

201 5502 411 5554 autem
440 5494 663 5568 legitur
702 5507 890 5568 manu
924 5495 1253 5568 recentiore
1284 5499 1555 5568 Γρηγορίῳ
1604 5494 1813 5568 ἑταίρῳ,

199 5569 310 5642 qui
349 5563 560 5642 titulus
581 5563 849 5642 jejunior
876 5564 1123 5642 quidem
1155 5563 1592 5642 estetcxilior,
1624 5563 1815 5642 quam

199 5634 272 5699 Iit
288 5634 619 5715 episcopos
643 5634 875 5707 deceat,
889 5634 997 5692 sed
1023 5639 1229 5694 tamen
1243 5636 1476 5695 indicat
1496 5634 1814 5711 epistolam

1935 4239 2039 4295 tim
2068 4254 2178 4295 sua
2208 4242 2421 4311 sponte
2453 4238 2530 4294 ad
2563 4254 2702 4294 eum
2734 4240 3156 4297 accurentibus
3190 4252 3325 4315 (nec
3352 4242 3514 4301 enim
3541 4247 3598 4303 te

1932 4329 2102 4401 fugit,
2117 4345 2303 4403 quam
2317 4328 2396 4387 ad
2415 4329 2769 4401 hujusmodi
2780 4345 2876 4386 res
2891 4336 3174 4407 prompta
3187 4332 3261 4388 sit
3266 4333 3594 4405 juventus),

1931 4421 2153 4494 partim
2182 4420 2380 4477 invitis
2410 4424 2467 4477 et
2488 4420 2998 4495 repugnantibus,
3042 4423 3239 4494 gregis
3269 4422 3597 4496 imperium

1934 4509 2047 4567 sibi
2077 4525 2358 4582 arrogare
2371 4524 2694 4580 aggressus
2715 4513 2805 4567 est
2819 4527 2833 4579 ;
2858 4526 2929 4568 ac
2961 4510 3321 4583 patriarchae;
3347 4511 3595 4570 nomine

1932 4605 1990 4659 et
2026 4599 2240 4658 habitu
2270 4599 2383 4657 sibi
2414 4599 2941 4673 imposito,statim
2961 4599 3285 4659 insolenter
3310 4601 3595 4660 seefferre

1928 4710 2007 4769 ad
2026 4705 2820 4780 GregoriumNazianzenum
2835 4705 3121 4779 scriptam
3134 4704 3592 4780 fui_sse.Beperi-

1930 4789 2025 4840 tur
2038 4778 2252 4852 eadem
2265 4777 2517 4852 episiola
2528 4793 2666 4852 cum
2678 4776 2920 4852 duabus
2936 4776 3332 4849 sequentibus
3356 4776 3506 4834 inter
3529 4795 3587 4835 e-

1928 4850 2178 4928 pistolas
2199 4849 2463 4928 Gregorii
2484 4849 3139 4928 NazianzeniLSuntque
3168 4852 3293 4928 295,
3319 4853 3588 4918 206,207.

2000 4923 2114 4997 (56)
2153 4918 2404 4985 Ἐπιεικὲς
2432 4926 2522 4997 καὶ
2552 4929 2782 4997 ἥμερον..
2824 4918 2981 4997 Harl.
3026 4921 3357 4997 recentiore
3397 4938 3587 4997 manu

1928 4989 2159 5055 ἐπιεικῶς
2184 4997 2394 5068 ἥμερον.
2438 4989 2985 5060 Sie'e'tiam'logitur
3022 4991 3191 5064 apud
3236 4993 3588 5065 Gregorium

1928 5069 2393 5154 Νίὲἓὲοῖέἷλέλπ
2531 5131 2663 5154 ..-_.
3321 5136 3391 5154 Α,

2000 5140 2114 5209 (57)
2163 5136 2458 5209 Ούήνεσαν.
2530 5131 2686 5189 Harl.
2741 5134 3023 5193 Σύννασαν.
3078 5133 3256 5194 Coisl.
3318 5136 3584 5198 Οὖήεσαν.

1927 5207 2065 5268 Naz.
2101 5207 2369 5266 Ούὴνατα.

1999 5283 2113 5355 (58)
2147 5278 2505 5355 Ἀκολουθίας.
2532 5274 2682 5355 Εςξὶῐί
2715 5276 2949 5355 addunt
2976 5273 3210 5355 δικαίας,
3250 5279 3418 5355 quod
3458 5294 3588 5355 ωρ-

1926 5346 2055 5425 rito
2084 5346 2439 5425 expungunt
2480 5346 2721 5425 codices
2751 5347 2898 5425 Med.
2933 5354 3009 5425 et
3035 5346 3213 5406 Coisl'.
3239 5346 3490 5424 primus.
3523 5348 3587 5404 ln

1926 5419 2241 5490 llarlaeano
2272 5419 2397 5477 tota
2425 5434 2579 5492 pene
2600 5419 2877 5492 ,epistola
2898 5419 3121 5494 scripta
3151 5419 3260 5476 est'
3282 5436 3469 5477 manu
3497 5435 3587 5475 re-

1927 5503 2203 5623 cepfilias
2230 5565 2519 5623 CCCCXII.
2546 5561 2777 5635 Scripta
2807 5561 2969 5620 circa
2997 5576 3230 5619 annum
3251 5564 3378 5618 374.
