4152 6388
533 296 636 356 643

1901 287 1962 348 S.
2000 283 2260 343 BASILII
2295 283 2519 342 MAGNl

3791 297 3900 354 644

530 421 731 495 coepit,
744 432 872 475 non
897 429 1087 472 causa
1113 411 1319 487 aliqua
1345 411 1648 487 probabili
1676 427 1747 469 ac
1759 412 1855 484 pie
1871 415 1990 469 tate
2015 426 2087 468 eo
2100 409 2191 466 de-

2313 410 2487 486 ὥσπερ
2567 410 2720 475 ἄλλος
2809 413 2927 466 τινα
3003 415 3457 488 προστησάμενος,
3540 420 3631 471 καὶ
3721 430 3919 496 μικροῦ

529 510 802 578 veniens,
829 521 1042 562 verum
1071 504 1232 560 hanc
1261 502 1523 575 parandi
1544 502 1738 558 victus
1793 501 2110 569 rationem,
2138 513 2204 566 ut

532 601 687 660 alius
718 594 1053 671 quamlibet
1073 593 1254 649 aliam
1287 591 1400 648 sibi
1429 607 1777 665 proponens
1809 608 1822 646 :
1869 606 1942 647 ac
1979 605 2199 664 parum

533 690 728 748 abfuit
757 685 905 760 quin
939 688 1128 742 totam
1160 682 1341 738 etiam
1382 681 1708 738 Ecclesiam
1769 681 2018 738 sedibus
2075 679 2200 736 suis

534 777 1359 843 commoveret;contemnens
1371 772 1792 844 presbyterum
1807 771 2199 839 suum,virum

535 876 592 928 et
622 870 756 926 vitae
777 864 1046 923 instituto
1069 867 1125 919 et
1155 865 1326 918 aetate
1355 860 2196 930 venerandum,contemnens

532 956 1138 1030 cborepiscopum,ac
1159 965 1270 1007 nos
1283 949 1464 1008 etiam
1479 955 1770 1023 tanquam
1786 950 2011 1007 nullius
2027 948 2198 1022 pretii

531 1048 829 1114 homines;
863 1056 1221 1116 semperque
1252 1040 1608 1098 tumultibus
1638 1057 1708 1098 ac
1739 1039 2200 1113 perturbationi-

530 1139 650 1196 bus
690 1135 904 1192 urbem
935 1137 1116 1205 atque
1143 1130 1494 1187 universum
1521 1131 1749 1188 clerum
1801 1130 2081 1203 implens.
2115 1135 2196 1187 Ac

530 1226 801 1295 tandem,
825 1223 929 1280 ubi
953 1239 990 1280 ο.
1017 1237 1115 1278 me
1142 1224 1198 1276 et
1229 1219 1713 1294 achorepiscOpo
1738 1219 1972 1276 levibus
1993 1219 2192 1276 verbis

533 1316 889 1389 objurgatus
903 1315 1008 1382 est,
1023 1326 1097 1368 ne
1127 1313 1507 1382 contemptor
1536 1309 1821 1365 evaderet
1851 1309 2196 1380 {namjuve-

529 1421 639 1462 nes
669 1404 853 1462 etiam
867 1400 1238 1459 adeamdem
1267 1398 1714 1455 contumaciam
1739 1397 2191 1467 exercebat),fa-

534 1495 708 1552 cinus
749 1490 1086 1549 admodum
1118 1488 1319 1545 audax
1351 1493 1409 1543 et
1432 1487 1838 1543 inhumanum
1869 1486 2190 1556 excogitat.

531 1583 820 1655 Virgines,
854 1583 1153 1653 quotquot
1182 1577 1506 1650 potuit,per
1536 1575 1914 1647 sacrilegium
1945 1575 2194 1648 ,praeda-

536 1679 650 1745 tus,
684 1674 858 1728 nocte
885 1669 1230 1734 observata,
1262 1666 1468 1738 fugam
1495 1667 1774 1739 capessit.
1808 1666 2067 1723 Omnino
2090 1665 2194 1721 tibi

535 1763 744 1835 gravia
761 1761 892 1817 haec
922 1757 1303 1814 videbuntur.
1336 1759 1595 1829 Tempus
1610 1757 1660 1826 2
1673 1757 1787 1828 59
1801 1771 2044 1830 quoque
2057 1770 2192 1811 con-

534 1853 751 1910 sidera.
782 1847 1130 1906 Habebatur
1151 1846 1236 1902 ibi
1263 1850 1616 1909 conventus,
1642 1852 1822 1918 atque
1851 1846 2065 1915 ingens
2085 1860 2193 1900 un-

533 1942 872 2014 decunque,
919 1941 984 1993 ut
1027 1952 1138 2008 par
1175 1939 1284 2003 est,
1326 1934 1670 1991 conﬂuebat
1719 1935 2058 1990 multitudo.
2093 1933 2192 1990 Ille

535 2035 737 2090 autem
767 2026 1036 2084 vicissim
1067 2026 1321 2081 chorum
1349 2041 1530 2080 suum
1563 2024 1909 2095 introduxit,
1931 2024 2191 2095 juvenes

532 2121 882 2193 sequentem
911 2131 982 2172 ac
1012 2113 1463 2186 tripudiantem,
1485 2129 1556 2170 ac
1584 2113 1914 2186 plurimum
1945 2112 2193 2185 quidem

529 2208 780 2268 tristitiae
805 2206 922 2280 piis
957 2205 1330 2265 aﬂerentem,
1358 2203 1688 2276 plurimum
1711 2208 1914 2260 autem
1928 2203 2086 2258 risus
2110 2201 2193 2260 la-

533 2298 710 2356 scivis
732 2302 787 2352 et
805 2292 1414 2366 linguaprocacibus.
1462 2297 1664 2365 Neque
1711 2293 1804 2348 his
1853 2297 2190 2358 contentus,

534 2393 592 2446 et
618 2388 669 2444 si
686 2392 807 2443 tam
823 2383 1126 2442 atrocibus
1150 2387 1208 2438 et
1235 2381 1575 2448 horrendis;
1591 2382 1694 2438 sed
1709 2381 1887 2438 etiam
1913 2385 2194 2454 parentes

534 2482 601 2535 ut
627 2475 829 2545 audio,
858 2473 1160 2545 virginum
1183 2472 1500 2528 orbitatem
1532 2488 1655 2528 non
1704 2472 1980 2541 ferentes,
2013 2476 2192 2544 atque

535 2567 878 2640 dispersam
903 2562 1146 2620 turbam
1177 2560 1463 2618 reducere
1483 2562 1814 2634 cupientes,
1842 2567 1899 2616 et
1930 2561 2008 2617 ad
2040 2561 2190 2616 ﬁlia-

534 2672 673 2714 rum
695 2669 942 2710 suarum
978 2651 1165 2724 pedes
1198 2667 1337 2707 cum
1383 2651 1728 2721 gemitibus,
1772 2655 1836 2708 ut
1879 2653 2191 2706 consenta-

529 2761 716 2802 neum
765 2747 873 2811 est,
925 2740 1284 2809 accidentes,
1336 2740 1733 2797 admirandus
1770 2739 2009 2812 juvenis
2050 2756 2190 2796 cum

529 2832 900 2908 praedatoria
931 2846 1042 2887 sua
1061 2845 1246 2886 manu
1267 2829 1644 2886 contumeliis
1657 2835 1836 2904 atque
1857 2829 2192 2900 ignominia

526 2922 730 2980 afﬁcit.
764 2925 899 2978 Haec
927 2919 1104 2976 velim
1137 2935 1211 2974 ne
1242 2918 1494 2976 ferenda
1512 2919 1806 2975 existimet
1839 2920 2032 2992 pietas
2062 2923 2186 2974 tua:

525 3011 747 3069 etenim
771 3011 886 3067 hoc
907 3008 1234 3065 ludibrium
1268 3023 1591 3064 commune
1613 3009 1886 3064 omnium
1914 3012 2190 3064 nostrum

525 3106 614 3158 est
642 3119 655 3170 ;
692 3099 801 3156 sed
827 3099 887 3155 in
912 3098 1118 3171 primis
1144 3096 1292 3168 jube
1323 3114 1461 3153 eum
1484 3113 1624 3154 cum
1638 3098 1974 3168 virginibus
1995 3097 2188 3153 redire

523 3189 986 3248 Misericordiam
1043 3188 1205 3243 enim
1260 3187 1552 3260 aliquam,
1582 3187 1633 3242 si
1682 3187 1864 3243 modo
1905 3203 2042 3243 cum
2072 3187 2190 3243 tuis

521 3280 731 3337 litteris
758 3282 1111 3348 revertatur,
1152 3277 1372 3349 poterit
1427 3277 1756 3349 consequi;
1813 3277 1906 3332 sin
1964 3277 2186 3343 minus,

523 3369 790 3440 virgines
802 3367 1013 3424 saltem
1027 3368 1104 3423 ad
1121 3365 1450 3422 Ecclesiam
1471 3382 1673 3422 earum
1688 3371 1923 3423 matrem
1943 3367 2184 3423 remitte.

525 3458 698 3521 Quod
729 3459 778 3514 si
802 3459 918 3514 hoc
941 3457 1068 3514 ﬁeri
1093 3457 1321 3530 nequit,
1347 3461 1408 3513 at
1426 3460 1581 3512 certe
1607 3456 1670 3512 in
1694 3473 1796 3513 eas
1821 3473 1959 3529 quas
1991 3458 2187 3514 redire

526 3547 756 3614 volunt,
782 3546 1162 3619 tyrannidem
1202 3545 1462 3602 exerceri
1503 3561 1578 3600 ne
1608 3546 1854 3617 patiaris
1883 3565 1896 3614 ;
1925 3546 2031 3603 sed
2062 3563 2192 3620 per-

527 3638 716 3694 suade
748 3641 810 3693 ut
832 3636 909 3693 ad
932 3652 1046 3692 nos
1072 3640 1450 3692 revertantur
1483 3635 1746 3707 ;alioqui
1781 3639 1966 3692 Deum
1994 3642 2051 3693 et
2083 3637 2190 3693 ho-

529 3727 723 3783 mines
753 3729 1047 3782 testamur
1071 3725 1199 3780 haac
1226 3724 1474 3780 minime
1506 3728 1660 3780 recte
1677 3723 1824 3792 ﬁeri,
1859 3741 1969 3780 nec
1999 3741 2073 3781 ex
2094 3728 2194 3782 Ec-

527 3815 724 3872 clesiae
753 3814 1006 3886 legibus.
1037 3813 1342 3886 Glycerius
1360 3818 1561 3869 autem
1595 3813 1643 3868 si
1687 3830 1826 3869 cum
1875 3813 2192 3887 disciplina

529 3910 585 3960 et
623 3904 997 3975 congruendi
1048 3903 1346 3960 modestia
1373 3903 1600 3972 redeat,
1633 3903 1694 3959 id
1725 3903 2024 3976 optimum
2063 3920 2191 3967 ;se-

528 4012 637 4052 cus
663 4010 821 4066 vero,
857 3995 931 4050 sit
959 3985 996 4050 ἁ
1016 3993 1348 4050 ministerio
1373 3998 1666 4050 remotus.

537 4244 548 4256 ‘
602 4173 712 4256 (59)
749 4174 848 4224 Τὸν
887 4176 1313 4245 χωρεπίσκοπον.
1365 4170 1512 4227 Med.
1537 4176 1595 4228 et
1633 4172 1807 4228 Coisl.
1838 4172 2071 4242 primus
2096 4177 2184 4226 τὸν

528 4263 837 4299 επισκοπον,

603 4318 717 4389 (60)
753 4321 864 4389 Ἵνα
891 4334 962 4389 τι.
997 4312 1756 4389 C_ombef_isius_legendum
1789 4318 1960 4386 putat
1988 4317 2070 4366 ἵνα
2087 4321 2183 4387 μή,

528 4384 710 4455 Quasi
736 4387 898 4442 dicat
910 4385 1094 4458 Basili
1101 4402 1168 4439 us
1200 4384 1537 4456 Glycerium
1559 4384 2057 4458 neincréparetur
2077 4384 2185 4458 au:

525 4459 773 4530 fugisse.
812 4457 928 4514 Sed
953 4456 1101 4530 nihil
1130 4455 1380 4530 prorsus
1417 4455 1976 4530 mutandumfcum
2036 4457 2188 4514 illud

529 4527 620 4583 ἰνοῖ
639 4531 801 4586 idem
827 4533 1001 4584 sonet
1028 4527 1145 4583 hoc
1175 4527 1308 4582 loco
1332 4544 1402 4582 ac
1433 4527 1537 4599 ubi
1562 4528 1689 4582 sive
1714 4530 2185 4599 postquamﬂoc

530 4604 689 4658 enim
725 4617 908 4656 sensu
949 4598 1558 4670 usurpaturinepist.
1596 4603 1718 4655 199.
1771 4598 1872 4656 Sic
1897 4601 2075 4656 etiam
2127 4603 2188 4670 in

528 4675 805 4730 oratione
839 4674 895 4728 S.
929 4669 1209 4744 Ephrem.
1246 4671 1308 4744 in
1341 4669 1723 4744 ῌηΒμαείιίιίηι
1764 4688 1827 4743 p.
1851 4675 1937 4726 58.
1959 4671 2069 4725 Ἵνα
2101 4669 2187 4724 οὖν

527 4746 673 4797 καὶὸ
715 4746 901 4818 Κύριος
935 4738 1316 4818 σπλαγχνισθῇ
1355 4739 1432 4793 ἐπ’
1465 4738 1554 4812 ἐμέ
1593 4757 1606 4807 ;
1644 4738 1783 4818 Ubi:
1799 4758 1940 4818 ergo
1990 4745 2190 4800 Domi-

525 4832 639 4871 nus
657 4814 802 4886 erga'
828 4829 920 4870 me
935 4814 1351 4886 misericordia
1377 4818 1709 4868 commotus
1737 4815 1880 4883 fuit.

600 4886 711 4955 (61)
728 4884 1005 4956 ⁷(ΙωινΑεεῖ-ῖαι.
1037 4884 1193 4940 Harl.
1225 4888 1481 4956 φαίνεται.

603 4951 717 5037 (62⁷)
743 4957 804 5008 Ὀ
828 4953 954 5011 δε...
982 4961 1131 5016 νέοις.
1166 4951 1401 5026 Legitur
1429 4954 1490 5006 Ὀ
1523 4951 1606 5010 δὲ.
1626 4996 1660 5012 ..

535 5041 792 5096 gorium.

602 5097 990 5192 (βιωξΛτιμέοῇ
1010 5096 1164 5192 Harl.
1200 5095 1834 5192 ἀτιμάζειηεθάριιίωει
1864 5114 2049 5192 magn
2083 5101 2189 5155 ha-

535 5166 668 5250 buit
714 5166 910 5239 ἀτιμοῖ.
968 5167 1208 5238 Legitur
1236 5166 1416 5224 etiam
1473 5166 1718 5242 ἀτιμάζει
1756 5170 1923 5243 apud
1969 5173 2192 5241 Grego-

527 5255 707 5295 rium.

602 5313 708 5382 (64)
737 5314 839 5363 Καὶ
888 5311 990 5382 γὰρ
1024 5312 1212 5382 κοινός.
1267 5313 1510 5382 Παῖτος
1562 5311 1750 5366 nostri
1804 5313 2190 5368 vetustissimi

527 5381 769 5438 codices
803 5380 1046 5454 :plures
1090 5380 1247 5435 enim
1274 5381 1336 5436 in
1373 5381 1532 5436 hanc
1563 5382 1882 5454 epistolam
1933 5385 2192 5456 reperire

1695 4959 1800 5016 νέος
1853 4957 2020 5028 apud
2052 4959 2189 5013 Gre-

2229 3141 2269 3197 C

2309 504 2404 559 τήν
2436 500 2746 560 Ἐκκλησίαν
2777 508 2952 556 πᾶσαν
3005 503 3290 558 ἀνάστατον
3343 510 3616 576 πεποίηκε,
3669 528 3917 586 περιφρο-

2308 597 2405 641 νῶν
2434 593 2525 664 μὲν
2554 595 2642 644 τόν
2673 591 2859 646 ἑαυτοῦ
2912 593 3282 669 πρεσϐύτερνν,
3322 591 3495 671 ἄνδρα
3542 602 3633 651 καὶ
3679 599 3917 676 πολιτείᾳ

2307 693 2394 740 καὶ
2447 688 2629 763 ἡλικίᾳ
2679 687 2982 764 αἰδέσιμον,
3031 701 3353 768 περιφροοῶν
3409 690 3470 747 δὲ
3523 698 3612 748 τόν
3674 703 3914 772 χωρίπί-

2311 797 2505 832 σκοπον
2558 783 2695 850 (59),
2756 785 2846 834 καὶ
2895 783 3038 856 ἡμᾶς
3079 786 3145 844 ὡς
3194 779 3403 845 οὐδενός
3448 782 3646 848 ἀξίους·
3680 788 3914 863 θορύϐων

2309 864 2368 921 δὲ
2407 867 2484 922 ἀεὶ
2511 875 2602 924 καὶ
2637 880 2895 944 ταπαχῶν
2962 871 3172 946 πληρῶν
3229 876 3323 932 τὴν
3352 872 3524 941 πόλιν,
3564 880 3657 928 καὶ
3701 880 3914 952 σύμπαν

2306 963 2364 1012 τὸ
2424 963 2686 1034 ἱερατεῖον·
2740 968 2842 1015 Καὶ
2902 963 3065 1031 τέλος,
3095 964 3178 1016 ἱνα
3206 983 3260 1016 τι
3313 964 3429 1032 (60)
3457 963 3596 1038 λόγῳ
3625 965 3908 1045 ἐπιτιμηθῇ

2303 1053 2491 1127 μικρὸν
2521 1068 2648 1128 παρ’
2683 1053 2712 1112 ἠ
2722 1060 2832 1125 μῶν
2862 1058 2954 1106 καὶ
2982 1061 3075 1106 τοῦ
3105 1057 3545 1128 χωρεπισκόμου,
3575 1060 3704 1129 πρὸς
3741 1063 3797 1112 τό
3831 1065 3905 1133 μὴ

2303 1147 2641 1216 καταφρονεῖν
2672 1141 2828 1195 αὐτόν
2855 1143 2969 1214 (καὶ
3005 1145 3108 1220 γὰρ
3139 1149 3229 1196 καὶ
3281 1147 3404 1206 τούς
3441 1149 3584 1207 νέους
3621 1145 3901 1220 ἐγύμναζεν

2304 1232 2372 1294 εἰς
2408 1237 2502 1291 τὴν
2555 1232 2716 1292 αὐτὴν
2775 1232 3066 1306 ἀπόνοιαν),
3132 1241 3355 1310 πρᾶγμα
3421 1232 3708 1291 διανοεῖται
3796 1239 3913 1292 λίαν

2304 1321 2560 1396 τολμηρόν
2595 1327 2685 1376 καὶ
2709 1321 3072 1397 ἀπάνθρωπον.
3102 1324 3237 1383 Ευλὴ
3250 1344 3342 1386 σας
3369 1327 3465 1387 νῷν
3495 1328 3760 1400 παρθένων
3785 1329 3914 1394 ὃσας

2303 1408 2558 1482 ἠδύνατο,
2612 1418 2701 1466 καὶ
2761 1415 2925 1466 νύκτα
3014 1418 3274 1489 τηρήσας,
3341 1410 3609 1488 δραπέτης
3682 1422 3906 1490 γίνεται,

2306 1503 2447 1553 Ηάνυ
2481 1521 2566 1555 σοι
2592 1499 2738 1556 δεινὰ
2777 1511 2945 1555 ταῦτα
2999 1509 3228 1576 φανεῖταί
3259 1507 3398 1576 (61).
3441 1509 3626 1558 Σκόπει
3683 1513 3775 1560 καὶ
3823 1513 3910 1562 τὸν

2304 1595 2504 1665 καιρόν.
2568 1591 2758 1665 Ἦγετο
2827 1595 2917 1665 μὲν
2982 1594 3013 1651 ἡ
3079 1592 3247 1646 ἐκεῖσε
3311 1590 3548 1666 σύνοδος,
3622 1601 3715 1649 καὶ
3776 1598 3908 1651 πολύ

3079 1681 3280 1757 ἐπέρρει
3342 1686 3403 1735 τό
3464 1683 3686 1747 πλῆθος.
3745 1685 3804 1739 Ὀ
3849 1684 3910 1741 δὲ

2236 1774 2276 1828 Β
2307 1768 2550 1844 ἀντεξῆγε
2589 1775 2676 1824 τόν
2736 1770 2922 1825 ἑαυτοῦ
2975 1775 3141 1848 χορὸν
3195 1775 3322 1833 νέοις
3361 1774 3472 1845 (6‘2)
3513 1772 3795 1848 .inépuav,
3818 1782 3912 1830 καὶ

2305 1863 2732 1934 περιχορεύοντα,
2773 1866 2862 1913 καὶ
2922 1860 3114 1920 πολλὴν
3161 1863 3252 1933 μὲν
3303 1866 3588 1934 κατήφειαν
3667 1873 3914 1919 κινοῦντα

2303 1683 2654 1754 πανταχόθεν,
2719 1684 2787 1744 ὡς
2844 1682 2949 1735 εἰκό
2959 1703 2999 1749 ς,

2306 1957 2414 2012 τοῖς
2441 1949 2700 2018 εύλαϐἐσι,
2732 1950 2890 2003 πολύν
2922 1946 2958 2002 δ
2961 1953 2982 2002 ξ
3010 1949 3212 2022 γέλωτα
3241 1953 3348 2011 τοῖς
3399 1949 3653 2027 ἁκρατέσι
3685 1959 3778 2006 καὶ
3816 1959 3910 2014 τὴν

2305 2038 2547 2111 γλῶσσαν
2599 2039 2964 2115 ἑτοιμοτέροις.
3023 2041 3124 2092 1(άὶ
3153 2038 3246 2092 οὐκ
3291 2037 3439 2113 ἀρκεῖ
3477 2049 3666 2108 ταῦτα,
3720 2048 3909 2119 καίπερ

2306 2129 2597 2187 τηλικαῦτα
2623 2131 2746 2181 ὄντα
2795 2132 2854 2181 τό
2893 2129 3126 2202 μέγεθος·
3175 2127 3282 2181 ἀλλ’
3333 2131 3409 2181 ἔτι
3437 2134 3670 2193 καὶτοὺς
3719 2141 3912 2205 γονεῖς,

2307 2221 2378 2280 ὡς
2430 2220 2776 2292 πυνθάνομαι,
2839 2227 2939 2272 τῶν
3008 2219 3274 2293 παρθένων
3357 2223 3454 2278 τὴν
3549 2219 3786 2275 ἀτεκνίαν
3848 2223 3912 2276 ού

2307 2314 2570 2385 φέροντας,
2625 2315 2716 2362 καὶ
2767 2315 2860 2368 τὴν
2920 2306 3218 2385 διασπορὰν
3268 2309 3612 2385 ἐπαναγαγεῖν
3652 2311 3916 2386 βουλομέ-

2304 2419 2447 2468 νους,
2505 2405 2595 2452 καὶ
2643 2399 2752 2472 μετ’
2807 2396 3049 2474 ὀδυρμῶν
3107 2403 3558 2472 προσπίπτοντας,
3611 2405 3680 2465 ὡς
3745 2402 3907 2470 εἰκός,

2304 2496 2415 2550 ταῖς
2453 2488 2645 2542 ἑαυτῶν
2688 2491 3006 2564 θυγατράσι,
3045 2488 3371 2564 περιυϐρίζει
3402 2496 3492 2543 καὶ
3522 2489 3697 2564 ἀτιμοῖ
3733 2492 3848 2561 (63)
3876 2494 3908 2545 ὁ

2307 2580 2608 2652 θαῦμαστὸς
2627 2583 2884 2639 νεονίσκος
2927 2581 3059 2652 μετὰ
3108 2585 3201 2630 τοῦ
3254 2578 3540 2655 λῃστρικοῦ
3607 2583 3913 2654 συντάγμα-

2303 2688 2387 2730 τος
2476 2675 2653 2722 Ταῦτα
2692 2673 2764 2742 μὴ
2817 2666 3006 2720 ἀνεκτὰ
3062 2673 3272 2741 φανήτω
3306 2676 3366 2742 τῇ
3413 2677 3480 2742 σῇ
3516 2668 3771 2742 εύλαϐείῳ
3816 2677 3914 2725 καὶ

2302 2760 2403 2833 γὰρ
2453 2762 2620 2819 κοινὸς
2661 2758 2772 2829 (64)
2822 2759 3025 2810 πάντων
3056 2758 3203 2830 ἡμῶν
3255 2757 3477 2830 ὁγέλως⁹
3521 2758 3648 2811 ἀλλὰ
3673 2759 3914 2832 μάλιστα

2302 2851 2392 2920 μὲν
2433 2847 2587 2900 αὑτὸν
2644 2847 2886 2900 κέλευσον
2935 2850 3066 2920 μετὰ
3122 2855 3222 2899 τῶν
3270 2850 3536 2921 παρθένων
3590 2848 3908 2908 ἐπανελθεῖν.

2300 2940 2472 3009 Τύχοι
2531 2939 2630 3012 γὰρ
2698 2938 2758 2988 οἶν
2798 2956 2932 2997 τινος
2998 2935 3404 3010 φιλανθρωπίας,
3467 2938 3537 2999 εἰς
3601 2942 3734 3011 μετά
3801 2950 3910 2992 σῶν

2301 3024 2552 3085 ἐπανήκοῖ
2609 3029 2952 3100 γραμμάτων
3021 3026 3064 3078 εἰ
3121 3021 3180 3078 δι
3231 3031 3328 3098 μὴ,
3396 3028 3488 3088 τάς
3510 3046 3570 3099 γε
3617 3031 3912 3104 παρθένους

2301 3115 2608 3189 ἀπόπεμρον
2675 3123 2736 3174 τῆ
2806 3119 2972 3190 μητρί
3037 3114 3205 3166 αὐτῶν
3270 3122 3334 3174 τῆ
3403 3115 3711 3190 Ἐκκλησία.
3756 3118 3819 3170 Εἰ
3846 3115 3910 3172 δὲ

2301 3209 2372 3278 μὴ
2425 3205 2555 3275 (65),
2588 3207 2678 3266 τὰς
2719 3223 2780 3276 γε
2811 3203 3130 3278 βουλομένας
3157 3207 3526 3276 τυραννεῖσθαι
3571 3211 3645 3279 μὴ
3689 3226 3908 3278 συγχω-

2300 3298 2494 3368 ρήσης,
2553 3291 2660 3345 ἀλλ’
2726 3291 3018 3346 ἕπανελθεῖν
3085 3294 3327 3345 τύπωσον
3395 3293 3506 3364 (66)
3563 3298 3694 3370 πρός
3763 3296 3910 3368 ἡμᾶς

2302 3387 2332 3443 ἣ
2391 3384 2759 3457 μαρτυρόμεθα
2810 3402 2896 3435 σοι
2939 3383 3052 3453 (67)
3085 3382 3111 3434 ὃ
3153 3385 3245 3434 καὶ
3290 3390 3406 3454 Θεῷ
3456 3387 3548 3436 καὶ
3591 3383 3907 3460 ἀνθρώποις,

3523 3475 3733 3546 θεσμοῖς
3789 3475 3913 3527 Ἐκ-

2301 3562 2546 3624 κλησίας.
2579 3562 2852 3635 Γλυκέριος
2885 3559 2943 3614 δὲ
2973 3561 3016 3614 εἰ
3035 3567 3126 3635 μεν
3157 3562 3424 3614 ἐπανέλθοι
3453 3562 3565 3635 μετ’
3609 3561 3914 3637 ἐπιστήμης

2305 3655 2414 3723 (68)
2446 3657 2535 3704 καὶ
2565 3659 2659 3714 τῆς
2689 3654 2995 3724 πρεπούσης
3024 3651 3137 3723 (69)
3161 3651 3490 3721 εὐσταθείας,
3541 3659 3693 3706 τοῦτο
3751 3654 3914 3728 ἄρισ-

2303 3759 2410 3795 τον·
2445 3741 2489 3795 εἰ
2520 3738 2579 3794 δὲ
2608 3745 2704 3814 μὴ,
2739 3743 2871 3794 ἔστω
2900 3745 3223 3815 πεπαυμένος
3254 3750 3345 3803 τῆς
3365 3741 3674 3818 ὑπηρεσίας.

2302 3475 2384 3526 ὅτι
2432 3478 2503 3546 μὴ
2556 3473 2724 3534 καλῶς
2778 3480 2947 3524 ταῦτα
2993 3477 3215 3544 γίνεται,
3289 3469 3430 3545 μηδὲ

2293 4190 2416 4246 non
2443 4173 2628 4230 licuit.
2666 4173 2758 4231 Sic
2786 4173 2968 4229 etiam
3000 4171 3169 4246 apud
3199 4175 3369 4242 Greg.
3411 4170 3717 4228 Editiones
3749 4174 3920 4230 Basi-

2292 4245 2355 4301 lii
2383 4251 2483 4299 Καὶ
2521 4247 2651 4319 γςίιρ⁸
2663 4249 2855 4319 κοινόν.

2369 4321 2483 4388 (65)
2515 4313 2680 4369 Εἰ’δὲ
2729 4317 2822 4388 μή.
2872 4315 3024 4371 Editi
3049 4314 3288 4372 addunt
3323 4322 3494 4383 τοῦτο,
3526 4313 3695 4387 quod
3734 4313 3921 4373 deest

2295 4388 2357 4443 in
2390 4387 2582 4443 tribus
2612 4387 2829 4443 nostris
2857 4403 3002 4442 mss.

2367 4460 2481 4529 (66)
2519 4461 2792 4511 Τύπωσον.
2821 4461 2946 4514 Vox
2978 4457 3194 4514 Basilio
3226 4457 3559 4516 familiaris.
3593 4455 3685 4511 Sic
3737 4457 3914 4516 enim

2298 4529 2574 4603 pluribus
2605 4531 2666 4585 in
2699 4531 2846 4586 locis
2871 4535 3219 4603 usurpatur.

2369 4602 2483 4675 (67)
2540 4599 2926 4674 Μαρτυρόμεθὰ
2988 4599 3093 4656 σοι.
3143 4601 3316 4675 Coisl.
3371 4600 3741 4675 μαρτυρόμεθεὶ
3824 4621 3908 4653 σε.

2297 4671 2470 4748 Ijlarl.
2491 4671 2866 4748 μαρτυρόμεθα
2914 4675 3042 4748 Θεόν
3101 4679 3191 4748 καὶ
3219 4671 3563 4748 ἀνθρώπους
3611 4671 3915 4748 testamur

2297 4743 2908 4817 Deum'et’ili'omines.
2946 4745 3039 4800 Sic
3087 4744 3268 4800 etiam
3314 4743 3486 4817 apud
3527 4743 3911 4813 Gregorium,

2296 4816 2412 4872 nisi
2442 4816 2610 4889 quod
2633 4815 2850 4886 legitur
2878 4817 3281 4889 μαρτυρὼμεθα.

2368 4883 2496 4960 (68),
2519 4883 3253 4960 Ἐπιστῆμηςτίὲεθὶιάμω
3284 4890 3459 4959 putat
3505 4883 3914 4960 Combeﬁsius

2298 4955 2604 5018 ἑπτάστολῆς.
2641 4955 2976 5028 δὶοῚθεὶῐιπ
2992 4955 3169 5030 apud
3196 4955 3368 5085 Grég.
3403 4957 3704 5023 Nazianz.,
3737 4961 3796 5011 et
3823 4955 3910 5011 ad

2299 5029 2640 5085 marginem
2669 5028 2988 5085 ἐπιστήμης.
3017 5031 3157 5085 Quae
3197 5032 3302 5085 aui
3353 5045 3450 5085 em
3489 5044 3609 5083 vox
3657 5043 3796 5082 cum
3828 5027 3910 5082 le-

2299 5029 2640 5098 niarginem
2667 5027 2988 5102 ima-75pm.
3017 5027 3157 5094 Quae
3197 5027 3609 5102 quidemvox
3657 5043 3796 5102 cum
3828 5027 3914 5082 le-

2300 5107 2477 5171 gatur
2496 5102 2557 5156 in
2584 5101 2775 5156 tribus
2801 5098 3025 5156 nostris
3084 5098 3510 5157 vetustissimis
3561 5098 3914 5171 codicibus,

2297 5169 2422 5244 non
2459 5172 2632 5244 video
2663 5171 3123 5244 curﬂmutandaﬁ
3162 5173 3255 5228 sit.
3322 5174 3489 5244 Saepe
3535 5170 3698 5226 enim
3745 5169 3915 5225 idem

2300 5243 2455 5299 valet
2485 5260 2554 5298 ac
2584 5243 2904 5315 disciplina
2933 5248 2989 5300 et
3019 5243 3192 5302 ordo.

2374 5315 2486 5383 (69)
2513 5310 2845 5388 Πρεπούᾶἠς.
2878 5316 2965 5370 Ita
3013 5332 3161 5371 mss.
3205 5319 3262 5372 et
3301 5316 3477 5388 Greg.
3515 5316 3650 5371 Naz.
3685 5310 3918 5368 Editio—

2300 5369 2415 5440 nes
2435 5369 2628 5442 Basilii
2658 5369 2950 5462 παρόύσης.
