4152 6388
262 313 361 370 645

773 492 1112 542 ΕΠΙΣΤΟΛΗ
1151 485 1267 540 Ρσ.

1207 306 1702 366 EPISTOLABUM
1741 306 2026 366 CLASSIS
2069 307 2115 365 Ι.
2155 307 2370 366 EPIST.
2411 307 2661 368 CLXXII.

3506 315 3610 372 646

2475 488 2717 544 EPISTO
2727 488 2814 544 LA
2854 490 3074 546 CLXX‘.

481 615 761 687 Glycerio
792 613 1024 671 veniam
1046 611 1382 683 pollicetur
1407 611 1698 680 Basilius,
1727 611 1782 667 si
1809 611 1924 668 cito
1955 611 2184 682 redeat,
2217 627 2379 670 secus
2422 627 2582 682 vero,
2615 614 3040 684 depositionem
3070 618 3362 674 minatur.

919 719 1107 794 Γλυκερ
1115 724 1197 792 ίῳ.

306 817 486 888 Μέχρι
537 815 677 873 τίνος
724 809 940 883 ἀπονοῇ,
994 814 1084 862 καὶ
1112 816 1287 872 κακῶς
1330 810 1419 882 μὶν
1451 807 1674 882 βούλεύη
1725 812 1844 883 περὶ

242 911 481 974 σεαυτοῦ,
533 908 691 964 κινεῖς
734 897 793 954 δὲ
836 901 952 972 (70)
981 901 1137 972 ἡμᾶς,
1173 898 1447 970 αἰσχύνεις
1496 895 1555 952 δε
1584 901 1642 951 τὸ
1672 901 1842 951 κοινὸν

238 997 416 1068 τάγμα
464 1001 564 1046 τῶν
595 998 865 1065 μοναστῶν
893 1005 907 1056 ;
943 988 1212 1042 Ἐπάνελθε
1255 984 1342 1042 οὖν
1393 996 1466 1060 τῷ
1494 995 1608 1059 Θεῷ
1643 987 1842 1062 θαρρῶν

237 1089 324 1139 καὶ
373 1086 522 1156 ἡμῖν,
578 1081 640 1133 οὗ
694 1085 788 1139 τήν
838 1078 1224 1153 φιλανθρωπίαν
1275 1079 1599 1151 μιμούμεθα,
1649 1077 1710 1132 Εἰ
1736 1079 1839 1152 γὰρ

237 1180 324 1229 καὶ
388 1178 655 1248 πατρικῶς
714 1169 1126 1243 ἐπετιμήσαμεν,
1194 1167 1321 1220 ἀλλὰ
1380 1172 1470 1222 καὶ
1529 1172 1840 1240 συγγνωσὸ-

238 1266 370 1340 μεθα
418 1269 687 1336 πατρικῶς
719 1260 851 1330 (71).
895 1260 1074 1312 Ταῦτά
1126 1277 1211 1311 σοι
1249 1259 1372 1333 παρ’
1420 1260 1597 1331 ἡμῶνο
1655 1253 1836 1314 ἐπειδὴ

235 1354 414 1409 πολλοὶ
463 1372 519 1406 τε
574 1351 891 1404 ἱκετεύουσιν
943 1349 1110 1417 ἄλλοι,
1169 1353 1260 1401 καὶ
1314 1351 1416 1423 πρὸ
1473 1355 1573 1401 τῶν
1619 1347 1782 1400 ἄλλων
1813 1348 1838 1399 ὁ

236 1447 320 1505 σὸς
379 1440 753 1516 πρεσϐύτερος,
808 1435 866 1491 οὗ
911 1443 1004 1497 τὴν
1043 1437 1228 1491 πολιὰν
1279 1434 1574 1510 αἰδούμεθα
1618 1441 1708 1489 καὶ
1745 1441 1840 1495 τὴν

229 1531 650 1604 εὐσπλαγχνίαν.
685 1527 744 1582 Εἰ
802 1523 861 1580 δὲ
908 1529 1189 1600 μακρύνεις
1224 1526 1337 1598 (72)
1390 1524 1478 1598 ἀφ’
1532 1527 1700 1598 ἡμῶν,
1751 1533 1842 1578 τοῦ

230 1623 448 1697 βαθμοῦ
518 1622 610 1694 μὶν
658 1620 859 1679 πάντως
915 1617 1024 1688 (73)
1098 1616 1468 1678 ἐκπέπτωκας·
1531 1614 1719 1688 ἑκπεσῇ
1783 1612 1843 1669 δὲ

227 1717 314 1767 καὶ
382 1718 475 1766 τοῦ
530 1716 664 1764 Θεοῦ
719 1710 852 1782 μετὰ
887 1714 987 1759 τῶν
1016 1706 1179 1779 μελῶν
1214 1726 1308 1759 σου
1347 1711 1438 1759 καὶ
1488 1714 1584 1768 τῆς
1628 1705 1840 1774 στολῆς,

225 1806 296 1866 οἷς
315 1804 474 1876 ἄγεις
495 1803 590 1863 τὰς
614 1803 726 1862 νέας
751 1798 810 1852 οὐ
840 1801 967 1872 πρὸς
998 1800 1148 1867 Θεὸν,
1181 1795 1289 1849 ἀλλ’
1318 1796 1385 1858 εἰς
1417 1795 1704 1872 βάραθρον.

772 2019 1112 2067 ΕΠΙΣΤΟΛΠ
1152 2012 1316 2069 ΡΟΑ’.

1878 723 1926 777 Α

2647 722 2927 793 Glycerio

2024 807 2350 883 Quousque
2391 810 2638 868 tandem
2691 812 2954 870 amentia
2994 821 3265 888 praeceps
3305 815 3522 886 egeris,
3555 819 3614 874 et

1951 897 2061 954 tibi
2090 899 2336 968 quidem
2356 900 2486 973 ipse
2509 900 2663 958 male
2688 901 2989 972 consules,
3013 904 3251 961 animos
3281 909 3483 962 autem
3505 921 3611 962 no-

1951 990 2107 1043 stros
2155 990 2500 1059 concitabis,
2544 995 2725 1065 atque
2762 993 3116 1050 universum
3163 995 3608 1052 monachorum

1951 1081 2168 1134 coetum
2205 1079 2456 1136 infamia
2501 1086 2559 1138 et
2596 1081 2892 1138 dedecore
2936 1082 3209 1140 atﬁcies‘?
3248 1085 3390 1142 Redi
3429 1085 3612 1155 igitur

1952 1169 2072 1224 Deo
2092 1168 2279 1226 fretus
2324 1174 2379 1228 et
2410 1170 2608 1241 nobis,
2651 1171 2755 1244 qui
2785 1171 2914 1242 ejus
2943 1172 3377 1244 benignitatem
3408 1175 3610 1232 imita-

1950 1273 2106 1313 mur.
2136 1262 2285 1316 Nam
2316 1260 2362 1315 si
2383 1264 2637 1333 paterno
2659 1261 2864 1318 animo
2883 1263 3408 1335 reprehendimus,
3425 1265 3608 1322 etiam

1949 1351 2201 1419 paterno
2231 1349 2437 1405 animo
2462 1349 2864 1419 ignoscemus.
2892 1355 2976 1407 Ita
3000 1357 3200 1408 tecum
3223 1354 3460 1423 agimus
3490 1372 3504 1410 :
3535 1355 3612 1411 si-

1951 1437 2200 1512 quidem
2224 1438 2393 1494 multi
2415 1438 2513 1494 alii
2528 1444 2630 1496 tua
2650 1455 2837 1496 causa
2858 1441 3441 1514 supplicant,etante
3461 1444 3613 1502 alios

1952 1527 2271 1601 presbyter
2291 1529 2627 1599 tuus,cujus
2650 1529 2931 1586 canitiem
2951 1535 3009 1587 et
3027 1532 3502 1590 misericordiam
3523 1550 3613 1591 re-

1955 1633 2247 1672 veremur.
2265 1618 2436 1685 Quod
2465 1619 2514 1674 si
2536 1618 2760 1676 diutius
2782 1637 2819 1677 a
2838 1620 3014 1677 nobis
3035 1625 3090 1677 te
3115 1624 3612 1694 removes,gradu

1953 1705 2202 1779 quidem
2223 1707 2475 1764 omnino
2493 1708 2792 1778 excidisti;
2817 1712 3006 1766 Deum
3026 1714 3228 1768 autem
3241 1711 3421 1769 etiam
3442 1713 3614 1770 amit-

1955 1799 2060 1864 tes,
2076 1811 2216 1851 cum
2241 1796 2356 1852 tuis
2379 1797 2691 1853 cantilenis
2708 1803 2762 1854 et
2780 1797 2932 1855 stola
2957 1820 2970 1854 :
2993 1799 3217 1872 quibus
3235 1800 3417 1857 rebus
3441 1801 3613 1858 ducis

1953 1885 2436 1942 adolescentulus
2463 1901 2586 1942 non
2618 1887 2697 1943 ad
2729 1891 2938 1959 Deum,
2979 1890 3085 1945 sed
3125 1889 3204 1946 ad
3231 1890 3609 1949 barathrum.

2455 2013 2799 2070 EPISTOLA
2839 2015 3106 2073 CLXXI“.

720 2123 1003 2192 Queritur
1032 2123 1250 2178 iterum
1279 2120 1571 2188 Basilius,
1603 2118 1764 2192 quod
1792 2119 2114 2189 Glycerius
2143 2124 2200 2175 et
2231 2119 2495 2191 virgines
2525 2120 2792 2177 nondum
2820 2121 3133 2179 redierint.

880 2249 1170 2322 Γρηγορίῳ.

297 2356 630 2414 Ἐπέσταλκά
679 2374 764 2408 σοι
810 2358 901 2408 καὶ
930 2359 1111 2428 πρώην
1154 2357 1272 2426 περὶ
1313 2351 1590 2426 Γλυκερίον
1629 2355 1718 2404 καὶ
1744 2359 1844 2402 τῶν

226 2454 520 2527 παρθένων.
553 2448 621 2500 Οἱ
661 2442 721 2498 δέ
750 2441 958 2498 οὐδέπω
986 2448 1076 2496 καὶ
1118 2447 1341 2517 τήμερον
1371 2440 1706 2508 ἐπανηκασιν,
1735 2439 1843 2492 ἀλλ’

229 2546 303 2596 ἔτι
355 2539 661 2614 μέλλουσιν,
716 2536 810 2588 οὑκ
858 2531 982 2587 οἶδα
1035 2536 1146 2586 ὅθεν
1199 2536 1291 2584 καὶ
1347 2533 1503 2593 ὅπως.
1552 2531 1628 2583 Οὐ
1658 2533 1758 2604 γὰρ
1784 2530 1843 2582 ἂν

229 2631 390 2685 ἐκείνὸ
425 2649 521 2682 σου
547 2629 885 2698 καταγνοίην,
919 2627 988 2685 ὡς
1040 2621 1113 2696 ἐφ’
1147 2625 1373 2696 ἡμετέρᾳ
1422 2619 1639 2693 διαϐολῇ
1689 2629 1842 2672 τοῦτο

228 2728 413 2791 ποιεῖς,
475 2719 506 2778 ἣ
569 2717 726 2778 αὐτὸς
786 2717 1014 2786 πάσχων
1074 2733 1124 2765 τι
1186 2715 1314 2787 πρὸς
1371 2713 1533 2784 ἡμᾶς.
1584 2711 1614 2769 ἢ
1669 2709 1841 2773 ἄλλοις

231 2809 615 2883 χαριζόμενος.
673 2805 970 2858 Ἦκέτωσαν
1021 2799 1107 2855 οὖν
1159 2798 1326 2874 μηδὲν
1378 2797 1712 2861 δεδοικότες·
1775 2804 1841 2851 σὺ

233 2905 390 2971 γενοῦ
421 2899 606 2948 τούτου
646 2896 759 2966 (74)
788 2893 1069 2966 ἐγγυητὴς.
1105 2895 1206 2944 Καὶ
1235 2893 1336 2966 γὰρ
1385 2888 1637 2962 ἁλγοῦμεν
1668 2908 1843 2962 τεμνο-

241 2991 405 3060 μένων
433 2983 540 3057 (75)
584 2992 683 3037 τῶν
726 2982 911 3056 μελῶν,
948 2981 990 3034 εἰ
1027 2986 1116 3033 καὶ
1146 2980 1309 3040 καλῶς
1360 2981 1474 3047 (76)
1514 2976 1837 3051 ἐτμήθησαν.

241 3076 302 3129 Εἰ
361 3073 420 3128 δὲ
466 3074 808 3140 ἁντιτιίνοιεν,
860 3070 938 3124 ἐπ’
991 3070 1172 3131 ἄλλους
1227 3073 1286 3122 τὸ
1355 3068 1538 3144 βάρος,
1593 3073 1738 3140 ἡμεῖς
1788 3065 1848 3120 δὲ

241 3163 660 3238 ἀποπλυνόμεθα.

728 3290 1069 3340 ΕΠΙΣΤΟΛΗ
1109 3283 1265 3339 ΡΟΗ.

2639 2246 2948 2316 Gregorio.

2030 2348 2250 2422 Scripsi
2279 2349 2359 2406 ad
2388 2355 2442 2407 te
2473 2355 2529 2408 et
2560 2356 2739 2409 antea
2766 2352 2841 2408 de
2872 2353 3139 2426 Glycerio
3171 2357 3228 2410 et
3255 2354 3611 2425 virginibus.

1955 2442 2026 2495 At
2055 2438 2136 2494 illi
2162 2439 2424 2496 necdum
2449 2440 2630 2496 hodie
2658 2441 2997 2498 redierunt:
3023 2459 3229 2499 verum
3258 2444 3458 2500 adhuc
3490 2460 3618 2500 mo-

1953 2533 2197 2596 rantur;
2229 2545 2353 2600 qua
2397 2529 2470 2584 de
2502 2546 2704 2598 causa,
2737 2536 2794 2587 et
2822 2531 3133 2604 quomodo
3161 2532 3385 2588 nescio.
3414 2535 3614 2606 Neque

1953 2617 2114 2673 enim
2147 2617 2253 2673 tibi
2281 2619 2396 2674 hoc
2425 2620 2652 2675 crimen
2681 2620 3005 2687 intulerim,
3037 2623 3203 2695 quod
3235 2622 3475 2678 invidias
3509 2639 3613 2679 no-

1951 2707 2045 2763 bis
2066 2707 2342 2762 creandas
2362 2709 2540 2780 260
2561 2725 2748 2765 causa
2769 2709 2828 2765 id
2851 2710 3055 2779 facias,
3071 2711 3165 2766 vel
3187 2711 3313 2784 ipse
3337 2712 3614 2768 nonnihil

1952 2798 2127 2854 nobis
2150 2797 2436 2865 offensus,
2462 2797 2551 2854 vel
2578 2799 2832 2868 gratiam
2855 2800 2933 2856 ab
2958 2800 3090 2856 aliis
3121 2801 3337 2857 iniens.
3363 2802 3615 2858 Veniant

1951 2889 2150 2960 igitur,
2184 2888 2348 2944 omni
2392 2895 2556 2944 metu
2586 2890 2782 2960 posito
2817 2909 2830 2946 :
2861 2895 2986 2946 esto
3019 2897 3081 2947 tu
3105 2891 3286 2962 hujus
3316 2893 3401 2949 rei
3427 2908 3612 2965 spon-

1953 2995 2072 3034 sor.
2118 2977 2409 3049 Angimur
2440 2977 2600 3034 enim
2641 2978 2788 3034 dum
2828 2979 3106 3036 membra
3150 2981 3611 3054 abscinduntur,

1957 3067 2192 3124 etiamsi
2221 3072 2376 3123 recte
2407 3068 2658 3140 praecisa
2679 3068 3005 3134 sint.Quod
3029 3069 3079 3125 si
3099 3070 3438 3141 restiterint,
3473 3071 3616 3129 alio-

1954 3174 2092 3214 rum
2115 3157 2225 3213 erit
2253 3173 2428 3226 onus,
2461 3173 2573 3213 nos
2600 3162 2804 3213 autem
2831 3158 3159 3218 abluimur.

2396 3283 2731 3339 EPISTOLA
2773 3283 3086 3339 CLXXII“.

227 3415 552 3487 Signiﬁcat
578 3413 849 3469 Basilius
877 3427 939 3468 se
957 3426 1032 3467 ex
1059 3409 1390 3494 Sophronii
1419 3409 1634 3494 litteris
1665 3413 1720 3463 et
1732 3407 2021 3494 laetitiam
2055 3421 2119 3462 eo
2145 3409 2459 3494 majorem,
2483 3413 2776 3494 qualum:
2796 3411 3000 3494 rarior
3029 3419 3160 3466 erat
3191 3411 3614 3494 chantas,col-

453 3486 692 3557 legisse;
725 3489 781 3541 et
808 3499 1106 3539 summum
1133 3478 1268 3538 cum
1292 3481 1403 3536 hoc
1433 3482 1688 3536 Patrum
1718 3479 1864 3548 ﬁdei
1891 3478 2202 3550 defensore
2230 3479 2618 3550 colloquendi
2645 3480 3007 3537 desiderium
3044 3484 3398 3551 concepisse.

670 3612 942 3682 Σωφρονίῳ
983 3605 1252 3679 ἐπισκὸπῳ
1283 3605 1419 3678 (17).

298 3718 492 3779 Ὅπως
563 3719 828 3791 ηὔφρανας
901 3717 1038 3788 ἡμᾶς
1103 3722 1210 3774 τοῖς
1283 3714 1616 3787 γράμμασιν,
1699 3707 1850 3764 οὐδὲν

229 3806 469 3882 δεόμεθα
521 3807 761 3881 γράφειν.
841 3803 1078 3865 Εἱκάξεις
1148 3805 1247 3876 γὰρ
1301 3804 1506 3864 πάντως
1554 3801 1727 3862 αὐτοῖς
1775 3798 1850 3863 οἷς

227 3897 540 3958 ἐπέστειλας
593 3897 854 3956 τοιούτοις
905 3893 1046 3946 οὖσι.
1101 3896 1199 3945 Τὸν
1246 3895 1346 3967 γὰρ
1399 3901 1600 3966 πρῶτον
1653 3894 1852 3965 καρπὸν

227 3997 322 4042 τοῦ
377 3989 705 4058 Πνεύματος,
761 3989 856 4042 τὴν
905 3981 1137 4055 ἀγάπην,
1189 3979 1388 4045 ἔδειξας
1433 3983 1557 4054 ἡμῖν
1614 3977 1709 4032 διὰ
1760 3988 1851 4034 τοῦ

224 4082 571 4155 γράμματος.
603 4075 803 4128 Τούτου
855 4068 914 4125 δε
960 4092 1013 4124 τι
1062 4070 1122 4122 ἆν
1151 4075 1346 4144 γένοιτο
1393 4075 1696 4143 τιμιώτερον
1727 4071 1852 4143 ἡμῖν

229 4166 279 4220 ἐν
340 4175 406 4240 τῇ
471 4166 716 4238 παρούσῃ
771 4170 870 4214 τῶν
913 4169 1108 4236 καιρῶν
1159 4161 1504 4227 καταστάσει,
1549 4161 1724 4227 ἡνίκα,
1760 4156 1855 4212 διὰ

228 4261 290 4309 τὸ
339 4256 712 4314 πληθυνθῆναι
755 4257 850 4310 τὴν
904 4249 1141 4324 ἀνομίαν,
1203 4249 1372 4322 ἐψύγη
1423 4257 1522 4301 τῶν
1573 4248 1768 4300 πολλῶν
1820 4251 1849 4308 ἡ

231 4343 464 4417 ἀγάπης
524 4339 694 4396 Οὐδὲν
759 4343 861 4416 γὰρ
921 4341 1053 4393 οὕτω
1103 4342 1320 4392 σπάνιον
1376 4347 1465 4390 νῦν
1513 4341 1580 4401 ὡς
1631 4335 1856 4410 ἀδελφοῦ

235 4437 518 4504 συντυχία
589 4437 964 4503 πνευματικοῦ,
1031 4433 1119 4481 καὶ
1194 4429 1341 4503 ῥῆμα
1404 4429 1682 4502 εἰρηνικὸν,
1766 4432 1857 4480 καὶ

234 4526 573 4593 πνευματική
621 4525 883 4591 κοινωνία3
936 4519 998 4578 ἦν
1047 4520 1277 4592 εὑρόντες
1331 4517 1379 4570 ἐν
1415 4525 1478 4590 τῇ
1542 4526 1607 4589 σῇ
1668 4518 1856 4569 τελειό-

235 4630 371 4668 τητι
418 4609 1014 4686 ὕπερευχαριστήσαμεν
1075 4616 1148 4679 τῷ
1215 4611 1409 4680 Κυρίῳ,
1467 4603 1702 4678 δεόμενοι
1767 4611 1857 4658 καὶ

239 4709 343 4762 τῆς
402 4699 596 4763 τελείας
637 4699 720 4754 ἐπὶ
773 4703 858 4754 σοὶ
904 4705 1196 4772 μετασχεῖν
1255 4696 1592 4772 εὐφροσύνης.
1643 4696 1704 4749 Εἰ
1753 4697 1855 4771 γὰρ

299 4899 425 4974 (70)
466 4903 646 4974 Frui;
930 4893 1097 4974 .Harl.
1142 4892 1300 4974 ΕόίΐὶΔ
1343 4898 1497 4974 κινεςὶῖς
1527 4896 1639 4964 μέν.
1669 4891 1860 4949 Habet

225 4963 416 5027 etiam
454 4967 778 5040 Gregorius
808 4965 1214 5024 Nazianzenus
1245 4963 1647 5040 utedidimus.

297 5035 887 5122 (71).Συγγνωσὸμεθα
927 5045 1208 5122 πατρικῶς.
1263 5036 1412 5092 Male
1442 5035 1600 5108 apud
1642 5037 1856 5106 Grego-

222 5113 392 5168 rium
426 5111 655 5180 legitur
686 5117 1069 5177 πνευματικῶς.

297 5185 422 5254 (72)
456 5186 778 5256 Μακρύνεις.
818 5181 978 5236 Harl.
1013 5182 1318 5256 μακρύνοις.

460 5233 700 5314 ﬂantis);
740 5233 1221 5329 ilegisec‘undus
1251 5233 1464 5329 παντὸς.
1546 5322 1580 5329 κ

293 5319 419 5400 (74)
458 5329 532 5400 Σὺ
570 5332 721 5400 γενοῦ
773 5319 1121 5400 τοῦτονηιῐθ.
1163 5337 1314 5400 mss.
1370 5319 1692 5400 tres._Editi
1727 5338 1858 5390 συγ-

214 5390 381 5472 γένου
401 5390 639 5472 ῗτούτών.
676 5395 912 5472 Legitur
941 5394 1118 5472 etiam
1151 5395 1344 5472 τούτῶν
1365 5390 1539 5472 apud
1577 5393 1746 5472 Greg.

295 5471 442 5541 (75),
473 5462 829 5541 Τιμνομένοῖν.
854 5466 1134 5541 ,ιθεὶιιιιχ
1160 5462 1325 5541 apud
1358 5465 1530 5533 Greg.
1559 5467 1858 5535 τεμνόμενοι

213 5536 323 5596 τῶν
358 5536 574 5615 μέελῶνξ
615 5536 864 5615 a'bscisgi
890 5536 1260 5615 α,ηιθ⁷⁷ἓδ⁷’ί·ἶ’.
1307 5604 1317 5614 .
1713 5605 1728 5615 -
1820 5604 1830 5614 ·

291 5605 420 5686 (78)
461 5609 669 5672 Καλῶς.
697 5614 782 5667 Ita
807 5607 1103 5666 Harlaaani
1127 5605 1354 5663 codicis
1376 5620 1492 5678 ope
1512 5605 1860 5662 emendavi-

2459 3603 2802 3673 Sophronio
2834 3606 3138 3676 episcopo.-

2034 3711 2269 3774 Quanta
2289 3726 2386 3764 me
2416 3709 2616 3765 laetitia
2641 3710 2844 3767 litterae
2867 3715 2982 3767 tua:
3011 3712 3336 3784 affecerint,
3362 3714 3622 3772 scribere

1960 3797 2108 3854 nihil
2150 3798 2296 3854 mihi
2346 3815 2499 3870 opus
2529 3804 2640 3855 est.
2679 3800 2741 3855 Id
2772 3801 2932 3856 enim
2973 3801 3241 3872 profecto
3268 3803 3516 3874 conjicis
3547 3819 3621 3860 ex

1961 3888 2054 3944 his
2083 3904 2220 3960 quae
2269 3888 2577 3960 scripsisti,
2609 3905 2748 3944 cum
2790 3889 2931 3946 talia
2978 3890 3114 3946 sint.
3162 3891 3428 3947 Primum
3459 3893 3619 3949 enim

1965 3977 2218 4049 Spiritus
2258 3976 2541 4044 fructum,
2583 3977 2956 4048 charitatem,
2992 3979 3139 4036 mihi
3167 3997 3274 4053 per
3298 3982 3620 4054 epistolam

1963 4065 2298 4122 ostendisti.
2329 4066 2480 4132 Quid
2511 4071 2710 4122 autem
2733 4084 2805 4123 ea
2834 4083 2895 4123 re
2927 4069 3074 4124 mihi
3103 4071 3448 4142 possitesse
3474 4073 3624 4130 anti-

1963 4154 2142 4228 quius
2171 4154 2232 4210 in
2275 4154 2391 4210 hoc
2418 4159 2762 4228 temporum
2802 4161 2980 4226 statu,
3011 4174 3132 4230 quo
3159 4165 3403 4232 propter
3427 4161 3626 4218 multi-

1963 4245 2249 4318 plicatam
2280 4245 2655 4317 iniquitatem
2699 4246 2921 4303 refrixit
2952 4247 3280 4304 multorum
3311 4251 3573 4307 charitas
3593 4251 3623 4308 ?

1964 4335 2134 4389 Nunc
2165 4335 2324 4390 enim
2356 4335 2502 4390 nihil
2544 4340 2632 4391 est
2659 4339 2780 4391 tam
2812 4351 3036 4403 rarum,
3079 4353 3264 4409 quam
3297 4339 3622 4411 spiritualis

1964 4423 2161 4480 fratris
2194 4439 2580 4493 congressus,
2612 4429 2668 4480 et
2699 4423 2946 4479 verbum
2977 4425 3324 4497 paciﬁcum,
3355 4431 3412 4482 et
3441 4426 3622 4499 spiri-

1965 4512 2142 4568 tualis
2174 4512 2524 4568 communio
2557 4530 2570 4568 :
2601 4529 2783 4585 quam
2809 4513 2869 4567 in
2891 4517 2997 4568 tua
3037 4515 3371 4584 integritate
3410 4520 3620 4572 nactus

1968 4603 2221 4658 Domino
2249 4603 2470 4672 gratias
2492 4602 2608 4671 egi,
2642 4619 2824 4657 orans
2847 4607 2912 4658 ut
2931 4608 2987 4658 et
3013 4603 3320 4659 cumulata
3345 4605 3404 4659 in
3433 4609 3487 4661 te
3516 4603 3620 4660 lae-

1967 4691 2094 4747 titia
2122 4691 2410 4763 perfruar.
2453 4692 2511 4748 Si
2563 4691 2724 4747 enim
2757 4691 2902 4748 tales
2935 4691 3219 4764 epistolae,
3251 4693 3446 4765 qualis
3477 4709 3620 4751 con-

1965 4905 2102 4945 mus
2127 4888 2294 4962 quod
2320 4890 2379 4945 in
2407 4889 2579 4962 editis
2607 4888 2919 4962 legebatur
2947 4897 3136 4962 κακῶς.

2037 4960 2164 5036 (77)-
2197 4969 2460 5036 Σωρρονιῳ
2506 4960 2796 5036 ἐπισκόπω.
2845 4961 2938 5017 Sic
2967 4961 3128 5036 editi,
3158 4961 3337 5036 Cois].
3366 4963 3618 5036 primus,

1964 5033 2113 5089 Med.
2147 5037 2205 5089 et
2235 5031 2330 5088 alii
2360 5031 2656 5087 nonnulli.
2687 5034 2810 5087 Vat.
2844 5038 2900 5087 et
2949 5032 3206 5090 Clarom.
3240 5031 3470 5092 habent
3494 5041 3622 5092 tan-

1966 5109 2091 5176 tum
2123 5110 2412 5176 Σωφρονίῳ.
2448 5109 2796 5176 Atprorsus
2828 5104 3118 5176 mendose
3148 5105 3494 5164 Harlaeanus
3524 5123 3623 5163 co-

1966 5119 2091 5158 tum
2123 5119 2412 5176 Σωφρονιῳ.
2448 5119 2516 5158 At
2551 5119 2796 5228 prorsus
2828 5119 3118 5160 mendose
3149 5119 3494 5164 Harlaeanus
3524 5123 3621 5163 co-

1965 5175 2166 5259 dex‘et
2195 5159 2293 5256 alii
2321 5173 2550 5229 nonnul
2567 5173 2699 5259 .i,.in
2722 5175 2943 5259 quibus
2969 5177 3529 5259 prceceAdit‘epistola
3543 5178 3621 5259 ad

1968 5247 2371 5320 Sophronium
2419 5246 2798 5320 magistrum,
2839 5246 3067 5320 habent
3103 5257 3176 5318 τῷ
3208 5246 3368 5320 αὐτῷ.
3398 5250 3620 5320 Perspi-

1965 5317 2147 5392 cuum
2180 5317 2339 5392 enim
2362 5323 2448 5372 est
2467 5317 2624 5392 hanc
2651 5317 2970 5392 epistolam
2993 5319 3071 5374 ad
3091 5317 3472 5392 episcopum,
3497 5317 3621 5374 non

1965 5389 2042 5445 ad
2076 5390 2431 5461 magistrum
2461 5388 2796 5461 officiorum
2829 5388 3299 5461 scriptam'esse.

2039 5466 2057 5482 '
2097 5460 2257 5515 Alias
2290 5461 2598 5516 CCCCXIV.
2636 5460 2864 5532 Scripta
2893 5460 3052 5516 circa
3082 5477 3310 5516 annum
3342 5465 3466 5516 374.

2038 5533 2271 5612 iisiiss
2305 5531 2631 5612 (ὶδὲὶῐὲἕὲἓὲ.
2648 5531 2879 5612 δέτίρίεὲ
2906 5535 3065 5612 Cilica
3090 5547 3322 5587 annum
3353 5537 3476 5612 3.7.4:

2127 5603 2293 5658 Alias
2325 5603 2651 5659 CCCXXXV.
2675 5602 2908 5675 Scripta
2931 5602 3091 5659 circa
3113 5616 3345 5659 annum
3379 5606 3505 5661 374.
