4152 6374
492 319 599 378 647

1874 301 1932 358 S.
1970 290 2226 355 BASILII
2253 291 2478 352 MAGNI

3765 304 3877 361 648

491 461 742 518 gressus
765 443 792 499 ‘2
825 444 891 498 Et
922 440 972 497 si
997 437 1234 496 eminus
1267 435 1351 493 sic
1381 431 1571 507 capis,
1595 429 1808 504 quanti
1837 425 1951 484 eris
1977 421 2152 497 pretii

2270 419 2536 474 ἐπιστολαὶ
2593 427 2855 490 τοιαῦται,
2889 422 3046 476 ὁποία
3082 423 3111 480 ἡ
3157 427 3454 496 συντυχία;
3504 428 3607 478 Καὶ
3656 426 3702 479 εἰ
3738 428 3880 504 πόρ-

491 541 619 592 tum
650 550 790 590 cum
820 531 1097 588 cominus
1127 521 1513 599 conspicieris
1535 522 1562 578 ‘?
1592 521 1746 578 Scito
1780 523 2004 580 autem,
2037 511 2154 568 nisi

491 627 875 699 negotiorum
889 617 1425 680 innumerabilium
1445 611 1762 672 multitudo
1781 608 2156 665 detineretac

493 696 896 775 ineluctabilis
924 712 1025 768 illa
1045 708 1376 766 necessitas
1398 720 1522 778 qua
1544 696 2158 768 constringor,ipsum

497 823 595 864 me
647 806 725 863 ad
780 809 945 861 tuam
996 798 1396 868 integritatem
1443 793 1908 867 properaturum
1948 785 2154 843 fuisse.

499 899 862 968 Quanquam
907 903 1196 960 magnum
1226 883 1476 959 quidem
1513 879 2022 953 impedimentum
2047 877 2153 942 est,

497 963 827 1060 quominus
865 993 1134 1047 movear,
1165 979 1339 1032 vetus
1389 972 1490 1029 illa
1522 969 1791 1043 corporis
1822 963 2153 1037 aegritudo;

497 1054 604 1132 s—ed
627 1078 829 1130 tamen
851 1071 931 1127 ob
954 1071 1260 1142 speratam
1279 1062 1594 1120 utilitatem
1614 1060 1731 1116 hoc
1759 1054 2158 1129 impedimen-

495 1169 623 1222 tum
647 1179 778 1220 esse
803 1176 927 1218 non
953 1158 1283 1215 duxissem.
1317 1149 1612 1222 Congredi
1644 1148 1807 1205 enim
1838 1161 1978 1202 cum
2002 1142 2154 1212 viro,

493 1253 710 1312 eadem
741 1252 1058 1319 sentiente,
1089 1251 1147 1304 et
1170 1251 1414 1303 Patrum
1443 1241 1630 1298 ﬁdem
1660 1235 2038 1297 defendente,
2072 1233 2156 1290 uti

490 1345 566 1402 de
598 1348 651 1400 te
681 1338 1014 1398 venerandi
1044 1337 1255 1394 fratres
1287 1339 1344 1390 et
1371 1325 1852 1403 compresbyteri
1883 1324 2152 1389 narrant,

489 1439 579 1491 est
603 1431 874 1506 profecto
903 1431 983 1485 ad
1010 1426 1276 1500 priscam
1299 1421 1696 1479 Ecclesiarum
1718 1411 2156 1473 beatitudinem

486 1499 734 1590 reverti;
757 1536 898 1575 cum
915 1499 1094 1590 pauci
1113 1514 1361 1588 quidem
1384 1505 1738 1582 disputandi
1757 1503 1970 1561 morbo
1989 1499 2156 1557 labo-

487 1616 712 1681 rarent,
727 1624 944 1666 omnes
967 1611 1169 1663 autem
1189 1599 1513 1675 tranquillo
1531 1601 1733 1655 essent
1753 1593 2157 1657 animo,man—

489 1703 636 1759 data
656 1679 805 1757 citra
821 1697 1115 1772 pudorem
1141 1691 1538 1767 perﬁcientes,
1557 1684 1918 1760 per'nudam
1939 1684 1997 1737 et
2016 1679 2157 1734 sim-

491 1791 711 1866 plicem
754 1786 1200 1844 confessionem
1235 1780 1488 1837 Domino
1519 1775 1849 1832 servientes
1879 1772 1946 1842 ‘5,
1989 1785 2060 1824 ac
2091 1767 2154 1822 ﬁ-
2186 1802 2225 1856 Β

493 1859 634 1938 dem
661 1881 723 1936 in
754 1881 990 1933 Patrem
1018 1879 1075 1932 et
1107 1873 1316 1930 Filium
1341 1875 1398 1926 et
1430 1867 1714 1941 Spiritum
1754 1865 2033 1920 sanctum
2063 1859 2153 1915 in-

493 1969 840 2028 violabilem
862 1971 918 2024 et
938 1964 1185 2022 minime
1209 1961 1517 2020 curiosam
1543 1959 1878 2013 servantes.

994 2249 1340 2308 EPISTOLA
1388 2244 1682 2302 CLXXIII'.

2262 511 2422 586 ῥωθεν
2476 510 2640 573 οὕτως
2695 511 2875 584 αἱρεῖς,
2934 515 3102 564 πόσου
3151 512 3292 576 ἄξιος
3347 516 3440 587 ἔσῃ
3492 513 3709 587 ἐγγύθεν
3749 519 3879 590 ἡμῖν

2265 598 2562 671 ἐπιφανείς
2613 598 2684 652 Εὖ
2726 597 2785 652 δι
2829 602 2942 653 ἴσθι
2973 604 3106 667 (78),
3141 601 3184 654 εἰ
3231 606 3302 674 μὴ
3353 607 3551 677 μυρίων
3602 605 3878 678 ἀσχολιων

2264 696 2500 786 περιεῖχε
2554 688 2753 750 πλῆθος
2819 690 2954 761 (79),
3032 696 3122 744 καὶ
3179 697 3234 744 αἱ
3303 691 3661 766 ἀπαραίτητοι
3718 694 3879 751 αὗται

2265 775 2490 850 ἀνάγκαι
2547 779 2630 839 αἶς
2677 774 3009 852 ἐνδεδέμεθα,
3066 780 3220 833 αὐτόν
3267 801 3332 854 με
3378 781 3696 855 ἕπειχθῆναι
3742 791 3880 862 πρός

2264 871 2358 968 τὴν
2411 872 2509 927 σὴν
2565 867 2880 926 τελειότητα.
2957 873 3201 941 Καίτοιγε
3257 875 3393 944 μέγα
3471 892 3564 945 μοι
3620 873 3876 948 ἐμπόδιόν

2265 957 2380 1060 ἐστι
2425 960 2556 1032 πρὸς
2610 959 2700 1018 τὰς
2751 962 2986 1020 κινήσεις
3037 959 3067 1017 ἡ
3101 957 3303 1014 παλαιά
3332 961 3466 1019 αὕτη
3507 969 3600 1016 τοῦ
3630 970 3875 1038 σώματος

2267 1045 2554 1121 αρρωστία,
2627 1045 2734 1100 ἀλλ’
2797 1049 2934 1120 ὅμως
3007 1049 3102 1102 οὐκ
3150 1048 3210 1102 ἂν
3267 1049 3656 1125 ὑπελογισάμην
3709 1063 3867 1110 τοῦτο

2265 1133 2520 1209 ἐμπόδιον
2579 1145 2671 1198 τῆς
2726 1134 3169 1212 προσδοκωμένης
3242 1140 3404 1194 ἕνεκεν
3484 1141 3738 1215 ὡφελείας.
3795 1149 3868 1199 Τὸ

2263 1229 2364 1302 γὰρ
2399 1223 2553 1301 ἀνδρὶ
2599 1229 2664 1280 τὰ
2710 1227 2846 1280 αὖτά
2893 1235 3183 1300 φρονοῦντι,
3233 1234 3323 1282 καὶ
3354 1234 3449 1289 τὴν
3492 1240 3592 1284 τῶν
3632 1237 3873 1309 Πατέρων

2264 1315 2599 1391 πρεσϐεύοντι
2662 1322 2863 1384 πίστιν,
2917 1322 2984 1380 ὡς
3035 1321 3060 1372 ὁ
3108 1328 3208 1372 τῶν
3257 1326 3444 1393 τιμίων
3493 1319 3726 1396 ἀδελφῶν
3783 1329 3878 1378 καὶ

2267 1405 2739 1480 συμπρεσϐυτέρων
2807 1407 2954 1480 λόγος
3028 1409 3183 1480 (80),
3261 1410 3654 1474 καταξιωθῆναι
3730 1433 3878 1488 περι-

2262 1503 2464 1568 τυχεῖν,
2525 1499 2681 1559 ό’ντως
2733 1495 2876 1550 ἐστὶν
2940 1497 3012 1560 εἰς
3069 1503 3164 1558 τὴν
3218 1497 3451 1572 ἀρχαίαν
3504 1506 3880 1577 μακαριότητα

2263 1595 2363 1639 τῶν
2417 1586 2734 1646 Ἐκκλησιῶν
2783 1585 3088 1656 ἐπανελθεῖν,
3132 1593 3214 1643 ὅτε
3263 1589 3429 1663 ὀλίγοι
3632 1589 3770 1651 ἦσαν
3827 1596 3878 1647 οἱ

2263 1678 2534 1778 νοσούντες
2582 1681 2702 1751 περὶ
2755 1677 3020 1745 ζητήσεις,
3064 1677 3115 1733 ἐν
3155 1681 3367 1753 ἠσυχίᾳ
3397 1677 3456 1734 δὲ
3499 1678 3636 1740 ἦσαν
3661 1685 3876 1754 πάντες,

2265 1765 2477 1841 ἐργάται
2524 1769 2660 1828 ὄντες
2709 1775 2809 1819 τῶν
2865 1765 3076 1820 ἐντολῶν
3137 1771 3249 1839 (81)
3311 1768 3746 1843 ἀνεπαίσχυντοι,
3782 1769 3880 1827 διὰ

2265 1864 2361 1917 τῆς
2424 1853 2593 1916 ἁπλῆς
2648 1861 2739 1908 καὶ
2815 1855 3123 1932 ἀπεριέργου
3192 1858 3471 1931 ὁμολογίας
3544 1860 3878 1937 λατρεύοντες

2263 1953 2337 2016 τῷ
2392 1949 2566 2018 Κυρίῳ
2621 1948 2752 2017 (82),
2799 1951 2890 2000 καὶ
2919 1947 3113 2002 ἄσυλον
3165 1953 3257 2008 τὴν
3301 1954 3479 2004 πίστιν
3508 1956 3599 2004 καὶ
3639 1951 3878 2028 ἀπερίερ-

2262 2053 2354 2107 γον
2383 2038 2475 2092 την
2527 2034 2593 2096 εἰς
2621 2039 2828 2112 Πατέρα
2860 2040 2950 2088 καὶ
2978 2037 3098 2089 Υἱὸν
3145 2041 3235 2090 καὶ
3289 2038 3438 2111 ἅγιον
3487 2047 3698 2114 Πνεῦμα
3746 2037 3876 2095 δια-

2266 2122 2638 2196 φυλάσσοντες.

2827 2239 3164 2290 ΕΠΙΣΤΟΛΗ
3203 2235 3341 2290 ΡΟΓ’

489 2361 1058 2424 οεσιαναεθαείιιαε
1084 2373 1143 2415 se
1168 2371 1312 2413 νανο
1341 2354 1619 2436 ωηιξη»
1637 2348 2022 2436 dumeta“
2041 2341 2858 2436 ξίξίεξῖίξὶθῑξβῖοέρέειιξὲῖ
2877 2345 3163 2436 ne???”
3187 2346 3251 2401 ίη
3281 2359 3396 2418 quo
3417 2347 3720 2404 consistat
3741 2348 3885 2406 vitae

1241 2412 1617 2498 evangelicae
1632 2424 1997 2484 institutum,
2029 2412 2190 2486 quod
2227 2412 2537 2469 Theodora
2566 2415 2854 2483 amplexa
2879 2412 3109 2486 fuerat.

971 2535 1294 2595 Theodoras
1324 2533 1650 2591 canonica.

560 2669 793 2730 Tardus
829 2683 965 2724 sum
998 2663 1079 2722 ad
1111 2660 1521 2727 scribendum,
1546 2655 1712 2731 quod
1741 2651 1991 2712 minime
2023 2662 2156 2722 per-

486 2775 744 2818 suasum
761 2757 911 2814 mihi
925 2754 1233 2812 sitlitteras
1248 2766 1414 2807 meas
1429 2747 1678 2805 omnino
1695 2741 1868 2800 reddi
1881 2735 2158 2797 charitati

489 2858 629 2918 tuae,
650 2848 753 2905 sed
785 2843 1209 2920 perferentium
1227 2836 1983 2912 improbitateinnumeros
2009 2828 2158 2884 alios

493 2958 596 2999 eas
620 2939 787 3014 prius
808 2937 1006 3008 legere
1033 2953 1046 3004 ;
1088 2934 1260 3005 261
1297 2947 1434 2986 cum
1459 2925 1789 3003 praesertim
1812 2939 1883 2980 ea
1903 2935 2063 2977 nunc
2087 2917 2162 2972 sit

494 3010 696 3090 rerum
721 3024 1093 3102 perturbatio
1112 3023 1168 3079 in
1187 3021 1332 3078 orbe
1349 3017 1865 3081 terrarum.Quare
1880 3010 2160 3082 exspecto
2193 3054 2234 3109 Ο

502 3123 652 3178 dum
681 3099 950 3192 quodam
1005 3113 1190 3171 modo
1232 3113 1494 3179 incuser,
1518 3109 1611 3178 :ac
1640 3106 1848 3163 litterae
1877 3099 2162 3158 violenter

506 3191 902 3282 reposcantur
932 3225 944 3265 :
976 3209 1040 3260 ut
1067 3203 1184 3259 hoc
1206 3202 1564 3278 argumento
1607 3191 1911 3265 eas:_reddi
1943 3203 2162 3258 cogno-

506 3316 692 3357 scam.
717 3298 848 3355 Sive
872 3299 1073 3350 autem
1094 3277 1380 3356 scribam,
1405 3289 1524 3344 sive
1547 3292 1998 3355 taceam,unum
2015 3277 2162 3334 mihi

504 3404 658 3461 opus
685 3391 794 3453 est,
817 3385 880 3442 in
911 3382 1116 3440 animo
1155 3379 1468 3448 dignitatis
1509 3381 1625 3432 tuas
1654 3372 2162 3443 retinereﬁiemo-

503 3481 680 3544 riam,
700 3492 770 3531 ac
794 3473 1117 3530 Dominum
1140 3467 1392 3542 precari,
1413 3470 1479 3521 ut
1502 3465 1602 3521 det
1623 3463 1729 3520 tibi
1749 3476 1994 3519 cursum
2014 3455 2162 3513 boni

502 3568 659 3626 illius
687 3562 962 3631 instituti,
1000 3560 1162 3634 quod
1189 3557 1438 3629 elegisti,
1469 3553 1802 3612 absolvere.
1829 3553 1973 3607 Vere
1999 3547 2159 3604 enim

502 3671 625 3715 non
655 3655 785 3712 leve
811 3656 1119 3709 certamen
1143 3652 1232 3705 est
1251 3644 1638 3721 promittenti,
1666 3658 1798 3716 quae
1819 3657 1887 3696 ex
1909 3635 2162 3712 promis-

503 3745 582 3803 sis
629 3744 1085 3816 consequuntur
1128 3737 1407 3810 adjicere.
1442 3736 1590 3792 Nam
1631 3728 2043 3800 evangelicum
2074 3725 2162 3781 vi-

499 3833 682 3893 vendi
709 3815 900 3907 genus
918 3829 1201 3903 amplecti
1217 3824 1482 3898 cujusvis
1501 3827 1590 3880 est
1609 3839 1622 3879 :
1643 3820 1747 3877 sed
1767 3820 1945 3876 etiam
1964 3817 2042 3874 ad
2054 3815 2165 3871 mi-

500 3927 670 3983 nima
683 3905 942 3997 quaeque
965 3917 1453 3976 observationem
1480 3911 1830 3987 perducere,
1848 3923 1960 3964 nec
1989 3905 2164 3979 quid-

503 3995 947 4087 quamieorum,
979 4023 1114 4080 qua:
1137 4006 1253 4062 illic
1276 4002 1500 4075 scripta
1523 4005 1662 4056 sunt
1692 3998 2016 4069 negligere,
2049 3995 2164 4051 hoc

501 4086 681 4174 pauci
712 4097 1047 4155 admodum
1075 4110 1147 4149 ex
1174 4093 1268 4148 his
1294 4107 1446 4164 quos
1474 4087 1779 4155 novimus,
1813 4086 2113 4158 perfecere
2147 4100 2160 4138 :

504 4171 723 4262 nempe
747 4186 956 4256 lingua
975 4182 1293 4240 refraenata
1314 4179 1416 4250 uti,
1439 4183 1494 4233 et
1515 4177 1746 4233 erudito
1768 4192 1838 4233 ex
1863 4171 2165 4242 Evangelii

503 4285 705 4338 mente
728 4276 905 4334 oculo
931 4293 944 4330 :
968 4272 1204 4348 operari
1226 4269 1511 4326 manibus
1534 4266 1870 4324 secundum
1893 4263 2166 4338 proposi-

503 4374 632 4427 tum
656 4371 775 4423 Deo
797 4361 1111 4438 placendi:
1137 4359 1325 4435 pedes
1348 4358 1491 4414 item
1506 4369 1769 4426 movere,
1795 4359 1852 4410 et
1872 4368 1994 4409 uno
2014 4367 2164 4427 quo-

576 4514 623 4551 “
664 4509 878 4568 llTim.
911 4524 968 4580 ιι,
1008 4511 1092 4563 15.

573 4656 596 4676 "
633 4653 792 4711 Alias
823 4651 1020 4708 CCCll.
1053 4643 1467 4718 Scriptacirca
1485 4657 1722 4718 annum
1748 4644 1874 4718 371i.

577 4709 786 4796 (778)7Ei3
821 4719 880 4776 ci":
913 4723 1044 4774 ἰσθι.
1097 4709 1335 4796 Pronhis
1365 4714 1617 4796 vocibus
1646 4712 1861 4782 legitur
1889 4711 1952 4767 in
1984 4709 2161 4769 Coisl.

503 4788 701 4871 primo
730 4798 864 4871 ὥστε
893 4813 976 4866 με.
998 4788 1551 4871 λῃιΜθάξεξὲΕοιῶσστε
1583 4804 1692 4857 μοι.

578 4853 690 4940 (79)
723 4853 968 4940 Πλῆᾷᾀςτ-
997 4853 1147 4919 Editi
1179 4860 1416 4918 addunt
1444 4853 1606 4930 ἡμᾶς’,
1659 4854 1827 4927 quod
1882 4853 2052 4911 deest
2099 4853 2164 4910 in

505 4935 725 4996 novem
758 4935 1070 4992 codicibus
1100 4949 1247 4990 mss.

574 5011 687 5081 (80)
720 5013 905 5081 Λόγος.
939 5006 1039 5061 Hic
1068 5005 1249 5081 etiam
1291 5001 1434 5081 editi
1463 4999 1697 5055 addunt
1725 5000 1843 5077 περι
1877 5003 1992 5081 σοι),
2026 5012 2163 5067 quas

503 5067 691 5138 verba
719 5067 886 5133 nullo
906 5091 1159 5148 prorsus
1178 5073 1476 5148 in_c_odice
1507 5088 1622 5128 ms.
1651 5067 2052 5148 reperiuntur.

577 5151 689 5223 (81)
723 5140 984 5202 Ἐντολῶν.
1017 5145 1165 5223 Editi
1191 5145 1426 5223 addunt
1453 5151 1544 5196 τοῦ
1576 5148 1708 5223 φεοῦ
1735 5140 1863 5195 sine
1889 5154 2163 5223 necessa-

502 5210 595 5281 ria
612 5210 843 5279 ratione
864 5225 922 5274 et
942 5221 1156 5288 praeter
1184 5216 1457 5272 omnium
1483 5214 1760 5270 codicum
1787 5227 1930 5288 mss.
1953 5210 2160 5288 ﬁdem.

577 5280 690 5359 (82)
723 5280 1077 5362 ΛοιτριιύὁντιῑςΔ
1099 5296 1171 5357 τῷ
1203 5293 1413 5362 Rupis»,
1429 5290 1542 5362 aut.
1573 5287 1797 5340 Desunt
1821 5282 1951 5339 haec
1976 5280 2162 5339 verba

504 5367 564 5421 in
585 5356 962 5420 'Co’islini'ano
989 5356 1187 5421 primo
1219 5356 1361 5412 et'in
1398 5356 1694 5412 Medicaeo.

575 5437 686 5510 (8_3)
722 5436 854 5510 Πρὸς
885 5423 1161 5510 Θεοὸᾡραν
1199 5432 1494 5510 κανονικήνὶ.
1539 5431 1623 5481 ita
1661 5443 1805 5510 mnss.
1842 5440 1966 5480 sex.
2011 5423 2162 5479 Editi

509 5496 777 5581 Qeed‘riipu'
815 5496 1080 5581 κανονικῇξ
1135 5499 1314 5556 Addit
1352 5497 1508 5554 Harl.
1543 5503 1669 5570 Περι
1711 5496 1831 5570 βίου
1862 5503 2156 5558 κανονικοῦ,

508 5579 579 5633 de
609 5576 732 5633 vita
760 5576 1072 5632 canonica.

582 5649 694 5712 (84)
735 5653 968 5707 Παντως.
996 5648 1082 5702 Ita
1119 5656 1332 5701 omnes
1361 5639 1548 5696 nostri
1570 5643 1796 5696 veteres
1824 5638 1980 5696 libri.
2009 5637 2161 5695 Editi

2610 2522 2744 2594 Πρὸς
2785 2517 3063 2597 Θεοδώραν
3109 2527 3383 2582 κανονικήν
3403 2524 3539 2596 (83).

2337 2640 2621 2719 Ὀκνηροὺς
2674 2644 2810 2718 ἡμᾶς
2855 2653 2996 2700 ποιεῖ
3040 2649 3171 2723 πρὸς
3225 2650 3284 2700 τὸ
3339 2649 3554 2725 γράφειν
3581 2669 3639 2704 το
3670 2655 3741 2724 μὴ
3788 2671 3880 2705 πε-

2267 2733 2481 2785 πεῖσθαι
2539 2735 2635 2796 τὰς
2692 2732 2965 2798 ἐπιστολὰς
3016 2737 3157 2810 ἡμῶν
3212 2739 3418 2804 πάντως
3474 2738 3584 2811 (84)
3639 2738 3880 2815 ἐγχειρί-

2273 2825 2456 2884 ζεσθαι
2505 2831 2566 2896 τῇ
2626 2832 2689 2898 σῇ
2738 2823 2917 2899 ἀγάπη
2967 2825 3096 2881 ἀλλά
3139 2831 3301 2902 κακίᾳ
3355 2837 3454 2882 τῶν
3495 2825 3878 2884 διακονούντων

2271 2915 2492 3016 μυρίους
2565 2917 3000 2988 προεντυγχάνειν
3071 2915 3288 2993 ἐτέρους,
3349 2922 3438 2970 καὶ
3501 2918 3736 2993 μάλιστα
3785 2929 3880 2973 νῦν

2272 3005 2407 3054 οὕτω
2462 3008 2850 3078 τεταραγμένων
3068 3015 3168 3059 τῶν
3219 3010 3354 3060 κατὰ
3417 3013 3510 3068 τὴν
3569 3010 3880 3085 οἰκουμένην

2270 3094 2614 3167 πραγμάτων.
2684 3098 2867 3168 Διόπερ
2940 3095 3172 3168 ἀναμένω
3224 3102 3414 3173 τρόπον
3470 3102 3585 3153 τινὰ
3636 3104 3882 3175 μεμφθῆ-

2271 3202 2378 3248 ναι,
2433 3188 2522 3236 καὶ
2580 3181 2936 3243 ἀπαιτηθῆναι
2992 3185 3184 3259 βιαίως
3247 3190 3342 3250 τὰς
3397 3188 3692 3254 ἐπιστολὰς,
3743 3193 3882 3246 ὥστε

2274 3273 2415 3345 αὗτῳ
2475 3276 2643 3345 τούτῳ
2702 3279 2969 3351 τεκμηρίῳ
3025 3279 3347 3350 χρήσασθαι
3398 3289 3491 3341 τῆς
3551 3279 3880 3344 ἀποδόσεως.

2274 3368 2378 3417 Καὶ
2430 3365 2711 3438 γράφοντες
2771 3369 2861 3439 μεν
2916 3362 3003 3420 οὖν
3073 3372 3164 3421 καὶ
3241 3378 3536 3436 σιωπῶντες
3603 3372 3652 3425 ἓν
3727 3371 3882 3445 ἔργον

2271 3455 2482 3527 ἔχομεν,
2533 3453 2582 3507 ἐν
2637 3462 2750 3516 ταῖς
2805 3453 3058 3531 καρδίαις
3105 3459 3251 3531 ἡμῶν
3300 3459 3578 3532 φνλάσσειν
3607 3465 3703 3520 τὴν
3739 3429 3884 3535 μνή-

2272 3564 2373 3616 μην
2424 3553 2516 3606 τῆς
2592 3549 2937 3618 κοσμιότητός
2993 3566 3108 3614 σου,
3187 3552 3278 3600 καὶ
3328 3553 3728 3623 προσεύχεσθαι
3802 3561 3882 3623 τῷ

2274 3637 2451 3708 Κυρίῳ
2520 3629 2706 3685 δοῦναί
2766 3654 2852 3687 σοι
2894 3635 3099 3688 τελέσαι
3155 3639 3242 3688 τόν
3292 3639 3491 3714 δρόμον
3537 3649 3634 3702 τῆς
3672 3608 3883 3713 ἀγαθῆς

2271 3721 2550 3792 πολιτείας,
2607 3724 2745 3775 καθά
2809 3723 3070 3798 προείλου.
3125 3731 3208 3798 Τῷ
3261 3731 3368 3779 ὄντι
3422 3729 3524 3806 γὰρ
3583 3730 3642 3782 οὐ
3692 3735 3886 3806 μικρὸς

2274 3809 2410 3916 (Ern/city
2463 3811 2796 3916 όμὲογουντι
2849 3817 2965 3916 ‘(86)
3012 3824 3104 3876 τῆς
3183 3814 3488 3889 ἐπαγγελίας
3558 3821 3625 3872 τὰ
3698 3819 3887 3895 ἐφεξῆς

2273 3905 2500 3972 ἐπάγειν.
2546 3906 2616 3955 Τὸ
2664 3907 2752 3976 μὲν
2801 3907 2902 3978 γὰρ
2952 3905 3261 3978 προελέσθαι
3300 3911 3394 3965 τὴν
3451 3912 3585 3961 κατά
3617 3913 3674 3962 τό
3717 3910 3888 3984 Εὐαγ-

2272 3989 2440 4062 γέλιον
2505 3992 2766 4046 πολιτείαν
2816 3999 3045 4057 παντὸς.
3095 3997 3154 4048 τὸ
3215 3992 3274 4051 δε
3303 4001 3390 4049 καὶ
3441 4001 3606 4073 μέχρι
3645 4008 3745 4052 τῶν
3790 4022 3888 4076 μι-

2276 4083 2538 4186 κροτάτων
2598 4085 2742 4154 ἄγειν
2793 4089 2888 4142 τὴν
2941 4089 3330 4163 παρατήρησιν,
3400 4091 3489 4139 καὶ
3564 4085 3731 4164 μηδὲν
3781 4100 3888 4144 τῶν

2279 4177 2382 4271 εκεῖ
2431 4177 2799 4275 γεγραμμένων
2854 4181 3110 4250 παρορᾷν,
3160 4183 3310 4228 τοῦτο
3359 4179 3494 4230 πάνυ
3535 4178 3734 4251 ὀλίγοις
3782 4191 3888 4234 τῶν

2278 4278 2346 4321 εις
2422 4265 2674 4336 ἡμετέραν
2731 4270 2923 4334 γνῶσιν
2995 4266 3221 4321 ἡκόντων
3287 4268 3672 4342 κατώρθωται·
3747 4271 3890 4326 ὥστε

2275 4353 2365 4402 καὶ
2411 4348 2628 4424 γλώσσῃ
2675 4348 3005 4428 πεπεδημένη
3036 4355 3148 4426 (87)
3171 4358 3474 4431 κεχρῆσθαι
3499 4361 3589 4410 καὶ
3632 4358 3889 4436 ὀφθαλμῷ

2274 4659 2486 4723 παντας.
2537 4639 2720 4698 Paulo
2760 4640 3117 4723 postiidem
3148 4641 3288 4700 editi
3312 4647 3638 4719 μυρίοις.....
3661 4643 3884 4720 ἓτέροις.

2277 4698 2514 4783 Septem
2546 4729 2695 4769 mss.
2727 4698 2877 4768 u‘tin
2908 4698 3170 4768 textu?”
3227 4698 3232 4700 ⁷
3312 4698 3323 4719 ⁸
3387 4698 3398 4719 ⁵
3723 4698 3750 4720 θ’

2475 4787 2892 4872 ἶΓιετΞρριγμένων.
2915 4788 2998 4872 Ita
3019 4784 3195 4872 Coifi.
3221 4789 3493 4872 uterque,
3519 4787 3704 4872 H‘Etriq’
3725 4791 3877 4846 Med.

2273 4858 2331 4910 et
2361 4855 2546 4932 Biggt.
2577 4855 2724 4910 Editi
2743 4860 3078 4932 τεταγμένων.
3117 4857 3298 4914 Paulo
3330 4855 3484 4930 pbst’
3506 4859 3652 4917 editi
3682 4858 3876 4932 ἀναμέ-

2271 4927 2690 5008 vagiapinn‘es
2716 4942 2865 4982 mss.
2899 4931 2962 5008 ut
2989 4927 3050 4986 in
3082 4932 3262 4984 textu.
3331 4927 3348 4930 ’
3777 4927 3816 4985 ⁷.

2293 5071 2310 5079 ι.
2336 4998 2469 5079 ’(ξβ),
2488 4998 2876 5079 Ὁμολογοῡντι.
2910 5001 3005 5079 I_t_a_
3024 5004 3140 5079 tres
3170 5000 3569 5079 vetustissimi
3611 5003 3877 5060 codices.

2271 5069 2418 5156 Editi
2449 5069 2804 5156 ἀμολῖογονντά
2829 5070 3152 5156 7t.‘lbidem
3177 5072 3446 5144 quinque
3469 5081 3691 5144 mssurﬁ
3724 5077 3883 5148 ἑπαγ-

2270 5139 2437 5222 γελίοξ.
2467 5139 2582 5195 Sed
2609 5129 3753 5222 sequimaluimustresvetustissimos,
3774 5129 3884 5220 qui

2270 5211 2385 5297 lioc
2405 5211 2538 5266 loco
2559 5211 3436 5297 cum’editis‘cons-entiunt,_nisi
3456 5216 3622 5287 quod
3647 5211 3886 5276 habent

2271 5284 2476 5358 ἐπάγειν
2509 5297 2720 5358 pro_e0
2743 5284 2910 5356 quod
2941 5290 3066 5358 erat
3102 5286 3162 5358 in
3193 5285 3364 5358 editis
3395 5284 3692 5358 ἐπαγαγεῖν.

2318 5350 2452 5435 ,(87)
2474 5350 2832 5436 ῐζεπεᾷημεῦη.
2858 5356 3039 5436 Magis
3055 5356 3290 5436 placuit
3307 5357 3435 5414 haec
3459 5350 3759 5436 scriptura
3783 5376 3886 5417 co-

2270 5425 2475 5498 dicum
2504 5425 2659 5481 Harl.
2687 5425 2751 5482 et
2773 5425 2946 5483 Coisl.
2980 5425 3175 5498 primi,
3207 5444 3400 5498 quam
3422 5425 3670 5498 vulgata
3691 5450 3887 5486 πεπαι-

2272 5491 2540 5578 δευμένῃὶε.
2568 5499 2773 5568 lingua
2799 5491 3361 5578 Δσιιεςρριιζιιζηίῳω
3409 5491 3649 5558 codices
3687 5509 3748 5560 et
3778 5505 3888 5562 alii

2270 5568 2546 5626 nonnulli
2575 5571 2898 5643 κεχρῆσθαι.
2929 5569 3081 5628 Editi
3110 5573 3381 5643 χρῆσθαι.
