  <div class='ocr_page' id='page_1' title='image "/cluster/home/n/w/nwhite01/storage/ocr_20150623/32:no.4/coo.31924054869296/334.png"; bbox 0 0 4152 6380; ppageno 0'>
   <div class='ocr_carea' id='block_1_1' title="bbox 256 262 361 318">
    <p class='ocr_par' dir='ltr' id='par_1_1' title="bbox 256 262 361 318">
     <span class='ocr_line' id='line_1_1' title="bbox 256 262 361 318; baseline -0.01 0"><span class='ocrx_word' id='word_1_1' title='bbox 256 262 361 318; x_wconf 77' lang='grc'><strong>649</strong></span> 
     </span>
    </p>
   </div>
   <div class='ocr_carea' id='block_1_2' title="bbox 1217 259 2708 321">
    <p class='ocr_par' dir='ltr' id='par_1_2' title="bbox 1217 259 2708 321">
     <span class='ocr_line' id='line_1_2' title="bbox 1217 259 2708 321; baseline 0.002 -4"><span class='ocrx_word' id='word_1_2' title='bbox 1217 259 1704 320; x_wconf 81' lang='lat' dir='ltr'><strong>EPISTOLARUM</strong></span> <span class='ocrx_word' id='word_1_3' title='bbox 1751 259 2037 320; x_wconf 80' lang='lat' dir='ltr'><strong>CLASSIS</strong></span> <span class='ocrx_word' id='word_1_4' title='bbox 2074 261 2144 321; x_wconf 87' lang='lat' dir='ltr'><strong>Il.</strong></span> <span class='ocrx_word' id='word_1_5' title='bbox 2182 261 2398 320; x_wconf 87' lang='lat' dir='ltr'><strong>EPIST.</strong></span> <span class='ocrx_word' id='word_1_6' title='bbox 2438 259 2708 320; x_wconf 82' lang='lat' dir='ltr'><strong>CLXXIV.</strong></span> 
     </span>
    </p>
   </div>
   <div class='ocr_carea' id='block_1_3' title="bbox 3527 273 3633 330">
    <p class='ocr_par' dir='ltr' id='par_1_3' title="bbox 3527 273 3633 330">
     <span class='ocr_line' id='line_1_3' title="bbox 3527 273 3633 330; baseline 0.019 -3"><span class='ocrx_word' id='word_1_7' title='bbox 3527 273 3633 330; x_wconf 78' lang='lat'><strong>650</strong></span> 
     </span>
    </p>
   </div>
   <div class='ocr_carea' id='block_1_4' title="bbox 252 380 1869 460">
    <p class='ocr_par' dir='ltr' id='par_1_4' title="bbox 252 380 1857 459">
     <span class='ocr_line' id='line_1_4' title="bbox 252 380 1857 459; baseline 0 -20"><span class='ocrx_word' id='word_1_8' title='bbox 252 380 778 457; x_wconf 86' lang='grc' dir='ltr'>πεπαιδαγωγημένῳ</span> <span class='ocrx_word' id='word_1_9' title='bbox 824 384 964 437; x_wconf 86' lang='grc' dir='ltr'><strong>κατά</strong></span> <span class='ocrx_word' id='word_1_10' title='bbox 1008 383 1067 437; x_wconf 85' lang='grc' dir='ltr'>τὸ</span> <span class='ocrx_word' id='word_1_11' title='bbox 1110 383 1357 459; x_wconf 85' lang='grc' dir='ltr'>βούλημα</span> <span class='ocrx_word' id='word_1_12' title='bbox 1383 391 1477 437; x_wconf 84' lang='grc' dir='ltr'><strong>τού</strong></span> <span class='ocrx_word' id='word_1_13' title='bbox 1520 384 1857 458; x_wconf 77' lang='grc' dir='ltr'>Εύαγγελίου,</span> 
     </span>
    </p>
   </div>
   <div class='ocr_carea' id='block_1_5' title="bbox 1982 380 3636 460">
    <p class='ocr_par' dir='ltr' id='par_1_5' title="bbox 1982 385 3636 460">
     <span class='ocr_line' id='line_1_5' title="bbox 1982 385 3636 460; baseline 0.002 -18"><span class='ocrx_word' id='word_1_14' title='bbox 1982 401 2091 460; x_wconf 70' lang='lat' dir='ltr'><strong>que</strong></span> <span class='ocrx_word' id='word_1_15' title='bbox 2114 385 2393 443; x_wconf 92' lang='lat' dir='ltr'><strong>membro</strong></span> <span class='ocrx_word' id='word_1_16' title='bbox 2422 386 2506 444; x_wconf 91' lang='lat' dir='ltr'><strong>sic</strong></span> <span class='ocrx_word' id='word_1_17' title='bbox 2537 388 2644 456; x_wconf 91' lang='lat' dir='ltr'><strong>uti,</strong></span> <span class='ocrx_word' id='word_1_18' title='bbox 2666 391 2733 445; x_wconf 92' lang='lat' dir='ltr'><strong>ut</strong></span> <span class='ocrx_word' id='word_1_19' title='bbox 2759 386 2927 447; x_wconf 90' lang='lat' dir='ltr'><strong>initio</strong></span> <span class='ocrx_word' id='word_1_20' title='bbox 2948 388 3233 447; x_wconf 85' lang='lat' dir='ltr'><strong>Conditor</strong></span> <span class='ocrx_word' id='word_1_21' title='bbox 3249 393 3455 449; x_wconf 83' lang='lat' dir='ltr'><strong>noster</strong></span> <span class='ocrx_word' id='word_1_22' title='bbox 3478 392 3636 450; x_wconf 90' lang='lat' dir='ltr'><strong>ordi.</strong></span> 
     </span>
    </p>
   </div>
   <div class='ocr_carea' id='block_1_6' title="bbox 252 473 1859 550">
    <p class='ocr_par' dir='ltr' id='par_1_6' title="bbox 252 473 1859 550">
     <span class='ocr_line' id='line_1_6' title="bbox 252 473 1859 550; baseline 0.001 -23"><span class='ocrx_word' id='word_1_23' title='bbox 252 479 344 527; x_wconf 83' lang='grc' dir='ltr'><strong>καὶ</strong></span> <span class='ocrx_word' id='word_1_24' title='bbox 391 480 583 550; x_wconf 83' lang='grc' dir='ltr'>χερσὶν</span> <span class='ocrx_word' id='word_1_25' title='bbox 628 473 843 548; x_wconf 72' lang='grc' dir='ltr'><strong>ἐνεργεῖν</strong></span> <span class='ocrx_word' id='word_1_26' title='bbox 896 477 1032 528; x_wconf 87' lang='grc' dir='ltr'><strong>κατά</strong></span> <span class='ocrx_word' id='word_1_27' title='bbox 1077 476 1163 526; x_wconf 85' lang='grc' dir='ltr'>τὸν</span> <span class='ocrx_word' id='word_1_28' title='bbox 1206 478 1401 528; x_wconf 87' lang='grc' dir='ltr'>σκοπόν</span> <span class='ocrx_word' id='word_1_29' title='bbox 1442 483 1537 536; x_wconf 76' lang='grc' dir='ltr'>τῆς</span> <span class='ocrx_word' id='word_1_30' title='bbox 1576 475 1859 549; x_wconf 74' lang='grc' dir='ltr'>εὐαρεστή-</span> 
     </span>
    </p>
   </div>
   <div class='ocr_carea' id='block_1_7' title="bbox 258 559 1860 636">
    <p class='ocr_par' dir='ltr' id='par_1_7' title="bbox 258 559 1860 636">
     <span class='ocr_line' id='line_1_7' title="bbox 258 559 1860 636; baseline -0.001 -19"><span class='ocrx_word' id='word_1_31' title='bbox 258 582 383 625; x_wconf 83' lang='grc' dir='ltr'>σεως</span> <span class='ocrx_word' id='word_1_32' title='bbox 430 570 523 616; x_wconf 85' lang='grc' dir='ltr'>τοῦ</span> <span class='ocrx_word' id='word_1_33' title='bbox 579 571 732 630; x_wconf 81' lang='grc' dir='ltr'>Θεοῦ,</span> <span class='ocrx_word' id='word_1_34' title='bbox 772 567 863 616; x_wconf 85' lang='grc' dir='ltr'><strong>καὶ</strong></span> <span class='ocrx_word' id='word_1_35' title='bbox 901 559 1073 626; x_wconf 87' lang='grc' dir='ltr'>πόδας</span> <span class='ocrx_word' id='word_1_36' title='bbox 1128 570 1308 635; x_wconf 84' lang='grc' dir='ltr'>κινεῖν,</span> <span class='ocrx_word' id='word_1_37' title='bbox 1367 569 1457 617; x_wconf 79' lang='grc' dir='ltr'>καὶ</span> <span class='ocrx_word' id='word_1_38' title='bbox 1505 564 1707 636; x_wconf 77' lang='grc' dir='ltr'><strong>ἑκάστῳ</strong></span> <span class='ocrx_word' id='word_1_39' title='bbox 1759 574 1860 618; x_wconf 85' lang='grc' dir='ltr'>τῶν</span> 
     </span>
    </p>
   </div>
   <div class='ocr_carea' id='block_1_8' title="bbox 255 652 1862 729">
    <p class='ocr_par' dir='ltr' id='par_1_8' title="bbox 255 652 1862 729">
     <span class='ocr_line' id='line_1_8' title="bbox 255 652 1862 729; baseline 0.001 -23"><span class='ocrx_word' id='word_1_40' title='bbox 255 653 419 728; x_wconf 81' lang='grc' dir='ltr'>μελῶν</span> <span class='ocrx_word' id='word_1_41' title='bbox 468 653 601 705; x_wconf 74' lang='grc' dir='ltr'>οὕτω</span> <span class='ocrx_word' id='word_1_42' title='bbox 662 655 983 727; x_wconf 82' lang='grc' dir='ltr'>κεχρῆσθαι,</span> <span class='ocrx_word' id='word_1_43' title='bbox 1026 655 1097 717; x_wconf 83' lang='grc' dir='ltr'><strong>ὡς</strong></span> <span class='ocrx_word' id='word_1_44' title='bbox 1142 652 1197 717; x_wconf 79' lang='grc' dir='ltr'><strong>ἐξ</strong></span> <span class='ocrx_word' id='word_1_45' title='bbox 1235 652 1412 728; x_wconf 86' lang='grc' dir='ltr'>ἀρχῆς</span> <span class='ocrx_word' id='word_1_46' title='bbox 1464 656 1491 706; x_wconf 88' lang='grc' dir='ltr'><strong>ό</strong></span> <span class='ocrx_word' id='word_1_47' title='bbox 1538 658 1862 729; x_wconf 84' lang='grc' dir='ltr'>Δημιουργός</span> 
     </span>
    </p>
   </div>
   <div class='ocr_carea' id='block_1_9' title="bbox 257 740 1861 817">
    <p class='ocr_par' dir='ltr' id='par_1_9' title="bbox 257 740 1861 817">
     <span class='ocr_line' id='line_1_9' title="bbox 257 740 1861 817; baseline 0.002 -24"><span class='ocrx_word' id='word_1_48' title='bbox 257 744 404 815; x_wconf 80' lang='grc' dir='ltr'>ήμῶν</span> <span class='ocrx_word' id='word_1_49' title='bbox 460 742 783 815; x_wconf 83' lang='grc' dir='ltr'>ᾠκονόμησε·</span> <span class='ocrx_word' id='word_1_50' title='bbox 826 745 885 794; x_wconf 89' lang='grc' dir='ltr'>τὸ</span> <span class='ocrx_word' id='word_1_51' title='bbox 942 740 991 794; x_wconf 73' lang='grc' dir='ltr'>ἓν</span> <span class='ocrx_word' id='word_1_52' title='bbox 1033 749 1096 815; x_wconf 77' lang='grc' dir='ltr'>τῇ</span> <span class='ocrx_word' id='word_1_53' title='bbox 1142 742 1440 817; x_wconf 79' lang='grc' dir='ltr'>καταστολῇ</span> <span class='ocrx_word' id='word_1_54' title='bbox 1496 747 1739 817; x_wconf 78' lang='grc' dir='ltr'>κόσμιον,</span> <span class='ocrx_word' id='word_1_55' title='bbox 1801 747 1861 797; x_wconf 90' lang='grc' dir='ltr'>τὸ</span> 
     </span>
    </p>
   </div>
   <div class='ocr_carea' id='block_1_10' title="bbox 257 828 1861 907">
    <p class='ocr_par' dir='ltr' id='par_1_10' title="bbox 257 828 1861 907">
     <span class='ocr_line' id='line_1_10' title="bbox 257 828 1861 907; baseline 0.001 -23"><span class='ocrx_word' id='word_1_56' title='bbox 257 834 306 884; x_wconf 73' lang='grc' dir='ltr'>ἓν</span> <span class='ocrx_word' id='word_1_57' title='bbox 336 837 449 892; x_wconf 87' lang='grc' dir='ltr'>ταῖς</span> <span class='ocrx_word' id='word_1_58' title='bbox 490 836 806 903; x_wconf 78' lang='grc' dir='ltr'><strong>συντυχίαις</strong></span> <span class='ocrx_word' id='word_1_59' title='bbox 852 839 954 884; x_wconf 86' lang='grc' dir='ltr'>τῶν</span> <span class='ocrx_word' id='word_1_60' title='bbox 1000 828 1206 907; x_wconf 83' lang='grc' dir='ltr'>ἀνδρῶν</span> <span class='ocrx_word' id='word_1_61' title='bbox 1248 831 1659 906; x_wconf 75' lang='grc' dir='ltr'><strong>πεφυλαγμένον,</strong></span> <span class='ocrx_word' id='word_1_62' title='bbox 1708 836 1768 886; x_wconf 91' lang='grc' dir='ltr'>τὸ</span> <span class='ocrx_word' id='word_1_63' title='bbox 1812 831 1861 886; x_wconf 81' lang='grc' dir='ltr'>ἐν</span> 
     </span>
    </p>
   </div>
   <div class='ocr_carea' id='block_1_11' title="bbox 263 919 1862 996">
    <p class='ocr_par' dir='ltr' id='par_1_11' title="bbox 263 919 1862 996">
     <span class='ocr_line' id='line_1_11' title="bbox 263 919 1862 996; baseline 0.002 -24"><span class='ocrx_word' id='word_1_64' title='bbox 263 919 543 996; x_wconf 82' lang='grc' dir='ltr'><strong>βρώμασιν</strong></span> <span class='ocrx_word' id='word_1_65' title='bbox 574 924 847 996; x_wconf 72' lang='grc' dir='ltr'>αὔταρκες,</span> <span class='ocrx_word' id='word_1_66' title='bbox 877 923 937 975; x_wconf 89' lang='grc' dir='ltr'><strong>τό</strong></span> <span class='ocrx_word' id='word_1_67' title='bbox 975 919 1027 974; x_wconf 82' lang='grc' dir='ltr'>ἐν</span> <span class='ocrx_word' id='word_1_68' title='bbox 1075 928 1140 995; x_wconf 73' lang='grc' dir='ltr'>τῇ</span> <span class='ocrx_word' id='word_1_69' title='bbox 1197 926 1387 981; x_wconf 86' lang='grc' dir='ltr'>κυήσει</span> <span class='ocrx_word' id='word_1_70' title='bbox 1424 931 1524 975; x_wconf 88' lang='grc' dir='ltr'>τῶν</span> <span class='ocrx_word' id='word_1_71' title='bbox 1566 922 1862 995; x_wconf 78' lang='grc' dir='ltr'>ἀναγκαίων</span> 
     </span>
    </p>
   </div>
   <div class='ocr_carea' id='block_1_12' title="bbox 192 1008 1863 1086">
    <p class='ocr_par' dir='ltr' id='par_1_12' title="bbox 192 1008 1863 1086">
     <span class='ocr_line' id='line_1_12' title="bbox 192 1008 1863 1086; baseline 0.001 -24"><span class='ocrx_word' id='word_1_72' title='bbox 192 1067 201 1074; x_wconf 60' lang='grc'><strong>,</strong></span> <span class='ocrx_word' id='word_1_73' title='bbox 262 1008 557 1082; x_wconf 81' lang='grc' dir='ltr'>ἀπέριττον.</span> <span class='ocrx_word' id='word_1_74' title='bbox 619 1016 798 1064; x_wconf 84' lang='grc' dir='ltr'>Ταῦτα</span> <span class='ocrx_word' id='word_1_75' title='bbox 857 1011 1030 1063; x_wconf 86' lang='grc' dir='ltr'>πάντα</span> <span class='ocrx_word' id='word_1_76' title='bbox 1078 1013 1243 1086; x_wconf 88' lang='grc' dir='ltr'>μικρά</span> <span class='ocrx_word' id='word_1_77' title='bbox 1321 1014 1412 1085; x_wconf 70' lang='grc' dir='ltr'>μὲν</span> <span class='ocrx_word' id='word_1_78' title='bbox 1490 1011 1666 1074; x_wconf 83' lang='grc' dir='ltr'>ἁπλῶς</span> <span class='ocrx_word' id='word_1_79' title='bbox 1728 1012 1863 1065; x_wconf 78' lang='grc' dir='ltr'>οὕτω</span> 
     </span>
    </p>
   </div>
   <div class='ocr_carea' id='block_1_13' title="bbox 259 1096 1867 1174">
    <p class='ocr_par' dir='ltr' id='par_1_13' title="bbox 259 1096 1867 1174">
     <span class='ocr_line' id='line_1_13' title="bbox 259 1096 1867 1174; baseline 0 -21"><span class='ocrx_word' id='word_1_80' title='bbox 259 1098 529 1172; x_wconf 86' lang='grc' dir='ltr'>λεγόμενα,</span> <span class='ocrx_word' id='word_1_81' title='bbox 582 1099 810 1173; x_wconf 86' lang='grc' dir='ltr'>μεγάλου</span> <span class='ocrx_word' id='word_1_82' title='bbox 859 1096 920 1153; x_wconf 71' lang='grc' dir='ltr'>δὲ</span> <span class='ocrx_word' id='word_1_83' title='bbox 985 1098 1182 1173; x_wconf 84' lang='grc' dir='ltr'>ἀγῶνος</span> <span class='ocrx_word' id='word_1_84' title='bbox 1224 1100 1298 1163; x_wconf 85' lang='grc' dir='ltr'><strong>εἰς</strong></span> <span class='ocrx_word' id='word_1_85' title='bbox 1355 1104 1416 1153; x_wconf 85' lang='grc' dir='ltr'><strong>τό</strong></span> <span class='ocrx_word' id='word_1_86' title='bbox 1472 1102 1867 1174; x_wconf 80' lang='grc' dir='ltr'>κατορθωθῆναι</span> 
     </span>
    </p>
   </div>
   <div class='ocr_carea' id='block_1_14' title="bbox 264 1188 1864 1266">
    <p class='ocr_par' dir='ltr' id='par_1_14' title="bbox 264 1188 1864 1266">
     <span class='ocr_line' id='line_1_14' title="bbox 264 1188 1864 1266; baseline 0.003 -25"><span class='ocrx_word' id='word_1_87' title='bbox 264 1188 558 1264; x_wconf 72' lang='grc' dir='ltr'>χρῄζοντα,</span> <span class='ocrx_word' id='word_1_88' title='bbox 601 1192 669 1251; x_wconf 87' lang='grc' dir='ltr'>ὡς</span> <span class='ocrx_word' id='word_1_89' title='bbox 722 1188 801 1243; x_wconf 75' lang='grc' dir='ltr'><strong>ἐπ’</strong></span> <span class='ocrx_word' id='word_1_90' title='bbox 844 1188 1004 1251; x_wconf 78' lang='grc' dir='ltr'>αὐτῆς</span> <span class='ocrx_word' id='word_1_91' title='bbox 1034 1190 1144 1261; x_wconf 88' lang='grc'><strong>(88)</strong></span> <span class='ocrx_word' id='word_1_92' title='bbox 1193 1199 1290 1253; x_wconf 86' lang='grc' dir='ltr'>τῆς</span> <span class='ocrx_word' id='word_1_93' title='bbox 1336 1190 1578 1251; x_wconf 76' lang='grc' dir='ltr'><strong>ἀληθείας</strong></span> <span class='ocrx_word' id='word_1_94' title='bbox 1631 1191 1864 1266; x_wconf 78' lang='grc' dir='ltr'>εὕρομεν.</span> 
     </span>
    </p>
   </div>
   <div class='ocr_carea' id='block_1_15' title="bbox 267 1278 1866 1356">
    <p class='ocr_par' dir='ltr' id='par_1_15' title="bbox 267 1278 1866 1356">
     <span class='ocr_line' id='line_1_15' title="bbox 267 1278 1866 1356; baseline 0.001 -23"><span class='ocrx_word' id='word_1_95' title='bbox 267 1282 364 1334; x_wconf 77' lang='grc' dir='ltr'><strong>Καὶ</strong></span> <span class='ocrx_word' id='word_1_96' title='bbox 416 1281 508 1352; x_wconf 66' lang='grc' dir='ltr'>μὲν</span> <span class='ocrx_word' id='word_1_97' title='bbox 560 1283 651 1331; x_wconf 82' lang='grc' dir='ltr'>καὶ</span> <span class='ocrx_word' id='word_1_98' title='bbox 702 1280 763 1332; x_wconf 83' lang='grc' dir='ltr'>τὸ</span> <span class='ocrx_word' id='word_1_99' title='bbox 813 1278 864 1332; x_wconf 83' lang='grc' dir='ltr'><strong>έν</strong></span> <span class='ocrx_word' id='word_1_100' title='bbox 920 1287 984 1353; x_wconf 78' lang='grc' dir='ltr'>τῇ</span> <span class='ocrx_word' id='word_1_101' title='bbox 1041 1282 1485 1356; x_wconf 73' lang='grc' dir='ltr'>ταπεινοφροσύνῃ</span> <span class='ocrx_word' id='word_1_102' title='bbox 1538 1280 1745 1349; x_wconf 85' lang='grc' dir='ltr'>τέλειον,</span> <span class='ocrx_word' id='word_1_103' title='bbox 1801 1284 1866 1342; x_wconf 85' lang='grc' dir='ltr'>ὡς</span> 
     </span>
    </p>
   </div>
   <div class='ocr_carea' id='block_1_16' title="bbox 262 1372 1866 1444">
    <p class='ocr_par' dir='ltr' id='par_1_16' title="bbox 262 1372 1866 1444">
     <span class='ocr_line' id='line_1_16' title="bbox 262 1372 1866 1444; baseline 0.002 -23"><span class='ocrx_word' id='word_1_104' title='bbox 262 1372 381 1442; x_wconf 85' lang='grc' dir='ltr'>μέτε</span> <span class='ocrx_word' id='word_1_105' title='bbox 426 1373 695 1444; x_wconf 87' lang='grc' dir='ltr'>προγόνων</span> <span class='ocrx_word' id='word_1_106' title='bbox 744 1373 1077 1443; x_wconf 74' lang='grc' dir='ltr'>περιφανείας</span> <span class='ocrx_word' id='word_1_107' title='bbox 1123 1372 1442 1443; x_wconf 79' lang='grc' dir='ltr'>μεμνῆσθαι,</span> <span class='ocrx_word' id='word_1_108' title='bbox 1500 1375 1652 1444; x_wconf 88' lang='grc' dir='ltr'>μήτε,</span> <span class='ocrx_word' id='word_1_109' title='bbox 1717 1373 1762 1423; x_wconf 84' lang='grc' dir='ltr'>εἶ</span> <span class='ocrx_word' id='word_1_110' title='bbox 1814 1390 1866 1424; x_wconf 91' lang='grc' dir='ltr'><strong>τι</strong></span> 
     </span>
    </p>
   </div>
   <div class='ocr_carea' id='block_1_17' title="bbox 262 1457 1869 1532">
    <p class='ocr_par' dir='ltr' id='par_1_17' title="bbox 262 1457 1869 1532">
     <span class='ocr_line' id='line_1_17' title="bbox 262 1457 1869 1532; baseline 0.001 -21"><span class='ocrx_word' id='word_1_111' title='bbox 262 1459 496 1531; x_wconf 77' lang='grc' dir='ltr'>ὑπάρχει</span> <span class='ocrx_word' id='word_1_112' title='bbox 532 1461 647 1520; x_wconf 85' lang='lat'><strong>(89)</strong></span> <span class='ocrx_word' id='word_1_113' title='bbox 702 1458 828 1531; x_wconf 78' lang='grc' dir='ltr'>ἡμῖν</span> <span class='ocrx_word' id='word_1_114' title='bbox 888 1457 947 1511; x_wconf 76' lang='grc' dir='ltr'>ἐκ</span> <span class='ocrx_word' id='word_1_115' title='bbox 993 1461 1190 1531; x_wconf 88' lang='grc' dir='ltr'>φύσεως</span> <span class='ocrx_word' id='word_1_116' title='bbox 1240 1458 1599 1532; x_wconf 78' lang='grc' dir='ltr'>πλεονέκτημα</span> <span class='ocrx_word' id='word_1_117' title='bbox 1643 1460 1674 1519; x_wconf 84' lang='grc' dir='ltr'><strong>ή</strong></span> <span class='ocrx_word' id='word_1_118' title='bbox 1733 1457 1869 1512; x_wconf 88' lang='grc' dir='ltr'><strong>κατά</strong></span> 
     </span>
    </p>
   </div>
   <div class='ocr_carea' id='block_1_18' title="bbox 263 1546 1870 1623">
    <p class='ocr_par' dir='ltr' id='par_1_18' title="bbox 263 1546 1870 1623">
     <span class='ocr_line' id='line_1_18' title="bbox 263 1546 1870 1623; baseline 0 -22"><span class='ocrx_word' id='word_1_119' title='bbox 263 1557 417 1622; x_wconf 87' lang='grc' dir='ltr'>σῶμα</span> <span class='ocrx_word' id='word_1_120' title='bbox 461 1551 494 1607; x_wconf 78' lang='grc' dir='ltr'>ἤ</span> <span class='ocrx_word' id='word_1_121' title='bbox 549 1550 687 1601; x_wconf 87' lang='grc' dir='ltr'><strong>κατά</strong></span> <span class='ocrx_word' id='word_1_122' title='bbox 734 1546 943 1621; x_wconf 71' lang='grc' dir='ltr'>ψυχὴν,</span> <span class='ocrx_word' id='word_1_123' title='bbox 991 1551 1159 1621; x_wconf 85' lang='grc' dir='ltr'>τούτῳ</span> <span class='ocrx_word' id='word_1_124' title='bbox 1217 1548 1545 1623; x_wconf 84' lang='grc' dir='ltr'>ἐπαίρεσθαι,</span> <span class='ocrx_word' id='word_1_125' title='bbox 1602 1553 1735 1622; x_wconf 87' lang='grc' dir='ltr'>μήτε</span> <span class='ocrx_word' id='word_1_126' title='bbox 1775 1552 1870 1612; x_wconf 88' lang='grc' dir='ltr'><strong>τάς</strong></span> 
     </span>
    </p>
   </div>
   <div class='ocr_carea' id='block_1_19' title="bbox 1968 476 3636 548">
    <p class='ocr_par' dir='ltr' id='par_1_19' title="bbox 1968 476 3636 548">
     <span class='ocr_line' id='line_1_19' title="bbox 1968 476 3636 548; baseline 0.004 -14"><span class='ocrx_word' id='word_1_127' title='bbox 1968 477 2167 534; x_wconf 87' lang='lat' dir='ltr'><strong>navit:</strong></span> <span class='ocrx_word' id='word_1_128' title='bbox 2197 476 2498 533; x_wconf 80' lang='lat' dir='ltr'><strong>modestia</strong></span> <span class='ocrx_word' id='word_1_129' title='bbox 2528 477 2590 533; x_wconf 93' lang='lat' dir='ltr'><strong>in</strong></span> <span class='ocrx_word' id='word_1_130' title='bbox 2620 478 2861 548; x_wconf 89' lang='lat' dir='ltr'><strong>vestitu,</strong></span> <span class='ocrx_word' id='word_1_131' title='bbox 2894 480 3092 537; x_wconf 85' lang='lat' dir='ltr'><strong>cautio</strong></span> <span class='ocrx_word' id='word_1_132' title='bbox 3121 480 3183 537; x_wconf 90' lang='lat' dir='ltr'><strong>in</strong></span> <span class='ocrx_word' id='word_1_133' title='bbox 3210 481 3481 539; x_wconf 83' lang='lat' dir='ltr'><strong>virorum</strong></span> <span class='ocrx_word' id='word_1_134' title='bbox 3508 487 3636 540; x_wconf 85' lang='lat' dir='ltr'><strong>col-</strong></span> 
     </span>
    </p>
   </div>
   <div class='ocr_carea' id='block_1_20' title="bbox 1968 566 3635 639">
    <p class='ocr_par' dir='ltr' id='par_1_20' title="bbox 1968 566 3635 639">
     <span class='ocr_line' id='line_1_20' title="bbox 1968 566 3635 639; baseline 0.002 -16"><span class='ocrx_word' id='word_1_135' title='bbox 1968 566 2209 639; x_wconf 89' lang='lat' dir='ltr'><strong>loquiis,</strong></span> <span class='ocrx_word' id='word_1_136' title='bbox 2224 567 2283 622; x_wconf 91' lang='lat' dir='ltr'><strong>in</strong></span> <span class='ocrx_word' id='word_1_137' title='bbox 2313 566 2461 621; x_wconf 89' lang='lat' dir='ltr'><strong>cibis</strong></span> <span class='ocrx_word' id='word_1_138' title='bbox 2487 566 2827 639; x_wconf 81' lang='lat' dir='ltr'><strong>frugalitas,</strong></span> <span class='ocrx_word' id='word_1_139' title='bbox 2848 569 2911 624; x_wconf 92' lang='lat' dir='ltr'><strong>in</strong></span> <span class='ocrx_word' id='word_1_140' title='bbox 2932 584 3135 625; x_wconf 91' lang='lat' dir='ltr'><strong>rerum</strong></span> <span class='ocrx_word' id='word_1_141' title='bbox 3152 571 3635 628; x_wconf 88' lang='lat' dir='ltr'><strong>necessariarum</strong></span> 
     </span>
    </p>
   </div>
   <div class='ocr_carea' id='block_1_21' title="bbox 1969 654 3637 732">
    <p class='ocr_par' dir='ltr' id='par_1_21' title="bbox 1969 654 3637 732">
     <span class='ocr_line' id='line_1_21' title="bbox 1969 654 3637 732; baseline 0.002 -21"><span class='ocrx_word' id='word_1_142' title='bbox 1969 654 2351 727; x_wconf 87' lang='lat' dir='ltr'><strong>possessione</strong></span> <span class='ocrx_word' id='word_1_143' title='bbox 2380 654 2529 711; x_wconf 86' lang='lat' dir='ltr'><strong>nihil</strong></span> <span class='ocrx_word' id='word_1_144' title='bbox 2553 656 2860 727; x_wconf 85' lang='lat' dir='ltr'><strong>superﬂui.</strong></span> <span class='ocrx_word' id='word_1_145' title='bbox 2882 660 3017 713; x_wconf 69' lang='lat' dir='ltr'><strong>Haec</strong></span> <span class='ocrx_word' id='word_1_146' title='bbox 3041 657 3249 715; x_wconf 83' lang='lat' dir='ltr'><strong>omnia</strong></span> <span class='ocrx_word' id='word_1_147' title='bbox 3270 658 3489 730; x_wconf 81' lang='lat' dir='ltr'><strong>exigua</strong></span> <span class='ocrx_word' id='word_1_148' title='bbox 3506 660 3637 732; x_wconf 85' lang='lat' dir='ltr'><strong>qui-</strong></span> 
     </span>
    </p>
   </div>
   <div class='ocr_carea' id='block_1_22' title="bbox 1969 744 3637 820">
    <p class='ocr_par' dir='ltr' id='par_1_22' title="bbox 1969 744 3637 820">
     <span class='ocr_line' id='line_1_22' title="bbox 1969 744 3637 820; baseline 0.003 -19"><span class='ocrx_word' id='word_1_149' title='bbox 1969 744 2110 801; x_wconf 88' lang='lat' dir='ltr'><strong>dem</strong></span> <span class='ocrx_word' id='word_1_150' title='bbox 2140 744 2289 801; x_wconf 92' lang='lat' dir='ltr'><strong>dum</strong></span> <span class='ocrx_word' id='word_1_151' title='bbox 2332 745 2416 802; x_wconf 89' lang='lat' dir='ltr'><strong>sic</strong></span> <span class='ocrx_word' id='word_1_152' title='bbox 2468 744 2820 818; x_wconf 85' lang='lat' dir='ltr'><strong>simpliciter</strong></span> <span class='ocrx_word' id='word_1_153' title='bbox 2861 753 3207 818; x_wconf 83' lang='lat' dir='ltr'><strong>narrantur,</strong></span> <span class='ocrx_word' id='word_1_154' title='bbox 3258 749 3365 806; x_wconf 90' lang='lat' dir='ltr'><strong>sed</strong></span> <span class='ocrx_word' id='word_1_155' title='bbox 3407 765 3637 820; x_wconf 89' lang='lat' dir='ltr'><strong>magno</strong></span> 
     </span>
    </p>
   </div>
   <div class='ocr_carea' id='block_1_23' title="bbox 1971 833 3642 911">
    <p class='ocr_par' dir='ltr' id='par_1_23' title="bbox 1971 833 3642 911">
     <span class='ocr_line' id='line_1_23' title="bbox 1971 833 3642 911; baseline 0.003 -22"><span class='ocrx_word' id='word_1_156' title='bbox 1971 833 2297 891; x_wconf 82' lang='lat' dir='ltr'><strong>certamine</strong></span> <span class='ocrx_word' id='word_1_157' title='bbox 2333 833 2410 890; x_wconf 88' lang='lat' dir='ltr'><strong>ad</strong></span> <span class='ocrx_word' id='word_1_158' title='bbox 2442 834 2879 907; x_wconf 86' lang='lat' dir='ltr'><strong>perﬁciendum</strong></span> <span class='ocrx_word' id='word_1_159' title='bbox 2920 835 3212 907; x_wconf 83' lang='lat' dir='ltr'><strong>indigent,</strong></span> <span class='ocrx_word' id='word_1_160' title='bbox 3243 838 3642 911; x_wconf 88' lang='lat' dir='ltr'><strong>quemadmo-</strong></span> 
     </span>
    </p>
   </div>
   <div class='ocr_carea' id='block_1_24' title="bbox 1971 922 3640 999">
    <p class='ocr_par' dir='ltr' id='par_1_24' title="bbox 1971 922 3640 999">
     <span class='ocr_line' id='line_1_24' title="bbox 1971 922 3640 999; baseline 0.004 -22"><span class='ocrx_word' id='word_1_161' title='bbox 1971 922 2121 978; x_wconf 91' lang='lat' dir='ltr'><strong>dum</strong></span> <span class='ocrx_word' id='word_1_162' title='bbox 2149 922 2351 995; x_wconf 90' lang='lat' dir='ltr'><strong>reipsa</strong></span> <span class='ocrx_word' id='word_1_163' title='bbox 2378 923 2809 996; x_wconf 87' lang='lat' dir='ltr'><strong>comperimus.</strong></span> <span class='ocrx_word' id='word_1_164' title='bbox 2844 924 2961 981; x_wconf 91' lang='lat' dir='ltr'><strong>Sed</strong></span> <span class='ocrx_word' id='word_1_165' title='bbox 2986 930 3043 982; x_wconf 91' lang='lat' dir='ltr'><strong>et</strong></span> <span class='ocrx_word' id='word_1_166' title='bbox 3069 926 3426 984; x_wconf 86' lang='lat' dir='ltr'><strong>humilitatis</strong></span> <span class='ocrx_word' id='word_1_167' title='bbox 3449 927 3640 999; x_wconf 88' lang='lat' dir='ltr'><strong>perfe-</strong></span> 
     </span>
    </p>
   </div>
   <div class='ocr_carea' id='block_1_25' title="bbox 1971 1011 3640 1084">
    <p class='ocr_par' dir='ltr' id='par_1_25' title="bbox 1971 1011 3640 1084">
     <span class='ocr_line' id='line_1_25' title="bbox 1971 1011 3640 1084; baseline 0.003 -17"><span class='ocrx_word' id='word_1_168' title='bbox 1971 1011 2110 1080; x_wconf 90' lang='lat' dir='ltr'><strong>ctio,</strong></span> <span class='ocrx_word' id='word_1_169' title='bbox 2141 1011 2297 1067; x_wconf 90' lang='lat' dir='ltr'><strong>adeo</strong></span> <span class='ocrx_word' id='word_1_170' title='bbox 2325 1015 2390 1068; x_wconf 91' lang='lat' dir='ltr'><strong>ut</strong></span> <span class='ocrx_word' id='word_1_171' title='bbox 2415 1027 2615 1084; x_wconf 88' lang='lat' dir='ltr'><strong>neque</strong></span> <span class='ocrx_word' id='word_1_172' title='bbox 2647 1013 2955 1084; x_wconf 86' lang='lat' dir='ltr'><strong>majorum</strong></span> <span class='ocrx_word' id='word_1_173' title='bbox 2980 1013 3268 1071; x_wconf 84' lang='lat' dir='ltr'><strong>claritatis</strong></span> <span class='ocrx_word' id='word_1_174' title='bbox 3298 1015 3640 1072; x_wconf 90' lang='lat' dir='ltr'><strong>memineri-</strong></span> 
     </span>
    </p>
   </div>
   <div class='ocr_carea' id='block_1_26' title="bbox 1971 1099 3638 1177">
    <p class='ocr_par' dir='ltr' id='par_1_26' title="bbox 1971 1099 3638 1177">
     <span class='ocr_line' id='line_1_26' title="bbox 1971 1099 3638 1177; baseline 0.002 -22"><span class='ocrx_word' id='word_1_175' title='bbox 1971 1116 2132 1171; x_wconf 89' lang='lat' dir='ltr'><strong>mus,</strong></span> <span class='ocrx_word' id='word_1_176' title='bbox 2164 1115 2276 1156; x_wconf 91' lang='lat' dir='ltr'><strong>nec</strong></span> <span class='ocrx_word' id='word_1_177' title='bbox 2302 1099 2350 1155; x_wconf 90' lang='lat' dir='ltr'><strong>si</strong></span> <span class='ocrx_word' id='word_1_178' title='bbox 2376 1100 2525 1172; x_wconf 89' lang='lat' dir='ltr'><strong>quid</strong></span> <span class='ocrx_word' id='word_1_179' title='bbox 2555 1100 2733 1157; x_wconf 89' lang='lat' dir='ltr'><strong>nobis</strong></span> <span class='ocrx_word' id='word_1_180' title='bbox 2761 1101 2963 1159; x_wconf 89' lang='lat' dir='ltr'><strong>insita</strong></span> <span class='ocrx_word' id='word_1_181' title='bbox 2993 1107 3212 1160; x_wconf 88' lang='lat' dir='ltr'><strong>natura</strong></span> <span class='ocrx_word' id='word_1_182' title='bbox 3233 1108 3338 1160; x_wconf 89' lang='lat' dir='ltr'><strong>aut</strong></span> <span class='ocrx_word' id='word_1_183' title='bbox 3366 1103 3638 1177; x_wconf 90' lang='lat' dir='ltr'><strong>corporis</strong></span> 
     </span>
    </p>
   </div>
   <div class='ocr_carea' id='block_1_27' title="bbox 1973 1190 3640 1265">
    <p class='ocr_par' dir='ltr' id='par_1_27' title="bbox 1973 1190 3640 1265">
     <span class='ocr_line' id='line_1_27' title="bbox 1973 1190 3640 1265; baseline 0.002 -18"><span class='ocrx_word' id='word_1_184' title='bbox 1973 1195 2081 1248; x_wconf 85' lang='lat' dir='ltr'><strong>aut</strong></span> <span class='ocrx_word' id='word_1_185' title='bbox 2126 1190 2315 1247; x_wconf 89' lang='lat' dir='ltr'><strong>animi</strong></span> <span class='ocrx_word' id='word_1_186' title='bbox 2361 1196 2812 1259; x_wconf 89' lang='lat' dir='ltr'><strong>ornamentum,</strong></span> <span class='ocrx_word' id='word_1_187' title='bbox 2857 1193 2999 1249; x_wconf 90' lang='lat' dir='ltr'><strong>inde</strong></span> <span class='ocrx_word' id='word_1_188' title='bbox 3046 1194 3390 1262; x_wconf 78' lang='lat' dir='ltr'><strong>efferamur,</strong></span> <span class='ocrx_word' id='word_1_189' title='bbox 3438 1208 3640 1265; x_wconf 88' lang='lat' dir='ltr'><strong>neque</strong></span> 
     </span>
    </p>
   </div>
   <div class='ocr_carea' id='block_1_28' title="bbox 1973 1280 3640 1353">
    <p class='ocr_par' dir='ltr' id='par_1_28' title="bbox 1973 1280 3640 1353">
     <span class='ocr_line' id='line_1_28' title="bbox 1973 1280 3640 1353; baseline 0.001 -15"><span class='ocrx_word' id='word_1_190' title='bbox 1973 1285 2249 1338; x_wconf 83' lang='lat' dir='ltr'><strong>externas</strong></span> <span class='ocrx_word' id='word_1_191' title='bbox 2279 1280 2355 1336; x_wconf 91' lang='lat' dir='ltr'><strong>de</strong></span> <span class='ocrx_word' id='word_1_192' title='bbox 2375 1280 2552 1337; x_wconf 89' lang='lat' dir='ltr'><strong>nobis</strong></span> <span class='ocrx_word' id='word_1_193' title='bbox 2573 1280 2890 1353; x_wconf 91' lang='lat' dir='ltr'><strong>opiniones</strong></span> <span class='ocrx_word' id='word_1_194' title='bbox 2916 1298 3133 1338; x_wconf 86' lang='lat' dir='ltr'><strong>ansam</strong></span> <span class='ocrx_word' id='word_1_195' title='bbox 3161 1282 3435 1340; x_wconf 88' lang='lat' dir='ltr'><strong>elationis</strong></span> <span class='ocrx_word' id='word_1_196' title='bbox 3455 1299 3527 1339; x_wconf 91' lang='lat' dir='ltr'><strong>ac</strong></span> <span class='ocrx_word' id='word_1_197' title='bbox 3546 1288 3640 1340; x_wconf 85' lang='lat' dir='ltr'><strong>tu-</strong></span> 
     </span>
    </p>
   </div>
   <div class='ocr_carea' id='block_1_29' title="bbox 1972 1367 3642 1442">
    <p class='ocr_par' dir='ltr' id='par_1_29' title="bbox 1972 1367 3642 1442">
     <span class='ocr_line' id='line_1_29' title="bbox 1972 1367 3642 1442; baseline 0.002 -17"><span class='ocrx_word' id='word_1_198' title='bbox 1972 1369 2158 1425; x_wconf 90' lang='lat' dir='ltr'><strong>moris</strong></span> <span class='ocrx_word' id='word_1_199' title='bbox 2173 1367 2494 1425; x_wconf 86' lang='lat' dir='ltr'><strong>faciamus:</strong></span> <span class='ocrx_word' id='word_1_200' title='bbox 2513 1370 2644 1426; x_wconf 73' lang='lat' dir='ltr'><strong>haec</strong></span> <span class='ocrx_word' id='word_1_201' title='bbox 2670 1386 2810 1427; x_wconf 92' lang='lat' dir='ltr'><strong>cum</strong></span> <span class='ocrx_word' id='word_1_202' title='bbox 2835 1371 2959 1428; x_wconf 82' lang='lat' dir='ltr'><strong>vita</strong></span> <span class='ocrx_word' id='word_1_203' title='bbox 2984 1372 3337 1442; x_wconf 86' lang='lat' dir='ltr'><strong>evangelica</strong></span> <span class='ocrx_word' id='word_1_204' title='bbox 3366 1387 3642 1429; x_wconf 84' lang='lat' dir='ltr'><strong>connexa</strong></span> 
     </span>
    </p>
   </div>
   <div class='ocr_carea' id='block_1_30' title="bbox 1974 1458 3642 1532">
    <p class='ocr_par' dir='ltr' id='par_1_30' title="bbox 1974 1458 3642 1532">
     <span class='ocr_line' id='line_1_30' title="bbox 1974 1458 3642 1532; baseline 0.002 -19"><span class='ocrx_word' id='word_1_205' title='bbox 1974 1462 2135 1516; x_wconf 90' lang='lat' dir='ltr'><strong>sunt.</strong></span> <span class='ocrx_word' id='word_1_206' title='bbox 2185 1458 2275 1514; x_wconf 85' lang='lat' dir='ltr'><strong>Ad</strong></span> <span class='ocrx_word' id='word_1_207' title='bbox 2322 1458 2451 1514; x_wconf 77' lang='lat' dir='ltr'><strong>haec</strong></span> <span class='ocrx_word' id='word_1_208' title='bbox 2499 1459 2838 1517; x_wconf 85' lang='lat' dir='ltr'><strong>constantia</strong></span> <span class='ocrx_word' id='word_1_209' title='bbox 2885 1459 2948 1516; x_wconf 92' lang='lat' dir='ltr'><strong>in</strong></span> <span class='ocrx_word' id='word_1_210' title='bbox 2982 1460 3367 1529; x_wconf 86' lang='lat' dir='ltr'><strong>abstinentia,</strong></span> <span class='ocrx_word' id='word_1_211' title='bbox 3416 1460 3481 1517; x_wconf 91' lang='lat' dir='ltr'><strong>in</strong></span> <span class='ocrx_word' id='word_1_212' title='bbox 3513 1476 3642 1532; x_wconf 89' lang='lat' dir='ltr'><strong>pre-</strong></span> 
     </span>
    </p>
   </div>
   <div class='ocr_carea' id='block_1_31' title="bbox 1975 1545 3644 1619">
    <p class='ocr_par' dir='ltr' id='par_1_31' title="bbox 1975 1545 3644 1619">
     <span class='ocr_line' id='line_1_31' title="bbox 1975 1545 3644 1619; baseline 0.001 -16"><span class='ocrx_word' id='word_1_213' title='bbox 1975 1545 2173 1603; x_wconf 87' lang='lat' dir='ltr'><strong>cando</strong></span> <span class='ocrx_word' id='word_1_214' title='bbox 2194 1546 2505 1619; x_wconf 77' lang='lat' dir='ltr'><strong>sedulitas,</strong></span> <span class='ocrx_word' id='word_1_215' title='bbox 2538 1547 2600 1603; x_wconf 90' lang='lat' dir='ltr'><strong>in</strong></span> <span class='ocrx_word' id='word_1_216' title='bbox 2629 1547 2894 1605; x_wconf 86' lang='lat' dir='ltr'><strong>fraterna</strong></span> <span class='ocrx_word' id='word_1_217' title='bbox 2914 1548 3229 1606; x_wconf 85' lang='lat' dir='ltr'><strong>dilectione</strong></span> <span class='ocrx_word' id='word_1_218' title='bbox 3256 1549 3644 1606; x_wconf 88' lang='lat' dir='ltr'><strong>commisera-</strong></span> 
     </span>
    </p>
   </div>
   <div class='ocr_carea' id='block_1_32' title="bbox 262 1630 1869 1713">
    <p class='ocr_par' dir='ltr' id='par_1_32' title="bbox 262 1635 1869 1713">
     <span class='ocr_line' id='line_1_32' title="bbox 262 1635 1869 1713; baseline 0.001 -23"><span class='ocrx_word' id='word_1_219' title='bbox 262 1637 444 1700; x_wconf 77' lang='grc' dir='ltr'>ἔξωθεν</span> <span class='ocrx_word' id='word_1_220' title='bbox 494 1641 616 1711; x_wconf 87' lang='grc' dir='ltr'>περὶ</span> <span class='ocrx_word' id='word_1_221' title='bbox 675 1638 821 1710; x_wconf 78' lang='grc' dir='ltr'>ἡμῶν</span> <span class='ocrx_word' id='word_1_222' title='bbox 869 1636 1158 1709; x_wconf 72' lang='grc' dir='ltr'>ύπόλήψεις</span> <span class='ocrx_word' id='word_1_223' title='bbox 1202 1635 1441 1713; x_wconf 83' lang='grc' dir='ltr'>ἀφορμὴν</span> <span class='ocrx_word' id='word_1_224' title='bbox 1495 1637 1761 1713; x_wconf 83' lang='grc' dir='ltr'>έπάρσεὼς</span> <span class='ocrx_word' id='word_1_225' title='bbox 1816 1657 1869 1691; x_wconf 84' lang='grc' dir='ltr'><strong>τι</strong></span> 
     </span>
    </p>
   </div>
   <div class='ocr_carea' id='block_1_33' title="bbox 1982 1630 3643 1713">
    <p class='ocr_par' dir='ltr' id='par_1_33' title="bbox 1982 1635 3643 1713">
     <span class='ocr_line' id='line_1_33' title="bbox 1982 1635 3643 1713; baseline 0.002 -20"><span class='ocrx_word' id='word_1_226' title='bbox 1982 1636 2080 1705; x_wconf 86' lang='lat' dir='ltr'><strong>tio,</strong></span> <span class='ocrx_word' id='word_1_227' title='bbox 2109 1635 2438 1694; x_wconf 89' lang='lat' dir='ltr'><strong>liberalitas</strong></span> <span class='ocrx_word' id='word_1_228' title='bbox 2470 1652 2615 1708; x_wconf 89' lang='lat' dir='ltr'><strong>erga</strong></span> <span class='ocrx_word' id='word_1_229' title='bbox 2652 1638 3012 1709; x_wconf 83' lang='lat' dir='ltr'><strong>indigentes,</strong></span> <span class='ocrx_word' id='word_1_230' title='bbox 3059 1638 3302 1713; x_wconf 88' lang='lat' dir='ltr'><strong>spiritus</strong></span> <span class='ocrx_word' id='word_1_231' title='bbox 3331 1639 3643 1712; x_wconf 86' lang='lat' dir='ltr'><strong>animique</strong></span> 
     </span>
    </p>
   </div>
   <div class='ocr_carea' id='block_1_34' title="bbox 263 1726 1871 1799">
    <p class='ocr_par' dir='ltr' id='par_1_34' title="bbox 263 1726 1871 1799">
     <span class='ocr_line' id='line_1_34' title="bbox 263 1726 1871 1799; baseline -0.001 -19"><span class='ocrx_word' id='word_1_232' title='bbox 263 1729 354 1780; x_wconf 85' lang='grc' dir='ltr'>καὶ</span> <span class='ocrx_word' id='word_1_233' title='bbox 400 1731 707 1799; x_wconf 82' lang='grc' dir='ltr'>φυσιώσεως</span> <span class='ocrx_word' id='word_1_234' title='bbox 775 1728 1079 1794; x_wconf 85' lang='grc' dir='ltr'>ποιεῖσθαι,</span> <span class='ocrx_word' id='word_1_235' title='bbox 1147 1734 1314 1779; x_wconf 79' lang='grc' dir='ltr'>ταῦτα</span> <span class='ocrx_word' id='word_1_236' title='bbox 1376 1734 1469 1779; x_wconf 84' lang='grc' dir='ltr'>τοῦ</span> <span class='ocrx_word' id='word_1_237' title='bbox 1537 1726 1871 1799; x_wconf 78' lang='grc' dir='ltr'>εύαγγελικοῦ</span> 
     </span>
    </p>
   </div>
   <div class='ocr_carea' id='block_1_35' title="bbox 265 1813 1873 1891">
    <p class='ocr_par' dir='ltr' id='par_1_35' title="bbox 265 1813 1873 1891">
     <span class='ocr_line' id='line_1_35' title="bbox 265 1813 1873 1891; baseline -0.001 -21"><span class='ocrx_word' id='word_1_238' title='bbox 265 1818 443 1887; x_wconf 74' lang='grc' dir='ltr'>ἔχεται</span> <span class='ocrx_word' id='word_1_239' title='bbox 474 1813 626 1888; x_wconf 82' lang='grc' dir='ltr'>βίον.</span> <span class='ocrx_word' id='word_1_240' title='bbox 688 1819 758 1870; x_wconf 88' lang='grc' dir='ltr'><strong>Τὸ</strong></span> <span class='ocrx_word' id='word_1_241' title='bbox 798 1815 846 1869; x_wconf 86' lang='grc' dir='ltr'><strong>έν</strong></span> <span class='ocrx_word' id='word_1_242' title='bbox 890 1816 1171 1891; x_wconf 75' lang='grc' dir='ltr'>ἐγκρατείᾳ</span> <span class='ocrx_word' id='word_1_243' title='bbox 1224 1818 1449 1886; x_wconf 79' lang='grc' dir='ltr'>εὔτονον,</span> <span class='ocrx_word' id='word_1_244' title='bbox 1499 1818 1560 1868; x_wconf 89' lang='grc' dir='ltr'>τὸ</span> <span class='ocrx_word' id='word_1_245' title='bbox 1614 1816 1662 1869; x_wconf 77' lang='grc' dir='ltr'>ἐν</span> <span class='ocrx_word' id='word_1_246' title='bbox 1708 1836 1873 1889; x_wconf 88' lang='grc' dir='ltr'>προσ-</span> 
     </span>
    </p>
   </div>
   <div class='ocr_carea' id='block_1_36' title="bbox 265 1902 1872 1981">
    <p class='ocr_par' dir='ltr' id='par_1_36' title="bbox 265 1902 1872 1981">
     <span class='ocr_line' id='line_1_36' title="bbox 265 1902 1872 1981; baseline -0.001 -22"><span class='ocrx_word' id='word_1_247' title='bbox 265 1912 451 1978; x_wconf 81' lang='grc' dir='ltr'>ευχαῖς</span> <span class='ocrx_word' id='word_1_248' title='bbox 480 1905 773 1978; x_wconf 86' lang='grc' dir='ltr'>φιλόπονον,</span> <span class='ocrx_word' id='word_1_249' title='bbox 804 1908 863 1959; x_wconf 88' lang='grc' dir='ltr'>τὸ</span> <span class='ocrx_word' id='word_1_250' title='bbox 903 1906 951 1959; x_wconf 85' lang='grc' dir='ltr'>ἐν</span> <span class='ocrx_word' id='word_1_251' title='bbox 991 1902 1302 1979; x_wconf 73' lang='grc' dir='ltr'>φιλαδελφίᾳ</span> <span class='ocrx_word' id='word_1_252' title='bbox 1336 1908 1622 1979; x_wconf 67' lang='grc' dir='ltr'>συμπαθὲς,</span> <span class='ocrx_word' id='word_1_253' title='bbox 1654 1909 1713 1958; x_wconf 88' lang='grc' dir='ltr'><strong>τό</strong></span> <span class='ocrx_word' id='word_1_254' title='bbox 1742 1908 1872 1981; x_wconf 88' lang='grc' dir='ltr'>πρὸς</span> 
     </span>
    </p>
   </div>
   <div class='ocr_carea' id='block_1_37' title="bbox 263 1991 1874 2069">
    <p class='ocr_par' dir='ltr' id='par_1_37' title="bbox 263 1991 1874 2069">
     <span class='ocr_line' id='line_1_37' title="bbox 263 1991 1874 2069; baseline -0.001 -21"><span class='ocrx_word' id='word_1_255' title='bbox 263 1999 384 2058; x_wconf 80' lang='grc' dir='ltr'>τοὺς</span> <span class='ocrx_word' id='word_1_256' title='bbox 424 1991 700 2067; x_wconf 81' lang='grc' dir='ltr'>δεομένους</span> <span class='ocrx_word' id='word_1_257' title='bbox 735 1999 1059 2060; x_wconf 85' lang='grc' dir='ltr'>κοινωνικὸν,</span> <span class='ocrx_word' id='word_1_258' title='bbox 1105 2000 1165 2049; x_wconf 84' lang='grc' dir='ltr'>τὸ</span> <span class='ocrx_word' id='word_1_259' title='bbox 1207 2002 1300 2047; x_wconf 81' lang='grc' dir='ltr'>τοῦ</span> <span class='ocrx_word' id='word_1_260' title='bbox 1348 2000 1678 2069; x_wconf 81' lang='grc' dir='ltr'>φρονήματος</span> <span class='ocrx_word' id='word_1_261' title='bbox 1713 2014 1874 2047; x_wconf 85' lang='grc' dir='ltr'>κατα-</span> 
     </span>
    </p>
   </div>
   <div class='ocr_carea' id='block_1_38' title="bbox 264 2080 1872 2158">
    <p class='ocr_par' dir='ltr' id='par_1_38' title="bbox 264 2080 1872 2158">
     <span class='ocr_line' id='line_1_38' title="bbox 264 2080 1872 2158; baseline -0.001 -20"><span class='ocrx_word' id='word_1_262' title='bbox 264 2084 597 2157; x_wconf 76' lang='grc' dir='ltr'>ϐεϐλημένον,</span> <span class='ocrx_word' id='word_1_263' title='bbox 626 2085 651 2137; x_wconf 88' lang='grc' dir='ltr'><strong>ό</strong></span> <span class='ocrx_word' id='word_1_264' title='bbox 675 2088 997 2158; x_wconf 87' lang='grc' dir='ltr'>συντριμμός</span> <span class='ocrx_word' id='word_1_265' title='bbox 1025 2092 1119 2148; x_wconf 84' lang='grc' dir='ltr'>τῆς</span> <span class='ocrx_word' id='word_1_266' title='bbox 1148 2080 1394 2156; x_wconf 77' lang='grc' dir='ltr'>καρδίας,</span> <span class='ocrx_word' id='word_1_267' title='bbox 1423 2087 1480 2137; x_wconf 89' lang='grc' dir='ltr'>τὸ</span> <span class='ocrx_word' id='word_1_268' title='bbox 1506 2093 1603 2145; x_wconf 84' lang='grc' dir='ltr'>τῆς</span> <span class='ocrx_word' id='word_1_269' title='bbox 1644 2088 1872 2146; x_wconf 86' lang='grc' dir='ltr'>πίστεως</span> 
     </span>
    </p>
   </div>
   <div class='ocr_carea' id='block_1_39' title="bbox 263 2170 1874 2249">
    <p class='ocr_par' dir='ltr' id='par_1_39' title="bbox 263 2170 1874 2249">
     <span class='ocr_line' id='line_1_39' title="bbox 263 2170 1874 2249; baseline -0.001 -23"><span class='ocrx_word' id='word_1_270' title='bbox 263 2175 424 2246; x_wconf 69' lang='grc' dir='ltr'>ὑγιὲς,</span> <span class='ocrx_word' id='word_1_271' title='bbox 465 2177 527 2225; x_wconf 88' lang='grc' dir='ltr'><strong>τό</strong></span> <span class='ocrx_word' id='word_1_272' title='bbox 568 2183 617 2226; x_wconf 86' lang='grc' dir='ltr'><strong>εν</strong></span> <span class='ocrx_word' id='word_1_273' title='bbox 652 2175 1059 2249; x_wconf 80' lang='grc' dir='ltr'>σκυθρωπότητι</span> <span class='ocrx_word' id='word_1_274' title='bbox 1107 2172 1317 2246; x_wconf 85' lang='grc' dir='ltr'>ὁμαλόν,</span> <span class='ocrx_word' id='word_1_275' title='bbox 1360 2170 1627 2245; x_wconf 89' lang='grc' dir='ltr'>μηδέποτε</span> <span class='ocrx_word' id='word_1_276' title='bbox 1656 2180 1750 2235; x_wconf 85' lang='grc' dir='ltr'>τῆς</span> <span class='ocrx_word' id='word_1_277' title='bbox 1801 2172 1874 2225; x_wconf 82' lang='grc' dir='ltr'><strong>ἐν·</strong></span> 
     </span>
    </p>
   </div>
   <div class='ocr_carea' id='block_1_40' title="bbox 1976 1725 3644 1797">
    <p class='ocr_par' dir='ltr' id='par_1_40' title="bbox 1976 1725 3644 1797">
     <span class='ocr_line' id='line_1_40' title="bbox 1976 1725 3644 1797; baseline 0.002 -16"><span class='ocrx_word' id='word_1_278' title='bbox 1976 1725 2254 1796; x_wconf 88' lang='lat' dir='ltr'><strong>abjectio,</strong></span> <span class='ocrx_word' id='word_1_279' title='bbox 2288 1726 2490 1782; x_wconf 90' lang='lat' dir='ltr'><strong>cordis</strong></span> <span class='ocrx_word' id='word_1_280' title='bbox 2516 1727 2814 1794; x_wconf 89' lang='lat' dir='ltr'><strong>contritio,</strong></span> <span class='ocrx_word' id='word_1_281' title='bbox 2846 1728 2988 1783; x_wconf 89' lang='lat' dir='ltr'><strong>ﬁdei</strong></span> <span class='ocrx_word' id='word_1_282' title='bbox 3019 1728 3264 1797; x_wconf 87' lang='lat' dir='ltr'><strong>sanitas,</strong></span> <span class='ocrx_word' id='word_1_283' title='bbox 3293 1728 3355 1785; x_wconf 89' lang='lat' dir='ltr'><strong>in</strong></span> <span class='ocrx_word' id='word_1_284' title='bbox 3385 1743 3644 1786; x_wconf 81' lang='lat' dir='ltr'><strong>maerore</strong></span> 
     </span>
    </p>
   </div>
   <div class='ocr_carea' id='block_1_41' title="bbox 1977 1814 3645 1888">
    <p class='ocr_par' dir='ltr' id='par_1_41' title="bbox 1977 1814 3645 1888">
     <span class='ocr_line' id='line_1_41' title="bbox 1977 1814 3645 1888; baseline 0.002 -18"><span class='ocrx_word' id='word_1_285' title='bbox 1977 1814 2396 1887; x_wconf 64' lang='lat' dir='ltr'><strong>aequabilitas;</strong></span> <span class='ocrx_word' id='word_1_286' title='bbox 2442 1831 2763 1888; x_wconf 89' lang='lat' dir='ltr'><strong>nunquam</strong></span> <span class='ocrx_word' id='word_1_287' title='bbox 2801 1816 3228 1873; x_wconf 90' lang='lat' dir='ltr'><strong>intermittente</strong></span> <span class='ocrx_word' id='word_1_288' title='bbox 3280 1818 3645 1887; x_wconf 84' lang='lat' dir='ltr'><strong>cogitatione</strong></span> 
     </span>
    </p>
   </div>
   <div class='ocr_carea' id='block_1_42' title="bbox 1977 1903 3643 1976">
    <p class='ocr_par' dir='ltr' id='par_1_42' title="bbox 1977 1903 3643 1976">
     <span class='ocr_line' id='line_1_42' title="bbox 1977 1903 3643 1976; baseline 0.001 -15"><span class='ocrx_word' id='word_1_289' title='bbox 1977 1909 2186 1961; x_wconf 89' lang='lat' dir='ltr'><strong>nostra</strong></span> <span class='ocrx_word' id='word_1_290' title='bbox 2216 1903 2497 1961; x_wconf 90' lang='lat' dir='ltr'><strong>terribilis</strong></span> <span class='ocrx_word' id='word_1_291' title='bbox 2523 1904 2682 1960; x_wconf 79' lang='lat' dir='ltr'><strong>illius</strong></span> <span class='ocrx_word' id='word_1_292' title='bbox 2709 1912 2766 1961; x_wconf 91' lang='lat' dir='ltr'><strong>et</strong></span> <span class='ocrx_word' id='word_1_293' title='bbox 2785 1905 3186 1961; x_wconf 89' lang='lat' dir='ltr'><strong>ineluctabilis</strong></span> <span class='ocrx_word' id='word_1_294' title='bbox 3203 1905 3415 1976; x_wconf 90' lang='lat' dir='ltr'><strong>judicii</strong></span> <span class='ocrx_word' id='word_1_295' title='bbox 3442 1922 3643 1963; x_wconf 87' lang='lat' dir='ltr'><strong>recor-</strong></span> 
     </span>
    </p>
   </div>
   <div class='ocr_carea' id='block_1_43' title="bbox 1979 1992 3646 2067">
    <p class='ocr_par' dir='ltr' id='par_1_43' title="bbox 1979 1992 3646 2067">
     <span class='ocr_line' id='line_1_43' title="bbox 1979 1992 3646 2067; baseline 0.002 -19"><span class='ocrx_word' id='word_1_296' title='bbox 1979 1992 2309 2065; x_wconf 89' lang='lat' dir='ltr'><strong>dationem,</strong></span> <span class='ocrx_word' id='word_1_297' title='bbox 2332 1993 2411 2050; x_wconf 91' lang='lat' dir='ltr'><strong>ad</strong></span> <span class='ocrx_word' id='word_1_298' title='bbox 2432 1993 2597 2066; x_wconf 92' lang='lat' dir='ltr'><strong>quod</strong></span> <span class='ocrx_word' id='word_1_299' title='bbox 2625 2010 2839 2050; x_wconf 89' lang='lat' dir='ltr'><strong>omnes</strong></span> <span class='ocrx_word' id='word_1_300' title='bbox 2865 1994 3115 2067; x_wconf 88' lang='lat' dir='ltr'><strong>quidem</strong></span> <span class='ocrx_word' id='word_1_301' title='bbox 3136 1994 3513 2061; x_wconf 86' lang='lat' dir='ltr'><strong>festinamus,</strong></span> <span class='ocrx_word' id='word_1_302' title='bbox 3535 1994 3646 2051; x_wconf 90' lang='lat' dir='ltr'><strong>sed</strong></span> 
     </span>
    </p>
   </div>
   <div class='ocr_carea' id='block_1_44' title="bbox 1979 2081 3648 2155">
    <p class='ocr_par' dir='ltr' id='par_1_44' title="bbox 1979 2081 3648 2155">
     <span class='ocr_line' id='line_1_44' title="bbox 1979 2081 3648 2155; baseline 0.002 -19"><span class='ocrx_word' id='word_1_303' title='bbox 1979 2082 2085 2155; x_wconf 90' lang='lat' dir='ltr'><strong>qui</strong></span> <span class='ocrx_word' id='word_1_304' title='bbox 2113 2081 2270 2137; x_wconf 91' lang='lat' dir='ltr'><strong>illius</strong></span> <span class='ocrx_word' id='word_1_305' title='bbox 2300 2082 2786 2153; x_wconf 89' lang='lat' dir='ltr'><strong>reminiscantur,</strong></span> <span class='ocrx_word' id='word_1_306' title='bbox 2813 2098 2885 2139; x_wconf 90' lang='lat' dir='ltr'><strong>ac</strong></span> <span class='ocrx_word' id='word_1_307' title='bbox 2914 2083 2990 2139; x_wconf 89' lang='lat' dir='ltr'><strong>de</strong></span> <span class='ocrx_word' id='word_1_308' title='bbox 3010 2083 3166 2140; x_wconf 89' lang='lat' dir='ltr'><strong>illius</strong></span> <span class='ocrx_word' id='word_1_309' title='bbox 3195 2084 3359 2141; x_wconf 79' lang='lat' dir='ltr'><strong>exitu</strong></span> <span class='ocrx_word' id='word_1_310' title='bbox 3383 2083 3502 2141; x_wconf 90' lang='lat' dir='ltr'><strong>sint</strong></span> <span class='ocrx_word' id='word_1_311' title='bbox 3532 2083 3648 2140; x_wconf 81' lang='lat' dir='ltr'><strong>sol-</strong></span> 
     </span>
    </p>
   </div>
   <div class='ocr_carea' id='block_1_45' title="bbox 1980 2170 2723 2243">
    <p class='ocr_par' dir='ltr' id='par_1_45' title="bbox 1980 2170 2723 2243">
     <span class='ocr_line' id='line_1_45' title="bbox 1980 2170 2723 2243; baseline 0.001 -17"><span class='ocrx_word' id='word_1_312' title='bbox 1980 2170 2144 2240; x_wconf 91' lang='lat' dir='ltr'><strong>liciti,</strong></span> <span class='ocrx_word' id='word_1_313' title='bbox 2176 2170 2530 2243; x_wconf 87' lang='lat' dir='ltr'><strong>paucissimi</strong></span> <span class='ocrx_word' id='word_1_314' title='bbox 2560 2176 2723 2227; x_wconf 91' lang='lat' dir='ltr'><strong>sunt.</strong></span> 
     </span>
    </p>
   </div>
   <div class='ocr_carea' id='block_1_46' title="bbox 262 2256 3644 2336">
    <p class='ocr_par' dir='ltr' id='par_1_46' title="bbox 262 2256 3644 2336">
     <span class='ocr_line' id='line_1_46' title="bbox 262 2256 3644 2336; baseline -0 -21"><span class='ocrx_word' id='word_1_315' title='bbox 262 2267 408 2325; x_wconf 88' lang='grc' dir='ltr'>νοίας</span> <span class='ocrx_word' id='word_1_316' title='bbox 436 2265 584 2336; x_wconf 83' lang='grc' dir='ltr'>ήμῶν</span> <span class='ocrx_word' id='word_1_317' title='bbox 604 2262 891 2325; x_wconf 76' lang='grc' dir='ltr'>λειπούσης</span> <span class='ocrx_word' id='word_1_318' title='bbox 912 2264 1029 2334; x_wconf 86' lang='grc'>(90)</span> <span class='ocrx_word' id='word_1_319' title='bbox 1055 2270 1145 2315; x_wconf 86' lang='grc' dir='ltr'>τοῦ</span> <span class='ocrx_word' id='word_1_320' title='bbox 1180 2261 1399 2335; x_wconf 78' lang='grc' dir='ltr'>φοϐεροῦ</span> <span class='ocrx_word' id='word_1_321' title='bbox 1429 2266 1521 2315; x_wconf 83' lang='grc' dir='ltr'><strong>καὶ</strong></span> <span class='ocrx_word' id='word_1_322' title='bbox 1554 2261 1917 2336; x_wconf 78' lang='grc' dir='ltr'>ἀπαραιτήτου</span> <span class='ocrx_word' id='word_1_323' title='bbox 1950 2256 2303 2332; x_wconf 75' lang='grc' dir='ltr'>δικαστηρίου</span> <span class='ocrx_word' id='word_1_324' title='bbox 2334 2264 2428 2318; x_wconf 84' lang='grc' dir='ltr'><strong>τήν</strong></span> <span class='ocrx_word' id='word_1_325' title='bbox 2459 2266 2690 2334; x_wconf 79' lang='grc' dir='ltr'>μνήμην·</span> <span class='ocrx_word' id='word_1_326' title='bbox 2718 2264 2846 2334; x_wconf 87' lang='grc' dir='ltr'>πρὸς</span> <span class='ocrx_word' id='word_1_327' title='bbox 2880 2265 2912 2313; x_wconf 83' lang='grc' dir='ltr'>ὅ</span> <span class='ocrx_word' id='word_1_328' title='bbox 2945 2260 3257 2335; x_wconf 81' lang='grc' dir='ltr'>έπιιγόμεθα</span> <span class='ocrx_word' id='word_1_329' title='bbox 3283 2264 3373 2335; x_wconf 72' lang='grc' dir='ltr'>μὶν</span> <span class='ocrx_word' id='word_1_330' title='bbox 3398 2261 3644 2331; x_wconf 77' lang='grc' dir='ltr'>ἅπαντες,</span> 
     </span>
    </p>
   </div>
   <div class='ocr_carea' id='block_1_47' title="bbox 262 2348 2411 2429">
    <p class='ocr_par' dir='ltr' id='par_1_47' title="bbox 262 2348 2411 2429">
     <span class='ocr_line' id='line_1_47' title="bbox 262 2348 2411 2429; baseline -0.003 -21"><span class='ocrx_word' id='word_1_331' title='bbox 262 2348 605 2429; x_wconf 75' lang='grc' dir='ltr'>μέμνηταιδε</span> <span class='ocrx_word' id='word_1_332' title='bbox 631 2352 814 2422; x_wconf 79' lang='grc' dir='ltr'>αὐτοῦ,</span> <span class='ocrx_word' id='word_1_333' title='bbox 845 2356 936 2406; x_wconf 80' lang='grc' dir='ltr'>καὶ</span> <span class='ocrx_word' id='word_1_334' title='bbox 959 2356 1055 2412; x_wconf 86' lang='grc' dir='ltr'>τὴν</span> <span class='ocrx_word' id='word_1_335' title='bbox 1086 2349 1174 2406; x_wconf 84' lang='grc' dir='ltr'><strong>ἀπ’</strong></span> <span class='ocrx_word' id='word_1_336' title='bbox 1208 2352 1369 2405; x_wconf 76' lang='grc' dir='ltr'>αὐτοῦ</span> <span class='ocrx_word' id='word_1_337' title='bbox 1400 2351 1615 2405; x_wconf 77' lang='grc' dir='ltr'>ἔκϐασιν</span> <span class='ocrx_word' id='word_1_338' title='bbox 1646 2350 1940 2425; x_wconf 87' lang='grc' dir='ltr'>ἀγωνιῶσιν</span> <span class='ocrx_word' id='word_1_339' title='bbox 1970 2348 2252 2422; x_wconf 84' lang='grc' dir='ltr'>ἐλάχιστοι</span> <span class='ocrx_word' id='word_1_340' title='bbox 2273 2349 2411 2420; x_wconf 82' lang='grc'><strong>(91).</strong></span> 
     </span>
    </p>
   </div>
   <div class='ocr_carea' id='block_1_48' title="bbox 798 2467 1335 2527">
    <p class='ocr_par' dir='ltr' id='par_1_48' title="bbox 798 2467 1335 2527">
     <span class='ocr_line' id='line_1_48' title="bbox 798 2467 1335 2527; baseline 0.006 -3"><span class='ocrx_word' id='word_1_341' title='bbox 798 2474 1139 2524; x_wconf 85' lang='grc' dir='ltr'><strong>ΕΠΙΣΤΟΛΗ</strong></span> <span class='ocrx_word' id='word_1_342' title='bbox 1175 2467 1335 2527; x_wconf 82' lang='grc' dir='ltr'><strong>ΡΟΔ’.</strong></span> 
     </span>
    </p>
   </div>
   <div class='ocr_carea' id='block_1_49' title="bbox 2478 2465 3143 2524">
    <p class='ocr_par' dir='ltr' id='par_1_49' title="bbox 2478 2465 3143 2524">
     <span class='ocr_line' id='line_1_49' title="bbox 2478 2465 3143 2524; baseline 0.002 -2"><span class='ocrx_word' id='word_1_343' title='bbox 2478 2465 2818 2524; x_wconf 79' lang='lat' dir='ltr'><strong>EPISTOLA</strong></span> <span class='ocrx_word' id='word_1_344' title='bbox 2847 2467 3143 2524; x_wconf 86' lang='lat' dir='ltr'><strong>CLXXlV&quot;.</strong></span> 
     </span>
    </p>
   </div>
   <div class='ocr_carea' id='block_1_50' title="bbox 262 2571 3650 2657">
    <p class='ocr_par' dir='ltr' id='par_1_50' title="bbox 262 2571 3650 2657">
     <span class='ocr_line' id='line_1_50' title="bbox 262 2571 3650 2657; baseline -0.001 -11"><span class='ocrx_word' id='word_1_345' title='bbox 262 2587 423 2646; x_wconf 81' lang='lat' dir='ltr'><strong>Raro</strong></span> <span class='ocrx_word' id='word_1_346' title='bbox 445 2584 658 2646; x_wconf 73' lang='lat' dir='ltr'><strong>scribit</strong></span> <span class='ocrx_word' id='word_1_347' title='bbox 686 2584 829 2643; x_wconf 81' lang='lat' dir='ltr'><strong>huic</strong></span> <span class='ocrx_word' id='word_1_348' title='bbox 859 2585 1056 2643; x_wconf 63' lang='lat' dir='ltr'><strong>viduae</strong></span> <span class='ocrx_word' id='word_1_349' title='bbox 1092 2585 1382 2650; x_wconf 80' lang='lat' dir='ltr'><strong>Basilius,</strong></span> <span class='ocrx_word' id='word_1_350' title='bbox 1415 2599 1492 2641; x_wconf 87' lang='lat' dir='ltr'><strong>ne</strong></span> <span class='ocrx_word' id='word_1_351' title='bbox 1518 2583 1667 2655; x_wconf 85' lang='lat' dir='ltr'><strong>quid</strong></span> <span class='ocrx_word' id='word_1_352' title='bbox 1695 2583 1751 2641; x_wconf 93' lang='lat' dir='ltr'><strong>ei</strong></span> <span class='ocrx_word' id='word_1_353' title='bbox 1784 2582 2049 2653; x_wconf 79' lang='lat' dir='ltr'><strong>periculi</strong></span> <span class='ocrx_word' id='word_1_354' title='bbox 2070 2583 2597 2657; x_wconf 12' lang='lat' dir='ltr'><strong>creeturHortatur</strong></span> <span class='ocrx_word' id='word_1_355' title='bbox 2634 2588 2704 2639; x_wconf 87' lang='lat' dir='ltr'><strong>ut</strong></span> <span class='ocrx_word' id='word_1_356' title='bbox 2742 2598 2794 2657; x_wconf 60' lang='grc' dir='ltr'><strong>ιι</strong></span> <span class='ocrx_word' id='word_1_357' title='bbox 2809 2571 3008 2657; x_wconf 75' lang='lat' dir='ltr'><strong>divini</strong></span> <span class='ocrx_word' id='word_1_358' title='bbox 3033 2583 3254 2654; x_wconf 80' lang='lat' dir='ltr'><strong>iudicii</strong></span> <span class='ocrx_word' id='word_1_359' title='bbox 3288 2585 3650 2657; x_wconf 75' lang='lat' dir='ltr'><strong>cogitatione</strong></span> 
     </span>
    </p>
   </div>
   <div class='ocr_carea' id='block_1_51' title="bbox 803 2655 3109 2728">
    <p class='ocr_par' dir='ltr' id='par_1_51' title="bbox 803 2655 3109 2728">
     <span class='ocr_line' id='line_1_51' title="bbox 803 2655 3109 2728; baseline -0.003 -13"><span class='ocrx_word' id='word_1_360' title='bbox 803 2660 1074 2716; x_wconf 89' lang='lat' dir='ltr'><strong>animum</strong></span> <span class='ocrx_word' id='word_1_361' title='bbox 1106 2672 1230 2713; x_wconf 84' lang='lat' dir='ltr'><strong>non</strong></span> <span class='ocrx_word' id='word_1_362' title='bbox 1275 2656 1589 2728; x_wconf 81' lang='lat' dir='ltr'><strong>dimoveat,</strong></span> <span class='ocrx_word' id='word_1_363' title='bbox 1621 2671 1729 2713; x_wconf 85' lang='lat' dir='ltr'><strong>nec</strong></span> <span class='ocrx_word' id='word_1_364' title='bbox 1774 2663 1972 2712; x_wconf 88' lang='lat' dir='ltr'><strong>tamen</strong></span> <span class='ocrx_word' id='word_1_365' title='bbox 2010 2656 2201 2712; x_wconf 89' lang='lat' dir='ltr'><strong>nimia</strong></span> <span class='ocrx_word' id='word_1_366' title='bbox 2230 2655 2642 2726; x_wconf 81' lang='lat' dir='ltr'><strong>distringatur</strong></span> <span class='ocrx_word' id='word_1_367' title='bbox 2676 2655 3109 2712; x_wconf 80' lang='lat' dir='ltr'><strong>sollicitudine.</strong></span> 
     </span>
    </p>
   </div>
   <div class='ocr_carea' id='block_1_52' title="bbox 836 2765 1301 2841">
    <p class='ocr_par' dir='ltr' id='par_1_52' title="bbox 836 2765 1301 2841">
     <span class='ocr_line' id='line_1_52' title="bbox 836 2765 1301 2841; baseline -0.006 -21"><span class='ocrx_word' id='word_1_368' title='bbox 836 2767 977 2841; x_wconf 87' lang='grc' dir='ltr'>Πρὸς</span> <span class='ocrx_word' id='word_1_369' title='bbox 1006 2765 1301 2841; x_wconf 81' lang='grc' dir='ltr'>ἐλευθέραν.</span> 
     </span>
    </p>
   </div>
   <div class='ocr_carea' id='block_1_53' title="bbox 337 2878 1874 2955">
    <p class='ocr_par' dir='ltr' id='par_1_53' title="bbox 337 2878 1874 2955">
     <span class='ocr_line' id='line_1_53' title="bbox 337 2878 1874 2955; baseline -0.005 -18"><span class='ocrx_word' id='word_1_370' title='bbox 337 2882 497 2954; x_wconf 75' lang='grc' dir='ltr'>Ἐγὼ,</span> <span class='ocrx_word' id='word_1_371' title='bbox 566 2887 654 2936; x_wconf 82' lang='grc' dir='ltr'>καὶ</span> <span class='ocrx_word' id='word_1_372' title='bbox 706 2884 843 2937; x_wconf 87' lang='grc' dir='ltr'>πάνυ</span> <span class='ocrx_word' id='word_1_373' title='bbox 906 2880 1217 2955; x_wconf 83' lang='grc' dir='ltr'>βουλόμενος</span> <span class='ocrx_word' id='word_1_374' title='bbox 1278 2888 1514 2954; x_wconf 86' lang='grc' dir='ltr'>συνεχῶς</span> <span class='ocrx_word' id='word_1_375' title='bbox 1561 2878 1874 2933; x_wconf 73' lang='grc' dir='ltr'>ἐπιστέλλειν</span> 
     </span>
    </p>
   </div>
   <div class='ocr_carea' id='block_1_54' title="bbox 268 2968 1876 3045">
    <p class='ocr_par' dir='ltr' id='par_1_54' title="bbox 268 2968 1876 3045">
     <span class='ocr_line' id='line_1_54' title="bbox 268 2968 1876 3045; baseline -0.003 -21"><span class='ocrx_word' id='word_1_376' title='bbox 268 2979 334 3045; x_wconf 77' lang='grc' dir='ltr'><strong>τῇ</strong></span> <span class='ocrx_word' id='word_1_377' title='bbox 370 2972 595 3044; x_wconf 73' lang='grc' dir='ltr'>εὐγενείᾳ</span> <span class='ocrx_word' id='word_1_378' title='bbox 640 2973 806 3045; x_wconf 76' lang='grc' dir='ltr'>ὑμῶν,</span> <span class='ocrx_word' id='word_1_379' title='bbox 848 2969 1076 3043; x_wconf 78' lang='grc' dir='ltr'>ἐπέσχον</span> <span class='ocrx_word' id='word_1_380' title='bbox 1106 2971 1217 3043; x_wconf 79' lang='grc'>(92)</span> <span class='ocrx_word' id='word_1_381' title='bbox 1265 2969 1487 3043; x_wconf 83' lang='grc' dir='ltr'>ἐμαυτὸν</span> <span class='ocrx_word' id='word_1_382' title='bbox 1536 2968 1636 3036; x_wconf 81' lang='grc' dir='ltr'>ἀεὶ,</span> <span class='ocrx_word' id='word_1_383' title='bbox 1687 2974 1876 3042; x_wconf 86' lang='grc' dir='ltr'>μήπως</span> 
     </span>
    </p>
   </div>
   <div class='ocr_carea' id='block_1_55' title="bbox 273 3054 1876 3136">
    <p class='ocr_par' dir='ltr' id='par_1_55' title="bbox 273 3054 1876 3136">
     <span class='ocr_line' id='line_1_55' title="bbox 273 3054 1876 3136; baseline -0.002 -23"><span class='ocrx_word' id='word_1_384' title='bbox 273 3057 410 3123; x_wconf 85' lang='grc' dir='ltr'><strong>δόξω</strong></span> <span class='ocrx_word' id='word_1_385' title='bbox 472 3064 616 3124; x_wconf 81' lang='grc' dir='ltr'>τινὰς</span> <span class='ocrx_word' id='word_1_386' title='bbox 674 3062 797 3134; x_wconf 85' lang='grc' dir='ltr'>ύμῖν</span> <span class='ocrx_word' id='word_1_387' title='bbox 856 3064 1185 3136; x_wconf 81' lang='grc' dir='ltr'>πειρασμοὺς</span> <span class='ocrx_word' id='word_1_388' title='bbox 1249 3058 1544 3133; x_wconf 79' lang='grc' dir='ltr'>ἐπεγείρειν,</span> <span class='ocrx_word' id='word_1_389' title='bbox 1604 3054 1700 3111; x_wconf 80' lang='grc' dir='ltr'>διὰ</span> <span class='ocrx_word' id='word_1_390' title='bbox 1753 3060 1876 3118; x_wconf 84' lang='grc' dir='ltr'>τοὺς</span> 
     </span>
    </p>
   </div>
   <div class='ocr_carea' id='block_1_56' title="bbox 270 3145 1870 3225">
    <p class='ocr_par' dir='ltr' id='par_1_56' title="bbox 270 3145 1870 3225">
     <span class='ocr_line' id='line_1_56' title="bbox 270 3145 1870 3225; baseline -0.002 -22"><span class='ocrx_word' id='word_1_391' title='bbox 270 3150 563 3225; x_wconf 84' lang='grc' dir='ltr'>φιλέχθρως</span> <span class='ocrx_word' id='word_1_392' title='bbox 616 3153 745 3224; x_wconf 87' lang='grc' dir='ltr'>πρός</span> <span class='ocrx_word' id='word_1_393' title='bbox 792 3152 934 3224; x_wconf 78' lang='grc' dir='ltr'>ἡμᾶς</span> <span class='ocrx_word' id='word_1_394' title='bbox 992 3147 1370 3223; x_wconf 84' lang='grc' dir='ltr'>διακειμένους·</span> <span class='ocrx_word' id='word_1_395' title='bbox 1425 3153 1535 3214; x_wconf 88' lang='grc' dir='ltr'>καί,</span> <span class='ocrx_word' id='word_1_396' title='bbox 1572 3150 1637 3209; x_wconf 85' lang='grc' dir='ltr'>ὡς</span> <span class='ocrx_word' id='word_1_397' title='bbox 1679 3145 1870 3219; x_wconf 80' lang='grc' dir='ltr'>ἀκούω,</span> 
     </span>
    </p>
   </div>
   <div class='ocr_carea' id='block_1_57' title="bbox 264 3237 1873 3313">
    <p class='ocr_par' dir='ltr' id='par_1_57' title="bbox 264 3237 1873 3313">
     <span class='ocr_line' id='line_1_57' title="bbox 264 3237 1873 3313; baseline -0.002 -21"><span class='ocrx_word' id='word_1_398' title='bbox 264 3243 427 3312; x_wconf 84' lang='grc' dir='ltr'>μέχρι</span> <span class='ocrx_word' id='word_1_399' title='bbox 475 3243 566 3292; x_wconf 81' lang='grc' dir='ltr'><strong>καὶ</strong></span> <span class='ocrx_word' id='word_1_400' title='bbox 616 3241 813 3292; x_wconf 89' lang='grc' dir='ltr'>τούτων</span> <span class='ocrx_word' id='word_1_401' title='bbox 848 3243 944 3298; x_wconf 82' lang='grc' dir='ltr'><strong>τήν</strong></span> <span class='ocrx_word' id='word_1_402' title='bbox 996 3240 1193 3313; x_wconf 70' lang='grc' dir='ltr'>ἔχθραν</span> <span class='ocrx_word' id='word_1_403' title='bbox 1248 3237 1568 3309; x_wconf 76' lang='grc' dir='ltr'>ἐλαύνοντας,</span> <span class='ocrx_word' id='word_1_404' title='bbox 1612 3238 1747 3299; x_wconf 85' lang='grc' dir='ltr'>ᾧστε</span> <span class='ocrx_word' id='word_1_405' title='bbox 1779 3254 1873 3289; x_wconf 84' lang='grc' dir='ltr'>πο·</span> 
     </span>
    </p>
   </div>
   <div class='ocr_carea' id='block_1_58' title="bbox 262 3327 1875 3402">
    <p class='ocr_par' dir='ltr' id='par_1_58' title="bbox 262 3327 1875 3402">
     <span class='ocr_line' id='line_1_58' title="bbox 262 3327 1875 3402; baseline -0.002 -22"><span class='ocrx_word' id='word_1_406' title='bbox 262 3327 642 3402; x_wconf 83' lang='grc' dir='ltr'>λυπραγμονεῖν</span> <span class='ocrx_word' id='word_1_407' title='bbox 674 3328 789 3393; x_wconf 84' lang='grc'><strong>(93)</strong></span> <span class='ocrx_word' id='word_1_408' title='bbox 850 3330 895 3381; x_wconf 78' lang='grc' dir='ltr'>εἴ</span> <span class='ocrx_word' id='word_1_409' title='bbox 939 3331 1040 3381; x_wconf 87' lang='grc' dir='ltr'><strong>πού</strong></span> <span class='ocrx_word' id='word_1_410' title='bbox 1086 3348 1162 3389; x_wconf 93' lang='grc' dir='ltr'><strong>τις</strong></span> <span class='ocrx_word' id='word_1_411' title='bbox 1209 3332 1302 3380; x_wconf 89' lang='grc' dir='ltr'>καὶ</span> <span class='ocrx_word' id='word_1_412' title='bbox 1360 3329 1583 3402; x_wconf 85' lang='grc' dir='ltr'>γράμμα</span> <span class='ocrx_word' id='word_1_413' title='bbox 1628 3328 1875 3399; x_wconf 83' lang='grc' dir='ltr'>ἡμέτερον</span> 
     </span>
    </p>
   </div>
   <div class='ocr_carea' id='block_1_59' title="bbox 264 3413 1873 3489">
    <p class='ocr_par' dir='ltr' id='par_1_59' title="bbox 264 3413 1873 3489">
     <span class='ocr_line' id='line_1_59' title="bbox 264 3413 1873 3489; baseline -0.003 -19"><span class='ocrx_word' id='word_1_414' title='bbox 264 3413 504 3489; x_wconf 84' lang='grc' dir='ltr'>δέχοιτο.</span> <span class='ocrx_word' id='word_1_415' title='bbox 557 3413 772 3476; x_wconf 75' lang='grc' dir='ltr'>Ἐπειδὴ</span> <span class='ocrx_word' id='word_1_416' title='bbox 828 3413 888 3471; x_wconf 70' lang='grc' dir='ltr'>δὲ</span> <span class='ocrx_word' id='word_1_417' title='bbox 931 3417 1088 3481; x_wconf 72' lang='grc' dir='ltr'>αὐτὴ,</span> <span class='ocrx_word' id='word_1_418' title='bbox 1147 3416 1316 3478; x_wconf 83' lang='grc' dir='ltr'>καλῶς</span> <span class='ocrx_word' id='word_1_419' title='bbox 1367 3423 1616 3482; x_wconf 85' lang='grc' dir='ltr'>ποιοῦσα,</span> <span class='ocrx_word' id='word_1_420' title='bbox 1669 3422 1873 3486; x_wconf 81' lang='grc' dir='ltr'>κατῆρ-</span> 
     </span>
    </p>
   </div>
   <div class='ocr_carea' id='block_1_60' title="bbox 263 3502 1874 3580">
    <p class='ocr_par' dir='ltr' id='par_1_60' title="bbox 263 3502 1874 3580">
     <span class='ocr_line' id='line_1_60' title="bbox 263 3502 1874 3580; baseline -0.003 -21"><span class='ocrx_word' id='word_1_421' title='bbox 263 3507 355 3570; x_wconf 85' lang='grc' dir='ltr'><strong>ξας</strong></span> <span class='ocrx_word' id='word_1_422' title='bbox 408 3514 503 3561; x_wconf 86' lang='grc' dir='ltr'><strong>τοῡ</strong></span> <span class='ocrx_word' id='word_1_423' title='bbox 549 3507 877 3580; x_wconf 81' lang='grc' dir='ltr'>γράμματος,</span> <span class='ocrx_word' id='word_1_424' title='bbox 929 3511 1020 3560; x_wconf 83' lang='grc' dir='ltr'>καὶ</span> <span class='ocrx_word' id='word_1_425' title='bbox 1076 3504 1372 3568; x_wconf 77' lang='grc' dir='ltr'>ἐπέστειλας</span> <span class='ocrx_word' id='word_1_426' title='bbox 1427 3506 1552 3578; x_wconf 79' lang='grc' dir='ltr'>ἡμῖν</span> <span class='ocrx_word' id='word_1_427' title='bbox 1608 3503 1643 3556; x_wconf 84' lang='grc' dir='ltr'><em>ἃ</em></span> <span class='ocrx_word' id='word_1_428' title='bbox 1708 3502 1874 3578; x_wconf 82' lang='grc' dir='ltr'>ἐχρῆν</span> 
     </span>
    </p>
   </div>
   <div class='ocr_carea' id='block_1_61' title="bbox 261 3591 1875 3672">
    <p class='ocr_par' dir='ltr' id='par_1_61' title="bbox 261 3591 1875 3672">
     <span class='ocr_line' id='line_1_61' title="bbox 261 3591 1875 3672; baseline -0.004 -22"><span class='ocrx_word' id='word_1_429' title='bbox 261 3601 380 3672; x_wconf 88' lang='grc' dir='ltr'>περὶ</span> <span class='ocrx_word' id='word_1_430' title='bbox 429 3606 531 3650; x_wconf 85' lang='grc' dir='ltr'>τῶν</span> <span class='ocrx_word' id='word_1_431' title='bbox 582 3600 723 3650; x_wconf 84' lang='grc' dir='ltr'><strong>κατά</strong></span> <span class='ocrx_word' id='word_1_432' title='bbox 766 3602 856 3655; x_wconf 83' lang='grc' dir='ltr'>τὴν</span> <span class='ocrx_word' id='word_1_433' title='bbox 902 3595 1090 3669; x_wconf 72' lang='grc' dir='ltr'>ψυχὴν</span> <span class='ocrx_word' id='word_1_434' title='bbox 1142 3615 1237 3649; x_wconf 90' lang='grc' dir='ltr'><strong>σου</strong></span> <span class='ocrx_word' id='word_1_435' title='bbox 1294 3596 1617 3670; x_wconf 72' lang='grc' dir='ltr'>πραγμάτων</span> <span class='ocrx_word' id='word_1_436' title='bbox 1667 3591 1875 3645; x_wconf 89' lang='grc' dir='ltr'>ἀνακοι-</span> 
     </span>
    </p>
   </div>
   <div class='ocr_carea' id='block_1_62' title="bbox 260 3684 1873 3763">
    <p class='ocr_par' dir='ltr' id='par_1_62' title="bbox 260 3684 1873 3763">
     <span class='ocr_line' id='line_1_62' title="bbox 260 3684 1873 3763; baseline -0.002 -24"><span class='ocrx_word' id='word_1_437' title='bbox 260 3691 481 3761; x_wconf 83' lang='grc' dir='ltr'>νουμένη</span> <span class='ocrx_word' id='word_1_438' title='bbox 518 3730 534 3755; x_wconf 90' lang='grc'><strong>,</strong></span> <span class='ocrx_word' id='word_1_439' title='bbox 600 3688 933 3763; x_wconf 82' lang='grc' dir='ltr'>προιτράπην</span> <span class='ocrx_word' id='word_1_440' title='bbox 1000 3687 1073 3749; x_wconf 87' lang='grc' dir='ltr'><strong>εἰς</strong></span> <span class='ocrx_word' id='word_1_441' title='bbox 1126 3689 1185 3739; x_wconf 87' lang='grc' dir='ltr'>τὸ</span> <span class='ocrx_word' id='word_1_442' title='bbox 1242 3684 1627 3738; x_wconf 80' lang='grc' dir='ltr'>ἀντεπιστεῖλαι</span> <span class='ocrx_word' id='word_1_443' title='bbox 1659 3704 1672 3718; x_wconf 89' lang='grc'><strong>·</strong></span> <span class='ocrx_word' id='word_1_444' title='bbox 1741 3684 1873 3755; x_wconf 78' lang='grc' dir='ltr'>ὁμοῦ</span> 
     </span>
    </p>
   </div>
   <div class='ocr_carea' id='block_1_63' title="bbox 263 3770 1873 3852">
    <p class='ocr_par' dir='ltr' id='par_1_63' title="bbox 263 3770 1873 3852">
     <span class='ocr_line' id='line_1_63' title="bbox 263 3770 1873 3852; baseline -0.004 -21"><span class='ocrx_word' id='word_1_445' title='bbox 263 3780 354 3849; x_wconf 75' lang='grc' dir='ltr'>μὲν</span> <span class='ocrx_word' id='word_1_446' title='bbox 405 3779 473 3830; x_wconf 86' lang='grc' dir='ltr'><strong>τά</strong></span> <span class='ocrx_word' id='word_1_447' title='bbox 529 3774 577 3830; x_wconf 84' lang='grc' dir='ltr'><strong>έν</strong></span> <span class='ocrx_word' id='word_1_448' title='bbox 628 3784 703 3848; x_wconf 82' lang='grc' dir='ltr'>τῷ</span> <span class='ocrx_word' id='word_1_449' title='bbox 767 3775 1077 3852; x_wconf 83' lang='grc' dir='ltr'>παρελθόντι</span> <span class='ocrx_word' id='word_1_450' title='bbox 1127 3778 1305 3849; x_wconf 85' lang='grc' dir='ltr'>χρόνῳ</span> <span class='ocrx_word' id='word_1_451' title='bbox 1358 3774 1676 3847; x_wconf 82' lang='grc' dir='ltr'>ἐλλειφθέντα</span> <span class='ocrx_word' id='word_1_452' title='bbox 1723 3770 1873 3825; x_wconf 83' lang='grc' dir='ltr'>ἐπαν-</span> 
     </span>
    </p>
   </div>
   <div class='ocr_carea' id='block_1_64' title="bbox 262 3861 1873 3941">
    <p class='ocr_par' dir='ltr' id='par_1_64' title="bbox 262 3861 1873 3941">
     <span class='ocr_line' id='line_1_64' title="bbox 262 3861 1873 3941; baseline -0.004 -22"><span class='ocrx_word' id='word_1_453' title='bbox 262 3868 595 3941; x_wconf 87' lang='grc' dir='ltr'>ορθούμενος,</span> <span class='ocrx_word' id='word_1_454' title='bbox 624 3865 754 3938; x_wconf 82' lang='grc' dir='ltr'>ὁμοῦ</span> <span class='ocrx_word' id='word_1_455' title='bbox 811 3862 870 3918; x_wconf 72' lang='grc' dir='ltr'><strong>δε</strong></span> <span class='ocrx_word' id='word_1_456' title='bbox 917 3870 1008 3917; x_wconf 81' lang='grc' dir='ltr'>καὶ</span> <span class='ocrx_word' id='word_1_457' title='bbox 1058 3868 1192 3939; x_wconf 88' lang='grc' dir='ltr'>πρὸς</span> <span class='ocrx_word' id='word_1_458' title='bbox 1237 3866 1305 3916; x_wconf 88' lang='grc' dir='ltr'><strong>τά</strong></span> <span class='ocrx_word' id='word_1_459' title='bbox 1343 3861 1694 3935; x_wconf 84' lang='grc' dir='ltr'>ἐπεσταλμένα</span> <span class='ocrx_word' id='word_1_460' title='bbox 1728 3863 1873 3934; x_wconf 88' lang='grc' dir='ltr'><strong>παρά</strong></span> 
     </span>
    </p>
   </div>
   <div class='ocr_carea' id='block_1_65' title="bbox 260 3949 1872 4027">
    <p class='ocr_par' dir='ltr' id='par_1_65' title="bbox 260 3949 1872 4027">
     <span class='ocr_line' id='line_1_65' title="bbox 260 3949 1872 4027; baseline -0.003 -20"><span class='ocrx_word' id='word_1_461' title='bbox 260 3963 353 4016; x_wconf 84' lang='grc' dir='ltr'>τῆς</span> <span class='ocrx_word' id='word_1_462' title='bbox 414 3964 509 4016; x_wconf 83' lang='grc' dir='ltr'>σῆς</span> <span class='ocrx_word' id='word_1_463' title='bbox 554 3954 812 4026; x_wconf 71' lang='grc' dir='ltr'>εὐγενείας</span> <span class='ocrx_word' id='word_1_464' title='bbox 855 3953 1276 4027; x_wconf 75' lang='grc' dir='ltr'>ἀποκρινόμενος.</span> <span class='ocrx_word' id='word_1_465' title='bbox 1330 3951 1452 4005; x_wconf 77' lang='grc' dir='ltr'>Ὀτι</span> <span class='ocrx_word' id='word_1_466' title='bbox 1480 3956 1721 4025; x_wconf 84' lang='grc' dir='ltr'>μακαρία</span> <span class='ocrx_word' id='word_1_467' title='bbox 1757 3949 1872 4003; x_wconf 81' lang='grc' dir='ltr'>ἐστὶ</span> 
     </span>
    </p>
   </div>
   <div class='ocr_carea' id='block_1_66' title="bbox 260 4040 1871 4118">
    <p class='ocr_par' dir='ltr' id='par_1_66' title="bbox 260 4040 1871 4118">
     <span class='ocr_line' id='line_1_66' title="bbox 260 4040 1871 4118; baseline -0.003 -21"><span class='ocrx_word' id='word_1_468' title='bbox 260 4044 442 4117; x_wconf 70' lang='grc' dir='ltr'>ψυχή,</span> <span class='ocrx_word' id='word_1_469' title='bbox 484 4047 515 4104; x_wconf 88' lang='grc' dir='ltr'><strong>ή</strong></span> <span class='ocrx_word' id='word_1_470' title='bbox 548 4047 736 4106; x_wconf 81' lang='grc' dir='ltr'>νυκτός</span> <span class='ocrx_word' id='word_1_471' title='bbox 784 4048 874 4097; x_wconf 82' lang='grc' dir='ltr'>καὶ</span> <span class='ocrx_word' id='word_1_472' title='bbox 932 4046 1131 4118; x_wconf 79' lang='grc' dir='ltr'>ἡμέρας</span> <span class='ocrx_word' id='word_1_473' title='bbox 1186 4040 1456 4117; x_wconf 86' lang='grc' dir='ltr'>μηδεμίαν</span> <span class='ocrx_word' id='word_1_474' title='bbox 1499 4042 1656 4099; x_wconf 76' lang='grc' dir='ltr'>ἄλλην</span> <span class='ocrx_word' id='word_1_475' title='bbox 1718 4046 1871 4116; x_wconf 85' lang='grc' dir='ltr'>μέρι-</span> 
     </span>
    </p>
   </div>
   <div class='ocr_carea' id='block_1_67' title="bbox 260 4131 1866 4208">
    <p class='ocr_par' dir='ltr' id='par_1_67' title="bbox 260 4131 1866 4208">
     <span class='ocr_line' id='line_1_67' title="bbox 260 4131 1866 4208; baseline -0.002 -23"><span class='ocrx_word' id='word_1_476' title='bbox 260 4154 392 4192; x_wconf 80' lang='grc' dir='ltr'>μναν</span> <span class='ocrx_word' id='word_1_477' title='bbox 435 4139 757 4208; x_wconf 81' lang='grc' dir='ltr'>στρέφουσα,</span> <span class='ocrx_word' id='word_1_478' title='bbox 813 4134 842 4193; x_wconf 82' lang='grc' dir='ltr'><strong>ή</strong></span> <span class='ocrx_word' id='word_1_479' title='bbox 902 4143 1013 4195; x_wconf 83' lang='grc' dir='ltr'>πῶς</span> <span class='ocrx_word' id='word_1_480' title='bbox 1062 4132 1146 4187; x_wconf 82' lang='grc' dir='ltr'><strong>ἐπὶ</strong></span> <span class='ocrx_word' id='word_1_481' title='bbox 1202 4140 1300 4194; x_wconf 88' lang='grc' dir='ltr'>τῆς</span> <span class='ocrx_word' id='word_1_482' title='bbox 1362 4131 1591 4204; x_wconf 79' lang='grc' dir='ltr'>μεγάλης</span> <span class='ocrx_word' id='word_1_483' title='bbox 1650 4133 1866 4205; x_wconf 82' lang='grc' dir='ltr'>ἡμέρας,</span> 
     </span>
    </p>
   </div>
   <div class='ocr_carea' id='block_1_68' title="bbox 256 4224 1868 4299">
    <p class='ocr_par' dir='ltr' id='par_1_68' title="bbox 256 4224 1868 4299">
     <span class='ocr_line' id='line_1_68' title="bbox 256 4224 1868 4299; baseline -0.001 -22"><span class='ocrx_word' id='word_1_484' title='bbox 256 4224 376 4278; x_wconf 84' lang='grc' dir='ltr'>καθ’</span> <span class='ocrx_word' id='word_1_485' title='bbox 421 4225 484 4286; x_wconf 74' lang='grc' dir='ltr'>ἣν</span> <span class='ocrx_word' id='word_1_486' title='bbox 517 4230 670 4279; x_wconf 85' lang='grc' dir='ltr'>πᾶσα</span> <span class='ocrx_word' id='word_1_487' title='bbox 716 4225 746 4284; x_wconf 83' lang='grc' dir='ltr'><strong>ἠ</strong></span> <span class='ocrx_word' id='word_1_488' title='bbox 779 4228 954 4285; x_wconf 88' lang='grc' dir='ltr'>κτίσις</span> <span class='ocrx_word' id='word_1_489' title='bbox 990 4229 1367 4299; x_wconf 80' lang='grc' dir='ltr'>περιστήσεται</span> <span class='ocrx_word' id='word_1_490' title='bbox 1402 4225 1491 4275; x_wconf 82' lang='grc' dir='ltr'><strong>τόν</strong></span> <span class='ocrx_word' id='word_1_491' title='bbox 1541 4226 1747 4298; x_wconf 84' lang='grc' dir='ltr'>κριτήν,</span> <span class='ocrx_word' id='word_1_492' title='bbox 1777 4225 1868 4286; x_wconf 86' lang='grc' dir='ltr'><strong>τὰς</strong></span> 
     </span>
    </p>
   </div>
   <div class='ocr_carea' id='block_1_69' title="bbox 258 4308 1867 4389">
    <p class='ocr_par' dir='ltr' id='par_1_69' title="bbox 258 4308 1867 4389">
     <span class='ocr_line' id='line_1_69' title="bbox 258 4308 1867 4389; baseline -0.001 -20"><span class='ocrx_word' id='word_1_493' title='bbox 258 4314 477 4379; x_wconf 74' lang='grc' dir='ltr'>εὐθύνας</span> <span class='ocrx_word' id='word_1_494' title='bbox 540 4323 643 4368; x_wconf 86' lang='grc' dir='ltr'>τῶν</span> <span class='ocrx_word' id='word_1_495' title='bbox 694 4317 1070 4389; x_wconf 83' lang='grc' dir='ltr'>πεπραγμένων</span> <span class='ocrx_word' id='word_1_496' title='bbox 1125 4308 1468 4367; x_wconf 77' lang='grc' dir='ltr'>ἀποδιδοῦσα</span> <span class='ocrx_word' id='word_1_497' title='bbox 1495 4354 1510 4383; x_wconf 88' lang='grc'><strong>,</strong></span> <span class='ocrx_word' id='word_1_498' title='bbox 1586 4317 1677 4366; x_wconf 86' lang='grc' dir='ltr'>καὶ</span> <span class='ocrx_word' id='word_1_499' title='bbox 1733 4312 1867 4373; x_wconf 84' lang='grc' dir='ltr'>αύτή</span> 
     </span>
    </p>
   </div>
   <div class='ocr_carea' id='block_1_70' title="bbox 340 4528 1870 4601">
    <p class='ocr_par' dir='ltr' id='par_1_70' title="bbox 340 4528 1870 4601">
     <span class='ocr_line' id='line_1_70' title="bbox 340 4528 1870 4601; baseline 0 -17"><span class='ocrx_word' id='word_1_500' title='bbox 340 4528 458 4601; x_wconf 81' lang='lat'><strong>(88)</strong></span> <span class='ocrx_word' id='word_1_501' title='bbox 488 4528 576 4601; x_wconf 70' lang='grc' dir='ltr'><strong>ΪΩς</strong></span> <span class='ocrx_word' id='word_1_502' title='bbox 604 4530 679 4584; x_wconf 72' lang='grc' dir='ltr'><strong>ἐπ’</strong></span> <span class='ocrx_word' id='word_1_503' title='bbox 704 4530 895 4594; x_wconf 71' lang='grc' dir='ltr'>αὐτῆς.</span> <span class='ocrx_word' id='word_1_504' title='bbox 924 4532 1099 4587; x_wconf 89' lang='lat' dir='ltr'><strong>Deest</strong></span> <span class='ocrx_word' id='word_1_505' title='bbox 1122 4531 1191 4592; x_wconf 84' lang='grc' dir='ltr'>ὡς</span> <span class='ocrx_word' id='word_1_506' title='bbox 1210 4528 1272 4601; x_wconf 92' lang='lat' dir='ltr'><strong>in</strong></span> <span class='ocrx_word' id='word_1_507' title='bbox 1288 4531 1549 4600; x_wconf 88' lang='lat' dir='ltr'><strong>quatuor</strong></span> <span class='ocrx_word' id='word_1_508' title='bbox 1568 4544 1718 4584; x_wconf 90' lang='lat' dir='ltr'><strong>mss.</strong></span> <span class='ocrx_word' id='word_1_509' title='bbox 1743 4541 1870 4585; x_wconf 91' lang='lat' dir='ltr'><strong>non</strong></span> 
     </span>
    </p>
   </div>
   <div class='ocr_carea' id='block_1_71' title="bbox 266 4599 1871 4681">
    <p class='ocr_par' dir='ltr' id='par_1_71' title="bbox 266 4599 1871 4681">
     <span class='ocr_line' id='line_1_71' title="bbox 266 4599 1871 4681; baseline -0.001 -24"><span class='ocrx_word' id='word_1_510' title='bbox 266 4599 722 4681; x_wconf 73' lang='lat' dir='ltr'><strong>antiquissimis.</strong></span> <span class='ocrx_word' id='word_1_511' title='bbox 766 4603 996 4681; x_wconf 71' lang='lat' dir='ltr'><strong>ibidem</strong></span> <span class='ocrx_word' id='word_1_512' title='bbox 1025 4601 1168 4657; x_wconf 91' lang='lat' dir='ltr'><strong>editi</strong></span> <span class='ocrx_word' id='word_1_513' title='bbox 1198 4599 1517 4681; x_wconf 36' lang='grc' dir='ltr'>εὑρήκαμεν..</span> <span class='ocrx_word' id='word_1_514' title='bbox 1533 4601 1673 4681; x_wconf 81' lang='lat' dir='ltr'><strong>Tres</strong></span> <span class='ocrx_word' id='word_1_515' title='bbox 1710 4604 1871 4655; x_wconf 87' lang='lat' dir='ltr'><strong>vetu-</strong></span> 
     </span>
    </p>
   </div>
   <div class='ocr_carea' id='block_1_72' title="bbox 268 4671 1687 4730">
    <p class='ocr_par' dir='ltr' id='par_1_72' title="bbox 268 4671 1687 4730">
     <span class='ocr_line' id='line_1_72' title="bbox 268 4671 1687 4730; baseline -0.001 -4"><span class='ocrx_word' id='word_1_516' title='bbox 268 4671 518 4727; x_wconf 84' lang='lat' dir='ltr'><strong>stissimi</strong></span> <span class='ocrx_word' id='word_1_517' title='bbox 546 4675 784 4730; x_wconf 91' lang='lat' dir='ltr'><strong>codices</strong></span> <span class='ocrx_word' id='word_1_518' title='bbox 813 4679 871 4730; x_wconf 88' lang='lat' dir='ltr'><strong>et</strong></span> <span class='ocrx_word' id='word_1_519' title='bbox 899 4672 999 4730; x_wconf 91' lang='lat' dir='ltr'><strong>alii</strong></span> <span class='ocrx_word' id='word_1_520' title='bbox 1028 4671 1303 4729; x_wconf 88' lang='lat' dir='ltr'><strong>nonnulli</strong></span> <span class='ocrx_word' id='word_1_521' title='bbox 1329 4671 1474 4727; x_wconf 88' lang='lat' dir='ltr'><strong>utin</strong></span> <span class='ocrx_word' id='word_1_522' title='bbox 1503 4674 1687 4726; x_wconf 82' lang='lat' dir='ltr'><strong>textu.</strong></span> 
     </span>
    </p>
   </div>
   <div class='ocr_carea' id='block_1_73' title="bbox 344 4740 1866 4818">
    <p class='ocr_par' dir='ltr' id='par_1_73' title="bbox 344 4740 1866 4818">
     <span class='ocr_line' id='line_1_73' title="bbox 344 4740 1866 4818; baseline 0.001 -22"><span class='ocrx_word' id='word_1_523' title='bbox 344 4742 464 4818; x_wconf 77' lang='lat'><strong>_(_89)_</strong></span> <span class='ocrx_word' id='word_1_524' title='bbox 503 4744 776 4818; x_wconf 77' lang='grc' dir='ltr'>Ὓπάρχει.</span> <span class='ocrx_word' id='word_1_525' title='bbox 807 4750 914 4818; x_wconf 64' lang='lat' dir='ltr'><strong>ita</strong></span> <span class='ocrx_word' id='word_1_526' title='bbox 965 4750 1083 4800; x_wconf 90' lang='lat' dir='ltr'><strong>tres</strong></span> <span class='ocrx_word' id='word_1_527' title='bbox 1150 4741 1556 4818; x_wconf 79' lang='lat' dir='ltr'><strong>antiquissimi</strong></span> <span class='ocrx_word' id='word_1_528' title='bbox 1590 4740 1866 4818; x_wconf 77' lang='lat' dir='ltr'><strong>codices.</strong></span> 
     </span>
    </p>
   </div>
   <div class='ocr_carea' id='block_1_74' title="bbox 263 4812 1869 4892">
    <p class='ocr_par' dir='ltr' id='par_1_74' title="bbox 263 4812 1869 4892">
     <span class='ocr_line' id='line_1_74' title="bbox 263 4812 1869 4892; baseline -0.004 -22"><span class='ocrx_word' id='word_1_529' title='bbox 263 4812 749 4892; x_wconf 14' lang='grc' dir='ltr'>Εάὶῐίνένυπάρχει.</span> <span class='ocrx_word' id='word_1_530' title='bbox 781 4816 1012 4892; x_wconf 86' lang='lat' dir='ltr'><strong>Ibidem</strong></span> <span class='ocrx_word' id='word_1_531' title='bbox 1042 4815 1279 4892; x_wconf 82' lang='lat' dir='ltr'><strong>Med._et</strong></span> <span class='ocrx_word' id='word_1_532' title='bbox 1298 4812 1479 4871; x_wconf 70' lang='lat' dir='ltr'><strong>Coisl.</strong></span> <span class='ocrx_word' id='word_1_533' title='bbox 1512 4813 1745 4886; x_wconf 88' lang='lat' dir='ltr'><strong>primus</strong></span> <span class='ocrx_word' id='word_1_534' title='bbox 1776 4815 1869 4885; x_wconf 84' lang='grc' dir='ltr'>φύ-</span> 
     </span>
    </p>
   </div>
   <div class='ocr_carea' id='block_1_75' title="bbox 264 4886 1401 4961">
    <p class='ocr_par' dir='ltr' id='par_1_75' title="bbox 264 4886 1401 4961">
     <span class='ocr_line' id='line_1_75' title="bbox 264 4886 1401 4961; baseline 0.001 -21"><span class='ocrx_word' id='word_1_535' title='bbox 264 4903 398 4961; x_wconf 78' lang='grc' dir='ltr'>σεως</span> <span class='ocrx_word' id='word_1_536' title='bbox 425 4886 781 4961; x_wconf 63' lang='grc' dir='ltr'>πλεονέκτημα</span> <span class='ocrx_word' id='word_1_537' title='bbox 800 4888 927 4943; x_wconf 90' lang='lat' dir='ltr'><strong>sine</strong></span> <span class='ocrx_word' id='word_1_538' title='bbox 956 4886 1401 4960; x_wconf 65' lang='lat' dir='ltr'><strong>praepositione.</strong></span> 
     </span>
    </p>
   </div>
   <div class='ocr_carea' id='block_1_76' title="bbox 333 4958 1872 5031">
    <p class='ocr_par' dir='ltr' id='par_1_76' title="bbox 333 4958 1872 5031">
     <span class='ocr_line' id='line_1_76' title="bbox 333 4958 1872 5031; baseline -0.002 -17"><span class='ocrx_word' id='word_1_539' title='bbox 333 4958 447 5031; x_wconf 76' lang='grc'>(90)</span> <span class='ocrx_word' id='word_1_540' title='bbox 478 4965 659 5031; x_wconf 52' lang='grc' dir='ltr'>ξΗμῶν</span> <span class='ocrx_word' id='word_1_541' title='bbox 693 4958 1047 5031; x_wconf 70' lang='grc' dir='ltr'>λειπούσης...</span> <span class='ocrx_word' id='word_1_542' title='bbox 1086 4958 1180 5016; x_wconf 79' lang='grc' dir='ltr'><strong>τήν</strong></span> <span class='ocrx_word' id='word_1_543' title='bbox 1229 4962 1458 5031; x_wconf 79' lang='grc' dir='ltr'>μνήμην.</span> <span class='ocrx_word' id='word_1_544' title='bbox 1486 4959 1590 5031; x_wconf 40' lang='grc' dir='ltr'>-Ιιξι</span> <span class='ocrx_word' id='word_1_545' title='bbox 1626 4959 1744 5031; x_wconf 78' lang='lat' dir='ltr'><strong>tres</strong></span> <span class='ocrx_word' id='word_1_546' title='bbox 1769 4969 1872 5011; x_wconf 76' lang='lat' dir='ltr'><strong>V6-</strong></span> 
     </span>
    </p>
   </div>
   <div class='ocr_carea' id='block_1_77' title="bbox 257 5026 1871 5101">
    <p class='ocr_par' dir='ltr' id='par_1_77' title="bbox 257 5026 1871 5101">
     <span class='ocr_line' id='line_1_77' title="bbox 257 5026 1871 5101; baseline -0.001 -17"><span class='ocrx_word' id='word_1_547' title='bbox 257 5026 580 5101; x_wconf 65' lang='lat' dir='ltr'><strong>tustissim&#39;i</strong></span> <span class='ocrx_word' id='word_1_548' title='bbox 601 5031 840 5087; x_wconf 86' lang='lat' dir='ltr'><strong>codices</strong></span> <span class='ocrx_word' id='word_1_549' title='bbox 861 5035 919 5086; x_wconf 91' lang='lat' dir='ltr'><strong>et</strong></span> <span class='ocrx_word' id='word_1_550' title='bbox 937 5029 1194 5087; x_wconf 83' lang='lat' dir='ltr'><strong>Claram.</strong></span> <span class='ocrx_word' id='word_1_551' title='bbox 1208 5026 1513 5101; x_wconf 75' lang='lat' dir='ltr'><strong>nisi&#39;quod</strong></span> <span class='ocrx_word' id='word_1_552' title='bbox 1526 5027 1871 5101; x_wconf 72' lang='lat' dir='ltr'><strong>Harlaaanus</strong></span> 
     </span>
    </p>
   </div>
   <div class='ocr_carea' id='block_1_78' title="bbox 258 5098 1869 5163">
    <p class='ocr_par' dir='ltr' id='par_1_78' title="bbox 258 5098 1869 5163">
     <span class='ocr_line' id='line_1_78' title="bbox 258 5098 1869 5163; baseline -0.004 -7"><span class='ocrx_word' id='word_1_553' title='bbox 258 5099 458 5157; x_wconf 81' lang='lat' dir='ltr'><strong>codex</strong></span> <span class='ocrx_word' id='word_1_554' title='bbox 491 5101 680 5158; x_wconf 90' lang='lat' dir='ltr'><strong>habet</strong></span> <span class='ocrx_word' id='word_1_555' title='bbox 727 5101 1117 5163; x_wconf 74' lang='grc' dir='ltr'>ἐπιλειπούσης.</span> <span class='ocrx_word' id='word_1_556' title='bbox 1151 5100 1301 5156; x_wconf 87' lang='lat' dir='ltr'><strong>Editi</strong></span> <span class='ocrx_word' id='word_1_557' title='bbox 1337 5098 1463 5155; x_wconf 82' lang='lat' dir='ltr'><strong>non</strong></span> <span class='ocrx_word' id='word_1_558' title='bbox 1500 5098 1728 5154; x_wconf 89' lang='lat' dir='ltr'><strong>habent</strong></span> <span class='ocrx_word' id='word_1_559' title='bbox 1773 5102 1869 5157; x_wconf 80' lang='grc' dir='ltr'>τὴν</span> 
     </span>
    </p>
   </div>
   <div class='ocr_carea' id='block_1_79' title="bbox 257 5165 1872 5246">
    <p class='ocr_par' dir='ltr' id='par_1_79' title="bbox 257 5165 1872 5246">
     <span class='ocr_line' id='line_1_79' title="bbox 257 5165 1872 5246; baseline -0.004 -17"><span class='ocrx_word' id='word_1_560' title='bbox 257 5176 495 5246; x_wconf 66' lang='grc' dir='ltr'>μνήμην,</span> <span class='ocrx_word' id='word_1_561' title='bbox 543 5173 649 5246; x_wconf 82' lang='lat' dir='ltr'><strong>sed</strong></span> <span class='ocrx_word' id='word_1_562' title='bbox 680 5173 845 5246; x_wconf 83' lang='lat' dir='ltr'><strong>hunc</strong></span> <span class='ocrx_word' id='word_1_563' title='bbox 881 5173 1085 5246; x_wconf 88' lang='lat' dir='ltr'><strong>locum</strong></span> <span class='ocrx_word' id='word_1_564' title='bbox 1128 5171 1213 5227; x_wconf 88' lang='lat' dir='ltr'><strong>sic</strong></span> <span class='ocrx_word' id='word_1_565' title='bbox 1243 5170 1539 5246; x_wconf 67' lang='lat' dir='ltr'><strong>exhibent</strong></span> <span class='ocrx_word' id='word_1_566' title='bbox 1555 5186 1568 5225; x_wconf 90' lang='lat'><strong>:</strong></span> <span class='ocrx_word' id='word_1_567' title='bbox 1604 5165 1872 5242; x_wconf 79' lang='grc' dir='ltr'>μηδέποτε</span> 
     </span>
    </p>
   </div>
   <div class='ocr_carea' id='block_1_80' title="bbox 255 5241 1870 5327">
    <p class='ocr_par' dir='ltr' id='par_1_80' title="bbox 255 5241 1870 5327">
     <span class='ocr_line' id='line_1_80' title="bbox 255 5241 1870 5327; baseline 0 -30"><span class='ocrx_word' id='word_1_568' title='bbox 255 5241 578 5327; x_wconf 50' lang='grc' dir='ltr'>τῆς.’ξννοίας</span> <span class='ocrx_word' id='word_1_569' title='bbox 608 5243 978 5327; x_wconf 71' lang='grc' dir='ltr'>ἐπιλειπούσης</span> <span class='ocrx_word' id='word_1_570' title='bbox 1007 5245 1143 5327; x_wconf 79' lang='grc' dir='ltr'>μᾶς</span> <span class='ocrx_word' id='word_1_571' title='bbox 1169 5249 1283 5327; x_wconf 75' lang='grc' dir='ltr'>τοῦ,</span> <span class='ocrx_word' id='word_1_572' title='bbox 1324 5241 1806 5327; x_wconf 47' lang='grc' dir='ltr'><strong>ξςο..μΝ</strong></span> <span class='ocrx_word' id='word_1_573' title='bbox 1832 5246 1870 5297; x_wconf 71' lang='lat' dir='ltr'><strong>ti</strong></span> 
     </span>
    </p>
   </div>
   <div class='ocr_carea' id='block_1_81' title="bbox 252 5312 1868 5387">
    <p class='ocr_par' dir='ltr' id='par_1_81' title="bbox 252 5312 1868 5387">
     <span class='ocr_line' id='line_1_81' title="bbox 252 5312 1868 5387; baseline -0.002 -16"><span class='ocrx_word' id='word_1_574' title='bbox 252 5314 434 5371; x_wconf 81' lang='lat' dir='ltr'><strong>nobis</strong></span> <span class='ocrx_word' id='word_1_575' title='bbox 462 5317 778 5373; x_wconf 87' lang='lat' dir='ltr'><strong>recedente</strong></span> <span class='ocrx_word' id='word_1_576' title='bbox 807 5312 1168 5387; x_wconf 76' lang='lat' dir='ltr'><strong>cogitatione</strong></span> <span class='ocrx_word' id='word_1_577' title='bbox 1209 5312 1496 5387; x_wconf 76' lang='lat' dir='ltr'><strong>terribilis</strong></span> <span class='ocrx_word' id='word_1_578' title='bbox 1533 5313 1725 5373; x_wconf 86' lang='lat' dir='ltr'><strong>illius,</strong></span> <span class='ocrx_word' id='word_1_579' title='bbox 1756 5316 1868 5369; x_wconf 90' lang='lat' dir='ltr'><strong>etc.</strong></span> 
     </span>
    </p>
   </div>
   <div class='ocr_carea' id='block_1_82' title="bbox 334 5383 1873 5470">
    <p class='ocr_par' dir='ltr' id='par_1_82' title="bbox 334 5383 1873 5470">
     <span class='ocr_line' id='line_1_82' title="bbox 334 5383 1873 5470; baseline -0.003 -27"><span class='ocrx_word' id='word_1_580' title='bbox 334 5389 443 5470; x_wconf 66' lang='lat'><strong>(91)</strong></span> <span class='ocrx_word' id='word_1_581' title='bbox 469 5383 975 5470; x_wconf 40' lang='lat' dir='ltr'><strong>S_up_piemen‘tum</strong></span> <span class='ocrx_word' id='word_1_582' title='bbox 993 5385 1072 5470; x_wconf 74' lang='lat' dir='ltr'><strong>ad</strong></span> <span class='ocrx_word' id='word_1_583' title='bbox 1094 5385 1253 5441; x_wconf 89' lang='lat' dir='ltr'><strong>hanc</strong></span> <span class='ocrx_word' id='word_1_584' title='bbox 1273 5383 1590 5470; x_wconf 77' lang='lat' dir='ltr'><strong>epistolam</strong></span> <span class='ocrx_word' id='word_1_585' title='bbox 1612 5388 1873 5470; x_wconf 40' lang='lat' dir='ltr'><strong>ut‘a‘n&#39;ec-</strong></span> 
     </span>
    </p>
   </div>
   <div class='ocr_carea' id='block_1_83' title="bbox 251 5454 1877 5528">
    <p class='ocr_par' dir='ltr' id='par_1_83' title="bbox 251 5454 1877 5528">
     <span class='ocr_line' id='line_1_83' title="bbox 251 5454 1877 5528; baseline -0.002 -14"><span class='ocrx_word' id='word_1_586' title='bbox 251 5454 475 5515; x_wconf 83' lang='lat' dir='ltr'><strong>dctum</strong></span> <span class='ocrx_word' id='word_1_587' title='bbox 500 5454 705 5515; x_wconf 77' lang='lat' dir='ltr'><strong>Latine</strong></span> <span class='ocrx_word' id='word_1_588' title='bbox 726 5461 964 5514; x_wconf 88' lang='lat' dir='ltr'><strong>tantum</strong></span> <span class='ocrx_word' id='word_1_589' title='bbox 989 5461 1048 5513; x_wconf 90' lang='lat' dir='ltr'><strong>et</strong></span> <span class='ocrx_word' id='word_1_590' title='bbox 1077 5454 1530 5528; x_wconf 76' lang='lat' dir='ltr'><strong>corruptissime</strong></span> <span class='ocrx_word' id='word_1_591' title='bbox 1560 5454 1745 5528; x_wconf 79' lang='lat' dir='ltr'><strong>edidit</strong></span> <span class='ocrx_word' id='word_1_592' title='bbox 1772 5458 1877 5528; x_wconf 83' lang='lat' dir='ltr'><strong>Pe-</strong></span> 
     </span>
    </p>
   </div>
   <div class='ocr_carea' id='block_1_84' title="bbox 249 5525 1878 5604">
    <p class='ocr_par' dir='ltr' id='par_1_84' title="bbox 249 5525 1878 5604">
     <span class='ocr_line' id='line_1_84' title="bbox 249 5525 1878 5604; baseline -0.002 -20"><span class='ocrx_word' id='word_1_593' title='bbox 249 5529 684 5604; x_wconf 86' lang='lat' dir='ltr'><strong>trnsAloysius</strong></span> <span class='ocrx_word' id='word_1_594' title='bbox 697 5525 1878 5604; x_wconf 71' lang='lat' dir='ltr'><strong>Galletius(ap.AmaduzziAnecdotalit-</strong></span> 
     </span>
    </p>
   </div>
   <div class='ocr_carea' id='block_1_85' title="bbox 251 5599 1880 5679">
    <p class='ocr_par' dir='ltr' id='par_1_85' title="bbox 251 5599 1880 5679">
     <span class='ocr_line' id='line_1_85' title="bbox 251 5599 1880 5679; baseline -0.002 -20"><span class='ocrx_word' id='word_1_595' title='bbox 251 5599 1146 5679; x_wconf 80' lang='lat' dir='ltr'><strong>teraria,tom.l,p.23).lncipit:</strong></span> <span class='ocrx_word' id='word_1_596' title='bbox 1160 5599 1375 5655; x_wconf 78' lang='lat' dir='ltr'><strong>Multis</strong></span> <span class='ocrx_word' id='word_1_597' title='bbox 1388 5611 1527 5656; x_wconf 89' lang='lat' dir='ltr'><strong>vero</strong></span> <span class='ocrx_word' id='word_1_598' title='bbox 1545 5599 1880 5656; x_wconf 66' lang='lat' dir='ltr'><strong>exsistenti-</strong></span> 
     </span>
    </p>
   </div>
   <div class='ocr_carea' id='block_1_86' title="bbox 697 5697 1357 5758">
    <p class='ocr_par' dir='ltr' id='par_1_86' title="bbox 697 5697 1357 5758">
     <span class='ocr_line' id='line_1_86' title="bbox 697 5697 1357 5758; baseline -0.011 0"><span class='ocrx_word' id='word_1_599' title='bbox 697 5700 949 5758; x_wconf 59' lang='lat' dir='ltr'><strong>Pauor.</strong></span> <span class='ocrx_word' id='word_1_600' title='bbox 995 5699 1106 5758; x_wconf 77' lang='lat' dir='ltr'><strong>Gn.</strong></span> <span class='ocrx_word' id='word_1_601' title='bbox 1150 5697 1357 5757; x_wconf 84' lang='lat' dir='ltr'><strong>XXXII.</strong></span> 
     </span>
    </p>
   </div>
   <div class='ocr_carea' id='block_1_87' title="bbox 2615 2761 3011 2819">
    <p class='ocr_par' dir='ltr' id='par_1_87' title="bbox 2615 2761 3011 2819">
     <span class='ocr_line' id='line_1_87' title="bbox 2615 2761 3011 2819; baseline 0.003 -1"><span class='ocrx_word' id='word_1_602' title='bbox 2615 2761 2716 2818; x_wconf 88' lang='lat' dir='ltr'><strong>Ad</strong></span> <span class='ocrx_word' id='word_1_603' title='bbox 2741 2762 3011 2819; x_wconf 85' lang='lat' dir='ltr'><strong>viduam.</strong></span> 
     </span>
    </p>
   </div>
   <div class='ocr_carea' id='block_1_88' title="bbox 2056 2877 3651 2953">
    <p class='ocr_par' dir='ltr' id='par_1_88' title="bbox 2056 2877 3651 2953">
     <span class='ocr_line' id='line_1_88' title="bbox 2056 2877 3651 2953; baseline 0.002 -19"><span class='ocrx_word' id='word_1_604' title='bbox 2056 2877 2349 2953; x_wconf 88' lang='lat' dir='ltr'><strong>Equidem</strong></span> <span class='ocrx_word' id='word_1_605' title='bbox 2376 2877 2485 2934; x_wconf 90' lang='lat' dir='ltr'><strong>etsi</strong></span> <span class='ocrx_word' id='word_1_606' title='bbox 2516 2877 2767 2935; x_wconf 92' lang='lat' dir='ltr'><strong>omnino</strong></span> <span class='ocrx_word' id='word_1_607' title='bbox 2798 2877 3122 2950; x_wconf 90' lang='lat' dir='ltr'><strong>cupiebam</strong></span> <span class='ocrx_word' id='word_1_608' title='bbox 3142 2877 3222 2935; x_wconf 88' lang='lat' dir='ltr'><strong>ad</strong></span> <span class='ocrx_word' id='word_1_609' title='bbox 3247 2882 3415 2936; x_wconf 91' lang='lat' dir='ltr'><strong>tuam</strong></span> <span class='ocrx_word' id='word_1_610' title='bbox 3437 2880 3651 2937; x_wconf 86' lang='lat' dir='ltr'><strong>nobili-</strong></span> 
     </span>
    </p>
   </div>
   <div class='ocr_carea' id='block_1_89' title="bbox 1983 2967 3651 3041">
    <p class='ocr_par' dir='ltr' id='par_1_89' title="bbox 1983 2967 3651 3041">
     <span class='ocr_line' id='line_1_89' title="bbox 1983 2967 3651 3041; baseline 0.001 -16"><span class='ocrx_word' id='word_1_611' title='bbox 1983 2972 2167 3025; x_wconf 87' lang='lat' dir='ltr'><strong>tatem</strong></span> <span class='ocrx_word' id='word_1_612' title='bbox 2217 2967 2553 3040; x_wconf 79' lang='lat' dir='ltr'><strong>saepissime</strong></span> <span class='ocrx_word' id='word_1_613' title='bbox 2598 2967 2879 3035; x_wconf 89' lang='lat' dir='ltr'><strong>scribere,</strong></span> <span class='ocrx_word' id='word_1_614' title='bbox 2913 2984 3010 3023; x_wconf 89' lang='lat' dir='ltr'><strong>me</strong></span> <span class='ocrx_word' id='word_1_615' title='bbox 3052 2968 3183 3041; x_wconf 91' lang='lat' dir='ltr'><strong>ipse</strong></span> <span class='ocrx_word' id='word_1_616' title='bbox 3216 2984 3458 3041; x_wconf 89' lang='lat' dir='ltr'><strong>semper</strong></span> <span class='ocrx_word' id='word_1_617' title='bbox 3488 2970 3651 3026; x_wconf 90' lang='lat' dir='ltr'><strong>cohi-</strong></span> 
     </span>
    </p>
   </div>
   <div class='ocr_carea' id='block_1_90' title="bbox 1981 3055 3646 3130">
    <p class='ocr_par' dir='ltr' id='par_1_90' title="bbox 1981 3055 3646 3130">
     <span class='ocr_line' id='line_1_90' title="bbox 1981 3055 3646 3130; baseline 0.001 -16"><span class='ocrx_word' id='word_1_618' title='bbox 1981 3057 2110 3125; x_wconf 91' lang='lat' dir='ltr'><strong>bui,</strong></span> <span class='ocrx_word' id='word_1_619' title='bbox 2160 3073 2238 3113; x_wconf 92' lang='lat' dir='ltr'><strong>ne</strong></span> <span class='ocrx_word' id='word_1_620' title='bbox 2276 3073 2431 3129; x_wconf 90' lang='lat' dir='ltr'><strong>quas</strong></span> <span class='ocrx_word' id='word_1_621' title='bbox 2469 3055 2644 3113; x_wconf 80' lang='lat' dir='ltr'><strong>vobis</strong></span> <span class='ocrx_word' id='word_1_622' title='bbox 2676 3056 3032 3113; x_wconf 88' lang='lat' dir='ltr'><strong>tentationes</strong></span> <span class='ocrx_word' id='word_1_623' title='bbox 3071 3056 3302 3113; x_wconf 85' lang='lat' dir='ltr'><strong>viderer</strong></span> <span class='ocrx_word' id='word_1_624' title='bbox 3333 3059 3646 3130; x_wconf 89' lang='lat' dir='ltr'><strong>suscitare,</strong></span> 
     </span>
    </p>
   </div>
   <div class='ocr_carea' id='block_1_91' title="bbox 1982 3145 3651 3220">
    <p class='ocr_par' dir='ltr' id='par_1_91' title="bbox 1982 3145 3651 3220">
     <span class='ocr_line' id='line_1_91' title="bbox 1982 3145 3651 3220; baseline 0.001 -17"><span class='ocrx_word' id='word_1_625' title='bbox 1982 3152 2227 3220; x_wconf 88' lang='lat' dir='ltr'><strong>propter</strong></span> <span class='ocrx_word' id='word_1_626' title='bbox 2264 3162 2368 3202; x_wconf 91' lang='lat' dir='ltr'><strong>eos</strong></span> <span class='ocrx_word' id='word_1_627' title='bbox 2411 3145 2519 3218; x_wconf 91' lang='lat' dir='ltr'><strong>qui</strong></span> <span class='ocrx_word' id='word_1_628' title='bbox 2546 3145 2783 3202; x_wconf 84' lang='lat' dir='ltr'><strong>infenso</strong></span> <span class='ocrx_word' id='word_1_629' title='bbox 2813 3145 2875 3202; x_wconf 93' lang='lat' dir='ltr'><strong>in</strong></span> <span class='ocrx_word' id='word_1_630' title='bbox 2907 3161 3005 3202; x_wconf 91' lang='lat' dir='ltr'><strong>me</strong></span> <span class='ocrx_word' id='word_1_631' title='bbox 3036 3150 3175 3201; x_wconf 90' lang='lat' dir='ltr'><strong>sunt</strong></span> <span class='ocrx_word' id='word_1_632' title='bbox 3202 3146 3433 3217; x_wconf 89' lang='lat' dir='ltr'><strong>animo,</strong></span> <span class='ocrx_word' id='word_1_633' title='bbox 3466 3152 3651 3220; x_wconf 89' lang='lat' dir='ltr'><strong>atque</strong></span> 
     </span>
    </p>
   </div>
   <div class='ocr_carea' id='block_1_92' title="bbox 1985 3234 3648 3307">
    <p class='ocr_par' dir='ltr' id='par_1_92' title="bbox 1985 3234 3648 3307">
     <span class='ocr_line' id='line_1_92' title="bbox 1985 3234 3648 3307; baseline 0.001 -16"><span class='ocrx_word' id='word_1_634' title='bbox 1985 3236 2187 3304; x_wconf 90' lang='lat' dir='ltr'><strong>etiam,</strong></span> <span class='ocrx_word' id='word_1_635' title='bbox 2220 3239 2284 3291; x_wconf 92' lang='lat' dir='ltr'><strong>ut</strong></span> <span class='ocrx_word' id='word_1_636' title='bbox 2313 3234 2519 3304; x_wconf 90' lang='lat' dir='ltr'><strong>audio,</strong></span> <span class='ocrx_word' id='word_1_637' title='bbox 2551 3234 2928 3291; x_wconf 91' lang='lat' dir='ltr'><strong>inimicitiam</strong></span> <span class='ocrx_word' id='word_1_638' title='bbox 2959 3250 3031 3291; x_wconf 92' lang='lat' dir='ltr'><strong>eo</strong></span> <span class='ocrx_word' id='word_1_639' title='bbox 3062 3251 3256 3307; x_wconf 91' lang='lat' dir='ltr'><strong>usque</strong></span> <span class='ocrx_word' id='word_1_640' title='bbox 3286 3236 3648 3307; x_wconf 90' lang='lat' dir='ltr'><strong>perducunt,</strong></span> 
     </span>
    </p>
   </div>
   <div class='ocr_carea' id='block_1_93' title="bbox 1982 3324 3650 3397">
    <p class='ocr_par' dir='ltr' id='par_1_93' title="bbox 1982 3324 3650 3397">
     <span class='ocr_line' id='line_1_93' title="bbox 1982 3324 3650 3397; baseline 0 -15"><span class='ocrx_word' id='word_1_641' title='bbox 1982 3331 2050 3382; x_wconf 92' lang='lat' dir='ltr'><strong>ut</strong></span> <span class='ocrx_word' id='word_1_642' title='bbox 2077 3325 2372 3381; x_wconf 92' lang='lat' dir='ltr'><strong>curiosius</strong></span> <span class='ocrx_word' id='word_1_643' title='bbox 2400 3325 2731 3397; x_wconf 88' lang='lat' dir='ltr'><strong>inquirant,</strong></span> <span class='ocrx_word' id='word_1_644' title='bbox 2765 3341 2843 3381; x_wconf 88' lang='lat' dir='ltr'><strong>an</strong></span> <span class='ocrx_word' id='word_1_645' title='bbox 2872 3325 3010 3397; x_wconf 92' lang='lat' dir='ltr'><strong>quis</strong></span> <span class='ocrx_word' id='word_1_646' title='bbox 3040 3341 3078 3382; x_wconf 92' lang='lat' dir='ltr'><strong>a</strong></span> <span class='ocrx_word' id='word_1_647' title='bbox 3106 3341 3203 3381; x_wconf 92' lang='lat' dir='ltr'><strong>me</strong></span> <span class='ocrx_word' id='word_1_648' title='bbox 3233 3324 3461 3381; x_wconf 89' lang='lat' dir='ltr'><strong>litteras</strong></span> <span class='ocrx_word' id='word_1_649' title='bbox 3494 3326 3650 3382; x_wconf 83' lang='lat' dir='ltr'><strong>acci-</strong></span> 
     </span>
    </p>
   </div>
   <div class='ocr_carea' id='block_1_94' title="bbox 1980 3413 3652 3488">
    <p class='ocr_par' dir='ltr' id='par_1_94' title="bbox 1980 3413 3652 3488">
     <span class='ocr_line' id='line_1_94' title="bbox 1980 3413 3652 3488; baseline 0.002 -19"><span class='ocrx_word' id='word_1_650' title='bbox 1980 3414 2132 3488; x_wconf 90' lang='lat' dir='ltr'><strong>piat.</strong></span> <span class='ocrx_word' id='word_1_651' title='bbox 2165 3414 2280 3471; x_wconf 91' lang='lat' dir='ltr'><strong>Sed</strong></span> <span class='ocrx_word' id='word_1_652' title='bbox 2302 3429 2450 3486; x_wconf 83' lang='lat' dir='ltr'><strong>quia</strong></span> <span class='ocrx_word' id='word_1_653' title='bbox 2482 3414 2657 3485; x_wconf 79' lang='lat'><strong>262</strong></span> <span class='ocrx_word' id='word_1_654' title='bbox 2681 3414 2819 3487; x_wconf 91' lang='lat' dir='ltr'><strong>ipsa</strong></span> <span class='ocrx_word' id='word_1_655' title='bbox 2842 3413 3129 3487; x_wconf 65' lang='lat' dir='ltr'><strong>praeclare</strong></span> <span class='ocrx_word' id='word_1_656' title='bbox 3144 3413 3393 3480; x_wconf 88' lang='lat' dir='ltr'><strong>faciens,</strong></span> <span class='ocrx_word' id='word_1_657' title='bbox 3425 3414 3652 3472; x_wconf 87' lang='lat' dir='ltr'><strong>litteras</strong></span> 
     </span>
    </p>
   </div>
   <div class='ocr_carea' id='block_1_95' title="bbox 1982 3503 3650 3576">
    <p class='ocr_par' dir='ltr' id='par_1_95' title="bbox 1982 3503 3650 3576">
     <span class='ocr_line' id='line_1_95' title="bbox 1982 3503 3650 3576; baseline 0 -16"><span class='ocrx_word' id='word_1_658' title='bbox 1982 3503 2216 3576; x_wconf 79' lang='lat' dir='ltr'><strong>ccepisti</strong></span> <span class='ocrx_word' id='word_1_659' title='bbox 2254 3503 2507 3573; x_wconf 90' lang='lat' dir='ltr'><strong>mittere,</strong></span> <span class='ocrx_word' id='word_1_660' title='bbox 2553 3518 2624 3559; x_wconf 94' lang='lat' dir='ltr'><strong>ac</strong></span> <span class='ocrx_word' id='word_1_661' title='bbox 2672 3503 2965 3576; x_wconf 88' lang='lat' dir='ltr'><strong>scripsisti</strong></span> <span class='ocrx_word' id='word_1_662' title='bbox 3012 3503 3215 3570; x_wconf 91' lang='lat' dir='ltr'><strong>nobis,</strong></span> <span class='ocrx_word' id='word_1_663' title='bbox 3260 3507 3325 3559; x_wconf 91' lang='lat' dir='ltr'><strong>ut</strong></span> <span class='ocrx_word' id='word_1_664' title='bbox 3360 3518 3473 3575; x_wconf 87' lang='lat' dir='ltr'><strong>par</strong></span> <span class='ocrx_word' id='word_1_665' title='bbox 3502 3509 3650 3575; x_wconf 89' lang='lat' dir='ltr'><strong>erat,</strong></span> 
     </span>
    </p>
   </div>
   <div class='ocr_carea' id='block_1_96' title="bbox 1982 3592 3651 3661">
    <p class='ocr_par' dir='ltr' id='par_1_96' title="bbox 1982 3592 3651 3661">
     <span class='ocr_line' id='line_1_96' title="bbox 1982 3592 3651 3661; baseline 0 -10"><span class='ocrx_word' id='word_1_666' title='bbox 1982 3595 2057 3651; x_wconf 88' lang='lat' dir='ltr'><strong>de</strong></span> <span class='ocrx_word' id='word_1_667' title='bbox 2080 3593 2263 3649; x_wconf 88' lang='lat' dir='ltr'><strong>rebus</strong></span> <span class='ocrx_word' id='word_1_668' title='bbox 2292 3593 2513 3649; x_wconf 80' lang='lat' dir='ltr'><strong>animae</strong></span> <span class='ocrx_word' id='word_1_669' title='bbox 2547 3597 2660 3649; x_wconf 71' lang='lat' dir='ltr'><strong>tuae</strong></span> <span class='ocrx_word' id='word_1_670' title='bbox 2691 3592 3174 3661; x_wconf 88' lang='lat' dir='ltr'><strong>communicans,</strong></span> <span class='ocrx_word' id='word_1_671' title='bbox 3205 3593 3486 3650; x_wconf 90' lang='lat' dir='ltr'><strong>incitatus</strong></span> <span class='ocrx_word' id='word_1_672' title='bbox 3512 3610 3651 3651; x_wconf 83' lang='lat' dir='ltr'><strong>sum</strong></span> 
     </span>
    </p>
   </div>
   <div class='ocr_carea' id='block_1_97' title="bbox 1981 3682 3649 3755">
    <p class='ocr_par' dir='ltr' id='par_1_97' title="bbox 1981 3682 3649 3755">
     <span class='ocr_line' id='line_1_97' title="bbox 1981 3682 3649 3755; baseline -0.001 -16"><span class='ocrx_word' id='word_1_673' title='bbox 1981 3683 2060 3739; x_wconf 91' lang='lat' dir='ltr'><strong>ad</strong></span> <span class='ocrx_word' id='word_1_674' title='bbox 2088 3682 2566 3751; x_wconf 89' lang='lat' dir='ltr'><strong>rescribendum,</strong></span> <span class='ocrx_word' id='word_1_675' title='bbox 2599 3697 2739 3738; x_wconf 93' lang='lat' dir='ltr'><strong>cum</strong></span> <span class='ocrx_word' id='word_1_676' title='bbox 2772 3698 2845 3738; x_wconf 89' lang='lat' dir='ltr'><strong>ea</strong></span> <span class='ocrx_word' id='word_1_677' title='bbox 2882 3699 3019 3755; x_wconf 65' lang='lat' dir='ltr'><strong>quas</strong></span> <span class='ocrx_word' id='word_1_678' title='bbox 3045 3683 3345 3755; x_wconf 74' lang='lat' dir='ltr'><strong>praeterito</strong></span> <span class='ocrx_word' id='word_1_679' title='bbox 3376 3686 3649 3753; x_wconf 88' lang='lat' dir='ltr'><strong>tempore</strong></span> 
     </span>
    </p>
   </div>
   <div class='ocr_carea' id='block_1_98' title="bbox 1981 3770 3649 3843">
    <p class='ocr_par' dir='ltr' id='par_1_98' title="bbox 1981 3770 3649 3843">
     <span class='ocr_line' id='line_1_98' title="bbox 1981 3770 3649 3843; baseline 0 -15"><span class='ocrx_word' id='word_1_680' title='bbox 1981 3772 2210 3829; x_wconf 90' lang='lat' dir='ltr'><strong>omissa</strong></span> <span class='ocrx_word' id='word_1_681' title='bbox 2252 3777 2411 3837; x_wconf 90' lang='lat' dir='ltr'><strong>sunt,</strong></span> <span class='ocrx_word' id='word_1_682' title='bbox 2459 3771 2748 3840; x_wconf 88' lang='lat' dir='ltr'><strong>sarciens,</strong></span> <span class='ocrx_word' id='word_1_683' title='bbox 2795 3774 2922 3828; x_wconf 92' lang='lat' dir='ltr'><strong>tum</strong></span> <span class='ocrx_word' id='word_1_684' title='bbox 2967 3771 3151 3827; x_wconf 88' lang='lat' dir='ltr'><strong>etiam</strong></span> <span class='ocrx_word' id='word_1_685' title='bbox 3200 3770 3281 3826; x_wconf 91' lang='lat' dir='ltr'><strong>ad</strong></span> <span class='ocrx_word' id='word_1_686' title='bbox 3326 3785 3398 3826; x_wconf 90' lang='lat' dir='ltr'><strong>ea</strong></span> <span class='ocrx_word' id='word_1_687' title='bbox 3434 3786 3571 3843; x_wconf 80' lang='lat' dir='ltr'><strong>quae</strong></span> <span class='ocrx_word' id='word_1_688' title='bbox 3611 3786 3649 3828; x_wconf 87' lang='lat' dir='ltr'><strong>a</strong></span> 
     </span>
    </p>
   </div>
   <div class='ocr_carea' id='block_1_99' title="bbox 1980 3859 3648 3932">
    <p class='ocr_par' dir='ltr' id='par_1_99' title="bbox 1980 3859 3648 3932">
     <span class='ocr_line' id='line_1_99' title="bbox 1980 3859 3648 3932; baseline -0.002 -15"><span class='ocrx_word' id='word_1_689' title='bbox 1980 3865 2086 3917; x_wconf 88' lang='lat' dir='ltr'><strong>tua</strong></span> <span class='ocrx_word' id='word_1_690' title='bbox 2131 3859 2440 3916; x_wconf 89' lang='lat' dir='ltr'><strong>nobilitate</strong></span> <span class='ocrx_word' id='word_1_691' title='bbox 2480 3860 2704 3932; x_wconf 89' lang='lat' dir='ltr'><strong>scripta</strong></span> <span class='ocrx_word' id='word_1_692' title='bbox 2749 3864 2910 3926; x_wconf 90' lang='lat' dir='ltr'><strong>sunt,</strong></span> <span class='ocrx_word' id='word_1_693' title='bbox 2954 3859 3361 3931; x_wconf 91' lang='lat' dir='ltr'><strong>respondens.</strong></span> <span class='ocrx_word' id='word_1_694' title='bbox 3420 3862 3648 3931; x_wconf 86' lang='lat' dir='ltr'><strong>Nempe</strong></span> 
     </span>
    </p>
   </div>
   <div class='ocr_carea' id='block_1_100' title="bbox 1980 3947 3647 4022">
    <p class='ocr_par' dir='ltr' id='par_1_100' title="bbox 1980 3947 3647 4022">
     <span class='ocr_line' id='line_1_100' title="bbox 1980 3947 3647 4022; baseline -0.002 -15"><span class='ocrx_word' id='word_1_695' title='bbox 1980 3950 2161 4007; x_wconf 86' lang='lat' dir='ltr'><strong>beata</strong></span> <span class='ocrx_word' id='word_1_696' title='bbox 2190 3954 2283 4007; x_wconf 91' lang='lat' dir='ltr'><strong>cst</strong></span> <span class='ocrx_word' id='word_1_697' title='bbox 2311 3949 2519 4005; x_wconf 87' lang='lat' dir='ltr'><strong>anima</strong></span> <span class='ocrx_word' id='word_1_698' title='bbox 2552 3947 2676 4017; x_wconf 88' lang='lat' dir='ltr'><strong>illa,</strong></span> <span class='ocrx_word' id='word_1_699' title='bbox 2709 3966 2847 4022; x_wconf 65' lang='lat' dir='ltr'><strong>quae</strong></span> <span class='ocrx_word' id='word_1_700' title='bbox 2895 3954 3078 4005; x_wconf 91' lang='lat' dir='ltr'><strong>noctu</strong></span> <span class='ocrx_word' id='word_1_701' title='bbox 3110 3964 3180 4005; x_wconf 92' lang='lat' dir='ltr'><strong>ac</strong></span> <span class='ocrx_word' id='word_1_702' title='bbox 3211 3947 3472 4005; x_wconf 85' lang='lat' dir='ltr'><strong>interdiu</strong></span> <span class='ocrx_word' id='word_1_703' title='bbox 3510 3947 3647 4004; x_wconf 87' lang='lat' dir='ltr'><strong>nul-</strong></span> 
     </span>
    </p>
   </div>
   <div class='ocr_carea' id='block_1_101' title="bbox 1978 4036 3649 4111">
    <p class='ocr_par' dir='ltr' id='par_1_101' title="bbox 1978 4036 3649 4111">
     <span class='ocr_line' id='line_1_101' title="bbox 1978 4036 3649 4111; baseline -0.001 -15"><span class='ocrx_word' id='word_1_704' title='bbox 1978 4039 2103 4096; x_wconf 88' lang='lat' dir='ltr'><strong>lam</strong></span> <span class='ocrx_word' id='word_1_705' title='bbox 2129 4038 2313 4095; x_wconf 89' lang='lat' dir='ltr'><strong>aliam</strong></span> <span class='ocrx_word' id='word_1_706' title='bbox 2339 4054 2549 4095; x_wconf 91' lang='lat' dir='ltr'><strong>curam</strong></span> <span class='ocrx_word' id='word_1_707' title='bbox 2579 4042 2802 4106; x_wconf 82' lang='lat' dir='ltr'><strong>versat,</strong></span> <span class='ocrx_word' id='word_1_708' title='bbox 2832 4038 2950 4094; x_wconf 92' lang='lat' dir='ltr'><strong>nisi</strong></span> <span class='ocrx_word' id='word_1_709' title='bbox 2979 4037 3293 4111; x_wconf 91' lang='lat' dir='ltr'><strong>quomodo</strong></span> <span class='ocrx_word' id='word_1_710' title='bbox 3333 4039 3393 4093; x_wconf 92' lang='lat' dir='ltr'><strong>in</strong></span> <span class='ocrx_word' id='word_1_711' title='bbox 3420 4036 3516 4093; x_wconf 89' lang='lat' dir='ltr'><strong>die</strong></span> <span class='ocrx_word' id='word_1_712' title='bbox 3544 4037 3649 4094; x_wconf 88' lang='lat' dir='ltr'><strong>illa.</strong></span> 
     </span>
    </p>
   </div>
   <div class='ocr_carea' id='block_1_102' title="bbox 1980 4127 3647 4201">
    <p class='ocr_par' dir='ltr' id='par_1_102' title="bbox 1980 4127 3647 4201">
     <span class='ocr_line' id='line_1_102' title="bbox 1980 4127 3647 4201; baseline -0.001 -15"><span class='ocrx_word' id='word_1_713' title='bbox 1980 4145 2231 4200; x_wconf 89' lang='lat' dir='ltr'><strong>magna,</strong></span> <span class='ocrx_word' id='word_1_714' title='bbox 2262 4128 2325 4185; x_wconf 92' lang='lat' dir='ltr'><strong>in</strong></span> <span class='ocrx_word' id='word_1_715' title='bbox 2362 4144 2486 4201; x_wconf 87' lang='lat' dir='ltr'><strong>qua</strong></span> <span class='ocrx_word' id='word_1_716' title='bbox 2515 4133 2792 4185; x_wconf 89' lang='lat' dir='ltr'><strong>creatura</strong></span> <span class='ocrx_word' id='word_1_717' title='bbox 2822 4127 3022 4184; x_wconf 91' lang='lat' dir='ltr'><strong>omnis</strong></span> <span class='ocrx_word' id='word_1_718' title='bbox 3053 4127 3362 4184; x_wconf 82' lang='lat' dir='ltr'><strong>actionum</strong></span> <span class='ocrx_word' id='word_1_719' title='bbox 3393 4143 3647 4185; x_wconf 88' lang='lat' dir='ltr'><strong>suarum</strong></span> 
     </span>
    </p>
   </div>
   <div class='ocr_carea' id='block_1_103' title="bbox 1980 4215 3646 4289">
    <p class='ocr_par' dir='ltr' id='par_1_103' title="bbox 1980 4215 3646 4289">
     <span class='ocr_line' id='line_1_103' title="bbox 1980 4215 3646 4289; baseline -0.002 -14"><span class='ocrx_word' id='word_1_720' title='bbox 1980 4218 2275 4275; x_wconf 90' lang='lat' dir='ltr'><strong>rationem</strong></span> <span class='ocrx_word' id='word_1_721' title='bbox 2300 4215 2610 4274; x_wconf 91' lang='lat' dir='ltr'><strong>redditura</strong></span> <span class='ocrx_word' id='word_1_722' title='bbox 2630 4216 2901 4288; x_wconf 88' lang='lat' dir='ltr'><strong>judicem</strong></span> <span class='ocrx_word' id='word_1_723' title='bbox 2922 4215 3357 4285; x_wconf 91' lang='lat' dir='ltr'><strong>circumstabit,</strong></span> <span class='ocrx_word' id='word_1_724' title='bbox 3379 4215 3570 4289; x_wconf 90' lang='lat' dir='ltr'><strong>possit</strong></span> <span class='ocrx_word' id='word_1_725' title='bbox 3588 4219 3646 4272; x_wconf 91' lang='lat' dir='ltr'><strong>et</strong></span> 
     </span>
    </p>
   </div>
   <div class='ocr_carea' id='block_1_104' title="bbox 1978 4303 3643 4381">
    <p class='ocr_par' dir='ltr' id='par_1_104' title="bbox 1978 4303 3643 4381">
     <span class='ocr_line' id='line_1_104' title="bbox 1978 4303 3643 4381; baseline -0.002 -17"><span class='ocrx_word' id='word_1_726' title='bbox 1978 4306 2116 4381; x_wconf 88' lang='lat' dir='ltr'><strong>ipsa</strong></span> <span class='ocrx_word' id='word_1_727' title='bbox 2151 4306 2285 4364; x_wconf 70' lang='lat' dir='ltr'><strong>vitm</strong></span> <span class='ocrx_word' id='word_1_728' title='bbox 2315 4321 2440 4364; x_wconf 68' lang='lat' dir='ltr'><strong>sua:</strong></span> <span class='ocrx_word' id='word_1_729' title='bbox 2469 4306 2767 4364; x_wconf 89' lang='lat' dir='ltr'><strong>rationem</strong></span> <span class='ocrx_word' id='word_1_730' title='bbox 2811 4305 2985 4363; x_wconf 87' lang='lat' dir='ltr'><strong>facile</strong></span> <span class='ocrx_word' id='word_1_731' title='bbox 3032 4319 3277 4378; x_wconf 90' lang='lat' dir='ltr'><strong>ponere.</strong></span> <span class='ocrx_word' id='word_1_732' title='bbox 3332 4305 3444 4371; x_wconf 89' lang='lat' dir='ltr'><strong>Qui</strong></span> <span class='ocrx_word' id='word_1_733' title='bbox 3481 4303 3643 4361; x_wconf 90' lang='lat' dir='ltr'><strong>enim</strong></span> 
     </span>
    </p>
   </div>
   <div class='ocr_carea' id='block_1_105' title="bbox 1981 4519 3642 4593">
    <p class='ocr_par' dir='ltr' id='par_1_105' title="bbox 1981 4519 3642 4593">
     <span class='ocr_line' id='line_1_105' title="bbox 1981 4519 3642 4593; baseline -0.004 -15"><span class='ocrx_word' id='word_1_734' title='bbox 1981 4522 2086 4578; x_wconf 82' lang='lat' dir='ltr'><strong>bus</strong></span> <span class='ocrx_word' id='word_1_735' title='bbox 2116 4536 2249 4593; x_wconf 70' lang='lat' dir='ltr'><strong>quae</strong></span> <span class='ocrx_word' id='word_1_736' title='bbox 2282 4536 2319 4578; x_wconf 91' lang='lat' dir='ltr'><strong>a</strong></span> <span class='ocrx_word' id='word_1_737' title='bbox 2348 4520 2555 4578; x_wconf 84' lang='lat' dir='ltr'><strong>divina</strong></span> <span class='ocrx_word' id='word_1_738' title='bbox 2581 4520 2904 4593; x_wconf 78' lang='lat' dir='ltr'><strong>Scriptura</strong></span> <span class='ocrx_word' id='word_1_739' title='bbox 2949 4519 3342 4593; x_wconf 82' lang='lat' dir='ltr'><strong>manifestata</strong></span> <span class='ocrx_word' id='word_1_740' title='bbox 3377 4522 3557 4593; x_wconf 54' lang='lat' dir='ltr'><strong>sunt,</strong></span> <span class='ocrx_word' id='word_1_741' title='bbox 3585 4521 3642 4573; x_wconf 88' lang='lat' dir='ltr'><strong>et</strong></span> 
     </span>
    </p>
   </div>
   <div class='ocr_carea' id='block_1_106' title="bbox 1980 4590 3640 4671">
    <p class='ocr_par' dir='ltr' id='par_1_106' title="bbox 1980 4590 3640 4671">
     <span class='ocr_line' id='line_1_106' title="bbox 1980 4590 3640 4671; baseline -0.003 -22"><span class='ocrx_word' id='word_1_742' title='bbox 1980 4594 2073 4671; x_wconf 81' lang='lat' dir='ltr'><strong>his</strong></span> <span class='ocrx_word' id='word_1_743' title='bbox 2102 4590 2260 4671; x_wconf 58' lang='lat' dir='ltr'><strong>(fuit:</strong></span> <span class='ocrx_word' id='word_1_744' title='bbox 2289 4594 2569 4671; x_wconf 78' lang='lat' dir='ltr'><strong>studiosis</strong></span> <span class='ocrx_word' id='word_1_745' title='bbox 2598 4592 2813 4671; x_wconf 78' lang='lat' dir='ltr'><strong>debent</strong></span> <span class='ocrx_word' id='word_1_746' title='bbox 2832 4591 3019 4660; x_wconf 83' lang='lat' dir='ltr'><strong>dirigi</strong></span> <span class='ocrx_word' id='word_1_747' title='bbox 3040 4596 3103 4671; x_wconf 37' lang='lat' dir='ltr'><strong>et.</strong></span> <span class='ocrx_word' id='word_1_748' title='bbox 3120 4593 3241 4645; x_wconf 85' lang='lat' dir='ltr'><strong>Deo</strong></span> <span class='ocrx_word' id='word_1_749' title='bbox 3259 4590 3640 4671; x_wconf 71' lang='lat' dir='ltr'><strong>placerefes-</strong></span> 
     </span>
    </p>
   </div>
   <div class='ocr_carea' id='block_1_107' title="bbox 1981 4661 3638 4733">
    <p class='ocr_par' dir='ltr' id='par_1_107' title="bbox 1981 4661 3638 4733">
     <span class='ocr_line' id='line_1_107' title="bbox 1981 4661 3638 4733; baseline -0.003 -14"><span class='ocrx_word' id='word_1_750' title='bbox 1981 4661 2314 4720; x_wconf 69' lang='lat' dir='ltr'><strong>tinahtibus</strong></span> <span class='ocrx_word' id='word_1_751' title='bbox 2360 4665 2425 4720; x_wconf 85' lang='lat' dir='ltr'><strong>in</strong></span> <span class='ocrx_word' id='word_1_752' title='bbox 2463 4665 2929 4733; x_wconf 72' lang='lat' dir='ltr'><strong>prtesentiarum</strong></span> <span class='ocrx_word' id='word_1_753' title='bbox 2958 4662 3119 4733; x_wconf 84' lang='lat' dir='ltr'><strong>moti,</strong></span> <span class='ocrx_word' id='word_1_754' title='bbox 3154 4677 3192 4716; x_wconf 88' lang='lat' dir='ltr'><strong>a</strong></span> <span class='ocrx_word' id='word_1_755' title='bbox 3218 4661 3380 4715; x_wconf 82' lang='lat' dir='ltr'><strong>vobis</strong></span> <span class='ocrx_word' id='word_1_756' title='bbox 3420 4661 3638 4733; x_wconf 75' lang='lat' dir='ltr'><strong>solum,</strong></span> 
     </span>
    </p>
   </div>
   <div class='ocr_carea' id='block_1_108' title="bbox 1977 4732 3641 4805">
    <p class='ocr_par' dir='ltr' id='par_1_108' title="bbox 1977 4732 3641 4805">
     <span class='ocr_line' id='line_1_108' title="bbox 1977 4732 3641 4805; baseline -0.002 -14"><span class='ocrx_word' id='word_1_757' title='bbox 1977 4737 2127 4791; x_wconf 87' lang='lat' dir='ltr'><strong>sicut</strong></span> <span class='ocrx_word' id='word_1_758' title='bbox 2160 4736 2366 4803; x_wconf 84' lang='lat' dir='ltr'><strong>didici,</strong></span> <span class='ocrx_word' id='word_1_759' title='bbox 2399 4732 2534 4803; x_wconf 81' lang='lat' dir='ltr'><strong>etc.,</strong></span> <span class='ocrx_word' id='word_1_760' title='bbox 2561 4738 2862 4805; x_wconf 88' lang='lat' dir='ltr'><strong>corrupte.</strong></span> <span class='ocrx_word' id='word_1_761' title='bbox 2890 4732 3135 4805; x_wconf 80' lang='lat' dir='ltr'><strong>Desinit:</strong></span> <span class='ocrx_word' id='word_1_762' title='bbox 3159 4733 3533 4805; x_wconf 73' lang='lat' dir='ltr'><strong>Fractusque</strong></span> <span class='ocrx_word' id='word_1_763' title='bbox 3550 4732 3641 4787; x_wconf 77' lang='lat' dir='ltr'><strong>cli-</strong></span> 
     </span>
    </p>
   </div>
   <div class='ocr_carea' id='block_1_109' title="bbox 1976 4802 3640 4877">
    <p class='ocr_par' dir='ltr' id='par_1_109' title="bbox 1976 4802 3640 4877">
     <span class='ocr_line' id='line_1_109' title="bbox 1976 4802 3640 4877; baseline -0.002 -15"><span class='ocrx_word' id='word_1_764' title='bbox 1976 4822 2125 4877; x_wconf 89' lang='lat' dir='ltr'><strong>gnos</strong></span> <span class='ocrx_word' id='word_1_765' title='bbox 2171 4802 2531 4876; x_wconf 64' lang='lat' dir='ltr'><strong>pwnitentiw</strong></span> <span class='ocrx_word' id='word_1_766' title='bbox 2572 4802 2881 4861; x_wconf 75' lang='lat' dir='ltr'><strong>ostendere</strong></span> <span class='ocrx_word' id='word_1_767' title='bbox 2910 4804 3032 4877; x_wconf 74' lang='lat' dir='ltr'><strong>Dei</strong></span> <span class='ocrx_word' id='word_1_768' title='bbox 3083 4802 3535 4877; x_wconf 69' lang='lat' dir='ltr'><strong>beneplacentia</strong></span> <span class='ocrx_word' id='word_1_769' title='bbox 3583 4808 3640 4859; x_wconf 87' lang='lat' dir='ltr'><strong>et</strong></span> 
     </span>
    </p>
   </div>
   <div class='ocr_carea' id='block_1_110' title="bbox 1979 4874 3630 4935">
    <p class='ocr_par' dir='ltr' id='par_1_110' title="bbox 1979 4874 3630 4935">
     <span class='ocr_line' id='line_1_110' title="bbox 1979 4874 3630 4935; baseline -0.002 -1"><span class='ocrx_word' id='word_1_770' title='bbox 1979 4874 2395 4935; x_wconf 66' lang='lat' dir='ltr'><strong>coemeratione</strong></span> <span class='ocrx_word' id='word_1_771' title='bbox 2434 4878 2677 4933; x_wconf 88' lang='lat' dir='ltr'><strong>Domini</strong></span> <span class='ocrx_word' id='word_1_772' title='bbox 2721 4876 2916 4931; x_wconf 85' lang='lat' dir='ltr'><strong>nostri</strong></span> <span class='ocrx_word' id='word_1_773' title='bbox 2946 4875 3091 4929; x_wconf 87' lang='lat' dir='ltr'><strong>Jcsu</strong></span> <span class='ocrx_word' id='word_1_774' title='bbox 3124 4874 3373 4930; x_wconf 81' lang='lat' dir='ltr'><strong>Christi.</strong></span> <span class='ocrx_word' id='word_1_775' title='bbox 3410 4876 3630 4932; x_wconf 85' lang='lat' dir='ltr'><strong>Amen.</strong></span> 
     </span>
    </p>
   </div>
   <div class='ocr_carea' id='block_1_111' title="bbox 1981 4944 3641 5030">
    <p class='ocr_par' dir='ltr' id='par_1_111' title="bbox 1981 4944 3641 5030">
     <span class='ocr_line' id='line_1_111' title="bbox 1981 4944 3641 5030; baseline -0.001 -25"><span class='ocrx_word' id='word_1_776' title='bbox 1981 4944 2101 5030; x_wconf 71' lang='lat' dir='ltr'><strong>Sed</strong></span> <span class='ocrx_word' id='word_1_777' title='bbox 2117 4964 2255 5030; x_wconf 59' lang='lat' dir='ltr'><strong>qua;</strong></span> <span class='ocrx_word' id='word_1_778' title='bbox 2278 4948 2506 5030; x_wconf 80' lang='lat' dir='ltr'><strong>inedita</strong></span> <span class='ocrx_word' id='word_1_779' title='bbox 2525 4946 2753 5030; x_wconf 79' lang='lat' dir='ltr'><strong>putavit</strong></span> <span class='ocrx_word' id='word_1_780' title='bbox 2770 4946 2860 5000; x_wconf 81' lang='lat' dir='ltr'><strong>vir</strong></span> <span class='ocrx_word' id='word_1_781' title='bbox 2878 4944 3284 5030; x_wconf 71' lang='lat' dir='ltr'><strong>doctissimus,</strong></span> <span class='ocrx_word' id='word_1_782' title='bbox 3302 4961 3374 5002; x_wconf 89' lang='lat' dir='ltr'><strong>ea</strong></span> <span class='ocrx_word' id='word_1_783' title='bbox 3391 4945 3641 5030; x_wconf 69' lang='lat' dir='ltr'><strong>totidem</strong></span> 
     </span>
    </p>
   </div>
   <div class='ocr_carea' id='block_1_112' title="bbox 1976 5015 3640 5090">
    <p class='ocr_par' dir='ltr' id='par_1_112' title="bbox 1976 5015 3640 5090">
     <span class='ocr_line' id='line_1_112' title="bbox 1976 5015 3640 5090; baseline -0.002 -13"><span class='ocrx_word' id='word_1_784' title='bbox 1976 5015 2179 5077; x_wconf 72' lang='lat' dir='ltr'><strong>verbis</strong></span> <span class='ocrx_word' id='word_1_785' title='bbox 2210 5023 2410 5077; x_wconf 81' lang='lat' dir='ltr'><strong>Graece</strong></span> <span class='ocrx_word' id='word_1_786' title='bbox 2438 5024 2496 5075; x_wconf 92' lang='lat' dir='ltr'><strong>et</strong></span> <span class='ocrx_word' id='word_1_787' title='bbox 2525 5015 2759 5084; x_wconf 80' lang='lat' dir='ltr'><strong>Latine,</strong></span> <span class='ocrx_word' id='word_1_788' title='bbox 2790 5015 3170 5073; x_wconf 87' lang='lat' dir='ltr'><strong>emendatius</strong></span> <span class='ocrx_word' id='word_1_789' title='bbox 3205 5017 3413 5088; x_wconf 88' lang='lat' dir='ltr'><strong>etiam,</strong></span> <span class='ocrx_word' id='word_1_790' title='bbox 3441 5016 3640 5090; x_wconf 86' lang='lat' dir='ltr'><strong>legere</strong></span> 
     </span>
    </p>
   </div>
   <div class='ocr_carea' id='block_1_113' title="bbox 1979 5092 2818 5164">
    <p class='ocr_par' dir='ltr' id='par_1_113' title="bbox 1979 5092 2818 5164">
     <span class='ocr_line' id='line_1_113' title="bbox 1979 5092 2818 5164; baseline -0.001 -17"><span class='ocrx_word' id='word_1_791' title='bbox 1979 5096 2069 5164; x_wconf 89' lang='lat' dir='ltr'><strong>est</strong></span> <span class='ocrx_word' id='word_1_792' title='bbox 2095 5093 2266 5164; x_wconf 88' lang='lat' dir='ltr'><strong>epist.</strong></span> <span class='ocrx_word' id='word_1_793' title='bbox 2298 5095 2386 5160; x_wconf 85' lang='lat'><strong>22,</strong></span> <span class='ocrx_word' id='word_1_794' title='bbox 2422 5103 2631 5162; x_wconf 89' lang='lat' dir='ltr'><strong>supra.</strong></span> <span class='ocrx_word' id='word_1_795' title='bbox 2662 5092 2818 5146; x_wconf 86' lang='lat' dir='ltr'><strong>Emr.</strong></span> 
     </span>
    </p>
   </div>
   <div class='ocr_carea' id='block_1_114' title="bbox 2050 5159 3644 5233">
    <p class='ocr_par' dir='ltr' id='par_1_114' title="bbox 2050 5159 3644 5233">
     <span class='ocr_line' id='line_1_114' title="bbox 2050 5159 3644 5233; baseline -0.001 -16"><span class='ocrx_word' id='word_1_796' title='bbox 2050 5159 2166 5233; x_wconf 68' lang='lat'><strong>(92&#39;)</strong></span> <span class='ocrx_word' id='word_1_797' title='bbox 2216 5159 2519 5232; x_wconf 58' lang='lat' dir='ltr'><strong>’Enéaxovf</strong></span> <span class='ocrx_word' id='word_1_798' title='bbox 2557 5163 2643 5217; x_wconf 91' lang='lat' dir='ltr'><strong>lta</strong></span> <span class='ocrx_word' id='word_1_799' title='bbox 2696 5175 2846 5233; x_wconf 71' lang='lat' dir='ltr'><strong>mss.</strong></span> <span class='ocrx_word' id='word_1_800' title='bbox 2887 5173 3145 5233; x_wconf 76' lang='lat' dir='ltr'><strong>summo</strong></span> <span class='ocrx_word' id='word_1_801' title='bbox 3202 5174 3527 5233; x_wconf 88' lang='lat' dir='ltr'><strong>consensu,</strong></span> <span class='ocrx_word' id='word_1_802' title='bbox 3583 5159 3644 5217; x_wconf 85' lang='lat' dir='ltr'><strong>et</strong></span> 
     </span>
    </p>
   </div>
   <div class='ocr_carea' id='block_1_115' title="bbox 1976 5228 3493 5308">
    <p class='ocr_par' dir='ltr' id='par_1_115' title="bbox 1976 5228 3493 5308">
     <span class='ocr_line' id='line_1_115' title="bbox 1976 5228 3493 5308; baseline -0.002 -19"><span class='ocrx_word' id='word_1_803' title='bbox 1976 5228 2164 5308; x_wconf 59' lang='lat' dir='ltr'><strong>paulo</strong></span> <span class='ocrx_word' id='word_1_804' title='bbox 2188 5238 2326 5308; x_wconf 72' lang='lat' dir='ltr'><strong>post</strong></span> <span class='ocrx_word' id='word_1_805' title='bbox 2350 5228 2664 5307; x_wconf 76' lang='grc' dir='ltr'>φιλέχθρως.</span> <span class='ocrx_word' id='word_1_806' title='bbox 2879 5228 3199 5308; x_wconf 38' lang='grc' dir='ltr'>ἀπέσχον-ει</span> <span class='ocrx_word' id='word_1_807' title='bbox 3220 5232 3493 5308; x_wconf 81' lang='grc' dir='ltr'>φιλεχθῶς.</span> 
     </span>
    </p>
   </div>
   <div class='ocr_carea' id='block_1_116' title="bbox 2053 5300 3643 5376">
    <p class='ocr_par' dir='ltr' id='par_1_116' title="bbox 2053 5300 3643 5376">
     <span class='ocr_line' id='line_1_116' title="bbox 2053 5300 3643 5376; baseline -0.005 -15"><span class='ocrx_word' id='word_1_808' title='bbox 2053 5308 2167 5371; x_wconf 82' lang='grc'>(93)</span> <span class='ocrx_word' id='word_1_809' title='bbox 2194 5300 2679 5376; x_wconf 65' lang='grc' dir='ltr'>⁷[ιολυπραγμόνεῖν.</span> <span class='ocrx_word' id='word_1_810' title='bbox 2712 5302 2960 5376; x_wconf 46' lang='grc' dir='ltr'><strong>Ηειινὶηιξῑ</strong></span> <span class='ocrx_word' id='word_1_811' title='bbox 2992 5300 3167 5358; x_wconf 88' lang='lat' dir='ltr'><strong>Coisl.</strong></span> <span class='ocrx_word' id='word_1_812' title='bbox 3219 5300 3452 5376; x_wconf 77' lang='lat' dir='ltr'><strong>primus</strong></span> <span class='ocrx_word' id='word_1_813' title='bbox 3484 5300 3643 5376; x_wconf 42' lang='lat' dir='ltr'><strong>oclo-</strong></span> 
     </span>
    </p>
   </div>
   <div class='ocr_carea' id='block_1_117' title="bbox 1979 5371 3645 5505">
    <p class='ocr_par' dir='ltr' id='par_1_117' title="bbox 1979 5371 3645 5505">
     <span class='ocr_line' id='line_1_117' title="bbox 1979 5371 3645 5505; baseline 0 -77"><span class='ocrx_word' id='word_1_814' title='bbox 1979 5383 2318 5505; x_wconf 64' lang='grc' dir='ltr'>τὲραγρονεῖν,</span> <span class='ocrx_word' id='word_1_815' title='bbox 2350 5371 2519 5465; x_wconf 74' lang='lat' dir='ltr'><strong>quod</strong></span> <span class='ocrx_word' id='word_1_816' title='bbox 2543 5375 2707 5431; x_wconf 90' lang='lat' dir='ltr'><strong>idem</strong></span> <span class='ocrx_word' id='word_1_817' title='bbox 2742 5372 3058 5445; x_wconf 87' lang='lat' dir='ltr'><strong>signiﬁcat.</strong></span> <span class='ocrx_word' id='word_1_818' title='bbox 3092 5371 3280 5432; x_wconf 88' lang='lat' dir='ltr'><strong>Paulo</strong></span> <span class='ocrx_word' id='word_1_819' title='bbox 3318 5377 3457 5446; x_wconf 90' lang='lat' dir='ltr'><strong>post</strong></span> <span class='ocrx_word' id='word_1_820' title='bbox 3479 5371 3645 5428; x_wconf 88' lang='lat' dir='ltr'><strong>idem</strong></span> 
     </span>
     <span class='ocr_line' id='line_1_118' title="bbox 2031 5463 2479 5505; baseline 0.002 -1"><span class='ocrx_word' id='word_1_821' title='bbox 2031 5463 2121 5504; x_wconf 84' lang='lat' dir='ltr'><strong>OlS</strong></span> <span class='ocrx_word' id='word_1_822' title='bbox 2151 5489 2163 5501; x_wconf 89' lang='lat'><strong>.</strong></span> <span class='ocrx_word' id='word_1_823' title='bbox 2194 5467 2264 5505; x_wconf 87' lang='grc' dir='ltr'><strong>ως</strong></span> <span class='ocrx_word' id='word_1_824' title='bbox 2290 5466 2479 5505; x_wconf 79' lang='grc' dir='ltr'>εγρην.</span> 
     </span>
    </p>
   </div>
   <div class='ocr_carea' id='block_1_118' title="bbox 2031 5463 2479 5510">
    <p class='ocr_par' dir='ltr' id='par_1_118' title="bbox 2031 5463 2479 5510">
     <span class='ocr_line' id='line_1_119' title="bbox 2031 5463 2479 5510; baseline 0 -6"><span class='ocrx_word' id='word_1_825' title='bbox 2031 5463 2163 5504; x_wconf 84' lang='lat' dir='ltr'><strong>OlSl.</strong></span> <span class='ocrx_word' id='word_1_826' title='bbox 2194 5467 2264 5510; x_wconf 93' lang='grc' dir='ltr'><strong>ως</strong></span> <span class='ocrx_word' id='word_1_827' title='bbox 2290 5463 2479 5510; x_wconf 75' lang='grc' dir='ltr'>εχρην.</span> 
     </span>
    </p>
   </div>
   <div class='ocr_carea' id='block_1_119' title="bbox 2060 5467 3446 5590">
    <p class='ocr_par' dir='ltr' id='par_1_119' title="bbox 2060 5467 3446 5590">
     <span class='ocr_line' id='line_1_120' title="bbox 2060 5467 3446 5590; baseline -0.005 -13"><span class='ocrx_word' id='word_1_828' title='bbox 2060 5467 2270 5577; x_wconf 46' lang='grc' dir='ltr'><strong>ἓῗίλὶἒξι</strong></span> <span class='ocrx_word' id='word_1_829' title='bbox 2290 5467 2662 5577; x_wconf 37' lang='lat' dir='ltr'><strong>manu].</strong></span> <span class='ocrx_word' id='word_1_830' title='bbox 2690 5516 2924 5590; x_wconf 88' lang='lat' dir='ltr'><strong>Scripta</strong></span> <span class='ocrx_word' id='word_1_831' title='bbox 2950 5514 3112 5575; x_wconf 87' lang='lat' dir='ltr'><strong>circa</strong></span> <span class='ocrx_word' id='word_1_832' title='bbox 3135 5529 3300 5578; x_wconf 85' lang='lat' dir='ltr'><strong>anno</strong></span> <span class='ocrx_word' id='word_1_833' title='bbox 3319 5516 3446 5571; x_wconf 73' lang='grc'><strong>374.</strong></span> 
     </span>
    </p>
   </div>
   <div class='ocr_carea' id='block_1_120' title="bbox 3133 5686 3227 5746">
    <p class='ocr_par' dir='ltr' id='par_1_120' title="bbox 3133 5686 3227 5746">
     <span class='ocr_line' id='line_1_121' title="bbox 3133 5686 3227 5746; baseline 0.021 -3"><span class='ocrx_word' id='word_1_834' title='bbox 3133 5686 3227 5746; x_wconf 81' lang='grc'><strong>21.</strong></span> 
     </span>
    </p>
   </div>
  </div>
