4152 6378
261 288 358 348 633

1254 283 1743 349 EPISTOLARUM
1781 291 2064 350 CLASSIS
2089 294 2155 349 ll.
2183 293 2400 352 EPIST.
2422 296 2710 353 CLXXVII.

3540 306 3647 362 654

258 414 409 489 ἁγίας
468 420 698 488 Γραςοῆς,
784 420 874 470 καὶ
913 420 1010 475 τὴν
1092 414 1180 468 ἐπὶ
1239 417 1440 478 τούτοις
1524 421 1859 491 καινοτομίαν

1992 418 2514 478 10minumnostra
2537 421 2725 488 salus,
2755 421 2862 479 sed
2905 421 2970 479 in
2997 438 3149 482 sane.
3177 424 3529 500 divinitatis,
3571 430 3636 486 in

258 500 586 577 διαφεύγέιν.
635 505 711 558 Οὐ
762 508 864 579 γὰρ
920 503 969 557 ἓν
1025 513 1087 564 τῆ
1117 503 1378 580 ἐφευρέσει
1437 512 1538 557 τῶν
1595 526 1863 582 προσηγο-

257 601 380 667 ριῶν
436 594 467 651 ἡ
532 598 772 669 σωτηρία
824 595 990 666 ἡμῶν,
1051 592 1161 645 ἀλλ’
1228 592 1278 646 ἐν
1334 602 1398 666 τῇ
1452 596 1592 667 ὑγιεῖ
1617 600 1734 671 περὶ
1766 604 1863 657 τῆς

262 682 503 742 θεότητος
534 682 604 743 εἰς
632 682 694 742 ἢν
713 686 1138 757 πεπιστεύκαμεν
1167 682 1445 757 ὁμολογίᾳ.

795 797 1134 845 ΕΠΙΣΤΟΛΗ
1200 797 1324 856 PO;
1342 814 1356 825 ·

1974 523 2161 580 quam
2190 508 2520 582 credimus,
2545 510 2957 569 confessione.

2464 778 2811 837 EPISTOLA
2849 781 3143 839 CLXXVI'.

256 896 699 969 Amphilochium
720 897 922 953 invitat
942 899 1188 955 Basilius
1208 898 1279 954 ad
1298 898 1446 954 diem
1463 901 1670 971 festum
1692 899 2085 1028 S.E:€i:3é:g;it,
2100 904 2368 973 rogatque
2392 909 2452 959 ιιι
2470 903 2650 960 tribus
2681 904 2868 961 diebus
2886 909 3017 962 ante
3037 906 3221 980 ipsum
3255 907 3405 966 diem
3413 912 3623 981 festum

620 1109 971 1185 Ἀμφιλοχίῳ,
997 1110 1268 1186 ἐπισκόπῳ
1297 1111 1536 1167 Ἰκονίου.
1896 1114 1938 1170 Β

334 1201 620 1274 Παράσχοι
676 1202 703 1252 ὁ
755 1201 908 1273 ἆγιος
954 1205 1086 1265 Θεὸς
1127 1202 1394 1277 ἐρῥῶμένῳ
1450 1220 1534 1256 σοι
1579 1206 1640 1256 τὸ
1688 1211 1862 1276 σῶμα,

264 1294 351 1342 καὶ
396 1287 498 1341 ἀπὸ
554 1290 734 1351 πάσης
789 1288 1052 1363 ἀσχολίας
1082 1288 1348 1364 ἀνειμένῳ,
1376 1296 1466 1344 καὶ
1487 1294 1675 1363 δπάντα
1701 1295 1866 1365 πράτ-

260 1398 401 1431 τοντι
461 1382 598 1432 κατά
651 1388 791 1443 νοῦν,
860 1400 953 1439 την
1010 1380 1289 1440 ἐπιπτολὴν
1346 1386 1491 1454 ημῶν
1545 1385 1740 1442 ταύτην
1792 1383 1864 1445 εἰς

257 1476 446 1542 χεῖρας
491 1467 672 1538 ἐλθεῖν,
718 1471 802 1523 ἵνα
846 1473 920 1542 μὴ
979 1470 1242 1545 ἄπρακτος
1283 1472 1430 1544 ἡμῶν
1469 1474 1498 1530 ἡ
1532 1471 1864 1545 παράκλησις

257 1562 490 1629 γένηται,
547 1560 610 1617 ἦν
652 1559 1053 1633 παρακαλοῦμεν
1109 1568 1199 1613 νῦν
1247 1560 1575 1633 ἐπιφανῆναι-
1613 1580 1670 1614 σε
1718 1563 1865 1634 ἡμῶν

257 1655 321 1719 τῇ
388 1647 556 1716 πόλει,
633 1646 720 1700 ἐπὶ
786 1656 860 1719 τῷ
915 1653 1221 1722 σεμνοτέραν
1276 1651 1519 1720 γενέσθαι
1580 1654 1673 1709 τὴν
1736 1670 1867 1704 παν-

258 1741 469 1812 ήγυριν,
512 1739 573 1796 ἣν
618 1734 693 1790 δι’
733 1739 881 1799 ἔτους
924 1740 1071 1809 ἄγειν
1115 1737 1199 1791 ἐπὶ
1260 1745 1366 1799 τοῖς
1424 1740 1686 1812 μάρτυσιν
1752 1742 1864 1802 ἔθος

258 1824 401 1879 ἐστὶν
454 1828 602 1899 ἡμῶν
662 1835 723 1899 τῇ
774 1827 1082 1900 Ἐκκλησία,
1134 1831 1360 1881 Πέπεισο
1414 1832 1538 1902 γὰρ,
1577 1833 1865 1901 τιμιώτατέ

259 1934 349 1988 μοι
397 1921 489 1967 καὶ
545 1917 876 1969 ποθεινότατε
927 1919 997 1977 ὡς
1053 1914 1278 1986 ἀληθῶς⁹
1351 1918 1434 1969 ὅτι
1514 1917 1711 1970 πολλῶν
1793 1918 1865 1981 εἰς

258 2011 439 2077 πεῖραν
469 2002 627 2056 ῦοὼν
659 2005 684 2056 ὁ
723 2003 988 2077 παι-’ἡμῖν
1024 2005 1102 2076 (2)
1126 2005 1273 2075 λαός,
1304 2013 1403 2067 τῆς
1440 2002 1652 2067 οὐδενὸς
1704 2008 1865 2067 οὕτως

261 2091 539 2165 ἀντέχεται
596 2092 897 2166 ἐπιτυχίας,
956 2100 1027 2156 ὡς
1065 2102 1156 2155 τῆς
1215 2100 1654 2169 σῆςπαρουσίας’
1686 2103 1865 2148 τοιοῦ-

257 2201 345 2235 τον
373 2186 582 2256 κέντρον
629 2181 839 2255 ἀγάπης
886 2181 941 2235 ἐκ
996 2191 1088 2244 τῆς
1117 2190 1311 2259 μικρᾶς
1353 2183 1545 2245 ἐκείνης
1572 2188 1866 2257 συντυχίας

261 2273 275 2288 ³
570 2269 591 2285 θ
740 2269 762 2285 τ
889 2276 899 2291 ι
958 2274 969 2282 ¹
1103 2275 1113 2290 1
1485 2282 1504 2291 ε
1666 2279 1674 2293 ἱ

258 2279 539 2344 εναφῆκας.
594 2277 682 2326 Ινα
706 2292 793 2324 ουν
816 2292 906 2325 και
948 2292 974 2325 ο
1044 2279 1237 2348 Κυριος
1269 2269 1532 2346 ὃοξασθη,
1593 2294 1684 2327 και
1749 2273 1867 2326 λαοὶ

261 2360 613 2434 εὐφρανθῶσι,
665 2365 756 2413 καὶ
804 2362 1074 2433 τιμηθῶσι
1146 2363 1425 2438 μάρτυρες,
1478 2369 1568 2415 καὶ
1620 2365 1772 2435 ἡμεῖς
1818 2364 1867 2415 οἱ

2261 1116 2704 1186 Amphilochia,
2736 1120 3010 1190 episcopo
3048 1120 3260 1177 Iconii.

2050 1201 2218 1259 Faxit
2271 1204 2426 1260 Deus
2468 1210 2735 1276 sanctus,
2756 1211 2825 1264 ut
2860 1207 2970 1264 tibi
3018 1224 3270 1281 corpore
3300 1210 3545 1277 valenti,
3578 1216 3638 1271 et

1973 1292 2262 1348 omnibus
2298 1295 2550 1365 negotiis
2580 1295 2801 1366 soluto,
2850 1301 2909 1353 et
2962 1298 3171 1355 omnia
3215 1315 3290 1355 ex
3339 1303 3639 1360 sententia

1975 1381 2206 1451 gerenti
2255 1382 2387 1438 haec
2433 1384 2686 1457 epistola
2732 1390 2943 1442 nostra
2978 1386 3040 1443 in
3068 1403 3287 1444 manus
3317 1391 3517 1447 veniat
3543 1395 3638 1458 ;ut

1972 1468 2174 1526 inanis
2221 1475 2281 1528 et
2321 1472 2488 1530 irrita
2530 1487 2656 1529 non
2685 1473 2760 1531 sit
2794 1479 3002 1532 nostra
3035 1475 3397 1546 adhortatio,
3435 1494 3559 1551 qua
3579 1484 3639 1537 te

1974 1573 2292 1628 rogamus,
2327 1565 2393 1617 ut
2446 1577 2608 1619 nunc
2658 1562 2722 1619 in
2762 1564 3067 1621 civitatem
3113 1570 3389 1622 nostram
3447 1568 3635 1625 adve-

1976 1648 2132 1717 nias,
2175 1667 2300 1723 quo
2343 1658 2693 1720 conventus,
2727 1670 2914 1726 quem
2958 1656 3289 1726 quotannis
3338 1672 3518 1728 agere
3572 1658 3637 1716 in

1976 1737 2273 1795 honorem
2294 1744 2634 1813 martyrum
2663 1759 2799 1798 mos
2828 1747 2920 1799 est
2947 1744 3477 1819 Ecclesiaenostree,
3507 1746 3638 1804 illu-

1978 1826 2151 1882 strior
2200 1828 2331 1885 ﬁat.
2382 1832 2534 1886 Nam
2609 1846 2972 1903 persuasum
3045 1832 3120 1889 sit
3177 1834 3304 1901 tibi,
3348 1835 3441 1891 vir
3484 1836 3637 1894 mihi

1975 1914 2401 1974 colendissime
2431 1922 2488 1975 et
2512 1935 2647 1976 vere
2676 1935 2866 1993 quam
2895 1920 3637 1997 desideratissime,popu-

1974 2003 2103 2059 lum
2148 2010 2444 2077 nostrum,
2500 2024 2640 2064 cum
2688 2007 2911 2065 multos
2959 2016 3244 2082 expertus
3291 2010 3387 2083 sit,
3415 2012 3637 2068 nullius

1974 2094 2361 2165 praesentiam
2416 2096 2501 2153 ita
2556 2096 2920 2168 desiderare,
2952 2102 3019 2154 ut
3065 2103 3255 2169 tuam,
3288 2103 3526 2157 tantum
3581 2100 3637 2157 ei

1977 2182 2203 2237 amoris
2229 2183 2511 2240 aculeum
2538 2184 2706 2242 brevi
2734 2184 2835 2242 illo
2852 2202 3182 2257 congressu
3210 2188 3536 2244 immisisti.
3567 2190 3640 2246 Ut

1976 2270 2156 2341 igitur
2183 2276 2241 2328 et
2262 2274 2516 2330 Domino
2542 2274 2732 2343 gloria
2746 2274 3060 2345 tribuatur,
3088 2281 3145 2331 et
3167 2276 3377 2348 populi
3406 2276 3632 2350 laetitia,

1979 2366 2036 2417 et
2062 2361 2293 2417 honore
2315 2369 2611 2435 martyres
2624 2362 3063 2432 afﬁciantur,ac
3094 2381 3207 2421 nos
3231 2382 3406 2422 senes
3430 2367 3636 2424 debita

259 2456 490 2526 γέροντες
547 2458 645 2513 τῆς
709 2450 1037 2524 ὀφειλομένης
1067 2454 1192 2524 ημῖν
1231 2455 1379 2525 παρὰ
1428 2456 1602 2505 τέκνον
1642 2457 1866 2525 γνησίου

1992 2450 2160 2506 nobis
2192 2467 2228 2507 a
2255 2449 2379 2509 ﬁlio
2418 2466 2710 2522 germano
2732 2469 3183 2526 consequamur
3208 2455 3525 2528 obsequia,
3558 2472 3638 2512 ne

259 2543 505 2613 τύχωμεν
546 2542 839 2614 θεραπείας,
880 2540 1204 2604 καταξίωσον
1235 2540 1433 2604 ἀόκνως
1470 2547 1665 2615 μέχρις
1720 2543 1867 2614 ἡμῶν

264 2627 537 2697 διαϐῆναι,
598 2634 689 2681 καὶ
740 2629 1017 2702 προλαϐεῖν
1074 2633 1167 2692 τὰς
1221 2632 1421 2707 ἡμέρας
1473 2640 1570 2693 τῆς
1618 2628 1866 2688 συνόδου.

262 2716 399 2773 ὥστε
446 2718 531 2773 ἐπὶ
585 2719 786 2792 σχολῆς
837 2721 973 2793 ἡμᾶς
1034 2719 1270 2782 ἀλλήλοις
1345 2722 1712 2793 συγγενέσθαι,
1779 2725 1871 2773 καὶ

264 2807 776 2883 συμπαρακληθῆναι
825 2805 920 2861 διὰ
965 2816 1060 2871 τῆς
1101 2812 1372 2871 κοινωνίας
1431 2818 1532 2861 τῶν
1583 2829 1872 2882 πνευματι-

265 2906 372 2949 κῶν
401 2899 769 2970 χαρισμάτων.
794 2895 950 2950 Ἐστι
990 2894 1049 2951 δὲ
1078 2899 1108 2956 ἡ
1133 2900 1305 2972 ἡμέρα
1324 2904 1386 2970 τῇ
1419 2902 1629 2972 πέμπτῃ
1665 2899 1738 2970 (3)
1777 2906 1870 2951 τοῦ

270 2984 640 3060 Σεπτεμϐρίου.
678 2989 766 3039 Διό
822 2986 1224 3061 παρακαλοῦμεν
1275 2991 1378 3063 πρὸ
1444 2996 1599 3062 τριῶν
1666 2990 1872 3062 ἡμερῶν

272 3074 564 3139 ἐπιστῆναι,
594 3076 677 3129 ἵνα
703 3078 793 3128 καὶ
821 3083 914 3128 τοῦ
941 3094 1367 3149 πτωχοτροφειου
1415 3080 1509 3136 τὴν
1561 3082 1768 3150 μνήμην
1800 3076 1874 3151 (4)

267 3163 497 3237 μεγάλην
569 3168 803 3237 ποιήσῃς
875 3172 938 3236 τῇ
1025 3169 1317 3239 παρουσίᾳ.
1389 3165 1700 3241 Ἐῤῥωμένος
1788 3170 1879 3218 καὶ

268 3256 489 3325 εὔθυμος
527 3252 579 3306 ἐν
613 3258 791 3329 Κυρίῳ
822 3254 1241 3327 ὑπερευχόμενός
1295 3273 1395 3326 μου
1455 3251 1881 3327 διαφυλαχθείης

265 3362 357 3435 μοι
382 3348 474 3397 καὶ
505 3350 567 3416 τῇ
596 3350 689 3395 τοῦ
720 3349 856 3395 Θεοῦ
896 3342 1185 3416 Ἐκκλησιᾳ
1212 3345 1405 3418 χάριτι
1441 3351 1536 3397 τοῦ
1578 3349 1802 3420 Κυρίου.

813 3472 1154 3522 ΕΠΙΣΤΟΛΙΙ
1186 3468 1344 3525 ΡΟΖ’.

1978 2538 2326 2612 dedignaris
2350 2540 2427 2598 ad
2458 2557 2573 2601 nos
2599 2558 2791 2615 usque
2819 2542 3078 2615 impiger
3117 2544 3427 2611 accedere,
3460 2550 3643 2617 atque

1981 2634 2315 2686 conventus
2366 2630 2496 2687 dies
2555 2636 2949 2703 praevertere;
3003 2637 3071 2689 ut
3115 2633 3307 2690 otiose
3356 2638 3641 2690 mutuum

1981 2720 2135 2776 inter
2153 2735 2262 2775 nos
2295 2718 2668 2792 colloquium
2698 2719 3063 2791 habeamus,
3095 2738 3329 2794 nosque
3378 2722 3642 2780 invicem

1983 2809 2289 2865 donorum
2334 2808 2735 2880 spiritualium
2788 2811 3337 2867 communicatione
3375 2811 3645 2868 console-

1983 2897 2513 2955 mur.Pra=.stitutus
2526 2912 2706 2969 porro
2735 2897 2862 2953 dies
2891 2899 3361 2971 estSeptembris
3373 2900 3641 2973 quintus.

1988 2985 2421 3058 Quamobrem,
2452 3002 2687 3060 quasso,
2710 2988 2904 3043 tribus
2962 2987 3180 3044 diebus
3210 2993 3452 3061 tempus
3491 2990 3643 3047 illud

1988 3076 2418 3149 anticipato,ut
2439 3081 2495 3133 et
2520 3077 2881 3133 memoriam
2907 3077 3352 3151 ptochotrophii
3381 3094 3646 3151 praesen-

1991 3164 2075 3222 tia
2102 3169 2209 3221 tua
2238 3164 2537 3236 insignem
2557 3165 2804 3223 efﬁcias.
2839 3168 3054 3239 Sanus,
3106 3166 3403 3240 laetusque
3443 3167 3504 3223 in
3537 3171 3647 3225 Do-

1989 3255 2182 3319 mino,
2204 3259 2261 3311 et
2284 3271 2396 3328 pro
2416 3271 2515 3310 me
2539 3256 2874 3327 deprecans
2904 3256 3158 3313 serveris
3190 3256 3338 3313 mihi
3369 3263 3425 3315 et
3453 3256 3649 3315 Eccle-

1991 3343 2095 3401 siae
2124 3344 2227 3402 Dei
2256 3359 2365 3417 per
2392 3345 2649 3417 gratiam
2674 3344 2932 3401 Domini.

2460 3469 2803 3527 EPISTOLA
2842 3471 3180 3528 CLXXVII".

269 3622 629 3680 Commendat
654 3622 891 3678 Basilius
922 3620 1339 3694 Eusebium,qui
1346 3622 1644 3679 calumniis
1665 3622 1941 3696 appetitus
1954 3622 2969 3693 gravissimumjudiciumsustinebat
2989 3626 3231 3696 tempore
3242 3624 3646 3681 molestissimo.

774 3791 1048 3863 Σωφρονίῳ
1073 3791 1377 3861 μαγίστρῳ.

349 3892 663 3966 Καταλέγειν
720 3897 810 3968 μὲν
848 3897 1048 3957 πάντας
1099 3898 1222 3957 τοὺς
1280 3889 1352 3946 δι’
1403 3895 1544 3965 ἡμᾶς
1604 3894 1683 3965 (5)
1742 3892 1882 3965 εὐερ-

271 3985 587 4054 γετηθέντας
650 3986 797 4057 παρὰ
839 3992 934 4056 τῇς
998 3992 1093 4044 σῆς
1143 3982 1480 4055 μεγαλονοίας
1545 3982 1604 4033 οὐ
1670 3978 1878 4056 ῥᾴδιον·

273 4072 413 4123 οὕτω
466 4071 690 4133 πολλοὺς
754 4075 845 4145 μὲν
920 4075 1172 4144 σύνισμεν
1238 4070 1441 4133 ἑαυτοῖς
1506 4070 1884 4128 εὐπεποιηκόσι

274 4157 373 4214 διὰ
419 4168 509 4222 τῆς
546 4161 775 4233 μεγάλης
809 4181 904 4214 σου
942 4165 1144 4237 χειρὸς,
1197 4161 1258 4219 ἣν
1295 4161 1321 4212 ὀ
1372 4162 1557 4234 Κύριος
1586 4161 1711 4233 ἡμῖν
1741 4162 1882 4232 σύμ-

270 4270 452 4324 μαχον
508 4250 597 4304 ἐπὶ
626 4258 725 4303 τῶν
771 4252 1035 4324 μεγίστων
1084 4259 1278 4326 καιρῶν
1314 4248 1629 4325 ἐχαρίσατο
1682 4245 1884 4302 δικαιό-

347 4395 748 4468 (2)ῐ1αρ’ᾑμῑν.
781 4392 933 4449 Editi
981 4393 1105 4466 παρ’
1136 4395 1282 4466 ἡμῶν
1347 4395 1560 4449 contra
1609 4396 1881 4450 veterum

279 4463 562 4522 codicum
588 4463 797 4521 ﬁdem.

358 4539 406 4608 (3
413 4545 430 4604 )
460 4541 533 4608 Τῇ
549 4540 779 4608 πέμπτῃ.
800 4534 973 4608 Nolui
991 4534 1490 4608 immutarehunc
1513 4538 1884 4608 contextum,

332 4607 431 4661 uia
458 4605 544 4679 sic
573 4605 935 4679 reperiturin
959 4605 1884 4679 utroqueACAoisl”Illedmtroque,

332 4623 431 4661 una
458 4623 544 4660 s1c
573 4623 935 4679 reperiturin
959 4623 1430 4677 utroqueumsr,
1447 4623 1884 4678 medutroque,

282 4623 429 4750 ξοδ.
457 4677 651 4734 Vat.et
669 4684 927 4750 utroque
951 4677 1135 4748 Bigot.
1165 4677 1288 4733 Nisi
1317 4675 1482 4749 quod
1502 4676 1566 4732 in
1583 4676 1892 4750 nonnullis

287 4747 504 4823 legitur
530 4756 623 4801 τοῦ
654 4747 1004 4823 Σεπτεμϐρίου
1028 4747 1037 4748 ί
1057 4747 1588 4823 μηνὸς-τῇξπέμπτη,
1639 4749 1770 4823 Νρῐι
1800 4763 1894 4823 ex-

287 4825 408 4893 stat
435 4819 557 4875 haec
582 4818 837 4893 epistola
867 4818 928 4876 in
962 4818 1168 4893 codice
1200 4818 1532 4893 Harleeano.
1564 4818 1893 4893 Legiturjn

285 4891 460 4949 editis
482 4898 545 4963 τῇ
581 4886 639 4945 ετ
664 4892 997 4948 Sedtamen
1041 4889 1366 4957 legendum
1416 4886 1725 4963 videtur—7f;
1742 4886 1890 4963 ἐϐδρ-

286 4963 489 5038 μῃσέίίε
500 4961 757 5038 septima
769 4963 1153 5038 Septembris.
1169 4965 1288 5038 lloc
1304 4961 1576 5038 emmdie
1591 4961 1894 5038 memoria

289 5031 348 5093 "Si
372 5031 701 5106 Eupsyehii
716 5035 1006 5106 martyris
1028 5033 1193 5106 apud
1212 5032 1815 5106 Grmcoscelebratur:
1831 5031 1895 5087 id

288 5104 689 5186 queﬁas‘ilius
710 5105 839 5177 ipse
864 5104 1111 5186 testatur
1130 5105 1191 5185 in
1222 5104 1478 5186 epistola
1506 5108 1630 5186 100,
1644 5119 1896 5186 consen-

292 5175 576 5232 tientibus
594 5175 787 5232 tribus
798 5175 1222 5247 vetustissimis
1234 5175 1628 5247 cbdicibus,et
1640 5180 1896 5247 utroque

291 5247 709 5343 “semesi.-
744 5246 1868 5343 εθοξξξειεξ1.εξι;..εειὲεεξεε¹ιεει;9;μ

358 5320 438 5390 (4)
475 5323 578 5376 Τὴν
602 5324 833 5391 μνήμην.
859 5316 1174 5374 Existimat
1201 5317 1611 5373 Tillemontius
1647 5316 1895 5388 Amphi-

288 5389 563 5473 lochium
595 5389 679 5473 sic
720 5388 977 5471 invitari,
1003 5394 1066 5444 ut
1086 5390 1235 5444 dum
1256 5387 1898 5473 inptochotropbio'di'

289 5467 588 5532 versatur,
608 5460 779 5532 locus
800 5476 874 5516 ex
900 5460 950 5530 ej
964 5459 1898 5532 uspraesentiamemorabilistie-

289 5535 404 5612 ret2
431 5530 545 5587 Sed
571 5530 721 5612 quid
744 5528 1001 5612 necesse
1021 5528 1303 5612 fuiteum
1330 5529 1533 5612 tribus.
1566 5535 1706 5586 ante
1732 5528 1896 5612 diem

294 5599 520 5658 festum
546 5599 760 5660 diebus
787 5601 1108 5662 advenire?
1119 5604 1275 5659 Num
1296 5600 1348 5658 si
1367 5599 1449 5660 ad
1474 5599 1638 5659 diem
1664 5599 1896 5674 praesti-

1909 3769 1955 3823 D

2483 3786 2829 3856 Sophronia
2858 3785 3171 3858 magistro.

2062 3894 2391 3949 Recensere
2417 3909 2651 3963 omnes,
2701 3893 2808 3967 qui
2854 3896 3101 3966 propter
3142 3906 3239 3949 me
3281 3889 3654 3950 beneﬂciisa

1992 3985 2099 4036 tua
2152 3981 2656 4053 magnanimitate
2713 3981 2912 4039 affecti
2967 3985 3127 4052 sunt,
3181 3997 3305 4038 non
3325 3981 3499 4038 facile
3521 3987 3649 4049 est;

1995 4069 2153 4127 adeo
2190 4071 2395 4128 multis
2444 4072 2723 4129 conscius
2778 4071 2930 4129 mihi
2967 4088 3103 4128 sum
3133 4087 3231 4127 me
3254 4070 3412 4128 bene
3439 4072 3654 4129 fecisse

1990 4174 2101 4232 per
2130 4177 2422 4231 magnam
2450 4165 2621 4218 tuam
2654 4178 2929 4233 manum,
2963 4178 3152 4234 quam
3195 4161 3343 4218 mihi
3366 4162 3655 4217 Dominus

1993 4250 2372 4323 gravissimis
2431 4253 2799 4325 temporibus
2861 4252 3216 4324 adjutricem
3269 4250 3521 4323 largitus
3544 4255 3655 4309 est.

1993 4381 2122 4432 tum
2155 4377 2445 4451 venisset,
2475 4377 2940 4451 ptocboitrophio
2971 4377 3122 4434 nihil
3140 4376 3387 4451 honoris
3408 4391 3481 4432 ex
3496 4374 3657 4433 illius

1992 4449 2315 4521 praesentia
2331 4448 2713 4506 accessisset?
2729 4448 2933 4521 Itaque
2947 4454 3041 4508 τὴν
3053 4454 3263 4521 μνήμην
3276 4448 3655 4521 interpretor,

1995 4467 2315 4520 pI'EBSBDIla.
2331 4467 2713 4506 accessxssetr
2729 4467 2812 4506 ita
2864 4467 2933 4506 ue
2947 4470 3041 4508 την
3053 4469 3263 4521 μνημην
3276 4467 3655 4519 interpretor,

1995 4519 2313 4593 ecclesiam
2361 4521 2443 4593 in,
2474 4467 2937 4593 ptochotropliio
2985 4525 3376 4593 exstructam,
3406 4518 3498 4593 de
3532 4532 3659 4593 qua

1996 4589 2249 4664 Basilius
2280 4589 2547 4664 loquitur
2571 4593 2633 4648 in
2679 4589 3177 4664 epis—t.9!i_.ilNe_mo
3216 4590 3424 4664 nescit_
3462 4589 3659 4644 Eccle-

1999 4663 2137 4724 sias,
2170 4662 2231 4717 in
2244 4660 2476 4742 quibus
2495 4660 2835 4742 martyrum
2864 4660 3657 4742 reliquigasservaba'ntur,

2000 4732 2342 4811 memorias
2361 4733 2476 4789 dici
2502 4732 2899 4811 solere.Porro
2924 4732 3406 4811 Amphilochius,
3453 4732 3501 4787 si
3556 4732 3661 4811 tri-

1999 4805 2118 4861 bus
2147 4809 2287 4861 ante
2316 4804 2535 4861 festum
2562 4806 2779 4861 diebus
2803 4802 3087 4871 venisset,
3115 4820 3241 4859 non
3262 4802 3521 4858 dubium
3543 4806 3656 4870 est,

2000 4876 2636 4955 quinptochotrophio
2666 4874 3256 4955 exceptus(ib_ienim
3278 4873 3662 4955 escipieban-

2001 4944 2100 5004 {ur
2151 4944 2418 5017 insignes
2461 4944 2778 5019 personas),
2808 4944 3095 5019 mysteria
3121 4946 3185 5001 in
3209 4944 3466 5019 ecclesia
3494 4944 3658 5001 illius

2002 5019 2117 5098 loci
2133 5017 2516 5098 celebrasset.
2538 5017 2947 5098 Quamobrem
2958 5023 3135 5098 rogat
3156 5017 3406 5098 Basilius
3420 5021 3661 5098 tempus

2002 5091 2193 5147 tribus
2216 5089 2432 5145 diebus
2449 5088 2834 5161 anticipet,ut
2861 5106 2987 5146 non
3018 5089 3219 5145 solum
3244 5090 3299 5146 S.
3334 5088 3660 5161 Eupsycbii

2003 5162 2166 5219 diem
2187 5162 2406 5217 festum
2429 5159 2753 5232 obeam—sed
2776 5164 3192 5219 etmemoriam
3204 5159 3663 5232 ptochotrbphii

2000 5232 2325 5309 praesentia
2349 5246 2464 5309 sua
2490 5230 2796 5309 insignem
2809 5232 3049 5309 efﬁciat.

2074 5309 2154 5376 (5)
2186 5304 2438 5377 Δι’ᾑμᾶς-
2490 5302 2575 5358 Ita
2625 5303 2802 5377 Loisl.
2849 5306 3123 5377 primus;
3182 5318 3317 5376 quae
3365 5301 3663 5372 scriptura

2005 5373 2206 5448 magis
2236 5374 2437 5449 placet
2454 5394 2469 5423 ι
2498 5390 2640 5433 uam
2668 5373 2920 5447 vulgata
2944 5373 3017 5428 δι’
3045 5373 3219 5449 ἡμῶν,
3237 5389 3349 5443 per
3376 5387 3491 5428 me.

2076 5455 2096 5475 '
2123 5446 2288 5520 'Alias
2326 5473 2332 5489 -
2366 5446 2629 5506 CCXCIV.
2659 5446 2893 5520 Scripta
2912 5446 3232 5503 anno‘37i.

2077 5524 2121 5548 "'
2157 5519 2322 5581 Alias
2340 5522 2709 5584 CCCXXX”.
2744 5518 2976 5592 Scripta
2998 5532 3165 5576 anno
3194 5518 3321 5574 374.
