2076 3187
235 118 287 146 695

912 116 943 143 S.
967 115 1009 144 BA
1015 114 1092 144 SILII
1109 114 1232 144 MAGNI.

1845 44 1849 45 ν
1901 42 1925 51 ,η-
1955 39 2027 50 -,ι..

1869 106 1925 137 656

236 179 379 209 Omnium
401 181 503 209 autem
527 178 724 216 dignissimus
747 179 795 207 est
821 178 875 215 qui
896 178 1028 214 juvetur,
1041 178 1066 206 is

1122 186 1201 208 τατος
1227 174 1257 204 δε
1288 176 1390 203 πάντων
1418 177 1463 204 καὶ
1486 176 1500 203 ὁ
1527 179 1572 203 νῦν
1597 177 1777 214 πρσαγὸμινος
1810 173 1860 203 διὰ
1877 177 1926 203 τοῦ

235 233 328 262 quem
339 233 422 254 nunc
435 225 488 253 tibi
504 233 557 261 per
573 225 688 253 litteras
705 223 794 260 264
806 232 889 252 meas
908 223 992 258 sisto,
1015 231 1065 252 co-

235 271 429 300 lendissimus
441 270 530 299 frater
545 272 648 298 noster
658 269 814 301 Eusebius,
828 268 961 296 absurda
975 275 1065 304 appe-

236 317 307 344 titus
326 316 489 349 calumnia,
518 323 611 351 quam
635 314 812 351 propulsare
837 313 928 341 solius
949 315 1006 340 tua:
1019 314 1064 341 est

236 361 405 398 probitatis.
423 362 610 396 Quapropter
630 367 715 394 rogo,
742 361 775 387 ut
790 360 817 386 et
846 358 921 393 juris
946 357 1064 386 habens

235 407 392 441 rationem,
401 408 429 434 et
442 405 480 433 ad
493 405 659 432 humanam
675 403 878 432 conditionem
889 402 1063 439 respiciens,

236 454 265 480 et
288 453 431 479 consueta
450 451 479 478 in
497 458 545 478 me
557 449 702 477 beneficia
718 448 885 484 conferens,
912 448 983 475 huic
998 447 1064 475 viro

237 496 375 524 omnium
396 495 462 523 loco
487 495 537 528 sis,
552 501 683 529 eumque
704 501 765 521 una
788 501 858 521 cum
873 492 996 520 veritate
1009 492 1065 520 ad-

234 542 331 576 juves.
347 542 421 568 Nam
434 539 566 575 praesidii
584 546 645 567 non
658 546 768 575 parum
792 538 822 565 in
843 538 911 573 jure
934 537 1066 573 pOsitum

236 585 351 619 habet;
381 584 464 620 quod
496 583 631 620 quidem,
673 583 731 610 nisi
768 585 890 618 tempus
932 589 1067 618 praesens

236 629 354 663 laeserit,
370 628 456 658 facile
471 629 526 657 erit
541 628 621 656 clare
631 627 901 656 etineluctabiliter
925 626 1067 655 demons-

236 676 327 702 trare.

474 718 642 747 EPISTOLA
658 717 830 751 CLxxvnr,

1122 223 1279 259 γράμματος
1305 222 1378 258 ἡμῶν
1413 223 1542 258 τυγχάνει
1576 222 1627 258 (6),
1665 222 1679 248 ὁ
1714 219 1926 258 αἱδςσιμωτατος

1125 266 1236 303 ἁδελφὸς
1262 265 1300 303 (7)
1328 266 1459 301 Εὐσέϐιος,
1482 266 1623 305 παραλόγῳ
1657 268 1820 303 συκοφαντίᾳ
1853 275 1926 304 περι-

1122 315 1218 346 πεσὼν,
1252 312 1281 341 ἢν
1311 310 1496 338 maneam
1528 314 1609 348 μόνης
1642 310 1700 338 ἐστὶ
1718 316 1766 342 τῆς
1786 315 1836 342 σῆς
1851 310 1928 348 ὀρθὸ-

1122 367 1210 388 τητος.
1228 358 1271 383 Διὸ
1286 357 1496 395 παρακαλοῦμεν,
1521 360 1566 384 καὶ
1589 361 1626 393 τῷ
1653 355 1747 393 δίκαίῳ
1775 358 1927 394 χαριζόμε-

1122 411 1175 437 νον,
1200 404 1245 428 καὶ
1271 403 1337 438 πρὸς
1366 404 1396 428 τὸ
1419 401 1578 438 ἀνθρώπινον
1612 401 1756 438 ἀφορῶντα,
1786 403 1833 427 καὶ
1862 401 1927 438 ἡμῖν

1123 448 1171 477 τὰς
1204 448 1324 478 συνήθεις
1354 449 1533 483 παρεχόμενον
1572 448 1697 484 χάριτας,
1732 445 1789 473 ἀντὶ
1821 447 1924 473 πάντων

1122 492 1244 527 γενέσθαι
1274 496 1310 527 τῷ
1336 490 1424 529 ἀνδρὶ,
1453 494 1497 518 καὶ
1516 496 1663 530 προστῆναι
1682 491 1764 518 αὐτοῦ
1777 491 1856 528 [μετὰ
1873 494 1923 522 τῆς

1122 536 1256 567 ἀληθείας.
1289 536 1366 572 ’Ἐχεὶ
1391 538 1441 574 γὰρ
1457 537 1487 563 οὐ
1515 538 1610 573 μικρὰν
1640 537 1798 573 συμμαχίαν
1809 537 1856 566 τήν
1869 534 1921 562 ἀπὸ

1121 585 1168 607 τοῦ
1184 579 1301 608 δικαίου.
1318 582 1361 614 ἣν,
1378 581 1399 607 εἰ
1418 583 1454 617 μὴ
1480 582 1493 607 ὀ
1521 584 1610 619 παρὼν
1633 583 1722 619 καιρὸς
1737 579 1923 616 καταελᾶψιιι,

1121 627 1190 652 πάνυ
1223 623 1316 663 ῥᾴδιον
1348 629 1437 662 σαφῶς
1468 628 1512 652 καὶ
1545 625 1735 664 ὰναντιῤῥήτῳς
1763 623 1925 661 ἕπιδειχθη-

1124 671 1218 697 σεο-θαι
1229 670 1279 706 (8).

1391 717 1560 743 ΕΠΙΣΤΟΛΗ
1577 718 1653 744 POH.

265 781 458 810 Commendat
473 781 608 809 Basilius
626 780 761 809 eumdem
778 779 946 812 Eusebium,
961 785 996 806 ac
1012 781 1107 813 rogat,
1124 778 1250 814 nerquz'a
1265 778 1356 814 multi
1370 777 1402 805 in
1413 778 1610 808 atrocissimis
1620 777 1782 807 sceleribus
1792 777 1896 814 depre-

767 815 861 850 hensi,
878 815 910 843 in
924 822 990 843 eum
1004 814 1068 843 hac
1085 813 1218 849 suspicio
1233 813 1392 842 redundet.

558 879 706 914 Aburgio.

273 934 339 963 Scio
355 941 403 962 me
415 935 475 962 tuae
487 933 629 969 dignitati
643 932 755 960 multos
771 938 981 968 saepenumero
988 938 1069 959 com-

236 978 409 1013 mendasse,
427 980 455 1006 et
468 977 654 1013 gravissimis
669 976 857 1013 temporibus
880 983 943 1004 non
957 983 1067 1011 parum

235 1023 353 1052 afflictis
366 1022 523 1059 profuisse.
541 1021 598 1050 Sed
614 1021 731 1049 nullum
745 1023 836 1050 antea
850 1021 978 1048 missum
989 1028 1007 1048 a
1017 1028 1066 1048 me

235 1067 276 1096 ad
290 1069 374 1095 tuam
385 1066 594 1103 praestantiam
618 1065 753 1098 memini,
770 1065 824 1101 qui
844 1064 918 1092 mihi
948 1064 1068 1093 charior

234 1112 320 1146 foret,
336 1113 388 1140 aut
397 1111 450 1147 qui
465 1111 502 1139 de
510 1111 603 1139 rebus
616 1110 742 1146 majoris
763 1109 910 1137 momenti
931 1108 1065 1137 decerta-

233 1159 288 1192 ret,
313 1164 407 1193 quam
433 1155 706 1184 desideratissimus
726 1153 804 1182 ﬁlius
829 1153 989 1183 Eusebius.
1013 1154 1067 1189 qui

234 1208 318 1229 nunc
344 1200 398 1228 tibi
417 1199 473 1228 has
490 1208 509 1228 a
525 1207 574 1227 me
596 1199 708 1227 litteras
733 1198 840 1226 reddit.
876 1198 930 1231 Qui
941 1197 1066 1234 quidem

235 1244 318 1281 quali
333 1244 504 1281 implicatus
519 1244 556 1272 sit
570 1243 786 1279 negotio,ipse,
803 1242 827 1270 si
842 1242 935 1270 modo
946 1245 1066 1278 tempus

232 1289 377 1318 idoneum
392 1289 593 1324 nanciscatur,
611 1288 749 1323 gravitati
763 1290 821 1316 tum
832 1287 975 1315 narrabit.
994 1288 1065 1320 Quae

233 1337 337 1363 autem
352 1343 370 1363 a
388 1343 436 1362 me
450 1334 508 1362 dici
522 1342 578 1370 par
592 1335 646 1367 est,
665 1333 728 1360 haec
743 1334 812 1360 sunt
828 1341 835 1360 :
848 1340 910 1360 non
925 1332 1065 1360 commit-

232 1378 358 1406 tendum
372 1386 437 1406 esse
452 1380 484 1405 ut
498 1377 553 1405 viri
568 1385 660 1406 causa
673 1377 891 1413 detorqueatur
903 1385 910 1410 ;
924 1378 977 1404 aut
992 1376 1066 1412 quia

231 1423 318 1451 multi
333 1422 364 1450 in
379 1422 577 1451 atrocissimis
600 1421 763 1449 sceleribus
791 1420 973 1457 deprehensi
997 1423 1067 1449 sunt

232 1467 264 1496 in
285 1476 356 1495 eum
389 1467 455 1495 hinc
478 1466 645 1495 multorum
671 1465 804 1501 suspicio
830 1465 995 1500 redundet;
1012 1464 1067 1493 sed

230 1512 382 1548 judicium
399 1512 425 1539 ei
445 1511 673 1540 concedendum
693 1518 770 1544 esse,
787 1512 816 1538 et
830 1509 861 1538 in
878 1509 957 1537 illius
970 1509 1066 1538 vitam

1446 876 1602 914 Ἀϐουργίῳ.

1159 930 1271 960 Πολλοὺς
1284 928 1346 956 οἶδα
1364 930 1488 962 πολλάκις
1501 933 1643 962 συστήσας
1662 934 1693 967 τῇ
1710 932 1846 967 τιμιοτητί
1862 939 1922 966 σου,

1122 978 1166 1001 καὶ
1199 977 1334 1011 γενόμενος
1349 974 1391 1001 ἐπὶ
1418 978 1550 1012 μεγίστων
1569 979 1666 1012 καιρῶν
1679 977 1816 1012 χρήσιμος
1831 975 1926 1006 ἱκανῶς

1121 1023 1176 1051 τοῖς
1209 1021 1454 1056 καταπονουμένοις.
1476 1020 1514 1046 Οὐ
1547 1022 1598 1056 μὴν
1631 1021 1785 1057 τιμιὼτερον
1799 1029 1828 1056 γε
1849 1018 1924 1056 ἔμοι,

1121 1063 1180 1091 οὐδ’
1215 1066 1279 1102 ὑπερ
1320 1065 1445 1100 μειζόνων
1488 1064 1677 1102 ἀγωνιζόμενον
1712 1063 1775 1092 οἶδα
1799 1066 1926 1102 πρότερον

1120 1109 1298 1146 παραπέμψας
1331 1113 1361 1146 τῇ
1400 1110 1558 1146 κοσμιότητί
1588 1113 1636 1136 σοῦ
1655 1113 1701 1136 τοῦ
1738 1110 1926 1136 ποθεινοτάταν

1120 1155 1180 1181 uio-3
1205 1153 1343 1188 Εὐσεϐίου,
1370 1158 1416 1180 τοῦ
1445 1158 1489 1180 νῦν
1504 1157 1550 1184 τὴν
1569 1154 1709 1184 ἐπιστολῆν
1720 1156 1819 1184 ταύτὴν
1838 1153 1929 1191 ἐγχει-

1120 1199 1240 1236 ρίζοντος
1270 1209 1312 1225 σοι
1336 1200 1399 1236 παρ’
1429 1201 1511 1236 ἡμῶν.
1539 1199 1586 1231 ⁸ος
1611 1203 1722 1235 ποταπῷ
1751 1201 1796 1236 μὶν
1824 1200 1928 1236 συμπέ-

1121 1244 1229 1270 πλεκται
1256 1244 1403 1280 πράγματι,
1429 1244 1517 1276 αὐτὸς,
1549 1244 1578 1270 ἂν
1607 1245 1689 1280 τύχοι
1717 1246 1787 1274 τινὸς
1819 1246 1927 1281 καιροῦ,

1122 1287 1283 1324 διηγήσεταί
1317 1299 1366 1315 σου
1394 1293 1426 1325 τῇ
1459 1291 1608 1325 σεμνότητι·
1646 1289 1663 1315 ἅ
1692 1287 1722 1315 δὲ
1749 1288 1811 1326 παρ’
1850 1288 1926 1325 ἡμῶν

1120 1332 1249 1368 λεχθῆναι
1281 1338 1409 1371 προσῆκε,
1439 1335 1524 1360 ταῦτα
1552 1333 1619 1360 ἐστι’
1668 1336 1704 1370 μὴ
1733 1335 1926 1371 παρασυρῆναῖ

1120 1379 1165 1404 τὸν
1180 1377 1276 1415 ἄνδρα,
1292 1377 1361 1415 μηδὲ
1386 1382 1423 1414 τῷ
1456 1378 1565 1410 πολλοὺς
1582 1380 1721 1415 πεφηνέναι
1736 1379 1795 1409 τοὺς
1810 1377 1852 1405 ἐπὶ
1865 1380 1927 1409 ταῖς

1120 1422 1322 1458 χαλεπωτάταις
1350 1423 1389 1459 (9)
1426 1423 1553 1460 πράξεσιν
1581 1422 1740 1460 ἑαλωκότας,
1771 1425 1816 1450 καὶ
1844 1422 1926 1449 αὐτόν

1120 1476 1147 1492 τι
1184 1471 1230 1497 τῆς
1257 1472 1307 1493 τῶν
1335 1467 1434 1493 πολλῶν
1467 1468 1587 1498 ὑπονοίας
1619 1467 1834 1504 παραπολαῦσαί’
1859 1465 1927 1494 ἀλλᾶ

1121 1515 1213 1547 τυχεῖν
1253 1510 1439 1549 δικαστηρίου,
1471 1514 1517 1538 καὶ
1545 1512 1579 1543 εἰς
1611 1511 1727 1544 ἐξέτασιν
1767 1511 1846 1538 αὐτοῦ
1880 1512 1927 1538 τὸν

232 1556 461 1593 inquirendum.
476 1557 519 1584 Ita
529 1555 610 1584 enim
623 1554 764 1583 facillime
786 1554 941 1582 calumnia
967 1554 1066 1582 mani-

1122 1555 1182 1591 βίον
1204 1556 1333 1592 ἀχθῆναι.
1351 1556 1448 1592 Ῥᾁστα
1475 1558 1526 1594 γὰρ
1553 1557 1620 1583 οὕτω
1644 1559 1689 1584 καὶ
1712 1557 1727 1586 ἡ
1763 1558 1927 1593 συκοφαντία

232 1601 311 1629 festa.
319 1600 379 1634 ﬁet,
397 1609 432 1629 ac
444 1600 490 1628 vir
500 1600 548 1628 ille
557 1599 762 1635 justissimum
777 1598 981 1635 patrocinium
995 1606 1067 1627 nac-

233 1647 296 1679 tus,
311 1647 475 1681 perpetuus
485 1645 540 1673 erit
553 1643 691 1672 beneﬁcii
706 1651 725 1672 a
740 1645 792 1672 tua
808 1642 998 1672 humanitate
1019 1651 1066 1672 ac-

235 1690 314 1727 cepti
332 1697 442 1727 prisco.

486 1734 657 1762 EPISTOLA
671 1735 827 1762 CLXXIX“.

1122 1601 1219 1637 φανερὰ
1248 1603 1397 1636 γενήσεται,
1428 1604 1473 1628 καὶ
1501 1602 1514 1628 ὁ
1549 1602 1613 1638 ἀνὴρ
1637 1604 1728 1638 τυχών
1756 1605 1804 1632 τῆς
1819 1599 1926 1627 δικαιο-

1121 1645 1201 1675 τατης
1229 1648 1395 1681 προστασίας
1415 1646 1500 1684 κήρυξ
1526 1647 1601 1673 ἔσται
1631 1644 1816 1678 ὃιηνεκὴςτῶι
1835 1645 1926 1683 ὑπηρ-

1122 1691 1222 1726 γμένων
1237 1690 1307 1726 αὐτῷ
1322 1691 1394 1728 παρά
1413 1694 1460 1722 τῆς
1478 1694 1525 1721 σῆς
1544 1692 1716 1728 ἡμερότητος.

1386 1738 1550 1763 ΕΠΙΣΤΟΔΗ
1566 1735 1652 1764 ΡΟΘ’.

500 1796 696 1826 Commendat
711 1797 851 1826 Basilius
867 1796 1014 1825 hominem
1028 1796 1115 1833 gravi
1129 1797 1285 1827 calumnia
1295 1798 1327 1826 in
1342 1798 1494 1834 judicium
1511 1802 1651 1827 vocatum

573 1859 742 1887 Arintha’o.

273 1914 414 1944 Libertati
428 1914 561 1943 amicum
575 1916 603 1942 te
619 1922 686 1942 esse
701 1916 730 1942 et
745 1913 969 1950 perhumanum
994 1913 1067 1942 satis

235 1967 293 1989 nos
308 1960 417 1988 docent
432 1961 461 1987 et
471 1966 619 1995 generosa
631 1958 794 1992 indoles,et
805 1958 889 1995 quod
896 1960 923 1986 te
930 1966 1067 1987 commu-

234 2011 307 2033 nem
320 2003 463 2032 omnibus
473 2002 603 2039 prrebes.
617 2004 807 2040 Quapropter
819 2003 948 2031 ﬁdenter
960 2002 1067 2039 depre-

237 2050 370 2077 catorem
380 2056 429 2075 me
443 2047 563 2084 praebeo
573 2055 628 2083 pro
639 2047 704 2075 viro
713 2055 750 2075 ex
762 2047 854 2082 longa
871 2047 995 2083 quidem
1002 2055 1068 2075 ma-

234 2094 337 2130 jorum
351 2092 426 2120 serie
437 2091 528 2125 claro,
545 2091 598 2119 sed
613 2099 666 2127 per
675 2099 706 2120 se
717 2091 827 2127 majori
840 2091 955 2120 honore
975 2099 1011 2119 ac
1023 2099 1069 2119 re-

1442 1861 1593 1898 Ἀρινθαιῳ.

1158 1906 1209 1931 Καὶ
1240 1904 1413 1943 φιλελεύθερον
1441 1915 1471 1932 σε
1499 1905 1564 1932 εἶναι
1589 1907 1634 1932 καὶ
1661 1905 1840 1946 φιλάνθρωπον
1853 1907 1882 1933 τό
1897 1915 1926 1934 τι

1122 1953 1169 1981 τῆς
1184 1951 1285 1986 φύσεως
1313 1951 1410 1987 εὐγενὲς
1433 1953 1478 1977 καὶ
1505 1952 1534 1977 τὸ
1559 1952 1623 1987 πρὸς
1649 1952 1748 1982 πάντας
1775 1952 1926 1978 κοινωνικὸν

1124 1996 1218 2026 ἱκανῶς
1247 1996 1315 2032 ἡμᾶς
1342 1993 1509 2023 ἐκδιδάσκει.
1544 1997 1587 2022 Διὸ
1615 1995 1778 2033 θαρρούντως
1791 1996 1848 2032 (10)
1863 2005 1925 2033 πρε-

1124 2041 1248 2078 σϐεῦομεν
1293 2041 1357 2078 ὑπὲρ
1396 2039 1489 2078 ἀνδρὸς
1521 2040 1642 2078 λαμπροῦ
1670 2042 1715 2077 μὲν
1747 2041 1844 2067 ἄνωθεν
1880 2043 1928 2068 καὶ

1124 2086 1151 2113 ἐκ
1177 2087 1310 2123 προγόνων
1338 2087 1407 2121 (Η),
1428 2085 1543 2116 πλείονος
1567 2083 1597 2112 δὲ
1625 2084 1661 2112 δι’
1687 2085 1778 2112 ἑαυτὸν
1789 2087 1928 2122 τιμῆςκαὶ

1125 2130 1216 2162 αἰδοῦς
1242 2130 1316 2162 ἀξίου
1340 2128 1387 2157 διὰ
1414 2133 1461 2160 τὴν
1486 2129 1687 2169 ἐνυπάρχουσαν
1713 2130 1784 2167 αὐτῷ
1797 2135 1848 2157 τῶν
1867 2131 1929 2168 τρό-

1124 2187 1179 2204 πων
1211 2177 1371 2213 ἡμερότητα·
1402 2177 1470 2203 ὦο-τε
1500 2185 1529 2202 σε
1557 2175 1758 2212 παρακληθέντα
1780 2175 1823 2212 ὑφ’
1852 2175 1927 2212 ἡμῶν

1125 2226 1296 2261 παραστῆναι
1322 2221 1393 2256 αὐτῷ
1423 2220 1606 2257 ἀγωνιζομένῳ
1627 2218 1718 2255 δίκην,
1746 2223 1792 2251 τῆς
1807 2219 1854 2257 μὲν
1876 2217 1927 2250 ἄλη

234 2137 369 2166 verentia
381 2136 474 2171 digno
489 2136 529 2164 ob
543 2136 666 2164 insitam
679 2144 799 2164 morum
823 2136 1003 2164 suavitatem
1017 2145 1024 2170 ;
1037 2137 1070 2164 ut
1085 2156 1107 2182 Β

235 2190 305 2211 meo
318 2183 427 2218 rogatu
450 2188 540 2217 opem
559 2180 601 2208 illi
622 2180 712 2214 feras,
733 2180 884 2216 judicium
910 2180 1070 2208 sustinenti

234 2226 300 2256 leve
309 2226 385 2255 illud
400 2225 525 2263 quidem
535 2227 564 2254 et
571 2225 840 2260 contemnendum,
849 2225 874 2253 si
886 2225 995 2253 veritas
1001 2232 1070 2262 spe-

1119 2321 1189 2341 rum
1199 2312 1347 2347 conjecta,
1368 2317 1580 2347 percussorum
1603 2309 1747 2347 dexteras
1772 2309 1926 2347 fatigavit,

1119 2345 1277 2377 tormentis
1306 2350 1334 2376 et
1361 2345 1485 2377 plumbo
1514 2348 1542 2374 et
1561 2345 1732 2374 verberibus
1752 2348 1824 2374 ante
1847 2345 1927 2375 debi-

1120 2386 1210 2413 litata
1228 2393 1235 2412 :
1251 2386 1463 2418 sumptumque
1476 2384 1522 2418 est
1534 2381 1571 2409 de
1587 2381 1767 2418 quibusdam
1788 2380 1916 2418 sinejpc'

1119 2423 1258 2449 ramento
1270 2417 1323 2447 vel,
1332 2417 1419 2446 mora
1432 2417 1625 2453 supplicium,
1640 2417 1712 2445 dum
1722 2417 1923 2453 quieriter

1117 2447 1198 2484 sumi
1206 2455 1349 2492 deberet:
1364 2457 1392 2482 et
1405 2447 1596 2492 utpeE-udum
1618 2447 1736 2492 ubique‘
1749 2447 1923 2492 tritam-

1118 2491 1312 2520 cernebatur.
1327 2487 1611 2517 Rerum’crudeliter
1626 2487 1781 2524 gestarum
1795 2523 1798 2524 ν
1814 2487 1923 2524 seriem

1119 2530 1149 2556 et
1171 2526 1281 2567 modos
1305 2527 1446 2567 accurate
1479 2522 1856 2567 describit—idemfcripto
1868 2522 1923 2567 lib,

1119 2571 1197 2603 xsix,
1217 2570 1244 2590 c.
1263 2564 1274 2590 ί
1288 2561 1463 2602 θι2κΜθτ1ιο
1478 2568 1551 2596 ergo
1565 2560 1721 2602 metuebat
1733 2560 1870 2594 Basilius,
1884 2566 1925 2588 ne

1118 2597 1168 2638 his
1179 2597 1339 2638 calumniis
1354 2597 1527 2638 implicatus
1542 2597 1691 2638 Eusebius
1702 2603 1814 2633 parum
1828 2595 1924 2633 habe-

1118 2637 1163 2662 ret
1176 2633 1208 2662 in
1223 2641 1279 2661 sua.
1290 2631 1462 2661 innocentia
1474 2631 1617 2668 praesidii,

1154 2670 1212 2705 (ιο)
1230 2668 1409 2707 Θαῤῥούντως.
1424 2665 1494 2697 Τιιέε
1508 2667 1689 2697 recentiores
1717 2666 1839 2696 codices
1859 2665 1925 2703 θιρ-

1126 2706 1236 2736 Ξοῦντες.

1119 2716 1315 2779 milia}:
1324 2742 1467 2779 προγόνων.
1481 2739 1659 2777 Coniunctio
1670 2738 1775 2770 addita
1786 2746 1824 2769 ex
1833 2737 1925 2769 Coill.

1118 2777 1219 2814 primo
1234 2778 1264 2807 et
1272 2776 1352 2807 Harl;

272 2318 281 2328 '
292 2315 372 2344 Alias
386 2315 506 2344 CCCLX.
521 2314 637 2350 Scripta
651 2322 732 2342 anno
749 2316 813 2342 374.

271 2352 295 2365 "'
304 2352 386 2380 Alias
402 2351 564 2379 CCCLXXX.
577 2350 694 2385 Scripta
707 2358 789 2378 anno
803 2350 865 2378 374.

327 2388 470 2426 ςιξυγέάνει.
485 2387 535 2426 _Sic
550 2388 706 2426 m_ss.octo.
718 2385 793 2413 Editi
808 2386 963 2426 τυγχανειν.

273 2397 312 2422 (0)
327 2397 376 2414 'l'U'
385 2397 470 2423 χανει.
489 2397 535 2415 διο
550 2397 706 2414 11155.υυιυ.
718 2397 793 2413 nutu
808 2397 840 2412 τυ
859 2397 963 2426 χανειν.

272 2423 311 2463 (7)
327 2397 459 2463 uiaret?
476 2422 551 2463 Ante
571 2422 661 2463 hanc
688 2428 793 2463 vocem
817 2397 887 2463 etilli
907 2422 1066 2463 apponunt

235 2457 321 2495 ἡμῶν,
336 2457 422 2495 quod
431 2458 515 2495 deest
526 2457 663 2495 inrtribus
672 2457 885 2495 vetustissimis
897 2457 1064 2495 codicibus.

273 2495 314 2528 (8)
339 2491 607 2529 'Emauxeemeat.
628 2494 671 2529 Ita
687 2493 766 2529 Harl.
781 2493 888 2529 codex,
900 2493 948 2521 cui
964 2493 1066 2529 favent

236 2536 290 2557 sex
306 2527 376 2560 alii,
402 2527 568 2565 in'quibus
593 2528 703 2563 legitur
730 2527 959 2565 ἐπιδειχθήσεται.
989 2527 1066 2557 Editi

237 2562 437 2591 ἕπιδειγθῆναι.

250 2568 437 2600 πιδειχθῆναι.

273 2600 312 2636 (9)
324 2598 386 2627 Ἒπὶ
399 2603 457 2631 ταῖς
465 2599 675 2636 χαλεπωτάτης.
687 2599 803 2628 Iudicat
828 2599 957 2628 Basilius
970 2598 1066 2628 horri-

236 2635 330 2664 bilem
343 2635 635 2672 illamtragtediam,
649 2644 717 2672 quae
728 2636 785 2672 sub
799 2636 921 2672 Valente
936 2636 1064 2670 actaest,

236 2679 307 2700 cum
335 2670 516 2708 deprehensi
537 2670 669 2708 fuissent
685 2671 738 2708 qui
751 2671 789 2699 de
809 2671 889 2699 illius
908 2678 1064 2708 successo-

235 2714 269 2735 re
290 2714 344 2742 per
370 2709 465 2735 sortes
490 2706 705 2742 inquisierantf
728 2708 809 2734 Tunc
843 2707 976 2735 omnium
999 2708 1065 2742 fere

235 2741 377 2778 ordinum
386 2741 560 2777 multitudo,
568 2749 659 2778 quam
673 2743 852 2771 nominatim
860 2745 1063 2771 recensereest

236 2777 368 2808 arduum
381 2778 480 2815 inquit
490 2777 682 2814 Ammianus,
702 2779 734 2807 in
751 2778 863 2814 plagas
890 2778 1063 2809 calumnia-
