2076 3189
156 193 211 221 657

158 254 228 284 θείας
265 252 348 280 ἕνεκεν
388 252 445 290 (12)
482 251 714 289 ιῦκαταφρόνητον,
757 251 894 288 ἐναγώνιον
931 251 951 279 6“

1014 255 1120 288 ctetur,
1135 255 1189 283 sed
1213 255 1326 293 alioqui
1340 255 1461 285 difﬁcile
1485 258 1514 285 et
1532 256 1694 285 molestum
1709 257 1748 285 ob
1763 258 1843 286 calu-

156 298 240 330 ἄλλως
254 296 301 325 διὰ
316 299 346 324 τὸ
366 301 413 328 τῆς
432 299 606 334 συκοφαντίας
631 296 712 334 βαρύ,
728 297 835 333 Μεγάλη
862 299 913 335 γὰρ
928 298 960 324 ἂν

154 345 257 380 γένοιτο
281 341 352 378 αὖτῷ
370 341 437 379 ῥοπὴ
466 343 530 379 πρὸς
559 344 702 379 σωτηρίαν,
728 341 750 368 εἰ
768 342 960 374 χαταξιώσειάς

154 398 181 416 τι
205 388 281 426 ῥῇμα
309 386 487 424 φιλάνθρωπον
517 388 580 424 ὑπὲρ
619 386 700 413 αὐτοῦ
737 388 865 424 προέσθαι
891 388 961 423 (l3),

155 433 356 471 προηγουμένως
391 433 436 468 μὲν
470 435 507 468 τῷ
541 430 637 468 δικαίῳ
660 433 846 470 χαριζόμενος,
873 433 962 459 ἔπειτα

154 479 201 504 καὶ
214 477 278 514 ἡμῖν
302 479 356 508 τοίς
382 475 520 513 ἐξαιρέτοις
543 486 591 503 σου
617 478 664 505 τήν
691 477 791 506 συνήθη
819 479 898 513 τιμὴν
913 479 958 503 καὶ

154 523 237 561 χάριν
251 523 297 549 καὶ
309 520 334 548 ἐν
347 522 432 557 τούτῳ
448 523 635 559 χαριζόμενος.

429 569 593 593 ΕΡΙΣΤΟΛΗ
624 566 683 594 ΡΠ’.

631 189 874 219 EPISTOLARUM
894 190 1036 219 CLASSIS
1054 191 1091 219 ll.
1110 191 1218 220 EPIST.
1238 191 1373 221 CLXXXI.

1788 195 1841 223 658

1013 299 1103 327 mnize
1115 299 1348 329 vehementiam.
1365 301 1489 330 Multum
1509 302 1588 330 enim
1604 302 1645 330 illi
1665 302 1787 331 accedet
1803 302 1843 330 ad

1014 343 1144 372 salutem
1159 345 1315 379 momenti,
1331 346 1356 374 si
1379 346 1454 383 quid
1472 346 1604 382 benigne
1618 354 1674 383 pro
1693 354 1729 375 eo
1744 347 1842 376 dicere

1014 387 1158 423 digneris,
1171 389 1203 417 in
1217 390 1322 426 primis
1335 390 1366 418 id
1375 391 1386 426 j
1392 391 1436 418 uri
1452 390 1589 419 deferens
1602 399 1609 418 :
1626 391 1735 419 deinde
1751 391 1842 420 etiam

1016 435 1045 461 et
1058 433 1146 461 nobis
1157 434 1284 462 summis
1296 435 1356 463 tuis
1376 435 1482 463 amicis
1497 437 1679 464 consuetum
1693 436 1841 466 honorem

1013 479 1043 506 et
1052 477 1188 506 ofﬁcium
1203 479 1233 507 in
1247 479 1306 508 hoc
1316 488 1439 517 quoque
1454 480 1604 509 tribuens.

1227 569 1315 605 265
1327 569 1491 598 EPISTOIA
1515 570 1643 598 CLXXX'.

208 611 375 647 Sophronia
390 611 523 639 Basilius
535 611 721 640 commendat
735 611 1084 682 Eumathiumfzabtilem
1100 615 1128 641 et
1142 613 1288 641 disertum
1302 614 1400 642 virum
1415 615 1596 649 gravissima
1611 615 1786 644 calamitate

919 655 936 676 a
979 656 1004 676 ιι·
1020 655 1079 676 um.

919 655 1079 676 armatum.

278 693 412 728 Σωφρονίῳ
422 694 572 729 μαγίστρῳ,
585 692 719 729 Εὗμαθιου
731 692 824 720 ἓνεκεν.

187 735 278 774 ’Δνδρὶ
312 736 438 772 ἀξιολόγῳ
464 739 615 773 περιτυχὼν
642 738 797 773 περιστάσει
834 736 880 763 οὐκ
907 735 954 762 ἀν-

151 785 213 811 εκτῆ
242 783 407 819 κεχρημένῳ,
433 782 527 808 ἔπαθον
565 783 613 810 τὴν
638 781 741 817 ψυχήν.
769 784 800 808 Τί
826 783 877 818 γὰρ
906 783 953 807 οὐκ

151 826 265 863 έμιλλον,
304 827 437 864 ἅνθρωπος
466 826 509 862 ὢν,
561 825 687 862 ἀνθρώπῳ
727 826 848 864 ἐλευθέρῳ
889 826 953 863 παρ’

152 871 228 903 ἀξίαν
257 871 453 908 ίμπεπλεγμένω
477 871 617 908 πράγμασι
642 871 794 907 συναλγεῖν;
824 873 875 898 Καὶ
889 871 953 908 βου-

150 916 307 953 λευσάμενος
330 915 386 948 (14)
413 919 470 947 πῶς
494 915 524 941 ἂν
552 918 675 952 γενοίμην
701 916 772 951 αὐτῷ
805 919 949 952 χρήσιμος,

153 963 216 999 μίαν
239 959 313 998 εὖρον
334 960 408 987 λύσιν
432 964 480 991 τῆς
503 964 672 996 κατεχοῦσης
684 960 762 987 αὐτὸν
778 959 949 998 δυσχερείας,

151 1006 175 1033 εἰ
199 1009 232 1042 τῇ
320 1006 477 1042 κοσμιότητι
505 1008 649 1042 ποιήσαιμι
672 1008 815 1042 γνώριμον.
848 1007 894 1032 Σόν
907 1004 951 1032 οὖν

149 1052 181 1078 τὸ
194 1050 292 1088 ἰφεξῆς,
317 1052 365 1079 τὴν
393 1054 492 1077 σαυτοῦ
518 1048 650 1085 σπουδὴν,
678 1050 706 1079 ἢν
730 1050 763 1081 εἰς
782 1050 891 1081 πολλοὺς
914 1050 951 1087 ἐφ’

151 1097 215 1132 ἡμῖν
227 1095 286 1132 (15)
305 1096 436 1132 μάρτυσιν
458 1092 630 1128 ἐπιδέδειξαι,
651 1097 696 1121 καὶ
718 1095 788 1131 αὐτῷ
813 1098 953 1133 παρασχέ-

152 1141 226 1168 σθαι·
240 1141 276 1167 Τό
297 1138 328 1166 δί
346 1143 457 1177 πρᾶγμα
474 1142 598 1177 γνωρίσει
614 1141 627 1169 ὴ
645 1138 799 1166 ἐπιδοθεῐσα
817 1140 879 1178 παρ’
902 1140 952 1166 αὗ-

149 1184 198 1213 τοῦ
213 1183 306 1215 δέησις
316 1187 371 1215 τοῖς
383 1184 550 1221 βασιλεῦσιν,
568 1184 598 1214 ἦν
620 1187 665 1211 καὶ
679 1184 766 1211 λαϐεῖν
790 1185 825 1216 εἰς
848 1189 951 1222 χεῖρας,

149 1232 197 1257 καὶ
223 1229 378 1266 συμπρᾶξαι
403 1233 440 1264 τῷ
469 1227 547 1265 ἀνδρὶ
576 1230 610 1255 τὰ
635 1228 736 1256 δυνατὰ
754 1229 950 1267 παρακλὴθητι.

152 1276 205 1303 Καὶ
215 1275 268 1312 γὰρ
283 1277 436 1311 Χριστιανῷ
451 1275 553 1311 χαρίζῃ
570 1274 636 1310 (16)¹
652 1276 697 1300 καὶ
713 1274 818 1310 εὐγενεῖ,
842 1277 887 1301 καὶ
900 1273 951 1301 ἀπὸ

149 1319 229 1356 λόγου
244 1318 341 1346 πολλοῦ
356 1320 385 1345 τὸ
402 1317 541 1355 αἰδέσιμον
564 1318 727 1355 ἐπαγομένῳ.
746 1320 806 1346 Ἐὰν
822 1317 852 1345 δε
866 1329 953 1356 προσ-

152 1365 247 1401 θῶμεν,
273 1364 313 1391 ὃτι
342 1365 387 1390 καὶ
410 1364 487 1399 ἡμεῖς
516 1363 631 1400 μεγάλην
664 1362 712 1390 διὰ
740 1367 785 1394 τῆς
812 1366 846 1394 εὶς
875 1364 953 1390 αὐτόν

152 1409 273 1440 εὐποιίας
299 1407 488 1445 ὖποδεχόμεθα
513 1409 570 1444 (17)
593 1409 686 1445 χάριν,
706 1409 818 1444 πάντως³
846 1408 893 1434 κᾶν
907 1419 953 1445 μι-

152 1454 217 1491 κρὸν
246 1453 261 1490 ᾖ
288 1452 371 1485 ἄλλως
399 1455 429 1480 τὸ
456 1454 589 1490 ἡμέτερον,
604 1452 669 1479 ἀλλὰ
688 1457 734 1484 τῆς
757 1457 806 1484 σῆς
826 1455 954 1489 σεμνότη-

153 1507 199 1529 τος
212 1498 266 1531 (l8)
283 1496 322 1524 ἀεὶ
342 1497 366 1524 ἔν
390 1497 457 1534 λόγῳ
479 1499 613 1524 ποιεῖσθαι
639 1499 671 1524 τὰ
694 1497 752 1524 καθ’
775 1499 845 1534 ἡμᾶς
860 1497 954 1534 ἀνεχο-

152 1543 238 1580 μένης,
252 1541 283 1569 οὐ
295 1544 390 1581 μικρὸν
406 1546 523 1579 φανεῖται
537 1544 567 1568 τὸ
582 1543 713 1580 χαρισθὲν
726 1544 799 1580 ἡμῖν.

426 1590 596 1614 ΕΠΙΣΤΟΛΗ
615 1587 689 1614 ΡΠΑ¹

1069 693 1241 727 Sophronia
1258 694 1412 729 magistro,
1429 695 1460 722 in
1476 695 1782 730 Eumathz’igratiam.

1045 739 1077 765 ln
1090 738 1245 773 egregium
1267 739 1366 766 virum
1388 747 1457 767 cum
1481 739 1653 767 incidissem
1668 740 1838 768 calamitate

1008 782 1188 812 intolerabili
1200 784 1355 819 afﬂictum,
1370 785 1507 812 animum
1521 784 1631 813 invasit
1644 784 1741 813 dolor.
1758 786 1837 818 Quo-

1008 828 1101 856 modo
1126 830 1207 857 enim
1229 829 1406 865 potuissem,
1424 838 1493 857 cum
1510 837 1568 857 sim
1586 830 1690 864 homo,
1704 830 1836 858 hominis

1008 871 1131 907 ingenui
1142 877 1248 910 praeter
1263 875 1399 902 meritum
1420 875 1548 909 negotiis
1571 874 1718 910 implicati
1732 874 1836 903 dolore

1007 924 1069 945 non
1085 918 1222 946 moveri?
1233 920 1347 946 Mecum
1362 921 1464 947 autem
1476 922 1622 955 reputans
1637 919 1794 955 quomodo
1809 919 1836 947 ei

1006 962 1152 999 prodesse
1162 971 1295 999 possem,
1305 971 1399 991 unam
1412 964 1514 992 inveni
1526 964 1672 992 molestim
1685 964 1770 992 illum
1785 964 1837 992 de-

1007 1007 1128 1035 tinentis
1140 1008 1331 1042 solutionem,
1344 1008 1368 1036 si
1377 1017 1446 1036 eum
1457 1011 1515 1037 tua;
1526 1009 1663 1044 dignitati
1676 1012 1782 1037 notum
1793 1009 1835 1037 fa-

1008 1060 1117 1081 cerem.
1133 1054 1199 1081 Jam
1215 1055 1316 1082 autem
1330 1055 1415 1081 tuum
1429 1056 1483 1087 est,
1499 1054 1579 1081 idem
1593 1053 1736 1085 studium.
1751 1054 1835 1090 quod

1007 1097 1038 1125 in
1053 1098 1174 1132 multos,
1188 1098 1277 1126 nobis
1293 1098 1428 1133 testibus,
1444 1098 1612 1134 ostendisti,
1631 1098 1701 1126 huic
1711 1106 1835 1134 quoque

1008 1142 1160 1170 exhibere.
1183 1144 1255 1171 Rem
1277 1145 1379 1171 autem
1401 1143 1553 1178 cognitam
1563 1143 1651 1171 faciet
1661 1143 1787 1179 supplex
1802 1143 1836 1171 li-

1006 1186 1104 1214 bellus
1118 1187 1157 1214 ab
1172 1195 1208 1215 eo
1227 1187 1461 1223 imperatoribus
1475 1187 1602 1215 traditus
1619 1196 1625 1215 :
1640 1195 1731 1223 quem
1744 1187 1836 1216 velim

1007 1232 1037 1258 et
1064 1230 1095 1258 in
1124 1239 1236 1258 manus
1262 1239 1378 1266 sumas,
1394 1233 1423 1259 et
1441 1238 1497 1267 pro
1517 1231 1593 1259 virili
1608 1231 1688 1259 adsis
1701 1231 1830 1260 homini.

1009 1276 1092 1303 Certe
1114 1276 1195 1303 enim
1214 1275 1244 1303 in
1270 1275 1473 1303 Christianum
1487 1275 1642 1303 beneficus
1657 1275 1725 1309 eris,
1742 1277 1770 1302 et
1783 1282 1836 1302 no-

1007 1319 1111 1354 bilem,
1118 1322 1145 1347 et
1157 1319 1196 1347 ob
1202 1320 1331 1348 multam
1343 1320 1512 1348 doctrinam
1519 1319 1736 1347 venerandum.
1749 1318 1836 1352 Quod

1008 1363 1034 1392 si
1044 1363 1213 1392 addiderim
1233 1367 1260 1393 te
1276 1365 1460 1393 conferendo
1480 1364 1510 1392 in
1524 1372 1593 1392 eum
1605 1364 1753 1392 beneﬁcio
1772 1371 1836 1391 ma-

1008 1417 1101 1444 gnam
1116 1409 1200 1446 apud
1210 1418 1266 1438 nos
1276 1418 1398 1446 quoque
1411 1410 1486 1438 inire
1493 1409 1717 1445 gratiam,certe
1729 1416 1836 1445 quam-

1007 1454 1054 1482 vis
1068 1462 1117 1482 res
1132 1463 1207 1483 meae
1222 1455 1308 1490 parvi
1323 1455 1381 1482 sint
1396 1454 1492 1491 pretii,
1507 1457 1558 1482 tua
1573 1457 1674 1482 tamen
1689 1453 1835 1488 gravitate

1008 1506 1113 1527 earum
1127 1507 1246 1536 semper
1261 1500 1409 1527 rationem
1430 1499 1543 1527 habere
1565 1507 1626 1527 non
1639 1498 1834 1532 dedignante,

1008 1551 1070 1572 non
1097 1552 1225 1580 parvum
1252 1544 1403 1572 videbitur
1427 1544 1510 1580 quod
1537 1543 1611 1571 mihi
1639 1545 1758 1579 gratum
1773 1542 1832 1570 ﬁet.

1246 1590 1415 1618 EPISTULA
1440 1588 1585 1617 CLXXXI"

147 1631 246 1669 Rogat
261 1632 395 1670 Otreimgz
421 1632 554 1670 Basilius
569 1634 604 1670 ut
627 1640 688 1670 sese
710 1632 835 1670 inpicem
857 1632 1051 1661 consolentur
1065 1642 1077 1669 ,'
1099 1635 1154 1662 iste
1173 1634 1292 1670 quidem
1314 1641 1380 1668 qua:
1395 1634 1557 1661 Samosatis
1575 1633 1777 1670 perferentur,
1793 1631 1835 1661 ad

363 1668 514 1696 Basiliam
529 1668 686 1697 scribendo
699 1676 711 1697 :
730 1669 864 1697 Basilius
874 1676 955 1704 vero,
968 1676 1035 1704 quae
1044 1677 1083 1698 ex
1100 1668 1232 1699 Thracia
1247 1669 1396 1703 didicerit,
1413 1671 1441 1697 ei
1451 1669 1620 1697 nuntiando

408 1711 520 1750 Ὀτρηίῳ
535 1712 665 1742 Μελητίνη
672 1723 692 1744 ς.

184 1756 266 1792 οἶδα,
287 1757 327 1784 ὃτι
347 1759 393 1784 καὶ
418 1761 467 1789 τῆς
492 1762 541 1788 σῆς
557 1757 690 1788 εὐλαϐείας
718 1761 844 1784 τοσοῦτον
872 1759 951 1785 ἄπτε-

147 1812 193 1830 ται
217 1805 234 1829 ὅ
250 1804 391 1840 χωρισμός
417 1807 462 1829 τοῦ
496 1802 696 1838 θεοφιλεστάτου
725 1802 871 1829 ἐπισκόπου
905 1802 950 1829 Εὐ-

149 1847 249 1879 σεϐίου,
273 1848 334 1874 ὅσον
357 1849 402 1873 καὶ
426 1848 498 1883 ἡμῶν
528 1847 623 1875 αὐτῶν.
658 1847 729 1875 Ἐπεὶ
753 1845 797 1874 οὖν
811 1847 950 1884 ἀμφότεροι

147 1892 296 1930 χρῇζομιν”
325 1891 523 1929 παρακλήσεως,
549 1892 666 1922 ἀλλήλοις
703 1893 836 1929 γενώμεθα
863 1902 950 1930 παρα-

147 1937 306 1974 μυθία-Καὶ
331 1937 364 1963 σύ
389 1946 417 1963 τε
441 1937 503 1973 ἡμῖν
530 1936 663 1963 ἐπίστελλε
674 1936 708 1963 τὰ
730 1936 758 1963 ἐκ
780 1938 949 1973 Σαμοσάτων,

147 1983 222 2020 ἡμεῖς
240 1991 268 2009 τι
292 1981 357 2019 οἷπερ
384 1982 415 2008 οἶν
433 1983 555 2018 μάθωμεν
582 1981 632 2008 ἀπὸ
650 1986 698 2012 τῆς
724 1983 842 2019 Θρᾴκης,
865 1981 950 2018 ἀπαγ-

146 2026 282 2064 γελοῦμεν.
295 2028 367 2065 Φέρει
381 2027 432 2063 γὰρ
447 2026 504 2063 ἐμοὶ
516 2027 563 2063 μὲν
577 2028 607 2053 τὸ
622 2029 759 2062 γινώσκειν
772 2030 818 2053 τοῦ
828 2026 892 2053 λαοῦ
902 2028 950 2056 τὴν

148 2071 271 2099 ἲνστασιν
284 2072 314 2099 οὗ
324 2073 420 2109 μικρὰν
429 2072 565 2109 ῥᾳστώνην
576 2071 603 2098 ἐκ
615 2076 665 2098 τῶν
677 2074 809 2109 παρόντων
816 2072 947 2108 λυπηρῶν,

147 2120 180 2154 τῇ
202 2114 232 2143 δί
261 2121 294 2154 σῇ
319 2118 486 2154 χρηστότητι
510 2118 540 2143 τὸ
565 2114 744 2143 διδάσκεσθαι
768 2116 792 2143 ἐν
813 2117 852 2148 οἷς
878 2116 949 2143 ἐστιν

146 2161 162 2188 ὁ
187 2162 273 2193 κοινὸς
284 2161 359 2198 ἡμῶν
381 2163 481 2199 πατήρ.
498 2160 599 2198 ⁷Δμε¹λει
624 2163 668 2187 καὶ
692 2165 736 2188 νῦν
762 2161 791 2188 οὐ
807 2164 949 2198 γρήμμασι

149 2209 286 2242 σημαίνειν
312 2207 419 2242 ἔχομεν·
435 2204 489 2231 ἀλλ’
514 2206 592 2232 αὐτὸν
607 2208 810 2243 παρεστήσαμέν
835 2216 877 2233 σοι
904 2208 948 2233 τὸν

149 2248 263 2286 ἀκριϐῶς
276 2248 367 2277 εἰδότα
376 2252 422 2276 καὶ
437 2249 631 2286 ἀπαγγέλλοντα
647 2250 704 2286 (19)
720 2250 744 2276 ὲν
760 2251 798 2281 οἷς
810 2250 888 2277 αὐτόν
903 2260 949 2277 κα-

147 2293 245 2329 τίλιπι,
260 2296 305 2321 καὶ
327 2294 396 2326 ὅπως
422 2296 467 2321 καὶ
493 2296 602 2331 φέροντα
616 2294 669 2330 (20)
695 2296 729 2321 τὰ
753 2297 946 2331 συμπίπτοντα.

147 2339 239 2375 Εὗχου
253 2340 338 2366 τοίνυν
348 2341 393 2366 καὶ
406 2340 470 2377 ὑπὲρ
483 2339 575 2373 αὐτοῦ,
584 2341 629 2365 καὶ
643 2340 706 2377 ὑπὲρ
719 2340 802 2375 ἡμῶν,
815 2340 879 2366 ἰναὸ
897 2341 948 2367 Κύ-

145 2393 203 2421 ριος
216 2387 327 2421 ταχεῖαν
353 2383 476 2421 ἀπαγάγῃ
506 2388 556 2411 τῶν
572 2383 662 2411 δεινῶν
681 2385 778 2411 τούτων
792 2386 836 2414 τὴν
859 2384 945 2414 λύσιν.

196 2448 230 2475 l2
242 2445 353 2475 Ἕνεκενε
367 2448 410 2475 lta
424 2454 477 2474 sex
486 2454 561 2475 mss.
577 2446 653 2475 Editi
668 2447 749 2474 ἕνεκα.

262 2483 405 2526 ιὲροέσθαιί
417 2483 460 2510 Ita
473 2490 627 2526 mistusex.
644 2482 719 2526 Ιξιῴίί
731 2484 880 2526 προίεσθαι.

183 2517 241 2554 (14)
266 2517 486 2555 Βόυλευσάμενος.
508 2518 585 2547 Editi
623 2517 756 2548 addunt"
784 2519 838 2555 οὖν,
864 2519 949 2556 quod

147 2551 238 2582 abest
245 2560 265 2582 ο.
273 2561 386 2582 novem
398 2551 472 2582 mss.

148 2589 240 2654 angi):
469 2589 542 2618 Med.
554 2590 584 2618 et
594 2589 680 2619 Coisl.
698 2592 724 2626 l,
735 2589 843 2619 melius
852 2598 949 2627 quam

331 2636 366 2654 υφ
406 2636 436 2654 μι
453 2636 460 2643 ⁸

182 2625 200 2652 ii
209 2626 239 2653 et
247 2625 320 2654 editi
331 2625 373 2662 ὕφ’
387 2626 460 2662 ἡμῖν’
861 2625 874 2627 “

182 2660 380 2702 μϐλξαρξζη.
406 2662 449 2689 Ita
465 2660 562 2702 ‘Coisl.
583 2660 702 2702 primus
725 2669 797 2702 cum
819 2663 949 2698 quatuor

361 2696 500 2738 secunda
507 2695 611 2725 manu.
622 2696 698 2724 Editi
712 2695 839 2738 χειρίς-ιι..
869 2733 874 2738 1

185 2730 388 2776 (ιηίγτοδιχά
410 2733 467 2774 fila.
479 2734 524 2760 ita
544 2740 618 2775 mss.
643 2730 814 2762 sexﬁ'Cbisl.
829 2733 948 2770 primus

150 2764 349 2797 mamma.
363 2743 440 2797 Εὲιιι
454 2766 645 2797 ἀποδεξόμεθα.

186 2768 235 2799 οδε
258 2768 440 2805 όμιθαέΕᾶὶιὶ
454 2768 645 2805 ἀποδεξόμεθα.
830 2768 841 2770 ⁷

338 2807 389 2836 σῆς
405 2806 580 2847 ’σιμνότητοςι
602 2803 656 2847 δίο.
672 2804 748 2847 tres“
756 2804 952 2847 vetustissimi

151 2836 284 2875 codices,
299 2840 328 2869 et
340 2836 448 2877 paulo'
458 2842 530 2877 post
543 2839 712 2877 ἀνεχομένης.
728 2839 800 2874 Quae
825 2839 952 2877 quidem

4 3022 96 3182 is

1282 1715 1381 1742 Otreio
1396 1714 1558 1742 Meletz’nes.

1041 1758 1244 1794 Haudjgnoro
1250 1760 1334 1786 tuam
1341 1758 1483 1794 pietatem
1490 1757 1681 1794 separatione
1688 1764 1723 1785 ac
1729 1755 1833 1785 exsilio

1006 1803 1123 1832 Eusebii
1139 1803 1273 1840 episcopi
1292 1802 1509 1838 religiosissimi
1525 1805 1587 1830 tam
1603 1801 1726 1836 moveri,
1739 1809 1833 1837 quam

1005 1849 1228 1885 memetipsum.
1241 1849 1314 1876 Cum
1324 1848 1426 1884 itaque
1435 1850 1559 1883 uterque
1568 1847 1757 1882 indigeamus
1764 1853 1833 1874 con-

1005 1893 1163 1928 solatione,
1176 1893 1271 1921 simus
1293 1886 1371 1920 alter
1393 1892 1477 1920 alteri
1506 1891 1622 1919 solatio.
1639 1892 1673 1919 Et
1686 1893 1718 1918 tu
1734 1890 1832 1918 scribe

1003 1938 1171 1974 nobis§quae
1180 1937 1345 1966 Samosatis
1353 1936 1393 1965 ad
1403 1938 1430 1965 te
1445 1935 1641 1973 perferentur,
1655 1937 1682 1964 et
1697 1942 1753 1970 ego
1763 1942 1832 1971 quae

1005 1990 1042 2011 ex
1055 1982 1180 2010 Thracia
1194 1981 1338 2013 didicero,
1350 1981 1507 2009 nuntiabo.
1522 1982 1597 2009 Nam
1612 1987 1667 2008 nec
1682 1980 1765 2013 mihi,
1780 1987 1833 2016 po-

1003 2027 1068 2064 puli
1074 2026 1273 2055 constantiam
1280 2033 1470 2061 cognoscere,
1483 2033 1609 2062 parvam
1616 2024 1702 2053 affert
1713 2032 1749 2052 ex
1758 2032 1834 2061 prie-

1005 2071 1139 2101 sentibus
1154 2071 1298 2099 molestiis
1311 2070 1532 2102 allevationem,
1550 2078 1605 2098 nec
1616 2070 1679 2101 tibi,
1695 2070 1733 2097 de
1746 2077 1831 2097 com-

1004 2117 1106 2145 munis
1122 2116 1216 2153 patris
1225 2115 1320 2143 nostri
1334 2115 1424 2144 rebus
1439 2115 1567 2143 edoceri.
1582 2116 1666 2143 Nunc
1682 2122 1755 2142 sane
1769 2121 1832 2142 non

1003 2170 1167 2200 possumus
1182 2161 1247 2189 haec
1261 2160 1447 2197 perscribere
1461 2169 1470 2188 :
1484 2160 1538 2188 sed
1550 2159 1604 2188 tibi
1618 2159 1764 2192 sistimus,
1778 2158 1832 2194 qui

1004 2215 1040 2235 ea
1050 2208 1189 2235 accurate
1204 2205 1296 2238 novit,
1308 2207 1338 2233 et
1354 2205 1491 2234 narrabit
1504 2212 1565 2241 quo
1584 2204 1615 2232 in
1634 2206 1714 2232 statu
1728 2203 1830 2239 ipsum

1002 2250 1164 2288 reliquerit,
1180 2252 1210 2279 et
1235 2258 1296 2286 quo
1321 2250 1424 2278 animo
1447 2256 1597 2277 aerumnas
1618 2248 1830 2285 perferentem.

1002 2297 1126 2325 Precare
1150 2295 1241 2330 igitur
1254 2296 1284 2323 et
1296 2301 1352 2331 pro
1377 2294 1444 2330 ipso
1457 2296 1486 2322 et
1498 2301 1553 2330 pro
1568 2301 1628 2327 me,
1637 2295 1671 2321 ut
1684 2291 1830 2320 Dominus

1003 2348 1097 2378 quam
1108 2339 1263 2369 celerrime
1281 2339 1320 2368 ab
1335 2338 1383 2368 his
1397 2346 1454 2367 nos
1470 2337 1617 2374 angustiis
1627 2337 1740 2366 liberet.

960 2449 982 2476 D
999 2448 1158 2485 scriptura,
1180 2455 1250 2485 cum
1279 2454 1333 2483 per
1348 2453 1379 2485 se
1402 2445 1478 2485 nihil
1498 2443 1680 2485 habeatvitii
1695 2431 1723 2472 et
1740 2445 1829 2485 tanta

1002 2480 1180 2512 auctoritate
1191 2480 1314 2517 nitatur,
1326 2481 1393 2510 visa
1419 2483 1464 2509 est
1489 2480 1676 2517 praeferenda
1698 2480 1829 2515 vulgatae

1001 2524 1033 2561 τῇ
1052 2523 1084 2556 σῇ
1097 2521 1286 2561 "cupitorum,"
1306 2516 1473 2561 apag-copem“
1490 2516 1640 2561 Videntur
1653 2516 1704 2561 ‘ita
1739 2516 1829 2556 scrip-

1003 2552 1078 2583 sisse
1096 2552 1219 2588 librarii,
1234 2556 1268 2581 ut
1282 2552 1432 2589 scriptura
1446 2552 1557 2581 clarior
1579 2552 1673 2587 ﬁeret,
1688 2552 1829 2588 quamvis

1001 2599 1064 2620 non
1079 2592 1159 2618 esset
1171 2590 1314 2618 obscura.

1039 2625 1323 2662 (19)’Δπαγγῦ.λοντα.
1352 2624 1430 2653 Coisl
1470 2623 1624 2652 secundus
1645 2625 1674 2652 et
1693 2624 1765 2658 Reg.
1785 2629 1830 2650 se-

1003 2661 1123 2690 cundus
1143 2661 1350 2697 ἀπαγγελοῦντα.

1039 2698 1093 2733 (20)
1108 2699 1160 2735 ttat
1188 2693 1306 2735 ιρέροντα.
1326 2698 1377 2735 μοι
1401 2697 1460 2735 tres
1490 2694 1683 2735 vetustissimi
1709 2693 1829 2735 codices

1004 2728 1155 2762 cum'aliis
1168 2728 1309 2769 quatuor.
1326 2731 1452 2769 Vulgata
1469 2731 1616 2768 scriptura
1630 2732 1732 2768 φέροιτο
1746 2728 1831 2758 nullo

1004 2777 1131 2806 prorsus
1144 2767 1371 2806 iri—codicems.
1382 2767 1502 2806 legitur.

1040 2805 1051 2816 '
1068 2805 1148 2833 Alias
1161 2804 1340 2833 CCCXXXIII.
1356 2802 1470 2839 Scripta
1485 2809 1566 2830 anno
1586 2803 1617 2830 37
1625 2802 1648 2830 ι.

1040 2840 1063 2852 "
1082 2840 1163 2870 Alias
1178 2840 1311 2869 CCCXVI.
1327 2838 1443 2875 Scripta
1456 2845 1537 2868 anno
1550 2838 1613 2866 374.
