4152 6406
328 379 437 434 665

1233 371 1717 430 EPISTOLARUM
1754 370 2038 428 CLASSIS
2077 372 2144 427 II.
2180 372 2396 430 EPIST.
2439 371 2804 432 CLXXXVIII.

3600 382 3704 436 666

328 502 504 560 ἦλθεν.
577 499 765 552 Ἐκεῖνο
839 499 940 571 γὰρ
1008 498 1202 570 ἔκρινον
1283 499 1332 548 οἱ
1397 494 1612 548 παλαιοὶ
1677 491 1937 568 δέχεσθαι

2062 497 2332 570 peritum,
2354 497 2593 568 fugerit.
2627 498 2868 573 Antiqui
2898 499 3059 557 enim
3087 501 3237 558 illud
3264 503 3572 574 baptisma
3603 521 3704 560 su-

320 591 642 664 ﬁaémwlua,
689 592 747 640 τό
805 584 972 660 μηδὲν
1027 596 1121 648 τῆς
1172 591 1393 647 πίστεως
1431 585 1771 660 παρεκϐαῖνον
1805 587 1935 656 (37).

331 682 447 734 ὅθεν
477 681 568 740 τὰς
607 681 696 750 μὲν
726 679 956 752 αἱρέσεις
982 677 1278 749 ὠνόμασαν,
1309 678 1377 728 τὰ
1407 673 1466 728 δὲ
1497 680 1782 748 σχίσματα
1802 676 1938 747 (38),

329 774 431 832 τὰς
585 770 1066 842 παρασυναγωγάς.
1113 769 1348 842 Αὶρέσεις
1391 769 1481 840 μὲν
1533 771 1654 829 τοὺς
1683 766 1941 829 παντελῶς

333 859 782 935 ἁπεῤῥηγμένους,
835 861 926 908 καὶ
975 855 1085 909 κατ’
1132 856 1294 914 αὐτὴν
1351 861 1445 914 τὴν
1499 861 1680 908 πίστιν
1714 854 1942 913 ἀπηλλο-

331 952 692 1021 τριωμένους⁶
750 950 1036 1018 σχίσματα
1075 941 1132 998 δὲ
1181 949 1298 1006 τοὺς
1351 940 1426 998 δι’
1482 945 1651 1005 αἰτίας
1680 946 1826 1005 τινὰς
1852 943 1942 996 ἐκ-

336 1037 724 1097 κλησιαστικὰς
779 1040 870 1088 καὶ
927 1035 1209 1108 ζητήματα
1270 1033 1460 1107 ἰάσιμα
1513 1037 1642 1108 πρὸς
1692 1032 1944 1096 ἀλλήλους

341 1126 742 1199 διενεχθέντας·
801 1127 1257 1198 παρασυνασγωγὰς
1314 1121 1373 1176 δὲ
1436 1127 1526 1184 τὰς
1580 1123 1811 1186 συνάξεις
1852 1125 1943 1184 τὰς

342 1220 488 1293 παρὰ
539 1223 640 1268 τῶν
697 1214 1065 1268 ἁνυποτάκτων
1130 1212 1492 1289 πρεσϐυτέρων
1560 1214 1588 1272 ἦ
1646 1211 1940 1266 ἐπισκόπων

345 1311 436 1359 καὶ
482 1306 623 1380 παρὰ
678 1310 779 1355 τῶν
834 1298 1163 1355 ἀπαιδεύτων
1217 1303 1350 1354 λαῶν
1401 1306 1693 1374 γινομένας.
1737 1300 1859 1354 Οἶον
1897 1303 1942 1354 εἴ

341 1415 460 1458 τις,
514 1393 564 1446 ἐν
634 1397 936 1465 πταίσματι
998 1391 1329 1458 ἐξετασθείς,
1386 1393 1646 1462 ἐπεσχέθη
1701 1400 1797 1453 τῆς
1842 1390 1942 1443 λει-

338 1487 611 1556 τουργίας,
652 1487 743 1535 καὶ
795 1486 866 1555 μὴ
926 1481 1159 1552 ὑπέκνψε
1201 1488 1311 1544 τοῖς
1358 1485 1591 1547 κανόσιν,
1644 1479 1747 1532 ἀλλ’
1777 1479 1941 1550 ἐαυτῷ

340 1570 618 1637 ἐξεδίκησε
663 1575 756 1630 τὴν
803 1568 1092 1645 προεδρίαν
1148 1573 1239 1623 καὶ
1297 1574 1391 1629 τὴν
1451 1569 1795 1643 λειτουργίαν,
1854 1573 1945 1622 καὶ

340 1661 673 1721 συναπῆλθον
721 1663 888 1732 τούτῳ
916 1662 1048 1722 τινες
1099 1660 1468 1722 καταλιπόντες
1513 1663 1608 1718 τὴν
1663 1659 1945 1717 καθολικὴν

343 1751 656 1809 Ἐκκλησίαν
692 1793 705 1819 ,
754 1754 1178 1824 παρασυναγωγὴ
1244 1752 1302 1801 τὸ
1341 1757 1568 1803 τοιοῦτο.
1619 1753 1838 1819 Σχίσμα
1885 1744 1945 1799 δὲ

2052 586 2432 660 spiciendum
2470 591 2780 660 putavere,
2817 590 2983 662 quod
3029 591 3178 648 nihil
3211 608 3247 648 a
3293 591 3411 648 ﬁde
3442 593 3702 660 recedit;

2050 677 2213 733 unde
2239 677 2386 733 alias
2415 677 2662 749 quidem
2705 679 2984 747 hareses,
3019 680 3137 738 alia
3177 681 3525 748 schismata,
3557 682 3707 739 alias

2051 782 2557 840 parasynagogas
2591 768 2995 841 appellarunt.
3013 773 3278 827 Haereses
3301 772 3548 845 quidem
3581 787 3706 841 eos,

2050 858 2158 929 qui
2186 858 2425 930 penitus
2459 859 2670 915 resecti
2695 863 2854 924 sunt,
2875 864 2931 916 et
2953 860 3015 916 in
3046 861 3180 932 ipsa
3199 860 3319 918 ﬁde
3341 861 3705 930 abalienati;

2053 947 2380 1004 schismata
2427 963 2592 1017 vero,
2647 964 2772 1014 eos,
2813 948 2919 1021 qui
2965 955 3213 1022 propter
3269 950 3709 1008 ecclesiasticas

2051 1036 2351 1110 quasdam
2364 1051 2583 1093 causas
2606 1040 2662 1093 et
2681 1039 3044 1110 quaestiones
3063 1039 3215 1095 inter
3233 1044 3556 1112 utramque
3577 1054 3711 1111 par-

2051 1130 2172 1184 tem
2191 1141 2317 1182 non
2339 1125 2710 1182 insanabiles
2733 1127 3054 1196 dissident;
3078 1143 3584 1201 parasynagogas
3607 1143 3710 1185 au-

2053 1219 2196 1284 tem,
2220 1219 2550 1271 conventus
2571 1214 2704 1271 illos
2724 1215 2829 1288 qui
2864 1216 2942 1272 ab
2969 1216 3373 1286 immorigeris
3397 1217 3710 1290 presbyte-

2049 1306 2134 1361 ris
2179 1308 2282 1361 aut
2324 1305 2622 1378 episcopis
2672 1310 2728 1361 et
2771 1322 2808 1362 a
2861 1306 3103 1379 populis
3156 1309 3333 1379 269
3377 1307 3712 1379 disciplina

2052 1394 2390 1467 expertibus
2436 1394 2612 1452 ﬁunt.
2655 1393 2825 1451 Velut
2871 1395 2923 1452 si
2970 1396 3108 1468 quis
3157 1397 3221 1452 in
3258 1395 3473 1453 delicto
3505 1396 3714 1468 depre-

2051 1485 2301 1552 hensus,
2333 1500 2371 1541 a
2416 1484 2744 1541 ministerio
2788 1491 3085 1554 arceatur,
3115 1501 3226 1541 nec
3266 1502 3329 1543 se
3375 1485 3714 1542 canonibus

2055 1573 2408 1644 summittat,
2462 1573 2569 1629 sed
2615 1573 2730 1629 sibi
2771 1573 3181 1646 principatum
3212 1579 3269 1630 et
3313 1573 3715 1630 ministerium

2053 1665 2336 1735 vindicet,
2355 1681 2425 1721 ac
2454 1665 2731 1720 nonnulli
2752 1680 2875 1722 una
2906 1681 3044 1721 cum
3071 1681 3161 1738 eo,
3186 1665 3392 1722 relicta
3417 1665 3716 1722 catholica

2057 1754 2338 1824 Ecclesia,
2388 1753 2738 1822 discedant;
2782 1752 2899 1810 hoc
2943 1754 3160 1810 dicitur
3211 1769 3712 1827 parasynagoga.

338 1845 398 1895 τὸ
431 1846 550 1916 περὶ
588 1848 680 1902 τῆς
723 1844 996 1912 μετανοίας
1036 1836 1295 1913 διαφόρως
1343 1841 1483 1911 ἔχειν
1527 1841 1657 1912 πρὸς
1693 1841 1814 1899 τοὺς
1844 1835 1944 1889 ἀπὸ

2062 1844 2335 1902 Schisma
2365 1847 2568 1899 autem
2609 1847 2716 1910 est,
2750 1842 2824 1898 de
2867 1843 3224 1915 poenitentia
3272 1843 3350 1899 ab
3381 1843 3452 1898 iis
3505 1843 3612 1915 qui
3641 1859 3718 1898 ex

339 1939 438 1992 τῆς
484 1929 820 1990 Ἐκκλησίας.
854 1930 1089 2003 Αἰρέσεις
1121 1925 1200 1992 δὲ,
1232 1929 1338 1980 οἷον
1387 1930 1417 1987 ἡ
1470 1935 1569 1979 τῶν
1608 1931 1941 1998 Μανιχαίων,

339 2025 433 2073 καὶ
463 2019 835 2085 Οὐαλεντίνων,
884 2022 974 2070 καὶ
1025 2025 1444 2092 Μαρκιονιστῶν,
1487 2022 1576 2069 καὶ
1627 2016 1795 2069 αὐτῶν
1823 2019 1944 2069 τού-

341 2130 443 2163 των
480 2115 582 2161 τῶν
633 2108 1014 2168 Πεπουζηνῶνο
1063 2106 1212 2167 εὐθὺς
1238 2109 1340 2179 γὰρ
1389 2111 1507 2181 περὶ
1547 2105 1710 2166 αὐτῆς
1753 2114 1843 2167 τῆς
1872 2105 1945 2167 εἰς

343 2202 474 2253 Θεὸν
519 2202 748 2260 πίστεώς
797 2195 936 2250 ἐστιν
990 2198 1018 2255 ἡ
1083 2192 1330 2270 διαφορά.
1388 2193 1576 2259 Ἔδοξε
1611 2199 1785 2248 τοίνυν
1832 2201 1942 2257 τοῖς

340 2287 395 2353 ἐξ
459 2285 638 2362 ἀρχῆς
700 2288 813 2354 (39)
846 2329 863 2356 ,
931 2287 991 2338 τὸ
1047 2288 1137 2359 μὲν
1192 2294 1294 2338 τῶν
1356 2288 1626 2358 αὶρετικῶν
1679 2284 1940 2347 παντελῶς

341 2395 627 2470 prianum
657 2393 732 2470 de
751 2393 1068 2470 baptismo
1085 2393 1367 2470 sensisse.
1389 2391 1630 2470 Videtur
1649 2391 1855 2470 hae_in
1875 2407 1939 2448 re

339 2463 542 2538 inajor
553 2463 877 2538 auctoritas
900 2464 1112 2538 Basilio
1134 2463 1727 2538 attribuendaquam
1746 2463 1941 2519 Hiero-

341 2534 554 2612 nymo.
585 2537 728 2592 Plus
757 2551 954 2660 operae
985 2535 1391 2606 insumpserat
1416 2534 1665 2589 Basilius
1691 2534 1751 2589 in
1781 2549 1855 2590 ea
1876 2550 1941 2590 re

343 2607 779 2660 examinanda.
843 2613 1237 2660 raetereacum
1264 2606 1418 2660 illius
1440 2605 1780 2660 testimonio
1801 2621 1941 2660 con-

343 2605 1089 2666 eiaminanda.Praeterea
1100 2605 1237 2660 cum
1264 2606 1418 2660 illius
1440 2605 1780 2661 testimonio
1801 2621 1944 2660 con-

343 2682 640 2753 gruittota
663 2679 925 2753 Dionysii
946 2677 1468 2753 agendi_ratio,qui
1489 2676 1944 2753 deprecatorem

347 2747 413 2808 se
445 2767 555 2820 pro
581 2747 851 2805 Asiaticis
877 2754 934 2805 et
978 2749 1132 2804 Afris
1173 2747 1528 2820 interposuit
1559 2765 1570 2801 :
1603 2747 1833 2820 nedum
1882 2749 1945 2804 in

345 2818 562 2880 eadem
585 2837 653 2877 ac
680 2821 761 2876 illi
784 2836 973 2876 causa
993 2818 1352 2874 versaretur.
1379 2820 1533 2883 Quin
1555 2818 1736 2874 etiam
1770 2834 1946 2874 suam

348 2910 424 2950 ac
453 2892 840 2948 decessorum
863 2907 1115 2946 suorum
1137 2889 1493 2945 sententiam
1515 2889 1656 2945 satis
1677 2888 1945 2946 declara—

350 2965 456 3025 vit,
498 2979 634 3019 cum
681 2963 993 3019 hominem
1037 2961 1224 3033 impio
1256 2966 1313 3016 et
1351 2960 1741 3033 blasphemiae
1766 2960 1947 3033 pleno

350 3035 652 3107 baptismo
674 3034 838 3107 apud
867 3031 1182 3107 haereticos
1213 3031 1684 3107 initiatum,__sed
1707 3031 1950 3107 jamdu-

351 3101 499 3162 dum
547 3107 673 3162 sine
715 3101 1025 3177 baptismo
1075 3104 1152 3159 ab
1193 3101 1671 3177 antecessoribus
1709 3103 1832 3158 suis
1860 3119 1949 3158 re-

351 3183 617 3257 eeptum,
667 3174 816 3257 ante
856 3192 978 3231 non
1004 3191 1217 3257 “ausus
1261 3179 1352 3230 est
1397 3174 1725 3257 baptigare,
1761 3190 1950 3257 quam
1982 3200 2022 3257 ρ

347 3245 974 3320 Χίὲῐυηιορὶεοορυω
1004 3249 1344 3320 Romanum
1382 3245 1807 3320 consuluisset,
1841 3249 1949 3301 Eu-

348 3321 479 3377 seb.
503 3317 720 3376 Histfl.
742 3317 846 3386 vit,
875 3335 925 3373 c.
960 3322 1012 3372 9.
1045 3323 1104 3372 2°
1141 3317 1253 3372 Etsi
1283 3321 1534 3372 testatur
1555 3317 1806 3371 Basilius
1827 3332 1951 3372 non

345 3394 640 3463 rejectum
668 3407 704 3446 a
735 3391 1020 3463 Dionysio
1047 3388 1241 3463 fuisse
1275 3389 1581 3463 baptisma
1617 3391 1950 3457 Pepuzeno-

345 3459 517 3526 rum;
551 3478 675 3517 non
720 3459 919 3516 tamen
963 3459 1204 3514 videtur
1241 3459 1612 3513 existimasse
1657 3473 1954 3527 magnum

347 3535 519 3591 illum
542 3534 732 3588 virum
759 3531 975 3588 eadem
994 3529 1368 3600 indulgentia
1388 3529 1448 3583 in
1471 3527 1621 3583 alios
1642 3529 1953 3584 haereticos

347 3622 530 3661 usum
562 3605 773 3660 fuisse.
803 3604 1043 3659 Miratur
1092 3604 1251 3657 enim
1313 3616 1418 3655 cur
1468 3605 1593 3655 tam
1636 3600 1956 3656 liberaliter

349 3677 540 3746 egerit
559 3693 697 3731 cum
717 3673 1046 3746 Pepuzenis
1069 3677 1275 3746 utpote
1293 3671 1610 3746 haereticis;
1635 3671 1798 3743 quod
1822 3687 1955 3742 pro-

349 3743 509 3805 fecto
541 3747 761 3802 mirum
795 3743 845 3801 ei
876 3746 1074 3798 visum
1103 3743 1226 3799 non
1253 3743 1479 3810 fuisset,
1513 3743 1559 3796 si
1579 3743 1750 3814 ipsos
1775 3745 1955 3798 etiam

350 3818 730 3877 Marcionitas
757 3822 814 3872 et
833 3815 1282 3871 Valentinianos
1303 3814 1380 3869 ab
1404 3829 1472 3868 eo
1497 3814 1622 3868 sine
1652 3814 1954 3884 baptismo

349 3896 623 3962 receptos
650 3888 1021 3962 credidisset.
1057 3885 1464 3962 Quamobrem
1485 3884 1686 3939 Basilii
1717 3891 1953 3962 senten-

350 3963 437 4019 tia
471 3956 1046 4036 paulo‘restrictius
1089 3956 1466 4036 aceipienda,
1528 3972 1717 4036 quam
1773 3956 1954 4036 vulgo

351 4025 1500 4106 accipitur.ConstatilliusdePepuzenis
1514 4025 1956 4106 sinebaptismo

350 4097 608 4170 receptis
655 4102 1086 4167 testimonium,
1129 4097 1310 4170 atque
1357 4097 1582 4170 euhoe
1612 4097 1956 4170 testimonio

353 4167 513 4232 illud
538 4174 717 4229 etiam
767 4172 965 4240 colligi
1013 4167 1228 4241 potest,
1253 4167 1589 4241 quodlibet
1625 4168 1950 4240 baptisma,

353 4245 542 4303 modo
573 4245 722 4299 ritus
751 4240 1055 4313 legitimus
1079 4240 1488 4313 non‘deesset,
1520 4244 1784 4313 ratumia
1816 4241 1954 4313 Dio-

352 4318 532 4390 nysio
560 4311 838 4390 habitum
859 4315 1074 4390 tuisse.
1095 4311 1231 4390 _Sed
1266 4311 1512 4390 Basilius
1550 4311 1681 4382 ipse
1708 4312 1782 4366 de
1815 4311 1955 4390 solis

354 4381 680 4459 Pepuzenis
707 4385 1070 4459 loquitur,_et
1092 4383 1288 4459 in‘hoc
1323 4384 1457 4459 ipso
1488 4381 1718 4459 canone
1749 4381 1956 4459 magni

356 4453 620 4530 Dionysii
653 4453 917 4512 erratum
939 4456 1046 4530 (sic
1068 4455 1229 4530 enim
1254 4453 1536 4530 appellat)
1558 4455 1618 4530 in
1659 4454 1955 4530 coemani:

358 4523 583 4585 festu'm
597 4534 650 4584 et
671 4535 808 4584 ante
830 4523 1036 4582 oculos
1061 4523 1322 4597 positum
1336 4523 1472 4578 esse
1489 4523 1774 4597 declarat,
1789 4525 1958 4596 quod

359 4601 699 4656 discesserit
728 4615 765 4654 a
814 4594 1304 4669 sancite—priscis
1352 4594 1687 4669 canonibus
1724 4594 1955 4669 regula,

363 4676 429 4727 ut
458 4671 622 4725 aliter
647 4670 926 4738 haeretici,
957 4665 1127 4724 aliter
1175 4666 1544 4721 schismatici
1569 4665 1954 4738 recipiantur.

363 4742 656 4798 Credebat
681 4758 824 4811 ergo
861 4735 1173 4812 opinatam
1218 4737 1380 4792 illam
1421 4735 1711 4812 regulam’
1735 4735 1798 4792 in
1829 4737 1958 4792 aliis

356 4813 694 4871 haeresibus
719 4807 1062 4883 aiDionysio
1091 4810 1471 4883 observatam
1503 4807 1710 4883 fuisse.

434 4885 546 4957 (37)
573 4888 640 4937 Τὸ
667 4881 832 4955 μηδὲν
988 4887 1208 4957 πίστεως
1235 4879 1596 4957 παρεκᾷαἰνον..
1629 4879 1725 4933 IIIS
1751 4878 1960 4957 verbis

357 4949 634 5021 Basilius,
658 4949 764 5027 qui
787 4955 947 5010 nihil
967 4970 1003 5027 ᾳ
1023 4955 1140 5022 ﬁde
1157 4949 1398 5027 ijegedii,
1421 4951 1727 5027 baptisma
1747 4949 1960 5027 intelli-

358 5030 462 5099 git,
479 5027 646 5100 quod
659 5021 1098 5100 abbominibus
1111 5024 1258 5100 nihil
1278 5024 1338 5078 in
1354 5022 1544 5100 tidem
1567 5021 1958 5100 peccantibus

359 5093 528 5156 Extra
563 5098 889 5154 Ecclesiam
929 5096 1128 5152 datur.
1161 5097 1307 5150 Nam
1348 5093 1410 5148 in
1440 5097 1565 5148 toto
1589 5093 1704 5148 hoc
1726 5107 1960 5150 canone

363 5186 486 5243 non
525 5169 762 5243 quaerit,
784 5173 1005 5243 utrum
1034 5167 1358 5243 observata
1387 5180 1577 5219 necne
1606 5163 1960 5243 fueritprae-

363 5235 584 5313 scripta
606 5259 641 5296 a
663 5240 892 5298 Christo
914 5239 1112 5294 forma
1131 5255 1148 5313 _:
1177 5235 1284 5290 sed
1305 5251 1439 5313 eam
1463 5240 1692 5313 rem,_ut
1711 5235 1961 5313 minime

360 5305 815 5369 controversam
845 5308 1322 5382 praetermittens,
1349 5305 1634 5377 baptismi
1654 5305 1961 5382 rejieiendi

360 5389 467 5441 aut
495 5383 798 5455 probandi
823 5376 1092 5455 regulam
1123 5379 1338 5455 repetit
1368 5376 1445 5431 exi
1483 5393 1634 5455 sana
1655 5382 1761 5455 aut
1777 5376 1963 5455 haere-

360 5457 481 5512 tica
496 5447 792 5510 doctrina.
827 5447 971 5507 Hinc
996 5451 1100 5506 illa
1123 5447 1442 5515 haeresum,
1478 5447 1874 5502 schismatum
1905 5451 1963 5504 et

362 5539 973 5600 parasynagogarum
1001 5521 1324 5600 distinctio,
1347 5535 1417 5574 ex
1443 5535 1566 5600 qua
1586 5517 1856 5600 profecto
1878 5518 1962 5600 di:

367 5588 576 5666 ἒςηοεοῖ
594 5588 717 5652 non
740 5588 948 5667 possit,
972 5598 1169 5667 utrum
1203 5588 1506 5667 observati
1528 5604 1720 5667 necne
1735 5588 1965 5667 fuerint

365 5659 616 5737 legitimi
655 5659 825 5723 ritus.
859 5659 1003 5721 Hinc
1029 5661 1505 5737 etiam__Basilius_
1545 5659 1961 5737 haereticorum

364 5731 695 5814 baptisma,
722 5737 831 5796 etsi
860 5752 899 5795 a
916 5737 1037 5806 ﬁde
1051 5735 1293 5804 recedit,
1315 5731 1621 5791 interdum
1640 5733 1846 5788 tamen
1865 5746 1960 5788 ra-

2055 1934 2316 1991 Ecclesia
2372 1937 2536 2003 sunt,
2589 1932 2926 1988 dissentire.
2966 1935 3230 1988 Haereses
3270 1937 3494 2004 autem,
3551 1931 3717 1990 velut

2052 2023 2539 2091 Manichaeorum,
2563 2025 2620 2078 et
2634 2020 3213 2088 Valentinianorum,
3236 2026 3294 2078 et
3313 2021 3714 2078 Marcionista-

2050 2129 2210 2180 rum,
2224 2118 2282 2170 et
2300 2112 2802 2182 horumipsorum
2821 2114 3272 2183 Pepuzenorum
3290 2127 3304 2179 ;
3329 2110 3530 2166 statim
3549 2109 3712 2166 enim

2051 2203 2126 2260 de
2146 2203 2285 2276 ipsa
2303 2202 2367 2257 in
2393 2204 2584 2258 Deum
2601 2200 2723 2256 ﬁde
2745 2199 3044 2256 dissensio
3079 2204 3188 2256 est.
3213 2201 3422 2256 Visum
3459 2205 3549 2254 est
3568 2213 3713 2268 ergo

2049 2291 2316 2364 antiquis
2338 2289 2760 2347 haereticorum
2777 2289 3028 2362 quidem
3039 2288 3349 2362 baptisma
3365 2289 3605 2361 penitus
3624 2303 3715 2346 re.

2047 2407 2176 2460 tum
2205 2414 2338 2455 esse
2366 2397 2608 2470 patitur,
2643 2396 2693 2451 si
2741 2396 2824 2452 ita
2866 2395 3129 2468 postulet
3176 2394 3424 2470 publica
3460 2395 3710 2470 utilitas.

2050 2477 2124 2530 At
2152 2466 2425 2545 profecto
2447 2483 2767 2545 nunquem
2798 2466 3160 2545 tanta_usus
3201 2471 3359 2545 esset
3397 2466 3713 2545 indulgen-

2050 2537 2239 2611 tiafsi
2263 2541 2571 2613 baptisma
2598 2537 2638 2594 Ξῖ
2667 2538 2787 2594 ﬁde
2824 2538 3104 2613 recedere
3145 2542 3258 2613 aut
3286 2553 3408 2613 non
3435 2537 3715 2613 recedere

2052 2608 2472 2680 existimas-set,
2499 2614 2679 2683 prout
2699 2610 3047 2684 praescripta
3065 2625 3100 2664 a
3128 2609 3358 2684 Christo
3379 2608 3576 2684 forma
3595 2609 3715 2684 vio-

2051 2688 2208 2744 latur
2236 2689 2341 2740 aut
2373 2679 2666 2739 servatur.
2700 2679 2980 2753 ‘Denique
3024 2680 3216 2753 sancit
3254 2696 3385 2736 can.
3417 2683 3481 2735 47
3514 2679 3714 2752 bapti-

2054 2758 2280 2815 zandos
2312 2753 2657 2822 Encratitas,
2692 2751 2974 2824 quamvis
3005 2751 3234 2820 dicunt,
3271 2753 3346 2806 In
3377 2751 3624 2807 Patrem
3657 2755 3712 2806 et

2053 2832 2280 2887 Filium
2311 2832 2367 2882 et
2395 2826 2694 2895 Spiritum
2716 2823 3000 2880 sanctum
3034 2823 3324 2895 baptizaii
3343 2837 3584 2895 _sumu_s.
3609 2825 3714 2895 Re-

2053 2900 2298 2974 jiciebat
2318 2893 2460 2966 ergo
2485 2895 2631 2974 illud
2649 2895 3111 2974 blap_t_isma_non
3136 2893 3494 2974 ob‘violatos
3521 2893 3715 2974 bapti-

2057 2964 2235 3029 'zandi
2255 2964 2420 3038 ritus,
2458 2967 2567 3022 sed
2595 2964 2754 3038 quia
2769 2967 3098 3038 Encratitai,
3112 2969 3177 3020 ut
3197 2964 3425 3038 ibidem
3444 2969 3708 3038 testatur,

2059 3047 2246 3100 Deum
2278 3035 2586 3096 auctorem
2611 3035 2913 3092 malorum
2943 3035 3390 3101 existimabant,
3411 3036 3621 3092 itidem
3647 3040 3716 3092 ut

2060 3114 2318 3174 Marcion
2341 3115 2397 3165 et
2427 3109 2557 3164 alia:
2587 3109 2871 3163 hmreses.

2134 3187 2246 3257 (38)
2267 3186 2344 3261 re
2367 3179 2425 3234 δὲ
2449 3185 2752 3261 exta-uate.
2779 3179 2868 3261 Sic
2891 3178 3158 3261 plerique
3180 3193 3324 3233 mss.
3349 3176 3499 3261 Editi
3519 3179 3612 3238 τὰς
3631 3172 3709 3232 δέ.

2061 3247 2340 3316 Nonnulli
2355 3247 2599 3308 codices
2613 3251 2842 3306 habent
2862 3247 2951 3310 τᾶς
2981 3247 3040 3302 δὲ
3059 3247 3534 3322 παρασυνασγωγάς.

2137 3330 2249 3392 (39)
2279 3333 2400 3385 Τοῖς
2430 3323 2481 3386 ἐξ
2512 3322 2708 3396 ἀρχῆς.
2739 3324 3052 3396 Quosnam
3072 3319 3170 3396 hie
3191 3319 3712 3393 antiquOSintelli-

2063 3401 2148 3470 git
2168 3397 2456 3454 Basilius?
2476 3393 3016 3470 An_'F_irmilianu_m,
3033 3409 3112 3470 an
3124 3393 3172 3464 ej
3184 3409 3254 3470 us
3276 3399 3711 3470 antecessores,

2063 3462 2143 3528 an
2166 3466 2584 3526 successores?
2613 3468 2743 3520 Non
2779 3464 3043 3536 loquitur
3069 3462 3166 3536 ide
3186 3463 3551 3536 Firmiliano;
3583 3462 3714 3531 ejus

2063 3543 2225 3598 enim
2251 3537 2612 3594 sententiam
2647 3551 2770 3591 non
2791 3534 3006 3607 parum
3030 3535 3110 3607 ab
3129 3534 3716 3607 ista‘discrepanteru

2062 3614 2219 3692 inira
2253 3610 2516 3692 eaponit.
2550 3607 2721 3692 _S‘i_‘de
2766 3603 3535 3692 successoribus‘loquitur,
3567 3603 3716 3658 nihil

2064 3686 2174 3741 erit
2189 3677 2480 3751 ambigui,
2503 3679 2651 3751 nihil
2671 3694 2795 3751 non
2825 3683 3098 3751 accurate
3125 3677 3372 3751 dictum.
3397 3680 3546 3751 Nam
3565 3690 3716 3751 _cum

2065 3745 2442 3814 Firmilianus
2468 3745 2644 3805 nullo
2685 3749 3026 3804 discrimine
3064 3747 3375 3803 habuisset
3410 3745 3717 3817 baptisma

2066 3829 2189 3883 sive
2219 3827 2278 3880 in
2296 3822 2534 3889 haeresi,
2552 3822 2675 3875 sive
2695 3821 2755 3874 in
2778 3820 3122 3880 schismate,
3146 3819 3271 3889 sive
3294 3819 3356 3871 in
3378 3831 3715 3889 parasyna-

2066 3899 2237 3968 gogis
2258 3895 2490 3968 datum,
2520 3887 2796 3968 'ut_patet
2817 3906 2890 3945 ex
2913 3890 3042 3959 ejus
3067 3888 3320 3968 epistola
3347 3887 3425 3942 ad
3465 3887 3717 3968 Cypria-

2064 3958 2213 4026 fma:
2245 3973 2299 4022 et
2330 3981 2402 4020 ex
2443 3958 2559 4018 hoc
2605 3958 2742 4033 ipso
2782 3958 3051 4026 canone;
3099 3958 3173 4033 de
3207 3959 3364 4033 illius
3406 3958 3719 4033 severitate

2066 4038 2300 4111 aliquid
2345 4041 2556 4111 postea
2597 4029 2895 4096 limatum,
2927 4036 2988 4111 et
3021 4047 3094 4111 ea
3121 4031 3370 4111 inducta
3414 4029 3717 4111 distinctio

2064 4099 2252 4184 quam
2283 4099 2536 4184 Basilius
2557 4103 3165 4184 cummemorat..Sed
3197 4101 3433 4184 videtur
3472 4099 3718 4184 Basiiius

2064 4173 2386 4256 episcopos
2435 4176 2776 4256 Firmil‘iano
2810 4174 3177 4256 antiquiores
3206 4173 3552 4256 designare,
3585 4175 3720 4256 Haec

2065 4243 2226 4310 enim
2255 4243 2443 4307 verba
2470 4256 2578 4308 τοῖς
2622 4246 2674 4310 ἐξ
2703 4246 2878 4320 ἀρχῆς
2924 4243 3067 4301 satis
3117 4248 3256 4316 apte
3296 4260 3397 4299 eos
3427 4243 3716 4320 indicant,

2066 4325 2171 4398 qui
2221 4323 2295 4378 de
2341 4321 2647 4398 baptismo
2697 4318 2900 4398 primi.
2928 4320 3386 4397 pertractarunt.
3428 4318 3719 4398 Praeterea

2066 4383 2321 4453 miratur
2348 4383 2623 4459 Basilius,
2645 4383 3180 4462 quodDioAnysius,
3199 4387 3306 4458 qui
3335 4385 3586 4462 {aqualis
3607 4383 3718 4462 fuit

2069 4463 2511 4528 Firmiliani,ab
2545 4455 3076 4517 hac'distinctio'ne
3109 4455 3450 4512 discesserit
3477 4455 3716 4528 inr_eci—
3753 4483 3758 4488 -

1988 4555 2032 4608 D
2067 4538 2287 4619 piendo
2307 4525 2754 4619 Pepugenoru'm
2775 4531 3098 4619 baptismo.
3112 4529 3384 4619 hintqu
3397 4525 3717 4619 ergoillam

2066 4596 2331 4677 viguisse
2352 4596 2656 4660 credebat.
2679 4606 2814 4658 Haec
2834 4596 3036 4658 autem
3076 4596 3554 4677 sancti‘doctoris
3593 4596 3718 4677 Opi-

2067 4667 2168 4736 nio
2217 4693 2355 4733 cum
2408 4692 2522 4731 sua
2569 4680 2785 4746 sponte
2812 4688 2935 4727 non
2979 4668 3455 4746 verisimilisest,
3488 4673 3616 4723 tum
3637 4667 3716 4723 ab

2068 4753 2201 4823 ipso
2231 4747 2573 4823 Firmiliano
2602 4739 2910 4823 refellitur,
2943 4741 3046 4823 qui
3086 4739 3442 4823 sententiam
3475 4754 3650 4820 suam
3681 4754 3719 4794 a

2068 4811 2400 4892 majoribus
2427 4815 2733 4892 accepisse
2752 4830 2835 4892 se
2873 4811 3142 4892 testatur,
3167 4811 3713 4892 Neeinemiiiiinus,

2069 4883 2353 4964 inquitin
2390 4883 2646 4964 epistola
2679 4887 2833 4964 inter
2863 4883 3254 4964 Cyprianicas
3275 4886 3362 4946 75,
3395 4897 3457 4962 ρ..
3495 4885 3591 4937 149
3613 4896 3720 4936 no-

2068 4953 2355 5030 vae‘edit.,
2404 4953 2513 5016 lioc
2562 4958 2727 5027 apud
2766 4972 2872 5012 nos
2909 4953 3246 5030 aliquando
3291 4955 3551 5030 ccepisse,
3584 4969 3719 5030 cum

2068 5050 2300 5102 semper
2327 5025 2458 5088 istic
2483 5025 2860 5086 observatum
2889 5029 2986 5093 sit,
3010 5031 3074 5080 ut
3106 5041 3225 5102 non
3255 5029 3376 5102 nisi
3402 5039 3583 5080 unam
3614 5025 3726 5102 Dei

2068 5096 2405 5162 Ecclesiam
2428 5115 2748 5163 nossemus,
2773 5103 3116 5154 etsanctum
3143 5097 3438 5165 baptisma
3464 5112 3583 5151 non
3605 5096 3724 5149 nisi

2069 5183 2295 5234 sancta:
2351 5173 2628 5229 Ecclesia?
2681 5176 3177 5238 computaremus.
3232 5167 3722 5238 Credehatergo

2073 5247 2450 5305 Firmilianus
2489 5244 2757 5313 ignotam
2795 5237 3130 5313 majoribus
3151 5238 3273 5313 suis
3299 5238 3482 5293 fuisse
3513 5237 3721 5313 distin-

2071 5320 2334 5375 ctionem
2389 5306 2806 5371 haeréticorum
2864 5306 2922 5367 et
2967 5311 3486 5366 schism‘aticorum
3523 5307 3582 5361 in
3613 5306 3721 5360 ba-

2072 5392 2311 5447 tismate
2341 5405 2352 5441 :
2382 5386 2562 5455 longe
2617 5385 2785 5439 aliter
2829 5385 3035 5457 visum
3049 5453 3056 5457 _
3082 5380 3311 5437 Basilio.
3341 5379 3510 5457 Unde
3534 5380 3722 5457 “patet

2073 5475 2348 5516 summos
2413 5447 2546 5512 illds
2592 5457 2773 5524 viros,
2842 5453 3251 5524 Firmilianum
3299 5455 3356 5504 et
3415 5447 3717 5524 Basilium,

2072 5546 2325 5595 errasse,
2357 5529 2506 5584 dum
2537 5543 2711 5582 suam
2741 5517 2993 5597 uterque
3032 5517 3722 5597 opinionemjustolon-

2073 5604 2220 5676 gius
2235 5590 2467 5676 repetit,
2510 5597 2778 5676 alterab
2806 5590 2955 5669 ipsis
2975 5590 3309 5676 apostolis,
3341 5590 3488 5646 alter
3513 5605 3549 5646 a
3574 5593 3719 5646 tem-

2071 5665 2322 5749 poribus
2351 5675 2488 5730 ante
2510 5665 2918 5728 Firmilianum
2939 5665 3178 5737 elapsis.
