4152 6372
466 303 571 363 667

1858 297 1916 353 S.
1956 295 2208 353 BASILII
2243 294 2464 355 HAGNI

3728 302 3835 358 668

460 441 632 497 cere;
686 424 1218 483 schismaticorum
1261 437 1429 492 vero,
1459 424 1526 481 ut
1572 421 1775 480 adhuc
1804 436 1882 480 ex
1925 421 2124 479 Eccle-

2237 419 2514 487 ἀθετῆσαι,
2563 418 2622 471 τὸ
2672 415 2735 472 δὲ
2787 425 2890 473 τῶν
2944 419 3359 493 ἀποσχισάντων
3400 425 3525 495 (40),
3568 431 3638 487 ῶς
3669 426 3744 478 ἔτι
3782 424 3838 479 ἐκ

462 514 552 573 sia
575 513 1010 582 exsistentium,
1042 513 1395 582 admittere;
1424 527 1529 569 eos
1571 511 1819 569 tandem
1849 511 1955 584 qui
1985 514 2127 567 sunt

459 604 525 661 in
543 603 1052 679 parasynagogis,
1080 603 1244 675 justa
1274 600 1628 674 poenitentia
1656 604 1715 657 et
1746 600 2127 659 animadver-

464 693 634 752 sione
654 692 1008 750 emendatos
1022 707 1231 748 rursus
1252 690 1528 747 Ecclesiae
1550 691 1945 762 conjungere;
1969 690 2123 749 adeo

461 782 530 843 ut
550 799 710 856 saepe
739 786 798 839 et
815 781 855 837 ii
883 781 990 854 qui
1017 780 1081 837 in
1110 779 1306 851 gradu
1327 778 1602 835 collocati
1624 794 1747 835 una
1776 794 1916 835 eum
1935 779 2125 836 rebel-

460 866 621 930 libus
646 871 942 939 abierant,
974 874 1304 943 postquam
1333 868 1753 942 paenitentiam
1782 869 2033 941 egerint,
2063 870 2126 927 in

460 962 746 1018 eumdem
767 959 1043 1017 ordinem
1065 958 1482 1015 admittantur.
1504 959 1803 1031 Pepuzem
1828 973 1972 1028 ergo
1987 969 2128 1025 sunt

461 1052 665 1123 aperte
691 1048 958 1106 hmretici
992 1065 1005 1103 :
1037 1063 1185 1105 nam
1214 1046 1278 1104 in
1323 1046 1610 1120 Spiritum
1655 1052 1936 1105 sanctum
1974 1046 2127 1104 blas-

458 1138 919 1214 phemaverunt,
950 1136 1237 1193 Montano
1270 1139 1329 1193 et
1368 1134 1646 1194 Priscillae
1684 1135 1976 1193 Paracleti
2021 1152 2124 1210 ap-
2174 1210 2181 1217 '

458 1228 845 1303 pellationem
872 1226 1100 1285 nefarie
1144 1225 1655 1299 impudenterque
1704 1225 2122 1283 attribuentes.

457 1319 661 1393 Igitur,
683 1320 806 1375 sive
827 1317 971 1391 quia
992 1316 1344 1374 hominibus
1365 1315 1742 1373 divinitatem
1766 1316 2124 1385 attribuunt,

458 1406 916 1467 condemnandi
963 1406 1292 1463 sunt:sive
1331 1406 1477 1479 quia
1524 1405 1811 1479 Spiritum
1849 1410 2129 1463 sanctum

458 1497 734 1557 afﬁciunt
752 1496 996 1568 injuria,
1010 1495 1157 1552 dum
1173 1510 1314 1551 eum
1340 1500 1850 1566 comparantcum
1863 1494 2127 1551 homini-

458 1588 598 1657 bus,
612 1589 697 1643 sic
718 1585 897 1642 etiam
918 1588 1056 1641 sunt
1079 1588 1319 1640 aeternae
1344 1582 1839 1640 condemuationi
1862 1583 2126 1659 obnoxii,

458 1676 627 1750 quod
648 1673 985 1732 condonari
1003 1689 1127 1729 non
1143 1672 1336 1745 possit
1353 1671 1739 1746 blasphemia
1754 1673 1816 1728 in
1839 1673 2125 1746 Spiritum

2232 517 2325 571 τῆς
2383 508 2702 571 Ἐκκλησίας
2754 512 2909 561 ὄντων
2942 549 2957 576 ,
3011 508 3448 585 παραδέξασθαιο
3504 515 3627 575 τοὺς
3672 510 3733 567 δὲ
3789 513 3838 567 ἓν

2233 606 2349 660 ταῖς
2405 605 2905 673 παρασυναγωσγαίς,
2962 605 3210 672 μετανοίᾳ
3263 599 3517 673 ἀξιολόγῳ
3565 606 3658 655 καὶ
3726 601 3840 655 ἑπι-

2236 695 2435 764 στροφῇ
2490 686 2907 760 βελτιωθέντας,
2978 685 3337 743 συνάπτεσθαι
3395 689 3548 744 πάλιν
3600 699 3664 764 τῇ
3718 691 3837 746 Ἐκ-

2234 777 2451 851 κλησίᾳ,
2484 779 2619 830 ὥστε
2665 776 2916 839 πολλάκις
2953 781 3044 829 καὶ
3089 782 3213 840 τοὺς
3260 777 3308 830 ἐν
3343 777 3558 852 βαθμῷ,
3592 781 3842 835 συναπελ-

2238 868 2422 928 θόντας
2478 871 2584 927 τοῖς
2638 863 3062 933 ἀνυποτάκτοις,
3122 863 3334 920 ἐπειδὰν
3384 868 3496 937 (41)
3550 870 3835 942 μεταμελη-

2239 958 2418 1022 θώσιν,
2468 955 2540 1017 εἰς
2569 959 2662 1014 τὴν
2703 955 2868 1012 αὐτὴν
2894 952 3302 1030 παραδέχεσθαι
3343 956 3517 1019 τάξιν.
3567 960 3634 1011 Οἱ
3668 964 3835 1013 τοίνυν

2237 1044 2567 1105 Πεπουξηνοὶ
2619 1041 2902 1119 προδήλως
2955 1044 3085 1098 εἰσὶν
3152 1047 3442 1120 αἱρετικοιο
3512 1045 3581 1109 εἰς
3632 1050 3730 1122 ’γὰρ
3774 1052 3832 1103 τὸ

2236 1141 2449 1206 Πνεῦμα
2494 1137 2551 1186 τὸ
2610 1133 2761 1205 ἅγιον
2818 1132 3254 1207 ἐϐλασφήμησαν,
3283 1142 3533 1209 Μοντανῷ
3582 1141 3673 1188 καὶ
3700 1143 3833 1210 Πρι-

2238 1223 2421 1297 σκίλλῃ
2481 1227 2576 1282 τὴν
2629 1230 2723 1276 τοῦ
2780 1222 3122 1297 Παρακλὴτου
3168 1228 3531 1299 προσηγορίαν
3591 1222 3845 1298 ἀθεμίτως

2237 1318 2327 1365 καὶ
2384 1311 2756 1384 ἀναισχύντως
2822 1310 3248 1385 ἐπιφημίσαντες.
3297 1317 3416 1367 Εἴτε
3480 1309 3569 1366 οὖν
3621 1316 3690 1376 ὡς
3757 1313 3844 1366 ἀν-

2240 1404 2481 1474 θρώπους
2571 1402 2961 1467 θεοποιοῦντες,
3047 1403 3398 1475 κατάκριτοι·
3476 1405 3577 1456 εἴτε
3648 1405 3714 1465 ὡς
3786 1408 3845 1457 τὸ

2239 1496 2451 1562 Πνεῦμα
2474 1493 2534 1542 τὸ
2584 1490 2734 1561 ἅγιον
2781 1497 2844 1563 τῇ
2894 1492 3027 1567 πρὸς
3066 1489 3363 1565 ἀνθρώπους
3407 1495 3687 1565 συγκρίσει
3724 1495 3849 1545 καθ-

2238 1578 2535 1647 υϐρίζοντες
2589 1583 2753 1647 (42),
2822 1584 2913 1633 καὶ
2970 1580 3104 1631 οὕτω
3177 1587 3240 1653 τῇ
3319 1580 3510 1652 αἰωνίῳ
3575 1578 3845 1654 καταδίκῃ

2239 1670 2561 1733 ὑπεύθυνοι,
2612 1664 2707 1720 διὰ
2758 1671 2817 1720 τό
2868 1666 3259 1741 ἀσυγχώρητον
3316 1667 3446 1722 εἶναι
3509 1674 3605 1728 τὴν
3662 1669 3731 1731 εἰς
3786 1671 3849 1722 το

458 1769 763 1822 sanctum.
792 1766 923 1831 Qua
959 1762 1143 1833 igitur
1179 1761 1412 1818 ratione
1438 1777 1649 1818 eorum
1676 1761 1987 1835 baptisma
2016 1763 2124 1819 ad-

2240 1765 2451 1831 Πνεῦρια
2513 1761 2572 1811 τὸ
2611 1757 2757 1830 ἅγιον
2815 1757 3178 1831 βλασφημίαν.
3239 1763 3369 1812 Τίνα
3411 1755 3498 1811 οὖν
3549 1758 3700 1831 λόγον
3732 1762 3848 1831 ἔχει

457 1854 748 1920 mittatur,
793 1869 933 1909 cum
980 1851 1042 1908 in
1092 1851 1332 1908 Patrem
1363 1855 1420 1906 et
1448 1850 1662 1907 Filium
1692 1857 1748 1907 et
1776 1854 2128 1909 Montanum

457 1948 564 1999 aut
591 1941 918 1997 Priscillam
947 1939 1292 2013 baptizent?
1319 1955 1444 1996 non
1468 1938 1628 1996 enim
1660 1939 1948 2013 baptizati
1988 1945 2130 2000 sunt

459 2031 567 2104 qui
605 2030 666 2087 in
697 2046 790 2100 ea,
823 2046 960 2102 quae
997 2029 1176 2085 nobis
1221 2028 1445 2086 tradita
1490 2044 1615 2086 non
1648 2034 1808 2098 sunt,
1839 2028 2125 2103 baptizati

455 2119 642 2176 fuere.
669 2121 886 2189 Quare,
910 2118 1021 2175 etsi
1052 2118 1170 2174 hoc
1202 2117 1560 2191 Dionysium
1594 2134 1893 2189 magnum
1930 2118 2124 2202 latuit,

457 2207 761 2265 servanda
781 2206 958 2264 nobis
983 2222 1109 2264 non
1130 2210 1220 2263 est
1256 2205 1512 2263 imitatio
1549 2207 1791 2264 erroris.
1818 2207 1945 2264 Hoc
1967 2208 2129 2264 enim

455 2314 645 2371 quam
693 2295 1032 2353 absurdum
1060 2296 1154 2364 sit,
1187 2311 1299 2352 sua
1346 2299 1561 2369 sponte
1592 2296 1984 2370 perspicuum
2012 2302 2123 2374 est,

455 2402 529 2443 ac
554 2386 840 2443 omnibus
861 2384 1133 2455 evidens,
1156 2384 1262 2457 qui
1280 2383 1376 2441 vel
1394 2384 1601 2442 leviter
1617 2384 1966 2442 ratiocinari
1986 2400 2128 2459 pos-

457 2480 619 2533 sunt.
645 2473 882 2533 Cathari
912 2477 1053 2530 sunt
1077 2477 1139 2531 et
1166 2473 1286 2546 ipsi
1313 2490 1386 2530 ex
1416 2474 1488 2530 iis
1522 2474 1627 2547 qui
1670 2479 1814 2532 sunt
1834 2474 2114 2532 abscissi.

457 2569 751 2625 Caeterum
775 2562 1042 2636 antiquis
1063 2563 1264 2619 visum
1284 2568 1391 2628 est,
1419 2564 1723 2637 Cypriane
1756 2566 1933 2637 270
1963 2564 2123 2624 dico,

456 2656 516 2711 et
543 2661 752 2711 nostro
778 2651 1145 2719 Firmiliano,
1169 2652 1282 2708 hos
1304 2666 1519 2708 omnes
1548 2652 1653 2707 uni
1679 2653 1912 2709 calculo
1935 2653 2124 2724 subji-

458 2758 614 2807 cere,
647 2741 955 2808 Catharos,
980 2745 1037 2796 et
1074 2741 1425 2803 Encratitas,
1450 2744 1506 2798 et
1535 2740 2124 2814 Hydroparastatas;

455 2836 777 2906 propterea
788 2829 953 2903 quod
964 2828 1331 2903 principium
1343 2829 1589 2903 quidem
1607 2829 2006 2903 separationis
2017 2846 2125 2904 per

456 2920 721 2977 schisma
750 2919 975 2976 factum
1005 2918 1237 2974 fuerat:
1266 2918 1375 2991 qui
1408 2923 1613 2975 autem
1644 2919 1725 2975 ab
1762 2919 2027 2976 Ecclesia
2058 2936 2123 2978 se

457 3014 898 3083 separaverant,
920 3023 1046 3063 non
1065 3007 1379 3065 habebant
1399 3008 1663 3081 amplius
1688 3007 1752 3063 in
1774 3023 1839 3066 se
1863 3008 2123 3079 gratiam

2236 1853 2295 1903 τὸ
2342 1852 2538 1902 τούτων
2587 1847 2873 1922 βάπτισμα
2940 1848 3247 1922 ἐγκριθῆναι
3312 1858 3411 1901 τῶν
3481 1847 3847 1921 βαπτιζόντων

2239 1940 2306 2001 εἰς
2337 1942 2543 2013 Πατέρα
2572 1942 2664 1991 καὶ
2710 1941 2829 1991 Υἱόν
2858 1943 2948 1991 καὶ
2992 1941 3255 1992 Μοντανόν
3282 1939 3310 1998 ἣ
3343 1938 3663 2013 Πρίσκιλλαν
3686 1942 3801 2005 (43)
3831 1956 3846 2006 ἓ

2238 2029 2299 2082 οὐ
2354 2032 2453 2102 γὰρ
2512 2027 2914 2086 ἐϐαπτίσθησαν
2972 2029 3020 2080 οὶ
3075 2027 3144 2089 εἰς
3192 2030 3258 2081 τά
3305 2032 3376 2100 μὴ
3440 2024 3851 2101 παραδεδομὲνα

2239 2120 2363 2192 ἡμῖν
2417 2116 2813 2191 βαπτισθέντες.
2844 2116 3029 2185 Ὠστε,
3084 2117 3127 2171 εὶ
3174 2121 3261 2169 καὶ
3306 2121 3393 2170 τὸν
3450 2121 3613 2190 μέγαν
3662 2120 3849 2170 Διονύ-

2238 2227 2351 2262 σιον
2397 2214 2490 2260 τοῦ
2544 2206 2829 2281 παρέλαθεν
2858 2250 2873 2276 ,
2929 2204 3037 2259 ἀλλ’
3092 2207 3219 2278 ἡμῖν
3283 2206 3343 2259 οὐ
3409 2206 3691 2278 φυλακτέον
3748 2210 3848 2265 τὴν

2234 2301 2462 2371 μίμησιν
2510 2304 2666 2348 τοῦτο
2739 2296 3152 2368 σφαλματος.Τὸ
3192 2298 3293 2368 γὰρ
3376 2297 3567 2348 ἄτοπον
3631 2296 3848 2349 αὐτόθεν

2233 2382 2522 2459 πρόδηλον,
2553 2389 2644 2437 καὶ
2682 2392 2847 2437 πᾶσιν
2903 2384 3128 2460 ἐναργὲς,
3170 2385 3246 2446 οἷς
3293 2404 3346 2437 τι
3389 2389 3479 2436 καὶ
3525 2388 3712 2458 μικρὸν
3750 2394 3849 2438 τοῦ

2233 2474 2541 2547 λογίζεσθαι
2606 2478 2866 2547 μέτεστιν.
2937 2477 3004 2526 Οἱ
3075 2476 3309 2547 Καθαροὶ
3369 2478 3461 2526 καὶ
3526 2474 3680 2527 αὐτοὶ
3744 2483 3848 2526 τῶν

2235 2563 2643 2637 ἀπεσχισμένων
2691 2562 2815 2617 εἰσί.
2872 2563 3009 2622 Πλὴν
3065 2561 3172 2614 ἀλλ’
3224 2559 3370 2625 ἔδοξε
3416 2569 3521 2623 τοῖς
3565 2561 3845 2635 ἀρχαίοις,

2234 2660 2336 2715 τοῖς
2387 2658 2506 2727 περὶ
2558 2655 2854 2726 Κυπριανόν
2911 2652 3042 2723 λέγω
3099 2656 3190 2703 καὶ
3231 2651 3564 2724 Φιρμιλιανὸν
3605 2656 3692 2704 τὸν
3724 2655 3851 2726 ἡμέ-

2231 2762 2400 2818 τερον,
2438 2744 2656 2804 τούτους
2704 2745 2899 2802 πάντας
2955 2748 3054 2814 μιᾷ
3097 2740 3256 2813 ψήφῳ
3303 2739 3596 2805 ὑποϐαλεῖν,
3662 2743 3846 2795 Καθα-

2230 2837 2380 2907 Ροὺς,
2443 2836 2533 2884 καὶ
2586 2831 2956 2905 Ἐγκρατίτας.
3007 2835 3099 2883 καὶ
3147 2827 3649 2905 Ὑδροπαραστάτας
3690 2830 3844 2901 (44)’

2233 2917 2373 2975 διότι
2413 2922 2443 2979 ἡ
2496 2923 2587 2992 μὲν
2632 2920 2776 2993 ἀρχὴ
2828 2927 2921 2972 τοῦ
2966 2927 3253 2993 χωρισμοῦ
3282 2917 3375 2971 διὰ
3424 2924 3727 2991 σχίσματος
3758 2925 3846 2991 γέ-

2230 3028 2414 3081 γονεν’
2481 3010 2531 3061 οἱ
2608 3005 2668 3061 δε
2742 3017 2837 3071 τῆς
2908 3007 3221 3070 Ἐκκλησίας
3289 3007 3609 3069 ἀποστάντες
3670 3007 3848 3061 οὐκέτι

529 3135 645 3214 (ῳ)
673 3134 1134 3214 ’Δποῖχισάντωνπ
1158 3134 1245 3188 Ita
1280 3131 1553 3214 plerique
1582 3148 1745 3214 mss;
1769 3132 1925 3214 Editi
1956 3132 2120 3214 ἀποσ-

2240 3137 2391 3214 sunt
2407 3132 2637 3214 quoad“
2660 3132 2985 3214 baptisma.

456 3202 987 3279 χιᾹσ-θέντωνη-(ἷσὶδι.
1033 3202 1673 3279 ρΓὶ-Ψαενάπῃχί-στῳν.
1708 3203 1883 3279 Quod
1919 3209 2124 3279 autem

457 3274 626 3335 addit
658 3275 928 3342 Basilius,
952 3280 1018 3329 ut
1035 3274 1254 3331 'adhuc
1277 3289 1353 3330 ex
1376 3274 1652 3331 Erclesia
1686 3277 2120 3345 exsistentium,

455 3364 581 3404 non
611 3347 834 3402 idcirco
876 3345 1047 3401 addit
1088 3345 1253 3416 quod
1294 3346 1711 3416 schismaticos
1742 3347 1803 3401 in
1851 3347 2124 3402 Ecclesim

459 3419 753 3475 membris
783 3415 1154 3474 numeraret.
1178 3415 1338 3470 lllius
1355 3415 1542 3471 verba
1562 3417 1611 3472 si
1631 3417 1768 3475 quis
1789 3418 1847 3472 in
1872 3417 2127 3473 deterio-

457 3505 589 3545 rem
618 3494 850 3560 partem
899 3488 1111 3560 rapiat,
1154 3485 1345 3541 facilis
1381 3494 1437 3560 et
1483 3485 1764 3560 expedita
1786 3489 2122 3560 responsio.

459 3558 750 3631 Nam'sub
779 3558 964 3613 ﬁnem
990 3558 1174 3631 hujus
1203 3558 1452 3631 canonis
1486 3558 1576 3614 de'
1607 3558 1921 3631 Encratitis
1951 3560 2122 3631 ipsis,

458 3630 522 3687 id
553 3635 659 3694 est,
693 3630 767 3684 de
798 3629 1089 3685 haereticis
1120 3629 1597 3685 lncarnationem
1638 3636 1694 3685 et
1725 3630 1825 3686 Dei
1858 3629 2125 3699 singula-

458 3702 692 3759 ritatem
724 3701 1106 3769 negantibus,
1131 3700 1211 3755 ait
1245 3699 1359 3756 sibi
1382 3715 1503 3756 non
1525 3702 1654 3770 jam
1678 3700 1977 3771 integrum
1997 3716 2126 3757 esse

460 3789 575 3845 eos
587 3773 689 3845 qui
716 3773 857 3845 huic
880 3778 1059 3845 sectae
1109 3771 1417 3845 conjuncti
1458 3777 1597 3828 sunt
1627 3773 1705 3845 ab
1732 3774 2007 3845 Ecclesia
2038 3788 2125 3829 se-

456 3842 706 3916 parare,
725 3844 870 3915 quia
899 3842 1052 3916 duos
1075 3858 1285 3916 eorum
1316 3842 1637 3915 episcopos
1662 3844 1791 3901 sine
1820 3844 2127 3916 baptismo

461 3914 533 3971 ac
565 3915 892 3986 sine_nova
925 3914 1305 3986 ordinatione
1336 3914 1663 3986 receperat.
1704 3914 2125 3971 Nemo—autem

461 3984 871 4057 suspicabitur
897 3985 1180 4057 Basilium
1225 3984 1527 4057 ejusmodi
1558 3986 1873 4043 haereticos
1897 3986 1976 4042 ab
2020 3988 2127 4041 Ec-

460 4055 647 4129 clesia
677 4055 1078 4129 alienissimos
1106 4071 1231 4129 non
1252 4055 1585 4129 iudicasse.
1611 4059 1807 4129 Quare
1828 4057 2127 4129 quidquid

461 4125 863 4181 schismaticis
884 4126 1106 4190 tribuit,
1126 4126 1186 4181 in
1205 4126 1334 4199 sola
1354 4125 1643 4198 baptismi
1661 4125 1943 4199 societate
1967 4125 2127 4199 posi—

460 4204 590 4254 tum
623 4202 729 4251 est.
764 4199 911 4251 Nam
943 4213 1081 4251 cum
1116 4198 1451 4268 Cyprianus
1481 4204 1538 4268 et
1571 4198 1947 4254 Firmilianus
1970 4198 2125 4253 schi-

460 4268 745 4324 smaticos
764 4274 821 4322 et
841 4266 1256 4323 haereticos'ita
1278 4266 1357 4323 ab
1382 4267 1642 4325 Ecclesia
1662 4269 1982 4325 distractos
2006 4286 2127 4325 cre-

458 4339 689 4405 derant,
720 4344 784 4393 ut
809 4338 955 4393 nihil
986 4354 1233 4409 prorsus
1268 4338 1346 4393 ad
1383 4354 1486 4395 eos
1519 4355 1591 4394 ex
1630 4340 1898 4396 fontibus
1931 4340 2126 4396 Eccle—

459 4411 564 4483 siae
589 4408 915 4483 pertineret
934 4428 956 4483 ;7
983 4408 1231 4483 Basilius
1256 4409 1396 4483 huic
1424 4412 1736 4483 sententiae
1765 4427 1887 4483 non
1921 4427 2129 4467 assen-

457 4480 620 4549 titur,
653 4487 710 4537 et
738 4480 800 4536 in
833 4481 1239 4553 schismaticis
1283 4482 1429 4553 quia
1472 4481 1657 4537 ﬁdem
1686 4482 1964 4538 Ecclesiae
1989 4483 2125 4538 reti-
2161 4480 2203 4534 D

455 4560 622 4616 nent,
645 4551 967 4621 vestigium
990 4551 1320 4624 quoddam
1350 4554 1644 4624 agnoscit
1668 4554 2126 4610 necessitudinis

456 4628 516 4680 et
538 4624 839 4679 societatis
872 4622 1027 4678 cum'
1056 4622 1335 4689 Ecclesia,
1358 4623 1439 4677 ita
1470 4628 1533 4678 ut
1556 4623 1757 4680 valida
1788 4641 2129 4681 sacramen-

454 4700 656 4750 torum
688 4694 1131 4767 administratio
1157 4694 1235 4767 ab
1285 4694 1549 4749 Ecclesia
1598 4696 1676 4750 ad
1712 4695 1847 4751 illos
1895 4712 2130 4767 perma-

456 4780 604 4836 nare
629 4765 836 4836 possit.
874 4766 1017 4819 Hinc
1054 4765 1170 4820 sibi
1192 4764 1495 4833 integrum
1534 4771 1717 4831 negat
1737 4764 2130 4822 detestandos

456 4835 772 4908 haereticos
796 4836 876 4908 ab
901 4836 1171 4892 Ecclesia
1205 4851 1513 4908 separare,
1538 4852 1801 4908 quorum
1821 4836 2130 4908 baptisma

459 4912 660 4979 ratum
707 4906 1033 4979 habuerat.
1091 4908 1255 4962 Idem
1304 4907 1524 4962 docent
1558 4906 1705 4962 "duo
1765 4906 2130 4979 prmstantis-

461 4975 593 5049 scimi
621 4977 888 5049 unitatis
926 4977 1302 5049 defensores,
1347 4979 1602 5049 Optatus
1642 4984 1700 5034 et
1729 4975 2128 5047 Augustinus.

462 5047 632 5114 Quod
656 5048 810 5120 enim
844 5048 1092 5120 scissum
1123 5054 1228 5108 est.
1255 5047 1451 5120 inquit
1476 5051 1727 5120 Optatus
1751 5049 1858 5106 lib.
1884 5066 1963 5114 ιιι,
1990 5067 2048 5104 ιι.
2076 5054 2128 5115 9,

461 5133 537 5175 ea:
566 5123 742 5185 parte
770 5118 1021 5172 divisum
1045 5125 1151 5182 est,
1177 5134 1299 5174 non
1325 5118 1401 5175 ea:
1424 5118 1544 5174 toto
1561 5135 1581 5173 :
1602 5134 1733 5175 cum
1757 5126 1985 5176 constet
2012 5137 2130 5176 me-

459 5191 600 5254 rito,
615 5191 758 5259 quia
780 5188 946 5241 nobis
970 5198 1023 5243 et
1048 5189 1209 5243 vobis
1222 5191 1626 5246 ecclesiastica
1640 5206 1765 5246 una
1784 5198 1869 5249 est
1890 5207 2135 5248 conver-

459 5263 637 5326 satio,
671 5260 804 5314 etsi
830 5259 1141 5331 hominum
1183 5262 1425 5330 litigant
1457 5265 1698 5326 mentes,
1732 5278 1853 5317 non
1887 5265 2131 5331 litigant

459 5339 864 5387 sacramenta.
902 5329 1031 5383 Vid.
1065 5330 1167 5383 lib.
1207 5329 1293 5399 1v,
1318 5347 1378 5385 n.
1419 5335 1474 5387 2.
1511 5333 1602 5387 Sic
1642 5332 1823 5388 etiam
1854 5329 2132 5396 Augusti-

460 5417 580 5457 nus
615 5400 717 5474 lib.
753 5417 772 5453 ι
805 5400 1237 5474 Dehbaptismo,
1268 5417 1326 5474 ιι.
1364 5408 1394 5457 3
1431 5418 1442 5456 :
1480 5403 1689 5474 Itaque
1717 5407 1818 5458 isti
1850 5404 2133 5468 (haeretici

464 5477 521 5527 et
546 5470 933 5541 soliismatici)
962 5473 1023 5525 in
1046 5470 1403 5540 quibusdam
1423 5470 1926 5529 rebus—nobiscum
1952 5482 2136 5530 sunt:

466 5544 530 5596 in
563 5542 781 5610 quibus
826 5549 1028 5598 autem
1072 5542 1377 5597 nobiscum
1410 5559 1531 5598 non
1562 5550 1725 5612 sunt,
1749 5551 1813 5599 ut
1846 5546 2136 5602 veniendo

473 5613 802 5689 accipiant,
853 5613 948 5667 vel
989 5612 1334 5689 redeundo.
1351 5615 1668 5689 recipiant,
1711 5615 2132 5689 adhortamur.

479 5678 606 5733 Vid.
637 5679 741 5735 lib.
773 5678 853 5745 ιιι,
885 5698 952 5738 n.
983 5686 1073 5738 26.
1094 5682 1187 5738 Sic
1209 5698 1283 5740 ex
1297 5678 1516 5741 Basilio
1537 5684 1797 5742 haeretici
1817 5684 2138 5743 nobiscum

2311 3199 2721 3275 (41)”Επειο“άν.
2743 3199 2911 3258 Ἐιιὶιὶ
2941 3202 3177 3260 addunt
3206 3199 3284 3271 δέ,
3332 3202 3437 3259 sed
3470 3203 3599 3259 haec
3628 3203 3848 3261 vocula

2236 3275 2405 3333 dcest
2428 3275 2490 3329 in
2520 3275 2805 3330 omnibus
2828 3291 2974 3329 mss.

2308 3347 2423 3417 (4-2)
2477 3345 2904 3419 Καθυϐρίζοντες.
2952 3350 3038 3401 lta
3088 3360 3302 3400 omnes
3331 3361 3476 3401 mss.
3513 3344 3665 3401 Edili
3718 3349 3846 3399 καθ-

2235 3418 2562 3492 υϐρίσαντες.

2307 3486 2423 3555 (43)
2454 3490 2717 3542 Μοντοωόν
2749 3488 2778 3546 ἦ
2814 3487 3153 3560 Πρίσκιλλαν.
3187 3486 3468 3560 Nonnulli
3499 3504 3644 3542 mss.
3680 3489 3844 3545 codi-

2235 3575 2335 3635 ces
2363 3565 2453 3635 καὶ
2480 3559 2818 3635 Πρίσκιλλαν.
2848 3559 2975 3615 Non
3003 3560 3084 3614 ait
3116 3559 3371 3635 Basilius
3414 3562 3843 3635 l’epuzenosin

2234 3630 2605 3703 baptizando
2631 3634 2978 3703 Montanum
3011 3635 3113 3685 aut
3136 3630 3460 3703 Priscillam
3482 3632 3844 3703 nominatim

2236 3700 2611 3783 appellasse;
2661 3702 3259 3783 sed-Pepuzenorum
3297 3700 3609 3783 baptisma
3628 3701 3843 3772 rejicit,

2235 3773 2383 3845 quia
2412 3780 2624 3845 aperte,
2660 3779 2799 3845 sunt
2839 3773 3139 3835 haeretici;
3173 3780 3230 3827 et
3258 3788 3398 3845 cum
3430 3775 3848 3845 eosMontano

2236 3843 2505 3916 crederet
2529 3843 2780 3916 Spiritus
2804 3844 2991 3916 sancti
3014 3859 3237 3916 nomen
3259 3843 3513 3916 deferre,
3536 3843 3686 3916 inde
3702 3860 3847 3900 con-

2237 3915 2425 3970 cludit
2470 3914 2762 3970 eos—dum
2812 3915 3120 3985 baptizant
3171 3914 3233 3969 in
3284 3914 3558 3986 nomine,
3590 3914 3847 3986 Spiritus

2238 3986 2453 4053 sancti,
2480 3989 2826 4042 Montanum
2858 3984 3203 4057 intelligere.
3241 3984 3424 4057 Simili
3452 3984 3681 4040 ratione
3708 3986 3846 4057 reji-

2237 4058 2678 4130 citCyprianus
2706 4058 3008 4128 baptisma
3029 4056 3339 4130 Marcionis
3360 4056 3419 4111 in
3444 4057 3724 4130 epist._ad
3745 4056 3844 4130 Ju-

2236 4127 2552 4192 baianum,
2607 4145 2667 4199 p.
2724 4127 2815 4183 13]
2869 4144 3041 4185 novae
3072 4129 3212 4183 edit.
3260 4127 3575 4198 Nunquid,
3623 4128 3843 4199 inquit,

2240 4199 2397 4255 hanc
2428 4201 2771 4254 Trinitatem
2802 4199 3078 4254 Marcion
3110 4203 3314 4254 tenet?
3353 4199 3652 4269 Nunquid
3674 4214 3848 4254 eum-

2237 4271 2367 4326 dem
2409 4274 2645 4336 asserit,
2695 4285 2869 4340 quem
2917 4276 2970 4326 et
3010 4286 3113 4326 nos
3167 4273 3405 4326 Patrem
3460 4274 3849 4327 creatorem?

2235 4343 2529 4412 Nunquid
2583 4343 2850 4397 eumdem
2908 4344 3073 4397 novit
3128 4342 3350 4396 Filium
3406 4340 3718 4397 Christum
3770 4341 3850 4397 de

2235 4413 2439 4493 Maria
2468 4414 2705 4493 virgine
2734 4416 2985 4493 natum?
3029 4412 3405 4493 Firin‘ilianu's
3454 4418 3635 4493 negat
3664 4415 3850 4493 _C_ata—

2281 4484 2508 4555 hrygas
2564 4483 2626 4538 in
2683 4485 2964 4538 eumdem
3026 4500 3095 4538 ac
3154 4483 3491 4538 Catholicos
3541 4484 3848 4541 Christum

2237 4500 2566 4610 Baptizare.
2617 4555 2761 4610 quia
2809 4556 2861 4608 si
2917 4569 3259 4610 emeramus
3309 4568 3478 4610 auem
3530 4554 3847 4610 Christum

2283 4554 2566 4626 aptizare,
2617 4555 2761 4626 quia
2809 4556 2861 4608 si
2917 4569 3259 4625 quaeramus
3309 4568 3478 4625 quem
3530 4554 3847 4611 Christum

2233 4626 2586 4695 praedicent,
2638 4626 3081 4694 respondebunt
3131 4641 3265 4681 eum
3289 4641 3349 4681 se
3377 4626 3715 4692 pradicare
3742 4628 3853 4697 qui

2236 4699 2465 4752 miserit
2509 4699 2806 4766 Spiritum
2854 4713 2963 4765 per
3004 4698 3355 4752 Montanum
3396 4703 3451 4752 et
3486 4698 3845 4754 Priscillam

2242 4769 2532 4824 locutum.
2584 4785 2640 4839 p.
2680 4772 2779 4821 145
2823 4768 3096 4839 ejusdem
3136 4768 3273 4823 edit.
3309 4767 3844 4832 Quemadmodum

2239 4855 2312 4894 ex
2344 4839 2436 4894 his
2460 4838 2740 4910 Cypriani
2772 4844 2829 4893 et
2863 4838 3181 4910 Firmiliani
3223 4840 3577 4893 testimoniis
3606 4855 3725 4893 non
3750 4854 3843 4892 se-

2288 4910 2445 4964 uitur
2476 4910 2786 4964 haereticos
2818 4909 2949 4964 aliis
2980 4926 3050 4964 ac
3082 4909 3411 4965 catholicos
3442 4911 3499 4964 in
3532 4910 3839 4980 baptizari:

2286 4997 2320 5035 0
2349 4980 2545 5035 verbis
2574 4997 2717 5034 usos
2753 4981 2933 5034 fuisse
2960 4998 2972 5039 :
3000 4981 3081 5035 ita
3113 4997 3222 5035 nec
3266 4981 3338 5035 de
3386 4977 3751 5037 Montanistis
3777 4977 3842 5033 id

2244 5051 2492 5106 Basilius
2524 5052 2726 5106 testari
2756 5052 3094 5106 credendus
3115 5058 3225 5107 est.

2453 5119 2960 5194 Υὸροπαραστάτας.
3002 5123 3148 5177 Editi
3195 5122 3429 5194 addunt
3468 5119 3844 5186 ἀποτακτίτας,

2243 5192 2350 5247 sed
2378 5193 2506 5248 haec
2535 5192 2753 5247 desunt
2778 5194 2838 5247 in
2872 5194 3087 5248 nostris
3120 5192 3406 5248 omnibus
3436 5194 3767 5258 codicibus,
3791 5198 3850 5247 et

2243 5264 2409 5334 apud
2470 5263 2888 5318 Balsamonem
2942 5281 3012 5319 ac
3049 5267 3364 5320 Zonaram.
3416 5265 3645 5319 Ibidem
3704 5263 3850 5319 editi

2246 5332 2319 5386 δι’
2354 5335 2378 5385 ὃ
2408 5336 2464 5391 ἡ.
2498 5335 2698 5408 melius
2741 5337 3005 5407 plerique
3045 5337 3299 5408 codices
3330 5350 3485 5408 quos
3517 5337 3707 5408 secuti
3730 5352 3850 5408 su—

2244 5420 2402 5460 mus.
2439 5406 2620 5477 Paulo
2665 5415 2803 5477 post
2851 5405 2956 5462 sex
2987 5423 3138 5462 mss.
3172 5406 3246 5476 ἐφ’
3280 5405 3509 5465 ἑαυτούς,
3546 5407 3637 5461 Sic
3665 5407 3851 5461 etiam

2244 5476 2980 5549 vetustissima'canonum
3013 5478 3282 5531 collectio
3315 5477 3564 5532 Joannis
3597 5478 3855 5549 patriar-

2246 5546 3248 5629 chas-poustantinopolitani,.qute
3286 5546 3634 5629 asservatur
3671 5548 3732 5603 in
3764 5548 3857 5629 bi-

2245 5617 2547 5673 bliotheca
2576 5617 2960 5674 Coisliniana.
2992 5617 3106 5676 Sed
3132 5617 3244 5674 alii
3274 5618 3514 5674 codices
3546 5630 3686 5674 eum
3717 5620 3855 5675 edi-

2246 5688 2323 5745 tis
2353 5688 2760 5746 consentiunt.
