4152 6380
300 333 410 392 869

1192 334 1677 392 EPISTOLARUM
1710 334 1995 393 CLASSIS
2036 336 2104 393 ll.
2143 333 2366 395 EPIST.
2419 337 2787 399 CLXXXVIIIJ

3576 338 3685 409 670

301 461 473 531 ἔσχον
510 461 608 518 τὴν
662 479 827 535 χαριν
878 466 975 515 τοῦ
1026 459 1182 534 ἁγίου
1234 464 1533 535 Πνεύματος
1560 462 1636 535 ἐφ’
1665 461 1867 524 ἑαυτοῖς
1896 478 1910 493 ⁸

2028 463 2277 536 Spiritus
2306 465 2498 522 sancti
2529 482 2543 520 :
2567 465 2869 525 defecerat
2886 465 3048 524 enim
3069 464 3556 532 communicatio,
3597 466 3687 524 in-

304 546 515 603 ἒπελιπε
544 551 647 622 γὰρ
693 551 724 608 ἡ
758 547 1043 623 μετάδοσις
1072 557 1144 622 τῷ
1173 548 1494 612 διακοπῆναι
1541 556 1637 612 τὴν
1692 550 1914 604 ἀκολου-

306 638 446 690 θίαν.
492 640 560 691 Oi
600 641 690 702 μὲν
738 641 841 712 γὰρ
879 648 1078 713 πρῶτοι
1124 638 1563 715 ἀναχωρήσαντες
1616 644 1762 717 παρά
1814 649 1916 693 τῶν

301 731 545 801 πατέρων
585 729 749 800 ἔσχον
801 730 895 791 τὰς
924 734 1274 802 χειροτονίας,
1321 734 1412 783 καὶ
1460 727 1553 783 διὰ
1590 738 1687 794 τῆς
1738 730 1915 784 ἐπιθέ-

306 836 442 879 σεως
479 824 581 869 τῶν
615 823 815 890 χειρῶν
853 817 1022 871 αὐτῶν
1052 817 1197 891 εἶχον
1248 822 1307 872 τὸ
1344 821 1616 895 (χάρισμα
1668 824 1728 873 τό
1766 840 1916 873 πνευ-

305 909 536 978 ματικόν
567 919 584 935 '
639 906 690 957 οἱ
721 902 782 960 δὲ
832 904 1229 981 ἀπορραγέντες,
1258 907 1430 961 λαῐκοὶ
1475 912 1755 981 γενόμενοι,
1797 912 1915 962 οὔτε

300 1001 402 1046 τοῦ
449 993 751 1067 βαπτίζειν,
803 998 921 1048 οὔτε
969 1003 1063 1048 τοῦ
1091 1004 1408 1070 χειροτονεῖν
1439 995 1583 1070 εἶχον
1628 1003 1723 1057 τὴν
1773 996 1913 1061 ἐξου-

307 1087 454 1149 σίαν,
494 1084 671 1137 οὐκέτι
730 1081 1012 1157 δυνάμενοι
1062 1088 1228 1161 χάριν
1275 1089 1569 1160 Πνεύματος
1610 1088 1760 1160 ἁγίου
1808 1087 1914 1140 ἑτέ,

314 1191 428 1246 ροις
497 1177 773 1245 παρέχειν,
852 1175 911 1236 ἧς
986 1176 1138 1228 αὐτοὶ
1205 1174 1591 1232 ἐκπεπτώκασι.
1658 1181 1769 1247 Διό,
1844 1178 1917 1238 ὡς

304 1265 451 1335 παρά
490 1271 676 1315 Ααῑκῶν
705 1262 1125 1338 βαπτιζομένους
1188 1269 1311 1328 τοὺς
1366 1267 1491 1340 παρ’
1547 1267 1738 1338 αὐτῶν,
1796 1265 1910 1319 ἐκέ-

302 1349 497 1403 )ευσαν
570 1349 885 1425 ἐρχομένους
958 1352 1044 1407 ἐπὶ
1116 1358 1211 1412 τὴν
1275 1354 1589 1414 Ἐκκλησίαν
1641 1363 1713 1426 τῷ
1789 1356 1914 1415 ἁλη-

307 1439 436 1509 θινῷ
493 1437 831 1513 βαπτίσματι
877 1450 952 1513 τῷ
1024 1449 1120 1504 τῆς
1174 1442 1490 1506 Ἐκκλησίας
1564 1442 1913 1520 ἀνακαθαίρε-

302 1530 457 1584 σθαι.
499 1527 714 1589 Ἐπειδὴ
746 1528 806 1585 δὲ
827 1531 956 1594 ὅλως
984 1530 1131 1597 ἔδοξέ
1169 1553 1282 1586 τισι
1311 1543 1412 1586 τῶν
1443 1537 1580 1587 κατά
1599 1539 1695 1594 τὴν
1728 1535 1915 1589 Ἀσίαν

300 1618 606 1691 οἰκονομίας
656 1621 804 1674 ἕνεκα
873 1629 973 1674 τῶν
1044 1622 1244 1676 πολλῶν
1292 1620 1557 1694 δεχθῆναι
1629 1624 1798 1676 αὐτῶν
1854 1628 1914 1678 τὸ

317 1710 625 1782 Βάπτισμα,
665 1712 799 1762 ἔστω
831 1707 1033 1767 δεκτόν.
1086 1716 1157 1766 Τό
1188 1709 1247 1765 δὲ
1275 1720 1376 1765 τῶν
1427 1712 1774 1785 Ἐγκρανιτῶν
1803 1718 1916 1781 (45)

2024 556 2292 626 terrupta
2332 554 2812 613 continuatione.
2868 557 2979 623 Qui
3016 556 3181 613 enim
3207 555 3388 628 primi
3420 571 3684 613 recesse-

2022 646 2178 713 rant,
2226 643 2667 701 ordinationem
2696 660 2732 702 a
2769 646 3047 719 patribus
3092 644 3423 713 habebant,
3481 649 3540 701 et
3575 659 3684 717 per

2023 748 2322 789 manuum
2369 749 2581 790 eorum
2628 734 3078 807 impositionem
3105 733 3420 792 habebant
3446 734 3683 791 donum

2024 821 2377 894 spirituale;
2424 823 2532 895 qui
2575 827 2780 881 autem
2824 824 3037 882 resecti
3086 827 3250 890 sunt,
3298 821 3436 880 laici
3460 821 3678 890 effecti,

2021 926 2136 967 nec
2163 910 2531 984 baptizandi,
2562 928 2673 969 nec
2703 912 3026 969 ordinandi
3055 912 3367 969 habebant
3414 914 3683 984 potesta-

2021 1004 2166 1064 tem,
2196 1006 2260 1058 ut
2284 1001 2391 1073 qui
2418 1017 2543 1058 non
2594 1006 2846 1075 possent
2891 1002 3154 1074 amplius
3194 1001 3449 1073 Spiritus
3490 1000 3683 1058 sancti

2024 1091 2283 1162 gratiam
2305 1092 2437 1148 aliis
2462 1091 2794 1165 praebere,a
2820 1109 2945 1165 qua
2971 1093 3087 1165 ipsi
3116 1080 3684 1157 exciderant.Quare

2023 1196 2152 1247 eos,
2190 1181 2297 1253 qui
2325 1181 2405 1237 ab
2425 1182 2696 1254 ipsorum
2725 1181 2997 1254 partibus
3018 1180 3281 1248 stabant,
3307 1185 3601 1252 tanquam
3644 1194 3683 1237 a

2019 1270 2189 1328 laicis
2229 1270 2586 1343 baptizatos,
2629 1272 2942 1341 jusserunt
2985 1285 3129 1327 vero
3174 1268 3452 1325 Ecclesia
3480 1267 3679 1341 bapti-

2023 1363 2216 1416 smate
2240 1359 2321 1416 ad
2348 1358 2672 1416 Ecclesiam
2696 1359 3000 1417 venientes
3021 1357 3367 1431 expurgari.
3394 1356 3510 1414 Sed
3534 1372 3685 1430 quo-

2019 1448 2187 1505 niam
2206 1447 2512 1504 nonnullis
2532 1447 2806 1504 Asiaticis
2847 1449 3099 1505 omnino
3130 1447 3329 1503 visum
3351 1450 3440 1503 est
3468 1461 3683 1503 eorum

2020 1536 2348 1609 baptisma,
2391 1537 2667 1609 pluribus
2716 1536 3071 1593 consulendi
3120 1550 3326 1602 causa,
3359 1534 3686 1606 suscipien-

2024 1624 2171 1682 dum
2198 1641 2353 1695 esse,
2387 1626 2781 1698 suscipiatur.
2821 1625 3261 1682 Encratitarum
3312 1628 3517 1681 autem
3540 1622 3683 1679 faci-

2023 1729 2140 1770 nus
2164 1719 2529 1786 oportetnos
2551 1714 2909 1785 intelligere.
2967 1712 3280 1784 Nimirum,
3330 1717 3398 1770 ut
3424 1711 3686 1768 reditum

307 1800 661 1871 κακούργημα
686 1808 876 1858 νοῆσαι
928 1802 1063 1873 ἡμᾶς
1102 1798 1205 1870 δεῖ,
1236 1804 1337 1865 ὅτι,
1372 1802 1434 1854 ἶν’
1465 1803 1653 1864 αὐτοὺς
1710 1802 1916 1878 ἀπροσ-

2028 1803 2145 1860 sibi
2175 1805 2236 1859 in
2265 1806 2590 1861 Ecclesiam
2615 1803 3039 1869 intercludant,
3058 1803 3327 1875 aggressi
3348 1808 3489 1859 sunt
3516 1801 3686 1859 dein-

314 1883 538 1948 δέκτους
566 1894 834 1947 ποιήσωσι
862 1898 922 1962 τῇ
974 1890 1284 1964 Ἐκκλησία,
1331 1894 1683 1966 ὶπεχείρησαν
1738 1892 1916 1945 λοιπὸν

306 1971 430 2047 ἰδίῳ
490 1977 1010 2051 προκαταλαμϐάνειν
1071 1978 1409 2052 βαπτίσματι
1443 1996 1456 2010 ·

305 2067 586 2124 συνήθειαν
616 2072 712 2126 τὴν
768 2068 959 2121 ἑαυτῶν
1016 2070 1417 2143 παρεχάραξαν.
1449 2070 1668 2142 Νομίζω
1722 2075 1915 2125 τοίνυν,

1510 1983 1623 2034 ὅθεν
1690 1986 1778 2035 καὶ
1824 1985 1918 2039 τὴν

299 2155 404 2224 ὅτι,
449 2152 633 2214 ἐπειδὴ
688 2154 840 2211 οὐδέν
893 2156 1006 2210 ἐστι
1070 2165 1189 2233 περὶ
1232 2159 1401 2211 αὐτῶν
1456 2168 1678 2234 φανερῶς
1736 2156 1920 2231 διηγο’

299 2248 567 2316 ρευμένον,
598 2246 739 2317 ἡμᾶς
775 2254 1038 2321 προσῆκεν
1078 2246 1274 2301 ἀθετεῖν
1305 2248 1473 2300 αὐτῶν
1512 2252 1569 2301 τί
1600 2248 1914 2321 βάπτισμα*

299 2334 398 2384 κᾶν
445 2352 521 2393 τις
650 2335 772 2407 παρ’
831 2335 995 2388 αὐτῶν
1045 2335 1287 2408 εἰληφὼς,
1346 2356 1637 2411 προσιόντα
1686 2346 1748 2411 τῇ
1794 2338 1916 2392 Ἐκ-

301 2420 505 2493 κλησίᾳ
563 2420 864 2494 βαπτίζειν.
1078 2429 1252 2497 μέντοι
1303 2425 1476 2497 μέλλοι
1524 2429 1638 2495 (46)
1679 2434 1742 2499 τῇ
1793 2430 1918 2481 καθ-

308 2509 431 2562 όλου
462 2510 735 2583 οἰκονομίᾳ
762 2508 1014 2583 ἐμπόδιον
1061 2515 1277 2566 ἔσεσθαι
1301 2521 1475 2580 τοῦτο,
1506 2515 1661 2567 πάλιν
1694 2523 1767 2585 τῷ
1816 2518 1918 2569 ἔθει

302 2605 600 2671 χρηστέον,
653 2604 744 2652 καὶ
775 2608 885 2662 τοῖς
924 2601 1304 2674 οἰκονομησασι
1341 2606 1409 2655 τὰ
1454 2604 1571 2656 καθ’
1625 2605 1765 2676 ἡμᾶς
1812 2611 1916 2658 Πα-

302 2692 496 2761 τροὶσιν
552 2688 948 2748 ἀκολουθητέον.
1015 2691 1310 2767 ’Υφορῶμαι
1383 2695 1481 2767 γὰρ
1557 2698 1776 2765 μήποτε,
1849 2697 1916 2757 ὡς

308 2777 608 2852 βουλόμεθα
657 2778 910 2853 ὀκνηροὺς
936 2780 1128 2842 αὐτοὺς
1177 2786 1297 2854 περὶ
1338 2784 1396 2834 τὸ
1448 2780 1726 2853 βαπτίζειν
1754 2791 1917 2842 ποιῆ-

311 2886 429 2935 σαι,
486 2864 849 2940 ἐμποδίσωμεν
905 2877 1017 2929 τοῖς
1050 2870 1362 2941 σωζομένοις
1418 2867 1513 2923 διὰ
1550 2874 1609 2923 τὸ
1657 2876 1749 2932 της
1791 2891 1917 2946 προ-

309 2957 510 3017 τάσεως
561 2957 870 3029 αὐστηρόν.)
921 2959 981 3011 Εἰ
1015 2956 1074 3010 δὲ
1104 2958 1287 3012 ἐκεῖνοι
1338 2959 1673 3032 φυλάσσουσι
1704 2964 1762 3013 τό
1794 2963 1917 3033 ἡμέ-

310 3062 452 3119 τερον
498 3044 799 3119 βάπτισμα,
830 3055 994 3100 τοῦτο
1031 3050 1171 3120 ἡμᾶς
1208 3053 1280 3120 μὴ
1324 3045 1655 3102 δυσωπείτω.
1707 3050 1781 3101 0'5
1816 3053 1916 3123 γὰρ

2026 1908 2169 1965 ceps
2206 1894 2454 1967 proprio
2500 1893 2870 1965 baptismate
2915 1908 3389 1966 praeoccupare:
3426 1890 3586 1947 unde
3632 1892 3690 1945 et

2027 1999 2200 2039 suam
2226 1983 2496 2055 ipsorum
2527 1983 3029 2039 consuetudinem
3057 1981 3380 2038 violarunt.
3398 1980 3688 2037 Existimo

2025 2070 2249 2143 itaque,
2282 2070 2574 2143 quoniam
2620 2069 2770 2127 nihil
2799 2069 2874 2126 de
2900 2069 3013 2126 illis
3043 2073 3247 2142 aperte
3293 2068 3523 2125 dictum
3575 2070 3685 2136 est,

2028 2175 2240 2216 eorum
2282 2160 2590 2231 baptisma
2621 2175 2657 2216 a
2683 2158 2859 2215 nobis
2887 2157 3280 2229 rejiciendum
3308 2172 3439 2213 esse
3465 2175 3478 2224 ;
3531 2171 3603 2212 ac
3634 2161 3683 2217 si

2027 2250 2165 2323 quis
2203 2250 2280 2307 ab
2312 2250 2396 2305 eis
2433 2250 2751 2322 acceperit,
2801 2248 3191 2304 accedentem
3229 2246 3308 2304 ad
3360 2244 3686 2305 Ecclesiam

2025 2338 2486 2411 baptizandum.
2537 2337 2736 2407 (Quod
2774 2337 2824 2392 si
2879 2337 2996 2393 hoc
3041 2333 3307 2407 generali
3332 2334 3686 2392 teconomiaa

2024 2428 2461 2501 impedimento
2491 2427 2619 2497 erit,
2672 2441 2883 2483 rursus
2907 2424 3343 2483 consuetudine
3391 2422 3688 2480 utendum

2027 2523 2137 2587 est,
2174 2521 2231 2572 et
2258 2517 2429 2589 sequi
2468 2519 2703 2589 oportet
2727 2516 2955 2584 Patres,
2981 2514 3087 2589 qui
3110 2529 3248 2587 quae
3278 2512 3358 2569 ad
3407 2528 3521 2568 nos
3550 2526 3688 2584 per-

2024 2605 2232 2672 tinent,
2260 2605 2792 2678 dispensaverunt.
2822 2606 3039 2660 Vereor
3073 2602 3257 2670 enim,
3284 2615 3380 2665 ne,
3403 2599 3553 2655 dum
3585 2615 3687 2655 eos

2024 2694 2310 2751 volumus
2348 2694 2428 2749 ad
2475 2693 2910 2765 baptizandum
2948 2691 3154 2749 tardos
3183 2690 3400 2756 facere,
3424 2688 3687 2761 impedi-

2024 2788 2232 2838 mento
2264 2787 2505 2855 propter
2540 2781 2847 2837 sententiae
2876 2780 3255 2837 severitatem
3277 2778 3464 2834 simus
3492 2778 3563 2833 iis
3583 2776 3688 2850 qui

2026 2874 2383 2943 salvantur.)
2438 2871 2609 2939 Quod
2642 2871 2691 2926 si
2721 2870 2805 2927 illi
2835 2873 3111 2925 nostrum
3146 2868 3524 2940 baptismum
3564 2882 3684 2922 ser-

2025 2966 2192 3029 vant,
2225 2964 2340 3018 hoc
2370 2978 2481 3018 nos
2510 2976 2635 3017 non
2659 2965 2919 3017 moveat.
2947 2962 3149 3033 Neque
3178 2959 3339 3014 enim
3386 2957 3683 3013 debemus

2024 3067 2139 3125 par
2164 3050 2297 3123 pari
2352 3048 2590 3116 referre,
2635 3050 2742 3105 sed
2794 3052 3071 3104 accurate
3126 3063 3430 3103 canonum
3483 3045 3686 3102 obser-

308 3131 643 3188 ἀντιδιδόναι
716 3136 895 3198 αὐτοῖς
969 3138 1250 3190 ὑπεύθυνοι
1321 3140 1484 3212 χάριν
1560 3137 1733 3211 ἐσμὲν,
1794 3138 1921 3191 ἀλλά

2028 3141 2251 3196 vationi
2283 3138 2526 3195 servire.
2552 3140 2725 3195 Omni
2757 3141 2961 3194 autem
3008 3137 3239 3192 ratione
3267 3138 3589 3203 statuatur,
3620 3136 3687 3191 ut

308 3219 571 3276 δουλεύειν
627 3223 869 3299 ἀκριϐείᾳ
919 3232 1163 3278 κανόνων.
1214 3233 1378 3280 Παντὶ
1428 3224 1487 3280 δὲ
1548 3227 1684 3299 λόγῳ
1743 3248 1920 3281 τυπω-

309 3313 471 3379 θήτω,
518 3316 636 3373 τοὺς
703 3312 804 3366 ἀπὸ
834 3321 925 3365 τοῦ
979 3313 1289 3388 βαπτισμοϋ
1339 3315 1542 3369 ἐκείνων
1593 3318 1706 3387 (47)
1759 3337 1920 3390 προσ-

305 3406 620 3475 ερχομένους
690 3405 946 3476 χρίεσθαι
1020 3403 1102 3456 ἐπὶ
1176 3413 1276 3456 τῶν
1371 3414 1574 3457 πιστῶν
1653 3403 1918 3474 δηλονότι,

305 3496 399 3543 καὶ
450 3491 585 3544 οὕτω
650 3496 923 3565 προσιέναι
963 3500 1073 3553 τοῖς
1137 3499 1473 3565 μυστηρίοις.
1529 3492 1671 3547 Οἶδα
1719 3492 1796 3558 δὲ,
1840 3496 1922 3547 ὅτι

307 3583 431 3642 τοὺς
500 3577 752 3653 ἀδελφοὺς
799 3586 923 3644 τοὺς
976 3586 1096 3656 περὶ
1139 3583 1293 3643 Ἰζοίν
1343 3586 1475 3652 (48),
1537 3589 1628 3637 καὶ⁹
1684 3591 1921 3658 Σατορνῖ·

310 3688 415 3734 νον,
464 3667 553 3722 ἀπ’
593 3668 792 3732 ἐκείνης
851 3674 1002 3733 ὄντας
1062 3680 1156 3733 τῆς
1222 3672 1435 3739 τάξεως,
1488 3669 1921 3747 προσεδεξάμεθα

310 3757 383 3820 εἰς
430 3762 524 3817 τήν
596 3756 857 3834 καθέδραν
921 3768 1021 3813 τῶν
1083 3760 1400 3817 ἐπισκόπων.
1456 3760 1619 3814 Ὠστε
1667 3767 1790 3824 τοὺς
1846 3770 1919 3834 τῷ

381 3971 497 4039 (45)
526 3976 639 4023 Τῶν
668 3969 1031 4043 Ἐγκρατιτῶν.
1049 3974 1168 4027 Hoc
1191 3972 1623 4028 Encratitarnm
1654 3973 1920 4030 facinore

312 4056 438 4098 non
463 4048 748 4113 corrupta
776 4044 1111 4098 essentialis
1133 4043 1419 4114 baptismi
1454 4044 1668 4110 forma,
1686 4046 1789 4100 sed
1817 4062 1920 4102 no-

310 4127 405 4194 vae
426 4113 711 4194 quaedam
734 4113 1566 4194 adjectis-eteremo_nite.Nam
1595 4117 1665 4194 in
1686 4132 1918 4194 canone

309 4186 380 4239 47
414 4184 496 4238 sic
523 4200 626 4239 eos
652 4184 964 4255 loquentes
993 4185 1319 4251 inducit,ln
1347 4188 1591 4242 Patrem
1613 4193 1669 4242 et
1693 4188 1917 4244 Filium

312 4261 367 4313 et
381 4256 680 4329 Spiritum
698 4256 987 4324 baptzzati
995 4272 1219 4329 sumus.
1232 4257 1374 4311 Hinc
1386 4274 1594 4313 eorum
1619 4258 1922 4329 baptisma

309 4333 510 4382 ratum
541 4326 936 4398 habet,siqua
952 4328 1222 4383 inciderit
1249 4331 1450 4392 magni
1476 4326 1759 4384 momenti
1780 4346 1916 4385 cau-

313 4397 596 4481 εδ...ροοά
627 4397 1083 4481 au-tem;ait_hoc
1124 4399 1499 4481 facinus-eos
1528 4402 1811 4481 incipere,
1852 4407 1919 4481 iit

313 4467 573 4523 reditum
602 4471 710 4523 sibi
728 4485 792 4524 ιη
809 4470 1138 4526 Ecclesium
1167 4467 1917 4538 intercludant,videturid
1953 4479 1994 4531 D

319 4540 743 4613 primagspecie
771 4542 828 4595 in
871 4556 1006 4613 eam
1060 4546 1416 4595 sententiam
1472 4542 1915 4613 accipiendum,

318 4608 497 4681 Quasi
520 4608 828 4666 Encratitas
860 4612 1175 4683 baptisma
1197 4628 1373 4665 suum
1392 4626 1464 4667 ea
1486 4608 1681 4667 metite
1701 4615 1937 4683 immu-,

318 4685 563 4744 tassent,
590 4682 1000 4738 utCatholicos
1024 4682 1099 4737 ad
1123 4683 1265 4738 illud
1286 4683 1675 4753 rejiciendum
1713 4684 1916 4739 incita-

319 4755 470 4824 rent.
504 4754 709 4824 sicque
736 4753 940 4823 plures
973 4756 1030 4809 in
1075 4763 1235 4808 secta
1261 4758 1590 4808 contineret
1628 4754 1836 4809 odium
1864 4762 1921 4809 et

314 4822 461 4896 fuga
487 4822 629 4896 novi
659 4822 1056 4896 baptismatis.
1084 4825 1460 4879 Abborrebat
1488 4826 1645 4879 enim
1673 4827 1751 4879 ab
1792 4841 1917 4881 om-

313 4894 487 4951 nium
533 4894 756 4967 animis
806 4896 1086 4951 itercatus
1134 4897 1490 4967 baptismus,
1526 4903 1587 4951 ut
1644 4898 1919 4967 pluribus

314 4966 608 5037 exemplis
636 4967 853 5037 probat
881 4966 1420 5037 Augustinuslibw
1442 4971 1519 5023 De
1535 4966 1916 5035 baptismom.

312 5037 618 5110 6.Videtur
646 5052 791 5106 ergo
810 5038 1004 5109 prima
1032 5040 1229 5107 specie
1256 5040 1583 5110 Encratitis,
1609 5054 1701 5105 ea,
1732 5054 1919 5110 quam

315 5107 758 5180 dixi.exstltisse
776 5107 1097 5171 causa,cur
1118 5109 1488 5180 baptismum
1508 5111 1584 5163 im
1599 5107 1915 5165 mutarent.

314 5183 505 5250 Atque
535 5181 616 5234 ita
645 5179 807 5235 hunc
829 5181 1027 5235 locum
1049 5179 1468 5250 interpretatur
1487 5181 1918 5247 Tillemontius,

313 5254 461 5306 tom.
488 5252 571 5315 IV,
607 5255 797 5322 p.628.
826 5254 920 5307 Sic
949 5250 1129 5305 etiam
1151 5251 1305 5323 illius
1334 5251 1611 5321 exemplo
1638 5252 1922 5323 interpres

313 5326 471 5376 tatus
494 5337 629 5401 sum
659 5323 715 5376 in
738 5323 1078 5402 Prtefpova}
1097 5321 1375 5402 Cypriani
1398 5337 1650 5402 Operum
1675 5321 1920 5402 editioni

308 5393 630 5464 praemissa
660 5409 795 5463 cap.
825 5396 878 5458 4,
914 5397 1101 5464 p.12.
1129 5393 1237 5447 Sed
1273 5394 1409 5446 huic
1448 5393 1919 5464 interpretationi

312 5462 438 5520 ᾗσι]
463 5462 745 5535 convenit
772 5462 1037 5535 cum‘his
1067 5480 1205 5535 quae
1224 5465 1395 5535 addit
1422 5462 1685 5520 Basilius.
1725 5464 1919 5519 Vereri

311 5535 475 5590 enim
500 5550 562 5588 se
590 5534 887 5602 signiﬁcat
907 5551 983 5590 ne
1006 5533 1469 5604 Catholici,dum
1493 5535 1821 5589 Encratitas
1840 5536 1920 5590 ab

310 5606 432 5664 hac
459 5605 748 5676 baptismi
784 5605 1202 5661 immutatione
1241 5605 1535 5676 deterrere
1577 5604 1804 5676 volunt,
1835 5604 1921 5660 ni-

314 5677 511 5733 mium
546 5674 811 5731 restricti
832 5676 949 5731 sint
972 5681 1029 5733 et
1072 5674 1262 5733 severi
1286 5677 1348 5732 in
1376 5690 1588 5731 eorum
1615 5675 1919 5747 baptismo

2027 3230 2070 3286 ii
2100 3228 2203 3302 qui
2234 3228 2313 3284 ab
2338 3228 2574 3284 illorum
2610 3227 2914 3300 baptismo
2945 3226 3213 3293 veniunt,
3255 3228 3558 3295 ungantur
3583 3239 3685 3278 co-

2028 3335 2160 3376 ram
2190 3316 2473 3372 ﬁdelibus
2498 3315 2795 3383 videlicet,
2820 3319 2875 3372 et
2896 3315 2976 3371 ita
3002 3314 3250 3371 demum
3276 3313 3355 3369 ad
3399 3312 3686 3384 mysteria

2028 3405 2342 3463 accedant.
2376 3405 2509 3461 Scio
2555 3409 2780 3469 autem,
2812 3403 3049 3470 fratres,
3081 3403 3365 3472 Izoinum,
3395 3405 3453 3456 et
3480 3402 3683 3455 Satur-

2030 3496 2263 3558 ninum,
2287 3494 2391 3567 qui
2419 3496 2589 3549 erant
2618 3509 2692 3549 ex
2738 3492 2982 3549 illorum
3012 3492 3246 3561 ordine,
3278 3490 3339 3547 in
3369 3490 3684 3565 episcopo-

2027 3601 2163 3642 rum
2194 3583 2543 3640 cathedram
2575 3599 2610 3639 a
2632 3582 2807 3638 nobis
2837 3598 2970 3638 esse
3002 3588 3341 3653 susceptos.
3362 3581 3557 3647 Quare
3581 3595 3685 3636 eos

2028 3673 2132 3747 qui
2178 3673 2418 3731 illorum
2446 3671 2643 3727 ordini
2673 3671 2981 3740 conjuncti
3009 3674 3169 3737 sunt,
3200 3684 3325 3726 non
3356 3684 3683 3740 possumus

2027 3762 2288 3835 amplius
2317 3760 2394 3817 ab
2425 3759 2692 3817 Ecclesia
2720 3774 3046 3832 separare;
3092 3758 3200 3831 qui
3252 3757 3473 3813 scilicet
3520 3772 3683 3811 com-

2026 3972 2377 4045 rejiciendo;
2411 3972 2747 4045 Sperabant
2775 3984 2918 4039 ergo
2954 3969 3238 4045 Catholici
3280 3967 3576 4045 tardiores
3592 3966 3683 4045 _ad

2027 4039 2331 4115 ejusmodi
2361 4039 2671 4115 baptisma
2702 4045 3032 4115 Encratitas
3062 4039 3556 4115 futuros,si_illud
3582 4040 3683 4115 Ga-

2026 4110 2228 4193 tholici
2253 4110 2704 4193 ratum—habere
2732 4114 2996 4193 nollent;
3034 4113 3259 4169 nedum
3288 4112 3403 4193 ipsi
3429 4110 3686 4193 Encrati-

2025 4194 2099 4245 tas
2131 4185 2508 4258 baptismatis
2540 4185 3025 4258 immutationem
3046 4201 3126 4258 _eo
3156 4182 3411 4258 consilio,
3433 4182 3684 4258 induxej

2024 4261 2163 4323 rint,
2195 4253 2255 4313 ut
2282 4256 2585 4327 ejusmodi
2614 4257 2917 4327 baptisma
2940 4256 3146 4325 verba,
3178 4261 3244 4309 ut
3268 4255 3536 4327 (editum
3571 4253 3686 4307 sibi

2024 4333 2087 4386 in
2123 4325 2446 4384 Ecclesium
2498 4325 2934 4389 intercludant,
2964 4344 3087 4383 non
3110 4325 3428 4382 consilium
3458 4330 3515 4378 et
3539 4337 3684 4394 pro—

2026 4403 2284 4473 positum
2307 4399 2740 4473 Encratitarum
2753 4397 3205 4473 designant,sed
3225 4394 3682 4473 incommodum

2070 4472 2191 4527 uod
2232 4487 2302 4525 ex
2337 4486 2544 4525 eorum
2579 4469 2842 4541 facinore
2872 4464 3396 4541 consequebatur;
3432 4465 3595 4541 velut
3634 4464 3683 4518 si

2070 4488 2191 4527 uoa
2232 4488 2302 4525 ex
2337 4488 2544 4525 eorum
2579 4488 2842 4525 racmore
2872 4488 3396 4541 consequebatur;
3435 4488 3595 4518 νυιυι.
3634 4488 3681 4518 δι

2026 4488 2304 4599 gicamus
2345 4542 2608 4612 aliquem
2662 4540 2859 4595 scelus
2912 4540 3246 4606 admittere,
3279 4543 3344 4592 ut
3395 4540 3681 4591 aeternam

2028 4614 2140 4669 sibi
2171 4613 2623 4668 damnationem
2665 4617 2955 4666 accersat.

2098 4686 2207 4751 (46)
2242 4683 2447 4737 Minoi.
2472 4682 2860 4754 Sicplertque
2884 4697 3029 4754 mss.
3062 4678 3215 4754 Editi
3231 4677 3415 4754 μέλλῃ.

2103 4745 2215 4824 (47)
2246 4756 2374 4806 Ἀπὸ
2407 4763 2499 4805 του
2554 4745 2863 4825 βαπτιλσμοῦ
2922 4751 3147 4825 ἐκείνων.
3187 4745 3279 4805 Sic
3331 4745 3682 4825 emendavi:

2029 4822 2165 4881 mus
2196 4822 2309 4897 cpe
2337 4822 2594 4897 duorum
2624 4822 2902 4897 codicum
2928 4823 3274 4897 Regiorum,
3300 4834 3519 4897 nempe
3541 4822 3681 4873 2502

2029 4905 2085 4952 et
2112 4889 2274 4957 2508,
2307 4897 2471 4968 quod
2503 4894 2814 4968 legebatur
2844 4893 2902 4968 in
2957 4889 3129 4947 editis
3151 4891 3245 4968 έπί
3290 4898 3360 4961 τῷ
3395 4889 3682 4968 βαπτισμῷ

2030 4969 2220 5039 ἐκείνῳ.
2274 4961 2532 5039 Quidam
2573 4961 2823 5039 codices
2872 4964 2958 5017 ἐπὶ
3139 4961 3426 5039 βαπτισμῷ
3484 4961 3678 5039 ἐκείνῳ.

2027 5040 2141 5093 Alii
2163 5033 2302 5092 cum
2333 5037 2503 5091 editis
2535 5035 2937 5097 consentiunt,
2972 5033 3086 5089 nisi
3107 5033 3273 5106 quod
3304 5033 3532 5090 habent
3553 5034 3683 5085 ἑκεί-

2027 5126 2143 5163 νων.
2194 5108 2420 5162 Ibidem
2450 5107 2591 5161 editi
2634 5108 2734 5159 ὑπὸ
2766 5115 2866 5158 τῶν
2892 5114 3111 5161 πιστῶν.
3166 5108 3387 5163 Omnes
3429 5121 3575 5159 mss.
3618 5108 3683 5158 ut

2026 5181 2087 5236 in
2117 5184 2299 5234 textu.

2098 5253 2211 5320 (18)
2244 5249 2422 5309 Ἰζοῖν.
2457 5249 2857 5320 Οιιωνωδαηει
2888 5249 2964 5303 sit
2992 5248 3107 5304 hac
3136 5247 3196 5303 in
3226 5262 3372 5320 voce
3399 5244 3681 5320 codicum

2028 5316 2634 5391 mss.varietas,sequi
2661 5318 2989 5375 maluimus
3028 5325 3146 5375 tres
3172 5319 3408 5391 codices
3436 5316 3681 5391 optimas

2025 5397 2210 5454 notas,
2249 5406 2467 5463 nempe
2516 5389 2672 5446 duos
2708 5391 2936 5463 Regios
2964 5395 3037 5463 et
3088 5389 3515 5463 Coislin‘ianum
3548 5389 3681 5463 _pri-

2028 5479 2219 5537 mum.
2274 5464 2371 5537 llis
2398 5457 2627 5537 :favent
2656 5457 2869 5537 plures
2925 5461 3141 5537 alji_in_
3189 5459 3413 5537 quibus
3444 5457 3680 5537 legitur,

2030 5532 2331 5600 Ἰζώην,νθὶ
2352 5530 2682 5598 ἸζωίονΝΘΪ
2700 5532 2892 5592 ἰζόην.
2910 5532 3019 5587 Alii
3044 5530 3272 5587 habent
3289 5530 3470 5582 Ζωῖον.
3502 5530 3678 5582 Pauci

2028 5621 2169 5662 cum
2207 5603 2381 5660 editis
2418 5608 2557 5656 Ζοεν.
