4152 6386
302 344 405 403 681

1218 333 1703 396 EPISTOLARUM
1740 331 2023 391 CLASSIS
2062 333 2130 389 II.
2173 332 2389 391 EPIST.
2427 331 2796 391 CLXXXVIII.

3578 337 3686 393 682

298 473 464 543 νομίᾳ
515 466 587 531 εἰς
625 464 890 541 ἕπιορκίαν
920 462 1060 536 αύτῷ
1097 462 1157 516 οὗ
1210 462 1604 536 λογισθήσεται,
1633 457 1728 523 διὰ
1754 461 1813 512 τὸ
1840 461 1911 533 μὴ
1944 474 1961 515 Α

2057 456 2462 530 lispensationi
2490 459 2540 515 si
2591 458 2858 528 cesserit,
2888 456 2952 514 id
2982 456 3036 513 ei
3083 456 3330 529 perjurii
3374 457 3511 517 loco
3558 473 3685 518 non

297 559 660 634 προσκεῖσθαι
712 562 786 625 τῷ
844 555 1002 629 ὅρκῳ,
1043 549 1183 626 μηδὲ
1227 554 1359 628 πρὸς
1397 550 1582 626 βραχύ
1637 549 1917 624 ἀναχωρὴ-

302 668 415 703 σειν
446 648 563 720 (73)
616 640 915 711 Μινδάνων,
973 642 1102 695 ἀλλὰ
1155 650 1466 719 παραμενεῖν
1499 642 1571 703 εἰς
1623 643 1680 694 τὸ
1712 638 1912 712 ἐφεξῆς.

300 744 515 812 Σευήρῳ
546 733 627 804 δὲ,
661 734 1097 811 προφασιζομένῳ
1149 738 1243 791 τὴν
1277 734 1463 801 λήθην,
1497 733 1648 804 ἡμεῖς
1690 750 1913 802 συγχω-

298 833 558 906 ρήσομεν,
610 824 850 885 εἰπόντες,
902 826 982 875 ὅτι
1028 831 1128 875 τῶν
1169 830 1407 897 κρυπτῶν
1436 827 1679 895 γνὼστης
1727 818 1785 871 ού
1816 837 1911 871 πε·-

296 917 549 995 ριόψεται
595 918 691 973 τὴν
720 913 904 967 ἑαυτοῦ
937 912 1248 971 Ἐκκλησίαν
1279 914 1378 965 ὑπὸ
1434 913 1674 964 τοιούτου
1716 908 1911 981 λυμαι-

296 1012 557 1082 νομένην·
627 1010 899 1064 ποιοῦντος
972 1004 1058 1054 ιιεν
1120 1001 1470 1063 ἀκανονίστως
1520 1004 1579 1053 τό
1617 998 1669 1063 ἐξ
1716 998 1909 1073 ἀρχῆς.

302 1101 446 1173 ὅρκῳ
477 1091 537 1148 δὲ
555 1089 1012 1165 καταδεσμοῦντος
1040 1093 1184 1166 παρὰ
1222 1092 1289 1143 τὰ
1326 1089 1618 1163 Εύαγγέλια
1640 1107 1652 1120 ·
1706 1106 1912 1163 παρορ-

301 1194 414 1241 κεῖν
471 1181 531 1239 δε
575 1179 928 1244 διδάσκοντος
976 1177 1047 1234 δι²
1075 1189 1143 1233 ῶν
1186 1181 1453 1254 μετετέθη,
1494 1174 1818 1251 ψευδομένου
1853 1173 1912 1229 δὲ

304 1283 399 1330 νῦν
431 1272 501 1329 δι’
531 1272 598 1325 ὧν
639 1272 750 1345 (74)
798 1274 893 1330 τὴν
940 1270 1104 1329 λήθην
1151 1269 1567 1344 σχηματίξεται.
1602 1263 1817 1325 Ἐπειδὴ
1854 1262 1912 1319 δε

305 1366 409 1421 οὐκ
463 1363 611 1437 ἔσμεν
653 1357 887 1436 καρδιῶν
943 1365 1142 1435 κριταὶ,
1187 1358 1291 1412 ἀλλ’
1321 1359 1373 1422 ἐξ
1416 1356 1482 1411 ὧν
1522 1357 1772 1430 ἀκούομεν
1802 1360 1914 1431 κρί-

301 1471 495 1529 νομεν’
552 1449 724 1524 δῶμεν
780 1450 852 1521 τῷ
917 1455 1093 1524 Κυρίῳ
1144 1454 1239 1509 τὴν
1295 1445 1591 1515 ἐκδίκησιν,
1648 1446 1797 1499 αὐτοὶ
1856 1441 1914 1498 δε

302 1541 632 1619 ἆδιακρίτως
683 1539 838 1593 αὐτὸν
894 1535 1182 1613 δεξώμεθα,
1239 1543 1553 1611 συγγνώμην
1602 1532 1776 1598 δόντες
1831 1533 1915 1588 ἀν·

302 1637 551 1709 θρωπίνῳ
576 1632 754 1701 πάθει,
782 1636 844 1703 τῇ
873 1628 1033 1702 λήθῃ.

383 1811 484 1868 ῙΑ’.
532 1811 595 1865 Ὀ
626 1806 686 1863 δε
726 1811 814 1863 τὸν
864 1808 1112 1861 ἀκούσιον
1162 1810 1392 1870 ποιήσας
1442 1810 1591 1879 φόνον
1626 1804 1918 1881 ἀρκούντως
1949 1819 1989 1873 Β

306 1902 637 1977 ἐξεπλήρωσε
690 1904 782 1958 τήν
841 1893 997 1957 δίκην
1050 1896 1099 1950 ἐν
1164 1902 1272 1957 τοῖς
1320 1892 1504 1949 ἕνδεκα
1541 1898 1696 1950 ἔτεσι.
1757 1894 1916 1953 Δῆλον

305 1996 438 2068 γὰρ,
496 1993 574 2043 ὅτι
630 1988 717 2042 ἐπὶ
768 1996 867 2065 τῶν
915 1988 1213 2059 πληγέντων
1264 1988 1331 2038 τὰ
1381 1990 1645 2048 Μωῡσέως
1682 2003 1919 2059 ⁴ιάρατη-

311 2088 580 2159 ρησομεν·
634 2084 724 2131 καὶ
773 2080 860 2131 τὸν
918 2076 1292 2130 κατακλιθέντα
1356 2078 1446 2149 μὲν
1498 2075 1581 2128 ἐπὶ
1637 2083 1736 2127 τῶν
1778 2073 1917 2132 πλη-

310 2181 420 2247 γῶν
473 2170 536 2233 ἃς
582 2168 747 2240 ἔλαϐε,
802 2164 1105 2241 βαδσίαντα
1154 2163 1213 2219 δὲ
1260 2166 1414 2219 πάλιν
1472 2168 1555 2218 ἐπὶ
1612 2173 1673 2238 τῇ
1736 2162 1917 2241 ῥάϐδῳ

312 2261 502 2327 αὐτοῦ,
561 2258 620 2312 ού
676 2258 997 2330 λογισόμεθα
1040 2258 1407 2329 πεφονεῦσθαι.
1474 2255 1536 2308 Εἰ
1584 2252 1643 2308 δε
1689 2259 1780 2307 καὶ
1826 2255 1920 2307 ούκ

311 2352 564 2417 ἐξανίστη
623 2351 756 2422 μετὰ
810 2350 901 2408 τὰς
956 2346 1179 2419 πληγὰς,
1235 2345 1342 2398 ἀλλ’
1402 2342 1489 2398 οὖν
1542 2354 1614 2417 τῷ
1665 2349 1737 2419 μὴ
1791 2364 1920 2418 προ-

314 2442 532 2497 ελίσθαι
585 2437 740 2491 αὐτόν
795 2435 982 2489 ἀνελεῖν
1015 2438 1040 2488 ὁ
1071 2440 1345 2497 τυπτήσας
1398 2439 1641 2509 φονευτής
1670 2436 1781 2509 μὲν,
1816 2432 1921 2487 ἀλλ’

316 2530 569 2590 ἀκούσιος
611 2524 705 2581 διὰ
731 2531 823 2586 τὴν
848 2527 1115 2601 πρόθεσιν.

394 2617 490 2675 ῙΒ’.
566 2621 700 2679 Τοὺς
761 2612 1022 2689 διγάμους
1072 2614 1334 2677 παντελῶς
1392 2614 1419 2667 ὁ
1468 2617 1633 2667 κανὼν
1687 2622 1782 2676 τῆς
1834 2614 1931 2666 ύπ-

317 2730 354 2771 η
361 2713 547 2785 ρεσίας
573 2705 867 2760 ἀπέκλεισε.

399 2797 495 2854 ῙΓ’·
550 2800 682 2860 Τοὺς
733 2794 781 2848 ἐν
811 2794 1050 2869 πολέμοις
1090 2798 1269 2868 φόνους
1316 2796 1365 2847 οἱ
1421 2797 1629 2869 πατέρες
1684 2796 1830 2868 ἡμῶν
1884 2791 1933 2846 ἐν

320 2897 436 2951 τοῖς
474 2892 646 2961 φόνοις
684 2885 778 2938 ούκ
822 2884 1154 2957 ἐλογίσαντο·
1198 2883 1312 2956 ἐμοὶ
1369 2879 1561 2950 δοκεῖν,
1623 2888 1935 2957 συγγνώμην

328 2977 515 3039 δόντες
560 2982 664 3038 τοῖς
718 2976 845 3049 ύπὶρ
906 2976 1249 3048 σωφροσύνης
1298 2978 1389 3026 καὶ
1438 2972 1699 3036 εὐσεϐείας
1750 2972 1937 3045 ἀμυνο·

333 3071 531 3143 μένοις.
579 3067 735 3138 Τάχα
808 3060 868 3116 δε
904 3063 1076 3125 καλῶς
1132 3065 1246 3135 ἔχει
1296 3061 1684 3136 συμϐουλεύειν,
1738 3065 1807 3123 ὡς
1851 3064 1940 3123 τὰς

2025 547 2675 621 imputabitur,quippe
2691 547 2835 621 quia
2843 547 2865 618 j
2878 547 2984 618 urij
2996 546 3228 603 urando
3241 547 3544 619 adjectum
3560 564 3684 606 non

2025 641 2117 693 est
2142 653 2215 692 ne
2238 637 2551 709 paululum
2573 637 2821 711 quidem
2844 635 3140 692 Mindanis
3159 638 3685 707 recessurum,sed

2024 726 2308 799 deinceps
2330 742 2819 799 permansurum.
2838 728 2955 781 Nos
2975 730 3177 782 autem
3202 728 3416 783 Severo
3436 725 3691 784 oblivio-

2021 830 2162 871 nem
2190 816 2466 872 causanti
2495 817 2580 871 sic
2604 816 3014 887 ignoscemus,
3039 820 3106 871 ut
3130 830 3270 871 eum
3295 831 3677 883 moneamus,

2022 904 2394 961 occultorum
2410 905 2782 976 cognitorem
2797 920 2973 960 suam
2994 904 3184 977 ipsius
3212 904 3534 962 Ecclesiam
3553 920 3680 962 non

2021 1009 2346 1067 passurum
2396 995 2475 1052 ab
2505 995 2807 1067 ejusmodi
2852 994 3101 1051 homine
3141 993 3493 1053 labefactari
3526 1012 3539 1052 :
3571 995 3679 1068 qui

2021 1091 2237 1159 praeter
2263 1102 2527 1142 canones
2551 1086 2630 1143 ab
2653 1085 2822 1142 initio
2850 1084 3006 1154 fecit,
3021 1100 3091 1142 ac
3110 1085 3514 1157 jurejurando
3533 1101 3677 1144 con-

2020 1179 2111 1232 tra
2159 1175 2482 1244 Evangelia
2537 1174 2830 1247 astringit,
2907 1178 2965 1231 et
3018 1175 3354 1247 perjurium
3418 1175 3673 1233 transfe-

2018 1264 2209 1321 rendo
2236 1266 2468 1336 edocet,
2493 1281 2562 1321 ac
2584 1270 2912 1337 postremo,
2935 1263 3083 1319 dum
3105 1264 3473 1321 oblivionem
3495 1265 3677 1321 simu-

2019 1355 2122 1421 lat,
2152 1356 2454 1411 mentitur.
2492 1354 2602 1411 Sed
2633 1354 2925 1426 quoniam
2974 1353 3247 1410 cordium
3273 1354 3509 1426 judices
3550 1370 3678 1412 non

2023 1462 2260 1516 sumus,
2292 1445 2397 1501 sed
2445 1462 2517 1502 ex
2550 1445 2621 1501 iis
2653 1460 2787 1517 quae
2819 1443 3121 1513 audimus,
3158 1445 3528 1515 judicamus,
3576 1447 3678 1505 de-

2022 1552 2161 1591 mus
2196 1535 2448 1591 Domino
2478 1534 2823 1601 vindictam,
2851 1550 3114 1607 eumque
3135 1534 3284 1591 citra
3308 1552 3565 1593 examen
3586 1553 3681 1592 su-

2024 1624 2375 1697 spiciamus,
2406 1625 2678 1681 humano
2706 1622 2871 1695 vitio,
2920 1622 3209 1680 oblivioni
3238 1623 3479 1697 scilicet,
3510 1624 3681 1696 igno-

2025 1719 2278 1770 scentes.

2098 1804 2182 1860 XI.
2217 1802 2326 1870 Qui
2348 1806 2548 1859 autem
2579 1800 3048 1859 involuntariam
3065 1801 3295 1859 eadem
3316 1802 3472 1873 fecit,
3495 1804 3683 1862 unde-

2026 1893 2143 1951 cim
2167 1909 2468 1949 annorum
2482 1891 2678 1964 spatio
2699 1891 2944 1947 abunde
2960 1891 3187 1963 judicio
3210 1891 3520 1952 satisfecit.
3534 1897 3685 1952 Nam

2027 1984 2208 2040 dubio
2236 1984 2470 2055 procul,
2500 1998 2645 2052 erga
2697 1997 2801 2037 eos
2830 1982 2935 2053 qui
2968 1981 3237 2053 percussi
3275 1987 3434 2049 sunt,
3466 1984 3687 2057 Moysis

2027 2072 2374 2146 praescripta
2386 2069 2871 2139 observabimus,
2893 2086 2964 2126 ac
2985 2086 3125 2126 eum
3141 2070 3246 2143 qui
3261 2070 3691 2146 decubuitqui-

2028 2162 2167 2217 dem
2195 2166 2331 2232 post
2361 2164 2638 2232 acceptas
2669 2159 2903 2231 plagas,
2938 2160 3044 2215 sed
3084 2159 3302 2216 iterum
3333 2161 3553 2219 baculo
3578 2176 3690 2219 suo

2028 2246 2271 2305 innixus
2288 2248 2771 2316 ambulavit,non
2790 2248 3177 2303 censebimus
3191 2250 3460 2307 occisum
3482 2250 3688 2307 fuisse.

2034 2340 2131 2398 Sin
2154 2344 2355 2395 autem
2378 2353 2500 2393 non
2522 2337 2773 2393 surrexit
2792 2340 2929 2409 post
2944 2337 3333 2410 plagas,quia
3355 2344 3556 2396 tamen
3570 2353 3695 2397 non

2031 2428 2221 2486 voluit
2244 2426 2518 2483 occidere
2542 2427 2593 2482 is
2635 2426 2742 2499 qui
2784 2425 3059 2497 perculit,
3101 2425 3411 2485 homicida
3448 2428 3700 2501 quidem

2036 2524 2145 2588 est,
2179 2516 2286 2573 sed
2313 2516 2751 2573 involuntarius
2784 2519 3030 2588 propter
3059 2516 3461 2589 propositum.

2108 2608 2221 2665 Xll.
2249 2607 2453 2664 Canon
2480 2605 2732 2663 omnino
2772 2603 3056 2677 digamos
3088 2620 3126 2662 a
3147 2606 3478 2666 ministerio
3507 2606 3706 2667 exclu-

2043 2697 2137 2754 sit.

2116 2790 2252 2845 Xlll.
2281 2786 2483 2843 Caedes
2510 2786 2572 2841 in
2597 2784 2770 2842 bellis
2798 2784 2991 2843 factas
3019 2789 3221 2859 patres
3240 2787 3431 2845 nostri
3458 2804 3570 2861 pro
3599 2804 3709 2846 cae-

2044 2878 2227 2935 dibus
2270 2892 2393 2933 non
2424 2875 2729 2946 habuere;
2779 2875 2872 2945 iis,
2903 2879 2969 2932 ut
2991 2876 3141 2932 mihi
3179 2877 3431 2951 videtur,
3464 2879 3570 2952 qui
3597 2895 3709 2952 pro

2046 2967 2334 3042 pudicitia
2363 2982 2434 3023 ac
2462 2966 2679 3039 pietate
2699 2970 2996 3039 pugnant,
3022 2967 3711 3037 ignoscentes.Fortasse

2050 3063 2252 3114 tamen
2308 3059 2464 3112 recte
2497 3055 2868 3122 suadebitur,
2901 3059 2967 3110 ut
3011 3055 3146 3128 ipsi,
3180 3071 3321 3113 cum
3352 3074 3571 3115 manus
3615 3074 3713 3116 eo-

334 3163 528 3231 χεῖρας
576 3159 646 3227 μὴ
694 3154 976 3228 καθαρούς,
1009 3159 1166 3226 τριῶν
1205 3149 1325 3204 ἐτῶν
1378 3154 1490 3224 (75)
1538 3160 1629 3214 τῆς
1672 3156 1940 3215 κοινωνίας

2057 3164 2185 3205 rum
2211 3162 2378 3220 purae
2407 3160 2530 3201 non
2560 3144 2695 3211 sint,
2718 3160 2824 3217 per
2846 3149 2963 3201 tres
2994 3161 3189 3203 annos
3220 3162 3257 3204 a
3286 3146 3417 3206 sola
3440 3164 3713 3207 commu-

334 3250 501 3319 μόνης
539 3242 859 3316 ἀπέχεσθαι.

408 3332 510 3391 ΙΔ’.
543 3332 603 3386 Ὀ
640 3337 828 3394 τόκους
867 3329 1141 3404 λαμϐάνων
1186 3329 1321 3402 (76),
1360 3328 1448 3382 ἐὰν
1497 3326 1853 3394 καταδέξηται
1882 3334 1941 3382 τὸ

333 3416 525 3474 ἄδικον
576 3416 765 3495 κέρδος
795 3419 866 3482 εἰς
896 3422 1145 3491 πτωχοὺς
1197 3416 1482 3483 ἀναλῶσαι,
1524 3424 1614 3472 καὶ
1639 3428 1731 3473 τοῦ
1762 3426 1944 3472 Λοιποῡ

331 3518 430 3565 τοῦ
512 3514 813 3582 νοσήματος
881 3516 978 3571 τῆς
1048 3507 1476 3582 φιλοχρηματίας
1561 3507 1943 3583 ἀπαλλαγῆναι,

336 3596 524 3662 δεκτός
564 3597 707 3651 ἐστιν
746 3598 820 3661 εἰς
859 3600 1162 3673 ἱερωσύνην.

412 3688 510 3745 ΙΕ’.
566 3688 839 3761 Θαυμάζω
876 3683 936 3740 δέ
990 3706 1105 3759 σου,
1156 3691 1250 3746 τὴν
1278 3692 1652 3761 γραμματικὴν
1684 3687 1949 3764 ἀκρίϐειαν

337 3779 429 3834 ἐπὶ
481 3786 577 3841 τῆς
634 3785 840 3852 Γραφῆς
884 3776 1244 3846 ἀπαιτοῦντος,
1303 3782 1390 3830 καὶ
1451 3778 1809 3851 λογιζομένου,
1874 3780 1952 3830 ὅτι

337 3870 715 3942 ἠναγκασμένη
785 3865 925 3919 ἐστὶν
963 3868 994 3925 ἡ
1036 3866 1167 3930 λέξις
1207 3875 1299 3928 τῆς
1356 3867 1624 3943 ἑρμηνείας
1674 3872 1733 3920 τό
1789 3872 1951 3930 αὐτῆς

342 3959 576 4031 εὔσημον
632 3952 977 4027 ἐκδιδούσης,
1037 3955 1097 4007 ού
1149 3959 1207 4008 τὸ
1253 3961 1444 4029 κυρίως
1490 3958 1590 4009 ύπό
1636 3964 1728 4017 τῆς
1753 3955 1955 4031 Ἐϐραῖ-

341 4055 447 4109 κῆς
495 4053 666 4120 φωνῆς
723 4049 1100 4118 σημαινόμενον
1160 4048 1546 4118 μετατιθείσης.
1596 4046 1735 4098 Ἐπεὶ
1789 4042 1847 4098 δὲ
1876 4042 1958 4098 δεῖ

342 4140 421 4212 μὴ
471 4134 641 4210 ἀργῶς
676 4134 947 4211 παρελθεῖν
995 4138 1053 4187 τό
1100 4135 1187 4187 ὑπ’
1232 4131 1427 4211 ἀνδρὸς
1471 4136 1761 4197 ζητητικοῦ
1806 4155 1957 4193 κινη-

349 4228 437 4279 θὶν
491 4224 790 4299 πρόϐλημα,
825 4227 893 4278 τὰ
933 4225 1140 4278 πετεινά
1174 4232 1267 4277 τοῦ
1318 4225 1539 4299 ούρανοῦ
1568 4229 1659 4279 καὶ
1702 4227 1751 4278 οἱ
1779 4224 1959 4298 ἰχθύες

430 4477 542 4553 (73)
570 4474 984 4553 ’Λναχὼρησειν.
1024 4475 1118 4533 Sic
1158 4474 1429 4549 plerique
1472 4489 1618 4532 mss.
1660 4476 1813 4533 Editi
1843 4475 1964 4531 ἀνα-

409 4557 513 4607 ωρῆ
523 4568 631 4602 σαι.

353 4569 687 4689 χῖξῖἒῖῗῐυν
717 4616 790 4672 δι’
822 4619 911 4675 ὧν.
955 4618 1220 4674 Primam
1260 4617 1565 4686 voculam,
1594 4634 1731 4689 qua:
1762 4618 1967 4676 deerat

354 4693 423 4751 in
455 4692 651 4758 editis,
681 4696 1024 4762 agnoscunt
1049 4689 1317 4762 plerique
1347 4705 1497 4746 mss.
1526 4689 1784 4762 codices.

434 4767 557 4837 (75),
594 4771 761 4837 Τριῶν
817 4761 960 4837 ἐτῶν.
1021 4761 1198 4817 Multa
1246 4761 1572 4837 observant
1599 4761 1667 4837 in
1692 4762 1805 4817 hoc
1832 4762 1967 4817 loco

362 4831 564 4892 Basilii
579 4831 887 4891 canonum
907 4831 1893 4905 interpretes,Balsamon,Zonaras
1915 4837 1972 4888 et

360 4906 607 4964 Alexius
637 4906 943 4961 Aristenus
970 4921 982 4959 :
1012 4904 1408 4959 l°’llonsilium
1430 4904 1607 4958 daria
1630 4911 1836 4960 sancto
1866 4909 1968 4960 Pa-

360 4985 477 5045 tre,
496 4994 617 5033 non
641 4977 836 5046 legem
860 4975 1107 5048 imponi,
1129 4991 1241 5030 nec
1264 4975 1519 5030 militum
1542 4977 1970 5032 conscientiam

365 5049 424 5121 ei
437 5049 730 5121 pollutam
752 5047 964 5115 videri,
988 5047 1091 5101 sed
1114 5062 1336 5121 manus
1357 5062 1477 5121 non
1499 5062 1681 5117 puras
1699 5053 1791 5121 ,20
1813 5048 1975 5118 obje-

365 5119 523 5177 cisse
542 5121 705 5176 hunc
722 5134 1017 5174 canonem
1038 5119 1354 5189 episcopos
1378 5119 1725 5189 imperatori
1744 5121 1973 5184 Phocus,

368 5208 511 5264 cum
535 5207 639 5264 eos
660 5191 764 5264 qui
787 5189 1023 5264 inbello
1045 5188 1385 5244 ceciderant
1406 5188 1870 5264 intermartyres
1893 5206 1980 5245 re-

366 5262 514 5321 ferri
533 5260 706 5319 vellet
729 5278 743 5329 ;
767 5266 827 5318 3°
850 5261 1011 5316 hunc
1033 5276 1327 5316 canonem
1348 5275 1470 5315 non
1494 5260 1675 5317 fuisse
1702 5260 1980 5317 observa-

366 5340 738 5413 tum,utpote
758 5332 960 5413 minus
982 5333 1326 5413 appositum
1350 5331 1428 5413 ad
1449 5331 1762 5413 publicam
1770 5333 1982 5413 utilita:

370 5411 519 5473 tem,
544 5403 629 5477 ac,
645 5410 936 5477 praeterea
957 5403 1658 5477 minusconsentaneum
1678 5403 1985 5477 Athanasii

374 5473 713 5546 sententiis,
744 5476 850 5549 qui
879 5476 939 5530 in
969 5474 1224 5549 epistola
1243 5474 1319 5530 ad
1341 5479 1583 5549 Amum,
1607 5473 1984 5549 adversarios

372 5550 443 5607 in
478 5548 635 5606 bello
676 5546 964 5611 occidere,
997 5551 1052 5602 et
1084 5547 1309 5617 legibus
1332 5548 1689 5615 permissum
1721 5553 1774 5604 et
1806 5548 1986 5605 laude

377 5621 636 5690 dignum
665 5633 786 5676 esse
813 5618 1183 5691 pronuntiat.

461 5687 577 5765 (76)
621 5687 834 5753 Τόκουξ
865 5688 1158 5762 λαμϐάνων.
1205 5691 1289 5745 Ex
1332 5687 1429 5745 his
1476 5691 1640 5761 patet
1693 5688 1992 5762 ejusmodi

677 5782 923 5838 PATROL.
978 5779 1078 5836 GR.
1121 5779 1322 5835 XXXII.

2050 3239 2232 3295 nione
2259 3236 2626 3293 abstineant.

2122 3330 2254 3385 XlV.
2310 3326 2421 3393 Qui
2468 3341 2685 3405 usuras
2746 3325 2981 3398 accipit,
3038 3326 3087 3383 si
3135 3327 3388 3386 voluerit
3420 3328 3714 3401 injustam

2052 3419 2290 3476 lucrum
2345 3416 2407 3471 in
2466 3430 2765 3487 pauperes
2821 3416 3144 3485 insumere,
3178 3422 3235 3474 et
3288 3418 3576 3493 deinceps
3634 3419 3715 3477 ab

2057 3507 2322 3567 avaritiae
2365 3504 2581 3561 morbo
2625 3505 2886 3574 liberari,
2922 3507 3000 3563 ad
3051 3507 3453 3567 sacerdotium
3482 3508 3718 3568 admitti

2057 3601 2271 3673 potest.

2132 3690 2239 3743 XV.
2271 3686 2443 3743 Miror
2463 3701 2607 3742 sane
2638 3685 2804 3758 quod
2837 3687 3298 3757 grammaticam
3327 3687 3387 3744 in
3417 3689 3721 3761 Scriptura

2060 3775 2434 3847 diligentiam
2461 3773 2753 3846 requiras,
2787 3790 2857 3829 ac
2912 3774 3237 3831 dictionem
3284 3781 3558 3833 coactam
3587 3793 3718 3834 esse

2062 3870 2236 3939 putes
2264 3864 2419 3919 illius
2465 3862 2993 3934 interpretationis,
3024 3878 3162 3935 quae
3193 3880 3372 3920 suum
3420 3863 3616 3937 ipsius
3645 3866 3719 3922 si-

2064 3955 2417 4025 gniﬁcatum
2443 3950 2763 4007 commode
2785 3951 3085 4023 exprimit,
3109 3968 3305 4025 neque
3324 3952 3387 4008 id
3414 3955 3715 4027 transfert,

2064 4044 2231 4117 quod
2252 4042 2493 4116 proprie
2520 4040 2807 4097 Hebraica
2831 4056 2979 4096 voce
3010 4042 3407 4112 significatur.
3434 4044 3549 4100 Sed
3576 4046 3723 4118 quia

2067 4134 2329 4204 segniter
2344 4146 2467 4187 non
2480 4130 2898 4203 praetereunda
2916 4133 3339 4205 qutestio,qute
3361 4148 3398 4190 a
3411 4133 3541 4191 viro
3562 4151 3724 4207 quae-

2067 4224 2242 4282 rendi
2271 4222 2540 4280 studioso
2571 4221 2885 4293 proposita
2909 4227 3002 4279 est
3033 4240 3046 4278 :
3081 4238 3224 4280 aves
3256 4223 3410 4295 caali,
3441 4230 3500 4282 et
3527 4225 3724 4298 pisces

2070 4479 2386 4551 peceatum
2411 4489 2533 4551 non
2565 4474 2625 4530 in
2656 4474 2991 4551 insignibus
3020 4474 3384 4551 poenitentiae
3412 4473 3727 4551 gradibus,

1995 4544 2037 4599 ι)
2073 4544 2177 4605 sed
2196 4550 2345 4604 inter
2366 4548 2758 4621 consistentes
2780 4544 3328 4621 'expiatu'mfuisse.
3361 4544 3596 4621 Alioqui
3627 4544 3733 4605 ad;-

2072 4622 2221 4678 itum
2242 4620 2303 4675 in
2325 4618 2735 4693 sacerdotium
2755 4618 2879 4693 non
2902 4618 3239 4693 reliquisset
3267 4618 3733 4693 Basilius—Atque

2075 4710 2147 4748 ex
2179 4693 2292 4747 hac
2322 4691 2562 4745 lenitate
2594 4690 2740 4745 illud
2771 4691 2951 4746 etiam
2973 4689 3166 4757 colligi
3200 4690 3407 4761 possit,
3434 4689 3731 4748 canonem

2081 4769 2140 4818 l7
2166 4766 2492 4836 Nicaenum,
2516 4761 2619 4836 qui
2646 4761 2889 4836 clericos
2912 4776 3162 4836 usuram
3182 4762 3485 4836 exigentes
3510 4763 3737 4836 deponi

2075 4836 2267 4917 jubet,
2289 4849 2411 4917 non
2442 4832 2567 4917 sine
2604 4832 2870 4917 benigna
2908 4833 3393 4917 interpretatione
3420 4834 3479 4917 in
3507 4832 3737 4917 Cappa-

2081 4902 2256 4962 docia
2284 4906 2667 4959 observatum
2699 4903 2903 4957 fuisse.
2936 4902 3216 4957 Videntur
3242 4905 3400 4959 enim
3430 4902 3612 4963 Graeci
3636 4902 3738 4964 ca-

2081 4994 2305 5034 nonem
2335 4980 2405 5031 44
2437 4974 2853 5047 apostolorum
2882 4975 3051 5045 sequi
3090 4974 3386 5047 maluisse
3416 4994 3604 5047 quam
3644 4979 3740 5036 Ni-

2086 5064 2350 5113 czenum;
2386 5045 2685 5117 siquidem
2712 5045 2771 5099 in
2806 5061 3037 5099 canone
3066 5046 3303 5103 decimo
3328 5045 3627 5115 'l‘rullano,
3652 5051 3743 5107 iti-

2086 5121 2223 5175 dem
2261 5125 2323 5173 ut
2352 5120 2411 5172 in
2442 5133 2675 5172 canone
2719 5117 3312 5188 pseudoapostolico,
3363 5121 3645 5178 sanciunt
3675 5126 3744 5177 ut

2088 5195 2415 5261 episcopus,
2442 5189 2775 5259 presbyter,
2809 5189 2900 5243 vel
2930 5188 3243 5259 diaconus,
3276 5192 3380 5261 qui
3402 5209 3621 5249 usuras
3650 5193 3746 5249 vel

2091 5278 2221 5335 quae
2251 5261 2907 5335 dicuntureentesimas
2928 5262 3169 5335 accipit,
3198 5266 3289 5335 vel
3315 5271 3495 5320 cesset
3528 5265 3621 5320 vel
3651 5265 3749 5335 de:

2091 5331 2376 5405 ponatur.
2411 5331 2636 5405 Conjici
2667 5346 2825 5405 ergo
2860 5333 3069 5405 possit
3106 5334 3387 5389 Basilium
3445 5333 3750 5405 ejusmodi

2092 5401 2361 5479 peccato,
2386 5401 2548 5474 quod
2582 5404 2641 5484 in
2666 5401 3286 5484 laicisleniterpunit,
3314 5421 3435 5460 non
3467 5401 3751 5484 gravissi-

2094 5473 2259 5533 inam
2310 5473 2555 5547 poenam
2592 5475 2659 5547 in
2711 5473 2936 5547 clericis
2976 5473 3177 5547 statim
3219 5476 3557 5547 irrogasser
3594 5474 3754 5547 Illius

2096 5553 2298 5619 autem
2313 5544 2625 5619 lenitatem
2647 5544 2787 5601 inde
2809 5547 3019 5619 repetit
3043 5544 3383 5619 Balsamon,
3399 5546 3565 5619 quod
3580 5546 3757 5604 fenus

2097 5618 2363 5677 civilium
2386 5616 2591 5689 legum
2622 5616 2976 5676 auctoritate
3005 5616 3521 5691 comprobaretur.

3336 5784 3408 5840 22
