4152 6372
304 299 416 355 685

1202 292 1689 351 EPISTOLABUM
1726 281 2011 347 CLASSIS
2050 284 2118 339 ΙΙ.
2158 281 2376 341 EPIST.
2419 285 2782 342 CLXXXIX.

3579 292 3684 346 686

300 422 559 494 ψυχικῶν
590 418 1016 494 αρῥωστημοιτων
1042 415 1254 471 ἕπινοῶν
1284 422 1379 476 τὴν
1403 414 1437 471 δ
1444 419 1710 493 ιόρθωσιν.
1731 420 1912 467 Ταῦτα
1944 432 1957 464 Α

2055 423 2141 463 em
2167 406 2305 465 dico
2333 424 2460 465 non
2491 409 2687 467 solum
2718 408 2948 467 famam
2970 410 3373 483 plurimorum
3398 427 3682 486 sequens,

302 508 366 565 δὶ
395 511 546 582 λέγω,
578 509 637 561 οὐ
668 512 820 581 μόνον
875 515 990 569 ταῖς
1033 516 1132 560 τῶν
1190 508 1387 561 πολλῶν
1423 513 1617 581 φήμαις
1646 507 1910 579 ἑπόμενος,

302 600 436 653 ἀλλὰ
463 603 555 651 καὶ
680 596 791 650 κατ’
834 595 1055 670 ἐμαυτὸν
1092 593 1380 670 διδαχθεὶς
1411 601 1587 672 πείρᾳ,
1633 595 1681 649 ἓν
1707 594 1916 655 πολλοῖς

300 709 360 743 τε
387 688 579 751 ἄλλοις,
607 692 699 739 καὶ
725 682 1075 759 διαφερόντως
1105 694 1194 738 νῦν
1240 686 1289 739 ἐν
1315 695 1378 760 τῇ
1407 694 1507 739 τῶν
1535 685 1739 760 ἐχθρῶν
1768 686 1914 757 ἡμῶν

303 775 675 849 ἀνεκδιηγήτῳ
703 780 894 849 κακίᾳ·
938 776 999 834 ἣν
1046 776 1305 851 ῥεύματος
1341 783 1570 852 πονηροῦ
1602 772 1758 833 δίκην
1782 775 1918 826 κατά

300 877 405 931 τῆς
435 868 579 929 ζωῆς
625 868 773 939 ἡμῶν
819 863 1151 940 ἐπιρῥυεῖσαν
1178 867 1287 937 (85)
1333 866 1647 939 εὐμηχάνως
1678 861 1914 936 διέχεάς,

301 963 401 1018 τὴν
445 956 665 1033 βαρεῖαν
697 956 895 1014 ταύτην
942 955 1230 1029 φλεγμονὴν
1281 964 1379 1019 τῆς
1415 953 1642 1031 καρδίας
1676 957 1824 1028 ἡμῶν

306 1046 620 1105 ἐπαντλήσει
643 1053 744 1097 τῶν
783 1054 1149 1120 παρηγορικῶν
1194 1046 1361 1118 λόγων
1410 1043 1759 1121 διαφορήσας.
1785 1044 1917 1115 Ἐγώ

305 1140 415 1212 γὰρ
447 1135 581 1209 (84),
623 1137 755 1210 πρὸς
788 1138 878 1192 τὴν
922 1133 1206 1194 ἐπάλληλον
1254 1145 1354 1188 τῶν
1395 1134 1601 1209 ἐχθρῶν
1654 1137 1801 1207 ἡμῶν
1832 1152 1921 1199 καὶ

309 1225 553 1283 ποικίλην
617 1224 735 1277 καθ’
793 1226 940 1297 ἡμῶν
989 1223 1326 1301 ἐπιχείρησιν
1385 1224 1721 1291 ἀποϐλέπων,
1794 1242 1917 1276 σιω-

308 1320 417 1385 πᾷν
446 1318 591 1387 ᾤμην
624 1310 752 1384 δεῖν,
787 1318 878 1366 καὶ
910 1309 1169 1385 δέχεσθαι
1213 1315 1331 1367 καθ’
1362 1316 1602 1386 ἡσυχίαν
1627 1315 1693 1365 τὰ
1732 1311 1921 1383 ἐπαγό-

306 1422 440 1477 μενοι
456 1404 589 1473 (85),
622 1399 761 1476 μηδε
783 1400 1006 1475 ἀντερεῖν
1030 1411 1137 1465 τοῖς
1157 1403 1603 1475 καθωπλισμένοις
1624 1410 1696 1473 τῷ
1711 1398 1922 1473 ψεύδει,

306 1502 387 1565 τῷ
414 1501 624 1566 πονηρῷ
644 1493 811 1564 τούτῳ
842 1491 1000 1564 ὅπλῳ,
1033 1500 1107 1564 τῷ
1136 1497 1226 1545 καὶ
1266 1489 1362 1545 διὰ
1389 1501 1480 1553 τῆς
1521 1491 1764 1553 ἀληθείας
1793 1489 1921 1543 πολ-

309 1582 464 1645 λάκις
487 1586 580 1641 τὴν
612 1580 783 1655 ἀκμὴν
816 1580 1140 1637 εἰσωθοῦντι.
1173 1586 1240 1635 Σὺ
1286 1579 1363 1653 δὲ,
1407 1582 1573 1643 καλῶς
1611 1589 1795 1650 ποιῶν,
1849 1584 1919 1653 μὴ

312 1668 770 1747 καταπροδιδόναι
806 1675 901 1729 τὴν
930 1668 1175 1729 ἀλήθειαν
1206 1670 1487 1725 ἐνεκελεύού
1544 1674 1655 1740 86),
1690 1669 1817 1722 ἀλλὰ
1846 1666 1926 1722 δι-

2022 496 2129 551 sed
2160 513 2296 553 mea
2325 497 2504 554 etiam
2538 498 2787 555 edoctus
2836 499 3227 572 experientia,
3260 516 3398 556 cum
3451 501 3513 556 in
3554 501 3685 557 aliis

2022 584 2229 641 multis
2254 585 2457 656 rebus,
2490 591 2620 642 tum
2675 587 2942 645 maxime
2973 604 3137 645 nunc
3167 588 3229 644 in
3258 588 3373 645 hac
3402 589 3685 646 inimico-

2021 691 2154 732 rum
2180 681 2523 732 nostrorum
2571 692 2697 733 non
2741 678 3066 735 enarrabili
3111 678 3359 746 malitia,
3392 695 3580 752 quam
3622 679 3687 737 in

2024 771 2295 822 nostram
2325 765 2514 823 vitam
2546 766 2689 823 mali
2714 766 2923 824 ﬂuenti
2956 783 3125 824 more
3154 766 3411 825 effusam
3442 769 3688 826 solerter

2024 854 2334 928 dissipasti
2371 871 2384 910 :
2421 872 2561 912 cum
2611 872 2861 927 gravem
2912 856 3078 914 illam
3127 856 3326 914 cordis
3363 858 3555 915 nostri
3599 858 3689 915 in-

2024 943 2507 1001 ﬂammationem
2537 945 2756 1002 infusis
2780 946 3207 1005 consolationis
3235 948 3435 1004 verbis
3480 964 3690 1005 excus-

2025 1034 2173 1090 sisti.
2203 1038 2325 1105 Ego
2381 1035 2545 1092 enim
2602 1036 2681 1092 ad
2730 1036 3129 1093 alternantem
3166 1037 3553 1095 inimicorum
3581 1054 3689 1095 no-

2025 1128 2289 1180 strorum
2323 1125 2679 1197 variumque
2732 1131 2942 1183 contra
2994 1142 3107 1183 nos
3156 1132 3443 1185 conatum
3498 1129 3689 1201 respi-

2028 1214 2211 1281 ciens,
2274 1218 2471 1270 tacere
2529 1214 2952 1272 existimabam
3003 1222 3300 1289 oportere,
3347 1234 3417 1274 ac
3470 1217 3692 1274 inﬂicta

2028 1303 2192 1361 mala
2222 1303 2457 1359 silentio
2487 1304 2771 1377 perferre,
2803 1321 3000 1378 neque
3052 1306 3463 1363 contradicere
3491 1307 3690 1364 homi-

2027 1393 2213 1449 nibus
2244 1394 2563 1449 mendacio
2596 1395 2871 1464 armatis,
2903 1395 3065 1451 malo
3110 1396 3211 1453 illo
3252 1397 3480 1468 jaculo,
3524 1397 3695 1470 quod

2031 1488 2087 1539 et
2116 1500 2223 1556 per
2251 1483 2452 1556 ipsam
2481 1485 2793 1541 veritatem
2814 1501 2939 1542 non
2969 1502 3107 1542 raro
3138 1487 3456 1559 cuspidem
3484 1488 3696 1558 adigit.

2032 1574 2119 1629 Tu
2161 1590 2300 1629 vero
2348 1580 2508 1630 recte
2542 1576 2713 1646 277
2748 1575 2958 1644 feelsti,
2991 1577 3157 1649 quod
3188 1577 3460 1634 hortatus
3492 1582 3598 1645 est,
3632 1580 3699 1634 ut

2032 1679 2109 1719 ne
2157 1664 2467 1719 veritatem
2518 1665 2861 1737 proderem,
2912 1665 3022 1722 sed
3062 1666 3496 1736 redarguerem
3528 1682 3701 1739 syco-

312 1763 547 1835 ελέγχειν
566 1766 683 1823 τοὺς
711 1763 1059 1833 συκοφάντας,
1082 1764 1145 1823 ὡς
1165 1760 1226 1813 ἃν
1239 1766 1310 1834 μὴ
1334 1761 1513 1814 πολλοὶ
1528 1758 1923 1836 παραϐλαϐεῖεν,
1955 1768 1957 1773 ⁴

2055 1753 2318 1825 )hantas,
2352 1770 2429 1811 ne
2466 1755 2671 1827 plures
2717 1755 3036 1827 laedantur,
3082 1772 3407 1829 prosperos
3454 1757 3705 1815 menda-

311 1860 795 1928 κατευημεροῦντος
818 1860 915 1914 τῆς
940 1851 1185 1912 ἀληθείας
1206 1859 1297 1904 τοῦ
1321 1848 1462 1923 ψεύδ
1465 1871 1556 1913 ους
1577 1890 1590 1903 .

390 1946 446 1999 2.
474 1938 702 2005 Ἐδοξαν
749 1938 837 1994 οὖν
894 1960 983 2014 μοι
1038 1942 1410 2016 παραπλήσιόν
1452 1961 1506 1993 τι
1534 1946 1696 1994 ποιεῖν
1742 1947 1815 2011 τῷ
1842 1939 1930 1994 Δί-

320 2036 530 2104 σωπείῳ
555 2033 705 2106 μύθῳ
759 2030 810 2083 οἰ
848 2034 907 2085 τὸ
963 2029 1362 2105 ἀπροφάσιστον
1400 2032 1517 2084 καθ’
1568 2032 1714 2104 ἡμῶν
1748 2028 1931 2081 ἀναλα-

319 2119 498 2183 ϐόντες
526 2123 705 2194 μῖσος.
731 2120 816 2183 Ὠς
832 2121 935 2194 γὰρ
962 2120 1151 2183 ἐκεῖνος
1183 2119 1485 2194 ἐγκλήματά
1515 2139 1631 2172 τινα
1671 2128 1742 2190 τῷ
1774 2123 1933 2192 αρνίῳ

317 2214 413 2264 τὸν
440 2209 595 2263 λύκον
624 2215 894 2285 προφέρειν
942 2209 1204 2277 ἕποίησεν,
1254 2210 1636 2283 αἰσχυνόμενον
1679 2205 1835 2267 δῆθεν
1875 2211 1933 2260 τὸ

324 2295 499 2353 δοκεῖν
559 2300 680 2352 ἄνευ
735 2296 945 2361 δικαίας
998 2301 1307 2373 προφάσεως
1368 2298 1593 2374 ἀναιρεῖν
1640 2301 1727 2350 τὸν
1767 2293 1934 2370 μηδὲν

318 2388 775 2463 προλυπήσανταο
824 2396 918 2442 τοῦ
987 2384 1047 2441 δε
1114 2387 1267 2463 ἀρνὸς
1334 2388 1449 2460 (87)
1507 2394 1685 2441 πᾶσαν
1746 2391 1841 2445 τὴν
1881 2384 1935 2438 ἑκ

325 2482 681 2551 συκοφαντίας
723 2476 1044 2550 ἐπαγομένην
1086 2468 1257 2530 αἰτίαν
1316 2477 1541 2552 εὐχερῶς
1608 2473 1935 2546 διαλύοντος,

328 2564 500 2641 μηδεν
530 2566 721 2640 μᾶλλον
748 2568 993 2640 ὑφίεσθαι
1021 2575 1116 2629 τῆς
1147 2568 1317 2642 ὁρμῆς
1343 2570 1430 2619 τόν
1454 2567 1631 2633 λύκον,
1674 2564 1803 2618 ἀλλά
1831 2571 1938 2625 τοῖς

332 2660 424 2731 μὶν
457 2653 684 2719 δικαίοις
713 2658 1001 2725 ἡττᾶσθαι,
1046 2662 1157 2718 τοῖς
1214 2652 1273 2708 δὲ
1315 2653 1507 2708 ὀδοῦσι
1554 2661 1702 2726 νικᾷν
1726 2676 1740 2689 -
1774 2653 1937 2717 οὕτως

334 2741 410 2807 οἷς
435 2749 495 2798 τὸ
524 2746 641 2798 καθ’
666 2747 810 2819 ἡμῶν
841 2752 1000 2819 μῖσος
1028 2746 1098 2807 ᾦς
1126 2764 1177 2797 τι
1210 2753 1311 2797 τῶν
1338 2742 1543 2816 ἀγαθῶν
1567 2740 1937 2812 ἐσπουδάσθη,

335 2834 668 2909 ἕρυθριῶντες
711 2837 859 2908 τάχα
884 2838 945 2888 τὸ
977 2831 1151 2887 δοκεῖν
1183 2835 1303 2886 ἄνευ
1335 2833 1505 2895 αἰτιας
1534 2840 1731 2907 μισεῖν,
1772 2832 1941 2893 αἰτίας

336 2924 629 2978 πλάττουσι
656 2925 771 2978 καθ’
802 2926 950 2997 ἡμῶν
998 2928 1088 2975 καὶ
1137 2922 1451 2996 ἐγκλήματα,
1485 2927 1576 2975 καὶ
1629 2918 1804 2974 οὐδενὶ
1841 2928 1942 2972 τῶν

335 3014 619 3086 λεγομένων
664 3018 829 3088 μέχρι
876 3016 1071 3075 παντὸς
1119 3011 1479 3085 ἐπιμένουσιν·
1538 3011 1665 3063 ἀλλὰ
1717 3018 1804 3062 νῦν
1853 3012 1941 3083 μὶν

336 3111 492 3156 τοῦτο

330 3192 454 3246 καθ’
484 3194 631 3266 ἡμῶν
673 3189 985 3265 δυσμενείας
1027 3195 1086 3245 τό
1137 3195 1302 3245 αἴτιον
1359 3190 1593 3263 λέγουσι,
1655 3189 1847 3248 Βέϐηκε
1887 3185 1945 3242 δὲ

332 3283 510 3344 αὐτοῖς
560 3281 639 3335 ἐπ’
693 3279 901 3344 οὐδενὸς
961 3283 992 3341 ἡ
1043 3286 1240 3334 κακία·
1294 3279 1401 3334 ἀλλ’
1451 3283 1572 3333 ὅταν
1625 3283 1810 3333 τούτου
1854 3286 1945 3332 τοῦ

331 3370 662 3445 ἐγκλήματος
717 3370 1144 3439 ἀποσεισθῶσιν,
1196 3371 1349 3445 ἑτέρῳ
1405 3372 1800 3445 προσφύονται,
1858 3373 1948 3421 καὶ

332 3461 426 3515 ἀπ’
457 3460 650 3515 ἐκείνου
671 3462 824 3514 πάλιν
854 3460 1345 3534 καταλαμϐάνουσιν
1378 3461 1546 3533 ἕτερον
1577 3481 1590 3494 ·
1644 3458 1739 3511 κᾶν
1778 3461 1951 3512 πάντα

335 3549 564 3624 διαλυθῇ
617 3553 685 3604 τὰ
732 3550 1056 3624 ἐγκλήματα,
1105 3557 1197 3603 τοῦ
1254 3555 1429 3622 μισεῖν
1462 3549 1556 3601 οὐκ
1612 3547 1947 3621 ἀφίστανται.

333 3649 483 3715 Τρεῖς
511 3643 659 3702 θεοὺς
681 3642 789 3711 (88)
811 3639 1192 3715 πρεσϐεύεσθαι
1220 3640 1392 3712 παρ,ἡ
1401 3648 1509 3712 μῶν
1541 3638 1829 3705 αἰτιῶνται,
1862 3642 1951 3690 καὶ

334 3739 671 3807 περιηχοῦσι
735 3732 829 3792 τὰς
905 3729 1062 3791 ἀκοὰς
1116 3738 1214 3783 τῶν
1276 3729 1513 3793 πολλῶν,
1571 3733 1663 3780 καὶ
1723 3730 1954 3790 πιθανῶς

344 3821 833 3882 κατασκευάζοντες
875 3825 969 3880 τὴν
1025 3817 1277 3878 διαϐολὴν
1329 3822 1527 3877 ταύτην
1584 3818 1641 3871 ού
1678 3818 1951 3872 παύονται.

340 3911 482 3966 Ἀλλ’
513 3912 882 3986 ὑπερμάχεται
911 3912 1058 3984 ἡμῶν
1087 3912 1117 3968 ἡ
1163 3909 1394 3975 ἀλήθεια,
1429 3913 1519 3961 καὶ
1565 3906 1613 3960 ἓν
1644 3916 1797 3979 κοινῷ
1826 3911 1955 3981 πρὸς

339 4002 561 4069 πάντας,
588 4004 679 4052 καὶ
712 3995 827 4071 ἰδίᾳ
862 4002 994 4074 πρὸς
1040 4002 1158 4060 τοὺς
1183 3999 1617 4069 ἐντυγχάνοντας,
1648 3992 1955 4048 δεικνύντων

340 4091 515 4163 ἡμῶν,
576 4093 657 4141 ὅτι
708 4086 1176 4161 ἀνατεθεμάτισται
1221 4087 1344 4160 παρ’
1407 4088 1554 4159 ἡμῶν
1611 4092 1709 4145 πᾶς
1748 4086 1773 4136 ό
1821 4090 1957 4159 τρεῖς

340 4178 506 4250 λέγων
575 4179 739 4248 θεοὺς,
798 4182 890 4230 καὶ
955 4174 1080 4230 οὐδε
1148 4178 1463 4252 Χριστιανὸς
1524 4171 1654 4227 εἶναι
1708 4177 1956 4247 κρίνεται.

343 4266 486 4323 Ἀλλ’
519 4269 638 4320 όταν
667 4274 816 4321 τοῦτο
838 4266 1130 4337 ἀκούσωσι,
1154 4270 1435 4341 πρόχειρος
1457 4264 1635 4327 αὐτοῖς
1668 4264 1786 4316 καθ’
1813 4266 1957 4336 ἡμῶν

348 4359 376 4411 ὁ
407 4355 701 4423 Σαϐελλιος,
733 4361 823 4409 καὶ
871 4357 901 4414 ἡ
936 4355 990 4419 ἐξ
1019 4354 1210 4408 ἐκείνου
1262 4359 1414 4417 νόσος
1459 4353 1842 4429 ἐπιθρυλλείται
1885 4358 1958 4423 τῷ

2037 1843 2130 1899 cio
2160 1848 2372 1900 contra
2397 1845 2711 1901 veritatem
2734 1861 3049 1901 successus
3078 1845 3360 1903 habente.

2108 1936 2166 1988 2.
2209 1933 2329 1988 Visi
2376 1938 2519 1990 sunt
2566 1934 2746 2004 igitur
2777 1935 2924 1991 mihi
2963 1934 3154 1991 simile
3184 1936 3481 2009 quiddam
3511 1936 3707 1995 facere

2040 2023 2252 2095 jEsopi
2281 2022 2526 2093 fabulae,
2554 2024 2657 2097 qui
2686 2023 2813 2080 sine
2845 2023 2967 2080 ulla
3003 2040 3253 2097 prorsus
3280 2041 3470 2083 causa
3496 2027 3709 2085 odium

2038 2112 2103 2168 in
2166 2128 2279 2167 nos
2342 2118 2759 2186 susceperunt.
2813 2114 3345 2180 Quemadmodum
3398 2116 3561 2173 enim
3611 2116 3711 2175 ille

2041 2201 2232 2271 ﬁngit,
2266 2202 2521 2259 crimina
2547 2202 2834 2276 quaedam
2858 2218 3018 2273 agno
3048 2203 3259 2277 lupum
3282 2205 3521 2277 inferre,
3542 2222 3710 2265 vere-

2043 2292 2412 2347 cundantem
2463 2292 2743 2348 videlicet
2791 2292 2919 2348 sine
2963 2293 3131 2365 justa
3179 2310 3360 2351 causa
3414 2311 3574 2364 eum,
3606 2296 3715 2370 qui

2042 2381 2212 2455 prius
2259 2381 2408 2437 nihil
2457 2381 2731 2454 lmsisset,
2793 2382 3067 2440 occidere
3124 2384 3357 2454 videri;
3409 2386 3515 2442 sed
3572 2403 3714 2444 cum

2046 2487 2242 2541 agnus
2266 2487 2513 2527 omnem
2545 2487 2619 2528 ex
2644 2472 2954 2529 calumnia
2970 2472 3205 2530 illatam
3230 2475 3715 2533 criminationem

2046 2560 2219 2616 facile
2271 2560 2558 2633 diluisset,
2616 2577 2740 2617 non
2797 2562 3021 2619 idcirco
3077 2562 3292 2636 lupum
3350 2565 3425 2621 de
3484 2565 3717 2639 impetu

2046 2649 2386 2723 quidquam
2414 2651 2734 2717 remittere,
2771 2650 2879 2706 sed
2914 2652 3048 2723 jure
3073 2653 3323 2725 quidem
3354 2654 3529 2727 vinci,
3561 2655 3717 2712 den-

2048 2739 2206 2796 tibus
2257 2756 2399 2796 vero
2455 2740 2696 2797 vincere
2726 2757 2738 2795 :
2768 2741 2850 2797 ita
2901 2742 3005 2814 qui
3049 2742 3259 2798 odium
3306 2746 3494 2801 nostri
3538 2746 3719 2803 veluti

2048 2829 2410 2903 praclarum
2466 2830 2765 2902 quiddam
2824 2830 3024 2887 studio
3072 2831 3361 2903 habuere,
3394 2850 3534 2891 cum
3564 2835 3717 2893 forte

2050 2918 2502 2987 erubescerint,
2563 2919 2612 2974 si
2658 2919 2788 2975 sine
2847 2935 3034 2977 causa
3086 2920 3291 2978 odisse
3347 2922 3713 2997 viderentur,

2052 3025 2265 3066 causas
2292 3014 2501 3064 contra
2528 3024 2639 3065 nos
2665 3013 2721 3065 et
2746 3009 3201 3067 criminationes
3230 3011 3492 3083 ﬁngunt,
3514 3030 3626 3071 nec
3655 3015 3719 3071 in

496 3149 510 3175 ,
569 3104 676 3177 μετ’
736 3103 908 3175 ὀλίγον
963 3099 1021 3155 δὲ
1071 3102 1213 3168 ἄλλο,
1265 3106 1357 3155 καὶ
1419 3098 1565 3163 αὖθις
1620 3102 1790 3174 ἕτερον
1849 3109 1945 3161 τῆς

2055 3098 2177 3154 ullo
2229 3114 2438 3154 eorum
2496 3114 2633 3170 quae
2691 3098 2984 3168 dictitant,
3018 3104 3366 3157 constanter
3413 3102 3717 3175 insistunt,

2057 3187 2167 3245 sed
2196 3188 2381 3243 modo
2414 3188 2593 3254 hanc,
2625 3188 2810 3259 paulo
2841 3193 2982 3261 post
3009 3189 3196 3256 illam,
3221 3196 3278 3246 et
3306 3208 3515 3248 rursus
3536 3193 3720 3251 aliam

2057 3293 2181 3332 sua
2227 3277 2290 3332 in
2341 3292 2455 3332 nos
2501 3276 2827 3333 inimicitiae
2876 3294 3126 3334 causam
3176 3279 3515 3350 assignant.
3549 3282 3721 3341 Nulla

2057 3373 2258 3424 autem
2286 3366 2348 3422 in
2369 3382 2432 3422 re
2458 3368 2728 3423 consistit
2749 3384 2960 3424 eorum
2983 3369 3240 3437 malitia;
3266 3371 3371 3425 sed
3392 3377 3721 3445 postquam

2059 3458 2174 3513 hac
2200 3456 2619 3512 criminatione
2660 3456 2897 3531 depulsi
2940 3458 3177 3522 fuerint.
3205 3460 3279 3516 ad
3309 3460 3492 3517 aliam
3524 3463 3724 3518 adhae-

2058 3551 2393 3607 rescunt,et
2411 3563 2620 3601 rursus
2634 3547 2844 3603 abista
2869 3548 2948 3603 ad
2971 3548 3149 3605 aliam
3180 3550 3565 3621 confugiunt;
3587 3568 3721 3622 nec,

2062 3636 2329 3692 siomnia
2351 3635 2650 3691 dissoluta
2671 3636 3171 3707 fuerintcrimina,
3191 3638 3390 3695 odisse
3402 3639 3718 3698 desistunt.

2062 3729 2199 3781 Tres
2229 3725 2375 3780 deos
2406 3741 2441 3780 a
2465 3724 2640 3780 nobis
2672 3725 2991 3797 praedicari
3022 3732 3373 3794 causantur,
3400 3733 3583 3800 atque
3608 3730 3725 3787 hac

2063 3832 2273 3872 eorum
2303 3814 2722 3870 criminatione
2756 3830 2933 3870 aures
2956 3815 3120 3885 vulgi
3142 3817 3727 3890 circumsonant,ne-

2065 3920 2183 3977 que
2216 3904 2373 3958 hanc
2403 3901 2775 3958 calumniam
2830 3902 3127 3959 subtiliter
3165 3909 3390 3961 struere
3420 3905 3723 3966 desinunt.

2069 3993 2183 4050 Sed
2227 3996 2460 4065 pugnat
2504 4007 2616 4063 pro
2669 3991 2845 4047 nobis
2890 3992 3131 4059 veritas,
3187 4010 3326 4049 cum
3381 3999 3436 4052 et
3488 3997 3729 4069 publice

2066 4082 2371 4150 omnibus,
2428 4086 2485 4137 et
2543 4081 2828 4153 privatim
2880 4081 3308 4144 accedentibus
3356 4083 3729 4140 demonstre-

2067 4188 2225 4243 mus,
2252 4170 2748 4226 anathematizari
2791 4187 2827 4226 a
2873 4171 3051 4226 nobis
3104 4171 3382 4245 quisquis
3434 4178 3552 4229 tres
3585 4174 3730 4230 deos

2068 4262 2228 4327 dicit,
2261 4277 2331 4316 ac
2358 4276 2432 4315 ne
2466 4260 2867 4315 Christianum
2897 4260 3145 4332 quidem
3175 4260 3453 4330 judicari.
3487 4261 3601 4317 Sed
3626 4261 3733 4318 ubi

2068 4352 2183 4408 hoc
2215 4350 2572 4415 audiverint,
2623 4350 2683 4405 in
2714 4356 3003 4423 promptu
3049 4351 3163 4406 illis
3206 4357 3414 4408 contra
3462 4368 3575 4408 nos
3634 4353 3734 4408 Sa-

351 4449 584 4521 ἡμετὲρῳ
614 4446 772 4519 λόγῳ.
803 4445 965 4500 Πάλιν
995 4450 1084 4499 καὶ
1113 4448 1245 4521 πρὸς
1272 4452 1426 4497 τοῦτο
1456 4446 1603 4517 ἡμεῖς
1630 4447 1689 4497 τὸ
1746 4445 1957 4503 σύνηθες

2069 4440 2286 4497 bellins
2322 4456 2333 4495 :
2366 4445 2421 4494 et
2444 4440 2600 4495 illius
2634 4439 2918 4495 morbum
2944 4440 3232 4496 doctrinae
3272 4445 3495 4497 nostrae
3525 4456 3736 4498 rumor

353 4535 511 4591 ὅπλον
567 4541 660 4595 τὴν
718 4535 961 4595 ἀλήθειαν
1025 4534 1459 4611 προϐαλλόμεθαο
1522 4530 1833 4597 δεικνύντες,
1882 4534 1963 4585 ὅτι

354 4625 549 4689 ἇπίσης
576 4635 649 4699 τῷ
681 4623 1006 4700 Ἰουδαϊσμῷ
1035 4631 1125 4678 καὶ
1164 4630 1258 4685 τὴν
1301 4644 1550 4682 τοιαυτην
1581 4625 1782 4700 αἳρεσιν
1810 4628 1962 4698 φρίτ-

358 4736 535 4790 τομεν.

428 4810 486 4865 3.
526 4810 588 4859 Τί
630 4801 759 4873 οὖν;
816 4799 920 4878 ἆρα
960 4807 1090 4878 μετὰ
1135 4807 1396 4865 τοσαύτας
1442 4803 1776 4878 ἐγχειρήσας
1833 4800 1966 4854 ἀπο-

353 4899 614 4971 καμόντες
640 4899 750 4967 (89)
778 4896 1068 4968 ἡσύχασαν
1099 4913 1114 4964 ;
1148 4895 1259 4949 Ούκ
1289 4897 1404 4949 ἔστι
1444 4901 1612 4946 ταῦτα
1635 4892 1771 4964 (90).
1816 4891 1970 4945 Ἀλλά

441 5147 551 5219 (83)
578 5143 1107 5223 Ἐπιρῥ-υεῖσανε-Ῑιδ.
1152 5146 1278 5223 Vat:
1328 5158 1468 5223 cum
1515 5141 1709 5223 tribus
1758 5140 1889 5197 aliis
1917 5143 1976 5223 et

364 5213 551 5293 Niss.
581 5234 652 5275 ac
675 5213 1216 5293 editionellagan.
1252 5215 1489 5293 Legitur
1535 5213 1870 5293 ἔπιῤῥέουσαν
1913 5213 1976 5269 in

363 5285 711 5358 Parisiensi,
745 5294 805 5363 et
822 5287 1174 5363 ἀπορρυᾷεῖσαν
1202 5286 1263 5341 in
1296 5285 1639 5363 Basileensi’.

441 5363 571 5437 (819)
590 5355 875 5437 Ἐγὼ-γὰρ.
910 5355 996 5416 Ita
1015 5358 1164 5417 Med.
1193 5373 1331 5414 cum
1354 5355 1543 5413 tribus
1569 5356 1700 5414 aliis
1729 5361 1785 5413 et
1802 5359 1975 5429 Nyss.

369 5429 692 5491 Editi"E«/e
723 5429 805 5491 δὲ.

471 5504 559 5578 85)
592 5501 743 5579 Yide
776 5501 1089 5579 faddenda.
1495 5572 1532 5579 _
1700 5570 1710 5579 ,

471 5507 559 5578 85)
592 5507 743 5560 Vide
777 5507 1089 5559 Addenda.
1700 5570 1710 5579 .

447 5507 561 5646 £86)
609 5574 947 5629 Ἐνεκελεύου.
999 5576 1086 5630 Ita
1132 5587 1282 5629 mss.
1324 5586 1453 5627 sex.
1493 5570 1646 5628 Edili
1688 5570 1980 5633 ενεκέλευες.

374 5650 561 5725 Nyss.
591 5646 915 5725 ἐνεκελεύσω.

451 5721 569 5793 (87)
605 5726 711 5777 Τοῦ
743 5716 803 5773 δὴ
844 5716 1015 5792 ἀρνός.
1068 5717 1215 5775 Leve
1262 5714 1590 5773 discrimen
1645 5713 1799 5773 inter
1824 5714 1987 5773 hanc

2073 4530 2327 4599 afﬁngit.
2362 4532 2584 4584 Rursus
2614 4530 2707 4585 his
2738 4546 2983 4602 quoque
3042 4535 3331 4586 consueta
3362 4547 3553 4599 arma,
3582 4531 3734 4587 veri-

2074 4626 2256 4677 tatem
2305 4621 2707 4691 opponimus;
2763 4618 3249 4675 demonstrantes
3297 4636 3469 4692 aeque
3522 4637 3591 4677 ac
3637 4622 3733 4677 Ju-

2076 4711 2383 4767 daismum
2415 4711 2575 4765 hanc
2607 4726 2716 4765 nos
2738 4709 3019 4765 baeresnm
3046 4710 3519 4782 perhorrescere.

2148 4804 2200 4856 3.
2234 4800 2384 4866 Quid
2414 4800 2639 4869 igitur?
2671 4814 2819 4854 num
2851 4803 2988 4870 post
3014 4803 3215 4855 tantos
3242 4805 3498 4855 conatus
3519 4799 3741 4858 defessi

2076 4888 2478 4964 quieverunt?
2539 4892 2956 4961 Nequaquam.
3016 4889 3131 4945 Sed
3185 4891 3514 4949 novitatem
3564 4892 3743 4951 nobis

2083 5139 2442 5223 scripturam
2483 5141 2542 5195 et
2578 5136 2893 5208 vulgatam
2918 5146 3015 5223 τοῦ
3044 5137 3103 5194 δὲ
3125 5140 3326 5223 ἀρνίου,
3360 5141 3466 5223 sed
3489 5159 3623 5223 eam
3655 5158 3744 5223 se:

2083 5211 2543 5292 qui'maluimus
2587 5227 2789 5292 quani
2828 5211 3375 5292 quinqueveteres
3401 5214 3537 5270 libri
3581 5217 3746 5292 comi

2085 5282 2398 5371 mendam,
2449 5288 2506 5339 et
2535 5282 2715 5339 editio
2747 5282 3179 5357 Haganoensis.
3212 5290 3523 5359 Nyssenus
3567 5293 3659 5338 τοῦ
3687 5282 3748 5339 δε

2127 5375 2268 5407 ονου.

2090 5376 2133 5430 α’
2161 5429 2273 5499 (88)
2316 5432 2484 5499 Τρεῖς
2516 5428 2680 5489 θεούς.
2742 5429 2821 5483 De
2872 5428 2989 5485 hoc
3033 5429 3215 5486 trium
3259 5427 3514 5484 deorum
3549 5442 3749 5484 errore

2089 5497 2228 5555 vide
2256 5497 2384 5572 Not.
2414 5497 2490 5553 ad
2516 5500 2685 5572 epist.
2718 5504 2837 5556 131.

2167 5572 2277 5656 (89)
2317 5567 2714 5644 Ἀποκαμόντες.
2768 5576 2856 5631 lta
2904 5572 3054 5635 Med.
3110 5578 3168 5633 et
3234 5577 3353 5633 tres
3417 5568 3539 5634 alii.
3598 5571 3755 5634 Editl

2095 5640 2497 5716 ἀποκάμνοντες.

2165 5714 2278 5790 (90)
2308 5715 2453 5775 Vide
2477 5714 2800 5775 Addenda.
