4152 6396
494 255 596 310 687

1900 245 1956 300 8.
2001 244 2251 300 BASILII
2292 244 2511 301 MAGNI

3767 257 3889 313 688

492 375 804 448 objiciunt,
832 375 938 448 qui
964 390 1078 430 nos
1105 372 1189 429 sic
1214 371 1495 428 incusant
1523 369 1689 441 quod
1727 371 1845 423 tres
1870 367 2153 439 hyposta-

2263 369 2596 441 καινοτομίαν
2645 372 2771 442 ἡμῖν
2825 376 3191 448 προφέρουσιν,
3257 375 3451 428 οὑτωσὶ
3515 379 3573 429 τό
3635 377 3891 451 ἔγκλημα

495 484 590 523 ses
643 467 1085 523 conﬁteamur:
1126 464 1522 521 criminantur
1579 460 1745 531 quod
1806 475 1990 514 unam
2049 459 2154 512 bo-

491 559 739 614 nitatem
772 562 827 613 et
855 573 1038 612 unam
1080 553 1415 626 potentiam
1458 556 1514 606 et
1561 565 1748 604 unam
1781 548 2154 603 divinitatem

493 646 792 703 dicamus.
816 650 1014 717 Neque
1040 643 1098 698 id
1127 648 1293 697 extra
1316 641 1623 695 veritatem
1652 657 1663 693 :
1690 637 1948 692 dicimus
1971 637 2153 692 enim.

496 736 612 792 Sed
643 734 1022 792 criminando
1053 731 1369 802 objiciunt,
1413 745 1534 784 non
1592 727 1676 781 sic
1728 743 1900 781 suam
1932 726 2156 781 habere

494 824 1014 890 consuetudinem,
1069 837 1180 875 nec
1237 818 1604 889 Scripturam
1659 815 1954 870 assentiri.
2005 813 2160 880 Quid

491 915 672 987 igitur
697 914 776 970 ad
805 915 920 970 hoc
959 926 1203 984 quoque
1235 926 1347 965 nos
1370 910 1396 964 ?
1433 912 1558 964 Non
1593 913 1882 980 putamus
1913 922 2158 977 aequum

493 1020 648 1071 esse,
709 1007 770 1058 ut
817 1003 1118 1072 vigentem
1180 999 1346 1071 apud
1410 997 1575 1069 ipsos
1633 995 2160 1074 consuetudinem,

494 1097 673 1148 recta:
706 1092 994 1148 doctrinae
1018 1089 1216 1159 legem
1247 1091 1306 1144 et
1333 1103 1613 1142 normam
1659 1086 1981 1141 ducamus.
2034 1088 2161 1140 Ete-

497 1181 626 1237 nim
659 1181 703 1235 si
736 1180 891 1235 valet
921 1180 999 1235 ad
1040 1184 1216 1234 rectae
1249 1177 1539 1232 doctrinm
1580 1173 2160 1230 demonstrationem

494 1268 903 1337 consuetudo,
925 1268 1061 1323 licet
1092 1271 1148 1322 et
1172 1266 1350 1322 nobis
1378 1264 1648 1336 profecto
1679 1263 1966 1318 usitatum
1995 1259 2161 1333 apud

493 1375 607 1415 nos
641 1375 878 1414 morem
909 1373 1241 1430 opponere.
1285 1356 1456 1421 Quod
1484 1355 1531 1409 si
1563 1355 1723 1409 hunc
1751 1353 1832 1408 illi
1863 1353 2155 1423 rejiciunt,

493 1466 693 1522 neque
724 1449 902 1504 nobis
950 1464 1198 1520 prorsus
1247 1446 1380 1501 illos
1435 1444 1604 1517 sequi
1644 1459 1908 1499 necesse.
1953 1446 2159 1514 Itaque

498 1525 809 1610 Scriptura
835 1537 1122 1593 divinitus
1154 1535 1447 1606 inspirata
1494 1533 1669 1588 nobis
1710 1533 1785 1587 sit
1813 1531 2071 1598 arbitra;
2105 1535 2161 1585 et

495 1628 662 1700 apud
691 1643 846 1698 quos
874 1629 1120 1682 inventa
1150 1624 1370 1680 fuerint
1397 1624 1687 1692 dogmata
1716 1621 1932 1676 divinis
1968 1620 2161 1676 verbis

2262 457 2379 509 καθ’
2431 461 2576 531 ἡμῶν
2634 463 2950 522 συντιθέντες
3013 471 3149 535 τρεῖς
3205 465 3520 525 ὑποστάσεις
3565 467 3888 539 ὁμολογούν-

2263 567 2364 600 των
2393 551 2532 618 (91)·
2563 553 2684 621 μίαν
2709 549 3028 622 ἀγαθότητα,
3060 558 3150 605 καὶ
3189 558 3313 625 μίαν
3346 551 3591 627 δύναμιν,
3617 561 3708 610 καὶ
3745 562 3888 630 μίαν

2267 639 2484 695 θεότητα
2509 637 2671 711 λέγειν
2702 643 2730 698 η
2739 647 2839 712 μᾶς
2866 642 3153 697 αἰτιῶνται.
3181 648 3283 696 Καὶ
3312 644 3406 696 οῦκ
3429 644 3522 708 ἔξω
3565 650 3718 699 τοῦτό
3742 665 3884 719 pum

2265 735 2360 790 τῆς
2402 727 2672 790 ἀληθείας·
2724 730 2934 804 λέγομεν
2981 735 3105 805 γάρ.
3158 731 3289 786 Ἀλλ’
3338 732 3674 805 ἐγκαλοῦντες
3717 744 3884 788 τοῦτο

2266 822 2634 893 προφέρουσιν,
2664 821 2744 872 ὅτι
2773 823 2803 879 ἡ
2841 824 3090 880 συνήθεια
3121 822 3284 874 αύτῶν
3306 831 3460 876 τοῦτο
3488 823 3583 876 οῦκ
3613 827 3746 896 ἔχει,
3779 830 3884 878 καὶ

2269 909 2298 965 ἡ
2323 912 2498 980 Γραφη
2536 909 2594 961 ού
2620 912 2935 965 συντίθεται.
2968 915 3030 964 Τί
3060 907 3146 963 οὖν
3193 917 3283 964 καὶ
3322 916 3450 988 πρὸς
3496 921 3650 966 τοῦτο
3679 916 3833 987 ἡμεῖς
3861 931 3876 983 ;

2271 995 2346 1047 Ού
2391 998 2668 1072 νομίζομεν
2727 996 2932 1052 δίκαιον
2982 1002 3112 1053 εἶναι
3172 1006 3266 1060 τὴν
3327 1002 3453 1078 παρ’
3511 1002 3681 1064 αὐτοῖς
3749 1003 3879 1056 ἐπι-

2270 1093 2566 1160 κρατοῦσαν
2623 1091 2898 1148 συνήθειαν
2954 1093 3107 1162 νόμον
3173 1095 3263 1143 καὶ
3312 1096 3503 1144 κανόνα
3565 1100 3658 1144 τοῦ
3710 1092 3880 1167 ὀρθοῦ

2269 1178 2536 1228 ποιεῖσθαι
2577 1177 2752 1249 λόγου.
2789 1179 2846 1232 Εἰ
2874 1181 2975 1253 γάρ
3009 1180 3233 1254 ἰσχυρόν
3279 1178 3419 1233 ἐστιν
3475 1181 3542 1242 εἰς
3598 1178 3881 1245 ἀπόδειξιν

2271 1264 2549 1337 ὀρθότητος
2579 1269 2608 1325 ἡ
2646 1271 2914 1332 συνήθεια,
2942 1269 3110 1332 ἔξεστι
3135 1275 3225 1322 καὶ
3250 1272 3374 1343 ἡμῖν
3399 1273 3598 1332 πάντως
3630 1270 3883 1347 ἀντιπρο-

2271 1353 2550 1407 ϐάλλεσθαι
2578 1361 2671 1414 τὴν
2703 1358 2826 1432 παρ’
2848 1360 2972 1430 ἡμῖν
3004 1357 3387 1433 ἐπικρατοῦσαν
3421 1362 3711 1418 συνήθειαν.
3735 1361 3795 1414 Ei
3813 1357 3884 1414 δὲ

2268 1448 2696 1518 παραγράφονται
2726 1450 2920 1506 ταύτην
2967 1447 3168 1516 ἐκεῖνοι,
3217 1446 3340 1502 οὐδὲ
3370 1451 3495 1522 ἡμῖν
3529 1455 3639 1521 (92)
3669 1452 3883 1512 πάντως

2269 1532 2641 1592 ἀκολουθητέον
2696 1534 2924 1597 ἐκείνοις.
2994 1537 3196 1589 Οὐκοῦν
3253 1540 3284 1596 ἠ
3354 1541 3692 1602 θεόπνευστος
3745 1541 3883 1612 ἡμίν

2271 1619 2601 1681 διαιτησάτω
2626 1630 2800 1698 Γραφή
2821 1642 2832 1654 ·
2861 1631 2950 1678 καὶ
2980 1627 3104 1701 παρ’
3132 1628 3212 1688 οἱς
3240 1625 3300 1678 ἂν
3323 1629 3501 1702 εὑρεθῇ
3531 1631 3596 1681 τά
3626 1625 3883 1701 δόγματα

497 1731 788 1782 consona,
824 1715 902 1770 ad
934 1730 1039 1770 eos
1084 1713 1326 1770 accedet
1374 1712 1624 1768 omnino
1650 1710 1914 1766 veritatis
1946 1709 2153 1765 suffra-

2272 1709 2485 1783 συνῳδὰ
2511 1721 2613 1774 τοῖς
2645 1715 2794 1774 θείοις
2827 1714 3022 1786 λόγοις,
3055 1714 3138 1767 ἐπὶ
3165 1718 3381 1778 τούτους
3409 1715 3522 1779 ἣξει
3545 1719 3750 1778 πάντως
3781 1724 3882 1778 τῆς

499 1805 690 1876 gium.
744 1804 1066 1871 Quodnam
1114 1804 1294 1873 igitur
1346 1803 1573 1858 crimen
1625 1803 1755 1856 est?
1814 1803 1940 1856 Duo
1998 1799 2159 1855 enim

498 1895 680 1950 simul
737 1895 801 1950 in
854 1893 1240 1950 accusatione
1289 1891 1467 1948 nobis
1532 1890 1699 1946 illata
1773 1889 2156 1960 objecerunt;

498 1999 712 2051 unum,
781 1982 948 2056 quod
1006 1982 1352 2038 dividamus
1418 1981 1820 2052 hypostases;
1884 1978 2153 2048 alterum,

497 2073 665 2145 quod
697 2072 935 2128 nullum
957 2088 1029 2127 ex
1052 2071 1401 2126 nominibus
1431 2087 1566 2142 quae
1593 2070 1770 2140 278
1794 2071 1912 2123 Deo
1945 2083 2159 2123 conve-

496 2162 689 2231 niunt,
707 2160 1018 2232 pluraliter
1047 2176 1463 2226 numeremus,
1487 2159 1593 2214 sed
1623 2175 1832 2227 unam,
1856 2162 1918 2213 ut
1935 2157 2159 2212 dictum

498 2257 607 2321 est,
636 2250 994 2319 bonitatem,
1045 2255 1102 2306 et
1152 2251 1507 2321 potentiam,
1575 2253 1630 2304 et
1680 2248 2074 2310 divinitatem,
2106 2251 2162 2302 et

498 2356 882 2414 quaecunque
932 2339 1074 2396 talia
1127 2345 1286 2408 sunt,
1337 2337 1716 2407 singulariter
1752 2337 2157 2392 enuntiemus.

501 2428 678 2494 Quod
709 2428 960 2500 quidem
993 2427 1202 2484 attinet
1231 2427 1311 2482 ad
1332 2427 1691 2482 divisionem
1721 2425 2156 2497 hypostasewn,

502 2517 582 2574 ab
612 2534 684 2574 ea
711 2517 960 2573 minime
1011 2517 1191 2574 alieni
1238 2516 1475 2584 fuerint,
1507 2515 1611 2588 qui
1643 2515 2037 2571 essentiarum
2077 2514 2162 2569 di-

501 2606 846 2664 versitatem
875 2606 936 2662 in
968 2606 1177 2662 divina
1206 2605 1542 2661 decernunt
1569 2610 1805 2660 natura.
1841 2607 1966 2658 Non
1997 2604 2154 2659 enim

499 2712 616 2770 par
667 2701 776 2766 est,
807 2701 875 2752 ut
902 2696 1006 2768 qui
1039 2701 1157 2753 tres
1205 2695 1414 2751 dicunt
1461 2695 1776 2765 essentias,
1823 2709 1947 2748 non
1977 2693 2159 2749 etiam

498 2791 618 2843 tres
644 2786 1006 2858 hypostases
1035 2784 1257 2841 dicant.
1300 2789 1505 2856 Itaque
1555 2784 1671 2839 hoc
1699 2783 1895 2838 solum
1927 2783 2159 2838 crimini

497 2875 697 2946 datur,
729 2874 896 2947 quod
926 2890 1065 2946 quas
1109 2873 1186 2930 de
1234 2873 1441 2930 divina
1487 2878 1706 2930 natura
1743 2872 2026 2928 dicuntur
2054 2887 2160 2928 no-

495 2964 686 3034 mina,
717 2964 1092 3036 singulariter
1119 2963 1606 3036 pronuntiemus.

565 3163 619 3217 4.
647 3160 763 3218 Sed
783 3163 1068 3232 prompta
1087 3158 1264 3216 nobis
1295 3159 1590 3215 adversus
1611 3158 1728 3213 hoc
1752 3163 1809 3214 et
1833 3156 2156 3215 manifesta

492 3250 666 3307 ratio.
692 3250 805 3315 Qui
832 3251 994 3306 enim
1035 3250 1405 3305 condemnat
1452 3264 1556 3304 eos
1585 3248 1687 3318 qui
1732 3265 1917 3304 unam
1949 3248 2157 3303 dicunt

493 3341 889 3405 divinitatem,
907 3339 1247 3395 necessario
1273 3343 1378 3393 aut
1400 3337 1622 3393 multas
1645 3337 1884 3404 dicenti,
1904 3342 2007 3393 aut
2022 3339 2154 3392 nul-

489 3427 615 3486 lam
640 3428 1017 3484 assentietur.
1049 3431 1177 3483 Non
1199 3427 1360 3482 enim
1383 3430 1581 3498 potest
1605 3425 1769 3482 aliud
1791 3427 2146 3499 quidquam,

491 3523 708 3590 praeter
754 3517 816 3572 id
862 3517 1028 3589 quod
1081 3517 1310 3572 dictum
1356 3521 1463 3583 est,
1497 3517 1848 3587 excogitari.
1883 3517 1996 3572 Sed
2040 3532 2152 3572 nec

491 3606 716 3662 multas
762 3605 882 3662 dici
923 3605 1211 3663 divinitus
1256 3606 1548 3678 inspirata
1591 3608 1814 3676 patitur
1855 3606 2146 3676 doctrina,

489 3711 628 3768 quae
673 3695 866 3752 sicubi
908 3696 1185 3752 meminit
1213 3695 1564 3761 divinitatis,
1592 3695 1974 3765 singulariter
2015 3711 2149 3751 eam

489 3790 948 3852 commemorat,
971 3800 1192 3856 nempe
1210 3799 1223 3838 :
1241 3785 1316 3840 In
1338 3785 1463 3853 ipso
1484 3783 1716 3840 habitat
1747 3785 1939 3839 omnis
1948 3785 2148 3854 pleni-

491 3874 636 3929 tudo
665 3874 999 3930 divinitatis
1018 3875 1098 3940 55;
1126 3877 1185 3928 et
1209 3872 1354 3928 alibi
1379 3890 1392 3927 :
1418 3873 1754 3928 Invisibitia
1788 3875 1942 3929 enim
1962 3874 2149 3942 ipsius

489 3965 842 4019 acreatione
861 3965 1096 4025 mundi,
1116 3978 1222 4031 per
1237 3978 1305 4019 ea
1322 3977 1458 4033 qua:
1469 3963 1642 4031 facta
1663 3969 1826 4029 sunt,
1841 3964 2150 4019 intellecta

489 4052 1100 4119 conspiciuntur,tum
1112 4053 1477 4112 sempiterna
1488 4055 1618 4121 ejus
1633 4053 1842 4114 virtus,
1859 4058 1985 4108 tum
2003 4053 2149 4108 divi-

489 4140 652 4195 nitas
666 4139 734 4194 ⁵⁸.
754 4141 809 4194 Si
830 4140 1010 4208 igitur
1034 4139 1094 4195 in
1124 4139 1573 4194 multitudinem
1594 4141 1916 4196 extendere
1935 4156 2146 4197 nume-

490 4243 629 4284 rum
686 4227 1093 4292 divinitatum,
1125 4227 1365 4284 illorum
1417 4228 1612 4284 solum
1662 4234 1768 4296 est,
1801 4231 1901 4301 qui
1949 4245 2147 4286 errore

489 4316 891 4372 multitudinis
907 4317 1161 4372 deorum
1176 4316 1482 4373 laborant:
1501 4320 1750 4374 omnino
1774 4323 1974 4374 autem
1998 4319 2148 4376 divi-

2269 1799 2515 1863 ἀληθειας
2552 1805 2579 1860 ἡ
2610 1802 2800 1875 ψῆφος.
2835 1809 2898 1856 Τί
2942 1804 3029 1855 οὖν
3061 1803 3176 1856 ἐστι
3224 1808 3282 1856 τὸ
3323 1804 3598 1878 ἔγκλημα;
3642 1809 3743 1860 Δύο
3769 1809 3876 1881 γὰρ

2269 1894 2405 1944 κατά
2432 1896 2618 1944 ταυτὸν
2649 1891 2696 1944 ἐν
2727 1901 2788 1966 τῇ
2819 1898 3113 1967 κατηγορίᾳ
3141 1901 3202 1966 τῇ
3235 1895 3350 1946 καθ’
3382 1895 3530 1966 ἡμῶν
3558 1901 3878 1968 προενήνεκ-

2269 2001 2357 2032 ται
2383 2002 2394 2014 ο
2432 1980 2480 2033 ἓν
2519 1985 2608 2054 μὲν
2646 1985 2704 2033 τό
2750 1979 2972 2056 διαιρεῖν
2998 1985 3084 2043 τὰς
3109 1984 3427 2045 ὑποστάσεις
3451 2002 3465 2018 ο
3507 1983 3681 2057 ἕτερον
3721 1981 3782 2037 δε
3812 1988 3877 2036 τὸ

2269 2075 2457 2143 μηκέτι
2504 2069 2669 2144 μηδὲν
2717 2080 2817 2123 τῶν
2860 2074 3156 2147 θεαπρεπῶν
3208 2072 3470 2145 ὀνομάτων
3509 2075 3878 2136 πληθυντικῶς

2272 2161 2529 2236 ἀριθμεῖν,
2563 2160 2688 2213 ἀλλά
2713 2166 2857 2234 μίαν,
2881 2164 3050 2222 καθὼς
3070 2167 3397 2236 προείρηται,
3419 2167 3513 2220 τήν
3541 2163 3870 2234 όιγαθότητει⁹

2269 2255 2359 2302 καὶ
2390 2255 2484 2309 τὴν
2513 2247 2753 2323 δύναμιν,
2777 2255 2867 2302 καὶ
2889 2256 2982 2309 τὴν
3007 2253 3245 2323 θεότητα,
3263 2258 3347 2304 και
3364 2254 3536 2304 πάντα
3559 2255 3625 2304 τὰ
3649 2261 3875 2306 τοιαῦτα

2269 2338 2563 2412 μοναδικῶς
2594 2339 2930 2412 ἐξαγγελλειν.
2979 2344 3114 2415 Πρός
3144 2344 3234 2413 μὲν
3265 2349 3353 2394 οῦν
3381 2346 3445 2400 τὴ
3477 2338 3736 2416 διαίρεσιν
3765 2351 3868 2394 τῶν

2269 2433 2603 2483 ύποστάσεων
2635 2431 2728 2483 οῦκ
2758 2431 2817 2482 ἂν
2866 2431 3036 2502 ἱχοιεν
3086 2430 3364 2506 ἀλλοτρίως
3389 2434 3438 2484 οὶ
3467 2436 3562 2491 τὴν
3590 2432 3866 2504 ἑτερότητα

2269 2528 2366 2572 τῶν
2393 2521 2585 2572 οῦσιῶν
2634 2519 2718 2572 ἐπὶ
2757 2529 2852 2582 τῆς
2905 2523 3044 2582 θείας
3092 2517 3498 2593 δογματίζοντες
3529 2524 3749 2593 φύσεως.
3786 2521 3864 2573 Οὐ

2267 2612 2368 2685 γὰρ
2391 2610 2526 2671 εἰκός
2557 2609 2670 2662 ἐστι
2699 2614 2819 2670 τοὺς
2849 2617 2986 2683 τρεῖς
3009 2609 3250 2682 λέγοντας
3287 2609 3468 2670 οὐσίας
3506 2615 3578 2682 μὴ
3609 2615 3700 2663 καὶ
3728 2616 3866 2683 τρεῖς

2267 2701 2585 2762 ὑποστάσεις
2613 2699 2800 2771 λέγειν.
2841 2700 3043 2752 Οὐκοῦν
3065 2707 3218 2752 τοῦτο
3248 2705 3401 2772 μόνον
3437 2698 3578 2752 ἐστὶν
3601 2697 3650 2751 ἐν
3680 2697 3868 2771 ἰγκλή-

2265 2809 2414 2862 ματι,
2446 2794 2502 2842 τό
2533 2792 2598 2842 τὰ
2627 2788 2960 2861 ἐπιλεγόμενα
3000 2796 3061 2862 τῇ
3117 2791 3232 2862 θείᾳ
3275 2791 3387 2862 (93)
3442 2791 3594 2861 φύσει
3633 2790 3866 2861 ὀνόματα

2267 2877 2566 2953 μοναδικῶς
2595 2879 2980 2952 καταγγέλλειν.

2337 3167 2390 3223 4.
2436 3163 2568 3219 Ἀλλ’
2613 3165 2818 3238 ἕτοιμος
2881 3165 3006 3236 ἡμῖν
3071 3165 3198 3238 πρὸς
3251 3170 3402 3217 τοῦτο
3462 3167 3552 3217 καὶ
3617 3166 3792 3236 σαφὴς
3840 3165 3866 3216 ό

2263 3255 2432 3328 λόγος.
2461 3256 2520 3308 Ὀ
2545 3258 2645 3329 γὰρ
2669 3261 3075 3326 καταγινώσκων
3103 3263 3200 3306 τῶν
3221 3257 3348 3326 μίαν
3369 3253 3615 3325 λεγόντων
3643 3256 3865 3313 θεότητα

2261 3345 2314 3409 ἐξ
2353 3346 2579 3418 ἀνάγκης
2629 3351 2702 3416 τῷ
2746 3344 2937 3406 πολλὰς
2984 3343 3207 3415 λέγοντι,
3253 3345 3283 3402 ἡ
3337 3351 3410 3414 τῷ
3442 3339 3712 3416 μηδεμίαν
3739 3362 3863 3397 συν-

2261 3437 2496 3494 θήσεται.
2551 3434 2627 3487 Ού
2678 3437 2780 3508 γὰρ
2829 3433 2942 3486 ἐστι
3000 3429 3222 3486 δυνατὸν
3280 3433 3448 3506 ἕτερόν
3495 3451 3547 3484 τι
3600 3435 3746 3507 παρά
3803 3436 3864 3486 τό

2259 3524 2523 3598 εἰρημένον
2598 3527 2896 3582 ἐπινοῆσαι.
2965 3521 3097 3576 Ἀλλ’
3164 3524 3281 3575 οὔτε
3355 3520 3546 3582 πολλὰς
3610 3521 3770 3594 λέγειν
3831 3525 3862 3582 ἡ

2262 3616 2595 3674 θεόπνευστος
2648 3619 2919 3686 συγχωρεῖ
2977 3608 3350 3677 διδασκαλία,
3408 3613 3554 3664 εῖπου
3609 3611 3700 3663 καί
3769 3615 3864 3683 μέ-

2259 3721 2470 3774 μνηται,
2526 3710 2770 3775 μοναχῶς
2825 3709 2921 3762 τῆς
2975 3702 3208 3762 θεότητος
3261 3701 3377 3771 (94)
3434 3702 3860 3772 μνημονεύουσα,

2258 3793 2336 3845 ὅτι
2366 3792 2445 3844 Ἐν
2499 3791 2639 3862 αὐτῷ
2689 3796 2924 3842 κατοικεῖ
2968 3795 3069 3842 πᾶν
3121 3792 3180 3841 τὸ
3225 3787 3485 3864 πλήρωμα
3540 3795 3632 3849 τῆς
3675 3790 3863 3848 θεότη-

2258 3900 2377 3942 τός’
2410 3886 2500 3934 καὶ
2531 3881 2777 3954 ἑτέρωθι⁹
2835 3883 2911 3934 Τὰ
2956 3881 3058 3954 γὰρ
3109 3877 3306 3952 ἀόρατα
3362 3878 3524 3931 αὐτοῦ
3585 3880 3688 3931 ἀπὸ
3741 3883 3859 3932 κτίο

2261 3990 2389 4033 σεως
2459 3974 2662 4044 κόσμου
2728 3977 2838 4032 τοῖς
2893 3973 3160 4042 ποιήμασι
3223 3971 3473 4041 νοούμενα
3541 3969 3859 4042 καθορᾶται,

2258 4063 2288 4120 ἡ
2343 4080 2398 4114 τε
2434 4058 2609 4123 ἀίδιος
2659 4061 2821 4114 αὐτοῦ
2876 4055 3100 4132 δύναμις
3143 4062 3235 4111 καὶ
3289 4059 3514 4120 θειότης.
3554 4057 3618 4111 Εἰ
3659 4053 3748 4111 οὖν
3789 4057 3862 4120 εἰς

2256 4150 2454 4211 πλῆθος
2498 4149 2743 4219 ,ἐκτείνειν
2799 4153 2887 4201 τὸν
2947 4147 3167 4222 ἀριθμὸν
3221 4155 3322 4199 τῶν
3373 4148 3647 4212 θεοτήτων,
3704 4150 3860 4220 μόνον

2257 4248 2356 4292 τῶν
2406 4244 2500 4299 την
2552 4239 2800 4292 πολύθεον
2845 4237 3043 4295 πλάνην
3093 4240 3444 4295 νενοσηκότων
3484 4235 3634 4289 ἔστι·
3689 4239 3746 4290 τὸ
3801 4231 3864 4290 δε

2257 4329 2480 4382 καθόλου
2530 4327 2800 4402 ἀρνεῖσθαι
2850 4331 2944 4385 τὴν
2987 4328 3207 4384 θεότητα
3251 4333 3351 4377 τῶν
3411 4323 3572 4378 ἀθέων
3621 4323 3682 4377 ἆν
3741 4327 3854 4383 εἴη·

489 4405 740 4462 nitatem
753 4420 1000 4475 negare,
1015 4406 1333 4461 atheorum
1356 4406 1560 4475 fuerit;
1586 4423 1709 4478 qua
1729 4408 1961 4464 ratione
1985 4409 2150 4465 incu-

2263 4425 2338 4480 τίς
2366 4418 2515 4490 λόγος
2545 4417 2686 4470 ἐστὶν
2745 4419 2770 4469 ό
2826 4413 3117 4469 διαϐάλλων
3173 4418 3311 4488 ὀμᾶς
3365 4413 3448 4467 ἰπὶ
3471 4422 3545 4486 τῷ
3574 4418 3700 4486 μίαν
3729 4415 3862 4487 ὁμο-

490 4509 716 4565 samur,
742 4493 908 4565 quod
941 4509 1126 4550 unam
1158 4495 1556 4550 contiteamur
1585 4495 1999 4552 divinitatem?
2033 4499 2149 4554 Sed

491 4583 756 4655 apertius
785 4583 1071 4639 orationis
1112 4600 1235 4638 sua:
1269 4583 1503 4639 nudant
1541 4585 1915 4656 prOpositum
1947 4604 1959 4641 :
1990 4586 2148 4642 Patri

488 4673 732 4745 quidem
758 4674 1101 4740 convenire,
1135 4678 1200 4728 ut
1229 4673 1384 4729 Deus
1419 4673 1511 4743 sit,
1544 4690 1614 4728 ac
1637 4674 1847 4730 Filium
1881 4675 2148 4732 similiter

489 4762 814 4819 divinitatis
833 4763 1079 4820 nomine
1101 4763 1389 4819 honorari
1409 4763 1830 4832 assentientes;
1861 4766 2144 4836 Spiritum

488 4865 652 4922 vero,
682 4852 785 4922 qui
809 4868 931 4911 una
960 4869 1103 4910 cum
1133 4854 1302 4910 Patre
1336 4857 1393 4909 et
1421 4851 1562 4910 Filio
1593 4858 1964 4924 numeratur,
1998 4854 2141 4911 divi-

559 5082 607 5118 ⁵⁵
633 5079 824 5142 Colos.
849 5099 910 5155 ιι,
939 5092 992 5146 9.
1069 5089 1117 5127 ⁶⁶
1149 5093 1319 5151 Rom.
1351 5108 1395 5164 1,
1427 5091 1518 5153 20"

495 5379 506 5388 '
559 5304 671 5392 (9t)
713 5299 1265 5392 'paoloyouvrwv.‘ln
1321 5303 1790 5392 unaexnegiis
1830 5304 2142 5392 codicibus

484 5380 885 5505 ἱ(ἔριοὶλογοῦντιπις,
941 5385 998 5434 et
1047 5380 1229 5452 paulo
1276 5389 1412 5454 post
1455 5384 1514 5439 in
1573 5380 1851 5444 Medicam
1906 5388 2144 5462 λέγοντας

520 5468 642 5510 μοις.

561 5469 596 5500 α
631 5491 642 5502 .

520 5469 665 5589 μ(9ς2)
709 5517 848 5572 Οὐδὲ
897 5524 1041 5594 ἡμῖν.
1097 5523 1364 5580 Primam
1417 5543 1625 5583 \ocem
1671 5530 2018 5589 addidimus
2069 5552 2144 5591 ex

486 5603 591 5675 se:
619 5606 766 5675 mss.
810 5597 1199 5675 et‘N‘ysseno.
1249 5596 1437 5675 Paulo
1469 5606 1608 5669 post
1635 5604 1778 5658 editi
1822 5605 1907 5656 ἐπὶ
1936 5609 2142 5670 τούτοις

487 5666 597 5720 agn
626 5666 827 5724 πάντως
871 5666 901 5723 ἡ
945 5667 1057 5721 θεία
1103 5674 1218 5731 τῆς.
1272 5670 1384 5726 Sex
1421 5666 1570 5733 mss.
1615 5678 1673 5732 et
1710 5678 2022 5748 Nyssenus
2076 5666 2144 5738 ut

2257 4510 2420 4582 λογεῐν
2471 4513 2564 4567 τὴν
2633 4509 2884 4576 θεότητα;
2947 4505 3080 4559 Ἀλλ’
3139 4503 3524 4557 ἐκκαλύπτουσι
3577 4510 3859 4580 φανερώτε-

2256 4620 2344 4673 ρον
2387 4603 2473 4652 τόν
2521 4606 2611 4652 τοῦ
2641 4599 2796 4670 λόγου
2847 4600 3075 4649 σκοπόν·
3108 4593 3194 4648 ἐπὶ
3223 4597 3315 4668 μὲν
3366 4601 3460 4647 τοῦ
3525 4597 3728 4668 Πατρός
3767 4611 3839 4646 κα

2256 4687 2584 4762 ταδέχεσθαι
2630 4692 2715 4742 τὸν
2770 4691 2898 4742 Θεὸν
2944 4683 3092 4753 εἶναι,
3143 4688 3234 4738 καὶ
3291 4687 3376 4737 τὸν
3437 4685 3557 4738 Υἰόν
3605 4685 3862 4745 ὡσαύτως

2254 4782 2512 4853 τιμᾶσθαι
2581 4788 2653 4850 τῷ
2726 4786 2820 4840 τῆς
2877 4779 3115 4837 θεότητος
3189 4775 3404 4848 ὀνόματι
3463 4775 3855 4846 συντιθέμενοι·

2254 4875 2313 4924 τὸ
2381 4866 2440 4923 δε
2498 4875 2750 4940 Πνεῦμα,
2816 4871 2980 4941 Πατρὶ
3045 4870 3136 4920 καὶ⁹
3198 4867 3303 4936 Υἱῷ
3355 4865 3858 4939 συναριθμούμενον,

2254 5231 2554 5314 ίηίίθιὶῠμ
2661 5305 2664 5311 ι
3128 5300 3132 5304 .
3375 5293 3391 5314 .
3444 5294 3459 5314 ,
3583 5297 3589 5314 ι

2327 5293 2554 5400 (ᾧ).ἷῇ
2591 5305 2722 5389 θείᾳ.
2929 5295 2980 5367 ἕν
3008 5322 3070 5387 τῇ
3116 5300 3247 5386 θείᾳ,
3291 5293 3397 5368 sed
3425 5294 3597 5367 deest
3621 5307 3856 5382 prepo~

2258 5391 2393 5446 sitio
2420 5389 2479 5445 in
2509 5389 2611 5446 sex
2641 5389 2861 5444 nostris
2893 5403 3036 5442 mss.

2329 5465 2436 5535 (94)
2465 5469 2724 5534 Μοναχῶς
2763 5469 2858 5521 τῆς
2897 5461 3161 5535 ,θεότητοςι
3213 5457 3298 5512 Ita
3314 5469 3606 5535 sea'mss.
3650 5454 3710 5532 et
3753 5465 3859 5535 νς-

2255 5526 2430 5592 ίιιὲῐαέ
2457 5526 2752 5590 editiones
2783 5548 2854 5587 ac
2881 5533 3052 5600 Greg.
3086 5533 3260 5600 Nyss.
3312 5526 3502 5585 Editio
3551 5526 3737 5582 Paris.
3763 5529 3862 5584 τῆς

2257 5610 2493 5671 θεότητος
2521 5603 2820 5680 μοναδικῶς
2847 5604 2977 5662 αύτὴ
2991 5623 3033 5666 ς.
