4152 6384
264 352 378 409 oss
1202 348 1689 407 EPISTOLARUM
1726 324 2011 408 CLAssis
2050 352 2118 406 n.
2161 349 2377 407 EPIST.
2420 349 2722 407 CLXXXIX.
3541 348 3646 404 690

262 479 461 550 μηκέτι
481 478 572 527 καὶ
587 478 654 547 τῇ
672 481 766 537 τῆς
789 474 1034 535 θεότητος
1052 471 1219 546 ἐννοίᾳ
1240 472 1871 548 συμπαραλαμϐάνεσθαι·

2004 475 2185 532 litatis
2214 475 2460 532 notione
2503 475 2750 531 minime
2780 472 3233 547 comprehendi,
3262 471 3369 528 sed
3410 487 3446 529 a
3474 475 3644 529 Patre

265 564 381 618 ἀλλ’
439 562 495 617 ἐκ
544 565 744 638 Πατρός
800 566 964 636 μέχρι
1002 570 1096 616 τοῦ
1152 566 1276 616 Υὶοῦ
1338 565 1617 636 ἱσταμένην
1665 567 1760 622 τὴν
1785 572 1875 625 τῆς

2001 564 2064 621 1d
2115 565 2324 621 Filium
2383 580 2577 637 usque
2618 564 2934 620 terminata
2965 562 3293 620 divinitatis
3351 562 3641 634 potentia,

266 657 518 716 θεότητος
577 649 823 725 δύναμιν,
857 650 1151 727 ἀποκρίνειν
1207 662 1299 715 τῆς
1346 655 1517 714 θεῖκῆς
1568 649 1729 716 δόξης
1779 658 1873 713 την

2005 660 2263 712 laturam
2297 656 2546 727 Spiritus
2595 672 2630 712 a
2677 655 2886 711 divina
2934 654 3124 725 gloria
3171 652 3421 709 secerni.
3455 652 3645 707 Disse-

261 748 427 819 φύσιν
477 750 570 796 τοῦ
629 744 949 815 Πνεύματος.
985 741 1185 795 Οὐκοῦν
1218 742 1565 815 ἀπολογητέον
1596 747 1686 796 καὶ
1725 745 1869 817 ἡμῖν,

2000 744 2239 800 tendum
2287 745 2468 816 igitur
2511 748 2567 801 et
2620 744 2820 814 nobis,
2855 749 2919 799 ut
2968 743 3318 816 poterimus,
3361 741 3640 813 breviter,

260 836 337 896 ὡς
368 832 429 885 ἃν
460 832 563 886 οἶοί
587 850 643 885 τε
671 831 825 904 ὦμεν,
860 827 957 884 διὰ
1004 830 1253 908 βραχέων
1282 836 1373 885 καὶ
1400 836 1529 906 πρός
1555 835 1749 891 ταύτην
1778 838 1873 893 τὴν

1420 836 1529 906 τρός
1555 835 1749 891 ταύτην
1778 838 1873 893 τὴν
1983 838 2192 891 contra
2220 835 2378 891 hanc
2410 850 2656 909 quoque
2683 834 3060 891 sententiam.

256 924 485 978 ἔννοιαν.

337 1018 388 1069 5.
446 1012 562 1085 (95)
608 1015 696 1072 Τίς
740 1006 829 1064 οὖν
877 1011 904 1063 ό
946 1012 1186 1087 ὁμίτερος
1224 1011 1403 1085 λόγος;
1457 1008 1801 1087 Παραδιδοὺς
1847 1013 1872 1064 ό

2054 1016 2105 1067 5.
2139 1013 2281 1079 Quae
2312 1017 2399 1068 est
2418 1011 2598 1084 igitur
2617 1016 2824 1070 nostra
2842 1012 3036 1068 ratio?
3066 1010 3329 1068 Tradens
3352 1009 3641 1067 Dominus

260 1104 456 1176 Κύριος
507 1104 597 1159 τὴν
631 1104 889 1174 σωτήριον
942 1105 1123 1153 πίστιν
1161 1107 1270 1164 τοῖς
1322 1103 1763 1175 μαθητευομένοις
1799 1108 1872 1173 τῷ

1996 1101 2307 1158 salutarem
2336 1101 2522 1157 ﬁdem
2552 1102 2643 1172 iis,
2676 1101 2778 1175 qui
2818 1102 2879 1158 iu
2923 1100 3196 1158 doctrina
3223 1100 3636 1171 instituuntur,

258 1197 425 1264 Λόγῳ,
453 1199 524 1263 τῷ
554 1195 721 1265 Πατρὶ
753 1194 844 1243 καὶ
894 1198 967 1261 τῷ
1019 1192 1123 1263 Υὶῷ
1165 1192 1416 1244 συνάπτει
1444 1196 1533 1244 καὶ
1576 1194 1634 1244 τό
1665 1198 1875 1264 Πνεῦμα

1996 1192 2137 1247 Patri
2196 1207 2267 1247 ac
2324 1191 2465 1247 Filio
2526 1191 2841 1263 conjungit
2893 1195 2949 1247 et
2996 1191 3281 1264 Spiritum
3336 1194 3636 1246 sanctum.

260 1284 327 1335 τὸ
357 1282 523 1353 άγιον.
556 1283 626 1333 Τό
677 1276 738 1333 δὲ
796 1284 1119 1353 συνημμένον
1165 1280 1307 1344 άπαξ
1346 1277 1439 1334 διὰ
1467 1283 1671 1333 πάντων
1711 1284 1873 1354 φαμεν

2001 1279 2157 1346 )uod
2188 1286 2388 1337 autem
2423 1281 2609 1336 semel
2641 1281 3033 1352 conjunctum
3063 1284 3169 1351 est,
3204 1279 3267 1335 id
3296 1295 3404 1352 per
3433 1279 3641 1336 omnia

249 1374 352 1429 τὴν
393 1371 672 1443 συνάφειαν
730 1372 894 1442 ἔχειν.
938 1370 1014 1423 Οῦ
1071 1373 1205 1443 γὰρ,
1262 1370 1314 1423 ἐν
1360 1375 1463 1423 τινὶ
1528 1374 1873 1444 συντεταγμέ-

1998 1371 2377 1441 :onjunctum
2425 1387 2558 1427 esse
2609 1370 2889 1428 dicimus.
2939 1374 3068 1426 Non
3114 1370 3275 1425 enim
3318 1369 3380 1425 in
3434 1369 3638 1442 aliquo

245 1477 360 1525 νον,
418 1457 467 1512 ἐν
516 1459 706 1535 ἑτέροις
756 1457 1221 1532 ἁποσχοινίξεται.
1272 1459 1407 1512 Ἀλλ’
1441 1458 1488 1512 ἐν
1532 1468 1594 1533 τῇ
1634 1460 1873 1533 ξωοποιῷ

1999 1461 2392 1532 :onjunctum,
2425 1461 2487 1517 in
2535 1459 2665 1516 aliis
2715 1460 3069 1532 sejungitur.
3123 1459 3236 1516 Sed
3281 1459 3344 1514 in
3370 1458 3639 1531 potentia.

253 1543 500 1621 δυνάμει,
559 1550 682 1601 καθ’
708 1548 771 1608 ἣν
794 1547 851 1601 ἔκ
889 1556 982 1601 ⁴νοῦ
1037 1550 1270 1624 φθαρτοῦ
1308 1548 1430 1623 βίου
1481 1549 1552 1612 εἰς
1582 1548 1871 1602 ἀθανασίαν

1998 1549 2236 1610 vivifica.
2267 1566 2374 1622 per
2395 1566 2579 1623 quam
2612 1566 2685 1605 ex
2727 1548 3095 1622 corruptibili
3127 1548 3252 1604 vita
3284 1547 3363 1604 ad
3392 1547 3638 1604 immor-

247 1639 283 1696 ἠ
354 1640 508 1710 φύσις
561 1638 709 1711 ἡμῶν
762 1640 1229 1709 μετασκευάζεται,
1280 1638 1797 1714 συμπαραληφθεῖσα
1836 1642 1866 1699 ἡ

1998 1638 2268 1696 ,alitatem
2300 1645 2521 1696 natura
2558 1644 2763 1696 nostra
2812 1638 3183 1703 transfertur,
3214 1637 3480 1710 potentia
3511 1636 3638 1708 Spi-

242 1733 345 1779 τοῦ
399 1729 701 1799 Πνεῦματος
751 1723 978 1800 δύναμις
1025 1731 1194 1801 Πατρὶ
1243 1733 1331 1780 καὶ
1378 1730 1502 1800 Υἱῷ,
1536 1732 1626 1780 καὶ
1661 1731 1709 1781 ἓν
1738 1728 1869 1781 πολ-

1994 1729 2126 1785 ritus
2178 1745 2302 1786 una
2352 1746 2491 1785 cum
2541 1732 2707 1785 Patre
2760 1733 2816 1785 et
2871 1729 3011 1785 Filio
3068 1731 3403 1799 assumpta,
3464 1730 3521 1785 et
3571 1726 3634 1786 in

240 1815 355 1877 λοῖς
392 1816 601 1891 ἑτέροις,
646 1818 752 1869 οἷον
803 1815 852 1869 ἐν
905 1825 970 1891 τῇ
1022 1820 1159 1870 κατὰ
1207 1821 1266 1870 τό
1314 1816 1511 1890 ἀγαθόν
1561 1816 1744 1889 ἐννοίᾳ,
1780 1803 1869 1872 καὶ

1995 1817 2180 1875 nultis
2211 1818 2362 1883 aliis,
2388 1817 2552 1875 velut
2600 1819 2663 1874 in
2715 1818 2959 1874 notione
3003 1817 3170 1886 boni,
3226 1820 3283 1873 et
3330 1816 3543 1887 sancti,
3577 1819 3635 1875 et

238 1909 307 1958 τό
338 1905 487 1978 ἅγιόν
512 1924 566 1959 τε
612 1910 703 1959 καὶ
732 1903 827 1958 ἀῖδ
833 1926 928 1975 ιον,
984 1910 1167 1979 σοφόν,
1211 1907 1375 1973 εὐθὶς,
1411 1911 1741 1980 ἡγεμονικὸν,
1774 1905 1869 1960 δυ-

1990 1909 2200 1975 eterni,
2232 1908 2544 1981 sapientis,
2566 1908 2728 1975 recti,
2759 1906 3126 1980 principalis,
3156 1904 3630 1979 potentis,etiam

240 2000 420 2066 νατόν,
453 2001 546 2050 καὶ
606 2005 885 2071 πανταχοῦ
944 1994 1190 2056 δηλονότι
1239 2001 1297 2050 τό
1349 1996 1650 2074 ἀχώριστον
1677 1997 1864 2071 ἕχειὼ

1988 1998 2199 2071 ibique
2225 1998 2648 2072 inseparabilis
2680 2004 2792 2068 est,
2822 1997 3097 2053 videlicet
3116 1996 3179 2051 in
3205 1994 3492 2051 omnibus
3516 2010 3628 2053 no-

242 2093 384 2140 πᾶσι
440 2094 548 2148 τοίς
598 2089 730 2160 πρὸς
797 2090 857 2139 τὸ
923 2094 1153 2162 κρεῖττον
1202 2086 1605 2161 ὑπειλημμένοις
1668 2088 1862 2161 ὀνόμα-

1987 2087 2235 2144 ninibus
2268 2088 2746 2160 praestantiorem
2767 2085 3219 2155 intelligentiam
3241 2083 3627 2142 habentibus.

248 2195 338 2230 σιν
393 2175 528 2248 (96).
584 2176 788 2229 Οὐκοῦν
846 2178 1119 2249 ἡγούμεθα
1164 2176 1332 2238 καλῶς
1376 2179 1516 2249 ἔχειν
1566 2180 1625 2229 τό
1678 2176 1727 2229 ἐν
1780 2197 1862 2231 το-

1986 2178 2345 2249 )uapropter
2371 2177 2434 2232 id
2481 2180 2711 2233 rectum
2743 2192 2875 2232 esse
2906 2175 3292 2245 arbitramur,
3322 2178 3406 2242 ut,
3428 2173 3535 2245 qui
3564 2175 3626 2233 in

249 2268 477 2329 σαύταις
523 2264 740 2327 ἐννοίαις
767 2265 991 2337 ὑψηλαῖς
1044 2285 1099 2319 τε
1136 2270 1223 2318 καὶ
1263 2268 1568 2341 θεοπρεπέσι
1599 2271 1860 2321 συναπτόο

1986 2269 2052 2322 ot
2089 2265 2451 2322 sublimibus
2480 2267 2723 2338 Deoque
2766 2264 3248 2337 competentibus
3278 2260 3626 2321 notionibus

245 2375 398 2430 μενον
438 2361 610 2429 Πατρὶ
666 2360 757 2409 καὶ
813 2358 919 2428 Υἰῷ
973 2354 1021 2408 ἐν
1074 2352 1249 2410 οὐδενὶ
1301 2352 1674 2433 διακεκρίσθαι
1709 2362 1859 2430 νομί-

1983 2355 2355 2426 :onjungitur
2377 2355 2531 2412 Patri
2561 2360 2618 2411 et
2650 2354 2811 2421 Filio,
2859 2370 2998 2411 eum
3047 2352 3212 2409 nulla
3257 2352 3319 2408 in
3357 2366 3422 2408 re
3452 2366 3623 2423 sepa-

249 2446 382 2509 ζειν.
418 2442 563 2499 Οῦδὶ
589 2448 694 2521 γὰρ
755 2443 973 2519 οἴδαμέν
1020 2466 1138 2499 τινα
1166 2454 1267 2498 τῶν
1294 2451 1415 2519 περὶ
1453 2451 1547 2506 τὴν
1589 2449 1727 2501 θείαν
1757 2450 1857 2520 φύ-

1984 2445 2086 2503 rari
2139 2445 2577 2503 existimemus.
2636 2448 2838 2517 Neque
2896 2443 3057 2500 enim
3096 2441 3380 2499 novimus
3436 2440 3624 2498 ullam

251 2554 338 2590 σω
401 2533 779 2608 ἰπινοουμένωυ
833 2534 1095 2609 ὀνομάτων
1147 2540 1241 2595 τὴν
1306 2538 1444 2589 κατὰ
1510 2541 1568 2589 τό
1627 2544 1857 2612 κρεῖττον

1984 2534 2304 2607 10minum,
2339 2551 2475 2607 quia
2499 2534 2659 2591 circa
2677 2534 2947 2590 divinam
2977 2534 3262 2589 naturam
3289 2529 3624 2599 intelligun-

248 2631 346 2680 καὶ
373 2628 432 2680 τὸ
464 2634 643 2700 χεῖρον
668 2623 927 2701 διαφοράν
958 2647 971 2661 ·
1000 2630 1069 2689 ὡς
1118 2626 1294 2699 εὐαγὲς
1328 2630 1441 2698 (97)
1488 2630 1616 2681 εἶναι
1656 2630 1858 2683 οἴεσθαι

1987 2640 2077 2689 ur,
2114 2624 2452 2681 secundum
2482 2624 2696 2679 melius
2728 2639 2798 2679 ac
2827 2621 3090 2678 deterius
3121 2618 3541 2687 differentiam,
3560 2620 3625 2675 ut

252 2719 352 2774 τὴν
382 2714 430 2768 ἐν
484 2723 594 2777 τοῖς
645 2712 1073 2792 καταδεεστέροις
1136 2724 1235 2769 τῶν
1288 2716 1551 2789 ὀνομάτων
1589 2723 1856 2771 κοινωνίαν

1983 2715 2134 2770 )ium
2201 2730 2333 2770 esse
2390 2712 2823 2779 existimemus,
2886 2710 3206 2767 nominum
3271 2707 3623 2765 inferiorum

258 2812 673 2879 συγχωροῦντας
700 2813 770 2877 τῷ
794 2808 1079 2879 Πνεύματι,
1113 2814 1213 2858 τῶν
1259 2806 1638 2881 ὑπεραιρόντων
1666 2812 1856 2883 κρίνειν

1985 2804 2457 2860 :ommunionem
2500 2802 2899 2859 concedentes
2947 2799 3211 2873 Spiritui,
3244 2796 3625 2871 praestantio-

254 2892 487 2957 ἀνάξιον.
520 2893 695 2947 Πάντα
716 2897 817 2970 γὰρ
866 2897 934 2948 τὰ
979 2896 1233 2969 θεοπρεπῆ
1266 2897 1503 2969 νοήματά
1527 2915 1581 2949 τε
1618 2902 1708 2949 καὶ
1739 2896 1856 2949 ὀνό-

1984 2894 2130 2950 'ibus
2183 2894 2503 2964 indignum
2556 2893 2851 2964 judicare.
2910 2890 3127 2948 Omnia
3179 2904 3447 2962 namque
3504 2889 3624 2945 Deo

250 3002 401 3057 ματα
426 2984 679 3056 όμοτίμως
726 2986 841 3057 ἔχει
888 2987 1021 3058 πρὸς
1059 2984 1277 3049 ἄλληλα,
1308 2994 1380 3057 τῷ
1410 2982 1577 3058 μηδεν
1614 2991 1733 3059 περὶ
1761 2990 1856 3045 τὴν

1986 2983 2369 3057 :ompetentia
2391 2987 2517 3039 tum
2540 2982 2821 3052 cogitata.
2848 2986 2973 3037 tum
3006 2981 3185 3052 279
3214 2978 3468 3035 nomina
3487 2979 3626 3035 sunt

251 3078 347 3125 τοῦ
388 3072 727 3146 ὑποκειμένου
787 3070 1061 3146 διαφωνεῖν
1120 3075 1234 3145 (98)
1292 3078 1583 3146 σημασίαν.
1640 3074 1714 3127 Οὐ
1753 3077 1855 3148 γὰρ

1987 3078 2116 3130 nter
2146 3089 2209 3129 se
2240 3072 2515 3144 ejusdem
2572 3070 2900 3141 dignitatis,
2931 3085 3004 3127 eo
3056 3068 3224 3141 quod
3259 3066 3407 3124 nihil
3466 3066 3627 3123 circa

247 3160 329 3215 ἐπ’
390 3161 512 3217 ἄλλο
578 3181 632 3215 τι
684 3162 1018 3235 ὑποκείμενον
1075 3170 1404 3237 χειραγωγεῖ
1454 3168 1547 3222 τὴν
1620 3160 1855 3217 διάνοιαν

1986 3161 2222 3233 mbjecti
2250 3160 2749 3231 signiﬁcationem
2778 3159 3044 3216 habeant
3072 3155 3464 3213 discriminis.
3496 3158 3626 3212 Non

243 3257 338 3305 τοῦ
388 3249 588 3324 ἀγαθοῦ
637 3253 668 3311 ἠ
711 3257 1066 3327 προσηγορία,
1122 3253 1199 3325 ἐφ’
1230 3252 1400 3327 ἕτερον
1449 3249 1510 3306 δε
1558 3254 1587 3313 ἡ
1638 3260 1731 3306 τοῦ
1772 3272 1857 3307 σο-

1988 3252 2130 3309 inim
2155 3252 2371 3308 mentis
2404 3250 2827 3321 cogitationem
2858 3248 2937 3305 ad
2959 3248 3122 3304 aliud
3152 3245 3467 3321 quoddam
3488 3243 3628 3302 sub-

243 3348 365 3415 φοῦ,
400 3346 491 3394 καὶ
519 3347 615 3394 τοῦ
647 3337 899 3407 δυνατοῦ,
948 3346 1039 3395 καὶ
1088 3348 1181 3395 τοῦ
1241 3337 1452 3394 δικαίου
1473 3363 1485 3376 ·
1530 3341 1635 3395 ἀλλ’
1663 3343 1858 3417 ὅσαπερ

1995 3345 2195 3397 ectum
2226 3341 2501 3413 perducit
2529 3340 2674 3397 boni
2706 3337 3052 3412 appellatio,
3103 3341 3160 3393 et
3206 3336 3284 3393 ad
3315 3334 3502 3401 aliud,
3536 3348 3629 3391 sa-

243 3429 310 3484 ἆν
365 3434 517 3504 εἴπῃς
560 3434 811 3504 ὀνόματα,
870 3430 920 3485 ἓν
970 3428 1065 3486 διὰ
1117 3433 1322 3485 πάντων
1372 3431 1579 3485 ἐστὶτό
1611 3436 1861 3505 σημαινό-

1987 3430 2209 3502 pientis,
2234 3429 2516 3502 potentis,
2550 3434 2606 3485 et
2630 3428 2821 3501 justi:
2855 3427 2961 3483 sed
3000 3440 3381 3499 quaecunque
3419 3426 3627 3496 protu-

243 3540 422 3596 μενον.
456 3520 566 3575 Κᾶν
607 3525 739 3577 Θεὸν
798 3524 968 3594 εῗπῃς,
1012 3525 1099 3576 τόν
1157 3522 1313 3576 αὐτὸν
1364 3519 1599 3586 ἐνεδείξω
1660 3522 1714 3575 ὃν
1767 3520 1861 3577 διὰ

1986 3519 2110 3575 .eris
2167 3519 2440 3588 nomina,
2472 3535 2662 3575 unum
2712 3533 2959 3591 prorsus
3002 3516 3210 3573 omnia
3266 3513 3626 3584 signiﬁcant.

237 3613 349 3663 τῶν
378 3610 573 3665 λοιπῶν
620 3611 890 3685 ὀνομάτων
943 3612 1178 3673 ἐνόησας.
1226 3611 1287 3667 Εἰ
1336 3608 1395 3666 δὲ
1445 3614 1616 3665 πάντα
1660 3615 1725 3665 τὰ
1750 3612 1860 3665 ὀνόο

1988 3609 2146 3677 )uod
2178 3610 2227 3665 si
2255 3608 2476 3666 dixeris
2500 3612 2708 3680 Deum,
2738 3606 3023 3664 eumdem
3054 3604 3422 3675 signiﬁcasti,
3444 3617 3628 3675 quem

241 3719 393 3775 ματα
418 3709 482 3774 τῇ
533 3703 649 3773 θείᾳ
687 3704 844 3774 φύσει
889 3701 1226 3775 ἐπιλεγόμενα
1269 3698 1582 3775 ἰσοδυναμεῖ
1623 3700 1862 3765 ἁλλήλόις

1991 3715 2079 3770 )er
2141 3699 2373 3772 reliqua
2422 3698 2673 3755 nomina
2719 3695 3074 3754 intellexisti.
3108 3693 3283 3760 Quod
3327 3693 3375 3749 si
3420 3692 3631 3749 omnia

246 3793 389 3844 κατὰ
421 3796 517 3850 τὴν
563 3799 655 3844 τοῦ
709 3791 1047 3865 ὑποκειμένου
1106 3789 1348 3860 ἔνδειξιν,
1408 3792 1539 3846 ἄλλα
1577 3796 1712 3845 κατὰ
1749 3793 1863 3863 (99)

1988 3806 2108 3863 {uae
2125 3789 2201 3846 de
2224 3789 2429 3845 divina
2448 3792 2665 3845 natura
2686 3787 2987 3853 dicuntur,
3002 3784 3275 3849 nomina,
3294 3782 3452 3838 idem
3475 3781 3628 3838 inter

243 3880 407 3940 ἄλλην
437 3883 664 3955 ἔμφασιν
720 3880 803 3935 ἐπὶ
859 3885 918 3935 τὸ
966 3882 1094 3935 αὐτὸ
1136 3886 1230 3942 τὴν
1282 3880 1521 3935 διάνοιαν
1561 3885 1707 3956 ἡμῶν
1738 3879 1865 3941 ὁδη-

1989 3895 2054 3947 se,
2080 3879 2157 3935 ad
2189 3878 2442 3949 subjecti
2467 3876 2947 3946 designationem
2977 3873 3195 3942 valent,
3228 3871 3345 3928 alia
3375 3886 3481 3943 pro
3510 3869 3629 3927 alia

240 3978 443 4044 γοῦντα
464 3992 477 4006 ο
512 3976 588 4032 τίς
618 3972 645 4023 ό
673 3970 827 4043 λόγος
859 3975 955 4031 τὴν
1004 3972 1053 4024 ἐν
1092 3978 1204 4033 τοῖς
1232 3971 1406 4033 ἄλλοις
1434 3971 1655 4045 ὀνόμασι
1683 3992 1862 4025 κοινω-

1989 3970 2056 4025 rei
2098 3966 2556 4025 considerandae
2617 3966 2848 4022 ratione
2900 3969 3166 4021 mentem
3217 3967 3491 4019 nostram
3548 3958 3629 4017 ad

238 4065 359 4113 νίαν
389 4099 402 4124 ,
466 4064 600 4134 πρὸς
669 4065 877 4135 Πατέρα
930 4081 983 4115 τε
1039 4066 1130 4115 καὶ
1182 4064 1301 4115 Υἱόν
1358 4070 1744 4137 συγχωροῦντα
1786 4069 1858 4127 τῷ

1993 4058 2131 4115 dem
2176 4057 2575 4124 deducentia;
2608 4072 2746 4128 quae
2790 4055 2940 4111 ratio
2989 4058 3098 4124 est,
3147 4052 3405 4110 aliorum
3435 4052 3631 4107 nomi-

244 4151 544 4221 Πνεύματι,
594 4153 757 4222 μόνης
808 4148 1212 4223 ἁποσχοινίζειν
1262 4151 1389 4203 αὐτὸ
1436 4160 1532 4214 τῆς
1586 4153 1854 4219 θεότητος;

1986 4165 2118 4205 ium
2166 4147 2660 4204 communionem
2717 4144 2959 4218 Spiritui
3014 4160 3153 4199 cum
3198 4145 3365 4198 Patre
3396 4146 3454 4198 et
3483 4140 3626 4198 Filio

244 4236 453 4309 ἀνάγκη
476 4240 578 4314 γὰρ
608 4244 759 4291 πάσα
811 4238 841 4298 ἢ
898 4244 990 4291 καὶ
1031 4238 1080 4292 ἐν
1132 4242 1300 4311 τούτῳ
1350 4236 1562 4292 διδόναι
1608 4244 1701 4299 τὴν
1740 4259 1859 4293 κοι-

1981 4237 2418 4304 :oncedentem,
2453 4251 2489 4293 a
2520 4237 2651 4293 sola
2680 4235 2853 4292 illum
2878 4249 3080 4292 arcere
3109 4231 3456 4289 divinitate?
3480 4245 3621 4287 nam

242 4330 455 4397 νωνίαν,
507 4328 537 4387 ἦ
599 4322 741 4399 μηδὶ
786 4331 883 4385 τὴν
923 4346 973 4381 εν
1027 4335 1134 4389 τοῖς
1188 4327 1388 4390 λοιποῖς
1444 4335 1764 4404 συγχωρεῖν.
1796 4328 1859 4383 Εἰ

1985 4343 2212 4385 iecesse
2266 4330 2356 4382 est
2398 4325 2668 4394 omnino,
2728 4328 2832 4382 aut
2876 4322 3370 4381 communionem
3418 4320 3481 4376 in
3509 4325 3625 4376 hoc

245 4418 349 4489 γὰρ
382 4416 429 4468 ἑν
479 4416 694 4477 ἐκείνοις
723 4416 891 4484 ἄξιον,
924 4412 1050 4469 οὐδε
1079 4417 1127 4470 ἐν
1178 4420 1347 4490 τούτῳ
1395 4418 1470 4491 (1)
1519 4421 1720 4479 πάντως
1770 4417 1853 4470 ἂν-

1985 4418 2148 4475 atiam
2170 4417 2339 4487 dare,
2368 4420 2472 4472 aut
2514 4430 2625 4471 nec
2655 4415 2716 4471 in
2742 4414 2986 4486 reliquis
3033 4411 3283 4468 deferre.
3318 4408 3544 4465 Etenim
3576 4407 3625 4463 si

247 4503 419 4567 ἀξιον.
471 4504 530 4558 Εἰ
588 4502 649 4558 δὲ
708 4509 1035 4581 μικρότερον,
1094 4509 1231 4559 κατὰ
1285 4509 1372 4559 τόν
1438 4508 1638 4560 ἐκείνων
1681 4507 1852 4578 )όγον,

1978 4525 2025 4566 ;n
2054 4508 2167 4563 illis
2199 4506 2444 4577 dignus,
2477 4505 2745 4577 profecto
2798 4518 2996 4575 neque
3044 4502 3106 4557 in
3159 4501 3274 4556 hoc
3311 4498 3618 4567 indignus.

249 4593 397 4647 ἐστὶν
448 4595 477 4654 ἣ
530 4596 665 4648 ὥστε
708 4602 800 4647 τοῦ
846 4602 939 4657 τῆς
990 4597 1232 4658 θεότητος
1278 4596 1530 4669 ὀνόματος
1583 4599 1713 4669 πρὸς
1751 4603 1855 4649 Πα-

1983 4596 2140 4663 )uod
2170 4598 2219 4650 si
2263 4594 2463 4649 minor
2501 4599 2609 4660 est,
2644 4597 2709 4649 ut
2754 4592 2853 4648 isti
2902 4590 3191 4659 dictitant,
3226 4603 3415 4660 quam
3448 4590 3508 4643 ut
3537 4585 3623 4642 di-

249 4685 379 4758 τίρα
414 4701 468 4735 τε
497 4688 586 4737 καὶ
623 4685 743 4736 Υἱόν
775 4688 870 4742 τὴν
901 4689 1170 4737 κοινωνίαν
1218 4694 1492 4760 χωρῆσαι,
1534 4682 1657 4737 οὐδὲ
1696 4683 1852 4737 ἄλλον

1982 4684 2227 4743 ΙῘΠίῙᾶΪῘΞ
2260 4700 2482 4739 nomen
2516 4700 2655 4739 cum
2684 4686 2850 4739 Patre
2895 4686 2949 4737 et
3000 4679 3140 4735 Filio
3167 4690 3491 4733 commune
3516 4675 3622 4731 ha-

244 4774 388 4835 τινὸς
438 4780 539 4824 τῶν
600 4774 892 4846 θεοπρεπῶν
951 4773 1213 4846 ὀνομάτων
1264 4778 1502 4847 μετέχειν
1553 4774 1696 4837 ἀξιον

1982 4779 2103 4833 )eat
2128 4793 2141 4843 ;
2169 4790 2367 4845 neque
2392 4773 2613 4844 dignus
2641 4772 2769 4835 erit,
2806 4771 2911 4843 qui
2947 4768 3127 4824 ullius
3154 4766 3306 4821 alius
3329 4781 3400 4820 ex
3431 4765 3622 4821 nomi-

247 4863 765 4935 Καταμανθανόμενα
827 4864 929 4937 γὰρ
989 4868 1079 4916 καὶ
1138 4868 1519 4939 συγκρινόμενα
1572 4867 1700 4937 πρὸς
1758 4863 1852 4915 άλ-

1982 4865 2140 4921 iibus
2164 4865 2285 4920 Deo
2313 4862 2794 4936 competentibus
2807 4859 3106 4932 particeps
3122 4856 3214 4912 sit.
3231 4854 3622 4912 Considerata

237 4951 376 5010 ληλα
401 4955 469 5005 τὰ
518 4950 752 5024 ὀνόματα
790 4947 885 5004 διὰ
933 4961 1029 5014 τῆς
1079 4952 1319 5015 ἑκάστοις
1372 4956 1451 5024 (3)
1507 4953 1851 5029 ἐνθεωρουμ-

1981 4956 2122 5011 enim
2150 4960 2206 5011 et
2233 4958 2585 5026 comparata
2615 4953 2769 5007 inter
2811 4965 2873 5005 se
2921 4946 3174 5004 nomina
3202 4961 3311 5019 per
3349 4960 3486 5001 eam
3516 4961 3621 5002 no-

242 5060 339 5103 νης
402 5041 671 5115 ἐμφάσεως
700 5082 714 5108 ,
786 5040 1124 5116 εὐρεθησεται
1184 5039 1351 5115 μηδὲν
1424 5051 1516 5105 τῆς
1566 5050 1658 5097 τοῦ
1716 5050 1851 5097 Θεοῦ

1983 5046 2205 5108 ionem,
2237 5058 2425 5116 quam
2449 5042 2510 5097 in
2532 5040 2785 5110 singulis
2811 5037 3219 5112 speculamur,
3242 5034 3622 5092 invenientur

336 5150 429 5224 95)
452 5148 596 5224 Ῡίάθ
625 5146 954 5224 Αάάθὲἀᾷι,
1069 5220 1084 5224 _
1112 5220 1128 5224 _
1960 5152 2165 5224 gorius
2211 5153 2546 5224 Nyssenus.
2600 5146 3182 5224 Editiones_ve.tustaa
3214 5142 3414 5224 Basilii
3444 5138 3622 5215 διαφέ-

465 5220 1383 5299 Ὀνόμασιν-..Ιίᾁῇᾗἃάἀρῐξῑ-καὶ
1425 5225 1849 5299 τὴνουνὰφγειαν.
1960 5213 1980 5299 ξ

1835 5266 1849 5282 .
1960 5213 2090 5299 ᾔειν.
2126 5213 2483 5299 Basijeensis
2508 5220 2784 5299 secunda
2809 5223 2865 5275 et
2886 5218 3071 5299 Paris.
3098 5213 3378 5299 διξςξέρειν.
3466 5286 3475 5299 Ι

249 5288 365 5349 Sed
395 5292 525 5365 haec
545 5288 767 5347 desunt
784 5291 846 5347 in
868 5292 1020 5365 Med.
1047 5298 1103 5347 et
1122 5292 1297 5365 cois].
1322 5293 1589 5349 secundo
1615 5288 1848 5365 ac'Reg.

1960 5288 1969 5299 Ι
2033 5298 2145 5359 (99)
2186 5292 2351 5365 Ἄλλοι
2385 5294 2543 5346 κατά.
2589 5293 2761 5365 Unus
2783 5306 2856 5346 ex
2885 5289 3081 5361 Regiis
3114 5288 3220 5365 ἀλλ’
3253 5288 3311 5340 οὐ
3342 5288 3501 5365 κατά,

248 5362 517 5419 secundo
547 5367 606 5418 et
634 5365 811 5437 Nyss.
837 5366 902 5418 1n
930 5363 1122 5437 tribus
1150 5364 1280 5437 aliis
1311 5364 1618 5437 codicibus
1635 5350 1853 5437 legitur

2029 5350 2075 5437 (ί
2133 5350 2281 5418 Ὀὐδὲ
2324 5362 2372 5415 ἐν
2401 5366 2589 5435 τούτῳ.
2618 5362 2929 5420 Μθόίοωιιε
2958 5350 3099 5417 ovum
3121 5359 3313 5417 tribus
3339 5356 3470 5414 aliis
3495 5350 3618 5409 οὐδὲ

248 5438 486 5511 tantum
516 5438 620 5511 vis
643 5435 1084 5511 aupdpfiavsine
1114 5435 1240 5505 conj
1254 5436 1606 5511 unctione.“
1702 5435 1742 5511 Ἀ

1961 5435 2009 5488 ἐν
2036 5435 2257 5498 τούτοις.
2436 5506 2474 5511 __
2508 5506 2518 5511 _
2559 5503 2582 5511 _
2658 5505 2684 5511 η
3179 5502 3189 5511 _
3263 5500 3272 5511 '
3439 5497 3447 5506 _

318 5506 433 5579 (97)
465 5504 549 5566 Ὠς
570 5502 891 5579 εὐαγέςέδὶο
923 5505 1071 5579 med.
1104 5512 1161 5562 et
1191 5502 1309 5562 tres
1341 5507 1524 5575 Regii.
1555 5507 1645 5564 Sic
1672 5507 1852 5565 etiam

2034 5513 2110 5579 (2)
2143 5508 2342 5571 Ἀξιον.
2374 5506 2522 5562 Editi
2555 5503 2583 5565 ἧ
2617 5505 2780 5569 ἀξιον.
2816 5507 2992 5562 Deest
3016 5502 3232 5561 vocula
3259 5502 3321 5558 in
3349 5502 3619 5572 quinque

242 5575 467 5657 legitur
527 5575 692 5657 apud
726 5575 1106 5657 “Gregorium
1160 5581 1338 5657 Nyss.
1395 5578 1693 5657 Editiones
1751 5582 1853 5657 Qa-
1960 5575 2112 5657 mss.
2146 5584 2205 5636 et
2233 5579 2398 5657 apud
2424 5580 2592 5657 Greg.
2624 5581 2805 5657 Nyss._
2976 5650 3013 5657 ’Δ
3414 5640 3425 5651 _

241 5646 382 5727 silii,
434 5646 682 5722 excepta
726 5646 1131 5720 Haganoensi,
1179 5646 1246 5711 ὥς
1295 5647 1483 5722 ἐναγὲς,
1551 5657 1619 5706 ιιι
1680 5652 1853 5721 nefas

2032 5653 2109 5723 (3)
2162 5646 2435 5727 Ἐκοῖστοις
2493 5646 2919 5727 ἐνθεωρουμένίης,
2975 5650 3062 5727 Ita
3118 5661 3264 5727 iugis.
3325 5646 3617 5727 quinque,

241 5715 601 5796 ducamus."
716 5795 719 5796 ν
794 5715 845 5796 ξ
1113 5715 1116 5716 ⁷
1230 5795 1233 5796 ν
1388 5715 1473 5796 ’,ς
1574 5791 1584 5796 Δ
1729 5715 1761 5796 _'

1979 5715 2195 5795 ρι’ὸέο
2252 5720 2424 5796 quod
2476 5726 2607 5781 erat
2644 5715 2953 5779 'in'editis
3001 5717 3050 5773 ἐν
3110 5715 3361 5778 ἑκάστοις
3401 5715 3619 5788 θεωρου-

318 5792 436 5864 (98)
468 5795 768 5865 Διαφωνεῖν.
794 5792 881 5850 Ita
908 5806 1060 5849 mss.
1092 5795 1375 5866 quatuor.
1399 5792 1492 5851 Sic
1510 5791 1694 5852 etiam
1714 5794 1853 5853 Gre-
1961 5791 2135 5866 μένης.
