4152 6378
456 294 557 354 691

1846 300 1901 355 8.
1945 294 2198 353 BASlLlI
2232 299 2453 357 MAGNI

3725 311 3834 367 692

452 420 559 477 Dei
582 421 989 495 appellatione
1012 437 1138 480 non
1174 423 1476 483 inferiora.
1510 426 1653 498 Ejus
1677 424 1763 481 rei
1794 436 2113 493 argumen-

2237 430 2587 502 τροσηγορίας
2624 425 2832 480 ἔλαττον
2865 429 3077 500 ἔχοντα.
3116 433 3406 504 Τεκμήριον
3432 426 3511 498 δὲ,
3554 432 3635 484 ὅτι
3663 435 3830 506 τούτῳ

452 515 586 569 tum
612 517 724 583 est,
754 513 925 585 quod
952 514 1068 571 hoc
1120 517 1367 573 nomine
1414 518 1608 573 multa
1637 517 1817 573 etiam
1865 531 1938 570 ex
1965 512 2110 569 infe-

452 601 714 660 rioribus
732 609 1056 672 vocantur;
1085 604 1207 661 imo
1229 607 1532 679 Scriptura
1554 607 1760 663 divina
1784 621 1903 661 non
1930 619 2114 677 parca

456 698 547 750 est
573 693 756 765 hujus
783 698 1092 766 equivocae
1122 696 1564 769 appellationis,
1609 714 1685 753 ne
1731 697 1790 751 in
1830 693 2113 751 absurdis

457 782 708 855 quidem
738 788 795 839 et
818 785 1303 856 repugnantibus
1328 786 1532 856 rebus,
1564 786 1726 842 velut
1750 803 1890 841 cum
1930 785 2113 840 simu-

456 870 624 928 lacra
649 873 751 927 Dei
782 872 1182 945 appellatione
1208 874 1501 945 designat.
1542 878 1645 932 Dii
1688 878 1867 944 enim,
1898 874 2112 947 inquit,

462 962 570 1034 qui
588 962 804 1018 caelum
847 967 901 1017 et
947 969 1171 1019 terram
1210 980 1332 1020 non
1375 966 1671 1036 fecerunt,
1711 967 2031 1031 tollantur,
2060 969 2113 1019 et

461 1050 668 1106 subter
716 1056 945 1107 terram
995 1053 1502 1123 conjiciantur“;
1549 1055 1689 1111 item
1721 1072 1732 1110 :
1765 1055 1998 1118 Omnes,
2031 1055 2119 1111 in-

462 1137 611 1211 quit,
641 1139 733 1195 dit“
768 1141 1036 1210 gentium
1065 1141 1358 1200 daemonia
1376 1145 1449 1200 ⁵⁸.
1499 1147 1565 1199 Et
1594 1145 1951 1217 pythonissa
1977 1161 2117 1200 cum

460 1228 979 1286 incantationibus
1010 1231 1135 1287 suis
1158 1233 1323 1290 Sauli
1348 1234 1586 1290 animas
1618 1239 1910 1302 evocaret,
1940 1232 2015 1289 de
2044 1234 2116 1290 iis

462 1318 788 1375 animabus
839 1337 978 1393 quae
1034 1322 1518 1395 requirebantur,
1570 1324 1719 1380 deos
1775 1324 1994 1380 vidisse
2055 1341 2118 1380 se

463 1407 693 1465 dixit“.
719 1410 873 1476 Quin
898 1416 956 1466 et
981 1410 1110 1484 ipse
1139 1412 1403 1480 Balaam,
1436 1430 1575 1469 cum
1619 1430 1814 1484 augur
1866 1414 2119 1486 quidam

464 1503 621 1556 esset
646 1504 703 1556 et
731 1506 920 1573 vates,
979 1506 1036 1558 et
1086 1518 1193 1575 per
1244 1519 1522 1573 manum,
1563 1510 1629 1560 ut
1661 1506 1743 1561 ait
1796 1505 2114 1578 Scriptura,

463 1589 748 1646 vaticinia
797 1589 995 1667 ferret,
1023 1596 1080 1649 et
1120 1592 1473 1650 diemonum
1506 1594 1845 1651 doctrinam
1884 1610 1991 1667 per
2020 1611 2123 1650 au-

468 1678 743 1749 guralem
799 1680 1205 1738 curiositatem
1268 1683 1383 1739 sibi
1447 1684 1579 1757 ipse
1653 1690 2118 1758 comparasset,

2222 516 2311 585 μὲν
2366 522 2437 586 τῷ
2491 515 2706 589 ὀνόματι
2756 516 2923 569 πολλά
2949 524 3038 571 καὶ
3076 528 3175 571 τῶν
3205 516 3624 595 καταδεεστέρων
3656 520 3833 577 ἐπονο-

2223 604 2489 675 μάζεται·
2550 606 2740 680 μᾶλλον
2801 604 2860 659 δὲ
2898 608 2957 659 οὗ
3008 605 3239 681 φείδεται
3288 610 3317 667 ἡ
3375 611 3489 662 θεία
3526 616 3703 684 Γραφή
3736 619 3836 674 τῆς

2223 693 2521 767 ὁμωνυμίας
2593 699 2786 757 ταύτης
2815 736 2828 761 ,
2896 694 3021 751 οὐδὲ
3096 698 3181 750 ἐπὶ
3236 706 3335 750 τῶν
3410 696 3835 772 ἀπεμφαινόντων

2222 786 2563 857 πραγμάτων,
2596 787 2661 846 ὡς
2713 787 2833 838 ὃταν
2885 788 2951 838 τὰ
3007 783 3202 840 εἷδωλα
3247 796 3307 860 τῇ
3359 796 3453 840 τοῦ
3499 796 3633 842 Θεοῦ
3669 810 3836 864 προσ-

2224 877 2417 945 ηγορίᾳ
2472 875 2831 948 κατονομάςη.
2882 880 2998 928 Θεοὶ
3048 877 3170 950 γὰρ,
3204 881 3383 949 φησὶν,
3419 878 3469 928 οἶ
3516 877 3611 930 οὐκ
3649 877 3836 939 ἇποίη-

2227 981 2322 1014 σαν
2373 966 2462 1015 τὸν
2512 964 2728 1037 οὐρανὸν
2800 970 2890 1017 καὶ
2949 968 3043 1023 τὴν
3110 974 3210 1037 γῆν
3245 1004 3260 1029 ,
3318 965 3634 1039 ἀρθήτωσαν
3667 1011 3681 1036 ,
3744 974 3840 1023 καὶ

2225 1052 2469 1104 ὑποκάτω
2559 1061 2655 1115 τῆς
2721 1063 2819 1125 γῆς
2899 1052 3286 1127 βληθητωσαν-
3381 1058 3513 1122 καὶ,
3600 1056 3836 1122 Πάντες,

2226 1145 2404 1213 φησὶν,
2438 1143 2487 1194 οἱ
2519 1143 2624 1195 θεοὶ
2675 1151 2773 1195 τῶν
2822 1141 2976 1195 ἐθνῶν
3024 1140 3293 1217 δαιμόνια.
3330 1149 3431 1197 Καὶ
3470 1146 3500 1203 ἠ
3558 1143 3843 1217 ἐγγαστρί-

2225 1232 2435 1299 μυθος,
2506 1230 2553 1283 ἐν
2610 1240 2726 1295 ταῖς
2787 1237 3132 1305 μαγγανείαις
3191 1233 3356 1296 αὐτῆς
3428 1232 3845 1306 ψυχαγωγοῡσα

2224 1327 2294 1390 τῷ
2342 1320 2505 1373 Σαοὺλ
2542 1322 2617 1393 (4)
2679 1320 2769 1383 τάς
2826 1321 3237 1391 ἐπιζητουμένας
3284 1322 3490 1395 ψυχὰς,
3555 1325 3695 1385 θεοὺς
3752 1323 3846 1376 ἑω-

2226 1413 2439 1484 ρακέναι
2486 1416 2668 1482 φησίν.
2724 1411 2878 1464 Ἀλλά
2930 1418 3019 1465 καὶ
3071 1414 3096 1464 ὁ
3161 1412 3374 1485 Βαλαὰμ
3441 1412 3720 1477 οἰωνιστής
3759 1433 3846 1476 τις

3381 1058 3472 1108 καὶ
3500 1096 3513 1122 ,

2228 1498 2295 1549 ὢν
2352 1504 2443 1553 καὶ
2489 1502 2694 1573 μάντις,
2731 1506 2822 1554 καὶ
2881 1498 2976 1554 διὰ
3024 1505 3209 1577 χειρὸς
3262 1505 3328 1554 τὰ
3384 1511 3603 1575 μαντεῖα
3656 1507 3845 1579 φέρων,

2227 1591 2402 1651 καθώς
2432 1610 2590 1663 φησιν
2635 1593 2665 1650 ἡ
2710 1596 2911 1664 Γραφὴ,
2942 1598 3031 1645 καὶ
3061 1597 3154 1651 τὴν
3193 1591 3249 1644 ἐκ
3289 1589 3552 1666 δαιμόνων
3581 1589 3849 1646 διδασκα-

2229 1678 2341 1731 λίαν
2374 1676 2469 1732 διά
2496 1689 2587 1741 τῆς
2630 1680 2966 1743 οἰωνιστικῆς
3017 1687 3313 1755 περιεργίας
3357 1682 3525 1754 ἐαυτῷ
3581 1684 3854 1756 κατορθὼ-

468 1771 661 1826 Deum
690 1769 1066 1827 consuluisse
1118 1778 1492 1831 memoratur
1542 1791 1579 1830 a
1633 1775 2123 1847 Scriptura°°.Ac

2237 1788 2349 1839 σας,
2405 1772 2552 1845 παρὰ
2618 1778 2751 1823 Θεοῦ
2832 1770 3283 1844 συμϐουλεύεσθαι
3342 1774 3443 1824 ὑπὸ
3496 1780 3592 1834 τῆς
3638 1779 3852 1849 Γραφῆς

468 1858 662 1915 multa
714 1859 1017 1931 ejusmodi
1060 1860 1199 1919 licet
1247 1878 1318 1918 ex
1368 1862 1685 1936 Scripturis
1723 1865 1937 1920 divinis
1962 1863 2124 1920 colli-

470 1953 712 2019 gentem
746 1948 1183 2023 demonstrare,
1211 1952 1329 2009 hoc
1375 1968 1600 2010 nomen
1643 1970 1830 2027 supra
1860 1953 2123 2027 reliquas

469 2037 928 2111 appellationes,
961 2056 1099 2113 quae
1131 2043 1250 2097 Deo
1280 2041 1479 2113 dignae
1524 2047 1683 2113 sunt,
1722 2043 1869 2100 nihil
1900 2044 2124 2100 habere

465 2128 796 2202 praecipui:
824 2130 1329 2204 quandoquidem
1372 2132 1597 2205 ipsum,
1639 2139 1706 2190 ut
1753 2133 1981 2191 dictum
2011 2138 2120 2206 est,

468 2217 651 2274 etiam
681 2217 758 2275 de
803 2219 987 2276 rebus
1029 2219 1314 2277 absurdis
1343 2226 1398 2278 et
1435 2223 1916 2296 repugnantibus
1945 2224 2127 2297 aequi-

465 2322 612 2365 voce
640 2314 1004 2382 usurpatum
1048 2309 1409 2368 invenimus.
1454 2317 1526 2369 At
1573 2314 1765 2369 sancti
1793 2330 2039 2384 nomen,
2070 2318 2128 2371 et

469 2398 824 2474 incorrupti,
857 2404 913 2457 et
950 2402 1116 2470 recti,
1147 2407 1204 2459 et
1245 2402 1415 2474 boni,
1459 2419 1765 2477 nusquam
1791 2405 2128 2462 communi-

467 2493 673 2545 catum
722 2506 865 2546 cum
914 2490 1101 2547 rebus
1150 2491 1421 2563 indignis
1472 2509 1508 2550 a
1566 2494 1870 2567 Scriptura
1930 2495 2127 2551 edocti

468 2596 698 2638 sumus.
722 2581 906 2653 Igitur
936 2582 985 2638 si
1008 2584 1280 2653 nomina,
1312 2600 1450 2657 quae
1479 2584 1788 2658 praecipuo
1835 2586 2021 2642 modo
2050 2586 2126 2643 de

468 2671 598 2728 sola
621 2670 829 2727 divina
850 2676 1070 2728 natura
1096 2672 1192 2746 pie
1221 2680 1612 2747 usurpantur,
1649 2674 1888 2747 Spiritui
1915 2681 2126 2733 sancto

468 2776 606 2817 cum
653 2763 823 2817 Patre
867 2765 922 2817 et
964 2761 1107 2819 Filio
1158 2763 1510 2821 communia
1549 2779 1682 2820 esse
1708 2780 1827 2821 non
1861 2771 2123 2836 negant;

464 2864 604 2923 qum
628 2849 759 2922 jam
788 2849 944 2907 ratio
997 2856 1106 2919 est,
1150 2851 1296 2908 illud
1348 2852 1546 2909 solum
1585 2854 1966 2926 contendere,
2001 2869 2127 2911 non

465 2938 927 3009 communicari,
946 2940 1132 3013 quod,
1156 2942 1492 2999 secundum
1515 2944 1894 3016 aequivocum
1915 2961 2127 3017 quem-

465 3029 610 3087 dam
637 3046 841 3100 usum,
887 3034 945 3087 et
987 3030 1304 3088 daemoniis
1356 3037 1414 3090 et
1459 3032 1798 3090 simulacris
1837 3033 2128 3107 impertiri

465 3119 948 3177 demonstratum
979 3120 1114 3177 est?

538 3209 716 3281 280
756 3213 808 3266 6.
854 3209 971 3266 Sed
1017 3209 1186 3267 aiunt
1232 3213 1516 3268 naturam
1558 3211 1675 3268 hac
1722 3212 2127 3285 appellatione

462 3298 910 3367 demonstrari,
958 3315 1349 3357 communem
1387 3304 1592 3357 autem
1645 3317 1770 3358 non
1802 3318 1934 3359 esse
1985 3319 2128 3359 cum

461 3390 635 3446 Patre
659 3392 716 3444 et
735 3387 883 3444 Filio
907 3388 1159 3461 Spiritus
1185 3394 1491 3458 naturam,
1531 3407 1603 3448 ac
1642 3392 1899 3464 proinde
1924 3408 2038 3449 nec
2065 3393 2128 3449 in

461 3477 581 3534 hoc
617 3476 865 3533 nomine
904 3479 1354 3535 communionis
1394 3495 1535 3536 eum
1575 3497 1707 3538 esse
1746 3483 2126 3556 participem.

466 3564 799 3624 Ostendant
820 3566 1022 3638 igitur,
1055 3568 1278 3642 quibus
1307 3569 1490 3626 rebus
1516 3570 1924 3629 diversitatem
1954 3580 2131 3636 natu.

464 3672 547 3714 rae
575 3656 949 3729 agnoverint.
980 3658 1039 3716 Si
1077 3658 1241 3715 enim
1282 3666 1488 3733 posset
1511 3660 1648 3735 ipsa
1680 3678 1787 3735 per
1818 3680 1882 3719 se
1912 3669 2132 3723 natura

466 3746 674 3805 divina
702 3747 884 3816 cerni,
909 3755 967 3806 et
993 3749 1142 3823 quid
1162 3749 1218 3805 ei
1238 3751 1575 3825 proprium,
1600 3753 1746 3826 quid
1771 3752 2035 3811 alienum
2058 3773 2131 3813 ex

464 3836 803 3895 manifestis
831 3839 1014 3897 rebus
1042 3839 1338 3910 inveniri;
1394 3857 1539 3898 sane
1591 3859 1747 3916 opus
1791 3844 1968 3900 nobis
2007 3861 2131 3903 non

467 3931 628 3984 esset
653 3928 855 3984 verbis
881 3933 986 3986 aut
1015 3929 1204 4000 signis
1238 3930 1373 3987 aliis
1404 3931 1484 3988 ad
1507 3931 1592 3989 rei
1622 3932 1892 4006 quaesitae
1923 3935 2134 3992 intelli-

469 4016 756 4088 gentiam.
793 4018 909 4075 Sed
937 4020 1234 4092 quoniam
1259 4020 1362 4077 illa
1391 4022 1640 4095 quidem
1673 4022 1991 4081 sublimior
2020 4030 2131 4095 est,

470 4121 658 4179 quam
684 4110 805 4163 uta
825 4109 1239 4180 quaerentibus
1268 4111 1464 4182 possit
1490 4110 1762 4182 intelligi,
1787 4129 1861 4168 ex
1886 4115 2111 4186 quibus

471 4194 616 4252 dam
647 4200 849 4253 autem
880 4198 1237 4269 conjecturis
1262 4199 1337 4255 de
1376 4199 1559 4256 rebus
1596 4202 1999 4270 cognitionem
2034 4220 2141 4265 no.

477 4288 666 4342 stram
713 4284 1087 4356 fugientibus
1112 4287 1579 4358 ratiocinamur;
1613 4305 1857 4347 necesse
1888 4308 2138 4364 prorsus

473 4378 564 4432 est
589 4390 662 4431 ex
691 4375 1143 4449 operationibus
1166 4392 1278 4433 nos
1308 4392 1496 4433 manu
1522 4377 1663 4434 duci
1683 4378 1761 4435 ad
1796 4379 2012 4437 divinae
2036 4397 2140 4438 na-

2234 1861 2541 1935 ἱστορείται.
2592 1866 2692 1914 Καὶ
2734 1859 2899 1913 πολλὰ
2934 1863 3156 1913 τοιαῦτά
3210 1859 3323 1914 ἐστι
3377 1861 3747 1936 συλλεξάμενον
3788 1863 3853 1916 ἔκ

2231 1958 2331 2003 τῶν
2378 1952 2522 2003 θείων
2574 1952 2909 2026 παραθέσθαι
2946 1957 3199 2024 Γραφῶν·
3257 1952 3338 2005 ὅτι
3376 1955 3435 2004 τὸ
3484 1955 3647 2025 ὄνομα
3693 1960 3852 2006 τοῦτο

2233 2037 2385 2093 οὐδὲν
2438 2041 2567 2114 ὑπὲρ
2620 2044 2711 2102 τὰς
2764 2040 2949 2103 λοιπὰς
2990 2044 3084 2104 τὰς
3150 2043 3448 2117 θεοπρεπείς
3486 2048 3855 2118 προσηγορίας

2232 2132 2522 2205 πρωτεύει,
2581 2132 2696 2201 ὅτε,
2745 2133 2915 2192 καθὼς
2962 2134 3195 2204 εἴρηται,
3254 2136 3345 2184 καὶ
3397 2130 3482 2185 ἐπὶ
3532 2140 3630 2187 τῶν
3676 2131 3853 2207 ἀπεμ-

2235 2222 2510 2292 φαινόντων
2558 2220 2845 2293 ὁμωνύμως
2872 2219 3137 2293 λεγόμενον
3187 2221 3514 2295 εὑρισκομεν.
3564 2225 3634 2275 Τὸ
3665 2219 3725 2276 δὲ
3752 2230 3853 2276 τοῦ

2237 2306 2389 2380 ἀγίου
2439 2312 2617 2381 ὄνομα,
2649 2314 2740 2362 καὶ
2792 2316 2885 2362 τοῦ
2938 2308 3224 2385 ἀφθάρτου,
3258 2314 3349 2363 καὶ
3395 2318 3488 2363 τοῦ
3537 2311 3724 2383 εὐθέος,
3756 2317 3851 2366 καὶ

2232 2405 2324 2451 τοῦ
2347 2396 2568 2469 ἀγαθοῦ,
2591 2395 2831 2471 οὐδαμοῦ
2860 2402 3309 2472 κοινοποιούμενον
3330 2402 3459 2473 πρὸς
3478 2402 3545 2454 τὰ
3565 2406 3637 2474 μὴ
3661 2398 3847 2454 δέοντα

2234 2490 2380 2562 παρά
2432 2496 2524 2548 τῆς
2576 2493 2781 2561 Γραφῆς
2830 2485 3223 2562 ἐδιδάχθημεν.
3259 2488 3483 2557 Οὐκοῦν,
3535 2490 3580 2543 εἰ
3636 2490 3685 2544 ἐν
3737 2498 3848 2553 τοίς

2237 2575 2507 2653 ἐξαιρέτως
2534 2576 2619 2630 ἐπὶ
2653 2581 2812 2651 μόνης
2840 2585 2903 2637 τῆ
2915 2600 2935 2641 ς
2971 2580 3107 2639 θείας
3156 2581 3359 2651 φύσεως
3390 2578 3611 2642 εὐσεϐῶς
3636 2579 3853 2654 λεγομέ-

2235 2686 2342 2728 νοις
2363 2667 2585 2740 ὀνόμασι
2613 2665 2872 2720 κοινωνεῖν
2900 2670 2961 2720 τὸ
2995 2667 3145 2740 ἅγιον
3178 2675 3390 2740 Πνεῦμα
3417 2671 3549 2743 πρὸς
3592 2673 3681 2723 τὸν
3727 2672 3853 2725 Υἰὸν

2236 2759 2445 2810 καὶτὸν
2473 2759 2681 2832 Πατέρα
2720 2756 2816 2809 οὐκ
2864 2755 3213 2829 ἀντιλέγουσι,
3264 2761 3346 2821 τίς
3394 2758 3420 2809 ὁ
3465 2756 3635 2831 λόγος,
3681 2762 3854 2834 τούτῳ

2236 2849 2375 2918 μόνῳ
2431 2846 2843 2907 κατασκευάζειν
2894 2843 3239 2905 ἀκοινώνητον
3292 2842 3442 2917 εἶναι,
3502 2843 3562 2900 οὗ
3610 2853 3855 2922 μετέχειν

2237 2931 2482 3007 ἐδείχθη,
2512 2937 2650 2989 κατὰ
2678 2954 2793 2989 τινα
2830 2936 3101 3009 ὁμώνυμον
3140 2942 3344 3011 χρῆσιν
3369 2939 3459 2989 καὶ
3487 2938 3553 2990 τὰ
3598 2934 3857 3012 δαιμόνια

2238 3029 2329 3078 καὶ
2357 3028 2425 3077 τὰ
2450 3021 2649 3078 εἴδωλα
2676 3040 2690 3092 ;

2311 3205 2364 3259 6.
2433 3201 2592 3257 Ἀλλά
2643 3201 2858 3275 λέγουσι
2914 3206 3115 3276 φύσεως
3166 3199 3489 3264 ἐνδεικτικην
3547 3202 3680 3258 εἶναι
3751 3209 3849 3264 τὴν

2236 3297 2596 3367 προσηγορίαν
2673 3294 2865 3350 ταύτην
2892 3313 2904 3325 ·
2991 3290 3336 3351 ἀκοινώνητον
3404 3290 3464 3347 δὲ
3517 3294 3648 3347 εἶναι
3722 3298 3852 3368 πρὸς

2239 3386 2448 3455 Πατέρα
2502 3386 2591 3434 καὶ
2647 3383 2764 3435 Υἰόν
2799 3386 2893 3440 τὴν
2925 3389 3014 3434 τοῦ
3067 3384 3368 3455 Πνεύματος
3407 3386 3585 3455 φύσιν,
3625 3389 3717 3437 καὶ
3760 3381 3858 3437 διὰ

2236 3478 2391 3523 τοῦτο
2421 3467 2561 3545 μηδὲ
2590 3478 2686 3532 τῆς
2734 3472 2871 3523 κατά
2908 3474 2967 3523 τὸ
3017 3474 3180 3545 ὄνομα
3231 3479 3384 3525 τοῦτο
3425 3478 3698 3536 κοινωνίας
3725 3493 3855 3547 μετ-

2240 3564 2404 3633 έχειν.
2456 3560 2659 3613 Οὐκοῦν
2720 3557 3068 3627 δειξάτωσαν,
3098 3557 3191 3614 διὰ
3230 3566 3379 3614 τίνων
3426 3566 3483 3616 τὸ
3530 3572 3626 3627 τῆς
3656 3566 3858 3637 φύσεως

2238 3649 2667 3725 παρηλλαγμένον
2716 3649 3033 3722 ἐπέγνωσαν.
3088 3650 3151 3703 Εἰ
3205 3654 3297 3724 μὲν
3352 3654 3451 3726 γὰρ
3505 3649 3568 3711 ἦν
3631 3649 3856 3706 δυνατὸν

2242 3740 2403 3799 αὐτὴν
2456 3739 2528 3811 ἐφ’
2581 3739 2774 3800 ἑαυτῆς
2815 3743 2910 3799 τὴν
2968 3741 3106 3793 θείαν
3167 3743 3322 3814 φύσιν
3372 3743 3719 3816 θεωρηθῆναι,
3764 3748 3857 3796 καὶ

2240 3834 2298 3882 τό
2324 3849 2379 3882 τε
2409 3828 2613 3891 οἰκείως
2654 3830 2782 3902 ἔχον
2828 3832 2921 3881 καὶ
2975 3832 3034 3882 τὸ
3092 3828 3373 3906 ἀλλοτρίως
3425 3828 3520 3885 διὰ
3556 3840 3654 3885 τῶν
3685 3853 3861 3905 φαινο-

2243 3923 2402 3992 μένων
2457 3919 2641 3991 εὑρεῖν,
2702 3917 2797 3970 οὐκ
2852 3916 2912 3969 ἂν
2967 3921 3174 3982 πάντως
3247 3916 3534 3994 ἐδεήθημεν
3589 3919 3754 3994 λόγων
3820 3923 3851 3983 ἣ

2243 4012 2534 4083 τεκμηρίων
2583 4007 2763 4083 ἑτέρων
2834 4012 2964 4082 πρὸς
3019 4012 3113 4067 τὴν
3179 4016 3271 4062 τοῦ
3320 4009 3641 4083 ζητουμένου
3699 4013 3856 4064 κατά-

2243 4097 2402 4170 ληψιν
2428 4118 2441 4131 ο
2476 4093 2657 4155 ἐπειδὴ
2694 4092 2754 4149 δὲ
2784 4098 2813 4155 ἡ
2867 4100 2957 4170 μὲν
3007 4095 3305 4171 ὑψηλοτέρα
3345 4107 3441 4161 τῆς
3470 4107 3571 4152 τῶν
3603 4100 3859 4173 ζητουμέ-

2245 4208 2343 4239 νων
2400 4185 2514 4239 ἐστὶ
2564 4191 2944 4256 κατανοήσεως,
2988 4187 3045 4239 ἐκ
3095 4184 3154 4240 δὲ
3200 4193 3490 4261 τεκμηρίων
3538 4198 3689 4242 τινῶν
3736 4195 3859 4264 περὶ

2246 4285 2346 4329 τῶν
2378 4273 2763 4349 διαφευγόντων
2802 4279 2896 4335 τὴν
2948 4280 3143 4348 γνῶσὶν
3310 4279 3456 4350 ἡμῶν
3502 4277 3855 4351 λογιζόμεθαο

2250 4364 2445 4439 ἀνάγκη
2504 4370 2654 4418 πᾶσα
2702 4360 2797 4417 διὰ
2851 4373 2950 4417 τῶν
3000 4363 3259 4441 ἐνεργειῶν
3315 4369 3451 4440 ἡμᾶς
3509 4376 3859 4442 χειραγωγεῖ-

475 4467 626 4522 turae
645 4464 1193 4536 investigationem.
1229 4467 1437 4540 Itaque
1470 4467 1518 4523 si
1539 4467 1869 4525 viderimus
1891 4470 2043 4527 inter
2074 4488 2128 4528 se

2251 4457 2377 4509 σθαι
2416 4457 2547 4530 πρὸς
2603 4458 2697 4513 τὴν
2749 4463 2845 4515 τῆς
2900 4455 3039 4517 θείας
3099 4458 3299 4527 φύσεως
3357 4459 3583 4529 ἔρευναν.
3630 4457 3858 4525 Οὐκοῦν,

479 4552 719 4612 differre
741 4555 1141 4629 operationes,
1171 4571 1309 4629 quae
1332 4572 1369 4612 a
1403 4559 1570 4613 Patre
1596 4562 1652 4613 et
1681 4558 1823 4614 Filio
1844 4564 1899 4616 et
1922 4562 2139 4633 Spiritu

481 4648 693 4704 sancto
722 4645 898 4711 ﬁunt,
929 4649 1177 4703 naturas
1204 4645 1407 4713 etiam,
1429 4662 1567 4720 quae
1608 4654 1956 4721 operantur,
1986 4651 2141 4708 inter

565 4829 610 4867 ⁵⁷
632 4831 747 4887 Jer.
770 4845 824 4900 χ,
854 4833 938 4887 11.
1015 4829 1062 4866 ⁵⁸
1083 4828 1236 4888 Psal.
1259 4845 1384 4901 xcv,
1416 4834 1468 4887 5.
1546 4830 1594 4867 ‘9
1625 4833 1807 4902 lReg.
1833 4847 2027 4905 xxvm,
2054 4837 2142 4893 13.

566 5006 645 5081 (ft)
673 5012 757 5077 Τῷ
794 5006 975 5081 ξαούλ.
1020 5007 1113 5081 Sic
1152 5008 1550 5081 emendamus
1574 5024 1690 5081 ope
1717 5008 1942 5066 codicis
1968 5011 2145 5068 Medi-

493 5077 623 5146 ceei,
655 5077 821 5149 quod
850 5094 1036 5150 prave
1065 5079 1127 5134 in
1158 5078 1329 5134 editis
1358 5077 1672 5149 legebatur
1704 5084 1790 5133 τὸν
1834 5082 2017 5146 Σαούλ,
2046 5084 2146 5140 de-

490 5150 760 5205 mulcens
802 5150 1065 5206 Saulem.
1097 5150 1342 5206 Videtur
1367 5151 1531 5207 hunc
1557 5152 1761 5208 locum
1808 5154 2146 5211 admodum

489 5221 864 5295 negligenter
894 5221 1117 5295 legisse
1149 5222 1465 5287 Scultetus,
1496 5223 1645 5295 dum
1677 5229 1847 5295 putat
1874 5226 2145 5281 animam

490 5291 789 5351 Samuelis
813 5293 927 5348 hoc
970 5291 1104 5348 loco
1132 5298 1445 5349 evocatam
1474 5294 1609 5353 dici.
1647 5291 1812 5352 Unde
1838 5297 2147 5354 concludit

486 5364 648 5422 hanc
673 5364 1328 5490 sententiamPugnare
1354 5381 1492 5420 cum
1522 5365 1595 5420 iis
1619 5382 1755 5447 quae
1775 5368 2055 5437 leguntur
2084 5369 2144 5423 in

488 5440 927 5490 commentario
949 5437 1011 5490 in
1071 5437 1263 5490 saiam
1295 5451 1356 5490 n.
1384 5439 1509 5490 218.
1551 5435 1655 5490 llbl
1687 5438 1769 5490 sic
1797 5439 2011 5490 legitur
2039 5456 2052 5490 :
2083 5440 2141 5490 'H

488 5440 927 5493 commentario
949 5437 1011 5491 in
1038 5435 1263 5491 Isaiam
1295 5451 1356 5490 n.
1384 5439 1509 5501 218,
1551 5435 1655 5491 ubi
1687 5438 1769 5492 sic
1797 5435 2011 5503 legitur
2039 5456 2052 5493 :
2083 5440 2141 5492 'H

486 5506 910 5583 ἓγγᾳστρίμυθος
929 5515 1002 5579 τῷ
1033 5506 1194 5559 Σαοὺλ
1225 5504 1319 5559 διὰ
1346 5514 1418 5583 τῷ
1464 5505 1723 5583 δαιμόνων
1754 5507 2023 5582 ἀνήγγειλε
2047 5516 2141 5570 τὴν

527 5576 774 5654 έλλουσάν
820 5576 1000 5654 ἧτταν.
1054 5583 1301 5651 Δαίμονες
1347 5581 1449 5654 γὰρ
1478 5576 1611 5638 ἦσαν
1643 5581 1691 5631 οἱ
1732 5576 2141 5654 κατασχηματί-

527 5600 774 5632 εΑΑουσαν
820 5600 1000 5638 ητταν.
1054 5600 1301 5651 Δαιμονες
1347 5600 1446 5650 γαρ
1478 5600 1611 5638 ησαν
1643 5600 1691 5631 οι
1732 5600 2141 5654 κατασχηματι-

485 5600 899 5735 ἔοντεςῆὲαυτοὺς
920 5651 986 5712 εἰς
1015 5654 1074 5735 τὸ
1104 5658 1196 5703 τοῦ
1222 5649 1464 5724 Σαμουὴλ
1502 5656 1802 5735 πρόσωπον,
1847 5655 2141 5735 νθηινὶζο-

481 5735 604 5793 qua
639 5721 819 5778 Sauli
852 5736 963 5792 per
1002 5721 1303 5783 daemones
1337 5721 1674 5782 enuntiavit
1699 5725 1983 5796 futuram
2019 5725 2140 5784 cla-

2250 4545 2333 4599 ἐὰν
2391 4541 2585 4618 ἴδωμεν
2639 4540 2989 4618 διαφερούσας
3038 4542 3266 4603 ἀλλήλων
3312 4547 3406 4608 τὰς
3458 4545 3714 4622 ἐνεργείας
3762 4550 3860 4612 τὰς

2247 4634 2393 4708 παρά
2421 4639 2514 4686 τοῦ
2542 4636 2751 4709 Πατρός
2778 4637 2869 4686 καὶ
2919 4639 3013 4685 τοῦ
3060 4634 3185 4687 Υὶοῦ
3236 4637 3327 4686 καὶ
3356 4640 3448 4687 τοῦ
3496 4633 3648 4707 ἁγίου
3698 4637 3858 4688 Πνεύ-

2252 4830 2302 4866 σο
2330 4832 2505 4887 Num.
2539 4845 2670 4899 xxn,
2707 4833 2770 4888 19
2792 4844 2962 4902 seqq.

2253 5008 2407 5065 dem.
2455 5009 2654 5066 Erant
2693 5010 2851 5066 enim
2896 5008 3190 5066 daemones
3222 5009 3342 5080 qui
3385 5008 3712 5067 induerant
3743 5009 3854 5068 Sa-

2253 5082 2473 5153 muelis,
2509 5096 2852 5153 personam.
2914 5084 3048 5153 Haec
3096 5079 3363 5153 profecto
3405 5095 3530 5137 non
3577 5087 3860 5153 pugnant

2254 5169 2393 5224 cum
2421 5152 2512 5207 his
2543 5168 2679 5223 qum
2709 5153 2768 5224 in
2799 5152 2916 5208 hac
2943 5150 3214 5224 epistola,
3239 5151 3539 5224 leguntur.
3573 5150 3722 5208 Nam
3756 5156 3859 5209 Ba-

2256 5223 2419 5279 silius
2464 5222 2590 5278 non
2637 5223 2831 5279 solum
2889 5222 3012 5278 non
3053 5222 3205 5278 dicit
3239 5223 3508 5278 animam
3561 5224 3857 5281 Samuelis

2254 5311 2388 5366 vere
2420 5294 2809 5366 apparuisse;
2845 5294 2951 5350 sed
2980 5294 3164 5350 etiam
3192 5309 3316 5349 non
3347 5294 3601 5349 obscure
3630 5294 3861 5352 indicat

2253 5365 2703 5438 diemonessub
2730 5367 3072 5422 animarum
3102 5365 3305 5438 gspecie
3334 5371 3618 5438 evocatos
3647 5366 3856 5423 fuisse.

2252 5437 2470 5493 Probat
2494 5437 2652 5491 enim
2682 5437 2797 5493 hoc
2836 5438 2969 5493 loco
3016 5436 3114 5509 Dei
3141 5436 3384 5509 nomen
3433 5436 3492 5509 in
3546 5438 3858 5509 Scriptura

2250 5508 2396 5580 ipsis
2422 5508 2601 5564 etiam
2634 5509 2935 5563 interdum
2975 5508 3155 5563 tribui
3185 5508 3503 5564 daemoniis
3532 5525 3545 5580 ;
3581 5508 3763 5580 atque
3789 5509 3855 5566 in

2249 5578 2412 5636 hunc
2463 5596 2643 5635 usum
2697 5580 2943 5635 adhibet
2976 5580 3362 5705 (pythonissae
3416 5578 3849 5654 testimonium,

2249 5668 2385 5705 ante
2412 5658 2690 5705 evocatas
2720 5652 2955 5705 animas
3021 5665 3123 5705 eos
3153 5650 3495 5705 appellavit.

2249 5668 2385 5725 quae
2412 5658 2690 5709 evocatas
2720 5652 2955 5725 animas
2976 5650 3123 5706 deos
3153 5650 3495 5725 appella-vit.

2319 5729 2401 5797 (5)
2424 5728 2531 5785 Τὴν
2560 5730 2770 5797 γνῶσιν.
2805 5724 2890 5781 Ita
2918 5738 3067 5780 mss.
3096 5720 3406 5780 sexl'Editi
3424 5725 3655 5795 μνήμην.
