4152 6402
307 347 421 401 693
1239 343 1726 400 EPlSTOLARUM
1765 337 2046 396 CLASSIS
2083 339 2150 393 II.
2201 337 2419 396 EPIST.
2465 341 2765 398 CLXXXIX.
3583 345 3688 400 694

310 489 484 543 ματος
533 467 916 542 ἒνεργουμένας,
979 463 1267 540 διαφόρους
1319 465 1448 520 εἶναι
1486 472 1576 519 καὶ
1633 469 1727 527 τὰς
1779 463 1918 538 ἐνερ-

2046 475 2092 515 ςθ
2148 461 2490 520 differentes
2541 482 2691 534 esse,
2751 481 2822 522 ex
2872 463 3293 538 operationum
3342 464 3686 522 diversitate

303 563 516 632 γούσας
597 560 778 630 φύσεις
849 556 904 608 ἐκ
971 565 1066 619 τῆς
1127 557 1426 630 ἑτερότητος
1490 567 1589 610 τῶν
1662 558 1918 631 ἐνεργειῶν

2046 553 2437 623 :onjiciemus.
2489 559 2690 628 Neque
2736 555 2898 610 enim
2928 556 3056 610 ﬁeri
3086 559 3302 627 potest,
3325 559 3391 611 ut
3417 572 3552 628 quae
3583 571 3686 613 na-

309 650 697 721 στοχασόμεθα
736 649 828 716 t6).
883 643 1023 699 Οὐδὲ
1084 649 1186 721 γὰρ
1243 644 1513 720 ἐνδέχεται
1551 650 1616 699 τὰ
1658 643 1920 699 διεστῶτα

2045 659 2175 698 ursa
2216 644 2445 700 ratione
2493 646 2859 717 discrepant,
2916 645 2978 700 in
3035 646 3233 700 forma
3264 645 3685 716 operationum

303 741 451 792 κατὰ
499 741 588 790 τόν
635 745 731 798 τῆς
777 739 972 809 φύσεως
1030 741 1177 809 Λόγον
1217 741 1344 812 πρός
1411 741 1468 790 τό
1527 745 1625 789 τῶν
1657 735 1916 811 ἐνεργειῶν

2051 738 2183 788 nter
2227 750 2287 789 se
2337 736 2763 793 consentiant:
2798 752 2907 791 nec
2952 735 3107 804 ignis
3163 735 3508 807 refrigescit,
3573 752 3685 792 nec

309 825 452 888 εἶδος
507 825 747 888 ἀλλήλοις
796 828 1172 898 συνενεχθῆναι
1198 847 1209 859 ·
1238 828 1312 897 (’7)
1344 831 1461 880 οὔτε
1507 826 1675 898 ψύχει
1699 830 1757 877 τό
1789 832 1914 899 πῦρ,

2045 823 2246 894 glacies
2280 825 2582 894 calefacit;
2641 827 2746 883 sed
2792 844 2931 882 cum
2963 831 3319 882 naturarum
3350 826 3685 884 differentia

309 921 433 971 οὔτε
479 919 741 990 θερμαίνει
794 917 818 968 ό
872 915 1223 989 κρύσταλλος·
1286 917 1413 969 ἁλλὰ
1459 925 1521 990 τῇ
1574 925 1672 968 τῶν
1719 917 1916 988 φύσεων

2046 914 2206 969 ;imul
2236 916 2413 970 etiam
2443 916 2594 972 inter
2651 933 2711 972 se
2757 916 3102 988 discrepant
3130 932 3265 986 quas
3293 915 3370 971 ab
3395 915 3507 970 illis
3532 915 3686 972 ﬁunt

312 1004 548 1080 διαφορᾴ
606 1003 1126 1079 συνδιαχωρίζονται
1176 1005 1263 1058 ἀπ’
1307 1005 1532 1066 ἀλλήλων
1572 1010 1661 1058 καὶ
1692 1006 1746 1057 αἱ
1775 1005 1919 1076 παρά

2045 1005 2428 1075 )perationes.
2495 1005 2551 1062 Si
2600 1011 2802 1062 autem
2857 1021 3046 1061 unam
3103 1005 3571 1060 intellexerimus
3627 1007 3685 1061 et

309 1099 509 1149 τούτων
554 1094 822 1170 ἐνέργειαι.
900 1096 1020 1148 Ἐἀν
1069 1092 1127 1148 δὲ
1189 1101 1313 1168 μίαν
1365 1101 1631 1169 νοήσωμεν
1693 1099 1785 1153 τὴν
1837 1093 1914 1164 (8)

2043 1093 2212 1148 )δῐιτίε
2243 1098 2298 1149 et
2331 1094 2451 1149 Filii
2476 1099 2531 1150 et
2563 1096 2813 1168 Spiritus
2846 1095 3035 1152 sancti
3069 1095 3502 1166 operationem,
3536 1093 3683 1151 nihil

315 1185 568 1261 ἐνέργειαν
609 1189 814 1258 Πατρός
870 1205 924 1238 τε
977 1190 1066 1238 καὶ
1117 1188 1240 1239 Υἰοῡ
1289 1192 1378 1239 καὶ
1419 1189 1716 1258 Πνεύματος
1742 1184 1912 1256 ἁγίου,

2047 1199 2085 1237 n
2117 1183 2236 1238 ulla
2259 1199 2320 1238 re
2352 1184 2725 1240 ditferentem
2766 1191 2867 1242 aut
2911 1185 3274 1252 variantem;
3324 1199 3566 1239 necesse
3595 1194 3684 1240 est

313 1274 362 1327 ἐν
395 1271 580 1348 μηδενὶ
607 1271 959 1350 διαφέρουσάν
997 1295 1050 1326 τι
1079 1277 1108 1334 ἡ
1167 1275 1642 1350 παραλλάσσουσαν
1668 1293 1679 1304 ·
1715 1272 1911 1344 ἀνάγκη

2037 1289 2097 1330 ex
2126 1274 2490 1346 operationis
2519 1274 2825 1332 identitate
2870 1276 3162 1331 unitatem
3197 1273 3392 1344 colligi
3424 1278 3677 1332 naturae.

307 1371 371 1437 τῇ
401 1368 686 1422 ταυτότητι
742 1372 834 1426 τῆς
887 1363 1138 1438 ἐνεργείας
1179 1368 1238 1418 τό
1278 1367 1537 1438 ἡνωμένον
1589 1373 1685 1426 τῆς
1715 1365 1915 1436 φύσεως

313 1453 743 1526 συλλογίζεσθαι·

380 1544 434 1596 7.
478 1543 735 1616 Ἀγιάζει,
793 1547 882 1597 καὶ
935 1543 1198 1611 ζωοποιεῖ,
1256 1549 1344 1597 καὶ
1367 1544 1598 1618 φωτίζει,
1627 1548 1718 1596 καὶ
1740 1563 1912 1619 παρα-

2092 1547 2144 1598 7.
2186 1542 2546 1611 Sanctiﬁcat,
2604 1545 2660 1600 et
2705 1542 2987 1610 viviﬁcat,
3017 1546 3073 1598 et
3103 1541 3425 1612 illuminat,
3456 1546 3511 1598 et
3542 1557 3680 1600 con-

312 1633 477 1701 καλεῖ,
546 1638 637 1686 καὶ
696 1635 870 1687 πάντα
933 1637 1000 1686 τὰ
1051 1643 1286 1702 τοιαῦτα,
1321 1637 1510 1708 ὁμοίως
1554 1637 1579 1687 ό
1612 1639 1792 1708 Πατὴρ
1824 1638 1913 1687 καὶ

2043 1633 2267 1700 :olatur,
2311 1639 2366 1689 et
2393 1634 2599 1690 omnia
2622 1634 2924 1704 ejusmodi
2953 1633 3174 1706 pariter
3212 1632 3354 1688 facit
3382 1632 3576 1702 Pater,
3625 1634 3683 1689 et

308 1724 334 1775 ὁ
365 1726 486 1785 Υἱός
528 1729 618 1776 καὶ
651 1727 709 1776 τὸ
752 1730 961 1796 Πνεῦμα
1007 1728 1065 1776 τὸ
1130 1725 1304 1796 ἅγιον.
1345 1730 1444 1777 Καὶ
1474 1721 1798 1798 μηδεὶςκατ’
1832 1724 1910 1787 ἐξ·

2041 1722 2220 1791 ?ilius,
2239 1727 2294 1779 et
2323 1724 2576 1795 Spiritus
2605 1726 3006 1780 sanctus.Nec
3021 1725 3349 1796 quisquam
3376 1722 3681 1794 praecipue

307 1819 511 1886 αίρετον
572 1811 864 1886 ἀπονεμὲτω
912 1821 975 1887 τῇ
1035 1812 1261 1887 ἐνεργείᾳ
1320 1821 1412 1866 τοῦ
1465 1817 1757 1886 Πνεύματος
1822 1818 1947 1878 τὴν]

2038 1812 2243 1868 .ribuat
2297 1814 2537 1885 Spiritui
2587 1819 2797 1870 sancto
2846 1817 3206 1886 potestatem
3241 1812 3678 1884 sanctiﬁcandi,

305 1902 627 1976 ἀγιαστικὴν
659 1903 921 1972 ἐξουσίαν,
973 1902 1202 1965 ἀκούσας
1250 1910 1339 1956 τοῦ
1379 1911 1612 1978 Σωτῆρος
1641 1903 1688 1955 ἐν
1718 1911 1790 1974 τῷ
1817 1903 1913 1955 Εὐ-

2041 1918 2158 1957 :um
2192 1903 2399 1958 audiat
2431 1903 2802 1960 Salvatorem
2829 1904 2890 1958 in
2924 1902 3246 1974 Evangelio
3275 1902 3349 1958 de
3369 1901 3681 1974 discipulis

305 1993 533 2066 αγγελίῳ
569 1998 687 2065 περὶ
720 2001 821 2044 τῶν
867 1994 1114 2065 μαθητῶν
1135 1997 1264 2066 πρὸς
1295 1981 1386 2045 τόν
1406 1998 1610 2068 Πατέρα
1636 1993 1864 2064 λέγοντος
1895 2014 1908 2026 ·

2043 1991 2320 2047 licentem
2361 1992 2515 2047 Patri
2549 2009 2560 2047 :
2596 1995 2797 2061 Pater,
2851 1994 3166 2062 sancti/ica
3220 2007 3312 2048 eos
3353 1993 3415 2046 in
3445 1993 3683 2049 nomine

306 2086 500 2157 Πάτερ,
558 2083 778 2154 ἁγίασον
829 2083 1018 2144 αὐτοὺς
1067 2082 1114 2134 ἐν
1169 2092 1242 2155 τῷ
1292 2084 1506 2156 ὁνοματί
1561 2103 1674 2138 σου.
1723 2083 1912 2134 Ὡσαύ-

2041 2097 2121 2136 uo
2149 2084 2216 2135 δ’.
2256 2081 2535 2137 Similiter
2588 2088 2789 2137 autem
2821 2086 2877 2137 et
2903 2081 3136 2154 reliqua
3165 2081 3372 2137 omnia
3403 2096 3476 2136 ex
3503 2095 3681 2152 aequo

304 2194 405 2235 τως
437 2171 496 2227 δε
521 2179 611 2226 καὶ
638 2176 703 2226 τὰ
720 2172 852 2226 ἄλλα
878 2176 1050 2226 πάντα
1079 2177 1213 2226 κατὰ
1242 2178 1300 2226 τό
1331 2178 1445 2226 ἴσον
1486 2173 1766 2248 ἐνεργεῖται
1801 2181 1912 2236 τοῖς

2039 2175 2390 2241 )eraguntur
2423 2172 2480 2226 in
2512 2171 2582 2226 iis
2632 2172 2737 2243 qui
2784 2171 2950 2243 digni
2982 2177 3139 2240 sunt,
3173 2185 3208 2225 θ.
3231 2173 3400 2226 Patre
3429 2174 3486 2226 et
3516 2171 3679 2241 Filio,

307 2262 474 2326 ἀξίοις
500 2266 646 2338 παρὰ
674 2271 766 2315 τοῦ
795 2268 1000 2336 Πατρός
1044 2283 1097 2316 τε
1126 2269 1216 2316 καὶ
1245 2271 1337 2316 τοῦ
1368 2266 1490 2316 Υἱοῦ
1522 2268 1608 2315 καὶ
1632 2271 1724 2316 τοῦ
1757 2263 1908 2336 ἁγίου

2039 2266 2076 2316 :t
2110 2260 2332 2333 Spiritu
2382 2266 2592 2316 sancto
2620 2281 2631 2316 :
2667 2260 2864 2315 omnis
2888 2260 3080 2330 gratia
3123 2264 3179 2314 et
3208 2260 3416 2328 virtus,
3441 2259 3679 2325 ductus,

309 2356 632 2426 Πνεύματος·
695 2359 845 2404 πᾶσα
890 2355 1054 2426 χάρις
1111 2358 1201 2405 καὶ
1271 2350 1510 2426 δύναμις,
1568 2350 1841 2424 ηόδηγία,
1876 2355 1904 2412 ἠ

2041 2350 2156 2406 rita.
2192 2349 2550 2419 consolatio,
2581 2350 2659 2404 ad
2691 2349 3202 2404 immortalitatem
3234 2349 3681 2412 transmutatio,

306 2444 440 2507 ζωὴ,
496 2445 528 2501 ἡ
583 2442 933 2518 παράκλησις,
993 2445 1022 2500 ἡ
1080 2446 1209 2517 πρὸς
1238 2447 1296 2494 τό
1329 2444 1584 2495 ἀθάνατον
1629 2441 1909 2515 μεταϐολὴ,

2045 2439 2306 2496 ransitus
2339 2441 2418 2495 ad
2447 2439 2808 2504 libertatem,
2827 2444 2882 2495 et
2906 2439 3113 2511 siquid
3136 2438 3298 2494 aliud
3325 2437 3493 2507 boni,
3516 2437 3685 2510 quod

305 2535 336 2591 ἡ
397 2533 470 2594 εἰς
545 2531 831 2606 ἐλευθερίαν
893 2534 1238 2604 μετάστασις,
1292 2537 1381 2584 καὶ
1425 2535 1469 2584 εἴ
1521 2552 1572 2584 τι
1610 2532 1731 2584 ἀλλο
1771 2532 1911 2585 ἐστὶν

2047 2529 2103 2584 Ld
2126 2545 2237 2584 nos
2264 2545 2460 2602 usque
2509 2529 2828 2602 pertingat.
2893 2528 3258 2585 OEconomia
3291 2527 3521 2597 itidem,
3547 2542 3687 2599 quae

310 2620 529 2693 ἀγαθὸν,
584 2624 609 2674 ὅ
658 2625 846 2696 μέχρις
889 2623 1036 2694 ἡμῶν
1079 2622 1154 2692 (9)
1210 2621 1531 2675 καταϐαίνει.
1579 2622 1637 2675 Ἠ
1699 2619 1757 2674 δὲ
1784 2623 1911 2695 ὑπὲρ

2046 2634 2208 2690 ιιιρτᾶ
2263 2634 2377 2674 nos
2431 2623 2538 2684 est,
2601 2619 2724 2673 sive
2778 2617 2856 2673 ad
2914 2617 3280 2689 spiritualem
3303 2617 3427 2672 sive
3448 2617 3526 2673 ad
3557 2631 3686 2674 sen-

309 2712 449 2782 ἡμᾶς
488 2711 770 2784 οἰκονομία,
820 2713 870 2763 ἓν
922 2731 976 2764 τε
1035 2719 1094 2784 τῇ
1146 2719 1303 2784 νοητῇ
1353 2716 1522 2763 κτίσει
1577 2716 1668 2763 καὶ
1721 2719 1781 2784 τῇ
1827 2711 1912 2763 αἰ-

2049 2708 2258 2764 .ibilem
2303 2713 2642 2764 creaturam
2705 2713 2950 2781 spectet,
2997 2707 3045 2763 si
3075 2723 3142 2764 ex
3167 2707 3240 2762 iis
3267 2723 3404 2779 qua:
3433 2722 3689 2776 cognos-

315 2802 517 2872 σθητῇ,
560 2803 603 2852 εἶ
621 2819 672 2851 τι
692 2805 798 2873 χρὴ
844 2797 938 2853 διὰ
956 2809 1055 2852 τῶν
1093 2805 1487 2873 γινωσκομένων
1527 2803 1652 2873 ἡμῖν
1683 2806 1772 2852 καὶ
1797 2806 1916 2874 περὶ

2049 2797 2241 2862 :imus,
2271 2798 2450 2853 etiam
2482 2798 2556 2852 de
2582 2797 2651 2852 iis
2683 2814 2819 2869 quae
2843 2813 3027 2869 supra
3053 2811 3165 2853 nos
3192 2802 3333 2852 sunt
3369 2796 3689 2867 conjicien-

316 2898 421 2943 τῶν
475 2891 845 2964 ὑπερκειμένων
892 2890 1280 2963 στοχάζεσθαι,
1336 2887 1460 2943 οὐδὲ
1517 2891 1648 2949 αὐτὴ
1699 2899 1797 2953 τῆς
1824 2898 1914 2944 τοῦ

2049 2887 2195 2955 lum,
2228 2903 2302 2942 ne
2335 2888 2466 2960 ipsa
2496 2887 2745 2959 quidem
2776 2889 2922 2943 citra
2980 2887 3230 2959 Spiritus
3262 2886 3453 2943 sancti
3477 2901 3689 2958 opera-

315 2979 469 3052 ἀγίου
519 2980 628 3050 (10)
685 2983 977 3053 Πνεύματος
1032 2980 1286 3056 ἐνεργείας
1355 2984 1444 3032 καὶ
1505 2977 1768 3052 δυνάμεως
1823 2980 1916 3043 ἔξω

2049 2978 2246 3034 ionem
2308 2993 2379 3033 ac
2429 2977 2709 3032 virtutem
2749 2977 3079 3045 constituit,
3148 2991 3521 3048 unoquoque
3575 2976 3686 3048 pro

311 3071 650 3136 καθέστηκεν,
711 3070 933 3123 ἑκάστου
1001 3069 1135 3122 κατὰ
1187 3076 1281 3128 τὴν
1330 3066 1470 3122 ἰδίαν
1531 3068 1678 3133 ἀξίαν
1733 3089 1789 3122 τε
1827 3075 1918 3123 καὶ

2045 3070 2270 3141 )ropria
2322 3067 2610 3138 dignitate
2665 3074 2721 3124 et
2773 3085 2889 3124 usu
2944 3067 3308 3124 beneﬁcium
3335 3067 3685 3139 accipiente.

307 3164 499 3233 χρείαν
544 3166 641 3220 τῆς
697 3159 937 3232 ὠφελείας
990 3159 1491 3232 μεταλαμϐάνοντος.
1545 3159 1602 3212 Εἰ
1665 3162 1766 3232 γὰρ
1824 3163 1915 3212 καὶ

2045 3159 2144 3214 Etsi
2196 3158 2356 3213 enim
2403 3158 2666 3213 obscura
2691 3163 2780 3214 est
2813 3157 3016 3213 sensui
3047 3162 3254 3213 nostro
3286 3171 3517 3227 eorum,
3550 3172 3685 3228 qua

309 3246 508 3311 ἄδηλος
563 3257 625 3322 τῇ
683 3250 933 3308 αἰσθήσει
971 3258 1033 3322 τῇ
1085 3252 1310 3324 ἡμετέρᾳ
1352 3252 1382 3308 ἡ
1411 3254 1528 3322 περὶ
1561 3257 1660 3302 τῶν
1690 3251 1795 3301 ἄνω
1823 3259 1918 3312 τῆς

2045 3265 2213 3321 ευρτει
2237 3248 2815 3304 Πεῖιπδωήοεῐτειω
2850 3253 3008 3316 sunt,
3042 3247 3344 3304 ordinatio
3385 3252 3442 3303 et
3470 3251 3685 3317 guber-

307 3342 562 3415 ἡμετέρας
624 3342 828 3413 φύσεως
882 3336 1127 3403 διάταξίς
1165 3341 1280 3408 (11)
1351 3357 1406 3393 τε
1470 3343 1562 3392 καὶ
1627 3336 1910 3404 διοίκησις,

2044 3338 2210 3404 latio,
2243 3342 2446 3394 tamen
2479 3337 2714 3409 aequius
2745 3337 2880 3409 quis
2939 3353 3012 3392 ex
3071 3336 3500 3392 consecutione
3523 3335 3684 3392 colli-

305 3429 446 3501 ὃμως
494 3427 550 3481 ἐκ
602 3437 699 3492 τῆς
734 3428 1046 3491 ἀκολουθίας
1099 3428 1434 3503 εὐλογώτερον
1481 3429 1542 3480 οἶν
1571 3448 1646 3489 τις
1673 3431 1916 3480 σύνθοιτο

2043 3431 2124 3496 gat
2156 3442 2262 3498 per
2305 3443 2376 3482 ea
2434 3443 2570 3499 quae
2619 3427 2798 3482 nobis
2855 3431 3003 3483 nota
3031 3430 3193 3492 sunt,
3226 3427 3478 3498 Spiritus
3506 3425 3683 3482 virtu-

306 3515 402 3571 διὰ
449 3526 550 3571 τῶν
604 3520 730 3591 ἡμῖν
769 3523 1042 3592 γνωρίμων
1104 3518 1308 3591 ἐνεργόν
1349 3515 1480 3571 εἶναι
1507 3522 1596 3570 καὶ
1618 3517 1694 3570 ἐπ’
1714 3518 1913 3570 ἐκείνων

2047 3533 2143 3572 em
2193 3517 2255 3572 in
2314 3516 2432 3572 illis
2480 3517 2662 3572 etiam
2721 3532 2850 3573 esse
2901 3516 3226 3582 efﬁcacem,
3261 3533 3451 3588 quam
3491 3531 3620 3572 esse
3649 3531 3686 3573 a

303 3611 401 3666 τὴν
451 3615 543 3660 τοῦ
591 3611 887 3680 Ιινεύματος
946 3604 1190 3680 δύναμιν,
1251 3608 1280 3666 ἦ
1343 3605 1697 3669 ἀπεξενῶσθαι
1743 3616 1839 3668 τῆς
1866 3605 1914 3658 ἐν

2041 3621 2224 3661 'erum
2283 3621 2687 3678 supernarum
2757 3606 3194 3676 gubernatione
3255 3605 3681 3662 abalienatam.

304 3705 418 3758 τοῖς
481 3699 869 3772 ὑπερκειμένοις
935 3697 1253 3769 οἰκονομίας.
1309 3696 1368 3748 Ὀ
1425 3699 1514 3769 μὲν
1580 3699 1682 3769 γὰρ
1753 3699 1912 3750 ἐκεῖνο

2044 3694 2135 3760 lui
2162 3694 2320 3750 enim
2353 3694 2500 3750 illud
2530 3695 2690 3765 dicit,
2727 3695 2955 3751 nudam
2990 3699 3048 3750 et
3073 3694 3501 3750 inconcinnam
3525 3693 3684 3750 blas-

304 3785 466 3858 λέγων
511 3785 670 3858 ψιλὴν
730 3791 819 3839 καὶ
868 3785 1224 3840 ἀκατάσκευον
1273 3790 1368 3845 τὴν
1418 3785 1760 3859 βλασφημίαν
1782 3807 1912 3861 προ-

2043 3785 2326 3840 )‘nemiam
2358 3785 2604 3856 profert,
2658 3785 2825 3840 nulla
2881 3785 3112 3840 ratione
3153 3783 3489 3839 absurdum
3520 3799 3683 3839 com-

308 3875 550 3928 ϐάλλεται
606 3878 742 3946 (l2),
802 3872 976 3928 οὐδενὶ
1021 3875 1260 3949 λογισμῷ
1336 3877 1744 3936 κατασκευάζων
1817 3880 1912 3933 τὴν

2037 3880 2291 3931 nentum
2319 3875 2688 3932 conﬁrmans
2717 3892 2728 3930 :
2763 3875 2865 3948 qui
2897 3891 3036 3930 vero
3063 3874 3380 3930 conﬁtetur
3400 3889 3471 3930 ea
3498 3873 3677 3931 etiam

309 3963 528 4018 ἀτοπίαν
556 3985 568 3999 ·
637 3967 662 4017 ό
694 3962 754 4018 δὲ
785 3967 1144 4038 συντιθέμενος
1191 3969 1280 4017 καὶ
1323 3967 1389 4018 τὰ
1431 3967 1556 4040 ὑπὲρ
1598 3967 1736 4037 ἡμᾶς
1783 3967 1914 4038 μετὰ

2040 3978 2154 4036 {uae
2213 3980 2397 4036 supra
2454 3981 2564 4020 nos
2619 3969 2777 4035 sunt,
2839 3981 2977 4020 cum
3010 3967 3177 4020 Patre
3206 3968 3262 4020 et
3291 3963 3433 4019 Filio
3463 3964 3680 4021 virtute

311 4057 516 4129 Πατρός
569 4057 660 4107 καὶ
710 4056 834 4108 Υἰοῦ
879 4062 941 4126 τῇ
1001 4052 1221 4128 δυνάμει
1268 4061 1359 4106 τοῦ
1402 4056 1694 4126 Πνεὺματος
1720 4054 1912 4106 οἰκονο-

2037 4053 2273 4126 Spiritus
2334 4055 2504 4125 281
2570 4054 2717 4124 regi,
2751 4054 2912 4110 claro
2957 4054 3180 4110 indicio
3223 4070 3296 4110 ex
3327 4070 3436 4111 sua
3487 4054 3677 4126 ipsius

310 4147 550 4218 μεῖσθαι,
608 4143 812 4217 ἐναργεῑ
871 4149 1135 4218 τεκμηρίῳ
1175 4153 1248 4216 τῷ
1286 4146 1422 4196 κατὰ
1476 4147 1570 4202 τὴν
1608 4139 1748 4195 ἰδίαν
1771 4144 1910 4205 ζωὴν

2037 4144 2141 4200 vita
2163 4147 2344 4200 ducto
2370 4145 2632 4212 innixus,
2683 4144 2757 4199 de
2782 4144 2874 4199 his
2905 4143 3183 4201 affirmat.
3219 4147 3422 4216 Itaque
3465 4159 3677 4216 opera-

309 4231 700 4308 ἐπερειδόμενος
737 4237 855 4309 περὶ
903 4237 1094 4287 τούτων
1147 4231 1567 4308 διισχυρίζεται.
1637 4234 1838 4286 Οὐκοῦν
1878 4235 1906 4291 ἡ

2035 4233 2193 4289 ionis
2223 4233 2503 4290 identitas
2541 4234 2602 4289 in
2664 4237 2831 4290 Patre
2864 4239 2920 4289 et
2951 4234 3098 4290 Filio
3131 4237 3186 4290 et
3220 4235 3436 4306 Spiritu
3468 4237 3675 4289 sancto

308 4332 402 4384 τῆς
451 4322 704 4397 ἐνεργείας
755 4327 1015 4386 ταυτότης
1062 4323 1145 4376 ἐπὶ
1203 4329 1405 4396 Πατρός
1439 4343 1492 4376 τε
1539 4328 1628 4376 καὶ
1668 4325 1791 4377 Υἱοῦ
1821 4328 1911 4376 καὶ

2038 4324 2334 4394 )erspicue
2393 4323 2655 4379 ostendit
2712 4324 3228 4379 absolutissimam
3258 4328 3490 4378 naturae
3520 4321 3678 4377 simi-

311 4415 606 4486 Πνεύματος
673 4413 822 4484 ἁγίου
900 4410 1138 4465 δείκνυσι
1203 4423 1378 4486 σαφῶς
1444 4417 1502 4465 τό
1570 4422 1658 4474 τῆς
1711 4416 1912 4486 φύσεως

2033 4413 2354 4469 .itudinem.
2393 4415 2585 4478 Quare
2633 4414 2864 4468 etiamsi
2899 4413 3225 4468 divinitatis
3249 4427 3472 4467 nomen
3499 4415 3673 4466 natu-

310 4501 726 4578 ἀπαράλλακτον.
811 4501 991 4570 Ὠστε,
1046 4502 1139 4555 κὰν
1217 4506 1371 4575 φύσιν
1423 4508 1654 4576 σημαίνῃ
1707 4507 1763 4555 τὸ
1816 4513 1950 4566 τῆς,

2033 4518 2148 4558 .‘am
2180 4502 2421 4566 indicet,
2467 4502 2710 4575 proprie
2761 4508 2962 4558 tamen
3006 4501 3472 4574 appellationem
3509 4500 3673 4556 illam

309 4595 546 4654 θεότητος
600 4597 783 4665 ὄνομα,
831 4597 1020 4664 κυρίως
1069 4597 1158 4646 καὶ
1210 4602 1282 4663 τῷ
1342 4593 1473 4664 ἁγίῳ
1525 4595 1785 4665 Πνεύματι
1815 4597 1949 4650 τὴν’

2032 4596 2226 4648 sancto
2255 4608 2498 4664 quoque
2533 4591 2773 4664 Spiritui
2794 4591 3299 4664 aptari,essentiaa
3322 4590 3672 4647 communio

303 4687 669 4758 προσηγορίαν
744 4682 1132 4758 ἐφαρμόςεσθαι
1185 4684 1380 4742 ταύτην
1456 4684 1485 4741 ἡ
1553 4691 1645 4744 τῆς
1705 4682 1910 4754 [οὐσίας

770 4684 1132 4758 φαρμόςεσθαι
1185 4684 1380 4742 ταύτην
1456 4684 1485 4741 ἡ
1553 4691 1645 4744 τῆς
1705 4682 1910 4754 [οὐσίας
2017 4680 2410 4740 demonstrat.

303 4777 548 4836 κοινότης
587 4775 900 4828 συντίθεται.

380 4980 397 5015 ι
439 4978 612 5036 Joan.
655 4992 795 5050 xm,
839 4983 924 5034 l7.

382 5183 458 5255 (6)
500 5186 919 5256 Eroxago'asoa.
953 5183 1046 5240 Sic
1076 5181 1680 5256 emendavimusuex
1737 5183 1907 5256 Greg.
2020 5184 2204 5240 Iidem
2237 5181 2373 5237 editi
2397 5183 2556 5253 ἡμᾶς.
2582 5179 2860 5252 Quinque
2898 5195 3042 5237 mss.
3096 5182 3153 5237 et
3181 5181 3352 5254 Greg.
3402 5183 3576 5255 Nyss.
3608 5184 3676 5240 ut

307 5252 481 5326 Nyss.
529 5252 697 5328 quod
747 5252 879 5312 erat
909 5255 970 5311 in
1020 5252 1382 5310 editionibus
1413 5253 1610 5309 Basilii
1645 5254 1910 5326 στοχαζό-
2018 5256 2080 5313 in
2109 5259 2296 5310 textu.

312 5323 469 5398 μεθα.
547 5323 568 5398 ἲ
732 5397 739 5398 ί
1740 5323 1779 5326 ’⁷

2093 5332 2202 5393 (10»
2239 5328 2341 5377 Τοῦ
2391 5323 2562 5395 ἁγίου.
2599 5323 2681 5381 Ita
2712 5340 2857 5380 mss.
2904 5340 3007 5380 sex
3030 5327 3088 5382 et.
3112 5327 3282 5396 Greg.
3315 5327 3488 5396 Nyss.
3523 5323 3674 5381 Editi

384 5400 456 5467 (7)
497 5397 639 5454 Vide
670 5397 979 5454 addenda.
1507 5466 1514 5467 ί
2021 5422 2024 5430 ι

786 5398 954 5454 .enda
967 5441 979 5453 .
1507 5466 1514 5467 ί
2021 5406 2112 5452 τοῦ
2145 5400 2426 5467 παναγί-ου.

504 5472 620 5522 ’,Εὰν
681 5467 738 5522 δὲ
791 5475 913 5541 μίαν
965 5475 1231 5540 νοήσωμεν
1286 5473 1399 5525 τήν.
1587 5467 1916 5541 _M_ediczeus

2098 5466 2510 5541 (Hieremias.
2562 5468 2653 5541 Sic
2709 5467 2990 5541 emendat
3038 5468 3459 5541 editioAQreg.”
3495 5469 3673 5539 Nyss.

316 5535 505 5595 codex
533 5557 672 5598 cum
699 5535 886 5597 tribus
918 5541 1048 5597 aliis
1100 5535 1155 5596 et
1185 5542 1356 5609 Greg.
1410 5538 1560 5594 Editi
1587 5537 1803 5602 Ἰδόντες
1829 5536 1916 5592 οὖν

1891 5561 1916 5590 ν
2024 5540 2190 5614 quod
2221 5539 2530 5614 legebatur
2559 5539 2618 5594 in
2651 5539 3022 5614 editionibus
3052 5539 3249 5595 Basilii
3281 5535 3528 5614 διάλεξις.

315 5615 431 5670 τήν.
508 5681 517 5684 _
1402 5681 1413 5684 _

2043 5610 2062 5614 “
2098 5613 2202 5683 (I2)
2245 5610 2614 5684 Προᾷοξᾏλεται.
2650 5612 2738 5669 Ita
2764 5611 3003 5668 codices
3025 5628 3176 5668 mss.
3211 5615 3267 5668 et
3288 5612 3466 5682 Greg.
3501 5612 3673 5682 Nyss.

391 5683 476 5759 (9)7
505 5681 698 5759 'Bpévr.
741 5683 918 5759 _Editl
972 5683 1205 5740 addunt
1248 5681 1694 5759 τῶν-ἀνθρώπων,
1747 5683 1919 5759 quod
2026 5699 2031 5739 Α

972 5683 1205 5740 addunt
1248 5681 1694 5759 r&v__a_’cv99dazmv,
1747 5683 1919 5759 quod
2026 5681 2601 5759 Εάὶιὶπρόσϐάλλεται.

315 5754 486 5813 deest
525 5753 590 5812 in
632 5755 912 5814 Medicina
944 5759 1002 5814 et
1026 5759 1288 5829 quatuor
1316 5753 1446 5813 aliis
1467 5753 1524 5812 et
1548 5756 1718 5826 Greg.
1744 5753 1916 5828 Nyss.
