4152 6386
383 269 487 326 695
1769 275 1828 330 5.
1869 271 2022 327 BASl

2113 271 2120 326 [
2154 269 2377 328 MAGNI
3649 282 3753 337 696

459 397 518 454 8.
571 397 685 456 Sed
706 397 920 467 ignoro
947 412 1072 469 quo
1093 402 1272 470 pacto
1299 399 1375 456 ad
1398 403 1626 457 naturae
1659 397 2041 470 signiﬁcatio—
2072 399 2099 450 Α

2116 445 2117 449 η
2226 399 2278 454 8.
2321 395 2452 450 Ἀλλ’
2494 398 2587 450 οὐκ
2618 395 2742 452 οἶδα
2780 401 2918 462 ὅπως
2963 398 3046 453 ἐπὶ
3088 404 3182 459 τὴν
3214 407 3310 462 τῆς
3352 404 3550 473 φύσεως
3593 400 3756 456 ἔνδει-

389 504 532 545 nem
552 503 774 544 nomen
806 487 1132 543 divinitatis
1162 489 1419 558 trahant,
1448 491 1551 563 qui
1579 489 1724 547 nihil
1755 503 1874 543 non
1903 503 2029 541 con-

2156 483 2232 548 ξιν
2270 491 2360 545 τὴν
2385 494 2744 562 προσηγορίαν
2789 499 2879 550 τῆς
2910 492 3152 552 θεότητος
3192 495 3452 565 φέρουσιν,
3509 495 3558 544 οἱ
3584 495 3759 545 πάντα

392 578 674 647 ﬁngunt:
709 577 882 649 quasi
956 593 1077 632 non
1150 579 1448 635 audierint
1490 597 1560 635 ex
1613 579 1934 650 Scriptura,
1984 575 2032 630 id

2155 578 2655 647 κατασκευάζοντες,
2727 581 2899 652 ὥσπερ
2963 579 3056 631 οὐκ
3137 578 3413 640 ἀκηκοότες
3470 585 3615 654 παρὰ
3660 591 3758 645 τῆς

397 667 563 742 quod
619 683 651 722 θ.
688 671 904 722 natura
954 671 1044 722 est
1077 667 1447 724 institutione
1493 675 1549 725 et
1600 669 1883 724 electione
1923 681 2037 721 non

2160 673 2387 739 Γραφῆς,
2455 671 2534 721 ὅτι
2610 675 2955 744 χειροτονητὴ
3015 671 3126 740 (13)
3173 674 3325 742 φύσις
3401 672 3458 723 οὐ
3533 677 3753 744 γίνεται.

399 757 763 829 comparari.
811 758 995 812 Moses
1045 756 1204 811 enim
1255 760 1408 812 Deus
1441 758 1741 814 institutus
1764 762 1851 812 est
1878 759 2039 827 Egy-

2161 763 2393 818 Μωυσῆς
2438 755 2496 810 δὲ
2539 767 2638 810 τῶν
2688 759 2984 830 Αἰγυπτίων
3024 761 3399 832 ἐχειροτονήθη
3434 762 3565 827 θεὸς,
3625 762 3759 814 οὕτω

400 847 688 922 ptiorum.
753 861 892 901 cum
941 846 1010 917 is,
1055 846 1161 918 qui
1213 849 1527 904 oraculum
1575 848 1811 913 edebat,
1862 847 1944 902 ita
1974 845 2040 903 ad

2162 851 2292 920 πρὸς
2349 849 2500 901 αὐτὸν
2549 849 2780 912 εἰπόντος
2838 857 2929 902 τοῦ
2986 851 3428 922 χρηματίζοντος,
3496 853 3577 904 ὃτι
3631 855 3761 906 Θεὸν

403 937 609 1011 ipsum
637 935 870 991 locutus
904 953 916 990 :
949 937 1135 991 Deum
1158 941 1214 992 te
1233 937 1372 992 dedi
1393 937 1701 994 Pharaoni
1729 938 1798 995 ⁶².
1841 934 2043 1009 Appel-

2168 955 2224 988 σε
2274 933 2484 990 δέδωκα
2535 946 2608 1010 τῷ
2666 944 2851 1012 Φαραώ
2893 941 3018 1010 (14).
3078 940 3278 992 Οὐκοῦν
3332 939 3571 1002 ἐξουσίας
3598 945 3760 1009 τινὸς,

404 1026 548 1085 latio
577 1025 756 1096 igitur
780 1028 984 1080 notam
1016 1026 1326 1096 potestatis
1355 1027 1695 1098 cujusdam,
1719 1027 2044 1098 siveinspe-

2168 1029 2267 1079 εἴτε
2298 1026 2584 1090 ἐποπτικῆς
2610 1032 2706 1082 εἴτε
2733 1028 3085 1102 ἐνεργητικῆς,
3141 1026 3356 1092 ἔνδειξιν
3405 1032 3435 1088 ἡ
3492 1051 3764 1105 προσηγο-

407 1115 600 1172 ctricis
624 1115 746 1170 sive
771 1115 1137 1186 operatricis,
1195 1133 1319 1188 prae
1348 1133 1409 1172 se
1434 1117 1563 1173 fert.
1618 1121 1688 1173 At
1741 1122 1956 1172 natura
1977 1116 2047 1170 di-

2168 1122 2258 1190 ρία
2315 1121 2472 1191 φέρει.
2530 1119 2588 1171 ’Π
2645 1116 2703 1171 δὲ
2752 1121 2865 1172 θεία
2921 1122 3072 1191 φύσις
3127 1122 3174 1172 ἓν
3217 1127 3350 1172 πᾶσι
3377 1129 3482 1182 τοίς
3531 1122 3769 1174 ἐπινοου-

406 1205 568 1270 vina,
612 1203 672 1259 in
703 1203 986 1258 omnibus
1027 1220 1165 1276 quae
1225 1206 1641 1275 excogitantur
1688 1205 2046 1271 nominibus

2171 1211 2338 1279 μένοις
2386 1207 2628 1280 ὀνόμασι,
2686 1211 2815 1261 καθὸ
2861 1208 2994 1275 ἐστι,
3044 1214 3181 1282 μένει
3249 1209 3569 1283 ἀσήμαντος,
3619 1214 3689 1274 ὡς
3747 1213 3772 1263 ὁ

408 1296 563 1368 ipsa,
584 1298 648 1350 ut
685 1297 794 1363 est,
837 1300 1042 1350 manet
1086 1295 1551 1368 inexplicabilis;
1584 1313 1719 1369 quas
1743 1300 1948 1351 nostra
1976 1303 2048 1350 es‘

2173 1299 2420 1372 ἡμέτερος
2477 1297 2646 1369 λόγος.
2695 1299 2977 1373 Εὐεργέτην
3025 1301 3146 1372 γὰρ,
3188 1304 3278 1351 καὶ
3316 1305 3521 1372 κριτὴν,
3579 1299 3775 1372 ἀγαθόν

411 1385 706 1442 doctrina.
735 1385 876 1441 Cum
893 1386 1053 1440 enim
1068 1386 1730 1458 beneﬁcum,judicem,
1766 1387 2051 1442 etbonum

2173 1405 2225 1438 τε
2270 1391 2361 1438 καὶ
2430 1383 2655 1457 δίκαιον,
2705 1393 2793 1440 καὶ
2821 1389 2920 1439 ὅσα
2960 1388 3089 1439 ἄλλα
3120 1397 3339 1440 τοιαῦτα
3359 1391 3608 1462 μαθόντες
3639 1391 3773 1460 (15),

414 1476 717 1548 etjustum
731 1474 1031 1547 etreliqua
1049 1475 1163 1532 alia
1182 1477 1452 1547 ejusdem
1467 1477 1702 1550 generis
1723 1476 2054 1544 didicimus,

2178 1473 2433 1550 ἐνεργειῶν
2491 1473 2746 1551 διαφορὰς
2787 1473 3188 1550 ἐδιδάχθημεν·
3242 1486 3333 1530 τοῦ
3362 1475 3422 1530 δε
3452 1477 3780 1554 ἐνεργοῦντος

412 1565 837 1639 operationum
863 1563 1056 1621 edocti
1089 1581 1302 1620 sumus
1319 1566 1713 1622 diﬂerentiam
1748 1583 1760 1620 :
1799 1565 1903 1621 sed
1929 1580 2052 1638 oper

2175 1569 2267 1624 τὴν
2301 1569 2454 1638 φύσιν
2495 1563 2645 1618 οὐδὲν
2699 1566 2888 1639 μᾶλλον
2956 1563 3047 1618 διὰ
3087 1576 3180 1629 τῆς
3234 1575 3336 1619 τῶν
3387 1567 3646 1642 ἐνεργειῶν
3676 1589 3780 1621 κα-

412 1654 602 1712 rantis
654 1657 934 1710 naturam
985 1653 1168 1710 nihilo
1199 1656 1393 1725 magis
1423 1671 1495 1711 ex
1523 1656 1940 1728 operationum
1968 1669 2046 1709 no

2178 1660 2474 1718 τανοήσεως
2523 1655 2800 1728 ἐπιγνῶναι
2851 1653 3136 1729 δυνάμεθα.
3191 1656 3353 1709 Ὀταν
3426 1655 3780 1733 γὰρ’ἁποδι-

416 1745 580 1802 tione
620 1759 985 1815 cognoscere
1015 1760 1363 1816 possumus.
1423 1746 1478 1802 Si
1510 1746 1641 1816 quis
1673 1745 1831 1801 enim
1859 1743 2056 1799 deﬁni-

2183 1743 2259 1813 δῷ
2315 1765 2394 1806 τις
2450 1745 2600 1817 λόγον
2638 1746 2858 1798 ἑκάστου
2915 1765 2970 1798 τε
3027 1749 3220 1798 τούτων
3267 1756 3366 1799 τῶν
3407 1747 3668 1820 ὀνομάτων
3689 1753 3782 1802 καὶ

416 1834 642 1892 tionem
680 1833 894 1890 reddat
947 1834 1422 1906 uniuscujusque
1465 1835 1702 1890 illorum
1728 1833 2044 1890 nominum

2183 1834 2345 1894 αὐτῆς
2385 1843 2478 1896 τῆς
2532 1837 2732 1906 φύσεως
2758 1840 2875 1910 περὶ
2914 1834 2974 1893 ἢν
3025 1838 3093 1888 τὰ
3135 1837 3385 1909 ὀνόματα,
3413 1837 3472 1889 οὐ
3498 1842 3585 1889 τόν
3626 1837 3782 1891 αὐτὸν

417 1928 470 1982 et
496 1924 688 1997 ipsius
735 1927 988 1990 naturae,
1031 1924 1188 1980 circa
1250 1941 1438 1997 quam
1471 1925 1739 1993 nomina,
1767 1939 1888 1980 non
1911 1939 2057 1978 eam

2184 1923 2482 1998 ἀμφοτέρων
2533 1921 2802 1976 ἀποδώσει
2867 1924 3034 1996 λόγον.
3083 1925 3177 1977 Ὧν
3228 1923 3287 1978 δὲ
3330 1927 3355 1978 ό
3402 1925 3552 1996 λόγος
3593 1928 3781 2002 ἔτερος,

416 2013 555 2070 dem
608 2017 1003 2086 utrorumque
1055 2013 1266 2069 reddet
1323 2014 1758 2070 deﬁnitionem.
1805 2015 2056 2079 Quorun:

2182 2016 2375 2066 τούτων
2416 2017 2505 2066 καὶ
2563 2015 2592 2070 ἡ
2656 2016 2808 2085 φύσις
2855 2009 3125 2089 διάφορος.
3173 2014 3378 2067 Οὐκοῦν
3415 2014 3535 2068 ἄλλο
3581 2021 3671 2088 μέν
3727 2021 3783 2070 τί

415 2107 618 2161 autem
648 2101 916 2160 deﬁnitio
946 2103 1085 2173 alia,
1115 2102 1335 2159 horum
1375 2103 1555 2160 etiam
1577 2109 1793 2160 natura
1814 2103 2048 2159 diversa

2184 2101 2324 2156 ἐστιν
2355 2104 2382 2160 ἡ
2414 2102 2589 2170 οὐσία,
2631 2103 2689 2163 ἧς
2721 2106 2863 2156 οὔπω
2887 2102 3037 2174 λόγος
3066 2105 3177 2173 (16)
3216 2109 3451 2176 μηνυτὴς
3503 2103 3738 2180 ἐξευρέθη
3769 2125 3784 2142 ο

415 2194 598 2265 Igitur
623 2191 788 2248 aliud
833 2192 1085 2265 quidem
1134 2197 1224 2248 est
1244 2194 1524 2262 essentia,
1559 2193 1638 2249 ad
1667 2209 1853 2266 quam
1885 2192 2052 2264 expri

2187 2192 2331 2265 ἑτέρα
2383 2188 2440 2244 δε
2499 2200 2598 2242 τῶν
2651 2197 2768 2266 περὶ
2807 2192 2969 2250 αὐτὴν
3028 2192 3291 2265 ὀνομάτων
3341 2196 3370 2252 ἠ
3433 2201 3696 2266 σημασία,
3729 2195 3786 2258 ἐξ

413 2281 706 2340 mendam
731 2281 1010 2337 nondum
1057 2297 1178 2336 vox
1207 2281 1328 2336 ulla
1354 2282 1598 2337 inventa
1628 2287 1719 2337 est
1744 2300 1755 2337 :
1793 2281 1911 2336 alia
1937 2297 2053 2336 ver<

2185 2280 2444 2354 ἐνεργείας
2502 2283 2641 2341 τινός
2693 2282 2722 2340 ἣ
2769 2279 2910 2344 ἀξίας
2976 2281 3384 2355 ὀνομαζομένων.
3431 2287 3500 2336 Τό
3555 2286 3646 2356 μεν
3696 2280 3783 2336 οὖν

413 2369 738 2428 nominum
786 2368 978 2441 ipsius
1031 2367 1410 2438 signiﬁcatio,
1464 2385 1600 2441 quae
1631 2385 1702 2424 ex
1729 2369 2053 2442 operation:

2186 2370 2234 2423 ἐν
2274 2379 2390 2431 ταῖς
2440 2369 2716 2444 ἐνεργείαις
2771 2367 3038 2444 μηδεμίαν
3091 2368 3219 2424 εἶναι
3274 2367 3529 2446 διαφορὰν
3587 2371 3641 2425 ἐκ
3692 2382 3780 2434 τῆς

416 2459 623 2532 aliqua
676 2463 779 2514 aut
825 2457 1115 2530 dignitate
1171 2459 1584 2530 imponuntur.
1619 2463 1823 2531 Itaque
1853 2459 2056 2514 nullum

2185 2469 2284 2512 τῶν
2341 2459 2602 2534 ὀνομάτων
2660 2465 2934 2523 κοινωνίας
3000 2462 3343 2535 εὑρίσκομεν·
3405 2470 3496 2523 τῆς
3554 2459 3614 2516 δὲ
3651 2467 3783 2516 κατὰ

416 2564 551 2607 esse
581 2550 641 2604 in
657 2547 1115 2620 operationibus
1138 2547 1464 2603 discrimen
1482 2564 1554 2603 ex
1577 2548 1894 2604 nominum
1915 2564 2050 2604 com

2185 2555 2278 2609 τὴν
2363 2553 2517 2623 φύσιν
2595 2549 2928 2623 παραλλαγῆς
3001 2547 3248 2624 οὐδεμίαν
3325 2551 3785 2626 καταλαμϐάνομεν

415 2638 706 2697 munione
763 2636 1172 2709 comperimus
1210 2656 1222 2692 :
1258 2641 1319 2693 at
1395 2642 1624 2693 natura:
1669 2637 2055 2694 diversitateu

2186 2639 2375 2714 ἐναργῆ
2436 2643 2530 2697 τὴν
2583 2636 2851 2702 ἀπόδειξιν
2874 2657 2886 2670 ⁸
2941 2641 3111 2700 καθὼς
3151 2644 3372 2715 εἴρηται,
3405 2649 3497 2702 τῆς
3529 2650 3628 2694 τῶν
3660 2641 3791 2715 ἐνερ-

414 2727 582 2786 nullo
602 2730 962 2796 argumento
977 2725 1137 2782 claro
1167 2726 1680 2798 deprehendimus
1707 2744 1719 2781 :
1753 2727 2048 2799 siquidem

2184 2739 2336 2802 γειῶν
2389 2734 2704 2790 ταυτότητος
2768 2733 2822 2782 τὸ
2875 2733 3044 2781 κοινόν
3103 2738 3196 2792 τῆς
3255 2732 3452 2803 φύσεως
3481 2733 3787 2804 ὑποσημαι-

416 2822 482 2876 ut
512 2817 740 2874 dictum
763 2819 871 2883 est,
895 2816 1317 2888 operationum
1349 2815 1632 2872 identitas
1656 2822 1885 2872 naturae
1917 2833 2053 2873 com

2185 2821 2380 2879 νούσης
2434 2820 2570 2887 (17).
2653 2822 2767 2872 Εἴτε
2817 2815 2904 2870 οὖν
2979 2818 3226 2895 ἐνεργείας
3280 2824 3444 2893 ὄνομα
3499 2823 3528 2878 ἠ
3587 2821 3788 2889 θεότης,

417 2907 772 2965 munionem
799 2905 1119 2975 signiﬁcat.
1145 2906 1273 2962 Sive
1318 2905 1496 2976 igitur
1515 2923 1728 2962 nomen
1758 2912 1844 2964 est
1869 2923 2055 2980 opera

2187 2911 2257 2971 ὡς
2304 2913 2427 2982 μίαν
2484 2908 2737 2984 ἐνέργειαν
2789 2912 2987 2983 Πατρός
3034 2914 3124 2962 καὶ
3183 2912 3306 2964 Υἱοῦ
3331 2914 3422 2962 καὶ
3450 2908 3602 2980 ἁγίου
3635 2912 3791 2964 Πνεύ-

418 2997 598 3054 tionis
630 2995 943 3061 divinitas;
977 3000 1042 3051 ut
1071 3011 1257 3051 unam
1279 2995 1464 3051 Patris
1487 3001 1541 3052 et
1574 2995 1695 3051 Filii
1726 3001 1781 3052 et
1823 2996 2058 3069 Spiritus

2187 3018 2368 3072 ματος,
2425 2999 2560 3050 οὕτω
2602 3003 2725 3071 μίαν
2781 3000 2941 3071 φαμεν
2995 2997 3123 3050 εἶναι
3206 3003 3299 3057 τὴν
3351 3001 3574 3056 θεότητα
3633 3001 3786 3071 (18)·

421 3086 612 3144 sancti
655 3085 1092 3158 operationem,
1148 3085 1231 3141 ita
1279 3084 1650 3141 divinitatem
1709 3102 1894 3141 unam
1943 3102 2061 3141 ess:

2153 3091 2308 3161 ςεῖτε,
2363 3090 2500 3140 κατὰ
2554 3091 2646 3149 τὰς
2718 3096 2816 3139 τῶν
2870 3087 3065 3139 πολλῶν
3125 3084 3304 3157 δόξας,
3381 3091 3581 3161 φύσεως
3635 3085 3793 3142 ἐνδει-

421 3177 676 3234 dicimus
707 3193 719 3232 :
751 3175 874 3232 sive
904 3176 1230 3232 divinitatis
1278 3192 1522 3246 nomen,
1579 3192 1714 3248 quae
1747 3182 1835 3232 est
1861 3176 2061 3232 multo

2191 3181 2367 3230 κτικόν
2416 3175 2527 3229 ἐστι
2582 3180 2638 3228 τό
2714 3185 2808 3239 τῆς
2886 3179 3126 3239 θεότητος
3175 3182 3338 3250 ὄνομα
3369 3195 3382 3208 °
3445 3175 3540 3230 δ’ιὰ
3590 3182 3646 3231 τὸ
3696 3198 3793 3250 μη-

421 3283 560 3325 rum
580 3265 808 3339 opinio,
841 3270 1123 3321 naturam
1153 3265 1416 3333 indicat;
1467 3265 1614 3338 quia
1667 3265 1833 3322 nulla
1861 3265 2059 3321 inveni

2195 3263 2380 3338 δεμίαν
2469 3267 2728 3338 εὑρίσκειν
2818 3265 2865 3317 ἐν
2944 3275 3006 3340 τῇ
3082 3269 3232 3340 φύσει
3283 3267 3646 3340 παραλλαγὴν,
3701 3267 3793 3320 οὐκ

428 3359 521 3414 tur
546 3355 611 3412 in
639 3360 860 3412 natura
887 3354 1223 3425 diversitas,
1285 3370 1409 3410 non
1447 3355 1747 3411 immerito
1779 3355 1958 3410 unius
2000 3355 2068 3413 di!

2195 3353 2481 3416 ἀπεικότως
2537 3361 2658 3428 μιᾶς
2712 3357 2948 3416 θεότητος
3001 3360 3096 3415 τὴν
3159 3355 3312 3428 ἁγίαν
3357 3353 3566 3430 Τριάδα
3633 3352 3798 3431 διοριο

425 3444 687 3502 vinitatis
715 3459 847 3500 esse
873 3448 1152 3502 sanctam
1179 3443 1523 3502 Trinitatem
1549 3443 1892 3502 deﬁnimus.
2197 3445 2414 3518 ζόμεθα.

503 3569 552 3607 ⁸³
589 3568 776 3626 Exod.
802 3583 904 3638 vn,
937 3569 992 3625 1.

508 3699 632 3772 (t_1_3_)_
658 3695 1176 3772 Xscpo_rovmri.__1ta
1231 3711 1380 3751 mss.
1460 3697 1709 3772 septem.
1789 3696 2088 3772 Editiones

2199 3695 2297 3772 ξεν,
2332 3697 2522 3772 εἶαποτε
2541 3691 2834 3772 καιρὸς-ᾖν,
2879 3697 2969 3772 καὶ
3002 3690 3115 3772 ἰδίᾳ
3142 3700 3254 3772 τοῖς
3301 3693 3503 3769 ἐρωῶσι
3521 3697 3800 3772 προθύμως

437 3765 648 3849 Basilii
686 3765 968 3849 e_t'_Gre‘g.
1022 3769 1197 3849 Nyss.
1247 3765 1568 3842 χειροτονία,
1614 3772 1863 3849 excepta
1895 3770 2077 3849 Haga-

2201 3765 2586 3849 ἀνωμοξιόγέσε..
2727 3765 2879 3822 libro
2920 3767 3019 3849 De“
3040 3765 3276 3846 spiritu
3323 3765 3801 3849 'sancto.'.probat

439 3840 652 3898 noensi
682 3843 740 3895 et
765 3837 1086 3919 Basileensi
1113 3837 1348 3919 prima,'
1370 3855 1506 3964 quae
1533 3837 1916 3896 consentiunt
1951 3837 2089 3895 cum
2200 3837 2334 3910 cap.
2364 3842 2452 3905 '2t,
2480 3838 2762 3919 Spiritum
2808 3853 2937 3892 esse
2984 3837 3304 3918 Dominum
3335 3853 3421 3917 ex.
3439 3837 3618 3918 variis
3644 3839 3801 3918 Scri-

441 3911 750 3964 codicibus
779 3928 921 3964 mss.
951 3910 1227 3964 Similiter
1257 3911 1388 3964 Basi
1415 3911 1508 3964 ius
1540 3911 1601 3964 in
1633 3912 1803 3964 epist.
1839 3915 1889 3964 8.
1921 3928 2088 3964 num.
2201 3912 2995 3964 nturaetestimonuszDeum
3015 3914 3197 3964 etiam
3227 3924 3425 3964 vocari
3457 3925 3516 3964 in
3541 3911 3801 3964 Scrmtu-

441 3911 750 3982 codicibus
779 3928 921 3966 mss.
951 3908 1227 3966 Similiter
1257 3908 1508 3966 Basilius
1540 3911 1601 3966 in
1633 3912 1803 3982 epist.
1839 3915 1889 3982 8,
1921 3928 2088 3967 num.
2201 3908 3197 3982 pturaetestimoniis;Deum_etiam
3227 3908 3425 3964 vocari
3457 3908 3516 3964 in
3541 3911 3802 3982 Scriptu-

447 3988 531 4045 tt,
557 3981 936 4054 demonstrat
962 3981 1260 4054 immerito
1308 3983 1415 4054 Dei
1447 3976 1703 4054 titulum
1739 3976 2087 4038 Pneumato-

2201 3976 2281 4054 ris
2314 3981 2396 4035 sic
2416 3980 2638 4054 ibide
2658 3981 2858 4054 docet;
2883 3985 2947 4033 Τί
2975 3976 3053 4046 δὲ,
3075 3981 3099 4032 ὁ
3124 3982 3458 4054 θεόπνευστον
3473 3985 3560 4038 τὴν
3593 3976 3801 4054 Γραφὴν

444 4053 698 4125 machos
739 4053 968 4108 deferre
1015 4052 1173 4125 nolle
1219 4053 1458 4125 Spiritui
1507 4061 1745 4120 sancto;
1795 4055 2084 4125 siquidem

2205 4053 2490 4124 ὀνομάζων,
2547 4049 2642 4104 διὰ
2695 4061 2786 4112 τῆς
2833 4050 3100 4114 ἐπιπνοίας
3153 4059 3244 4125 του
3298 4051 3451 4125 αγίου
3505 4049 3805 4125 Πνεῦματος

449 4072 698 4111 macnos
739 4072 968 4108 uelerre
1015 4072 1173 4108 110118
1219 4072 1458 4125 δρινιιυι
1507 4072 1745 4120 saneto;
1795 4072 2089 4179 Slgumem

449 4124 552 4198 Dei
581 4138 899 4198 nomenex_
916 4124 1284 4192 operatione,
1305 4141 1526 4198 nempe
1540 4140 1693 4198 exeo
1723 4141 1836 4198 quo
1888 4141 2089 4194 posue-

2205 4072 2490 4124 ονομαςων,
2547 4072 2642 4104 οια
2695 4072 2786 4112 της
2833 4072 3100 4114 επιπνοιας
3153 4072 3244 4104 του
3298 4072 3451 4122 αγιου
3506 4072 3806 4125 ιινευματος

2207 4131 2616 4198 συγγραφεῖσαν,
2660 4127 2742 4198 Δμη
2782 4131 2891 4185 τοῖς
2941 4131 3033 4175 τοῦ
3072 4121 3807 4198 καθυϐρίζοντος-καὶΑκαταέ

448 4196 530 4277 rit
552 4196 774 4277 o_mnia,
807 4196 1143 4277 v_el_spectet_
1163 4197 1393 4277 omnia,
1415 4194 1967 4277 deducitur.Siquis
1991 4213 2088 4253 au-

2209 4194 2578 4270 σμικρύνοντος
2611 4195 2736 4246 αὐτό
2767 4199 3114 4277 προσρήμασι
3142 4194 3434 4269 κέχρηται;
3472 4195 3647 4263 Quid,
3701 4197 3809 4267 qui

450 4271 569 4325 tem
587 4266 744 4338 hanc
770 4266 1554 4338 epistolam,inquadiserte
1585 4268 1832 4338 Spiritus
1851 4266 2098 4323 sanctus
2207 4266 2584 4336 Scripturam
2629 4266 2920 4320 divinitus
2967 4266 3329 4332 inspiratam
3396 4268 3690 4335 appellat,
3713 4266 3809 4324 ’eo

451 4337 790 4410 appellatur
822 4341 995 4406 Deus,
1014 4337 1235 4410 idcirco
1255 4337 1839 4410 Gregoriol‘iysseuo
1866 4340 2098 4409 adjudi-
2207 4341 2365 4410 (μιαί
2392 4339 2615 4407 afﬂatu
2640 4338 2900 4406 Spiritus
2930 4339 3159 4410 scripta
3188 4340 3283 4405 sit,
3329 4352 3472 4410 nam
3500 4344 3808 4395 contume-

452 4408 549 4466 cet
572 4410 772 4481 potius
794 4425 982 4481 quam
1017 4408 1249 4481 Basilio,
1276 4409 1682 4479 quialtasilius
1711 4411 1806 4464 Dei
1837 4408 2100 4481 appella-
2136 4464 2174 4481 η
2211 4408 2370 4466 Zzosis
2403 4416 2454 4465 et
2482 4410 2772 4477 Spiritum
2787 4409 3242 4481 attenuantibus
3275 4409 3734 4481 verbi's‘utitur?

453 4464 634 4560 tion:c_,
665 4464 911 4536 cum‘de
932 4480 1184 4560 _Spiritu_
1208 4464 1414 4537 sancto
1440 4557 1447 4560 Α
1471 4481 1831 4560 loqueretur,
1860 4464 2093 4560 parcius

2170 4474 2177 4510 ’
2429 4464 3011 4560 Τῷιψαραώηιιλβέζὶῐυν
3035 4489 3125 4532 τοῦ
3153 4486 3338 4560 (ξαραμώ
3360 4479 3418 4533 in
3451 4479 3689 4560 duobus

455 4552 716 4609 creditur
745 4569 891 4607 usus
927 4551 1144 4624 fuisse;
1173 4551 1487 4624 haeccerte
1514 4551 1663 4608 ratio
1689 4551 1992 4624 levissima
2021 4553 2102 4608 vi-
2211 4553 2466 4615 dicibus,
2503 4551 2716 4623 nempe
2739 4551 2916 4624 Coisl.
2957 4551 3238 4624 secundo
3256 4557 3312 4606 et
3335 4566 3456 4624 uno
3486 4569 3559 4607 ex
3591 4552 3808 4624 Regiis.

454 4624 582 4696 deri
616 4624 813 4680 debet.
849 4623 967 4678 Etsi
996 4623 1157 4678 enim
1199 4623 1461 4696 Basilius,
1491 4624 1551 4678 in
1585 4641 1703 4679 una
1734 4623 2094 4696 aliquaiora-

2038 4642 2101 4680 a-
2283 4627 2395 4694 (l5)
2437 4626 2722 4684 Μαθόντες.
2753 4623 2948 4678 Codex
2971 4623 3280 4679 ledicmus
3309 4623 3671 4696 μανθάνοντες.

454 4695 636 4767 tione,
659 4711 878 4767 nempe
906 4710 1065 4751 anno
1095 4699 1371 4762 37t,cum
1394 4695 1676 4750 adessent
1708 4695 1980 4751 malevoli
2001 4713 2102 4751 ex-
2285 4697 2391 4765 (t6)
2431 4701 2623 4766 Λόγος.
2665 4699 2834 4750 Deest
2871 4709 2944 4750 ea
2981 4710 3098 4749 vox
3128 4695 3188 4750 in
3220 4709 3341 4750 uno
3373 4709 3446 4748 ex
3484 4695 3680 4765 Regiis
3718 4710 3815 4750 co-

456 4766 824 4839 ploratores,
881 4767 996 4839 hac
1028 4783 1172 4822 voce
1203 4767 1442 4839 magnis
1470 4767 1544 4821 de
1570 4767 1769 4821 causis
1793 4768 2098 4835 abstinuit,
2211 4767 2470 4839 dicibus.

457 4835 581 4895 non
627 4838 850 4893 idcirco
906 4837 1036 4894 aliis
1097 4838 1466 4909 temporibus
1493 4839 1714 4909 pariter
1744 4839 2097 4894 abstinuisse

2285 4838 2395 4908 (l7)
2432 4837 2939 4909 'l‘ma'npawoéa'nc.
3025 4835 3225 4892 Codex
3310 4835 3644 4893 Maedicmus
3706 4835 3815 4889 ἐπι-

459 4909 796 4981 credendus
822 4913 931 4964 est.
987 4911 1134 4964 Nam
1187 4925 1369 4981 saepe,
1424 4914 1488 4964 ut
1516 4914 1761 4964 testatur
1789 4911 2099 4978 Gregorius

987 4911 1134 4964 Nam
1187 4925 1369 4981 sape,
1424 4914 1488 4964 ut
1516 4914 1761 4964 testatur
1789 4911 2102 4978 Gregorius
2217 4912 2598 4981 σημαινούσης.

457 4979 858 5053 Nazianzenus
905 4984 1055 5035 orat.
1087 4983 1177 5053 20,
1205 4977 1345 5053 pa'g.
1371 4985 1492 5053 365,
1553 4984 1736 5035 Deum
1772 4981 2049 5053 Spiritum
2073 4998 2097 5038 e

2286 4977 2404 5046 (18)
2443 4981 2842 5053 Τὴνῇθεότητα.
2895 4977 3127 5053 Legitur
3183 4983 3414 5053 atat-mir
3477 4981 3706 5053 operm;
3755 4978 3815 5034 in

459 5050 768 5124 superiore
796 5051 929 5124 loco
953 5049 1340 5124 prtedicabat,
1365 5049 1599 5124 ubiper
1619 5049 2102 5123 tempiislicebat,
2218 5053 2403 5124 tribus
2458 5051 2766 5124 codicibus
2809 5065 2931 5124 non
2981 5049 3439 5124 antiquissimis.
3493 5052 3586 5106 Sic
3636 5050 3818 5124 etiam

457 5125 515 5195 et
538 5121 825 5195 privatim
860 5121 1369 5195 interrogantibus
1397 5121 1648 5195 libenter
1670 5121 2100 5180 conﬁtebatur:
2215 5122 2396 5194 paulo
2447 5128 2584 5195 post
2627 5123 2684 5177 in
2740 5121 2919 5190 Regio
2956 5121 3236 5195 secundo
3281 5126 3336 5176 et
3366 5135 3488 5176 uno
3522 5138 3590 5177 ex
3621 5122 3820 5192 Regiis

455 5191 596 5266 ’βπεὶ
652 5193 733 5266 ὅτι
783 5211 871 5266 γεη
897 5195 1086 5266 παντὸς
1142 5192 1330 5266 μᾶλλον
1400 5191 1519 5266 ᾔδει
1575 5197 1634 5246 τό
1687 5202 1894 5266 Πνεῦμα
1925 5199 2100 5266 ῨΘεόν,
2215 5191 2312 5248 ἐῖτε
2350 5191 2613 5246 καὶ-κατὰ
2641 5196 2734 5254 τὰς
2761 5202 2858 5246 τῶν
2888 5191 3104 5247 πολλῶν.

459 5260 617 5325 δῆλον
672 5265 762 5337 μὶν
791 5259 872 5338 ’ἐξ
919 5262 985 5316 ὧν
1025 5267 1114 5317 καὶ
1142 5259 1417 5336 δημοσία
1442 5273 1594 5319 τοῦτο
1636 5259 1879 5328 πολλάκις
1916 5259 2103 5340 ἐκήρυξ
