4152 6374
282 281 397 337 697

852 406 1192 458 ΕΠΙΣΤΟΛΗ
1250 387 1355 464 PS’.

1314 275 1806 336 EPISTOLARUM
1843 276 2131 336 CLASSIS
2164 281 2231 338 II.
2271 282 2486 341 EPIST.
2526 284 2674 341 CXC.

3551 279 3655 338 698

2470 409 2644 480 232
2681 408 3014 465 EPISTOLA
3055 406 3226 464 cxc'.

278 500 785 568 Amphilochium
811 501 1083 558 admonet
1121 503 1385 558 Basilius
1413 502 1486 559 de
1513 503 1750 558 ratione
1778 507 1832 558 et
1862 501 2036 557 modo
2069 504 2445 574 episcopatus
2474 509 2537 563 in
2572 509 2845 564 Ecclesia
2883 497 3233 561 Isaurorum’
3264 503 3643 560 restituendi.

370 575 538 647 Tum,
562 579 780 628 narrat
805 587 864 628 se
891 590 1025 630 cum
1058 575 1301 642 Georgio
1341 575 1699 647 collocutum
1721 588 1849 647 esse
1873 578 1928 629 et
1954 574 2035 629 ad
2076 576 2380 633 Valerium
2407 581 2731 647 scripsisse.
2758 586 2821 634 ut
2845 577 3307 646 Amphilochius
3333 575 3654 630 mandave-

361 651 482 700 rat.
515 646 780 700 Breviter
805 646 983 701 etiam
1015 647 1088 702 de
1112 647 1285 702 rebus
1303 646 1590 716 Nyssenis
1619 645 1763 700 etde
1788 647 2167 702 inimicorum
2199 645 2628 706 molitionibus.
2647 652 2916 707 Philonis
2929 645 3002 704 de
3029 664 3256 704 manna
3273 652 3649 712 sententiam,

362 723 418 773 et
447 716 779 784 Scriptura?
802 717 875 772 de
895 719 1172 774 curribus
1191 719 1528 774 Pharaonis
1561 718 1960 774 testimonium
2003 721 2247 787 exponit
2274 737 2286 775 :
2309 731 2362 778 et
2390 729 2665 792 acceptas
2697 739 2734 779 a
2761 723 3006 793 Sympio
3042 719 3474 776 communionis
3499 719 3652 773 litte-

364 804 466 844 ras
497 794 937 846 commemorat.

653 875 980 950 Ἀμφιλοχίῳ
1007 876 1273 951 ἐπισκόπῳ
1297 878 1534 934 Ἰκονίου.

369 993 416 1044 1.
458 987 641 1050 Ἀξίως
698 994 790 1047 τῆς
849 995 1066 1041 σεαυτοῦ
1094 987 1209 1059 (19)
1240 988 1505 1062 ἐμμελείας
1570 991 1661 1039 καὶ
1732 1005 1893 1038 σπου-

283 1073 410 1142 δῆς,
442 1077 505 1138 ἧς
537 1075 615 1128 ἀεὶ
662 1073 926 1136 ἐπαινέτης
980 1076 1084 1149 εἰμὶ
1141 1075 1258 1148 ἐγὼ,
1288 1076 1634 1152 ἐμερίμνησας
1659 1078 1725 1127 τὰ
1775 1080 1892 1148 περὶ

280 1175 384 1226 τῆς
415 1163 727 1225 Ἐκκλησίας
757 1165 1008 1239 Ἰσαῦρων
1041 1170 1172 1234 (20).
1210 1165 1329 1218 Ὅτι
1368 1170 1456 1238 μὲν
1487 1163 1575 1219 οὖν
1618 1173 1690 1235 τῷ
1739 1169 1891 1216 παντὶ

281 1254 706 1328 λυσιτελέστερον
757 1250 816 1311 ἦν
867 1254 937 1316 εἰς
1032 1255 1270 1316 πλείονας
1344 1255 1663 1315 ἐπισκόπους
1728 1274 1890 1306 κατα-

283 1337 618 1415 διαιρεθῆναι
648 1347 741 1401 τὴν
798 1346 1069 1416 μέριμναν,
1104 1345 1317 1396 αὐτόθεν
1380 1343 1510 1396 εἶναι
1567 1341 1724 1402 δῆλον
1799 1347 1890 1394 καί

273 1437 352 1501 τῷ
381 1435 600 1502 τυχόντι
645 1432 862 1504 νομίζω·
896 1429 1020 1486 οὐδὲ
1057 1435 1155 1506 γὰρ
1195 1438 1288 1492 τὴν
1345 1438 1441 1492 σὴν
1474 1435 1680 1485 σύνεσιν
1735 1439 1886 1483 τοῦτο

274 1520 500 1588 ἔλαθεν,
561 1519 668 1573 ἀλλ’
719 1524 787 1584 ὡς
835 1525 950 1593 ἔχει
1001 1527 1091 1575 καὶ
1145 1521 1456 1595 ἐπεσημήνω
1505 1522 1722 1592 καλῶς,
1794 1526 1886 1573 καὶ

279 1612 568 1682 ἐγνώρισας
624 1613 769 1684 ἡμῖν·
821 1611 929 1664 ἐπεὶ
1005 1608 1064 1664 δε
1131 1617 1238 1681 (21)
1303 1612 1396 1664 οὐκ
1462 1611 1666 1664 εὔκολον
1723 1612 1886 1685 εὑρεῖν

277 1697 483 1774 ἄνδρας
515 1699 704 1772 ἀξίους,
751 1705 928 1774 μήπου
970 1706 1085 1773 (22)
1125 1701 1219 1764 ἓως
1259 1701 1555 1775 βουλόμεθα
1592 1705 1650 1753 τὸ
1713 1699 1768 1753 ἐκ
1794 1709 1885 1752 τοῦ

276 1789 510 1851 πλήθους
559 1788 862 1854 ἀξιόπιστον
919 1795 1081 1863 ἔχειν,
1143 1797 1232 1844 καὶ
1290 1793 1389 1844 ὑπὸ
1443 1791 1682 1844 πλειόνων
1742 1788 1888 1866 ἀκρι-

279 1878 524 1953 ϐέστερον
555 1889 718 1934 ποιεῖν
764 1885 852 1939 τὴν
877 1881 1188 1940 Ἐκκλησίαν
1254 1890 1346 1935 τοῦ
1404 1890 1542 1935 Θεοῦ
1600 1882 1886 1954 οἰκονομεῖ-

282 1973 430 2032 σθαι,
463 1971 696 2044 λάθωμεν
753 1968 847 2024 διὰ
897 1975 954 2024 τό
1005 1981 1105 2024 τῶν
1161 1972 1484 2046 καλουμένων
1525 1969 1779 2045 ἀδόκιμον
1815 1972 1886 2034 εἰς

282 2061 537 2113 εὐτέλειαν
590 2065 677 2113 τὸν
733 2060 885 2132 λόγον
936 2061 1330 2128 καταϐαλόντες,
1365 2059 1682 2136 ἀδιαφορίας
1746 2061 1887 2133 μελέ-

279 2171 378 2210 την
441 2160 554 2214 τοῖς
605 2151 746 2214 λαοῖς
799 2150 1066 2225 ἐμποιεῖν;
1103 2150 1266 2214 Οἶδας
1302 2155 1403 2225 γὰρ
1443 2158 1533 2205 καὶ
1598 2153 1773 2217 αὐτὸς,
1808 2152 1886 2204 ὃτι

1927 881 1976 933 Α

2339 883 2780 954 Amphilochia,
2802 885 3074 953 episcopo
3102 881 3310 938 Iconii.

2076 987 2129 1044 1.
2169 990 2346 1046 Prout
2397 991 2651 1061 dignum
2705 994 2831 1048 erat
2873 995 2976 1046 tua
3032 988 3435 1046 concinnitate
3467 1002 3538 1042 ac
3566 985 3654 1042 di-

1998 1074 2264 1147 liz‘l'entia,
2299 1080 2471 1150 cujus
2521 1097 2759 1153 semper
2805 1096 2917 1150 ego
2971 1079 3269 1144 laudator,
3302 1076 3525 1132 curasti
3554 1090 3651 1130 res

2001 1165 2274 1223 Ecclesiae
2307 1171 2668 1225 Isaurorum.
2704 1170 2855 1225 Illud
2890 1175 3092 1225 autem
3125 1166 3419 1222 universis
3451 1164 3654 1220 utilius

2000 1271 2148 1322 esse,
2176 1262 2241 1312 ut
2271 1258 2332 1313 in
2360 1259 2562 1330 plures
2593 1261 2913 1332 episcopos
2942 1259 3246 1314 dividatur
3289 1254 3650 1318 sollicitudo,

1999 1362 2108 1400 sua
2142 1353 2355 1417 sponte
2390 1349 2780 1405 manifestum
2824 1349 3040 1420 cuique
3066 1363 3199 1403 esse
3243 1346 3520 1402 arbitror.
3551 1347 3656 1400 Ne-

1997 1450 2116 1505 que
2147 1436 2307 1491 enim
2359 1441 2525 1493 tuam
2557 1439 2672 1494 hoc
2703 1437 3090 1510 prudentiam
3143 1435 3328 1492 latet:
3364 1433 3472 1489 sed
3506 1447 3654 1504 quo-

1997 1524 2180 1580 modo
2222 1541 2313 1580 res
2345 1543 2406 1582 se
2437 1528 2661 1584 habeat
2711 1533 2768 1584 et
2806 1531 2963 1584 recte
3008 1523 3368 1590 observasti,
3393 1528 3449 1580 et
3475 1521 3653 1578 nobis

1996 1613 2369 1683 signiﬁcasti.
2407 1617 2519 1672 Sed
2572 1617 2718 1690 quia
2768 1633 2891 1673 non
2937 1616 3108 1672 facile
3148 1619 3235 1670 est
3261 1613 3518 1687 reperire
3548 1610 3655 1683 qui

1996 1703 2162 1774 digni
2186 1706 2326 1774 sint,
2360 1722 2566 1762 annon
2597 1707 2767 1770 forte,
2805 1707 2951 1762 dum
2985 1706 3264 1761 volumus
3330 1719 3401 1759 ex
3455 1700 3654 1757 multi-

1996 1794 2201 1850 tudine
2258 1797 2672 1853 auctoritatem
2719 1797 2964 1865 habere,
2998 1811 3068 1853 ac
3119 1794 3425 1868 perﬁcere,
3458 1797 3524 1849 ut
3552 1792 3654 1848 Dei

1996 1883 2253 1940 Ecclesia
2293 1901 2329 1941 a
2379 1887 2655 1958 pluribus
2702 1887 3041 1942 accuratius
3096 1885 3501 1955 gubernetur;
3545 1882 3656 1940 im-

1993 1974 2320 2044 prudentes
2375 1976 2712 2032 doctrinam
2761 1977 2841 2033 ob
2886 1976 3252 2048 eorum,qui
3305 1974 3498 2031 vocati
3523 1973 3654 2029 fue-

1995 2063 2152 2130 rint,
2209 2065 2628 2135 indignitatem
2691 2066 2752 2121 in
2815 2070 3218 2138 contemptum
3260 2065 3652 2134 adducentes,

2000 2152 2413 2210 indifferentia:
2439 2155 2699 2228 populos
2729 2156 3246 2212 assuefaciemus?
3270 2159 3420 2212 Nam
3442 2159 3500 2210 et
3523 2155 3653 2226 ipse

281 2243 455 2295 ὁποῖοι
489 2238 540 2294 δ’
590 2243 652 2293 ἄν
685 2241 812 2294 ὦσιν
851 2244 900 2294 οἱ
938 2252 1275 2313 προεστῶτες,
1329 2251 1549 2295 τοιαῦτα
1578 2244 1646 2303 ὡς
1711 2240 1795 2294 ἐπὶ
1826 2244 1884 2294 τὸ

2004 2245 2178 2312 nosti,
2210 2244 2420 2316 quales
2471 2245 2588 2301 sint
2636 2245 2740 2317 qui
2771 2251 3060 2317 praesunt,
3093 2245 3239 2301 tales
3296 2244 3655 2316 plerumque

280 2330 412 2385 πολὺ
467 2332 580 2402 (23)
645 2335 736 2383 καὶ
799 2334 864 2383 τὰ
929 2332 1030 2389 ἢθη
1096 2341 1194 2384 τῶν
1271 2330 1574 2407 ἀρχομένων
1646 2332 1886 2402 γίνεσθαι

279 2423 475 2476 εἴωθεν.
505 2428 668 2474 Ὥστε
723 2422 871 2492 τάχα
919 2419 1122 2492 βέλτιον
1166 2422 1252 2474 ἕνα
1304 2424 1419 2474 τινὰ
1472 2419 1712 2494 δόκιμον,
1747 2423 1884 2495 εἴπερ

278 2516 372 2563 καὶ
425 2519 577 2564 τοῦτο
621 2507 829 2585 ῥᾴδιον,
870 2509 1226 2583 προϐαλέσθαι
1282 2520 1379 2572 τῆς
1417 2511 1608 2573 πόλεως
1647 2512 1885 2584 προστά-

283 2619 400 2669 την,
428 2605 518 2652 καὶ
569 2599 846 2673 ἐπιτρέψαι
871 2607 942 2670 τῷ
983 2603 1175 2653 ἐκείνου
1227 2597 1453 2672 κινδύνῳ
1500 2601 1887 2673 οἰκονομεῖσθαι

284 2693 350 2742 τὰ
388 2690 506 2742 καθ’
563 2690 797 2742 ἕκαστον·
867 2694 1019 2761 μόνον
1059 2687 1205 2762 aevi;
1247 2710 1322 2751 τις
1363 2687 1547 2751 δοῦλος
1609 2698 1762 2761 Θεοῦ,
1797 2689 1885 2764 ἐρ-

285 2780 456 2852 γάτης
505 2776 938 2850 ἁνεπαίσχυντος,
969 2783 1040 2852 μὴ
1111 2789 1319 2833 σκοπῶν
1371 2784 1428 2832 τό
1487 2780 1711 2850 ἑαυτοῦ,
1757 2779 1888 2831 ἀλλὰ

284 2871 344 2921 τὸ
397 2876 498 2919 τῶν
539 2866 751 2938 πολλῶν,
807 2870 890 2920 ἵνα
940 2871 1199 2921 σωθῶσιν·
1254 2871 1324 2937 ὃς,
1377 2869 1460 2922 ἐὰν
1525 2866 1640 2942 εἰδῇ
1706 2869 1885 2921 ἑαυτὸν

286 2963 594 3032 μικρότερον
651 2961 775 3031 πρὸς
824 2963 916 3016 τὴν
976 2955 1249 3034 φροντίδα,
1315 2959 1678 3032 προσλήψεται
1736 2958 1886 3034 ἐργά-

285 3066 376 3108 τας
428 3047 498 3108 εἰς
553 3051 639 3099 τὸν
708 3049 976 3121 θερισμόν.
1037 3048 1156 3101 Ἐὰν
1203 3046 1290 3101 οὖν
1345 3050 1567 3124 εὕρωμεν
1632 3057 1886 3120 τοιοῦτον,

283 3136 518 3210 ὁμολογῶ
575 3136 772 3189 πολλῶν
830 3135 1066 3200 ἀντάξιον
1126 3135 1254 3190 εἶναι
1301 3142 1388 3191 τὸν
1446 3138 1548 3208 ἕνα,
1607 3144 1697 3190 καὶ
1771 3147 1888 3200 ταῖς

278 3226 623 3289 Ἐκκλησίαις
671 3226 1110 3299 λυσιτελέστερον,
1152 3234 1242 3281 καὶ
1308 3230 1432 3301 ἡμῖν
1491 3226 1550 3281 δὲ
1603 3226 1886 3282 ἀκινδυνό-

281 3336 444 3389 τερον,
505 3320 667 3378 οὗτως
732 3317 1078 3389 οἰκονομῆσαι
1133 3326 1231 3370 τῶν
1289 3317 1482 3390 ψυχῶν
1532 3323 1626 3376 τὴν
1703 3317 1884 3391 ἐπιμέ-

280 3405 440 3459 λειαν.
476 3405 596 3459 Ἐὰν
637 3403 697 3460 δὲ
733 3413 886 3459 τοῦτο
935 3411 1007 3478 μὴ
1057 3403 1300 3482 ῥᾴδιονῇ
1335 3410 1467 3477 (24),
1504 3403 1713 3466 σπουδὴ
1741 3412 1885 3479 γενέ-

288 3501 398 3550 σθω
434 3499 562 3570 ἡμῖν
609 3500 858 3572 πρότερον
913 3501 1021 3563 (25)
1070 3505 1186 3560 ταῖς
1261 3498 1705 3570 μικροπολιτείαις
1770 3502 1886 3558 ἤτοι

1997 2341 2054 2392 et
2083 2349 2292 2389 eorum
2331 2333 2436 2406 qui
2487 2340 2700 2406 parent
2749 2351 2947 2390 mores
3005 2350 3135 2390 esse
3195 2333 3405 2390 solere.
3439 2335 3660 2398 Quam-

1995 2425 2205 2482 obrem
2238 2424 2387 2479 forte
2415 2423 2602 2479 satius
2629 2429 2784 2479 esset
2814 2439 3004 2479 unum
3037 2423 3300 2496 aliquem
3327 2422 3656 2494 probatum

1993 2521 2050 2573 et
2082 2519 2442 2587 spectatum,
2475 2514 2525 2570 si
2555 2520 2612 2570 et
2636 2514 2696 2570 id
2729 2513 2898 2570 facile
2929 2514 3056 2570 ﬁeri
3105 2519 3321 2586 potest,
3348 2512 3654 2586 praeﬁcere

1994 2605 2236 2669 civitati,
2269 2604 2445 2676 eique
2468 2603 2840 2660 committere
2875 2603 3115 2674 singula
3143 2620 3254 2660 suo
3283 2603 3472 2675 ipsius
3505 2603 3656 2675 peri-

1995 2693 2131 2750 culo
2160 2692 2580 2764 dispensanda
2612 2709 2624 2746 :
2653 2697 2888 2748 tantum
2939 2693 3038 2749 Dei
3087 2708 3296 2748 servus
3325 2692 3419 2761 sit,
3447 2707 3655 2765 opera-

1994 2786 2119 2839 rius
2147 2797 2269 2837 non
2327 2797 2512 2854 prave
2550 2781 2808 2852 pudens,
2839 2797 2961 2837 non
2993 2781 3137 2847 suis,
3164 2782 3264 2837 sed
3325 2781 3654 2837 multorum

1995 2877 2256 2944 attentus
2299 2871 2656 2942 commodis,
2689 2879 2752 2927 ut
2782 2871 3035 2927 salutem
3069 2872 3490 2944 adipiscantur
3513 2889 3524 2926 :
3549 2871 3656 2943 qui

1996 2943 2126 3018 si's'e
2157 2962 2284 3034 ipse
2315 2962 2544 3017 noverit
2582 2963 2879 3033 imparem
2925 2943 3330 3028 sollicitudini,
3364 2961 3656 3033 adjunget

1996 3051 2110 3106 sibi
2140 3050 2451 3122 operarios
2475 3050 2551 3105 ad
2578 3066 2856 3107 messem.
2885 3050 2940 3104 Si
2967 3066 3150 3122 quem
3183 3066 3326 3120 ergo
3353 3051 3656 3122 ejusmodi

1995 3140 2401 3208 inveniamus,
2431 3139 2618 3195 fateor
2651 3139 2977 3195 multorum
3026 3140 3216 3196 instar
3272 3156 3462 3195 unum
3502 3155 3652 3206 esse,

1997 3246 2067 3286 ac
2100 3229 2372 3285 Ecclesiis
2401 3229 2601 3284 utilius
2631 3245 2760 3284 esse
2791 3234 2848 3284 et
2868 3229 3043 3284 nobis
3071 3230 3273 3298 tutius,
3309 3229 3392 3285 sic
3414 3229 3655 3286 anima-

1996 3336 2133 3375 rum
2155 3335 2364 3375 curam
2395 3318 2780 3390 dispensare.
2813 3319 2986 3385 Quod
3021 3320 3069 3374 si
3098 3319 3161 3374 id
3181 3335 3303 3376 non
3334 3319 3528 3390 facile,
3556 3319 3656 3376 de-

1996 3425 2132 3464 mus
2172 3408 2436 3480 primum
2489 3423 2760 3480 operam,
2793 3413 2856 3464 ut
2901 3409 3105 3480 parvis
3159 3408 3500 3465 civitatibus
3530 3409 3655 3466 sive

1996 3499 2194 3570 parvis
2225 3498 2396 3570 pagis
2421 3498 2552 3569 jam
2581 3496 2726 3552 olim
2757 3497 3169 3570 episcopalem
3195 3499 3402 3554 scdem
3427 3497 3654 3554 haben-

283 3591 670 3662 μικροκωμίαις
752 3593 867 3649 ταῖς
921 3585 978 3639 ἐκ
1028 3586 1253 3640 παλαιοῦ
1320 3586 1616 3640 ἐπισκόπων
1708 3589 1884 3660 θρόνον

2004 3587 2154 3644 tibus
2183 3587 2398 3642 demus
2429 3585 2824 3658 praepositos;
2857 3602 2926 3642 ac
2961 3591 3087 3643 tum
3117 3587 3367 3642 demum
3397 3585 3656 3642 civitatis

283 3675 534 3749 ἐχούσαις
591 3673 778 3730 δοῦναι
841 3679 961 3738 τοὺς
1025 3680 1458 3750 προῑσταμένους’
1499 3682 1589 3729 καὶ
1644 3697 1760 3730 τοτε
1796 3681 1884 3730 τὸν

282 3775 378 3828 τῆς
415 3765 610 3828 πόλεως
667 3765 1030 3838 ἀναστήσομεν
1061 3767 1196 3836 (26),
1217 3767 1418 3838 μήποτε
1457 3763 1708 3839 ἐμπόδιον
1759 3768 1884 3839 ἡμῖν

282 3858 410 3928 πρὸς
448 3859 542 3915 τὴν
593 3855 726 3928 μετὰ
785 3862 952 3908 ταῦτα
1003 3854 1302 3927 οἰκονομίαν
1354 3855 1884 3929 γένηταιόπροϐαλ-

282 3943 494 4017 λόμενος
552 3944 687 4014 (27),
729 3946 817 3995 καὶ
865 3943 1010 4004 εὐθὺς
1065 3941 1339 4017 ἀρξώμεθα
1392 3945 1541 4016 ἡμεῖς
1596 3951 1698 4004 τοῖς
1751 3947 1886 3996 οἶκοι

281 4033 540 4107 πολεμεῖν,
571 4031 665 4086 διὰ
694 4035 752 4085 τὸ
791 4032 1033 4085 πλειόνων
1092 4031 1376 4106 βούλεσθαι
1428 4035 1634 4106 ἄρχειν·
1668 4038 1758 4086 καὶ
1811 4038 1882 4106 μὴ

281 4120 651 4195 καταδέχηται
701 4124 790 4184 τὰς
845 4127 1174 4196 χειροτονίας
1229 4131 1327 4174 τῶν
1396 4121 1713 4179 ἐπισκόπων.
1772 4123 1887 4176 Ἐὰν

359 4271 471 4337 (19)
510 4272 616 4327 Τῆς
644 4264 1109 4337 σεαυτοῡηΕάὶῐὶο
1153 4264 1422 4322 secunda
1449 4265 1800 4322 Parisiensis
1833 4271 1890 4323 et

285 4335 565 4394 nonnulli
594 4353 736 4392 mss.
771 4344 866 4398 τῆς
895 4335 1098 4390 ἐαυτοῦ.

360 4413 464 4477 (20,
509 4410 780 4481 Ἰσαύρων.
844 4411 960 4463 Hoc
1003 4408 1310 4481 negotium
1354 4408 1472 4481 diu
1515 4412 1886 4481 protractum

287 4486 402 4549 est;
423 4497 564 4536 nam
597 4479 842 4535 Basilius
867 4495 1028 4535 anno
1047 4485 1146 4534 3735
1170 4480 1227 4533 in
1258 4479 1533 4534 Pisidiam
1562 4479 1884 4550 profectus,

287 4552 850 4624 utepiscopos,cu_m
873 4550 1292 4624 Amphilochio
1308 4551 1421 4606 hac
1447 4551 1522 4624 de
1549 4566 1733 4606 causa
1751 4569 1887 4607 con-

287 4622 588 4693 gregatos,
621 4622 869 4678 consilio
913 4638 982 4677 ac
1023 4623 1316 4694 sententia
1337 4623 1722 4694 suajuvaret.
1759 4627 1884 4694 Ipse

285 4700 538 4751 testatur
563 4694 623 4749 in
670 4694 845 4764 epist.
873 4694 997 4759 2l6,
1033 4693 1269 4747 venisse
1300 4711 1362 4748 se
1392 4694 1452 4749 in
1499 4693 1797 4762 Pisidiam,
1823 4699 1886 4749 ut

285 4782 426 4822 cum
456 4767 754 4838 episcopis
800 4764 955 4838 illius
1001 4765 1324 4836 provincia:
1377 4781 1448 4821 ea
1478 4764 1878 4838 constitueret,

285 4853 420 4910 quae
440 4835 521 4894 ad
536 4835 761 4910 [fratres
787 4835 1036 4910 Isauriae
1052 4839 1416 4910 spectaruch
1445 4840 1580 4910 κατὰ
1607 4840 1724 4896 τοὺς
1743 4835 1790 4888 ἐν
1817 4845 1878 4910 τῇ

1993 3678 2382 3733 restituemus
2404 3675 2786 3747 episcopum,
2808 3691 2882 3731 ne
2905 3676 3053 3733 forte
3085 3675 3260 3731 nobis
3281 3676 3359 3731 ad
3388 3675 3655 3732 futuram

1995 3766 2279 3837 deinceps
2306 3765 2712 3820 oeconomiam
2743 3765 2961 3834 obstet,
2983 3765 3087 3836 qui
3118 3764 3430 3820 ordinatus
3455 3764 3654 3834 fuerit,

1996 3871 2067 3910 ac
2098 3855 2300 3910 statim
2360 3853 2723 3925 incipiamus
2767 3853 2925 3908 bello
2973 3853 3306 3909 domestico
3353 3852 3652 3923 laborare,

1996 3944 2143 3999 dum
2204 3943 2479 4014 pluribus
2529 3958 2788 4015 praeesse
2838 3941 2980 4009 vult,
3013 3957 3125 3997 nec
3174 3943 3471 3998 consentit
3498 3943 3655 3999 ordi-

1996 4033 2223 4089 nationi
2270 4031 2715 4103 episcoporum.
2747 4031 2920 4097 Quod
2961 4031 3008 4086 si
3057 4032 3172 4087 hoc
3220 4047 3401 4101 grave
3457 4032 3650 4104 fuerit,

1996 4139 2106 4180 nec
2133 4137 2238 4196 per
2271 4127 2506 4194 tempus
2535 4121 2729 4189 liceat,
2753 4121 2813 4177 id
2836 4125 2938 4177 tua
2959 4121 3280 4194 prudentia
3307 4121 3654 4178 faciendum

1997 4266 2266 4341 epistolae
2289 4265 2568 4341 verba,ut
2589 4266 2942 4341 Isaurorum
2957 4267 3228 4341 episcopo
3241 4281 3385 4341 suus
3403 4267 3656 4341 circum-

1997 4337 2303 4396 scribatur
2324 4339 2682 4401 circulus,eo
2709 4338 2868 4410 quod
2887 4339 3468 4410 nonnullosvicinos
3493 4337 3652 4410 ordi-

1998 4417 2114 4468 net.
2139 4413 2219 4465 Ex
2245 4411 2335 4464 his
2361 4410 2509 4464 enim
2534 4408 2893 4480 perspicitur
2913 4425 3034 4464 non
3057 4409 3131 4463 de
3154 4408 3281 4464 solo
3305 4408 3650 4480 urbisepis-

1998 4497 2303 4554 copo,non
2323 4477 2894 4554 d_e_vici_iiis_tantuin
2915 4480 3235 4554 episcopis,
3259 4496 3414 4550 quos
3436 4477 3650 4554 ille’or-

1996 4549 2375 4609 diﬁabatsed
2391 4551 2464 4622 de
2485 4550 2758 4622 pluribus
2780 4551 2910 4605 aliis
2931 4551 3426 4622 deliberationem
3442 4549 3647 4604 fuisse.

2069 4628 2172 4694 ('21)
2215 4623 2356 4676 Ἐπεὶ
2388 4619 2594 4678 δέ.“510
2631 4626 2764 4694 Reg.
2800 4621 3187 4694 secundusth
3214 4621 3405 4694 _Coi_sl.
3441 4635 3651 4676 secun-

1995 4689 2128 4751 dus.
2160 4689 2662 4749 Claromontanus
2694 4689 2873 4750 ἐπειδὴ
2918 4689 2996 4746 δέ.
3028 4692 3174 4746 Editi
3205 4689 3404 4750 ἐπειδὴ,

2066 4771 2179 4835 (22)
2221 4771 2434 4824 IlI/mou.
2470 4764 2618 4820 Editi
2642 4771 2821 4836 μήπω,
2849 4763 3016 4834 quod
3043 4763 3502 4818 emendavimus
3533 4777 3650 4834 ope

1996 4838 2164 4895 Coisl.
2196 4837 2389 4907 primi.

283 4903 820 4996 "icraupiu’a‘cri‘elyooog.
857 4908 1162 4996 E‘xistimat
1206 4903 1612 4996 l‘illemontius
1654 4903 1882 4996 nonde

2004 4980 2013 4996 )
2065 4903 2324 4996 (23)::E7r‘t.
2381 4911 2438 4961 τὸ
2488 4906 2638 4961 πολύ.
2673 4904 2950 4962 Nonnulli
3009 4903 3248 4962 codices
3291 4903 3652 4962 recentiores

283 4979 525 5036 Isauriae
559 4979 864 5050 provincia
895 4979 988 5034 hic
1010 4979 1241 5048 agi,sed
1268 4984 1503 5036 tantum
1528 4980 1601 5035 de
1628 4980 1880 5044 civitate,

284 5069 421 5123 quae
439 5050 1020 5123 Isaurusdicebatur.
1033 5050 1196 5106 Unde
1216 5052 1413 5106 varias
1428 5052 1884 5123 inconjecturas

285 5121 494 5194 fertur:
514 5121 604 5177 vel
622 5122 780 5177 enim
795 5121 1122 5194 legendum,
1140 5138 1269 5194 esse
1288 5128 1458 5193 putat
1479 5121 1525 5174 ἐν
1552 5121 1627 5194 τῇ
1647 5123 1882 5194 παύρῳ,

283 5193 378 5248 vel
391 5193 627 5248 Isauriae
643 5193 888 5248 nomine
905 5193 1061 5248 hanc
1076 5192 1370 5248 civitatem
1386 5192 1664 5249 vocatam
1678 5192 1880 5261 fuisse,

284 5265 429 5320 utin
450 5267 826 5320 Testamento
851 5266 907 5321 S.
944 5263 1206 5331 Gregorii
1236 5264 1582 5321 Nazianzeni
1614 5281 1648 5320 a
1699 5264 1882 5337 pella-

284 5339 409 5391 tur:
435 5335 527 5392 vel
558 5335 820 5392 denique
861 5335 1350 5392 Amphilochium
1381 5335 1538 5392 hanc
1583 5281 1793 5392 urBem
1824 5336 1882 5391 in

283 5339 409 5391 tur:
435 5335 527 5393 vel
558 5335 820 5406 denique
861 5335 1350 5406 Amphilochium
1381 5335 1538 5392 hanc
1583 5335 1793 5392 urbem
1824 5336 1886 5391 in

287 5407 524 5479 Isauriae
564 5406 878 5479 provincia
925 5405 1550 5479 collocare,_quamvis
1604 5407 1887 5464 attributa

289 5477 420 5550 aliae
444 5477 763 5550 provinciae
790 5482 946 5550 esset
971 5495 982 5532 :
1009 5477 1533 5550 quemadmodum
1559 5479 1739 5535 etiam
1768 5483 1887 5534 lco-

292 5549 461 5622 nium
474 5550 530 5622 in
545 5549 1047 5622 Pisidiacollocat’.
1061 5549 1333 5622 Libenter
1345 5550 1738 5622 amplecterer
1750 5550 1888 5622 doc-

290 5619 507 5679 tissimi
524 5621 634 5680 viri
679 5620 1052 5696 opinionem,
1093 5620 1212 5679 nisi
1236 5636 1333 5677 me
1375 5619 1889 5679 deterrerenthaac

1994 4980 2078 5035 ἐπὶ
2107 4980 2262 5037 πολύ.

2061 5057 2169 5122 (24)
2213 5047 2435 5122 Ῥᾴδιον,
2462 5046 2514 5121 ᾖ.
2553 5048 2645 5103 Sic
2701 5047 3164 5122 emendavimus
3199 5065 3324 5122 ope
3350 5051 3528 5122 _Beg_.
3564 5063 3654 5106 se-

1995 5119 2177 5178 cundi
2203 5128 2260 5177 et
2280 5119 2477 5192 '_Coisl.'
2497 5119 2746 5192 secundi
2777 5120 2943 5192 quod
2974 5135 3156 5192 prave
3193 5119 3268 5177 in‘
3293 5120 3467 5178 editis
3495 5119 3652 5191 lege-

1993 5195 2174 5252 batur
2199 5189 2407 5268 ῥάδιον,
2494 5187 2722 5268 σπουδή.

2067 5270 2168 5329 (25)
2199 5261 2352 5319 'V'ide
2383 5261 2699 5319 Addenda.

2067 5340 2180 5407 (26)
2219 5335 2626 5407 Ἀναστήσ-ομεν.
2663 5332 2839 5390 Coisl.
2871 5333 3102 5406 primus
3143 5332 3537 5407 ἀναστήσωμεν,

2313 5387 3114 5480 προθαλλόμενόςῒὗὺδυῶξέ.
3148 5407 3189 5480 ὁ-
3211 5387 3645 5480 προϐεϐλημένος.

1997 5474 2129 5536 de
2176 5474 2360 5535 Coisli
2379 5474 2682 5548 secundus
2713 5482 2769 5533 et
2797 5480 2936 5548 Reg.
2967 5474 3271 5534 secundus
3316 5477 3438 5536 τοὺς
3488 5474 3642 5532 οἶκοι,

1997 5551 2227 5632 Ιὸξάοξῃ
2250 5547 2906 5632 ωὲξῐρήκρξταῆδέχεσθαι.

2068 5622 2090 5645 ¹
2129 5621 2288 5682 Alias
2307 5623 2573 5680 CCCCVI.
2608 5621 2838 5696 Scripta
2874 5635 3036 5680 anno
3066 5621 3191 5683 374.
