4152 6376
464 270 568 326 699

1817 267 1878 323 S.
1926 266 2180 323 BASILII
2229 264 2474 322 MAGNI.

3727 267 3838 321 700

463 395 667 462 curet,
725 396 791 450 ut
847 393 1376 451 circumscribatur
1440 397 1785 450 Isaurorum
1830 391 2116 465 episcopo

2228 387 2286 444 δὲ
2338 398 2489 444 τοῦτο
2549 390 2687 466 βαρύ
2718 400 2773 465 ᾖ,
2817 394 2957 445 καὶὸ
2986 395 3174 466 χρόνος
3207 395 3275 451 μὴ
3339 389 3610 464 ἓπιτρέπῇ,
3670 387 3837 442 ἐκεῖνο

463 498 609 538 suus
635 482 915 554 circulus,
941 499 1011 540 eo
1041 484 1207 557 quod
1255 484 1480 540 vicinos
1528 483 1828 556 quosdam
1861 481 2112 538 ordinet.

465 571 784 644 Reliquum
825 579 1024 628 autem
1058 574 1232 645 283
1268 573 1443 628 nobis
1489 576 1861 627 reservatum
1901 569 2030 639 erit,
2053 573 2119 624 ut

465 661 713 735 reliquis
743 663 1030 719 omnibus
1059 665 1380 736 episcopos
1412 663 1648 732 demus,
1679 678 1834 734 quos
1857 661 2120 717 maxime

466 749 719 808 idoneos
747 752 864 825 ipsi
911 753 1384 824 judicaverimus
1431 752 1622 808 multo
1661 751 1938 808 examine
1966 766 2119 823 pra:-

466 857 673 898 mlSSO.

535 1114 589 1166 2.
633 1109 973 1178 Georgium,
1025 1113 1092 1166 ut
1135 1109 1328 1183 pietas
1381 1113 1485 1166 tua
1528 1109 1730 1180 jussit,
1790 1107 2124 1182 percontati

465 1215 678 1254 sumus
702 1217 714 1252 :
748 1199 1062 1271 respondit
1084 1205 1288 1256 autem
1307 1216 1378 1256 ea
1408 1216 1546 1272 quae
1584 1205 1687 1256 tua
1711 1199 1891 1255 etiam
1916 1198 2124 1269 religio

463 1288 697 1357 retulit;
732 1288 836 1343 sed
859 1288 934 1345 de
964 1288 1059 1345 his
1089 1288 1272 1345 rebus
1297 1305 1547 1344 necesse
1577 1294 1666 1345 est
1687 1289 1889 1362 quieto
1919 1288 2124 1344 animo

465 1377 674 1449 simus,
717 1393 927 1434 curam
983 1379 1206 1434 domus
1244 1378 1307 1434 in
1349 1378 1677 1435 Dominum
1720 1377 2124 1450 projicientes.

466 1466 718 1524 Conﬁdo
748 1468 910 1522 enim
939 1469 1058 1523 Deo
1113 1471 1348 1538 sancto,
1378 1466 1664 1524 daturum
1708 1467 1878 1522 illum
1914 1465 2126 1522 intelli-

466 1555 754 1625 gentiam,
787 1559 851 1610 ut
879 1555 997 1611 alio
1029 1555 1212 1612 modo
1239 1555 1566 1611 liberemur
1589 1571 1626 1612 a
1645 1554 2122 1624 necessitatibus,

466 1649 525 1701 et
584 1660 841 1701 vacuam
901 1644 1191 1702 molestiis
1255 1645 1443 1700 vitam
1505 1660 1976 1718 consequamur.
2006 1647 2126 1700 Hoc

2229 478 2586 534 σπουδασάτω
2624 485 2654 541 ἡ
2701 487 2766 541 σὴ
2821 485 3048 550 σύνεσις,
3089 489 3181 535 τοῦ
3219 490 3445 540 ποιῆσαι
3501 479 3839 554 περιγράψαι

2226 578 2298 641 τῷ
2330 571 2580 645 Ἰσαύρων
2609 576 2723 643 (28)
2755 575 2841 626 τὸν
2889 570 3026 625 ἴδιον
3093 571 3304 639 κύκλον,
3339 567 3434 624 διὰ
3471 573 3530 622 τὸ
3587 589 3834 644 χειροτο·

2226 669 2386 720 νῆσαι
2444 662 2598 714 αὑτὸν
2650 668 2968 738 προσοίκους
3021 663 3184 724 τινάς.
3252 664 3321 713 Τό
3381 657 3439 712 δὲ
3478 657 3660 731 ἐφεξῆς
3706 661 3839 731 ἡμῖν

2227 749 2446 822 ὑπάρξει
2501 757 2913 824 τεταμιευμένον,
2949 752 3021 813 εἰς
3057 755 3116 804 τὸ
3160 753 3297 804 κατά
3348 753 3436 801 τὸν
3494 753 3845 822 προσήκοντα

2227 843 2409 913 καιρὸν
2469 835 2654 892 δοῦναι
2709 847 2844 893 πᾶσι
2882 848 2993 903 τοῖς
3029 840 3231 902 λοιποῖς
3284 838 3623 904 ἐπισκόπους,
3657 837 3747 898 οὓς
3776 838 3843 896 οἷς

2227 931 2572 1002 κυριωτέρους
2622 930 2729 997 (29)
2778 931 2907 981 εἶναι
2956 933 3207 1004 κρίνωμεν
3251 927 3434 1000 αὐτοὶ,
3491 922 3585 979 διά
3638 925 3846 987 πολλῆς

2230 1015 2507 1081 ἐξετάσεως
2536 1014 2571 1070 δ
2573 1021 2941 1091 οκιμάσαντες.

2300 1111 2352 1162 2.
2397 1107 2768 1180 Ἠρωτήσαμεν
2818 1114 3111 1183 Γεωργιον,
3162 1108 3232 1169 ὡς
3288 1105 3546 1158 ἐκέλευσεν
3595 1106 3624 1163 ἡ
3687 1106 3844 1157 θεοσέ

2231 1195 2345 1249 ϐειά
2378 1217 2494 1264 σου,
2535 1201 2624 1249 καὶ
2675 1197 2810 1251 εἶπεν
2849 1197 2884 1250 ἃ
2919 1203 3010 1250 καὶ
3045 1199 3075 1256 ἡ
3123 1201 3188 1255 σὴ
3244 1195 3484 1249 εὐλάϐεια
3535 1194 3836 1266 ἀνήνεγκεν.

2232 1285 2306 1359 ἐφ’
2336 1288 2412 1348 οἷς
2434 1284 2630 1359 ἀνάγκη
2690 1289 2831 1360 ἡμᾶς
2882 1292 2977 1346 την
3034 1289 3271 1358 ἡσυχίαν
3309 1287 3474 1358 ἄγειν,
3519 1283 3834 1360 ἐπιρῥίψαν-

2230 1396 2326 1439 τας
2399 1377 2483 1430 ἐπὶ
2533 1380 2720 1452 Κύριον
2772 1382 2865 1436 τὴν
2922 1382 3173 1450 μέριμναν
3230 1383 3323 1428 τοῦ
3390 1379 3557 1431 οῖκου.
3594 1377 3844 1427 Πιστεύω

2230 1468 2330 1540 γὰρ
2357 1474 2428 1537 τῷ
2461 1467 2594 1538 ἁγίῳ
2642 1475 2775 1537 Θεῳ,
2809 1469 2892 1519 ότι
2939 1463 3103 1519 δώσει
3144 1469 3237 1517 σὺν
3285 1467 3410 1535 ἡμῖν
3449 1465 3584 1535 (30),
3634 1467 3762 1538 πρὸς
3788 1469 3845 1516 τὶ

2234 1555 2384 1630 ἑτέρῳ
2427 1561 2602 1630 τρόπῳ
2661 1556 2922 1619 ἐξελέσθαι
2978 1564 3078 1608 τῶν
3127 1555 3385 1626 ἀναγκῶν,
3411 1559 3503 1607 καὶ
3557 1557 3682 1626 ἡμῖν
3714 1553 3844 1605 οἶλυ-

2232 1665 2327 1698 πον
2350 1647 2457 1711 (31)
2488 1652 2580 1705 τὴν
2637 1647 2775 1708 ζωὴν
2829 1646 3168 1719 προξενῆσαι.
3205 1647 3322 1698 Ἐάν
3349 1641 3436 1697 οὖν
3467 1644 3528 1697 ού
3560 1641 3692 1716 δοκῇ
3721 1646 3845 1712 (3'2)

464 1739 622 1792 certe
669 1735 721 1792 si
762 1736 959 1791 visum
1005 1752 1128 1792 non
1186 1737 1531 1809 fuerit,ipse
1584 1736 1849 1807 digneris
1897 1735 1975 1791 ad
2027 1750 2118 1792 me

2234 1743 2433 1803 τοῦτο,
2495 1736 2651 1799 αὐτὸς
2713 1736 3039 1799 καταξίωσον
3115 1737 3502 1808 ὑπομνηστικόν
3582 1754 3672 1805 μοι
3711 1731 3847 1786 ἀπο-

466 1825 970 1882 commentarium
1001 1825 1254 1896 mittere,
1278 1825 1354 1881 de
1383 1841 1509 1898 qua
1538 1830 1811 1898 oporteat
1839 1824 2125 1897 dignitate

466 1929 676 1970 curam
705 1913 1073 1986 impendere,
1107 1920 1172 1970 ut
1215 1915 1329 1971 hoc
1369 1915 1729 1972 beneﬁcium
1761 1932 1797 1971 a
1828 1914 2125 1987 potentio-

463 2002 632 2058 ribus
676 2003 1021 2077 quibusque
1053 2004 1263 2060 amicis
1292 2005 1724 2076 aggrediamur
1773 2019 2121 2077 exposcere,

465 2091 591 2149 sive
621 2093 830 2163 gratis,
863 2093 989 2149 sive
1037 2095 1219 2150 etiam
1272 2095 1514 2150 modico
1566 2095 1776 2166 pretio,
1805 2098 1985 2166 prout
2017 2097 2124 2150 Do-

464 2181 668 2238 minus
723 2181 899 2238 nobis
954 2181 1180 2238 faverit.
1229 2183 1472 2256 Scripsi,
1516 2190 1584 2238 ut
1633 2184 1991 2256 praecepisti,
2045 2182 2126 2239 ad

463 2269 710 2327 fratrem
759 2271 1082 2328 Valerium.
1111 2275 1220 2328 Res
1252 2275 1538 2344 Nyssenae
1569 2288 1641 2329 eo
1679 2272 1739 2328 in
1761 2278 1921 2328 statu
1962 2277 2120 2342 sunt,

463 2361 528 2417 in
556 2376 680 2433 quo
711 2366 884 2418 erant
911 2377 948 2418 a
973 2366 1027 2419 te
1056 2361 1294 2426 relictae,
1327 2367 1384 2418 et
1415 2378 1530 2434 ope
1578 2366 1821 2419 tuarum
1874 2377 2123 2434 precum

466 2448 689 2505 cedunt
709 2449 772 2504 in
798 2449 1033 2506 melius.
1068 2451 1287 2505 Eorum
1310 2455 1535 2516 autem,
1569 2451 1670 2523 qui
1706 2455 1848 2506 tunc
1886 2466 1922 2506 a
1947 2450 2123 2506 nobis

467 2536 692 2594 abcissi
720 2542 882 2606 sunt,
906 2537 1008 2593 alii
1032 2537 1279 2609 quidem
1299 2538 1376 2594 ad
1403 2538 1606 2594 aulam
1637 2555 1700 2594 se
1721 2538 2120 2610 contulerunt,

467 2625 570 2683 alii
615 2641 755 2683 vero
805 2633 1136 2695 remanent,
1169 2627 1310 2684 inde
1360 2633 1746 2700 expectantes
1790 2645 2121 2689 rumorem.

465 2717 663 2772 Potest
691 2720 894 2772 autem
922 2717 1210 2773 Dominus
1235 2722 1365 2774 tum
1395 2717 1612 2775 horum
1636 2734 1806 2791 spem
1829 2718 2119 2789 frustrari,

465 2809 597 2864 tum
622 2805 861 2863 illorum
889 2807 1153 2864 reditum
1176 2807 1411 2864 irritum
1431 2807 1704 2866 reddere.

537 2987 592 3040 3.
621 2985 839 3041 Manna
867 2983 1033 3042 Philo
1063 2985 1374 3059 explicans
1409 2987 1509 3054 ait,
1536 2987 1699 3044 velut
1727 2987 2121 3045 extraditione

464 3071 733 3168 quadam
747 3073 999 3130 Judaica
1012 3074 1261 3168 edoctus
1273 3076 1448 3168 ,illius
1460 3077 1810 3168 qualitatem
1823 3093 1952 3133 esse
1964 3079 2012 3149 ej
2023 3095 2123 3133 us-
2149 3115 2191 3168 ο

464 3162 654 3232 modi,
675 3167 740 3219 ut
759 3177 868 3235 pro
895 3164 1268 3221 comedentis
1308 3165 1607 3222 desiderio
1649 3171 2016 3234 mutaretur;
2050 3184 2120 3225 ac

463 3267 573 3324 per
599 3267 664 3309 se
700 3252 950 3325 quidem
981 3270 1109 3311 esse
1140 3260 1435 3328 tanquam
1483 3256 1715 3312 milium
1765 3257 1926 3314 melli
1955 3258 2120 3315 inco-

464 3345 663 3409 ctum;
690 3357 854 3398 nunc
901 3349 1100 3402 autem
1141 3346 1339 3417 panis,
1372 3361 1534 3402 nunc
1572 3345 1770 3403 carnis
1800 3348 1993 3405 vicem
2018 3365 2121 3406 ex-

463 3428 630 3503 plere
660 3447 676 3488 :
698 3431 896 3488 carnis
927 3438 1152 3499 autem,
1170 3435 1261 3491 vel
1285 3434 1620 3491 volatilium
1636 3436 1731 3493 vel
1754 3439 2121 3496 terrestrium

468 3518 823 3576 animalium
848 3536 862 3576 :
885 3521 1072 3578 modo
1095 3523 1275 3580 etiam
1300 3524 1530 3580 olerum
1569 3541 1850 3597 saporem
1880 3526 2119 3596 referre,

463 3607 650 3682 idque
680 3625 793 3683 pro
845 3611 1327 3686 uniuscujusque
1384 3613 2125 3687 desiderio:pisciumiti-

464 3695 628 3769 dem,
661 3698 812 3756 adeo
845 3705 908 3755 ut
935 3701 1272 3774 proprietas
1309 3702 1613 3775 qualitatis
1643 3703 2122 3778 uniuscujusque

538 3807 654 3882 (28)
677 3811 770 3882 Tag
798 3805 1079 3882 finitivam.
1109 3811 1188 3864 Ita
1223 3811 1368 3880 Reg.
1413 3810 1715 3866 secundus
1743 3814 1800 3866 et
1829 3811 2001 3867 Coisl.
2035 3829 2122 3869 se-

466 3877 974 3958 cund_us.Editi__rg:}
1006 3877 1498 3958 ’IaabpqiNi'detur
1528 3882 1980 3958 amphilochius
2002 3885 2118 3941 hoc

465 3947 667 4020 Basilii
711 3947 1027 4005 consilium
1070 3947 1312 4007 secutus
1359 3967 1509 4020 esse,
1537 3953 1599 4008 id
1637 3947 1743 4018 é~t,
1771 3957 2119 4012 Isaurorum

467 4019 945 4101 episcoposuum
991 4021 1874 4101 circulumcircumscripsisse,
1906 4042 1976 4101 ac
2005 4027 2120 4101 sibi

460 4092 568 4170 jus
593 4092 979 4170 episcopatus
1004 4093 1066 4147 in
1088 4092 1226 4170 aliis
1249 4094 1584 4170 civitatibus
1615 4092 1963 4170 restituendi
1987 4098 2119 4153 reti-

464 4163 690 4216 nuisse.
721 4163 868 4245 lflam
901 4178 1039 4218 cum
1083 4165 1841 4245 Macedoniushprzecipuie
1899 4169 2120 4245 civitati

465 4237 769 4308 praeesset,
802 4237 867 4289 ut
894 4235 1251 4308 perspicitur
1293 4251 1364 4291 ex
1411 4235 1579 4292 initio
1626 4235 1887 4308 epistolm
1939 4240 2117 4296 tertiae

466 4302 822 4388 canonica-9“;
864 4302 1268 4388 rumque‘alia
1307 4302 1940 4388 superessentoppida
1961 4311 2116 4382 epis-

462 4389 619 4451 copo
641 4374 922 4451 destituta
947 4392 960 4442 ;
997 4374 1272 4449 Basilius,
1300 4374 1407 4450 qui
1433 4394 1624 4451 unum
1653 4374 1916 4451 aliquem
1946 4398 1976 4436 e
1999 4374 2116 4438 'suo

2235 1825 2454 1892 στεῖλαι,
2502 1829 2617 1901 περὶ
2659 1830 2798 1888 τίνος
2854 1830 2962 1899 χρὴ
3021 1825 3312 1898 ἀξιώματος
3363 1820 3604 1884 σπουδὴν
3648 1823 3844 1876 εἰσενέ-

2233 1917 2452 1985 κασθαι,
2492 1919 2577 1968 ἵνα
2628 1915 2902 1989 ἀρξώμεθα
2957 1915 3116 1968 αἰτεῖν
3174 1916 3391 1968 ἕκαστον
3443 1922 3544 1966 τῶν
3585 1911 3634 1966 ἓν
3667 1910 3839 1966 δυνά-

2232 2026 2318 2081 μει
2375 2007 2527 2080 φίλων
2575 2011 2669 2064 τὴν
2707 2008 2870 2081 χάριν
2931 2008 3147 2073 ταύτην,
3201 2008 3301 2058 εἴτε
3349 2012 3562 2078 προῖκα,
3606 2008 3707 2057 εἴτε
3744 2024 3839 2056 και

2231 2100 2446 2170 μετρίου
2496 2100 2812 2168 τιμήματος,
2866 2097 2931 2155 ὡς
2997 2096 3058 2146 οἷν
3110 2096 3248 2167 ἡμᾶς
3327 2097 3513 2169 Κύριος
3571 2090 3833 2166 εύοδώσῃ.

2233 2185 2533 2240 Ἐπέστειλα
2583 2194 2654 2256 τῷ
2699 2181 2902 2256 ἀδελφῷ
2953 2183 3217 2258 Οὐαλερίῳ
3265 2187 3398 2250 (33),
3452 2186 3522 2247 ὡς
3575 2189 3834 2259 προσέτα-

2232 2275 2339 2338 ξας.
2398 2278 2475 2328 Τά
2529 2277 2751 2335 Νύσσης
2798 2276 3087 2347 πράγματα
3139 2275 3293 2346 ὅμοιά
3357 2273 3473 2326 ἐστι
3511 2280 3624 2335 τοῖς
3691 2276 3835 2347 παρά

2230 2374 2322 2426 τῆς
2363 2372 2457 2426 σῆς
2499 2363 2783 2424 θεοσεϐείας
2839 2363 3230 2436 καταλειφθεῖσι
3291 2364 3427 2432 (34),
3488 2368 3580 2415 καὶ
3635 2369 3828 2436 προκό-

2231 2453 2467 2508 πτειέπὶ
2527 2457 2586 2506 τὸ
2641 2453 2845 2526 βέλτιον
2884 2461 2945 2525 τῇ
3007 2457 3255 2528 συνεργίᾳ
3307 2461 3404 2504 τῶν
3461 2461 3565 2504 σῶν
3616 2471 3831 2525 προσευ-

2229 2553 2362 2617 χῶν.
2419 2546 2485 2596 Οἱ
2536 2549 2710 2616 μέντοι
2773 2547 2888 2596 τότε
2940 2541 3316 2618 ἀπορραγέντες
3381 2543 3528 2614 ἡμῶν
3561 2583 3579 2612 ,
3635 2543 3686 2594 οἱ
3743 2542 3833 2613 μὲν

2231 2632 2460 2692 ἀπῆλθον
2521 2632 2604 2686 ἐπὶ
2649 2636 2707 2685 τὸ
2764 2629 3143 2708 στρατόπεδον,
3176 2634 3224 2685 οἱ
3255 2628 3315 2684 δε
3342 2635 3577 2704 μένουσι,
3604 2631 3712 2700 (35)
3740 2635 3835 2690 τὴν

2230 2723 2419 2776 ἐκεῖθεν
2494 2721 2824 2796 ἀναμένοντες
2892 2726 3088 2795 φήμην.
3151 2725 3374 2784 Δυνατὸς
3438 2717 3497 2774 δε
3547 2722 3572 2773 ὁ
3643 2723 3837 2794 Κύριος

2228 2819 2318 2866 καὶ
2356 2815 2548 2866 τούτων
2579 2821 2879 2886 ματαιῶσαι
2917 2815 3008 2873 τὰς
3061 2809 3276 2873 ἐλπίδας
3299 2853 3313 2880 ,
3363 2809 3622 2874 κάκείνοις
3668 2810 3837 2884 ἀπρα-

2228 2923 2348 2956 κτον
2373 2907 2461 2961 τὴν
2483 2899 2734 2955 ἐπάνοδον
2764 2910 2888 2962 ποιῆ
2899 2921 3012 2957 σαι.

2301 2996 2353 3048 3.
2394 2996 2463 3046 Τὸ
2511 2995 2678 3065 μάννα
2737 2993 2763 3043 ὁ
2830 2989 2992 3045 Φίλων
3042 2990 3332 3064 ἑρμηνεύων
3381 2989 3499 3064 ἔφη,
3550 2989 3724 3064 ὥσπερ
3780 2987 3836 3042 ἐκ

2229 3079 2570 3156 παραδόσεως
2627 3099 2766 3142 τινος
2791 3077 3092 3142 Ἰουδαϊκῆς
3147 3076 3547 3152 δεδιδαγμένος,
3583 3082 3834 3138 τοιαύτην

2230 3171 2387 3224 αὐτοῦ
2411 3169 2540 3224 εἶναι
2587 3175 2682 3230 τὴν
2721 3174 2997 3237 ποιότητα,
3025 3172 3160 3222 ὥστε
3203 3173 3340 3222 κατά
3391 3173 3485 3228 τὴν
3544 3173 3834 3240 φαντασίαν

2229 3268 2320 3314 τοῦ
2349 3259 2606 3322 ἐσθίοντος
2652 3261 3086 3333 μετακίρνασθαι’
3120 3265 3210 3312 καὶ
3242 3257 3370 3312 εἶναι
3409 3261 3498 3332 μὲν
3530 3259 3650 3311 καθ’
3681 3259 3834 3312 ἑαυτό

2229 3350 2382 3403 οἱονεὶ
2455 3355 2682 3424 κέγχρον
2740 3349 2992 3422 εψημένον
3047 3351 3159 3422 (36)
3214 3348 3263 3402 ἐν
3320 3349 3528 3422 μέλιτι,
3579 3352 3834 3424 παρέχειν

2231 3438 2290 3494 δὲ
2317 3448 2406 3492 νῦν
2435 3443 2523 3513 μὲν
2575 3439 2758 3514 ἄρτου,
2794 3447 2881 3491 νῦν
2921 3437 2978 3492 δὲ
3033 3443 3214 3512 κρέως·
3263 3443 3354 3492 καὶ
3400 3443 3563 3504 κρέως
3599 3434 3832 3504 τοιοῦδε,

2228 3531 2258 3590 ἦ
2287 3537 2518 3583 πετεινοῦ
2548 3532 2578 3588 ἧ
2629 3533 2908 3603 χερσαίου’
2941 3536 3029 3580 νῦν
3079 3525 3139 3582 δὲ
3176 3528 3434 3600 λαχάνου,
3478 3533 3568 3580 καὶ
3595 3527 3832 3600 λαχάνου

2227 3628 2318 3672 τοῦ
2362 3621 2496 3672 κατά
2546 3622 2639 3678 τὴν
2688 3617 2964 3691 ἐπιθυμίαν
3014 3617 3264 3671 ἑκάστου·
3295 3622 3384 3670 καὶ
3430 3616 3635 3689 ἰχθύος,
3665 3620 3736 3679 ὡς
3773 3620 3832 3670 τὸ

2230 3705 2430 3780 ἰδίωμα
2491 3715 2580 3768 τῆς
2627 3707 2744 3760 καθ’
2802 3709 3020 3760 ἕκαστον
3068 3711 3214 3776 γένος
3274 3711 3554 3768 ποιότητος
3605 3704 3834 3780 ἀκριϐῶς

2225 3819 2426 3897 petere
2443 3819 2825 3897 statueratLut
2835 3813 3256 3897 amici_domus
3273 3829 3564 3897 magnum
3582 3812 3832 3895 aliquod

2224 3884 2424 3942 incom
2435 3885 2684 3941 modum
2698 3884 3191 3955 eﬁ‘ugeretPorro
3207 3887 3264 3940 in
3278 3886 3632 3957 huncusum
3645 3884 3722 3940 im
3732 3901 3833 3957 pe-

2226 3959 2366 4013 trari
2385 3957 2952 4026 solebantcodicilli,
2985 3961 3047 4013 ut
3066 3957 3352 4022 curia,vel
3370 3956 3580 4012 saltem
3605 3956 3828 4012 duum-

2228 4029 2452 4084 viratus
2477 4035 2533 4084 et
2559 4028 2810 4084 civitatis
2856 4045 3000 4084 cura
3021 4029 3374 4084 vitarentur.
3408 4028 3598 4082 Pretio
3626 4033 3824 4084 autem

2226 4100 2578 4171 impetratos
2595 4115 2717 4155 non
2741 4108 2922 4155 modo
2941 4099 3111 4154 nulla
3140 4099 3626 4163 immunitas,sed
3647 4099 3827 4171 etiam

2226 4170 2415 4226 multa
2454 4171 2836 4242 sequebatur,
2862 4177 2924 4225 ut
2945 4172 3305 4242 perspicitur
3331 4186 3400 4225 ex
3425 4171 3571 4242 Cod.
3610 4170 3824 4226 Theod.

2225 4242 2327 4298 lib.
2353 4259 2428 4304 vi,
2458 4241 2553 4296 tit.
2577 4241 2765 4313 22.Sic
2787 4241 3149 4296 enim’hab’et
3171 4242 3265 4296 lex
3289 4241 3556 4296 secunda
3573 4241 3828 4313 impera-

2227 4313 2370 4368 toris
2399 4312 2751 4369 Constantii:
2770 4314 2849 4366 Ab
2872 4313 3196 4369 honoribus
3211 4315 3549 4369 mercandis
3571 4312 3680 4381 per
3698 4314 3824 4383 suf-

2220 4386 2453 4455 fragia,
2479 4386 2572 4439 vel
2603 4384 2864 4455 qualibet
2915 4385 3236 4440 ambitione
3276 4385 3630 4454 quaerendis.
3655 4391 3825 4439 certa

465 4445 624 4527 clero
671 4446 1050 4528 promiserat,
1078 4464 1206 4528 ‘nec
1247 4445 1388 4506 eum
1414 4450 1633 4528 morbo
1658 4445 2033 4528 debilitatum
2061 4459 2119 4510 et
2150 4471 2192 4526 ι)
2220 4445 2420 4511 ὶηιιῖία
2443 4445 2901 4525 ᾠνοήίὸαίτςοιιί
2931 4456 3222 4524 addimus,
3242 4445 3308 4528 ut
3346 4458 3689 4528 quicunque
3724 4457 3824 4526 fu-

462 4515 1234 4596 imparemrepiscop‘alibus
1259 4522 1479 4596 muniis
1505 4523 1730 4596 factum
1762 4523 1994 4580 mittere
2015 4540 2117 4596 po-

462 4592 851 4666 tera_t,auctor_
863 4596 957 4666 est
981 4591 1494 4666 Amphilochioin
1515 4593 1726 4666 eadem
1749 4595 2002 4666 epistola
2017 4591 2118 4652 ca-

460 4660 775 4735 n_oni_ca,u_t
800 4660 1064 4734 aliquem
1087 4660 1158 4718 ex
1179 4679 1383 4719 recens
1407 4664 1748 4735 baptizatis,
1775 4660 1893 4723 sive
1912 4669 2116 4725 Mace-

460 4730 638 4807 donio
669 4730 962 4805 videatur,
996 4736 1121 4791 sive
1150 4751 1292 4799 non,
1317 4730 1669 4807 episcopum
1701 4730 2042 4794 constituat.

535 4805 647 4873 (29)
677 4809 1052 4885 κυριωτέρονς.
1084 4805 1387 4885 Quamvis
1415 4805 1542 4885 _i_ta_
1574 4807 1842 4885 habeant
1903 4825 2116 4885 omnes

460 4886 606 4953 mss.
641 4873 1028 4953 codic_es,'vix
1078 4881 1279 4953 tamen
1330 4877 1584 4953 dubium
1619 4879 1766 4953 quin
1789 4879 2118 4953 legendum

463 4947 539 5024 sit
569 4949 958 5024 καιριωτέρως,
994 4955 1175 5020 atque
1203 4949 1361 5006 hanc
1398 4947 1718 5008 lectionem
1741 4951 1803 5006 in
1828 4947 2118 5024 interpre-

463 5013 920 5072 tando'secu'tus
945 5013 1112 5074 sum".

531 5086 646 5156 (30)
673 5091 836 5161 Δώσει
864 5092 962 5161 συν
988 5091 1134 5161 ἡμῖν.
1167 5090 1373 5161 Nullus
1402 5108 1474 5148 ex
1519 5091 1612 5148 his
1664 5092 1862 5149 verbis
1901 5110 2118 5150 sensus

462 5166 726 5225 eruetur,
762 5159 876 5214 nisi
913 5159 1188 5230 legamus
1220 5159 1381 5215 δώσει
1432 5166 1657 5219 σύνεσιν.
1692 5164 1921 5220 Ibidem
1978 5167 2118 5221 editi

460 5231 603 5315 πρὸς.
628 5237 720 5300 τῷ,
752 5230 920 5315 quod
971 5232 1598 5315 emendavimusppe
1647 5235 1818 5292 Coisl.
1845 5236 2113 5315 secundi.

460 5299 645 5380 {aulo
673 5299 854 5380 'po“s_t__
881 5317 1094 5380 vocem
1148 5299 1739 5380 Kbpvog__addidim_us
1791 5323 1864 5363 ex
1911 5309 2118 5364 codice

461 5370 761 5446 Mediceis.
793 5372 1036 5446 Videtur
1094 5370 1296 5429 autem
1349 5374 1452 5429 illa
1504 5377 1792 5446 dignitas,
1825 5395 2011 5446 quam
2057 5396 2119 5435 se

462 5442 641 5497 amici
664 5443 916 5518 alicujus
938 5461 1127 5518 causa
1144 5448 1478 5518 (petiturum
1509 5442 1802 5518 promittit
1841 5442 2116 5517 Basilius,

461 5526 587 5592 non
611 5513 1053 5592 administratio
1077 5513 1283 5592 aliqua
1315 5513 1530 5592 fuisse,
1552 5518 1658 5592 sed
1681 5525 1914 5592 tantum
1955 5513 2120 5578 codiQ

463 5580 695 5645 cillaria
713 5584 1126 5655 dignitas.Hoc
1143 5580 1305 5646 enim
1325 5588 1574 5649 consilio
1588 5589 1747 5648 hanc
1763 5591 2121 5664 dignitatem

2223 4531 2449 4597 gientes
2479 4528 2758 4598 obsequia
2780 4529 3110 4597 curiarum,
3130 4527 3376 4582 umbras
3391 4533 3444 4582 et
3469 4529 3711 4583 nomina
3733 4528 3826 4597 af-

2219 4600 2584 4668 fectaverint
2631 4599 3017 4669 dignitatum,
3061 4601 3319 4654 tricenas
3365 4599 3554 4655 libras
3587 4600 3829 4668 argenti

2224 4671 2455 4738 inferre
2482 4677 2798 4740 cogantur,
2847 4676 3126 4726 manente
3145 4671 3255 4726 illa
3293 4673 3613 4738 praeterita
3663 4671 3824 4725 inla-

2225 4743 2386 4797 tione
2397 4743 2682 4810 auri,qua
2691 4748 2983 4812 perpetua
3012 4743 3130 4812 lege
3150 4743 3464 4797 constricti
3487 4740 3823 4797 sunt.Unde

2223 4813 2409 4868 miror
2429 4813 2715 4868 Basilium
2746 4811 2824 4867 ab
2846 4812 2960 4867 hac
2980 4811 3081 4868 via
3108 4811 3396 4868 tentanda
3424 4828 3550 4869 non
3572 4813 3823 4869 omnino

2223 4883 2489 4940 alienum
2507 4883 2712 4938 fuisse.
2732 4882 2843 4939 Sed
2863 4882 3013 4939 forte
3032 4884 3126 4939 hae
3151 4883 3314 4953 leges
3336 4899 3459 4941 non
3485 4883 3824 4942 admodum

2224 4959 2500 5012 accurate
2531 4954 2927 5010 servabantur
2954 4954 3068 5011 sub
3097 4955 3356 5011 Valente.

2295 5029 2411 5091 (31)
2449 5025 2695 5081 “Alanos.
2719 5026 2810 5081 Sic
2840 5041 2956 5097 ope
2985 5027 3264 5083 codicum
3296 5043 3438 5082 mss.
3471 5024 3825 5084 emendavi-

2224 5113 2382 5153 mus.
2411 5098 2556 5154 Male
2585 5097 2645 5152 in
2680 5097 2852 5153 editis
2881 5096 3090 5153 ἄλυτον.

2298 5169 2408 5241 (32)
2449 5168 2523 5241 Ού
2549 5165 2702 5241 δοκῇ.
2733 5168 3242 5241 (Ξοὶειεεθοὶωόιιε
3265 5165 3431 5241 δοκεῖ,

2295 5240 2412 5311 (33)
2453 5239 2739 5315 Οὐαλερίῳἴ
2776 5240 2958 5315 Coisl.
2975 5241 3276 5315 secundus
3303 5239 3619 5315 Οὐαλλερίῳ.

2298 5314 2409 5377 (34)
2458 5311 2875 5384 Καταλειφθείσι.
2916 5313 3088 5368 Coisl.
3132 5313 3364 5384 primus
3423 5311 3828 5385 καταληφθεῖσι,

2226 5382 2290 5437 in
2321 5398 2385 5439 eo
2410 5389 2593 5450 statu,
2627 5382 2696 5438 in
2717 5399 2832 5450 quo
2853 5390 3028 5440 erant
3060 5401 3096 5442 a
3128 5382 3184 5441 te
3213 5385 3480 5440 inventa.

2299 5457 2413 5518 (35)
2455 5453 2596 5509 Vide
2617 5453 2928 5510 Addenda.

2300 5527 2410 5595 (36)
2450 5525 2754 5600 Ἐψημένον.
2797 5526 3073 5584 Nonnulli
3103 5525 3337 5584 codices
3367 5526 3656 5600 ἐφημένην.
