4152 6374
385 313 489 369 703

1771 304 1827 362 S.
1872 303 2122 360 BASILII
2157 302 2376 358 MAGNI

3663 305 3780 360 704

390 439 645 510 utraque
671 437 839 510 parte
858 431 1166 490 venientes
1181 435 1473 504 tanquam
1503 432 1751 504 propria
1774 428 2049 486 membra

2157 434 2250 480 τοῦ
2311 435 2443 481 Θεοῦ
2499 429 2689 500 χάριτι
2745 425 3084 486 ἀπολαϐόντες
3141 422 3412 494 ἀλλήλους,
3443 433 3518 497 τῷ
3551 425 3777 500 ἀρχαίῳ

391 526 801 599 suscipiendo,
847 529 1142 596 tanquam
1201 522 1280 578 ad
1336 523 1566 578 amicos
1615 519 1928 584 mittendo,
1993 524 2052 574 et

391 632 599 672 rursus
623 621 918 688 tanquam
949 613 1026 669 ab
1062 612 1271 668 amicis
1303 611 1684 685 excipiendo.
1730 613 1858 665 Haec
1888 607 2050 663 enim

393 710 522 763 erat
539 706 682 762 olim
715 704 990 761 Ecclesiae
1019 703 1228 772 gloria,
1264 706 1329 758 ut
1363 703 1442 758 ab
1488 701 1652 758 orbis
1684 700 1938 756 termino
1969 697 2051 754 ad

394 796 718 852 terminum
738 793 1026 851 brevibus
1051 791 1309 852 tesseris.
1328 791 1510 847 veluti
1540 789 1756 846 viatico
1778 787 2050 845 instructi

395 883 606 941 fratres
637 900 707 940 ex
739 897 1108 954 unaquaque
1159 881 1419 937 Ecclesia
1471 884 1670 952 patres
1719 895 1789 936 ac
1838 878 2050 934 fratres

395 988 608 1030 omnes
625 973 979 1038 invenirent;
1001 969 1168 1043 quod
1197 970 1400 1042 ipsum
1432 986 1570 1026 cum
1603 968 1733 1025 aliis
1753 983 1916 1024 nunc
1945 967 2047 1022 ho-

397 1063 500 1120 stis
526 1061 922 1118 Ecclesiarum
948 1059 1162 1117 Christi
1192 1059 1266 1116 de
1298 1059 1472 1116 nobis
1501 1059 1805 1132 praedatus
1837 1062 1947 1121 est,
1979 1071 2050 1112 ac

395 1150 644 1220 singulis
668 1149 1008 1206 civitatibus
1032 1149 1605 1215 circumscribimur,
1647 1152 1702 1203 et
1731 1145 2051 1218 unusquis-

394 1254 511 1312 que
542 1238 886 1312 proximum
912 1243 1260 1310 suspectum
1285 1237 1677 1294 habemus.Et
1703 1237 1878 1309 285
1901 1233 2050 1308 quid

393 1329 562 1385 aliud
613 1329 834 1400 dicam,
873 1327 986 1383 nisi
1038 1327 1389 1384 charitatem
1421 1332 1691 1383 nostram
1724 1326 2046 1386 refrixisse.

393 1434 517 1491 qua
559 1418 689 1474 sola
728 1417 1017 1474 Dominus
1071 1420 1277 1472 noster
1330 1433 1473 1472 suos
1522 1414 1850 1488 discipulos
1879 1413 2046 1485 dixit,

392 1507 570 1563 veluti
599 1507 845 1580 propria
873 1510 1037 1572 nota,
1082 1505 1398 1575 dignosci?
1442 1509 1524 1560 Ac
1564 1505 1732 1578 prius
1777 1503 2046 1576 quidem,

395 1596 446 1652 si
489 1597 806 1664 videbitur,
832 1596 948 1668 ipsi
994 1611 1103 1652 vos
1132 1596 1298 1668 ipsos
1329 1599 1540 1650 mutuo
1571 1593 1935 1666 cognoscite,
1987 1596 2050 1648 ut

393 1687 656 1744 sciamus
685 1686 1051 1758 quibuscum
1105 1685 1282 1742 nobis
1337 1685 1536 1740 futura
1583 1684 1658 1740 sit
1704 1683 2044 1740 consensio.

2159 514 2287 570 εῖδει
2325 526 2421 580 τῆς
2479 517 2687 589 ἀγάπης
2749 520 2842 580 τὰς
2908 515 3219 577 Ἐκκλησίας
3278 515 3710 590 οἰκονομήσωμεν
3761 535 3776 548 ⁸

2156 611 2273 666 τοῦς
2316 607 2438 680 παρ’
2473 608 2710 682 ἐκατέρου
2768 610 2952 680 μέρους
3000 602 3324 678 βαδίζοντας
3380 614 3480 658 τῶν
3533 603 3780 680 ἀδελφῶν

2159 699 2222 756 ὡς
2287 693 2405 748 ’ίδια
2464 697 2592 770 μέλη
2668 701 3020 770 προσιέμενοι,
3076 699 3466 768 προπέμποντες
3543 698 3610 757 ὡς
3687 696 3782 750 ἐπὶ

2157 785 2399 855 οἰκείους,
2466 791 2555 839 καὶ
2603 783 2986 859 ὑποδεχόμενοι
3027 785 3135 847 (40)
3177 783 3331 837 πάλιν
3381 787 3446 845 ὡς
3510 785 3635 860 παρ’
3699 786 3782 838 oi-

2157 880 2327 932 κείων.
2370 883 2532 929 Τοῦτο
2587 878 2688 952 γὰρ
2723 873 2784 935 ἧν
2837 895 2961 928 ποτε
3017 883 3112 936 τῆς
3170 873 3484 934 Ἐκκλησίας
3540 878 3599 926 τὸ
3631 877 3776 927 καύο

2157 985 2333 1038 χημα,
2390 967 2471 1018 ὅτι
2512 965 2612 1018 ἀπὸ
2664 975 2764 1018 τῶν
2821 966 3055 1039 περάτων
3108 971 3200 1024 τῆς
3229 963 3533 1035 οἰκουμένης
3562 963 3646 1016 ἐπὶ
3705 974 3780 1017 τά

2160 1058 2353 1130 πέρατα
2405 1061 2613 1130 μικροῖς
2672 1053 2949 1128 συμϐολοις
3009 1055 3114 1124 (41)
3169 1049 3568 1126 ἐφοδιαζόμενοι
3626 1055 3676 1105 οἱ
3719 1053 3779 1117 ἐξ

2159 1143 2387 1206 ἑκάστης
2449 1144 2760 1205 Ἐκκλησίας
2836 1141 3048 1216 ἀδελφοὶ
3111 1145 3306 1204 πάντας
3373 1147 3598 1217 πατέρας
3676 1146 3774 1195 καὶ

2158 1229 2410 1305 ἀδελφοὺς
2441 1234 2678 1307 εὕρισκον
2711 1251 2724 1264 ⁸
2775 1233 2800 1285 ὃ
2856 1241 2943 1285 νῦν
2971 1235 3100 1304 μετὰ
3137 1241 3236 1284 τῶν
3293 1231 3458 1283 ἄλλων
3491 1231 3763 1304 ἀφῄρηται

2155 1323 2300 1394 ἡμῶν
2358 1325 2382 1375 ὁ
2445 1323 2640 1396 ἐχθρὸς
2699 1331 2797 1375 τῶν
2857 1322 3173 1379 Ἐκκλησιῶν
3208 1328 3299 1374 τοῦ
3352 1329 3612 1396 Χριστοῦ,
3668 1326 3764 1376 καὶ

2153 1414 2288 1463 κατά
2362 1413 2531 1473 πόλεις
2597 1414 3075 1488 περιγεγράμμεθα,
3126 1415 3214 1463 καὶ
3261 1411 3481 1472 ἕκαστος
3531 1407 3605 1462 δι’
3664 1411 3766 1463 ὑπ-

2154 1499 2312 1572 οψίας
2342 1504 2529 1574 ἔχομεν
2583 1505 2668 1554 τὸν
2725 1502 2968 1559 πλησίον.
3019 1505 3118 1554 Καὶ
3155 1504 3207 1552 τί
3235 1502 3334 1574 γὰρ
3367 1499 3512 1569 ἄλλο,
3573 1501 3602 1559 ἦ
3637 1499 3766 1571 51%-

2157 1592 2311 1664 ξαμεν
2369 1597 2462 1650 τὴν
2521 1591 2748 1665 ἀγάπην,
2809 1592 2891 1665 ἀφ’
2944 1589 3000 1653 ἧς
3035 1595 3196 1664 μόνης
3256 1594 3377 1654 τοὺς
3420 1590 3606 1643 ἑαυτοῦ
3663 1610 3767 1664 μα-

2158 1683 2319 1745 θητὰς
2379 1684 2404 1734 ὁ
2463 1686 2653 1758 Κύριος
2697 1685 2840 1756 ἡμῶν
2895 1681 3002 1735 εἶπε
3060 1681 3603 1756 χαρακτηρίζεσθαι;
3663 1685 3768 1733 Καὶ

394 1778 590 1850 Atque
631 1777 746 1832 hoc
797 1781 975 1848 pacto
1023 1791 1321 1832 consensu
1366 1791 1488 1830 uno
1534 1775 1735 1830 locum
1783 1773 2046 1846 aliquem

2157 1771 2199 1824 εἰ
2229 1768 2392 1842 δοκεῖ,
2423 1777 2668 1848 πρότερον
2723 1771 2872 1824 αὐτοὶ
2904 1771 3012 1844 μετ’
3045 1769 3272 1829 ἀλλήλων
3319 1774 3610 1845 γνωρίσατε
3642 1768 3767 1821 iacu-

393 1867 662 1938 utrisque
710 1865 1123 1930 commodum,
1169 1869 1528 1938 tempusque
1556 1863 1745 1920 itineri
1773 1862 2047 1919 faciendo

389 1954 681 2011 idoneum
702 1953 1109 2024 eligentes,alii
1144 1955 1217 2009 ad
1245 1953 1396 2010 alios
1425 1952 2048 2022 convolabimus,nos-

393 2059 510 2117 que
557 2044 619 2099 in
649 2043 743 2099 via
772 2043 986 2113 diriget
1012 2043 1324 2099 Dominus.
1353 2042 1580 2113 Valeas,
1626 2042 1912 2113 laetusque
1961 2040 2044 2096 sis

393 2148 464 2188 ac
484 2132 745 2205 preceris
781 2148 892 2205 pro
923 2147 1039 2195 me,
1096 2132 1367 2205 mihique
1421 2132 1624 2188 Sancti
1676 2130 2044 2201 benignitate

391 2221 652 2280 donaris.

910 2506 1247 2562 EPISTOLA
1310 2504 1543 2563 CXCll'.

2154 1865 2294 1926 τοὺς,
2331 1863 2413 1914 ἶνα
2463 1872 2661 1934 γνῶμεν
2699 1865 2831 1935 πρὸς
2860 1866 2999 1921 τίνας
3040 1863 3164 1932 ἡμῖν
3213 1863 3358 1912 ἔσται
3388 1861 3416 1917 ἡ
3464 1863 3764 1932 συμφωνία.

2158 1955 2252 2004 Καὶ
2284 1953 2447 2013 οὕτως
2479 1951 2530 2004 ἐκ
2590 1960 2766 2014 κοινῆς
2821 1951 3246 2023 συγκαταθέσεως
3301 1953 3457 2001 τόπον
3488 1951 3604 2001 τινὰ
3652 1955 3769 2009 τοῖς

2153 2039 2460 2113 ἀμφοτέροις
2492 2045 2605 2106 (42)
2647 2040 2911 2108 ἀνεπαχῆ,
2947 2042 3084 2092 θκαὶ
3134 2058 3327 2114 χρονον
3383 2045 3498 2099 ταῖς
3551 2035 3770 2091 ὀδλοιποι⁵

2157 2150 2298 2205 ριαις
2322 2136 2584 2205 πρέποντα
2611 2130 2952 2203 ἐκλεξάμενοι,
2969 2126 3312 2203 δραμούμεθα
3341 2127 3464 2204 παρ’
3501 2126 3764 2196 ἀλλήλοις,

2155 2225 2243 2272 καὶ
2273 2221 2298 2272 ὁ
2333 2223 2521 2293 Κύριος
2564 2222 2703 2292 ἡμᾶς
2735 2216 3108 2272 κατευοὸώσει.
3145 2218 3459 2293 Ἐῥρωμένος
3489 2221 3580 2268 καὶ
3614 2218 3768 2269 ιῦθυ-

2152 2327 2248 2382 μος
2298 2312 2423 2376 εἴης,
2454 2311 2868 2383 ὑπερευχόμενός
2898 2329 3020 2381 μου,
3072 2312 3162 2360 καὶ
3216 2308 3536 2382 χαρισθείης
3563 2325 3654 2380 μοι
3695 2312 3758 2378 τῇ

2159 2405 2251 2451 τοῦ
2280 2398 2463 2472 Ἀγίου
2493 2401 2608 2472 (43)
2641 2399 3022 2473 φιλανθρωπίᾳ.

2691 2510 3020 2561 ΕΡΙΣΤΟΛΗ
3079 2487 3222 2564 PBB'.

395 2595 545 2654 Cum
573 2594 947 2666 Sophronias
970 2597 1204 2664 petenti
1237 2596 1477 2668 aliquid
1516 2597 1739 2652 Basilio
1771 2597 1856 2654 ita
1887 2595 2216 2666 annuisset,
2249 2601 2313 2651 ut
2339 2597 2526 2665 seipse
2553 2596 2784 2666 duplex
2817 2595 3160 2662 beneﬁcium
3188 2592 3485 2668 accepisse
3515 2591 3761 2668 diceret,

465 2663 676 2737 nempe
704 2669 937 2725 litteras
964 2663 1188 2723 Basilii
1203 2675 1255 2723 et
1284 2663 1650 2725 occasionem
1677 2669 1818 2725 bene
1845 2669 1918 2724 de
1946 2683 2008 2724 eo
2038 2663 2324 2733 merendi,
2358 2663 2626 2724 Basilius
2639 2663 2884 2739 'gratias
2925 2667 3052 2737 agit
3081 2668 3143 2721 in
3183 2666 3298 2721 hac
3327 2664 3601 2735 epistola,
3629 2663 3764 2719 sibi-

465 2755 578 2812 que
605 2755 728 2796 rem
759 2755 825 2796 eo
847 2741 1165 2810 gratiorem
1187 2741 1378 2808 fuisse
1403 2741 1730 2810 signiﬁcat,
1753 2741 1913 2812 quod
1931 2755 1968 2796 a
1992 2739 2334 2810 Sophronia
2362 2742 2862 2810 proﬁcisceretur.

874 2829 1213 2899 Sophronia
1244 2830 1554 2900 magistro.

462 2918 520 2975 Si
572 2917 702 2992 ipse
745 2918 969 2992 duplex
1000 2918 1282 2991 accepisti
1337 2918 1723 2990 beneﬁcium,
1755 2918 2047 2992 quemad-

395 3006 646 3063 modum
691 3007 840 3063 mihi
867 3008 1165 3064 immensa
1184 3007 1458 3080 quadam
1484 3008 1638 3064 bene
1668 3008 1924 3064 faciendi
1950 3024 2048 3065 vo-

392 3095 620 3152 luntate
653 3097 960 3170 scripsisti,
991 3113 1202 3164 unum,
1231 3097 1397 3170 quod
1447 3098 1752 3170 acceperis
1795 3098 2044 3164 litteras,

394 3185 669 3251 alterum,
697 3187 863 3260 quod
894 3190 1059 3244 tuam
1095 3203 1228 3243 meo
1273 3203 1386 3243 usu
1415 3203 1664 3260 operam
1695 3187 2044 3256 navaveris;

2655 2833 2925 2905 Σωφρονίῳ
2955 2829 3253 2902 μαγίστρῳ.

2224 2918 2285 2972 Εἰ
2337 2917 2492 2980 αὐτὸς
2527 2914 2718 2978 διπλῆν
2771 2917 2946 2979 ἔλαϐες
2993 2918 3178 2989 χάριν,
3219 2917 3286 2978 ὡς
3340 2914 3491 2976 αὐτὸς
3546 2921 3610 2980 τῇ
3673 2915 3765 2966 ἁν·

2154 3007 2452 3082 υπερϐλήτῳ
2504 3010 2774 3081 προθυμίᾳ
2827 3011 2946 3081 περὶ
3001 3006 3068 3057 τὰ
3106 3003 3280 3076 ἀγαθὰ
3309 3007 3436 3079 ἔργα
3465 3002 3763 3064 ἐπέστειλας

2155 3099 2302 3170 ἡμῖν,
2351 3101 2476 3170 μίαν
2505 3101 2595 3170 μὲν
2628 3106 2700 3168 τῷ
2732 3095 2992 3160 δέξασθαι
3035 3096 3146 3162 (44)
3173 3096 3480 3168 γράμματα,
3513 3090 3764 3167 δευτέραν

2157 3183 2215 3238 δὲ
2257 3194 2328 3256 τῷ
2387 3187 2723 3262 ὑπουργῆσαι
2753 3197 2815 3260 τῇ
2852 3192 3009 3260 χρείᾳ
3067 3191 3213 3260 ἡμῶν
3248 3203 3261 3216 ⁶
3294 3189 3464 3243 πόσην
3502 3185 3621 3235 τινὰ
3649 3187 3760 3257 χρὴ

393 3279 686 3346 quantam
717 3274 1189 3331 existimandum
1245 3281 1335 3331 est
1378 3292 1473 3331 me
1516 3275 1737 3332 habere
1768 3275 2043 3346 gratiam,

2156 3276 2381 3348 νομίζειν
2433 3278 2572 3350 ἡμᾶς
2618 3279 2758 3348 ἔχειν
2809 3283 2904 3337 τὴν
2968 3281 3152 3352 χάριν,
3217 3276 3499 3352 γράμμασί
3559 3291 3614 3325 τε
3670 3280 3767 3335 τῆς

393 3363 502 3436 qui
519 3368 576 3419 et
601 3362 826 3420 litteras
859 3364 1233 3420 suavissimae
1255 3369 1370 3420 tuae
1391 3365 1556 3422 vocis
1584 3365 1862 3437 legi,etid
1881 3365 2050 3438 quod

467 3508 489 3580 έ
519 3505 683 3562 Alias
718 3508 1028 3580 CQCXXIX.
1069 3508 1298 3580 Scripta
1327 3524 1489 3566 anno
1514 3513 1638 3566 374.

454 3579 582 3664 ⁸(40)
615 3575 1041 3651 Ὑποδιχὸμενοι.
1078 3584 1162 3636 Ita
1191 3575 1422 3653 septem
1453 3597 1598 3637 mss.
1649 3580 1801 3638 Editi
1863 3577 2051 3634 ἀποδε-

443 3669 634 3718 ομενοι,

396 3671 923 3795 χοξᾜῖιέιιμϐόλοις.
958 3722 1050 3779 Sic
1107 3721 1280 3779 Coisl.
1315 3723 1547 3795 primus
1600 3728 1658 3780 et
1695 3723 1842 3780 Med.
1901 3723 2052 3780 Editi

402 3791 755 3867 φμϐολαίοὶς.
787 3793 876 3867 Aid
905 3791 1334 3867 auctoritatem
1366 3796 1908 3852 vetustissimorum
1957 3811 2052 3852 co-

398 3864 601 3936 dicum
633 3866 864 3921 accedit
899 3864 1093 3936 ipsius
1123 3867 1318 3921 Basilii
1350 3867 1776 3930 testimonium,
1805 3867 1908 3936 qui
1953 3882 2048 3922 ea-

398 3935 539 4011 dem
569 3951 716 3992 voce
730 3935 1010 4011 _utitur’in
1039 3936 1183 4011 loco,
1203 3937 1505 4011 simillimo
1535 3956 1607 4011 ex
1636 3935 1888 4011 epistola
1921 3942 2048 4004 203,

399 4006 461 4062 in
519 4022 638 4078 qua
695 4007 1097 4078 sicloquitur
1128 4025 1140 4063 :
1173 4008 1350 4078 Ἡμεῖς
1398 4007 1476 4078 δὲ,
1529 4006 1730 4063 ἐκείνων
1761 4014 1896 4071 ὄντες
1951 4017 2050 4061 τῶν

400 4031 461 4062 ιιι
519 4031 638 4078 qua
695 4031 780 4062 διο
831 4031 1140 4078 loquntur:
1190 4031 1229 4061 ιι
1278 4031 1350 4070 εις
1398 4031 1476 4078 σε,
1529 4031 1730 4063 εκεινων
1761 4031 1896 4071 οντες
1951 4031 2050 4061 των

400 4081 655 4158 πατέρων,
678 4080 734 4158 ρί
789 4077 1163 4158 ἐνομοθέτησαν
1197 4031 1314 4158 Δσὲῖιέι
1355 4090 1553 4156 μικρῶν
1603 4087 1958 4157 χαρακτήρων
1987 4083 2054 4134 τὰ

401 4156 494 4209 τῆς
524 4147 789 4242 ἐπιμιξίας
821 4147 1067 4236 σύμβολα
1111 4153 1213 4239 ἀπο
1239 4147 1469 4242 περάτων
1513 4147 1614 4214 τῆς
1628 4147 1732 4236 ’γῆς
1762 4154 1832 4215 εἰς
1856 4147 2054 4242 πέρατα

401 4222 791 4306 περιφέρεσθαι,
815 4226 903 4273 καὶ
920 4223 1120 4306 πάντας
1143 4229 1276 4276 πᾶσι
1302 4222 1518 4285 πολίτας
1541 4229 1632 4277 καὶ
1644 4222 1872 4285 οἰκείους
1902 4222 2048 4292 εἶναι,

401 4291 490 4343 νῦν
515 4291 866 4369 ἁποτέμνομεθ
923 4291 1138 4355 έαυτοῦς
1163 4303 1258 4357 τῆς
1287 4296 1612 4369 οἰκουμένης,
1641 4303 1729 4350 καὶ
1770 4299 1885 4369 οἵτε
1910 4291 2052 4351 ἐπαιὲ

406 4365 712 4442 σχυνομεθα
736 4372 811 4442 ⁵τῇ
845 4369 1111 4442 μονώσει,
1144 4369 1262 4442 οῦτε
1285 4365 1480 4440 ζημίαν
1513 4372 1677 4442 φέρειν
1706 4372 1791 4421 τὸν
1823 4365 2054 4421 διάσπα-

406 4438 536 4514 σμον
565 4435 684 4514 τῆςΔ
718 4435 1264 4514 ,ὁμονοίαςρτιθέμεθπ
1321 4435 1436 4492 οὔτε
1485 4435 1792 4514 φρίσσομεν,
1845 4443 1924 4493 ὅτι
1983 4441 2054 4504 εἰς

403 4508 539 4593 ἡμας
578 4523 590 4534 ·
623 4509 803 4593 φθάνει
833 4510 862 4566 ἡ
890 4508 1088 4593 ροϐερὰ
1115 4508 1120 4509 ⁷
1144 4518 1234 4562 τοῦ
1296 4508 1690 4593 Κυρίρυξξὴμῶν
1740 4517 2048 4593 προςξητεία,

404 4581 654 4649 εἰπόντος,
691 4584 834 4654 etc.:_
875 4581 998 4654 Nos
1021 4581 1244 4649 autem,
1276 4587 1381 4654 qui
1405 4585 1526 4653 ﬁlii
1560 4581 2050 4640 sumus'illorum

401 4655 670 4719 patrum,
708 4652 836 4732 _qui
873 4653 1063 4732 legem,
1105 4652 1411 4732 tulerunt,
1441 4662 1522 4732 _u_t
1574 4656 1846 4711 brevibus
1899 4658 2055 4711 notis

403 4724 742 4794 commercii
781 4724 956 4794 signa
985 4739 1021 4780 a
1044 4727 1313 4781 terminis
1360 4727 1517 4782 orbis
1544 4732 1846 4783 terrarum
1872 4742 2057 4794 usque

401 4793 483 4875 ad
513 4795 793 4875 terminos
823 4797 1381 4875 circumferrentur,
1432 4813 1504 4854 ac
1560 4793 2055 4875 omnes__omnibus

401 4868 572 4945 cives
608 4871 662 4920 et
716 4868 1045 4945 propinqui
1071 4875 1281 4934 essent,
1314 4885 1478 4926 nunc
1515 4870 1918 4945 abscindimus
1947 4885 2054 4945 no-

401 4937 705 5016 smetipsos
731 4937 807 4991 ab
833 4937 973 5016 orbe
1002 4947 1326 5016 terrarum,
1356 4957 1544 5016 neque
1566 4957 1672 5016 nos
1701 4941 1885 5010 pudet
1916 4942 2053 4996 soli-

402 5005 653 5088 tudinis,
679 5022 788 5088 nec
817 5008 1104 5066 damnum
1127 5012 1294 5088 ferre
1328 5005 1777 5088 dissolutionem
1817 5029 2058 5088 concor-

402 5076 520 5132 diae
551 5077 825 5158 ducimus
838 5091 862 5149 ,'
891 5096 1081 5158 neque
1120 5076 1554 5158 horrescimus,
1582 5085 1760 5158 quod
1801 5084 1896 5158 _ad
1950 5100 2056 5158 nos

396 5150 742 5225 peruenerit
772 5150 1350 5225 terribilis__Domini
1395 5157 1589 5211 nostri
1607 5150 1945 5225 prophetia
1971 5157 2057 5211 di-

404 5220 608 5299 centis,
641 5223 759 5299 etc_.
802 5222 969 5299 Saepe
1023 5222 1172 5278 alias
1205 5225 1450 5299 Basilius
1479 5220 1754 5299 luctuosa
1785 5233 2059 5299 tempora

403 5288 824 5373 deplgr_at._Sed_
847 5288 1050 5373 tamen
1081 5310 1218 5373 cum
1241 5295 1694 5373 dissolutionem
1717 5288 2056 5373 concordiae

401 5359 464 5434 in
483 5359 671 5416 allato
693 5362 1035 5434 testimonio
1064 5365 1363 5429 describit,
1396 5367 1508 5434 vel,
1538 5385 1673 5423 cum
1704 5369 1785 5424 ait
1812 5370 1966 5425 infra
1997 5371 2058 5425 in

403 5428 517 5485 hac
541 5433 811 5514 epistola,
834 5436 1095 5514 singulis
1116 5428 1458 5514 civitatibus
1485 5428 2055 5514 circumscribimur,

404 5514 527 5582 non
556 5505 631 5558 de
662 5520 724 5559 se
753 5505 886 5582 ipso
912 5505 1196 5582 loquitur,
1220 5507 1324 5582 sed
1355 5509 1610 5582 aliorum
1656 5512 1818 5568 mala
1855 5505 2055 5581 deﬂet,

406 5575 473 5647 ut
495 5586 607 5630 sua
628 5579 893 5647 propria.
921 5575 1158 5642 Quanto
1183 5579 1342 5634 enim
1373 5581 1572 5638 studio
1603 5583 1814 5639 arserit
1845 5575 2058 5640 fovea;

407 5637 497 5694 das
545 5637 684 5700 cuin
733 5637 1017 5704 omnibus
1048 5650 1516 5723 communionis,
1547 5637 1813 5727 perspici
1839 5637 2056 5730 potest,

2156 3362 2385 3426 ἡδίστης
2451 3373 2623 3439 φωνῆς
2690 3367 3025 3441 ἐντυχόντας,
3065 3372 3152 3421 καὶ
3207 3371 3301 3424 τήν
3355 3364 3767 3424 έπιζητηθεῑσαν

2157 3513 2301 3584 tum
2345 3525 2419 3566 ex
2449 3509 2673 3584 laetitia,
2700 3528 2888 3584 quam
2923 3513 2974 3568 ei
3003 3511 3210 3568 littera!
3242 3509 3320 3584 ab
3371 3507 3642 3584 Ecclesiis
3671 3521 3772 3584 re:

2157 3581 2338 3637 motis
2367 3583 2600 3654 scriptis
2633 3569 2979 3644 afferebant,
3013 3589 3140 3639 tum
3172 3598 3244 3638 ex
3266 3582 3336 3637 iis
3362 3597 3498 3652 quae
3530 3569 3768 3654 scripsit

2159 3657 2216 3707 et
2269 3654 2473 3737 gessit,
2488 3651 3315 3737 'utnmaritimosepiscopos,
3336 3651 3768 3737 Neocesarien-

2160 3723 2504 3796 ses,’Lycia3
2562 3726 2852 3782 Ecclesias
2902 3723 3016 3781 sibi
3071 3723 3356 3782 charitate
3408 3723 3762 3796 devinciret.

2157 3794 2432 3870 Testatur
2460 3797 2543 3870 fin
2587 3797 2839 3870 epistola
2885 3801 3012 3861 204,
3063 3813 3270 3853 secum
3311 3794 3764 3850 communicare

2159 3865 2410 3940 Pisidas,
2457 3865 2783 3940 Lycaoncs,
2821 3873 3082 3936 Isauros,
3125 3869 3413 3940 Phryges,
3445 3872 3763 3940 Armenos,

2159 3937 2739 4010 Neocaesariensibus
2792 3941 3042 4010 vicinos,
3076 3937 3761 4010 Maccdones,_Achaaos,

2158 4009 2408 4084 Illyrios,
2441 4011 2659 4084 Gallos,
2692 4007 3037 4084 Hispanos;
3063 4016 3248 4084 totam
3298 4008 3474 4064 simul
3507 4007 3758 4084 ltalia_m,

2163 4081 2616 4162 S.iculos,Afro_s,
2644 4090 2700 4139 et
2729 4081 3026 4156 quidquid
3057 4083 3188 4140 sani
3217 4082 3277 4138 in
3298 4084 3551 4154 Egypto
3578 4085 3635 4136 et
3657 4082 3762 4153 Sy-

2160 4159 2249 4208 ria
2275 4159 2605 4226 supererat.

2233 4222 2493 4306 _(agffrotg
2519 4225 2848 4306 ἀμφοτέροις.
2899 4228 2982 4306 Ita
3014 4224 3185 4306 Coisl.
3225 4222 3467 4306 primus
3497 4227 3569 4306 et
3599 4223 3759 4306 ‘liled.

2164 4295 2315 4378 ἔξᾷὶἱὶ
2338 4300 2424 4348 τὸν
2449 4293 2776 4378 fasciam:
2803 4293 3311 4378 Paulo‘post.editi
3338 4293 3738 4378 nap:'t§t).)ti;loug

2165 4369 2422 4442 Uterque
2443 4367 2696 4442 C'oisl.et
2719 4369 2919 4442 plures
2950 4367 3048 4424 alii
3072 4373 3132 4423 ut
3153 4367 3416 4442 intextu.
3446 4369 3648 4422 Utrum
3683 4382 3718 4422 a

2162 4439 2443 4512 aﬁectum
2463 4439 2753 4512 perducta
2775 4440 3152 4512 fuerint,quae
3170 4439 3265 4494 hic
3286 4442 3710 4512 proponuntur
3726 4455 3764 4512 a

2165 4511 2400 4577 Basilio,
2444 4509 2606 4567 nullo
2637 4509 3062 4582 cognoscimus
3102 4509 3517 4566 monumento.
3567 4509 3762 4566 Semel

2161 4597 2300 4637 eum
2414 4583 2935 4664 Pisidiam,nem’pe
2957 4599 3117 4664 anno
3149 4583 3515 4664 375,venisse
3541 4587 3764 4638 etcum

2086 4649 2130 4702 Ι)
2162 4653 2578 4735 Amphilochio
2605 4671 2673 4735 ac
2691 4649 2896 4735 vicinis
2914 4654 3209 4735 episcopis
3231 4652 3762 4735 consiliatumesse

2162 4726 2397 4781 scimus.
2431 4727 2543 4782 Sed
2577 4731 2711 4781 ante
2733 4727 2847 4782 hoc
2896 4724 3286 4797 tempusjam
3321 4727 3553 4797 Isauros
3609 4724 3764 4780 inter

2162 4799 2706 4854 communicatores
2729 4813 2868 4852 suos
2889 4795 3420 4852 enumeraveratia
3451 4795 3702 4866 epist.20
3715 4799 3758 4866 i-,

2163 4886 2235 4926 ex
2296 4886 2419 4939 quo
2472 4869 2827 4939 conjicimus
2888 4868 3188 4935 Basilium,
3227 4865 3460 4922 etiamsi
3492 4865 3638 4939 cum
3668 4865 3763 4924 his

2161 4938 2460 5013 episcopis
2493 4938 2614 4995 non
2671 4939 3037 5013 convenerit,
3087 4955 3302 5013 pacem
3351 4953 3489 4994 cum
3539 4938 3653 4994 illis
3708 4944 3765 4995 et

2161 5009 2652 5069 communionem
2701 5027 2806 5082 per
2847 5010 3070 5066 litteras
3090 5009 3587 5082 'redintegrasse.
3616 5013 3764 5067 Prae.

2163 5083 2608 5156 terquamquod
2640 5081 3154 5156 nullanecessitas
3185 5087 3310 5156 erat
3341 5081 3758 5156 conveniendi,

2162 5153 2302 5211 cum
2355 5153 2482 5211 tota
2521 5170 2615 5211 res
2667 5169 2775 5232 per
2819 5154 3042 5232 litteras
3095 5153 3311 5232 contici
3340 5157 3542 5232 posset
3567 5153 3763 5232 ;_f_orte

2162 5243 2554 5297 congressum
2586 5224 2729 5282 anni
2761 5231 3082 5299 tempestas
3114 5231 3170 5282 et
3216 5224 3416 5280 Basilii
3451 5224 3646 5281 morbi
3675 5224 3765 5282 in-

2162 5299 2570 5370 terpellarunt.

2237 5367 2340 5440 (ξω)
2373 5377 2474 5422 Τοῦ
2508 5369 2683 5440 ἁγίου.
2717 5368 2866 5424 Editi
2912 5368 3144 5425 addunt
3168 5439 3176 5440 ί
3204 5374 3357 5421 Θεοῦ.
3410 5367 3521 5424 Sed
3554 5383 3766 5440 earvox

2161 5441 2330 5568 dﬁest
2357 5441 2417 5497 in
2448 5439 2756 5496 codicibus
2784 5441 2930 5498 Med.
2955 5446 3010 5496 ct
3031 5439 3467 5512 Coisl.utroque
3499 5444 3555 5496 et
3576 5439 3766 5497 tribus

2163 5529 2200 5568 a
2246 5530 2314 5567 lS.

2163 5529 2314 5570 aliis.

2236 5585 2348 5657 (44)
2379 5592 2462 5656 Τῷ
2494 5580 2767 5647 δέξασθαι.
2804 5583 3039 5657 Legitur
3062 5585 3120 5635 τό
3146 5581 3204 5657 in
3236 5586 3489 5654 utroque
3520 5581 3769 5641 Coisl.et

2163 5659 2304 5726 Reg.
2330 5655 2622 5726 secundo,
2655 5661 2712 5714 et
2736 5655 2916 5729 paulo
2941 5658 3080 5729 post
3098 5657 3155 5707 τὸ
3178 5655 3376 5727 ὑπουρῆ
3387 5672 3500 5713 σαι.
