4152 6416
310 320 421 374 705

1280 307 1766 367 EPISTOLARUM
1804 301 2089 366 CLASSIS
2129 309 2196 364 ll.
2237 303 2452 365 EPIST.
2494 307 2716 366 CXCIV.

3578 319 3682 376 706

311 445 502 515 χρείαν
551 457 785 509 τοσουτῳ
832 455 989 508 ταχιι
1031 434 1396 508 πληρωθεῖσαν
1431 435 1659 508 ὁρῶντας
1688 432 1698 485 l
1732 431 1914 500 Ὥστε,

2052 431 2384 503 :xpetebam
2412 435 2534 488 tam
2567 432 2838 489 celeriter
2875 433 3215 491 confectum
3259 437 3415 494 vidi!
3476 441 3683 512 Itaque

311 527 483 590 ἡδέως
515 525 788 601 δεξάμενοι
842 530 899 579 τὸ
950 524 1238 578 ἀποσταλεν
1299 524 1410 591 (45)
1467 519 1561 576 διὰ
1588 527 1680 580 τὴν
1724 521 1916 574 οἰκείαν

312 619 477 672 αὐτοῦ
536 620 712 690 φύσιν,
763 616 933 684 πολλῷ
982 611 1133 674 ἣδιον
1181 614 1308 666 αῦτό
1348 614 1729 685 προσηκάμεθα
1757 620 1829 682 τῷ
1862 614 1918 663 σε

313 706 447 761 εἶναι
477 711 564 760 τὸν
590 715 682 768 τῆς
712 713 1044 767 κατασκευῆς
1075 705 1235 756 αὑτοῦ
1265 711 1586 779 προεστῶτα.
1631 704 1918 776 Παράσχοι

315 793 376 849 δὲ
402 797 529 868 ἡμῖν
561 797 586 846 ὁ
611 798 800 869 Κύριος
829 790 957 846 ἰδεῖν
1001 813 1057 846 σε
1089 791 1136 844 ἐν
1167 795 1344 865 τάχει,
1377 793 1511 844 ὥστε
1539 790 1638 844 ἀπὸ
1681 790 1918 862 γλώττης

311 886 644 960 ὁμολογῆσαι
672 890 764 943 τήν
806 886 989 959 χάριν,
1031 887 1121 936 καὶ
1171 885 1371 936 πάντων
1411 883 1539 955 ὁμοῦ
1582 889 1683 933 τῶν
1729 879 1778 933 ἐν
1833 885 1918 934 σοὶ

309 975 484 1029 καλῶν
515 973 718 1030 ἁπολαῦ
726 993 834 1029 σαι.

862 1094 1201 1145 ΕΠΙΣΤΟΑΗ
1241 1073 1385 1149 ΡΒΓ.

2027 519 2090 576 id
2115 521 2281 592 quod
2325 522 2583 578 missum
2635 526 2723 578 est
2754 538 2864 578 sua
2903 527 3115 594 sponte
3147 532 3496 597 pergratum
3522 528 3632 585 fuit
3664 546 3678 584 :

2028 609 2134 666 sed
2163 611 2342 682 longe
2371 611 2656 668 libentius
2681 612 2798 668 hoc
2830 613 3034 685 ipsum
3055 630 3128 670 eo
3151 617 3395 672 nomine
3419 619 3682 692 suscepi.

2027 701 2193 772 quod
2225 706 2287 756 tu
2331 701 2414 757 rei
2458 700 2615 757 illius
2669 703 3060 759 conﬁciendae
3108 707 3403 763 exstiteris
3450 708 3574 765 dux
3630 715 3688 765 et

2027 795 2254 847 auctor.
2289 794 2394 848 Det
2422 796 2624 848 autem
2656 791 2834 849 nobis
2862 794 3152 851 Dominus
3202 801 3258 853 te
3307 799 3423 854 cito
3453 799 3690 869 videre,

2024 881 2091 935 ut
2133 879 2343 950 lingua
2391 879 2615 950 gratias
2653 881 3004 954 referamus,
3040 884 3454 960 omnibusque
3503 889 3687 946 simul

2025 969 2205 1029 bonis
2234 969 2349 1026 tuis
2387 969 2793 1044 perfruamur.

2544 1087 2884 1145 EPISTOLA
2924 1088 3170 1147 CXCIII'.

315 1218 622 1297 Peraea;
659 1216 914 1297 Basilius
942 1230 1066 1297 sese
1094 1230 1228 1270 cum
1256 1213 1507 1297 gruibus
1560 1210 2251 1297 comparat-Quamdiu;
2288 1225 2348 1297 se
2389 1210 2470 1266 ad
2533 1212 2916 1297 solitudinem
2945 1213 3173 1271 Meletii
3209 1217 3528 1288 conferret,
3560 1224 3686 1276 tum

393 1288 764 1359 negotiorum
796 1289 1161 1343 exteriorum
1193 1285 1688 1354 occupationibus
1718 1284 1990 1359 detentus
2017 1283 2243 1359 fuerat,
2280 1288 2405 1338 tum
2451 1283 2898 1359 gehementibus
2944 1300 3016 1359 ac
3059 1283 3359 1359 continuis
3393 1283 3684 1357 febribus,

393 1354 522 1432 qua:
543 1360 716 1414 illum
747 1361 833 1414 ita
864 1359 1353 1425 debilitaverant,
1381 1363 1446 1432 ut
1477 1371 1707 1432 aranea
1736 1355 2038 1432 inﬁrmior
2085 1355 2407 1411 videretur.
2451 1354 2778 1411 Venturum
2818 1356 2882 1412 se
2925 1356 3007 1413 ad
3049 1358 3355 1417 Meletium
3387 1354 3690 1430 promittit

389 1427 576 1488 uerno
607 1437 888 1501 tempore,
921 1433 975 1486 si
996 1432 1106 1486 Dei
1135 1444 1243 1499 ope
1272 1444 1348 1486 ex
1378 1430 1489 1484 hoc
1518 1428 1723 1484 morbo
1754 1427 2028 1484 evaserit.

769 1554 997 1626 Μελετίῳ
1036 1553 1314 1629 ἀρχιάτρῳ
1339 1553 1447 1624 (46)
1459 1595 1470 1608 .

407 1668 540 1736 Ημῖν
598 1662 708 1734 (47)
759 1657 871 1714 οὐδ’
914 1662 1036 1714 ὅσον
1097 1667 1216 1722 ταῖς
1278 1662 1511 1735 γεράνοις
1574 1659 1807 1731 ὑπάρχει
1860 1657 1927 1709 τὰ

320 1749 566 1826 δυσχερῆ
613 1758 702 1805 τοῦ
733 1759 991 1824 χειμῶνος
1042 1746 1315 1822 διαφυγεῖν
1336 1767 1348 1779 '
1402 1747 1508 1800 ἀλλ’
1540 1748 1685 1800 ἕνεκα
1714 1749 1803 1820 μὲν
1833 1745 1927 1799 τοῦ

318 1839 642 1916 προϊδέσθαι
692 1844 749 1894 τὸ
802 1839 1001 1913 μέλλον,
1036 1836 1188 1892 οὐδὲν
1234 1841 1363 1899 ῖσως
1409 1847 1508 1890 τῶν
1547 1838 1772 1911 γεράνων
1802 1840 1925 1908 χεί-

318 1950 447 2006 ρους
485 1929 601 2003 (48)
649 1929 836 2002 ἐσμέν·
895 1936 967 2000 τῷ
1023 1924 1082 1980 δὲ
1129 1929 1265 1980 κατὰ
1310 1930 1396 1978 τὸν
1443 1925 1558 1999 βίον
1608 1924 1927 1996 αὐτεξουσίῳ

319 2023 572 2073 τοσοῦτον
618 2028 716 2072 τῶν
757 2018 972 2094 ὀρνίθων
1017 2017 1500 2090 ἀπολιμπανόμεθα,
1535 2017 1655 2068 ὅσον
1699 2019 1789 2067 καὶ
1835 2021 1927 2066 τοῦ

321 2112 576 2163 πέτεσθαι
625 2105 907 2171 δύνασθαι,
960 2115 1151 2182 μικροῦ
1199 2103 1326 2160 δεῖν.
1362 2113 1571 2179 Πρῶτον
1614 2108 1703 2178 μὲν
1733 2106 1834 2179 ’γὰρ
1866 2122 1929 2176 με

325 2198 585 2272 ἀσχολίαι
670 2201 803 2259 τινες
880 2205 980 2249 τῶν
1037 2199 1172 2248 κατὰ
1236 2199 1322 2248 τὸν
1406 2193 1522 2268 βίον
1606 2196 1927 2268 πραγμάτων

323 2289 552 2362 ἐπέσχον
581 2292 698 2358 (49)
721 2305 733 2318 ’
767 2290 945 2341 ἔπειτα
975 2283 1034 2339 δὲ
1071 2289 1285 2361 πυρετοὶ
1330 2291 1568 2356 συνεχεῖς
1612 2287 1702 2336 καὶ
1747 2281 1930 2356 λάϐροι

324 2379 462 2431 οὕτω
491 2398 592 2452 μου
635 2381 692 2430 τὸ
741 2385 894 2450 σῶμα
916 2372 1378 2439 κατεδαπάνησαν,
1411 2376 1545 2427 ὥστε
1576 2373 1731 2446 ἐφάνη
1759 2393 1811 2424 τι
1840 2377 1930 2425 καὶ

323 2466 452 2542 ἐμοῦ
487 2468 814 2542 λεπτότερον,
845 2465 998 2527 αὐτὸς
1029 2464 1127 2537 ἐγὼ
1159 2463 1413 2538 ἐμαυτοῦ·
1459 2460 1570 2516 εἶτα
1616 2465 1929 2537 τεταρταίων

324 2557 618 2632 προσϐολαὶ
642 2559 777 2630 πρὸς
819 2555 990 2608 πλεῖον
1031 2555 1059 2613 ἡ
1095 2557 1262 2607 εἴκοσι
1294 2550 1648 2628 διαρκέσασαι
1673 2551 1920 2614 κύκλους,

329 2651 461 2700 Νυνὶ
505 2643 584 2716 δὲ,
630 2647 714 2699 ὅτε
767 2641 908 2698 δοκῶ
948 2651 1050 2696 τῶν
1091 2651 1324 2718 πυρετῶν
1374 2641 1735 2713 ἀπηλλάχθαι,
1769 2641 1932 2702 οὕτως

331 2738 433 2788 ὑπὸ
480 2745 577 2796 τῆς
626 2732 922 2808 ἀδυναμίας
977 2730 1274 2806 διάκειμαι,
1304 2734 1438 2785 ὥστε
1480 2728 1646 2804 μηδὲν
1679 2734 1726 2783 εν
1766 2733 1930 2802 τούτῳ

283 2882 291 2888 ,
335 2821 553 2877 ἀποδεῖν
585 2826 859 2898 ἀραχνίου.
891 2821 1043 2875 Ὀθεν
1091 2842 1183 2895 μοι
1229 2828 1377 2874 πᾶσα
1417 2825 1507 2894 μὲν
1561 2817 1686 2883 ὁδὸς
1717 2819 1930 2886 ἄϐατος,

333 2921 483 2968 πᾶσα
519 2910 580 2966 δὲ
608 2913 892 2986 πνεῦματος
921 2911 1187 2986 προσϐολὴ
1220 2910 1428 2964 πλείονα
1457 2913 1595 2984 φέρει
1633 2913 1719 2962 τὸν
1749 2905 1932 2962 κίνδυ-

333 3024 418 3057 νον
456 3003 486 3063 ἦ
521 3005 577 3055 αἱ
619 3008 892 3076 τρικυμίαι
917 3009 1027 3063 τοῖς
1064 3001 1328 3056 πλέουσιν.
1363 3001 1590 3072 Ἀνάγκη
1631 3004 1802 3052 τοίνυν
1831 3000 1932 3051 ὑπὸ

336 3090 584 3167 δωματίῳ
639 3094 928 3166 κεκρύφθαι
960 3135 974 3160 ,
1028 3096 1116 3144 καὶ
1171 3089 1434 3163 ἀναμένειν
1477 3094 1535 3142 τό
1583 3092 1693 3163 ἔαρ,
1751 3087 1931 3161 ἐάνπερ

333 3179 615 3259 διαρκέσαι
643 3185 775 3255 πρὸς
806 3182 934 3234 αὐτὸ
967 3178 1292 3254 δυνηθῶμεν,
1322 3179 1450 3232 ἀλλὰ
1483 3183 1554 3252 μὴ
1596 3175 1933 3253 προδιαμάρ-

329 3292 506 3346 τοιμεν
537 3275 649 3344 (50)
679 3273 779 3325 ὑπὸ
802 3279 892 3324 τοῦ
919 3278 1084 3323 κακοῦ
1113 3277 1205 3322 τοῦ
1231 3276 1341 3330 τοῖς
1368 3268 1696 3341 σπλάγχνοις
1726 3265 1934 3343 ἐνιδρυ-

2566 1549 2803 1608 Μειεειό
2833 1549 3167 1610 archiatro.

2106 1656 2288 1714 Nobis
2321 1672 2396 1713 ne
2425 1662 2726 1730 quantum
2756 1658 3002 1730 quidem
3034 1661 3286 1732 gruibus
3310 1661 3446 1721 licet
3472 1665 3688 1724 hiemis

2035 1745 2428 1802 incommoda
2455 1746 2746 1817 effugere;
2778 1749 2878 1804 sed
2905 1755 3202 1821 quantum
3234 1753 3482 1824 quidem
3503 1755 3582 1812 ad
3601 1755 3690 1812 fu-

2036 1836 2150 1891 turi
2195 1836 2635 1908 praenotionem
2689 1837 2918 1907 attinet,
2971 1839 3120 1895 nihil
3174 1840 3325 1897 forte
3362 1843 3689 1910 deteriores

2037 1924 2290 1995 gruibus
2348 1941 2596 1992 sumus;
2645 1926 2813 1998 quod
2866 1942 3005 1983 vero
3053 1929 3130 1984 ad
3183 1930 3314 1987 vitae
3348 1931 3689 1992 libertatem

2037 2018 2286 2084 spectat,
2321 2017 2487 2070 tanto
2513 2013 2634 2070 fere
2661 2014 2739 2070 ab
2774 2015 2988 2071 avibus
3017 2016 3338 2089 distamus,
3369 2027 3598 2093 quanto
3654 2040 3692 2081 a

2036 2102 2284 2158 volandi
2312 2102 2620 2159 facultate.
2657 2103 2926 2160 Primum
2970 2105 3219 2178 quidem
3262 2112 3692 2183 occupationes

2038 2208 2138 2248 me
2167 2191 2476 2248 nonnullae
2502 2193 2884 2262 negotiorum
2916 2196 3279 2254 exteriorum
3309 2199 3695 2263 detinuerunt

2039 2280 2258 2337 deinde
2316 2283 2616 2338 continuae
2677 2298 2748 2338 ac
2799 2283 3184 2342 vehementes
3231 2286 3428 2344 febres
3471 2307 3692 2364 corpus

2038 2387 2245 2427 meum
2281 2387 2478 2444 usque
2528 2371 2683 2428 adeo
2719 2381 3246 2447 consumpserunt,
3283 2382 3348 2434 ut
3374 2379 3576 2437 visum
3621 2382 3694 2440 sit

2037 2460 2269 2533 aliquid
2327 2461 2506 2518 etiam
2538 2477 2636 2518 me
2662 2463 2921 2528 tenuius,
2957 2480 3070 2534 ego
3109 2465 3383 2524 videlicet
3412 2468 3690 2543 {meipso.

2039 2553 2326 2606 Praeterea
2348 2557 2788 2623 quartanarum
2817 2569 3097 2609 accessus
3115 2553 3271 2613 ultra
3290 2557 3498 2628 viginti
3513 2559 3691 2632 286

2038 2639 2198 2695 vices
2245 2641 2653 2712 perstiterunt.
2701 2645 2868 2698 Nunc
2899 2646 3101 2698 autem
3148 2659 3287 2700 cum
3337 2662 3375 2702 a
3423 2646 3692 2705 febribus

2038 2728 2190 2786 liber
2213 2745 2343 2785 esse
2373 2729 2596 2810 videor,
2643 2731 2727 2786 ita
2776 2748 2913 2786 sum
2952 2731 3188 2798 debilis,
3223 2739 3289 2791 ut
3315 2736 3464 2793 nihil
3491 2739 3553 2794 in
3578 2739 3696 2796 hoc

2042 2819 2120 2876 ab
2149 2834 2375 2874 aranea
2400 2819 2700 2877 differam.
2734 2819 2902 2876 Unde
2944 2821 3094 2877 mihi
3125 2839 3308 2881 omne
3335 2825 3444 2882 iter
3473 2827 3692 2900 imper—

2039 2908 2226 2975 vium,
2285 2913 2341 2964 et
2385 2908 2637 2981 quilibet
2689 2925 2851 2966 aurae
2915 2911 3214 2983 impulsus
3279 2915 3692 2987 periculosior,

2041 3013 2228 3069 quam
2257 2996 2474 3052 ﬂuctus
2503 2997 2828 3055 decumani
2856 2999 3300 3070 navigantibus.
3332 3006 3582 3062 Necesse
3609 3009 3700 3063 est

2043 3101 2185 3156 ergo
2211 3085 2379 3142 doml
2405 3086 2664 3153 latitare,
2687 3091 2746 3143 et
2769 3093 3002 3160 tempus
3031 3104 3288 3148 vernum
3327 3098 3692 3167 exspectare,

2046 3176 2096 3231 si
2145 3176 2328 3232 modo
2360 3191 2432 3232 eo
2479 3192 2672 3248 usque
2719 3176 3050 3249 perdurare
3079 3179 3330 3251 possim,
3371 3197 3482 3239 nec
3530 3185 3698 3257 prius

2045 3281 2149 3338 spe
2181 3265 2461 3321 excidam
2493 3265 2572 3321 ob
2617 3265 2901 3322 morbum
2946 3267 3275 3324 visceribus
3313 3270 3696 3330 insidentem.

330 3368 508 3436 μένου.
542 3361 664 3415 Ἐὰν
705 3358 765 3414 δὲ
818 3357 1063 3433 διασώσῃ
1115 3361 1253 3432 ἡμᾶς
1313 3361 1338 3411 ὁ
1394 3362 1588 3433 Κύριος
1630 3366 1691 3431 τῇ
1734 3358 1930 3432 μεγάλη

2052 3355 2218 3421 Quod
2248 3355 2296 3410 si
2323 3371 2419 3410 me
2442 3353 2731 3410 Dominus
2752 3371 2981 3427 magna
3006 3373 3119 3414 sua
3138 3374 3326 3414 manu
3349 3363 3695 3435 servaverit,

332 3453 496 3505 αὐτοῦ
551 3456 720 3526 χειρὶ,
774 3449 1130 3524 ἀσμενέστατα
1190 3452 1279 3522 μὲν
1338 3453 1430 3508 τὴν
1486 3447 1744 3520 ἐσχατιὰν
1793 3449 1934 3522 ὑμῶν

330 3541 775 3614 καταληψόμεθασ
829 3539 1192 3613 ἀσμενέστατα
1230 3534 1290 3590 δὲ
1349 3540 1406 3590 σε
1452 3541 1545 3595 τὴν
1601 3536 1750 3610 φίλην
1815 3539 1936 3609 ἡμῖν

330 3631 558 3704 κεφαλὴν
578 3629 1018 3703 περιπτυξόμεθα.
1047 3633 1215 3682 Μόνον
1241 3627 1402 3699 εὔχου
1433 3631 1563 3701 πρὸς
1587 3630 1644 3680 τὸ
1677 3630 1936 3700 συμφέρον

330 3729 397 3795 τῇ
429 3721 585 3795 ψυχῇ
619 3724 715 3779 τὴν
747 3719 886 3782 ζωὴν
916 3720 1062 3792 ἡμῶν
1088 3718 1495 3790 οἰκονομεῖσθαι.

881 3848 1219 3898 ΕΠΙΣΤΟΛΗ
1259 3827 1401 3904 PSA'.

2043 3443 2444 3501 libentissime
2499 3460 2596 3500 me
2644 3444 2955 3501 conferam
3014 3446 3093 3502 ad
3131 3452 3390 3504 vestram
3436 3450 3702 3508 solitudi-

2045 3550 2185 3590 nem
2219 3552 2230 3589 :
2265 3532 2667 3590 libentissime
2699 3539 2753 3590 te
2793 3534 3047 3590 charum
3083 3535 3231 3592 mihi
3269 3544 3455 3610 caput
3477 3541 3704 3614 ample-

2047 3629 2192 3680 ctar.
2229 3626 2485 3680 Tantum
2515 3639 2686 3694 roga.
2720 3627 2786 3679 ut
2814 3625 2889 3680 de
2937 3640 3076 3683 mea
3113 3627 3252 3697 vita,
3274 3632 3456 3700 prout
3481 3631 3702 3689 anima

2046 3730 2198 3771 meae
2228 3713 2530 3785 conducit,
2563 3717 2880 3773 statuatur.

2529 3839 2871 3896 EPISTOLA
2934 3840 3202 3897 CXCIV".

333 3963 499 4020 Zoili
523 3961 742 4019 litteris
770 3959 1085 4030 respondet
1117 3959 1409 4028 Basilius,
1439 3956 1724 4030 hortatur
1772 3961 1839 4013 ut
1895 3968 2051 4026 saepe
2095 3952 2572 4030 scribat._Mor_bi
2610 3955 2735 4030 suiA
2759 3956 3235 4030 magnitudinem
3276 3960 3540 4030 exprimi
3580 3977 3702 4021 non

1001 4046 1175 4102 posse
1200 4025 1505 4101 dicit;'sed
1533 4031 1689 4086 vires
1719 4042 1757 4086 a
1786 4030 1906 4086 Deo
1936 4031 2241 4098 exspectat
2271 4026 2353 4083 ad
2377 4027 2678 4096 patienter
2695 4025 3032 4096 ferendum.

1035 4154 1236 4228 Ζωὶλῳ.

414 4266 517 4320 Οἷα
569 4270 772 4336 ποιεῖς,
825 4261 864 4316 ὦ
915 4265 1219 4336 θαυμάσιε,
1273 4260 1648 4337 προλαμϐάνων
1704 4262 1841 4334 ἡμᾶς
1870 4260 1942 4322 εἰς

2777 4151 2973 4209 Zoilo.

2125 4258 2280 4326 Quid
2301 4258 2558 4330 agis,vir
2577 4260 2836 4330 egregie,
2849 4264 3216 4334 praeverteris
3233 4278 3332 4320 me
3351 4264 3704 4324 humilitatis

337 4359 400 4409 τὸ
440 4365 537 4418 τῆς
584 4359 938 4415 ταπεινώσεως
984 4357 1206 4428 μέτρονς
1258 4353 1312 4414 ὃς
1340 4372 1420 4424 γε,
1453 4359 1688 4414 τοιοῦτος
1729 4351 1796 4402 ὢν
1848 4355 1937 4410 τὴν

2053 4348 2279 4406 modo?
2308 4349 2414 4421 qui
2447 4364 2586 4404 cum
2631 4353 2800 4406 tanta
2837 4349 2918 4405 sis
2957 4357 3208 4408 ornatus
3243 4354 3598 4421 eruditione,
3633 4372 3704 4413 ac

339 4443 654 4512 παίδευσιν,
715 4449 805 4498 καὶ
857 4443 1021 4504 οὕτως
1074 4439 1228 4504 εἰδὼς
1276 4441 1628 4511 ἐπιστέλλειν,
1674 4444 1741 4504 ὡς
1791 4437 1948 4500 δηλοῖ

341 4538 410 4590 τὰ
466 4538 756 4611 γράμματα
787 4577 802 4605 ,
880 4534 1019 4607 ὅμως
1065 4531 1227 4596 ἀξιοῖς
1256 4575 1272 4603 ,
1341 4534 1406 4593 ὡς
1459 4529 1542 4586 ἐπὶ
1591 4530 1945 4604 τολμηροτέρᾳ

418 4715 532 4786 (45)
576 4717 647 4768 Τὸ
697 4712 1004 4767 ἁποσταλέν.
1059 4711 1369 4786 Manifesta
1415 4713 1508 4765 est
1560 4708 1944 4786 necessitpdo

343 4780 530 4859 hujus
561 4785 828 4860 epistolae
861 4801 1000 4840 cum
1022 4782 1350 4860 centesima
1367 4780 1789 4860 _nonages_ima.
1811 4783 1945 4860 Pro-

345 4854 868 4917 miserat'Basilius
889 4856 1137 4929 segapud
1154 4854 1518 4929 potentiores
1540 4854 1766 4929 amicos
1787 4859 1947 4908 actu-

344 4948 506 5001 rum,
542 4931 592 4986 si
621 4930 705 4986 ita
727 4925 1487 5001 Amphilobhidvideretur,
1518 4931 1572 4980 et
1591 4925 1945 5001 dignitatem

347 4997 619 5076 aliquam
642 4997 1508 5076 petiturum,u_t_amici_d9_mus
1531 5012 1823 5076 magnum
1846 4997 1950 5052 ali-

345 5068 516 5148 quod
529 5068 989 5148 incommodum
999 5069 1779 5148 effugeretobservavimus
1793 5068 1948 5148 hanc

350 5139 705 5218 dignitatem
727 5159 850 5218 non
874 5142 933 5198 in
947 5139 1162 5218 aliqua
1180 5140 1730 5218 administratione,
1754 5139 1947 5218 sedin

350 5210 639 5289 codicillis
659 5215 924 5289 positam
939 5210 1145 5289 fuisse.
1170 5211 1342 5289 Quod
1363 5226 1507 5289 ergo
1538 5210 1950 5289 tamnceleriter

351 5281 690 5348 confectum
712 5286 874 5343 misit
896 5283 1268 5357 Sophronius
1284 5281 1947 5357 magister‘ofiiciorum,

348 5361 499 5420 nihil
527 5359 695 5418 aliud
715 5358 950 5415 videtur
976 5353 1129 5422 Esse,
1153 5371 1337 5428 quam
1361 5353 1727 5428 cOdicillaria
1742 5353 1952 5427 aliqua

351 5434 634 5503 dignitas.
658 5431 720 5503 ld
741 5433 943 5503 autem
966 5429 1158 5500 pretio
1171 5425 1576 5503 :impetratum
1605 5425 1812 5503 fuisse,
1841 5425 1952 5503 nec

357 5496 675 5577 Sovphronii
700 5496 1029 5577 liberalitas
1058 5496 1293 5577 patitur“
1322 5496 1784 5577 suispnicar‘i,‘nec
1815 5497 1951 5552 scri-

355 5567 474 5651 ptae
504 5575 676 5651 abeo
707 5572 791 5651 ad
817 5567 1567 5651 Basilii-iiiiperhonor‘iﬁce
1593 5567 1824 5651 litterae.

431 5647 929 5731 (46)‘_’Apxta§rpcp.l
973 5638 1288 5731 Medi'cmus
1338 5639 1525 5722 codex
1569 5644 1626 5694 et
1679 5638 1820 5731 duo
1855 5638 1954 5731 alii

350 5709 734 5783 recentiores
767 5709 1063 5794 ἀρχιήτρῳ.
1114 5713 1332 5787 Regius
1373 5709 1612 5787 primus
1659 5715 1718 5770 et
1762 5710 1949 5782 Bigot.

2053 4437 2357 4494 scribendi
2400 4438 2553 4494 adeo
2601 4438 2846 4509 peritus,
2898 4443 2962 4496 ut
3007 4439 3216 4496 litterae
3263 4441 3700 4516 demonstrant,

2053 4533 2256 4587 tamen
2285 4528 2579 4602 postulas,
2612 4534 2676 4587 ut
2700 4531 2763 4586 in
2811 4529 3134 4589 audaciora
3163 4534 3436 4606 quodam
3482 4542 3707 4593 conatu

2057 4729 2236 4783 ιατρω.

2127 4779 2244 4857 (47)
2281 4786 2452 4853 Ἡμῖν.
2487 4780 2661 4857 Cois].
2690 4779 2922 4853 primus
2959 4786 3016 4837 et
3045 4781 3200 4857 Har].
3229 4783 3380 4857 Ἡμῖν
3411 4782 3492 4842 δέ.

2127 4856 2241 4925 (48)
2282 4859 2527 4925 Χείρους.
2565 4855 2728 4908 Hanc
2755 4867 2969 4909 vocem
2997 4854 3345 4912 addidimus
3375 4873 3447 4913 ex
3474 4863 3704 4931 septem

2053 4941 2200 4982 mss.

2128 4995 2239 5076 (49)
2273 4995 2551 5076 Ἐπέσχονι.
2580 4999 2665 5052 lta
2697 5001 2812 5076 tres
2828 4996 3229 5076 “vetustissimi
3260 4999 3520 5058 codices.
3554 5001 3707 5076 Editi

2055 5071 2343 5138 κατέσχον.
2401 5067 2605 5138 Paulo,
2640 5073 2774 5138 post
2823 5067 3008 5123 iidem
3055 5069 3294 5127 codices
3339 5089 3480 5129 cum
3515 5075 3706 5131 tribus

2058 5139 2188 5196 aliis
2218 5137 2352 5191 οὕτω
2383 5157 2502 5211 μου.
2533 5137 2680 5193 Editi
2707 5141 2871 5201 οὕτως
2899 5159 3020 5211 μου.

2129 5212 2242 5290 (5ῼ)
2275 5207 2781 5290 Προδιαμάρτοέμεν.
2817 5207 3141 5290 Nonmale
3170 5214 3485 5290 Vaticanus
3514 5215 3707 5290 codex

2059 5281 2218 5364 etad
2251 5281 2589 5364 marginem
2633 5281 3134 5364 Claromontanus
3173 5283 3704 5364 προδιαρπασθῶμεν,

2059 5355 2179 5409 nisi
2198 5354 2393 5424 prius
2447 5353 2721 5422 abripiar
2746 5359 2977 5424 gmorbo
3023 5353 3238 5413 visceri
3244 5359 3349 5414 bus
3370 5353 3706 5424 'insidente',

2061 5423 2235 5508 Nihil.
2260 5429 2462 5480 tamen
2507 5423 2868 5508 mutandum
2922 5426 3228 5508 duximus,
3265 5430 3428 5508 quia
3464 5427 3711 5508 vulgata

2061 5497 2355 5576 scriptura
2382 5511 2494 5576 nec
2533 5512 2645 5576 sua
2693 5502 2907 5576 sponte
2937 5498 3148 5555 vitiosa
3193 5497 3394 5568 estfet
3435 5497 3709 5573 pluribus

2061 5567 2328 5639 antiquis
2362 5567 2668 5623 codicibus
2694 5567 2917 5625 nititur.

2132 5637 2156 5660 *
2190 5637 2350 5694 Alias
2381 5639 2684 5694 CCCLXIX.
2713 5640 2945 5710 Scripta
2964 5655 3126 5698 anno
3155 5644 3280 5698 375.

2131 5710 2174 5737 ’⁸
2212 5709 2369 5771 Alias
2399 5711 2759 5770 CCCLXVIII.
2795 5709 3025 5786 Seripta
3047 5726 3211 5774 anno
3239 5717 3367 5772 375.
