4152 6388
485 285 587 340 707

1869 278 1926 335 S.
1959 277 2209 335 BASILII
2245 272 2338 334 MA
2348 277 2464 333 GNl

3745 279 3917 335 708

485 411 544 464 et
588 403 816 462 meritis
863 404 982 460 tuis
1012 403 1264 475 maiore,
1293 403 1537 460 veniam
1568 403 1678 459 tibi
1705 418 1742 458 a
1778 402 1958 458 nobis
1983 401 2136 458 dari.

2258 406 2352 454 τινὶ
2379 399 2686 473 ἐγχειρήσει
2718 402 2808 451 καὶ
2837 396 3220 473 ὑπερϐαινούσῃ
3250 418 3347 453 σου
3381 404 3478 459 τὴν
3509 399 3677 474 ἀξίαν,
3715 422 3908 473 συαγ-

489 498 703 552 Verum
728 494 1134 567 praetermissa
1182 494 1298 549 hac
1349 492 1563 559 ironia,
1599 492 1794 549 scribe
1850 491 2028 548 nobis
2061 491 2141 546 ad

487 603 733 644 omnem
777 585 1183 641 occasionem.
1232 585 1364 640 Sive
1416 585 1574 640 enim
1607 583 1963 654 eloquentiae
2020 597 2140 638 non

491 693 626 733 sum
678 690 916 747 expers,
968 673 1301 745 eloquentis
1339 673 1451 728 viri
1498 672 1722 728 litteras
1750 671 2141 727 libentissime

449 765 731 838 ,legam:
775 764 902 819 sive
961 768 1258 835 quantum
1307 762 1384 818 sit
1437 761 1748 817 charitatis
1802 760 2058 829 bonum,
2110 775 2142 815 θ

490 856 795 929 Scriptura
823 852 1026 922 didici,
1055 852 1326 909 maximo
1351 868 1601 925 prorsus
1625 853 1684 907 in
1711 852 1902 924 pretio
1923 855 2010 907 est
2039 850 2144 906 ho-

488 945 670 1002 minis
721 958 819 999 me
866 942 1168 1012 diligentis
1223 941 1614 1014 colloquium.
1646 941 1882 998 Utinam
1940 945 2143 996 autem

487 1032 833 1108 perscribas
857 1046 991 1104 qua!
1034 1030 1142 1087 tibi
1177 1046 1392 1103 precor
1421 1030 1605 1097 bona,
1625 1030 1897 1104 corporis
1918 1029 2144 1086 valetu-

487 1123 711 1193 dinem,
742 1136 812 1177 ac
833 1119 1052 1176 domus
1075 1120 1256 1176 totius
1286 1121 1748 1193 prosperitatem
1774 1120 1787 1175 !
1821 1122 1951 1176 lam
1977 1117 2145 1192 quod

487 1212 566 1269 ad
595 1226 690 1267 res
715 1213 955 1266 nostras
987 1213 1239 1282 spectat,
1273 1210 1422 1264 scito
1471 1225 1576 1265 eas
1627 1208 1802 1265 solito
1840 1224 1964 1264 non
2012 1223 2145 1264 esse

485 1300 940 1359 tolerabiliores.
989 1300 1141 1356 Satis
1177 1304 1380 1357 autem
1411 1301 1520 1356 erit
1559 1299 1674 1356 hoc
1701 1299 1919 1370 dicere,
1951 1303 2016 1355 ut
2041 1299 2145 1355 tibi

488 1391 759 1464 corporis
825 1389 1018 1445 nostri
1084 1388 1405 1444 infirmitas
1471 1388 1935 1444 demonstretur.
1995 1391 2146 1444 Nam

489 1480 686 1536 morbi
707 1494 870 1535 nunc
900 1477 1220 1533 detinentis
1269 1477 1774 1547 magnitudinem,
1804 1493 1914 1532 nec
1943 1477 2144 1533 verbis

488 1570 904 1626 demonstrare
932 1565 1126 1629 facile,
1157 1582 1268 1622 nec
1298 1583 1362 1622 re
1395 1567 1760 1638 persuadere
1799 1588 1811 1622 :
1845 1565 2147 1639 siquidem

487 1659 562 1716 iis
589 1675 726 1731 quae
758 1671 1033 1725 noveras,
1065 1657 1264 1727 majus
1304 1656 1624 1729 quidpiam
1674 1673 1709 1712 a
1738 1656 1916 1712 nobis
1946 1655 2024 1712 ad
2053 1656 2148 1712 in-

489 1746 833 1804 ﬁrmitatem
869 1747 1181 1801 inventum
1212 1749 1322 1802 est.
1373 1748 1507 1801 Jam
1557 1746 1655 1801 Dei
1695 1745 1841 1801 boni
1870 1760 2025 1818 opus
2058 1748 2150 1802 est

488 1835 647 1893 vires
677 1835 826 1891 mihi
881 1833 1178 1903 sufﬁcere,
1214 1839 1280 1890 ut
1309 1836 1604 1907 patienter
1651 1834 1841 1890 feram
1890 1833 2146 1891 inﬂictas

491 1926 760 1999 corporis
787 1925 866 1982 ad
907 1930 1181 1981 nostram
1224 1925 1544 1983 utilitatem
1573 1925 1787 1999 plagas
1819 1925 1898 1984 ab
1925 1941 1997 1983 eo
2041 1925 2148 1999 qui

488 2015 644 2072 bene
672 2014 852 2072 nobis
878 2013 1022 2071 facit
1043 2017 1185 2071 Deo.

1014 2157 1358 2214 EPISTOLA
1397 2157 1618 2214 CXCV‘.

2247 496 2462 563 γνώμης
2511 489 2633 564 παρ’
2674 491 2820 561 ἡμῶν
2875 491 3174 560 τυγχάνειν.
3222 489 3400 559 Ἀλλὰ,
3447 499 3543 552 τῆς
3595 492 3912 567 εἰρωνείας

2251 583 2445 642 ταύτης
2471 578 2733 652 ἀφέμενος,
2757 577 3019 631 ἐπίστελλε
3048 580 3169 650 ὑμῖν
3201 576 3296 631 διὰ
3319 583 3499 642 πάσης
3527 585 3902 654 προφάσεως.

2250 672 2368 721 Εἴτε
2396 672 2494 742 γὰρ
2545 670 2670 741 ἡμῖν
2701 668 2864 740 λόγων
2895 672 3152 740 μέτεστιν,
3205 665 3407 728 ἣδιστα
3452 669 3628 742 λογίου
3663 669 3910 746 ἀνδρὸς

2249 760 2558 832 γράμμασιν
2607 757 2943 829 ἐντευξόμεθα
2971 758 3117 828 (51)⁸
3152 761 3251 810 εἴτε
3300 763 3390 811 καὶ
3418 763 3476 812 τὸ
3507 769 3602 822 τῆς
3645 761 3907 833 ἀγάπης

2251 846 2403 899 καλὸν
2434 849 2554 900 ὅσον
2581 846 2713 918 ἐστὶ,
2744 849 2888 920 παρὰ
2932 855 3022 907 τῆς
3070 853 3274 923 Γραφῆς
3319 845 3733 922 πεπαιδεύμεθα,
3765 857 3904 903 τοῦ

2250 941 2443 999 παντὸς
2473 936 2622 998 ἀξίαν
2645 938 2889 1009 τιθέμεθα
2914 933 3106 1010 ἀνδρὸς
3133 935 3435 1009 ἀγαπῶντος
3455 941 3596 1012 ἡμᾶς
3623 940 3899 1013 ὁμιλίαν.

2253 1029 2344 1084 Εἶη
2378 1024 2438 1080 δέ
2471 1046 2527 1079 σε
2555 1025 2823 1098 γράφεινξᾶ
2847 1025 3112 1099 εὐχόμεθά
3136 1046 3220 1079 σοι
3251 1026 3443 1100 ἀγαθὰ,
3467 1031 3643 1100 ὑγείαν
3678 1036 3900 1102 σώμα-

2251 1136 2358 1184 τος,
2397 1121 2486 1168 καὶ
2527 1116 2765 1173 εὐθηνίαν
2805 1118 2950 1168 οἴκου
2980 1116 3199 1178 παντοςῐ
3233 1120 3309 1170 Τὰ
3336 1114 3396 1169 δὲ
3425 1120 3650 1192 ἡμέτερα
3685 1116 3895 1192 μηδὲν

2253 1204 2556 1279 ἁνεκτὸτερα
2613 1210 2839 1277 γίνωσκε
2894 1212 2988 1267 τῆς
3030 1209 3310 1268 συνηθείας
3373 1203 3521 1264 εἶναι.
3569 1209 3742 1282 Ἀρκεῖ
3806 1206 3898 1261 δὲ

2252 1303 2496 1349 τοσοῦτον
2554 1294 2734 1364 εἰπεῖν,
2796 1299 2886 1346 καὶ
2933 1291 3266 1357 ἐνδείξασθαί
3316 1316 3401 1349 σοι
3465 1304 3557 1349 τοῦ
3613 1303 3896 1371 σώματος

2254 1387 2401 1458 ἡμῶν
2431 1389 2524 1444 τὴν
2557 1383 2841 1438 ἀσθένειαν.
2864 1389 2969 1442 Τὴν
2999 1387 3101 1459 γὰρ
3131 1393 3220 1437 νῦν
3249 1391 3584 1458 κατέχουσαν
3614 1389 3750 1461 ἡμᾶς
3793 1389 3896 1452 εἰς

2254 1478 2312 1526 τὸ
2345 1472 2626 1549 ἀρρωστεῖν
2655 1471 2964 1546 ὑπερϐολὴν,
2992 1476 3108 1525 οὔτε
3136 1472 3273 1545 λόγῳ
3305 1472 3610 1538 ἐδείξασθαι
3645 1473 3885 1550 ῥᾴδιον,

2257 1565 2374 1616 οὔτε
2421 1566 2555 1637 ἔργῳ
2584 1563 2866 1620 πεισθῆναι
2889 1582 2901 1594 ·
2955 1565 3092 1635 εἴπερ
3144 1561 3366 1632 ἐκείνων,
3395 1561 3463 1615 ὧν
3501 1565 3656 1628 αὐτὸς
3685 1564 3884 1640 ᾔδεις,

2257 1654 2437 1728 εὑρέθη
2462 1671 2513 1704 τι
2538 1650 2708 1704 πλεῖον
2734 1650 2858 1724 παρ’
2890 1653 3035 1723 ἡμῶν
3067 1651 3133 1712 εἰς
3154 1650 3473 1726 ἀρρωστίαν.
3509 1662 3647 1708 Θεοῦ
3675 1652 3737 1708 δέ
3764 1663 3888 1709 τοῦ

2259 1740 2458 1812 ἀγαθοῦ
2493 1742 2640 1812 ἔργον
2674 1735 2857 1791 δοῦναι
2881 1741 3007 1811 ἡμῖν
3040 1735 3283 1812 δύναμιν,
3303 1743 3429 1816 πρὸς
3454 1745 3512 1794 τὸ
3543 1741 3591 1794 ἐν
3622 1745 3880 1818 ὑπομονῇ

2257 1834 2423 1903 φέρειν
2450 1831 2540 1889 τὰς
2569 1827 2653 1880 ἐπὶ
2687 1832 3000 1900 συμφέροντι
3026 1829 3150 1900 ημῖν
3173 1827 3489 1902 ἐπαγομένας
3511 1831 3583 1894 εἰς
3611 1835 3672 1884 τὸ
3702 1841 3884 1903 σῶμα

2256 1919 2461 1991 πληγὰς
2485 1919 2630 1991 παρὰ
2648 1924 2740 1970 τοῦ
2770 1917 3155 1990 εὐεργετοῦντος
3181 1919 3320 1991 ἡμᾶς
3353 1923 3568 1996 Κυρίου.

2793 2157 3134 2207 ΕΠΙΣΤΟΛΠ
3171 2137 3317 2214 PSE'.

544 2285 858 2341 Rationem
881 2281 1079 2339 reddit
1109 2283 1376 2339 Basilius
1402 2297 1513 2339 cur
1541 2297 1684 2340 raro
1714 2281 1990 2340 scribat:
2015 2280 2096 2339 ad
2116 2276 2545 2351 postutandum
2577 2292 2615 2334 a
2639 2279 2757 2335 Deo
2789 2278 3046 2335 reditum
3076 2279 3484 2350 episcoporum
3515 2279 3826 2337 hortatur.

663 2423 1041 2493 Euphronio,
1068 2423 1340 2493 episcopo
1367 2423 1635 2480 Colonia:
1663 2424 1987 2480 Armenia.

563 2549 887 2620 Propterea
913 2547 1080 2620 quod
1110 2547 1290 2617 longe
1316 2548 1531 2604 dissita
1572 2552 1662 2604 est
1690 2564 1727 2605 a
1752 2548 1860 2604 viis
1891 2545 2150 2620 publicis

494 2636 765 2706 Colonia,
797 2652 986 2709 quam
1020 2636 1123 2693 tibi
1152 2637 1440 2693 Dominus
1474 2637 1935 2709 gubernandam
1968 2635 2154 2693 credi-

493 2727 598 2793 dit,
627 2727 862 2783 etiamsi
922 2741 1082 2798 saepe
1131 2729 1359 2782 caeteris
1409 2727 1660 2783 minoris
1692 2727 1989 2783 Armenias
2036 2725 2153 2782 fra-

493 2817 682 2874 tribus
714 2816 998 2883 scribam,
1029 2831 1187 2886 aegre
1219 2822 1420 2874 tamen
1451 2817 1529 2875 ad
1558 2823 1724 2874 tuam
1756 2819 2038 2890 pietatem
2059 2816 2148 2873 lit-

492 2909 651 2962 teras
675 2905 870 2974 mitto,
895 2905 1204 2961 neminem
1248 2921 1504 2978 sperans
1545 2906 1837 2972 futurum,
1865 2905 1970 2978 qui
2017 2905 2150 2961 illas

492 3009 564 3050 eo
593 3009 791 3066 usque
822 2992 1102 3066 perferat.
1137 2995 1282 3050 Cum
1328 3000 1532 3051 autem
1567 3011 1731 3050 nunc
1763 3011 2002 3066 sperem
2047 2997 2151 3050 aut

2459 2422 2742 2495 Εὐφρονίῳ,
2776 2420 3046 2492 ἐπισκὸπῳ
3076 2420 3355 2482 Κολωνείας
3386 2423 3676 2498 Ἀρμενίας.

2332 2547 2427 2598 Διὰ
2451 2549 2508 2598 τὸ
2538 2547 2743 2620 μακρὰν
2773 2543 3076 2617 ἀπῳκίσθαι
3103 2553 3204 2597 τῶν
3226 2542 3543 2620 ὀδευομένων
3573 2551 3738 2600 τόπων
3761 2551 3862 2607 τὴν

2260 2634 2564 2701 Κολώνειαν,
2595 2639 2656 2694 ἥν
2687 2636 2713 2687 ὁ
2754 2637 2944 2711 Κύριος
2990 2631 3179 2687 ἔδωκεν
3230 2637 3330 2688 ύπό
3383 2640 3464 2688 σοὶ
3507 2633 3866 2704 διιθύνεσθαι,

2257 2723 2505 2787 πολλάκις
2554 2723 2647 2776 κᾶν
2690 2730 2798 2786 τοῖς
2836 2722 3012 2784 α”λλοις
3061 2720 3298 2797 ἀδελφοῖς
3346 2724 3719 2798 ἕπιστέλλωμεν
3758 2733 3870 2788 τοῖς

2257 2816 2394 2866 κατὰ
2421 2817 2509 2872 τὴν
2541 2816 2732 2888 μικρὰν
2766 2814 3058 2888 Ἀρμενίαν,
3113 2812 3343 2887 ὀκνηρῶς
3389 2818 3656 2887 πέμπομεν
3684 2819 3867 2890 γράμ-

2257 2924 2400 2978 ματα
2428 2908 2557 2977 πρὸς
2586 2909 2679 2962 τὴν
2722 2902 2985 2957 εύλάϐειάν
3028 2922 3142 2975 σου,
3172 2901 3377 2977 μηδένα
3406 2903 3703 2968 ἐλπίζοντες
3731 2904 3870 2960 εἶναι

2257 2996 2344 3045 τὸν
2371 2997 2561 3068 μέχρις
2592 2991 2792 3045 ἐκείνων
2821 2989 3222 3065 διακομίζοντα,
3255 2993 3407 3047 Ἀλλὰ
3431 3001 3519 3044 νῦν
3549 2995 3578 3053 ἣ
3615 2994 3771 3046 αὐτόν
3807 3015 3870 3048 σε

491 3087 550 3140 te
575 3083 949 3150 adfuturum,
987 3087 1092 3138 aut
1121 3084 1440 3155 epistolam
1480 3085 1558 3141 ab
1597 3084 1898 3156 episcopis
1927 3083 2149 3156 quibus

2258 3085 2583 3158 παρέσεσθαι
2637 3077 3072 3158 προσδοκῶντες,
3127 3083 3156 3142 ἢ
3220 3079 3719 3156 διαπεμφθὴσεσθαι
3766 3088 3866 3143 τὴν

493 3173 712 3245 scribo,
743 3189 874 3228 esse
902 3172 1073 3243 287
1105 3174 1182 3228 ad
1228 3179 1282 3228 te
1323 3173 1886 3243 transmittendam;
1930 3178 1986 3230 et
2033 3178 2150 3229 tua;

491 3261 693 3319 scribo
732 3261 956 3333 pietati,
989 3267 1046 3317 et
1098 3266 1152 3317 te
1199 3277 1308 3333 per
1360 3261 1586 3318 litteras
1634 3261 1870 3330 saluto;
1902 3279 2042 3318 cum
2095 3266 2150 3318 te

492 3351 806 3407 certiorem
837 3349 1064 3406 faciens
1115 3350 1308 3406 videri
1364 3367 1461 3406 me
1519 3351 1716 3407 adhuc
1754 3351 1815 3407 in
1841 3357 1999 3408 terra
2027 3367 2152 3407 ver-

492 3440 645 3507 sari;
713 3443 844 3494 tum
906 3439 1258 3501 adhortans,
1313 3455 1425 3512 pro
1473 3457 1571 3496 me
1632 3445 1698 3496 ut
1749 3442 2032 3513 preceris,
2086 3444 2152 3496 ut

492 3543 798 3585 aerumnas
851 3543 923 3583 ac
983 3526 1360 3584 calamitates
1427 3528 1663 3585 minuat
1728 3529 2040 3597 Dominus,
2096 3532 2154 3585 et

489 3617 820 3674 vehemens
872 3616 1020 3672 illud
1051 3616 1280 3673 doloris
1339 3617 1606 3690 pondus,
1653 3634 1818 3675 nunc
1866 3619 2152 3675 cordibus

489 3707 713 3764 nostris
751 3706 1182 3773 incumbentis,
1233 3707 1414 3764 veluti
1467 3707 1696 3764 nubem
1729 3710 2086 3781 quamdam,
2116 3725 2153 3764 a

488 3797 667 3854 nobis
700 3796 1079 3853 submoveat.
1133 3797 1257 3853 Hoc
1307 3803 1510 3855 autem
1556 3799 1882 3870 continget,
1915 3799 1965 3855 si
2004 3799 2153 3854 cele-

491 3902 617 3943 rem
683 3885 784 3942 det
841 3886 1101 3942 reditum
1157 3886 1628 3957 religiosissimis
1686 3888 2006 3961 episcopis,
2047 3887 2153 3960 qui

488 3991 652 4032 nunc
683 3975 944 4048 dispersi
965 3980 1126 4044 sunt,
1161 3993 1376 4048 poenas
1401 3993 1511 4051 pro
1542 3980 1765 4052 pietate
1794 3977 2150 4052 pendentes.

988 4135 1334 4193 EPISTOLA
1374 4138 1643 4194 CXCVI“.

2260 3172 2538 3231 ἐπιστολὴν
2581 3173 2726 3245 παρὰ
2773 3180 2872 3223 τῶν
2927 3170 3222 3224 ἐπισκόπων
3251 3173 3328 3234 οἷς
3361 3172 3742 3246 ἐπεστείλαμεν,
3770 3179 3865 3227 καὶ

2257 3264 2520 3337 γράφομεν
2549 3269 2610 3333 τῇ
2641 3259 2878 3333 εὐλαϐείᾳ
2920 3279 3034 3327 σου,
3067 3267 3157 3314 καὶ
3198 3265 3655 3337 προσαγορεύομεν
3686 3283 3743 3316 σε
3771 3259 3868 3316 διὰ

2259 3352 2352 3404 τοῦ
2380 3353 2711 3426 γράμματος,
2765 3351 2893 3422 ὁμοῦ
2933 3352 3025 3422 μὲν
3077 3356 3436 3424 σημαίνοντες,
3475 3354 3555 3404 ὅτι
3610 3349 3867 3425 δοκοῦμεν

2259 3443 2337 3494 ἔτι
2367 3439 2496 3493 εἶναι
2539 3441 2665 3513 ὑπὲρ
2715 3447 2811 3500 τῆς
2859 3448 2972 3511 γῆς,
3003 3441 3131 3513 ὁμοῦ
3161 3438 3218 3493 δὲ
3248 3441 3666 3517 παρακαλοῦντες
3690 3462 3867 3518 προσ-

2261 3531 2516 3603 εύχεσθαι
2580 3531 2708 3601 ὑπὲρ
2758 3530 2926 3601 ἡμῶν,
2984 3530 3067 3581 ἵνα
3117 3531 3142 3581 ὁ
3208 3533 3397 3604 Κύριος
3455 3529 3724 3604 ἐλαττώσῃ
3770 3534 3870 3594 τὰς

2262 3618 2480 3690 θλίψεις,
2511 3624 2600 3670 καὶ
2631 3621 2688 3670 τὸ
2717 3617 2847 3670 πολὺ
2887 3626 3040 3671 τοῦτο
3072 3617 3236 3692 βάρος
3265 3628 3357 3681 τῆς
3403 3617 3596 3683 ὀδύνης
3637 3629 3734 3683 τῆς
3774 3629 3866 3673 νῦν

2261 3708 2586 3782 ἐπικειμένης
2610 3716 2726 3769 ταῖς
2750 3704 3001 3782 καρδίαις
3023 3711 3052 3767 ἡ
3060 3717 3189 3782 μῶν,
3215 3710 3322 3762 οἷον
3345 3730 3396 3762 τι
3416 3714 3579 3784 νέφος,
3609 3710 3693 3784 ἀφ’
3717 3714 3864 3784 ἡμῶν

2263 3797 2533 3870 ἀπαγάγῃ.
2553 3796 2743 3850 Ἔσται
2770 3793 2828 3850 δὲ
2847 3805 2997 3850 τοῦτο
3028 3797 3112 3850 ἐὰν
3132 3805 3351 3870 ταχεῖαν
3383 3796 3418 3852 δ
3422 3808 3460 3870 ῷ
3486 3804 3580 3859 τὴν
3612 3798 3863 3853 ἐπάνοδον

2261 3895 2370 3950 τοῖς
2431 3887 2845 3959 θεοφιλεστάτοις
2897 3886 3225 3952 ἐπισκόποις,
3276 3887 3324 3941 οἳ
3379 3897 3466 3941 νῦν
3516 3889 3649 3942 εἰσιν
3705 3889 3754 3942 ἐν
3796 3898 3860 3964 τῇ

2266 3973 2554 4051 διασπορᾷ,
2585 3973 2620 4029 δ
2625 3995 2742 4039 ικας
2773 3972 3013 4040 διδόντες
3041 3979 3167 4052 ὑπὲρ
3193 3985 3291 4040 τῆς
3313 3978 3596 4040 εὐσεϐείας.

2799 4142 3141 4192 ΕΠΙΣΤΟΛΗ
3183 4123 3325 4203 Ρίνςε

492 4257 765 4316 Basilius
791 4257 1062 4330 Aburgio
1092 4261 1450 4330 gratulatur
1475 4277 1732 4338 summos
1764 4261 2041 4338 honores,
2069 4277 2523 4338 acprosperum
2556 4263 2781 4338 incepti
2803 4265 3032 4320 exitum
3061 4270 3369 4334 precatur,
3391 4279 3568 4338 seque
3590 4265 3869 4337 gravissi-

1614 4335 1722 4390 mis
1752 4334 1971 4391 morbis
2000 4335 2381 4392 debilitatum
2410 4335 2736 4407 signiﬁcat.

1167 4474 1462 4548 Aburgio.

565 4614 841 4672 Prosilire
889 4617 947 4672 te
1013 4615 1202 4672 instar
1265 4616 1597 4688 stellarum,
1657 4618 1842 4675 modo
1887 4618 1948 4675 in
2015 4619 2156 4690 hac,

494 4703 682 4760 modo
738 4704 801 4760 in
857 4704 958 4761 illa
1013 4705 1419 4763 barbarorum
1460 4708 1705 4777 regione
1737 4714 2155 4781 apparentem,

494 4807 659 4848 nunc
680 4793 928 4866 quidem
943 4811 1251 4852 annonam
1267 4795 1556 4852 militibus
1573 4796 2155 4866 subministrantem,

496 4896 662 4938 nunc
717 4898 862 4940 vero
941 4885 1292 4957 imperatori
1353 4886 1417 4943 in
1491 4886 1811 4960 splendido
1860 4893 2158 4961 apparatu

567 5308 614 5407 ξ.
631 5319 794 5407 Alias
823 5321 1079 5407 999.311;
1104 5312 1337 5407 ερτίρίεε
1549 5321 1674 5407 37's.

569 5394 614 5418 “
643 5393 804 5468 Alias
837 5394 1102 5468 CCQLIX.
1127 5393 1359 5468 Scripta
1379 5415 1540 5456 anno
1571 5405 1700 5456 375.

566 5467 679 5544 (si)
740 5465 1129 5544 Ἐντευξόμεθα.
1188 5465 1282 5544 _Sic
1315 5485 1495 5544 “mss.
1553 5471 1820 5544 codices,
1859 5476 1932 5544 et
1962 5472 2162 5544 prima

501 5536 683 5659 edoitio
741 5536 1121 5594 Parisiensis.
1190 5541 1427 5609 Legitur
1481 5541 1544 5597 in
1599 5543 1866 5601 secunda
1917 5536 2163 5608 ἔντευξοί-

501 5626 562 5659 με
601 5627 652 5659 α.

500 5626 652 5678 μευα.

573 5677 676 5750 (52)
735 5683 1092 5755 Στρατιωτικὰ
1144 5684 1470 5762 παρέχοντα.
1527 5685 1622 5745 Sic
1681 5685 1838 5745 Harl.
1899 5689 1959 5746 et
1995 5689 2156 5747 uter-

2908 4477 3218 4554 Ἀϐουργίῳ.

2337 4622 2568 4694 Διάττειν
2629 4641 2685 4674 σε
2735 4642 2800 4683 ως
2855 4625 2976 4685 τοὺς
3039 4621 3279 4696 ἀστέρας,
3333 4622 3512 4676 άλλοτε
3574 4625 3687 4678 κατ’
3746 4624 3868 4678 ἄλλο

2265 4714 2416 4784 μέρος
2468 4719 2558 4772 τῆς
2617 4710 2951 4787 βαρϐαρικῆς
3005 4711 3316 4785 ἀνίσχοντα,
3384 4721 3472 4765 νῦν
3529 4717 3618 4787 μὲν
3663 4719 3872 4788 σιτηρέ-

2268 4819 2360 4852 σια
2417 4804 2775 4874 στρατιωτικὰ
2825 4807 3130 4876 παρέχοντα
3185 4805 3352 4874 (52),
3403 4811 3492 4856 νῦν
3546 4799 3606 4856 δὲ
3658 4803 3874 4877 βασιλεί

2264 4895 2564 4962 φαινόμενον
2639 4893 2770 4963 μετὰ
2836 4891 3077 4966 λαμπροῦ
3128 4899 3219 4945 τοῦ
3278 4898 3552 4966 σχήματος
3582 4937 3597 4966 ,
3669 4897 3699 4953 ἠ
3770 4901 3873 4946 τῶν

2267 5335 2386 5403 (me
2419 5325 2592 5407 Cpisl.
2625 5347 2764 5407 cum
2803 5322 2947 5407 Reg.
2987 5321 3276 5407 secundo.
3320 5321 3586 5407 Editi-rc;
3616 5344 3873 5407 στρατιω·

2267 5411 2420 5478 τικῷ.
2454 5405 2636 5478 Saepe
2675 5404 2735 5459 in
2775 5404 3325 5478 provinciasJextra
3367 5405 3642 5478 ordinem
3678 5404 3873 5461 mitte-

2268 5473 2490 5548 bantur
2525 5473 2640 5548 qui
2697 5473 3007 5532 annonam
3047 5476 3366 5532 militarem
3415 5476 3769 5548 expedirent
3819 5479 3878 5548 et

2270 5545 2614 5620 diligentius
2649 5553 2958 5620 curarent,
3001 5552 3067 5603 ut
3112 5548 3287 5604 docet
3334 5545 3736 5620 Gothofredus
3795 5546 3876 5604 ad

2268 5617 2373 5674 lib.
2425 5634 2504 5693 vi:
2553 5619 2688 5675 cod.
2719 5617 2951 5693 Theod.‘
2995 5621 3226 5693 Munus“
3255 5619 3558 5691 ejusmodi
3602 5619 3875 5693 Aburgio

2272 5690 2670 5749 commissum
2691 5691 3029 5763 gratulatur
3052 5690 3334 5750 Basilius.-
