4152 6382
333 288 445 343 709

1287 277 1788 337 EPISTOLARUM
1827 274 2113 338 CLASSIS
2152 281 2220 337 Il.
2261 282 2473 340 EPIST.
2517 283 2765 342 CXCVII.

3597 297 3704 353 710

334 410 548 482 ἀγαθῶν
598 406 814 480 ἅγγελος
887 411 1032 480 φήμη
1118 405 1444 478 ἀγγέλλουσα
1524 408 1647 477 ημῖν
1709 405 1825 473 (53)
1877 403 1931 456 οὐ

2045 409 2366 475 astantem,
2412 409 2625 464 nuntia
2666 409 2972 468 bonorum
3030 413 3196 472 fama
3248 417 3426 474 nobis
3455 435 3702 479 narrare

333 497 620 554 διαλείπει.
689 497 969 570 Εὗχόμεθα
1023 492 1082 550 δὲ
1145 505 1216 567 τῷ
1283 501 1410 567 Θεῷ,
1469 494 1608 568 κατ-ἐι
1639 494 1789 566 λόγον

336 612 424 644 σοι
454 595 746 664 προίοῦσαν
773 592 861 646 τήν
892 591 980 644 τήν
1013 585 1369 659 ἐπιχείρησιν,
1404 585 1487 638 ἐπὶ
1513 590 1647 658 μέγα
1677 605 1734 636 σε
1755 584 1938 660 προελ-

335 683 464 748 θεῖν,
507 683 598 731 καὶ
643 677 868 750 φανῆναί
923 695 1048 729 ποτε
1113 684 1174 748 τῇ
1232 671 1457 748 πατρίδι
1506 677 1599 736 ἕως
1630 673 1779 746 ἐσμεν
1811 676 1936 749 ὑπὲρ

329 778 454 843 γῆς,
527 773 618 820 καὶ
683 770 770 818 τὸν
818 764 942 840 ἀέρα
985 773 1166 818 τοῦτον
1225 763 1495 837 ἀνέλκομεν
1542 765 1676 834 (55).
1737 771 1935 816 Τοσοῦ-

329 879 421 913 τον
467 861 571 931 γὰρ
599 859 838 930 μέτεστιν
865 857 990 928 ἡμῖν
1017 862 1109 907 τοῦ
1138 852 1284 928 βίου,
1317 856 1438 907 ὅσον
1480 857 1716 906 ἀναπνεῖν
1758 857 1932 926 μόνον.

836 1039 1174 1088 ΕΠΙΣΤΟΛΗ
1206 1032 1355 1121 PLIZ"

2049 511 2172 551 non
2204 502 2422 552 cessat.
2466 501 2651 554 Deum
2685 505 2885 556 autem
2918 519 3146 576 precor,
3179 511 3265 575 ut,
3313 507 3550 580 incepto
3593 511 3702 568 tibi

2048 600 2158 656 pro
2213 587 2439 642 meritis
2494 588 2872 652 succedente.
2929 593 3004 648 ad
3055 610 3348 665 magnum
3405 598 3700 670 quiddam

2049 675 2361 745 eveharis;
2412 682 2468 734 et
2525 678 2770 735 tandem
2817 680 3145 755 aliquando
3195 688 3586 760 conspiciaris
3636 691 3700 747 in

2047 766 2258 837 patria,
2293 766 2441 823 dum
2489 768 2549 823 in
2597 769 2764 825 terris
2807 788 3014 828 versor
3061 779 3239 848 atque
3288 777 3450 834 hunc
3497 795 3700 838 aerem

2045 853 2229 912 duco.
2298 860 2362 911 In
2416 857 2534 913 hoc
2581 859 2742 915 enim
2770 863 3006 918 tantum
3031 863 3168 920 vitae
3199 867 3499 942 particeps
3539 885 3697 939 sum,

2046 945 2212 1016 quod
2235 947 2485 1019 respiro.

2554 1039 2892 1097 EPISTOLA
2931 1041 3196 1099 CXCVII‘.

332 1142 688 1202 Ambrosius
709 1140 902 1197 misszs
923 1141 1156 1195 clericis
1188 1140 1482 1194 Basilium
1513 1143 1845 1219 rogaverat,
1872 1142 1936 1192 ut
1965 1137 2080 1192 sibi
2107 1155 2323 1209 corpus
2353 1140 2510 1196 beati
2531 1144 2807 1270 Βὶοςηχείὶ
2835 1147 3303 1208 Mediolanensis
3319 1153 3694 1226 redderetur,

409 1213 724 1270 respondet
764 1214 891 1270 eius
943 1213 1161 1267 litteris
1206 1212 1492 1270 Basilius,
1538 1209 1875 1265 mirabilem
1914 1211 2274 1270 gratulatur
2305 1214 2665 1270 electionem.
2732 1223 2971 1270 artatur
3005 1221 3086 1270 ad
3118 1222 3371 1270 Patrum
3401 1229 3694 1270 ςρηηρηηιη

409 1213 724 1282 respondet
764 1214 891 1282 ejus
943 1213 1161 1267 litteris
1206 1212 1492 1274 Basilius,
1538 1209 1875 1265 mirabilem
1914 1211 2274 1282 gratulatur
2305 1214 2665 1279 electionem,

2732 1223 2971 1297 artatur
3005 1221 3371 1297 acl__Palrum
3401 1221 3697 1297 sequenda

411 1281 1041 1370 yestigiaanarcaque
1083 1289 1388 1348 αεειιναιε,
1423 1282 1985 1370 ηαρῖτιὶοᾴοῄςρνριιξᾼ
2011 1281 2171 1370 beati
2203 1285 2480 1370 Dionysii
2516 1287 2880 1370 a‘ﬁdelibus,
2915 1294 3021 1360 qui
3048 1293 3210 1370 illud
3252 1281 3696 1370 custodiebant:

405 1353 792 1428 impetratum
821 1353 1031 1424 fuerit,
1066 1369 1136 1410 ac
1161 1370 1330 1411 veras
1360 1368 1480 1410 esse
1507 1355 1673 1409 illius
1700 1353 1990 1423 reliquias
2018 1363 2335 1426 asseverat,
2361 1360 2416 1412 et
2446 1360 2788 1415 certissimis
2817 1353 3183 1433 argumentis
3215 1353 3551 1436 conﬁrmat.

617 1461 940 1535 ’Λμϐροσίῳ,
984 1460 1253 1532 ἐπισκόπῳ
1291 1456 1406 1514 Med
1415 1459 1485 1512 ιο)
1495 1462 1624 1512 άνων
1636 1501 1648 1514 .

403 1559 453 1610 1.
497 1552 735 1626 Μεγάλαι
783 1553 863 1604 ἀεὶ
901 1555 990 1603 καὶ
1034 1551 1218 1603 πολλαὶ
1257 1559 1349 1602 τοῦ
1401 1554 1660 1602 Δεσπότου
1700 1551 1847 1622 ἡμῶν
1881 1551 1935 1602 αἱ

324 1641 544 1720 δωρεαὶ,
600 1647 690 1694 καὶ
756 1641 873 1694 οὔτε
930 1643 987 1692 τὸ
1040 1642 1253 1713 μέγεθος
1288 1641 1455 1692 αὐτῶν
1505 1643 1780 1713 μετρητὸν,
1817 1642 1933 1691 οὔτε

321 1737 384 1788 τὸ
408 1733 608 1794 πλῆθος
636 1730 945 1804 ἀριθμητὸν.
988 1735 1099 1783 Μία
1151 1726 1208 1782 δὲ
1273 1738 1374 1782 τῶν
1431 1734 1691 1802 μεγίστων
1725 1725 1932 1802 δωρεῶν

2307 1463 2640 1530 Ambrosio,
2665 1467 2935 1536 episcopo
2961 1469 3416 1530 Mediolanensi.

2117 1554 2164 1604 1.
2199 1552 2410 1620 Magna
2440 1567 2680 1625 semper
2708 1559 2766 1610 et
2795 1556 2984 1613 multa
3015 1560 3250 1617 Domini
3280 1564 3472 1618 nostri
3509 1564 3695 1635 dona,

2041 1652 2152 1693 nec
2183 1655 2392 1694 eorum
2436 1642 2916 1712 magnitudinem
2956 1649 3170 1716 metiri,
3213 1655 3318 1707 aut
3364 1653 3697 1710 multitudi-

2041 1741 2180 1782 nem
2211 1729 2302 1784 fas
2347 1734 2434 1785 est
2464 1746 2802 1788 numerare.
2844 1736 3039 1790 Unum
3071 1743 3273 1794 autem
3304 1756 3376 1796 ex
3411 1743 3697 1800 maximis

320 1824 439 1879 ἐστι
483 1832 590 1884 τοῖς
631 1823 958 1884 εὐαισθήτως
1016 1817 1325 1894 δεχομένοις
1353 1823 1446 1882 τὰς
1498 1822 1731 1895 χάριτας
1759 1825 1849 1871 καὶ
1896 1820 1926 1877 ἡ

2045 1815 2238 1886 donis,
2269 1818 2416 1873 illud
2459 1820 2640 1875 etiam
2675 1827 2764 1878 est
2793 1823 2888 1878 his
2930 1825 3034 1897 qui
3065 1841 3188 1882 non
3220 1830 3347 1885 sine
3377 1847 3562 1888 sensu
3590 1833 3696 1890 be-

319 1921 574 1991 παροῦσα
604 1911 759 1982 αὕτη,
793 1913 874 1964 ὅτι
907 1911 1149 1964 πλεῖστον
1188 1913 1302 1979 (56)
1346 1912 1485 1982 ἡμᾶς
1536 1918 1599 1982 τῇ
1655 1912 1792 1962 θέσει
1839 1915 1930 1960 τοῦ

321 2009 488 2058 τόπου
538 1999 894 2076 διῃρημένους
936 1996 1124 2052 ἔδωκεν
1170 1998 1409 2061 ἀλλήλοίς
1449 2001 1806 2052 συνάπτεσθαι
1838 1995 1934 2050 δία

324 2102 418 2156 τῆς
475 2091 522 2145 ἐν
561 2098 668 2152 τοῖς
720 2092 1003 2163 γράμμασι
1058 2094 1496 2162 προσφωνήσεως.
1549 2093 1652 2142 Καὶ
1690 2094 1930 2161 γνώσεως

322 2188 510 2258 τρόπον
569 2177 748 2234 διττὸν
801 2182 926 2252 ἡμῖν
987 2177 1323 2254 ἐχαρίσατο’
1386 2180 1473 2231 ἕνα
1538 2181 1627 2251 μεν
1695 2175 1789 2231 δίὰ
1839 2185 1931 2238 τῆς

327 2277 636 2344 σνντυχίας,
687 2271 855 2344 ἕτερον
923 2264 982 2321 δὶ
1034 2272 1122 2321 τὸν
1197 2264 1291 2320 διὰ
1344 2275 1440 2330 τῆς
1485 2276 1577 2321 τοῦ
1625 2269 1932 2341 γράμματος

321 2362 548 2436 ὁμιλίας.
591 2361 734 2414 Ἐπεὶ
783 2355 871 2411 οὖν
917 2359 1270 2431 ἐγνωρίσαμεν
1331 2375 1390 2409 σε
1447 2353 1520 2410 δι’
1560 2357 1626 2407 ὧν
1680 2355 1926 2429 ἐφθέγξω.

318 2457 409 2506 καὶ
452 2451 823 2524 ἐγνωρίσαμεν,
868 2447 926 2500 οὐ
969 2451 1056 2500 τὸν
1103 2449 1401 2520 σωματικόν
1451 2454 1774 2521 χαρακτῆρα
1814 2453 1929 2508 ταῖς

323 2546 560 2615 μνήμαις
623 2536 771 2611 ἠμῶν
827 2538 1264 2608 ἐνττπωσάμενοι,
1335 2535 1462 2587 ἀλλὰ
1517 2543 1610 2587 τοῦ
1678 2537 1780 2587 ἔσω
1838 2534 1928 2587 ἆν-

328 2632 539 2704 θρὼπου
584 2631 643 2680 τὸ
706 2626 894 2688 κάλλος
950 2633 1012 2698 τῇ
1065 2624 1301 2697 ποικιλίᾳ
1332 2633 1432 2676 τῶν
1488 2624 1651 2696 λογων
1694 2644 1930 2697 καταμα-

331 2721 526 2783 θόντες,
590 2719 669 2770 ὅτι
733 2718 954 2778 ἕκαστος
993 2717 1137 2788 ἡμῶν
1187 2713 1241 2767 ἐκ
1273 2721 1363 2767 τοῦ
1391 2717 1805 2789 περισσεύματος
1833 2723 1930 2776 τῆς

334 2803 568 2880 καρδίας
607 2805 762 2858 λαλεῖο
799 2801 1125 2877 ἐδοξάσαμεν
1152 2807 1240 2856 τὸν
1271 2806 1400 2856 Θεὸν
1447 2805 1616 2875 ἡμῶν,
1669 2807 1756 2856 τόν
1809 2803 1927 2856 καθ’

334 2897 564 2954 ἑκάστην
617 2898 783 2967 γενεὰν
841 2893 1168 2967 ἐκλεγόμενον
1233 2896 1353 2955 τοὺς
1407 2893 1544 2964 αὐτῷ
1593 2892 1926 2968 εὐαρεστοῦν-

330 3003 446 3049 τας’
499 2985 555 3047 ὃς
589 2988 834 3059 πρότερον
888 2987 976 3057 μεν
1025 2982 1080 3035 ἐκ
1140 2991 1239 3035 τῶν
1288 2986 1540 3054 ποιμνίων
1594 2990 1693 3033 τῶν
1737 2980 1931 3056 προϐά-

327 3094 430 3127 των
481 3078 684 3147 ἤγειρεν
739 3075 976 3147 ἄρχοντα
1014 3080 1087 3142 τῷ
1143 3072 1251 3142 λαῷ
1304 3072 1486 3124 αὐτοῦ’
1520 3074 1718 3124 καὶτὸν
1758 3071 1932 3144 Ἀμώς

2042 1905 2256 1964 beﬁcia
2299 1908 2652 1981 suscipiunt,
2713 1912 2879 1983 quod
2911 1929 3073 1971 nunc
3124 1915 3480 1988 longissime
3515 1921 3695 1978 nobis

2036 1995 2310 2052 locorum
2363 1998 2678 2056 intervallo
2730 2001 3096 2059 distantibus
3153 2005 3318 2064 dedit
3372 2010 3528 2066 inter
3582 2027 3696 2070 nos

2039 2085 2327 2156 conjungi
2355 2102 2462 2159 per
2489 2087 2822 2144 litterarum
2853 2091 3308 2151 allocutionem.
3363 2101 3410 2153 A
3441 2114 3695 2170 cognos-

2039 2175 2213 2230 cendi
2276 2176 2526 2248 quidem
2573 2179 2830 2235 modum
2859 2180 3165 2254 duplicem
3205 2185 3382 2242 nobis
3424 2187 3696 2261 imperti-

2036 2265 2123 2321 vit
2151 2283 2164 2320 :
2203 2281 2395 2321 unum
2417 2281 2524 2338 per
2553 2283 2968 2338 congressum,
2999 2270 3256 2328 alterum
3282 2291 3428 2332 vero
3470 2293 3579 2349 per
3604 2278 3694 2335 lit~

2037 2357 2301 2411 terarum
2322 2355 2686 2428 colloquium
2704 2401 2717 2412 .
2758 2359 3056 2424 Quoniam
3086 2361 3267 2431 igitur
3295 2367 3694 2436 cognovimus

2037 2447 2094 2500 te
2115 2459 2188 2500 ex
2213 2445 2305 2500 his
2331 2461 2468 2516 qum
2498 2445 2732 2502 locutus
2762 2463 2824 2502 es
2850 2467 2862 2504 :
2893 2451 3291 2520 cognovimus
3309 2459 3534 2527 autem,
3571 2472 3696 2514 non

2039 2534 2308 2606 corporis
2348 2534 2608 2604 ﬁguram
2639 2538 2946 2594 memoriae
2994 2545 3210 2596 nostrae
3256 2543 3693 2617 imprimentes,

2039 2623 2146 2678 sed
2173 2623 2438 2679 hominis
2460 2624 2676 2680 interni
2704 2626 3215 2698 pulchritudinem
3241 2646 3312 2687 ex
3343 2649 3695 2692 sermonum

2037 2711 2323 2768 varietate
2388 2713 2839 2784 perspicientes,
2909 2715 3209 2788 siquidem
3274 2722 3696 2795 unusquisque

2037 2805 2316 2856 nostrum
2346 2816 2419 2856 ex
2449 2801 2828 2859 abundantia
2870 2805 3069 2860 cordis
3107 2806 3373 2878 loquitur
3402 2810 3478 2878 ‘3;
3509 2810 3695 2880 glori-

2037 2888 2356 2944 ﬁcavimus
2411 2890 2598 2945 Deum
2655 2896 2928 2948 nostrum
2959 2894 3066 2966 qui
3115 2895 3366 2966 singulis
3415 2900 3693 2957 aetatibus

2039 2978 2200 3048 eligit
2247 2995 2348 3035 eos
2413 2979 2518 3051 qui
2573 2980 2689 3052 ipsi
2732 2981 2990 3053 placent,
3026 2999 3097 3038 ac
3125 2985 3293 3056 prius
3342 2986 3590 3060 quidem
3621 3004 3696 3046 ex

2039 3068 2244 3123 ovium
2272 3083 2449 3140 grege
2483 3070 2791 3125 suscitavit
2839 3071 3174 3144 principem
3223 3075 3451 3146 populo
3480 3093 3614 3147 suo,
3640 3081 3697 3134 et

323 3162 382 3217 ἐκ
428 3171 520 3217 τοῦ
577 3162 816 3216 αἰπολίου
871 3159 1243 3234 ἐνδυναμώσας
1303 3157 1397 3213 διὰ
1457 3168 1548 3213 τοῦ
1614 3164 1928 3234 Πνεύματος,

2045 3163 2222 3214 Amos
2255 3174 2327 3214 ex
2362 3158 2570 3230 caprili
2611 3159 3070 3217 corroboratum
3119 3178 3155 3218 a
3204 3163 3426 3235 Spiritu
3468 3167 3529 3222 in
3561 3183 3696 3238 pro-

323 3252 534 3324 ὕψωσεν
601 3253 672 3315 εἰς
719 3257 1010 3328 ιιι-ροφήτην⁸
1069 3259 1156 3302 νῦν
1207 3247 1267 3303 δὲ
1318 3247 1490 3325 ἄνδρα
1543 3248 1598 3302 ἐκ
1637 3258 1731 3312 τῆς
1763 3249 1930 3323 βασι-

320 3342 583 3405 λευούσης
635 3341 849 3413 πόλεως,
893 3340 1069 3416 ἀρχὴν
1118 3339 1236 3392 ὃλου
1285 3341 1462 3400 ἔθνους
1503 3344 1929 3412 πεπιστευμένον,

324 3432 528 3504 ὑψηλὸν
580 3439 654 3503 τῷ
704 3436 1016 3506 φρονήματι,
1069 3434 1249 3502 γένους
1313 3429 1666 3504 λαμπρότητι,
1716 3448 1932 3503 περιφα-

322 3527 438 3595 νείᾳ
497 3520 644 3595 βίου,
674 3520 835 3592 λόγων
877 3516 1120 3592 δυνάμει,
1166 3525 1299 3572 πᾶσι
1366 3525 1472 3579 τοῖς
1529 3520 1646 3590 (57)
1681 3521 1816 3570 κατὰ
1845 3523 1930 3571 τόν

327 3610 447 3686 βίον
495 3609 850 3686 περίϐλεπτον,
913 3609 1145 3662 εἵλκυσεν
1207 3609 1277 3671 εἰς
1342 3612 1436 3666 τήν
1501 3615 1602 3660 τῶν
1680 3612 1931 3681 ποιμνίων

325 3709 421 3756 τοῦ
458 3708 695 3776 Χριστοῦ
748 3699 1058 3773 ἐπιμέλειαν·
1113 3699 1228 3766 Ὃς,
1295 3699 1467 3750 πάντα
1517 3696 1679 3772 ῥίψας
1730 3701 1797 3751 τὰ
1841 3706 1931 3751 τοῦ

329 3790 455 3866 βίου
500 3791 945 3862 πλεονεκτήματα,
1001 3792 1088 3842 καὶ
1151 3789 1484 3861 ἡγησάμενος
1542 3787 1678 3840 αὐτὰ
1735 3788 1930 3861 ζημίαν

329 3882 416 3934 ἶνα
471 3883 703 3956 Χριστὸν
757 3875 995 3954 κερδήσῃ
1029 3879 1142 3951 (58)
1175 3881 1292 3937 τοὺς
1336 3880 1514 3937 οῖακας
1549 3873 1805 3940 δέξασθαι
1843 3876 1931 3930 ἐπ-

329 3972 524 4044 ετράπη
587 3977 684 4032 τῆς
735 3968 961 4042 μεγάλης
1013 3973 1104 4020 καὶ
1146 3966 1460 4040 περιϐοήτου
1505 3970 1626 4028 νηὸς
1653 3965 1734 4019 ἐπὶ
1765 3974 1824 4039 τῇ
1859 3969 1933 4028 εἰς

329 4064 461 4116 Θεὸν
502 4063 700 4126 πίστει,
740 4065 832 4111 τοῦ
887 4064 1124 4133 Χριστοῦ
1181 4055 1511 4118 Ἐκκλησίας.
1551 4054 1680 4127 Ἀγε
1738 4060 1928 4124 τοίνυν,

328 4148 372 4203 ὦ
423 4157 555 4204 Θεοῦ
618 4148 876 4223 ἄνθρωπε,
944 4144 1125 4206 ἐπειδὴ
1173 4146 1232 4198 οὐ
1271 4145 1395 4221 παρ’
1448 4144 1728 4220 ἀνθρώπων
1784 4165 1930 4220 παρ-

327 4239 500 4300 έλαϐες
551 4238 581 4298 ἦ
638 4234 942 4309 ἐδιδάχθης
1003 4240 1062 4289 τὸ
1125 4235 1440 4308 Εὐαγγελιον
1522 4242 1613 4287 τοῦ
1672 4242 1930 4310 Χριστοῦ,

328 4328 437 4381 ἀλλ’
483 4327 640 4389 αὐτός
690 4345 747 4380 σε
803 4327 829 4378 ό
880 4327 1066 4399 Κύριος
1128 4323 1230 4378 ἀπὸ
1283 4333 1381 4377 τῶν
1457 4332 1643 4400 κριτῶν
1699 4332 1795 4387 τῆς
1831 4333 1934 4397 γῆς

328 4416 416 4472 ἐπὶ
459 4421 554 4477 τήν
603 4413 867 4489 καθέδραν
923 4416 1040 4487 (59)
1099 4422 1197 4468 τῶν
1253 4413 1556 4469 ἀποστόλων
1631 4416 1931 4488 μετέθηκεν,

403 4543 452 4580 ⁸³
491 4541 688 4600 Matth.
715 4555 818 4614 xu,
851 4541 940 4598 34.

405 4667 521 4738 (53)
558 4664 916 4738 Ἀγγελλουσα
934 4665 1081 4738 ἡμῖν.
1112 4661 1651 4738 Duo‘vetustissimi
1693 4662 1932 4720 codices

405 4686 521 4738 (36)
573 4686 916 4738 Λγγελλουσα
934 4686 1081 4788 nius.
1112 4686 1240 4720 uuo
1261 4686 1651 4719 vetusussrmi
1693 4686 1746 4720 υ(

332 4739 514 4821 Coisl.
633 4737 784 4821 Med.
807 4735 1135 4821 ἀγγέλρυσα
1153 4734 1305 4821 ὑμᾶς.
1335 4805 1346 4821 1
1413 4805 1442 4821 η
1487 4806 1497 4816 0
1736 4807 1746 4821 ἢ

406 4811 519 4881 (54)
559 4812 706 4863 Κατὰ
735 4805 905 4880 λόγον’.
949 4808 1143 4864 Mallet
1183 4805 1578 4881 Combeﬁsius
1623 4807 1760 4881 κατὰ
1791 4812 1928 4881 νοῦν.

333 4878 450 4942 Sed
481 4878 710 4938 inutilis
769 4878 927 4936 illius
977 4883 1342 4950 conjectura.
1399 4878 1933 4944 Quemadmodum

329 4955 493 5012 enim
521 4954 739 5008 dicitur
771 4951 1063 5026 παράλογος
1091 4953 1354 5026 συμφορά,
1389 4951 1932 5026 calamitasinopi-

329 4973 493 5012 enim
521 4973 739 5008 alcuur
771 4973 1063 5024 παράλογος
1091 4973 1154 5003 συ
1203 4973 1354 5026 φορά,
1389 4973 1709 5006 οαιιιπιιιαδ
1740 4973 1932 5018 tuopt-

328 5033 503 5094 nata,
527 5031 592 5081 ut
619 5029 708 5080 est
733 5023 900 5095 apud
921 4973 1306 5102 Plutarchum
1337 5022 1504 5102 initio
1525 5021 1774 5102 libriDe
1799 5037 1935 5102 con-

329 5093 662 5164 solatione;
701 5093 807 5151 cur
837 5110 960 5150 non
987 5095 1168 5150 etiam
1210 5094 1447 5149 dicatur
1485 5094 1793 5164 inceptum
1824 5093 1933 5148 ali-

329 5169 673 5243 quodxara‘:
717 5166 869 5243 λόγον
900 5165 1245 5243 succedere,
1277 5181 1416 5220 cum
1446 5164 1848 5236 expectationi
1878 5167 1936 5220 et

331 5237 560 5300 meritis
582 5237 954 5311 respondet?

401 5314 512 5384 (55)
543 5305 865 5384 Ἀνίλίιομεν.
901 5312 987 5365 Ita
1016 5323 1160 5364 mss.
1197 5322 1320 5378 sex,
1350 5322 1460 5379 pro
1492 5321 1564 5363 eo
1593 5305 1762 5380 quod
1807 5309 1934 5364 erat

329 5387 390 5444 in
411 5382 591 5442 ‘editis
621 5382 848 5444 ἕλκομεν.

418 5403 591 5442 cuius
621 5403 734 5437 εΛκο
782 5403 848 5434 εν.

405 5461 518 5529 (56)
546 5453 669 5529 Ὀτι
698 5403 960 5529 πλεῖστον.
1013 5454 1113 5529 lta_
1153 5465 1314 5529 mss.
1335 5453 1392 5506 et
1435 5449 1698 5522 antiquae
1729 5447 1936 5506 editio-

332 5521 458 5586 nes.
492 5521 686 5584 Editio
709 5525 1060 5582 Parisiensis
1087 5525 1168 5576 ὅτι
1198 5521 1392 5576 πλεῖον.

405 5601 520 5673 (57)
551 5605 694 5655 Ηᾶσι
723 5617 855 5663 τοις.
882 5601 966 5656 lta
994 5594 1150 5656 Harl.
1185 5599 1440 5669 uterque
1483 5593 1625 5671 Reg.
1659 5597 1715 5657 et
1767 5596 1935 5658 uter-

2038 3247 2286 3320 phetam
2312 3248 2505 3304 evexit
2530 3266 2544 3316 ;
2573 3264 2735 3304 nunc
2766 3255 2969 3305 autem
3000 3251 3196 3307 virum
3227 3268 3300 3307 ex
3326 3255 3492 3324 regia
3521 3255 3694 3324 urbe,

2041 3338 2232 3407 gentis
2297 3336 2475 3392 totius
2522 3341 2836 3401 rectorem,
2875 3340 3054 3410 288
3088 3341 3294 3397 animo
3343 3343 3692 3412 sublimem,

2041 3425 2274 3496 generis
2306 3425 2591 3498 claritate,
2626 3443 2807 3499 opum
2829 3428 3173 3500 splendore,
3219 3430 3459 3488 dicendi
3507 3433 3696 3490 facul-

2039 3519 2159 3572 tate
2188 3515 2564 3572 omnibusin
2604 3516 2824 3573 saeculo
2851 3519 3212 3588 degentibus
3269 3522 3694 3594 conspicuum,

2041 3605 2119 3661 ad
2149 3605 2347 3675 gregis
2375 3605 2585 3661 Christi
2607 3621 2816 3662 curam
2849 3609 3159 3680 pertraxit.
3217 3610 3328 3675 Qui
3372 3611 3696 3684 projiciens

2039 3695 2245 3752 omnia
2276 3695 2480 3750 saeculi
2518 3704 2897 3766 ornamenta,
2929 3713 3120 3769 eaque
3158 3697 3454 3756 damnum
3499 3701 3697 3757 existi-

2039 3799 2216 3840 mans
2244 3788 2308 3840 ut
2338 3783 2637 3839 Christum
2659 3783 3010 3854 lucrifaciat,
3035 3786 3362 3842 commissa
3397 3789 3700 3858 guberna-

2039 3873 2175 3930 cula
2201 3873 2461 3945 suscepit
2491 3889 2729 3944 magna;
2751 3879 2808 3930 et
2833 3875 2912 3930 ob
2935 3875 3119 3930 ﬁdem
3144 3875 3205 3930 in
3230 3879 3416 3933 Deum
3437 3877 3698 3934 celeber-

2038 3963 2208 4019 rimas
2263 3963 2454 4027 navis,
2487 3963 2702 4018 Christi
2749 3963 3045 4020 Ecclesiae.
3079 3969 3200 4035 Age
3222 3964 3420 4035 igitur,
3450 3981 3487 4022 ο
3509 3967 3695 4024 homo

2040 4052 2162 4119 Dei,
2197 4051 2694 4124 quandoquidem
2729 4068 2852 4108 non
2894 4052 2973 4109 ab
3011 4053 3364 4111 hominibus
3416 4055 3700 4128 accepisti

2040 4145 2146 4198 aut
2170 4140 2420 4197 edoctus
2451 4157 2514 4197 es
2536 4141 2928 4212 Evangelium
2952 4143 3190 4213 Christi,
3219 4145 3323 4200 sed
3349 4146 3476 4218 ipse
3506 4151 3562 4202 te
3593 4149 3702 4202 Do-

2040 4231 2244 4288 minus
2276 4247 2348 4287 ex
2379 4235 2548 4287 terrea
2573 4231 2884 4303 judicibus
2932 4233 3009 4289 ad
3060 4234 3413 4290 cathedram
3459 4241 3702 4308 aposto-

2039 4320 2238 4378 lorum
2267 4321 2608 4378 transtulit:
2655 4328 2820 4380 certa
2864 4322 3099 4379 bonum
3144 4329 3486 4382 certamen:
3540 4325 3701 4382 inﬁr-

2041 4413 2281 4470 mitates
2308 4412 2519 4486 populi
2541 4429 2706 4485 cura,
2737 4414 2787 4469 si
2811 4429 2997 4487 quem
3017 4414 3168 4472 forte
3192 4415 3426 4474 Arianae
3450 4415 3700 4474 insaniae

2041 4677 2160 4734 que
2192 4661 2365 4741 Cois].
2399 4660 2550 4741 Editi
2577 4664 2857 4741 πράγμασι
2884 4669 3010 4741 τοῖς.
3041 4663 3230 4722 Editio
3260 4666 3491 4736 Hagen,
3530 4660 3698 4741 ἔργοις

2041 4741 2170 4802 τοῖς,
2204 4735 2381 4790 rebus
2399 4736 2473 4805 in
2499 4735 2943 4805 saeculogestis.

2116 4809 2227 4881 (5_8)
2280 4803 2550 4881 Κερδήσῃ.
2601 4803 2946 4881 Harlaeanus
2985 4805 3175 4881 codex
3222 4823 3362 4881 cum
3411 4808 3696 4881 Medicaeo

2046 4875 2356 4952 κερδήσης,’
2378 4884 2433 4932 et
2486 4875 2625 4933 mox
2682 4877 2990 4950 ἐπετράπης.
3049 4878 3272 4934 Ibidem
3326 4879 3495 4936 deest
3549 4879 3699 4945 δέξα-

2047 4951 2172 5001 σθαι
2200 4949 2260 5003 in
2291 4956 2548 5010 utroquo
2580 4950 2760 5010 Regio
2783 4955 2839 5004 et
2863 4949 3038 5004 Coisl.
3063 4950 3349 5010 secundo.
3372 4953 3536 5010 quod
3567 4955 3699 5010 aui-

2047 4965 2172 5001 συαι
2200 4965 2260 5003 in
2291 4965 2548 5022 utroquo
2580 4965 2760 5018 uegio
2783 4965 2839 5004 et
2863 4965 3038 5004 (.0151.
3063 4965 3349 5016 secundo,
3372 4965 3536 5024 quoa
3567 4970 3694 5026 qui-

2043 5021 2184 5101 dem
2212 5021 2542 5101 elegantius
2567 5021 2804 5106 videtur
2841 5020 3075 5106 abesse,
3104 5038 3218 5106 nec
3246 5027 3453 5106 tamen
3483 5025 3694 5106 delevi,

2043 5094 2188 5169 quia
2219 5108 2352 5169 non_
2366 5094 2624 5169 omnino
2649 5094 2930 5169 vitiosum
2953 5099 3045 5149 est
3065 5098 3121 5169 et
3146 5094 3207 5169 i_n
3241 5094 3372 5169 aliis
3395 5097 3698 5169 antiquio-

2042 5161 2212 5240 ribus
2243 5161 2554 5240 codicibus
2610 5161 2846 5240 legitur.
2885 5166 3010 5221 Mox
3065 5165 3280 5240 vitiose
3324 5167 3385 5240 in
3445 5161 3698 5240 utroque

2043 5234 2226 5310 Regio
2259 5239 2314 5310 et
2345 5233 2523 5310 Coisl.
2552 5234 2822 5310 secundo
2850 5241 2922 5310 τῇ,
2949 5243 3042 5288 τοῦ
3073 5241 3200 5290 Θεοῦ
3231 5237 3536 5310 Ἐκκλησίᾳ.

2117 5302 2231 5375 (39)
2264 5305 2385 5380 ἰἓζτῖὶΔ
2409 5310 2513 5380 τὴν.
2551 5302 2832 5380 καθέδραν.
2869 5302 2961 5380 Sic
3015 5312 3155 5380 tres,
3183 5302 3570 5380 vetustissimi
3600 5323 3698 5365 co-

2043 5374 2232 5453 dices.
2286 5375 2437 5453 Editl
2494 5375 2578 5429 ἐπὶ
2630 5374 2728 5436 τήν
2771 5375 3075 5453 προεδρίαν.
3134 5379 3376 5450 Legitur
3452 5379 3698 5451 vulgata

2045 5447 2342 5519 scriptura
2363 5448 2438 5504 ad
2474 5464 2643 5504 oram
2675 5447 2900 5505 codicis
2932 5447 3090 5507 Harl.

2119 5522 2137 5542 ‘
2166 5517 2336 5577 'Alias
2358 5521 2466 5578 LV.
2490 5519 2721 5595 Scripta
2759 5537 2923 5580 anno
2963 5527 3087 5582 375.
