4152 6392
497 318 596 377 7H
1883 305 1938 366 s.
1981 291 2234 362 BASlLll
2270 300 2488 360 MAGNI

3769 313 3920 368 712

494 462 666 520 labes
699 461 891 531 attigit
931 475 1198 517 :renova
1234 458 1428 515 vetera
1487 461 1728 514 Patrum
1775 451 2049 521 vestigia,
2095 459 2137 504 ei

2259 445 2516 520 ἀγωνίζου
2563 453 2650 502 τὸν
2689 450 2842 504 καλὸν
2889 451 3081 524 ἀγῶνα,
3117 449 3410 528 διόρθωσαι
3455 456 3520 506 τὰ
3587 453 3911 530 ἀρῥωστή-

496 552 832 610 dilectionis
860 568 1005 621 erga
1045 566 1156 606 nos
1194 549 1610 618 fundamento,
1657 545 1824 619 quod
1850 560 1886 599 a
1923 549 1978 598 te
2025 540 2151 610 jac-

495 646 626 699 tum
677 646 782 706 est,
830 641 908 696 da
957 655 1205 711 operam
1251 643 1316 693 ut
1367 641 1748 708 superstruas
1815 627 2148 702 frequentia

497 731 945 788 salutationum.
976 730 1068 784 Sic
1094 727 1253 783 enim
1281 727 1610 799 poterimus
1640 723 1819 779 vicini
1852 722 2002 776 inter
2032 733 2146 772 nos

496 837 629 877 esse
659 820 870 893 spiritu
901 817 1132 875 etiamsi
1152 815 1522 873 habitatione
1544 809 2146 886 terrestriplurimum

497 911 580 983 sej
593 925 913 980 ungamur.

564 1181 617 1236 2.
645 1181 802 1236 Tuus
827 1182 1028 1235 autem
1057 1175 1117 1232 in
1165 1173 1586 1231 beatissimum
1623 1167 1978 1241 Dionysium
2026 1161 2146 1236 epi-

494 1284 749 1340 scopum
775 1267 957 1324 ardor
983 1264 1170 1321 animi
1195 1278 1442 1320 omnem
1463 1261 1537 1316 de
1557 1264 1614 1316 te
1645 1273 1788 1330 erga
1819 1255 2140 1311 Dominum

493 1373 788 1420 amorem,
810 1355 1208 1412 reverentiam
1235 1353 1294 1408 in
1322 1343 1756 1418 antecessores,
1792 1350 1847 1402 et
1876 1342 2142 1399 studium

489 1447 631 1503 ﬁdei
668 1450 940 1503 testatur.
972 1445 1170 1500 Animi
1195 1442 1356 1498 enim
1385 1455 1528 1510 erga
1573 1437 1784 1494 ﬁdeles
1815 1448 2142 1492 conservos

491 1537 729 1594 aﬂ‘ectio
758 1536 1011 1594 refertur
1049 1533 1128 1589 ad
1177 1532 1521 1596 Dominum,
1556 1529 1651 1585 cui
1681 1526 2037 1591 servierunt;
2089 1525 2145 1577 et

488 1626 766 1700 quisquis
818 1642 943 1692 eos,
975 1624 1080 1697 qui
1115 1638 1225 1695 pro
1255 1620 1376 1677 ﬁde
1419 1620 1820 1681 decertarunt,
1865 1615 2141 1679 honorat,

489 1716 706 1773 eodem
737 1731 801 1770 se
829 1713 970 1770 ﬁdei
989 1712 1204 1769 ardore
1233 1710 1479 1768 accendi
1505 1708 1782 1774 ostendit,
1812 1706 1896 1762 ita
1927 1711 1991 1759 ut
2020 1717 2142 1758 una

2255 558 2398 612 ματα
2426 549 2515 592 τού
2556 540 2704 609 λαοῦ,
2739 545 2785 595 εἶ
2822 563 2957 606 τινος
2997 545 3101 619 ἄρα
3154 547 3212 596 τὸ
3280 546 3447 607 πάθος
3497 553 3595 606 τῆς
3645 545 3905 621 ’Δρειοι-

2255 637 2347 689 νῆς
2388 634 2500 698 (60)
2556 637 2744 703 μανίας
2799 633 2988 704 ἣψατό·
3046 632 3334 686 ἁνανέωσαι
3381 636 3446 686 τὰ
3493 633 3700 710 ἀρχαῖα
3762 645 3898 688 τῶν

2257 723 2496 792 Ιῐατέρων
2537 724 2686 792 ἴχνη,
2719 728 2808 774 καὶ
2855 731 2950 785 τῆς
2997 728 3126 796 πρός
3182 725 3316 796 ἡμᾶς
3374 722 3584 796 ἀγάπης
3628 727 3681 777 όν
3731 745 3894 778 κοιτ-

2254 807 2438 860 εϐάλου
2487 810 2594 882 (61)
2652 812 2879 884 θεμέλιον
2930 809 3288 886 ἐποικοδομεῖν
3330 810 3603 874 σπούδαζε
3632 823 3695 888 τῇ
3733 835 3888 867 συν-

2253 903 2403 971 εχείᾳ
2437 908 2536 950 τῶν
2565 903 2927 976 προσρήσεων.
2964 905 3115 955 Ούτω
3161 905 3260 976 γὰρ
3303 897 3643 976 δυνησόμεθα
3693 903 3882 977 ἐγγὺς

2253 986 2475 1046 ἀλλήλων
2506 997 2635 1042 εῖναι
2664 1000 2735 1062 τῷ
2763 994 3034 1065 πνεύματι.
3079 993 3122 1046 εἰ
3160 997 3250 1046 καὶ
3288 1000 3350 1066 τῇ
3393 993 3601 1052 οἰκήσει
3646 1002 3710 1068 τῇ
3770 994 3878 1048 ἐπὶ

2250 1085 2347 1140 τῆς
2371 1085 2471 1150 γῆς
2495 1079 2799 1152 παμπληθὲς
2830 1081 3193 1156 ἆπῳκίσμεθα.

2321 1172 2372 1223 2.
2400 1167 2458 1221 Ἡ
2491 1165 2550 1222 δὲ
2577 1176 2696 1244 περὶ
2734 1174 2821 1223 τὸν
2863 1177 3258 1246 μακαριώτατον
3291 1172 3404 1243 (62)
3436 1175 3704 1227 Διονύσιον
3759 1177 3870 1226 τὸν

2251 1255 2534 1311 ἐπίσκοπον
2564 1259 2828 1333 φιλοτιμία
2874 1281 2968 1314 σου
3012 1266 3102 1314 καὶ
3135 1258 3344 1322 σπουδὴ
3393 1265 3569 1316 πᾶσαν
3601 1283 3687 1317 σοι
3717 1283 3870 1339 μοιρ-

2249 1347 2623 1422 τυρεῖάγάπην
2648 1355 2779 1425 πρὸς
2836 1355 2922 1404 τὸν
2977 1355 3183 1428 Κύριον,
3231 1357 3387 1426 τιμὴν
3425 1354 3496 1417 εἰς
3553 1358 3671 1416 τοὺς
3722 1375 3872 1432 προ-

2248 1436 2514 1505 λαϐόντας,
2577 1436 2817 1499 σπουδὴν
2869 1446 2990 1515 περὶ
3055 1446 3149 1501 τὴν
3206 1447 3412 1500 πίστιν,
3473 1443 3531 1497 Ἠ
3560 1447 3658 1520 γὰρ
3717 1449 3872 1520 πρὸς

2249 1531 2368 1590 τούς
2427 1531 2603 1590 εὔνους
2658 1538 2755 1582 τῶν
2800 1527 3099 1603 ὁμοδούλων
3155 1529 3391 1594 διάθεσις
3445 1537 3541 1592 τὴν
3587 1532 3869 1608 ἀναφορὰν

2249 1615 2336 1671 ἐπὶ
2372 1622 2460 1670 τὸν
2500 1623 2761 1678 Δεσπότην
2819 1623 2952 1693 ἔχει,
2990 1618 3030 1692 ᾧ
3089 1617 3488 1676 δεδουλιιύκασι⁶
3529 1629 3620 1676 καὶ
3667 1626 3695 1676 ό
3734 1627 3872 1686 τοὺς

2250 1703 2344 1759 διὰ
2399 1713 2578 1760 πίστιν
2627 1708 2918 1771 ἠθληκότας
2977 1719 3140 1783 τιμῶν
3205 1708 3362 1774 δῆλός
3415 1715 3530 1765 ἐστι
3586 1716 3673 1766 τὸν
3735 1717 3868 1767 ἶσον

491 1809 550 1862 et
600 1804 812 1860 eadem
850 1801 1006 1859 actio
1051 1799 1397 1872 multiplicis
1445 1797 1677 1853 virtutis
1727 1792 2137 1852 testimonium

2251 1796 2403 1860 ζῆλον
2463 1800 2602 1870 ἔχων
2657 1807 2752 1860 τῆς
2815 1804 3079 1862 πίστεως·
3125 1802 3260 1860 ὥστε
3333 1805 3429 1875 μία
3471 1801 3604 1861 αὕτη
3657 1803 3869 1878 πρᾶξις

489 1893 730 1950 habeat.
762 1897 975 1949 Notum
1001 1896 1201 1947 autem
1233 1890 1488 1945 facimus
1517 1892 1631 1943 tuae
1661 1886 1722 1941 in
1745 1884 1973 1942 Christo
1996 1882 2139 1938 cha-

489 1983 668 2050 ritati,
697 1981 958 2054 optimos
996 1980 1228 2048 fratres,
1260 1978 1366 2051 qui
1404 1993 1441 2034 a
1465 1983 1568 2033 tua
1598 1976 1816 2048 pietate
1863 1973 1946 2030 ad
1995 1969 2140 2027 boni

490 2073 688 2146 operis
736 2070 1134 2127 ministerium
1175 2067 1344 2124 electi
1400 2066 1659 2133 fuerunt,
1693 2064 1957 2137 primum
2013 2061 2142 2134 qui-

488 2162 628 2218 dem
651 2161 755 2218 toti
786 2160 944 2217 clero
961 2159 1204 2216 laudern
1237 2155 1595 2213 conciliasse
1622 2169 1860 2210 morum
1889 2166 2139 2208 suorum

487 2251 918 2316 concinnitate;
970 2247 1269 2321 siquidem
1336 2261 1447 2301 sua
1496 2245 1767 2318 ipsorum
1841 2241 2142 2298 modestia

487 2356 877 2398 communem
889 2339 1153 2395 omnium
1169 2337 1524 2408 gravilatem
1539 2333 1910 2398 indicabant;
1923 2331 2140 2388 deinde

485 2447 630 2488 vero
655 2430 823 2486 omni
855 2427 1054 2484 studio
1089 2442 1160 2483 ac
1194 2426 1504 2495 diligentia
1534 2440 1698 2491 usos,
1725 2423 1989 2478 hiemem
2031 2420 2140 2476 im-

484 2519 754 2594 perviam
804 2533 926 2574 non
975 2515 1425 2584 reformidasse,
1457 2530 1528 2570 ac
1579 2513 1746 2570 omni
1801 2508 2140 2568 constantia

483 2606 764 2664 ﬁdelibus
783 2605 942 2663 beati
971 2603 1240 2677 corporis
1273 2602 1625 2659 custodibus
1660 2600 2051 2675 persuasisse,
2077 2605 2141 2656 ut

485 2696 634 2769 ipsis
685 2711 809 2751 suae
858 2695 1134 2767 ipsorum
1164 2693 1300 2749 vitae
1331 2691 1679 2764 praesidium
1719 2687 2135 2745 concederent.

485 2784 731 2844 Noveris
757 2789 980 2850 autem,
1009 2799 1324 2856 nunquam
1355 2781 1623 2839 futurum
1650 2780 1855 2847 fuisse,
1887 2783 1953 2834 ut
1976 2778 2139 2850 prin-

487 2875 724 2947 cipatus
755 2877 860 2929 aut
887 2872 1207 2928 hominum
1256 2874 1580 2943 potestates
1620 2870 1740 2925 vim
1787 2865 2138 2924 hominibus

484 2964 598 3021 illis
650 2962 862 3019 afferre
915 2964 1188 3034 possent;
1243 2961 1357 3016 nisi
1385 2961 1607 3016 horum
1651 2959 1903 3015 fratrum
1950 2957 2137 3013 animi

483 3053 739 3110 ﬁrmitas
768 3068 873 3108 eos
900 3051 1166 3107 ﬂexisset
1208 3055 1272 3106 ut
1301 3050 1599 3107 cederent.
1633 3047 1890 3105 Contulit
1933 3051 2135 3103 autem

2246 1886 2442 1948 πολλῆς
2495 1886 2683 1962 ἀρετῆς
2729 1887 2843 1960 ἔχει
2895 1894 2990 1948 τὴν
3039 1894 3354 1966 μαρτυρίαν.
3409 1893 3734 1967 Γνωρίζομεν
3794 1889 3868 1945 δέ

2249 1996 2342 2030 σου
2415 1986 2476 2050 τῇ
2527 1976 2576 2029 ἐν
2643 1986 2860 2054 Χριστῷ
2930 1977 3129 2052 ἀγάπη,
3176 1981 3256 2032 ὅτι
3314 1982 3362 2033 οἱ
3430 1977 3864 2036 σπουδαιότατοι

2247 2063 2480 2140 ἀδελφοὶ,
2552 2071 2601 2120 οἱ
2656 2070 2800 2143 παρὰ
2861 2077 2952 2130 τῆς
2991 2068 3258 2132 εὐλαϐείας
3323 2089 3418 2123 σου
3485 2071 3552 2132 εἰς
3616 2076 3709 2131 τὴν
3754 2080 3860 2126 τοῦ

2247 2155 2449 2228 ἀγαθοῦ
2542 2159 2694 2232 ἔργου
2774 2155 3043 2212 διακονίαν
3136 2161 3555 2233 προτιμηθέντες,
3643 2169 3860 2235 πρῶτον

2247 2249 2336 2320 μεν
2393 2251 2550 2300 παντὶ
2591 2256 2663 2319 τῷ
2715 2247 2891 2321 κλήρῳ
2940 2249 3146 2302 ἔπαινον
3203 2253 3421 2322 ἤνεγκαν
3474 2247 3568 2304 διὰ
3630 2261 3723 2314 τῆς
3761 2250 3858 2326 ἐμ-

2246 2335 2444 2409 μελείας
2498 2346 2597 2388 τῶν
2649 2342 2869 2411 τρόπων·
2933 2337 2981 2390 ἐν
3034 2341 3136 2414 γὰρ
3191 2348 3252 2412 τῇ
3307 2339 3421 2393 καθ’
3488 2339 3697 2402 ἑαυτούς
3766 2341 3855 2393 εὖ·

2249 2428 2569 2499 σχημοσύνῃ
2632 2430 2691 2479 τὸ
2742 2430 3165 2495 κοινὸνλποίντων
3221 2429 3467 2492 εύσταθες
3503 2436 3846 2504 κατεμήνυον·

2247 2514 2438 2588 ἔπειτα,
2516 2517 2660 2589 πάσῃ
2724 2513 2932 2590 σπουδῇ
3015 2523 3106 2570 καὶ
3171 2518 3412 2593 ἐμμελείᾳ
3489 2523 3846 2596 χρησάμενοι,

2245 2603 2641 2678 κατετόλμησαν
2705 2610 2796 2680 μεν
2869 2616 3133 2681 χειμῶνος
3207 2607 3424 2677 ἀϐάτου,
3500 2613 3707 2663 ἔπεισαν
3787 2607 3853 2664 δε

2245 2697 2374 2767 μετὰ
2393 2695 2565 2756 πάσης
2615 2695 2842 2757 εὐτονίας
2879 2701 3001 2760 τοὺς
3047 2701 3270 2761 πιστοὺς
3321 2698 3553 2772 φύλακας
3607 2708 3700 2753 τοῦ
3749 2721 3854 2773 μα-

2245 2789 2430 2859 καρίου
2500 2804 2741 2858 σωματος
2794 2789 2861 2838 τὰ
2912 2787 3242 2861 φυλακτήρια
3292 2797 3382 2849 τῆς
3458 2788 3649 2842 ἑαυτῶν
3709 2790 3852 2852 ζωῆς

2247 2882 2646 2946 παραχωρῆσαι
2683 2876 2908 2936 τούτοις.
2969 2881 3070 2928 Καὶ
3098 2881 3344 2948 γίνωσκε,
3378 2878 3458 2929 ὅτι
3503 2879 3620 2931 οὔτε
3650 2878 3846 2952 ἀρχαὶ,

2247 2961 2364 3014 ούτε
2429 2958 2738 3016 δυναστεῖαι
2791 2962 3072 3036 ἀνθρώπων
3123 2963 3416 3038 ἐξίσχυσαν
3445 2968 3507 3020 οἶν
3553 2987 3680 3021 ποτε
3723 2968 3850 3042 βιαία

2249 3053 2448 3104 σασθαι
2503 3057 2624 3114 τοὺς
2671 3051 2973 3128 ἀνθρώπους
3032 3053 3274 3118 ἐκείνους·
3317 3057 3362 3109 εἰ
3411 3061 3484 3130 μὴ
3537 3061 3596 3110 τὸ
3640 3061 3847 3112 εὔτονον

395 3179 398 3182 ~
483 3143 814 3218 plurimum
836 3141 914 3198 ad
930 3145 1200 3214 optatam
1223 3157 1351 3196 rem
1376 3138 1819 3196 conficiendam
1842 3142 1900 3194 et
1919 3136 2137 3194 charis-

2246 3149 2342 3204 τῆς
2369 3146 2716 3216 προαιρέσεως
2757 3152 2857 3195 τῶν
2919 3140 3152 3217 ἀδελφῶν
3196 3148 3387 3199 τούτων
3443 3143 3846 3210 ἐξεδυσώπησεν

489 3232 624 3288 simi
655 3247 727 3288 ac
756 3229 1187 3300 religiosissimi
1217 3229 1322 3285 ﬁlii
1349 3229 1538 3285 nostri
1566 3227 1829 3284 Therasii
1867 3241 2138 3299 compre-

485 3321 710 3394 sbyteri
756 3319 1097 3392 praesentia,
1137 3318 1242 3394 qui
1288 3317 1598 3374 laboribus
1644 3316 1871 3372 itineris
1925 3319 2138 3388 sponte

484 3409 805 3483 susceptis,
838 3408 1351 3465 vehementiorem
1397 3407 1665 3463 ﬁdelium
1704 3406 1862 3462 illius
1889 3405 2003 3462 loci
2030 3406 2137 3461 im-

480 3504 688 3572 petum
721 3498 1092 3568 compressit,
1147 3501 1204 3553 et
1256 3513 1396 3552 cum
1448 3495 1810 3552 reluctantes
1866 3495 2136 3552 oratione

481 3603 594 3644 sua
617 3587 902 3657 ﬂexisset,
937 3602 1138 3642 coram
1170 3585 1559 3659 presbyteris,
1584 3585 1876 3653 diaconis,
1908 3584 2138 3640 multis-

481 3693 600 3750 que
631 3675 761 3732 aliis
798 3679 984 3732 Deum
1037 3675 1388 3731 timentibus
1437 3674 1708 3731 sublatas
1746 3691 1884 3731 cum
1931 3672 2136 3730 debita

480 3766 816 3824 reverentia
843 3763 1129 3837 reliquias
1172 3764 1458 3820 fratribus
1488 3764 1790 3820 servavit:
1831 3779 1987 3836 quas
2026 3779 2134 3819 vos

481 3861 649 3914 tanto
679 3872 818 3912 cum
847 3854 1070 3925 gaudio
1101 3855 1406 3927 suscipite,
1428 3860 1658 3927 quanto
1705 3871 1845 3910 cum
1875 3869 2134 3910 maerore

481 3945 784 4018 prosecuti
841 3949 980 4000 sunt
1017 3944 1258 4000 illarum
1307 3945 1607 4001 custodes.
1641 3948 1826 4000 Nemo
1879 3943 2130 4010 dubitet,

483 4049 666 4091 nemo
687 4034 865 4105 289
912 4033 1182 4106 ambigat
1207 4051 1220 4089 :
1269 4034 1368 4090 hic
1385 4035 1482 4090 ille
1503 4039 1590 4091 est
1615 4034 1868 4091 invictus
1887 4034 2129 4090 athleta.

484 4124 632 4180 Ossa
675 4123 778 4179 illa
843 4122 1012 4178 novit
1052 4123 1363 4194 Dominus,
1421 4140 1558 4196 quae
1615 4140 1738 4181 una
1786 4141 1926 4180 cum
1953 4122 2134 4180 beata

481 4213 690 4270 anima
741 4213 1124 4270 dimicarunt.
1175 4216 1308 4269 Haec
1361 4230 1502 4270 cum
1550 4215 1684 4287 ipsa
1713 4215 2026 4272 coronabit
2070 4215 2132 4271 in

472 4308 642 4376 justa
669 4303 769 4360 illa
796 4303 1296 4360 remunerationis
1334 4305 1529 4377 ipsius
1559 4305 1675 4375 die,
1702 4306 1787 4362 uti
1841 4305 2133 4378 scriptum

479 4397 607 4450 est:
667 4392 912 4465 Oportet
967 4409 1080 4449 nos
1115 4398 1270 4450 stare
1323 4400 1460 4450 ante
1507 4394 1770 4450 tribunal
1810 4395 2037 4462 Christi,
2071 4398 2136 4450 ut

2247 3230 2434 3292 αύτούς
2480 3235 2609 3307 πρὸς
2665 3236 2760 3290 την
2819 3239 3184 3310 συγχώρησιν.
3239 3240 3542 3310 Συνήργησε
3590 3234 3649 3290 δε
3687 3239 3845 3311 μα’λι-

2249 3340 2350 3374 στα
2395 3325 2520 3396 πρός
2565 3325 2625 3374 τὸ
2677 3327 3124 3399 καταπραχθῆναι
3163 3327 3228 3378 τὰ
3295 3323 3707 3401 σπουδαζόμενα
3751 3335 3844 3383 καὶ

2245 3412 2275 3468 ἠ
2337 3416 2604 3486 παρουσία
2684 3420 2774 3465 τοῦ
2867 3415 3234 3467 ποθεινοτάτου
3310 3420 3400 3468 καὶ
3467 3415 3843 3472 εύλαϐεστοίτου

2245 3502 2362 3552 υἱοῦ
2409 3502 2576 3573 ἡμῶν.
2630 3507 2906 3577 Θηρασίου
2959 3511 3050 3555 τοῦ
3106 3504 3590 3579 συμπρεσϐυτέρου,
3635 3507 3707 3576 ὃς,
3753 3509 3844 3561 αύ-

2248 3591 2492 3665 θαιρέτως
2539 3594 2626 3643 τόν
2684 3597 2842 3644 κόπον
2889 3600 2982 3655 τῆς
3064 3589 3371 3669 ὁδοιπορίας
3435 3592 3835 3670 ὑποδεξάμενος,

2245 3680 2440 3732 ἔπαυσε
2483 3684 2572 3752 μὲν
2637 3684 2696 3732 τὸ
2751 3677 2979 3757 σφοδρὸν
3016 3691 3112 3745 τῆς
3142 3684 3306 3756 ὁρμῆς
3348 3692 3446 3736 τῶν
3482 3684 3586 3738 ἐκεῖ
3614 3696 3836 3759 πιστῶν,

2243 3769 2380 3841 λόγῳ
2421 3765 2481 3822 δὲ
2510 3776 2806 3843 συμπείσας
2859 3775 2981 3834 τοὺς
3043 3771 3441 3846 ἀντεχομένους,
3483 3773 3568 3828 ἐπὶ
3613 3777 3836 3851 πρεσϐυ-

2243 3862 2400 3934 τέρων
2449 3865 2537 3911 καὶ
2575 3857 2850 3930 ιακόνων
2906 3866 2996 3913 καὶ
3047 3861 3210 3914 ἄλλων
3253 3863 3450 3916 πολλῶν
3501 3867 3602 3917 τῶν
3656 3866 3838 3938 φοϐου-

2242 3952 2404 4022 μένων
2451 3952 2540 4001 τὸν
2601 3952 2791 4024 Κύριον
2839 3953 2971 4022 μετὰ
3042 3958 3140 4012 τῆς
3204 3955 3502 4024 πρεπούσης
3574 3954 3837 4020 εὐλαϐείας

2243 4036 2539 4111 ἀνελόμενος
2604 4042 2671 4091 τὰ
2725 4039 2964 4111 λείψανα,
3029 4037 3351 4094 συνδιέσωσε
3400 4050 3510 4105 τοῖς
3575 4040 3832 4118 ἀδελφοιςο

2240 4125 2275 4178 ἂ
2321 4129 2452 4200 μετὰ
2517 4131 2776 4188 τοσαύτης
2822 4134 2994 4200 χαρᾶς
3037 4125 3384 4198 ὑποδέξασθε,
3417 4132 3533 4204 μεθ’
3589 4134 3721 4196 ὅσης
3756 4134 3839 4186 λύ-

2240 4236 2342 4278 πης
2407 4217 2746 4290 προεπεμψαν
2813 4220 2863 4270 οἱ
2915 4218 3278 4290 φυλάσσοντες.
3339 4217 3541 4283 Μηδεὶς
3572 4218 3836 4298 διακρινέ-

2244 4307 2386 4358 σθω⁶
2439 4302 2631 4379 μηδεὶς
2690 4305 3078 4380 ἀμφιϐαλλέτω·
3149 4308 3300 4371 οὗτός
3366 4307 3507 4362 ἐστιν
3569 4309 3755 4375 ἐκεῖνος
3810 4313 3834 4365 ὁ

2245 4393 2498 4456 ἀήττητος
2551 4394 2801 4458 ἀθλητής.
2870 4404 3046 4450 Ταῦτα
3092 4398 3336 4473 γνωρίζει
3372 4402 3436 4452 τὰ
3479 4400 3613 4454 ὀστᾶ
3659 4404 3683 4455 ό
3735 4405 3836 4456 Κύι-

477 4482 697 4540 referat
716 4483 1133 4555 unusquisque
1156 4484 1490 4540 secundum
1519 4501 1592 4541 ea
1616 4500 1753 4556 quae
1785 4500 1892 4556 per
1915 4499 2133 4556 corpus

2246 4502 2368 4558 ριος,
2420 4485 2487 4536 τὰ
2533 4481 2998 4544 συνδιαθλησαντα
3035 4493 3096 4558 τῇ
3149 4491 3386 4562 μακαρίᾳ
3433 4488 3612 4562 ψυχῇ,
3663 4497 3838 4544 Ταῦτα

479 4572 600 4643 egit
627 4573 696 4608 δι’
731 4574 858 4628 Una
880 4588 1022 4628 arca
1050 4577 1195 4639 erat,
1227 4589 1363 4645 quae
1388 4574 1802 4630 venerandum
1824 4573 1970 4630 illud
1997 4589 2132 4630 cor-

480 4677 596 4735 pus
636 4663 906 4736 excepit;
936 4661 1138 4718 nullus
1170 4678 1360 4735 prope
1406 4663 1608 4735 ipsum
1635 4664 1857 4734 jacuit;
1899 4664 2132 4734 insigne

481 4751 591 4807 fuit
623 4752 974 4824 sepulcrum
1007 4771 1019 4821 ;
1054 4752 1338 4823 martyris
1362 4751 1562 4808 honor
1592 4753 1645 4808 ei
1673 4753 1926 4809 delatus.
1978 4754 2134 4810 Chri~

483 4841 680 4909 stiani,
714 4841 818 4915 qui
843 4843 1045 4915 ipsum
1071 4839 1335 4914 hospitio
1362 4849 1740 4914 exceperant,
1768 4849 1910 4900 tunc
1931 4849 1987 4901 et
2009 4844 2131 4900 suis

484 4930 770 4986 manibus
799 4932 1234 5005 deposuerunt,
1263 4937 1320 4988 et
1357 4949 1519 4989 nunc
1549 4933 1902 4989 extulerunt.
1938 4935 2004 4990 Hi
2031 4933 2132 4990 ﬂe-

479 5025 699 5075 verunt
727 5020 977 5091 quidem
1004 5025 1300 5095 tanquam
1321 5028 1491 5095 patre
1521 5026 1579 5079 et
1605 5028 1866 5096 patrono
1896 5023 2127 5081 orbati:

552 5179 601 5219 ⁶⁸
636 5180 809 5238 Rom.
843 5196 960 5254 xxv,
995 5185 1061 5240 i0
1083 5198 1096 5252 ;
1121 5186 1166 5240 Il
1189 5181 1322 5241 Cor.
1349 5200 1407 5253 v,
1434 5188 1517 5243 10.

553 5341 668 5418 (60)
705 5339 993 5418 'Agamﬁc,
1013 5344 1133 5418 _Sic_
1149 5349 1268 5402 tres
1297 5344 1682 5406 vetustissimi
1723 5348 1960 5407 codices
1992 5365 2132 5408 cum

478 5415 661 5485 Regio
703 5415 922 5492 primo,
948 5415 1096 5472 Editi
1122 5415 1413 5492 Ἀρειανικῆ
1427 5441 1465 5492 ς.

550 5491 659 5564 (ﬁt)
691 5487 1009 5564 Kareﬁcélau.
1040 5492 1124 5544 Ita
1153 5487 1326 5564 mss.‘
1339 5491 1597 5564 codices.
1622 5492 1769 5549 Editi
1793 5493 2130 5564 κατεϐάλλου,

479 5557 709 5634 Ibidem
767 5559 1135 5634 editifoﬁrov
1190 5559 1442 5634 θεμέλιον,
1498 5563 1696 5620 Prima
1748 5580 1865 5621 vox
1917 5557 2132 5624 melius

480 5626 650 5684 abest
673 5645 710 5685 a
737 5630 1049 5688 codicibus
1071 5631 1227 5690 Harl.
1249 5626 1311 5692 et
1337 5634 1486 5693 Med.

2241 4573 2354 4646 μετ’
2385 4573 2547 4636 αύτῆς
2603 4580 2920 4648 στεφανώσει
2972 4573 3020 4626 ἐν
3076 4583 3139 4648 τῇ
3191 4578 3361 4650 ἡμέρᾳ
3410 4585 3499 4639 τῆς
3553 4577 3839 4633 ἀνταποδό-

2245 4686 2369 4728 σεως
2435 4666 2595 4719 αύτού
2645 4675 2707 4740 τῇ
2781 4663 2969 4739 δικαίᾳ
3022 4669 3158 4719 κατὰ
3206 4671 3263 4719 τὸ
3306 4674 3661 4742 γεγραμμένον
3695 4688 3710 4700 ο
3759 4673 3835 4724 ὅτι

2244 4754 2327 4811 δεῖ
2369 4760 2502 4830 ἡμᾶς
2550 4765 2888 4831 παραστῆναι
2942 4765 3014 4828 τῷ
3072 4751 3421 4830 βήματι”τοῦ
3467 4768 3720 4834 Χριστοῦ,
3756 4763 3834 4815 ἵνα

2241 4851 2529 4919 κομίσηται
2586 4847 2805 4908 ἕκαστος
2854 4851 2979 4922 πρὸς
3008 4845 3042 4898 ἂ
3088 4847 3274 4920 ἔπραξε
3324 4845 3417 4901 διὰ
3451 4858 3543 4902 τοῦ
3577 4857 3832 4924 σώματος.

2240 4942 2353 4989 Μία
2401 4935 2593 5007 λάρναξ
2632 4932 2692 4994 ἦν
2731 4937 2760 4994 ἡ
2810 4932 3166 5008 ὑποδεξαμένη
3222 4941 3280 4989 τὸ
3319 4942 3491 5010 τίμίον
3531 4938 3690 4993 ἐκεῖνο
3739 4949 3834 4993 σῶ-

2241 5043 2332 5100 μα·
2385 5022 2561 5087 οὐδεὶς
2615 5026 2640 5077 ὁ
2682 5024 2905 5084 πλησίον
2945 5026 3103 5080 αὐτοῦ
3149 5032 3537 5101 κατακείμενοςο
3581 5028 3833 5104 ἐπίσημος

2310 5351 2418 5422 (62)
2448 5345 2504 5403 Ἠ
2539 5343 2597 5403 δὲ
2617 5353 2735 5476 περὶ
2767 5349 2854 5402 τὸν
2880 5352 3300 5425 μακαριώτατον.
3330 5353 3477 5408 Ante
3501 5353 3630 5410 haec
3652 5354 3831 5413 verba

2310 5423 2458 5476 :sinit
2487 5423 2676 5476 enisto
2703 5438 2739 5476 a
2769 5422 2968 5476 Basilii
3000 5423 3060 5476 in
3087 5423 3372 5476 omnibus
3404 5424 3576 5476 editis
3604 5429 3660 5476 et
3690 5443 3825 5476 mss-

2239 5421 2458 5496 desinit
2487 5421 2739 5495 epistola
2769 5421 3060 5496 Bas'ilii‘in
3087 5423 3372 5496 omnibus
3404 5424 3576 5496 editis
3604 5429 3660 5480 et
3689 5443 3826 5496 mss,

2240 5492 2832 5566 codicibus,excepto
2856 5492 3164 5566 Harlzeano
3183 5494 3408 5562 codice,
3423 5495 3524 5566 qui
3538 5492 3828 5566 insignem

2238 5565 2399 5622 hanc
2419 5572 2674 5638 partem,
2696 5565 2821 5637 qua
2844 5565 3265 5638 translationis
3282 5569 3338 5622 S.
3370 5565 3636 5637 Dionysii
3660 5565 3805 5627 histo

2237 5639 2330 5697 ria
2365 5637 2666 5711 narratur,
2697 5637 3128 5711 percommode
3168 5637 3347 5695 nobis
3393 5640 3817 5713 suppeditavit.
