4152 6404
177 286 308 346 ’741

1202 280 1685 343 EPISTOLARUM
1721 272 2004 338 CLASSIS
2039 281 2108 339 II.
2148 282 2364 342 EPlST.
2405 282 2586 345 CCIII.

3470 278 3592 352 ηε

183 416 352 487 ἡμᾶς
382 409 416 465 δ
422 408 627 472 ιάϐολος
657 411 814 473 ἔστω,
855 406 985 462 ἀλλὰ
1020 414 1334 486 κατήγορος
1369 408 1560 481 μᾶλλον
1592 404 1651 461 δε
1680 402 1819 480 μηδέ

1940 418 2128 477 neque
2158 409 2528 467 accusatoris
2565 409 2822 484 accipiat
2857 424 3107 482 nomen,
3154 412 3263 470 sed
3309 413 3494 473 frater
3521 412 3599 474 sit

180 507 262 557 τὸ
311 509 409 555 τοῦ
456 502 757 572 κατηγόρου
787 494 1032 570 δεχέσθω
1057 502 1253 571 ὅνωμα,
1295 499 1402 551 ἀλλ’
1436 495 1659 571 ἀδελφός
1687 497 1821 549 ἔστω

185 593 255 646 ἐν
312 591 495 663 ἀγάπη
541 589 816 654 νουθετῶν,
866 592 958 639 καὶ
1005 586 1093 640 ἐπὶ
1144 585 1427 662 διορθώσει
1478 587 1685 659 ἐπάγων
1733 589 1821 638 τὸν

183 683 448 754 ἔλεγχον·
478 683 612 752 μήτε
640 679 787 749 ὑμεῖς
815 675 1092 750 λοιδοριῶν
1121 679 1341 749 γένησθε
1383 680 1501 749 (35)
1541 675 1821 752 ἀκροαταὶ,

191 772 323 824 αλλ’
352 769 581 841 ἐλέγχων
605 763 640 819 δ
643 770 950 838 οκιμασταίο
973 771 1106 839 μήτε
1126 768 1279 840 ἡμεῖς
1307 766 1635 840 ἀνιάτρευτοι
1663 785 1826 817 κατα-

189 861 524 934 λειφθῶμεν,
561 859 630 929 μὴ
662 858 1039 931 φανερουμένης
1062 857 1188 928 ἡμῖν
1217 865 1315 919 τῆς
1360 855 1622 929 ἁμαρτιας
1651 857 1822 927 ἡμῶν,

281 988 341 1042 3.
373 986 459 1041 Μὴ
496 983 600 1055 γὰρ
643 979 833 1041 ἐκεῖνος
874 981 1007 1052 ὑμᾶς
1057 982 1083 1032 ὁ
1129 980 1377 1054 λοθισμός
1422 984 1709 1052 κατεχέτω,
1743 981 1825 1032 ὅτι

193 1076 256 1128 οἱ
307 1076 406 1132 τὴν
452 1070 715 1146 παραλίαν
763 1068 1022 1132 οἰκοῦντες
1061 1070 1157 1133 ἔξω
1187 1069 1340 1143 ἐσμὲν
1369 1078 1461 1122 τοῦ
1490 1072 1692 1131 πάθους
1721 1075 1825 1121 τῶν

190 1162 434 1231 πολλῶν,
487 1165 579 1213 καὶ
623 1154 777 1212 οὐδὲν
828 1168 926 1221 τῆς
970 1159 1096 1234 παρ’
1138 1159 1318 1233 ἐτέρων
1375 1158 1672 1233 ἐπικουρίας
1711 1155 1825 1211 δεό-

197 1254 366 1325 μεθα·
417 1252 552 1302 ὥστε
597 1253 681 1310 τίς
726 1250 850 1320 ἡμῖν
894 1253 1057 1323 χρεία
1096 1257 1190 1311 τῆς
1238 1251 1370 1324 πρός
1411 1249 1609 1324 ἐτέρους
1633 1268 1822 1301 κοινω-

198 1347 369 1408 νίας;
399 1339 458 1393 Ὀ
499 1340 601 1411 γὰρ
636 1340 826 1410 Κύριος
853 1340 943 1397 τὰς
972 1340 1062 1409 μὲν
1090 1342 1287 1400 νήσους
1313 1346 1408 1401 τῆς
1440 1338 1553 1409 (36)
1602 1339 1822 1409 ἠπείρου

205 1428 317 1484 διὰ
363 1428 634 1489 θαλάσσης
686 1423 956 1492 διέστησε,
1004 1431 1126 1489 τοὺς
1159 1423 1220 1480 δὲ
1247 1432 1509 1488 νησιώτας
1545 1434 1649 1487 τοῖς
1669 1428 1822 1485 ἠπει-

208 1525 413 1594 ρώταις
439 1514 530 1571 διὰ
552 1523 645 1577 τῆς
666 1514 870 1587 ἀγάπης
897 1512 1204 1574 συνέδησεν.
1232 1513 1401 1569 Οὐδὲν
1430 1518 1568 1589 ἡμᾶς
1595 1515 1821 1591 χωρίζει

209 1607 310 1663 ἀπ’
361 1605 610 1674 ἀλλήλων,
658 1602 894 1677 ἀδελφοὶ,
943 1603 1028 1657 ἐὰν
1060 1609 1131 1677 μὴ
1163 1610 1232 1676 τᾷ
1258 1609 1561 1681 προαιρέσει
1585 1609 1674 1658 τὸν
1703 1626 1822 1679 χω-

203 1699 409 1774 ρισμόν
447 1697 774 1767 ύποστῶμεν.
799 1695 887 1756 Εἷς
932 1696 1079 1767 ἡμῶν
1129 1697 1339 1771 Κύριος,
1369 1699 1467 1767 μία
1495 1699 1696 1763 πίστις,
1735 1694 1821 1747 ἐλ-

203 1792 303 1848 πὶς
351 1788 383 1845 ἠ
430 1785 584 1844 αὕτη.
640 1787 757 1837 Εἴτε
810 1783 1033 1856 κεφαλὴν
1076 1783 1293 1847 ἑαυτούς
1319 1790 1417 1845 τῆς
1447 1784 1670 1838 καθόλου
1698 1783 1819 1839 Ἐκ-

204 1876 442 1937 κλησιας
482 1874 774 1945 λογίζεστε,
825 1872 884 1925 ού
940 1868 1163 1926 δύναται
1209 1875 1241 1933 ἠ
1295 1873 1488 1947 κεφαλὴ
1524 1873 1684 1926 εἰπεῖν
1713 1881 1822 1934 τοῖς

206 1970 371 2035 ποσὶ,
404 1968 598 2039 Χρείαν
636 1964 781 2035 ὑμῶν
821 1962 914 2014 ούκ
958 1965 1088 2034 ἔχω·
1140 1966 1240 2015 εἴτε
1290 1967 1381 2016 καὶ
1429 1963 1480 2015 ἐν
1518 1963 1643 2036 ἄλλη
1676 1962 1821 2026 τάξει

212 2062 322 2107 τῶν
368 2052 821 2111 ἐκκλησιαστικῶν
870 2051 1033 2124 μελῶν
1077 2051 1290 2114 ἑαυτοὺς
1338 2054 1584 2123 τάσσετε,
1616 2052 1675 2104 ού
1717 2049 1821 2105 δύ·-

217 2162 380 2197 ναστε
422 2142 587 2215 λέγειν
637 2148 746 2204 τοῖς
798 2139 848 2193 ἐν
894 2149 967 2212 τῷ
1008 2141 1151 2213 αύτῷ
1183 2147 1389 2215 σώματι
1426 2145 1821 2214 κατατεταγμέ-

219 2252 331 2294 νοις
358 2235 468 2303 (37)
508 2234 635 2304 ἡμῖν
664 2234 746 2299 τό,
778 2234 969 2304 Χρείαν
999 2232 1142 2304 ὑμῶν
1172 2231 1266 2283 οὐκ
1292 2234 1503 2304 ἔχομεν.
1537 2232 1602 2284 Αἰ
1636 2250 1690 2284 τε
1717 2234 1821 2307 γὰρ

220 2329 393 2398 χεῖρες
451 2320 684 2381 αλλήλων
754 2318 977 2388 δέονται,
1048 2325 1139 2372 καὶ
1213 2321 1264 2373 οἱ
1336 2318 1493 2381 πόδες
1571 2318 1822 2382 ἀλλήλους

218 2414 565 2485 στηρίζουσι,
611 2415 705 2462 καὶ
760 2411 810 2462 οἱ
864 2408 1121 2481 ὀφθαλμοὶ
1182 2408 1234 2462 ἓν
1289 2414 1352 2468 τῆ
1424 2413 1701 2483 συμφωνίᾳ
1762 2410 1822 2461 τὸ

215 2500 429 2577 ἐναργὲς
484 2508 578 2561 τῆς
627 2497 967 2569 καταλήψεως
1034 2501 1272 2571 ἔχουσιν.
1331 2498 1508 2572 Ἡμεῖς
1565 2501 1655 2570 μὲν
1721 2501 1822 2572 γὰρ

215 2590 572 2663 ὁμολογοῦμεν
633 2592 696 2641 τὸ
770 2587 965 2641 ἑαυτῶν
1044 2586 1270 2649 ἀσθενές·
1330 2593 1420 2640 καὶ
1477 2587 1822 2661 ἐπιζητοῦμεν

219 2682 313 2736 τὴν
354 2679 643 2749 σύμπνοιαν
682 2679 847 2749 ὑμῶν.
888 2672 1124 2749 Οἴδαμεν
1161 2679 1289 2748 γὰρ,
1332 2677 1435 2742 ὅτι,
1468 2674 1561 2728 κᾶν
1592 2681 1663 2749 μὴ
1692 2695 1827 2748 παρ-

225 2776 322 2827 ῆτε
375 2776 450 2838 τῷ
503 2772 727 2839 σώματι,
789 2774 851 2839 τῇ
904 2762 1001 2819 διὰ
1042 2774 1142 2819 τῶν
1199 2766 1372 2837 εὐχῶν
1426 2765 1647 2838 βοηθείᾳ
1693 2769 1826 2838 μέγα

228 2854 478 2930 παρέξετε
531 2856 654 2927 ἡμῖν
701 2854 748 2907 ἐν
774 2863 880 2916 τοῖς
933 2854 1357 2928 ἀναγκαιοτάτοις
1385 2862 1586 2928 καιροῖς
1628 2854 1822 2927 ὄφελος.

229 2945 387 3017 Ὺμᾶς
435 2939 495 2997 δὲ
546 2944 639 2997 ούκ
687 2946 827 2998 ἔστιν
865 2946 983 2997 οὔτε
1027 2947 1174 3019 παρὰ
1225 2943 1515 3019 ἀνθρώποις
1562 2944 1826 3017 εὐπρεπὲς,

233 3036 352 3086 οὔτε
409 3040 482 3104 τῷ
539 3040 653 3104 Θεῷ
704 3033 981 3107 εὐάρεστον
1034 3041 1150 3096 ταῖς
1197 3036 1466 3093 τοιαύταις
1521 3034 1828 3106 κεχρῆσθαι

230 3130 436 3195 φωναῖς,
482 3124 567 3182 αἷς
614 3118 739 3176 οὐδὲ
792 3126 861 3176 τὰ
901 3124 1020 3182 ἔθνη
1062 3127 1353 3198 κέχρηνται
1403 3124 1472 3174 τὰ
1518 3126 1588 3194 μὴ
1649 3119 1831 3175 εἰδότα

224 3214 311 3264 τόν
360 3215 515 3268 Θεόν.
587 3210 744 3265 Ἀλλὰ
793 3210 1008 3264 κάκεῖνα
1056 3211 1331 3285 ἀκούομεν,
1384 3209 1479 3264 κᾶν
1540 3211 1609 3272 εἰς
1659 3214 1832 3265 πάντα

224 3298 461 3377 ἆύτάρκη
502 3304 597 3359 τὴν
649 3305 833 3375 χώραν
874 3305 1149 3375 νέμωνται,
1206 3308 1303 3364 τῆς
1331 3307 1457 3372 γοῦν
1486 3308 1586 3352 τῶν
1621 3299 1831 3373 μελλόν-

220 3409 311 3442 τον
379 3388 539 3442 ἕνεκεν
592 3386 816 3451 ἆδηλίας
874 3394 971 3448 τὴν
1026 3393 1158 3465 πρός
1213 3388 1460 3450 αλλήλόυς
1513 3393 1830 3462 συμμαχίαν

222 3476 587 3548 ἀσπάζεσθαι,
624 3482 713 3530 καὶ
748 3482 843 3537 τὴν
893 3477 1158 3552 ἐπιμιξίαν
1203 3480 1271 3540 ὡς
1298 3479 1531 3550 ἔχουσάν
1562 3497 1613 3529 τι
1641 3472 1830 3553 κέρδος

221 3563 590 3640 μεταδιώκειν.
636 3566 815 3639 Ἡμεῖς
880 3563 955 3639 δὲ⁶
1013 3565 1214 3619 ἐκείνων
1263 3569 1398 3628 ὄντες
1439 3576 1540 3619 τῶν
1571 3571 1828 3640 πατέρων,

223 3656 274 3709 οἳ
328 3655 708 3729 ἐνομοθέτησαν
751 3653 846 3709 διὰ
882 3665 1081 3731 μικρῶν
1112 3661 1469 3732 χαρακτήρων
1498 3658 1565 3709 τά
1593 3666 1685 3717 τῆς
1713 3676 1831 3708 κοι-

221 3750 411 3808 νωνίας
459 3746 573 3817 (38)
621 3744 860 3819 σύμϐολα
891 3744 992 3799 ἀπό
1017 3748 1252 3819 περάτων
1282 3754 1377 3808 τῆς
1405 3753 1507 3817 γῆς
1538 3745 1604 3806 εἰς
1631 3749 1834 3820 πέρατα

222 3837 615 3908 περιφέρεσθαι,
666 3839 755 3887 καὶ
800 3836 997 3894 πάντας
1034 3840 1170 3887 πᾶσι
1225 3834 1443 3896 πολίτας
1489 3839 1581 3888 καὶ
1619 3839 1835 3895 οἰκείους

229 3921 383 3994 εἶναι,
430 3930 518 3975 νῦν
563 3921 913 3998 ἀποτέμνομεν
965 3923 1181 3985 ἑαυτοὺς
1227 3931 1324 3984 τῆς
1375 3923 1703 3996 οἰκουμένης,
1744 3927 1834 3976 καὶ

226 4016 349 4066 οὔτε
399 4009 833 4086 ἐπαισχυνόμεθα
879 4019 941 4085 τῇ
993 4018 1239 4086 μονώσει,
1279 4014 1397 4064 οὔτε
1441 4012 1636 4084 ζημίαν
1668 4017 1836 4088 φέρειν

227 4105 320 4154 τόν
364 4096 709 4174 διασπασμὸν
758 4111 855 4164 τῆς
893 4103 1135 4173 ὁμονοίας
1161 4102 1427 4173 τιθέμεθα-
1457 4104 1574 4153 οὔτε
1605 4105 1837 4173 φρίσσο-

232 4210 347 4265 μεν,
393 4191 477 4243 ὅτι
517 4190 591 4253 εἰς
633 4194 773 4263 ἡμᾶς
821 4192 1001 4263 φθάνει
1050 4193 1079 4250 ἠ
1116 4189 1309 4264 φοϐερὰ
1335 4196 1428 4242 τοῦ
1465 4194 1660 4263 Κυρίου
1691 4191 1838 4263 ἡμῶν

229 4284 542 4356 προφητεία,
577 4279 831 4350 εἰπόντος,
862 4282 944 4332 ὅτι
981 4283 1078 4333 Διά
1104 4283 1164 4333 τό
1202 4280 1563 4339 πληθυνθῆναι
1594 4284 1688 4339 τὴν
1720 4278 1836 4332 ἀνο-

233 4374 378 4443 μίαν,
407 4369 712 4441 ψυγήσεται
736 4367 766 4429 ἧ
795 4368 975 4441 ἀγάπη
1003 4377 1104 4423 τῶν
1131 4368 1356 4425 πολλῶν.

1932 493 2274 554 admonens
2313 499 2379 555 in
2425 500 2736 570 charitate,
2776 505 2836 558 et
2875 500 2956 558 ad
2984 503 3477 562 emendationem
3504 523 3596 564 ar-

1930 598 2124 654 guens
2150 604 2163 656 ;
2193 601 2395 660 neque
2417 604 2528 646 vos
2550 589 2962 647 conviciorum
2992 590 3300 648 auditores
3332 593 3596 663 sitis,sed

1932 682 2432 745 argumentorum
2457 679 2725 750 judices:
2758 695 2958 752 neque
2984 696 3098 737 nos
3132 681 3390 741 incurati
3419 684 3596 742 relin-

1931 780 2216 838 quemur,
2244 772 2454 826 nostro
2477 768 2657 826 nobis
2681 784 2808 827 non
2838 769 3104 828 indicato
3136 770 3377 831 delicto.

2004 983 2057 1035 3.
2092 981 2221 1037 Non
2251 981 2411 1037 enim
2439 994 2550 1038 vos
2580 981 2684 1040 illa
2704 983 2987 1054 cogitatio
3013 972 3276 1043 detineat
3302 1001 3317 1039 :
3351 989 3469 1042 Nos
3485 984 3593 1059 qui

1932 1069 2240 1127 maritima
2261 1069 2397 1128 loca
2424 1070 2772 1142 incolimus,
2805 1078 2973 1130 extra
2996 1073 3329 1132 multorum
3357 1074 3593 1133 malum

1933 1172 2167 1229 sumus,
2207 1175 2320 1215 nec
2366 1159 2628 1218 aliorum
2672 1160 3020 1232 indigemus
3066 1158 3327 1221 auxilio:
3377 1181 3594 1238 quam—

1931 1246 2143 1304 obrem
2171 1247 2321 1322 quid
2350 1249 2528 1306 nobis
2554 1267 2710 1323 opus
2741 1255 2830 1307 est
2854 1268 2995 1307 cum
3020 1252 3152 1308 aliis
3183 1254 3535 1311 communio
3565 1244 3594 1310 ‘2

1931 1337 2225 1393 Dominus
2274 1337 2437 1395 enim
2484 1339 2716 1396 insulas
2764 1339 3013 1413 quidem
3041 1356 3079 1398 a
3107 1343 3451 1399 continente
3482 1358 3593 1415 per

1929 1441 2100 1482 mare
2129 1424 2331 1484 divisit
2358 1426 2733 1485 :insularum
2761 1444 2907 1486 vero
2934 1428 3166 1486 incolas
3195 1447 3304 1503 per
3331 1432 3591 1489 charita-

1931 1519 2054 1571 tem
2093 1530 2235 1571 cum
2277 1515 2493 1572 incolis
2522 1515 2885 1575 continentis
2924 1517 3143 1589 juuxit.
3190 1518 3343 1576 Nihil
3371 1536 3484 1576 nos
3512 1518 3594 1577 ab

1928 1602 2208 1671 invicem,
2257 1604 2497 1675 fratres,
2555 1609 2818 1680 separat,
2869 1606 2986 1663 nisi
3037 1607 3226 1663 animi
3280 1609 3594 1682 proposito

1928 1692 2346 1749 dissociemur.
2357 1696 2521 1751 Unus
2551 1694 2729 1751 nobis
2754 1697 2843 1752 est
2869 1693 3181 1767 Dominus,
3204 1712 3329 1753 una
3347 1696 3503 1753 ﬁdes
3521 1698 3593 1767 οι,

1931 1799 2071 1855 spes
2100 1781 2339 1839 eadem.
2382 1783 2517 1840 Sive
2542 1787 2727 1857 caput
2752 1784 3036 1857 vosipsos
3067 1786 3368 1842 universae
3399 1785 3596 1842 Eccle-

1930 1871 2033 1928 siae
2074 1870 2449 1944 existimatis,
2478 1889 2605 1930 non
2636 1877 2835 1947 potest
2859 1878 3043 1946 caput
3066 1873 3263 1932 dicere
3293 1874 3592 1949 pedibus:

1930 1962 2059 2016 Non
2098 1963 2196 2018 est
2237 1960 2385 2017 mihi
2431 1976 2588 2035 opus
2616 1961 2813 2018 vobis.
2864 1961 2997 2018 Sive
3024 1979 3135 2019 vos
3161 1963 3224 2019 in
3254 1963 3372 2020 alio
3402 1980 3594 2020 mem-

1929 2049 2182 2107 brorum
2220 2050 2767 2108 ecclesiasticorum
2804 2050 3020 2108 ordine
3060 2052 3375 2125 reponitis,
3410 2052 3592 2110 nobis

1930 2139 1993 2196 in
2019 2139 2239 2196 eodem
2269 2156 2521 2214 corpore
2551 2140 2886 2197 constitutis
2915 2157 3039 2197 non
3068 2142 3322 2214 potestis
3351 2141 3548 2199 dicere
3577 2142 3591 2197 ς

1931 2230 2118 2286 Vestri
2141 2245 2267 2286 non
2290 2229 2641 2300 indigemus
2674 2231 2743 2286 ⁸³.
2777 2233 2929 2288 Nam
2956 2235 3014 2288 et
3039 2247 3266 2288 manus
3295 2231 3486 2290 altera
3510 2231 3594 2290 al-

1931 2319 2116 2377 terius
2163 2323 2316 2390 eget,
2377 2324 2437 2376 et
2485 2333 2595 2393 pes
2634 2318 2783 2377 alter
2811 2320 3067 2377 alterum
3095 2321 3321 2385 ﬁrmat,
3347 2326 3405 2378 et
3436 2321 3598 2379 oculi

1932 2418 2040 2482 per
2084 2407 2478 2465 concordiam
2519 2408 2677 2466 clare
2730 2425 2802 2466 ac
2847 2409 3167 2482 perspicue
3212 2408 3435 2467 vident.
3476 2412 3597 2468 Nos

1934 2498 2096 2555 enim
2124 2503 2398 2555 nostram
2414 2498 2692 2572 ipsorum
2711 2498 3185 2556 imbecillitatem
3207 2498 3596 2571 conﬁtemur,

1932 2605 2004 2645 ac
2035 2587 2552 2660 conspirationem
2579 2591 2848 2646 vestram
2872 2587 3281 2660 exposcimus.
3304 2588 3597 2645 Novimus

1932 2677 2094 2735 enim
2118 2677 2265 2744 fore,
2297 2681 2363 2734 ut
2387 2676 2623 2735 etiamsi
2640 2692 2892 2749 corpore
2920 2692 3046 2733 non
3084 2675 3317 2749 adsitis,
3347 2692 3598 2749 precum

1934 2765 2206 2823 subsidio
2240 2781 2367 2822 non
2392 2781 2613 2838 parum
2642 2765 2821 2821 nobis
2851 2765 3269 2834 emolumenti,
3308 2765 3599 2838 tempori-

1932 2855 2050 2912 bus
2081 2854 2345 2910 maxime
2389 2852 2765 2921 necessariis,
2799 2852 3083 2911 afferatis.
3116 2856 3230 2911 Vos
3258 2858 3461 2910 autem
3486 2870 3600 2912 nec

1935 2961 2141 3002 coram
2165 2943 2520 3001 hominibus
2564 2942 2858 3000 decorum
2883 2947 2992 3011 est,
3023 2959 3136 3000 nec
3162 2945 3283 2999 Deo
3310 2943 3599 3016 placitum

1940 3032 2246 3106 ejusmodi
2287 3033 2374 3090 uti
2417 3033 2671 3090 vocibus
2719 3032 2946 3106 quibus
2984 3048 3061 3089 ne
3111 3036 3318 3105 gentes
3347 3033 3599 3106 quidem

1939 3128 2209 3195 utuntur,
2258 3139 2399 3195 quae
2447 3125 2637 3179 Deum
2660 3122 2962 3195 ignorant.
2997 3122 3152 3189 Quin
3182 3127 3240 3179 et
3262 3122 3400 3179 illas
3431 3122 3603 3179 audi-

1937 3229 2100 3278 mus,
2145 3210 2387 3270 etiamsi
2414 3211 2700 3269 omnibus
2730 3210 3146 3268 abundantem
3175 3210 3486 3282 regionem
3508 3212 3600 3269 in-

1938 3301 2157 3374 colant,
2195 3301 2409 3359 saltem
2446 3301 2527 3359 ob“
2566 3301 2865 3358 incertum
2905 3300 3252 3358 futurorum
3292 3306 3598 3374 eventum,

1936 3390 2135 3447 foedus
2153 3392 2308 3447 inter
2334 3406 2398 3447 se
2421 3389 2675 3447 libenter
2697 3390 2867 3462 inire,
2900 3405 2971 3447 ac
2997 3391 3433 3447 commercium
3464 3394 3603 3447 tan-

1938 3495 2129 3553 quam
2165 3479 2345 3536 alicui
2372 3479 2459 3536 rei
2488 3478 2631 3536 utile
2659 3480 2963 3553 persequi.
2996 3482 3116 3536 Nos
3144 3483 3349 3537 autem
3378 3494 3448 3536 ex
3486 3478 3604 3535 illis

1938 3570 2053 3627 orti
2073 3569 2374 3643 patribus,
2405 3570 2513 3643 qui
2540 3569 2738 3639 legem
2763 3569 3047 3638 tulerunt,
3089 3573 3157 3627 ut
3183 3568 3472 3627 brevibus
3495 3585 3605 3627 no-

1939 3661 2014 3717 tis
2042 3660 2493 3717 communionis
2525 3661 2696 3732 signa
2726 3676 2764 3717 a
2809 3659 3078 3716 terminis
3108 3656 3275 3716 orbis
3304 3663 3604 3716 terrarum

1940 3765 2136 3822 usque
2181 3748 2261 3805 ad
2289 3750 2577 3806 terminos
2606 3747 3153 3817 circumferrentur,
3175 3752 3358 3820 atque
3389 3763 3605 3803 omnes

1943 3839 2227 3895 omnibus
2252 3838 2414 3895 cives
2445 3841 2503 3894 et
2530 3837 2859 3910 propinqui
2889 3839 3092 3894 essent
3117 3852 3131 3892 :
3157 3851 3324 3892 nunc
3346 3851 3460 3893 nos
3487 3835 3604 3908 ipsi

1944 3927 2366 3987 abscindimus
2409 3924 2490 3982 ab
2545 3926 2693 3983 orbe
2727 3930 3046 3990 terrarum,
3098 3938 3211 3981 nec
3255 3938 3370 3982 nos
3415 3924 3608 3997 pudet

1946 4016 2285 4076 solitudinis
2330 4033 2346 4074 :
2402 4031 2517 4073 nec
2572 4016 2874 4073 damnum
2932 4014 3087 4073 ferre
3150 4014 3606 4073 distractionem

1947 4105 2287 4166 concordia:
2332 4105 2651 4163 ducimus:
2702 4121 2903 4178 neque
2957 4105 3299 4174 horremus,
3328 4104 3497 4178 quod
3525 4104 3608 4162 ad

1945 4214 2061 4256 nos
2093 4195 2429 4270 pervenerit
2446 4194 2834 4252 formidanda
2854 4193 3175 4267 prophetia
3200 4192 3439 4250 Domini
3466 4208 3608 4251 nos‘

1948 4287 2040 4358 tri,
2075 4285 2180 4359 qui
2208 4284 2394 4341 dixit:
2448 4285 2741 4353 Quoniam
2784 4284 3118 4341 abundavit
3170 4283 3481 4355 iniquitas,
3514 4296 3609 4338 re-

1947 4378 2223 4450 frigescet
2251 4374 2515 4432 Charitas
2543 4374 2876 4430 multorum
2901 4373 2972 4430 ⁸³.

309 4471 361 4523 4.
402 4473 485 4529 Μὴ
533 4476 719 4535 ταῦτα,
770 4465 987 4542 ἀδελφοὶ
1033 4474 1366 4541 τιμιώτατοι,
1406 4472 1479 4542 μὴ
1523 4467 1827 4541 ἀνάσχησθε

2021 4469 2078 4523 4.
2145 4463 2353 4535 Nolite,
2413 4463 2628 4520 fratres
2682 4460 3194 4530 reverendissimi,
3247 4454 3432 4518 nolite
3490 4459 3611 4516 hoc

233 4563 392 4609 τοῦτο
422 4560 555 4629 (39),
605 4556 734 4610 ἀλλὰ
775 4562 867 4610 καὶ
908 4556 994 4609 ἐπὶ
1042 4564 1152 4618 τοῖς
1196 4556 1517 4628 παρελθοῦσι
1546 4557 1840 4632 παρακαλέ-

237 4662 367 4697 σατε
425 4645 562 4717 ἡμᾶς
631 4646 940 4718 γράμμασιν
1003 4642 1285 4717 εἰρηνικοῖς
1337 4648 1428 4696 καὶ
1485 4642 1843 4716 ἀγαπητικαῖς

232 4738 694 4808 προσφωνήσεσιν,
758 4733 911 4785 οἱονεὶ
970 4736 1163 4808 πραείᾳ
1223 4736 1327 4784 τινὶ
1392 4730 1558 4803 ἐπαφῆ
1632 4735 1690 4785 τό
1747 4741 1843 4796 τῆς

232 4818 471 4896 καρδίας
516 4823 663 4894 ἡμῶν
710 4821 875 4890 ἕλκος,
915 4820 942 4873 ὂ
981 4818 1036 4872 ἐκ
1079 4828 1171 4882 τῆς
1214 4819 1580 4896 παρελθούσης
1606 4819 1844 4894 ἀμελείας

229 4911 574 4971 ἐνεποιήσατε
631 4912 779 4983 ἡμῖν,
834 4912 1319 4986 παραμυθούμενοι·
1383 4914 1486 4964 Καὶ
1538 4913 1635 4964 εἴτε
1692 4909 1844 4965 αὐτοὶ

1949 4555 2104 4612 ferre
2157 4544 2270 4611 Sed
2312 4569 2428 4610 nos
2474 4552 2676 4625 potius
2722 4552 2800 4608 de
2832 4551 3146 4624 praeteritis
3183 4548 3608 4625 consolemini,

1950 4643 2220 4717 paciﬁcis
2266 4623 2492 4701 litteris
2524 4646 2582 4699 et
2627 4623 2851 4699 amicis
2887 4637 3374 4709 salutationibus,
3428 4623 3613 4694 velut1

1954 4736 2132 4807 302
2170 4732 2292 4790 leni
2329 4732 2603 4806 quodam
2647 4734 2949 4800 contactu,
2981 4728 3240 4803 pectoris
3268 4726 3460 4785 nostri
3483 4726 3613 4784 vul-

1953 4838 2088 4893 nus,
2116 4821 2284 4894 quod
2306 4820 2483 4878 nobis
2510 4834 2621 4894 per
2647 4819 3013 4893 praeteritam
3035 4815 3334 4873 incuriam
3364 4813 3611 4885 fecistis,

1956 4909 2394 4968 demulcentes.
2429 4912 2514 4967 Ac
2543 4908 2669 4966 sive
2697 4908 2819 4980 ipSl
2846 4906 3026 4965 vultis
3055 4905 3138 4964 ad
3166 4921 3279 4963 nos
3303 4904 3611 4973 accedere,

308 5092 357 5127 ει
400 5089 619 5163 Ephes.
651 5104 730 5161 1v,
758 5092 811 5146 5.
887 5087 935 5126 ⁸³
973 5086 997 5145 Ι
1036 5090 1169 5147 Cor.
1200 5104 1299 5158 xu,
1334 5092 1525 5146 12-21.
1603 5089 1651 5124 ⁸³
1689 5091 1825 5148 Matt

1940 5072 2064 5157 :xrv,
2099 5092 2186 5145 12.

309 5266 429 5338 (35)
463 5270 695 5325 Γίνεσθε.
728 5267 887 5326 Harl.
919 5271 979 5324 et
1005 5266 1155 5325 Med.
1186 5267 1415 5337 γίνεσθε.

310 5336 431 5412 (36)
481 5344 608 5413 Τὰς,
630 5343 720 5413 μὲν
764 5344 965 5402 νήσους
1002 5347 1118 5400 τῆς.
1160 5336 1246 5395 lta
1269 5354 1370 5394 sex
1397 5353 1545 5393 mss.
1577 5336 1731 5394 Editi
1754 5338 1846 5399 τὰς

236 5411 440 5473 νήσους
464 5414 555 5483 μὲν
588 5411 690 5464 ἀπὸ
718 5419 832 5472 τῆς.

316 5484 429 5553 (37)
464 5476 969 5556 ἰξατοιτεταγμένοιςἰ
996 5485 1084 5538 Ita
1110 5496 1261 5556 mss.
1294 5482 1547 5556 septem.
1582 5476 1734 5537 Editi
1769 5498 1848 5533 τε·

241 5551 545 5632 ταγμένοις.
574 5551 1088 5632 Ibidem_Harl._et
1105 5551 1262 5632 Med.
1293 5551 1553 5632 otiihi'xw‘.

320 5621 438 5697 (38)
457 5630 758 5688 Κοινωνίας.
786 5628 871 5684 lta
890 5623 1073 5691 Harl.,
1104 5622 1265 5695 Med,
1298 5626 1356 5681 et
1384 5621 1562 5681 Ceisl.
1590 5622 1848 5696 primus,

1951 5264 2059 5339 qui
2084 5266 2289 5321 tamen
2317 5258 2502 5339 habet
2524 5259 2587 5318 in
2607 5258 2883 5330 margine
2907 5254 3194 5339 ἐπιμιξίας,
3225 5262 3294 5317 ut
3319 5258 3488 5318 editi.

2024 5338 2135 5405 (39)
2185 5341 2367 5390 Τοῦτο.
2415 5335 2580 5390 Hanc
2632 5347 2843 5407 vocem
2897 5333 3299 5407 apposuimus
3349 5347 3424 5386 ex
3447 5346 3614 5407 “mss,

1957 5402 2211 5489 septem,
2256 5422 2368 5489 pr_o
2421 5420 2494 5487 eo
2541 5402 2708 5489 quod
2737 5408 2866 5461 erat
2887 5402 3185 5489 ‘ifileditis
3227 5410 3414 5489 ταῦτα.
3447 5404 3617 5489 Deest

1954 5470 2223 5551 primum
2242 5470 2411 5529 ταῦτα
2434 5470 2768 5551 ἱημᾶιιοῂιιε
2794 5474 3104 5551 codicibus
3121 5489 3249 5531 non
3272 5470 3618 5551 antiquissi-

1958 5542 2099 5617 inis,
2128 5564 2351 5621 nempe
2380 5549 2565 5621 Regio
2591 5547 2791 5621 primo
2816 5551 2875 5606 et
2901 5544 3079 5606 Coisl.
3108 5542 3398 5604 secundo.
