4152 6382
312 263 435 319 745

1300 259 1810 320 ’EPISTOLARUM
1844 259 2123 320 CLASSIS
2161 258 2228 319 Il.
2267 260 2488 322 EPIST.
2529 262 2708 323 CCIV.

3593 271 3705 335 746

315 392 815 463 συμπαρατεῖναι;
864 385 931 440 Ὀ
987 390 1106 463 περὶ
1153 386 1295 459 ἡμᾶς
1339 388 1480 440 ἔστιν
1531 383 1661 440 ἰδεῖν
1722 390 1917 461 γινόμε·

2052 390 2288 445 aetatem
2308 388 2632 447 extendat?
2660 390 2834 457 Quod
2859 393 3060 450 tamen
3089 394 3295 453 videre
3332 400 3425 455 est
3446 415 3564 458 usu
3598 417 3709 460 no-

313 497 414 531 νον
453 478 686 552 (ιϐ-47),
717 474 970 552 οὐδεμιᾶς
992 484 1085 530 τοῦ
1113 472 1428 550 διεζεῦχθαι
1459 475 1670 539 δικαίας
1699 478 1939 551 ἀφορμῆς

316 568 706 642 ὑπαρχούσης,
729 567 915 622 οὐκοῦν
944 569 1047 620 ὅσα
1068 586 1129 640 γι
1160 570 1311 641 ἴσμεν
1341 566 1491 620 αὐτοί
1514 589 1528 602 ο
1564 565 1691 621 ἀλλὰ
1715 571 1773 620 τὸ
1798 571 1938 621 ἔναν-

315 661 455 728 τίον,
498 656 695 711 πολλῶν
742 662 833 711 καὶ
877 656 1114 730 μεγάλων
1142 660 1277 733 πρὸς
1301 660 1396 716 τὴν
1420 658 1586 731 ἄκραν
1616 659 1741 731 ἡμῖν
1764 656 1932 730 φιλίαν

317 752 421 800 καὶ
476 748 657 801 ἕνωσιν
715 745 1113 821 ἐνυπαρχόντων
1160 750 1220 800 τό
1260 747 1312 811 ἐξ
1342 745 1517 822 ἀρχῆς
1541 767 1553 781 ’
1588 747 1692 808 ἑνός
1722 752 1812 819 μὲν
1839 753 1932 800 τοῦ

316 841 584 910 μεγίστου
621 841 711 890 καὶ
739 842 969 913 πρώτου,
1008 844 1100 899 τῆς
1138 834 1344 899 ἐντολῆς
1390 844 1483 890 τοῦ
1534 840 1728 911 Κυρίου
1771 833 1930 912 διαρ-

314 922 503 1001 ῥήδην
559 926 809 996 εἰπόντος,
873 927 953 979 ὅτι
1004 926 1086 980 Ἐν
1141 928 1309 999 τούτῳ
1373 931 1660 999 γνώσονται
1718 927 1928 997 πάντες,

317 1016 412 1069 ὃτι
477 1018 591 1089 ἐμοὶ
655 1018 891 1090 μαθηταί
956 1014 1092 1085 ἐστε,
1154 1017 1239 1069 ἐὰν
1305 1015 1539 1089 ἀγαπᾶτε
1615 1014 1861 1077 ἀλλήλους
1911 1030 1926 1046 ⁸

313 1110 417 1159 καὶ
478 1094 634 1159 πάλιν
696 1114 789 1159 τοῦ
846 1105 1168 1161 Ἀποστόλου
1223 1114 1402 1180 σαφῶς
1463 1108 1522 1159 τό
1570 1113 1662 1167 τῆς
1720 1104 1928 1178 ἀγάπης

312 1195 480 1248 καλὸν
537 1204 892 1272 παριστῶντος
953 1198 1100 1270 ἡμῖν,
1159 1203 1312 1251 τοῦτο
1350 1199 1440 1270 μὲν
1470 1194 1618 1259 ἐνοῖς
1643 1194 1926 1269 ἀποφαίνε-

314 1306 414 1339 ται
478 1284 737 1362 πλήρωμα
790 1290 949 1361 νόμου
1029 1284 1158 1340 εἶναι
1227 1292 1322 1346 τὴν
1365 1285 1598 1358 ἀγάπην,
1657 1294 1811 1339 τοῦτο
1866 1283 1927 1339 δὶ

314 1375 447 1428 ὅταν
496 1376 786 1448 προτίθησι
841 1376 1046 1428 πάντων
1094 1376 1225 1448 όμοῦ
1288 1382 1388 1428 τῶν
1439 1374 1673 1449 μεγάλων
1708 1377 1785 1429 ,τὸ
1832 1382 1925 1436 τῆς

320 1461 532 1536 ἀγάπης
597 1463 775 1535 καλὸν,
835 1462 883 1517 ἓν
937 1465 1010 1526 οἷς
1061 1484 1219 1537 φησιν
1244 1481 1258 1495 ⁸
1300 1464 1419 1519 Ἐὰν
1492 1471 1606 1526 ταῖς
1659 1462 1925 1537 γλώσσαις

317 1563 427 1607 τῶν
504 1551 785 1628 ἀνθρώπων
867 1553 1004 1607 λαλῶ
1084 1558 1174 1607 καὶ
1232 1563 1332 1607 τῶν
1398 1553 1649 1627 ἀγγέλων,
1715 1552 1922 1626 ἀγάπην

314 1640 385 1697 δὲ
439 1648 511 1717 μὴ
585 1647 716 1717 ἔχω,
775 1648 967 1717 γέγονα
1038 1644 1238 1717 χαλκός
1294 1645 1467 1717 ἠχῶν,
1540 1645 1570 1705 ἦ
1658 1644 1922 1717 κύμϐαλον

2048 476 2146 533 bis
2182 478 2452 535 evenisse
2485 496 2499 536 :
2539 480 2822 553 quamvis
2850 482 3018 540 nulla
3048 484 3123 541 sit
3144 485 3307 557 justa
3352 487 3704 561 disjunctio-

2048 567 2144 624 nis
2199 583 2408 637 causa,
2457 570 2622 643 quod
2664 571 2914 645 quidem
2981 574 3276 645 sciamus;
3323 578 3429 635 sed
3466 586 3700 652 contra,

2047 657 2238 715 multa
2267 664 2324 717 et
2351 675 2580 731 magna
2604 661 2683 718 ad
2714 678 3021 721 summam
3069 665 3247 722 nobis
3287 668 3616 727 amicitiam
3646 675 3704 729 et

2047 748 2538 818 conjunctionem
2582 750 2912 809 exstiterint
2968 752 3048 808 ab
3103 754 3305 824 initio;
3355 771 3547 814 unum
3573 759 3705 831 qui-

2045 837 2207 907 dem,
2238 837 2508 911 illudque
2528 840 2866 897 maximum
2898 845 2957 897 et
2975 842 3263 915 primum,
3294 845 3527 902 Domini
3554 862 3705 920 pra;-

2044 932 2288 1000 ceptum
2326 927 2542 984 diserte
2564 929 2818 987 dicentis
2847 947 2861 987 :
2887 933 2959 987 In
2983 933 3095 990 hoc
3110 941 3459 1005 cognoscent
3475 952 3697 1008 omnes,

2040 1018 2200 1088 quod
2227 1017 2514 1088 discipuli
2536 1020 2653 1075 mei
2680 1020 2838 1089 estis,
2896 1021 2950 1076 si
2977 1036 3077 1078 vos
3108 1028 3314 1080 mutuo
3338 1023 3597 1095 diligitis
3626 1027 3699 1084 ιη.

2042 1105 2216 1172 Quod
2244 1106 2494 1179 quidem
2539 1107 2847 1165 charitatis
2873 1108 3106 1168 bonum
3135 1128 3343 1168 rursus
3373 1113 3699 1186 Apostolus

2037 1196 2360 1269 perspicue
2389 1196 2566 1254 nobis
2586 1199 2851 1272 exponit,
2883 1200 3069 1257 modo
3095 1202 3365 1275 quidem,
3396 1219 3533 1260 cum
3562 1221 3698 1278 pro-

2037 1286 2277 1342 nuntiat
2333 1285 2852 1359 complementum
2928 1288 3077 1361 legis
3134 1306 3265 1348 esse
3317 1291 3694 1363 charitatem,

2035 1374 2223 1432 modo
2293 1391 2454 1441 vero,
2533 1393 2674 1434 cum
2746 1378 3050 1436 charitatis
3114 1380 3350 1437 bonum
3406 1382 3697 1439 omnibus

2038 1463 2224 1521 simul
2279 1464 2522 1535 magnis
2575 1465 2755 1523 bonis
2804 1468 3068 1541 praefert,
3118 1469 3268 1526 dum
3305 1469 3432 1529 ait:
3469 1471 3536 1528 Si
3583 1473 3697 1529 lin-

2034 1554 2171 1625 guis
2216 1553 2524 1611 hominum
2574 1556 2786 1626 loquar
2831 1564 2886 1614 et
2930 1559 3307 1631 angelorum,
3335 1560 3695 1618 charitatem

2035 1647 2236 1699 autem
2267 1659 2387 1699 non
2410 1643 2683 1710 habeam,
2702 1646 2909 1714 factus
2925 1663 3054 1703 sum
3069 1663 3146 1703 aes
3161 1663 3405 1717 sonans,
3436 1655 3505 1706 ut
3535 1667 3697 1721 cym-

310 1732 600 1796 ἀλαλάζον.
659 1739 759 1788 Καὶ
818 1736 904 1787 ἐὰν
966 1737 1074 1808 ἔχω
1127 1740 1466 1810 προφητείαν,
1540 1739 1633 1787 καὶ
1681 1732 1807 1787 εἰδῶ
1857 1736 1917 1788 τὰ

2038 1733 2241 1789 bolum
2259 1734 2538 1790 tinniens.
2562 1735 2710 1790 Etsi
2737 1735 2986 1792 habeam
3006 1737 3408 1806 prophetiam,
3434 1744 3489 1795 et
3519 1755 3694 1797 nove-

306 1826 595 1896 μυστήρια
649 1825 834 1889 πάντα,
893 1827 985 1875 καὶ
1043 1828 1217 1876 πᾶσαν
1268 1828 1363 1882 τὴν
1404 1830 1616 1896 γνῶσιν,
1676 1828 1768 1875 καὶ
1815 1826 1925 1896 ἔχω

308 1919 497 1966 πᾶσαν
563 1916 657 1970 τὴν
708 1917 888 1966 πίστιν
945 1914 1081 1966 ὥστε
1137 1917 1230 1986 ὄρη
1289 1915 1542 1985 μιθιστᾷν
1590 1914 1726 1984 (48),

309 2022 424 2062 πην
480 1998 541 2055 δί
587 2006 658 2075 μὴ
714 2000 845 2074 ἔχω,
905 1998 1058 2055 οὐδέν
1124 2002 1248 2075 εἰμι.
1314 2000 1418 2055 Κάν
1478 2001 1709 2075 ψωμίσω
1753 2006 1925 2056 πάντα

311 2096 387 2146 τὰ
431 2093 742 2167 ὑπάρχοντά
792 2111 914 2165 μου,
956 2095 1047 2144 καὶ
1109 2088 1338 2165 παραδῶ
1381 2094 1441 2145 τὸ
1505 2094 1658 2165 σῶμά
1692 2113 1793 2165 μου
1840 2095 1924 2146 ἵνα

316 2183 516 2254 καυθῇ,
593 2180 804 2253 ἀγάπην
886 2177 945 2234 δὲ
1023 2185 1094 2254 μὴ
1162 2184 1293 2254 ἔχω,
1370 2178 1521 2234 οὐδὲν
1594 2182 1916 2255 ὠφελοῦμαι·

313 2270 424 2344 οὐχ
457 2274 527 2333 ὡς
562 2267 851 2343 δυναμένου
889 2274 1013 2324 ποτὲ
1052 2279 1150 2323 τῶν
1209 2270 1650 2345 ἀπηριθμημένων
1697 2271 1920 2325 ἑκάστου

310 2358 459 2433 δίχα
504 2368 602 2422 τῆς
663 2360 876 2432 ἀγάπης
913 2358 1275 2435 ἐνεργηθῆναι,
1318 2358 1445 2413 ἀλλά
1484 2359 1801 2434 βουλομένου
1828 2369 1920 2414 τοῦ
1951 2372 1965 2386 ·

306 2452 493 2525 ἁγίου,
548 2454 618 2514 ὡς
683 2450 837 2512 αὐτὸς
892 2447 1020 2519 εἷπε,
1083 2460 1157 2523 τῷ
1212 2453 1331 2504 καθ’
1407 2450 1688 2526 ὑπερϐολὴν
1746 2456 1920 2528 τρόπῳ

307 2547 410 2600 τήν
466 2545 605 2596 κατά
647 2543 852 2595 πάντων
909 2542 1178 2616 ὑπεροχὴν
1207 2549 1689 2617 προσμαρτυρῆσαι
1741 2540 1804 2615 τῇ
1846 2540 1920 2594 ἒν-

311 2630 440 2702 τολῇ
451 2651 465 2665 -
650 2696 655 2707 ν

392 2723 448 2774 2.
489 2720 725 2793 Δεύτερον
756 2715 836 2788 δὲ,
896 2721 998 2789 ὅτι,
1048 2722 1092 2774 εἶ
1146 2739 1197 2773 τι
1243 2723 1380 2793 μέγα
1408 2719 1759 2793 συμϐάλλεται
1787 2723 1918 2796 πρός

322 2809 606 2879 συνάφειαν
656 2814 744 2861 καὶ
781 2812 839 2862 τὸ
892 2819 991 2862 τῶν
1031 2809 1199 2863 αὐτῶν
1228 2817 1515 2882 μετασχεῖν
1551 2806 1914 2877 διδασκάλων,

318 2898 370 2948 οἱ
437 2898 585 2949 αὐτοὶ
657 2899 774 2971 ὑμῖν
829 2903 883 2953 τί
939 2900 1043 2952 εἰσι
1073 2903 1164 2952 καὶ
1202 2901 1328 2971 ἡμῖν
1377 2896 1699 2952 διδάσκαλοί
1730 2920 1785 2953 τε
1813 2908 1915 2952 τῶν

313 2992 623 3061 μυστηρίων
674 2995 765 3041 τοῦ
819 2996 974 3056 Θεοῦ,
1034 3009 1124 3042 και
1171 2993 1386 3064 πατέρες
1445 2996 1808 3061 πνευματικοὶ,
1865 2992 1914 3044 οἱ

2035 1824 2152 1879 rim
2202 1825 2494 1893 mysteria
2541 1826 2765 1893 omnia,
2814 1830 2871 1881 et
2898 1829 3129 1882 oinnem
3173 1828 3487 1885 scientiam
3524 1836 3618 1886 :et
3644 1830 3699 1887 si

2036 1912 2287 1969 habeam
2327 1913 2507 1981 ﬁdem
2547 1930 2800 1980 omnem,
2830 1917 2919 1971 ita
2955 1921 3021 1970 ut
3044 1921 3268 1973 montes
3292 1919 3690 1989 transferam,

2034 2002 2395 2059 charitatem
2421 2008 2620 2059 autem
2641 2019 2762 2060 non
2786 2004 3056 2071 habeam,
3080 2004 3242 2062 nihil
3260 2022 3412 2063 sum.
3432 2008 3511 2063 Et
3532 2010 3586 2063 si
3605 2009 3691 2064 in-

2032 2106 2264 2147 sumam
2289 2091 2350 2147 in
2373 2092 2720 2147 alimoniam
2735 2108 2935 2149 omnes
2950 2095 3301 2165 facultates,
3320 2111 3480 2152 meas
3493 2102 3550 2153 et
3573 2103 3693 2154 tra-

2032 2180 2172 2235 dam
2195 2194 2414 2249 corpus
2446 2196 2640 2238 meum
2669 2187 2735 2235 ut
2760 2182 3173 2255 comburatur,
3203 2185 3561 2242 charitatem
3583 2202 3688 2243 au—

2034 2274 2147 2325 tem
2170 2285 2291 2325 non
2314 2269 2588 2340 habeam,
2610 2270 3067 2328 nihilutilitatis
3089 2274 3259 2342 capio
3281 2274 3358 2341 85;
3383 2290 3505 2330 non
3519 2274 3694 2347 quod

2030 2358 2272 2431 possint
2300 2357 2633 2431 aliquando
2678 2360 2939 2430 singula,
2979 2375 3117 2432 quae
3149 2369 3504 2419 enumerata
3526 2370 3688 2434 sunt,

2031 2446 2160 2502 sine
2182 2446 2500 2503 dilectione
2535 2448 2744 2519 perﬁci
2779 2466 2792 2504 :
2837 2448 2943 2503 sed
2962 2449 3129 2521 quod
3144 2452 3399 2507 Sanctus
3416 2452 3685 2523 voluerit,

2031 2535 2234 2608 utipse
2256 2535 2418 2607 dixit,
2462 2535 2736 2592 adhibita
2776 2536 3128 2610 hyperbole:
3162 2538 3380 2610 ﬁgura,
3400 2546 3691 2614 praestan-
3741 2591 3756 2607 ,

2028 2625 2177 2682 tiam
2194 2626 2403 2682 omnia
2424 2632 2811 2699 superantem
2841 2627 2983 2683 huic
3015 2628 3304 2685 mandato
3330 2631 3612 2688 tribuere.

2098 2718 2152 2769 2.
2193 2713 2459 2770 Alterum
2517 2715 2636 2771 huc
2693 2715 2945 2781 accedit,
2978 2719 3166 2788 quod,
3223 2718 3274 2773 si
3303 2718 3450 2790 quid
3477 2719 3689 2790 magni

2029 2802 2203 2859 affert
2231 2803 2304 2859 ad
2344 2803 2860 2875 conjunctionem,
2907 2805 3087 2861 etiam
3127 2806 3344 2862 iisdem
3384 2807 3468 2863 uti
3498 2809 3690 2878 magi-

2029 2892 2183 2953 stris,
2208 2890 2387 2947 iidem
2410 2892 2590 2948 nobis
2625 2893 2745 2948 sint
2773 2908 2843 2948 ac
2863 2893 3039 2949 vobis
3061 2895 3336 2964 magistri
3367 2898 3685 2968 mysterio-

2024 2996 2161 3036 rum
2191 2983 2314 3048 Dei,
2348 2986 2405 3037 et
2429 2986 2632 3054 patres
2664 2981 3026 3054 spirituales,
3057 2983 3342 3055 quiinitio
3358 2984 3684 3041 Ecclesiam

312 3075 373 3138 ἐξ
420 3073 595 3151 ἀρχῆς
619 3081 712 3137 τὴν
752 3077 1067 3137 Ἐκκλησίαν
1120 3083 1215 3137 τὴν
1267 3080 1516 3152 ὑμετέραν
1564 3078 1911 3152 θεμελιώσαν-

2030 3077 2290 3127 vestram
2320 3071 2655 3127 fundarunt
2686 3089 2699 3127 :
2731 3073 3081 3142 Gregorium
3111 3073 3246 3129 dico
3277 3090 3589 3131 summum
3621 3075 3686 3130 il-

303 3183 391 3227 τες
413 3184 426 3199 ο
469 3170 755 3240 Γρηγόριον
782 3167 915 3239 λέγω
957 3170 1046 3220 τὸν
1084 3187 1244 3236 πανυ,
1273 3171 1364 3219 καὶ
1388 3168 1503 3220 ὅσοι
1533 3167 1713 3240 ἐφεξῆς
1741 3167 1912 3242 ἐκείνῳ

300 3264 402 3317 τῆς
465 3255 592 3329 παρ’
648 3258 770 3330 ὑμῖν
802 3258 915 3328 (49)
946 3256 1238 3319 ἐπισκοπῆς
1294 3262 1381 3311 τὸν
1438 3261 1614 3334 θρόνον
1656 3255 1913 3323 διαδεξά-

301 3363 474 3416 μενοι,
529 3344 684 3408 ἆλλος
720 3346 784 3399 ἐπ
824 3347 982 3419 ama»,
1050 3349 1223 3422 ὥσπερ
1272 3351 1406 3410 τινες
1470 3345 1678 3423 ἀστέρες
1722 3348 1913 3402 ἐπανα-

301 3433 586 3504 τελλοντις,
639 3437 775 3489 κατά
839 3445 938 3489 τῶν
995 3436 1163 3490 αὐτῶν
1220 3437 1380 3509 ἰχνῶν
1442 3434 1720 3510 ἐπέϐησαν,
1777 3441 1912 3493 ὥστε

302 3520 616 3595 διάγνωστα
660 3524 964 3579 καταλιπεῖν
1007 3534 1099 3588 τῆς
1137 3525 1251 3579 κατ’
1273 3526 1489 3602 οὐρανόν
1510 3530 1626 3596 (50)
1652 3527 1912 3591 πολιτείας

297 3615 371 3666 τά
410 3620 608 3686 σημεῖα
660 3622 772 3677 τοῖς
837 3613 1191 3689 βουλομένοις.
1242 3615 1304 3669 Εἰ
1350 3611 1410 3669 δὲ
1451 3620 1543 3668 καὶ
1584 3618 1639 3669 αἱ
1670 3637 1908 3691 σωματι-

298 3706 398 3755 καὶ
465 3703 776 3766 οἰκειότητες
804 3704 899 3758 οὐκ
939 3703 1244 3773 ἀπόϐλητοι,
1303 3704 1433 3758 ἀλλά
1487 3712 1576 3759 καὶ
1632 3708 1907 3780 μέγα

300 3790 731 3868 συμϐαλλόμεναι
785 3798 916 3867 πρὸς
965 3793 1167 3870 ἀρραγῆ
1249 3798 1526 3869 συνάφεια-ι
1579 3801 1669 3849 καὶ
1728 3816 1908 3849 κοινω-

292 3886 416 3934 νίαν
470 3879 632 3955 βίου·
682 3889 772 3936 καὶ
826 3892 995 3937 ταῦτα
1044 3887 1169 3958 ἡμῖν
1235 3885 1433 3958 ὑπῆρξε
1482 3889 1609 3958 πρὸς
1659 3887 1793 3957 ὑμᾶς
1840 3888 1907 3938 τά

298 3966 515 4025 δίκαια.
568 3975 714 4032 Τίνος
779 3968 867 4024 οὖν
914 3973 1094 4041 ἕνεκεν,
1137 3970 1177 4025 ὦ
1226 3975 1514 4045 σεμνοτάτη
1564 3972 1757 4025 πόλεων
1805 3970 1905 4044 (δι’

293 4061 446 4132 ὑμῶν
493 4062 592 4133 γὰρ
660 4068 721 4133 τῇ
771 4062 916 4115 πόλει
971 4063 1116 4135 πάσῃ
1151 4058 1506 4135 διαλέγομαι),
1565 4061 1623 4114 οὐ
1683 4064 1905 4137 γράμμα

296 4152 494 4222 ἥμερον
523 4150 640 4223 (52)
694 4150 928 4219 αὐτόθεν,
986 4150 1047 4203 οὐ
1096 4156 1232 4224 φωνὴ
1277 4147 1446 4217 δεξιὰ,
1504 4149 1609 4203 ἀλλ’
1664 4154 1903 4210 ἤνοικται

292 4242 391 4313 μὲν
457 4240 599 4313 ὑμῶν
652 4243 719 4293 τὰ
778 4236 889 4293 ὦτα
951 4248 1062 4302 τοῖς
1129 4236 1423 4295 διαϐάλλειν
1497 4239 1899 4317 ἐπιχειροῦσιν;

295 4331 436 4383 ὥστε
492 4337 739 4384 τοσοῦτον
793 4329 945 4385 πλέον
1013 4331 1275 4393 στενάζειν
1341 4330 1545 4405 ὀφείλω,
1587 4332 1791 4407 ὅσῳπερ
1839 4328 1902 4384 ἂν

2030 4324 2095 4383 ιὰ
2146 4323 2373 4382 exitum
2420 4323 2671 4398 perduci
2710 4323 2879 4399 quod
2921 4324 3243 4383 intendunt
3298 4341 3312 4381 :

374 4526 423 4561 ⁸⁴
457 4526 628 4584 Joan.
656 4542 780 4599 xm,
812 4529 902 4585 35.
945 4527 993 4565 ⁸⁸
1033 4528 1055 4582 Ι
1086 4529 1218 4587 Cor.
1248 4542 1372 4595 xui,
1407 4530 1517 4584 1-3.

370 4722 588 4797 (46-47)
622 4727 914 4797 Γινόμινον.
972 4727 1055 4797 Ita
1096 4727 1214 4797 tres
1252 4720 1642 4779 vetustissimi
1662 4720 1903 4779 codices

293 4810 441 4868 cum
463 4794 921 4867 pluribus'aliis.
959 4795 1112 4851 Editi
1139 4800 1426 4868 γενόμενον.

368 4864 483 4940 (485
523 4868 808 4938 Maera-mp.
842 4869 954 4924 Sic.
989 4864 1241 4940 uterque
1258 4864 1464 4940 Cois!"
1498 4864 1635 4921 Harl
1663 4867 1720 4940 et
1744 4864 1897 4940 _Med.

290 4937 453 5012 Editi
479 4936 1044 5012 peetqrdvstv._Pall]O
1100 4936 1238 5012 post
1284 4936 1465 5012 Harl._
1505 4943 1562 4994 et
1594 4936 1781 5012 _Coisl.
1807 4953 1901 5012 se-

291 5006 537 5067 cundus
562 5009 658 5062 κᾶν
687 5006 934 5086 παραδῶ.
975 5006 1304 5082 ΝοιιἸοιιεθ
1342 5008 1473 5067 Med
1501 5014 1559 5066 et
1579 5008 1755 5065 Coisl.
1781 5009 1901 5081 pri-

290 5097 436 5138 mus
462 5086 768 5140 μυστηρίων
794 5091 886 5134 του
912 5088 1175 5140 Χριστοῦ.

370 5134 482 5223 i159)
502 5134 779 5227 _flfﬂ;"1rap’
805 5134 1086 5227 ὑμξᾲζῖιιε
1121 5134 1313 5227 Cois].
1362 5151 1597 5227 primus
1654 5154 1712 5208 et
1740 5149 1897 5208 Harl.

291 5239 437 5281 cum
459 5222 594 5280 aliis
623 5222 958 5297 nonnullis.
985 5223 1135 5297 Editi
1163 5232 1256 5283 τῆς
1275 5222 1393 5297 παρ’
1418 5225 1583 5297 ὑμῶν.

367 5300 486 5375 (tit?)
527 5295 1052 5375 Κριτίούρανρνοβιο
1099 5311 1246 5375 mss:
1292 5292 1397 5351 sex
1428 5292 1691 5375 .proueo
1728 5292 1897 5375 quod

293 5364 506 5424 eratin
538 5368 710 5423 editis
740 5364 862 5419 ’κατ’
887 5365 1078 5424 αὐτῶν.
1120 5366 1347 5422 Ibidem
1375 5364 1557 5436 editio
1582 5364 1815 5436 Hagah.
1840 5369 1898 5421 et

295 5436 651 5512 Basileensis
672 5440 870 5512 prima
895 5443 1202 5512 etseptem
1226 5453 1371 5512 mss.
1401 5434 1720 5512 δύσγνωστα
1738 5455 1898 5488 κατα-

294 5508 482 5579 λιπεῖν,
540 5508 792 5567 οὺεσὶινα
847 5508 1100 5567 ccclesiis
1165 5509 1434 5579 instituti
1486 5513 1893 5579 monumenta.

298 5578 475 5647 Quod
513 5588 782 5641 erratum
810 5584 999 5638 miror
1038 5581 1102 5638 in
1146 5583 1230 5637 tot
1279 5578 1520 5637 codices
1556 5578 1895 5652 irrepsisse.

657 5674 904 5729 PATROL.
945 5672 1047 5730 Gn.
1090 5669 1293 5729 XXXII.

2022 3159 2150 3218 lum
2194 3161 2413 3229 virum,
2470 3167 2526 3218 et
2573 3166 2877 3235 quotquot
2905 3167 3045 3235 post
3070 3178 3211 3219 eum
3232 3163 3547 3237 sediapud
3573 3181 3682 3222 vos

2023 3249 2356 3323 episcopali
2397 3251 2813 3321 succedentes,
2868 3251 3021 3307 alius
3062 3257 3199 3325 post
3254 3250 3461 3325 alium,
3499 3253 3684 3310 veluti

2023 3340 2203 3399 stellae
2236 3340 2520 3412 quaedam
2543 3341 2900 3409 exorientes,
2929 3341 3146 3397 iisdem
3173 3342 3432 3412 vestigiis
3461 3342 3685 3399 instite-

2020 3434 2182 3497 runt,
2216 3429 2369 3485 adeo
2398 3440 2464 3485 ut
2492 3429 2719 3486 nemini
2749 3428 3015 3486 obscura
3050 3429 3400 3502 reliquerint
3430 3430 3684 3488 caelestis

2019 3518 2274 3574 instituti
2295 3523 2715 3575 monumenta.
2741 3518 2915 3585 Quod
2945 3518 2994 3574 si
3023 3524 3080 3576 et
3101 3535 3404 3592 corporeae
3427 3521 3683 3577 necessi-

2022 3608 2261 3664 tudines
2277 3608 2737 3665 contemnendae
2764 3625 2888 3665 non
2918 3614 3075 3680 sunt,
3094 3610 3199 3664 sed
3226 3609 3484 3666 multum
3498 3611 3680 3668 etiam

2019 3696 2097 3753 ad
2119 3698 2361 3754 ﬁrmam
2382 3698 2517 3769 conj
2528 3698 2874 3755 unctionem
2888 3698 3147 3771 vitaeque
3162 3698 3509 3756 societatem
3540 3715 3680 3757 con-

2017 3786 2269 3856 ducunt,
2319 3787 2449 3842 haec
2482 3802 2726 3860 quoque
2780 3786 2956 3843 nobis
2980 3787 3121 3857 jura
3150 3786 3464 3844 vobiscum
3491 3788 3677 3845 inter-

2016 3876 2260 3931 cedunt.
2316 3877 2509 3942 Quare
2567 3891 2732 3947 ergo,
2781 3892 2818 3932 ο
2864 3875 3107 3932 urbium
3139 3876 3525 3933 ornatissima
3551 3880 3681 3950 (per

2013 3980 2126 4020 vos
2181 3964 2342 4020 enim
2400 3963 2616 4021 urbem
2664 3969 2852 4021 totam
2909 3964 3224 4037 alloquor),
3268 3965 3448 4023 nullae
3496 3966 3677 4024 istinc

2014 4058 2347 4109 mansuetae
2372 4052 2595 4124 litterae,
2626 4052 2794 4110 nulla
2819 4069 2935 4110 vox
2974 4052 3278 4126 optabilis,
3311 4055 3417 4111 sed
3450 4061 3675 4128 apertus

2014 4148 2153 4200 sunt
2184 4158 2359 4199 aures
2388 4147 2625 4211 vestrm,
2681 4143 2777 4199 his
2815 4142 2921 4217 qui
2941 4143 3301 4201 calumniari
3330 4147 3675 4202 conantur?

2012 4233 2175 4290 unde
2206 4247 2277 4290 eo
2302 4231 2439 4305 plus
2469 4232 2868 4304 ingemiscere
2888 4232 3104 4306 debeo,
3126 4250 3249 4307 quo
3276 4233 3470 4305 magis
3493 4234 3672 4291 video

3369 4324 3671 4399 siquidem

2011 4720 2305 4778 Caterum
2329 4722 2488 4776 recte
2517 4716 2908 4775 emendatum
2955 4717 3133 4774 estin
3160 4714 3529 4774 editionibus
3571 4733 3667 4776 re-

2010 4791 2398 4859 centioribus,
2430 4807 2586 4863 quas
2614 4791 2801 4846 secuti
2831 4806 3065 4846 sumus.

2084 4863 2196 4943 (5})
2241 4867 2351 4943 Kac).
2395 4859 2684 4943 pi7_ot._lta
2735 4876 2839 4943 se;
2873 4877 3043 4943 “mss.
3097 4859 3247 4943 Editi
3440 4861 3661 4934 μεγάλα.

2009 4934 2191 4991 Paulo
2222 4938 2359 5006 post
2384 4932 2529 4990 editi
2556 4934 2677 5005 ὑμῖν
2724 4932 2923 5005 ὑπῆρξε
2952 4936 3075 5006 πρὸς
3101 4933 3262 5005 ἡμᾶς.
3297 4932 3484 4990 lidem
3507 4932 3666 4992 mss.

2009 5012 2075 5062 ut
2098 5006 2160 5061 in
2188 5009 2368 5061 textu.

2078 5078 2194 5150 (52)
2231 5075 2474 5150 ἰιμερον.
2530 5074 2815 5150 Quamvis
2864 5074 3442 5150 hanchscripturam
3499 5078 3667 5134 solus

2008 5143 2201 5230 codex
2254 5143 2397 5229 Reg.
2467 5143 2772 5202 secundus
2831 5143 3219 5275 supgeditetf
3252 5162 3389 5204 eam
3423 5153 3667 5230 'tamen

2009 5220 2345 5275 adsciscere
2369 5232 2431 5274 ιιι
2462 5223 2690 5274 textum
2714 5233 2838 5274 non
2856 5217 2941 5273 du
2990 5224 3146 5275 itam.
3183 5225 3311 5275 tum
3333 5235 3478 5275 quia
3496 5220 3666 5275 illud.

2009 5220 2345 5293 adsciscere
2369 5218 2431 5274 in
2462 5223 2690 5274 textum
2714 5233 2838 5293 non
2856 5217 3311 5293 dubitavi,gtum
3333 5219 3478 5293 quia
3496 5220 3666 5290 illud,

2006 5293 2229 5375 γράμμα
2253 5291 2519 5375 ὑμέτερον,
2783 5289 3009 5375 habent
3033 5290 3172 5371 editi
3183 5287 3391 5375 ,_idem_
3415 5287 3664 5375 prorsus

2007 5361 2183 5418 sonat
2207 5377 2277 5416 ac
2306 5361 2787 5434 ypi‘ujuaiabrdbq,
2847 5367 2977 5434 tum
3002 5363 3148 5434 quia
3195 5362 3399 5417 favent
3418 5361 3574 5416 Harl.
3609 5364 3669 5417 et

2005 5412 2273 5505 {1131:7466
2306 5412 2484 5505 Cloi‘si.
2534 5432 2596 5487 in
2644 5412 3113 5505 quibusle—giiur
3140 5435 3362 5505 γράμμα
3392 5434 3660 5505 ἡμέτερον.

2006 5484 2254 5561 ῑιὶἷᾶἔιῖί
2276 5484 2510 5576 idco—la
2534 5484 2683 5576 ᾖνῆ
2697 5484 3296 5576 ἷᾶἆιίἶὲἰξὲρῖθιέί
3311 5484 3455 5558 mss.
3496 5484 3664 5561 Idem

2006 5578 2150 5646 Reg.
2181 5574 2373 5633 codex
2402 5590 2528 5635 non
2551 5572 2743 5635 multo
2771 5580 2912 5648 post
2934 5572 3168 5646 τοσούὶῳ
3205 5572 3376 5629 πλέον.

3273 5666 3345 5720 24
