4152 6374
350 316 467 371 ’749

1340 312 1830 373 EPISTOLARUM
1867 313 2154 373 CLASSIS
2199 315 2269 371 ll.
2308 314 2521 375 EPIST.
2564 320 2744 376 CCIV.

3624 330 3730 383 750

353 458 484 510 των,
535 433 580 493 εἴ
624 454 731 502 πως
782 428 1065 500 δυνηθείην
1110 435 1456 503 ἔξιλάσασθαί
1510 459 1610 514 μου
1666 443 1756 494 τὸν
1812 440 1962 507 Θεὸν,

2078 438 2265 496 Deum
2293 455 2499 499 meum
2542 442 2802 517 placare,
2853 446 2912 501 et
2952 444 3325 519 supplicium
3366 446 3731 508 intentatum

353 534 452 583 καὶ
481 525 757 603 διαφυγεῖν
786 533 879 588 τὴν
910 527 1275 588 ἀπειληθείσαν
1317 529 1554 583 κόλασιν·
1598 528 1706 583 ἀλλ’
1738 530 1818 582 ὅτι
1844 529 1869 582 ὀ
1900 531 1967 582 τὰ

354 620 590 694 ἠμτερα
618 624 826 693 κρίνων,
878 618 922 672 εἰ
975 622 1066 693 μὲν
1103 621 1332 696 καθαρὸν
1380 621 1520 693 ἔχειν
1569 616 1965 673 διαϐεϐαιοῦται

354 713 448 763 τὸν
500 707 788 783 ὀφθαλμὸν,
846 708 1231 784 καρφολογείτω
1286 710 1436 783 ἡμῶν
1499 713 1559 762 τὸ
1626 713 1770 784 ὄμμα
1829 709 1960 782 (57).

353 798 740 873 Ὀμολογοῦμεν
768 800 870 875 γάρ
904 793 1117 852 δεῖσθαι
1163 798 1355 862 πολλῆς
1397 808 1490 862 τῆς
1538 801 1593 852 ἐκ
1648 809 1748 852 τῶν
1794 801 1963 873 ὀγιαι-

353 892 545 942 νὸντων
571 886 883 962 ἐπιμελείας
938 886 982 940 εἰ
1036 883 1095 940 δὲ
1130 895 1285 942 τοῦτο
1335 891 1426 963 μὲν
1464 889 1559 942 οὐκ
1589 887 1649 940 ἆν
1684 891 1839 955 εἴποι,
1871 893 1962 942 καὶ

351 981 594 1051 τοσούτῳ
652 996 713 1050 γε
781 976 933 1031 πλέον
986 976 1081 1030 οὐκ
1136 976 1260 1054 ἐρεῖ,
1313 979 1518 1055 ὅσῳπερ
1571 977 1632 1032 ἂν
1683 977 1874 1053 μᾶλλον
1927 975 1957 1053 ᾖ

350 1069 589 1143 καθαρὸς
617 1062 784 1138 (διοτι
807 1062 948 1120 ἴδιον
978 1074 1077 1119 τῶν
1107 1065 1307 1120 τελείων
1347 1071 1406 1121 τὸ
1455 1072 1527 1141 μὴ
1561 1067 1773 1130 ἑαυτοὺς
1802 1069 1961 1144 ὑπερ-

353 1163 544 1234 αίρειν·
577 1154 686 1210 ἐπεὶ
713 1157 919 1220 πάντως
948 1152 1195 1209 ὑπόδικοι
1232 1165 1295 1231 τῇ
1345 1155 1619 1231 ἀλαζονείᾳ
1656 1164 1747 1210 τοῦ
1796 1164 1961 1233 Φαρι-

355 1251 516 1301 σαίου
570 1250 898 1319 γενήσονται,
942 1250 1013 1309 ὅς,
1063 1245 1246 1299 ἑαυτὸν
1299 1242 1540 1315 δικαιῶν,
1580 1252 1845 1321 κατέκρινε
1873 1250 1961 1301 τὸν

354 1336 625 1410 τελώνην),
653 1335 768 1411 μετ’
807 1335 932 1409 ἐμοῦ
967 1339 1085 1409 (58)
1135 1336 1356 1397 ζητείτω
1391 1340 1477 1389 τὸν
1510 1336 1705 1414 ἰατρὸν,
1748 1342 1839 1390 καὶ
1883 1340 1957 1411 μὴ

357 1430 463 1501 πρὸ
492 1434 676 1503 καιροῦ
706 1430 942 1500 κρινέτω,
971 1427 1063 1490 ἕως
1110 1424 1170 1478 ἂν
1217 1426 1338 1500 ἔλθη
1371 1427 1397 1478 ὁ
1438 1429 1648 1503 Κύριος,
1681 1426 1737 1489 ὃς
1766 1425 1962 1480 ἀποκά-

356 1514 512 1589 λύψει
539 1518 606 1569 τὰ
634 1517 843 1590 κρυπτά
884 1522 975 1568 τοῦ
1006 1520 1241 1583 σκότους,
1288 1520 1377 1568 καὶ
1408 1522 1691 1591 φανερώσει
1710 1519 1802 1579 τὰς
1835 1515 1963 1590 βου-

352 1605 452 1668 λάς
479 1614 578 1659 τῶν
616 1600 871 1681 καρδιῶν.
914 1605 1215 1677 Μεμνήσθω
1246 1600 1306 1658 δὲ
1345 1609 1435 1658 καὶ
1465 1612 1557 1658 τοῦ
1590 1604 1839 1669 εἰπόντος.
1870 1609 1958 1666 Μὴ

349 1699 571 1770 κρίνετε,
633 1695 717 1748 ἱνα
759 1697 835 1768 μὴ
881 1696 1112 1769 κριθῆτε·
1162 1698 1273 1764 καὶ,
1324 1699 1410 1753 Μὴ
1443 1691 1843 1768 καταδικάζετε,
1879 1697 1964 1750 ἵνα

2077 528 2360 601 effugere.
2394 531 2513 589 Sed
2539 532 2655 590 hoc
2680 532 2816 590 dico
2847 551 2859 589 :
2905 534 2956 590 is
3001 535 3108 609 qui
3141 541 3350 594 nostra
3391 537 3644 609 judicat,
3680 539 3730 595 si

2072 633 2297 692 purum
2318 620 2565 693 quidem
2586 622 2811 680 habere
2832 639 2895 680 se
2911 623 3153 681 oculum
3176 625 3729 697 afﬁrmat,festucas

2071 708 2135 764 in
2161 710 2385 767 nostris
2420 711 2612 769 oculis
2643 712 2983 785 investiget.
3019 715 3389 773 Confitemur
3416 717 3577 773 enim
3616 733 3730 774 nos

2070 797 2336 871 plurima
2354 799 2508 858 bene
2528 802 2859 860 valentium
2881 819 3028 861 cura
3041 803 3331 876 indigere.
3353 806 3525 873 Quod
3544 806 3591 862 si
3611 806 3729 862 hoc

2070 903 2195 944 non
2220 888 2437 947 dixerit
2464 896 2519 948 et
2540 898 2695 949 certe
2724 897 2889 950 tanto
2921 894 3123 951 minus
3148 894 3324 955 dicet.
3359 901 3589 969 quanto
3614 911 3728 968 pu-

2070 976 2192 1035 rior
2211 977 2386 1035 fuerit
2402 981 2726 1054 (siquidem
2742 982 3057 1056 proprium
3074 983 3575 1056 estperfectorum
3598 1001 3729 1042 sese

2068 1082 2195 1123 non
2223 1067 2467 1138 efferre;
2510 1070 2781 1145 alioquin
2810 1072 3062 1129 omnino
3090 1072 3341 1129 obnoxii
3365 1075 3729 1145 arrogantia:

2068 1156 2354 1214 Pharisuai
2374 1164 2596 1227 essent,
2628 1161 2733 1234 qui
2772 1177 2901 1217 sese
2943 1161 3287 1234 justiﬁcans
3329 1162 3729 1235 publicanum

2071 1246 2564 1319 condemnabat),
2588 1266 2827 1307 mecum
2846 1256 3079 1326 quaerat
3096 1252 3433 1322 medicum;
3456 1268 3567 1309 nec
3588 1257 3729 1309 ante

2070 1338 2313 1409 tempus
2339 1337 2588 1409 judicet,
2620 1339 2815 1396 donec
2838 1342 3041 1398 veniat
3057 1342 3348 1398 Dominus
3371 1345 3476 1417 qui
3501 1341 3733 1399 revela-

2068 1423 2158 1483 bit
2185 1427 2422 1484 occulta
2472 1429 2879 1497 tenebrarum,
2929 1435 2988 1487 et
3036 1430 3277 1503 deteget
3314 1431 3566 1488 consilia
3594 1447 3728 1489 cor—

2069 1513 2239 1571 dium
2263 1517 2330 1572 '3.
2364 1518 2692 1576 Meminerit
2717 1524 2920 1576 autem
2950 1523 3008 1577 et
3030 1519 3210 1592 illius,
3242 1521 3347 1593 qui
3373 1520 3555 1577 dixit:
3600 1522 3729 1579 No-

2073 1605 2178 1662 lite
2190 1606 2476 1676 judicare
2495 1613 2560 1665 ut
2582 1625 2702 1665 non
2713 1610 3165 1681 judicemini”:
3189 1609 3352 1680 item,
3370 1611 3573 1667 Nolite
3592 1627 3730 1667 con-

2068 1694 2368 1760 demnare,
2397 1702 2464 1753 ut
2494 1714 2615 1754 non
2646 1699 3126 1757 condemnemini
3144 1700 3213 1755 9°.
3257 1699 3519 1757 Omnino
3549 1700 3726 1774 305

345 1789 427 1861 μὴ
460 1780 912 1843 καταδικασθῆτε.
949 1780 1114 1844 Ὀλως
1155 1778 1233 1856 δὲ,
1280 1779 1516 1857 ἀδελφοὶ,
1548 1783 1592 1838 εἰ
1631 1786 1723 1857 μὲν
1770 1785 1962 1859 ἰάσιμα

2074 1789 2296 1854 autem,
2331 1785 2564 1853 fratres,
2589 1787 2891 1862 siquidem
2914 1788 3212 1847 sanabilia
3235 1794 3377 1845 sunt
3400 1795 3607 1847 nostra
3632 1790 3733 1847 de-

348 1877 503 1950 ἡμῶν
534 1873 648 1928 ἔστι
700 1875 766 1927 τά
818 1872 1262 1947 πλημμελήματα,
1318 1877 1372 1926 τί
1414 1872 1543 1946 οὐχὶ
1589 1876 1821 1928 πείθεται
1845 1877 1960 1947 (59)

346 1973 429 2036 τῷ
496 1959 809 2035 διδασκάλῳ
865 1971 966 2016 τῶν
1015 1961 1336 2021 Ἐκκλησιῶν
1393 1962 1629 2035 λέγοντι·
1696 1962 1957 2037 Ἔλεγξον,

350 2053 705 2127 ἐπιτίμησον,
762 2051 1181 2128 παρακάλεσον;
1241 2052 1301 2107 Εἰ
1348 2047 1409 2106 δὲ
1466 2051 1671 2115 ἀνίατος
1722 2055 1870 2129 ἡμῶν
1925 2054 1957 2113 ἠ

357 2141 567 2216 ἀνομία,
619 2146 673 2196 τί
715 2141 842 2216 οὐχὶ
887 2142 954 2204 εἰς
1010 2146 1289 2218 πρόσωπον
1319 2142 1446 2216 ἡμῖν
1503 2140 1958 2207 ἀντικαθίσταται,

354 2237 448 2286 καὶ
499 2228 862 2307 δημοσιώσας
909 2233 1056 2305 ἡμῶν
1103 2234 1171 2285 τὰ
1224 2230 1555 2306 ἀνομήματα,
1588 2230 1845 2308 ἐλευθεροῖ
1871 2240 1963 2294 τῆς

355 2321 482 2397 παρ’
522 2324 669 2396 ἡμῶν
719 2320 919 2397 βλάϐης
970 2324 1059 2384 τὰς
1106 2320 1456 2391 Ἐκκλησίας;
1497 2325 1582 2380 Μὴ
1627 2326 1799 2374 τοίνυν
1832 2320 1962 2374 ἀνά-

355 2413 575 2486 σχησθε
596 2421 690 2475 τῆς
715 2411 805 2465 ὑπ’
844 2408 1036 2465 ὀδόντα
1058 2410 1376 2484 λαλουμένης
1420 2412 1541 2465 καθ’
1584 2413 1612 2471 ἡ
1622 2420 1729 2485 μῶν
1780 2408 1963 2466 λοιδο-

352 2505 501 2578 ρίας.
539 2507 704 2556 Τοῦτο
743 2503 844 2576 γὰρ
895 2499 990 2554 κᾶν
1034 2498 1299 2560 παιδίσκη
1348 2505 1447 2574 μία
1493 2508 1590 2554 τῶν
1634 2498 1689 2553 ἐκ
1734 2501 1963 2575 μύλωνος

356 2595 618 2661 ποιήσειε,
650 2590 748 2644 κᾶν
787 2599 887 2645 τῶν
916 2588 1176 2666 ἀγοραίων
1205 2610 1280 2652 τις
1308 2590 1422 2664 μεθ’
1452 2589 1736 2664 ὑπερϐολῆς
1769 2588 1963 2645 ἐπιδεί-

363 2679 536 2747 ξαιτο,
562 2681 634 2742 οἷς
660 2683 690 2741 ἠ
731 2679 951 2753 γλῶσσα
999 2684 1133 2755 πρὸς
1176 2685 1352 2733 πᾶσαν
1392 2681 1644 2740 ἠκόνηται
1671 2676 1958 2755 λοιδορίαν.

363 2767 506 2826 Ἀλλ’
536 2769 665 2822 εἰσὶν
708 2769 1002 2824 ἐπίσκοποι·
1044 2769 1307 2828 κληθῶσιν
1360 2769 1428 2832 εἰς
1484 2768 1759 2845 ἀκρόασιν,
1807 2768 1962 2823 ’Ἐστι

364 2857 560 2932 κλῆρος
610 2861 740 2913 κατά
778 2866 955 2913 πᾶσαν
1007 2866 1101 2913 τοῦ
1158 2867 1292 2914 Θεοῦ
1333 2864 1632 2936 παροικίαν⁸
1690 2861 1961 2933 συναχοή-

362 2966 540 3001 τωσαν
595 2951 645 3002 οἱ
696 2945 1068 3024 δοκιμώτατοι.
1128 2953 1336 3022 Λεγέτω
1390 2951 1523 3023 μετὰ
1576 2948 1876 3025 παρρησίας
1934 2948 1960 3000 ὁ

356 3036 695 3113 βουλόμενος,
719 3039 803 3092 ἰνκ
826 3039 1037 3113 ΰ.εγχος
1065 3040 1097 3115 ᾖ
1128 3043 1186 3092 τὸ
1214 3043 1498 3112 γινόμενον,
1530 3043 1621 3092 καὶ
1662 3043 1735 3113 μὴ
1786 3034 1959 3091 λοιδο-

2064 1873 2242 1944 licta;
2284 1892 2393 1933 cur
2430 1892 2663 1935 morem
2702 1893 2829 1935 non
2875 1878 3027 1950 gerit
3067 1878 3298 1935 doctori
3328 1878 3730 1937 Ecclesiarum

2068 1965 2311 2034 dicenti,
2332 1966 2560 2038 Argue,
2589 1968 2860 2040 increpa,
2885 1968 3130 2026 obsecra
3151 1970 3241 2026 “7
3272 1969 3374 2027 Sin
3404 1974 3604 2027 autem
3636 1969 3730 2025 in-

2069 2054 2361 2112 sanabilis
2389 2060 2598 2112 nostra
2625 2056 2930 2130 iniquitas,
2959 2073 3068 2114 cur
3096 2061 3307 2114 contra
3334 2074 3459 2115 non
3485 2063 3602 2115 stat
3624 2058 3731 2115 ad-

2067 2161 2243 2201 versa
2273 2146 2466 2202 fronte
2497 2151 2553 2202 et
2579 2146 2871 2218 evulgans
2917 2151 3125 2205 nostra
3170 2147 3409 2216 delicta,
3449 2148 3666 2205 liberat
3694 2163 3732 2206 a

2069 2234 2355 2308 pernicie,
2380 2251 2569 2309 quam
2592 2237 2931 2307 inferimus,
2956 2235 3251 2293 Ecclesias
3270 2239 3300 2294 ?
3320 2240 3527 2310 Itaque
3555 2254 3633 2294 ne
3656 2239 3734 2294 fe-

2069 2323 2214 2381 ratis
2240 2324 2541 2398 prolatum
2564 2325 2719 2382 intra
2745 2325 2955 2382 dentes
2986 2330 3197 2382 contra
3222 2341 3337 2383 nos
3366 2326 3728 2383 convicium.

2072 2414 2139 2470 ld
2168 2414 2329 2471 enim
2358 2414 2455 2471 vel
2485 2430 2609 2473 una
2637 2415 2847 2489 aliqua
2875 2431 2947 2472 ex
2977 2416 3227 2488 pistrino
3259 2415 3477 2473 ancilla
3505 2416 3731 2484 fecerit;

2068 2506 2132 2565 in
2162 2505 2278 2562 hoc
2304 2521 2483 2579 supra
2515 2505 2769 2562 modum
2792 2506 3239 2564 enitueritunus
3271 2505 3490 2580 aliquis
3520 2523 3594 2564 ex
3620 2506 3733 2563 ho-

2069 2595 2341 2653 minibus
2380 2595 2831 2666 abjectissimis,
2876 2612 3141 2670 quorum
3186 2595 3398 2667 lingua
3430 2596 3510 2653 ad
3548 2611 3730 2653 omne

2069 2690 2326 2744 exacuta
2363 2685 2724 2742 convicium.
2760 2685 2875 2743 Sed
2923 2690 3063 2741 sunt
3091 2686 3400 2760 episcopi:
3443 2692 3732 2742 vocentur

2069 2775 2149 2835 ad
2177 2775 2569 2833 audiendum.
2596 2776 2698 2832 Est
2726 2775 2920 2831 clerus
2940 2774 3002 2831 in
3024 2791 3393 2849 unaquaque
3416 2776 3514 2831 Dei
3536 2790 3733 2848 parm-

2068 2867 2199 2924 cia:
2240 2870 2685 2938 congregantur
2722 2865 3164 2939 spectatissimi.
3210 2865 3413 2921 Libere
3446 2865 3732 2939 loquatur

2068 2956 2176 3030 qui
2223 2955 2394 3027 volet,
2438 2960 2504 3011 ut
2542 2956 2705 3029 quod
2751 2954 2855 3011 ﬁet
2888 2954 3165 3028 probatio
3214 2954 3308 3023 sit,
3353 2969 3478 3011 non
3520 2954 3729 3011 convi-

2068 3046 2251 3103 cium.
2280 3045 2480 3104 Oculis
2511 3045 2867 3118 subjiciatur
2894 3044 3131 3102 occulta
3159 3060 3299 3102 mea
3328 3043 3687 3118 improbitas
3712 3062 3726 3100 :

350 3132 468 3206 ρία.
500 3128 608 3185 Tn"
636 3126 756 3202 ὄψιν
787 3127 952 3201 ἀγέτω
980 3131 1047 3182 τὰ
1083 3128 1396 3182 λανθάνοντά
1423 3147 1526 3202 μου
1560 3137 1651 3190 τῆς
1679 3132 1953 3203 πονηρίας·

2074 3136 2262 3195 oderit
2282 3143 2486 3194 autem
2508 3150 2584 3192 ne
2607 3138 2750 3192 tunc
2770 3134 3041 3209 quidem,
3057 3134 3160 3190 sed
3177 3134 3507 3191 admoneat
3523 3139 3590 3191 ut
3609 3134 3730 3192 fra-

351 3223 579 3294 μισείτω
611 3214 671 3272 δε
709 3214 849 3293 μηδί
891 3222 1025 3288 τότε,
1076 3218 1204 3271 ἀλλὰ
1243 3219 1546 3271 νουθετείτω
1589 3217 1656 3281 ὥς
1712 3214 1957 3293 ἀδελφόν.

356 3308 650 3363 Ἐλεεῖσθοιί
687 3328 788 3363 που
827 3305 1149 3384 δικαιότεροί
1178 3306 1329 3381 ἐσμεν
1360 3310 1502 3384 παρά
1547 3316 1647 3361 τῶν
1688 3313 1960 3382 μακαρίων

358 3394 567 3474 ἀνδρῶν
620 3403 713 3452 καὶ
771 3396 1152 3474 ἀναμαρτήτων
1205 3399 1255 3451 οἱ
1313 3396 1612 3472 ἁμαρτωλοὶ
1650 3399 1757 3471 (60)
1810 3400 1964 3472 ἡμεῖς

356 3487 553 3563 μᾶλλον
584 3489 614 3549 ἦ
646 3488 1082 3561 χαλεπαίνεσθαι.

436 3620 494 3671 5.
540 3615 603 3669 Ei
628 3611 689 3669 δί
716 3621 835 3689 περὶ
879 3619 1053 3669 πίστιν
1090 3618 1147 3668 τὸ
1202 3613 1435 3688 σφάλμα,
1480 3610 1749 3686 δειχθήτω
1774 3617 1899 3687 ἡμῖν
1928 3616 1959 3673 ἡ

361 3709 643 3778 συγγραφὴ
671 3723 685 3737 ο
744 3704 900 3757 πάλιν
954 3707 1069 3757 ἴσον
1115 3708 1206 3756 καὶ
1269 3705 1441 3755 κοινὸν
1480 3708 1746 3777 κριτήριον
1804 3704 1963 3756 καθι-

360 3812 529 3847 σατω.
580 3795 998 3866 ’Λναγνωσθήτω
1050 3797 1111 3846 τὸ
1154 3791 1411 3865 ἔγκλημα.
1460 3794 1865 3865 Δοκιμασθήτω,
1921 3791 1965 3844 εἰ

356 3888 435 3957 μὴ
502 3882 690 3957 ἀγνοίᾳ
746 3892 843 3937 τοῦ
915 3882 1249 3957 ἂγκαλοῦντος
1321 3881 1560 3954 ἔγκλημα
1631 3882 1763 3934 εἶναι
1819 3877 1969 3935 δοκεῖ

355 3974 572 4050 μᾶλλον,
612 3975 642 4033 ἦ
695 3981 757 4047 τῇ
826 3972 1015 4026 ἑαυτοῦ
1071 3974 1223 4045 φύσιι
1275 3974 1697 4044 κατεγνῶσμίνον
1734 3969 1851 4024 ἐστὶ
1904 3973 1964 4023 τὸ

354 4066 602 4138 γράμμα.
637 4062 809 4118 Πολλά
835 4065 938 4137 γὰρ
983 4070 1081 4115 τῶν
1111 4059 1278 4113 καλῶν
1303 4060 1364 4114 οὐ
1405 4057 1555 4114 δοκεῖ
1588 4056 1717 4112 εἶναι
1745 4068 1965 4113 τοιαῦτα

356 4162 473 4216 τοῖς
514 4157 575 4207 τὸ
630 4157 902 4228 κριτήριον
957 4160 1053 4214 τῆς
1108 4146 1343 4212 διανοίας
1387 4150 1483 4203 οὐκ
1530 4147 1741 4222 ἀκριϐὲς
1778 4168 1963 4207 κεκτη-

358 4248 555 4319 μένοις.
587 4243 728 4296 Ἐπεὶ
756 4246 847 4293 καὶ
874 4243 941 4293 τὰ
972 4239 1191 4314 ἱσοϐαρῆ
1233 4247 1332 4291 τῶν
1363 4244 1526 4311 ὄγκων
1567 4239 1661 4291 οὐκ
1713 4241 1807 4290 ἶσα
1837 4239 1966 4290 εἶναι

362 4331 533 4403 δοκεῖ,
576 4334 699 4385 ὅταν
740 4336 812 4405 μή
868 4330 1160 4405 ἰσορρόπως
1214 4332 1385 4402 ἔχωσι
1438 4331 1571 4402 πρὸς
1628 4327 1855 4389 ἀλλήλας
1909 4329 1965 4380 αἱ

360 4422 697 4495 πλάστιγγες.
736 4425 837 4474 Καὶ
874 4424 932 4472 τὸ
963 4420 1079 4491 μέλι
1131 4416 1239 4477 ἤδη
1290 4423 1472 4492 πικρόν
1524 4437 1636 4470 τισι
1682 4420 1961 4490 κατεφάνη,

2068 3230 2240 3284 trem.
2293 3227 2560 3299 IEquum
2609 3229 2698 3282 est
2744 3231 2810 3281 ut
2856 3224 3331 3281 misericordiam
3378 3223 3729 3281 hominibus

2065 3317 2265 3376 beatis
2295 3320 2350 3373 et
2377 3315 2608 3389 peccati
2646 3313 2993 3388 expertibus
3039 3329 3153 3369 nos
3199 3318 3546 3386 peccatores
3591 3328 3733 3370 mo-

2067 3424 2341 3477 veamus,
2372 3404 2569 3491 magis
2597 3421 2785 3479 quam
2808 3403 3311 3477 indignationem.

2144 3607 2195 3657 5.
2236 3598 2408 3665 Quod
2466 3596 2516 3653 si
2558 3595 2715 3652 circa
2762 3593 2947 3652 ﬁdem
2996 3610 3163 3650 error
3210 3594 3320 3660 est,
3380 3591 3732 3649 ostendatur

2070 3690 2252 3747 nobis
2274 3688 2602 3760 scriptum:
2635 3700 2850 3741 rursus
2875 3699 3120 3755 aequum
3145 3685 3204 3738 et
3227 3697 3550 3738 commune
3575 3679 3733 3751 judi-

2069 3782 2237 3838 cium
2264 3778 2491 3835 sedcat.
2526 3778 2780 3846 Legatur
2804 3772 3059 3831 crimen.
3096 3770 3482 3844 Expendatur
3501 3786 3578 3827 an
3605 3783 3732 3825 non

2070 3868 2268 3941 magis
2297 3864 2642 3924 accusantis
2682 3861 3063 3934 ignoratione
3110 3860 3340 3917 crimen
3370 3875 3501 3915 esse
3531 3857 3735 3914 videa-

2072 3964 2188 4031 tur,
2228 3972 2418 4030 quam
2448 3953 2740 4025 scriptum
2787 3967 2900 4007 sua
2945 3953 3160 4023 sponte
3190 3946 3731 4005 condemnandum

2071 4050 2167 4106 sit.
2200 4046 2385 4103 Multa
2410 4043 2573 4101 enim
2602 4058 2675 4099 ex
2704 4040 2799 4098 his
2824 4056 2963 4113 quae
2992 4038 3275 4113 praeclare
3301 4054 3364 4094 se
3389 4036 3732 4103 habent,ta-

2069 4140 2154 4199 lia
2184 4154 2317 4196 esse
2337 4152 2461 4193 non
2492 4132 2774 4190 videntur
2802 4130 3155 4188 hominibus
3184 4132 3539 4185 accuratum
3568 4142 3734 4183 men-

2072 4232 2149 4288 tis
2167 4228 2466 4301 judicium
2492 4240 2616 4280 non
2636 4219 3030 4279 habentibus.
3056 4220 3207 4277 Nam
3226 4223 3282 4274 et
3302 4218 3554 4291 aequalis
3586 4230 3737 4289 pon-

2074 4319 2233 4376 deris
2263 4314 2456 4373 moles
2494 4328 2619 4369 non
2659 4310 2945 4367 videntur
2972 4324 3104 4365 esse
3134 4307 3421 4381 aequales,
3453 4305 3502 4361 si
3531 4305 3737 4361 lances

2074 4410 2229 4465 inter
2273 4422 2338 4462 se
2381 4402 2726 4475 aequilibres
2769 4415 2895 4455 non
2936 4399 3072 4455 sint.
3126 4402 3331 4471 Ipsum
3378 4396 3558 4452 etiam
3616 4393 3739 4450 mel

364 4517 461 4571 τὴν
498 4488 780 4585 γευστικὴν
821 4488 1073 4568 αἴσθησιν
1121 4509 1222 4561 ὑπὸ
1280 4488 1393 4560 τοῦ·
1418 4508 1617 4568 πάθους
1654 4488 1962 4582 διεφθαρμέ-

2076 4494 2384 4556 nonnullis
2435 4493 2635 4549 visum
2692 4493 2783 4547 est
2840 4503 3144 4556 amarum,
3210 4501 3475 4558 quorum
3521 4488 3739 4554 gustus

363 4622 498 4664 νοις.
567 4600 722 4655 Ἀλλά
777 4603 869 4652 καὶ
931 4597 1195 4671 ὀφθαλμὸς
1256 4595 1363 4668 οὐχ
1423 4595 1587 4667 ὑγιῶς
1623 4597 1761 4667 ἔχων
1803 4594 1969 4648 πολλὰ

364 4695 458 4766 μὲν
507 4698 611 4743 τῶν
666 4693 824 4742 ὄντων
870 4687 966 4741 οὐκ
1017 4683 1146 4756 εἶδε,
1203 4684 1369 4739 πολλὰ
1414 4680 1475 4737 δὲ
1526 4692 1626 4736 τῶν
1676 4684 1773 4736 οὐκ
1809 4688 1968 4736 ὄντων

362 4781 604 4835 ὐπέθετο.
669 4783 773 4834 Καὶ
829 4783 1002 4832 τοίνυν
1047 4781 1139 4829 καὶ
1195 4774 1279 4830 ἐπὶ
1329 4781 1426 4836 τῆς
1477 4781 1578 4826 τῶν
1614 4773 1781 4846 λόγων
1812 4768 1970 4825 δυνά-

359 4890 499 4947 μεως
533 4873 591 4924 τὸ
630 4872 746 4924 ἶσον
781 4870 883 4945 ὁρῶ
924 4867 1172 4930 πολλάκις
1200 4869 1495 4941 γινόμενον,
1557 4865 1678 4917 ὅταν
1727 4882 1825 4925 της
1869 4870 1970 4915 τῶν

435 5043 486 5080 ³⁸
526 5046 549 5101 ι
578 5044 718 5101 Cor.
750 5057 829 5114 xv,
860 5046 917 5098 5.
990 5041 1039 5077 ⁸³
1078 5038 1279 5098 Matth.
1307 5054 1403 5107 vn,
1438 5042 1491 5094 1.

433 5212 550 5286 (57)
584 5210 761 5286 Ἦμῶν
797 5212 858 5286 το
907 5213 1071 5284 quae.
1105 5205 1281 5286 Coisl.
1314 5204 1550 5286 primus
1582 5203 1818 5286 pitied.
1863 5200 1975 5259 ha-

359 5278 509 5341 bent
534 5278 683 5358 ἦμεν.
714 5283 900 5340 Paulo
930 5278 1071 5356 post
1101 5280 1246 5337 editi
1275 5278 1508 5353 καθαρὸς
1537 5278 1715 5338 αὐτὸς.
1748 5278 1972 5332 Omnes

359 5374 514 5415 mss.
546 5357 611 5413 ut
639 5357 701 5413 in
728 5362 914 5412 textu.

435 5429 550 5510 (ξε)
582 5426 886 5510 Μεῖῖέμοθο.
922 5425 1017 5510 ξίρ
1060 5422 1207 5510 libri
1241 5425 1768 5510 τριετεῖιτφξεηςο
1805 5415 1974 5510 (ιιιρέ

363 5491 494 5557 erat
520 5491 579 5555 in
615 5491 790 5555 editis
818 5497 943 5573 μήτέ
975 5496 1120 5573 ἐμοῦ.
1154 5493 1351 5573 _Paulo
1394 5491 1562 5573 post'
1583 5491 1727 5548 editi
1759 5491 1975 5564 κριθῆτε

364 5578 457 5623 καὶ
487 5580 598 5626 τοῦ.
636 5565 1121 5641 Deost'articulus
1151 5567 1213 5621 iu
1243 5565 1530 5641 omnibus
1553 5579 1697 5641 mss:

435 5648 549 5718 (59)
589 5644 856 5697 Πείθεται.
884 5640 979 5698 Sic
999 5640 1151 5697 Med.
1174 5642 1233 5694 et
1253 5634 1410 5694 Harl.
1443 5651 1585 5691 cum
1605 5633 1796 5692 tribus
1822 5630 1974 5688 aliis.

1567 5036 1616 5072 ⁰⁰
1658 5037 1803 5093 Luc.
1844 5035 1925 5102 vi,
1959 5037 2049 5091 37.

2077 4586 2297 4645 morbo
2326 4584 2665 4655 corruptus.
2700 4577 2816 4635 Sed
2846 4582 2904 4634 et
2932 4576 3146 4633 oculus
3172 4590 3297 4631 non
3329 4589 3519 4631 sanus
3547 4572 3740 4629 multa

2076 4692 2291 4736 eorum
2318 4690 2454 4746 quae
2484 4673 2624 4729 sunt
2642 4683 2767 4725 non
2793 4667 2971 4739 videt,
2996 4669 3055 4722 et
3081 4664 3274 4722 multa
3293 4680 3431 4736 quae
3452 4677 3576 4719 non
3597 4666 3742 4718 sunt

2079 4763 2577 4826 comminiscitur.
2603 4761 2799 4831 Atque
2827 4755 3010 4814 etiam
3038 4756 3101 4811 in
3124 4752 3358 4826 judicio
3388 4752 3465 4809 de
3504 4750 3741 4825 scriptis

2079 4855 2329 4915 ferendo
2359 4852 2521 4910 idem
2551 4849 2911 4924 plerumque
2939 4844 3118 4902 video
3146 4842 3300 4916 ﬁeri,
3329 4858 3472 4900 cum
3502 4856 3739 4907 eorum,

2125 5032 2170 5068 πί
2213 5032 2262 5086 ll
2299 5025 2452 5084 Tim.
2474 5036 2555 5090 1v,
2583 5022 2639 5074 2.

2084 5198 2236 5257 Editi
2266 5194 2529 5249 πείθεσθε.
2547 5187 2952 5247 Conﬁrmatur
2970 5185 3101 5247 hinc
3138 5184 3478 5260 scriptura,
3506 5187 3638 5242 tum
3672 5197 3749 5240 ex

2079 5255 2175 5329 bis
2204 5283 2341 5343 quia
2366 5268 2726 5343 sequuntur,
2751 5266 2901 5343 .tum
2930 5255 3376 5343 etiamﬁex'aliis
3403 5255 3751 5343 aaneocre-

2083 5325 2384 5399 s—ariénses
2420 5325 2720 5409 epistolis,
2746 5332 2808 5389 in
2837 5329 3353 5409 quibus_Basilius
3391 5327 3602 5409 odiiet
3630 5325 3752 5381 dis-

2085 5409 2387 5471 sensionis
2417 5399 2634 5480 causas
2662 5399 2725 5462 in
2753 5399 2967 5480 eorum
2998 5402 3356 5480 episcopum
3374 5399 3620 5480 videtur
3644 5412 3749 5469 po-

2085 5484 2390 5541 tissimum
2418 5477 2710 5536 conferre.
2743 5476 2860 5533 Sed
2888 5491 2962 5532 ea
3001 5471 3078 5531 de
3116 5489 3180 5530 re
3207 5471 3464 5527 uberius
3493 5483 3750 5539 agemus

2085 5558 2150 5613 in
2193 5556 2329 5611 Vita
2356 5555 2420 5611 S.
2454 5550 2699 5608 Basilii.

2159 5628 2274 5701 (60)
2311 5625 2377 5677 Οἱ
2406 5622 2727 5702 ἁμαρτωλοί.
2757 5620 2849 5677 Sic
2873 5634 3026 5675 mss.
3048 5634 3171 5674 sex.
3195 5613 3344 5672 Editi
3365 5614 3409 5666 εἰ
3431 5611 3753 5692 ἁμαρτωλοί,
