4152 6374
351 347 462 402 753

353 469 516 528 αὐτὴν
567 467 849 542 ἀκολουθίᾳ
907 473 1115 542 μέήμης
1165 466 1494 523 διασωθέντα
1557 469 1684 528 αύτή
1744 489 1798 522 τε
1847 468 1962 542 ἐφύ-
1993 473 2040 525 Α

349 559 542 626 λασσε,
603 563 693 611 καὶ
769 561 902 631 ἡμᾶς
958 561 1034 612 ἔτι
1088 565 1307 622 νηπίους
1369 563 1514 621 ὄντας
1581 559 1796 612 ἔπλαττε
1869 565 1960 612 καὶ

350 649 583 724 ἐμόρφου
658 654 768 711 τοῖς
838 656 932 709 τῆς
989 648 1246 711 εὐσεϐείας
1300 645 1586 722 δόγμασιν.
1627 646 1842 708 Ἐπειδὴ
1901 646 1960 702 δὲ

348 745 446 793 καὶ
485 739 636 792 αὐτοὶ
673 743 766 797 τὴν
814 745 905 791 τοῦ
959 746 1155 812 φρονεῖν
1215 737 1438 812 δύναμιν
1494 738 1830 812 ἀπελάϐομεν,
1865 747 1959 792 τοῦ

347 830 509 903 λόγου
540 831 665 901 ἡμῖν
697 825 793 882 διὰ
846 837 944 890 τῆς
991 829 1194 890 ἡλικίας
1235 829 1723 902 συμπληρωθέντος,
1764 828 1957 887 πολλὴν

350 919 652 979 ἐπελθόντες
697 926 796 990 γῆν
862 937 917 971 τε
971 922 1062 970 καὶ
1121 919 1411 988 θάλασσαν,
1459 921 1502 971 εἶ
1558 939 1700 980 τινας
1746 919 1958 993 εὕρομεν

349 1017 428 1080 τῷ
484 1005 840 1084 παραδοθέντι
899 1011 1075 1060 κανόνι
1119 1016 1215 1070 τῆς
1269 1006 1527 1070 εὐσεϐείας
1586 1015 1954 1080 στοιχοῡντας,

349 1100 575 1159 τούτους
639 1102 730 1149 καὶ
794 1101 1022 1171 πατέρας
1075 1095 1502 1172 ἐπεγραψάμεθα,
1569 1102 1658 1150 καὶ
1725 1093 1956 1168 ὁδηγούς

347 1196 456 1241 τῶν
486 1186 679 1258 ψυχῶν
718 1188 865 1260 ἡμῶν
897 1186 968 1248 εἰς
997 1191 1091 1245 τὴν
1121 1189 1250 1260 πρός
1281 1191 1402 1239 Θεόν
1445 1191 1656 1262 πορείαν
1702 1185 1956 1245 ἐποιησά-

349 1279 509 1351 μεθα.
567 1280 668 1330 Καὶ
720 1279 886 1351 μέχρι
937 1295 994 1347 γε
1031 1284 1127 1338 τῆς
1175 1279 1312 1349 ὧρας
1367 1279 1584 1347 ταύτης,
1632 1279 1819 1350 χάριτι
1863 1283 1955 1328 τοῦ

350 1367 667 1428 καλέσαντος
719 1368 854 1439 ἡμᾶς
899 1366 1081 1426 κλήσει
1120 1366 1248 1439 ἁγίᾳ
1277 1367 1346 1429 εἰς
1375 1371 1466 1425 τὴν
1511 1367 1697 1419 ἑαυτοῦ
1729 1366 1956 1437 ἐπίγνω-

358 1479 465 1529 σιν,
513 1455 702 1512 ούδένα
751 1455 968 1531 οἶδαμεν
1019 1457 1169 1529 λόγον
1224 1457 1416 1531 ἐχθρόν
1461 1467 1556 1520 τῆς
1613 1459 1956 1530 ὑγιαινούσης

353 1546 713 1610 διδασκαλίας
749 1555 859 1608 ταῖς
897 1543 1142 1620 καρδίαις
1183 1544 1602 1622 παραδεξάμενοι
1632 1569 1646 1580 ·
1689 1544 1813 1600 οὐδε
1863 1567 1957 1620 μο-

349 1639 612 1700 λυνθεντες
641 1640 765 1690 ποτε
816 1639 904 1698 τὰς
949 1636 1136 1708 ψυχὰς
1186 1645 1248 1710 τῇ
1281 1633 1576 1710 δυσωνύμῳ
1613 1645 1713 1689 τῶν
1746 1637 1954 1710 Ἀρεια-

343 1737 449 1781 νῶν
507 1726 842 1800 βλασφημία.
884 1725 1020 1780 Ἀλλ’
1074 1729 1118 1780 εἶ
1163 1728 1304 1787 τινάς
1350 1746 1474 1780 ποτε
1512 1728 1846 1800 ὡρμημένους
1903 1726 1955 1790 ἐξ

347 1817 544 1871 ἐκείνου
586 1824 677 1870 τοῦ
718 1813 1049 1870 διδασκάλου
1081 1817 1149 1876 εἰς
1197 1821 1465 1868 κοινωνίαν
1504 1816 1950 1891 προσελαϐόμεθα,
1982 1821 2028 1875 Β

347 1907 828 1982 ἐπικρυπτομένους
872 1910 966 1964 τὴν
1023 1905 1074 1958 ἐν
1111 1914 1184 1976 τῷ
1217 1905 1373 1979 βάθει
1419 1910 1592 1976 νόσον,
1623 1911 1714 1959 καὶ
1741 1907 1957 1981 ῥήματα

346 1997 634 2060 λαλοῦντας
679 1994 888 2064 εὐσεϐῆ,
943 1996 972 2056 ἦ
1021 2003 1130 2058 τοῖς
1171 2016 1231 2068 γε
1287 1995 1408 2071 παρ’
1467 1998 1613 2069 ἡμῶν
1663 1995 1956 2070 λεγομένοις

353 2091 430 2159 μὴ
490 2086 890 2153 ἀντιτείνοντας,
941 2085 1076 2139 οὕτω
1139 2087 1542 2160 προσηκάμεθα,
1609 2086 1727 2139 ούτε
1779 2092 1956 2140 πᾶσαν

355 2179 555 2239 ἑαυτοῖς
603 2180 700 2236 τὴν
744 2175 860 2229 κατ’
915 2175 1104 2238 αύτούς
1159 2177 1274 2248 (69)
1337 2180 1513 2252 κρίσιν
1572 2175 1951 2250 ἐπιτρέψαντες,

349 2266 481 2320 ἀλλὰ
515 2273 632 2328 ταῖς
685 2265 1174 2341 προεξενεχθείσαις
1229 2269 1348 2340 περὶ
1392 2265 1556 2320 αὐτῶν
1585 2266 1783 2340 ψήφοις
1811 2270 1956 2342 παρὰ

343 2365 449 2412 τῶν
490 2359 732 2432 Πατέρων
784 2357 931 2428 ἡμῶν
999 2354 1463 2419 ἀκολουθήσαντες.
1513 2357 1646 2428 Ἐγώ
1706 2358 1808 2431 γὰρ
1862 2353 1954 2410 δε-

345 2448 566 2521 ξάμενος
623 2447 914 2521 γράμματα
967 2447 1082 2518 (⁸70)
1133 2453 1228 2500 τοῦ
1279 2449 1683 2521 μακαριωτάτου
1748 2450 1955 2520 Πατρός

342 2537 667 2591 Ἀθανασίου
709 2543 800 2590 τοῦ
854 2544 945 2597 τῆς
976 2533 1366 2611 Ἀλεξανδρείας
1417 2536 1728 2606 ἐπισκόπου,
1789 2536 1823 2588 ἆ
1860 2541 1952 2590 καὶ

348 2629 460 2698 ἔχω
488 2625 535 2678 ἐν
565 2633 680 2690 ταῖς
705 2630 886 2701 χερσὶ,
927 2631 1017 2678 καὶ
1050 2626 1408 2699 προϐάλλομαι
1433 2634 1541 2689 τοῖς
1586 2625 1948 2700 ἐπιζητοῦσιν,

349 2713 402 2766 ἐν
434 2715 513 2776 οἷς
541 2724 762 2790 φανερῶς
792 2712 1167 2788 διηγόρευσαν,
1200 2719 1244 2768 εἴ
1271 2735 1348 2778 τις
1399 2715 1455 2768 ἐκ
1483 2724 1580 2778 τῆς
1621 2725 1720 2768 τῶν
1749 2716 1952 2792 Ἀρεια-

353 2810 454 2855 νῶν
485 2806 727 2879 αἱρέσεως
756 2804 998 2877 βούλοιτο
1023 2806 1410 2877 μετατίθεσθαι,
1453 2805 1710 2878 ὁμολογῶν
1759 2811 1853 2864 τὴν
1901 2805 1950 2859 ἐν

351 2896 554 2965 Νικαία
576 2897 752 2945 πίστιν
788 2895 922 2966 (71),
953 2901 1134 2946 τοῦτον
1171 2896 1504 2970 προσίεσθαι,
1537 2891 1704 2968 μηδὲν
1745 2891 1953 2970 διακρι-

350 2985 592 3054 νομένους
614 2982 692 3034 ἐπ’
716 2983 853 3055 αὐτῷ
883 3003 897 3017 ο
929 2989 1019 3037 καὶ
1047 2986 1236 3037 τούτου
1274 2991 1366 3037 τοῦ
1389 2981 1651 3057 δόγματος
1675 2987 1950 3048 κοινωνούς

344 3090 440 3144 μοι
492 3077 855 3145 παρεχομένου
909 3075 1031 3135 τούς
1087 3093 1142 3126 τε
1197 3081 1288 3136 τῆς
1326 3071 1657 3137 Μακεδονίας
1712 3079 1803 3128 καὶ
1854 3083 1952 3137 τῆς

346 3159 574 3232 Ἀχαίας
604 3161 921 3225 ἐπισκόπους
947 3163 1173 3225 ἅπαντας
1202 3177 1218 3194 ⁸
1251 3164 1476 3236 νομίζων
1497 3163 1777 3237 ἀναγκαῖον
1823 3162 1950 3218 εἶναι
1981 3181 2020 3238 C

342 3247 642 3303 ἀκολουθεῖν
675 3247 830 3325 ἀνδρὶ
858 3255 1090 3325 τοσούτῳ
1121 3250 1216 3306 διὰ
1247 3256 1306 3306 τό
1333 3253 1637 3317 ἀξιόπιστον
1669 3263 1768 3307 τῶν
1796 3274 1949 3327 νομο-

341 3342 694 3408 θετησάντων,
713 3342 844 3414 όμοῦ
869 3339 927 3395 δὲ
953 3346 1042 3394 καὶ
1073 3342 1340 3415 ἐπιθυμῶν
1361 3346 1449 3396 τόν
1479 3351 1576 3406 τῆς
1600 3343 1950 3418 εἰρηνοποιίας

336 3431 531 3503 μισθὸν
561 3426 945 3504 ὑποδέξασθαι,
969 3435 1086 3493 τούς
1104 3435 1300 3491 ταύτην
1332 3432 1707 3506 ὁμολογοῦντας
1735 3437 1830 3492 τὴν
1858 3438 1950 3487 πί-

339 3537 458 3573 στιν
488 3517 872 3590 ἐγκατέτασσον
902 3526 964 3593 τῇ
988 3517 1165 3594 μερίδι
1186 3530 1285 3572 τῶν
1311 3529 1642 3574 κοινωνικῶν.

408 3609 464 3662 7⁸
513 3612 838 3683 Δικαιότερον
871 3605 930 3662 δε
985 3612 1052 3662 τὰ
1102 3609 1220 3663 καθ’
1264 3612 1402 3682 ἡμᾶς
1455 3612 1726 3686 κρίνεσθαι
1773 3615 1843 3685 μὴ
1894 3609 1950 3674 ἐξ

335 3696 449 3760 ἑνός
509 3697 538 3756 ἦ
611 3693 858 3773 δευτέρου
907 3706 1008 3750 τῶν
1055 3703 1126 3772 μὴ
1165 3697 1592 3772 ὀρθοποδούντων
1657 3704 1789 3775 πρὸς
1852 3706 1948 3760 τὴν

335 3786 606 3856 ἀλήθειαν,
661 3786 770 3839 ἀλλ’
813 3785 868 3840 ἐκ
895 3795 986 3841 τοῦ
1023 3788 1252 3850 πλήθους
1289 3799 1389 3842 τῶν
1442 3793 1579 3843 κατὰ
1629 3795 1723 3850 τὴν
1771 3791 1948 3844 οἰκου-

334 3880 495 3950 μένην
546 3875 842 3929 ἔπισκόπων
893 3881 1230 3951 συνημμένων
1283 3881 1408 3952 ἡμῖν
1456 3881 1646 3954 χάριτι
1694 3887 1787 3933 τοῦ
1842 3887 1948 3933 Κυ-

333 3973 475 4042 ρίου.
520 3967 870 4030 Ἐξετασθῶσι
927 3966 986 4022 δὲ
1060 3967 1306 4036 Πισίδαι,
1377 3973 1654 4043 Λυκάονες,
1690 3972 1945 4045 Ἰσαῦροι,

338 4060 533 4135 Φρύγες
579 4057 828 4132 ἑκάτεροι,
879 4059 1157 4134 Ἀρμενίων
1214 4061 1335 4113 ὅσον
1388 4062 1510 4134 ύμῖν
1563 4061 1673 4115 ἐστι
1727 4067 1945 4138 πρόσοι-

335 4168 449 4215 κον,
527 4145 841 4216 Μακεδόνες,
896 4148 1134 4222 Ἀχαιοὶ,
1212 4149 1468 4225 Ἰλλύριοι,
1526 4151 1730 4219 Γάλλοι,
1772 4152 1949 4206 Ἱσπα-

335 4241 417 4291 νοὶ
447 4238 584 4310 (72),
624 4236 816 4295 Ἰταλία
856 4240 1134 4311 σύμπασα,
1183 4239 1500 4313 Σικελιῶται,
1531 4239 1742 4317 Ἃφροι,
1785 4245 1947 4314 Αίγύ-

335 4346 471 4380 πτου
510 4330 568 4379 τὸ
620 4327 874 4398 ὑγιαῖνον,
908 4337 1004 4390 τῆς
1051 4334 1237 4403 Συρίας
1283 4331 1475 4384 ὁπόσον
1499 4330 1741 4403 λείψανον
1769 4345 1783 4362 ⁸
1817 4333 1945 4384 οἱτι-

338 4435 420 4479 νες
482 4422 752 4490 πέμπουσί
816 4437 872 4470 τε
925 4421 1053 4492 πρός
1097 4420 1235 4492 ἡμῆς
1279 4421 1586 4492 γράμματα,
1652 4426 1742 4473 καὶ
1792 4422 1947 4474 πάλιν

343 4502 591 4576 δέχονται
633 4506 754 4579 παρ’
783 4509 929 4580 ἡμῶν
954 4525 968 4576 ;
998 4507 1094 4560 Ὧν
1152 4511 1289 4561 ἕστίν
1319 4510 1439 4580 ύμῖν
1482 4512 1536 4562 ἔκ
1589 4529 1644 4562 τε
1690 4519 1789 4563 τῶν
1817 4509 1946 4564 ἐκεῖ-
1981 4539 2026 4594 D

343 4597 425 4648 θεν
483 4600 766 4672 φερομένων
820 4599 1140 4673 φραμμάτων
1188 4599 1370 4670 μαθεῖν
1428 4603 1516 4650 καὶ
1546 4599 1604 4650 ἐκ
1652 4607 1750 4652 τῶν
1780 4598 1950 4652 ἐντεύ-

341 4685 422 4737 θεν
487 4685 640 4738 πάλιν
673 4684 1158 4759 ίὰντιπεμπομένων
1225 4686 1402 4750 αὐτοῖς
1464 4684 1816 4760 διδαχθῆναι,
1871 4690 1949 4742 ὅτι

337 4772 626 4847 σύμ-ψυχοι
700 4776 888 4838 πάντες
944 4775 1117 4849 ἐσμὲν,
1195 4779 1252 4828 τό
1328 4775 1376 4830 ἓν
1425 4784 1743 4850 φρονοῦντες.
1785 4777 1947 4852 ’ῼστε

409 4898 526 4970 (69)
551 4903 752 4955 Οὔτε...
786 4900 898 4952 κατ’
927 4902 1133 4964 αύτούς.
1168 4901 1254 4958 Ita
1282 4917 1429 4957 mss.
1471 4917 1594 4958 sex.
1638 4901 1786 4957 Editi
1813 4901 1942 4958 ού...

328 4975 473 5059 acac-ra}
501 4975 623 5059 τοὺς
671 4975 960 5035 τοιούτους.
997 4973 1227 5030 Ibidem
1275 4972 1451 5031 Coisl.
1499 4975 1734 5046 primus
1763 4993 1942 5049 τροσε-

331 5045 889 5198 νελξδῖσαέέῖλμῌατςο
908 5187 919 5198 .
938 5115 1129 5198 Edim?
1176 5114 1359 5172 Ρδνίεο
1415 5115 1620 5198 δᾷδίίι·
1638 5115 1940 5198 “aM-83d

331 5187 686 5268 praepositio
715 5188 882 5244 deest
904 5187 967 5243 in
997 5191 1226 5259 septem
1257 5192 1477 5243 mss.et
1500 5187 1941 5270 antiquioribus

333 5258 724 5315 editionibus.
760 5258 934 5324 Quod
959 5264 1162 5316 autem
1197 5258 1273 5314 de
1303 5257 1618 5315 Athanasu
1648 5264 1940 5317 sententia

333 5333 586 5402 testatur
605 5301 946 5396 Basili‘usjd
963 5330 1358 5402 confirmatur
1372 5345 1510 5384 cum
1532 5332 1611 5385 ab
1626 5330 1759 5402 ipso
1770 5301 1942 5387 Athe:

333 5401 534 5474 nasio,
561 5402 667 5474 qui
716 5401 778 5474 in
808 5402 978 5474 epist.
1007 5401 1088 5474 ad
1128 5401 1450 5474 Ruﬁanum
1481 5401 1940 5474 nonsolumﬁin

337 5471 736 5598 Egiptoﬁed
757 5471 1014 5554 etiamin
1045 5471 1663 5553 Graecia,in.Hispania
1683 5477 1740 5529 et
1756 5473 1942 5530 Gallia

339 5549 400 5598 et
418 5559 456 5596 u
502 5560 641 5598 ique
671 5544 833 5598 idem
854 5559 1152 5598 emsconis
1181 5542 1478 5598 placuisse
1503 5543 1786 5598 declarat:
1811 5551 1938 5598 tum

339 5542 641 5616 etiubique
660 5543 833 5616 idem
854 5544 1152 5616 episcopis
1174 5542 1786 5616 placuisse—declarat;
1811 5551 1938 5600 tum

337 5615 521 5672 etiam
544 5613 588 5671 ει
610 5615 842 5688 Liberio
872 5613 1203 5688 papa,—qui'
1220 5615 1282 5670 in
1311 5613 1486 5688 epist.
1521 5619 1604 5672 l3.
1632 5617 1939 5688 ASgyptios

332 5701 554 5745 omnes
577 5691 636 5744 et
652 5685 912 5745 Achivos
934 5685 1208 5760 ejusdem
1233 5685 1542 5743 sententiae
1571 5685 1753 5744 testes
1776 5685 1937 5745 citat.

1348 344 1835 402 EPISTOLARUM
1872 343 2156 402 CLASSIS
2196 347 2263 401 ll.
2305 345 2524 404 EPIST.
2568 346 2743 403 CCIV.

3623 351 3728 405 754

2074 471 2407 527 tinuatione
2455 477 2813 528 conservata
2843 487 2983 528 cum
3005 471 3140 544 ipsa
3169 471 3566 539 custodiebat,
3598 479 3729 529 tum

2072 577 2185 618 nos
2210 562 2411 619 adhuc
2432 562 2688 619 infantes
2719 561 2982 633 fingebat
3010 568 3065 618 et
3091 563 3459 618 informabat
3489 563 3727 636 pietatis

2073 651 2492 722 dogmatibus.
2533 655 2859 725 Postquam
2887 659 3087 708 autem
3116 656 3172 708 et
3201 667 3314 708 nos
3337 652 3613 724 sapiendi
3644 655 3730 709 fa-

2072 741 2355 798 cultatem
2403 743 2772 814 accepimus,
2801 741 3032 798 ratione
3059 742 3120 797 in
3151 741 3324 797 nobis
3356 757 3464 814 per
3493 747 3730 798 aetatem

2072 832 2398 903 completa,
2433 831 2689 888 multum
2721 831 2948 888 telluris
2984 847 3054 887 ac
3083 831 3280 903 pelagi
3312 838 3730 904 peragrantes,

2071 921 2122 976 si
2148 937 2306 994 quos
2332 921 2672 977 invenimus
2705 921 3039 977 secundum
3074 921 3354 976 traditam
3386 921 3624 992 pietatis
3645 937 3732 977 re-

2071 1012 2282 1081 gulam
2301 1011 2815 1076 ambulantes,eos
2833 1016 2887 1066 et
2905 1016 3146 1084 patrum
3168 1010 3301 1066 loco
3319 1010 3734 1079 habuimus,et

2070 1101 2257 1156 duces
2279 1101 2626 1156 animarum
2655 1105 3016 1167 nostrarum,
3050 1101 3111 1155 in
3137 1101 3231 1155 via
3257 1117 3392 1172 quae
3433 1100 3510 1156 ad
3543 1103 3729 1156 Deum

2070 1189 2253 1257 ducit,
2274 1191 2462 1246 secuti
2490 1208 2724 1246 sumus.
2761 1196 2950 1264 Atque
2973 1174 3051 1246 ad
3084 1191 3239 1246 hanc
3268 1205 3458 1262 usque
3488 1191 3729 1267 horam,

2069 1281 2295 1351 gratias
2318 1279 2498 1346 illius,
2531 1280 2634 1353 qui
2657 1296 2768 1336 nos
2798 1280 3036 1335 vocavit
3058 1279 3371 1335 vocatione
3403 1284 3612 1335 sancta
3651 1279 3730 1334 ad

2069 1369 2161 1425 sui
2183 1369 2725 1439 cognitionem,nec
2746 1384 3082 1424 sermonem
3104 1368 3297 1423 ullum
3316 1369 3540 1424 scimus
3565 1383 3728 1423 sanze

2068 1458 2359 1514 doctrinae
2390 1457 2703 1514 inimicum
2751 1458 2812 1512 in
2844 1458 3029 1513 corda
3055 1462 3265 1513 nostra
3301 1458 3586 1524 intrasse;
3616 1473 3727 1512 nec

2067 1547 2306 1604 animas
2328 1552 2564 1604 nostras
2581 1547 2790 1603 infami
2813 1547 3174 1603 Arianorum
3187 1547 3571 1619 blasphemia
3588 1562 3726 1601 con-

2067 1635 2395 1693 taminatas
2443 1652 2718 1709 unquam
2758 1636 2963 1691 fuisse.
3001 1636 3109 1693 Sed
3139 1636 3186 1691 si
3217 1652 3372 1708 quos
3395 1635 3725 1708 aliquando

2066 1726 2146 1782 ab
2171 1725 2272 1782 illo
2299 1726 2592 1794 magistro
2614 1726 2914 1797 profectos
2934 1726 2995 1781 in
3017 1726 3511 1782 communionem
3535 1725 3726 1781 admi-

2066 1817 2278 1885 simus,
2311 1817 2592 1873 morbum
2623 1817 2835 1872 intimo
2892 1816 3072 1872 corde
3113 1815 3504 1879 occultantes,
3542 1821 3596 1871 et
3626 1816 3726 1888 pia

2063 1906 2253 1962 verba
2279 1907 2726 1979 loquentes,aut
2749 1910 2904 1961 certe
2926 1905 2998 1961 iis
3017 1922 3153 1978 quae
3177 1922 3212 1961 a
3237 1905 3414 1961 nobis
3439 1905 3724 1962 diceban-

2065 2001 2180 2066 tur,
2213 2013 2336 2053 non
2365 2001 2778 2069 repugnantes
2805 1997 2890 2052 ita
2937 1996 3319 2069 suscepimus
3355 2013 3367 2062 ;
3427 2012 3565 2051 cum
3598 2012 3722 2050 non

2065 2103 2247 2143 omne
2277 2087 2351 2142 de
2379 2087 2599 2143 talibus
2631 2086 2921 2158 judicium
2960 2086 3137 2142 nobis
3168 2086 3311 2158 ipsis
3349 2085 3722 2158 permittere-

2064 2191 2223 2247 mus,
2260 2175 2367 2232 sed
2399 2176 2780 2242 sententiam,
2805 2191 2938 2247 quae
2960 2175 3128 2248 prius
3149 2174 3271 2232 lata
3291 2175 3365 2230 de
3391 2174 3504 2230 illis
3528 2174 3722 2230 fuerat

2065 2283 2104 2324 a
2133 2266 2404 2323 Patribus
2420 2266 2661 2333 nostris,
2697 2280 3106 2338 sequeremur.
3132 2267 3249 2334 Ego
3273 2263 3433 2320 enim
3456 2280 3594 2319 cum
3625 2279 3721 2320 ac-

2064 2357 2362 2429 cepissem
2391 2355 2615 2412 litteras
2662 2354 2997 2410 beatissimi
3041 2354 3230 2409 Patris
3260 2353 3568 2410 Athanasii
3598 2352 3720 2409 Ale-

2061 2445 2336 2503 xandriae
2368 2444 2654 2518 episcopi,
2704 2459 2859 2517 quas
2908 2448 2963 2500 et
2992 2443 3054 2498 in
3085 2442 3370 2499 manibus
3402 2441 3623 2510 habeo,
3664 2446 3720 2498 et

2063 2535 2317 2593 ostendo
2343 2533 2898 2607 exposcentibus,in
2924 2532 3146 2604 quibus
3177 2531 3333 2587 clare
3363 2531 3718 2604 pronuntia-

2061 2625 2166 2692 vit,
2196 2625 2244 2680 si
2295 2623 2431 2696 quis
2482 2640 2555 2679 ex
2586 2623 2949 2678 Arianorum
2980 2621 3195 2677 haeresi
3225 2620 3480 2676 voluerit
3525 2625 3718 2675 trans-

2061 2713 2200 2770 ferri
2231 2714 2534 2770 Nicaenam
2564 2712 2749 2768 fidem
2781 2711 3240 2777 conﬁtens,eum
3272 2709 3716 2765 admittendum

2061 2817 2336 2870 esse,nec
2365 2818 2496 2858 esse
2525 2801 2586 2857 in
2614 2817 2684 2857 eo
2706 2798 3052 2872 recipiendo
3081 2798 3519 2863 haesitantium;
3553 2813 3719 2852 cum—

2059 2908 2181 2966 que
2210 2892 2306 2948 ille
2337 2892 2484 2948 mihi
2514 2891 2696 2962 hujus
2742 2889 2964 2946 decreti
3021 2888 3216 2945 socios
3273 2888 3532 2953 citasset,
3587 2893 3717 2943 tum

2059 2983 2441 3047 Macedoniae,
2481 2985 2610 3037 tum
2642 2979 2877 3036 Achaiae
2908 2978 3228 3051 episcopos
3259 2993 3473 3032 omnes
3501 2995 3513 3043 ;
3545 2981 3714 3032 ratus

2063 3073 2235 3145 307
2263 3087 2509 3128 necesse
2539 3087 2669 3126 esse
2695 3074 2930 3126 tantum
2955 3069 3149 3124 virum
3173 3067 3346 3139 sequi
3372 3066 3450 3122 ob
3482 3083 3712 3133 eorum,

2059 3163 2374 3235 quilegem
2399 3159 3118 3227 tulerant,auctoritatem,
3143 3157 3441 3230 simulque
3467 3155 3716 3228 cupiens

2058 3250 2497 3323 pacificationis
2515 3247 2857 3304 mercedem
2874 3245 3374 3318 consequi,fidem
3398 3244 3559 3300 illam
3579 3259 3718 3299 con-

2058 3339 2294 3398 ﬁtentes
2324 3338 2708 3397 ascribebam
2737 3353 2992 3394 numero
3019 3336 3628 3392 communicatorum.

2129 3619 2184 3671 7.
2215 3613 2444 3669 Justius
2475 3613 2568 3667 est
2596 3612 2800 3666 autem
2848 3623 2944 3664 res
2972 3610 3212 3664 nostras
3256 3604 3537 3677 judicari,
3589 3618 3714 3660 non

2057 3721 2132 3762 ex
2163 3719 2284 3760 uno
2307 3706 2412 3760 aut
2435 3701 2620 3759 altero
2641 3716 2765 3756 non
2793 3703 2951 3755 recte
2985 3698 3046 3753 in
3080 3697 3325 3754 veritate
3353 3695 3716 3751 ambulanti-

2055 3793 2307 3863 bus,sed
2333 3808 2406 3848 ex
2436 3789 2820 3848 multitudine
2853 3784 3421 3860 episcoporum,qui
3447 3783 3621 3839 nobis
3652 3783 3713 3838 in

2056 3887 2181 3941 toto
2210 3888 2503 3939 terrarum
2549 3879 2694 3935 orbe
2719 3894 2826 3951 per
2849 3875 3084 3933 Domini
3122 3874 3378 3945 gratiam
3408 3871 3716 3943 conjuncti

2057 3971 2665 4040 sunt.Interrogentur
2684 3971 2885 4023 autem
2907 3963 3144 4032 Pisidae,
3162 3960 3711 4034 Lycaones,lsauri,

2055 4058 2319 4131 Phryges
2349 4062 2608 4130 utrique,
2644 4055 3065 4112 Armeniorum
3094 4051 3390 4126 quidquid
3421 4050 3593 4106 vobis
3625 4053 3715 4107 est

2053 4147 2343 4214 vicinum,
2376 4147 2746 4213 Macedones,
2779 4143 2992 4209 Achazi,
3023 4141 3219 4215 Illyrii,
3245 4141 3412 4212 Galli,
3445 4139 3710 4212 Hispani,

2056 4239 2224 4295 Italia
2254 4242 2396 4306 tota,
2433 4237 2632 4307 Siculi,
2668 4235 2811 4304 Afri,
2855 4234 3095 4306 [Egypti
3133 4248 3276 4306 pars
3324 4246 3494 4301 sana,
3538 4229 3711 4302 quid-

2055 4329 2204 4402 quid
2252 4332 2344 4386 est
2369 4327 2582 4401 reliqui
2609 4327 2671 4383 in
2703 4325 2916 4398 Syria:
2953 4325 3061 4397 qui
3106 4327 3162 4379 et
3205 4321 3285 4378 ad
3341 4337 3453 4377 nos
3481 4320 3708 4376 litteras

2055 4421 2316 4490 mittunt,
2370 4423 2426 4474 et
2470 4434 2680 4474 rursus
2733 4432 2769 4471 a
2801 4415 2979 4471 nobis
3007 4413 3330 4485 accipiunt.
3364 4413 3445 4465 Ex
3485 4409 3711 4482 quibus

2054 4509 2281 4578 litteris,
2303 4513 2430 4564 tum
2461 4525 2597 4580 quia
2626 4506 2784 4562 illinc
2810 4505 3160 4570 afferuntur,
3184 4508 3311 4558 tum
3342 4515 3480 4572 quae
3500 4514 3709 4554 rursus

2057 4599 2186 4654 vice
2207 4613 2383 4654 versa
2424 4598 2564 4653 hinc
2605 4597 2684 4653 ad
2712 4596 2879 4668 ipsos
2910 4593 3244 4655 mittuntur,
3272 4589 3500 4644 discere
3539 4587 3710 4642 vobis

2055 4687 2192 4745 licet
2220 4702 2332 4744 nos
2361 4701 2576 4743 omnes
2628 4700 2759 4741 esse
2787 4682 3126 4748 unanimes,
3152 4679 3436 4749 idemque
3467 4676 3708 4734 sentire.

2059 4779 2436 4850 Quapropter
2463 4774 2960 4832 communionem
3016 4772 3288 4826 nostram
3329 4766 3435 4839 qui
3467 4765 3706 4837 refugit,

2056 4903 2172 4960 Sed
2192 4902 2414 4959 mirum
2431 4904 2524 4957 cst
2546 4913 2652 4956 cur
2673 4895 3145 4956 Occidentalium
3167 4891 3576 4949 testimonium
3605 4896 3708 4948 aut

2049 4974 2415 5030 Athanasius
2445 4973 2508 5046 in
2533 4971 2788 5046 epistola
2818 4966 3210 5046 ad_Bas_ilium
3237 4963 3702 5046 prietermiserit,

2050 5046 2146 5102 vel
2172 5047 2300 5118 ipse
2331 5038 2586 5118 Basilius
2605 5043 2719 5098 hac
2744 5042 2808 5118 i_n_
2826 5038 3705 5118 θρίεῐριᾶ-ρῐξεθῐετιρὶῑιει,,Ολυ-

2051 5109 2574 5189 εειωῖονεεῑξεωτθ
2594 5109 2962 5189 conabimur
2979 5111 3044 5189 in
3084 5112 3219 5166 Vita
3239 5109 3300 5165 S.
3334 5109 3579 5189 Basilii".

2122 5189 2235 5259 (71)
2265 5193 2370 5246 Την
2410 5179 2462 5238 ἐν
2488 5190 2685 5258 Νικαία
2711 5189 2908 5239 πίστιν.
2942 5183 3032 5240 Ita
3061 5199 3206 5239 mss.
3242 5196 3366 5236 sex.
3418 5179 3570 5234 Editi
3607 5184 3706 5230 τῶν

2052 5261 2099 5314 ἐν
2129 5265 2328 5314 Νικαία
2348 5263 2442 5317 τὴν
2476 5263 2676 5312 πίστιν.

2122 5333 2237 5402 (72)
2260 5317 2513 5384 Ἱσπανοί.
2551 5329 2786 5402 Legitur
2815 5330 3005 5380 Σπάνοι
3034 5326 3096 5382 in
3143 5321 3452 5402 codicibus
3475 5395 3484 5402 ι
3507 5319 3703 5402 Harl.,

2048 5390 2408 5479 Va‘t.,_'CQisl.
2457 5390 2725 5456 secundo
2751 5405 2819 5479 et
2863 5406 3118 5479 utroque
3162 5395 3366 5479 litigio.
3402 5393 3574 5479 Inter;
3597 5390 3704 5479 h‘as

2047 5461 2388 5547 provincias
2408 5476 2827 5547 nonqrecenset
2847 5461 3122 5547 “Basilius
3155 5461 3418 5547 Ciliciam
3436 5468 3508 5547 ‘et
3538 5461 3706 5543 Gala-

2047 5533 2216 5610 tiam,
2250 5545 2397 5618 quia
2422 5546 2515 5602 his
2541 5542 2980 5618 inregionibus
3011 5533 3700 5618 grassabanturnhagresis,

2046 5604 2245 5687 neque
2267 5604 2476 5673 ‘etiam
2524 5616 2677 5672 Asiae
2699 5604 3041 5689 dioecesim:
3070 5625 3256 5689 quam
3291 5605 3500 5689 Basilio
3528 5604 3704 5661 valde

2048 5682 2396 5762 suspectam
2421 5689 2607 5745 fuisse
2635 5685 3036 5759 perspicimus
3064 5698 3137 5739 ex
3158 5682 3330 5753 epist.
3363 5682 3485 5734 2l8.
