4152 6400
354 315 480 368 757

1349 306 1841 366 EPISTOLARUM
1880 309 2162 367 CLASSIS
2198 311 2267 364 II.
2308 309 2530 367 EPIST.
2573 310 2753 366 CCVI.

3644 311 3752 377 758

354 435 769 512 προσεύχεσθαί
801 452 859 485 σε
906 434 1034 506 ύπερ
1083 435 1229 505 ἡμῶν
1280 437 1370 484 καὶ
1417 440 1511 495 τῆς
1543 432 1854 494 Ἐκκλησίας
1881 441 1966 486 τοῦ

2087 434 2190 490 Dei
2224 434 2508 509 preceris,
2539 439 2603 492 ut
2653 434 2945 491 Dominus
3000 435 3102 491 det
3148 436 3327 493 nobis
3384 438 3465 494 ab
3523 439 3753 511 injuria.

358 534 527 580 Θεοῦ·
562 524 646 575 ἱνα
672 521 749 594 de)
782 526 886 583 (80)
917 524 1042 594 ἡμῖν
1074 523 1099 573 ό
1133 524 1318 597 Κύριος
1356 523 1547 596 ἤρεμον
1597 527 1687 575 καὶ
1742 526 1974 596 ἡσύχιον

362 615 488 689 βίον
537 610 740 685 διάγειν
772 654 784 678 ,
840 619 933 671 τῆς
984 610 1038 662 ἐκ
1094 619 1194 662 τῶν
1245 610 1449 684 ἐχθρῶν
1502 619 1594 664 τοῦ
1656 613 1974 685 Εύαγγελίου

357 705 613 778 ἐπηρείας
646 700 1036 773 ἀπαλλαγέντας
1059 702 1201 773 (81
1232 701 1291 754 Εἰ
1329 698 1387 754 δὲ
1439 707 1528 754 καὶ
1575 709 1636 775 τῇ
1675 710 1738 774 σῇ
1772 706 1976 754 συνέσει

361 794 653 847 ἀκόλουθον
705 796 796 844 καὶ
876 789 1157 862 ἀναγκαῖον
1246 794 1618 863 καταφαίνεται
1661 791 1732 854 εἰς
1787 793 1974 844 ταυτὸν

358 886 508 957 ἡμᾶς
561 881 813 943 ἀλλήλους
861 879 1040 948 ἐλθεῖν,
1068 884 1158 932 καὶ
1196 888 1477 952 συντυχεῖν
1506 886 1596 933 καὶ
1647 888 1752 942 τοῖς
1780 880 1976 941 λοιποῖς

358 974 704 1047 τιμιωτάτοις
743 968 985 1042 ἀδελφοῖς
1036 976 1145 1031 τοῖς
1198 974 1292 1028 τὴν
1348 968 1607 1045 παραλὶαν
1636 978 1975 1023 κατοικοῦσιν

356 1064 691 1129 ἐπισκόποις,
725 1060 883 1121 αύτὸς
913 1064 1002 1112 καὶ
1049 1062 1174 1133 ἡμῖν
1226 1057 1502 1123 ἀπόδειξον
1546 1065 1702 1113 τόπον
1732 1066 1822 1114 καὶ
1850 1081 1974 1114 και-

357 1157 455 1229 ρόν
494 1151 611 1204 καθ’
645 1152 698 1203 ὃν
748 1152 894 1203 ἔσται
932 1156 1106 1215 τοῦτο,
1139 1152 1228 1201 καὶ
1278 1156 1388 1212 τοῖς
1432 1146 1687 1229 ⁸ἀδελφοῖς
1741 1149 1973 1203 ἐπέστει-

355 1244 470 1307 low,
528 1243 632 1308 ἵνα,
683 1239 765 1292 ἐπὶ
812 1242 1148 1315 ὡρισμένοιςΔ
1176 1238 1550 1302 καταλιπόντες
1613 1240 1831 1303 ἕκαστος
1878 1245 1972 1299 τὴν

358 1332 411 1385 ἐν
444 1334 632 1405 χερσὶν
688 1328 970 1400 ἀσχολίαν,
1025 1325 1329 1401 δυνηθῶμεν
1364 1348 1418 1381 τι
1452 1337 1552 1381 τῶν
1583 1330 1654 1391 εἰς
1694 1325 1973 1402 οἰκοδομὴν

358 1419 799 1484 τῆςἚκκληο-ίας
836 1425 929 1471 τοῦ
990 1425 1125 1469 Θεοῦ
1178 1426 1422 1483 ποιῆσαι,
1491 1423 1582 1470 καὶ
1636 1416 1824 1471 ἀνελεῖν
1882 1423 1972 1481 μὲν

358 1515 455 1572 τὰς
502 1510 553 1572 ἐξ
610 1512 864 1562 ὑπονοιῶν
915 1515 1004 1559 νῦν
1056 1510 1181 1580 ἡμῖν
1229 1511 1360 1582 πρὸς
1400 1507 1661 1579 άλλη-γους
1712 1508 1974 1581 ἐγγινομέ-

356 1621 448 1662 νας
475 1600 660 1663 λύπας,
694 1607 934 1673 κυρῶσαι
979 1594 1038 1650 δὲ
1084 1603 1178 1657 τὴν
1245 1598 1476 1670 ἀγάπην,
1518 1596 1580 1660 ἧς
1638 1600 1758 1651 ἄνευ
1818 1598 1967 1659 ἀτελῆ

356 1688 493 1745 εἶναι
535 1691 715 1751 πάσης
763 1687 967 1748 ἐντολῆς
1020 1687 1269 1762 ἐργασίαν
1330 1687 1482 1749 αὐτὸς
1529 1690 1654 1762 ἡμῖν
1696 1691 1721 1741 ό
1781 1691 1972 1763 Κύριος

356 1778 676 1855 διωρίσατο.

918 1892 1256 1941 ΕΠΙΣΤΟΛΗ
1307 1894 1383 1952 Σςν
1399 1930 1413 1943 .

2000 1792 2044 1848 Β

2085 524 2473 581 inimicorum
2540 524 2848 595 Evangelii
2909 524 3178 582 liberatis
3247 528 3636 602 tranquillam
3679 547 3754 587 ac

2086 616 2355 688 quietam
2394 614 2583 671 vitam
2631 630 2830 686 agere.
2861 615 3034 682 Quod
3062 614 3111 670 si
3157 619 3216 672 et
3268 619 3385 672 tuae
3415 619 3751 691 prudentiae

2085 708 2563 761 consentaneum
2614 708 2671 761 et
2715 703 3133 761 necessarium
3179 704 3503 776 videbitur,
3560 712 3627 765 ut
3685 709 3754 767 in

2083 810 2277 851 unum
2297 794 2633 863 veniamus,
2667 794 3259 869 congrediamurque
3284 795 3467 854 etiam
3496 812 3638 855 cum
3662 814 3754 856 re-

2081 882 2265 956 liquis
2307 882 2828 940 reverendissimis
2881 883 3167 940 fratribus
3198 885 3640 945 maritimarum
3672 889 3755 944 ci-

2082 974 2340 1029 vitatum
2364 973 2832 1047 episcopis,ipse
2859 972 3039 1029 etiam
3064 972 3244 1030 nobis
3270 974 3526 1048 designa
3545 975 3753 1035 locum

2083 1066 2142 1118 et
2190 1064 2449 1135 tempus,
2476 1079 2600 1136 quo
2653 1062 2783 1119 haec
2824 1061 2990 1132 ﬁent,
3018 1067 3075 1119 et
3110 1063 3307 1119 scribe
3351 1064 3658 1132 fratribus,
3687 1071 3755 1124 ut

2082 1152 2416 1226 praestituto
2465 1156 2732 1226 tempore
2770 1152 3178 1226 relinquentes
3224 1155 3648 1230 unusquisque
3678 1173 3754 1215 ea

2082 1258 2220 1315 quae
2274 1242 2339 1298 in
2394 1241 2679 1299 manibus
2721 1244 2984 1312 negotia,
3033 1243 3342 1316 possimus
3395 1243 3626 1318 aliquid
3670 1246 3755 1303 ad

2082 1333 2544 1390 tediﬁcationcm
2589 1332 2867 1389 Ecclesiae
2914 1349 3159 1401 navare,
3184 1349 3256 1390 ac
3288 1334 3491 1392 tollere
3537 1335 3750 1394 insitas

2080 1422 2260 1477 nobis
2292 1438 2455 1478 nunc
2493 1438 2568 1478 ex
2608 1422 3057 1494 suspicionibus
3085 1423 3240 1479 inter
3267 1438 3382 1479 nos
3414 1424 3748 1482 molestias:

2083 1527 2153 1567 ac
2185 1511 2539 1569 charitatem
2567 1511 2834 1581 ﬁrmare,
2863 1511 2992 1568 sine
3039 1528 3166 1586 qua
3213 1528 3499 1570 mancam
3546 1518 3603 1571 et
3637 1514 3751 1570 im-

2082 1600 2413 1673 perfectam
2461 1617 2594 1656 esse
2625 1600 2890 1671 cujusvis
2936 1602 3222 1674 praecepti
3259 1601 3747 1660 observationem

2079 1692 2210 1762 ipse
2236 1691 2418 1748 nobis
2450 1690 2743 1747 Dominus
2771 1690 3125 1748 declaravit.

2612 1889 2951 1946 EPISTOLA
2991 1887 3197 1946 CCVI'.

358 1997 734 2054 Consolatur
753 1994 1086 2065 Elpidz’um,
1106 1995 1340 2061 nepotis
1366 1998 1554 2051 morte
1582 1994 2327 2064 afﬂictum,ac,speratum
2346 2008 2730 2065 congressum
2753 2008 2831 2049 ne
2857 1993 3036 2049 dolor
3059 1994 3740 2067 inteispelletﬁortatur.

597 2120 782 2178 Ἐλπιδ
788 2128 849 2196 ίῳ
877 2122 1148 2194 ἐπισκόπῳ
1174 2123 1283 2194 (82)
1306 2124 1743 2198 παραμυθητικὴ.

435 2248 543 2295 Νῦν
593 2240 829 2314 μάλιστα
877 2249 974 2301 τῆς
1019 2246 1113 2293 τοῦ
1164 2244 1407 2312 σώματος
1452 2238 1719 2300 ἀσθενείας
1781 2238 1971 2292 αἰσθά-

355 2351 538 2405 νομαι,
580 2333 665 2383 ὅτε
716 2332 819 2405 ὁρῶ
873 2349 965 2402 μοι
1022 2336 1273 2381 τοσοῦτον
1327 2325 1726 2401 ἐμποδίζουσαν
1876 2336 1972 2391 τῆς

354 2421 553 2493 ψυχῆς
620 2419 856 2492 ὠφελείᾳ.
890 2418 1076 2494 Εἰηγάρ
1135 2437 1226 2491 μοι
1280 2420 1412 2470 κατά
1484 2425 1601 2469 νοῦν
1629 2419 1743 2489 (85)
1783 2416 1972 2491 ἐχώρει

353 2514 425 2563 τὰ
471 2511 780 2583 πράγματα,
804 2508 897 2560 ούκ
946 2509 1006 2560 οἷν
1040 2505 1116 2560 δι’
1159 2506 1465 2576 ἐπιστολῶν,
1490 2504 1615 2560 οὐδὲ
1663 2503 1756 2559 δια
1799 2511 1970 2579 μέσων

358 2599 645 2674 ἀνθρώπων
711 2598 1182 2671 προσεφθεγγόμην
1260 2598 1393 2669 ὑμᾶς
1421 2618 1435 2630 ·

363 2684 438 2740 δι’
498 2687 725 2759 ἐμαυτοῦ
762 2692 853 2739 καὶ
911 2690 968 2739 τὸ
1010 2695 1105 2748 τῆς
1148 2685 1356 2758 ἀγάπης
1412 2684 1739 2759 ἀπεπλὴρουν
1790 2690 1969 2761 χρέος,

365 2781 461 2828 καὶ
499 2774 709 2847 ἐγγύθεν
759 2772 1134 2829 ἀπέλαυοντοῦ
1192 2782 1544 2848 πνευματικοῦ
1582 2777 1694 2847 (84)
1725 2773 1969 2850 κέρδους.

370 2871 479 2918 Νῦν
518 2861 577 2917 δε
624 2864 756 2917 οὕτω
807 2862 1102 2938 διάκειμαι,
1141 2867 1207 2926 ὡς
1241 2863 1528 2936 ἀγαπητῶς
1590 2869 1681 2916 καὶ
1741 2868 1831 2926 τὰς
1882 2872 1972 2926 τῆς

1513 2596 1619 2649 ἀλλ’
1694 2597 1853 2659 αὐτὸς
1908 2598 1970 2649 οἷν

366 2950 627 3026 πατρίδος
660 2959 887 3014 κινήσεις
950 2955 1298 3027 ὑφίστασθαι,
1353 2954 1412 3015 ἅς
1460 2953 1751 3025 ἀναγκαίως
1797 2956 1973 3007 ποιού-

363 3044 500 3116 μεθα
529 3041 957 3115 ἕπισκεπτόμενοι
989 3042 1083 3104 τας
1113 3046 1248 3095 κατὰ
1278 3048 1373 3101 τὴν
1428 3049 1611 3116 χώραν
1638 3046 1784 3115 ἡμῶν
1831 3063 1971 3117 παρ-

358 3136 551 3192 οικίας.
609 3132 767 3185 Ἀλλά
817 3135 1097 3208 παράσχοι
1149 3134 1175 3185 ό
1232 3135 1421 3207 Κύριος
1479 3136 1573 3184 καὶ
1630 3134 1750 3205 ὑμῖν
1809 3133 1971 3205 ἰσχὺν

356 3226 452 3273 καὶ
506 3224 846 3296 προθυμίαν,
897 3225 985 3273 καὶ
1040 3220 1154 3294 ἐμοὶ
1190 3225 1321 3294 πρὸς
1373 3230 1435 3280 τῆ
1495 3219 1703 3295 σπουδῇ
1756 3226 1862 3293 (85)
1909 3222 1970 3281 ἣν

356 3313 472 3382 ἔχω
500 3318 607 3361 νῦν
638 3316 731 3363 καί
770 3307 1015 3384 δύναμιν,
1046 3313 1200 3379 ὥστε,
1233 3313 1408 3373 καθὼς
1452 3310 1784 3386 παρεκάλεσα
1812 3310 1969 3383 ὑμᾶς,

352 3402 878 3472 πραγματεύσασθαι
930 3403 1057 3473 ἡμῖν
1134 3404 1229 3458 τὴν
1302 3400 1592 3453 ἀπόλαυσιν
1620 3443 1635 3471 ,
1686 3405 1970 3473 γενομένοις

352 3488 441 3541 ἐπὶ
486 3497 584 3550 τῆς
624 3496 927 3562 Κομανικῆς
981 3488 1197 3565 ἕνορίας.
1256 3488 1524 3561 Φοϐοῦμαι
1590 3486 1649 3542 ὃὶ
1698 3494 1820 3562 περὶ
1873 3497 1970 3550 τῆς

354 3586 456 3638 σῆς
493 3584 862 3652 κοσμιότητος,
895 3584 1073 3652 μήπου
1128 3599 1214 3632 σοι
1260 3576 1511 3652 ἐμπόδιον
1552 3580 1816 3649 γένηταιή
1850 3584 1968 3651 περὶ

349 3676 459 3720 τῶν
506 3668 709 3721 οἰκείων
764 3668 926 3727 λύπη.
981 3673 1082 3722 Καὶ
1129 3672 1227 3744 γὰρ
1286 3670 1498 3741 ἔμαθον,
1550 3671 1631 3721 ὅτι
1677 3688 1734 3744 σε
1790 3668 1968 3739 ἕθλιψε

346 3753 577 3810 παιδίου
642 3757 872 3817 τελευτή·
923 3758 983 3811 οὗ
1028 3762 1115 3817 τὴν
1171 3762 1439 3833 στέρησιν,
1482 3761 1550 3820 ὡς
1599 3741 1710 3830 μεθ’
1744 3760 1963 3830 πάππῳ,

347 3846 593 3920 λυπηρὰν
635 3847 765 3908 εἰκός
805 3849 955 3900 εἶναι.
1011 3850 1077 3908 ὡς
1125 3844 1185 3900 δὲ
1220 3844 1377 3922 ἀνδρὶ
1413 3851 1547 3920 πρὸς
1574 3855 1825 3900 τοσοῦτον
1854 3844 1962 3906 ἤδη

352 3932 703 3994 διαϐεϐηκότι
749 3945 841 3998 τῆς
899 3936 1103 4010 ἀρετῆς,
1127 3942 1218 3989 καὶ
1255 3936 1578 4009 ἐπισταμένῳ
1623 3945 1722 3988 τῶν
1771 3935 1967 4011 ἀνθρω-

349 4029 516 4077 πίνων
563 4028 842 4098 τὴνφύσιν
872 4025 928 4078 ἐκ
956 4035 1053 4089 τῆς
1108 4028 1244 4078 κατά
1299 4029 1387 4077 τὸν
1430 4030 1623 4099 χρόνον
1672 4025 1962 4101 ἐμπειρίας,

353 4118 449 4166 καὶ
484 4112 539 4165 ἐκ
592 4123 687 4177 τῆς
735 4122 1095 4188 πνευματικῆς
1148 4111 1525 4185 διδασκαλίας,
1548 4114 1828 4168 ἀκόλουθον
1889 4120 1959 4187 μὴ

349 4207 525 4264 πάντη
583 4203 848 4279 δύσφορον
919 4204 1049 4259 εἶναι
1114 4215 1215 4259 τῶν
1272 4206 1599 4259 οἰκειοτάτων
1653 4209 1742 4259 τὸν
1797 4226 1963 4280 χωρι-

353 4298 508 4367 σμόν.
571 4301 672 4348 Καὶ
717 4298 820 4368 γὰρ
874 4296 934 4347 ού
985 4298 1052 4348 τὰ
1100 4296 1236 4349 αύτά
1311 4293 1524 4348 ἀπαιτεῖ
1574 4296 1711 4367 ἡμᾶς
1763 4315 1817 4348 τε
1872 4300 1963 4348 καὶ

350 4388 477 4446 τοὺς
525 4390 793 4456 τυχόντας
838 4393 938 4437 τῶν
986 4384 1268 4460 ἀνθρώπων
1296 4387 1321 4437 ό
1355 4389 1565 4457 Κύριος.
1599 4388 1667 4437 Oi
1716 4388 1807 4458 μὲν
1861 4388 1961 4459 γαρ

2002 3175 2042 3230 C

2402 2088 2653 2191 Elpidio
2679 2121 2952 2190 episcopo
2991 2122 3418 2181 consolatoria.

2151 2240 2318 2295 Nunc
2348 2238 2613 2294 maxime
2637 2238 2906 2311 corporis
2933 2237 3346 2296 inﬁrmitatem
3378 2238 3745 2308 sentio,cum

2079 2343 2218 2385 eam
2240 2327 2414 2384 video
2444 2327 2591 2384 mihi
2620 2331 2935 2402 tantopere
2956 2328 3198 2384 obstare
3230 2329 3450 2387 animae
3480 2330 3744 2390 utilitati.

2082 2419 2139 2475 Si
2169 2418 2333 2474 enim
2381 2417 2530 2473 mihi
2567 2433 2662 2474 res
2711 2417 3105 2474 succederent
3150 2434 3225 2474 ex
3272 2420 3588 2490 sententia,
3618 2436 3746 2478 non

2078 2523 2189 2563 vos
2218 2522 2327 2579 per
2353 2506 2807 2579 litteras,neque
2827 2522 2937 2580 per
2956 2506 3360 2564 internuntios
3385 2507 3744 2582 alloquerer,

2082 2597 2190 2652 sed
2217 2597 2348 2669 ipse
2371 2612 2483 2668 per
2499 2612 2599 2652 me
2622 2600 2680 2652 et
2707 2596 3016 2653 charitatis
3040 2596 3417 2655 exsolvet-em
3444 2597 3744 2666 debitum,

2081 2690 2140 2741 et
2158 2686 2435 2742 cominus
2456 2685 2796 2758 perfruerer
2821 2685 3116 2758 spirituali
3142 2686 3747 2748 emolumento.Nnnc

2080 2778 2285 2831 autem
2305 2774 2387 2832 ita
2414 2790 2512 2831 me
2536 2774 2831 2844 habeo,ut
2845 2774 3145 2846 praeclare
3158 2790 3401 2832 mecum
3423 2776 3521 2847 agi
3536 2782 3745 2851 putem

2083 2864 2135 2920 si
2162 2864 2258 2920 vel
2281 2864 2343 2919 in
2373 2864 2571 2936 patria
2606 2868 2808 2921 motus
2829 2863 3124 2920 sustinere
3147 2865 3573 2938 possim,quos
3596 2867 3747 2924 mihi

2079 2969 2330 3010 necesse
2370 2958 2460 3010 est
2487 2957 2708 3009 nostra;
2738 2953 3021 3025 parmcim
3049 2969 3244 3027 pagos
3264 2954 3535 3014 visitanti
3562 2956 3747 3015 susci-

2081 3059 2242 3116 pere.
2276 3042 2391 3100 Sed
2421 3048 2479 3099 et
2507 3042 2680 3099 vobis
2710 3043 3004 3099 Dominus
3047 3042 3235 3100 robur
3272 3048 3329 3100 et
3375 3044 3749 3104 alacritatem

2081 3138 2140 3189 et
2167 3133 2315 3188 mihi
2344 3136 2560 3204 praeter
2607 3131 2899 3201 studium,
2932 3132 3101 3205 quod
3142 3149 3306 3189 nunc
3330 3134 3510 3207 309
3546 3134 3749 3192 habeo

2080 3222 2375 3292 largiatur
2404 3226 2462 3277 et
2484 3221 2665 3285 vires,
2698 3225 2784 3289 ut,
2816 3222 3343 3293 quemadmodum
3370 3239 3479 3280 vos
3512 3224 3742 3295 rogavi,

2081 3311 2187 3367 ﬁat
2210 3310 2358 3367 mihi
2390 3311 2567 3384 copia
2591 3311 2770 3368 vobis
2793 3310 3055 3377 fruendi,
3087 3327 3229 3369 cum
3258 3312 3319 3369 in
3349 3312 3504 3370 ﬁnes
3534 3314 3748 3372 Coma-

2080 3401 2250 3457 nicos
2279 3415 2523 3457 venero.
2548 3402 2743 3456 Metuo
2761 3404 2964 3456 autem
2989 3403 3103 3456 tuae
3123 3400 3419 3473 dignitati,
3446 3417 3525 3460 ne
3544 3407 3599 3460 te
3628 3402 3746 3460 do-

2079 3490 2366 3547 mesticus
2393 3489 2568 3546 dolor
2590 3489 3137 3561 interpellet.Didici
3163 3506 3432 3563 namque
3454 3490 3746 3551 afﬂictum

2077 3583 2134 3636 te
2166 3579 2354 3635 fuisse
2408 3578 2576 3636 ﬁlioli
2630 3578 2871 3635 interitu
2895 3579 3108 3650 rcujus
3154 3579 3482 3650 jacturam,
3507 3586 3576 3639 ut
3601 3597 3742 3647 avo,

2077 3669 2401 3726 molestam
2432 3668 2683 3742 quidem
2713 3685 2844 3725 esse
2873 3683 2986 3742 par
3002 3672 3132 3737 est;
3166 3669 3276 3726 sed
3297 3673 3364 3726 ut
3380 3670 3513 3727 viro
3542 3675 3742 3729 tantos

2072 3760 2202 3831 jam
2252 3760 2313 3815 in
2342 3758 2559 3814 virtute
2608 3773 2972 3831 progressus
3001 3758 3244 3831 adepto,
3277 3764 3334 3815 et
3360 3764 3740 3832 perspectam

2074 3847 2325 3904 habenti
2352 3863 2557 3904 rerum
2585 3847 2992 3903 humanarum
3025 3851 3308 3904 naturam
3336 3852 3467 3903 tum
3492 3864 3561 3905 ex
3591 3852 3741 3905 tem-

2076 3938 2237 4011 poris
2267 3938 2658 4010 experientia,
2682 3942 2812 3993 tum
2837 3954 2911 3993 ex
2942 3937 3238 4010 spirituali
3266 3938 3563 4009 doctrina,
3594 3956 3740 3997 con-

2076 4032 2434 4083 sentaneum
2467 4031 2557 4083 est
2582 4026 3023 4084 intolerabilem
3049 4043 3172 4084 non
3201 4043 3333 4084 esse
3351 4029 3739 4102 propinquis-

2075 4118 2371 4174 simorum
2415 4115 2907 4187 disjunctionem.
2934 4119 3064 4173 Non
3103 4117 3267 4173 enim
3309 4116 3470 4175 idem
3496 4135 3534 4176 a
3558 4118 3738 4176 nobis

2072 4207 2364 4263 Dominus
2389 4206 2678 4279 exposcit,
2708 4207 2876 4279 quod
2901 4222 2938 4264 a
2965 4207 3338 4280 quibuslibet
3359 4208 3733 4267 hominibus.

2074 4297 2138 4353 Hi
2196 4296 2357 4352 enim
2404 4295 2616 4352 vivunt
2655 4312 2730 4352 ex
2777 4296 3213 4353 consuetudine
3246 4313 3259 4350 :
3290 4296 3470 4354 nobis
3526 4301 3733 4355 autem

2069 4386 2315 4442 vivendi
2352 4385 2583 4457 regula,
2620 4386 2859 4442 Domini
2903 4392 3281 4458 praeceptum
3332 4402 3404 4443 ac
3431 4387 3735 4459 prmterita

358 4476 608 4546 συνηθείᾳ
657 4475 858 4543 ζῶσιν)
913 4477 1065 4547 ἡμεῖς
1114 4471 1174 4527 δὲ
1221 4479 1396 4527 κανόνι
1441 4483 1538 4534 τῆς
1587 4473 1850 4536 πολιτείας
1895 4482 1955 4547 τῇ

2079 4474 2388 4531 beatorum
2424 4474 2694 4531 virorum
2744 4474 3043 4548 exempla,
3075 4491 3341 4547 quorum
3366 4474 3730 4545 magnitudo

354 4558 528 4635 ἐντοὶῇ
580 4571 672 4615 τοῦ
729 4568 924 4640 Κυρίου
983 4565 1311 4637 κεχρήμεθα,
1349 4568 1440 4615 καὶ
1487 4570 1592 4623 τοῖς
1636 4563 1959 4635 προλαϐοῦσι

427 4707 540 4777 (80)
581 4714 678 4778 Δῷ.
710 4706 992 4764 Nonnulli
1012 4724 1156 4764 mss.
1193 4704 1331 4778 δῴη.

428 4779 546 4845 (81)
588 4777 1025 4851 'Anul).uyévrug.
1047 4782 1133 4835 Ita
1182 4779 1330 4835 Med.
1371 4782 1441 4851 et;
1474 4777 1630 4851 Harl.
1655 4793 1790 4851 quae
1829 4778 1962 4851 qui-

349 4848 495 4904 dem
527 4848 1080 4931 scriptura:_l_3asil_i_o
1100 4852 1320 4931 usitata
1337 4848 1758 4931 etfamiliaris,
1790 4848 1959 4931 seda

345 4921 787 4978 recentioribus
827 4921 1084 4978 librariis
1141 4922 1378 4978 videtur
1404 4921 1586 4977 fuisse
1615 4927 1848 4978 mutata
1895 4921 1957 4978 in

348 4990 759 5062 ἀπαλλαγεῖσιν,
785 4999 850 5049 ut
879 4993 1103 5050 habent
1126 4994 1293 5048 editi.

426 5064 540 5136 (8'2)
570 5061 834 5135 “Elmri‘itp
874 5064 1161 5136 ἐπισκόπῳ.
1196 5067 1362 5136 Hunc
1390 5063 1627 5136 titulum
1665 5062 1751 5136 sic
1777 5080 1956 5136 repo-

351 5135 614 5208 suimus.
654 5136 807 5208 quia
829 5136 891 5191 in
922 5137 1109 5191 tribus
1158 5135 1592 5208 antiquissimis
1646 5135 1957 5191 codicibus

349 5203 569 5280 legitur
598 5225 610 5261 :
635 5203 721 5280 Τῷ
750 5206 890 5277 αύτῷ
918 5203 1352 5280 πᾳραμνθητικῆς
1388 5208 1597 5280 Eidem
1627 5208 1957 5280 consolato-

350 5279 450 5349 νέα
488 5277 1074 5333 Ρνωοοάὶῑειυῐεωῖῠ
1099 5279 1191 5333 his
1217 5277 1529 5349 codicibus
1567 5277 1822 5349 epistola
1851 5283 1955 5333 205

354 5348 429 5403 ad
451 5349 733 5422 eumdem
753 5348 1531 5422 Elpidium.[)eestepisco_pi
1554 5348 1742 5422 voxin
1756 5350 1950 5405 editis.

355 5422 429 5473 At
453 5419 511 5474 in
534 5419 848 5476 codicibus
863 5424 993 5478 Vat.
1012 5427 1070 5476 et
1094 5419 1436 5488 Regprimo
1452 5420 1667 5488 legitur
1688 5424 1950 5476 tantum:

354 5494 798 5563 Παραμυθητική,
830 5494 1056 5548 omisso
1102 5490 1315 5563 Elpidii
1345 5492 1609 5563 nomine.
1641 5494 1705 5546 In
1748 5491 1955 5563 codice

354 5560 539 5637 [legio
570 5563 840 5637 secundo
862 5560 1249 5637 lautumiis—pg)
1280 5563 1436 5637 o'Juoiu
1465 5560 1548 5637 ἐπὶ
1579 5561 1790 5635 ἐκγόνου
1822 5561 1952 5637 ἀπο-

356 5631 501 5706 ϐολῇ,
528 5640 585 5690 et
604 5635 666 5690 in
688 5634 893 5692 codice
914 5631 1258 5691 Parisien'sis
1284 5631 1556 5690 Ecclesiae
1587 5652 1599 5688 :
1636 5631 1954 5706 Παραμυθη-

1992 4538 2034 4591 D

2070 4565 2258 4621 animi
2282 4563 2552 4621 adversis
2580 4564 2959 4637 temporibus
2982 4565 3251 4621 maxime
3281 4564 3588 4623 declarata
3616 4570 3727 4624 est.

2067 4712 2186 4779 τική
2219 4725 2322 4757 τινι
2360 4704 2443 4760 ἐπὶ
2487 4704 2696 4779 ἐκγόνου
2743 4704 2995 4779 ἀποϐολῇ⁸
3032 4705 3288 4779 Cuidam
3320 4707 3729 4766 consolatoria

2067 4778 2136 4834 ob
2157 4783 2406 4834 mortem
2434 4778 2681 4848 nepotis.
2710 4781 2926 4833 Praeter
2946 4777 3362 4833 auctoritatem
3394 4778 3727 4835 vetustissi-

2068 4865 2308 4923 morum
2355 4848 2852 4923 codicum,_tan_ta
2898 4853 2985 4923 est
3014 4848 3400 4923 necessitudo
3428 4850 3570 4906 huic
3599 4850 3727 4923 epi-

2068 4920 2235 4996 stolae
2265 4936 2408 4996 cum
2432 4919 2817 4996 prfecedenti,
2836 4922 2904 4974 ut
2926 4918 3183 4996 dubium
3203 4935 3491 4996 essenon
3511 4918 3723 4996 possit,

2065 4992 2225 5077 quin
2354 4990 3280 5077 Elpidium'episcopu‘m'scripta
3308 4991 3401 5051 sit.

2136 5066 2253 5138 (83)
2297 5062 2442 5114 Κατὰ
2470 5068 2614 5114 νοῦν.
2652 5062 2812 5138 Harl.
2836 5065 3000 5138 ausu
3020 5062 3163 5138 ῥοῦν.

2066 5204 2078 5216 ⁸
2139 5137 2250 5204 (84)
2291 5140 2670 5205 Πνευματικοῦ.
2699 5133 2851 5189 Editi
2882 5133 3119 5192 addunt
3145 5137 3331 5188 τούτου
3359 5135 3530 5210 quod
3554 5135 3725 5194 deest

2062 5221 2123 5261 ΙΙ]
2151 5222 2254 5260 SEX
2286 5221 2434 5259 IDSS.

2134 5279 2249 5346 (85)
2280 5278 2421 5350 Πρός
2458 5282 2520 5348 τῇ
2549 5271 2783 5350 σπουδῇ.
2819 5275 2906 5350 ita
2926 5280 3046 5333 tres
3072 5277 3461 5350 vetustissimi
3482 5276 3722 5350 codices

2063 5364 2202 5403 cum
2238 5346 2513 5421 pluribus
2554 5346 2911 5421 ﬁliiSJEditi
2953 5351 3080 5421 πρὸς
3108 5353 3202 5408 τὴν
3234 5346 3496 5408 σπουδὴν.
3536 5348 3721 5406 Paulo

2062 5426 2200 5491 post
2242 5417 2475 5494 ‘i_idem_
2496 5417 2674 5494 editi‘
2706 5417 3217 5493 πραγματεύσασθαι
3274 5423 3395 5494 ὑμῖν
3425 5461 3439 5477 .
3466 5422 3720 5494 ῨΝῼῩΘΠΙ

2063 5487 2209 5545 mss.
2262 5491 2388 5576 ἡμῖν
2446 5487 2712 5548 Subinde
2745 5487 2862 5547 'se'x'
2890 5507 3038 5547 mss.
3062 5497 3139 5565 μή·
3172 5511 3273 5545 που
3306 5487 3421 5545 ’σοί.
3464 5489 3616 5547 Editi
3642 5495 3714 5562 μή

2062 5581 2168 5622 πως
2198 5581 2301 5612 σοι.

2135 5636 2152 5655 ·
2183 5631 2343 5691 Alias
2374 5632 2735 5691 CCCXLVHI.
2764 5632 2996 5707 Scripta
3024 5648 3185 5692 anno
3216 5636 3340 5691 375.
