2076 3194
241 167 294 194 759

920 165 948 194 S.
970 165 1094 194 BASILll
1113 164 1238 195 MAGNI.

1879 166 1945 194 760

242 229 278 256 Ut
291 227 383 263 igitur
407 228 436 255 et
460 226 524 263 ipse
550 227 733 256 fortitudinis
747 235 783 256 ac
804 234 883 255 verae
896 226 936 255 ob
952 230 1070 263 sperata

1127 233 1179 255 τῶν
1203 229 1340 264 μακαρίων
1365 225 1467 265 ἀνδρῶν
1499 226 1713 264 ὑποδείγμασιν,
1739 227 1773 253 ὧν
1797 228 1827 254 τό
1850 237 1945 264 μεγα-

242 272 327 300 bona
337 272 430 300 animi
442 271 607 300 affectionis
618 272 791 309 exemplum
801 272 975 300 hominibus
987 272 1074 300 relin-

242 324 334 354 quas,
355 317 500 345 invictum
529 318 556 345 te
581 324 600 345 a
628 317 731 345 dolore
758 325 793 345 ac
821 316 956 345 molestis
980 317 1073 346 rebus

241 361 438 390 excelsiorem
467 361 587 396 exhibe,
607 362 725 398 patiens
756 362 788 390 in
818 361 988 396 afﬂictione,
1019 369 1072 398 spe

240 407 340 435 lautus.
352 406 466 435 Horum
487 406 589 443 itaque
617 406 691 434 nihil
715 409 870 443 speratum
897 406 987 435 nobis
1000 415 1072 435 con-

242 459 381 487 gressum
407 450 560 487 impediat.
584 450 751 479 lnt’antibus
777 458 912 487 namque
934 451 1006 480 satis
1028 453 1073 480 est

242 498 315 524 aetas
333 497 365 524 ut
379 495 524 531 inculpati
539 495 596 523 sint
612 503 619 523 :
636 503 692 523 nos
713 498 815 523 autem
835 495 984 524 debemus
997 503 1073 532 prae-

243 540 354 576 scripta
375 539 464 568 nobis
485 539 650 569 ministeria
664 540 793 568 Domino
817 540 968 574 exhibere,
981 542 1072 577 atque

241 585 273 613 in
283 584 426 612 omnibus
441 584 539 621 parati
554 587 583 613 et
596 584 727 622 expediti
742 593 808 613 esse
821 585 860 613 ad
874 585 1073 614 Ecclesiarum

242 628 547 664 administrationem,
558 630 645 665 cujus
665 637 779 664 magna.
794 630 920 666 prmmia
932 629 1073 658 ﬁdelibus

241 676 271 702 et
283 673 484 710 prudentibus
499 674 683 702 administris
699 675 844 702 Dominus
866 677 968 702 noster
979 683 1072 702 reser-

240 718 333 747 vavit.

1126 273 1218 309 λοφυες
1244 277 1292 304 τῆς
1321 270 1439 304 διανοίας
1464 271 1506 298 ἰπὶ
1533 276 1583 298 τῶν
1616 276 1807 310 περιστατικῶν
1832 277 1942 310 καιρῶν

1127 318 1245 355 μάλιστα
1260 316 1432 344 διεδείκνυτο.
1453 317 1510 344 Ἰνα
1537 316 1582 344 οὖν
1603 320 1648 344 καὶ
1674 317 1752 348 αὐτὸς
1780 316 1944 354 ὑπόδειγμα

1127 362 1248 400 ἀνδρείας
1261 364 1365 392 καὶιτῆς
1384 361 1426 389 ἐπὶ
1452 366 1506 393 τοῖς
1530 362 1705 399 ἐλπιζομένοις
1728 361 1851 392 ἀληθινῆς
1872 360 1944 389 δια-

1128 408 1222 438 Θέσιως
1237 407 1384 443 καταλίπῃς
1407 411 1443 442 τῷ
1464 406 1527 443 βίῳ,
1542 405 1626 439 δεῖξον
1651 408 1748 433 σαυτὸν
1760 409 1796 443 μὴ
1812 408 1942 443 καμπτό-

1126 461 1200 489 μενον
1217 456 1254 487 τῷ
1263 452 1352 487 πάθει,
1365 451 1419 478 ἀλλ’
1443 451 1603 488 ὑψηλότερον
1632 454 1694 478 ὄντα
1720 455 1770 478 τῶν
1795 451 1939 488 λυπηρῶν,

1126 500 1158 533 τῇ
1179 498 1224 533 μεν
1238 495 1324 532 θλίψει
1348 496 1490 533 ὑπομένων,
1505 500 1537 533 τῇ
1554 494 1584 523 δε
1598 494 1687 523 ἆλπίδι
1715 498 1827 533 χαίρων,
1838 494 1940 525 Μηδὲν

1126 539 1171 567 οὖν
1198 542 1294 568 τούτων
1320 543 1427 577 γένηται
1452 541 1561 577 κώλυμα
1585 542 1649 578 πρὸς
1680 542 1728 570 τὴν
1760 540 1940 577 ὶλπιζομένην

1127 586 1190 622 ἡμῖν
1222 588 1378 621 συντυχίαν.
1399 589 1462 617 Τοῖς
1495 587 1541 622 μὶν
1574 587 1626 622 γὰρ
1662 587 1766 617 νηπίοις
1799 585 1941 623 αὐτάρκης

1126 631 1141 659 ἡ
1171 629 1262 659 ἡλικία
1284 631 1349 666 πρὸς
1377 632 1406 657 τὸ
1431 629 1595 666 ἀνέγκλητον·
1621 632 1696 666 ἡμεῖς
1734 629 1764 657 δι
1790 630 1941 657 ὑπεύθυνοί

1127 675 1202 711 ἐσμεν
1218 676 1251 701 τὰ.
1276 673 1467 711 διατεταγμένα
1489 677 1551 712 ἡμῖν
1578 676 1714 712 ὑπηρετεῖν
1737 679 1771 710 τῷ
1799 677 1937 712 Δεσπότῃ,

1126 722 1171 745 καὶ
1194 720 1227 749 εἰς
1243 720 1328 745 πάντα
1344 721 1441 746 εὔθετοι
1467 720 1531 746 εἶναι
1554 725 1584 756 τῇ
1604 721 1739 757 οἰκονομίᾳ
1757 724 1808 747 τῶν
1823 719 1941 750 Ἐκκλη·

245 767 319 799 σιῶν,
337 761 367 794 ἧς
383 763 511 799 μεγάλους
525 765 585 795 τοὺς
599 764 713 800 μισθοὺς
726 767 780 795 τοῖς
794 767 896 794 πιστοῖς
911 766 955 790 καὶ
972 766 1103 801 φρονίμοις
1118 764 1263 800 οἰκονόμοις
1280 765 1398 801 όΚύριος
1415 766 1485 800 ἡμῶν
1501 765 1683 802 ἐταμιεύσατο.

512 826 681 854 EPlSTOLA
695 826 810 854 CCVII‘.

1407 830 1447 853 ΕΠ
1454 830 1575 853 ΙΣΤΟᾹΗ
1597 827 1650 854 ΣΖ’.

248 880 319 907 Cum
335 880 589 908 Neocaesarienscs
605 880 711 907 clerici
725 887 824 907 omnes
840 879 880 906 ad
900 887 990 906 unum
1005 879 1034 906 in
1050 879 1117 916 odio
1134 880 1247 907 Basilii
1260 887 1325 907 cum
1343 881 1478 915 episcopo
1491 888 1544 907 suo
1560 881 1785 916 consentirent;
1799 882 1939 911 Basilius

282 916 421 943 admonet
433 924 490 945 eos.
505 919 537 942 ut
550 924 586 943 ne
601 918 792 943 assententur
812 916 927 942 homini
938 922 1070 942 errorem
1091 915 1220 942 Sabeltii
1237 917 1401 948 inducenti,
1425 924 1498 944 neve
1509 918 1671 950 patiantur
1681 915 1830 951 populum
1843 918 1882 946 ab
1901 926 1940 947 eo

281 952 388 985 decipi.
405 952 430 978 Is
446 952 593 979 Basiliam
605 951 753 985 fut/iebat,
766 952 856 985 argui
869 954 1022 978 metuens:
1035 951 1149 978 somnia
1164 952 1184 985 fi

1188 953 1308 986 agebat,
1320 955 1352 978 ut
1371 952 1474 979 Basilii
1484 953 1654 980 doctrinam
1662 953 1860 987 persuaderet
1873 961 1942 983 esse

279 988 491 1021 perniciosam.
505 988 633 1014 Causam
652 987 715 1013 odii
726 991 859 1021 rogatus.
875 995 935 1013 non
952 987 1045 1013 aliam
1061 987 1206 1020 afferebat
1221 991 1332 1021 przcter
1351 988 1483 1021 psalmos
1499 991 1526 1015 et
1539 990 1660 1015 cantum
1678 996 1714 1016 ac
1735 991 1939 1018 monasticam

280 1024 371 1050 vitam
386 1031 468 1058 :qua'
479 1024 627 1054 instituta,
644 1023 777 1049 nondum
798 1030 827 1049 ιη
844 1023 1082 1049 Neocaesariensi
1102 1022 1238 1051 Ecclesia
1254 1028 1381 1057 recepta.
1403 1024 1544 1058 vigebant
1560 1025 1591 1051 in
1607 1024 1796 1052 Casariensi.
1811 1025 1940 1054 Utrum-

301 1066 336 1086 ue
346 1059 426 1086 illud
441 1059 612 1096 institutum
628 1059 762 1096 Basilius
773 1061 798 1085 et
811 1058 867 1096 sibi
878 1058 987 1085 honori
995 1065 1070 1096 esse,
1081 1061 1106 1085 et
1118 1058 1148 1096 in
1162 1059 1231 1096 aliis
1242 1059 1383 1096 Ecclesiz‘s
1395 1060 1494 1093 vigere
1503 1059 1698 1087 demonstrat.
1708 1060 1936 1096 Objicientibus,

301 1067 336 1086 ue
346 1067 425 1086 uiua
441 1067 612 1086 Insnllllllm
628 1067 762 1085 uasuzus
773 1067 797 1085 ει
811 1067 866 1085 ειοι
878 1067 985 1085 nonor:
1001 1067 1070 1089 esse,
1081 1067 1106 1085 et
1118 1067 1148 1084 ιη
1162 1067 1231 1086 aurs
1242 1067 1383 1086 nccteszzs
1395 1067 1494 1093 vigere
1503 1067 1698 1087 aemonstrat.
1708 1067 1936 1096 unﬁt-rentibus,

279 1067 351 1131 χωρ,
368 1102 428 1121 non
441 1094 537 1131 fuisse
553 1097 684 1128 tempore
706 1095 853 1131 Gregorii,
870 1093 1028 1127 respondet
1044 1100 1098 1120 nec
1124 1094 1248 1131 litanias
1261 1098 1333 1122 tunc
1355 1095 1459 1129 fuisse,
1475 1102 1527 1122 nec
1547 1096 1712 1130 quidquam
1720 1097 1787 1131 fere
1801 1104 1839 1125 ea:
1848 1097 1937 1125 illius

277 1130 425 1167 institutis
438 1130 522 1164 apud
542 1137 589 1157 eos
602 1137 765 1163 superesse.
779 1129 870 1167 Unde
889 1136 936 1156 eos
945 1131 1043 1167 monet
1054 1132 1087 1155 ut
1099 1129 1213 1167 trabem
1230 1138 1268 1158 ex
1277 1131 1373 1158 oculis
1389 1132 1450 1158 suis
1466 1129 1599 1166 ejiciant,
1613 1129 1649 1159 ac
1668 1129 1804 1160 heresim
1818 1133 1933 1167 vitem;

277 1166 417 1201 alioquin
434 1168 534 1193 tacere
549 1173 579 1193 se
593 1173 654 1193 non
668 1173 753 1200 posse
771 1166 803 1192 in
817 1167 904 1192 tanta
919 1165 1093 1192 animarum
1107 1166 1251 1199 pernicie.

419 1236 469 1263 Ad
489 1236 615 1264 clericos
630 1235 896 1263 Neocaesarienses.

279 1292 303 1317 l.
320 1290 492 1318 Consensus
515 1289 545 1317 in
570 1289 629 1316 mei
656 1289 736 1322 odio,
750 1291 779 1317 et
799 1289 882 1325 quod
913 1295 1018 1316 omnes
1035 1287 1074 1316 ad

240 1342 338 1362 unum
358 1334 426 1362 belli
450 1334 538 1362 nobis
558 1334 628 1361 illati
644 1334 752 1361 ducem
776 1333 947 1369 sequimini,
962 1333 1073 1361 suade-

240 1379 294 1407 bat
317 1379 403 1411 mihi,
423 1381 454 1406 ut
478 1387 550 1414 erga
574 1386 679 1406 omnes
697 1378 808 1414 pariter
828 1379 1072 1410 conticescerem,

240 1431 340 1459 neque
368 1423 458 1451 amici
485 1424 597 1459 scripti,
614 1426 665 1450 aut
694 1423 783 1450 ullius
808 1422 949 1458 colloquii
973 1430 1072 1450 essem

239 1468 385 1504 inceptor,
402 1468 454 1496 sed
470 1468 500 1496 in
523 1468 640 1495 silentio
660 1475 822 1495 maerorem
844 1475 948 1495 meum
963 1475 1072 1495 conco-

239 1521 375 1549 querem.
388 1513 445 1541 Sed
466 1513 538 1549 quia
557 1512 718 1540 calumniae
734 1512 851 1540 silentio
874 1520 934 1540 non
949 1514 1071 1547 praeter-

239 1556 402 1590 mittendae,
419 1564 480 1584 non
495 1558 527 1585 ut
544 1556 780 1584 contradicendo
800 1565 856 1584 nos
869 1556 927 1592 ipsi
944 1556 1070 1584 ulcisca-

237 1608 316 1635 mur,
329 1601 380 1628 sed
394 1609 431 1628 ne
448 1601 642 1629 mendacium
656 1601 798 1637 progredi
813 1604 841 1629 et
851 1601 991 1637 deceptos
1002 1601 1071 1629 liedi

237 1646 611 1681 patiamur,necessarium
626 1646 726 1673 visum
743 1650 786 1674 est
796 1646 853 1674 hoc
868 1646 960 1674 etiam
976 1646 1071 1674 omni-

236 1689 295 1718 bus
305 1693 517 1726 proponere,et
527 1691 694 1726 prudentiae
706 1694 812 1718 vestrae
822 1691 1070 1727 scribere,quam—

236 1734 282 1762 vis
297 1742 367 1762 cum
383 1742 480 1770 nuper
499 1735 552 1762 toti
569 1735 757 1771 presbyterio
785 1736 986 1764 communiter
1001 1736 1070 1764 scri-

236 1778 374 1814 psissem,
391 1779 477 1807 nulla
487 1788 534 1807 me
547 1780 744 1815 responsione
764 1780 879 1815 dignati
891 1781 963 1808 sitis.
977 1781 1070 1808 Nolite

237 1824 393 1855 assentari,
409 1823 628 1860 fratres,iis,qui
646 1833 742 1860 prava
753 1825 899 1860 dogmata
911 1826 939 1853 in
952 1826 1071 1854 animos

236 1871 353 1896 vestros
369 1868 517 1896 inducunt
531 1878 537 1895 :
554 1877 651 1905 neque
677 1869 831 1905 despicite,
850 1870 923 1897 dum
939 1870 1070 1906 populus

237 1912 298 1944 Dei,
313 1912 402 1940 vobis
428 1913 602 1944 scientibus,
619 1914 708 1948 310
736 1921 789 1949 per
813 1914 906 1950 impia
926 1914 1071 1949 dogmata

237 1956 431 1985 subvertitur.
457 1957 605 1985 Sabellius
631 1958 700 1985 Afer
724 1960 752 1986 et
776 1958 929 1986 Marcellus
955 1959 1068 1995 Galata,

237 2000 293 2028 soli
303 2008 340 2029 ex
351 2001 495 2029 omnibus
506 2009 541 2029 ea
554 2002 620 2030 ausi
636 2005 706 2030 sunt
716 2005 745 2030 et
754 2003 874 2037 docere,
887 2006 915 2032 et
928 2004 1069 2038 scribere,

237 2052 307 2081 quae
327 2053 408 2073 nunc
424 2046 506 2081 apud
519 2054 586 2079 vos,
602 2045 683 2074 velut
708 2055 764 2074 sua
786 2047 922 2083 ipsorum
937 2048 1069 2083 inventa,

238 2089 371 2125 proferre
382 2090 600 2124 aggrediuntur
608 2090 712 2126 populi
724 2091 934 2126 duces,lingua
946 2095 1071 2128 perstre-

235 2137 355 2170 pentes,
371 2134 424 2162 sed
444 2142 481 2162 ne
503 2134 774 2162 verisimilitudinis
798 2136 921 2171 quidem
938 2136 1070 2165 colorem

237 2178 285 2206 his
314 2179 394 2207 tricis
422 2182 449 2207 et
466 2179 707 2207 cavillationibus
736 2180 849 2208 illinere
877 2181 1020 2210 valentes.
1037 2183 1071 2211 Hi

238 2223 332 2251 fanda
347 2226 437 2260 atque
453 2223 586 2251 nefanda
598 2225 628 2251 in
641 2232 698 2252 nos
713 2225 972 2260 concionantur,et
987 2227 1071 2254 omni

238 2267 333 2296 modo
365 2276 566 2303 congressum
595 2271 731 2296 nostrum
755 2269 917 2298 declinant.
940 2272 1070 2303 Quamo-

238 2312 341 2341 brem?
353 2314 456 2341 Nonne
467 2313 540 2349 quia
549 2313 654 2342 timent
663 2322 700 2341 ne
712 2315 748 2342 de
760 2315 861 2350 pravis
873 2316 934 2343 suis
945 2316 1070 2351 dogma-

238 2356 320 2385 tibus
333 2357 518 2392 arguantur?
528 2357 560 2385 Hi
570 2357 709 2386 videlicet
718 2366 753 2386 eo
765 2366 861 2394 usque
871 2359 1068 2395 impudentiae

240 2404 346 2430 contra.
359 2410 415 2430 nos
431 2402 579 2430 devenere
594 2405 626 2430 ut
641 2405 669 2430 et
679 2403 797 2431 somnia
813 2404 956 2439 quaedam
970 2405 1002 2432 in
1013 2413 1069 2434 nos

276 2465 286 2476 '
301 2463 381 2492 Alias
395 2465 485 2492 LXIII.
502 2464 618 2500 Scripta
632 2472 713 2492 anno
729 2467 791 2494 375.

277 2501 332 2536 (86)
353 2500 427 2536 Κατ-ᾇ
444 2502 658 2536 Νιοκαισάρειαν.
676 2501 717 2528 lta
749 2509 823 2529 mss.
848 2503 906 2529 tres
931 2503 1068 2531 vetustis-

241 2535 309 2563 simi
319 2542 390 2562 cum
400 2535 520 2563 duobus
535 2535 633 2570 Regiis
648 2539 676 2563 et
691 2537 775 2564 Coisl.
793 2538 937 2566 secundo.
955 2539 1026 2567 Male
1038 2540 1068 2567 in

240 2569 329 2610 editis
342 2572 409 2610 κατεὶς
433 2571 645 2610 Νεοκαισαρείας.
662 2573 822 2610 Non_enim
838 2573 880 2601 sic
895 2573 978 2610 loqui
994 2575 1070 2603 solet
1085 2574 1106 2601 D

241 2605 452 2642 Basilius.Post
466 2614 524 2642 ope
535 2605 667 2635 veterum
684 2607 824 2636 codicum
838 2605 1069 2638 emendavimus

239 2641 324 2678 quod
354 2641 458 2679 minus
488 2641 630 2669 accurate
664 2643 808 2679 scriptum
843 2647 907 2672 erat
930 2646 959 2673 in
982 2646 1068 2674 editis

239 2677 335 2714 μέχρις
350 2677 404 2708 ἑνός
419 2680 447 2705 et
469 2682 556 2704 πεσεῖν
579 2680 625 2707 τὴν
652 2677 766 2714 ἐμαυτοῦ
790 2679 884 2709 λύπην.
902 2682 932 2708 ln
948 2681 1068 2710 duobus

238 2713 354 2753 tamen“
364 2713 582 2753 recentioribus
607 2713 681 2753 mss.
695 2717 726 2753 et
744 2715 773 2753 in
789 2716 972 2744 editionibus
993 2719 1066 2753 llag.

240 2751 269 2775 et
281 2747 366 2776 Basil.
382 2748 490 2783 legitur
504 2751 620 2776 πέσσειν.
638 2750 732 2778 Paris.
747 2752 763 2778 2
773 2753 887 2778 πίπτειν.

276 2784 335 2821 (s7)
350 2786 424 2821 nea;
434 2786 484 2821 frag
499 2783 622 2815 διαϐολὰς
636 2788 672 2821 μή
689 2786 826 2821 Quinque
858 2786 977 2815 codices
1004 2796 1066 2817 non

239 2817 441 2853 antiquissimi
460 2823 527 2856 μήτε
549 2817 677 2858 πρὸςίτάς
699 2817 834 2853 διαϐολάς.
847 2823 893 2851 Ne
906 2823 1067 2853 calumnia

1218 1240 1278 1267 Τοῖς
1297 1238 1364 1263 κατά
1383 1238 1589 1274 Νεοκαισάρειαν
1611 1239 1666 1273 (86)
1687 1238 1834 1276 κληρικοῖς,

1166 1292 1189 1317 1.
1206 1289 1234 1316 ’Π
1264 1292 1308 1326 μὲν
1335 1293 1472 1327 συμφωνία
1501 1294 1548 1317 τοῦ
1577 1291 1634 1317 καθ’
1663 1293 1736 1328 ἡμῶν
1765 1294 1868 1329 μίσους,
1881 1295 1926 1320 καὶ

1128 1335 1157 1360 τό
1184 1337 1277 1372 μέχρις
1310 1336 1364 1366 ἐνὸς
1388 1337 1483 1366 πάντας
1512 1336 1692 1366 ἀκολουθῆσαι
1717 1341 1754 1372 τῷ
1784 1341 1929 1374 προεστῶτι

1127 1383 1174 1405 τοῦ
1188 1380 1247 1405 καθ’
1266 1381 1339 1416 ἡμῶν
1365 1380 1489 1416 πολέμου,
1501 1382 1586 1407 ἔπειθέ
1604 1391 1636 1417 με
1651 1382 1748 1417 ὁμοίως
1774 1381 1928 1419 ἁποσιωπᾷν

1126 1426 1190 1460 πρὸς
1223 1424 1357 1458 ἅπαντας,
1383 1427 1428 1451 καὶ
1456 1428 1522 1462 μήτε
1549 1428 1703 1463 γράμματος
1734 1426 1837 1463 φιλικοῦ
1863 1429 1931 1464 μήτε

1127 1471 1196 1499 τινος
1225 1469 1327 1505 ὁμιλίας
1341 1471 1495 1507 κατάρχειν,
1511 1470 1565 1496 ἀλλ’
1592 1470 1616 1496 ἐν
1635 1472 1742 1507 ἡσυχία
1760 1473 1861 1498 πέττειν
1881 1473 1930 1502 τὴν

1127 1512 1239 1549 ἐμαυτοῦ
1264 1513 1357 1543 λύπην-
1386 1513 1475 1543 ἐπειδὴ
1505 1513 1534 1540 δε
1559 1517 1613 1552 χρὴ
1636 1517 1702 1551 πρὸς
1733 1516 1778 1546 τὰς
1804 1514 1931 1547 διαϐολὰς

1126 1559 1161 1593 μὴ
1193 1559 1249 1593 (87)
1285 1558 1450 1594 ἀποσιωπᾷν,
1479 1559 1531 1595 οὐχ
1566 1560 1607 1585 ἵνα
1641 1558 1687 1586 διά
1718 1564 1766 1591 τῆς
1799 1559 1932 1597 ἁντιλγίας

1126 1603 1195 1638 ἡμᾶς
1221 1603 1315 1634 αὐτοὺς
1347 1602 1500 1639 ἐκδικώμεν,
1528 1603 1583 1629 ἀλλ’
1611 1605 1653 1630 ἱνα
1674 1606 1710 1640 μὴ
1745 1608 1930 1642 συγωχρὴσω-

1126 1656 1170 1683 μεν
1202 1646 1365 1677 εὐοδωϐῆναι
1391 1652 1426 1683 τῷ
1454 1647 1556 1683 ψεύδει,
1589 1651 1634 1675 καὶ
1658 1651 1716 1679 τοὺς
1748 1650 1931 1686 ἠπατημένους

1126 1695 1161 1728 μὴ
1197 1692 1326 1729 ἐναφῶμεν
1351 1698 1382 1730 τῇ
1407 1693 1505 1729 βλάϐη,
1535 1695 1675 1730 ἀναγκαῖον
1700 1694 1778 1730 ἐφάνη
1808 1705 1854 1732 μοι
1882 1697 1929 1722 καὶ

1125 1741 1202 1763 τοῦτο
1222 1739 1356 1775 προθεῖναι
1378 1742 1433 1769 τοῖς
1458 1741 1543 1772 πᾶσι,
1560 1742 1605 1765 καὶ
1632 1738 1776 1766 ἐπιστεῖλαι
1800 1740 1871 1776 ὑμῶν
1894 1743 1926 1777 τῇ

1127 1784 1238 1815 συνέσει,
1262 1783 1284 1809 εἰ
1303 1785 1357 1816 καὶ,
1375 1783 1415 1809 ὁτι
1439 1785 1528 1820 πρώην
1557 1788 1628 1821 κοινῇ
1649 1786 1727 1811 παντὶ
1755 1787 1792 1820 τῷ
1815 1784 1928 1822 πρεσϐυ-

1661 1830 1732 1865 ὐμῶν
1767 1828 1928 1866 ἀποκρίσεως

1125 1871 1320 1906 ἠξιώθην(88).
1349 1874 1391 1901 Μὴ
1422 1873 1580 1905 κολακεύετε,
1608 1874 1627 1899 ὦ
1652 1872 1777 1910 ἀδελφοὶ,
1803 1876 1865 1905 τοὺς
1894 1875 1928 1901 τὰ

1125 1829 1200 1863 τερίῳ
1242 1827 1368 1864 γράψας,
1397 1826 1523 1864 οὐδεμιᾶς
1558 1829 1621 1865 παρ’

1125 1917 1226 1952 πονηρὰ
1245 1915 1367 1952 δόγματα
1389 1921 1447 1948 ταῖς
1470 1917 1572 1954 ψυχαῖς
1603 1919 1673 1954 ὑμῶν
1689 1918 1841 1954 ἐπάγοντας
1857 1916 1928 1955 μηδι

1125 1959 1307 1991 καταδέξησθε
1332 1965 1454 1998 περιορᾴν
1485 1961 1508 1988 ἐν
1537 1965 1633 1998 γνώσει
1659 1962 1771 2000 ὑμετέρᾳ
1797 1964 1841 1989 τὸν
1865 1962 1928 1990 λαὸν

1124 2008 1169 2030 τοῦ
1189 2009 1256 2032 Θεοῦ
1283 2004 1330 2031 διὰ
1352 2010 1402 2032 τῶν
1429 2006 1526 2032 ἀσεϐῶν
1551 2005 1724 2043 διδαγμάτων
1749 2009 1928 2043 καταστρεφό-

1125 2059 1210 2085 μενον.
1240 2049 1372 2081 Σαϐίλλιος
1398 2051 1411 2076 ὁ
1439 2051 1520 2082 Λίϐυς
1546 2053 1590 2077 καὶ
1613 2051 1788 2087 Μάρκελλοςὸ
1811 2051 1928 2083 Γαλάτης

1125 2097 1200 2130 μόνοι
1226 2094 1253 2120 ἐκ
1279 2096 1379 2122 πάντων
1405 2095 1551 2132 ἐτόλμησαν
1575 2098 1617 2122 καὶ
1639 2094 1750 2128 διδάξαι
1769 2100 1852 2123 ταῦτα
1881 2099 1928 2124 καὶ

1124 2138 1237 2176 γράψαι,
1253 2139 1317 2177 ἅπερ
1346 2143 1390 2166 νῦν
1419 2141 1480 2177 παρ’
1508 2141 1579 2177 ὑμῖν,
1604 2141 1640 2171 ὡς
1665 2139 1725 2167 ἴδια
1752 2141 1835 2168 ἐαυτῶ
1859 2140 1928 2178 εὖρό-

1125 2193 1218 2219 ματα,
1247 2183 1415 2220 ἐπιχειροῦσι
1447 2187 1582 2222 προφέρειν
1611 2186 1636 2211 οἱ
1659 2186 1852 2222 καθηγούμενοι
1879 2188 1926 2212 τοῦ

1124 2227 1187 2254 λαοῦ
1201 2249 1208 2261 ,
1230 2227 1418 2265 βαμϐαίνοντες
1439 2231 1493 2263 (89)
1521 2234 1551 2266 τῇ
1584 2229 1714 2267 γλώσσῃ,
1736 2233 1781 2256 καὶ
1806 2229 1869 2257 οὒδὶ
1892 2230 1926 2262 εἰς

1124 2274 1235 2302 πιθανὴν
1254 2277 1419 2303 κατασκευὴν
1446 2275 1518 2311 οἴγειν
1534 2276 1590 2310 (90)
1610 2276 1643 2301 τὰ
1665 2278 1818 2312 σοφίσματα
1843 2279 1926 2303 ταῦτα

1123 2320 1169 2344 καὶ
1185 2320 1243 2349 τοὺς
1257 2318 1472 2355 παραλογισμοὺς
1492 2319 1670 2356 ἐξαρκοῦντες.
1691 2318 1771 2346 Οὗτοι
1789 2321 1859 2358 {mra
1879 2321 1925 2347 καὶ

1123 2362 1227 2399 ἄρρητα
1241 2363 1299 2389 καθ’
1312 2364 1384 2399 ἡμῶν
1404 2362 1601 2400 δημηγοροῦσι,
1615 2366 1659 2390 καὶ
1673 2366 1759 2391 πάντα
1773 2367 1868 2402 τρόπον
1879 2365 1924 2395 τὰς

1125 2410 1271 2443 συντυχίας
1295 2410 1367 2444 ἡμῶν
1396 2407 1552 2434 ἐκκλίνουσι.
1575 2411 1649 2439 Τίνος
1670 2409 1772 2444 iam“;
1793 2410 1866 2446 Οὐχὶ
1880 2412 1923 2438 τὸν

1123 2469 1243 2505 quidem
1257 2470 1377 2498 silentio
1399 2472 1679 2504 praetermittenda.
1695 2473 1764 2500 Post
1786 2472 1924 2502 nonnulli

1123 2505 1244 2544 codices
1269 2506 1450 2544 recentiores
1481 2508 1635 2544 προσθεῖναι
1661 2512 1715 2539 τοῖς
1742 2511 1831 2538 πᾶσι.
1859 2509 1925 2538 Hoc

1123 2542 1212 2569 etiam
1229 2542 1365 2568 omnibus
1379 2542 1500 2570 addere.

1160 2577 1217 2614 (ξς-8)
1237 2577 1376 2614 Γράψᾳς...
1409 2578 1546 2609 ἠξιώθην.
1573 2580 1614 2606 lta
1641 2581 1701 2607 tres
1729 2580 1924 2610 vetustissimi

1123 2612 1259 2651 codices;
1271 2613 1344 2640 Editi
1362 2613 1543 2651 γράψαντες...
1555 2614 1712 2651 ἠξιώθημεν.

1160 2649 1216 2687 t8?)
1239 2649 1410 2686 Προφέρεινζ..
1437 2649 1633 2687 βαμϐαίνοντες.
1652 2649 1693 2679 ita
1726 2651 1817 2687 Harl,
1833 2651 1920 2686 Med.,

1123 2683 1212 2711 Coisl.
1229 2683 1354 2724 litesque
1379 2683 1448 2713 cum
1475 2683 1569 2713 tribus
1598 2687 1705 2722 Regiis.
1721 2683 1920 2724 Εᾱὶῐὶπροσφόἐ

1121 2728 1209 2755 ρειν...
1228 2718 1422 2755 βομϐάίνοντες.

1158 2755 1331 2795 (90)..ξΑςκειν.
1345 2758 1463 2795 Matres
1473 2757 1666 2795 yetustissimi
1680 2758 1800 2787 codices
1812 2767 1820 2793 ;
1835 2759 1919 2795 quin-

1121 2798 1180 2827 que
1194 2790 1243 2819 alii
1260 2791 1375 2827 ἀγαγεῖν.
1389 2792 1465 2820 Edlti
1476 2791 1620 2829 έξαγαγεὶν.
