4152 6374
276 325 390 382 76!

1284 323 1769 381 EPISTOLARUM
1807 322 2088 382 CLASSIS
2127 329 2174 384 ll
2213 330 2426 390 EPIST.
2468 335 2665 393 CCVII.

3558 353 3664 407 762

281 448 379 502 ἐπὶ
410 453 520 510 τοῖς
548 453 797 522 πονηροῖς
824 442 1086 521 δόγμασιν
1113 446 1306 500 έαυτῶν
1331 447 1416 509 (91
1451 447 1666 521 ἔλεγχον
1696 448 1902 521 ὑφορώ-

2014 455 2573 528 comminiscantur,
2606 461 2945 522 doctrinam
2988 470 3262 526 nostram
3284 472 3348 526 ut
3373 472 3668 544 pernicio-

281 554 477 612 μενοι;
513 538 580 589 Οἶ
607 557 667 609 γε
706 536 790 590 ἐπὶ
839 544 1089 590 τοσοῦτον
1144 540 1291 610 ἡμῶν
1344 542 1898 611 κατηναισχύντησαν,

283 630 431 680 ὥστε
460 631 551 678 καὶ
582 625 806 699 ὀνείρους
833 630 997 694 τινας,
1045 625 1118 699 ἐφ’
1155 629 1294 700 ἡμᾶς
1327 626 1656 700 συμπλάσαι,
1688 624 1903 681 διαϐάλ-

280 716 465 779 λοντες
516 716 665 790 ἡμῶν
719 713 814 777 τοὶς
867 711 1238 786 διδασκαλίας,
1284 719 1348 777 ὡς
1379 715 1670 793 βλαϐεράς·
1704 716 1774 788 οἱ,
1806 717 1902 771 κᾶν

280 808 465 859 πάντα
486 807 551 857 τὰ
570 813 671 857 τῶν
693 804 996 878 φυλλοχόων
1012 813 1188 878 μηνῶν
1209 808 1554 879 φαντάσματα
1572 815 1689 868 ταῖς
1708 806 1902 860 ἑαυτῶν

280 894 534 968 κεφαλαῖς
555 890 933 967 ὑποδέξωνται,
960 891 1209 969 οὐδεμίαν
1228 897 1353 969 ἡμῖν
1378 894 1719 970 βλασφημίαν
1744 895 1778 950 δ
1782 904 1903 957 wri-

285 1005 479 1040 σονται
534 984 992 1062 προστρίψασθαι,
1054 984 1252 1040 πολλῶν
1310 990 1466 1039 ὄντων
1523 996 1623 1039 τῶν
1663 991 1777 1061 (92)
1826 989 1901 1063 ἐφ’

282 1075 523 1136 ἑκάστης
548 1074 860 1135 Ἐκκλησίας
890 1078 1292 1150 μαρτυρούντων
1317 1084 1379 1150 τῇ
1411 1074 1648 1150 ἀληθεία.

366 1169 423 1223 2.
466 1163 571 1218 Κᾶν
612 1168 707 1222 τὴν
752 1163 925 1217 αἰτίαν
966 1163 1272 1241 ἐρωτηθῶσι
1316 1173 1407 1219 τοῦ
1448 1165 1745 1240 ἀκηρύκτου
1784 1170 1902 1221 τού-

284 1274 390 1308 του
419 1260 510 1307 καὶ
539 1250 809 1307 ἀσπόνδου
835 1253 1339 1328 πολεμοίη-ψαλμοὺς
1361 1254 1575 1327 λέγουσι
1596 1262 1686 1310 καὶ
1709 1263 1900 1332 τρόπον

287 1340 560 1418 μελῳδίας
600 1349 699 1406 τῆς
735 1343 860 1417 παρ’
890 1344 1011 1416 ύμῖν
1045 1344 1154 1416 (93)
1198 1350 1578 1418 κεκρατηκυίας
1626 1348 1900 1409 συνηθείας

288 1433 745 1509 παρηλλαγμένον,
775 1437 867 1486 καὶ
894 1435 1111 1487 τοιαῦτά
1134 1453 1272 1503 τινα,
1314 1433 1388 1507 ἐφ’
1419 1436 1493 1496 οἷς
1522 1435 1689 1511 ἐχρῆν
1711 1436 1900 1500 αὐτούς

289 1522 731 1595 ἐγκαλύπτεσθαι.
766 1522 1155 1596 Ἐγκαλούμεθα
1202 1520 1280 1595 δὲ,
1323 1526 1402 1577 ὅτι
1456 1529 1547 1577 καὶ
1595 1523 1900 1599 ἀνθρωπους

285 1615 485 1687 ἔχομεν
537 1619 634 1674 τῆς
700 1610 959 1673 εὐσεϐείας
1015 1610 1290 1676 ἁσκητὰς,
1350 1612 1769 1687 ἀποταξαμένους
1825 1622 1897 1686 τῷ

282 1706 497 1775 κόσμῳ,
524 1705 615 1753 καὶ
642 1703 846 1764 πάσαις
884 1708 995 1762 ταῖς
1025 1700 1301 1774 βιωτικαῖς
1330 1709 1619 1777 μερίμναις,
1652 1701 1713 1765 ἆς
1744 1702 1896 1756 ἀκάν-

284 1793 413 1851 θαις
443 1790 749 1864 παρεικάζει
774 1791 800 1843 ὀ
845 1794 1057 1865 Κύριος,
1086 1791 1157 1853 εὶς
1194 1797 1549 1869 καρποφορίαν
1589 1792 1750 1846 ἐλθεῖν
1778 1795 1894 1865 (94)
1927 1807 1967 1861 Β

276 1884 378 1935 τὸν
403 1880 556 1952 λόγον
582 1885 655 1954 μὴ
691 1884 1124 1955 συγχωρούσαις.
1152 1884 1219 1935 Οἱ
1243 1890 1468 1936 τοιοῦτοι
1494 1887 1587 1942 τὴν
1615 1888 1898 1957 νεκρότητα

279 1979 382 2025 τοῦ
404 1970 583 2029 Ἰησοῦ
616 1970 667 2023 έν
696 1979 769 2043 τῷ
803 1976 1010 2043 σώματι
1037 1976 1374 2046 περιφέρουσι
1401 1992 1415 2006 θ
1445 1977 1535 2025 καὶ
1565 1975 1780 2048 ἄραντες
1809 1978 1895 2027 τόν

286 2061 487 2114 ἑαυτῶν
518 2064 769 2135 σταυρόν,
799 2061 1010 2114 ἕπονται
1055 2069 1126 2132 τῷ
1159 2070 1292 2134 Θεῷ.
1323 2061 1453 2135 Ἐγὼ
1499 2060 1558 2116 δὲ
1609 2067 1799 2126 παντὸς
1834 2064 1895 2116 ἂν

287 2154 623 2224 τιμησαίμην
649 2158 742 2203 τοῦ
768 2149 997 2224 ἐμαυτοῦ
1030 2149 1173 2224 βίον,
1208 2150 1308 2225 ἐμὰ
1332 2151 1462 2205 εἶναι
1490 2155 1557 2205 τὰ
1587 2150 1898 2227 ἀδικήματα

283 2248 474 2304 ταῦτα,
535 2244 628 2293 καὶ
692 2243 834 2312 ἔχειν
895 2236 1095 2315 ἄνδρας
1156 2242 1279 2316 παρ’
1336 2240 1565 2315 ἐμαυτῷ,
1632 2243 1722 2296 ὑπ’
1782 2243 1897 2317 ἐμοὶ

286 2327 625 2403 διδασκάλῳ,
657 2334 751 2390 τὴν
781 2331 1014 2389 ἄσκησιν
1044 2334 1240 2389 ταύτην
1262 2332 1648 2407 προελομένους.
1689 2340 1797 2387 Νῦν
1838 2330 1898 2388 δὲ

282 2420 338 2475 ἄν
365 2421 617 2493 Αἰγύπτῳ
648 2423 739 2493 μεν
780 2418 953 2473 ἀκούω
993 2424 1236 2479 τοιαύτην
1287 2421 1416 2476 εἶναι
1445 2421 1647 2499 ἀνδρῶν
1675 2423 1861 2500 ἀρετήν
1883 2445 1895 2460 ³

281 2516 381 2565 καὶ
406 2513 554 2583 τάχα
580 2513 713 2573 τινες
746 2515 838 2563 καὶ
877 2509 960 2563 ἐπὶ
996 2519 1093 2572 τῆς
1140 2511 1498 2575 Παλαιστίνης
1534 2518 1629 2572 τὴν
1679 2517 1815 2567 κατὰ
1838 2516 1897 2568 τὸ

286 2600 605 2672 Εύαγγελιον
662 2598 923 2653 πολιτείαν
974 2602 1344 2674 κατορθοῦσιν.
1387 2601 1589 2655 Ἀκούω
1645 2599 1705 2657 δὲ
1759 2624 1899 2665 τινας

292 2693 389 2742 καὶ
419 2688 503 2741 ἐπὶ
531 2697 625 2751 τῆς
650 2692 828 2750 Μέσης
857 2697 957 2743 τῶν
978 2698 1223 2763 ποταμῶν
1248 2689 1468 2753 τελείους
1497 2696 1587 2745 καὶ
1610 2699 1899 2766 μακαρίους

296 2774 524 2851 ἄνδρας.
574 2776 749 2850 Ἡμεῖς
803 2775 863 2832 δὲ
927 2776 1117 2844 παῖδές
1174 2779 1325 2854 ἐσμεν
1381 2785 1511 2855 πρός
1559 2801 1619 2854 γε
1666 2786 1761 2841 τὴν
1798 2790 1898 2835 τῶν

296 2866 503 2920 τελείων
534 2869 824 2940 σύγκρισιν.
857 2868 918 2922 Εἰ
943 2865 1003 2921 δὲ
1026 2873 1117 2922 καὶ
1160 2878 1400 2941 ’γυναῖκες
1431 2870 1775 2943 εύαγγελικῶς
1803 2872 1899 2945 ζῇν

296 2955 655 3030 προελόμεναι,
687 2960 966 3033 παρθενίαν
1014 2962 1105 3032 μὲν
1153 2961 1328 3033 γάμου
1376 2969 1732 3034 προτιμῶσαι,
1768 2958 1899 3014 δου-

294 3045 632 3117 λαγωγοῦσαι
679 3048 793 3116 (95)
838 3044 897 3100 δὲ
944 3051 1002 3101 τό
1052 3053 1290 3125 φρόνημα
1322 3058 1415 3111 τῆς
1466 3053 1679 3126 σαρκὸς,
1722 3055 1812 3103 καὶ
1852 3051 1899 3103 ἐν

289 3126 468 3189 πένθει
495 3136 665 3197 ζῶσαι
693 3144 766 3208 τῷ
797 3137 1219 3211 μακαριζομένῳ,
1250 3141 1510 3214 μακάριαι
1531 3147 1621 3200 τῆς
1649 3142 1900 3215 προαιρέ-

289 3244 447 3295 σεως,
480 3226 610 3278 ὅπου
643 3225 704 3277 ἂν
736 3224 836 3278 ὦσι
872 3234 964 3287 τῆς
1001 3236 1117 3299 γῆς.
1151 3231 1304 3302 Παρὰ
1350 3224 1409 3282 δὲ
1438 3231 1563 3301 ἡμῖν
1595 3228 1705 3300 (96)
1737 3231 1904 3304 μικρὰ

288 3321 485 3371 ταῦτα.
521 3318 912 3387 στοιχουμένων
953 3317 1029 3367 ἔτι
1075 3320 1166 3368 καὶ
1224 3316 1570 3389 εἰσαγομένων
1626 3320 1757 3391 πρὸς
1808 3322 1902 3377 τὴν

290 3402 584 3459 εὐσέϐειαν.
617 3404 679 3458 Εἰ
709 3401 743 3457 δ
748 3408 771 3456 ἐ
807 3424 925 3456 τινα
950 3403 1209 3478 ἀκοσμίαν
1240 3413 1312 3477 τῷ
1344 3405 1448 3480 βίῳ
1493 3414 1591 3458 τῶν
1644 3415 1902 3478 γυναικῶν

291 3491 649 3568 ἐπιφέρουσιν,
701 3491 1075 3566 ἀπολογεῖσθαι
1116 3498 1207 3568 μὲν
1246 3496 1373 3569 ὑπὲρ
1422 3494 1590 3547 αὐτῶν
1644 3495 1703 3547 ού
1732 3514 1902 3547 κατα-

1933 3159 1973 3215 C

294 3579 560 3655 δέχομαι’
593 3581 753 3635 ἐκεῖνο
794 3580 854 3637 δὲ
900 3586 1021 3657 ύμῖν
1070 3580 1522 3662 διαμαρτύρομαι,
1554 3586 1634 3638 ὅτι
1676 3584 1711 3637 ἆ
1738 3590 1904 3659 μέχρι

288 3679 385 3724 νῦν
415 3673 441 3722 ό
472 3677 698 3732 Σατανᾶς
748 3672 775 3724 ὁ
822 3677 996 3747 πατὴρ
1049 3681 1141 3726 τοῦ
1193 3670 1424 3744 ψεύδους
1463 3673 1621 3727 εἰπεῖν
1660 3673 1719 3727 ού
1745 3694 1900 3727 κατε-

292 3757 509 3829 δέξατο,
538 3768 707 3814 ταῦτα
751 3763 809 3815 αἱ
835 3760 1023 3834 ἄφοϐοι
1054 3759 1294 3838 καρδίαι,
1340 3768 1431 3815 καὶ
1483 3766 1551 3816 τὰ
1596 3761 1904 3836 ἆχαλίνωτα

293 3858 537 3927 στόματα
571 3850 650 3906 ἀεὶ
689 3854 801 3923 (97)
831 3856 1110 3927 φθέγγεται
1148 3850 1331 3915 ἀδεῶς.
1364 3860 1640 3907 Γινώσκειν
1680 3850 1741 3907 δε
1769 3855 1901 3926 ὑμᾶς

295 3944 582 4019 βούλομαι,
614 3944 692 3996 ὅτι
730 3946 877 4017 ἡμεῖς
908 3944 1177 4018 εὐχόμεθα
1221 3948 1313 3996 καὶ
1362 3940 1565 4016 ἀνδρῶν
1595 3949 1685 3996 καὶ
1711 3963 1900 4016 γυναι-

291 4042 401 4087 κῶν
434 4034 780 4105 συντάγματά
806 4038 821 4093 ί
831 4035 921 4103 98)
953 4036 1095 4106 ἔχειν
1121 4051 1133 4063 ⁶
1169 4033 1235 4085 ὧν
1262 4036 1320 4085 τό
1359 4033 1645 4106 πολίτευμά
1686 4032 1825 4086 ἐστιν
1852 4031 1901 4084 ἐν

293 4122 555 4198 οὐρανοῖς,
613 4130 713 4174 τῶν
768 4125 861 4179 τὴν
922 4125 1094 4196 σάρκα
1160 4124 1576 4197 σταυρωσάντων
1635 4125 1729 4175 σὺν
1794 4128 1901 4184 τοῖς

292 4213 580 4285 παθήμασι
624 4216 716 4264 καὶ
763 4218 878 4274 ταῖς
927 4210 1226 4285 ἐπιθυμίαις
1250 4228 1263 4241 '
1298 4211 1345 4264 οἳ
1375 4211 1433 4265 ού
1462 4219 1755 4285 μεριμνῶσι
1783 4215 1902 4286 περὶ

297 4302 593 4379 βρωμάτων
650 4306 742 4355 καὶ
788 4298 1091 4376 ἐνδυμάτων
1117 4323 1131 4337 ·
1188 4302 1297 4355 ἀλλ’
1337 4302 1725 4377 ἁπερίσπαστοι
1768 4306 1902 4364 ὄντες

296 4396 391 4443 καὶ
424 4388 738 4465 εύπάρεδροι
768 4398 840 4462 τῷ
872 4397 1071 4466 Κυρίῳ,
1097 4395 1282 4454 νυκτὸς
1320 4397 1411 4445 καὶ
1454 4394 1650 4468 ἡμέρας
1674 4396 1903 4467 προσμέ-

298 4500 449 4533 νουσι
476 4488 588 4542 ταῖς
621 4478 889 4540 δεήσεσιν.
921 4482 1018 4533 Ὧν
1060 4484 1120 4533 τό
1180 4485 1353 4553 στόμα
1391 4481 1450 4533 ού
1480 4480 1621 4534 λαλεῖ
1662 4484 1730 4533 τὰ
1775 4484 1904 4555 ἔργα
1935 4512 1979 4567 D

297 4578 403 4623 τῶν
432 4568 713 4646 ἀνθρώπων
739 4589 752 4602 ·
805 4568 936 4622 ἀλλὰ
971 4569 1261 4642 ψάλλουσιν
1313 4570 1505 4642 ὕμνους
1543 4570 1658 4639 (99)
1688 4577 1761 4640 τῷ
1788 4578 1903 4640 Θεῷ

300 4661 447 4733 ἡμῶν
480 4656 755 4722 διηνεκῶς,
796 4657 1132 4735 ἐργαζόμενοι
1175 4665 1290 4721 ταῖς
1338 4658 1529 4711 ἑαυτῶν
1576 4662 1787 4735 χερσὶν,
1822 4658 1905 4709 ἱνα

294 4752 474 4824 ἔχωσι
502 4745 848 4823 μεταδιδόναι
876 4756 983 4812 τοὶς
1019 4753 1206 4823 χρείαν
1234 4751 1446 4822 ἔχουσι.

370 5054 484 5125 (91)
525 5057 794 5126 Δόγμασιν
842 5051 1055 5126 ἑαυτῶν,
1108 5053 1200 5109 Sic
1228 5055 1351 5126 tres
1397 5050 1581 5108 iidem
1628 5054 1907 5126 vetustis-

294 5119 439 5207 simi
465 5119 749 5210 'cod’i'ce‘s.
817 5125 968 5182 Editi
1012 5125 1212 5210 faunis
1260 5119 1646 5210 dtdd?pafatv._
1676 5125 1905 5184 Ibidem

292 5197 570 5271 quinque
596 5197 834 5252 codices
862 5212 987 5252 non
1007 5196 1091 5271 ita
1119 5196 1339 5271 vetusti
1366 5196 1466 5271 «sit
1483 5196 1531 5247 ἐν
1554 5203 1690 5271 τοῖς,

370 5266 487 5340 (92)
517 5267 713 5321 ”Οντων
740 5276 861 5337 τῶν,
889 5269 1209 5341 οιοηῡεξθεζ
1231 5266 1327 5322 hic
1358 5266 1646 5323 articulus
1672 5268 1730 5324 in
1758 5284 1906 5341 qua-

290 5338 435 5398 tuOr
464 5356 611 5395 mss.
646 5355 770 5394 non
796 5338 1260 5410 antiquissimis.

370 5413 485 5481 (93)
512 5417 615 5483 Τῆς
642 5407 1251 5483 mp’sphﬁPostei-ior
1274 5407 1457 5464 editio
1481 5409 1829 5483 Parisiensis
1851 5414 1909 5483 et

295 5482 466 5551 Regii
494 5482 618 5539 duo
674 5479 912 5538 codices
963 5496 1031 5537 ac
1080 5479 1255 5537 Coisl.
1313 5480 1619 5537 secundus
1661 5487 1719 5537 et
1745 5481 1904 5540 Harl.

298 5554 581 5637 53°11qu
601 5568 791 5637 9³9ηὲ
816 5562 913 5616 τῆς
949 5552 1074 5637 παρ’
1104 5555 1250 5625 ἡμῖν·
1319 5624 1357 5637 ..
1505 5620 1518 5637 .

371 5626 486 5696 (94)
511 5624 725 5696 Ἐλθεῖν.
753 5627 838 5682 Ita
866 5619 1095 5695 septem
1135 5619 1285 5680 mss.
1318 5619 1738 5696 Editiﬁvalegi‘v.

368 5690 489 5771 (95)
558 5690 1018 5769 Δουλαγωγοῡσᾶι.
1074 5697 1220 5768 Reg.
1277 5693 1581 5751 secundus
1639 5690 1906 5767 δουλαγω-

2011 558 2143 600 sam
2174 545 2616 606 calumniantes
2651 570 2664 608 :
2699 554 2803 625 qui
2832 557 3072 613 etiamsi
3100 559 3307 615 omnia
3335 562 3661 632 mensium,

2009 633 2234 707 quibus
2256 636 2399 695 folia
2424 640 2668 712 cadunt,
2706 645 2947 703 somnia
2976 652 3033 703 et
3056 648 3189 706 visa
3218 650 3517 722 capitibus
3538 652 3663 709 suis

2011 723 2312 794 colligant,
2350 728 2583 786 nullum
2626 732 2805 790 nobis
2860 736 3154 808 probrum
3204 744 3485 812 poterunt
3532 741 3663 798 inu-

2008 828 2161 880 rere,
2194 831 2332 872 cum
2360 816 2562 890 plures
2592 821 2711 879 sint
2736 822 2798 879 in
2843 840 3217 901 unaquaque
3245 828 3526 903 Ecclesia,
3556 830 3663 905 qui

2008 904 2421 964 testimonium
2443 909 2588 968 dent
2616 912 2868 971 veritati.

2079 1159 2132 1210 2.
2168 1156 2339 1222 Quod
2371 1158 2419 1214 si
2451 1175 2704 1218 causam
2731 1168 3021 1234 rogentur
3049 1166 3452 1241 implacabilis
3502 1169 3662 1227 illius

2007 1248 2065 1301 et
2091 1245 2471 1319 inexpiabilis
2516 1249 2676 1323 belli,
2728 1254 2999 1325 psalmos
3049 1256 3278 1327 dicunt,
3310 1263 3367 1316 et
3387 1259 3664 1316 melodiae

2010 1331 2260 1389 modum
2309 1350 2345 1391 a
2400 1340 2861 1413 consuetudine,
2890 1359 3027 1415 quae
3057 1346 3225 1419 apud
3253 1363 3361 1404 vos
3390 1348 3663 1417 invaluit,

2005 1420 2333 1496 diversum,
2362 1430 2418 1482 et
2448 1427 2737 1498 quaedam
2769 1431 3089 1503 ejusmodi,
3123 1450 3388 1507 quorum
3419 1452 3523 1493 eos
3554 1451 3668 1510 par

2006 1515 2134 1568 erat
2162 1513 2415 1584 pudere.
2482 1519 2839 1575 lncusamur
2893 1526 3116 1589 autem,
3149 1525 3317 1596 quod
3343 1525 3524 1582 etiam
3555 1525 3665 1582 ho-

2006 1601 2201 1657 mines
2227 1602 2568 1661 habeamus
2625 1608 2863 1681 pietatis
2920 1610 3202 1681 cultores,
3230 1613 3336 1686 qui
3382 1614 3665 1671 nuntium

2003 1690 2362 1750 remiserunt
2390 1696 2621 1753 mundo
2647 1702 2705 1754 et
2744 1700 3028 1757 omnibus
3060 1703 3265 1759 saeculi
3306 1705 3485 1772 curis,
3516 1721 3666 1778 quas

2007 1780 2197 1852 spinis
2245 1789 2562 1857 comparat
2616 1789 2925 1859 Dominus,
2955 1792 3210 1849 verbum
3268 1794 3348 1850 ad
3403 1795 3665 1852 fructum

2005 1869 2321 1928 ferendum
2370 1874 2682 1945 pervenire
2743 1892 2867 1934 non
2927 1879 3286 1938 sinentibus.
3354 1884 3666 1955 Ejusmodi

2002 1959 2282 2017 homines
2304 1963 2831 2022 mortiﬁcationem
2858 1969 2993 2024 Jesu
3024 1969 3085 2026 in
3117 1986 3369 2044 corpore
3407 1973 3663 2030 circum-

2005 2047 2221 2119 ferunt,
2254 2056 2310 2107 et
2339 2067 2580 2110 crucem
2619 2071 2792 2111 suam
2824 2062 3154 2129 portantes,
3180 2062 3368 2116 Deum
3398 2078 3664 2135 sequun-

2005 2142 2123 2197 tur.
2163 2146 2283 2211 Ego
2313 2157 2457 2199 vero
2506 2147 2631 2201 tota
2682 2161 2819 2203 mea
2874 2148 3000 2204 vita
3053 2165 3374 2219 mercarer,
3433 2158 3499 2208 ut
3528 2168 3666 2210 mea

2006 2234 2210 2285 essent
2248 2230 2379 2287 haec
2428 2231 2665 2303 delicta,
2700 2234 3111 2311 haberemque
3141 2241 3309 2312 apud
3354 2256 3452 2297 me
3480 2240 3663 2313 viros,

2004 2333 2104 2375 me
2133 2318 2398 2390 doctore,
2421 2321 2580 2378 hanc
2607 2323 2842 2395 pietatis
2873 2327 3360 2384 exercitationem
3381 2330 3670 2403 proﬁten-

2004 2411 2115 2465 tes.
2146 2411 2315 2465 Nunc
2345 2415 2546 2468 autem
2590 2411 2654 2469 in
2700 2417 2953 2487 [Egypto
2988 2415 3237 2490 quidem
3271 2418 3452 2474 audio
3482 2419 3668 2477 talem

2006 2512 2141 2553 esse
2160 2497 2430 2555 virorum
2458 2501 2740 2558 virtutem
2772 2520 2785 2559 :
2827 2519 2898 2560 ac
2928 2504 3186 2561 fortasse
3213 2507 3490 2564 nonnulli
3520 2514 3578 2566 et
3606 2509 3670 2565 in

2006 2586 2323 2645 Palaestina
2351 2591 2764 2661 evangelicam
2784 2593 2972 2649 vitam
2995 2596 3279 2653 excolunt
3304 2614 3317 2652 :
3339 2597 3523 2654 audio
3543 2614 3671 2655 rur-

2008 2691 2111 2731 sus
2140 2676 2377 2750 aliquos
2407 2683 2463 2735 et
2488 2680 2548 2735 in
2579 2681 3011 2754 Mesopotamia
3032 2684 3328 2756 perfectos
3358 2702 3428 2743 ac
3458 2686 3670 2745 beatos

2006 2766 2191 2822 viros.
2216 2769 2333 2823 Nos
2357 2772 2558 2824 autem
2589 2771 2757 2842 pueri
2782 2788 3014 2843 sumus,
3048 2773 3350 2846 siquidem
3382 2792 3522 2832 cum
3540 2791 3668 2849 per-

2008 2853 2176 2910 fectis
2203 2871 2651 2929 comparemur.
2676 2859 2844 2925 Quod
2874 2860 2924 2917 si
2953 2866 3011 2918 et
3049 2862 3331 2919 mulieres
3372 2865 3670 2936 evangeli-

2009 2936 2148 3000 cum
2177 2944 2417 3001 vivendi
2446 2962 2638 3017 genus
2669 2949 3046 3021 proﬁtentur,
3078 2952 3482 3023 virginitatem
3512 2970 3668 3027 prte-

2008 3031 2264 3090 ferentes
2292 3037 2543 3108 nuptiis,
2576 3037 2971 3109 petulantiam
3002 3041 3199 3097 carnis
3238 3042 3577 3112 redigentes
3606 3044 3669 3100 in

2011 3126 2355 3182 servitutem
2398 3130 2454 3183 et
2484 3127 2545 3183 in
2591 3127 2757 3184 luctu
2805 3128 2906 3186 illo
2961 3130 3248 3201 degentes
3302 3132 3405 3205 qui
3451 3132 3669 3190 beatus

2009 3216 2395 3288 praedicatur,
2420 3216 2614 3273 beatae
2646 3223 2784 3274 sunt
2814 3219 2893 3275 ob
2916 3220 3296 3292 propositum
3318 3237 3518 3290 suum,
3543 3222 3675 3279 ubi-

2011 3320 2252 3378 cunque
2281 3305 2500 3364 fuerint
2556 3311 2871 3364 terrarum.
2919 3309 3096 3382 Apud
3139 3326 3254 3367 nos
3307 3316 3511 3367 autem
3541 3312 3673 3369 haec

2009 3412 2203 3470 parva
2223 3400 2280 3452 et
2309 3396 2488 3454 exilia
2519 3401 2677 3467 sunt,
2709 3413 2780 3455 ac
2810 3399 3130 3455 hominum
3153 3399 3353 3456 adhuc
3376 3400 3675 3459 elementa

2010 3486 2394 3557 discentium,
2452 3488 2681 3560 quique
2726 3488 3194 3545 introducuntur
3244 3489 3323 3546 ad
3360 3491 3672 3562 pietatem.

2010 3575 2149 3633 Jam
2179 3575 2402 3649 siquid
2441 3576 2754 3633 dedecoris
2809 3578 2945 3633 vita;
3004 3578 3327 3636 mulierum
3384 3579 3670 3648 inferunt,

2011 3682 2114 3724 eas
2135 3665 2458 3722 defendere
2485 3680 2610 3721 non
2637 3666 2806 3723 libet.
2835 3666 2987 3723 Illud
3023 3672 3226 3724 tamen
3261 3668 3436 3725 vobis
3464 3669 3670 3725 testiﬁ-

2010 3771 2134 3825 cor,
2155 3771 2293 3827 quae
2323 3755 2613 3811 hactenus
2645 3761 2817 3827 pater
2857 3758 3159 3812 mendacii
3199 3759 3452 3813 Satanas
3472 3757 3671 3813 dicere

2008 3863 2133 3903 non
2160 3861 2349 3902 ausus
2373 3848 2479 3912 est,
2500 3860 2572 3900 ea
2602 3860 2841 3917 semper
2870 3860 2906 3901 a
2928 3845 3212 3901 cordibus
3231 3850 3429 3902 metus
3459 3861 3671 3918 exper-

2011 3935 2172 3992 tibus
2203 3938 2260 3991 et
2290 3933 2596 3989 effrenatis
2642 3933 2866 4005 linguis
2914 3934 3198 3991 audacter
3233 3935 3452 3992 efferri.
3511 3935 3671 3992 Scire

2011 4030 2211 4081 autem
2245 4038 2354 4079 vos
2385 4022 2544 4089 volo,
2573 4038 2687 4080 nos
2714 4021 2881 4080 laudi
2907 4023 3150 4093 ducere,
3188 4024 3357 4097 quod
3401 4024 3671 4081 virorum

2012 4117 2071 4170 et
2097 4112 2421 4169 mulierum
2453 4118 2645 4168 coetus
2675 4111 3033 4181 habeamus,
3060 4129 3324 4186 quorum
3345 4129 3672 4170 conversa-

2011 4204 2094 4261 tio
2144 4203 2207 4259 in
2260 4202 2427 4259 caelis
2484 4208 2573 4259 est
2624 4220 2638 4259 ε
2682 4203 2787 4276 qui
2849 4219 3023 4259 suam
3077 4219 3324 4261 carnem
3378 4219 3501 4261 una
3530 4219 3672 4259 cum

2010 4292 2432 4350 affectionibus
2460 4308 2532 4349 ac
2548 4292 2980 4365 cupiditatibus
3004 4294 3160 4349 cruci
3170 4294 3426 4349 ﬁxerunt
3450 4310 3462 4346 :
3491 4293 3543 4364 3
3558 4294 3601 4362 1
3620 4294 3663 4363 1

2010 4384 2117 4456 qui
2141 4398 2253 4439 nec
2278 4386 2354 4439 de
2384 4381 2531 4438 cibis
2560 4397 2673 4437 nec
2703 4382 2778 4438 de
2803 4381 3176 4438 indumentis
3223 4386 3362 4437 sunt
3412 4381 3669 4450 solliciti,

2012 4472 2120 4529 sed
2186 4471 2437 4528 minime
2488 4471 2779 4541 distracti,
2849 4474 2907 4527 et
2973 4472 3228 4527 Domino
3295 4470 3673 4526 continenter

2012 4566 2499 4628 astantes,noctu
2527 4560 2754 4633 diuque
2774 4566 3162 4633 perseverant
3182 4560 3241 4615 in
3268 4558 3667 4615 orationibus.

2012 4654 2277 4717 Quorum
2306 4667 2375 4707 os
2425 4665 2551 4706 non
2597 4650 2866 4723 loquitur
2912 4665 3099 4721 opera
3149 4648 3506 4715 hominum;
3563 4648 3672 4704 sed

2010 4742 2277 4814 hymnos
2302 4743 2422 4797 Deo
2455 4744 2667 4796 nostro
2716 4739 3045 4796 concinunt
3095 4737 3489 4807 continenter,
3520 4752 3671 4810 ope-

2009 4836 2215 4890 rantes
2247 4831 2536 4888 manibus
2561 4830 2707 4901 suis,
2739 4833 2805 4885 ut
2830 4827 3098 4885 habeant
3127 4826 3290 4883 unde
3327 4825 3674 4900 impertiant

2011 4919 2443 4992 indigentibus.

2011 5067 2190 5122 γουσι,
2225 5051 2283 5104 et
2303 5045 2488 5122 paulo
2518 5048 2656 5117 post
2685 5045 2840 5122 ζῶσι.
2876 5042 3002 5122 sed,
3029 5041 3253 5099 frustra
3288 5040 3672 5122 librariorum

2015 5114 2228 5192 aliquis
2254 5114 2582 5195 emendare
2612 5116 2798 5195 voluit
2823 5115 3188 5195 scripturam
3216 5128 3341 5169 non
3369 5114 3672 5195 vitiosam.

2086 5185 2202 5265 (96)
2244 5188 2399 5265 Παρρ
2427 5185 2497 5265 δέ
2533 5190 2679 5265 ἡμῖν.
2713 5185 3181 5265 Emendavimus
3220 5200 3336 5257 ope
3361 5185 3672 5265 ‘Harlteani

2015 5255 2249 5333 codicis
2274 5255 2335 5333 et'
2352 5255 2613 5333 Medicaei
2652 5258 2822 5333 quod
2860 5257 3063 5333 minus
3096 5255 3417 5313 commode
3445 5257 3509 5311 in
3538 5255 3671 5311 aliis

2014 5340 2073 5391 et
2095 5334 2155 5388 in
2186 5332 2360 5405 editis
2380 5326 2693 5400 legebatur
2716 5333 2867 5405 Παρᾲ
2896 5326 3147 5405 disponi.

2086 5405 2201 5474 (97)
2240 5402 2364 5474 Ἀεί.
2400 5405 2572 5457 Deest
2596 5418 2667 5457 ea
2693 5400 2812 5458 vox'
2852 5401 2915 5457 in
2946 5400 3253 5468 Vaticano,
3285 5400 3427 5467 Reg.
3462 5410 3672 5452 secun-

2014 5477 2095 5533 do
2121 5482 2179 5531 et
2199 5473 2373 5531 Coisl.
2394 5474 2698 5549 secundo.
3101 5546 3108 5549 _
3242 5541 3282 5549 ﬁ

2087 5551 2197 5617 (98)
2239 5547 2602 5618 Συντάγματα.
2661 5548 2747 5601 Ita
2805 5560 2951 5600 mss.
3020 5546 3175 5600 octo.
3242 5537 3393 5595 Editi
3460 5542 3668 5596 συστή-

2011 5638 2195 5763 μαῖ9αθ)
2226 5688 2460 5762 Ὕμνους-
2510 5691 2597 5746 Ita
2643 5690 2871 5746 veteres
2907 5684 3042 5742 libri
3072 5696 3317 5740 summo
3343 5694 3666 5740 consensu.
