4152 6396
261 292 387 354 765

1246 296 1738 354 EPISTOLARUM
1773 293 2057 354 CLASSIS
2096 296 2163 353 II.
2204 295 2423 356 EPIST.
2462 298 2690 355 CCVIII.

3545 308 3652 365 766

266 417 315 474 δ
319 420 657 488 ιεσώσασθε;
687 422 973 494 Γρηγὸριος
1002 419 1062 473 ού
1086 420 1496 476 κατεκαλύπτετο
1526 420 1612 475 ἐπὶ
1630 429 1731 474 τῶν
1761 441 1885 495 προ-

2005 420 2185 477 vastis
2205 421 2233 478 ?
2255 422 2573 494 Gregorius
2605 438 2731 480 non
2759 424 3146 498 operiebatur
3166 426 3219 499 3
3234 429 3277 499 ι
3292 429 3344 499 2
3372 427 3435 485 in
3460 431 3626 504 preci

270 516 516 581 σευχῶν.
547 514 662 571 Πῶς
687 509 824 586 γάρ;
850 510 877 562 ὅ
904 529 961 582 γε
991 515 1082 563 τοῦ
1114 509 1438 564 Ἀποστὸλου
1467 514 1688 582 γνήσιος
1716 511 1888 582 μαθη-

266 603 374 661 τὴς
398 605 491 653 τοῦ
513 596 782 661 εἰπόντος·
822 604 927 661 Πᾶς
970 597 1100 673 ἀνὴρ
1151 604 1570 674 προσευχόμενος
1611 600 1639 659 ἦ
1687 618 1887 673 προφη-

268 691 443 742 τεύων
494 689 631 741 κατά
671 687 896 762 κεφαλῆς
939 690 1076 761 ἔχων
1128 692 1478 761 καταισχύνει
1529 693 1623 748 τὴν
1664 687 1885 761 κεφαλὴν

270 778 443 832 αὑτοῦ
469 800 482 812 '
524 776 636 846 καί,
681 776 838 851 Ἀνήρ
869 780 959 851 μὲν
1012 778 1107 830 ούκ
1152 777 1339 852 ὀφείλει
1386 777 1886 832 κατακαλύπτεσθαι

272 873 379 928 τὴν
408 866 631 942 κεφαλὴν
662 865 823 919 αύτοῦ
846 869 943 938 (7),
976 867 1124 920 εἰκὼν
1152 872 1243 921 καὶ
1270 863 1402 931 δόξα
1439 874 1572 921 Θεοῦ
1600 869 1881 942 ὑπάρχων.

273 956 504 1031 Ἕφευγε
529 957 645 1018 τούς
665 957 852 1029 ὅρκους
877 957 906 1014 ἡ
931 957 1139 1031 καθαρὰ
1171 955 1337 1015 ἐκείνη
1384 956 1565 1029 ψυχὴ,
1615 961 1706 1009 καὶ
1763 955 1888 1020 ἀξία

273 1055 344 1107 τῆ
360 1068 382 1109 ς
416 1050 511 1099 τοῦ
538 1045 691 1118 ἁγίου
720 1048 1011 1118 Πνεύματος
1035 1049 1325 1115 κοινωνίας,
1367 1044 1657 1121 ἁρκουμένη
1688 1053 1761 1117 τῷ
1800 1049 1886 1099 ναὶ

273 1141 372 1191 καὶ
397 1143 468 1209 τῷ
498 1135 580 1202 οὖ,
608 1131 643 1189 δ
649 1138 702 1188 tr).
724 1138 783 1188 τὸ
808 1139 1130 1211 πρόσταγμα
1158 1143 1249 1189 τοῦ
1275 1141 1470 1213 Κυρίου
1502 1143 1593 1189 τοῦ
1625 1135 1881 1197 εἰπόντος’

275 1225 418 1298 Ἐγώ
450 1220 665 1296 δὲλέγω
696 1225 817 1297 ὑμῖν
847 1229 918 1297 μὴ
954 1223 1146 1297 ὀμόσαι
1172 1225 1318 1288 ὄλὼς.
1373 1225 1482 1279 Ούκ
1526 1225 1766 1296 ἠνείχετο
1806 1223 1883 1277 εἰ-

274 1323 399 1368 πεῖν
428 1317 513 1367 τὸν
549 1313 734 1367 ἑαυτοῦ
767 1309 985 1386 ἀδελφόν
1030 1317 1203 1390 μωρὸν
1245 1313 1434 1377 ἐκεῖνος
1459 1334 1472 1348 ο
1513 1313 1744 1387 ἐφοϐεῖτο
1780 1315 1883 1385 γὰρ

276 1409 380 1463 τήν
407 1402 621 1462 ἀπειλὴν
650 1410 740 1456 τού
773 1406 966 1476 Κυρίου
1118 1406 1296 1476 Θυμός
1316 1408 1406 1456 καὶ
1426 1402 1555 1477 ὀργὴ
1578 1408 1669 1455 καὶ
1696 1406 1887 1477 πικρία

279 1493 347 1547 ἔκ
385 1499 477 1546 τοῦ
524 1496 782 1565 στόματος
821 1491 1014 1545 ἐκείνου
1063 1492 1158 1544 οὐκ
1201 1491 1550 1566 ἐξεπορεύετο.
1597 1488 1885 1567 Λοιδορίαν

276 1582 457 1655 ἐμίσει
482 1584 551 1643 ὡς
581 1581 650 1643 εἰς
676 1580 951 1655 βασιλείαν
982 1580 1210 1655 ούρανῶν
1242 1581 1336 1634 οὐκ
1361 1581 1699 1653 εἰσάγουσαν.
1750 1582 1886 1634 Φθό-

274 1691 370 1729 νος
394 1675 482 1725 καὶ
513 1671 863 1746 ύπιρηφάνεια
889 1678 984 1733 τῆς
1013 1666 1211 1723 ἀδόλου
1240 1669 1429 1743 ψυχῆς
1454 1668 1655 1732 ἐκείνης
1698 1668 1888 1728 ἁπελὴ-

1995 506 2135 566 bus.
2170 511 2486 577 Quomodo
2512 513 2672 570 enim
2693 513 2722 567 ?
2741 513 2849 587 qui
2876 530 3057 572 verus
3089 522 3217 572 erat
3242 518 3510 589 Apostoli
3532 519 3651 576 dis-

1997 598 2233 672 cipulus
2261 599 2548 658 dicentis:
2585 603 2788 659 Omnis
2811 604 2905 660 vir
2935 618 3119 660 orans
3148 611 3257 661 aut
3277 608 3652 678 prophetam

1997 690 2193 747 velato
2217 693 2432 761 capite,
2458 692 2745 763 deturpat
2775 698 2957 764 caput
2988 709 3164 751 suum
3190 695 3259 763 9’,
3295 701 3352 752 et
3388 697 3494 753 Vir
3525 699 3654 772 qui-

1996 779 2130 835 dem
2156 795 2276 836 non
2307 780 2477 839 debet
2497 784 2701 839 vetare
2725 788 2901 853 caput
2938 798 3134 854 suum,
3176 800 3311 842 eum
3354 787 3433 842 sit
3458 787 3652 860 imago

1997 872 2051 925 et
2071 869 2274 939 gloria
2302 869 2416 926 Dei
2439 870 2507 924 9‘.
2541 871 2890 927 Juramenta
2919 870 3189 942 fugiebat
3218 888 3375 945 pura
3402 873 3506 931 illa
3526 875 3651 933 ani-

1996 973 2118 1024 ma,
2135 962 2191 1013 et
2214 956 2402 1028 digna
2424 959 2675 1031 Spiritus
2702 959 2894 1016 sancti
2915 962 3239 1031 consortio,
3256 967 3537 1021 contenta
3555 964 3651 1023 his

1993 1046 2286 1103 vocibus:
2314 1048 2406 1105 [tu
2437 1052 2495 1103 et
2518 1049 2675 1117 Non,
2710 1054 2958 1122 propter
2982 1055 3347 1124 praeceptum
3388 1054 3648 1123 Domini,

1995 1137 2102 1210 qui
2127 1137 2313 1194 dixit:
2346 1139 2427 1194 At
2449 1153 2554 1210 ego
2577 1139 2709 1196 dico
2741 1140 2925 1212 vobis,
2956 1155 3032 1198 ne
3049 1142 3275 1211 jurett’s
3304 1144 3547 1200 omnino
3578 1144 3648 1199 ⁸³.

1994 1227 2125 1282 Non
2164 1226 2429 1284 audebat
2476 1227 2572 1284 ille
2616 1227 2859 1284 fratrem
2895 1244 3076 1286 suum
3115 1229 3349 1287 fatuum
3388 1231 3654 1305 appella-

1994 1328 2058 1369 re
2079 1315 2128 1350 ³⁸
2153 1328 2166 1381 ;
2193 1314 2514 1370 verebatur
2530 1315 2691 1371 enim
2715 1316 3250 1375 comminationem
3272 1319 3527 1376 Domini.
3558 1323 3651 1377 ln-

1994 1401 2266 1472 dignatio
2296 1408 2354 1459 et
2382 1404 2472 1460 ira
2493 1408 2550 1460 et
2570 1405 2868 1461 acerbitas
2898 1421 2968 1462 ex
2997 1405 3157 1463 illius
3182 1423 3284 1464 ore
3321 1423 3444 1465 non
3470 1410 3651 1481 proﬁ-

1995 1491 2392 1549 ciscebantur.
2417 1494 2538 1549 Con
2548 1492 2762 1550 vicium
2782 1494 2921 1550 odio
2937 1494 3219 1561 habebat,
3235 1497 3373 1553 utin
3394 1511 3652 1566 regnum

1996 1581 2288 1639 caelorum
2307 1597 2431 1639 non
2456 1584 2814 1656 perducens.
2837 1584 3069 1641 Invidia
3102 1589 3159 1642 et
3197 1587 3545 1658 arrogantia
3571 1587 3651 1643 ab

1994 1671 2097 1728 illa
2125 1671 2247 1728 doli
2269 1677 2512 1746 experte
2542 1671 2751 1728 anima
2779 1672 3181 1730 facessebant.
3209 1677 3340 1732 Non
3366 1676 3652 1732 accessis-

272 1760 428 1814 λατο.
454 1759 566 1813 Ούκ
586 1760 646 1813 ἂν
671 1764 904 1836 παρέστη
944 1768 1018 1832 τῷ
1055 1761 1445 1834 θυσιαστηρίῳ,
1479 1764 1600 1835 πρὶν
1631 1757 1886 1812 καταλλα-

2005 1762 2086 1815 set
2106 1758 2185 1815 ad
2214 1758 2423 1827 altare,
2452 1763 2779 1832 antequam
2795 1759 3277 1818 reconciliaretur
3298 1760 3652 1819 fratri.Men-

272 1861 438 1931 γῆναι
478 1860 551 1924 τῷ
579 1849 803 1925 ἀδελφῷ.
841 1848 1015 1913 Ψευδῆ
1049 1852 1199 1924 λόγον
1236 1855 1327 1904 καὶ
1356 1854 1596 1923 τεχνικὸν
1644 1849 1728 1904 ἐπὶ
1772 1846 1887 1904 δια-

276 1941 409 2017 ϐολῇ
435 1962 587 1995 τινων
607 1945 1046 2015 μεμηχανημένον
1068 1942 1232 2004 οὕτως
1254 1938 1608 2007 ἐϐδελύττετο,
1623 1943 1688 2001 ὡς
1708 1937 1884 2010 εἰδὼς,

279 2034 369 2085 ὃτι
403 2035 459 2085 τό
487 2027 681 2103 ψεῦδος
706 2028 758 2083 ἐκ
789 2037 880 2083 τοῦ
930 2027 1177 2083 διαϐόλου
1207 2033 1501 2103 γεγένηται,
1537 2032 1628 2082 καὶ
1674 2031 1756 2082 ὅτι
1787 2031 1889 2082 Κύ-

283 2141 398 2198 ριος
424 2118 603 2175 ἀπολεῖ
630 2122 829 2183 πάντας
857 2122 981 2183 τούς
1002 2118 1281 2181 λαλοῦντας
1310 2120 1369 2172 τό
1421 2115 1641 2191 ψεῦδος.
1678 2121 1886 2171 Τούτων

285 2211 337 2267 εἰ
357 2207 521 2286 μηδὲν
555 2209 695 2263 ἐστιν
739 2207 785 2263 ἐν
816 2208 960 2283 ύμῖν,
993 2206 1119 2261 ἀλλὰ
1166 2210 1475 2282 καθαρεύετε
1526 2210 1726 2261 πάντων
1753 2230 1765 2242 ·
1815 2213 1887 2281 τῷ

282 2306 396 2354 ἄντι
434 2299 551 2354 ἕστε
578 2299 814 2373 μαθηταὶ
866 2305 959 2351 τοῦ
989 2298 1229 2371 μαθητοῦ
1266 2306 1367 2350 τῶν
1411 2296 1621 2351 ἐντολῶν
1663 2303 1756 2350 τοῦ
1788 2304 1888 2351 Κυ-

274 2394 422 2468 ρίου.
471 2388 531 2443 Εἰ
578 2383 637 2442 δὲ
676 2391 775 2462 μὴ,
807 2395 1061 2460 σχοπεῖτε
1098 2391 1170 2461 μὴ
1212 2389 1299 2439 τὸν
1343 2392 1566 2440 κώνωπα
1606 2382 1884 2456 ὃῖυλίζετε,

273 2484 403 2557 περὶ
431 2482 521 2552 μὲν
550 2478 694 2552 ἤχου
717 2485 889 2551 φωνῆς
914 2483 1006 2529 τοῦ
1043 2477 1181 2529 κατὰ
1217 2478 1313 2538 τὰς
1339 2472 1654 2550 ψαλμφὸίας
1679 2475 1890 2551 ἀκριϐο-

274 2564 611 2643 λογούμενοι,
641 2569 734 2630 τὰς
780 2562 836 2619 δὲ
863 2569 1115 2640 μεγίστας
1144 2574 1244 2618 τῶν
1282 2562 1493 2619 ἐντολῶν
1522 2565 1885 2641 παραλύοντες.

281 2659 383 2722 Εἰς
411 2660 620 2717 τούτους
644 2676 706 2731 με
736 2660 859 2718 τοὺς
885 2655 1072 2728 λόγους
1113 2659 1306 2728 ἢγαγεν
1337 2656 1367 2714 ἡ
1404 2653 1601 2728 ἀνάγκη
1636 2662 1726 2716 τῆς
1752 2653 1890 2707 ἁπο-

283 2744 491 2818 λογίας,
524 2747 609 2797 ἶνα
637 2741 940 2818 διδαχθῆτε
969 2742 1227 2797 ἐκϐάλλειν
1256 2746 1351 2803 τὴν
1392 2741 1547 2797 δοκὸν
1576 2751 1677 2797 τῶν
1701 2742 1889 2817 ὀφθαλ-

290 2843 407 2909 μῶν
468 2836 629 2906 ὑμῶν,
658 2832 873 2887 ιαίτότε
899 2833 1119 2909 ἐξαίρειν
1144 2834 1210 2886 τὰ
1238 2832 1482 2907 ἀλλότρια
1513 2835 1710 2907 κάρφη.
1748 2832 1888 2892 Πλὴν

292 2924 425 2977 ἀλλὰ
448 2927 617 2977 πάντα
648 2932 1048 2999 συγχωροῦμεν,
1076 2924 1120 2977 εἰ
1146 2929 1237 2977 καὶ
1258 2925 1338 2976 ὅτι
1370 2921 1522 2977 οὐδὲν
1556 2922 1888 2987 ἀνεξέταστον

287 3017 436 3077 παρὰ
460 3021 531 3084 τῷ
560 3021 692 3084 Θεῷ.
726 3019 894 3067 Μόνον
917 3013 1162 3089 ἐρῥὼσθω
1188 3016 1254 3066 τὰ
1281 3016 1669 3088 προηγούμενα,
1684 3018 1775 3066 καὶ
1800 3016 1890 3073 τὰς

1996 1846 2209 1904 dacem
2241 1862 2586 1904 sermonem
2622 1854 2681 1904 et
2717 1847 3036 1906 artiﬁciose
3064 1849 3145 1904 ad
3188 1849 3528 1924 aliquorum
3558 1866 3654 1907 ca-

1994 1934 2294 1993 lumniam
2313 1936 2670 1992 instructum
2700 1935 2786 1993 ita
2814 1936 3307 2006 abominabatur,
3330 1943 3394 1995 ut
3413 1938 3520 2012 qui
3542 1938 3652 1995 sci-

1994 2030 2084 2082 ret
2113 2025 2499 2081 mendacium
2525 2041 2595 2082 ex
2617 2025 2862 2083 diabolo
2893 2031 3090 2083 ortum
3115 2043 3272 2096 esse,
3295 2028 3650 2085 Dominum-

1995 2132 2115 2190 que
2141 2131 2243 2171 eos
2261 2131 2474 2171 omnes
2491 2115 2594 2188 qui
2617 2114 3370 2190 mendaciumloquuntur,
3389 2117 3650 2192 perditu-

1995 2223 2131 2263 rum
2155 2208 2222 2261 97.
2243 2209 2281 2263 Il
2290 2222 2460 2262 orum
2491 2206 2540 2262 si
2567 2207 2713 2262 nihil
2727 2205 2789 2262 in
2808 2206 2983 2263 vobis
3003 2211 3112 2278 est,
3126 2206 3233 2264 sed
3253 2209 3390 2282 puri
3409 2208 3551 2266 estis
3571 2208 3652 2266 ab

1996 2295 2313 2363 omnibus;
2336 2312 2473 2352 vere
2492 2295 2923 2369 discipuliestis
2936 2297 2987 2368 ej
2997 2297 3197 2370 us,qui
3220 2298 3650 2356 mandatorum

1999 2386 2236 2443 Domini
2269 2384 2605 2457 discipulus
2626 2384 2756 2442 fuit.
2790 2385 2893 2442 Sin
2914 2386 3136 2455 minus,
3159 2385 3355 2443 videte
3388 2402 3464 2444 ne
3507 2388 3652 2446 culi-

1997 2491 2129 2532 cem
2155 2475 2382 2544 coletis,
2414 2474 2488 2531 de
2514 2474 2679 2531 vocis
2720 2473 2970 2548 quidem
3000 2489 3152 2532 sono
3179 2474 3244 2532 in
3271 2476 3652 2549 psalmorum

1996 2569 2181 2620 cantu
2200 2561 2525 2634 litigantes,
2548 2562 2841 2620 mandata
2860 2576 3002 2619 vero
3022 2562 3296 2619 maxima
3315 2562 3652 2619 dissolven-

1998 2657 2103 2710 tes.
2136 2651 2225 2708 Ad
2244 2653 2358 2709 bos
2380 2669 2475 2708 me
2499 2667 2812 2708 sermones
2831 2650 3084 2708 adduxit
3097 2651 3424 2710 necessitas
3450 2666 3654 2709 causae

1996 2741 2417 2811 defendendae,
2449 2746 2514 2797 ut
2538 2741 2787 2798 discatis
2814 2740 3049 2798 trabem
3083 2756 3156 2797 ex
3199 2741 3390 2798 oculis
3441 2740 3655 2797 vestris

1997 2832 2234 2903 ejicere,
2262 2836 2321 2888 et
2348 2832 2430 2889 ita
2461 2830 2709 2887 demum
2737 2831 3004 2887 festucas
3037 2829 3266 2888 alienas
3319 2830 3648 2887 extrahere.

1997 2924 2423 2977 Verumtamen
2435 2921 2643 2977 omnia
2660 2919 3103 2987 condonamus;
3123 2935 3482 2992 quanquam
3505 2918 3654 2975 nihil

1997 3015 2088 3067 est
2113 3011 2280 3083 quod
2302 3026 2425 3067 non
2454 3013 2853 3082 perscrutetur
2873 3009 3185 3067 Dominus.
3204 3008 3652 3065 Tantummodo

283 3107 409 3179 περὶ
450 3107 544 3163 τὴν
574 3107 754 3156 πίστιν
782 3106 1121 3177 καινοτομίας
1161 3104 1578 3175 κατασιγάσατε.
1618 3104 1720 3164 Τὰς
1756 3104 1886 3154 ύπο-

2005 3116 2151 3157 sana
2180 3099 2301 3156 sint
2328 3116 2463 3173 quas
2512 3105 2653 3155 sunt
2698 3099 3027 3172 praecipua,
3066 3103 3124 3155 et
3167 3097 3465 3154 novitates
3493 3097 3654 3154 circa

285 3194 502 3254 στάσεις
539 3196 611 3265 μὴ
645 3190 892 3247 ἀθετεῖτε.
920 3196 989 3245 Τὸ
1036 3196 1199 3267 ὄνομα
1233 3198 1324 3245 τοῦ
1368 3198 1603 3267 Χριστοῦ
1638 3197 1709 3265 μὴ
1756 3190 1889 3246 ἁπα-

278 3283 639 3356 ρνεῖσθε.Τάς
680 3289 772 3335 τοῦ
820 3287 1109 3357 Γρηγορὶου
1143 3286 1311 3354 φωνὰς
1354 3285 1426 3354 μὴ
1484 3281 1888 3357 παρεξηγεῖσθε.

278 3371 348 3425 Εἰ
374 3366 434 3423 δι
459 3375 554 3443 μὴ,
588 3371 683 3432 ἕως
712 3369 772 3422 ἃν
799 3370 1088 3443 ἱμπνίωμεν
1110 3375 1200 3424 καὶ
1231 3366 1508 3443 δυνώμεθα
1545 3372 1885 3442 φθέγγεσθαι,

282 3457 566 3537 ἀμήχανον
594 3460 736 3523 ἡμᾶς
764 3458 848 3512 ἐπὶ
867 3461 1100 3534 τοσαύτῃ
1127 3458 1264 3534 λύμῃ
1298 3458 1491 3532 ψυχῶν
1524 3465 1745 3533 σιωπᾴν.

843 3732 1183 3782 ΕΠΙΣΤΟΛΗ
1212 3725 1327 3780 ΣΗ’.

1996 3188 2180 3246 ﬁdem
2204 3189 2589 3263 compescite.
2618 3190 2980 3262 Hypostases
3002 3202 3077 3243 ne
3103 3186 3397 3243 evertatis.
3423 3189 3654 3243 Nomen

2001 3279 2212 3335 Christi
2236 3295 2312 3335 ne
2342 3277 2675 3349 abnegetis.
2700 3276 2963 3348 Gregorii
2987 3275 3173 3334 verba
3196 3291 3273 3333 ne
3302 3274 3456 3332 falso
3477 3274 3653 3332 inter-

1998 3368 2335 3443 pretemini.
2369 3367 2648 3441 Alioquin
2675 3366 2820 3423 dum
2851 3365 3312 3439 respirabimus,
3339 3364 3655 3437 loquendi-

1998 3473 2117 3532 que
2144 3458 2252 3514 erit
2274 3456 2551 3522 facultas,
2582 3456 2712 3513 ﬁeri
2747 3470 2874 3513 non
2902 3455 3123 3530 poterit
3140 3457 3204 3512 ut
3223 3454 3286 3511 in
3325 3458 3499 3512 tanta
3522 3452 3653 3510 ani-

1999 3563 2241 3605 marum
2271 3545 2533 3620 pernicie
2565 3544 2872 3602 sileamus.

2506 3721 2853 3780 EPISTOLA
2891 3721 3022 3779 CCV
3026 3721 3142 3777 Ill'.

273 3895 653 3957 Eulancium
684 3904 861 3971 rogat
885 3913 960 3961 ne
986 3912 1048 3955 se
1072 3896 1637 3954 Neocwsan'ensi-um
1672 3908 1857 3953 causa
1886 3895 2096 3966 oderit,
2131 3893 2233 3967 qui
2259 3893 2403 3950 olim
2442 3896 2697 3963 propter
2740 3907 2803 3949 se
2834 3891 2912 3948 ab
2940 3891 3081 3948 aliis
3123 3889 3259 3947 odio
3298 3888 3655 3947 habebatur.

894 4021 1166 4095 Εύλαγκίῳ
1193 4020 1293 4093 (9

359 4150 575 4223 Μακρὸν
604 4146 981 4209 ἀπεσιώπησας
1005 4151 1219 4221 χρόνον,
1251 4150 1343 4200 καὶ
1378 4151 1545 4199 ταῦτα
1588 4143 1894 4204 λαλίστατος

283 4239 381 4302 ὢν,
410 4242 501 4290 καὶ
540 4237 755 4310 μελέτην
786 4245 940 4291 τοῦτο
968 4243 1060 4290 καὶ
1102 4241 1299 4309 τεχνην
1326 4236 1702 4308 ποιησάμενος,
1733 4233 1813 4287 ἀεὶ
1840 4253 1895 4287 τι

282 4328 456 4383 λαλεῖν
485 4333 602 4398 (l0)
624 4332 716 4381 καὶ
741 4332 961 4381 σεαυτὸν
991 4325 1257 4382 δεικνύναί
1282 4323 1378 4381 διὰ
1411 4333 1512 4379 τῶν
1538 4325 1726 4398 λόγων.
1759 4323 1893 4377 Ἀλλ’

364 4524 414 4562 ’³
452 4529 473 4583 I
501 4528 636 4587 Cor.
659 4543 736 4597 x1,
760 4531 814 4584 4.
891 4528 941 4564 ’⁸
970 4526 1116 4584 ibid.
1146 4533 1204 4584 7.
1279 4528 1328 4564 9'
1349 4527 1549 4585 Matth.
1576 4543 1634 4598 v,
1660 4532 1750 4585 35.

1826 4528 1875 4564 ⁹⁶
1904 4525 2052 4583 ibid.
2078 4529 2166 4582 ἓξ.

2692 4016 3013 4074 Εἰιιαηειό.

2077 4141 2187 4198 Diu
2211 4141 2467 4211 tacuisti,
2482 4140 2664 4214 idque
2685 4157 2825 4198 cum
2852 4141 2938 4199 sis
2958 4140 3452 4215 loquacissimus,
3474 4145 3656 4213 atque

2002 4233 2118 4289 hoc
2149 4230 2587 4289 exercitationis
2618 4232 2887 4306 artisque
2914 4230 3048 4289 loco
3073 4231 3383 4300 habueris,
3419 4245 3661 4302 semper

2005 4322 2235 4396 aliquid
2263 4321 2453 4395 loqui,
2485 4328 2543 4380 et
2568 4323 2835 4397 teipsum
2885 4321 3144 4380 dicendo
3172 4319 3508 4379 ostendere.
3540 4317 3656 4377 Sed

2242 4526 2288 4561 9"
2316 4521 2477 4580 Psal.
2505 4538 2563 4591 v,
2588 4526 2643 4579 7.

287 4725 469 4799 cesse.
494 4721 553 4799 in
595 4728 932 4799 martyrum
975 4721 1265 4799 Memoriis
1296 4722 1501 4787 fuisse,
1543 4726 1607 4779 ut
1649 4737 1883 4799 eorum,
1927 4699 1973 4752 D
2006 4719 2163 4779 Harl.
2197 4720 2364 4799 deest
2391 4721 2625 4776 tantum
2657 4714 3017 4799 illud‘aﬁroﬁ.
3041 4712 3291 4795 Videtur
3320 4700 3480 4799 lianc
3507 4710 3656 4799 aleo:

336 4792 464 4849 uia
486 4792 947 4851 simulacrorum
975 4794 1138 4851 cultu
1167 4802 1433 4850 recentes
1461 4799 1764 4863 venerant,
1802 4794 1888 4849 in-

334 4865 557 4939 rmitati
589 4868 965 4933 consuleret;
999 4867 1105 4922 sed
1131 4883 1201 4921 ea
1248 4869 1533 4937 temporis
1564 4881 1887 4939 progressu

285 4935 351 4992 in
383 4937 753 5010 spiritunlem
781 4938 1047 4995 laetitiam
1081 4954 1304 5005 magna
1333 4935 1407 4995 ex
1447 4935 1614 5010 parte
1643 4951 1888 4993 conver-

288 5023 383 5082 sa,
426 5009 532 5064 Vit.
566 5010 769 5079 Greg.,
801 5026 859 5082 p7.
906 5013 1052 5077 574.,
1097 5014 1148 5065 2.
1204 5012 1407 5080 Neque
1448 5009 1629 5082 etiam
1682 5023 1889 5082 secum

286 5078 418 5150 ipse
446 5085 674 5149 pugnat
689 5077 972 5144 Basilius,
988 5098 1126 5137 cum
1149 5077 1661 5137 Neociesarienses
1682 5077 1894 5134 laudat

287 5149 353 5205 in
385 5150 540 5209 libro
575 5154 655 5209 De
686 5152 925 5224 Spiritu
950 5151 1388 5224 sunctq._quod
1433 5151 1694 5224 Gregorii
1725 5150 1893 5204 iusti-

287 5223 797 5305 tula.arctissime
841 5227 1122 5305 teneant”
1149 5221 1511 5305 hie—“autem
1556 5221 1872 5305 ’vituperat

287 5290 553 5366 quodea
571 5296 822 5349 omnino
849 5293 1213 5366 reliquerint.
1241 5291 1357 5366 Illic
1379 5294 1537 5349 enim
1562 5290 1796 5365 respicit
1815 5308 1849 5346 a

288 5364 591 5420 exteriora
618 5366 906 5430 instituta,
937 5364 1032 5420 hic
1058 5370 1259 5420 autem
1285 5364 1363 5421 ad
1386 5366 1671 5421 virtutum
1693 5379 1893 5419 exem-

289 5432 415 5507 pla.
437 5436 702 5507 convicii
728 5434 1128 5493 etiracundias
1160 5434 1391 5507 fugam,
1414 5435 1623 5491 odium
1648 5435 1895 5506 jurisju-

291 5505 469 5561 randi
503 5514 560 5563 et
590 5507 913 5564 mendacii.

368 5579 583 5657 (7)1?»
634 5579 859 5657 κεφαλὴν
909 5578 1093 5657 agitor}.
1152 5576 1553 5657 Desunt-haec
1594 5573 1784 5657 verba
1830 5575 1893 5657 in

289 5646 569 5721 quinque
596 5646 898 5707 veteribus
926 5648 1113 5707 libris.
1159 5648 1225 5706 In
1273 5646 1547 5706 Medicaeo
1587 5651 1791 5705 autem
1836 5651 1895 5704 et

2005 4792 2458 4849 cessariensium
2489 4786 2992 4846 consuetudinem
3023 4784 3229 4841 animo
3259 4782 3477 4838 intueri
3507 4782 3662 4838 Basi-

2004 4865 2287 4929 lius,cum
2306 4863 2509 4935 statuit
2530 4862 2590 4917 in
2605 4858 2829 4935 Regula
2847 4857 3062 4935 morali
3081 4855 3664 4935 56,cap.7,nec_viros

2006 4923 2160 4993 tecto
2186 4933 2398 5007 capite,
2421 4948 2533 4988 nec
2557 4923 2835 5007 mulieres
2851 4928 3116 5007 detecto,
3154 4923 3389 5007 precari
3418 4923 3659 4982 debere.

2077 5011 2154 5072 (8)
2183 4998 2286 5078 Τού
2320 4998 2535 5078 κυρίου.
2569 5001 2814 5078 {Iade}
2847 4998 2992 5078 Med.
3026 5005 3117 5078 τοῦ
3149 5005 3303 5078 Θεοιξ,

2080 5066 2156 5147 (9)
2191 5066 2481 5146 Εύλαγκῖῳ.
2513 5073 2755 5147 Addunt
2777 5069 3290 5147 Coisl._prii_nus__et
3318 5066 3466 5147 Med.
3484 5066 3660 5140 φιλικὴ

2005 5140 2368 5224 προσηγορία,
2398 5140 2593 5224 qmjca
2616 5143 2926 5224 salutatio,
2953 5140 3113 5224 'Ilarl.
3151 5140 3447 5224 ξύλακκὶιμ.

2079 5209 2324 5283 (10)”Ᾱεί
2344 5236 2397 5268 τι
2421 5215 2610 5268 λαλεῖν.
2645 5211 2822 5269 Cois].
2873 5213 3130 5283 primus,
3176 5211 3331 5268 Harl.
3376 5209 3432 5266 et
3478 5209 3659 5267 Paris.

2006 5281 2108 5357 ἀεί’,
2128 5294 2186 5342 τὸ
2212 5289 2400 5354 λαλεῖν,
2436 5288 2546 5343 hoc
2575 5281 3027 5357 exercitationis
3054 5287 3334 5357 artisque
3362 5283 3489 5357 loco
3514 5296 3665 5336 sem-

2000 5352 2117 5434 per
2147 5352 2452 5434 habueris,
2487 5358 2652 5434 loqui
2679 5361 2824 5434 etc.,_
2848 5354 2909 5410 id
2955 5352 3339 5434 est,_d_icéndi
3368 5352 3478 5407 arti
3509 5367 3665 5432 sem-

2006 5425 2114 5508 per
2140 5425 2457 5508 studueris.
2494 5425 2781 5508 Quamvis
2810 5427 2938 5482 haec
2971 5425 3267 5508 scriptura
3303 5437 3427 5508 non
3468 5425 3663 5508 omni:

2006 5492 2089 5560 no
2137 5502 2474 5575 displiceat,
2514 5492 2714 5572 potior
2757 5502 2957 5554 tamen
3008 5492 3240 5553 videtur
3282 5492 3552 5563 vulgata,
3609 5495 3667 5573 et

2077 5642 2096 5667 ·
2119 5643 2283 5703 Alias
2311 5642 2623 5701 CCLXXXI.
2657 5638 2894 5712 Scripta
2916 5650 3079 5698 anno
3109 5638 3233 5692 3‘75.
3466 5576 3666 5633 magn
