4152 6378
543 335 648 390 767
1925 324 1982 383 S.
2023 324 2271 382 BASILII
2309 324 2527 381 MAGNI

3824 322 3943 376 768

541 456 780 514 videtur
812 456 1199 511 Neocmsarea
1227 451 1313 511 tui
1341 465 1488 524 erga
1508 466 1608 507 me
1634 447 1849 506 silentii
1888 463 2021 505 esse
2051 463 2194 504 cau-

2315 449 2473 500 ἔοικεν
2503 447 2533 505 ἡ
2576 447 2960 519 Νεοκαισςίρεια
3003 444 3151 499 αἰτία
3188 444 3319 498 εἶναι
3360 463 3446 498 σοι
3482 452 3578 508 τῆς
3621 445 3751 520 πρὸς
3789 445 3942 518 ἡμᾶς

544 562 631 602 sa.
656 552 737 603 Ac
766 546 828 601 in
858 544 1136 601 beneﬁcii
1166 542 1417 616 quidem
1440 542 1576 599 loco
1596 540 1876 597 videmur
1904 538 2197 611 accipere,

544 634 714 709 quod
737 634 843 708 qui
872 634 988 690 illic
1016 637 1156 689 sunt
1177 632 1366 689 nostri
1387 647 1511 688 non
1558 628 1943 687 meminerint
1969 645 1981 684 :
2018 628 2202 701 siqui-

544 723 687 781 dem
712 740 837 781 non
865 722 1221 790 honoriﬁca,
1252 725 1318 778 ut
1337 719 1599 777 referunt
1627 718 1732 791 qui
1765 717 2103 784 audierunt,
2125 717 2201 774 de

544 814 722 871 nobis
752 812 998 870 mentio.
1025 811 1139 869 Sed
1161 815 1225 867 tu
1253 809 1399 866 olim
1447 826 1581 866 eras
1626 824 1701 866 ex
1738 808 1813 864 iis
1850 807 1956 881 qui
1994 813 2201 864 nostra

546 919 735 961 causa
754 902 895 959 odio
923 899 1327 967 habebantur,
1351 914 1475 956 non
1498 914 1570 955 ex
1590 898 1663 955 iis
1694 897 1801 971 qui
1831 913 1929 953 me
1955 902 2202 971 propter

546 993 696 1051 alios
724 992 925 1049 odisse
967 990 1170 1048 velint.
1225 994 1429 1063 Itaque
1457 989 1620 1045 idem
1663 989 1785 1057 sis;
1831 991 1889 1044 et
1931 986 2202 1043 scribens

542 1082 891 1154 ubicunque
921 1080 1119 1144 fueris,
1148 1083 1206 1136 et
1232 1079 1443 1145 nostri,
1474 1083 1676 1150 utpar
1698 1080 1808 1145 est,
1854 1090 2108 1144 memor,
2152 1075 2202 1132 si

541 1185 665 1245 qua
690 1168 797 1226 tibi
827 1167 1131 1242 aequitatis
1155 1183 1319 1225 cura.
1352 1167 1622 1240 Equum
1651 1170 1744 1222 est
1764 1164 1923 1220 enim
1956 1164 2070 1232 his,
2094 1163 2201 1237 qui

540 1258 771 1332 priores
802 1261 1106 1327 amarunt,
1141 1272 1350 1330 parem
1380 1271 1652 1312 amorem
1683 1252 2035 1327 rependere.

972 1356 1149 1429 313
1179 1356 1517 1412 EPISTOLA
1556 1353 1766 1411 celx'.

2315 544 2541 598 σιωπῆς.
2588 541 2688 589 Καὶ
2732 535 2967 608 ἐοίκαμεν
3002 534 3118 588 ἀντὶ
3157 537 3380 609 χάριτος
3430 530 3693 608 δέχεσθαι
3740 537 3805 587 τὸ
3858 539 3940 607 μὴ

2310 627 2731 702 μνημονεύεσθαι
2759 629 2904 700 παρὰ
2927 633 3033 688 τοῖς
3062 626 3225 679 αὐτοῦ
3271 626 3424 696 (11)·
3480 621 3661 685 ἐπειδὴ
3709 626 3850 698 ἡμῖν
3904 627 3939 684 ἡ

2310 737 2491 791 μνημη
2522 716 2617 770 ούκ
2648 714 2819 789 ἀγαθή
2872 714 3035 786 ἐστιν,
3075 719 3145 777 ὡς
3187 716 3213 768 6
3252 735 3355 769 των
3399 714 3694 768 ἀκουόντων
3742 713 3939 787 λόγος.

2311 806 2468 861 Ἀλλὰ
2500 809 2566 859 σὺ
2621 806 2785 858 πάλαι
2832 814 2933 858 τῶν
2978 809 3306 878 μισουμένων
3356 801 3501 863 ἦσθα
3543 801 3619 857 δι’
3666 806 3837 878 ἡμᾶς,
3874 805 3940 857 οὗ

2310 905 2411 949 τῶν
2439 892 2515 950 δι’
2546 895 2875 971 ἑτέρουςζίὲ)
2897 896 3034 968 ἡμᾶς
3071 902 3247 969 μισεῖν
3272 893 3618 968 ἁνιχομένων.
3659 893 3722 946 Ὀ
3758 894 3941 958 αὐτὸς

2309 990 2482 1039 τοίνυν
2513 988 2624 1054 ἔσο,
2647 989 2737 1038 καὶ
2763 983 3071 1039 ἐπιστέλλων
3092 984 3249 1059 οὗπερ
3272 984 3333 1037 ἂν
3364 981 3445 1057 ᾖς,
3473 989 3564 1038 καὶ
3593 987 3937 1058 μεμνημένος

2311 1077 2456 1149 ἡμῶν
2488 1078 2553 1129 τὰ
2580 1075 2775 1144 εἰκότα,
2817 1078 2861 1129 εἶ
2896 1080 2948 1129 τί
2979 1094 3064 1129 σοι
3092 1073 3233 1148 μέλει
3274 1082 3365 1128 τοῦ
3422 1070 3657 1129 δικαίου.
3707 1075 3935 1126 Δίκαίον

2314 1162 2490 1225 δήπου
2522 1175 2615 1230 τῆς
2643 1166 2852 1239 ἀγάπης
2882 1173 2985 1228 τοῖς
3021 1169 3158 1230 ’ίσοις
3190 1163 3497 1239 ἀμείϐεσθαι
3533 1169 3651 1227 τούς
3675 1164 3938 1238 ὑπαρξα-

2311 1274 2454 1318 ντας.

2867 1360 3206 1409 ΕΠΙΣΤΟΛΗ
3245 1352 3363 1410 ΣΘ’.

546 1454 792 1513 Gratias
814 1459 942 1528 agit
967 1455 1237 1513 Basilius
1261 1454 1454 1511 amico
1475 1467 1590 1523 pro
1614 1466 1675 1509 se
1690 1451 1918 1528 praelia
1939 1447 2296 1528 sustinenti;
2326 1448 2613 1528 hortatur
2650 1457 2714 1508 ut
2764 1452 3110 1510 litterarum
3144 1452 3516 1523 paucitatem
3557 1451 3856 1508 incusare
3874 1456 3932 1508 et

1790 1523 1939 1579 talia
1966 1520 2162 1578 debita
2188 1534 2381 1596 pergo
2410 1523 2669 1596 exigere.

775 1597 919 1655 Sine
943 1596 1338 1667 inscriptione
1364 1595 1727 1666 defensionis
1756 1607 1961 1651 causa.

618 1695 834 1753 Sortito
864 1694 971 1752 tibi
1000 1693 1232 1766 obtigit,
1256 1698 1320 1751 ut
1341 1709 1582 1751 mecum
1611 1692 1917 1748 molestias
1947 1690 2199 1763 partire-

543 1784 626 1842 ris
652 1789 710 1841 et
754 1783 964 1857 praelia
999 1799 1111 1856 pro
1151 1799 1247 1839 me
1280 1783 1632 1839 sustineres.
1676 1781 1741 1837 Id
1791 1785 1995 1837 autem
2031 1779 2201 1836 fortis

546 1874 732 1931 animi
782 1873 1365 1930 demonstrationem
1411 1871 1613 1928 habet.
1663 1874 1813 1928 Nam
1855 1870 1959 1943 qui
1995 1872 2200 1925 nostra

542 1964 896 2021 moderatur
918 1966 1094 2030 Deus,
1121 1961 1215 2019 his
1244 1961 1349 2035 qui
1368 1977 1596 2033 magna
1625 1960 1777 2017 ferre
1797 1964 2054 2034 possunt
2072 1974 2199 2015 cer-

541 2053 792 2123 tamina,
843 2052 1108 2124 majores
1154 2051 1491 2125 probandae
1549 2050 1787 2108 virtutis
1846 2048 2200 2106 occasiones

539 2149 804 2216 praestat.
838 2145 906 2199 Et
931 2148 999 2200 tu
1027 2158 1170 2215 ergo
1196 2141 1278 2200 ad
1306 2141 1789 2215 explorationem
1814 2144 1932 2197 tuas
1957 2139 2019 2195 in
2053 2138 2199 2195 ami-

541 2233 681 2290 citia
706 2233 962 2296 virtutis,
989 2232 1170 2290 veluti
1213 2231 1523 2290 fornacem
1578 2246 1749 2301 auro,
1793 2234 1968 2286 tuam
2007 2227 2198 2302 ipsius

538 2320 725 2378 vitam
761 2321 1153 2395 proposuisti.
1189 2324 1508 2377 Precamur
1547 2319 1730 2390 igitur
1771 2321 1984 2386 Deum,
2033 2321 2101 2373 ut
2140 2319 2199 2374 et

541 2412 739 2467 caeteri
760 2411 1040 2467 meliores
1059 2410 1228 2478 ﬁant,
1253 2414 1312 2467 et
1350 2414 1415 2467 tu
1435 2409 1644 2466 similis
1680 2407 1764 2465 tui
1802 2407 1931 2480 ipse
1962 2421 2197 2479 perma-

537 2516 690 2558 neas
715 2519 730 2570 ;
761 2516 870 2557 nec
901 2499 1046 2557 talia
1065 2500 1311 2557 desinas
1333 2499 1635 2565 incusare,
1665 2496 1872 2571 qualia
1910 2511 2073 2553 nunc
2108 2496 2196 2551 in-

541 2605 742 2660 cusas,
769 2590 1100 2648 litterarum
1127 2588 1494 2663 paucitatem
1519 2589 1708 2646 instar
1738 2586 2018 2644 maximas
2041 2586 2199 2658 inju-

537 2679 641 2738 riae
669 2679 848 2736 nobis
874 2679 1188 2752 objiciens.
1224 2683 1322 2736 Est
1345 2679 1508 2736 enim
1534 2678 1713 2735 amici
1762 2675 2091 2744 accusatio,
2123 2689 2195 2731 ac

539 2772 741 2842 persta
760 2769 821 2825 in
845 2767 1062 2825 talibus
1093 2768 1407 2840 exigendis
1434 2767 1676 2824 debitis:
1704 2782 1829 2822 non
1852 2765 2014 2822 enim
2040 2762 2194 2821 adeo

540 2855 847 2914 absurdus
873 2856 1126 2930 quidam
1157 2873 1296 2913 sum
1325 2854 1602 2914 amicitias
1630 2853 1890 2912 debitor.

1072 2965 1186 3022 EPI
1195 2967 1419 3023 STOLA
1447 2963 1658 3023 CCX“.

2300 2590 2555 2658 μεγίστης
2621 2583 2833 2649 ἀδικίας

2704 1595 3071 1669 Ἀνεπίγραφος
3109 1593 3193 1648 ἐπὶ
3232 1593 3513 1668 ἀπολογίᾳ.

2384 1692 2783 1767 Συνεκληρὼθης
2800 1682 2913 1757 ταῖς
2938 1694 3130 1758 λύπαις
3153 1713 3244 1747 και
3264 1701 3375 1757 τοῖς
3395 1695 3522 1767 ὑπὲρ
3550 1694 3702 1766 ἡμῶν
3727 1690 3926 1765 ἀγῶσι.

2310 1787 2472 1834 Τοῦτο
2521 1778 2581 1835 δι
2626 1780 2897 1847 ἀπόδειξιν
2946 1786 3062 1855 ἔχει
3088 1789 3324 1845 νεανικὴς
3368 1782 3578 1855 ψυχῆς.
3610 1781 3672 1835 Ὀ
3720 1785 3827 1857 γὰρ
3860 1785 3930 1837 τὰ

2310 1872 2537 1945 ἡμέτερα
2566 1871 2849 1945 οἰκονομῶν
2890 1876 3020 1936 Θεὸς
3046 1870 3152 1934 τοῖς
3180 1875 3248 1926 τὰ
3273 1871 3480 1946 μεγάλα
3518 1868 3793 1947 διαφέρειν
3829 1868 3929 1925 ὃν·

2308 1964 2545 2032 ναμίνοις
2571 1960 2917 2036 ἀγωνίσματα
2945 1962 3186 2036 μείζονας
3211 1963 3487 2025 ὑποθέσεις
3516 1957 3925 2035 εὐδοκιμήσεων

2309 2048 2563 2123 προξενεῖ.
2598 2054 2699 2103 Καὶ
2732 2054 2796 2104 σύ
2825 2054 2998 2104 τοίνυν
3030 2049 3264 2125 βάσανον
3290 2058 3387 2112 τῆς
3425 2055 3547 2125 περὶ
3583 2053 3708 2111 τούς
3738 2048 3924 2123 φίλους

2308 2134 2491 2212 ἀρετῆς
2519 2140 2652 2211 (13),
2692 2142 2866 2217 ὥσπερ
2901 2145 2994 2200 τὴν
3020 2143 3236 2215 κάμινον
3262 2148 3334 2212 τῷ
3367 2143 3600 2216 χρυσίῳ.
3636 2142 3725 2191 τὸν
3776 2159 3922 2192 σοιν-

2305 2234 2399 2279 τοῦ
2430 2226 2548 2301 βίον
2574 2231 2889 2305 προέθηκάς.
2934 2230 3220 2304 Εύχόμεθα
3247 2226 3335 2282 ὀῦν
3372 2237 3444 2301 τῷ
3484 2235 3600 2300 Θεῷ
3643 2232 3735 2282 καὶ
3789 2232 3921 2291 τούς

2304 2313 2517 2380 λοιπούς
2549 2316 2782 2391 βελτίους
2805 2321 3067 2392 γενέσθαι,
3100 2324 3192 2373 καὶ
3243 2323 3300 2373 σε
3343 2321 3522 2394 ὅμοιον
3580 2317 3743 2390 ἐαυτῷ
3786 2315 3917 2372 δια-

2304 2412 2498 2479 μεῖναι.
2551 2412 2642 2461 καὶ
2684 2411 2752 2461 τὰ
2808 2416 3031 2463 τοιαῦτα
3081 2409 3397 2482 ἐγκαλοῦντα
3455 2412 3529 2483 μὴ
3571 2409 3907 2477 παύσασθαι,

2305 2496 2391 2548 οἷα
2413 2504 2501 2548 νῦν
2529 2494 2849 2569 ἐνεκάλεσας,
2896 2503 2991 2558 τὴν
3021 2506 3122 2552 τῶν
3169 2500 3494 2575 γραμμάτων
3554 2494 3744 2551 ἔνδειαν
3783 2494 3907 2549 ἂντὶ

2921 2590 3046 2662 ἡμῖν
3117 2593 3408 2664 προφέρων.
3483 2586 3637 2642 Φίλον
3704 2586 3805 2658 γὰρ
3849 2587 3917 2637 τὸ

2303 2674 2559 2749 ἔγκλημα,
2605 2680 2696 2730 καὶ
2753 2676 2969 2751 ἀνάμενε
3006 2677 3078 2749 τῷ
3135 2681 3201 2732 τὰ
3236 2685 3458 2731 τοιαῦτα
3509 2677 3623 2747 (14)
3674 2673 3920 2728 ἀπαιτεῖν

2303 2763 2599 2838 ὀφλήματα.
2643 2766 2719 2819 Ού
2748 2769 2852 2842 γὰρ
2903 2768 3038 2821 οὕτω
3089 2787 3171 2830 τις
3209 2768 3399 2830 ἄτοπός
3440 2765 3547 2841 εἰμι
3575 2763 3745 2840 φιλίας
3774 2768 3918 2839 χρή-

2305 2873 2437 2918 στης
2466 2854 2602 2927 (15).

2845 2969 3184 3018 ΕΠΙΣΤΟΛῐί
3231 2969 3289 3018 ΣΙ
3316 3005 3332 3020 .

540 3060 690 3118 Cum
714 3061 946 3118 Basilio
971 3077 1159 3133 prope
1184 3064 1637 3120 Neocaesaream
1664 3059 2014 3133 adveniente
2038 3061 2208 3113 ortus
2241 3057 2455 3133 fuisset
2487 3062 2779 3117 tumultus
2804 3062 2868 3118 in
2905 3063 3168 3131 civitate,
3198 3077 3272 3119 ac
3300 3060 3414 3118 alii
3447 3060 3753 3133 fugerent,
3799 3057 3924 3133 alii

608 3134 859 3214 somniis
876 3129 1167 3214 terrorem
1188 3139 1553 3214 spargerent
1577 3149 1591 3200 ;
1623 3132 1893 3214 Basilius
1924 3144 2166 3214 causam
2196 3131 2444 3214 exponit
2472 3147 2583 3214 cur
2592 3133 2687 3214 ait
2712 3133 2841 3214 h_c_e_c
2868 3134 3000 3189 loca
3004 3129 3282 3214 'yenerit.
3318 3129 3579 3214 Causam
3606 3129 3918 3214 tumultus

607 3203 803 3269 reiicit
836 3205 900 3260 in
926 3204 1147 3261 ducum
1177 3200 1470 3262 invidiam
1500 3209 1556 3261 et
1586 3204 1902 3260 consilium
1926 3200 2280 3274 inducenda:
2303 3200 2545 3260 haeresis
2581 3204 2965 3260 Sabellianae.
2994 3205 3171 3261 Hanc
3204 3205 3475 3262 haeresim
3526 3202 3755 3274 refellit
3794 3202 3920 3274 Ba-

607 3276 799 3344 silius,
833 3289 906 3331 ac
932 3278 1232 3345 promittit
1260 3292 1322 3333 se
1338 3278 1652 3333 molestum
1677 3290 1799 3331 non
1826 3274 1978 3342 fore,
2007 3273 2061 3326 si
2083 3287 2345 3328 errorem
2370 3278 2584 3345 negent
2614 3291 2627 3330 :
2656 3276 2761 3332 sed
2782 3279 2836 3331 si
2862 3282 3129 3345 perstent
3167 3278 3232 3331 in
3254 3290 3476 3335 errore.
3502 3272 3598 3331 ad‘
3619 3273 3774 3330 alias
3798 3272 3918 3329 Ec-

607 3347 816 3403 clesias
844 3349 1238 3416 scripturum.
1265 3349 1487 3404 Locum
1522 3347 1795 3417 Gregorii
1820 3345 2108 3417 explicat,
2130 3358 2246 3417 quo
2268 3346 2369 3417 isti
2386 3346 2448 3401 in
2474 3348 2726 3417 epistola
2741 3347 2824 3404 ad
2842 3349 3195 3404 Anthimum
3217 3348 3393 3404 abusi
3405 3348 3679 3417 fuerant.
3704 3345 3916 3417 Ipsum

608 3418 1143 3499 etiam-Meletium,
1172 3420 1349 3499 misso
1379 3419 1585 3499 aliquo
1612 3415 1855 3499 sc7__'ipto,
1882 3415 2219 3499 periclitati
2260 3415 2530 3499 fuerant.
2568 3420 3075 3499 Neocwsarienses
3105 3423 3303 3499 monet
3346 3415 3422 3499 ne
3460 3418 3637 3499 falsis
3663 3416 3919 3473 somniis

608 3487 1012 3562 decipiantur,
1046 3505 1177 3562 quae
1200 3491 1433 3548 etiamsi
1453 3487 1645 3549 essent
1673 3487 2004 3559 Evangelia
2030 3491 2450 3558 consentanea,
2484 3491 2627 3561 quia
2659 3496 2858 3548 tamen
2888 3491 3250 3550 charitatem
3281 3487 3539 3559 laedunt,
3566 3489 3639 3546 iis
3654 3501 3918 3559 prorsus

606 3560 1111 3630 supersedendum
1141 3567 1313 3619 esset.

927 3658 1030 3715 Ad
1048 3659 1345 3729 primores
1373 3658 1795 3716 Neoczsarew.

612 3758 661 3810 1.
685 3753 867 3811 Plane
892 3756 1041 3813 nihil
1066 3772 1222 3829 opus
1245 3761 1393 3828 erat,
1429 3761 1492 3814 ut
1529 3772 1737 3814 meum
1782 3755 1961 3813 vobis
2002 3769 2189 3812 enun-

534 3842 751 3909 tiarem
772 3843 1112 3914 consilium,
1136 3848 1242 3903 aut
1260 3846 1484 3919 quibus
1504 3861 1667 3903 nunc
1688 3845 1764 3902 de
1796 3844 1996 3903 causis
2012 3844 2074 3901 in
2093 3843 2188 3900 his

538 3931 654 3988 sim
683 3930 854 4001 locis,
885 3948 1276 4007 exponerem.
1312 3938 1463 3991 Nam
1510 3934 1758 4008 alioqui,
1798 3951 1997 4009 neque
2028 3949 2188 3990 unus

538 4038 673 4079 sum
702 4038 775 4079 ex
802 4024 874 4080 iis
902 4026 1008 4097 qui
1030 4026 1278 4098 publico
1300 4028 1588 4098 gaudent,
1618 4043 1817 4100 neque
1844 4044 1940 4084 res
1966 4030 2048 4084 tot
2068 4031 2189 4084 tes-

538 4111 698 4169 tibus
714 4112 900 4183 digna
919 4118 1029 4171 est.
1045 4114 1167 4171 Sed
1189 4115 1426 4188 opinor,
1443 4132 1571 4173 non
1589 4132 1725 4189 quae
1742 4116 2024 4175 volumus
2046 4116 2190 4175 faci-

536 4217 703 4272 mus,
730 4201 839 4259 sed
867 4218 939 4259 ea
968 4203 1048 4260 ad
1073 4220 1211 4277 quas
1236 4220 1352 4261 nos
1382 4212 1719 4279 provocant
1761 4208 1948 4264 vestri
1981 4208 2188 4264 duces.

536 4290 682 4347 Mihi
703 4290 863 4349 enim
877 4292 1127 4349 omnino
1145 4294 1412 4366 ignorari
1427 4296 1624 4366 magis
1646 4296 1845 4353 studio
1865 4296 2190 4368 fuit,quam

537 4381 743 4453 glorise
772 4382 1009 4455 cupidis
1048 4383 1111 4439 in
1136 4382 1268 4442 luce
1294 4385 1538 4442 versari.
1568 4386 1683 4443 Sed
1722 4388 1866 4460 quia
1888 4389 2186 4456 omnium,

535 4474 605 4528 ut
627 4471 830 4541 audio,
853 4472 962 4545 qui
979 4472 1041 4529 in
1061 4478 1262 4532 vestra
1287 4475 1523 4532 civitate
1545 4480 1706 4539 sunt.
1728 4492 1907 4535 aures
1937 4479 2190 4536 circum-

537 4566 891 4631 sonuerunt,
923 4565 981 4618 et
1006 4562 1263 4636 quidam
1287 4565 1613 4622 verborum
1653 4566 1910 4623 artiﬁces
1936 4573 1993 4625 et
2023 4584 2192 4626 men-

534 4649 692 4707 dacii
712 4651 1123 4724 architecti,ad
1137 4652 1254 4711 hoc
1272 4654 1474 4726 ipsum
1488 4655 1763 4712 mercede
1784 4657 2188 4728 conducti,res

533 4755 704 4797 meas
730 4740 905 4798 vobis
936 4746 1223 4800 enarrant
1246 4760 1260 4812 ;
1287 4742 1634 4800 faciendum
1662 4744 1911 4804 minime
1931 4746 2096 4821 duxi,
2122 4752 2189 4807 ut

608 4870 629 4940 έ
658 4865 817 4940 Alias
838 4867 1122 4923 CCXXVII.
1160 4868 1391 4940 Scripta
1424 4883 1587 4925 anno
1618 4871 1743 4928 375.

606 4939 653 4960 “
678 4938 838 4993 Alias
860 4940 1036 4994 LXIV.
1074 4938 1304 4997 Scripta
1332 4955 1495 4997 anno
1526 4944 1649 4997 375.

534 5008 732 5092 {magis
760 5013 1175 5092 consentanea
1201 5008 1576 5092 loquacitati,
1624 5028 1838 5092 quam
1875 5029 2000 5092 non
2059 5015 2189 5092 sine

532 5076 763 5153 lepore
801 5078 1055 5153 Basilius
1119 5076 1330 5153 objicit
1393 5076 1699 5141 Eulancié.

532 5235 733 5294 posse.

746 5294 817 5345 T6
848 5295 992 5374 μὴν.
1024 5296 1170 5374 παρὰ
1198 5300 1310 5356 τοῖς
1356 5294 1545 5374 αὐτοῦ..
1581 5297 1675 5374 _Sic
1719 5313 1834 5374 (ipe
1878 5299 2189 5373 utriusque

535 5362 709 5444 Cois]:
738 5362 1212 5444 emendavimus.
1236 5365 1555 5444 quoderat
1582 5368 1643 5424 in
1691 5362 1961 5444 editis_1-6
1989 5362 2188 5444 μνημο-

533 5436 775 5523 νεύεξῖθαξ
810 5437 957 5524 παρα
1002 5442 1094 5487 τοῦ
1147 5434 1332 5524 καύτοῦ.
1384 5437 1566 5524 Paulo
1624 5445 1762 5524 post
1820 5434 2184 5515 editi-6:76:69)

537 5508 725 5576 ὁμοίως
748 5508 888 5558 ἐστὶν
921 5508 1119 5581 ὥσπερ.
1146 5508 1259 5563 Sex
1288 5522 1436 5563 mss.
1464 5513 1529 5565 ut
1551 5508 1614 5565 in
1627 5508 1828 5567 'textu.
2056 5508 2068 5515 ’

538 5643 577 5657 ἢ
608 5577 722 5657 (1?)
747 5577 823 5628 Δι’
856 5577 1076 5657 ξτέρους.
1128 5580 1218 5657 litt
1270 5593 1383 5657 sex
1427 5595 1600 5657 ms_s..
1631 5582 1784 5657 Editi
1834 5590 1935 5635 τῶν
1981 5583 2187 5657 ἑτέρων.

537 5643 717 5701 Paulo
740 5652 882 5718 post
911 5643 1058 5705 mss.
1087 5653 1317 5723 septem
1357 5651 1463 5707 ἔσο.
1497 5650 1649 5711 Editi
1675 5656 1792 5726 ἔσῃ.

1784 5084 2061 5142 Similiter
2127 5087 2190 5143 in

533 5148 706 5222 epist.
745 5152 816 5205 2O
844 5148 1119 5220 linguam
1150 5148 1433 5225 sophistae
1463 5161 1647 5226 negat
1692 5155 1864 5213 silere
1913 5173 2190 5230 unquam

2483 3664 2600 3721 Τοῖς
2623 3662 2760 3714 κατὰ
2788 3665 3196 3739 Νεοκαισάρειαν
3224 3661 3562 3736 λογιωτάτοις
3591 3660 3723 3731 (16).

2370 3760 2428 3815 1.
2466 3757 2632 3820 Ὀλως
2806 3759 2958 3815 οὐδὲν
3001 3758 3224 3837 ἐδεόμην
3278 3766 3371 3821 τὴν
3417 3759 3643 3835 ἐμαυτοῦ
3691 3762 3915 3831 γνώμην

2300 3846 2635 3924 δημοσιεύειν
2665 3853 2807 3925 ὑμῖν,
2834 3849 2960 3906 οὐδὲ
2996 3856 3090 3916 τὰς
3136 3853 3306 3914 αἰτίας
3351 3851 3540 3925 λέγειν,
3598 3847 3671 3904 δι’
3723 3848 3789 3911 ἀς
3815 3868 3915 3902 νυν

2299 3938 2390 4013 ἒγυ
2423 3940 2510 3994 ἐπὶ
2558 3949 2658 3993 τῶν
2703 3946 2873 3995 τόπων
2922 3942 3030 4016 εἰμὶ
3060 3944 3256 3995 τούτων
3283 3960 3298 3974 ο
3353 3944 3576 4016 καὶγὰρ
3630 3936 3755 3993 ούδὶ
3813 3938 3913 3991 αἴλ-

2297 4029 2394 4091 λως
2450 4039 2550 4083 τῶν
2598 4038 2961 4104 φανητιὼντων
3007 4032 3129 4105 ἐγὼ,
3172 4027 3297 4085 οὐδὲ
3343 4034 3403 4085 τὸ
3446 4037 3668 4107 πρᾶγμα
3713 4031 3911 4082 τοσού-

2297 4140 2400 4173 των
2427 4123 2706 4196 μαρτύρων
2759 4120 2940 4184 ἄξιον·
2972 4120 3079 4174 ἀλλ’
3111 4118 3278 4194 οἶμαι,
3330 4120 3437 4193 ούχ
3501 4120 3538 4172 ἃ
3597 4117 3911 4193 βουλόμεθα

2296 4217 2567 4282 ποιοῦμεν,
2635 4207 2745 4262 ἁλλ’
2805 4209 2881 4282 ἐφ’
2941 4208 2977 4263 ἃ
3031 4210 3411 4287 προκαλοῦνται
3477 4211 3613 4283 ἡμας
3669 4209 3719 4261 οἱ
3770 4209 3905 4260 καθ-

2300 4302 2599 4372 ηγούμενοι,
2668 4299 2812 4353 Ἐπεὶ
2876 4302 3052 4373 ἔμοιγε
3110 4305 3166 4353 1'6
3246 4298 3511 4362 παντελῶς
3589 4298 3905 4372 ἀγνοεῖσθαι

2296 4387 2446 4442 πλέον
2508 4384 2873 4441 ἐσπούδασται
2916 4390 2946 4449 ἣ
3005 4389 3112 4453 τοίς
3165 4386 3460 4462 φιλοδόξοις
3523 4392 3583 4443 1'6
3629 4385 3904 4461 διαφαίνε-

2300 4480 2445 4534 σθαι.
2498 4479 2639 4531 Ἐπεὶ
2687 4474 2746 4531 δε
2791 4479 3018 4547 πάντων,
3070 4482 3139 4540 ὡς
3187 4477 3363 4532 ἀκούω
3409 4479 3549 4549 (17),
3593 4486 3695 4532 τῶν
3760 4481 3907 4531 κατὰ

2296 4572 2391 4627 τὴν
2460 4568 2711 4642 ὑμετέραν
2777 4567 2924 4621 πόλιν
2980 4572 3048 4621 τὰ
3117 4566 3226 4621 ὦτα
3280 4565 3736 4643 διατεθρύλληται,
3806 4574 3905 4622 καὶ

2296 4658 2401 4712 εἰσί
2429 4677 2558 4720 τινες
2605 4656 2897 4728 λογοποιοὶ,
2947 4653 3266 4733 δημιουργοὶ
3319 4665 3412 4712 του
3462 4654 3718 4730 ψεύδους,
3769 4661 3904 4734 πρὸς

2296 4748 2425 4802 αὐτὸ
2472 4756 2625 4801 τοῦτο
2669 4750 3076 4821 μεμισθωμένοι,
3136 4748 3185 4801 οἳ
3233 4750 3302 4801 τὰ
3339 4748 3436 4823 ἐμὰ
3486 4750 3608 4822 ύμῖν
3657 4746 3906 4820 ἐξηγοῦν-

2364 4872 2479 4942 (13)
2500 4878 2672 4932 Τῆς...
2707 4869 2912 4944 ἀρετῆς.
2939 4870 3142 4944 Codex
3173 4870 3499 4944 Vaticanus
3538 4875 3634 4930 τὴν
3682 4869 3899 4944 ἀρετήν.

2366 4947 2481 5015 (llr)
2528 4950 2613 5014 Τῷ
2660 4942 3006 5015 resumam.
3054 4942 3535 5015 Prima_vocula,
3584 4942 3771 5015 quam
3822 4958 3902 4999 ex

2298 5014 2471 5072 Coisl.
2504 5013 2771 5071 secundo
2799 5018 2857 5070 et
2884 5016 3023 5084 Reg.
3058 5013 3327 5070 secundo
3371 5013 3661 5083 eruimus,
3690 5013 3903 5072 deerat

2296 5086 2361 5143 in
2391 5085 2582 5142 editis.
2613 5085 2785 5141 Coisl.
2815 5084 3049 5143 primus
3078 5089 3136 5137 1'6
3166 5087 3233 5137 τὰ
3258 5092 3497 5141 τοιαῦτα.

2372 5159 2484 5229 (15)
2511 5155 2912 5232 ’Χρὴστης-ᾙε.
2940 5155 3607 5232 Coisl._uterque,__Vat.
3653 5161 3712 5213 et
3749 5158 3895 5228 Reg.

2299 5227 2629 5302 secundus.
2661 5230 2783 5284 Vox
2807 5227 2911 5284 illa
2937 5228 3003 5302 i_n_
3029 5227 3545 5302 Medicam—codice
3587 5227 3894 5302 corrupta.

2299 5300 2448 5374 Editi
2468 5304 2769 5374 χρεώστης,
2798 5299 2963 5374 quod
2990 5298 3150 5355 idem
3180 5304 3375 5374 sonat.

2371 5370 2484 5443 (16)
2514 5370 3086 5444 Τοῖς...γλογίιωτάτοις.
3134 5371 3312 5444 Ha_rl.,
3342 5370 3515 5428 Coisl.
3564 5370 3802 5444 primus

2296 5441 2470 5497 unus
2481 5441 2945 5530 exﬁegiis'npé;
2987 5446 3172 5503 τούς...
3215 5441 3587 5516 λογιωτάτουςζ
3637 5445 3762 5499 Duo
3794 5442 3900 5500 alii

2296 5522 2402 5568 τοῖς
2431 5522 2630 5568 αὐτοῖς.

2365 5535 2377 5566 ι
2431 5534 2580 5566 αυόι
2616 5554 2630 5568 ο

2365 5534 2484 5657 (€17)
2505 5534 2815 5648 Ὠςςίικούω.
2848 5588 2936 5643 Ita
2963 5598 3183 5642 novem
3220 5600 3367 5641 mss.
3419 5584 3570 5643 Editi
3599 5585 3667 5639 ὧν
3699 5584 3893 5644 ἀκούω.
