4152 6374
224 262 353 318 769

1241 256 1726 319 EPISTOLARUM
1765 261 2051 320 CLASSIS
2089 264 2157 319 II.
2198 262 2412 322 EPIST.
2456 264 2606 323 CCX.

3499 270 3607 329 770

224 400 349 438 ται⁶
381 385 478 439 οὐκ
533 384 713 458 ᾠήθην
771 379 878 438 δεῖν
920 382 1173 459 περιιδεῖν
1220 386 1358 459 ὑμᾶς
1401 390 1582 460 γνώμῃ
1640 392 1824 462 πονηρὲ

1948 403 2058 444 vos
2085 387 2258 460 parvi
2278 388 2607 462 penderem
2635 389 2800 447 malo
2822 389 3029 448 animo
3058 390 3426 466 sordidaque
3450 408 3604 452 voce

222 479 329 528 καὶ
393 482 531 548 φωνῇ’
574 474 796 550 ῥυπώσῃ
840 470 1280 548 διδασκομένους,
1310 473 1419 527 ἀλλ’
1474 476 1630 537 αὐτὸς
1684 476 1840 529 εἰπεῖν

223 566 304 618 τὰ
364 562 592 636 ἐμαυτοῦ
622 562 756 625 ὃπως
793 566 925 637 ἔχει.
972 562 1106 636 Ἐγὼ
1157 569 1247 618 καὶ
1283 561 1375 618 διὰ
1421 569 1516 625 τὴν
1554 563 1610 617 ἐκ
1650 562 1841 627 παιδός

223 673 329 727 μοι
367 672 498 729 προς
547 655 607 705 τὸ
662 656 864 726 χωρίον
919 661 1072 706 τοῦτο
1116 656 1393 713 συνήθειαν
1437 653 1683 723 (ἐνταῦθα
1736 656 1838 729 γὰρ

225 742 466 818 ἐτράφην
513 743 658 818 παρὰ
710 749 772 814 τῇ
827 740 1054 815 ἐμαυτοῦ
1092 744 1242 816 τίτθη
1275 743 1389 814 [18]
1410 743 1447 814 ),
1472 748 1562 795 καὶ
1613 739 1708 797 διὰ
1748 748 1839 802 τὴν

223 834 370 905 μετὰ
433 838 601 884 ταῦτα
666 835 750 884 ἐπὶ
824 831 1064 885 πλεῖστον
1122 829 1395 906 διατριϐὴν
1428 872 1442 899 ,
1498 833 1581 886 ὃτε
1641 835 1838 906 φεύγων

221 924 360 983 τοὺς
419 920 719 984 πολιτικούς
780 919 1027 995 θορύϐους
1054 964 1068 989 ,
1131 917 1427 980 ἐπιτήδειον
1489 921 1840 995 ἐμφιλόσοφῆ-

227 1029 328 1064 σαι
360 1007 455 1063 διὰ
483 1014 577 1069 τὴν
606 1008 662 1062 ἐκ
709 1017 804 1072 τῆς
847 1008 1066 1086 ἐρημίας
1103 1012 1341 1083 ἡσυχίαν
1367 1014 1425 1063 τό
1453 1016 1656 1086 χωρίον
1684 1019 1836 1064 τοῦτο

224 1101 550 1173 καταμαθὼν
581 1143 597 1169 ,
662 1099 861 1152 πολλῶν
921 1098 1045 1152 ἐτῶν
1106 1099 1279 1173 ἐφεξῆς
1345 1096 1648 1174 ἐνδιέτριψα
1705 1104 1836 1174 χρό-

223 1208 343 1255 νον,
380 1194 470 1242 καὶ
519 1184 613 1241 διὰ
649 1192 744 1247 τὴν
772 1196 860 1241 νῦν
903 1197 1003 1242 τῶν
1061 1186 1295 1263 ἀδελφῶν
1361 1187 1645 1261 ἐνοίκησιν,
1705 1189 1835 1264 βρα-

227 1283 391 1352 χείας
436 1276 694 1341 ἀναπνοῆς
720 1276 776 1330 ἐκ
812 1287 913 1331 τῶν
964 1287 1305 1351 κατεχουσῶν
1361 1281 1499 1352 ἡμᾶς
1566 1278 1834 1352 ἀσχολιῶν

230 1366 521 1442 ἐπιτυχὼν,
552 1367 776 1441 ἄσμενος
839 1367 996 1427 ἦλθον
1033 1367 1118 1421 ἐπὶ
1169 1373 1264 1429 τὴν
1320 1367 1578 1441 ἐσχατιὰν
1614 1371 1828 1427 ταύτηνο

228 1456 345 1531 οὐχ
403 1460 468 1519 ὡς
528 1456 721 1531 ἑτέροις
776 1455 1001 1511 ἐντεῦθεν
1059 1458 1349 1533 πράγματα
1410 1457 1666 1531 παρέξων,
1723 1456 1832 1510 ἀλλ’

218 1550 297 1610 ὡς
318 1546 475 1609 αὐτός
492 1549 585 1605 τὴν
607 1544 833 1618 ἐμαυτοῦ
862 1547 1191 1619 θεραπεύσων
1211 1546 1328 1619 (19)
1348 1545 1649 1619 ἐπιθυμίαν.

293 1640 352 1693 2.
389 1639 453 1689 Τί
525 1630 614 1688 οὖν
676 1638 788 1710 χρὴ
855 1638 983 1713 πρὸς
1046 1634 1274 1711 ὀνείρους
1334 1638 1696 1709 καταφεύγειν,
1735 1639 1827 1688 καὶ

1950 477 2207 549 edoceri,
2240 479 2349 535 sed
2373 483 2440 536 ut
2479 495 2618 536 mea
2667 480 2796 553 ipse
2848 479 3181 553 eloquerer,
3207 483 3519 555 quomodo
3541 498 3604 540 se

1949 567 2236 624 habeant.
2265 569 2558 642 Equidem
2578 570 2795 643 etquia
2821 571 2963 627 huic
2993 570 3129 628 loco
3158 577 3438 629 assuetus
3462 588 3604 629 sum

1949 673 2199 730 apuero
2226 658 2344 730 (hic
2395 659 2554 716 enim
2599 660 2765 733 apud
2805 660 3007 717 aviam
3059 676 3263 718 meam
3310 662 3605 719 educatus

1951 751 2196 815 sum),et
2223 748 2367 820 quia
2394 749 2726 823 tibipostea
2746 750 2962 823 perdiu
2995 767 3131 807 sum
3162 756 3599 824 commoratus,

1949 852 2088 895 cum
2119 837 2323 894 civiles
2368 838 2660 895 tumultus
2687 840 2945 910 fugiens,
2977 840 3037 896 in
3065 840 3182 896 hoc
3228 840 3384 909 loco,
3415 856 3602 914 quem

1948 926 2028 983 ad
2070 926 2627 999 philosophandum
2658 928 2738 985 ob
2769 928 3109 985 solitudinis
3159 929 3425 1002 quietem
3467 930 3601 987 ido-

1945 1030 2131 1072 neum
2168 1031 2301 1072 esse
2349 1033 2773 1089 cognoveram,
2803 1033 3000 1075 annos
3045 1017 3250 1092 plures
3278 1019 3600 1076 continuos

1946 1106 2333 1178 consumpsi;
2375 1111 2434 1162 et
2487 1107 2632 1179 quia
2682 1107 2895 1163 fratres
2945 1123 3108 1163 nunc
3161 1107 3247 1164 ibi
3293 1107 3596 1179 habitant,

1943 1194 2192 1252 brevem
2218 1210 2254 1251 a
2280 1196 2538 1265 negotiis
2568 1194 2791 1268 quibus
2817 1195 3109 1263 detineor,
3135 1196 3598 1269 respirationem

1943 1288 2178 1352 nactus,
2206 1283 2423 1341 lubens
2443 1284 2523 1341 ad
2545 1285 2706 1341 hanc
2749 1285 3134 1342 solitudinem
3163 1286 3392 1343 accessi
3420 1302 3434 1353 ;
3469 1301 3597 1344 non

1943 1378 2008 1430 ut
2031 1373 2168 1429 inde
2188 1373 2321 1430 aliis
2345 1375 2590 1445 negotia
2620 1374 2672 1446 3
2688 1373 2800 1447 14
2831 1374 3199 1441 exhiberem,
3233 1376 3341 1433 sed
3369 1380 3436 1433 ut
3455 1392 3595 1434 meo

1940 1462 2074 1537 ipse
2099 1478 2333 1520 morem
2363 1478 2634 1535 gererem
2662 1463 2984 1523 desiderio.

2010 1647 2063 1699 2.
2106 1642 2260 1710 Quid
2288 1642 2468 1713 igitur
2495 1656 2651 1716 opus
2681 1645 2773 1699 est
2791 1641 2870 1699 ad
2896 1642 3134 1700 somnia
3163 1640 3512 1713 confugere,
3536 1645 3596 1700 et

214 1728 621 1805 ὀνειροσκόπους
678 1727 1044 1800 μισθοῦσθαι,
1097 1730 1189 1778 καὶ
1236 1725 1285 1778 ἐν
1340 1733 1458 1787 ταῖς
1530 1721 1824 1799 πανδήμοις

1941 1732 2318 1789 somniorum
2350 1731 2758 1805 speculatores
2784 1730 3146 1799 conducere,
3170 1734 3227 1788 et
3249 1747 3363 1788 nos
3393 1731 3455 1788 in
3485 1747 3595 1804 pu-

215 1819 530 1873 ἐστιοίσεσιν
587 1817 724 1889 ἡμᾶς
767 1816 1036 1869 ποιεῖσθαι
1080 1819 1348 1890 παροίνιον
1394 1811 1664 1888 διήγημας
1699 1814 1828 1887 Ἐγώ

213 1911 349 1981 γὰρ,
374 1903 539 1960 εἶκαὶ
568 1903 692 1979 παρ’
710 1903 887 1967 ἄλλοις
936 1909 1074 1958 τισὶν
1124 1903 1259 1962 ἦσαν
1302 1905 1357 1957 αἱ
1400 1900 1436 1957 δ
1442 1903 1667 1970 ιαϐολαι,
1699 1904 1829 1977 ὑμᾶς

218 1996 285 2050 ἂν
338 2003 429 2057 τῆς
481 1994 709 2067 ἐμαυτοῦ
767 1999 982 2067 γνώμης
1060 1995 1328 2069 μάρτυρας
1382 1994 1826 2069 παρεστησάμην.

224 2090 331 2140 Καί
377 2092 465 2136 νῦν
522 2082 653 2147 ἀξιῶ
709 2083 877 2136 αύτῶν
920 2086 1139 2136 ἕκαστον
1189 2091 1289 2136 τῶν
1328 2082 1564 2136 παλαιῶν
1626 2082 1828 2136 ἐκείνων

224 2173 659 2248 ἀναμνησθῆναι,
713 2172 795 2226 ὅτε
856 2171 1024 2226 ἐκαλει
1092 2175 1184 2245 μὲν
1245 2175 1387 2245 ἡμᾶς
1439 2173 1470 2230 ἠ
1533 2171 1678 2233 πόλις
1744 2171 1829 2225 ἐπὶ

221 2270 320 2325 τὴν
370 2273 471 2318 τῶν
525 2269 649 2318 νέων
711 2262 1021 2337 ἐπιμέλειαν,
1051 2262 1305 2338 πρεσϐεία
1368 2259 1427 2315 δὲ
1492 2270 1666 2335 παρῆν
1729 2270 1827 2315 τῶν

217 2355 344 2431 παρ’
374 2357 505 2429 ,ὑμῖν
559 2350 761 2431 ἀνδρῶν
791 2356 841 2406 οἱ
892 2353 941 2407 ἐν
991 2352 1140 2407 τελει·
1174 2355 1304 2426 μετά
1353 2349 1412 2406 δὲ
1463 2360 1664 2417 ταῦτα,
1692 2352 1828 2416 ὅπως

214 2442 486 2519 πανδημεὶ
536 2447 724 2506 πάντες
791 2444 1158 2517 περιχυθέντες
1204 2445 1374 2516 ἡμᾶς,
1431 2445 1485 2495 τί
1540 2445 1632 2516 μὲν
1696 2442 1826 2515 ούχὶ

214 2532 461 2598 διδόντες
488 2552 503 2603 ;
530 2538 585 2588 τί
610 2530 670 2587 δε
696 2533 805 2606 ούχ
857 2534 1268 2605 ὑπισχνούμενοι
1290 2549 1305 2601 ;
1336 2532 1474 2605 ὅμως
1530 2540 1824 2603 κατασχεῖν

218 2626 359 2697 ἡμᾶς
409 2624 506 2676 οὐκ
552 2621 922 2683 ἠδυνήθησαν.
974 2629 1090 2685 Πῶς
1137 2618 1226 2675 οὖν
1275 2624 1301 2674 ὁ
1348 2627 1466 2675 τότε
1511 2622 1825 2695 καλούμενος

220 2713 331 2785 οὐχ
410 2713 683 2765 ὑπακούων
716 2757 731 2782 ,
785 2720 876 2765 νῦν
949 2711 1252 2785 ἐπεχείρουν
1329 2710 1553 2775 ἄκλητος
1608 2711 1823 2764 εἰσωθί-

228 2803 416 2866 ζεσθαι
477 2802 623 2874 (20);
676 2810 783 2864 πῶς
840 2798 900 2855 δέ
949 2803 976 2855 ό
1036 2806 1158 2864 τοὺς
1222 2800 1555 2863 ἐπαινοῦντας
1605 2821 1669 2874 με
1733 2805 1823 2854 καὶ

227 2893 595 2965 θαυμάζοντας
651 2890 951 2965 ἀποφεύγων
974 2936 990 2962 ,
1041 2891 1241 2964 ἔμελλον
1315 2892 1377 2943 οἶν
1432 2898 1520 2943 νῦν
1613 2887 1822 2943 διώκειν

223 2983 348 3043 τούς
414 2976 821 3048 διαϐαλλοντας;
862 2986 948 3039 Μὴ
998 2980 1211 3039 οἰηθῆτε
1242 3023 1258 3049 ,
1316 2976 1357 3031 ὦ
1420 2980 1634 3055 ἄριστοι
1661 3000 1673 3013 ⁸
1717 2979 1823 3052 ούχ

222 3070 386 3133 οὔτως
414 3072 579 3122 εῦωνα
618 3070 732 3143 (21)
769 3072 836 3123 τά
890 3072 1136 3143 ἡμέτερα.
1169 3072 1303 3121 Ούτε
1330 3070 1431 3144 γὰρ
1485 3067 1546 3120 ἆν
1582 3089 1661 3129 τις
1699 3066 1823 3120 ἀκυ-

218 3157 466 3233 ϐερνήτου
517 3158 701 3212 πλοίου
769 3166 1044 3233 σωφρονῶν
1096 3156 1305 3216 ἐπιϐαίη
1342 3200 1356 3226 ,
1415 3156 1533 3211 οὒτε
1599 3156 1822 3216 Ἐκκλη-

219 3252 314 3321 σία
339 3247 658 3324 παραϐάλοι,
690 3249 828 3321 ᾖτόν
874 3244 1117 3301 κλύδωνα
1170 3252 1260 3300 καὶ
1315 3252 1411 3306 τὴν
1462 3246 1624 3309 ζάλην
1679 3248 1823 3301 ούτοὶ

216 3340 268 3391 οἱ
310 3340 395 3392 ἐπὶ
431 3347 531 3390 τῶν
579 3339 771 3391 οἰάκῶν
808 3340 1145 3411 καθεζόμενοι
1190 3337 1488 3410 ἐμποιοῦσι.
1513 3339 1673 3390 Πόθεν
1719 3340 1820 3413 γὰρ

217 3431 399 3500 γέγονε
445 3426 668 3502 θορύϐου
728 3427 933 3502 πλήρης
969 3429 999 3487 ἡ
1032 3426 1199 3493 πόλις,
1227 3428 1311 3479 ὅτε
1342 3429 1393 3479 οἱ
1448 3429 1537 3500 μεν
1586 3428 1818 3499 ἔφευγον,

216 3512 430 3580 ούδενὸς
480 3513 760 3578 διώκοντος
790 3558 805 3585 ,
856 3516 905 3570 οἰ
962 3512 1021 3569 δὲ
1076 3515 1367 3589 ὑπεξῄεσαν
1413 3518 1549 3589 (22),
1610 3513 1821 3579 οὐδενὸς

218 3604 485 3667 ἐπιόντος’
542 3606 915 3681 χρησμολόγοι
985 3602 1045 3659 δε
1117 3609 1209 3658 καὶ
1274 3605 1631 3681 ὀνειροσκόποι
1687 3607 1819 3657 ποίν-

215 3714 302 3759 τες
348 3697 462 3769 (23)
512 3694 992 3770 ἐμορμολύττοντο;
1037 3696 1192 3749 πόθεν
1250 3693 1457 3747 ἂλλοθεν
1513 3702 1716 3764 ταῦτα;
1749 3694 1818 3749 Ἠ

215 3785 348 3857 οὐχὶ
375 3790 467 3838 καὶ
517 3781 678 3838 παιδὶ
730 3790 1012 3860 γνώριμον,
1041 3786 1123 3837 ότι
1169 3782 1224 3836 ἐκ
1251 3792 1350 3837 τῶν
1402 3785 1697 3857 ἡγουμένων
1726 3792 1820 3837 τοῦ

215 3875 483 3943 πλήθουςς
524 3875 591 3927 ὧν
639 3877 735 3937 τὰς
784 3874 953 3936 αἰτίας
996 3882 1090 3936 τῆς
1164 3876 1363 3949 ἔχθρας
1414 3873 1529 3946 ἐμοὶ
1579 3878 1669 3947 μὲν
1724 3874 1820 3927 ούκ

217 3964 467 4040 εὐπρεπὲς
513 3963 677 4037 λέγειν
707 4008 723 4036 ,
771 3971 892 4035 υμῖν
942 3960 1001 4017 δε
1048 3968 1269 4039 πνορᾲν
1308 3968 1398 4015 καὶ
1438 3965 1574 4015 πάνυ
1608 3960 1815 4037 ῥᾴδιον.

213 4053 377 4107 Ὀταν
405 4057 507 4129 γὰρ
556 4059 587 4113 ἡ
637 4057 729 4127 μὲν
767 4058 957 4129 πικρία
992 4059 1082 4107 καὶ
1119 4055 1150 4112 ἠ
1204 4049 1488 4113 διάστασις
1551 4050 1817 4126 μηδεμίαν

211 4148 337 4217 ἔχοι
365 4146 481 4215 (24)
511 4142 799 4217 ὑπερϐολήν
830 4144 902 4206 εἰς
928 4143 1287 4218 χαλεπότητα,
1329 4144 1360 4203 ἠ
1408 4138 1467 4196 δε
1517 4150 1613 4205 τῆς
1645 4143 1818 4205 αἰτίας

214 4234 471 4306 ἐξήγησις
552 4232 914 4297 ἀνυπόστατος
974 4231 1232 4295 παντελῶς
1286 4236 1377 4286 καὶ
1430 4232 1817 4305 καταγέλαστος

215 4319 273 4395 ᾖ,
306 4321 466 4382 δῆλόν
496 4321 610 4376 ἐστι
635 4331 731 4384 τῆς
762 4322 952 4396 ψυχῆς
1005 4326 1065 4375 τὸ
1121 4320 1447 4398 ἀρρώστημα
1468 4365 1484 4393 ,
1526 4321 1818 4398 ἀλλοτρίοις

219 4416 311 4485 μὶν
383 4411 596 4486 ἀγαθοῖς
666 4410 1077 4485 ἐπισυμϐαῖνον,
1132 4411 1319 4464 οἰκεῖον
1372 4408 1432 4465 δέ
1509 4417 1600 4465 καὶ
1666 4420 1816 4486 πρῶ-

218 4519 308 4552 τον
340 4502 448 4573 (25)
474 4504 635 4554 κακὸν
681 4502 925 4576 ὑπάρχον
963 4508 1036 4572 τῷ
1073 4503 1389 4572 κεκτημένῳ.
1432 4500 1527 4562 Οἷς
1576 4504 1667 4553 καὶ
1694 4500 1816 4553 αλλο

220 4585 291 4648 δή
331 4608 384 4643 τι
427 4594 614 4667 χάριεν
669 4594 991 4666 πρόσεστιν.
1050 4589 1435 4661 Ἀμυσσόμενοι
1489 4590 1590 4662 γὰρ
1638 4587 1687 4641 ἐν
1741 4597 1815 4660 τῷ

216 4678 376 4754 βάθει
436 4685 528 4733 καὶ
606 4677 959 4754 ὀδυνώμενοι,
1028 4678 1315 4737 ἐκλαλῆσαι
1377 4681 1472 4736 τὴν
1544 4681 1815 4752 συμφορὰν

284 4806 401 4932 (18)
438 4807 626 4880 Τίτθῃ.
673 4805 848 4864 Coisl.
876 4805 1112 4879 primus
1170 4808 1224 4860 et
1281 4818 1440 4859 unus
1487 4818 1561 4860 ex
1617 4802 1813 4874 Regiis

317 4898 372 4932 η.
399 4879 571 4932 auod
610 4877 775 4932 idem
823 4893 1074 4932 prorsus
1125 4876 1444 4932 significat.
1471 4876 1573 4932 Hic
1611 4881 1813 4932 autem

208 4876 372 4952 τήθη,
399 4876 588 4952 quod
610 4877 775 4934 idem
823 4876 1074 4952 prorsus
1125 4876 1444 4952 significat.
1471 4876 1573 4952 Hic
1603 4881 1815 4952 autem

204 4947 605 5024 perspicuum
624 4947 851 5024 estnon
862 4949 1154 5005 nutricem
1183 4962 1221 5004 a
1244 4947 1459 5024 Basilio
1488 4947 1815 5024 designari,

209 5019 326 5078 sed
355 5019 571 5078 'aviam
619 5021 962 5088 Macrinam,
995 5036 1030 5077 a
1060 5034 1186 5092 qua
1211 5034 1274 5074 se
1299 5019 1581 5076 eductam
1631 5019 1816 5076 fuisse

209 5108 395 5165 supra
426 5093 671 5149 dicebat
698 5093 760 5148 in
785 5092 958 5164 epist.
997 5095 1128 5165 204Γ

286 5159 398 5252 (19)
427 5159 1126 5241 Θεραπεύσων.’Νοι1ηιιΠί
1175 5159 1412 5217 codices
1468 5176 1615 5218 mss.
1669 5162 1817 5235 θερα-

209 5255 381 5290 πευων
388 5273 401 5287 ο

283 5310 400 5380 (29)
440 5308 855 5380 Εἰσωθίζεσθαι.
880 5305 973 5380 Sic
1018 5321 1171 5361 mss.
1196 5308 1358 5380 octo,
1387 5319 1618 5380 pro__eo
1646 5302 1817 5380 quod

211 5374 341 5435 erat
366 5374 431 5436 in
451 5380 625 5437 editis
648 5379 875 5440 εἰσοικίζ
879 5379 1048 5432 εσθαι.
1068 5376 1253 5433 Paulo
1273 5374 1411 5431 ante
1439 5375 1580 5431 editi
1599 5374 1689 5427 καῖ
1708 5374 1767 5427 ού

213 5452 513 5510 ὑπακούων.
547 5455 718 5508 Deest
741 5450 890 5507 illud
914 5457 1004 5503 καὶ
1022 5450 1084 5505 in
1109 5446 1418 5504 codicibus
1441 5446 1620 5517 Harl.,
1662 5446 1813 5504 Med.

210 5527 271 5580 et
298 5523 508 5600 tribus
518 5523 650 5581 aliis
680 5528 738 5600 et
762 5521 1021 5600 editione
1042 5518 1456 5600 Haganoensi,

287 5595 406 5669 (21)
441 5597 642 5654 Εὗωνα.
678 5594 830 5653 llarl.
863 5598 921 5651 et
940 5608 1100 5651 unus
1121 5587 1195 5649 ex
1224 5588 1421 5660 Regiis
1439 5587 1588 5645 ἐωλα.
1629 5587 1813 5647 Paulo

1935 1822 2110 1879 blicis
2140 1821 2431 1879 conviviis
2461 1821 2615 1878 inter
2645 1821 2868 1894 pocula
2902 1820 3177 1879 fabulam
3207 1821 3441 1879 facere?
3472 1824 3593 1893 Ego

1936 1912 2098 1970 enim
2116 1913 2165 1969 si
2186 1912 2350 1985 apud
2365 1910 2515 1968 alios
2546 1911 2866 1969 calumniis
2891 1916 3262 1984 peterer,vos
3283 1926 3436 1969 meae
3458 1927 3591 1969 sen-

1935 2003 2133 2061 tentiae
2187 2006 2366 2058 testes
2412 2001 2713 2059 citassem.
2748 2004 2813 2058 Et
2859 2016 3025 2058 nunc
3088 2017 3592 2076 unumquemque

1934 2096 2199 2148 vestrum
2214 2095 2457 2161 rogo,ut
2476 2095 2679 2148 vetera
2698 2090 2801 2147 illa
2819 2090 2882 2147 in
2900 2089 3260 2147 memoriam
3276 2091 3586 2163 revocetis,

1937 2197 2077 2238 cum
2096 2196 2210 2237 nos
2238 2180 2443 2237 civitas
2474 2180 2554 2237 ad
2583 2194 2793 2236 curam
2818 2179 3116 2250 juvenum
3140 2178 3589 2251 suscipiendam

1933 2274 2198 2333 vocaret,
2229 2284 2301 2326 ac
2323 2268 2544 2340 legatio
2573 2268 2813 2325 adesset
2839 2267 3200 2339 optimatum
3227 2284 3242 2323 :
3275 2268 3588 2341 quomodo

1935 2361 2117 2418 etiam
2148 2363 2361 2432 postea
2402 2373 2616 2415 omnes
2658 2357 2892 2430 passim
2928 2372 3041 2413 nos
3067 2356 3586 2427 circumsteterint,

1932 2450 2081 2524 quid
2100 2464 2225 2506 non
2249 2448 2464 2505 dantes
2485 2453 2509 2500 τ
2527 2446 2675 2521 quid
2699 2462 2825 2503 non
2843 2445 3230 2518 pollicentes?
3250 2460 3363 2502 nec
3382 2452 3590 2505 tamen

1932 2539 2200 2597 detinere
2227 2554 2341 2596 nos
2384 2537 2713 2611 potuerint.
2740 2535 3061 2604 Quomodo
3107 2536 3289 2606 igitur
3313 2535 3418 2608 qui
3446 2540 3590 2593 tunc

1929 2633 2182 2687 vocatus
2216 2643 2447 2685 morem
2474 2643 2599 2685 non
2630 2626 2813 2698 gessi,
2833 2641 2998 2683 nunc
3022 2641 3120 2682 me
3148 2625 3453 2682 intrudere
3484 2640 3589 2697 ag-

1932 2718 2212 2790 grederer
2229 2717 2545 2774 invocatus
2558 2717 2588 2772 ?
2602 2714 2915 2789 quomodo
2928 2715 3033 2787 qui
3052 2713 3372 2771 laudantes
3394 2730 3493 2771 me
3503 2717 3590 2772 at-

1894 2828 1899 2833 ·
1930 2823 2050 2881 que
2069 2807 2435 2863 admirantes
2455 2804 2784 2875 fugiebam,
2800 2818 2962 2859 nunc
2986 2802 3426 2860 calumniantes
3452 2818 3589 2875 per-

1932 2896 2254 2970 sequerer?
2286 2896 2410 2952 Hoc
2433 2894 2495 2950 in
2522 2894 2796 2951 animum
2816 2908 2893 2949 ne
2923 2892 3242 2959 inducatis,
3275 2907 3312 2948 o
3333 2892 3544 2965 optimi
3568 2909 3583 2961 ;

1930 2985 2308 3044 nonitaviles
2330 2988 2572 3040 suntres
2586 2985 3035 3054 nostramque
3057 2980 3216 3037 enim
3233 2983 3584 3054 quisquam,

1864 3095 1903 3149 ο
1932 3076 1982 3133 si
2001 3075 2219 3148 sapiat,
2246 3072 2562 3144 navigium
2620 3071 3019 3143 gubernatore
3065 3068 3418 3126 destitutum
3442 3085 3586 3126 con-

1932 3164 2199 3235 scendet,
2229 3178 2429 3236 neque
2445 3161 2525 3218 ad
2554 3160 2882 3218 Ecclesiam
2903 3157 3166 3230 accedet,
3200 3158 3260 3214 in
3285 3174 3408 3231 qua
3436 3163 3583 3215 tem-

1930 3258 2227 3329 pestatem
2254 3269 2324 3309 ac
2349 3250 2676 3324 procellam
2704 3249 2789 3305 illi
2816 3248 2957 3320 ipsi,
2983 3248 3092 3320 qui
3120 3246 3198 3304 ad
3223 3246 3466 3303 clavum
3496 3263 3586 3304 se-

1929 3345 2094 3413 dent,
2126 3341 2409 3399 excitant.
2441 3339 2609 3395 Unde
2647 3338 2808 3394 enim
2846 3336 3072 3393 exstitit
3109 3335 3371 3392 tumultu
3403 3335 3587 3408 plena

1930 3432 2157 3503 civitas,
2190 3446 2331 3487 cum
2349 3428 2626 3498 fugerent
2656 3425 3024 3493 alii,nemine
3054 3424 3585 3498 persequente,alii

1928 3518 2272 3577 clanculum
2301 3515 2747 3587 egrederentur,
2775 3513 3019 3570 nemine
3048 3512 3390 3578 invadente,
3412 3511 3586 3570 arioli

1926 3625 2071 3666 vcro
2101 3613 2159 3665 et
2180 3605 2560 3663 somniorum
2617 3605 2972 3675 interpretes
3026 3616 3241 3658 omnes
3293 3605 3585 3658 terrorem

1928 3696 2324 3773 spargerent?
2355 3712 2428 3752 ex
2466 3710 2591 3767 qua
2637 3693 2757 3751 alia
2801 3693 2932 3749 haec
2969 3692 3205 3749 causa?
3244 3694 3451 3748 Nonne
3487 3689 3585 3747 vel

1926 3804 2117 3861 puero
2133 3789 2510 3858 compertum
2530 3798 2599 3838 ex
2618 3780 2828 3855 populi
2846 3780 3106 3836 ducibus
3126 3779 3300 3835 esse?
3319 3794 3583 3851 quorum

1926 3876 2247 3933 inimicitiae
2274 3888 2490 3930 causas
2503 3871 2650 3927 mibi
2662 3869 2909 3943 quidem
2924 3884 3047 3925 non
3059 3868 3350 3924 decorum
3361 3868 3579 3940 dicere,

1925 3965 2101 4023 vobis
2125 3980 2265 4021 vero
2296 3960 2623 4031 intelligere
2650 3959 2919 4032 [omnino
2964 3957 3139 4014 facile
3177 3961 3286 4013 est.
3328 3957 3582 4020 Quando

1927 4055 2089 4111 enim
2119 4051 2413 4111 acerbitas
2443 4055 2500 4106 et
2532 4048 2837 4105 discordia
2875 4046 2953 4104 ad
2983 4051 3321 4104 extremum
3359 4046 3582 4104 sevitim

1927 4142 2241 4200 cumulum
2272 4139 2909 4213 perducuntur,causm
2921 4139 3125 4192 autem
3147 4134 3583 4208 expositioina-

1921 4233 2016 4291 nis
2051 4246 2302 4305 prorsus
2344 4231 2433 4285 est
2479 4232 2537 4285 et
2578 4225 2853 4291 ridicula,
2910 4224 3259 4282 manifestus
3283 4228 3374 4282 est
3395 4224 3583 4282 animi

1920 4322 2195 4389 morbus,
2227 4317 2436 4376 alienis
2464 4316 2715 4390 quidem
2768 4314 2947 4371 bonis
2988 4314 3442 4387 superveniens,
3474 4314 3583 4370 sed

1921 4409 2328 4470 domesticum
2356 4422 2428 4464 ac
2447 4406 2715 4480 primum
2741 4403 2975 4461 malum
3011 4402 3383 4473 aegrotantis.
3423 4403 3583 4459 Inest

1920 4502 2101 4559 etiam
2129 4498 2244 4555 illis
2276 4495 2443 4553 aliud
2464 4494 2758 4567 lepidum.
2801 4495 2957 4550 Dum
2984 4491 3147 4548 enim
3176 4490 3581 4548 dilacerantur

1917 4590 2103 4659 intus,
2134 4591 2192 4644 et
2214 4585 2579 4654 cruciantur,
2607 4581 3014 4639 calamitatem
3045 4578 3301 4651 prodere
3340 4593 3447 4652 per
3466 4593 3581 4650 pu-

1919 4679 2131 4736 dorem
2156 4690 2283 4733 non
2310 4673 2465 4730 licet.
2484 4677 2674 4745 Atque
2694 4672 2819 4728 haec
2834 4684 3044 4727 eorum
3062 4667 3248 4725 animi
3264 4666 3435 4724 labes
3450 4680 3577 4725 non

1918 4799 2215 4875 postied‘iti
2242 4796 2587 4875 παραϐάλλοι.
2620 4796 2739 4875 _Se;_
2765 4809 2920 4875 mss.
2945 4796 3011 4848 ut
3038 4792 3101 4847 in
3128 4794 3316 4847 textu.

1990 4874 2102 4945 (22)
2140 4860 2475 4943 Ὑπιξῇεσαν.
2504 4866 2659 4924 Harl.
2688 4865 2838 4923 Med.
2870 4869 3083 4922 etcum
3112 4878 3236 4919 uno
3265 4877 3340 4919 ex
3370 4860 3569 4933 Regiis

1920 4944 2224 5008 ἐπεξὴεσαν.

1993 5007 2106 5088 (2'3)
2147 5015 2358 5075 Πάντες.
2410 5008 2562 5067 Editi
2610 5010 2830 5088 πεὶνῖας,
2877 5007 3174 5088 neminem
3226 5018 3371 5088 non
3394 5009 3573 5088 {erre-

1919 5075 2355 5156 reht,'excepta
2379 5087 2583 5156 tamen
2604 5080 2880 5156 editione.
2910 5077 3286 5156 Haganoensi
3320 5075 3576 5156 e_t_Basi-

1917 5149 2105 5215 leensi
2132 5149 2364 5230 prima.
2396 5151 2740 5230 Lectio‘baec
2769 5151 2914 5230 satis
2949 5150 3275 5208 commoda
3313 5149 3569 5219 videtur,

1921 5229 2029 5287 sed
2044 5222 2210 5285 nullo
2239 5241 2503 5298 prorsus
2520 5223 2723 5298 nititur
2748 5222 3133 5298 codicemss.

1991 5302 2105 5371 ('24)
2140 5292 2315 5369 Ἐχοι.
2351 5301 2436 5353 ita
2466 5294 2641 5371 ilarl.,
2672 5292 2845 5371 M_ed..,
2874 5293 3046 5371 goisl.
3069 5293 3390 5366 primus,et
3416 5302 3575 5346 unus

1920 5365 2007 5429 ex'
2028 5365 2241 5441 Regiis;
2267 5371 2405 5423 Tres
2429 5366 2529 5422 alii
2548 5368 2671 5439 ἔχη.
2706 5365 2852 5420 Editi
2881 5367 3014 5441 Exit.

1989 5427 2514 5513 (25)UHPQTOV.AI_M
2556 5427 2693 5513 o'c'tq
2745 5427 3074 5513 msstditi
3104 5439 3363 5513 πρώτοις.
3386 5427 3572 5487 Paulo

1918 5504 2058 5588 post
2086 5504 2232 5571 'edi'ti
2253 5515 2343 5564 καὶ
2372 5507 2496 5564 ἄλλο
2515 5527 2588 5565 τι.
2612 5507 2800 5565 Iidem
2828 5522 2977 5565 mss.
3007 5509 3075 5564 ut
3100 5504 3172 5562 in'
3192 5507 3372 5561 textu.
