4148 6398
513 247 616 297 775

1895 237 1951 292 S.
1994 234 2246 292 BASlLlI
2284 236 2505 294 MAGNI

3787 242 3918 295 776

515 366 665 424 mini
696 364 798 421 Dei
812 363 1038 421 Meletio
1057 361 1338 435 episcopo
1367 379 1380 418 :
1411 361 1629 418 deinde
1653 361 1914 434 acceptis
1935 361 2012 417 ab
2039 361 2175 434 ipso

2300 381 2370 415 τον
2416 371 2486 433 τῷ
2527 361 2779 434 ἀνθρώπῳ
2826 367 2917 414 τοῦ
2966 367 3101 414 Θεοῦ
3162 361 3389 434 Μελετίῳ
3458 369 3532 433 τῷ
3591 361 3914 435 ἐπισκόπῳ,

517 454 1018 512 convenientibus
1053 451 1379 524 responsis,
1429 452 1954 525 quemadmodum
1973 467 2176 506 mons-

516 550 747 602 trorum
771 542 1239 614 matrespudore
1271 541 1514 598 suffusae
1554 541 1634 598 ob
1669 547 1899 597 naturai
1919 540 2180 610 vitia,ita.

519 633 637 707 ipsi
658 648 904 707 quoque
931 637 1137 703 turpes
1159 647 1302 686 suos
1324 630 1498 686 foetus
1527 630 1587 685 in
1609 629 2178 701 congruentibuste-

521 723 726 780 nebris
741 721 978 777 abditos
993 719 1629 776 enutriunt.lmmisere
1643 719 1826 774 etiam
1844 735 1952 791 per
1963 718 2181 790 episto-

523 812 648 868 lam
680 813 1044 868 tentamenta
1064 808 1345 880 quaedam
1368 809 1639 864 unanimi
1664 813 1871 864 nostro
1897 807 2180 864 Anthimo

525 904 868 973 Tyanorum
890 898 1196 971 episcopo,
1220 899 1402 970 quasi
1425 899 1740 968 Gregorius
1762 898 1824 953 in
1845 896 1983 952 ﬁdei
2000 913 2182 969 expo-

526 991 740 1046 sitione
783 988 998 1043 dixerit
1045 989 1276 1043 Patrem
1331 991 1389 1043 et
1447 987 1656 1043 Filium
1685 987 1903 1043 mentis
1929 985 2180 1058 quidem

524 1078 885 1149 cogitatione
933 1076 1056 1132 duo
1103 1091 1258 1144 esse,
1307 1075 1416 1132 sed
1454 1075 1770 1148 hypostasi
1815 1091 2028 1131 unum.
2062 1079 2182 1132 Hoc

521 1174 727 1225 autem
749 1183 870 1223 non
885 1165 1361 1227 docendicausa,
1378 1165 1842 1222 seddecertandi
1858 1167 1917 1220 in
1939 1164 2183 1234 dialogo

459 1261 464 1264 ’
521 1274 659 1313 cum
680 1257 910 1312 Aﬂliano
923 1255 1152 1310 dictum
1168 1271 1323 1322 esse,
1347 1254 1676 1324 intelligere
1700 1271 1819 1310 non
1837 1258 2182 1326 potuerunt,

520 1346 625 1419 qui
647 1346 760 1402 sibi
781 1346 894 1418 ipsi
919 1345 998 1400 ob
1022 1344 1248 1415 ingenii
1291 1343 1679 1399 subtilitatem
1704 1344 1864 1399 beati
1886 1343 2184 1400 videntur.

523 1438 654 1501 Qua
682 1435 745 1490 in
768 1433 1174 1506 disputatione
1198 1433 1388 1488 multa
1411 1433 1942 1488 suntlibrariorum
1965 1437 2185 1501 errata,

523 1521 1050 1595 utexipsisverbis
1065 1521 1480 1590 ostendemus,
1508 1521 1556 1577 si
1580 1526 1728 1578 Deus
1754 1521 1931 1577 volet.
1964 1521 2187 1576 Deinde

523 1630 669 1670 vero
694 1613 977 1683 gentilem
1001 1612 1284 1668 erudiens
1297 1628 1421 1667 non
1443 1612 1832 1668 existimabat
1849 1612 2188 1668 accuratius

525 1701 993 1774 disceptandum
1024 1717 1157 1757 esse
1188 1701 1263 1757 de
1291 1701 1494 1756 verbis
1522 1720 1534 1770 ;
1570 1702 1675 1757 sed
1703 1701 1979 1758 nonnihil
2004 1703 2188 1758 etiam

2300 1704 2440 1777 θέλῃ.
2503 1704 2722 1757 Ἔπειτα
2794 1708 2970 1776 μέντοι
3052 1708 3139 1756 τόν
3207 1703 3429 1762 Ἕλληνα
3505 1706 3718 1774 πείθων,

530 1791 718 1848 indoli
750 1791 929 1858 illius,
954 1790 1059 1862 qui
1080 1789 2100 1862 introducebatur,concedendum,
2125 1794 2192 1848 ut

529 1897 605 1938 ne
635 1881 706 1936 iis
735 1879 837 1952 qui
869 1880 1178 1952 praecipua
1207 1885 1369 1949 sunt,
1393 1885 1778 1952 repugnaret.
1813 1883 2192 1952 Quapropter

531 1975 588 2026 et
613 1968 833 2025 multas
864 1967 982 2023 illic
1012 1968 1650 2041 inveniasvoces,quae
1681 1984 1842 2024 nunc
1868 1969 2193 2026 roburma-

529 2060 764 2116 ximum
791 2058 1084 2114 haereticis
1111 2059 1407 2129 praebent,
1434 2059 1646 2130 quales
1673 2065 1813 2115 sunt
1837 2066 2122 2116 creatura
2137 2062 2194 2114 et

527 2151 799 2220 factura,
845 2153 901 2203 et
932 2147 980 2202 si
1023 2147 1172 2220 quid
1208 2148 1532 2217 ejusmodi.
1580 2147 1760 2203 Multa
1795 2153 1998 2204 autem
2030 2157 2087 2204 et
2116 2147 2192 2203 de

535 2237 958 2308 conjunctione
992 2251 1131 2291 cum
1154 2236 1399 2291 homine
1426 2236 1588 2292 dicta
1634 2236 1714 2292 ad
1752 2235 2080 2291 divinitatis
2100 2251 2193 2292 ra-

533 2325 759 2381 tionem
791 2324 1078 2391 referunt,
1107 2323 1211 2395 qui
1235 2323 1448 2378 inscite
1474 2324 1696 2395 scripta
1717 2323 2190 2393 illaintelligunt,

532 2414 715 2486 quale
737 2419 829 2469 est
857 2418 914 2469 et
937 2413 1053 2468 hoc
1079 2412 1304 2484 ipsum,
1336 2413 1502 2484 quod
1533 2413 1611 2468 ab
1638 2413 1782 2484 ipsis
1813 2413 2190 2469 decantatur.

534 2505 634 2558 Est
664 2504 825 2558 enim
846 2500 1037 2574 probe
1061 2501 1394 2568 sciendum,
1429 2502 1952 2574 quemadmodum
1973 2502 2078 2574 qui
2108 2519 2197 2557 es-

538 2593 748 2648 sentiae
773 2591 1268 2646 communionem
1297 2606 1421 2645 non
1452 2591 1789 2657 conﬁtetur,
1831 2592 1894 2646 in
1933 2607 2196 2647 errorem

539 2680 870 2738 multorum
885 2679 1140 2736 deorum
1162 2679 1389 2748 incidit,
1415 2680 1495 2735 ita
1509 2681 1614 2752 qui
1627 2681 2045 2753 hypostasemn
2059 2697 2198 2753 pro-

535 2770 855 2842 prietatem
886 2785 1010 2825 non
1039 2769 1791 2834 admittit,inJudaismum
1821 2771 1982 2828 ferri.
2008 2773 2196 2842 Opor-

537 2865 617 2916 tet
637 2860 797 2915 enim
820 2867 884 2914 ut
901 2875 1072 2914 mens
1094 2864 1299 2915 nostra
1323 2859 1479 2915 velut
1508 2860 1710 2932 aliquo
1730 2861 1879 2917 fulta
1901 2861 2196 2932 subjecto,

536 2954 594 3004 et
622 2948 778 3004 illius
805 2949 1198 3004 considerans
1229 2950 1649 3021 proprietates,
1708 2951 1792 3006 ita
1845 2949 2093 3005 demum
2134 2950 2196 3005 in

533 3037 715 3107 illius,
745 3054 931 3110 quem
966 3037 1138 3109 317
1175 3037 1499 3107 desiderat,
1530 3038 1872 3108 cognitione
1904 3045 2195 3096 versetur.
2229 3079 2268 3134 η

539 3128 596 3184 Si
653 3127 815 3182 enim
845 3127 1267 3198 paternitatem
1307 3142 1430 3183 non
1462 3127 1953 3194 intellexerimus,
1999 3143 2197 3200 neque

538 3215 696 3272 circa
721 3232 905 3287 quem
927 3216 1054 3271 haec
1085 3216 1428 3288 proprietas
1458 3205 1708 3272 deﬁnita
1731 3217 1825 3285 sit,
1876 3216 2197 3272 adverteri-

537 3321 705 3373 mus;
735 3304 1050 3376 quomodo
1077 3305 1413 3376 poterimus
1437 3305 1534 3360 Dei
1553 3306 1734 3360 Patris
1759 3305 2070 3362 notionem
2099 3323 2198 3362 ac-

538 3394 779 3465 cipere?
810 3397 936 3449 Non
967 3393 1129 3448 enim
1161 3394 1306 3449 satis
1334 3399 1425 3450 est
1445 3409 1843 3464 personarum
1874 3411 2198 3452 numerare

537 3481 1050 3540 differentiaszsed
1077 3497 1582 3554 unamquamque
1612 3499 1936 3555 personam
1968 3485 2029 3540 in
2056 3500 2198 3541 vera

541 3569 861 3642 hypostasi
905 3570 1187 3626 exsistere
1219 3570 1530 3626 fatendum
1562 3577 1678 3627 est.
1721 3572 1869 3627 Illud
1901 3574 2058 3628 enim
2087 3573 2198 3645 hy-

539 3660 771 3732 postasi
794 3676 1008 3716 carens
1040 3675 1438 3732 personarum
1454 3666 1867 3717 commentum
1899 3679 1972 3718 ne
2002 3663 2202 3720 Sabel-

538 3749 656 3806 lius
707 3751 956 3823 quidem
1005 3751 1240 3820 rejecit;
1301 3752 1526 3824 quippe
1557 3769 1694 3806 cum
1725 3752 1884 3808 dicat
1915 3754 2200 3811 eumdem

542 3843 749 3912 Deum,
795 3857 933 3896 cum
961 3841 1232 3912 subjecto
1265 3857 1423 3896 unus
1481 3841 1576 3909 sit,
1609 3858 1720 3914 pro
1746 3845 2201 3900 occurrentibus

542 3929 802 3986 subinde
814 3929 1779 4001 occasionibustransformatuni,
1802 3933 1987 3989 modo
2017 3939 2080 3990 ut
2096 3936 2202 3991 Pa-

543 4024 715 4085 trem,
749 4019 934 4075 modo
961 4024 1025 4075 ut
1061 4019 1295 4088 Filium,
1319 4020 1504 4075 modo
1528 4025 1591 4076 ut
1617 4021 1900 4092 Spiritum
1921 4028 2202 4080 sanctum

540 4107 730 4180 loqui.
791 4111 958 4163 Hunc
1015 4107 1159 4162 olim
1215 4108 1543 4164 extinctum
1595 4126 1858 4166 errorem
1906 4117 2202 4169 renovant

543 4212 706 4253 nunc
727 4195 983 4267 hujusce
1012 4196 1405 4253 innominataa
1435 4196 1681 4254 haeresis
1702 4199 2066 4270 inventores,
2097 4201 2203 4273 qui

616 4340 725 4414 (38)
763 4334 1164 4414 'l‘iroajrdaecid'a
1193 4340 1262 4394 ἓν.
1297 4339 1547 4414 Credere
1598 4357 1724 4398 non
1753 4357 2023 4414 possum
2063 4347 2195 4401 Gre-

543 4410 781 4485 gorium
811 4410 1038 4485 dixisse
1068 4413 1398 4485 Patremget
1447 4412 1678 4477 Fili‘um,
1713 4410 1973 4470 si_simu1
2002 4417 2195 4473 consi-

543 4481 844 4552 derentur,
905 4481 1264 4555 cogitatione
1295 4483 1418 4539 duo
1450 4499 1596 4554 esse,
1631 4485 1945 4555 hypostasi
1979 4503 2191 4544 unum.

544 4560 677 4613 Haec
699 4555 860 4631 en_im
881 4553 1146 4631 gemeila
1165 4559 1363 4631 essent
1383 4553 1598 4631 haeresi
1614 4553 1990 4631 Sabellianae,
2006 4575 2195 4631 quam

544 4641 725 4698 supra
757 4625 1012 4698 Basilius
1051 4625 1313 4698 Gregorii
1347 4626 1668 4698 traditione
1699 4625 2055 4684 exstinctam
2086 4632 2194 4686 do-

545 4696 654 4755 cet.
693 4697 806 4754 Sed
835 4697 930 4752 his
961 4696 1022 4770 in
1069 4696 1414 4770 verbis__vel
1459 4704 1724 4770 erratum
1741 4699 1990 4770 aliquod
2018 4702 2197 4758 libra-

545 4770 790 4830 riorum,
825 4777 889 4824 ut
923 4768 1117 4839 placet
1148 4767 1382 4836 Basilio,
1405 4767 1976 4839 suspicandum—est,
2007 4773 2102 4828 vel
2121 4774 2195 4830 de

545 4842 718 4896 I’atre
739 4839 948 4911 etFilio
964 4840 1294 4911 separatim
1318 4840 1575 4910 sumptis
1599 4839 2041 4911 accipidebcnt.
2066 4847 2196 4908 Quo

547 4927 732 4966 sensu
759 4910 1322 4980 magisterGregorii
1346 4911 1628 4980 Origenes
1648 4910 1800 4966 dixit
1820 4912 1896 4967 de
1920 4913 2148 4971 Christo
2179 4933 2191 4971 :

545 4986 615 5034 T6
651 4984 740 5052 μὲν
767 4982 1098 5052 ὑποκείμενον
1241 4980 1372 5051 ἐστι,
1425 4991 1532 5042 ταῖς
1565 4979 1623 5034 δὲ
1653 4982 1903 5043 ἐπινοίαις
1945 4989 2011 5037 τα
2035 4986 2198 5039 πολλά

548 5049 784 5125 ὀνόματά
820 5049 903 5101 ἐπὶ
939 5049 1248 5125 διαφόρων.
1284 5049 1674 5122 Suppositum
1713 5055 1947 5125 quidem
2007 5074 2197 5114 unum

547 5130 652 5193 est,
682 5122 784 5177 sed
814 5122 1173 5190 cogitatione
1188 5124 1373 5191 plura
1399 5127 1645 5182 nomina
1683 5122 1866 5182 υὶινίιζς
1896 5127 2064 5185 rebus
2092 5131 2198 5185 im-

545 5198 882 5268 ponuntur,
912 5193 1126 5268 Homili
1159 5200 1188 5268 ἐξ
1220 5196 1282 5268 in
1312 5198 1528 5251 Jerem.
1558 5215 1615 5268 p.
1652 5201 1742 5252 96.

548 5263 563 5348 ξ
619 5268 730 5348 (39)
773 5263 1030 5318 Αἰλίανον.
1091 5264 1260 5320 Coisl.
1323 5263 1576 5339 uterque
1614 5273 1672 5323 et
1722 5267 1845 5325 duo
1904 5271 2065 5341 Regii
2115 5277 2199 5324 Γε-

551 5353 739 5392 Λιανον,

625 5409 733 5480 (40)
778 5410 878 5458 Καὶ
911 5400 1248 5480 συνὸξιὸόντα.
1297 5409 1379 5480 ita
1429 5408 1597 5480 Goisl.
1640 5409 1899 5480 primus,
1954 5413 2110 5471 Harl.
2145 5417 2201 5470 et

551 5475 697 5536 Med.
719 5475 871 5533 cum
900 5475 1142 5532 duobus
1171 5478 1387 5540 Regiis.
1420 5478 1571 5534 Editi
1599 5475 1688 5531 κᾶὶ
1716 5475 2046 5540 συνὸιόὸναι.

627 5549 738 5620 (4i)
777 5545 848 5602 Εὖ
869 5550 992 5624 γὰρ,
1026 5547 1174 5605 Editi
1204 5545 1439 5608 addunt
1466 5555 1555 5604 καὶ
1593 5551 1766 5623 τοῦτο,
1797 5571 1935 5627 (ωδε
1982 5555 2202 5616 desunt

2286 457 2375 504 καὶ
2427 451 2667 514 λαϐόντες
2712 451 2834 523 παρ’
2879 451 3040 503 αὐτοῦ
3103 453 3196 513 τὰς
3246 456 3622 526 προσηκούσας
3670 451 3918 524 ἀποκρί-

2289 561 2418 612 σεις,
2473 543 2537 602 ὡς
2600 544 2654 594 αἱ
2718 551 2818 594 τῶν
2877 546 3100 615 τέρατων
3159 545 3378 616 μητέρες
3437 541 3917 615 ἐπαισχυνομεναι

2286 639 2396 692 τοῖς
2469 637 2758 705 πηρὼμασι
2804 639 2899 692 τῆς
2951 634 3172 703 φύσεως,
3204 632 3338 683 οὕτω
3377 636 3464 684 καὶ
3507 632 3659 685 αὑτοὶ
3691 635 3786 693 τὰς
3824 632 3919 683 αἰ·

2291 723 2466 794 σχράς
2514 721 2706 774 ἑαυτῶν
2759 717 2954 782 ὠδῖνας
3002 728 3075 790 τῷ
3132 726 3449 793 προσήκοντι
3517 726 3690 794 σκότῳ
3729 741 3916 774 κοίτα-

2287 810 2577 884 κρύψαντες
2622 811 2976 868 τιθηνοῦνται.
3025 811 3264 868 Καθῆκεν
3322 806 3384 862 δέ
3437 830 3555 864 τινα
3591 819 3778 884 πεῖραν
3834 808 3915 864 δι’

2290 897 2572 961 ἐπιστολῆς
2622 904 2712 952 καὶ
2777 902 2909 972 πρὸς
2967 902 3054 952 τὸν
3103 898 3381 971 ὁμόψυχον
3435 901 3580 972 ἡμῶν
3639 900 3916 972 Ἀνθιμον

2290 993 2378 1042 τόν
2408 991 2617 1041 Τυάνων
2661 987 2983 1041 ἐπίσκοπον
3043 991 3108 1049 ὡς
3165 991 3270 1064 ἄρα
3326 994 3617 1064 Γρηγορίου
3663 990 3919 1051 εἰπόντος

2291 1078 2340 1131 ἐν
2406 1078 2602 1131 ἐκθέσει
2669 1083 2898 1139 Πίστεως
2967 1083 3177 1152 Πατέρα
3231 1083 3321 1130 καὶ
3370 1081 3486 1132 Υἰὸν
3545 1078 3750 1151 ἐπινοίᾳ
3815 1083 3917 1152 μὲν

2294 1165 2420 1221 εἶναι
2439 1163 2556 1234 δύο,
2585 1169 2874 1220 ὑποστάσει
2900 1164 2958 1220 δὲ
2977 1169 3026 1220 ἓν
3047 1167 3184 1239 (38).
3221 1175 3387 1220 Τοῦτο
3427 1165 3486 1220 δὲ
3512 1170 3590 1222 ὅτι
3611 1181 3669 1222 οῦ
3695 1165 3920 1241 δογμα-

2293 1267 2451 1319 τικῶς
2481 1257 2703 1330 εἰρηται,
2761 1257 2866 1310 ἀλλ’
2917 1256 3271 1329 ἀγωνιστικῶς
3319 1257 3368 1310 ἐν
3406 1267 3468 1332 τῇ
3520 1263 3653 1333 πρὸς
3715 1259 3919 1310 Λίλια-

2293 1351 2376 1398 νόν
2434 1349 2541 1416 (39)
2583 1344 2826 1418 διαλέξει,
2899 1347 2993 1399 οὑκ
3040 1343 3389 1406 ἠδυνήθησαν
3458 1345 3691 1400 συνιδεῖν
3736 1350 3787 1400 οἱ
3823 1347 3920 1400 ἐπὶ

2293 1434 2570 1493 λεπτότητι
2634 1446 2732 1488 τῶν
2805 1445 2993 1511 φρενῶν
3071 1436 3285 1498 ἑαυτούς
3347 1438 3750 1511 μακαρίζοντες.
3834 1438 3920 1490 Ἐν

2296 1526 2325 1583 ἦ
2394 1524 2556 1577 πολλά
2625 1533 2725 1576 τῶν
2788 1523 3237 1600 ἀπογραψαμένων
3290 1525 3405 1578 ἐστὶ
3462 1526 3770 1598 σφάλματα,
3849 1529 3920 1587 ὡς

2297 1614 2374 1667 ἐπ’
2424 1615 2591 1666 αὑτῶν
2624 1624 2722 1666 τῶν
2770 1613 2948 1677 λέξεων
3021 1611 3254 1687 δείξομεν
3302 1617 3470 1687 ἡμεῖς,
3547 1614 3633 1668 ἐὰν
3686 1617 3714 1667 6
3782 1620 3920 1677 Θεὸς

3804 1705 3920 1776 οὐχ

2298 1796 2473 1866 ἡγεῖτο
2519 1801 2717 1866 χρῆναι
2762 1791 3220 1868 ἀκριϐολογεῖσθαι
3257 1798 3377 1868 περὶ
3423 1796 3489 1846 τὰ
3531 1795 3769 1869 ῥήματα·
3801 1792 3918 1846 ἀλλ’

2299 1886 2436 1936 ἔστιν
2494 1884 2594 1942 ὅπη
2627 1887 2716 1935 καὶ
2771 1879 3093 1935 συνδιδόντα
3121 1880 3237 1953 (40)
3260 1891 3331 1954 τῷ
3383 1885 3487 1936 ἔθει
3525 1891 3619 1935 τοῦ
3660 1882 3920 1956 ἐναγομέο

2298 1992 2408 2040 νου,
2471 1975 2540 2034 ὡς
2591 1975 2651 2024 οἷν
2702 1977 2773 2044 μὴ
2835 1971 3109 2024 ἀντιτείνοι
3164 1976 3292 2045 πρὸς
3351 1975 3417 2024 τά
3457 1978 3662 2047 καίρια.
3705 1977 3796 2025 Διό
3843 1970 3914 2031 δὴ

2300 2068 2391 2115 καὶ
2435 2062 2626 2124 πολλὰς
2683 2061 2742 2113 ἆν
2805 2063 2971 2135 εὑροις
3028 2063 3130 2115 ἐκεῖ
3183 2065 3368 2133 φωνὰς,
3420 2065 3515 2124 τάς
3547 2082 3635 2114 νυν
3679 2071 3792 2125 τοῖς
3837 2065 3920 2114 αἱ·

2300 2161 2515 2226 ρετικοίς
2571 2158 2827 2224 μεγίστην
2894 2153 3054 2224 ἰσχὺν
3106 2157 3507 2227 παρεχομένας·
3561 2156 3630 2216 ὡς
3683 2157 3742 2205 τό
3781 2159 3916 2206 κτί-

2305 2263 2433 2316 σμα,
2484 2247 2573 2293 καὶ
2629 2246 2687 2293 τό
2745 2247 2970 2314 ποίημα,
3019 2247 3109 2294 καὶ
3163 2245 3207 2295 εἴ
3262 2263 3313 2294 τι
3357 2250 3613 2297 τοιοῦτον.
3649 2243 3817 2295 Πολλά
3849 2240 3916 2296 δὲ

2301 2336 2391 2383 καὶ
2442 2334 2560 2404 περὶ
2626 2329 2722 2390 τῆς
2772 2335 2902 2403 πρός
2963 2333 3050 2381 τόν
3117 2331 3385 2402 ἄνθρωπον
3447 2335 3724 2402 συναφείας
3759 2331 3910 2403 εἰρη-

2302 2424 2430 2492 μένα
2495 2419 2561 2479 εἰς
2605 2423 2691 2471 τὸν
2753 2424 2872 2492 περὶ
2919 2427 3015 2480 τῆς
3076 2421 3318 2481 θεότητος
3374 2418 3674 2494 ἀναφέρουσι
3719 2420 3901 2489 λόγον,

2303 2512 2352 2561 οἱ
2404 2505 2736 2569 ἀπαιδεύτως
2800 2516 2901 2559 τῶν
2959 2512 3327 2582 γεγραμμένων
3385 2507 3680 2568 ἀκούοντες·
3721 2509 3903 2558 ὁποῖόν

2304 2598 2417 2650 ἐστι
2459 2604 2549 2651 καὶ
2590 2606 2763 2664 τοῦτο,
2809 2601 2865 2649 τό
2923 2600 3068 2672 παρά
3123 2601 3318 2649 τούτων
3379 2603 3791 2672 περιφερόμενον,
3839 2592 3916 2649 Εὖ

2301 2691 2400 2763 γὰρ
2432 2689 2540 2749 (41)
2573 2683 2768 2740 εὶὸέναι
2825 2691 2959 2761 χρὴ,
3001 2688 3100 2753 ὅτι,
3162 2688 3336 2759 ὥσπερ
3395 2688 3421 2738 6
3482 2690 3540 2739 τό
3588 2689 3758 2738 κοινόν
3815 2694 3921 2747 τῆς

2305 2777 2488 2838 οὐσίας
2547 2781 2616 2848 μὴ
2671 2775 2934 2848 ὁμολογῶν
2992 2775 3061 2837 εἰς
3118 2775 3394 2828 πολυθείαν
3439 2774 3697 2841 ἐκπίπτει,
3754 2775 3918 2835 οὑτως

2305 2867 2330 2918 ὁ
2360 2870 2418 2918 τὸ
2449 2863 2654 2928 ἰδιάζον
2692 2875 2792 2917 τῶν
2836 2866 3177 2916 ὑποστάσεων
3215 2869 3284 2938 μὴ
3332 2861 3518 2927 διδοὺς
3563 2865 3634 2925 εἰς
3664 2868 3752 2916 τὸν
3785 2866 3919 2916 Ἴου-

2307 2951 2535 3026 ὃαῑσμόν
2583 2955 3048 3026 ὑποφέρεταιμὲ),
3084 2961 3169 3006 Δεῖ
3199 2953 3299 3028 γὰρ
3341 2959 3434 3012 τὴν
3479 2950 3718 3005 διάνοιαν
3768 2957 3920 3025 ἡμῶν

2305 3046 2458 3096 οἱονεὶ
2510 3042 2898 3115 ἐπερεισθεῖσαν
2957 3043 3274 3115 ὑποκειμένῳ
3340 3046 3458 3110 τινὶ,
3527 3049 3618 3095 καὶ
3685 3041 3922 3117 ἐναργεῖς

2306 3133 2466 3184 αὑτοῦ
2517 3131 2945 3202 ἐντυπωσαμένην
3019 3135 3144 3194 τούς
3200 3141 3566 3207 χαρακτῆρας,
3624 3133 3793 3192 οὑτως
3871 3131 3921 3183 ἐν

2305 3226 2541 3296 περινοίᾳ
2587 3223 2829 3293 γενέσθαι
2881 3229 2973 3272 τοῦ
3021 3224 3364 3294 ποθουμένου.
3417 3227 3499 3280 Μὴ
3548 3225 3650 3298 γὰρ
3681 3228 3920 3280 νοήσαν-

2305 3331 2384 3374 τες
2440 3315 2554 3382 (43)
2592 3316 2684 3369 τὴν
2721 3315 3048 3385 πατρότητα,
3077 3308 3216 3379 μηδὲ
3253 3317 3371 3386 περὶ
3424 3313 3476 3364 ὃν
3525 3310 3826 3388 ἀφώρισται
3858 3315 3919 3362 τό

2310 3398 2510 3474 ἰδίωμα
2545 3408 2698 3454 τοῦτο
2748 3399 3130 3473 ἐνθυμηθέντες,
3192 3409 3301 3462 πῶς
3357 3397 3580 3454 δυνατόν
3622 3409 3758 3454 Θεοῦ
3811 3407 3921 3453 Πα-

2307 3495 2429 3565 τρός
2479 3492 2587 3562 (44)
2656 3492 2850 3541 ἔννοιαν
2923 3487 3366 3565 παραδέξασθαι;
3435 3490 3511 3542 Οῦ
3559 3493 3660 3564 γὰρ
3708 3489 3922 3564 ἐξαρκεῖ

2311 3577 2566 3654 διαφορὰς
2653 3585 2948 3653 προσώπων
3015 3577 3517 3654 ἀπαριθμήσασθαι,
3594 3578 3719 3631 αλλά
3799 3584 3915 3651 χρη

2309 3670 2525 3721 ἕκαστον
2607 3673 2887 3743 πρόσωπον
2972 3665 3019 3720 ἐν
3075 3670 3365 3721 ὑποστάσει

2307 3777 2408 3830 χον
2613 3756 2898 3829 ὁμολογεῖν.
2950 3759 3095 3810 Ἐπεί
3151 3761 3237 3810 τὸν
3304 3777 3363 3828 γε

3457 3668 3552 3727 ἀλη
3563 3671 3673 3741 θινῇ
3741 3670 3920 3741 ὑπάρ-

3405 3757 3764 3810 ἀνυπόστατον
3814 3766 3920 3810 τῶν

2307 3852 2600 3920 προσώπων
2641 3844 2976 3918 ἀναπλασμόν
3016 3843 3140 3899 οὐδὲ
3165 3848 3190 3898 6
3220 3846 3487 3909 Σαϐέλλιος
3539 3852 3916 3922 παρῃτήσατο,

2311 3936 2464 3988 εἰπὼν
2502 3938 2588 3988 τόν
2616 3935 2770 3987 αὑτὸν
2802 3940 2952 4007 Θεὸν,
3003 3938 3088 3988 ἕνα
3131 3945 3203 4006 τῷ
3253 3939 3568 4009 ὑποκειμένῳ
3613 3939 3727 4007 (46)
3770 3940 3917 4003 ὄντα,

2309 4030 2437 4101 πρὸς
2504 4028 2598 4086 τὰς
2669 4025 2910 4078 ἑκάστοτε
2974 4030 3421 4100 παραπιπτοὺσας
3503 4031 3690 4098 χρείας
3753 4045 3921 4097 μετα-

2311 4118 2682 4188 μορφούμενον,
2732 4122 2820 4166 νῦν
2860 4117 2949 4186 μὲν
3001 4117 3065 4175 ὼς
3124 4120 3347 4188 Πατέρα,
3394 4123 3482 4167 νῦν
3536 4112 3596 4168 δὲ
3649 4117 3718 4176 ὡς
3771 4117 3920 4184 Υὶὸν,

2311 4214 2398 4257 νῦν
2427 4201 2486 4257 δὲ
2516 4207 2584 4266 ὡς
2614 4210 2824 4276 Πνεῦμα
2878 4204 3027 4276 άγιον
3073 4201 3431 4277 διαλέγεσθαι.
3485 4207 3693 4263 Ταύτην
3747 4205 3921 4259 πάλαι

2302 4348 2362 4406 in
2387 4349 2521 4402 octo
2550 4347 2774 4402 nostris
2804 4362 2952 4402 mss.

2379 4421 2490 4489 (42)
2531 4417 2879 4492 ’Υποφέρεταμ
2914 4422 2999 4493 lta,
3027 4423 3162 4493 octo
3192 4435 3338 4493 mss.
3394 4419 3545 4477 Editi
3576 4418 3916 4493 ἀποφέρεται,

2377 4493 2487 4561 (43)
2526 4491 2866 4572 Νοὴσαντεςη
2907 4491 3077 4546 Cois].
3111 4492 3348 4572 primus
3368 4507 3518 4572 cum
3559 4491 3915 4572 aliisque.-

2305 4565 2441 4635 tuQr
2470 4568 2762 4635 νοήσαντας
2816 4564 2873 4617 et
2924 4579 3068 4619 mox
3115 4562 3515 4635 ἐνθυμηθέντας.
3557 4562 3674 4618 Sed
3705 4562 3916 4620 tamen

2305 4633 2612 4707 vulgatam
2627 4633 2944 4707 lectionem
2957 4639 3192 4690 mutare
3205 4633 3392 4693 nolui.
3406 4652 3544 4707 quae
3578 4650 3738 4706 saepe
3760 4635 3918 4691 alias

2306 4705 2368 4778 in
2392 4705 2540 4778 locis
2561 4705 2858 4778 similibus
2880 4707 3318 4778 occurritapud
3334 4705 3638 4774 Basilium,
3653 4705 3724 4761 ac
3738 4722 3915 4778 repe-

2305 4777 2452 4831 ritur
2491 4776 2551 4831 in
2601 4776 2913 4847 codicibus
2934 4778 3088 4832 Harl.
3116 4776 3338 4834 etMed.
3363 4783 3419 4832 et
3441 4794 3563 4834 uno
3596 4795 3668 4833 ex
3693 4776 3912 4847 Regiis.

2282 4847 2536 4924 Habent
2553 4846 2634 4924 illi
2655 4847 2903 4924 quidem
2919 4852 3036 4924 tres
3054 4849 3291 4904 codices
3316 4849 3500 4924 paulo
3519 4855 3664 4924 post
3679 4846 3916 4924 πῶςίὸύ-

2306 4918 2464 4970 ναιντ’
2487 4920 2565 4971 civ.
2600 4917 2716 4973 Sed
2741 4919 2916 4973 credo
2937 4919 3244 4976 inductam
3269 4917 3586 4976 alibrariis
3611 4920 3772 4977 hanc
3800 4923 3918 4977 im-

2309 4990 2705 5064 mutationem
2731 4989 2917 5064 nimio
2944 4992 3357 5064 grammaticae
3381 4991 3919 5064 studio,quemad-

2307 5061 2562 5116 modum
2620 5061 2696 5141 in.
2729 5060 2861 5142 aliis
2907 5063 3178 5142 quinque
3236 5063 3546 5142 codicibus
3588 5060 3808 5142 eadem
3839 5063 3918 5120 de

2309 5148 2496 5188 causa
2535 5135 2946 5187 nominativus
2987 5135 3048 5189 in
3087 5137 3500 5191 accusativum
3531 5135 3916 5190 immutatus.

2381 5206 2494 5278 (fili)
2535 5208 2911 5278 ese-iillarpég.
2939 5206 3031 5260 Sic
3070 5222 3290 5262 novem
3321 5223 3472 5262 mss.
3501 5222 3610 5278 pro
3641 5221 3713 5262 eo
3743 5206 3917 5278 quod

2309 5276 2513 5348 eratin
2533 5275 2719 5348 editis
2748 5279 2876 5348 πρὸς
2907 5284 3060 5328 Θεοῦ.

2530 5345 2817 5423 ’Υπάρχον.
2843 5349 2935 5402 Sic
2963 5349 3154 5423 iidem
3177 5365 3328 5423 mss.
3371 5349 3522 5423 Erilli
3551 5349 3839 5423 ὑπάρχειν.

2382 5419 2494 5490 (46)
2534 5424 2616 5487 Τῷ
2664 5419 3006 5490 ὑποκειμένῳ.
3056 5419 3244 5476 Editio
3305 5421 3479 5475 Basil.
3532 5419 3808 5476 secunda
3855 5423 3918 5477 et

2311 5488 2494 5545 Paris.
2541 5497 2638 5539 τῶν
2693 5488 3584 5563 anqzsips’mu,repugnantibus
3618 5491 3916 5550 omnibus

2312 5574 2457 5616 mss.
2487 5563 2544 5618 et
2571 5561 2996 5620 vetustioribus
3021 5561 3408 5620 editionibus.
