4148 6380
266 251 388 309 777

1283 235 1786 296 EPISTOLARUM
1829 230 2104 291 CLASSIS
2144 232 2214 292 II.
2247 235 2467 298 EPIST.
2509 237 2662 296 CCX.

3553 251 3657 309 πε

268 371 738 430 κατασϐεσθεῖσαν
787 368 882 426 την
930 363 1127 422 πλάνην
1176 361 1508 416 ἀνανεοῦνται
1553 369 1640 415 νῦν
1690 362 1738 414 οἰ
1792 363 1877 419 τῆς

1998 357 2360 430 hypostases
2389 362 2732 436 repudiant,
2766 365 2823 420 et
2845 377 3070 421 nomen
3109 365 3234 424 Filii
3262 368 3364 426 Dei
3404 377 3652 443 negant.

269 466 553 537 ἁνωνύμου
600 459 716 530 (47)
785 457 984 516 ταύτης
1031 451 1274 527 αἱρέσεως
1340 452 1620 526 ἐφενρεταιο
1681 452 1729 504 οἱ
1794 451 1888 510 τὰς

270 552 604 610 ὐποστάσεις
653 546 975 613 ἀθετοῦντες,
1020 546 1198 595 καὶτὸ
1249 546 1413 616 ὄνομα
1466 549 1559 595 τοῦ
1617 542 1742 595 Υἱοῦ
1795 544 1887 591 τοῦ

271 650 418 699 Θεοῦ
441 638 839 713 ἀπαρνούμενοι.
865 631 990 700 Οὓς,
1031 630 1114 684 έάν
1143 635 1213 704 μὴ
1262 634 1571 684 παύσωνται
1616 628 1887 690 λαλοῦντες

270 730 417 787 κατά
440 735 532 783 τοῦ
560 732 693 782 Θεοῦ
716 720 952 791 ἀδικίαν,
983 715 1270 797 ὀδύρεσθαι
1299 724 1410 796 χρὴ
1439 721 1569 794 μετά
1606 727 1705 772 τῶν
1732 717 1888 793 ἀρνη-

273 826 603 898 σιχρίστων.

354 895 410 969 6⁷,
439 913 620 962 Ταῦτα
661 902 953 976 ἀναγκαίως
1015 899 1136 973 ὑμῖν
1202 895 1620 973 διεστειλάμεθα,
1680 900 1764 952 ἱνα
1797 900 1885 959 τὰς

272 1004 384 1058 ἀπὸ
423 1007 523 1052 τῶν
561 1001 798 1070 πονηρῶν
831 988 1176 1064 διδαγμάτων
1208 987 1408 1063 βλάϐας
1442 989 1757 1062 φυλάξησθε.
1800 996 1883 1060 Τῷ

269 1099 390 1149 ὄντι
437 1090 563 1162 γὰρ,
591 1085 634 1139 εἰ
691 1087 799 1158 χρὴ
832 1083 924 1143 τὰς
970 1081 1200 1154 πονηρὰς
1227 1075 1582 1140 διδασκαλίας
1620 1087 1726 1140 τοῖς
1779 1078 1883 1132 ὁλε-

275 1188 446 1259 θρίοις
491 1177 788 1252 φαρμάκοις
837 1171 1125 1244 ἐξομοιοῦν,
1152 1173 1217 1232 ὡς
1246 1171 1296 1222 οἱ
1338 1169 1460 1245 παρ’
1493 1169 1614 1242 ὑμῖν
1659 1169 1883 1243 ὀνειροσ-

273 1258 436 1328 κόποι
465 1271 616 1343 φασὶ,
648 1270 816 1317 ταῦτα
847 1260 959 1315 ἐστι
989 1265 1081 1314 καὶ
1125 1267 1351 1328 κώνειον,
1386 1265 1476 1312 καὶ
1512 1258 1767 1327 ἀκόνιτον,
1792 1263 1883 1312 καὶ

277 1367 326 1418 εἶ
354 1382 408 1416 τι
434 1360 599 1432 ἕτερον
627 1355 896 1428 φάρμακον
927 1347 1264 1424 ἀνδροφόνον.
1294 1356 1475 1403 Ταῦτα
1502 1349 1692 1421 ψυχῶν
1721 1345 1883 1408 δηλη·

278 1459 462 1528 τήρια,
483 1446 588 1519 οὐχ
621 1446 669 1496 οἱ
695 1444 937 1516 ἡμέτεροι
966 1440 1133 1512 λόγοι,
1159 1438 1288 1512 ἅπερ
1329 1441 1384 1491 αἱ
1413 1439 1745 1498 οἰνόπληκτοι
1765 1435 1880 1508 (48)

273 1525 530 1618 μήνιγγες
561 1531 804 1600 ἐκϐοῶσι,
843 1529 1266 1602 πολυφάνταστοι
1294 1525 1451 1581 οὖσαι
1477 1525 1572 1581 διὰ
1599 1531 1658 1581 τό
1690 1531 1877 1590 πάθος’

271 1615 391 1701 δῦς,
424 1632 560 1701 εἴπερ
594 1625 935 1696 ἓσωφρόνουν,
969 1619 1135 1692 ἐχρῆν
1166 1615 1380 1686 εἰδέναι,
1408 1621 1488 1672 ὃτι
1530 1626 1645 1682 ταῖς
1672 1619 1880 1692 ama..-

273 1741 390 1783 τοις
421 1722 510 1770 καὶ
535 1717 714 1774 πάσης
742 1707 959 1772 κηλῖδος
993 1710 1398 1782 κεκαθαρμέναις
1428 1709 1632 1781 ψυχαῖς
1659 1713 1716 1762 τό
1755 1729 1881 1784 προ-

270 1811 498 1885 φητικὸν
562 1803 837 1873 ἐναυγάζει
896 1800 1166 1873 χάρισμα.
1237 1801 1367 1850 Οὔτε
1427 1801 1526 1873 γὰρ
1604 1801 1880 1873 κατόπτρῳ

269 1884 510 1978 ῥυπῶντι
541 1890 763 1948 δυνατὸν
811 1897 910 1985 τῶν
946 1888 1150 1941 εἰκόνων
1192 1884 1448 1951 δέξασθαι
1475 1891 1566 1950 τὰς
1609 1889 1880 1963 ἐμφάσεις,

270 1976 396 2046 οὔτε
423 1986 610 2060 ψυχήν
643 1988 759 2043 ταῖς
806 1976 1087 2052 βιωτικαῖς
1130 1976 1544 2051 προειλημμένην
1588 1984 1880 2052 μερίμναις,

275 2085 370 2134 καὶ
397 2083 510 2138 τοῖς
557 2072 613 2126 ἐκ
659 2078 752 2124 τοῦ
784 2072 1102 2145 φρονήματος
1136 2075 1226 2128 τῆς
1269 2069 1463 2140 σαρκός
1501 2066 1880 2144 ἐπισκοτουμέ-

277 2190 372 2230 νην
401 2168 614 2232 πάθεσι,
649 2158 871 2215 δυνατὸν
919 2153 1276 2219 ὑποδέξασθαι
1309 2161 1400 2209 τοῦ
1447 2155 1599 2228 ἀγίου
1645 2161 1880 2232 Πνεῦμα-

277 2279 366 2323 τος
404 2259 493 2318 τὰς
516 2249 815 2326 map-pug.
850 2247 925 2300 Οῦ
950 2248 1052 2322 γὰρ
1083 2252 1183 2299 πᾶν
1223 2245 1454 2299 ἐνύπνιον
1485 2246 1637 2309 εὐθὺς
1675 2267 1878 2321 προφη-

272 2354 410 2419 τεία,
460 2348 530 2409 ὥς
578 2361 711 2418 φησι
739 2342 1035 2412 Ζαχαρίας.
1080 2339 1267 2410 Κύρίος
1325 2335 1536 2395 ἐποίησε
1570 2343 1876 2409 φαντασίαν,

268 2443 365 2493 καὶ
407 2437 554 2489 ὑετὸν
585 2430 905 2506 χειμερινὸν,
941 2422 1080 2479 διότι
1109 2425 1158 2477 οἱ
1203 2423 1648 2498 ἀποφθεγγόμενοι
1698 2425 1879 2486 ἐλάλη-

271 2547 374 2582 σαν
400 2529 614 2595 κόπους,
655 2519 841 2572 καὶτὰ
878 2515 1089 2568 ἐνύπνια
1126 2511 1299 2586 ψευδῆ
1336 2513 1560 2567 ἐλάλουν.
1615 2516 1775 2570 Οὗτοι
1819 2513 1878 2571 δὲ

271 2616 484 2672 κάκεῖνο
514 2611 811 2684 ἀγνοοῦσιν,
845 2607 894 2660 οἱ
923 2608 1058 2659 κατὰ
1087 2608 1173 2658 τόν
1204 2604 1422 2658 Ἠσαίαν
1458 2603 1879 2679 ἐνυπνιαζόμενοι

274 2709 371 2758 καὶ
408 2708 584 2760 κοίτην
615 2699 870 2773 φιλοῦντες
915 2694 1192 2762 νυστάξαι,
1242 2694 1322 2747 ὅτι
1374 2695 1624 2757 πολλάκις
1652 2694 1879 2769 ἐνέργεια

278 2795 482 2856 πλάνης
506 2788 865 2844 ἀποστέλλεται
897 2785 981 2839 ἐπὶ
1007 2788 1129 2847 τοὺς
1167 2787 1312 2848 υἱοὺς
1344 2793 1436 2847 τῆς
1465 2783 1744 2846 ἀπειθείας.
1777 2791 1876 2840 Καὶ

282 2884 401 2938 ἔστι
458 2887 656 2953 πνεῦμα
683 2874 895 2950 ψευδὲς,
927 2874 974 2945 ὃ,
1006 2871 1054 2927 ἐν
1099 2881 1204 2936 τοῖς
1254 2871 1720 2948 ψευδοπροφήταις
1769 2877 1874 2947 (49)

281 2978 566 3047 γενόμενον,
597 2973 683 3023 τὸν
715 2965 928 3040 Ἀχαὰϐ
964 2964 1276 3029 ἐξηπάτησε.
1316 2971 1496 3018 Ταῦτα
1517 2962 1710 3026 εἰδότες
1741 2967 1872 3039 (50),

278 3060 343 3117 fc?
345 3083 388 3116 ει
413 3066 486 3136 μὴ
507 3067 756 3115 τοσοῦτον
786 3057 1164 3130 ὑπεραρθηναι,
1188 3057 1322 3108 ὥστε
1342 3054 1542 3116 ἑαυτοῖς
1561 3061 1874 3131 προφητείαν

272 3155 719 3227 προσμαρτυρεῖν,
745 3147 794 3199 οἱ
821 3165 879 3218 γε
918 3140 1214 3198 δείκνυνται
1243 3147 1333 3198 καὶ
1379 3149 1471 3198 τοῦ
1520 3144 1872 3198 οἰωνοσκόπον

272 3240 491 3313 Βαλαὰμ
538 3245 634 3299 τῆς
683 3233 948 3310 ἀκριϐείας
1005 3231 1425 3305 ἀπολειπόμενοι.
1482 3232 1597 3297 Ὃς,
1643 3236 1742 3287 ὑπό
1781 3242 1873 3288 τοῦ

272 3328 538 3404 βασιλέως
573 3335 672 3381 τῶν
701 3323 990 3380 Μωαϐιτῶν
1022 3321 1105 3374 ἐπὶ
1131 3327 1407 3395 μεγίσταις
1457 3319 1673 3395 δωρεαῖς
1719 3343 1874 3396 μετα-

268 3419 500 3488 κληθεις,
557 3415 652 3471 οὐκ
700 3416 954 3486 ἠνέσχετο
1000 3413 1110 3483 (51)
1152 3410 1353 3484 ἀφεῖναι
1403 3416 1570 3484 φωνὴν
1623 3416 1768 3488 παρὰ
1813 3417 1872 3466 τό

272 3507 526 3581 βούλημα
561 3513 654 3558 τοῦ
699 3504 856 3570 Θεοῦ,
902 3498 1024 3556 οὐδὲ
1067 3489 1373 3576 ἀράσασθαι
1415 3505 1501 3554 τόν
1550 3501 1785 3578 Ἰσραὴλ,
1819 3502 1873 3556 ὃν

267 3598 368 3652 οὐκ
393 3596 584 3672 ἀρᾷται
625 3598 836 3670 Κύριος.
879 3592 941 3646 Εἰ
988 3595 1079 3664 μὲν
1111 3587 1198 3644 οὖν
1228 3599 1340 3652 ταῖς
1372 3589 1593 3653 ἐντολαῖς
1631 3599 1722 3644 τοῦ
1772 3599 1871 3645 Κυ-

264 3692 387 3764 ρίου
420 3688 474 3741 αί
511 3688 650 3739 κατά
695 3687 782 3737 τὸν
828 3683 986 3736 ὕπνον
1017 3682 1184 3734 αὐτῶν
1217 3686 1500 3754 φαντασίαι
1555 3687 1872 3756 συντρέχου-

269 3797 379 3847 σιν,
419 3777 784 3852 ἀρκείσθωσαν
810 3779 916 3834 τοῖς
941 3771 1291 3844 Εὐαγγελίοις,
1324 3767 1572 3844 οὐδεμιᾶς
1622 3770 1870 3844 βοηθείας

265 3866 326 3921 ἐκ
364 3875 464 3920 τῶν
494 3865 702 3939 ὀνείρων
733 3863 804 3925 εἰς
833 3867 927 3921 τὴν
971 3861 1302 3925 ἀξιοπιστίαν
1354 3859 1780 3935 προσδεομένοις·
1829 3863 1871 3916 εἰ

268 3954 330 4011 δι
357 3958 383 4009 ό
413 3959 502 4029 μὲν
538 3956 728 4028 Κύριος
774 3957 870 4013 τὴν
923 3951 1107 4005 ἑαυτοῦ
1157 3951 1362 4026 εἰρήνην
1390 3950 1582 4023 ἀφῆκεν
1612 3953 1758 4024 ἡμῖν,
1783 3957 1871 4006 καὶ

266 4045 478 4105 ἐντολὴν
507 4049 691 4103 καινὴν
735 4039 922 4096 ἔδωκεν
972 4043 1117 4115 ἡμῖν,
1151 4045 1237 4093 ἵνα
1279 4039 1558 4114 ἀγαπῶμεν
1597 4041 1868 4108 ἀλλήλους,

265 4138 334 4190 τὰ
403 4132 463 4189 δε
528 4135 769 4208 ὀνείρατα
832 4134 1016 4204 μάχην
1078 4135 1168 4183 καὶ
1199 4127 1486 4183 διάστασιν
1524 4135 1615 4183 καὶ
1662 4129 1872 4203 ἀγάπης

261 4224 563 4298 ἀφανισμὸν
597 4223 876 4295 ὑφηγεῖται
905 4221 1017 4292 (52)
1043 4241 1055 4254 ·
1097 4224 1168 4293 μη
1231 4215 1532 4272 διδότωσαν
1571 4223 1751 4293 καιρὸν
1799 4228 1870 4292 τῷ

266 4311 496 4386 διαϐόλῳ
525 4309 560 4366 δ
565 4313 620 4364 ιά
647 4318 739 4364 τοῦ
769 4311 930 4364 ὕπνου
976 4317 1087 4370 ταῖς
1128 4309 1337 4382 ψυχαῖς
1376 4309 1541 4361 αὐτῶν
1569 4307 1866 4362 ἐπιϐαίνειν·

266 4400 406 4474 μηδὲ
460 4406 754 4476 κυριώτερα
804 4405 1116 4454 ποιείτωσαν
1169 4401 1235 4452 τὰ
1290 4398 1412 4473 παρ’
1484 4399 1676 4452 ἑαυτῶν
1753 4400 1870 4470 (53)

268 4494 615 4566 φαντάσματα
637 4499 738 4544 τῶν
782 4493 1054 4564 σωτηρίων
1087 4485 1121 4541 δ
1129 4486 1184 4541 ιδ
1189 4490 1456 4562 ἀγμάτων.

900 4616 922 4650 ³
948 4612 1126 4670 Zach.
1148 4629 1202 4682 x,
1231 4618 1279 4684 1,
1329 4617 1384 4670 2.

1903 4455 1946 4508 D

263 4614 291 4667 F
340 4618 364 4652 ³
400 4615 535 4675 Psal
562 4619 820 4686 Lxx1v,6.
900 4613 1202 4682 aZach.x,
1231 4618 1279 4684 1,
1329 4617 1384 4670 2.
1463 4613 1483 4647 ‘
1523 4615 1640 4670 Isa.
1690 4629 1838 4680 xxxx,
1873 4616 1925 4669 8.

267 4690 324 4746 11
377 4703 501 4762 seq.

332 4812 454 4886 (47),
483 4819 592 4876 Τῆς
639 4813 930 4886 ἀνωνύμου.
961 4811 1228 4886 rVidetur
1283 4809 1538 4867 Basilius
1587 4809 1868 4886 hieresim

254 4883 424 4943 illam
440 4883 885 4942 innominatam
899 4929 911 4952 ,
924 4885 1048 4940 sive
1062 4883 1307 4941 nomine
1326 4888 1628 4939 carentem
1646 4883 1866 4945 dicere,

254 4957 406 5032 quia.
431 4972 658 5032 nomen
686 4957 811 5032 Filii
854 4956 1118 5032 tollebat.
1153 4972 1223 5032 ac
1253 4956 1538 5012 traditum
1579 4954 1864 5032 negabat.

331 5030 451 5100 (48)
490 5027 655 5104 Ἀπερ
680 5030 734 5081 αἱ
765 5028 1130 5104 οἰνόπληκτοᾳιι
1153 5027 1252 5104 _Sic
1282 5043 1497 5104 omnes
1539 5026 1727 5104 nostri
1771 5041 1867 5081 co-

256 5097 613 5172 dices,uno
627 5097 898 5172 excepto,
932 5099 1036 5172 qui
1070 5098 1253 5156 habet
1281 5099 1404 5172 ὅπερ
1433 5099 1488 5150 αἱ
1518 5097 1865 5170 οἱνοςρλυκτοι.

259 5170 418 5247 Ediii
436 5171 554 5247 ,ἀλλ’
581 5171 710 5247 οἷπερ
733 5170 792 5224 αἱ
815 5170 1158 5247 οἰνόςιιλυκτξοιἶ

337 5243 452 5320 (49)
491 5238 984 5320 Ψευδοπροφήταίς.
1061 5241 1236 5300 Coisl.
1289 5240 1521 5314 primus
1602 5243 1660 5297 et
1715 5238 1866 5296 Med.

259 5319 579 5389 πρφφήταις-

334 5382 454 5457 (30)
492 5394 670 5440 Ταῦτα
695 5382 912 5457 εἰδότες.
955 5384 1427 5457 Coisl.uterque,
1451 5382 1603 5441 Med.
1635 5390 1690 5439 et
1713 5398 1871 5457 unus

263 5455 350 5512 ex
377 5458 577 5528 Regiis
607 5467 775 5511 ταῦτα
809 5455 1036 5518 εἰδότας.
1068 5456 1220 5514 Nihil
1271 5455 1871 5528 tamenimutandum

264 5527 638 5601 putavimus,
678 5529 759 5586 ob
784 5546 888 5587 eas
917 5545 1140 5586 causas
1164 5544 1318 5602 quas
1360 5527 1548 5586 modo
1583 5527 1870 5587 diximus.

556 5622 800 5679 ΡΑτιιοι.
834 5621 935 5680 Gn.
969 5619 1169 5678 XXXII.

2001 447 2232 513 Quibus
2291 451 2563 524 quidem,
2617 452 2734 510 nisi
2799 453 3080 511 desinant
3147 455 3316 530 loqui
3361 459 3657 520 adversus

1998 542 2189 596 Deum
2230 541 2679 615 iniquitatem‘,
2739 542 3076 616 lugendum
3106 550 3196 604 est
3241 561 3383 607 cum
3425 549 3498 608 iis
3547 553 3656 626 qui

1999 629 2299 688 Christum
2328 637 2576 705 negant.

2067 905 2123 958 6.
2167 901 2304 958 Haec
2330 902 2504 960 vobis
2533 905 2874 962 necessario
2923 906 3295 982 scripsimus,
3327 913 3393 969 ut
3419 910 3654 974 damna

1994 1007 2028 1048 a
2060 993 2262 1064 pravis
2291 992 2674 1052 documentis
2722 996 3142 1069 impendentia
3181 1002 3465 1060 caveatis.
3497 1006 3650 1063 Nam

1991 1098 2216 1149 revera,
2247 1082 2293 1136 si
2317 1099 2518 1154 pravae
2539 1085 2828 1142 doctrinm
2851 1102 2987 1142 cum
3016 1088 3362 1160 pharmacis
3381 1093 3650 1152 exitiosis

1993 1171 2445 1244 comparandae,
2477 1174 3005 1246 quemadmodum
3036 1179 3200 1251 apud
3229 1195 3340 1237 vos
3380 1185 3652 1243 somnio-

1992 1276 2127 1317 rum
2160 1261 2509 1333 interpretes
2539 1263 2766 1332 dicunt,
2799 1265 2930 1322 hinc
2955 1271 3097 1324 sunt
3125 1273 3182 1324 et
3206 1268 3400 1328 cicuta
3431 1277 3487 1330 et
3515 1291 3652 1333 aco-

1991 1351 2204 1420 nitum,
2238 1355 2295 1408 et
2319 1352 2368 1406 si
2400 1351 2568 1424 quod
2590 1353 2756 1410 aliud
2789 1353 3006 1412 lethalc
3037 1357 3464 1429 pharmacum.
3517 1364 3652 1423 Haec

1993 1445 2134 1497 sunt
2163 1440 2508 1498 animarum
2551 1457 2805 1511 venena,
2839 1459 2964 1500 non
2994 1448 3183 1502 nostri
3211 1465 3545 1522 sermones,
3587 1458 3654 1513 ut

1991 1529 2321 1589 temulenta
2365 1529 2468 1586 illa
2499 1531 2935 1589 cerebellorum
2974 1534 3287 1594 involucra
3319 1539 3649 1616 clamitant,

1992 1622 2136 1679 visis
2168 1620 2372 1676 multis
2401 1621 2481 1678 ob
2508 1623 2792 1678 morbum
2823 1624 3040 1682 referta
3071 1643 3085 1682 ;
3117 1644 3273 1700 quos
3303 1631 3576 1704 quidem,
3603 1635 3654 1692 si

1923 1721 1962 1775 Β
1993 1715 2291 1784 saperent,
2317 1725 2499 1766 nosse
2522 1711 2864 1784 oportebat,
2886 1712 3259 1773 intaminatis
3285 1722 3342 1775 et
3379 1720 3458 1777 ab
3484 1726 3654 1782 omni

1993 1799 2234 1857 macula
2263 1801 2611 1872 expurgatis
2639 1801 2942 1858 mentibus
2965 1804 3388 1877 propheticum
3417 1809 3654 1873 donum

1990 1889 2256 1946 illucere.
2314 1892 2518 1962 Neque
2576 1891 2738 1946 enim
2798 1891 3045 1963 speculo
3101 1895 3350 1953 sordido
3397 1909 3656 1971 possunt

1991 1978 2330 2049 imaginum
2362 1978 2555 2051 excipi
2581 1979 2844 2052 species;
2884 1997 3082 2055 neque
3113 1985 3321 2043 anima
3351 1989 3654 2048 saeculari-

1990 2070 2106 2126 bus
2128 2073 2556 2142 praeoccupate.
2577 2070 2754 2137 curis,
2773 2074 2828 2127 et
2844 2073 2938 2127 cui
2962 2073 3221 2130 carnalis
3239 2091 3452 2134 sensus
3478 2080 3656 2139 affec-

1989 2159 2070 2215 tio
2094 2157 2376 2214 tenebras
2406 2157 2684 2227 offundit,
2701 2159 3161 2218 illustrationem
3186 2164 3436 2237 Spiritus
3459 2171 3654 2228 sancti

1988 2249 2255 2322 recipere
2285 2253 2502 2321 potest.
2537 2252 2667 2305 Non
2695 2250 2856 2306 enim
2891 2267 3073 2327 omne
3109 2256 3418 2312 somnium
3451 2260 3653 2318 statim

1990 2338 2311 2413 prophetia
2368 2341 2478 2408 est,
2529 2341 2589 2393 ut
2643 2339 2726 2395 ait
2763 2340 3124 2399 Zacharias:
3185 2345 3478 2404 Dominus
3504 2351 3652 2419 fecit

1985 2427 2404 2498 phantasiam,
2446 2432 2502 2482 et
2531 2428 2804 2496 pluviam
2850 2428 3189 2500 hibernam,
3215 2434 3359 2504 quia
3380 2440 3655 2494 sermoci-

1989 2523 2203 2574 nantcs
2232 2517 2420 2572 locuti
2449 2521 2591 2572 sunt
2623 2516 2873 2589 labores,
2913 2524 2967 2575 et
3001 2523 3235 2578 somnia
3260 2523 3428 2591 falsa
3457 2526 3654 2598 loque-

1990 2605 2214 2663 bantur
2236 2609 2278 2660 ³.
2305 2605 2371 2662 Hi
2403 2610 2604 2661 autem
2625 2605 2730 2678 qui
2753 2607 3089 2664 secundum
3112 2611 3329 2667 Isaiam
3349 2616 3655 2674 somniant

1989 2700 2046 2751 et
2069 2694 2395 2752 dormitare
2423 2697 2634 2752 amant
2677 2694 2740 2750 in
2791 2695 2972 2752 cubili
2995 2698 3036 2765 ‘,
3087 2697 3236 2755 illud
3271 2701 3451 2758 etiam
3475 2703 3654 2773 igno-

1986 2787 2143 2850 rant,
2191 2799 2350 2855 saepe
2399 2783 2812 2856 operationem
2853 2786 3067 2841 erroris
3096 2787 3338 2845 immitti
3384 2791 3446 2847 in
3493 2792 3650 2850 ﬁlios

1985 2873 2393 2932 ditﬁdentiee‘.
2444 2875 2543 2929 Est
2581 2877 2638 2930 et
2690 2873 2932 2947 spiritus
2961 2876 3246 2946 mendax,
3285 2881 3391 2952 qui
3421 2898 3561 2938 cum
3585 2883 3650 2940 in

1981 2964 2149 3022 falsis
2179 2963 2490 3036 prophetis
2516 2968 2690 3034 esset,
2719 2964 2927 3021 Achab
2973 2965 3272 3040 decepit“.
3303 2971 3436 3026 Haec
3462 2973 3651 3029 scien-

1913 3082 1953 3137 ο
1983 3058 2072 3112 tes
2122 3069 2248 3110 non
2300 3052 2622 3126 oportebat
2673 3052 2827 3111 adeo
2877 3056 3209 3128 superbire,
3262 3064 3328 3115 ut
3376 3060 3646 3135 sibiipsis

1981 3142 2313 3217 prophetia
2379 3142 2613 3198 donum
2660 3142 3064 3202 ascriberent:
3123 3147 3227 3218 qui
3277 3163 3355 3204 ne
3393 3151 3644 3221 auguris

1980 3232 2231 3307 quidem
2277 3231 2523 3288 Balaam
2581 3231 2954 3303 diligentiam
3013 3237 3257 3309 assequi
3312 3237 3645 3312 deprehen-

1979 3323 2225 3380 duntur.
2271 3324 2324 3377 is
2355 3322 2516 3377 enim
2538 3337 2575 3378 a
2605 3321 2997 3378 Moabitarum
3029 3339 3190 3395 rege,
3233 3328 3475 3397 magnis
3505 3346 3643 3386 mu-

1979 3411 2226 3470 neribus
2256 3411 2498 3482 oblatis,
2527 3413 2874 3483 accersitus,
2901 3412 3125 3470 adduci
3177 3429 3298 3471 non
3341 3418 3556 3488 potuit,
3578 3424 3647 3477 ut

1978 3518 2193 3559 vocem
2239 3505 2456 3574 praeter
2502 3501 2604 3557 Dei
2643 3501 3013 3558 voluntatem
3063 3503 3378 3576 emitteret,
3412 3513 3518 3564 aut
3559 3509 3643 3565 Is-

1977 3591 2124 3648 raeli
2156 3589 2559 3658 malediceret,
2589 3590 2685 3646 cui
2717 3591 3007 3646 Dominus
3029 3607 3153 3648 non
3179 3593 3638 3653 maledicebat’.

1979 3681 2186 3753 itaque
2219 3680 2267 3736 si
2296 3679 2614 3752 praeceptis
2645 3679 2883 3736 Domini
2913 3679 3120 3736 oblata
3169 3681 3284 3737 illis
3328 3686 3438 3754 per
3481 3700 3644 3740 som-

1978 3787 2127 3828 num
2179 3770 2310 3826 visa
2358 3769 2760 3840 consentiunt,
2807 3769 3070 3826 contenti
3112 3770 3230 3826 sint
3282 3773 3638 3846 Evangeliis,

1978 3873 2114 3932 quae
2163 3857 2542 3915 somniorum
2582 3857 2867 3930 praesidio
2924 3858 3003 3914 ad
3050 3858 3238 3915 ﬁdem
3292 3859 3640 3921 faciendam

1977 3963 2102 4004 non
2135 3948 2424 4019 indigent.
2461 3947 2640 4018 318
2681 3947 2854 4013 Quod
2895 3946 2945 4003 si
2990 3963 3207 4020 pacem
3243 3965 3415 4006 suam
3461 3953 3640 4010 nobis

1976 4037 2218 4111 reliquit
2266 4037 2576 4107 Dominus,
2626 4052 2977 4108 novumque
3041 4037 3221 4094 nobis
3279 4041 3639 4100 mandatum

1979 4128 2164 4198 dedit,
2189 4127 2596 4199 utdiligamus
2615 4127 2896 4196 invicem,
2931 4129 3171 4185 somnia
3195 4145 3335 4188 vero
3365 4147 3638 4204 pugnam

1979 4234 2049 4275 ac
2067 4219 2385 4275 dissidium
2410 4223 2466 4274 et
2487 4217 2790 4275 charitatis
2827 4220 3284 4276 exstinctionem
3311 4221 3636 4291 inducunt;

1978 4323 2102 4364 non
2161 4308 2306 4364 dent
2349 4308 2732 4363 occasionem
2787 4307 3032 4365 diabolo
3083 4311 3360 4382 ipsorum
3403 4313 3639 4369 animas

1977 4413 2085 4471 per
2117 4415 2401 4454 somnum
2440 4398 2792 4468 invadendi,
2825 4413 2936 4454 nec
2981 4400 3108 4455 suis
3143 4401 3478 4457 visionibus
3503 4402 3639 4475 plus

1977 4489 2262 4558 tribuant,
2294 4504 2482 4560 quam
2514 4487 2881 4544 salutaribus
2921 4488 3320 4546 documentis.

2003 4612 2025 4648 ⁸
2067 4611 2288 4685 Ephes.
2324 4627 2383 4680 ιι,
2410 4616 2466 4667 2.
2542 4613 2563 4649 ⁶
2603 4614 2671 4668 lll
2713 4614 2854 4683 Reg.
2887 4628 3030 4683 xxu,
3064 4617 3148 4670 22.
3227 4614 3247 4649 ⁷
3290 4617 3470 4671 Num.
3507 4631 3636 4690 XXII,

1978 4812 2181 4892 Neque
2213 4808 2390 4892 enim
2413 4813 2713 4881 repugnat
2735 4807 2986 4892 vulgata
3016 4807 3316 4892 sc‘rip‘tura
3337 4810 3492 4892 stylo
3537 4813 3640 4892 Da-

1980 4880 2115 4948 silii,
2151 4897 2220 4936 ac
2250 4880 2540 4953 praeterea
2586 4880 2879 4952 reperitur
2933 4880 2998 4935 in
3050 4880 3362 4937 Harlaaano
3393 4880 3477 4940 'et
3507 4882 3638 4940 aliis

1977 4953 2310 5009 codicibus.

2052 5024 2170 5106 (iit)
2212 5028 2514 5106 Ἠνέσχετο.
2559 5021 2651 5106 Sic
2693 5021 3244 5106 pierique‘codices
3301 5040 3450 5106 mss.
3487 5025 3640 5106 Editi

1979 5093 2238 5172 ἠνείχετο.
2280 5093 2466 5172 Ballio
2498 5098 2635 5172 post
2688 5093 2841 5172 editi
2866 5093 2927 5145 ὃν
2949 5093 3006 5146 οῦ
3030 5102 3343 5172 καταρᾶται,
3387 5103 3444 5154 et
3482 5099 3640 5155 infra.

1978 5165 2253 5240 πρὸςτὴν
2294 5165 2647 5240 ἀξιοπιστίαν.
2700 5165 2948 5222 Codices
2987 5181 3133 5223 mss.
3166 5165 3442 5225 'summo
3499 5184 3642 5225 con-

1981 5238 2165 5294 sensu
2201 5238 2261 5293 ut
2289 5239 2350 5293 in
2389 5241 2573 5293 textu.

2052 5312 2160 5383 (52)
2201 5310 2520 5383 ’Υφηγεῖταα
2555 5309 2639 5365 Ita
2677 5324 2898 5383 novem
2929 5324 3082 5365 mss.
3143 5309 3294 5366 Editi
3341 5308 3636 5383 ἀφηγεῖται.

2055 5381 2168 5454 (53)
2208 5383 2340 5454 Παρ’
2366 5380 2588 5454 ἑαυτῶν.
2632 5380 2724 5438 Sic
2775 5385 2892 5438 tres
2936 5383 3332 5440 vetustissimi
3375 5380 3638 5438 codices.

1981 5453 2132 5510 Editi
2161 5452 2299 5528 imp"
2315 5452 2498 5510 αὐτοῦ,

3322 5617 3390 5670 25
