4148 6414
298 278 416 346 ηε

1272 280 1762 342 EPISTOLARUM
1796 274 2081 336 CLASSIS
2122 280 2203 342 II.
2251 280 2473 339 EPIST.
2517 283 2712 341 CCXII.

3579 284 3686 344 782

302 413 569 479 τουμένων
596 424 610 437 ⁸
657 410 717 462 οὐ
755 411 1063 484 γράμμασιν
1110 406 1350 482 ἀψύχοις
1400 409 1915 472 καταπιστεύσαντα,

2031 403 2238 463 litteris
2294 407 2582 465 inanimis
2629 406 3044 476 committens,
3094 407 3201 463 sed
3246 423 3354 481 per
3405 425 3502 466 me
3557 410 3685 483 ipse

304 499 427 553 αλλ’
460 500 621 563 αὐτὸν
664 495 740 551 δι’
789 498 1015 573 ἓμαυτου
1067 498 1294 573 ἐναργῶς
1338 499 1553 572 λέγοντα
1578 499 1797 565 ἕκαστα,
1828 498 1918 547 καὶ

316 588 610 652 ἐπεξιόντα.
687 589 752 641 ΟΞ
819 592 917 665 γὰρ
986 588 1222 662 ἔμψυχοι
1279 588 1427 661 λόγοι
1494 585 1918 661 δραστικωτέραν

305 683 508 751 ἔχουσι
538 683 632 736 τὴν
680 680 863 731 πειθώ·
911 682 1043 753 πρὸς
1078 699 1133 732 τε
1163 683 1220 735 τὸ
1252 679 1642 753 εὐεπιχείρητον
1668 681 1759 729 καὶ
1788 678 1918 750 πρὸς

307 773 666 839 συκοφαντίαν
712 766 963 819 εὐάλωτον
1007 768 1184 820 οὐκέτι
1236 770 1408 841 ὅμοιοι
1462 774 1573 829 τοῖς
1624 767 1919 838 γεγραμμέ-

304 876 417 919 νοις
475 856 602 908 εἰσί.
654 860 757 909 Καὶ
806 858 908 930 γὰρ
951 853 1105 909 οὐδὲν
1158 856 1446 931 ἀτόλμητον
1501 856 1679 908 λοιπὸν
1721 850 1916 921 οὐδενὶ,

303 949 442 1000 ὅπου
495 965 554 1017 γε
597 949 687 999 καὶ
740 948 790 997 οἱ
840 948 908 998 τὰ
954 951 1184 1019 μέγιστα
1212 947 1332 1022 παρ’
1359 949 1505 1019 ἡμῶν
1534 945 1914 1013 πιστευθέντες,

304 1036 405 1097 οὓς
461 1036 833 1107 ᾐσθανόμεθα,
893 1038 1026 1107 μετὰ
1080 1045 1180 1090 τῶν
1236 1036 1521 1112 ἀνθρώπων
1570 1036 1806 1110 ὁρῶντες,
1852 1036 1918 1094 ὡς

306 1126 494 1199 μεῖζόν
541 1145 594 1176 τι
642 1129 795 1187 ὄντας
842 1127 874 1184 ἦ
921 1129 1056 1178 κατά
1084 1128 1375 1202 ἄνθρωπον,
1400 1123 1546 1179 οὗτοι
1574 1121 1919 1186 κατεδέξαντο

305 1216 713 1289 συγγράμματά
772 1233 910 1277 τινος
964 1217 1032 1267 τὰ
1100 1217 1257 1268 ὁποῖα
1312 1213 1513 1274 δήποτε
1575 1215 1646 1275 ὡς
1699 1216 1919 1285 ἡμέτερα

304 1307 700 1378 παραπέμπειν·
763 1308 853 1355 καὶ
918 1303 999 1356 ἐπ’
1051 1305 1230 1366 αὐτοῖς
1281 1305 1396 1375 (65)
1451 1301 1749 1356 διαϐάλλειν
1804 1309 1918 1364 ταῖς

309 1390 688 1465 ἀδελφότησιν,
729 1395 802 1452 ὡς
830 1389 998 1465 μηδὲν
1037 1392 1215 1446 λοιπὸν
1243 1402 1338 1447 τοῦ
1369 1395 1621 1465 ἡμετέρου
1666 1392 1917 1463 ὀνόματος

310 1485 647 1555 φευκτότερον
694 1478 831 1534 εἶναι
872 1489 982 1544 τοῖς
1033 1481 1294 1536 ιῦλαϐἐσι.
1336 1485 1406 1535 Τὸ
1457 1484 1560 1555 ’γὰρ
1596 1479 1918 1552 ἀγνοηθῆναι

311 1577 582 1644 γενόμενος
622 1571 678 1634 ἐξ
721 1570 899 1646 ἀρχῆς
948 1569 1320 1633 ἐπιτηδεύσας.
1352 1574 1420 1634 ὡς
1464 1572 1561 1625 οὐκ
1603 1568 1729 1623 οἶδα
1757 1574 1802 1623 εἶ
1836 1590 1919 1632 τις

306 1662 465 1723 ἀλλος
509 1669 608 1714 τῶν
674 1661 1063 1734 ἐπεσκεμμένων
1106 1665 1199 1720 τὴν
1258 1660 1587 1735 ἀνθρωπίνην
1651 1659 1918 1712 ἀσθένειαν

307 1772 428 1817 νυν,
466 1752 699 1824 καθάπερ
742 1753 800 1802 τὸ
851 1748 1078 1804 ἐναντίον
1118 1751 1455 1825 προελόμενος
1494 1757 1658 1803 πᾶσιν
1714 1749 1917 1825 ἀνθρώ-

306 1860 435 1902 ποις
480 1846 738 1913 γνώριμον
784 1840 1009 1912 ἐμαυτὸν
1047 1850 1415 1912 καταστῆσαι,
1459 1840 1596 1893 οὕτω
1640 1848 1918 1911 πανταχοῦ

309 1940 439 2003 γῆς,
488 1930 779 2002 προσθήσω
818 1927 901 1997 δὲ,
931 1931 1013 1982 ὅτι
1059 1934 1151 1982 καὶ
1201 1931 1492 1998 θαλάσσης,
1547 1926 1923 2004 διατεθρύλλη-

312 2039 437 2092 μαι.
488 2020 554 2071 Οἳ
594 2037 649 2071 τε
689 2019 789 2092 γὰρ
838 2021 926 2071 τὸν
976 2021 1218 2090 ἔσχατων
1249 2020 1364 2093 ὅρον
1393 2027 1485 2078 τῆς
1530 2017 1770 2080 ἀσεϐείας
1807 2015 1921 2070 ἐπι-

318 2105 647 2177 τηδεύοντες,
701 2113 791 2161 καὶ
841 2111 898 2161 τὸ
944 2109 1094 2161 ἄθεον
1153 2116 1247 2169 τῆς
1305 2109 1676 2178 ἀνομοιότητος
1747 2104 1925 2178 δόγμα

318 2206 429 2259 ταῖς
471 2197 807 2258 Ἐκκλησίαις
852 2195 1133 2268 ἐπάγοντες
1186 2198 1317 2268 (66),
1364 2200 1495 2272 πρὸς
1532 2197 1620 2269 ἐμὲ
1649 2201 1736 2250 τὸν
1769 2196 1923 2249 πόλε-

318 2308 415 2359 μον
461 2290 702 2359 ἔχουσιν·
743 2287 795 2338 οἱ
835 2305 887 2340 τε
931 2291 1027 2345 τὴν
1068 2290 1231 2345 μέσην
1256 2285 1567 2357 ἐλαύνοντες,
1609 2288 1678 2347 ὡς
1704 2289 1923 2354 οἴονται,

314 2382 407 2431 καὶ
456 2376 557 2430 ἀπὸ
588 2378 678 2447 μὲν
719 2384 817 2428 τῶν
865 2377 1035 2428 αὑτῶν
1082 2375 1282 2428 ἐκείνων
1320 2376 1430 2447 (67)
1461 2375 1644 2451 ἀρχῶν
1673 2378 1925 2449 ὡρμημέ-

313 2488 415 2535 νοι,
449 2474 511 2540 τῇ
558 2464 618 2520 δὲ
664 2474 768 2519 τῶν
816 2465 1080 2538 λογισμῶν
1139 2465 1421 2538 ἀκολουθίᾳ
1459 2471 1531 2539 μὴ
1577 2465 1793 2538 ἐφιέντες
1831 2462 1927 2519 διὰ

312 2561 375 2611 τὸ
415 2558 715 2610 ὑπεναντιον
756 2563 873 2616 ταῖς
906 2554 1084 2616 ἀκοαῖς
1121 2563 1222 2609 τῶν
1270 2555 1490 2625 πολλῶν,
1544 2557 1680 2627 ὑμᾶς
1713 2552 1925 2627 δυσχει-

318 2651 561 2718 ραίνουσι
602 2651 693 2698 καὶ
738 2644 993 2697 πλύνουσι
1043 2647 1132 2716 μὲν
1171 2652 1290 2706 ταῖς
1335 2641 1644 2717 λοιδορίαις,
1682 2644 1757 2717 ἐφ’
1801 2645 1924 2697 ὅσον

322 2732 578 2787 δύνανται
601 2775 616 2801 ,
654 2731 909 2806 οὐδεμιᾶς
950 2730 1009 2787 δὲ
1058 2732 1347 2805 ἀπέχονται
1384 2743 1482 2796 τῆς
1520 2733 1797 2795 ἐπιϐουλῆς
1826 2751 1840 2764 ⁸
1882 2734 1926 2787 εἰ

324 2827 421 2876 καὶ
460 2824 541 2876 ὅτι
584 2824 610 2874 ὁ
646 2826 843 2895 -Κύριος
897 2821 1201 2897 ἀπράκτους
1246 2823 1415 2876 αὐτῶν
1450 2826 1550 2884 ’τὰς
1596 2823 1925 2897 ἐγχειρήσας

326 2911 565 2969 ἐποίησε.
611 2918 785 2965 Ταῦτα
828 2920 934 2973 πῶς
977 2912 1037 2965 οὐ
1084 2912 1461 2987 λυπηράςπῶς
1490 2912 1619 2985 ουχὶ
1661 2909 1924 2986 ὀδυνηράν

325 3020 421 3073 μοι
458 3005 551 3059 τὴν
593 3001 731 3062 ζωὴν
783 3001 1249 3062 κατασκευάζοντα
1293 3003 1448 3073 (68);
1495 3004 1546 3063 ὃς
1592 3022 1653 3075 γε
1697 3007 1821 3075 μίαν
1848 3008 1927 3056 τίε-

2028 494 2186 552 clare
2228 512 2540 570 exponens
2589 496 2847 568 singula,
2894 512 2966 553 ac
3017 495 3375 552 edisserens.
3425 499 3688 556 Animati

2029 584 2190 642 enim
2243 602 2554 643 sermones
2610 586 3014 643 efﬁcaciorem
3068 585 3295 641 habent
3340 588 3685 659 persuasio-

2026 690 2188 748 nem,
2239 690 2350 731 nec
2406 681 2530 733 tam
2584 676 2756 732 facile
2813 692 3001 748 quam
3058 675 3281 747 scripti,
3338 675 3687 749 impugnari

2029 770 2281 837 possunt
2310 771 2367 822 et
2405 767 2725 823 calumniis
2764 766 2988 839 appeti.
3020 766 3174 821 Nihil
3206 766 3369 823 enim
3407 769 3538 838 jam
3566 769 3688 824 cui-

2028 870 2215 928 quam
2254 857 2617 915 intentatum
2665 857 2940 914 relictum
2970 861 3096 922 est;
3144 856 3448 929 siquidem
3484 858 3524 915 ii
3562 860 3687 931 qui-

2028 944 2144 1000 bus
2207 947 2479 1003 maxima
2540 962 2802 1020 quasque
2866 945 3341 1014 credideramus,
3409 963 3686 1020 quosque

2027 1032 2177 1090 dum
2218 1035 2373 1091 inter
2409 1037 2687 1093 homines
2726 1035 3093 1105 videremus,
3127 1036 3326 1107 majus
3368 1036 3687 1109 quidpiam

2028 1140 2158 1181 esse
2199 1124 2626 1193 credebamus,
2672 1141 2860 1198 quam
2915 1125 3067 1182 ferat
3115 1126 3389 1183 humana
3444 1132 3682 1191 natura,

2025 1213 2089 1270 hi
2118 1214 2366 1272 adducti
2402 1220 2565 1283 sunt,
2599 1218 2663 1271 ut
2696 1215 3020 1286 cujusdam
3055 1215 3299 1287 scripta,
3329 1216 3685 1288 qualiacun-

2026 1319 2146 1377 que
2188 1304 2290 1361 illa
2332 1305 2467 1372 sint,
2518 1310 2815 1377 tanquam
2857 1311 3066 1362 nostra
3107 1306 3597 1372 transmitterent,
3631 1312 3690 1365 et

2027 1394 2108 1451 ob
2153 1410 2227 1451 ea
2274 1395 2566 1451 invidiam
2616 1395 2782 1467 apud
2833 1395 3046 1451 fratres
3093 1400 3384 1463 crearent,
3429 1396 3581 1453 adeo
3628 1402 3690 1454 ut

2027 1483 2176 1540 nihil
2214 1485 2341 1556 jam
2380 1489 2590 1541 nostro
2637 1484 2885 1541 nomine
2934 1484 3350 1541 detestabilius
3398 1485 3473 1542 sit
3521 1487 3690 1559 apud

2029 1574 2187 1645 pios.
2222 1576 2374 1630 Nam
2416 1590 2556 1630 curn
2599 1574 2678 1631 ab
2707 1574 2875 1630 initio
2904 1574 3087 1631 latere
3131 1574 3489 1641 studuerim,
3519 1575 3689 1633 haud

2031 1662 2154 1719 scio
2201 1679 2281 1719 an
2323 1663 2520 1734 magis
2566 1679 2756 1736 quam
2800 1663 3126 1736 quisquam
3167 1678 3399 1734 eorum,
3433 1664 3537 1735 qui
3579 1665 3690 1721 im-

1954 1764 1996 1820 Β
2030 1751 2414 1809 becillitatem
2477 1752 2814 1810 humanam
2881 1752 3465 1821 consideraverunt;
3525 1770 3691 1810 nunc

2028 1842 2207 1915 quasi
2257 1846 2467 1900 contra
2525 1842 2907 1914 propositum
2954 1842 3103 1898 mihi
3154 1842 3368 1900 fuisset
3412 1845 3690 1901 omnium

2031 1932 2350 1989 hominum
2399 1932 2566 1989 fama
2612 1931 2919 1995 celebrari,
2962 1932 3048 1988 sic
3094 1932 3320 2005 ubique
3364 1938 3687 1999 terrarum,

2031 2020 2257 2078 addam
2308 2024 2366 2078 et
2402 2022 2685 2088 marium,
2719 2020 3074 2077 decantatus
3111 2037 3268 2078 sum.
3301 2026 3450 2079 Nam
3486 2028 3543 2079 et
3586 2024 3691 2096 qui

2032 2110 2094 2165 in
2142 2113 2410 2167 extremo
2461 2111 2788 2182 impietatis
2834 2111 3091 2167 termino
3135 2127 3263 2168 sese
3304 2118 3601 2181 exercent,
3632 2119 3693 2170 et

2032 2199 2292 2271 impium
2336 2199 2847 2256 dissimilitudinis
2895 2200 3123 2270 dogma
3162 2202 3221 2256 in
3263 2202 3563 2258 Ecclesias
3602 2203 3693 2259 in-

2032 2289 2282 2355 vehunt,
2311 2286 2540 2346 bellum
2576 2305 2819 2345 mecum
2850 2289 3099 2347 habent.
3130 2292 3196 2347 Et
3225 2291 3330 2363 qui
3366 2291 3530 2348 viam
3570 2309 3692 2349 me-

2034 2378 2226 2446 diam,
2268 2383 2332 2434 ut
2377 2378 2491 2434 sibi
2538 2378 2838 2447 videntur,
2886 2378 3194 2445 incedunt,
3244 2385 3301 2435 et
3350 2380 3429 2436 ab
3474 2381 3693 2437 iisdem

2035 2467 2148 2522 illis
2185 2467 2494 2539 principiis
2534 2466 2801 2538 protecti,
2835 2466 3365 2523 ratiocinationum
3405 2484 3694 2526 consecu-

2033 2557 2177 2615 tioni
2207 2573 2334 2614 non
2374 2557 2784 2624 subscribam,
2814 2572 2885 2612 eo
2916 2557 3082 2628 quod
3115 2557 3439 2614 abhorreat
3476 2575 3507 2616 a
3541 2560 3695 2616 mul-

2034 2649 2231 2703 torum
2270 2646 2543 2713 auribus,
2575 2645 2638 2701 hi
2666 2646 2846 2701 nobis
2877 2645 3096 2702 infensi
3139 2651 3278 2701 sunt
3309 2662 3380 2703 ac
3411 2648 3694 2705 conviciis

2032 2735 2424 2808 perfundunt,
2458 2739 2758 2807 quantum
2798 2739 3071 2807 possunt,
3106 2751 3218 2791 nec
3258 2735 3412 2792 ullas
3446 2742 3697 2809 praster-

2032 2824 2276 2881 mittunt
2311 2823 2586 2891 insidias,
2616 2824 2898 2895 quamvis
2932 2824 3227 2880 Dominus
3268 2840 3479 2880 eorum
3518 2842 3698 2884 cona-

2032 2917 2131 2970 tus
2161 2913 2358 2970 irritos
2393 2913 2741 2971 reddiderit.
2772 2914 3090 2979 Quomodo
3123 2914 3253 2970 haec
3291 2915 3545 2972 molesta
3573 2931 3699 2973 non

2030 3004 2274 3061 forent?
2298 3004 2611 3077 quomodo
2650 3020 2775 3060 non
2815 3004 3101 3062 acerbam
3132 3005 3281 3061 mihi
3324 3006 3510 3062 vitam
3541 3006 3701 3064 face-

325 3094 481 3162 θεμαι
542 3098 640 3144 τῶν
691 3100 864 3145 κακῶν
918 3094 1282 3166 παραμυθίαν,
1342 3096 1438 3151 τὴν
1510 3091 1778 3147 ἀσθένειαν
1834 3102 1923 3154 τῆς

2034 3094 2208 3152 rent?
2247 3094 2353 3167 qui
2384 3095 2653 3166 profecto
2692 3094 2941 3151 unicum
2972 3094 3172 3151 habeo
3199 3095 3504 3152 malorum
3538 3097 3698 3155 sola-

320 3184 541 3255 σαρκὸς,
582 3181 667 3252 ὑφ’
722 3178 780 3243 ἧς
829 3185 1115 3254 πέπεισμαι
1170 3187 1242 3255 μή
1302 3181 1461 3235 πολὺν
1515 3187 1706 3259 χρόνον
1750 3204 1926 3260 παρα-

314 3274 489 3344 μένειν
546 3279 610 3329 τῆ
666 3265 914 3343 δυστήνῳ
960 3273 1125 3343 ταύτῃ
1184 3271 1318 3343 ζωῇ.
1372 3277 1471 3325 Καὶ
1521 3281 1688 3326 ταῦτα
1724 3276 1813 3346 μὶν
1858 3275 1927 3336 εἰς

312 3366 592 3415 τοσοῦτον.
645 3364 703 3413 Σὲ
751 3357 811 3413 δὲ
857 3358 944 3413 ἐπὶ
993 3368 1102 3421 τοῖς
1131 3362 1324 3413 πάθεσι
1364 3369 1455 3414 τοῦ
1488 3382 1724 3435 σωματος
1752 3382 1925 3439 παρα-

315 3449 466 3502 καλῶ
517 3449 852 3522 μεγαλοφυῶς
900 3455 989 3503 καὶ
1056 3448 1214 3513 ἀξίως
1273 3459 1365 3503 τοῦ
1417 3451 1734 3516 καλέσαντος
1784 3455 1927 3527 ἡμᾶς

315 3546 454 3593 Θεοῦ
499 3536 826 3593 διακεῖσθαι’
867 3539 944 3608 ὃς,
986 3538 1071 3591 ἐὰν
1116 3537 1208 3612 ἴδῃ
1250 3542 1389 3613 ἡμᾶς
1432 3542 1543 3614 μετ’
1574 3545 1925 3617 εὐχαριστίας
1976 3578 1982 3584 -

314 3627 633 3702 δεξαμένους
697 3632 762 3682 τὰ
813 3634 1064 3704 παρόντα,
1129 3632 1157 3689 ἧ
1220 3629 1469 3690 ἐπανὴσει
1524 3635 1588 3685 τὰ
1637 3633 1919 3702 λυποῦντα,

309 3722 381 3781 ὡς
414 3717 500 3772 ἐπὶ
524 3726 617 3772 τοῦ
660 3718 800 3790 Ἰὼϐ,
847 3719 877 3778 ἢ
928 3721 1035 3781 τοῖς
1077 3720 1324 3793 μεγάλοις
1376 3725 1642 3794 στεφάνοις
1666 3731 1758 3784 τῆς
1786 3726 1921 3777 ὑπο-

308 3815 479 3881 μονῆς
525 3805 805 3880 ἀμειψεται
855 3808 904 3860 ἐν
950 3817 1011 3883 τῇ
1060 3811 1192 3882 μετά
1228 3813 1423 3868 ταύτην
1463 3816 1557 3870 τὴν
1610 3812 1751 3874 ζωὴν
1775 3815 1921 3887 ἡμῶν

302 3916 661 3957 καταστασει.

384 4297 648 4380 (6_5)_’E1r_’
695 4299 900 4380 αὐτοῖς,
944 4300 1028 4380 It_a
1075 4319 1225 4360 mss.
1260 4305 1398 4380 tres
1452 4322 1578 4380 non
1627 4306 1920 4380 antiquis-

310 4372 475 4453 simi.
520 4372 636 4453 Sed
680 4373 948 4453 profecto
983 4375 1116 4453 haec
1160 4376 1458 4451 scriptura
1499 4378 1678 4451 longe
1713 4372 1921 4453 praefe-

310 4443 510 4499 renda
536 4442 799 4509 vulgatae
826 4444 903 4498 ἐπ’
933 4445 1134 4507 αὐταῖς.

395 4516 506 4595 (‘66).
543 4516 871 4595 ‘Eméygvrgg.
898 4518 1008 4595 _Sic
1036 4534 1187 4595 mss.
1213 4534 1448 4590 omnes,
1481 4536 1638 4594 quos
1667 4522 1920 4595 quidem

314 4582 861 4660 viderimus-Editi
886 4587 1255 4660 ἐπαγαγόντες.
1433 4582 1445 4590 ⁷
1497 4582 1522 4594 ⁸
1588 4644 1591 4645 ,

527 4657 802 4747 "Ea’tsivwv‘.
844 4656 1002 4716 Satis
1025 4656 1346 4747 cpmmpde
1372 4661 1654 4747 editl'éxé
1690 4668 1803 4747 μὲν⁸
1820 4673 1918 4747 τῷν

310 4726 488 4804 minii}:
520 4728 735 4804 ἐκείνοις
768 4729 968 4804 ἀρχῶν,
1006 4730 1081 4804 ab
1120 4733 1328 4789 iisdem
1364 4748 1436 4789 ac
1465 4735 1567 4790 illi
1597 4726 1917 4804 principiis

302 4799 592 4877 profecti.
625 4800 740 4856 Sed
770 4799 1148 4877 iii—omnibus
1176 4804 1397 4877 nostris
1427 4799 1739 4862 codicibus
1773 4799 1917 4877 legi-

306 4879 414 4929 tur
462 4870 698 4952 imiimi,
725 4873 892 4952 qnod
940 4874 1166 4952 e_od_em
1207 4875 1387 4952 redit._
1422 4878 1679 4952 _Videtur_
1720 4870 1920 4952 prima

304 4944 516 5016 specie
565 4944 908 5001 Eustathius
964 4945 1329 5003 Sebastenus
1372 4947 1468 5005 his
1514 4944 1742 5005 verbis-
1762 4950 1919 5006 desi-

306 5013 648 5097 gnarihqui
684 5018 845 5097 viam
873 5016 1151 5097 mediam,
1184 5023 1252 5097 ιιι
1280 5018 1396 5097 sibi
1433 5021 1737 5097 videntur,
1765 5024 1920 5097 ince-

307 5087 490 5143 dunt.
524 5088 692 5142 Hunc
720 5088 884 5143 enim
926 5087 1176 5144 Basilius
1204 5088 1268 5145 in
1297 5091 1468 5150 epist.
1504 5096 1603 5147 128
1646 5087 1919 5150 medium

309 5172 455 5231 esse
501 5157 603 5231 ait,
650 5174 776 5231 nec
809 5158 1152 5231 quidquam
1200 5157 1384 5216 medii
1433 5161 1699 5220 hominis
1757 5169 1919 5220 statu
1963 5180 1967 5184 '

310 5227 650 5309 antiquius
678 5227 957 5309 habere.“
974 5227 1089 5309 Sed
1137 5234 1362 5309 tamen,
1408 5233 1460 5287 si
1504 5249 1599 5309 res
1623 5237 1920 5309 attentius

308 5299 751 5375 consideretur,
774 5317 897 5357 non
920 5301 1343 5375 Eusthathiumq
1360 5305 1601 5375 prOprie
1621 5307 1736 5363 hoc
1760 5306 1916 5375 loco,

310 5371 426 5448 sed
471 5374 806 5448 generatim
855 5372 1105 5428 eosdem
1145 5371 1488 5448 haereticos;
1508 5391 1667 5448 quos
1710 5371 1921 5434 contra

308 5442 471 5520 liber
500 5443 587 5520 De
599 5442 835 5520 Spiritu
856 5450 1066 5520 sancto
1099 5444 1360 5520 scriptus
1391 5451 1501 5513 est,
1516 5442 1921 5520 perspicuum

313 5514 431 5583 erit
456 5515 674 5575 notari.
702 5517 856 5575 Nam
895 5515 1134 5575 medius
1165 5514 1263 5574 ille
1303 5514 1594 5576 Eustatﬁii
1634 5514 1824 5579 status
1857 5520 1923 5578 in

1950 4631 1994 4683 ο
2027 4610 2183 4719 3ξὲῖί

2033 3185 2204 3251 tium,
2260 3184 2456 3241 carnis
2498 3183 2934 3252 inﬁrmitatem,
2980 3200 3112 3257 quae
3158 3186 3307 3241 mihi
3363 3187 3697 3257 persuadet

2013 3276 2156 3331 non
2203 3273 2463 3330 multum
2522 3275 2811 3346 temporis
2868 3289 2967 3330 me
3017 3274 3079 3330 in
3135 3275 3250 3331 hac
3305 3274 3529 3332 infelici
3576 3277 3701 3334 vita

2034 3380 2417 3420 mansurum.
2471 3366 2603 3420 Haec
2652 3367 2858 3419 autem
2897 3363 3217 3420 hactenus.
3264 3367 3339 3420 Te
3390 3369 3591 3421 autem
3634 3364 3700 3422 in

2033 3453 2303 3525 corporis
2344 3452 2800 3509 inﬁrmitatibus
2833 3452 3145 3525 adhortor,
3178 3458 3244 3510 ut
3267 3457 3612 3510 constanter
3641 3458 3700 3512 et

2032 3543 2214 3612 digne
2252 3545 2389 3613 Deo,
2426 3544 2531 3615 qui
2565 3559 2677 3599 nos
2707 3543 2965 3608 vocavit,
3004 3548 3057 3601 te
3094 3560 3305 3615 geras:
3338 3545 3463 3617 qui,
3498 3545 3547 3601 si
3583 3560 3697 3602 nos

2032 3633 2247 3690 viderit
2291 3649 2429 3689 cum
2472 3634 2799 3703 gratiarum
2853 3634 3086 3690 actione
3135 3634 3461 3706 praesentia
3514 3634 3696 3690 susci-

2031 3738 2192 3796 pere,
2224 3725 2329 3778 aut
2357 3722 2592 3779 sedabit
2621 3722 2882 3788 dolores,
2913 3722 2998 3778 uti
3030 3724 3092 3778 in
3119 3723 3288 3791 Jobo,
3318 3727 3422 3779 aut
3452 3723 3693 3793 magnis

2031 3814 2334 3886 patientiae
2384 3812 2625 3869 coronis
2672 3812 3158 3872 remunerabitur
3204 3812 3268 3873 in
3309 3811 3510 3871 futuro
3553 3817 3696 3891 post

2032 3904 2193 3961 hanc
2221 3902 2405 3961 vitam
2436 3905 2618 3975 statu.

2030 4308 2360 4390 eo_p_ositus
2382 4313 2526 4390 erat,
2549 4309 2717 4390 quod
2746 4324 2858 4390 nec
2886 4305 3218 4390 catholicus
3245 4311 3686 4390 potentioribus

2028 4381 2618 4456 Ariahiscatholicis
2664 4381 2853 4437 videri
2899 4382 3097 4440 vellet.
3154 4381 3431 4439 Nondum
3480 4391 3685 4456 aperte

2030 4469 2167 4506 cum
2201 4453 2436 4507 Arianis
2463 4454 2841 4523 conjunctus.
2875 4469 2985 4508 nec
3012 4470 3235 4523 negare
3264 4453 3534 4515 audebat
3571 4473 3683 4511 nec

2028 4524 2289 4595 probare
2338 4540 2475 4596 quan
2529 4524 2641 4596 ipsi
2693 4540 2729 4578 a
2786 4524 2996 4579 Basilio
3044 4526 3562 4649 proponebantur.
3616 4532 3684 4583 At

2028 4610 2183 4649 auos
2248 4595 2345 4649 hic
2413 4599 2851 4649 commemorat
2916 4596 3193 4649 Basiins.
3254 4596 3314 4649 bi
3370 4596 3682 4649 catholicas

2248 4595 2377 4649 hic
2413 4595 2851 4650 commemorat
2916 4595 3193 4662 Basilius,
3254 4596 3314 4650 bi
3370 4596 3682 4653 catholicas

2072 4666 2315 4739 ostrina}
2347 4666 2573 4739 bellum
2608 4673 2885 4739 apertum
2922 4666 3281 4739 indixerant,
3314 4672 3367 4723 et
3399 4670 3681 4739 quamvis

2026 4736 2534 4810 dissimilitudinis
2602 4736 2974 4810 impietatem
3015 4738 3237 4810 iugere
3299 4736 3677 4810 viderentur,

2025 4808 2237 4863 iisdem
2265 4813 2488 4875 tamen,
2514 4825 2583 4863 ac
2613 4808 2906 4880 Anommi.
2935 4808 3244 4880 principiis
3275 4810 3534 4866 stabant.
3562 4808 3682 4868 Hoc

2026 4880 2111 4935 eis
2141 4879 2468 4950 exprobrat
2509 4879 2753 4935 Basilius
2783 4880 2842 4933 in
2875 4879 3028 4934 libro
3073 4882 3158 4935 De
3182 4882 3419 4950 Spiritu
3447 4890 3680 4949 sancto,

2027 4967 2161 5023 cap.
2209 4955 2263 5017 2,
2318 4951 2423 5006 ubi
2478 4951 2695 5022 impias
2727 4965 2960 5025 eorum
3016 4950 3091 5005 de
3125 4952 3291 5025 __Filio
3342 4970 3411 5010 ac
3459 4956 3683 5025 Spiritu

2027 5021 2237 5078 sancto
2284 5037 2481 5091 nugas
2524 5021 2598 5076 ex
2649 5021 2959 5093 principiis
3012 5023 3160 5078 Aetii
3207 5021 3519 5081 deductas
3548 5040 3682 5083 esse

2027 5094 2422 5149 demonstrat.
2455 5092 2933 5148 lidem’baeretici
2965 5109 3086 5149 non
3119 5094 3423 5152 desierunt
3454 5098 3685 5154 nefaria.

2029 5165 2225 5220 Basilii
2268 5163 2607 5235 expellendi
2650 5163 2900 5219 consilia
2946 5164 3114 5221 inire.
3147 5169 3366 5223 Eorum
3411 5170 3684 5224 convicia

2027 5237 2087 5292 in
2118 5235 2424 5311 Basilinm,
2458 5235 2793 5311 insidiaset
2816 5235 3095 5311 nefarias
3133 5239 3496 5311 molitiones,
3526 5240 3713 5311 furo-v

2025 5323 2155 5363 rem
2182 5323 2252 5363 ac
2276 5306 2499 5361 bellum
2522 5305 3047 5377 inexpiabile,vide
3074 5310 3135 5364 in
3160 5309 3312 5367 libro
3332 5313 3418 5367 Dc
3446 5312 3684 5381 Spiritu

2028 5385 2255 5435 sancto.
2281 5394 2451 5432 num.
2488 5382 2568 5437 13,
2603 5382 2691 5443 ⁵3ξί,
2727 5382 2814 5433 34.
2846 5383 2931 5443 52,
2968 5385 3055 5443 60,
3081 5385 3167 5446 69,
3200 5387 3289 5437 75.

2100 5450 2744 5528 (68)“!{0t1'5038yé50v1‘m
2779 5449 2873 5528 Sic
2903 5451 3079 5509 Cois].
3122 5456 3379 5528 uterque
3409 5468 3551 5509 cum
3591 5451 3690 5512 tri-

2029 5520 2147 5579 bus
2174 5520 2324 5578 aliis.
2361 5520 2510 5579 Editi
2536 5522 3044 5585 κατασκευάζονται.
