  <div class='ocr_page' id='page_1' title='image "/cluster/home/n/w/nwhite01/storage/ocr_20150623/32:no.4/coo.31924054869296/404.png"; bbox 0 0 4148 6374; ppageno 0'>
   <div class='ocr_carea' id='block_1_1' title="bbox 274 370 387 427">
    <p class='ocr_par' dir='ltr' id='par_1_1' title="bbox 274 370 387 427">
     <span class='ocr_line' id='line_1_1' title="bbox 274 370 387 427; baseline 0 -1"><span class='ocrx_word' id='word_1_1' title='bbox 274 370 387 427; x_wconf 79' lang='lat'><strong>789</strong></span> 
     </span>
    </p>
   </div>
   <div class='ocr_carea' id='block_1_2' title="bbox 1303 358 2720 425">
    <p class='ocr_par' dir='ltr' id='par_1_2' title="bbox 1303 358 2720 425">
     <span class='ocr_line' id='line_1_2' title="bbox 1303 358 2720 425; baseline -0.003 0"><span class='ocrx_word' id='word_1_2' title='bbox 1303 359 1791 425; x_wconf 79' lang='lat' dir='ltr'><strong>EPISTOLARUM</strong></span> <span class='ocrx_word' id='word_1_3' title='bbox 1827 358 2112 424; x_wconf 78' lang='lat' dir='ltr'><strong>CLASSIS</strong></span> <span class='ocrx_word' id='word_1_4' title='bbox 2154 364 2221 421; x_wconf 84' lang='lat' dir='ltr'><strong>II.</strong></span> <span class='ocrx_word' id='word_1_5' title='bbox 2260 362 2476 425; x_wconf 86' lang='lat' dir='ltr'><strong>EPIST.</strong></span> <span class='ocrx_word' id='word_1_6' title='bbox 2519 365 2720 423; x_wconf 82' lang='lat' dir='ltr'><strong>CCXV.</strong></span> 
     </span>
    </p>
   </div>
   <div class='ocr_carea' id='block_1_3' title="bbox 3556 364 3665 424">
    <p class='ocr_par' dir='ltr' id='par_1_3' title="bbox 3556 364 3665 424">
     <span class='ocr_line' id='line_1_3' title="bbox 3556 364 3665 424; baseline -0.009 0"><span class='ocrx_word' id='word_1_7' title='bbox 3556 364 3665 424; x_wconf 77' lang='lat'><strong>790</strong></span> 
     </span>
    </p>
   </div>
   <div class='ocr_carea' id='block_1_4' title="bbox 272 483 1887 567">
    <p class='ocr_par' dir='ltr' id='par_1_4' title="bbox 272 483 1887 567">
     <span class='ocr_line' id='line_1_4' title="bbox 272 483 1887 567; baseline -0.006 -18"><span class='ocrx_word' id='word_1_8' title='bbox 272 503 356 567; x_wconf 83' lang='grc' dir='ltr'>τῷ</span> <span class='ocrx_word' id='word_1_9' title='bbox 385 483 706 566; x_wconf 68' lang='grc' dir='ltr'><strong>ὑποκειμένῳ</strong></span> <span class='ocrx_word' id='word_1_10' title='bbox 737 494 945 567; x_wconf 77' lang='grc' dir='ltr'>Πατέρα</span> <span class='ocrx_word' id='word_1_11' title='bbox 970 495 1059 546; x_wconf 86' lang='grc' dir='ltr'>καὶ</span> <span class='ocrx_word' id='word_1_12' title='bbox 1090 491 1208 547; x_wconf 57' lang='lat' dir='ltr'><strong>ria»</strong></span> <span class='ocrx_word' id='word_1_13' title='bbox 1240 494 1331 545; x_wconf 82' lang='grc' dir='ltr'>καὶ</span> <span class='ocrx_word' id='word_1_14' title='bbox 1373 491 1519 564; x_wconf 79' lang='grc' dir='ltr'>ἅγιον</span> <span class='ocrx_word' id='word_1_15' title='bbox 1558 495 1770 561; x_wconf 80' lang='grc' dir='ltr'><strong>Πνεῦμα</strong></span> <span class='ocrx_word' id='word_1_16' title='bbox 1803 487 1887 540; x_wconf 84' lang='grc' dir='ltr'>λί-</span> 
     </span>
    </p>
   </div>
   <div class='ocr_carea' id='block_1_5' title="bbox 2001 483 3669 567">
    <p class='ocr_par' dir='ltr' id='par_1_5' title="bbox 2005 485 3669 563">
     <span class='ocr_line' id='line_1_5' title="bbox 2005 485 3669 563; baseline 0.003 -19"><span class='ocrx_word' id='word_1_17' title='bbox 2005 491 2063 545; x_wconf 89' lang='lat' dir='ltr'><strong>et</strong></span> <span class='ocrx_word' id='word_1_18' title='bbox 2097 488 2510 563; x_wconf 85' lang='lat' dir='ltr'><strong>insuperabile</strong></span> <span class='ocrx_word' id='word_1_19' title='bbox 2556 489 2921 548; x_wconf 86' lang='lat' dir='ltr'><strong>videbuntur</strong></span> <span class='ocrx_word' id='word_1_20' title='bbox 2957 485 3171 545; x_wconf 75' lang='lat' dir='ltr'><strong>afferre</strong></span> <span class='ocrx_word' id='word_1_21' title='bbox 3213 490 3669 562; x_wconf 81' lang='lat' dir='ltr'><strong>argumentum,</strong></span> 
     </span>
    </p>
   </div>
   <div class='ocr_carea' id='block_1_6' title="bbox 270 579 1895 660">
    <p class='ocr_par' dir='ltr' id='par_1_6' title="bbox 270 579 1895 660">
     <span class='ocr_line' id='line_1_6' title="bbox 270 579 1895 660; baseline -0.006 -21"><span class='ocrx_word' id='word_1_22' title='bbox 270 604 479 659; x_wconf 80' lang='grc' dir='ltr'>γοντες,</span> <span class='ocrx_word' id='word_1_23' title='bbox 504 588 628 660; x_wconf 82' lang='grc' dir='ltr'>τρία</span> <span class='ocrx_word' id='word_1_24' title='bbox 658 579 718 636; x_wconf 65' lang='grc' dir='ltr'><strong>δὲ</strong></span> <span class='ocrx_word' id='word_1_25' title='bbox 746 586 1007 656; x_wconf 88' lang='grc' dir='ltr'>πρόσωπα</span> <span class='ocrx_word' id='word_1_26' title='bbox 1035 582 1334 656; x_wconf 85' lang='grc' dir='ltr'>τέλεια</span> <span class='ocrx_word' id='word_1_27' title='bbox 1357 581 1755 656; x_wconf 78' lang='grc' dir='ltr'>ὐμολογοῶντεςο</span> <span class='ocrx_word' id='word_1_28' title='bbox 1783 585 1895 639; x_wconf 83' lang='grc' dir='ltr'><strong>πῶς</strong></span> 
     </span>
    </p>
   </div>
   <div class='ocr_carea' id='block_1_7' title="bbox 2004 579 3244 656">
    <p class='ocr_par' dir='ltr' id='par_1_7' title="bbox 2004 579 3244 656">
     <span class='ocr_line' id='line_1_7' title="bbox 2004 579 3244 656; baseline 0.002 -22"><span class='ocrx_word' id='word_1_29' title='bbox 2004 594 2113 636; x_wconf 91' lang='lat' dir='ltr'><strong>cur</strong></span> <span class='ocrx_word' id='word_1_30' title='bbox 2135 595 2281 637; x_wconf 88' lang='lat' dir='ltr'><strong>vera</strong></span> <span class='ocrx_word' id='word_1_31' title='bbox 2299 582 2418 639; x_wconf 91' lang='lat' dir='ltr'><strong>sint</strong></span> <span class='ocrx_word' id='word_1_32' title='bbox 2447 597 2584 656; x_wconf 82' lang='lat' dir='ltr'><strong>quae</strong></span> <span class='ocrx_word' id='word_1_33' title='bbox 2607 580 2681 638; x_wconf 93' lang='lat' dir='ltr'><strong>de</strong></span> <span class='ocrx_word' id='word_1_34' title='bbox 2711 579 2890 637; x_wconf 91' lang='lat' dir='ltr'><strong>nobis</strong></span> <span class='ocrx_word' id='word_1_35' title='bbox 2911 579 3198 636; x_wconf 89' lang='lat' dir='ltr'><strong>dicuntur</strong></span> <span class='ocrx_word' id='word_1_36' title='bbox 3212 580 3244 637; x_wconf 81' lang='lat'><strong>?</strong></span> 
     </span>
    </p>
   </div>
   <div class='ocr_carea' id='block_1_8' title="bbox 270 664 3380 748">
    <p class='ocr_par' dir='ltr' id='par_1_8' title="bbox 270 664 3380 748">
     <span class='ocr_line' id='line_1_8' title="bbox 270 664 3380 748; baseline -0 -25"><span class='ocrx_word' id='word_1_37' title='bbox 270 677 414 748; x_wconf 73' lang='grc' dir='ltr'>οὐχὶ</span> <span class='ocrx_word' id='word_1_38' title='bbox 446 681 585 747; x_wconf 74' lang='grc' dir='ltr'>σαφῇ</span> <span class='ocrx_word' id='word_1_39' title='bbox 623 676 713 725; x_wconf 87' lang='grc' dir='ltr'>καὶ</span> <span class='ocrx_word' id='word_1_40' title='bbox 745 671 1117 746; x_wconf 76' lang='grc' dir='ltr'>ἀναντίρρητον</span> <span class='ocrx_word' id='word_1_41' title='bbox 1144 668 1366 735; x_wconf 76' lang='grc' dir='ltr'><strong>δόξουσι</strong></span> <span class='ocrx_word' id='word_1_42' title='bbox 1401 671 1737 746; x_wconf 80' lang='grc' dir='ltr'><strong>παρέχεσθαι</strong></span> <span class='ocrx_word' id='word_1_43' title='bbox 1764 670 1861 725; x_wconf 76' lang='grc' dir='ltr'>τὴν</span> <span class='ocrx_word' id='word_1_44' title='bbox 1900 664 2170 732; x_wconf 79' lang='grc' dir='ltr'>ἀπόδειξιν</span> <span class='ocrx_word' id='word_1_45' title='bbox 2192 676 2285 723; x_wconf 84' lang='grc' dir='ltr'>τοῦ</span> <span class='ocrx_word' id='word_1_46' title='bbox 2318 669 2483 732; x_wconf 72' lang='grc' dir='ltr'>ἀληθῆ</span> <span class='ocrx_word' id='word_1_47' title='bbox 2518 667 2650 724; x_wconf 82' lang='grc' dir='ltr'>εἶναι</span> <span class='ocrx_word' id='word_1_48' title='bbox 2677 672 2746 723; x_wconf 85' lang='grc' dir='ltr'>τὰ</span> <span class='ocrx_word' id='word_1_49' title='bbox 2771 668 3023 742; x_wconf 84' lang='grc' dir='ltr'>λεγόμενα</span> <span class='ocrx_word' id='word_1_50' title='bbox 3050 672 3171 743; x_wconf 79' lang='grc' dir='ltr'>περὶ</span> <span class='ocrx_word' id='word_1_51' title='bbox 3198 670 3380 743; x_wconf 71' lang='grc' dir='ltr'>ἡμῶνς</span> 
     </span>
    </p>
   </div>
   <div class='ocr_carea' id='block_1_9' title="bbox 350 758 1887 837">
    <p class='ocr_par' dir='ltr' id='par_1_9' title="bbox 350 758 1887 837">
     <span class='ocr_line' id='line_1_9' title="bbox 350 758 1887 837; baseline -0.006 -19"><span class='ocrx_word' id='word_1_52' title='bbox 350 767 409 822; x_wconf 77' lang='grc'><strong>4.</strong></span> <span class='ocrx_word' id='word_1_53' title='bbox 451 767 577 837; x_wconf 82' lang='grc' dir='ltr'>Περὶ</span> <span class='ocrx_word' id='word_1_54' title='bbox 607 758 667 814; x_wconf 69' lang='grc' dir='ltr'><strong>δὲ</strong></span> <span class='ocrx_word' id='word_1_55' title='bbox 688 767 802 829; x_wconf 84' lang='grc' dir='ltr'>τοῦ,</span> <span class='ocrx_word' id='word_1_56' title='bbox 838 763 918 814; x_wconf 84' lang='grc' dir='ltr'>ὅτι</span> <span class='ocrx_word' id='word_1_57' title='bbox 958 763 1255 824; x_wconf 74' lang='grc' dir='ltr'><strong>ὑπόστασις</strong></span> <span class='ocrx_word' id='word_1_58' title='bbox 1292 765 1384 814; x_wconf 82' lang='grc' dir='ltr'><strong>καὶ</strong></span> <span class='ocrx_word' id='word_1_59' title='bbox 1411 760 1568 813; x_wconf 66' lang='grc' dir='ltr'>οὐσία</span> <span class='ocrx_word' id='word_1_60' title='bbox 1596 758 1657 812; x_wconf 73' lang='grc' dir='ltr'>οὐ</span> <span class='ocrx_word' id='word_1_61' title='bbox 1699 760 1887 810; x_wconf 86' lang='grc' dir='ltr'>ταυτόν</span> 
     </span>
    </p>
   </div>
   <div class='ocr_carea' id='block_1_10' title="bbox 268 846 1888 926">
    <p class='ocr_par' dir='ltr' id='par_1_10' title="bbox 268 846 1888 926">
     <span class='ocr_line' id='line_1_10' title="bbox 268 846 1888 926; baseline -0.005 -19"><span class='ocrx_word' id='word_1_62' title='bbox 268 851 416 922; x_wconf 74' lang='grc' dir='ltr'>ἐστι,</span> <span class='ocrx_word' id='word_1_63' title='bbox 457 858 548 905; x_wconf 84' lang='grc' dir='ltr'>καὶ</span> <span class='ocrx_word' id='word_1_64' title='bbox 606 850 775 921; x_wconf 78' lang='grc' dir='ltr'>αὐτοὶ,</span> <span class='ocrx_word' id='word_1_65' title='bbox 824 854 892 913; x_wconf 84' lang='grc' dir='ltr'>ὡς</span> <span class='ocrx_word' id='word_1_66' title='bbox 946 856 1165 926; x_wconf 75' lang='grc' dir='ltr'>νομίζω,</span> <span class='ocrx_word' id='word_1_67' title='bbox 1221 853 1628 924; x_wconf 79' lang='grc' dir='ltr'>ὐπεσημὴναντο</span> <span class='ocrx_word' id='word_1_68' title='bbox 1688 849 1738 901; x_wconf 82' lang='grc' dir='ltr'>οἱ</span> <span class='ocrx_word' id='word_1_69' title='bbox 1786 846 1888 901; x_wconf 78' lang='grc' dir='ltr'><strong>ἀπὸ</strong></span> 
     </span>
    </p>
   </div>
   <div class='ocr_carea' id='block_1_11' title="bbox 266 937 1887 1014">
    <p class='ocr_par' dir='ltr' id='par_1_11' title="bbox 266 937 1887 1014">
     <span class='ocr_line' id='line_1_11' title="bbox 266 937 1887 1014; baseline -0.005 -18"><span class='ocrx_word' id='word_1_70' title='bbox 266 951 375 1005; x_wconf 84' lang='grc' dir='ltr'>τῆς</span> <span class='ocrx_word' id='word_1_71' title='bbox 425 944 628 1004; x_wconf 83' lang='grc' dir='ltr'>Δύσεως</span> <span class='ocrx_word' id='word_1_72' title='bbox 681 937 919 1014; x_wconf 79' lang='grc' dir='ltr'>ἀδελφοὶ,</span> <span class='ocrx_word' id='word_1_73' title='bbox 980 939 1029 994; x_wconf 84' lang='grc' dir='ltr'>ἐν</span> <span class='ocrx_word' id='word_1_74' title='bbox 1075 942 1152 1004; x_wconf 81' lang='grc' dir='ltr'>οἷς</span> <span class='ocrx_word' id='word_1_75' title='bbox 1208 944 1270 993; x_wconf 84' lang='grc' dir='ltr'><strong>τό</strong></span> <span class='ocrx_word' id='word_1_76' title='bbox 1325 944 1501 994; x_wconf 85' lang='grc' dir='ltr'>στενόν</span> <span class='ocrx_word' id='word_1_77' title='bbox 1552 948 1649 1001; x_wconf 83' lang='grc' dir='ltr'>τῆς</span> <span class='ocrx_word' id='word_1_78' title='bbox 1696 937 1887 991; x_wconf 78' lang='grc' dir='ltr'><strong>ἑαυτῶν</strong></span> 
     </span>
    </p>
   </div>
   <div class='ocr_carea' id='block_1_12' title="bbox 266 1023 1889 1106">
    <p class='ocr_par' dir='ltr' id='par_1_12' title="bbox 266 1023 1889 1106">
     <span class='ocr_line' id='line_1_12' title="bbox 266 1023 1889 1106; baseline -0.004 -21"><span class='ocrx_word' id='word_1_79' title='bbox 266 1033 516 1105; x_wconf 81' lang='grc' dir='ltr'>γλώττης</span> <span class='ocrx_word' id='word_1_80' title='bbox 547 1033 885 1106; x_wconf 70' lang='grc' dir='ltr'><strong>ὑφορώμενοι,</strong></span> <span class='ocrx_word' id='word_1_81' title='bbox 917 1034 977 1084; x_wconf 83' lang='grc' dir='ltr'>τὸ</span> <span class='ocrx_word' id='word_1_82' title='bbox 1015 1040 1111 1094; x_wconf 81' lang='grc' dir='ltr'>τῆς</span> <span class='ocrx_word' id='word_1_83' title='bbox 1157 1031 1342 1094; x_wconf 77' lang='grc' dir='ltr'>οὐσίας</span> <span class='ocrx_word' id='word_1_84' title='bbox 1381 1035 1543 1104; x_wconf 86' lang='grc' dir='ltr'>ὄνομα</span> <span class='ocrx_word' id='word_1_85' title='bbox 1569 1036 1632 1102; x_wconf 79' lang='grc' dir='ltr'><strong>τῇ</strong></span> <span class='ocrx_word' id='word_1_86' title='bbox 1679 1023 1889 1082; x_wconf 74' lang='grc' dir='ltr'>Ἑλλάδι</span> 
     </span>
    </p>
   </div>
   <div class='ocr_carea' id='block_1_13' title="bbox 270 1112 1890 1197">
    <p class='ocr_par' dir='ltr' id='par_1_13' title="bbox 270 1112 1890 1197">
     <span class='ocr_line' id='line_1_13' title="bbox 270 1112 1890 1197; baseline 0.001 -23"><span class='ocrx_word' id='word_1_87' title='bbox 270 1130 420 1196; x_wconf 74' lang='grc' dir='ltr'>φωνῇ</span> <span class='ocrx_word' id='word_1_88' title='bbox 465 1112 936 1197; x_wconf 75' lang='grc' dir='ltr'>παραδεδώκασιν·</span> <span class='ocrx_word' id='word_1_89' title='bbox 978 1122 1083 1192; x_wconf 81' lang='grc' dir='ltr'>ἵνα,</span> <span class='ocrx_word' id='word_1_90' title='bbox 1143 1125 1186 1174; x_wconf 81' lang='grc' dir='ltr'><strong>εἰ</strong></span> <span class='ocrx_word' id='word_1_91' title='bbox 1240 1141 1323 1184; x_wconf 89' lang='grc' dir='ltr'><strong>τις</strong></span> <span class='ocrx_word' id='word_1_92' title='bbox 1381 1124 1456 1179; x_wconf 83' lang='grc' dir='ltr'><strong>εἴη</strong></span> <span class='ocrx_word' id='word_1_93' title='bbox 1519 1115 1749 1193; x_wconf 80' lang='grc' dir='ltr'>διαφορὰ</span> <span class='ocrx_word' id='word_1_94' title='bbox 1794 1124 1890 1179; x_wconf 84' lang='grc' dir='ltr'>τῆς</span> 
     </span>
    </p>
   </div>
   <div class='ocr_carea' id='block_1_14' title="bbox 271 1209 1889 1285">
    <p class='ocr_par' dir='ltr' id='par_1_14' title="bbox 271 1209 1889 1285">
     <span class='ocr_line' id='line_1_14' title="bbox 271 1209 1889 1285; baseline -0.002 -21"><span class='ocrx_word' id='word_1_95' title='bbox 271 1210 492 1277; x_wconf 78' lang='grc' dir='ltr'>ἐννοίας,</span> <span class='ocrx_word' id='word_1_96' title='bbox 527 1211 750 1273; x_wconf 80' lang='grc' dir='ltr'>σώζοιτο</span> <span class='ocrx_word' id='word_1_97' title='bbox 798 1211 929 1270; x_wconf 77' lang='grc' dir='ltr'>αὐτὴ</span> <span class='ocrx_word' id='word_1_98' title='bbox 990 1214 1039 1264; x_wconf 87' lang='grc' dir='ltr'>ἐν</span> <span class='ocrx_word' id='word_1_99' title='bbox 1091 1219 1153 1284; x_wconf 76' lang='grc' dir='ltr'>τῇ</span> <span class='ocrx_word' id='word_1_100' title='bbox 1198 1211 1421 1285; x_wconf 75' lang='grc' dir='ltr'>εὐκρινεῖ</span> <span class='ocrx_word' id='word_1_101' title='bbox 1462 1209 1889 1280; x_wconf 50' lang='grc' dir='ltr'>καὶμὰσυγχύτῳ</span> 
     </span>
    </p>
   </div>
   <div class='ocr_carea' id='block_1_15' title="bbox 272 1297 1888 1373">
    <p class='ocr_par' dir='ltr' id='par_1_15' title="bbox 272 1297 1888 1373">
     <span class='ocr_line' id='line_1_15' title="bbox 272 1297 1888 1373; baseline -0.004 -19"><span class='ocrx_word' id='word_1_102' title='bbox 272 1297 569 1354; x_wconf 79' lang='grc' dir='ltr'>διαστάσει</span> <span class='ocrx_word' id='word_1_103' title='bbox 622 1308 725 1353; x_wconf 86' lang='grc' dir='ltr'>τῶν</span> <span class='ocrx_word' id='word_1_104' title='bbox 784 1300 1069 1373; x_wconf 87' lang='grc' dir='ltr'>ὀνομάτων.</span> <span class='ocrx_word' id='word_1_105' title='bbox 1136 1302 1200 1354; x_wconf 88' lang='grc' dir='ltr'><strong>Εἰ</strong></span> <span class='ocrx_word' id='word_1_106' title='bbox 1257 1297 1317 1354; x_wconf 75' lang='grc' dir='ltr'><strong>δὲ</strong></span> <span class='ocrx_word' id='word_1_107' title='bbox 1375 1297 1457 1353; x_wconf 81' lang='grc' dir='ltr'><strong>δεῖ</strong></span> <span class='ocrx_word' id='word_1_108' title='bbox 1503 1303 1594 1351; x_wconf 77' lang='grc' dir='ltr'>καὶ</span> <span class='ocrx_word' id='word_1_109' title='bbox 1644 1302 1784 1370; x_wconf 75' lang='grc' dir='ltr'>ἡμᾶς</span> <span class='ocrx_word' id='word_1_110' title='bbox 1829 1299 1888 1349; x_wconf 87' lang='grc' dir='ltr'>τὸ</span> 
     </span>
    </p>
   </div>
   <div class='ocr_carea' id='block_1_16' title="bbox 274 1386 1889 1467">
    <p class='ocr_par' dir='ltr' id='par_1_16' title="bbox 274 1386 1889 1467">
     <span class='ocr_line' id='line_1_16' title="bbox 274 1386 1889 1467; baseline -0.003 -24"><span class='ocrx_word' id='word_1_111' title='bbox 274 1387 471 1443; x_wconf 80' lang='grc' dir='ltr'>δοκοῦν</span> <span class='ocrx_word' id='word_1_112' title='bbox 516 1392 644 1463; x_wconf 79' lang='grc' dir='ltr'>ἡμῖν</span> <span class='ocrx_word' id='word_1_113' title='bbox 692 1390 740 1443; x_wconf 78' lang='grc' dir='ltr'>ἐν</span> <span class='ocrx_word' id='word_1_114' title='bbox 792 1390 997 1465; x_wconf 80' lang='grc' dir='ltr'>βραχεῖ</span> <span class='ocrx_word' id='word_1_115' title='bbox 1039 1390 1217 1467; x_wconf 81' lang='grc' dir='ltr'>εἰπεῖν,</span> <span class='ocrx_word' id='word_1_116' title='bbox 1272 1389 1432 1443; x_wconf 82' lang='grc' dir='ltr'>ἐκεῖνο</span> <span class='ocrx_word' id='word_1_117' title='bbox 1462 1387 1692 1462; x_wconf 78' lang='grc' dir='ltr'>ἐροῦμεν,</span> <span class='ocrx_word' id='word_1_118' title='bbox 1725 1388 1805 1439; x_wconf 86' lang='grc' dir='ltr'>ὅτι</span> <span class='ocrx_word' id='word_1_119' title='bbox 1833 1386 1889 1439; x_wconf 87' lang='grc' dir='ltr'>ὃν</span> 
     </span>
    </p>
   </div>
   <div class='ocr_carea' id='block_1_17' title="bbox 277 1475 1890 1555">
    <p class='ocr_par' dir='ltr' id='par_1_17' title="bbox 277 1475 1890 1555">
     <span class='ocr_line' id='line_1_17' title="bbox 277 1475 1890 1555; baseline -0.004 -22"><span class='ocrx_word' id='word_1_120' title='bbox 277 1483 402 1551; x_wconf 77' lang='grc' dir='ltr'>ἔχει</span> <span class='ocrx_word' id='word_1_121' title='bbox 441 1478 589 1550; x_wconf 76' lang='grc' dir='ltr'>λόγον</span> <span class='ocrx_word' id='word_1_122' title='bbox 618 1482 678 1532; x_wconf 88' lang='grc' dir='ltr'>τὸ</span> <span class='ocrx_word' id='word_1_123' title='bbox 728 1482 898 1532; x_wconf 84' lang='grc' dir='ltr'>κοινὸν</span> <span class='ocrx_word' id='word_1_124' title='bbox 949 1483 1076 1555; x_wconf 85' lang='grc' dir='ltr'>πρὸς</span> <span class='ocrx_word' id='word_1_125' title='bbox 1113 1483 1172 1532; x_wconf 87' lang='grc' dir='ltr'>τὸ</span> <span class='ocrx_word' id='word_1_126' title='bbox 1211 1475 1272 1532; x_wconf 77' lang='grc' dir='ltr'><em>ῖὸ</em></span> <span class='ocrx_word' id='word_1_127' title='bbox 1278 1498 1370 1547; x_wconf 87' lang='grc' dir='ltr'>ιον,</span> <span class='ocrx_word' id='word_1_128' title='bbox 1407 1485 1585 1531; x_wconf 86' lang='grc' dir='ltr'>τοῦτον</span> <span class='ocrx_word' id='word_1_129' title='bbox 1617 1476 1729 1546; x_wconf 85' lang='grc'>(89)</span> <span class='ocrx_word' id='word_1_130' title='bbox 1777 1477 1890 1547; x_wconf 79' lang='grc' dir='ltr'>ἔχει</span> 
     </span>
    </p>
   </div>
   <div class='ocr_carea' id='block_1_18' title="bbox 272 1568 1891 1645">
    <p class='ocr_par' dir='ltr' id='par_1_18' title="bbox 272 1568 1891 1645">
     <span class='ocr_line' id='line_1_18' title="bbox 272 1568 1891 1645; baseline -0.003 -23"><span class='ocrx_word' id='word_1_131' title='bbox 272 1572 313 1627; x_wconf 78' lang='grc' dir='ltr'>ἡ</span> <span class='ocrx_word' id='word_1_132' title='bbox 348 1569 505 1622; x_wconf 74' lang='grc' dir='ltr'>οὐσία</span> <span class='ocrx_word' id='word_1_133' title='bbox 528 1572 662 1645; x_wconf 80' lang='grc' dir='ltr'>πρὸς</span> <span class='ocrx_word' id='word_1_134' title='bbox 690 1573 783 1628; x_wconf 81' lang='grc' dir='ltr'>τὴν</span> <span class='ocrx_word' id='word_1_135' title='bbox 814 1572 1137 1624; x_wconf 79' lang='grc' dir='ltr'>ὑπόστασιν.</span> <span class='ocrx_word' id='word_1_136' title='bbox 1180 1568 1437 1630; x_wconf 80' lang='grc' dir='ltr'>Ἕκαστος</span> <span class='ocrx_word' id='word_1_137' title='bbox 1468 1570 1567 1642; x_wconf 80' lang='grc' dir='ltr'><strong>γὰρ</strong></span> <span class='ocrx_word' id='word_1_138' title='bbox 1605 1568 1753 1638; x_wconf 74' lang='grc' dir='ltr'>ἡμῶν</span> <span class='ocrx_word' id='word_1_139' title='bbox 1799 1568 1891 1617; x_wconf 84' lang='grc' dir='ltr'>καὶ</span> 
     </span>
    </p>
   </div>
   <div class='ocr_carea' id='block_1_19' title="bbox 268 1655 1890 1731">
    <p class='ocr_par' dir='ltr' id='par_1_19' title="bbox 268 1655 1890 1731">
     <span class='ocr_line' id='line_1_19' title="bbox 268 1655 1890 1731; baseline -0.004 -19"><span class='ocrx_word' id='word_1_140' title='bbox 268 1665 350 1730; x_wconf 81' lang='grc' dir='ltr'>τῷ</span> <span class='ocrx_word' id='word_1_141' title='bbox 386 1666 543 1730; x_wconf 84' lang='grc' dir='ltr'>κοινῷ</span> <span class='ocrx_word' id='word_1_142' title='bbox 570 1665 666 1721; x_wconf 83' lang='grc' dir='ltr'>τῆς</span> <span class='ocrx_word' id='word_1_143' title='bbox 704 1659 886 1720; x_wconf 68' lang='grc' dir='ltr'>οὐσίας</span> <span class='ocrx_word' id='word_1_144' title='bbox 914 1659 1053 1731; x_wconf 86' lang='grc' dir='ltr'>λόγῳ</span> <span class='ocrx_word' id='word_1_145' title='bbox 1103 1666 1194 1712; x_wconf 85' lang='grc' dir='ltr'>τοῦ</span> <span class='ocrx_word' id='word_1_146' title='bbox 1226 1655 1357 1711; x_wconf 82' lang='grc' dir='ltr'>εἶναι</span> <span class='ocrx_word' id='word_1_147' title='bbox 1386 1661 1614 1730; x_wconf 83' lang='grc' dir='ltr'>μετέχει,</span> <span class='ocrx_word' id='word_1_148' title='bbox 1644 1661 1735 1708; x_wconf 78' lang='grc' dir='ltr'>καὶ</span> <span class='ocrx_word' id='word_1_149' title='bbox 1779 1662 1890 1715; x_wconf 83' lang='grc' dir='ltr'>τοῖς</span> 
     </span>
    </p>
   </div>
   <div class='ocr_carea' id='block_1_20' title="bbox 268 1742 1888 1823">
    <p class='ocr_par' dir='ltr' id='par_1_20' title="bbox 268 1742 1888 1823">
     <span class='ocr_line' id='line_1_20' title="bbox 268 1742 1888 1823; baseline -0.004 -22"><span class='ocrx_word' id='word_1_150' title='bbox 268 1753 399 1823; x_wconf 82' lang='grc' dir='ltr'>περὶ</span> <span class='ocrx_word' id='word_1_151' title='bbox 430 1748 587 1801; x_wconf 78' lang='grc' dir='ltr'>αὐτόν</span> <span class='ocrx_word' id='word_1_152' title='bbox 620 1745 908 1821; x_wconf 83' lang='grc' dir='ltr'>ἰδιώμασιν</span> <span class='ocrx_word' id='word_1_153' title='bbox 937 1751 963 1801; x_wconf 89' lang='grc' dir='ltr'><strong>ό</strong></span> <span class='ocrx_word' id='word_1_154' title='bbox 1004 1745 1149 1802; x_wconf 80' lang='grc' dir='ltr'>δεῖνά</span> <span class='ocrx_word' id='word_1_155' title='bbox 1187 1748 1303 1801; x_wconf 85' lang='grc' dir='ltr'>ἐστι</span> <span class='ocrx_word' id='word_1_156' title='bbox 1332 1753 1421 1801; x_wconf 84' lang='grc' dir='ltr'>καὶ</span> <span class='ocrx_word' id='word_1_157' title='bbox 1461 1748 1488 1799; x_wconf 90' lang='grc' dir='ltr'><strong>ό</strong></span> <span class='ocrx_word' id='word_1_158' title='bbox 1524 1742 1688 1801; x_wconf 75' lang='grc' dir='ltr'>δεῖνα.</span> <span class='ocrx_word' id='word_1_159' title='bbox 1734 1748 1888 1797; x_wconf 79' lang='grc' dir='ltr'>Οὕτω</span> 
     </span>
    </p>
   </div>
   <div class='ocr_carea' id='block_1_21' title="bbox 2072 758 3672 833">
    <p class='ocr_par' dir='ltr' id='par_1_21' title="bbox 2072 758 3672 833">
     <span class='ocr_line' id='line_1_21' title="bbox 2072 758 3672 833; baseline 0.003 -20"><span class='ocrx_word' id='word_1_160' title='bbox 2072 759 2126 813; x_wconf 78' lang='grc'><strong>4.</strong></span> <span class='ocrx_word' id='word_1_161' title='bbox 2168 759 2345 824; x_wconf 85' lang='lat' dir='ltr'><strong>Quod</strong></span> <span class='ocrx_word' id='word_1_162' title='bbox 2368 765 2574 817; x_wconf 89' lang='lat' dir='ltr'><strong>autem</strong></span> <span class='ocrx_word' id='word_1_163' title='bbox 2601 758 2952 833; x_wconf 83' lang='lat' dir='ltr'><strong>hypostasis</strong></span> <span class='ocrx_word' id='word_1_164' title='bbox 2983 761 3041 814; x_wconf 89' lang='lat' dir='ltr'><strong>et</strong></span> <span class='ocrx_word' id='word_1_165' title='bbox 3067 759 3335 816; x_wconf 81' lang='lat' dir='ltr'><strong>essentia</strong></span> <span class='ocrx_word' id='word_1_166' title='bbox 3358 758 3523 817; x_wconf 89' lang='lat' dir='ltr'><strong>idem</strong></span> <span class='ocrx_word' id='word_1_167' title='bbox 3543 774 3672 818; x_wconf 90' lang='lat' dir='ltr'><strong>non</strong></span> 
     </span>
    </p>
   </div>
   <div class='ocr_carea' id='block_1_22' title="bbox 2001 846 3674 922">
    <p class='ocr_par' dir='ltr' id='par_1_22' title="bbox 2001 846 3674 922">
     <span class='ocr_line' id='line_1_22' title="bbox 2001 846 3674 922; baseline 0.002 -19"><span class='ocrx_word' id='word_1_168' title='bbox 2001 850 2164 917; x_wconf 87' lang='lat' dir='ltr'><strong>sunt,</strong></span> <span class='ocrx_word' id='word_1_169' title='bbox 2197 847 2261 905; x_wconf 90' lang='lat' dir='ltr'><strong>id</strong></span> <span class='ocrx_word' id='word_1_170' title='bbox 2299 853 2358 905; x_wconf 91' lang='lat' dir='ltr'><strong>et</strong></span> <span class='ocrx_word' id='word_1_171' title='bbox 2386 849 2521 922; x_wconf 89' lang='lat' dir='ltr'><strong>ipsi,</strong></span> <span class='ocrx_word' id='word_1_172' title='bbox 2554 853 2621 905; x_wconf 90' lang='lat' dir='ltr'><strong>ut</strong></span> <span class='ocrx_word' id='word_1_173' title='bbox 2666 851 2829 921; x_wconf 88' lang='lat' dir='ltr'><strong>puto,</strong></span> <span class='ocrx_word' id='word_1_174' title='bbox 2881 846 3343 905; x_wconf 84' lang='lat' dir='ltr'><strong>subindicarunt</strong></span> <span class='ocrx_word' id='word_1_175' title='bbox 3384 849 3674 907; x_wconf 87' lang='lat' dir='ltr'><strong>Occiden-</strong></span> 
     </span>
    </p>
   </div>
   <div class='ocr_carea' id='block_1_23' title="bbox 1999 937 3668 1012">
    <p class='ocr_par' dir='ltr' id='par_1_23' title="bbox 1999 937 3668 1012">
     <span class='ocr_line' id='line_1_23' title="bbox 1999 937 3668 1012; baseline 0.001 -20"><span class='ocrx_word' id='word_1_176' title='bbox 1999 937 2147 993; x_wconf 86' lang='lat' dir='ltr'>tales</span> <span class='ocrx_word' id='word_1_177' title='bbox 2170 937 2407 1004; x_wconf 83' lang='lat' dir='ltr'><strong>fratres,</strong></span> <span class='ocrx_word' id='word_1_178' title='bbox 2433 939 2581 995; x_wconf 90' lang='lat' dir='ltr'><strong>dum</strong></span> <span class='ocrx_word' id='word_1_179' title='bbox 2606 939 2832 1012; x_wconf 60' lang='lat' dir='ltr'><strong>lingua</strong></span> <span class='ocrx_word' id='word_1_180' title='bbox 2852 954 2974 993; x_wconf 82' lang='lat' dir='ltr'><strong>suae</strong></span> <span class='ocrx_word' id='word_1_181' title='bbox 3006 938 3323 1009; x_wconf 78' lang='lat' dir='ltr'><strong>angustias</strong></span> <span class='ocrx_word' id='word_1_182' title='bbox 3351 938 3668 1009; x_wconf 88' lang='lat' dir='ltr'><strong>subveriti,</strong></span> 
     </span>
    </p>
   </div>
   <div class='ocr_carea' id='block_1_24' title="bbox 1998 1026 3667 1101">
    <p class='ocr_par' dir='ltr' id='par_1_24' title="bbox 1998 1026 3667 1101">
     <span class='ocr_line' id='line_1_24' title="bbox 1998 1026 3667 1101; baseline 0.002 -19"><span class='ocrx_word' id='word_1_183' title='bbox 1998 1027 2277 1084; x_wconf 62' lang='lat' dir='ltr'><strong>essentia;</strong></span> <span class='ocrx_word' id='word_1_184' title='bbox 2306 1042 2533 1084; x_wconf 89' lang='lat' dir='ltr'><strong>nomen</strong></span> <span class='ocrx_word' id='word_1_185' title='bbox 2560 1028 2773 1098; x_wconf 82' lang='lat' dir='ltr'><strong>lingua</strong></span> <span class='ocrx_word' id='word_1_186' title='bbox 2808 1030 3013 1084; x_wconf 64' lang='lat' dir='ltr'><strong>Graeca</strong></span> <span class='ocrx_word' id='word_1_187' title='bbox 3052 1026 3465 1096; x_wconf 81' lang='lat' dir='ltr'><strong>tradiderunt;</strong></span> <span class='ocrx_word' id='word_1_188' title='bbox 3495 1032 3563 1085; x_wconf 92' lang='lat' dir='ltr'><strong>ut</strong></span> <span class='ocrx_word' id='word_1_189' title='bbox 3590 1031 3667 1101; x_wconf 86' lang='lat' dir='ltr'><strong>et,</strong></span> 
     </span>
    </p>
   </div>
   <div class='ocr_carea' id='block_1_25' title="bbox 1999 1114 3671 1190">
    <p class='ocr_par' dir='ltr' id='par_1_25' title="bbox 1999 1114 3671 1190">
     <span class='ocr_line' id='line_1_25' title="bbox 1999 1114 3671 1190; baseline 0.003 -20"><span class='ocrx_word' id='word_1_190' title='bbox 1999 1114 2049 1171; x_wconf 89' lang='lat' dir='ltr'><strong>si</strong></span> <span class='ocrx_word' id='word_1_191' title='bbox 2074 1131 2199 1189; x_wconf 89' lang='lat' dir='ltr'><strong>qua</strong></span> <span class='ocrx_word' id='word_1_192' title='bbox 2220 1120 2378 1173; x_wconf 85' lang='lat' dir='ltr'><strong>esset</strong></span> <span class='ocrx_word' id='word_1_193' title='bbox 2406 1118 2713 1174; x_wconf 71' lang='lat' dir='ltr'><strong>sententiae</strong></span> <span class='ocrx_word' id='word_1_194' title='bbox 2736 1115 3161 1189; x_wconf 82' lang='lat' dir='ltr'><strong>discrepantia,</strong></span> <span class='ocrx_word' id='word_1_195' title='bbox 3179 1115 3282 1173; x_wconf 89' lang='lat' dir='ltr'><strong>illa</strong></span> <span class='ocrx_word' id='word_1_196' title='bbox 3308 1117 3447 1190; x_wconf 89' lang='lat' dir='ltr'><strong>ipsa</strong></span> <span class='ocrx_word' id='word_1_197' title='bbox 3471 1131 3671 1175; x_wconf 87' lang='lat' dir='ltr'><strong>serva-</strong></span> 
     </span>
    </p>
   </div>
   <div class='ocr_carea' id='block_1_26' title="bbox 1995 1205 3670 1264">
    <p class='ocr_par' dir='ltr' id='par_1_26' title="bbox 1995 1205 3670 1264">
     <span class='ocr_line' id='line_1_26' title="bbox 1995 1205 3670 1264; baseline 0.002 -4"><span class='ocrx_word' id='word_1_198' title='bbox 1995 1209 2161 1260; x_wconf 83' lang='lat' dir='ltr'><strong>retur</strong></span> <span class='ocrx_word' id='word_1_199' title='bbox 2186 1205 2246 1261; x_wconf 92' lang='lat' dir='ltr'><strong>in</strong></span> <span class='ocrx_word' id='word_1_200' title='bbox 2279 1205 2443 1262; x_wconf 88' lang='lat' dir='ltr'><strong>clara</strong></span> <span class='ocrx_word' id='word_1_201' title='bbox 2469 1211 2529 1263; x_wconf 90' lang='lat' dir='ltr'><strong>et</strong></span> <span class='ocrx_word' id='word_1_202' title='bbox 2556 1206 2806 1263; x_wconf 91' lang='lat' dir='ltr'><strong>minime</strong></span> <span class='ocrx_word' id='word_1_203' title='bbox 2834 1206 3092 1263; x_wconf 87' lang='lat' dir='ltr'><strong>confusa</strong></span> <span class='ocrx_word' id='word_1_204' title='bbox 3120 1207 3441 1263; x_wconf 89' lang='lat' dir='ltr'><strong>nominum</strong></span> <span class='ocrx_word' id='word_1_205' title='bbox 3472 1206 3670 1264; x_wconf 89' lang='lat' dir='ltr'><strong>diver-</strong></span> 
     </span>
    </p>
   </div>
   <div class='ocr_carea' id='block_1_27' title="bbox 1998 1293 3668 1368">
    <p class='ocr_par' dir='ltr' id='par_1_27' title="bbox 1998 1293 3668 1368">
     <span class='ocr_line' id='line_1_27' title="bbox 1998 1293 3668 1368; baseline 0.002 -19"><span class='ocrx_word' id='word_1_206' title='bbox 1998 1293 2190 1350; x_wconf 87' lang='lat' dir='ltr'><strong>sitate.</strong></span> <span class='ocrx_word' id='word_1_207' title='bbox 2222 1296 2397 1361; x_wconf 87' lang='lat' dir='ltr'><strong>Quod</strong></span> <span class='ocrx_word' id='word_1_208' title='bbox 2428 1296 2479 1351; x_wconf 90' lang='lat' dir='ltr'><strong>si</strong></span> <span class='ocrx_word' id='word_1_209' title='bbox 2510 1299 2570 1352; x_wconf 91' lang='lat' dir='ltr'><strong>et</strong></span> <span class='ocrx_word' id='word_1_210' title='bbox 2602 1295 2751 1351; x_wconf 90' lang='lat' dir='ltr'><strong>mihi</strong></span> <span class='ocrx_word' id='word_1_211' title='bbox 2789 1294 2939 1368; x_wconf 87' lang='lat' dir='ltr'><strong>quid</strong></span> <span class='ocrx_word' id='word_1_212' title='bbox 2987 1295 3245 1352; x_wconf 89' lang='lat' dir='ltr'><strong>sentiam</strong></span> <span class='ocrx_word' id='word_1_213' title='bbox 3285 1294 3547 1353; x_wconf 84' lang='lat' dir='ltr'><strong>breviter</strong></span> <span class='ocrx_word' id='word_1_214' title='bbox 3576 1296 3668 1352; x_wconf 85' lang='lat' dir='ltr'><strong>di-</strong></span> 
     </span>
    </p>
   </div>
   <div class='ocr_carea' id='block_1_28' title="bbox 1998 1381 3665 1457">
    <p class='ocr_par' dir='ltr' id='par_1_28' title="bbox 1998 1381 3665 1457">
     <span class='ocr_line' id='line_1_28' title="bbox 1998 1381 3665 1457; baseline 0.001 -19"><span class='ocrx_word' id='word_1_215' title='bbox 1998 1381 2281 1449; x_wconf 88' lang='lat' dir='ltr'><strong>cendum,</strong></span> <span class='ocrx_word' id='word_1_216' title='bbox 2312 1383 2462 1440; x_wconf 91' lang='lat' dir='ltr'><strong>illud</strong></span> <span class='ocrx_word' id='word_1_217' title='bbox 2488 1384 2713 1453; x_wconf 90' lang='lat' dir='ltr'><strong>dicam,</strong></span> <span class='ocrx_word' id='word_1_218' title='bbox 2735 1398 2874 1457; x_wconf 75' lang='lat' dir='ltr'><strong>quae</strong></span> <span class='ocrx_word' id='word_1_219' title='bbox 2903 1383 3056 1441; x_wconf 89' lang='lat' dir='ltr'><strong>ratio</strong></span> <span class='ocrx_word' id='word_1_220' title='bbox 3075 1388 3170 1441; x_wconf 89' lang='lat' dir='ltr'><strong>est</strong></span> <span class='ocrx_word' id='word_1_221' title='bbox 3189 1384 3503 1441; x_wconf 89' lang='lat' dir='ltr'><strong>communi</strong></span> <span class='ocrx_word' id='word_1_222' title='bbox 3522 1400 3665 1442; x_wconf 90' lang='lat' dir='ltr'><strong>cum</strong></span> 
     </span>
    </p>
   </div>
   <div class='ocr_carea' id='block_1_29' title="bbox 1997 1473 3665 1548">
    <p class='ocr_par' dir='ltr' id='par_1_29' title="bbox 1997 1473 3665 1548">
     <span class='ocr_line' id='line_1_29' title="bbox 1997 1473 3665 1548; baseline 0 -17"><span class='ocrx_word' id='word_1_223' title='bbox 1997 1488 2071 1531; x_wconf 90' lang='lat' dir='ltr'><strong>eo</strong></span> <span class='ocrx_word' id='word_1_224' title='bbox 2095 1474 2261 1547; x_wconf 91' lang='lat' dir='ltr'><strong>quod</strong></span> <span class='ocrx_word' id='word_1_225' title='bbox 2277 1475 2612 1548; x_wconf 90' lang='lat' dir='ltr'><strong>proprium,</strong></span> <span class='ocrx_word' id='word_1_226' title='bbox 2636 1473 2918 1531; x_wconf 89' lang='lat' dir='ltr'><strong>eamdem</strong></span> <span class='ocrx_word' id='word_1_227' title='bbox 2938 1489 3073 1530; x_wconf 89' lang='lat' dir='ltr'><strong>esse</strong></span> <span class='ocrx_word' id='word_1_228' title='bbox 3089 1474 3365 1531; x_wconf 61' lang='lat' dir='ltr'><strong>essentia</strong></span> <span class='ocrx_word' id='word_1_229' title='bbox 3394 1490 3536 1531; x_wconf 91' lang='lat' dir='ltr'><strong>cum</strong></span> <span class='ocrx_word' id='word_1_230' title='bbox 3555 1474 3665 1547; x_wconf 86' lang='lat' dir='ltr'><strong>by-</strong></span> 
     </span>
    </p>
   </div>
   <div class='ocr_carea' id='block_1_30' title="bbox 1995 1564 3667 1637">
    <p class='ocr_par' dir='ltr' id='par_1_30' title="bbox 1995 1564 3667 1637">
     <span class='ocr_line' id='line_1_30' title="bbox 1995 1564 3667 1637; baseline 0.001 -18"><span class='ocrx_word' id='word_1_231' title='bbox 1995 1564 2249 1636; x_wconf 88' lang='lat' dir='ltr'><strong>postasi.</strong></span> <span class='ocrx_word' id='word_1_232' title='bbox 2269 1567 2420 1621; x_wconf 91' lang='lat' dir='ltr'><strong>Nam</strong></span> <span class='ocrx_word' id='word_1_233' title='bbox 2443 1564 2866 1637; x_wconf 88' lang='lat' dir='ltr'><strong>unusquisque</strong></span> <span class='ocrx_word' id='word_1_234' title='bbox 2888 1567 3166 1620; x_wconf 91' lang='lat' dir='ltr'><strong>nostrum</strong></span> <span class='ocrx_word' id='word_1_235' title='bbox 3186 1567 3244 1620; x_wconf 89' lang='lat' dir='ltr'><strong>et</strong></span> <span class='ocrx_word' id='word_1_236' title='bbox 3263 1578 3374 1636; x_wconf 92' lang='lat' dir='ltr'><strong>per</strong></span> <span class='ocrx_word' id='word_1_237' title='bbox 3392 1580 3667 1622; x_wconf 85' lang='lat' dir='ltr'><strong>commu-</strong></span> 
     </span>
    </p>
   </div>
   <div class='ocr_carea' id='block_1_31' title="bbox 1996 1652 3665 1727">
    <p class='ocr_par' dir='ltr' id='par_1_31' title="bbox 1996 1652 3665 1727">
     <span class='ocr_line' id='line_1_31' title="bbox 1996 1652 3665 1727; baseline 0.001 -18"><span class='ocrx_word' id='word_1_238' title='bbox 1996 1668 2139 1709; x_wconf 89' lang='lat' dir='ltr'><strong>nem</strong></span> <span class='ocrx_word' id='word_1_239' title='bbox 2169 1654 2441 1710; x_wconf 74' lang='lat' dir='ltr'><strong>essentia‘a</strong></span> <span class='ocrx_word' id='word_1_240' title='bbox 2468 1654 2768 1712; x_wconf 90' lang='lat' dir='ltr'><strong>rationem</strong></span> <span class='ocrx_word' id='word_1_241' title='bbox 2797 1668 2931 1710; x_wconf 91' lang='lat' dir='ltr'><strong>esse</strong></span> <span class='ocrx_word' id='word_1_242' title='bbox 2951 1652 3296 1726; x_wconf 85' lang='lat' dir='ltr'><strong>participat,</strong></span> <span class='ocrx_word' id='word_1_243' title='bbox 3323 1657 3383 1711; x_wconf 87' lang='lat' dir='ltr'><strong>et</strong></span> <span class='ocrx_word' id='word_1_244' title='bbox 3399 1668 3509 1727; x_wconf 90' lang='lat' dir='ltr'><strong>per</strong></span> <span class='ocrx_word' id='word_1_245' title='bbox 3523 1668 3665 1711; x_wconf 84' lang='lat' dir='ltr'><strong>suas</strong></span> 
     </span>
    </p>
   </div>
   <div class='ocr_carea' id='block_1_32' title="bbox 1997 1742 3662 1817">
    <p class='ocr_par' dir='ltr' id='par_1_32' title="bbox 1997 1742 3662 1817">
     <span class='ocr_line' id='line_1_32' title="bbox 1997 1742 3662 1817; baseline 0.001 -18"><span class='ocrx_word' id='word_1_246' title='bbox 1997 1743 2392 1816; x_wconf 86' lang='lat' dir='ltr'><strong>proprietates</strong></span> <span class='ocrx_word' id='word_1_247' title='bbox 2420 1743 2517 1800; x_wconf 91' lang='lat' dir='ltr'><strong>ille</strong></span> <span class='ocrx_word' id='word_1_248' title='bbox 2549 1747 2608 1801; x_wconf 89' lang='lat' dir='ltr'><strong>et</strong></span> <span class='ocrx_word' id='word_1_249' title='bbox 2629 1743 2727 1800; x_wconf 89' lang='lat' dir='ltr'><strong>ille</strong></span> <span class='ocrx_word' id='word_1_250' title='bbox 2752 1744 2970 1801; x_wconf 81' lang='lat' dir='ltr'><strong>existit.</strong></span> <span class='ocrx_word' id='word_1_251' title='bbox 2999 1746 3088 1801; x_wconf 85' lang='lat' dir='ltr'><strong>Ita</strong></span> <span class='ocrx_word' id='word_1_252' title='bbox 3116 1746 3174 1799; x_wconf 91' lang='lat' dir='ltr'><strong>et</strong></span> <span class='ocrx_word' id='word_1_253' title='bbox 3202 1742 3322 1800; x_wconf 91' lang='lat' dir='ltr'><strong>illic</strong></span> <span class='ocrx_word' id='word_1_254' title='bbox 3342 1744 3501 1801; x_wconf 89' lang='lat' dir='ltr'><strong>ratio</strong></span> <span class='ocrx_word' id='word_1_255' title='bbox 3529 1743 3662 1817; x_wconf 87' lang='lat' dir='ltr'><strong>qui-</strong></span> 
     </span>
    </p>
   </div>
   <div class='ocr_carea' id='block_1_33' title="bbox 265 1831 1887 1911">
    <p class='ocr_par' dir='ltr' id='par_1_33' title="bbox 265 1834 1882 1911">
     <span class='ocr_line' id='line_1_33' title="bbox 265 1834 1882 1911; baseline -0.003 -20"><span class='ocrx_word' id='word_1_256' title='bbox 265 1838 431 1891; x_wconf 75' lang='grc' dir='ltr'>κᾶκεῖ</span> <span class='ocrx_word' id='word_1_257' title='bbox 454 1839 481 1889; x_wconf 94' lang='grc' dir='ltr'><strong>ό</strong></span> <span class='ocrx_word' id='word_1_258' title='bbox 625 1846 721 1901; x_wconf 83' lang='grc' dir='ltr'>τῆς</span> <span class='ocrx_word' id='word_1_259' title='bbox 761 1839 942 1899; x_wconf 73' lang='grc' dir='ltr'>οὐσίας</span> <span class='ocrx_word' id='word_1_260' title='bbox 971 1837 1122 1910; x_wconf 83' lang='grc' dir='ltr'>λόγος</span> <span class='ocrx_word' id='word_1_261' title='bbox 1158 1842 1349 1900; x_wconf 86' lang='grc' dir='ltr'>κοινός·</span> <span class='ocrx_word' id='word_1_262' title='bbox 1396 1837 1503 1889; x_wconf 87' lang='grc' dir='ltr'>οἷον</span> <span class='ocrx_word' id='word_1_263' title='bbox 1532 1838 1562 1894; x_wconf 81' lang='grc' dir='ltr'>ἡ</span> <span class='ocrx_word' id='word_1_264' title='bbox 1599 1834 1882 1907; x_wconf 83' lang='grc' dir='ltr'>ἀγαθότης,</span> 
     </span>
    </p>
   </div>
   <div class='ocr_carea' id='block_1_34' title="bbox 2001 1831 3662 1911">
    <p class='ocr_par' dir='ltr' id='par_1_34' title="bbox 2001 1831 3662 1903">
     <span class='ocr_line' id='line_1_34' title="bbox 2001 1831 3662 1903; baseline 0 -15"><span class='ocrx_word' id='word_1_265' title='bbox 2001 1831 2138 1888; x_wconf 89' lang='lat' dir='ltr'><strong>dem</strong></span> <span class='ocrx_word' id='word_1_266' title='bbox 2164 1833 2438 1889; x_wconf 59' lang='lat' dir='ltr'><strong>essentia:</strong></span> <span class='ocrx_word' id='word_1_267' title='bbox 2478 1833 2843 1901; x_wconf 89' lang='lat' dir='ltr'><strong>communis,</strong></span> <span class='ocrx_word' id='word_1_268' title='bbox 2874 1832 3038 1889; x_wconf 90' lang='lat' dir='ltr'><strong>velut</strong></span> <span class='ocrx_word' id='word_1_269' title='bbox 3065 1832 3329 1899; x_wconf 88' lang='lat' dir='ltr'><strong>bonitas,</strong></span> <span class='ocrx_word' id='word_1_270' title='bbox 3357 1833 3662 1903; x_wconf 85' lang='lat' dir='ltr'><strong>divinitas,</strong></span> 
     </span>
    </p>
   </div>
   <div class='ocr_carea' id='block_1_35' title="bbox 269 1923 1886 1998">
    <p class='ocr_par' dir='ltr' id='par_1_35' title="bbox 269 1923 1886 1998">
     <span class='ocr_line' id='line_1_35' title="bbox 269 1923 1886 1998; baseline -0.004 -17"><span class='ocrx_word' id='word_1_271' title='bbox 269 1931 307 1987; x_wconf 84' lang='grc' dir='ltr'>ἡ</span> <span class='ocrx_word' id='word_1_272' title='bbox 345 1930 523 1988; x_wconf 82' lang='grc' dir='ltr'>θεότης</span> <span class='ocrx_word' id='word_1_273' title='bbox 553 1928 745 1998; x_wconf 77' lang='grc' dir='ltr'>(90),η</span> <span class='ocrx_word' id='word_1_274' title='bbox 782 1932 827 1981; x_wconf 87' lang='grc' dir='ltr'>εἳ</span> <span class='ocrx_word' id='word_1_275' title='bbox 855 1948 907 1979; x_wconf 89' lang='grc' dir='ltr'><strong>τι</strong></span> <span class='ocrx_word' id='word_1_276' title='bbox 945 1928 1067 1980; x_wconf 81' lang='grc' dir='ltr'>ἄλλο</span> <span class='ocrx_word' id='word_1_277' title='bbox 1101 1936 1289 1980; x_wconf 85' lang='grc' dir='ltr'>νοοῖτο·</span> <span class='ocrx_word' id='word_1_278' title='bbox 1334 1930 1364 1985; x_wconf 78' lang='grc' dir='ltr'>ἡ</span> <span class='ocrx_word' id='word_1_279' title='bbox 1414 1923 1472 1979; x_wconf 72' lang='grc' dir='ltr'><strong>δὲ</strong></span> <span class='ocrx_word' id='word_1_280' title='bbox 1511 1927 1809 1987; x_wconf 77' lang='grc' dir='ltr'>ὑπόστασις</span> <span class='ocrx_word' id='word_1_281' title='bbox 1836 1923 1886 1976; x_wconf 83' lang='grc' dir='ltr'>ἐν</span> 
     </span>
    </p>
   </div>
   <div class='ocr_carea' id='block_1_36' title="bbox 272 2014 1888 2094">
    <p class='ocr_par' dir='ltr' id='par_1_36' title="bbox 272 2014 1888 2094">
     <span class='ocr_line' id='line_1_36' title="bbox 272 2014 1888 2094; baseline -0.002 -25"><span class='ocrx_word' id='word_1_282' title='bbox 272 2027 351 2089; x_wconf 83' lang='grc' dir='ltr'>τῷ</span> <span class='ocrx_word' id='word_1_283' title='bbox 398 2014 652 2090; x_wconf 79' lang='grc' dir='ltr'>ἰδιώματι</span> <span class='ocrx_word' id='word_1_284' title='bbox 685 2026 775 2078; x_wconf 85' lang='grc' dir='ltr'>τῆς</span> <span class='ocrx_word' id='word_1_285' title='bbox 817 2022 1166 2094; x_wconf 86' lang='grc' dir='ltr'>πατρότητος,</span> <span class='ocrx_word' id='word_1_286' title='bbox 1194 2020 1223 2077; x_wconf 75' lang='grc' dir='ltr'><em>ἦ</em></span> <span class='ocrx_word' id='word_1_287' title='bbox 1270 2024 1362 2078; x_wconf 78' lang='grc' dir='ltr'>τῆς</span> <span class='ocrx_word' id='word_1_288' title='bbox 1406 2018 1669 2082; x_wconf 81' lang='grc' dir='ltr'>τίόυητος,</span> <span class='ocrx_word' id='word_1_289' title='bbox 1717 2015 1747 2073; x_wconf 79' lang='grc' dir='ltr'><strong><em>ἦ</em></strong></span> <span class='ocrx_word' id='word_1_290' title='bbox 1792 2022 1888 2074; x_wconf 86' lang='grc' dir='ltr'>τῆς</span> 
     </span>
    </p>
   </div>
   <div class='ocr_carea' id='block_1_37' title="bbox 277 2102 1887 2182">
    <p class='ocr_par' dir='ltr' id='par_1_37' title="bbox 277 2102 1887 2182">
     <span class='ocr_line' id='line_1_37' title="bbox 277 2102 1887 2182; baseline -0.002 -24"><span class='ocrx_word' id='word_1_291' title='bbox 277 2107 594 2178; x_wconf 80' lang='grc' dir='ltr'>ἀγιοιστικῆς</span> <span class='ocrx_word' id='word_1_292' title='bbox 644 2102 914 2180; x_wconf 79' lang='grc' dir='ltr'>δυνάμεως</span> <span class='ocrx_word' id='word_1_293' title='bbox 964 2110 1251 2182; x_wconf 85' lang='grc' dir='ltr'>θεωρεῖται.</span> <span class='ocrx_word' id='word_1_294' title='bbox 1306 2108 1369 2159; x_wconf 83' lang='grc' dir='ltr'>Εἰ</span> <span class='ocrx_word' id='word_1_295' title='bbox 1427 2108 1516 2178; x_wconf 69' lang='grc' dir='ltr'><strong>μεν</strong></span> <span class='ocrx_word' id='word_1_296' title='bbox 1562 2102 1650 2157; x_wconf 74' lang='grc' dir='ltr'><strong>οὖν</strong></span> <span class='ocrx_word' id='word_1_297' title='bbox 1694 2104 1887 2155; x_wconf 79' lang='grc' dir='ltr'>ἀνυπό-</span> 
     </span>
    </p>
   </div>
   <div class='ocr_carea' id='block_1_38' title="bbox 281 2195 1886 2272">
    <p class='ocr_par' dir='ltr' id='par_1_38' title="bbox 281 2195 1886 2272">
     <span class='ocr_line' id='line_1_38' title="bbox 281 2195 1886 2272; baseline -0.002 -23"><span class='ocrx_word' id='word_1_298' title='bbox 281 2217 452 2250; x_wconf 87' lang='grc' dir='ltr'>στατα</span> <span class='ocrx_word' id='word_1_299' title='bbox 489 2197 703 2269; x_wconf 75' lang='grc' dir='ltr'>λέγουσι</span> <span class='ocrx_word' id='word_1_300' title='bbox 741 2201 809 2251; x_wconf 79' lang='grc' dir='ltr'><strong>τὰ</strong></span> <span class='ocrx_word' id='word_1_301' title='bbox 836 2218 1115 2272; x_wconf 83' lang='grc' dir='ltr'>πρόσωπα,</span> <span class='ocrx_word' id='word_1_302' title='bbox 1154 2198 1363 2251; x_wconf 74' lang='grc' dir='ltr'>αὐτόθεν</span> <span class='ocrx_word' id='word_1_303' title='bbox 1392 2199 1507 2267; x_wconf 79' lang='grc' dir='ltr'>ἔχει</span> <span class='ocrx_word' id='word_1_304' title='bbox 1549 2197 1576 2247; x_wconf 92' lang='grc' dir='ltr'><strong>ό</strong></span> <span class='ocrx_word' id='word_1_305' title='bbox 1607 2195 1758 2267; x_wconf 86' lang='grc' dir='ltr'>λόγος</span> <span class='ocrx_word' id='word_1_306' title='bbox 1793 2197 1886 2252; x_wconf 79' lang='grc' dir='ltr'>τὴν</span> 
     </span>
    </p>
   </div>
   <div class='ocr_carea' id='block_1_39' title="bbox 276 2282 1890 2357">
    <p class='ocr_par' dir='ltr' id='par_1_39' title="bbox 276 2282 1890 2357">
     <span class='ocr_line' id='line_1_39' title="bbox 276 2282 1890 2357; baseline -0.002 -18"><span class='ocrx_word' id='word_1_307' title='bbox 276 2285 519 2339; x_wconf 78' lang='grc' dir='ltr'>ἀτοπίαν·</span> <span class='ocrx_word' id='word_1_308' title='bbox 555 2282 606 2340; x_wconf 73' lang='grc' dir='ltr'>εἰ</span> <span class='ocrx_word' id='word_1_309' title='bbox 630 2284 688 2340; x_wconf 74' lang='grc' dir='ltr'><strong>δὲ</strong></span> <span class='ocrx_word' id='word_1_310' title='bbox 712 2288 763 2339; x_wconf 75' lang='grc' dir='ltr'>ἕν</span> <span class='ocrx_word' id='word_1_311' title='bbox 786 2288 1077 2340; x_wconf 72' lang='grc' dir='ltr'>ὑποστάσει</span> <span class='ocrx_word' id='word_1_312' title='bbox 1107 2287 1239 2340; x_wconf 81' lang='grc' dir='ltr'>εἶναι</span> <span class='ocrx_word' id='word_1_313' title='bbox 1263 2288 1398 2340; x_wconf 69' lang='grc' dir='ltr'><strong>αὖτὰ</strong></span> <span class='ocrx_word' id='word_1_314' title='bbox 1428 2285 1646 2357; x_wconf 72' lang='grc' dir='ltr'>ἀληθινῇ</span> <span class='ocrx_word' id='word_1_315' title='bbox 1674 2304 1890 2355; x_wconf 70' lang='grc' dir='ltr'>συγχωυ</span> 
     </span>
    </p>
   </div>
   <div class='ocr_carea' id='block_1_40' title="bbox 269 2375 1888 2450">
    <p class='ocr_par' dir='ltr' id='par_1_40' title="bbox 269 2375 1888 2450">
     <span class='ocr_line' id='line_1_40' title="bbox 269 2375 1888 2450; baseline -0.003 -21"><span class='ocrx_word' id='word_1_316' title='bbox 269 2385 461 2449; x_wconf 78' lang='grc' dir='ltr'>ροῦσιν</span> <span class='ocrx_word' id='word_1_317' title='bbox 501 2378 635 2448; x_wconf 84' lang='grc'>(91),</span> <span class='ocrx_word' id='word_1_318' title='bbox 676 2377 703 2429; x_wconf 85' lang='grc' dir='ltr'><strong>ὃ</strong></span> <span class='ocrx_word' id='word_1_319' title='bbox 744 2377 1079 2450; x_wconf 76' lang='grc' dir='ltr'>ὁμολογοῦσι,</span> <span class='ocrx_word' id='word_1_320' title='bbox 1115 2382 1206 2429; x_wconf 84' lang='grc' dir='ltr'>καὶ</span> <span class='ocrx_word' id='word_1_321' title='bbox 1248 2376 1654 2450; x_wconf 82' lang='grc' dir='ltr'>ἀριθμείτωσαν,</span> <span class='ocrx_word' id='word_1_322' title='bbox 1690 2375 1770 2426; x_wconf 80' lang='grc' dir='ltr'>ἵνα</span> <span class='ocrx_word' id='word_1_323' title='bbox 1799 2378 1888 2425; x_wconf 83' lang='grc' dir='ltr'>καὶ</span> 
     </span>
    </p>
   </div>
   <div class='ocr_carea' id='block_1_41' title="bbox 269 2464 1889 2539">
    <p class='ocr_par' dir='ltr' id='par_1_41' title="bbox 269 2464 1889 2539">
     <span class='ocr_line' id='line_1_41' title="bbox 269 2464 1889 2539; baseline -0.002 -21"><span class='ocrx_word' id='word_1_324' title='bbox 269 2470 299 2519; x_wconf 85' lang='grc' dir='ltr'><strong>ό</strong></span> <span class='ocrx_word' id='word_1_325' title='bbox 324 2473 419 2518; x_wconf 79' lang='grc' dir='ltr'>τοῦ</span> <span class='ocrx_word' id='word_1_326' title='bbox 452 2467 739 2539; x_wconf 87' lang='grc' dir='ltr'>όμοουσίου</span> <span class='ocrx_word' id='word_1_327' title='bbox 768 2467 919 2538; x_wconf 86' lang='grc' dir='ltr'>λόγος</span> <span class='ocrx_word' id='word_1_328' title='bbox 963 2464 1307 2539; x_wconf 70' lang='grc' dir='ltr'>διαφυλαχθῇ</span> <span class='ocrx_word' id='word_1_329' title='bbox 1357 2465 1404 2518; x_wconf 81' lang='grc' dir='ltr'>ἐν</span> <span class='ocrx_word' id='word_1_330' title='bbox 1447 2472 1510 2537; x_wconf 77' lang='grc' dir='ltr'><strong>τῇ</strong></span> <span class='ocrx_word' id='word_1_331' title='bbox 1551 2464 1749 2521; x_wconf 82' lang='grc' dir='ltr'>ἑνότητι</span> <span class='ocrx_word' id='word_1_332' title='bbox 1794 2470 1889 2524; x_wconf 81' lang='grc' dir='ltr'>τῆς</span> 
     </span>
    </p>
   </div>
   <div class='ocr_carea' id='block_1_42' title="bbox 274 2556 1888 2628">
    <p class='ocr_par' dir='ltr' id='par_1_42' title="bbox 274 2556 1888 2628">
     <span class='ocr_line' id='line_1_42' title="bbox 274 2556 1888 2628; baseline -0.002 -20"><span class='ocrx_word' id='word_1_333' title='bbox 274 2560 547 2624; x_wconf 79' lang='grc' dir='ltr'>θεότητος,</span> <span class='ocrx_word' id='word_1_334' title='bbox 581 2563 673 2611; x_wconf 84' lang='grc' dir='ltr'>καὶ</span> <span class='ocrx_word' id='word_1_335' title='bbox 720 2560 748 2615; x_wconf 77' lang='grc' dir='ltr'>ἡ</span> <span class='ocrx_word' id='word_1_336' title='bbox 783 2565 879 2619; x_wconf 79' lang='grc' dir='ltr'>τῆς</span> <span class='ocrx_word' id='word_1_337' title='bbox 909 2557 1169 2617; x_wconf 64' lang='grc' dir='ltr'>εὐσεϐείας</span> <span class='ocrx_word' id='word_1_338' title='bbox 1198 2556 1497 2628; x_wconf 74' lang='grc' dir='ltr'>ἐπίγνωσις,</span> <span class='ocrx_word' id='word_1_339' title='bbox 1547 2557 1751 2628; x_wconf 82' lang='grc' dir='ltr'>Πατρός</span> <span class='ocrx_word' id='word_1_340' title='bbox 1799 2558 1888 2605; x_wconf 81' lang='grc' dir='ltr'>καὶ</span> 
     </span>
    </p>
   </div>
   <div class='ocr_carea' id='block_1_43' title="bbox 275 2643 1890 2719">
    <p class='ocr_par' dir='ltr' id='par_1_43' title="bbox 275 2643 1890 2719">
     <span class='ocr_line' id='line_1_43' title="bbox 275 2643 1890 2719; baseline -0.003 -20"><span class='ocrx_word' id='word_1_341' title='bbox 275 2647 407 2699; x_wconf 81' lang='grc' dir='ltr'><strong>Υἱοὺ</strong></span> <span class='ocrx_word' id='word_1_342' title='bbox 466 2651 555 2698; x_wconf 83' lang='grc' dir='ltr'>καὶ</span> <span class='ocrx_word' id='word_1_343' title='bbox 601 2646 754 2719; x_wconf 82' lang='grc' dir='ltr'>ἁγίου</span> <span class='ocrx_word' id='word_1_344' title='bbox 807 2648 1126 2718; x_wconf 80' lang='grc' dir='ltr'>Πνεύματος,</span> <span class='ocrx_word' id='word_1_345' title='bbox 1179 2644 1228 2697; x_wconf 84' lang='grc' dir='ltr'>ἐν</span> <span class='ocrx_word' id='word_1_346' title='bbox 1277 2653 1339 2716; x_wconf 73' lang='grc' dir='ltr'><strong>τῇ</strong></span> <span class='ocrx_word' id='word_1_347' title='bbox 1398 2643 1760 2718; x_wconf 74' lang='grc' dir='ltr'>ἀπηρτισμένη</span> <span class='ocrx_word' id='word_1_348' title='bbox 1800 2647 1890 2695; x_wconf 82' lang='grc' dir='ltr'><strong>καὶ</strong></span> 
     </span>
    </p>
   </div>
   <div class='ocr_carea' id='block_1_44' title="bbox 280 2732 1888 2807">
    <p class='ocr_par' dir='ltr' id='par_1_44' title="bbox 280 2732 1888 2807">
     <span class='ocr_line' id='line_1_44' title="bbox 280 2732 1888 2807; baseline -0.002 -21"><span class='ocrx_word' id='word_1_349' title='bbox 280 2732 509 2786; x_wconf 77' lang='grc' dir='ltr'>ὁλοτελεί</span> <span class='ocrx_word' id='word_1_350' title='bbox 537 2732 752 2789; x_wconf 77' lang='grc' dir='ltr'>ἑκάστου</span> <span class='ocrx_word' id='word_1_351' title='bbox 784 2743 885 2787; x_wconf 87' lang='grc' dir='ltr'>τῶν</span> <span class='ocrx_word' id='word_1_352' title='bbox 927 2735 1318 2807; x_wconf 74' lang='grc' dir='ltr'>ὀνομαζομένων</span> <span class='ocrx_word' id='word_1_353' title='bbox 1359 2734 1650 2784; x_wconf 77' lang='grc' dir='ltr'>ὑποστάσει</span> <span class='ocrx_word' id='word_1_354' title='bbox 1689 2733 1888 2805; x_wconf 78' lang='grc' dir='ltr'>κηρύσ-</span> 
     </span>
    </p>
   </div>
   <div class='ocr_carea' id='block_1_45' title="bbox 287 2820 1889 2897">
    <p class='ocr_par' dir='ltr' id='par_1_45' title="bbox 287 2820 1889 2897">
     <span class='ocr_line' id='line_1_45' title="bbox 287 2820 1889 2897; baseline -0.002 -23"><span class='ocrx_word' id='word_1_355' title='bbox 287 2820 668 2895; x_wconf 69' lang='grc' dir='ltr'>σηται.”ομως</span> <span class='ocrx_word' id='word_1_356' title='bbox 689 2824 802 2897; x_wconf 81' lang='grc'>(92)</span> <span class='ocrx_word' id='word_1_357' title='bbox 851 2822 909 2878; x_wconf 54' lang='grc' dir='ltr'>δε</span> <span class='ocrx_word' id='word_1_358' title='bbox 958 2824 1118 2877; x_wconf 84' lang='grc' dir='ltr'>ἐκεῖνο</span> <span class='ocrx_word' id='word_1_359' title='bbox 1172 2822 1433 2896; x_wconf 75' lang='grc' dir='ltr'>βούλομαι</span> <span class='ocrx_word' id='word_1_360' title='bbox 1468 2823 1749 2874; x_wconf 83' lang='grc' dir='ltr'>πεπεῖσθαι</span> <span class='ocrx_word' id='word_1_361' title='bbox 1794 2824 1889 2878; x_wconf 79' lang='grc' dir='ltr'>τὴν</span> 
     </span>
    </p>
   </div>
   <div class='ocr_carea' id='block_1_46' title="bbox 291 2910 1891 2985">
    <p class='ocr_par' dir='ltr' id='par_1_46' title="bbox 291 2910 1891 2985">
     <span class='ocr_line' id='line_1_46' title="bbox 291 2910 1891 2985; baseline -0.002 -21"><span class='ocrx_word' id='word_1_362' title='bbox 291 2916 587 2985; x_wconf 83' lang='grc' dir='ltr'>σεμνότητά</span> <span class='ocrx_word' id='word_1_363' title='bbox 619 2934 733 2982; x_wconf 86' lang='grc' dir='ltr'>σου,</span> <span class='ocrx_word' id='word_1_364' title='bbox 765 2915 846 2968; x_wconf 84' lang='grc' dir='ltr'>ὅτι</span> <span class='ocrx_word' id='word_1_365' title='bbox 876 2918 967 2967; x_wconf 86' lang='grc' dir='ltr'>καὶ</span> <span class='ocrx_word' id='word_1_366' title='bbox 998 2917 1055 2967; x_wconf 67' lang='grc' dir='ltr'><strong>σε</strong></span> <span class='ocrx_word' id='word_1_367' title='bbox 1080 2918 1168 2965; x_wconf 83' lang='grc' dir='ltr'>καὶ</span> <span class='ocrx_word' id='word_1_368' title='bbox 1197 2914 1369 2964; x_wconf 84' lang='grc' dir='ltr'>πάντα</span> <span class='ocrx_word' id='word_1_369' title='bbox 1396 2915 1485 2963; x_wconf 85' lang='grc' dir='ltr'><strong>τόν</strong></span> <span class='ocrx_word' id='word_1_370' title='bbox 1515 2910 1891 2985; x_wconf 86' lang='grc' dir='ltr'>παραπλησίως</span> 
     </span>
    </p>
   </div>
   <div class='ocr_carea' id='block_1_47' title="bbox 284 3000 1892 3080">
    <p class='ocr_par' dir='ltr' id='par_1_47' title="bbox 284 3000 1892 3080">
     <span class='ocr_line' id='line_1_47' title="bbox 284 3000 1892 3080; baseline -0.001 -25"><span class='ocrx_word' id='word_1_371' title='bbox 284 3021 376 3055; x_wconf 87' lang='grc' dir='ltr'><strong>σοι</strong></span> <span class='ocrx_word' id='word_1_372' title='bbox 402 3011 497 3067; x_wconf 83' lang='grc' dir='ltr'>τῆς</span> <span class='ocrx_word' id='word_1_373' title='bbox 517 3002 759 3067; x_wconf 78' lang='grc' dir='ltr'>ἀληθείας</span> <span class='ocrx_word' id='word_1_374' title='bbox 789 3008 1147 3080; x_wconf 77' lang='grc' dir='ltr'>φροντίζοντα,</span> <span class='ocrx_word' id='word_1_375' title='bbox 1180 3007 1268 3054; x_wconf 83' lang='grc' dir='ltr'>καὶ</span> <span class='ocrx_word' id='word_1_376' title='bbox 1306 3005 1426 3062; x_wconf 83' lang='grc' dir='ltr'>τοὺς</span> <span class='ocrx_word' id='word_1_377' title='bbox 1471 3002 1598 3073; x_wconf 75' lang='grc' dir='ltr'>ὑπὲρ</span> <span class='ocrx_word' id='word_1_378' title='bbox 1628 3008 1721 3061; x_wconf 84' lang='grc' dir='ltr'>τῆς</span> <span class='ocrx_word' id='word_1_379' title='bbox 1751 3000 1892 3053; x_wconf 72' lang='grc' dir='ltr'>εὐσε-</span> 
     </span>
    </p>
   </div>
   <div class='ocr_carea' id='block_1_48' title="bbox 279 3086 1894 3168">
    <p class='ocr_par' dir='ltr' id='par_1_48' title="bbox 279 3086 1894 3168">
     <span class='ocr_line' id='line_1_48' title="bbox 279 3086 1894 3168; baseline -0.002 -23"><span class='ocrx_word' id='word_1_380' title='bbox 279 3092 422 3154; x_wconf 75' lang='grc' dir='ltr'>ϐείας</span> <span class='ocrx_word' id='word_1_381' title='bbox 473 3092 885 3168; x_wconf 72' lang='grc' dir='ltr'>ἀγωνιζομένους</span> <span class='ocrx_word' id='word_1_382' title='bbox 940 3099 1011 3166; x_wconf 80' lang='grc' dir='ltr'>μὴ</span> <span class='ocrx_word' id='word_1_383' title='bbox 1073 3092 1418 3165; x_wconf 79' lang='grc' dir='ltr'>ἀτιμαζοντα,</span> <span class='ocrx_word' id='word_1_384' title='bbox 1484 3089 1748 3162; x_wconf 80' lang='grc' dir='ltr'>ἀναμένειν</span> <span class='ocrx_word' id='word_1_385' title='bbox 1809 3086 1894 3142; x_wconf 81' lang='grc' dir='ltr'><strong>δεῖ</strong></span> 
     </span>
    </p>
   </div>
   <div class='ocr_carea' id='block_1_49' title="bbox 1997 1923 3666 1998">
    <p class='ocr_par' dir='ltr' id='par_1_49' title="bbox 1997 1923 3666 1998">
     <span class='ocr_line' id='line_1_49' title="bbox 1997 1923 3666 1998; baseline 0.001 -19"><span class='ocrx_word' id='word_1_386' title='bbox 1997 1928 2103 1980; x_wconf 90' lang='lat' dir='ltr'><strong>aut</strong></span> <span class='ocrx_word' id='word_1_387' title='bbox 2126 1924 2175 1980; x_wconf 89' lang='lat' dir='ltr'><strong>si</strong></span> <span class='ocrx_word' id='word_1_388' title='bbox 2193 1924 2341 1998; x_wconf 92' lang='lat' dir='ltr'><strong>quid</strong></span> <span class='ocrx_word' id='word_1_389' title='bbox 2361 1923 2529 1981; x_wconf 88' lang='lat' dir='ltr'><strong>aliud</strong></span> <span class='ocrx_word' id='word_1_390' title='bbox 2548 1925 2877 1995; x_wconf 83' lang='lat' dir='ltr'><strong>cogitatur:</strong></span> <span class='ocrx_word' id='word_1_391' title='bbox 2909 1923 3262 1997; x_wconf 88' lang='lat' dir='ltr'><strong>hypostasis</strong></span> <span class='ocrx_word' id='word_1_392' title='bbox 3279 1940 3421 1981; x_wconf 90' lang='lat' dir='ltr'><strong>vero</strong></span> <span class='ocrx_word' id='word_1_393' title='bbox 3441 1924 3505 1981; x_wconf 93' lang='lat' dir='ltr'><strong>in</strong></span> <span class='ocrx_word' id='word_1_394' title='bbox 3527 1938 3666 1997; x_wconf 90' lang='lat' dir='ltr'><strong>pro-</strong></span> 
     </span>
    </p>
   </div>
   <div class='ocr_carea' id='block_1_50' title="bbox 1994 2012 3663 2086">
    <p class='ocr_par' dir='ltr' id='par_1_50' title="bbox 1994 2012 3663 2086">
     <span class='ocr_line' id='line_1_50' title="bbox 1994 2012 3663 2086; baseline -0.001 -18"><span class='ocrx_word' id='word_1_395' title='bbox 1994 2013 2245 2086; x_wconf 87' lang='lat' dir='ltr'><strong>prietate</strong></span> <span class='ocrx_word' id='word_1_396' title='bbox 2286 2013 2684 2086; x_wconf 87' lang='lat' dir='ltr'><strong>paternitatis,</strong></span> <span class='ocrx_word' id='word_1_397' title='bbox 2728 2018 2833 2070; x_wconf 88' lang='lat' dir='ltr'><strong>aut</strong></span> <span class='ocrx_word' id='word_1_398' title='bbox 2881 2012 3210 2083; x_wconf 86' lang='lat' dir='ltr'><strong>ﬁliationis,</strong></span> <span class='ocrx_word' id='word_1_399' title='bbox 3241 2017 3347 2070; x_wconf 91' lang='lat' dir='ltr'><strong>aut</strong></span> <span class='ocrx_word' id='word_1_400' title='bbox 3383 2013 3663 2085; x_wconf 81' lang='lat' dir='ltr'><strong>potentiae</strong></span> 
     </span>
    </p>
   </div>
   <div class='ocr_carea' id='block_1_51' title="bbox 1996 2102 3664 2177">
    <p class='ocr_par' dir='ltr' id='par_1_51' title="bbox 1996 2102 3664 2177">
     <span class='ocr_line' id='line_1_51' title="bbox 1996 2102 3664 2177; baseline 0 -19"><span class='ocrx_word' id='word_1_401' title='bbox 1996 2102 2425 2160; x_wconf 87' lang='lat' dir='ltr'><strong>sanctiﬁcantis</strong></span> <span class='ocrx_word' id='word_1_402' title='bbox 2456 2103 2839 2177; x_wconf 89' lang='lat' dir='ltr'><strong>perspicitur.</strong></span> <span class='ocrx_word' id='word_1_403' title='bbox 2875 2102 2932 2161; x_wconf 92' lang='lat' dir='ltr'>Si</span> <span class='ocrx_word' id='word_1_404' title='bbox 2965 2117 3109 2173; x_wconf 90' lang='lat' dir='ltr'><strong>ergo</strong></span> <span class='ocrx_word' id='word_1_405' title='bbox 3134 2118 3429 2176; x_wconf 90' lang='lat' dir='ltr'><strong>personas</strong></span> <span class='ocrx_word' id='word_1_406' title='bbox 3453 2102 3664 2159; x_wconf 90' lang='lat' dir='ltr'><strong>dicunt</strong></span> 
     </span>
    </p>
   </div>
   <div class='ocr_carea' id='block_1_52' title="bbox 1995 2191 3662 2266">
    <p class='ocr_par' dir='ltr' id='par_1_52' title="bbox 1995 2191 3662 2266">
     <span class='ocr_line' id='line_1_52' title="bbox 1995 2191 3662 2266; baseline 0.001 -18"><span class='ocrx_word' id='word_1_407' title='bbox 1995 2207 2118 2248; x_wconf 91' lang='lat' dir='ltr'><strong>non</strong></span> <span class='ocrx_word' id='word_1_408' title='bbox 2147 2193 2494 2261; x_wconf 90' lang='lat' dir='ltr'><strong>subsistere,</strong></span> <span class='ocrx_word' id='word_1_409' title='bbox 2527 2208 2635 2266; x_wconf 92' lang='lat' dir='ltr'><strong>per</strong></span> <span class='ocrx_word' id='word_1_410' title='bbox 2662 2208 2726 2248; x_wconf 91' lang='lat' dir='ltr'><strong>se</strong></span> <span class='ocrx_word' id='word_1_411' title='bbox 2760 2192 3033 2251; x_wconf 88' lang='lat' dir='ltr'><strong>absurda</strong></span> <span class='ocrx_word' id='word_1_412' title='bbox 3058 2191 3189 2249; x_wconf 61' lang='lat' dir='ltr'><strong>haec</strong></span> <span class='ocrx_word' id='word_1_413' title='bbox 3217 2192 3495 2249; x_wconf 89' lang='lat' dir='ltr'><strong>doctrina</strong></span> <span class='ocrx_word' id='word_1_414' title='bbox 3520 2209 3534 2248; x_wconf 92' lang='lat'><strong>:</strong></span> <span class='ocrx_word' id='word_1_415' title='bbox 3564 2191 3662 2249; x_wconf 89' lang='lat' dir='ltr'><strong>sin</strong></span> 
     </span>
    </p>
   </div>
   <div class='ocr_carea' id='block_1_53' title="bbox 1995 2281 3660 2354">
    <p class='ocr_par' dir='ltr' id='par_1_53' title="bbox 1995 2281 3660 2354">
     <span class='ocr_line' id='line_1_53' title="bbox 1995 2281 3660 2354; baseline 0 -16"><span class='ocrx_word' id='word_1_416' title='bbox 1995 2282 2339 2339; x_wconf 89' lang='lat' dir='ltr'><strong>concedunt</strong></span> <span class='ocrx_word' id='word_1_417' title='bbox 2362 2282 2493 2338; x_wconf 89' lang='lat' dir='ltr'><strong>illas</strong></span> <span class='ocrx_word' id='word_1_418' title='bbox 2514 2296 2647 2340; x_wconf 87' lang='lat' dir='ltr'><strong>esse</strong></span> <span class='ocrx_word' id='word_1_419' title='bbox 2666 2282 2729 2338; x_wconf 92' lang='lat' dir='ltr'><strong>in</strong></span> <span class='ocrx_word' id='word_1_420' title='bbox 2753 2297 2900 2339; x_wconf 90' lang='lat' dir='ltr'><strong>vera</strong></span> <span class='ocrx_word' id='word_1_421' title='bbox 2917 2281 3253 2354; x_wconf 86' lang='lat' dir='ltr'><strong>hypostasi,</strong></span> <span class='ocrx_word' id='word_1_422' title='bbox 3277 2282 3445 2354; x_wconf 89' lang='lat' dir='ltr'><strong>quod</strong></span> <span class='ocrx_word' id='word_1_423' title='bbox 3464 2281 3660 2339; x_wconf 84' lang='lat' dir='ltr'><strong>faten-</strong></span> 
     </span>
    </p>
   </div>
   <div class='ocr_carea' id='block_1_54' title="bbox 1997 2370 3665 2439">
    <p class='ocr_par' dir='ltr' id='par_1_54' title="bbox 1997 2370 3665 2439">
     <span class='ocr_line' id='line_1_54' title="bbox 1997 2370 3665 2439; baseline 0 -12"><span class='ocrx_word' id='word_1_424' title='bbox 1997 2375 2110 2435; x_wconf 91' lang='lat' dir='ltr'><strong>tur,</strong></span> <span class='ocrx_word' id='word_1_425' title='bbox 2137 2371 2254 2427; x_wconf 90' lang='lat' dir='ltr'><strong>hoc</strong></span> <span class='ocrx_word' id='word_1_426' title='bbox 2275 2372 2457 2427; x_wconf 89' lang='lat' dir='ltr'><strong>etiam</strong></span> <span class='ocrx_word' id='word_1_427' title='bbox 2480 2375 2819 2439; x_wconf 90' lang='lat' dir='ltr'><strong>numerent,</strong></span> <span class='ocrx_word' id='word_1_428' title='bbox 2849 2374 2917 2427; x_wconf 92' lang='lat' dir='ltr'><strong>ut</strong></span> <span class='ocrx_word' id='word_1_429' title='bbox 2938 2375 2995 2425; x_wconf 90' lang='lat' dir='ltr'><strong>et</strong></span> <span class='ocrx_word' id='word_1_430' title='bbox 3016 2370 3549 2427; x_wconf 89' lang='lat' dir='ltr'><strong>consubstantialis</strong></span> <span class='ocrx_word' id='word_1_431' title='bbox 3569 2386 3665 2427; x_wconf 88' lang='lat' dir='ltr'><strong>ra-</strong></span> 
     </span>
    </p>
   </div>
   <div class='ocr_carea' id='block_1_55' title="bbox 1997 2459 3659 2532">
    <p class='ocr_par' dir='ltr' id='par_1_55' title="bbox 1997 2459 3659 2532">
     <span class='ocr_line' id='line_1_55' title="bbox 1997 2459 3659 2532; baseline 0 -14"><span class='ocrx_word' id='word_1_432' title='bbox 1997 2464 2080 2519; x_wconf 88' lang='lat' dir='ltr'><strong>tio</strong></span> <span class='ocrx_word' id='word_1_433' title='bbox 2107 2467 2376 2518; x_wconf 84' lang='lat' dir='ltr'><strong>servetur</strong></span> <span class='ocrx_word' id='word_1_434' title='bbox 2404 2461 2466 2517; x_wconf 92' lang='lat' dir='ltr'><strong>in</strong></span> <span class='ocrx_word' id='word_1_435' title='bbox 2490 2460 2713 2517; x_wconf 89' lang='lat' dir='ltr'><strong>unitate</strong></span> <span class='ocrx_word' id='word_1_436' title='bbox 2740 2459 3087 2531; x_wconf 89' lang='lat' dir='ltr'><strong>divinitatis,</strong></span> <span class='ocrx_word' id='word_1_437' title='bbox 3122 2463 3181 2515; x_wconf 90' lang='lat' dir='ltr'><strong>et</strong></span> <span class='ocrx_word' id='word_1_438' title='bbox 3208 2459 3449 2532; x_wconf 89' lang='lat' dir='ltr'><strong>pietatis</strong></span> <span class='ocrx_word' id='word_1_439' title='bbox 3481 2459 3659 2532; x_wconf 74' lang='lat'><strong>323</strong></span> 
     </span>
    </p>
   </div>
   <div class='ocr_carea' id='block_1_56' title="bbox 1997 2549 3667 2624">
    <p class='ocr_par' dir='ltr' id='par_1_56' title="bbox 1997 2549 3667 2624">
     <span class='ocr_line' id='line_1_56' title="bbox 1997 2549 3667 2624; baseline -0.001 -14"><span class='ocrx_word' id='word_1_440' title='bbox 1997 2552 2282 2622; x_wconf 83' lang='lat' dir='ltr'><strong>cognitio,</strong></span> <span class='ocrx_word' id='word_1_441' title='bbox 2313 2551 2500 2608; x_wconf 88' lang='lat' dir='ltr'><strong>Patris</strong></span> <span class='ocrx_word' id='word_1_442' title='bbox 2528 2557 2588 2607; x_wconf 91' lang='lat' dir='ltr'><strong>et</strong></span> <span class='ocrx_word' id='word_1_443' title='bbox 2617 2550 2742 2607; x_wconf 88' lang='lat' dir='ltr'>Filii</span> <span class='ocrx_word' id='word_1_444' title='bbox 2772 2554 2832 2607; x_wconf 92' lang='lat' dir='ltr'><strong>et</strong></span> <span class='ocrx_word' id='word_1_445' title='bbox 2877 2550 3130 2624; x_wconf 88' lang='lat' dir='ltr'><strong>Spiritus</strong></span> <span class='ocrx_word' id='word_1_446' title='bbox 3174 2550 3387 2617; x_wconf 85' lang='lat' dir='ltr'><strong>sancti,</strong></span> <span class='ocrx_word' id='word_1_447' title='bbox 3426 2549 3491 2605; x_wconf 93' lang='lat' dir='ltr'><strong>in</strong></span> <span class='ocrx_word' id='word_1_448' title='bbox 3526 2565 3667 2623; x_wconf 85' lang='lat' dir='ltr'><strong>per-</strong></span> 
     </span>
    </p>
   </div>
   <div class='ocr_carea' id='block_1_57' title="bbox 1997 2637 3666 2712">
    <p class='ocr_par' dir='ltr' id='par_1_57' title="bbox 1997 2637 3666 2712">
     <span class='ocr_line' id='line_1_57' title="bbox 1997 2637 3666 2712; baseline -0.001 -14"><span class='ocrx_word' id='word_1_449' title='bbox 1997 2642 2152 2699; x_wconf 90' lang='lat' dir='ltr'><strong>fecta</strong></span> <span class='ocrx_word' id='word_1_450' title='bbox 2180 2646 2239 2697; x_wconf 92' lang='lat' dir='ltr'><strong>et</strong></span> <span class='ocrx_word' id='word_1_451' title='bbox 2262 2640 2498 2711; x_wconf 88' lang='lat' dir='ltr'><strong>integra</strong></span> <span class='ocrx_word' id='word_1_452' title='bbox 2522 2640 2704 2696; x_wconf 90' lang='lat' dir='ltr'><strong>unius</strong></span> <span class='ocrx_word' id='word_1_453' title='bbox 2736 2639 3037 2712; x_wconf 89' lang='lat' dir='ltr'><strong>cujusque</strong></span> <span class='ocrx_word' id='word_1_454' title='bbox 3065 2654 3300 2706; x_wconf 89' lang='lat' dir='ltr'><strong>eorum,</strong></span> <span class='ocrx_word' id='word_1_455' title='bbox 3332 2637 3441 2711; x_wconf 87' lang='lat' dir='ltr'><strong>qui</strong></span> <span class='ocrx_word' id='word_1_456' title='bbox 3469 2640 3666 2697; x_wconf 87' lang='lat' dir='ltr'><strong>nomi-</strong></span> 
     </span>
    </p>
   </div>
   <div class='ocr_carea' id='block_1_58' title="bbox 1996 2726 3666 2801">
    <p class='ocr_par' dir='ltr' id='par_1_58' title="bbox 1996 2726 3666 2801">
     <span class='ocr_line' id='line_1_58' title="bbox 1996 2726 3666 2801; baseline -0.002 -13"><span class='ocrx_word' id='word_1_457' title='bbox 1996 2729 2561 2801; x_wconf 84' lang='lat' dir='ltr'><strong>nantur,hypostasi</strong></span> <span class='ocrx_word' id='word_1_458' title='bbox 2573 2727 2946 2801; x_wconf 81' lang='lat' dir='ltr'><strong>praedicetur.</strong></span> <span class='ocrx_word' id='word_1_459' title='bbox 2956 2726 3106 2783; x_wconf 86' lang='lat' dir='ltr'><strong>Illud</strong></span> <span class='ocrx_word' id='word_1_460' title='bbox 3121 2733 3324 2784; x_wconf 87' lang='lat' dir='ltr'><strong>tamen</strong></span> <span class='ocrx_word' id='word_1_461' title='bbox 3339 2732 3454 2785; x_wconf 70' lang='lat' dir='ltr'><strong>tute</strong></span> <span class='ocrx_word' id='word_1_462' title='bbox 3467 2727 3666 2798; x_wconf 89' lang='lat' dir='ltr'><strong>digni-</strong></span> 
     </span>
    </p>
   </div>
   <div class='ocr_carea' id='block_1_59' title="bbox 1998 2816 3668 2893">
    <p class='ocr_par' dir='ltr' id='par_1_59' title="bbox 1998 2816 3668 2893">
     <span class='ocr_line' id='line_1_59' title="bbox 1998 2816 3668 2893; baseline -0.002 -15"><span class='ocrx_word' id='word_1_463' title='bbox 1998 2820 2105 2878; x_wconf 85' lang='lat' dir='ltr'><strong>tati</strong></span> <span class='ocrx_word' id='word_1_464' title='bbox 2132 2834 2492 2893; x_wconf 87' lang='lat' dir='ltr'><strong>persuasum</strong></span> <span class='ocrx_word' id='word_1_465' title='bbox 2511 2817 2673 2887; x_wconf 88' lang='lat' dir='ltr'><strong>volo,</strong></span> <span class='ocrx_word' id='word_1_466' title='bbox 2696 2822 2755 2875; x_wconf 88' lang='lat' dir='ltr'><strong>et</strong></span> <span class='ocrx_word' id='word_1_467' title='bbox 2775 2821 2829 2873; x_wconf 92' lang='lat' dir='ltr'><strong>te</strong></span> <span class='ocrx_word' id='word_1_468' title='bbox 2850 2820 2909 2873; x_wconf 92' lang='lat' dir='ltr'><strong>et</strong></span> <span class='ocrx_word' id='word_1_469' title='bbox 2938 2816 3213 2890; x_wconf 90' lang='lat' dir='ltr'><strong>quisquis</strong></span> <span class='ocrx_word' id='word_1_470' title='bbox 3238 2816 3421 2873; x_wconf 89' lang='lat' dir='ltr'><strong>simili</strong></span> <span class='ocrx_word' id='word_1_471' title='bbox 3447 2820 3668 2875; x_wconf 88' lang='lat' dir='ltr'><strong>verita-</strong></span> 
     </span>
    </p>
   </div>
   <div class='ocr_carea' id='block_1_60' title="bbox 1998 2906 3666 2981">
    <p class='ocr_par' dir='ltr' id='par_1_60' title="bbox 1998 2906 3666 2981">
     <span class='ocr_line' id='line_1_60' title="bbox 1998 2906 3666 2981; baseline -0.001 -15"><span class='ocrx_word' id='word_1_472' title='bbox 1998 2911 2073 2967; x_wconf 91' lang='lat' dir='ltr'><strong>tis</strong></span> <span class='ocrx_word' id='word_1_473' title='bbox 2103 2925 2252 2966; x_wconf 89' lang='lat' dir='ltr'><strong>cura</strong></span> <span class='ocrx_word' id='word_1_474' title='bbox 2294 2908 2579 2979; x_wconf 85' lang='lat' dir='ltr'><strong>tangitur,</strong></span> <span class='ocrx_word' id='word_1_475' title='bbox 2622 2923 2733 2964; x_wconf 91' lang='lat' dir='ltr'><strong>nec</strong></span> <span class='ocrx_word' id='word_1_476' title='bbox 2763 2922 2869 2963; x_wconf 90' lang='lat' dir='ltr'><strong>eos</strong></span> <span class='ocrx_word' id='word_1_477' title='bbox 2910 2906 3235 2963; x_wconf 90' lang='lat' dir='ltr'><strong>contemnit</strong></span> <span class='ocrx_word' id='word_1_478' title='bbox 3261 2906 3368 2979; x_wconf 91' lang='lat' dir='ltr'><strong>qui</strong></span> <span class='ocrx_word' id='word_1_479' title='bbox 3394 2922 3506 2981; x_wconf 90' lang='lat' dir='ltr'><strong>pro</strong></span> <span class='ocrx_word' id='word_1_480' title='bbox 3534 2908 3666 2981; x_wconf 93' lang='lat' dir='ltr'><strong>pie-</strong></span> 
     </span>
    </p>
   </div>
   <div class='ocr_carea' id='block_1_61' title="bbox 2000 2994 3670 3070">
    <p class='ocr_par' dir='ltr' id='par_1_61' title="bbox 2000 2994 3670 3070">
     <span class='ocr_line' id='line_1_61' title="bbox 2000 2994 3670 3070; baseline -0.001 -15"><span class='ocrx_word' id='word_1_481' title='bbox 2000 3003 2119 3056; x_wconf 87' lang='lat' dir='ltr'><strong>tate</strong></span> <span class='ocrx_word' id='word_1_482' title='bbox 2148 2999 2477 3060; x_wconf 86' lang='lat' dir='ltr'><strong>decertant,</strong></span> <span class='ocrx_word' id='word_1_483' title='bbox 2511 3000 2857 3070; x_wconf 82' lang='lat' dir='ltr'><strong>exspectare</strong></span> <span class='ocrx_word' id='word_1_484' title='bbox 2882 2994 3124 3067; x_wconf 90' lang='lat' dir='ltr'><strong>debere,</strong></span> <span class='ocrx_word' id='word_1_485' title='bbox 3158 3001 3308 3051; x_wconf 89' lang='lat' dir='ltr'><strong>dum</strong></span> <span class='ocrx_word' id='word_1_486' title='bbox 3337 2996 3526 3053; x_wconf 91' lang='lat' dir='ltr'><strong>duces</strong></span> <span class='ocrx_word' id='word_1_487' title='bbox 3551 2998 3670 3054; x_wconf 90' lang='lat' dir='ltr'><strong>sint</strong></span> 
     </span>
    </p>
   </div>
   <div class='ocr_carea' id='block_1_62' title="bbox 2000 3084 3669 3159">
    <p class='ocr_par' dir='ltr' id='par_1_62' title="bbox 2000 3084 3669 3159">
     <span class='ocr_line' id='line_1_62' title="bbox 2000 3084 3669 3159; baseline -0.001 -14"><span class='ocrx_word' id='word_1_488' title='bbox 2000 3091 2059 3145; x_wconf 89' lang='lat' dir='ltr'><strong>et</strong></span> <span class='ocrx_word' id='word_1_489' title='bbox 2087 3092 2366 3145; x_wconf 85' lang='lat' dir='ltr'><strong>auctores</strong></span> <span class='ocrx_word' id='word_1_490' title='bbox 2394 3086 2578 3157; x_wconf 87' lang='lat' dir='ltr'><strong>hujus</strong></span> <span class='ocrx_word' id='word_1_491' title='bbox 2621 3084 3065 3158; x_wconf 84' lang='lat' dir='ltr'><strong>conjunctionis</strong></span> <span class='ocrx_word' id='word_1_492' title='bbox 3104 3101 3176 3142; x_wconf 92' lang='lat' dir='ltr'><strong>ac</strong></span> <span class='ocrx_word' id='word_1_493' title='bbox 3204 3085 3374 3156; x_wconf 87' lang='lat' dir='ltr'><strong>pacis</strong></span> <span class='ocrx_word' id='word_1_494' title='bbox 3401 3086 3669 3159; x_wconf 60' lang='lat' dir='ltr'><strong>praefecti</strong></span> 
     </span>
    </p>
   </div>
   <div class='ocr_carea' id='block_1_63' title="bbox 274 3154 1887 3257">
    <p class='ocr_par' dir='ltr' id='par_1_63' title="bbox 274 3180 1887 3257">
     <span class='ocr_line' id='line_1_63' title="bbox 274 3180 1887 3257; baseline -0.002 -22"><span class='ocrx_word' id='word_1_495' title='bbox 274 3186 700 3256; x_wconf 81' lang='grc' dir='ltr'>καθηγήσασθαι</span> <span class='ocrx_word' id='word_1_496' title='bbox 727 3193 821 3244; x_wconf 83' lang='grc' dir='ltr'>τῆν</span> <span class='ocrx_word' id='word_1_497' title='bbox 874 3189 1154 3257; x_wconf 78' lang='grc' dir='ltr'>συναφείας</span> <span class='ocrx_word' id='word_1_498' title='bbox 1192 3186 1390 3245; x_wconf 74' lang='grc' dir='ltr'>ταύτης</span> <span class='ocrx_word' id='word_1_499' title='bbox 1420 3187 1512 3236; x_wconf 79' lang='grc' dir='ltr'>καὶ</span> <span class='ocrx_word' id='word_1_500' title='bbox 1557 3189 1653 3244; x_wconf 84' lang='grc' dir='ltr'>τῆς</span> <span class='ocrx_word' id='word_1_501' title='bbox 1683 3180 1887 3255; x_wconf 81' lang='grc' dir='ltr'>εἰρήνης</span> 
     </span>
    </p>
   </div>
   <div class='ocr_carea' id='block_1_64' title="bbox 2001 3154 3667 3257">
    <p class='ocr_par' dir='ltr' id='par_1_64' title="bbox 2001 3154 3667 3249">
     <span class='ocr_line' id='line_1_64' title="bbox 2001 3154 3667 3249; baseline -0.002 -14"><span class='ocrx_word' id='word_1_502' title='bbox 2001 3178 2428 3244; x_wconf 87' lang='lat' dir='ltr'><strong>Ecclesiarum,</strong></span> <span class='ocrx_word' id='word_1_503' title='bbox 2460 3154 2616 3249; x_wconf 82' lang='lat' dir='ltr'><strong>quos</strong></span> <span class='ocrx_word' id='word_1_504' title='bbox 2642 3154 2756 3246; x_wconf 82' lang='lat' dir='ltr'><strong>ego</strong></span> <span class='ocrx_word' id='word_1_505' title='bbox 2778 3174 3095 3231; x_wconf 88' lang='lat' dir='ltr'><strong>columnas</strong></span> <span class='ocrx_word' id='word_1_506' title='bbox 3119 3189 3190 3231; x_wconf 90' lang='lat' dir='ltr'><strong>ac</strong></span> <span class='ocrx_word' id='word_1_507' title='bbox 3206 3154 3667 3232; x_wconf 62' lang='lat' dir='ltr'><strong>ﬁrmamentum</strong></span> 
     </span>
    </p>
   </div>
   <div class='ocr_carea' id='block_1_65' title="bbox 270 3270 1889 3348">
    <p class='ocr_par' dir='ltr' id='par_1_65' title="bbox 270 3270 1889 3348">
     <span class='ocr_line' id='line_1_65' title="bbox 270 3270 1889 3348; baseline -0.003 -22"><span class='ocrx_word' id='word_1_508' title='bbox 270 3277 403 3334; x_wconf 83' lang='grc' dir='ltr'>τοὺς</span> <span class='ocrx_word' id='word_1_509' title='bbox 447 3276 747 3348; x_wconf 87' lang='grc' dir='ltr'>προστάτας</span> <span class='ocrx_word' id='word_1_510' title='bbox 776 3283 875 3329; x_wconf 85' lang='grc' dir='ltr'>τῶν</span> <span class='ocrx_word' id='word_1_511' title='bbox 914 3274 1259 3342; x_wconf 84' lang='grc' dir='ltr'>Ἐκκλησιῶν,</span> <span class='ocrx_word' id='word_1_512' title='bbox 1290 3272 1381 3333; x_wconf 68' lang='grc' dir='ltr'>οὓς</span> <span class='ocrx_word' id='word_1_513' title='bbox 1408 3270 1509 3343; x_wconf 76' lang='grc' dir='ltr'><strong>ἐγὼ</strong></span> <span class='ocrx_word' id='word_1_514' title='bbox 1540 3270 1757 3330; x_wconf 82' lang='grc' dir='ltr'>στύλους</span> <span class='ocrx_word' id='word_1_515' title='bbox 1798 3274 1889 3322; x_wconf 81' lang='grc' dir='ltr'>καὶ</span> 
     </span>
    </p>
   </div>
   <div class='ocr_carea' id='block_1_66' title="bbox 273 3359 1890 3437">
    <p class='ocr_par' dir='ltr' id='par_1_66' title="bbox 273 3359 1890 3437">
     <span class='ocr_line' id='line_1_66' title="bbox 273 3359 1890 3437; baseline -0.004 -21"><span class='ocrx_word' id='word_1_516' title='bbox 273 3359 553 3437; x_wconf 69' lang='grc' dir='ltr'>ἑδραίωμα</span> <span class='ocrx_word' id='word_1_517' title='bbox 588 3372 681 3426; x_wconf 84' lang='grc' dir='ltr'>τῆς</span> <span class='ocrx_word' id='word_1_518' title='bbox 726 3363 969 3426; x_wconf 77' lang='grc' dir='ltr'>ἀληθείας</span> <span class='ocrx_word' id='word_1_519' title='bbox 1018 3369 1109 3418; x_wconf 82' lang='grc' dir='ltr'>καὶ</span> <span class='ocrx_word' id='word_1_520' title='bbox 1156 3371 1250 3424; x_wconf 84' lang='grc' dir='ltr'>τῆς</span> <span class='ocrx_word' id='word_1_521' title='bbox 1304 3361 1617 3422; x_wconf 78' lang='grc' dir='ltr'>Ἐκκλησίας</span> <span class='ocrx_word' id='word_1_522' title='bbox 1659 3362 1890 3431; x_wconf 87' lang='grc' dir='ltr'>τίθεμαι,</span> 
     </span>
    </p>
   </div>
   <div class='ocr_carea' id='block_1_67' title="bbox 270 3447 1890 3524">
    <p class='ocr_par' dir='ltr' id='par_1_67' title="bbox 270 3447 1890 3524">
     <span class='ocr_line' id='line_1_67' title="bbox 270 3447 1890 3524; baseline -0.002 -21"><span class='ocrx_word' id='word_1_523' title='bbox 270 3457 368 3505; x_wconf 84' lang='grc' dir='ltr'>καὶ</span> <span class='ocrx_word' id='word_1_524' title='bbox 398 3455 633 3524; x_wconf 77' lang='grc' dir='ltr'>τοσούτῳ</span> <span class='ocrx_word' id='word_1_525' title='bbox 663 3452 813 3506; x_wconf 79' lang='grc' dir='ltr'>πλέον</span> <span class='ocrx_word' id='word_1_526' title='bbox 858 3452 1048 3515; x_wconf 68' lang='grc' dir='ltr'>αὐτοὺς</span> <span class='ocrx_word' id='word_1_527' title='bbox 1078 3448 1356 3523; x_wconf 68' lang='grc' dir='ltr'>αἰδοῦμαι,</span> <span class='ocrx_word' id='word_1_528' title='bbox 1389 3452 1497 3519; x_wconf 84' lang='grc' dir='ltr'><strong>ὅσῳ</strong></span> <span class='ocrx_word' id='word_1_529' title='bbox 1546 3447 1605 3500; x_wconf 79' lang='grc' dir='ltr'><strong>ἀν</strong></span> <span class='ocrx_word' id='word_1_530' title='bbox 1638 3452 1890 3522; x_wconf 87' lang='grc' dir='ltr'>μακρότε-</span> 
     </span>
    </p>
   </div>
   <div class='ocr_carea' id='block_1_68' title="bbox 267 3538 1886 3616">
    <p class='ocr_par' dir='ltr' id='par_1_68' title="bbox 267 3538 1886 3616">
     <span class='ocr_line' id='line_1_68' title="bbox 267 3538 1886 3616; baseline -0.004 -22"><span class='ocrx_word' id='word_1_531' title='bbox 267 3561 366 3616; x_wconf 86' lang='grc' dir='ltr'><strong>ρον</strong></span> <span class='ocrx_word' id='word_1_532' title='bbox 406 3541 794 3607; x_wconf 76' lang='grc' dir='ltr'>ἐξοικισθὼσιν,</span> <span class='ocrx_word' id='word_1_533' title='bbox 853 3542 969 3595; x_wconf 81' lang='grc' dir='ltr'>ἀντὶ</span> <span class='ocrx_word' id='word_1_534' title='bbox 1022 3546 1279 3614; x_wconf 86' lang='grc' dir='ltr'>τιμωρίας</span> <span class='ocrx_word' id='word_1_535' title='bbox 1332 3540 1515 3600; x_wconf 70' lang='grc' dir='ltr'>αὐτοῖς</span> <span class='ocrx_word' id='word_1_536' title='bbox 1568 3538 1886 3609; x_wconf 81' lang='grc' dir='ltr'>ἐπαγομένου</span> 
     </span>
    </p>
   </div>
   <div class='ocr_carea' id='block_1_69' title="bbox 265 3628 1886 3707">
    <p class='ocr_par' dir='ltr' id='par_1_69' title="bbox 265 3628 1886 3707">
     <span class='ocr_line' id='line_1_69' title="bbox 265 3628 1886 3707; baseline -0.004 -25"><span class='ocrx_word' id='word_1_537' title='bbox 265 3638 369 3683; x_wconf 83' lang='grc' dir='ltr'>τοῦ</span> <span class='ocrx_word' id='word_1_538' title='bbox 399 3639 711 3707; x_wconf 76' lang='grc' dir='ltr'>χωρισμοῦ.</span> <span class='ocrx_word' id='word_1_539' title='bbox 754 3631 1046 3705; x_wconf 79' lang='grc' dir='ltr'>Παρακαλῶ</span> <span class='ocrx_word' id='word_1_540' title='bbox 1088 3632 1196 3693; x_wconf 77' lang='grc' dir='ltr'>οὖν,</span> <span class='ocrx_word' id='word_1_541' title='bbox 1234 3629 1455 3702; x_wconf 78' lang='grc' dir='ltr'>φύλαξον</span> <span class='ocrx_word' id='word_1_542' title='bbox 1500 3630 1624 3699; x_wconf 73' lang='grc' dir='ltr'>ἡμῖν</span> <span class='ocrx_word' id='word_1_543' title='bbox 1674 3628 1886 3679; x_wconf 85' lang='grc' dir='ltr'>σεαυτὸν</span> 
     </span>
    </p>
   </div>
   <div class='ocr_carea' id='block_1_70' title="bbox 266 3718 1881 3795">
    <p class='ocr_par' dir='ltr' id='par_1_70' title="bbox 266 3718 1881 3795">
     <span class='ocr_line' id='line_1_70' title="bbox 266 3718 1881 3795; baseline -0.003 -21"><span class='ocrx_word' id='word_1_544' title='bbox 266 3721 611 3795; x_wconf 79' lang='grc' dir='ltr'>ἀπρόληπτον</span> <span class='ocrx_word' id='word_1_545' title='bbox 643 3723 780 3794; x_wconf 83' lang='grc'>(93),</span> <span class='ocrx_word' id='word_1_546' title='bbox 819 3724 883 3775; x_wconf 82' lang='grc' dir='ltr'><strong>ἵν’</strong></span> <span class='ocrx_word' id='word_1_547' title='bbox 924 3725 1124 3795; x_wconf 74' lang='grc' dir='ltr'>ἔχωμεν</span> <span class='ocrx_word' id='word_1_548' title='bbox 1158 3741 1243 3775; x_wconf 90' lang='grc' dir='ltr'><strong>σοι</strong></span> <span class='ocrx_word' id='word_1_549' title='bbox 1272 3728 1398 3792; x_wconf 82' lang='grc' dir='ltr'>γοῦν</span> <span class='ocrx_word' id='word_1_550' title='bbox 1439 3718 1881 3787; x_wconf 77' lang='grc' dir='ltr'>ἐπαναπαύεσθαι,</span> 
     </span>
    </p>
   </div>
   <div class='ocr_carea' id='block_1_71' title="bbox 1998 3263 3726 3337">
    <p class='ocr_par' dir='ltr' id='par_1_71' title="bbox 1998 3263 3726 3337">
     <span class='ocr_line' id='line_1_71' title="bbox 1998 3263 3726 3337; baseline -0.003 -13"><span class='ocrx_word' id='word_1_551' title='bbox 1998 3268 2267 3324; x_wconf 87' lang='lat' dir='ltr'><strong>veritatis</strong></span> <span class='ocrx_word' id='word_1_552' title='bbox 2297 3271 2353 3323; x_wconf 91' lang='lat' dir='ltr'><strong>et</strong></span> <span class='ocrx_word' id='word_1_553' title='bbox 2384 3264 2660 3321; x_wconf 73' lang='lat' dir='ltr'><strong>Ecclesite</strong></span> <span class='ocrx_word' id='word_1_554' title='bbox 2690 3280 2824 3321; x_wconf 92' lang='lat' dir='ltr'><strong>esse</strong></span> <span class='ocrx_word' id='word_1_555' title='bbox 2854 3278 3040 3337; x_wconf 87' lang='lat' dir='ltr'><strong>pono,</strong></span> <span class='ocrx_word' id='word_1_556' title='bbox 3090 3267 3148 3319; x_wconf 91' lang='lat' dir='ltr'><strong>et</strong></span> <span class='ocrx_word' id='word_1_557' title='bbox 3178 3279 3247 3319; x_wconf 91' lang='lat' dir='ltr'><strong>eo</strong></span> <span class='ocrx_word' id='word_1_558' title='bbox 3276 3263 3475 3335; x_wconf 89' lang='lat' dir='ltr'><strong>magis</strong></span> <span class='ocrx_word' id='word_1_559' title='bbox 3502 3280 3671 3322; x_wconf 90' lang='lat' dir='ltr'><strong>reve-</strong></span> <span class='ocrx_word' id='word_1_560' title='bbox 3721 3306 3726 3319; x_wconf 86' lang='lat'><strong>.</strong></span> 
     </span>
    </p>
   </div>
   <div class='ocr_carea' id='block_1_72' title="bbox 1998 3352 3667 3430">
    <p class='ocr_par' dir='ltr' id='par_1_72' title="bbox 1998 3352 3667 3430">
     <span class='ocr_line' id='line_1_72' title="bbox 1998 3352 3667 3430; baseline -0.001 -16"><span class='ocrx_word' id='word_1_561' title='bbox 1998 3373 2294 3430; x_wconf 82' lang='lat' dir='ltr'><strong>reor,quo</strong></span> <span class='ocrx_word' id='word_1_562' title='bbox 2314 3356 2560 3427; x_wconf 86' lang='lat' dir='ltr'><strong>longius</strong></span> <span class='ocrx_word' id='word_1_563' title='bbox 2583 3354 2850 3424; x_wconf 76' lang='lat' dir='ltr'><strong>ablegati</strong></span> <span class='ocrx_word' id='word_1_564' title='bbox 2876 3358 3039 3421; x_wconf 90' lang='lat' dir='ltr'><strong>sunt,</strong></span> <span class='ocrx_word' id='word_1_565' title='bbox 3063 3352 3291 3410; x_wconf 88' lang='lat' dir='ltr'><strong>inﬂicto</strong></span> <span class='ocrx_word' id='word_1_566' title='bbox 3315 3352 3430 3409; x_wconf 90' lang='lat' dir='ltr'><strong>illis</strong></span> <span class='ocrx_word' id='word_1_567' title='bbox 3458 3353 3667 3412; x_wconf 82' lang='lat' dir='ltr'><strong>exsilio</strong></span> 
     </span>
    </p>
   </div>
   <div class='ocr_carea' id='block_1_73' title="bbox 1997 3440 3668 3519">
    <p class='ocr_par' dir='ltr' id='par_1_73' title="bbox 1997 3440 3668 3519">
     <span class='ocr_line' id='line_1_73' title="bbox 1997 3440 3668 3519; baseline -0.002 -17"><span class='ocrx_word' id='word_1_568' title='bbox 1997 3446 2062 3502; x_wconf 89' lang='lat' dir='ltr'><strong>in</strong></span> <span class='ocrx_word' id='word_1_569' title='bbox 2086 3461 2281 3519; x_wconf 62' lang='lat' dir='ltr'><strong>paenae</strong></span> <span class='ocrx_word' id='word_1_570' title='bbox 2312 3445 2467 3501; x_wconf 92' lang='lat' dir='ltr'><strong>loco.</strong></span> <span class='ocrx_word' id='word_1_571' title='bbox 2490 3447 2655 3514; x_wconf 84' lang='lat' dir='ltr'><strong>Rogo</strong></span> <span class='ocrx_word' id='word_1_572' title='bbox 2684 3443 2909 3515; x_wconf 89' lang='lat' dir='ltr'><strong>itaque,</strong></span> <span class='ocrx_word' id='word_1_573' title='bbox 2944 3446 3198 3499; x_wconf 87' lang='lat' dir='ltr'><strong>servate</strong></span> <span class='ocrx_word' id='word_1_574' title='bbox 3214 3440 3391 3498; x_wconf 89' lang='lat' dir='ltr'><strong>nobis</strong></span> <span class='ocrx_word' id='word_1_575' title='bbox 3412 3440 3491 3497; x_wconf 87' lang='lat' dir='ltr'><strong>ab</strong></span> <span class='ocrx_word' id='word_1_576' title='bbox 3514 3442 3668 3498; x_wconf 85' lang='lat' dir='ltr'><strong>anti-</strong></span> 
     </span>
    </p>
   </div>
   <div class='ocr_carea' id='block_1_74' title="bbox 1997 3530 3669 3608">
    <p class='ocr_par' dir='ltr' id='par_1_74' title="bbox 1997 3530 3669 3608">
     <span class='ocr_line' id='line_1_74' title="bbox 1997 3530 3669 3608; baseline -0.002 -16"><span class='ocrx_word' id='word_1_577' title='bbox 1997 3535 2199 3608; x_wconf 89' lang='lat' dir='ltr'><strong>cipata</strong></span> <span class='ocrx_word' id='word_1_578' title='bbox 2222 3534 2511 3606; x_wconf 88' lang='lat' dir='ltr'><strong>opinione</strong></span> <span class='ocrx_word' id='word_1_579' title='bbox 2531 3532 2812 3597; x_wconf 88' lang='lat' dir='ltr'><strong>liberum,</strong></span> <span class='ocrx_word' id='word_1_580' title='bbox 2830 3530 2968 3587; x_wconf 85' lang='lat' dir='ltr'><strong>utin</strong></span> <span class='ocrx_word' id='word_1_581' title='bbox 2984 3534 3041 3587; x_wconf 87' lang='lat' dir='ltr'><strong>te</strong></span> <span class='ocrx_word' id='word_1_582' title='bbox 3064 3530 3448 3603; x_wconf 87' lang='lat' dir='ltr'><strong>acquiescere</strong></span> <span class='ocrx_word' id='word_1_583' title='bbox 3469 3530 3669 3589; x_wconf 86' lang='lat' dir='ltr'><strong>valea-</strong></span> 
     </span>
    </p>
   </div>
   <div class='ocr_carea' id='block_1_75' title="bbox 1995 3618 3666 3698">
    <p class='ocr_par' dir='ltr' id='par_1_75' title="bbox 1995 3618 3666 3698">
     <span class='ocr_line' id='line_1_75' title="bbox 1995 3618 3666 3698; baseline -0.002 -16"><span class='ocrx_word' id='word_1_584' title='bbox 1995 3642 2157 3693; x_wconf 90' lang='lat' dir='ltr'><strong>mus,</strong></span> <span class='ocrx_word' id='word_1_585' title='bbox 2182 3640 2368 3698; x_wconf 89' lang='lat' dir='ltr'><strong>quem</strong></span> <span class='ocrx_word' id='word_1_586' title='bbox 2396 3624 2460 3680; x_wconf 92' lang='lat' dir='ltr'><strong>in</strong></span> <span class='ocrx_word' id='word_1_587' title='bbox 2489 3622 2775 3680; x_wconf 88' lang='lat' dir='ltr'><strong>omnibus</strong></span> <span class='ocrx_word' id='word_1_588' title='bbox 2805 3620 3093 3680; x_wconf 87' lang='lat' dir='ltr'><strong>baculum</strong></span> <span class='ocrx_word' id='word_1_589' title='bbox 3121 3620 3301 3678; x_wconf 90' lang='lat' dir='ltr'><strong>nobis</strong></span> <span class='ocrx_word' id='word_1_590' title='bbox 3331 3623 3390 3678; x_wconf 86' lang='lat' dir='ltr'><strong>et</strong></span> <span class='ocrx_word' id='word_1_591' title='bbox 3408 3618 3666 3678; x_wconf 87' lang='lat' dir='ltr'><strong>fulcrum</strong></span> 
     </span>
    </p>
   </div>
   <div class='ocr_carea' id='block_1_76' title="bbox 1995 3713 2566 3785">
    <p class='ocr_par' dir='ltr' id='par_1_76' title="bbox 1995 3713 2566 3785">
     <span class='ocr_line' id='line_1_76' title="bbox 1995 3713 2566 3785; baseline -0.005 -15"><span class='ocrx_word' id='word_1_592' title='bbox 1995 3717 2151 3770; x_wconf 92' lang='lat' dir='ltr'><strong>Deus</strong></span> <span class='ocrx_word' id='word_1_593' title='bbox 2173 3713 2427 3785; x_wconf 87' lang='lat' dir='ltr'><strong>largitus</strong></span> <span class='ocrx_word' id='word_1_594' title='bbox 2458 3717 2566 3769; x_wconf 91' lang='lat' dir='ltr'><strong>est.</strong></span> 
     </span>
    </p>
   </div>
   <div class='ocr_carea' id='block_1_77' title="bbox 263 3806 2052 3887">
    <p class='ocr_par' dir='ltr' id='par_1_77' title="bbox 263 3806 2052 3887">
     <span class='ocr_line' id='line_1_77' title="bbox 263 3806 2052 3887; baseline -0.002 -24"><span class='ocrx_word' id='word_1_595' title='bbox 263 3812 326 3863; x_wconf 84' lang='grc' dir='ltr'>ὃν</span> <span class='ocrx_word' id='word_1_596' title='bbox 375 3810 428 3863; x_wconf 82' lang='grc' dir='ltr'>ἐν</span> <span class='ocrx_word' id='word_1_597' title='bbox 458 3818 593 3865; x_wconf 83' lang='grc' dir='ltr'>πᾶσι</span> <span class='ocrx_word' id='word_1_598' title='bbox 623 3810 919 3887; x_wconf 76' lang='grc' dir='ltr'>βακτηρίαν</span> <span class='ocrx_word' id='word_1_599' title='bbox 948 3814 1074 3884; x_wconf 75' lang='grc' dir='ltr'>ἡμῖν</span> <span class='ocrx_word' id='word_1_600' title='bbox 1114 3816 1203 3864; x_wconf 81' lang='grc' dir='ltr'>καὶ</span> <span class='ocrx_word' id='word_1_601' title='bbox 1242 3814 1461 3885; x_wconf 79' lang='grc' dir='ltr'>ἔρεισμα</span> <span class='ocrx_word' id='word_1_602' title='bbox 1512 3807 1537 3861; x_wconf 89' lang='grc' dir='ltr'><strong>ό</strong></span> <span class='ocrx_word' id='word_1_603' title='bbox 1578 3810 1705 3867; x_wconf 85' lang='grc' dir='ltr'>Θεὸς</span> <span class='ocrx_word' id='word_1_604' title='bbox 1735 3806 2052 3879; x_wconf 76' lang='grc' dir='ltr'>ἐχαρίσατο.</span> 
     </span>
    </p>
   </div>
   <div class='ocr_carea' id='block_1_78' title="bbox 814 3915 1341 3972">
    <p class='ocr_par' dir='ltr' id='par_1_78' title="bbox 814 3915 1341 3972">
     <span class='ocr_line' id='line_1_78' title="bbox 814 3915 1341 3972; baseline 0.002 -1"><span class='ocrx_word' id='word_1_605' title='bbox 814 3924 1150 3972; x_wconf 78' lang='grc' dir='ltr'><strong>ΕΙΗΣΤΟΛΗ</strong></span> <span class='ocrx_word' id='word_1_606' title='bbox 1209 3915 1341 3972; x_wconf 70' lang='grc' dir='ltr'><strong>ΣΙΕ.</strong></span> 
     </span>
    </p>
   </div>
   <div class='ocr_carea' id='block_1_79' title="bbox 2525 3909 3114 3965">
    <p class='ocr_par' dir='ltr' id='par_1_79' title="bbox 2525 3909 3114 3965">
     <span class='ocr_line' id='line_1_79' title="bbox 2525 3909 3114 3965; baseline 0 -2"><span class='ocrx_word' id='word_1_607' title='bbox 2525 3909 2866 3965; x_wconf 78' lang='lat' dir='ltr'><strong>EPISTULA</strong></span> <span class='ocrx_word' id='word_1_608' title='bbox 2910 3909 3114 3965; x_wconf 83' lang='lat' dir='ltr'><strong>CCXV.</strong></span> 
     </span>
    </p>
   </div>
   <div class='ocr_carea' id='block_1_80' title="bbox 262 3996 3662 4074">
    <p class='ocr_par' dir='ltr' id='par_1_80' title="bbox 262 3996 3662 4074">
     <span class='ocr_line' id='line_1_80' title="bbox 262 3996 3662 4074; baseline -0.004 -10"><span class='ocrx_word' id='word_1_609' title='bbox 262 4008 536 4064; x_wconf 77' lang='lat' dir='ltr'><strong>Nuntiat</strong></span> <span class='ocrx_word' id='word_1_610' title='bbox 575 4009 842 4064; x_wconf 74' lang='lat' dir='ltr'><strong>Basilius</strong></span> <span class='ocrx_word' id='word_1_611' title='bbox 882 4023 943 4064; x_wconf 86' lang='lat' dir='ltr'><strong>se</strong></span> <span class='ocrx_word' id='word_1_612' title='bbox 985 4007 1256 4063; x_wconf 71' lang='lat' dir='ltr'><strong>Terentio</strong></span> <span class='ocrx_word' id='word_1_613' title='bbox 1300 4005 1579 4074; x_wconf 75' lang='lat' dir='ltr'><strong>protinus</strong></span> <span class='ocrx_word' id='word_1_614' title='bbox 1606 4002 1965 4074; x_wconf 82' lang='lat' dir='ltr'><strong>scripsisse:</strong></span> <span class='ocrx_word' id='word_1_615' title='bbox 2006 3997 2368 4074; x_wconf 81' lang='lat' dir='ltr'><strong>dehortatur</strong></span> <span class='ocrx_word' id='word_1_616' title='bbox 2398 3996 2765 4074; x_wconf 68' lang='lat' dir='ltr'><strong>Daret/zeum</strong></span> <span class='ocrx_word' id='word_1_617' title='bbox 2810 3997 2887 4053; x_wconf 84' lang='lat' dir='ltr'><strong>ab</strong></span> <span class='ocrx_word' id='word_1_618' title='bbox 2916 3997 3157 4074; x_wconf 79' lang='lat' dir='ltr'><strong>_itinere_</strong></span> <span class='ocrx_word' id='word_1_619' title='bbox 3183 3997 3435 4057; x_wconf 81' lang='lat' dir='ltr'><strong>Romam</strong></span> <span class='ocrx_word' id='word_1_620' title='bbox 3464 3998 3662 4074; x_wconf 64' lang='lat' dir='ltr'><strong>susci-</strong></span> 
     </span>
    </p>
   </div>
   <div class='ocr_carea' id='block_1_81' title="bbox 338 4069 3663 4148">
    <p class='ocr_par' dir='ltr' id='par_1_81' title="bbox 338 4069 3663 4148">
     <span class='ocr_line' id='line_1_81' title="bbox 338 4069 3663 4148; baseline -0.003 -14"><span class='ocrx_word' id='word_1_621' title='bbox 338 4079 564 4148; x_wconf 77' lang='lat' dir='ltr'><strong>piendo</strong></span> <span class='ocrx_word' id='word_1_622' title='bbox 593 4081 713 4135; x_wconf 80' lang='lat' dir='ltr'><strong>nisi</strong></span> <span class='ocrx_word' id='word_1_623' title='bbox 735 4081 896 4136; x_wconf 76' lang='lat' dir='ltr'><strong>mari</strong></span> <span class='ocrx_word' id='word_1_624' title='bbox 924 4085 1175 4135; x_wconf 78' lang='lat' dir='ltr'><strong>utatur:</strong></span> <span class='ocrx_word' id='word_1_625' title='bbox 1204 4069 1441 4133; x_wconf 75' lang='lat' dir='ltr'><strong>dubitat</strong></span> <span class='ocrx_word' id='word_1_626' title='bbox 1471 4089 1554 4131; x_wconf 83' lang='lat' dir='ltr'><strong>an</strong></span> <span class='ocrx_word' id='word_1_627' title='bbox 1572 4069 1769 4143; x_wconf 78' lang='lat' dir='ltr'><strong>frater</strong></span> <span class='ocrx_word' id='word_1_628' title='bbox 1795 4073 2121 4141; x_wconf 71' lang='lat' dir='ltr'><strong>Gregorius</strong></span> <span class='ocrx_word' id='word_1_629' title='bbox 2152 4070 2449 4140; x_wconf 81' lang='lat' dir='ltr'><strong>ejusmodi</strong></span> <span class='ocrx_word' id='word_1_630' title='bbox 2474 4070 2835 4141; x_wconf 81' lang='lat' dir='ltr'><strong>legationem</strong></span> <span class='ocrx_word' id='word_1_631' title='bbox 2869 4070 3031 4126; x_wconf 75' lang='lat' dir='ltr'><strong>obire</strong></span> <span class='ocrx_word' id='word_1_632' title='bbox 3060 4070 3227 4141; x_wconf 70' lang='lat' dir='ltr'><strong>vetat,</strong></span> <span class='ocrx_word' id='word_1_633' title='bbox 3261 4074 3367 4125; x_wconf 84' lang='lat' dir='ltr'><strong>aut</strong></span> <span class='ocrx_word' id='word_1_634' title='bbox 3396 4069 3477 4126; x_wconf 84' lang='lat' dir='ltr'><strong>ad</strong></span> <span class='ocrx_word' id='word_1_635' title='bbox 3499 4070 3663 4125; x_wconf 77' lang='lat' dir='ltr'><strong>utili-</strong></span> 
     </span>
    </p>
   </div>
   <div class='ocr_carea' id='block_1_82' title="bbox 346 4151 1203 4209">
    <p class='ocr_par' dir='ltr' id='par_1_82' title="bbox 346 4151 1203 4209">
     <span class='ocr_line' id='line_1_82' title="bbox 346 4151 1203 4209; baseline 0.001 -3"><span class='ocrx_word' id='word_1_636' title='bbox 346 4157 441 4207; x_wconf 77' lang='lat' dir='ltr'><strong>ter</strong></span> <span class='ocrx_word' id='word_1_637' title='bbox 463 4153 798 4208; x_wconf 84' lang='lat' dir='ltr'><strong>obeunaam</strong></span> <span class='ocrx_word' id='word_1_638' title='bbox 826 4151 1074 4209; x_wconf 79' lang='lat' dir='ltr'><strong>idoneus</strong></span> <span class='ocrx_word' id='word_1_639' title='bbox 1106 4151 1203 4207; x_wconf 79' lang='lat' dir='ltr'><strong>sit.</strong></span> 
     </span>
    </p>
   </div>
   <div class='ocr_carea' id='block_1_83' title="bbox 762 4253 1399 4330">
    <p class='ocr_par' dir='ltr' id='par_1_83' title="bbox 762 4253 1399 4330">
     <span class='ocr_line' id='line_1_83' title="bbox 762 4253 1399 4330; baseline 0.002 -21"><span class='ocrx_word' id='word_1_640' title='bbox 762 4257 1011 4330; x_wconf 82' lang='grc' dir='ltr'>Δωροθέῳ</span> <span class='ocrx_word' id='word_1_641' title='bbox 1037 4253 1399 4329; x_wconf 76' lang='grc' dir='ltr'>πρεσϐυτέρῳ.</span> 
     </span>
    </p>
   </div>
   <div class='ocr_carea' id='block_1_84' title="bbox 345 4359 1880 4436">
    <p class='ocr_par' dir='ltr' id='par_1_84' title="bbox 345 4359 1880 4436">
     <span class='ocr_line' id='line_1_84' title="bbox 345 4359 1880 4436; baseline -0.005 -19"><span class='ocrx_word' id='word_1_642' title='bbox 345 4364 509 4425; x_wconf 72' lang='grc' dir='ltr'>Εὐθὺς</span> <span class='ocrx_word' id='word_1_643' title='bbox 569 4362 838 4435; x_wconf 72' lang='grc' dir='ltr'>ἐπιτυχών</span> <span class='ocrx_word' id='word_1_644' title='bbox 895 4363 1155 4436; x_wconf 76' lang='grc' dir='ltr'>ἀφορμῆς,</span> <span class='ocrx_word' id='word_1_645' title='bbox 1214 4359 1488 4414; x_wconf 74' lang='grc' dir='ltr'>ὶπέστείλα</span> <span class='ocrx_word' id='word_1_646' title='bbox 1553 4365 1626 4430; x_wconf 82' lang='grc' dir='ltr'>τῷ</span> <span class='ocrx_word' id='word_1_647' title='bbox 1678 4360 1880 4429; x_wconf 88' lang='grc' dir='ltr'>θαυμα-</span> 
     </span>
    </p>
   </div>
   <div class='ocr_carea' id='block_1_85' title="bbox 272 4448 1881 4527">
    <p class='ocr_par' dir='ltr' id='par_1_85' title="bbox 272 4448 1881 4527">
     <span class='ocr_line' id='line_1_85' title="bbox 272 4448 1881 4527; baseline -0.005 -20"><span class='ocrx_word' id='word_1_648' title='bbox 272 4456 515 4525; x_wconf 70' lang='grc' dir='ltr'>σιωτάτῳ</span> <span class='ocrx_word' id='word_1_649' title='bbox 584 4450 741 4526; x_wconf 67' lang='grc' dir='ltr'>ἀνδρὶ</span> <span class='ocrx_word' id='word_1_650' title='bbox 810 4458 1057 4527; x_wconf 82' lang='grc' dir='ltr'>Τερεντίῳ</span> <span class='ocrx_word' id='word_1_651' title='bbox 1119 4460 1192 4521; x_wconf 82' lang='grc' dir='ltr'>τῷ</span> <span class='ocrx_word' id='word_1_652' title='bbox 1257 4454 1469 4522; x_wconf 83' lang='grc' dir='ltr'>κόμητι·</span> <span class='ocrx_word' id='word_1_653' title='bbox 1539 4448 1881 4520; x_wconf 70' lang='grc' dir='ltr'>λογισάμενος</span> 
     </span>
    </p>
   </div>
   <div class='ocr_carea' id='block_1_86' title="bbox 270 4538 1880 4619">
    <p class='ocr_par' dir='ltr' id='par_1_86' title="bbox 270 4538 1880 4619">
     <span class='ocr_line' id='line_1_86' title="bbox 270 4538 1880 4619; baseline -0.006 -24"><span class='ocrx_word' id='word_1_654' title='bbox 270 4541 685 4619; x_wconf 78' lang='grc' dir='ltr'>ἁνυποπτότερον</span> <span class='ocrx_word' id='word_1_655' title='bbox 726 4540 855 4596; x_wconf 86' lang='grc' dir='ltr'>εἶναι</span> <span class='ocrx_word' id='word_1_656' title='bbox 888 4546 946 4594; x_wconf 88' lang='grc' dir='ltr'><strong>τό</strong></span> <span class='ocrx_word' id='word_1_657' title='bbox 988 4538 1083 4593; x_wconf 75' lang='grc' dir='ltr'><strong>διὰ</strong></span> <span class='ocrx_word' id='word_1_658' title='bbox 1130 4541 1281 4603; x_wconf 80' lang='grc' dir='ltr'>ξένων</span> <span class='ocrx_word' id='word_1_659' title='bbox 1316 4540 1457 4609; x_wconf 69' lang='grc' dir='ltr'>αὐτῷ</span> <span class='ocrx_word' id='word_1_660' title='bbox 1503 4540 1718 4611; x_wconf 78' lang='grc' dir='ltr'>γράφειν</span> <span class='ocrx_word' id='word_1_661' title='bbox 1766 4540 1880 4609; x_wconf 86' lang='grc' dir='ltr'>περὶ</span> 
     </span>
    </p>
   </div>
   <div class='ocr_carea' id='block_1_87' title="bbox 898 4621 1878 4702">
    <p class='ocr_par' dir='ltr' id='par_1_87' title="bbox 898 4621 1878 4702">
     <span class='ocr_line' id='line_1_87' title="bbox 898 4621 1878 4702; baseline -0.008 -18"><span class='ocrx_word' id='word_1_662' title='bbox 898 4635 988 4684; x_wconf 82' lang='grc' dir='ltr'>καὶ</span> <span class='ocrx_word' id='word_1_663' title='bbox 1064 4631 1174 4702; x_wconf 71' lang='grc' dir='ltr'>ἅμα</span> <span class='ocrx_word' id='word_1_664' title='bbox 1250 4628 1556 4701; x_wconf 83' lang='grc' dir='ltr'>βουλόμενος</span> <span class='ocrx_word' id='word_1_665' title='bbox 1614 4621 1878 4697; x_wconf 73' lang='grc' dir='ltr'>μηδεμίαν</span> 
     </span>
    </p>
   </div>
   <div class='ocr_carea' id='block_1_88' title="bbox 267 4638 827 4708">
    <p class='ocr_par' dir='ltr' id='par_1_88' title="bbox 267 4638 827 4708">
     <span class='ocr_line' id='line_1_88' title="bbox 267 4638 827 4708; baseline -0.004 -23"><span class='ocrx_word' id='word_1_666' title='bbox 267 4641 378 4685; x_wconf 81' lang='grc' dir='ltr'>τῶν</span> <span class='ocrx_word' id='word_1_667' title='bbox 440 4638 782 4708; x_wconf 82' lang='grc' dir='ltr'>προκειμένων</span> <span class='ocrx_word' id='word_1_668' title='bbox 813 4677 827 4704; x_wconf 79' lang='grc'><strong>,</strong></span> 
     </span>
    </p>
   </div>
   <div class='ocr_carea' id='block_1_89' title="bbox 249 4718 1876 4795">
    <p class='ocr_par' dir='ltr' id='par_1_89' title="bbox 249 4718 1876 4795">
     <span class='ocr_line' id='line_1_89' title="bbox 249 4718 1876 4795; baseline -0.017 -5"><span class='ocrx_word' id='word_1_669' title='bbox 249 4723 573 4793; x_wconf 70' lang='grc' dir='ltr'>’ἐγγενέσθαι</span> <span class='ocrx_word' id='word_1_670' title='bbox 615 4718 895 4795; x_wconf 67' lang='grc' dir='ltr'>διατριϐὴν</span> <span class='ocrx_word' id='word_1_671' title='bbox 933 4728 1007 4792; x_wconf 82' lang='grc' dir='ltr'>τῷ</span> <span class='ocrx_word' id='word_1_672' title='bbox 1054 4721 1328 4794; x_wconf 82' lang='grc' dir='ltr'>πράγματι</span> <span class='ocrx_word' id='word_1_673' title='bbox 1375 4720 1461 4768; x_wconf 84' lang='grc' dir='ltr'>τὸν</span> <span class='ocrx_word' id='word_1_674' title='bbox 1513 4718 1876 4767; x_wconf 85' lang='grc' dir='ltr'>ποθεινότατον</span> 
     </span>
    </p>
   </div>
   <div class='ocr_carea' id='block_1_90' title="bbox 261 4803 1875 4884">
    <p class='ocr_par' dir='ltr' id='par_1_90' title="bbox 261 4803 1875 4884">
     <span class='ocr_line' id='line_1_90' title="bbox 261 4803 1875 4884; baseline -0.007 -17"><span class='ocrx_word' id='word_1_675' title='bbox 261 4807 496 4884; x_wconf 75' lang='grc' dir='ltr'>ἀδελφόν</span> <span class='ocrx_word' id='word_1_676' title='bbox 560 4812 826 4867; x_wconf 83' lang='grc' dir='ltr'>Ἀκάκιον.</span> <span class='ocrx_word' id='word_1_677' title='bbox 910 4818 994 4881; x_wconf 82' lang='grc' dir='ltr'><strong>Τῷ</strong></span> <span class='ocrx_word' id='word_1_678' title='bbox 1082 4805 1418 4881; x_wconf 69' lang='grc' dir='ltr'>διαψηφιστῇ</span> <span class='ocrx_word' id='word_1_679' title='bbox 1509 4813 1603 4868; x_wconf 81' lang='grc' dir='ltr'>τῆς</span> <span class='ocrx_word' id='word_1_680' title='bbox 1688 4803 1875 4866; x_wconf 79' lang='grc' dir='ltr'>τάξεως</span> 
     </span>
    </p>
   </div>
   <div class='ocr_carea' id='block_1_91' title="bbox 258 4890 1873 4975">
    <p class='ocr_par' dir='ltr' id='par_1_91' title="bbox 258 4890 1873 4975">
     <span class='ocr_line' id='line_1_91' title="bbox 258 4890 1873 4975; baseline -0.005 -21"><span class='ocrx_word' id='word_1_681' title='bbox 258 4912 372 4958; x_wconf 79' lang='grc' dir='ltr'>τῶν</span> <span class='ocrx_word' id='word_1_682' title='bbox 430 4904 678 4975; x_wconf 72' lang='grc' dir='ltr'>ἐπάρχων</span> <span class='ocrx_word' id='word_1_683' title='bbox 721 4898 895 4955; x_wconf 78' lang='grc' dir='ltr'>ἔδωκα</span> <span class='ocrx_word' id='word_1_684' title='bbox 930 4899 1020 4953; x_wconf 79' lang='grc' dir='ltr'>οὖν</span> <span class='ocrx_word' id='word_1_685' title='bbox 1059 4900 1171 4971; x_wconf 73' lang='grc'>(94)</span> <span class='ocrx_word' id='word_1_686' title='bbox 1224 4902 1317 4957; x_wconf 79' lang='grc' dir='ltr'>τὴν</span> <span class='ocrx_word' id='word_1_687' title='bbox 1372 4894 1651 4954; x_wconf 78' lang='grc' dir='ltr'>ἐπιστολὴν</span> <span class='ocrx_word' id='word_1_688' title='bbox 1709 4890 1873 4966; x_wconf 72' lang='grc' dir='ltr'>δημο-</span> 
     </span>
    </p>
   </div>
   <div class='ocr_carea' id='block_1_92' title="bbox 346 5070 1879 5152">
    <p class='ocr_par' dir='ltr' id='par_1_92' title="bbox 346 5070 1879 5152">
     <span class='ocr_line' id='line_1_92' title="bbox 346 5070 1879 5152; baseline -0.007 -15"><span class='ocrx_word' id='word_1_689' title='bbox 346 5080 461 5152; x_wconf 88' lang='grc'>(88)</span> <span class='ocrx_word' id='word_1_690' title='bbox 501 5079 698 5135; x_wconf 71' lang='grc' dir='ltr'>Τελεια.</span> <span class='ocrx_word' id='word_1_691' title='bbox 728 5080 902 5136; x_wconf 89' lang='lat' dir='ltr'><strong>Deest</strong></span> <span class='ocrx_word' id='word_1_692' title='bbox 938 5079 999 5134; x_wconf 84' lang='lat' dir='ltr'><strong>in</strong></span> <span class='ocrx_word' id='word_1_693' title='bbox 1046 5074 1357 5133; x_wconf 90' lang='lat' dir='ltr'><strong>codicibus</strong></span> <span class='ocrx_word' id='word_1_694' title='bbox 1398 5073 1580 5143; x_wconf 84' lang='lat' dir='ltr'><strong>Harl.,</strong></span> <span class='ocrx_word' id='word_1_695' title='bbox 1630 5070 1781 5128; x_wconf 90' lang='lat' dir='ltr'><strong>Med.</strong></span> <span class='ocrx_word' id='word_1_696' title='bbox 1821 5074 1879 5127; x_wconf 89' lang='lat' dir='ltr'><strong>et</strong></span> 
     </span>
    </p>
   </div>
   <div class='ocr_carea' id='block_1_93' title="bbox 264 5152 1672 5226">
    <p class='ocr_par' dir='ltr' id='par_1_93' title="bbox 264 5152 1672 5226">
     <span class='ocr_line' id='line_1_93' title="bbox 264 5152 1672 5226; baseline 0.015 -23"><span class='ocrx_word' id='word_1_697' title='bbox 264 5168 400 5209; x_wconf 83' lang='lat' dir='ltr'><strong>uno</strong></span> <span class='ocrx_word' id='word_1_698' title='bbox 442 5152 895 5226; x_wconf 21' lang='lat' dir='ltr'><strong>exRegiisthl</strong></span> <span class='ocrx_word' id='word_1_699' title='bbox 981 5223 987 5226; x_wconf 25' lang='lat'><strong>,</strong></span> <span class='ocrx_word' id='word_1_700' title='bbox 1115 5218 1155 5226; x_wconf 50' lang='grc' dir='ltr'>η</span> <span class='ocrx_word' id='word_1_701' title='bbox 1370 5220 1379 5226; x_wconf 71' lang='grc'><em>,</em></span> <span class='ocrx_word' id='word_1_702' title='bbox 1469 5218 1500 5226; x_wconf 79' lang='grc'><strong>,,</strong></span> <span class='ocrx_word' id='word_1_703' title='bbox 1574 5216 1585 5226; x_wconf 88' lang='grc'><strong>.</strong></span> <span class='ocrx_word' id='word_1_704' title='bbox 1661 5216 1672 5226; x_wconf 94' lang='grc'>.</span> 
     </span>
    </p>
   </div>
   <div class='ocr_carea' id='block_1_94' title="bbox 347 5216 1878 5293">
    <p class='ocr_par' dir='ltr' id='par_1_94' title="bbox 347 5216 1878 5293">
     <span class='ocr_line' id='line_1_94' title="bbox 347 5216 1878 5293; baseline -0.01 -14"><span class='ocrx_word' id='word_1_705' title='bbox 347 5226 464 5293; x_wconf 84' lang='grc'>(89)</span> <span class='ocrx_word' id='word_1_706' title='bbox 500 5216 713 5276; x_wconf 54' lang='lat' dir='ltr'><strong>Teo-Fam</strong></span> <span class='ocrx_word' id='word_1_707' title='bbox 749 5220 900 5277; x_wconf 89' lang='lat' dir='ltr'><strong>Editi</strong></span> <span class='ocrx_word' id='word_1_708' title='bbox 937 5223 995 5276; x_wconf 93' lang='lat' dir='ltr'><strong>et</strong></span> <span class='ocrx_word' id='word_1_709' title='bbox 1023 5218 1260 5275; x_wconf 88' lang='lat' dir='ltr'><strong>codices</strong></span> <span class='ocrx_word' id='word_1_710' title='bbox 1287 5216 1677 5293; x_wconf 73' lang='lat' dir='ltr'><strong>vetustissimi</strong></span> <span class='ocrx_word' id='word_1_711' title='bbox 1704 5222 1878 5268; x_wconf 75' lang='grc' dir='ltr'>τοῦτο.</span> 
     </span>
    </p>
   </div>
   <div class='ocr_carea' id='block_1_95' title="bbox 270 5290 1717 5361">
    <p class='ocr_par' dir='ltr' id='par_1_95' title="bbox 270 5290 1717 5361">
     <span class='ocr_line' id='line_1_95' title="bbox 270 5290 1717 5361; baseline -0.008 -9"><span class='ocrx_word' id='word_1_712' title='bbox 270 5290 393 5355; x_wconf 88' lang='lat' dir='ltr'><strong>Sed</strong></span> <span class='ocrx_word' id='word_1_713' title='bbox 423 5290 634 5349; x_wconf 85' lang='lat' dir='ltr'><strong>melius</strong></span> <span class='ocrx_word' id='word_1_714' title='bbox 663 5293 1020 5349; x_wconf 86' lang='lat' dir='ltr'><strong>recentiores</strong></span> <span class='ocrx_word' id='word_1_715' title='bbox 1043 5307 1185 5346; x_wconf 85' lang='lat' dir='ltr'><strong>mss.</strong></span> <span class='ocrx_word' id='word_1_716' title='bbox 1218 5290 1487 5361; x_wconf 87' lang='lat' dir='ltr'><strong>quinque</strong></span> <span class='ocrx_word' id='word_1_717' title='bbox 1515 5296 1717 5361; x_wconf 66' lang='grc' dir='ltr'>τοῦτον.</span> 
     </span>
    </p>
   </div>
   <div class='ocr_carea' id='block_1_96' title="bbox 349 5358 1881 5437">
    <p class='ocr_par' dir='ltr' id='par_1_96' title="bbox 349 5358 1881 5437">
     <span class='ocr_line' id='line_1_96' title="bbox 349 5358 1881 5437; baseline -0.005 -16"><span class='ocrx_word' id='word_1_718' title='bbox 349 5367 461 5437; x_wconf 86' lang='grc'>(90)</span> <span class='ocrx_word' id='word_1_719' title='bbox 502 5370 667 5437; x_wconf 71' lang='grc' dir='ltr'>Θερτη</span> <span class='ocrx_word' id='word_1_720' title='bbox 681 5387 720 5427; x_wconf 85' lang='grc' dir='ltr'>ς.</span> <span class='ocrx_word' id='word_1_721' title='bbox 754 5367 867 5437; x_wconf 12' lang='lat' dir='ltr'><strong>Pro,</strong></span> <span class='ocrx_word' id='word_1_722' title='bbox 893 5364 1007 5437; x_wconf 80' lang='lat' dir='ltr'><strong>bac</strong></span> <span class='ocrx_word' id='word_1_723' title='bbox 1035 5378 1182 5437; x_wconf 78' lang='lat' dir='ltr'><strong>voce</strong></span> <span class='ocrx_word' id='word_1_724' title='bbox 1210 5358 1425 5437; x_wconf 71' lang='lat' dir='ltr'><strong>legitur</strong></span> <span class='ocrx_word' id='word_1_725' title='bbox 1445 5358 1741 5437; x_wconf 81' lang='lat' dir='ltr'><strong>in_codice</strong></span> <span class='ocrx_word' id='word_1_726' title='bbox 1768 5360 1881 5414; x_wconf 87' lang='lat' dir='ltr'><strong>Me-</strong></span> 
     </span>
    </p>
   </div>
   <div class='ocr_carea' id='block_1_97' title="bbox 272 5432 1885 5497">
    <p class='ocr_par' dir='ltr' id='par_1_97' title="bbox 272 5432 1885 5497">
     <span class='ocr_line' id='line_1_97' title="bbox 272 5432 1885 5497; baseline -0.006 -3"><span class='ocrx_word' id='word_1_727' title='bbox 272 5432 470 5495; x_wconf 82' lang='lat' dir='ltr'><strong>dicaeo</strong></span> <span class='ocrx_word' id='word_1_728' title='bbox 501 5435 761 5497; x_wconf 71' lang='grc' dir='ltr'>ἀῖὸιότης.</span> <span class='ocrx_word' id='word_1_729' title='bbox 784 5436 1017 5491; x_wconf 90' lang='lat' dir='ltr'><strong>Ibidem</strong></span> <span class='ocrx_word' id='word_1_730' title='bbox 1042 5432 1182 5489; x_wconf 88' lang='lat' dir='ltr'><strong>editi</strong></span> <span class='ocrx_word' id='word_1_731' title='bbox 1198 5436 1289 5483; x_wconf 84' lang='grc' dir='ltr'>καὶ</span> <span class='ocrx_word' id='word_1_732' title='bbox 1322 5434 1366 5483; x_wconf 82' lang='grc' dir='ltr'>εἴ</span> <span class='ocrx_word' id='word_1_733' title='bbox 1386 5450 1455 5483; x_wconf 84' lang='grc' dir='ltr'>τι.</span> <span class='ocrx_word' id='word_1_734' title='bbox 1482 5434 1613 5486; x_wconf 86' lang='lat' dir='ltr'><strong>Mss.</strong></span> <span class='ocrx_word' id='word_1_735' title='bbox 1643 5445 1885 5485; x_wconf 90' lang='lat' dir='ltr'><strong>summo</strong></span> 
     </span>
    </p>
   </div>
   <div class='ocr_carea' id='block_1_98' title="bbox 276 5509 981 5566">
    <p class='ocr_par' dir='ltr' id='par_1_98' title="bbox 276 5509 981 5566">
     <span class='ocr_line' id='line_1_98' title="bbox 276 5509 981 5566; baseline -0.007 0"><span class='ocrx_word' id='word_1_736' title='bbox 276 5525 587 5566; x_wconf 78' lang='lat' dir='ltr'><strong>consensu</strong></span> <span class='ocrx_word' id='word_1_737' title='bbox 617 5515 680 5564; x_wconf 93' lang='lat' dir='ltr'><strong>ut</strong></span> <span class='ocrx_word' id='word_1_738' title='bbox 704 5509 765 5564; x_wconf 90' lang='lat' dir='ltr'><strong>in</strong></span> <span class='ocrx_word' id='word_1_739' title='bbox 795 5512 981 5564; x_wconf 82' lang='lat' dir='ltr'><strong>textu.</strong></span> 
     </span>
    </p>
   </div>
   <div class='ocr_carea' id='block_1_99' title="bbox 356 5571 1885 5654">
    <p class='ocr_par' dir='ltr' id='par_1_99' title="bbox 356 5571 1885 5654">
     <span class='ocr_line' id='line_1_99' title="bbox 356 5571 1885 5654; baseline -0.007 -18"><span class='ocrx_word' id='word_1_740' title='bbox 356 5582 466 5652; x_wconf 79' lang='lat'><strong>(91)</strong></span> <span class='ocrx_word' id='word_1_741' title='bbox 507 5587 903 5654; x_wconf 80' lang='grc' dir='ltr'>Συγχωροῦσιν.</span> <span class='ocrx_word' id='word_1_742' title='bbox 950 5575 1205 5639; x_wconf 86' lang='lat' dir='ltr'><strong>Quidam</strong></span> <span class='ocrx_word' id='word_1_743' title='bbox 1252 5573 1614 5630; x_wconf 89' lang='lat' dir='ltr'><strong>recentiores</strong></span> <span class='ocrx_word' id='word_1_744' title='bbox 1645 5571 1885 5630; x_wconf 88' lang='lat' dir='ltr'><strong>codices</strong></span> 
     </span>
    </p>
   </div>
   <div class='ocr_carea' id='block_1_100' title="bbox 276 5658 1886 5728">
    <p class='ocr_par' dir='ltr' id='par_1_100' title="bbox 276 5658 1886 5728">
     <span class='ocr_line' id='line_1_100' title="bbox 276 5658 1886 5728; baseline 0 -3"><span class='ocrx_word' id='word_1_745' title='bbox 276 5658 754 5728; x_wconf 58' lang='lat' dir='ltr'><strong>6U7Z&quot;’P;’30°W“-</strong></span> <span class='ocrx_word' id='word_1_746' title='bbox 1211 5722 1221 5728; x_wconf 89' lang='lat'><strong>.</strong></span> <span class='ocrx_word' id='word_1_747' title='bbox 1266 5717 1276 5728; x_wconf 93' lang='lat'><strong>.</strong></span> <span class='ocrx_word' id='word_1_748' title='bbox 1388 5718 1398 5728; x_wconf 91' lang='lat'><strong>.</strong></span> <span class='ocrx_word' id='word_1_749' title='bbox 1686 5714 1697 5726; x_wconf 92' lang='lat'><strong>.</strong></span> <span class='ocrx_word' id='word_1_750' title='bbox 1739 5712 1886 5728; x_wconf 55' lang='grc' dir='ltr'><strong>ω...</strong></span> 
     </span>
    </p>
   </div>
   <div class='ocr_carea' id='block_1_101' title="bbox 352 5712 1892 5797">
    <p class='ocr_par' dir='ltr' id='par_1_101' title="bbox 352 5712 1892 5797">
     <span class='ocr_line' id='line_1_101' title="bbox 352 5712 1892 5797; baseline -0.006 -17"><span class='ocrx_word' id='word_1_751' title='bbox 352 5712 484 5797; x_wconf 63' lang='grc' dir='ltr'><strong>(ὁΞΥ</strong></span> <span class='ocrx_word' id='word_1_752' title='bbox 506 5722 709 5795; x_wconf 80' lang='grc' dir='ltr'>Ὅμως.</span> <span class='ocrx_word' id='word_1_753' title='bbox 746 5725 829 5779; x_wconf 84' lang='lat' dir='ltr'><strong>Ita</strong></span> <span class='ocrx_word' id='word_1_754' title='bbox 858 5735 1071 5779; x_wconf 89' lang='lat' dir='ltr'><strong>omnes</strong></span> <span class='ocrx_word' id='word_1_755' title='bbox 1091 5717 1281 5775; x_wconf 89' lang='lat' dir='ltr'><strong>nostri</strong></span> <span class='ocrx_word' id='word_1_756' title='bbox 1310 5718 1535 5774; x_wconf 85' lang='lat' dir='ltr'><strong>veteres</strong></span> <span class='ocrx_word' id='word_1_757' title='bbox 1566 5714 1720 5774; x_wconf 86' lang='lat' dir='ltr'><strong>libri.</strong></span> <span class='ocrx_word' id='word_1_758' title='bbox 1739 5712 1892 5770; x_wconf 85' lang='lat' dir='ltr'><strong>Editi</strong></span> 
     </span>
    </p>
   </div>
   <div class='ocr_carea' id='block_1_102' title="bbox 2470 4247 3172 4319">
    <p class='ocr_par' dir='ltr' id='par_1_102' title="bbox 2470 4247 3172 4319">
     <span class='ocr_line' id='line_1_102' title="bbox 2470 4247 3172 4319; baseline -0.003 -15"><span class='ocrx_word' id='word_1_759' title='bbox 2470 4248 2772 4305; x_wconf 83' lang='lat' dir='ltr'><strong>Dorotheo</strong></span> <span class='ocrx_word' id='word_1_760' title='bbox 2799 4247 3172 4319; x_wconf 78' lang='lat' dir='ltr'><strong>presbytero.</strong></span> 
     </span>
    </p>
   </div>
   <div class='ocr_carea' id='block_1_103' title="bbox 2063 4351 3659 4426">
    <p class='ocr_par' dir='ltr' id='par_1_103' title="bbox 2063 4351 3659 4426">
     <span class='ocr_line' id='line_1_103' title="bbox 2063 4351 3659 4426; baseline -0.001 -14"><span class='ocrx_word' id='word_1_761' title='bbox 2063 4356 2275 4413; x_wconf 90' lang='lat' dir='ltr'><strong>Statim</strong></span> <span class='ocrx_word' id='word_1_762' title='bbox 2304 4355 2688 4412; x_wconf 89' lang='lat' dir='ltr'><strong>occasionem</strong></span> <span class='ocrx_word' id='word_1_763' title='bbox 2714 4357 2950 4425; x_wconf 82' lang='lat' dir='ltr'><strong>nactus,</strong></span> <span class='ocrx_word' id='word_1_764' title='bbox 2980 4353 3193 4426; x_wconf 90' lang='lat' dir='ltr'><strong>scripsi</strong></span> <span class='ocrx_word' id='word_1_765' title='bbox 3214 4351 3346 4411; x_wconf 93' lang='lat' dir='ltr'><strong>viro</strong></span> <span class='ocrx_word' id='word_1_766' title='bbox 3363 4352 3426 4409; x_wconf 92' lang='lat' dir='ltr'><strong>in</strong></span> <span class='ocrx_word' id='word_1_767' title='bbox 3445 4353 3659 4426; x_wconf 86' lang='lat' dir='ltr'><strong>primis</strong></span> 
     </span>
    </p>
   </div>
   <div class='ocr_carea' id='block_1_104' title="bbox 1991 4442 3655 4515">
    <p class='ocr_par' dir='ltr' id='par_1_104' title="bbox 1991 4442 3655 4515">
     <span class='ocr_line' id='line_1_104' title="bbox 1991 4442 3655 4515; baseline -0.001 -14"><span class='ocrx_word' id='word_1_768' title='bbox 1991 4445 2358 4502; x_wconf 89' lang='lat' dir='ltr'><strong>admirando</strong></span> <span class='ocrx_word' id='word_1_769' title='bbox 2423 4444 2628 4500; x_wconf 80' lang='lat' dir='ltr'><strong>comiti</strong></span> <span class='ocrx_word' id='word_1_770' title='bbox 2685 4443 2980 4513; x_wconf 86' lang='lat' dir='ltr'><strong>Terentio,</strong></span> <span class='ocrx_word' id='word_1_771' title='bbox 3038 4442 3244 4498; x_wconf 89' lang='lat' dir='ltr'><strong>minus</strong></span> <span class='ocrx_word' id='word_1_772' title='bbox 3302 4447 3655 4515; x_wconf 87' lang='lat' dir='ltr'><strong>suspectum</strong></span> 
     </span>
    </p>
   </div>
   <div class='ocr_carea' id='block_1_105' title="bbox 1989 4530 3653 4606">
    <p class='ocr_par' dir='ltr' id='par_1_105' title="bbox 1989 4530 3653 4606">
     <span class='ocr_line' id='line_1_105' title="bbox 1989 4530 3653 4606; baseline -0.002 -17"><span class='ocrx_word' id='word_1_773' title='bbox 1989 4550 2124 4589; x_wconf 91' lang='lat' dir='ltr'><strong>esse</strong></span> <span class='ocrx_word' id='word_1_774' title='bbox 2154 4533 2505 4590; x_wconf 83' lang='lat' dir='ltr'><strong>existimans</strong></span> <span class='ocrx_word' id='word_1_775' title='bbox 2533 4549 2643 4606; x_wconf 91' lang='lat' dir='ltr'><strong>per</strong></span> <span class='ocrx_word' id='word_1_776' title='bbox 2672 4533 2914 4602; x_wconf 87' lang='lat' dir='ltr'><strong>ignotos</strong></span> <span class='ocrx_word' id='word_1_777' title='bbox 2945 4531 3026 4587; x_wconf 85' lang='lat' dir='ltr'><strong>ad</strong></span> <span class='ocrx_word' id='word_1_778' title='bbox 3056 4546 3197 4586; x_wconf 91' lang='lat' dir='ltr'><strong>eum</strong></span> <span class='ocrx_word' id='word_1_779' title='bbox 3227 4530 3303 4586; x_wconf 93' lang='lat' dir='ltr'><strong>de</strong></span> <span class='ocrx_word' id='word_1_780' title='bbox 3327 4531 3653 4603; x_wconf 87' lang='lat' dir='ltr'><strong>propositis</strong></span> 
     </span>
    </p>
   </div>
   <div class='ocr_carea' id='block_1_106' title="bbox 1987 4618 3651 4693">
    <p class='ocr_par' dir='ltr' id='par_1_106' title="bbox 1987 4618 3651 4693">
     <span class='ocr_line' id='line_1_106' title="bbox 1987 4618 3651 4693; baseline -0.001 -15"><span class='ocrx_word' id='word_1_781' title='bbox 1987 4622 2171 4678; x_wconf 84' lang='lat' dir='ltr'><strong>rebus</strong></span> <span class='ocrx_word' id='word_1_782' title='bbox 2203 4622 2483 4692; x_wconf 86' lang='lat' dir='ltr'><strong>scribere,</strong></span> <span class='ocrx_word' id='word_1_783' title='bbox 2517 4620 2816 4693; x_wconf 90' lang='lat' dir='ltr'><strong>simulque</strong></span> <span class='ocrx_word' id='word_1_784' title='bbox 2845 4621 2931 4676; x_wconf 93' lang='lat' dir='ltr'><strong>rei</strong></span> <span class='ocrx_word' id='word_1_785' title='bbox 2960 4634 3195 4674; x_wconf 85' lang='lat' dir='ltr'><strong>moram</strong></span> <span class='ocrx_word' id='word_1_786' title='bbox 3225 4618 3422 4675; x_wconf 80' lang='lat' dir='ltr'><strong>aﬂ&#39;erri</strong></span> <span class='ocrx_word' id='word_1_787' title='bbox 3442 4619 3651 4676; x_wconf 87' lang='lat' dir='ltr'><strong>noleas</strong></span> 
     </span>
    </p>
   </div>
   <div class='ocr_carea' id='block_1_107' title="bbox 1988 4707 3649 4782">
    <p class='ocr_par' dir='ltr' id='par_1_107' title="bbox 1988 4707 3649 4782">
     <span class='ocr_line' id='line_1_107' title="bbox 1988 4707 3649 4782; baseline -0.002 -13"><span class='ocrx_word' id='word_1_788' title='bbox 1988 4728 2026 4771; x_wconf 90' lang='lat' dir='ltr'><strong>a</strong></span> <span class='ocrx_word' id='word_1_789' title='bbox 2055 4712 2411 4768; x_wconf 87' lang='lat' dir='ltr'><strong>charissimo</strong></span> <span class='ocrx_word' id='word_1_790' title='bbox 2432 4711 2612 4768; x_wconf 87' lang='lat' dir='ltr'><strong>fratre</strong></span> <span class='ocrx_word' id='word_1_791' title='bbox 2633 4710 3227 4767; x_wconf 77' lang='lat' dir='ltr'><strong>Acacio.Numerario</strong></span> <span class='ocrx_word' id='word_1_792' title='bbox 3249 4707 3428 4765; x_wconf 87' lang='lat' dir='ltr'><strong>ofﬁcii</strong></span> <span class='ocrx_word' id='word_1_793' title='bbox 3444 4711 3649 4782; x_wconf 79' lang='lat' dir='ltr'><strong>praesi-</strong></span> 
     </span>
    </p>
   </div>
   <div class='ocr_carea' id='block_1_108' title="bbox 1986 4797 3647 4874">
    <p class='ocr_par' dir='ltr' id='par_1_108' title="bbox 1986 4797 3647 4874">
     <span class='ocr_line' id='line_1_108' title="bbox 1986 4797 3647 4874; baseline -0.001 -17"><span class='ocrx_word' id='word_1_794' title='bbox 1986 4801 2079 4858; x_wconf 90' lang='lat' dir='ltr'><strong>dis</strong></span> <span class='ocrx_word' id='word_1_795' title='bbox 2094 4800 2235 4859; x_wconf 91' lang='lat' dir='ltr'><strong>dedi</strong></span> <span class='ocrx_word' id='word_1_796' title='bbox 2248 4801 2427 4873; x_wconf 87' lang='lat' dir='ltr'><strong>igitur</strong></span> <span class='ocrx_word' id='word_1_797' title='bbox 2438 4800 2759 4874; x_wconf 88' lang='lat' dir='ltr'><strong>epistolam</strong></span> <span class='ocrx_word' id='word_1_798' title='bbox 2777 4797 3213 4870; x_wconf 88' lang='lat' dir='ltr'><strong>cursupublico</strong></span> <span class='ocrx_word' id='word_1_799' title='bbox 3224 4797 3647 4871; x_wconf 86' lang='lat' dir='ltr'><strong>proﬁciscenti:</strong></span> 
     </span>
    </p>
   </div>
   <div class='ocr_carea' id='block_1_109' title="bbox 1984 4887 3646 4964">
    <p class='ocr_par' dir='ltr' id='par_1_109' title="bbox 1984 4887 3646 4964">
     <span class='ocr_line' id='line_1_109' title="bbox 1984 4887 3646 4964; baseline -0.001 -16"><span class='ocrx_word' id='word_1_800' title='bbox 1984 4892 2081 4948; x_wconf 89' lang='lat' dir='ltr'><strong>cui</strong></span> <span class='ocrx_word' id='word_1_801' title='bbox 2111 4892 2290 4949; x_wconf 85' lang='lat' dir='ltr'><strong>etiam</strong></span> <span class='ocrx_word' id='word_1_802' title='bbox 2321 4890 2579 4964; x_wconf 79' lang='lat' dir='ltr'><strong>praecepi</strong></span> <span class='ocrx_word' id='word_1_803' title='bbox 2609 4894 2676 4947; x_wconf 90' lang='lat' dir='ltr'><strong>ut</strong></span> <span class='ocrx_word' id='word_1_804' title='bbox 2699 4888 2872 4946; x_wconf 89' lang='lat' dir='ltr'><strong>vobis</strong></span> <span class='ocrx_word' id='word_1_805' title='bbox 2900 4887 3070 4960; x_wconf 89' lang='lat' dir='ltr'><strong>prius</strong></span> <span class='ocrx_word' id='word_1_806' title='bbox 3097 4887 3323 4945; x_wconf 88' lang='lat' dir='ltr'><strong>litteras</strong></span> <span class='ocrx_word' id='word_1_807' title='bbox 3362 4889 3646 4947; x_wconf 87' lang='lat' dir='ltr'><strong>ostende-</strong></span> 
     </span>
    </p>
   </div>
   <div class='ocr_carea' id='block_1_110' title="bbox 1986 5066 3634 5144">
    <p class='ocr_par' dir='ltr' id='par_1_110' title="bbox 1986 5066 3634 5144">
     <span class='ocr_line' id='line_1_110' title="bbox 1986 5066 3634 5144; baseline 0.001 -22"><span class='ocrx_word' id='word_1_808' title='bbox 1986 5071 2137 5144; x_wconf 65' lang='grc' dir='ltr'>ὁμου.</span> <span class='ocrx_word' id='word_1_809' title='bbox 2170 5068 2353 5125; x_wconf 87' lang='lat' dir='ltr'><strong>Paulo</strong></span> <span class='ocrx_word' id='word_1_810' title='bbox 2374 5072 2511 5142; x_wconf 90' lang='lat' dir='ltr'><strong>post</strong></span> <span class='ocrx_word' id='word_1_811' title='bbox 2536 5067 2721 5124; x_wconf 89' lang='lat' dir='ltr'><strong>iidem</strong></span> <span class='ocrx_word' id='word_1_812' title='bbox 2748 5067 2891 5124; x_wconf 91' lang='lat' dir='ltr'><strong>editi</strong></span> <span class='ocrx_word' id='word_1_813' title='bbox 2915 5066 2976 5119; x_wconf 79' lang='grc' dir='ltr'>ἂν</span> <span class='ocrx_word' id='word_1_814' title='bbox 3003 5069 3192 5141; x_wconf 87' lang='grc' dir='ltr'>μένειν,</span> <span class='ocrx_word' id='word_1_815' title='bbox 3226 5068 3449 5126; x_wconf 90' lang='lat' dir='ltr'><strong>Omnes</strong></span> <span class='ocrx_word' id='word_1_816' title='bbox 3478 5084 3634 5126; x_wconf 89' lang='lat' dir='ltr'><strong>mss.</strong></span> 
     </span>
    </p>
   </div>
   <div class='ocr_carea' id='block_1_111' title="bbox 1987 5142 2363 5197">
    <p class='ocr_par' dir='ltr' id='par_1_111' title="bbox 1987 5142 2363 5197">
     <span class='ocr_line' id='line_1_111' title="bbox 1987 5142 2363 5197; baseline 0 0"><span class='ocrx_word' id='word_1_817' title='bbox 1987 5142 2055 5197; x_wconf 88' lang='lat' dir='ltr'><strong>ut</strong></span> <span class='ocrx_word' id='word_1_818' title='bbox 2084 5142 2143 5197; x_wconf 91' lang='lat' dir='ltr'><strong>in</strong></span> <span class='ocrx_word' id='word_1_819' title='bbox 2174 5145 2363 5197; x_wconf 81' lang='lat' dir='ltr'><strong>textu.</strong></span> 
     </span>
    </p>
   </div>
   <div class='ocr_carea' id='block_1_112' title="bbox 2064 5208 3645 5285">
    <p class='ocr_par' dir='ltr' id='par_1_112' title="bbox 2064 5208 3645 5285">
     <span class='ocr_line' id='line_1_112' title="bbox 2064 5208 3645 5285; baseline -0.003 -18"><span class='ocrx_word' id='word_1_820' title='bbox 2064 5213 2176 5284; x_wconf 82' lang='lat'>(93)</span> <span class='ocrx_word' id='word_1_821' title='bbox 2217 5209 3061 5285; x_wconf 52' lang='grc' dir='ltr'>Σεαυτόν-ἰιπρόληπτον.Ῥιιπθε</span> <span class='ocrx_word' id='word_1_822' title='bbox 3104 5227 3251 5285; x_wconf 79' lang='lat' dir='ltr'><strong>mss.</strong></span> <span class='ocrx_word' id='word_1_823' title='bbox 3298 5210 3455 5285; x_wconf 62' lang='grc' dir='ltr'>αᾷτὸν</span> <span class='ocrx_word' id='word_1_824' title='bbox 3485 5208 3645 5284; x_wconf 82' lang='grc' dir='ltr'>ἀπρό-</span> 
     </span>
    </p>
   </div>
   <div class='ocr_carea' id='block_1_113' title="bbox 1989 5282 3647 5343">
    <p class='ocr_par' dir='ltr' id='par_1_113' title="bbox 1989 5282 3647 5343">
     <span class='ocr_line' id='line_1_113' title="bbox 1989 5282 3647 5343; baseline 0.002 -9"><span class='ocrx_word' id='word_1_825' title='bbox 1989 5282 2204 5343; x_wconf 53' lang='lat' dir='ltr'><strong>invitos.</strong></span> <span class='ocrx_word' id='word_1_826' title='bbox 2253 5283 2345 5340; x_wconf 89' lang='lat' dir='ltr'><strong>Sic</strong></span> <span class='ocrx_word' id='word_1_827' title='bbox 2375 5282 2615 5339; x_wconf 82' lang='lat' dir='ltr'><strong>exhibet</strong></span> <span class='ocrx_word' id='word_1_828' title='bbox 2655 5284 2817 5339; x_wconf 90' lang='lat' dir='ltr'><strong>hunc</strong></span> <span class='ocrx_word' id='word_1_829' title='bbox 2843 5282 3047 5339; x_wconf 89' lang='lat' dir='ltr'><strong>locum</strong></span> <span class='ocrx_word' id='word_1_830' title='bbox 3075 5283 3269 5340; x_wconf 80' lang='lat' dir='ltr'><strong>codex</strong></span> <span class='ocrx_word' id='word_1_831' title='bbox 3296 5282 3647 5340; x_wconf 74' lang='lat' dir='ltr'><strong>Claromdn-</strong></span> 
     </span>
    </p>
   </div>
   <div class='ocr_carea' id='block_1_114' title="bbox 1992 5353 3649 5429">
    <p class='ocr_par' dir='ltr' id='par_1_114' title="bbox 1992 5353 3649 5429">
     <span class='ocr_line' id='line_1_114' title="bbox 1992 5353 3649 5429; baseline -0.005 -18"><span class='ocrx_word' id='word_1_832' title='bbox 1992 5359 2201 5411; x_wconf 75' lang='lat' dir='ltr'><strong>ianus:</strong></span> <span class='ocrx_word' id='word_1_833' title='bbox 2235 5360 2450 5429; x_wconf 74' lang='grc' dir='ltr'>σεαυτόν</span> <span class='ocrx_word' id='word_1_834' title='bbox 2474 5353 2974 5429; x_wconf 80' lang='grc' dir='ltr'>ἀπροσωποληπτον,</span> <span class='ocrx_word' id='word_1_835' title='bbox 3020 5356 3103 5408; x_wconf 82' lang='grc' dir='ltr'>ἵνα</span> <span class='ocrx_word' id='word_1_836' title='bbox 3150 5357 3352 5427; x_wconf 68' lang='grc' dir='ltr'>ἔχωμεν</span> <span class='ocrx_word' id='word_1_837' title='bbox 3404 5372 3488 5405; x_wconf 91' lang='grc' dir='ltr'><strong>σοι</strong></span> <span class='ocrx_word' id='word_1_838' title='bbox 3525 5372 3649 5425; x_wconf 85' lang='grc' dir='ltr'>γνη-</span> 
     </span>
    </p>
   </div>
   <div class='ocr_carea' id='block_1_115' title="bbox 1996 5426 2826 5497">
    <p class='ocr_par' dir='ltr' id='par_1_115' title="bbox 1996 5426 2826 5497">
     <span class='ocr_line' id='line_1_115' title="bbox 1996 5426 2826 5497; baseline 0.002 -19"><span class='ocrx_word' id='word_1_839' title='bbox 1996 5434 2118 5487; x_wconf 87' lang='grc' dir='ltr'>σίως</span> <span class='ocrx_word' id='word_1_840' title='bbox 2156 5429 2225 5488; x_wconf 84' lang='grc' dir='ltr'>ὡς</span> <span class='ocrx_word' id='word_1_841' title='bbox 2252 5429 2349 5497; x_wconf 80' lang='grc' dir='ltr'><strong>υἱῷ</strong></span> <span class='ocrx_word' id='word_1_842' title='bbox 2383 5426 2826 5481; x_wconf 76' lang='grc' dir='ltr'>ἐπαναπαύεσθαι.</span> 
     </span>
    </p>
   </div>
   <div class='ocr_carea' id='block_1_116' title="bbox 2067 5498 3075 5570">
    <p class='ocr_par' dir='ltr' id='par_1_116' title="bbox 2067 5498 3075 5570">
     <span class='ocr_line' id='line_1_116' title="bbox 2067 5498 3075 5570; baseline 0 -18"><span class='ocrx_word' id='word_1_843' title='bbox 2067 5500 2086 5519; x_wconf 70' lang='lat'><strong><em>‘</em></strong></span> <span class='ocrx_word' id='word_1_844' title='bbox 2125 5498 2463 5570; x_wconf 23' lang='lat' dir='ltr'><strong>Alias‘CCL.</strong></span> <span class='ocrx_word' id='word_1_845' title='bbox 2497 5500 2729 5570; x_wconf 76' lang='lat' dir='ltr'><strong>Scripta</strong></span> <span class='ocrx_word' id='word_1_846' title='bbox 2759 5512 2921 5553; x_wconf 89' lang='lat' dir='ltr'><strong>anno</strong></span> <span class='ocrx_word' id='word_1_847' title='bbox 2951 5501 3075 5554; x_wconf 75' lang='lat'><strong>375.</strong></span> 
     </span>
    </p>
   </div>
   <div class='ocr_carea' id='block_1_117' title="bbox 2067 5565 3651 5639">
    <p class='ocr_par' dir='ltr' id='par_1_117' title="bbox 2067 5565 3651 5639">
     <span class='ocr_line' id='line_1_117' title="bbox 2067 5565 3651 5639; baseline -0.001 -15"><span class='ocrx_word' id='word_1_848' title='bbox 2067 5571 2179 5639; x_wconf 77' lang='grc'>(94)</span> <span class='ocrx_word' id='word_1_849' title='bbox 2219 5566 2434 5622; x_wconf 58' lang='lat' dir='ltr'><strong>&quot;Edam</strong></span> <span class='ocrx_word' id='word_1_850' title='bbox 2463 5565 2570 5624; x_wconf 74' lang='grc' dir='ltr'>οὖν.</span> <span class='ocrx_word' id='word_1_851' title='bbox 2604 5565 2974 5626; x_wconf 70' lang='lat' dir='ltr'><strong>Fostremam</strong></span> <span class='ocrx_word' id='word_1_852' title='bbox 3026 5583 3236 5639; x_wconf 87' lang='lat' dir='ltr'><strong>vocem</strong></span> <span class='ocrx_word' id='word_1_853' title='bbox 3280 5565 3408 5639; x_wconf 79' lang='lat' dir='ltr'><strong>erui</strong></span> <span class='ocrx_word' id='word_1_854' title='bbox 3435 5581 3509 5622; x_wconf 79' lang='lat' dir='ltr'><strong>ex</strong></span> <span class='ocrx_word' id='word_1_855' title='bbox 3552 5581 3651 5623; x_wconf 91' lang='lat' dir='ltr'><strong>co-</strong></span> 
     </span>
    </p>
   </div>
   <div class='ocr_carea' id='block_1_118' title="bbox 1996 5636 3654 5768">
    <p class='ocr_par' dir='ltr' id='par_1_118' title="bbox 1996 5636 3654 5768">
     <span class='ocr_line' id='line_1_118' title="bbox 1996 5636 3654 5712; baseline -0.001 -15"><span class='ocrx_word' id='word_1_856' title='bbox 1996 5636 2127 5697; x_wconf 85' lang='lat' dir='ltr'><strong>dice</strong></span> <span class='ocrx_word' id='word_1_857' title='bbox 2158 5636 2450 5697; x_wconf 72' lang='lat' dir='ltr'><strong>Mediceeo.</strong></span> <span class='ocrx_word' id='word_1_858' title='bbox 2486 5644 2657 5698; x_wconf 87' lang='lat' dir='ltr'><strong>Deest</strong></span> <span class='ocrx_word' id='word_1_859' title='bbox 2685 5641 2813 5698; x_wconf 67' lang='lat' dir='ltr'><strong>haec</strong></span> <span class='ocrx_word' id='word_1_860' title='bbox 2857 5639 3111 5712; x_wconf 86' lang='lat' dir='ltr'><strong>epistola</strong></span> <span class='ocrx_word' id='word_1_861' title='bbox 3144 5638 3208 5694; x_wconf 90' lang='lat' dir='ltr'><strong>in</strong></span> <span class='ocrx_word' id='word_1_862' title='bbox 3236 5636 3548 5695; x_wconf 72' lang='lat' dir='ltr'><strong>Harlaaano</strong></span> <span class='ocrx_word' id='word_1_863' title='bbox 3595 5641 3654 5695; x_wconf 83' lang='lat' dir='ltr'><strong>et</strong></span> 
     </span>
     <span class='ocr_line' id='line_1_119' title="bbox 1996 5711 3101 5768; baseline 0 0"><span class='ocrx_word' id='word_1_864' title='bbox 1996 5711 2274 5768; x_wconf 75' lang='lat' dir='ltr'><strong>pluribus</strong></span> <span class='ocrx_word' id='word_1_865' title='bbox 2299 5712 2453 5768; x_wconf 89' lang='lat' dir='ltr'><strong>aliis.</strong></span> <span class='ocrx_word' id='word_1_866' title='bbox 3093 5714 3101 5719; x_wconf 85' lang='grc'><strong>’</strong></span> 
     </span>
    </p>
   </div>
   <div class='ocr_carea' id='block_1_119' title="bbox 1993 5727 2453 5787">
    <p class='ocr_par' dir='ltr' id='par_1_119' title="bbox 1993 5727 2453 5787">
     <span class='ocr_line' id='line_1_120' title="bbox 1993 5727 2453 5787; baseline 0.002 -19"><span class='ocrx_word' id='word_1_867' title='bbox 1993 5727 2274 5787; x_wconf 69' lang='lat' dir='ltr'><strong>pluribus</strong></span> <span class='ocrx_word' id='word_1_868' title='bbox 2299 5727 2453 5769; x_wconf 84' lang='lat' dir='ltr'><strong>ams.</strong></span> 
     </span>
    </p>
   </div>
  </div>
