4148 6388
299 353 411 412 τω

1239 356 1726 416 EPISTOLARUM
1766 355 2053 416 CLASSIS
2094 359 2162 416 Il.
2217 357 2438 417 EPIST.
2489 359 2758 419 CCXVll‘.

3579 363 3687 422 794

301 480 570 534 ἅπτεσθαι
614 485 676 553 τῇ
724 477 840 532 καθ’
887 481 1025 553 ἡμᾶς
1068 479 1376 554 Ἐκκλησία,
1407 485 1538 558 Πρὸς
1601 479 1660 538 δὲ
1707 485 1908 544 τούτοις

2032 482 2114 540 Ad
2142 482 2272 540 hiec
2301 484 2447 542 mihi
2474 489 2532 543 et
2561 483 2711 542 illud
2739 484 3085 542 nuntiatum
3108 487 3199 542 est
3219 482 3441 542 abduci
3463 485 3542 543 ab
3566 486 3683 544 illis

298 569 516 622 κάκεῖνο
569 573 693 643 ἡμῖν
747 568 1051 642 ἀπηγγέλθη
1109 572 1242 642 (99),
1276 573 1357 624 ὅτι
1409 573 1741 644 ὑπηγάγοντο
1784 577 1910 646 πρὸς

299 662 406 718 τὴν
461 660 588 734 ὑπὲρ
646 667 815 712 αυτῶν
861 655 1102 719 σπουδὴν
1159 663 1245 713 τὸν
1277 661 1448 715 πάντα
1471 663 1687 734 ἄριστον
1719 660 1907 737 ἄνδρα,

301 751 594 821 Τερέντιον,
754 752 962 821 ταχέως
1013 748 1302 819 ἐπέστειλα,
1357 752 1476 804 καθ’
1535 753 1655 805 ὅσον
1713 755 1774 826 ᾖν
1822 772 1913 826 μοι

301 833 555 902 δυνατόν,
584 835 786 910 ἐπέχων
817 837 971 892 αὐτόν
1000 847 1094 903 τῆς
1138 841 1323 914 ὁρμῆς,
1365 844 1454 894 καὶ
1515 838 1789 895 διδάσκων
1818 847 1912 901 τὴν

299 928 432 980 κατ’
459 925 646 989 αὐτοὺς
676 925 902 987 ἀπάτην,

874 1023 1208 1074 ΕΠΙΣΤΟΛΗ
1242 1019 1356 1074 ΣῙΖ’

2022 572 2084 630 in
2106 575 2367 646 partium
2395 591 2640 633 suarum
2671 575 2871 632 studia
2897 575 3097 631 virum
3121 573 3301 644 longe
3320 577 3686 647 praestantis-

2025 663 2268 730 simum,
2296 665 2659 734 Terentium,
2687 665 2783 721 cui
2815 664 3080 720 celeriter
3110 663 3344 737 scripsi,
3381 668 3680 738 quantum

2023 750 2087 807 in
2127 769 2224 810 me
2255 752 2383 822 fuit,
2411 754 2707 828 impetum
2746 754 2904 812 illius
2938 752 3300 828 reprimens,
3332 768 3403 812 ac
3435 753 3680 814 fraudes

2022 839 2262 900 illorum
2283 843 2568 902 edocens.

2530 1024 2775 1082 EPISTO
2785 1025 2871 1080 LA
2912 1023 3180 1082 CCXVII‘.

294 1111 528 1193 Bedes:
555 1127 586 1171 e
613 1113 809 1172 Ponto
838 1115 1108 1193 Basilias
1159 1133 1459 1175 summum
1491 1118 1740 1175 videndi
1780 1117 2198 1193 Amphilochii
2221 1113 2584 1178 desiderium
2613 1123 2938 1193 signiﬁcat,
2955 1137 3029 1180 ac
3065 1123 3138 1180 de
3158 1120 3476 1180 nonnullis
3506 1119 3682 1177 rebus

380 1185 463 1264 ad
483 1186 730 1264 Isauros
751 1189 1162 1253 spectantibus
1189 1193 1550 1264 sententiam
1575 1207 1748 1247 suam
1779 1185 2004 1260 aperit.
2051 1192 2198 1247 Tum
2250 1195 2410 1248 venit
2440 1193 2522 1249 ad
2552 1185 2844 1264 ,can'ones,
2877 1185 2935 1251 et
2981 1195 3046 1250 in
3076 1210 3140 1252 eo
3169 1208 3434 1252 maxime
3462 1193 3681 1252 consti-

382 1257 602 1314 tuendo
625 1258 1010 1326 immoratur,
1043 1266 1186 1331 quot
1213 1263 1460 1334 quisque
1482 1278 1673 1320 annos
1703 1264 1766 1319 in
1799 1257 1984 1319 aeriis
2001 1263 2420 1333 paenitentiam
2451 1263 2761 1322 ordinibus
2795 1257 3160 1324 traduceret.

721 1355 1048 1430 Ἀμφιλοχίω
1080 1362 1196 1436 περὶ
1219 1364 1466 1417 κανόνων.

387 1443 512 1498 ’Λπό
560 1441 689 1498 ὀδοῦ
744 1453 948 1521 μακρᾶς
1005 1447 1291 1500 ἐπανελθὼν
1350 1448 1621 1523 (ἐγενόμην
1695 1451 1797 1525 γὰρ
1823 1451 1916 1522 μέ-

308 1553 418 1610 χρι
466 1542 556 1587 τοῦ
602 1539 798 1589 Πόντου
845 1539 923 1609 (ί)
991 1535 1443 1597 ἐκκλησιαστικῶν
1511 1543 1672 1593 ἕνεκεν
1721 1547 1917 1614 χρειῶν

307 1628 406 1676 καὶ
445 1625 561 1678 κατ’
609 1624 883 1698 ἐπίσκεψιν
931 1635 1028 1680 τῶν
1088 1624 1441 1700 ἐπιτηδείων),
1484 1635 1574 1683 καὶ
1648 1633 1706 1682 τὸ
1767 1631 1918 1702 σῶμά

304 1733 416 1788 μου
489 1719 920 1790 συντετριμμένον
998 1715 1357 1791 ἐπαναγαγὼν,
1425 1724 1514 1772 καὶ
1575 1723 1669 1778 τὴν
1730 1718 1918 1791 ψυχὴν

301 1809 534 1879 μετρίως
598 1807 667 1877 (2)
734 1811 1108 1881 κεκακωμένος,
1180 1805 1360 1868 ἐπειδὴ
1429 1812 1489 1862 τὸ
1549 1812 1772 1884 γράμμα
1827 1818 1918 1871 τῆς

303 1894 583 1958 εὐλαϐείας
649 1915 744 1949 σου
805 1895 888 1950 ἐπὶ
953 1905 1144 1974 χεῖρας
1207 1898 1406 1968 ἔλαϐον,
1447 1902 1650 1953 πάντων
1719 1899 1920 1975 ἀθρόως

304 1983 654 2058 ἐπελαθόμην,
695 1989 785 2039 καὶ
829 1995 922 2048 τῆς
971 1996 1143 2061 φωνῆς
1173 1996 1268 2051 τῆς
1314 1997 1495 2043 πασῶν
1524 1988 1636 2063 ἐμοὶ
1661 1985 1916 2059 ἡδίστης,

311 2079 406 2128 καὶ
471 2079 656 2150 χειρὸς
719 2083 811 2138 τῆς
877 2076 1128 2150 φιλτάτης
1193 2074 1574 2153 ὑποδεξάμενος
1659 2078 1915 2152 σύμϐολα.

309 2165 408 2228 Ὃς
474 2161 560 2218 οὖν
625 2165 700 2237 (3)
766 2164 821 2219 ἐκ
867 2175 966 2220 τῶν
1031 2170 1357 2244 γραμμάτων
1437 2169 1596 2231 ούτως
1674 2168 1918 2242 ἐγενόμην

311 2251 500 2326 ἡδίων,
589 2255 814 2317 εἰκάζειν
898 2256 1111 2330 ὀφείλείς
1189 2262 1359 2312 πόσου
1444 2257 1592 2322 ἀξίαν
1667 2267 1920 2332 ποιοῦμαι

309 2346 407 2402 τὴν
494 2349 787 2416 συντυχίαν
874 2365 988 2410 σον,
1059 2346 1120 2406 ἣν
1185 2347 1568 2420 οἰκονομήσειεν
1649 2349 1675 2400 ὁ
1742 2346 1921 2420 ’Λγιος

306 2434 573 2506 γενέσθαι,
639 2435 767 2487 ὅπου
844 2433 1137 2508 ἀνεπαχθὲς
1191 2433 1246 2503 ἦ,
1277 2442 1368 2490 καὶ
1406 2437 1558 2500 αὐτὸς
1587 2439 1722 2512 ἡμᾶς
1760 2457 1922 2511 προσ-

307 2522 532 2597 καλίσῃ.
603 2527 704 2577 Καὶ
769 2524 868 2598 γὰρ
938 2525 996 2577 ού
1077 2525 1308 2598 χαλεπόν
1373 2545 1486 2600 μοι,
1567 2527 1611 2580 εἰ
1694 2527 1921 2580 καταλά-

313 2611 424 2672 ϐοις
487 2614 575 2664 τόν
641 2614 781 2666 οἷκον
861 2616 948 2666 τόν
1015 2613 1099 2668 ἐπὶ
1173 2624 1268 2678 τῆς
1351 2612 1716 2688 Εὐφημιάδος,
1787 2620 1922 2688 γενέ-

317 2702 448 2753 σθαι
511 2701 658 2773 ὁμοῦ,
715 2703 782 2754 τά
848 2722 903 2756 τε
977 2699 1082 2756 ὧδε
1149 2703 1358 2781 ὀχληρὰ
1423 2702 1780 2778 διαφεύγοντι,
1833 2716 1924 2764 καὶ
1961 2729 2000 2786 C

316 2793 453 2863 πρὸς
501 2794 595 2848 τήν
643 2789 983 2866 ἅνυπόκριτόν
1037 2813 1131 2852 σου
1191 2793 1399 2866 ἀγάπην
1453 2795 1782 2868 ἐπειγομένῳ.
1814 2798 1923 2848 Τά·-

318 2898 404 2952 χοι
469 2874 636 2953 δόμοι
695 2886 784 2936 καὶ
817 2881 983 2944 ἄλλως
1050 2881 1337 2956 ἀναγκαίαν
1398 2885 1542 2937 ποιεῖ
1601 2889 1694 2944 τὴν
1759 2888 1924 2960 μέχρι

314 2969 619 3030 Ναζιανζοῦ
672 2967 796 3024 ὁδὸν
853 2974 882 3031 ἡ
947 2971 1112 3048 ἁθρόα
1143 2981 1233 3026 τοῦ
1280 2973 1677 3047 Θεοφιλεστάτου
1705 2973 1924 3026 ἐπισκό-

311 3079 418 3112 που
484 3064 773 3136 Γρηγορίου
833 3061 1194 3138 ἀναχώρησις,
1235 3065 1363 3136 μετὰ
1427 3067 1582 3126 ποίας
1642 3064 1810 3125 αἰτίας
1837 3083 1923 3136 γε·

309 3152 521 3222 νομένη,
579 3150 898 3224 ἁγνοουμένη
941 3157 1109 3228 μέχρι
1167 3161 1258 3206 τοῦ
1284 3161 1393 3209 νῦν.
1426 3153 1486 3206 Ὀ
1530 3151 1588 3207 δὲ
1626 3155 1919 3230 ἅνθρωπος,

310 3244 434 3311 περὶ
464 3239 525 3292 οὗ
578 3237 725 3313 κάγὼ
766 3244 907 3314 ἤμην
944 3239 1250 3315 διαλεχθεὶς
1279 3251 1341 3316 τῇ
1376 3242 1660 3302 τελειότητί
1699 3246 1774 3316 (4)
1804 3264 1920 3311 σου,

312 3332 410 3381 καὶ
466 3328 622 3390 αὐτὸς
681 3337 771 3382 νῦν
816 3330 1046 3393 ἤλπισας
1098 3335 1304 3405 ἕτοιμον
1364 3334 1514 3399 εἶναι,
1544 3338 1787 3405 γίνωσκε,
1819 3335 1919 3402 ὅτι,

311 3422 497 3494 μακρᾷ
570 3417 845 3493 ἁρῥωστίᾳ
918 3425 1234 3494 περιπεσὼν,
1307 3425 1397 3473 καὶ
1469 3423 1676 3494 κάμνων
1744 3420 1922 3474 λοιπὸν

310 3511 437 3582 περὶ
476 3506 640 3571 αὐτὰς
702 3509 792 3569 τὰς
850 3508 1016 3580 ὄψεις,
1058 3507 1112 3562 ἐκ
1179 3516 1271 3562 τοῦ
1340 3509 1566 3563 παλαιοῦ
1616 3512 1814 3572 πᾶθους
1834 3515 1922 3564 καὶ

310 3603 413 3658 τῆς
480 3599 698 3669 ἔναγχος
758 3597 898 3668 αὐτῷ
965 3597 1336 3671 ἐπισυμϐάσης
1402 3603 1588 3670 νόσον,
1663 3599 1921 3662 παντελῶς

311 3688 598 3761 ἄχρηστος
660 3690 792 3762 πρὸς
844 3689 937 3750 τὰς
1017 3691 1291 3760 τυχούσας
1321 3687 1573 3762 ἐνεργείας
1635 3687 1918 3762 ἁπέμεινεν.

307 3774 498 3838 ’Ἄλλος
546 3773 606 3830 δε
654 3776 747 3829 οὐκ
804 3780 917 3831 ἔστι
972 3778 1096 3850 παρ’
1126 3779 1272 3852 ἡμῖν.
1321 3777 1483 3832 Ὠστε
1514 3777 1739 3852 βέλτιον,
1763 3779 1808 3831 εἰ
1832 3783 1922 3831 καὶ

309 3868 444 3940 ἡμῖν
509 3864 790 3940 ἐπέτρεψαν
855 3870 912 3920 τὸ
989 3873 1230 3941 πρᾶγμα,
1301 3866 1407 3920 ἀλλ’
1477 3864 1565 3920 οὖν
1632 3869 1687 3931 ἐξ
1753 3869 1921 3920 αὐτῶν

309 3959 521 4009 ἐκείνων
586 3958 702 4008 τινὰ
773 3955 1154 4032 προϐληθῆναι.
1190 3961 1292 4010 Καὶ
1331 3960 1433 4030 γὰρ
1501 3959 1747 4030 ἡγεῖσθαι
1808 3963 1917 4030 χρὴ

309 4051 486 4098 ταῦτα
547 4047 639 4118 μὲν
695 4053 791 4106 τῆς
847 4044 1080 4118 ἀνάγκης
1137 4044 1265 4098 εἶναι
1321 4048 1388 4098 τὰ
1446 4047 1678 4121 ῥήματα,
1712 4051 1805 4106 τὴν
1863 4044 1923 4100 δὲ

309 4136 501 4206 ψυχὴν
549 4134 717 4187 αὐτῶν
770 4133 926 4188 ἐκεῖνο
988 4135 1295 4209 βούλεσθαι,
1356 4138 1476 4211 ὅπερ
1527 4137 1578 4200 ἐξ
1609 4135 1784 4211 ἀρχῆς
1815 4135 1923 4189 ἐπε-

311 4277 470 4335 levis
500 4278 989 4351 essemomenti:
1026 4278 1187 4334 unde
1214 4278 1469 4336 Basilius
1501 4278 1659 4335 hanc
1697 4278 1928 4351 opinio-

312 4364 458 4432 nem
489 4348 702 4432 refellit
731 4350 1156 4432 iri-epistﬂli.
1192 4353 1336 4432 Rem
1372 4357 1506 4432 astu
1563 4348 1922 4432 tractabant,

316 4420 608 4495 etidcirco
631 4420 860 4495 fraudis
880 4420 1705 4495 iniraaccusanturDenique
1725 4423 1921 4495 perin-

317 4491 714 4565 commodum
744 4491 870 4565 fore
897 4493 977 4565 ait
1009 4493 1278 4561 Basilius,
1309 4494 1371 4548 in
1401 4491 1685 4565 epist.2'14
1710 4491 1803 4549 {Si
1819 4495 1925 4565 qui

318 4576 402 4618 ex
428 4564 611 4632 nobis,
638 4563 852 4636 inquit,
875 4564 1207 4636 videantwj
1221 4579 1404 4636 unam
1438 4563 1808 4636 hypostasini
1828 4563 1920 4619 21i-

318 4649 477 4690 cere.
509 4638 635 4691 Non
666 4634 809 4704 ergo
839 4651 1053 4691 omnes
1084 4634 1146 4690 id
1175 4634 1483 4699 dixissent,
1519 4635 1626 4690 sed
1667 4634 1920 4706 quidam

313 4709 553 4779 tantum
586 4721 804 4779 nempe
834 4706 1116 4762 Paulinus
1146 4711 1202 4779 et
1233 4706 1339 4778 qui
1365 4722 1504 4779 cum
1535 4721 1612 4779 eo
1629 4711 1817 4761 erant.

392 4778 508 4850 (99)
533 4776 886 4850 Ἀπηγγξλθη.
926 4779 1011 4833 Ita
1041 4777 1198 4833 Harl.
1231 4776 1287 4850 et
1313 4777 1490 4850 Cioisl.
1525 4776 1920 4850 primus,qui-

308 4848 434 4905 bus
465 4847 626 4904 favet
653 4847 1116 4920 cedexinsignis
1140 4848 1414 4904 Ecclesiae
1451 4847 1824 4920 Parisiensis,
1857 4847 1920 4904 in

307 4921 693 4992 quolegitur
718 4920 1011 4992 ὰπηγγὲλη.
1042 4921 1228 4977 Iidem
1261 4919 1501 4992 codices
1531 4925 1589 4974 et
1623 4919 1722 4974 alii
1770 4935 1923 4975 non-

309 4989 470 5064 ﬁulli
524 4989 903 5064 ὑίπηγάγοντοξ-
945 4992 1103 5064 Εόὶῑὶν
1141 4991 1436 5064 ἁπμγγὲλη,
1489 4995 1570 5044 ὅτι
1624 4991 1916 5062 ὑπήγαγον.

307 5061 667 5187 ξ’ἃῗιοιροεὶ
695 5061 838 5120 édili
864 5061 1498 5136 ’ἀπέστειλαη-ἐπισχῲν.
1545 5064 1657 5120 Sex
1687 5061 1837 5119 mss.
1858 5069 1920 5119 ut

313 5149 382 5187 ιο
435 5149 505 5187 ex
536 5151 596 5187 ΙΙ.

313 5134 382 5189 in
409 5134 596 5189 textu.

397 5205 414 5265 ζ
425 5205 474 5276 1)
505 5209 608 5259 Τόὺ
635 5208 855 5262 Πόντου.
889 5206 982 5262 Sic
1005 5205 1300 5276 legiturin
1333 5205 1667 5278 codicibus,
1703 5205 1766 5261 in
1791 5205 1919 5278 qui-

317 5275 461 5349 bus
494 5282 690 5336 exstat
739 5278 973 5334 initium
1023 5275 1410 5347 hujustertiee
1431 5275 1925 5349 epistolze;déest

325 5347 491 5403 enim
516 5351 575 5404 in
600 5349 927 5406 nonnullis.
961 5349 1111 5406 Editi
1140 5357 1248 5411 Τῆς
1269 5347 1488 5405 IIem-ou}

395 5421 472 5490 (2)
503 5425 765 5497 Μέτρίως.
797 5424 956 5477 Hanc
985 5437 1192 5497 vocem
1215 5419 1805 5497 l‘illemontiusidem
1833 5435 1925 5476 so-

321 5503 471 5561 pare
502 5491 804 5548 existimat
831 5508 902 5548 ac
936 5493 1340 5549 mediocriter.
1366 5491 1530 5547 Unde
1544 5491 1769 5561 colligit
1795 5507 1923 5546 mo-

319 5560 528 5630 lestiis,
557 5580 694 5630 quae
718 5564 934 5620 Basilio
976 5581 1012 5620 a
1067 5562 1650 5621 Neocaesariensibus
1691 5560 1924 5619 accide-

316 5639 481 5716 rant,
507 5633 654 5716 nihil
679 5636 854 5716 Ponti
880 5636 1196 5716 episcopos
1231 5633 1560 5716 addidisse,
1590 5633 1697 5716 sed
1725 5634 1925 5716 potius

319 5704 584 5785 gratiam
608 5707 762 5772 inter
789 5723 893 5766 eos
915 5704 980 5768 'et
1010 5704 1296 5769 Basilium
1327 5709 1553 5765 sartam
1583 5704 1925 5764 fuisseNon

2418 1363 2821 1434 Amphilochia
2860 1363 2933 1420 de
2969 1363 3321 1420 canonibus.

2101 1451 2182 1505 Ex
2212 1448 2394 1523 longo
2424 1466 2702 1508 reversus
2730 1452 2938 1509 itinere
2982 1451 3275 1516 (abieram
3303 1449 3463 1508 enim
3487 1463 3680 1523 usque

2028 1537 2090 1594 in
2129 1541 2383 1596 Pontum
2423 1541 2803 1612 negotiorum
2844 1541 3380 1599 ecclesiasticorum
3411 1554 3596 1596 causa
3623 1541 3682 1596 et

2028 1631 2094 1684 ut
2133 1628 2444 1686 inviserem
2481 1631 2904 1705 propinquos),
2932 1647 3074 1688 cum
3112 1635 3170 1688 et
3210 1645 3416 1686 meum
3454 1643 3678 1700 corpus

2029 1718 2400 1775 confractum
2429 1720 2788 1791 retulissem,
2817 1725 2874 1778 et
2899 1721 3104 1778 animo
3138 1719 3284 1777 satis
3341 1716 3679 1787 afﬂictarer,

2030 1806 2411 1880 ubiprimum
2439 1808 2674 1882 pietatis
2703 1813 2818 1866 tuae
2838 1809 3064 1867 litteras
3087 1809 3148 1866 in
3174 1823 3398 1866 manus
3422 1804 3680 1879 sumpsi,

2028 1897 2303 1953 omnium
2327 1899 2529 1955 statim
2551 1899 2770 1957 oblitus
2795 1916 2950 1969 sum,
2974 1904 3031 1957 et
3059 1899 3225 1956 vocis
3240 1897 3386 1954 mihi
3404 1895 3680 1953 omnium

1978 1993 1986 2001 '
2022 1985 2792 2058 jucundissimre,etmanus
2803 1989 3186 2048 amicissima:
3199 1987 3384 2062 signis
3399 1984 3680 2058 acceptis.

2029 2075 2179 2132 Cum
2207 2077 2386 2148 igitur
2404 2078 2607 2134 litteris
2639 2080 2754 2136 tuis
2782 2079 2898 2136 sim
2925 2079 3007 2136 ita
3025 2081 3351 2148 recreatus,
3383 2076 3682 2147 conjicere

2028 2164 2214 2222 debes
2243 2167 2456 2241 quanti
2484 2167 2705 2226 faciam
2733 2173 2906 2226 tuum
2937 2184 3358 2240 congressum,
3381 2179 3558 2239 quem
3576 2163 3683 2220 uti-

2029 2257 2421 2322 nam,Sancto
2452 2257 2826 2329 moderante,
2848 2273 3209 2332 consequar,
3230 2255 3337 2313 ubi
3355 2253 3680 2313 molestum

2031 2359 2156 2400 non
2173 2343 2365 2412 fuerit,
2389 2361 2460 2402 ac
2481 2361 2593 2403 nos
2617 2347 2754 2420 ipse
2774 2347 3402 2419 advocaveris.Neque
3428 2343 3612 2411 enim,
3629 2343 3680 2399 si

2031 2432 2111 2489 ad
2137 2433 2296 2489 aedes
2325 2451 2468 2508 quoe
2500 2436 2911 2509 Euphemiade
2939 2441 3094 2508 sunt,
3119 2433 3464 2504 accesseris,
3500 2445 3680 2504 grave

2031 2521 2178 2578 mihi
2209 2523 2317 2579 erit
2342 2523 2402 2579 in
2433 2540 2625 2581 unum
2654 2525 2855 2582 venire
2875 2529 2931 2582 et
2952 2524 3256 2582 molestias
3271 2522 3370 2580 hic
3394 2521 3680 2592 ingrueno

2029 2613 2118 2668 tes
2145 2611 2397 2685 fugienti
2434 2617 2490 2670 et
2519 2613 2596 2670 ad
2623 2619 2790 2670 tuam
2822 2615 2998 2688 325
3022 2613 3272 2672 minime
3291 2612 3556 2668 fucatam
3586 2608 3683 2668 di-

2029 2699 2349 2756 lectionem
2380 2701 2700 2758 festinanti.
2728 2705 3002 2760 Fortasse
3033 2707 3236 2760 autem
3273 2701 3424 2758 mihi
3453 2705 3511 2757 et
3541 2699 3684 2756 alio-

2031 2790 2137 2863 qui
2167 2791 2584 2848 necessitatem
2625 2792 2799 2850 aﬂ‘ert
2852 2793 3208 2850 Nazianzum
3232 2806 3427 2866 usque
3450 2788 3687 2864 proﬁci-

2031 2881 2236 2937 scendi
2267 2882 2580 2955 repentina
2621 2883 3056 2954 religiosissimi
3110 2882 3380 2958 episcopi
3419 2879 3686 2951 Gregorii

2031 2969 2340 3036 discessio,
2359 2987 2496 3043 quae
2509 2972 2732 3046 quibus
2745 2973 2820 3029 de
2834 2973 3033 3030 causis
3063 2972 3369 3040 acciderit,
3387 2971 3684 3028 hactenus

2027 3059 2262 3131 ignoro.
2287 3061 2570 3118 Caeterum
2596 3063 2793 3118 virum
2828 3062 3022 3133 illum,
3065 3063 3139 3119 de
3168 3077 3290 3135 quo
3318 3065 3376 3118 et
3400 3074 3513 3131 ego
3545 3074 3686 3115 cum

2028 3153 2135 3206 tua
2158 3151 2507 3223 praestantia
2543 3153 2778 3208 locutus
2815 3167 3004 3224 eram,
3051 3148 3686 3225 quemquenuncipse

2029 3244 2309 3312 paratum
2332 3256 2466 3297 esse
2492 3257 2720 3313 speras,
2754 3241 2908 3298 scias
2929 3241 3126 3312 vclim,
3160 3241 3443 3297 diuturno
3468 3236 3686 3294 morbo

2029 3333 2391 3401 correptum,
2419 3345 2492 3386 ac
2522 3329 2596 3386 de
2631 3333 2845 3388 caetero
2873 3330 3019 3404 ipsis
3057 3330 3246 3387 oculis
3278 3328 3686 3394 laborantem,

2029 3432 2170 3474 cum
2200 3434 2273 3475 ex
2300 3419 2480 3476 veteri
2508 3419 2743 3486 morbo,
2775 3424 2906 3477 tum
2933 3437 3007 3477 ex
3035 3419 3412 3490 aegritudine,
3435 3433 3572 3492 quae
3593 3431 3682 3472 re-

2030 3523 2174 3566 cens
2203 3508 2255 3564 ei
2285 3510 2650 3582 supervenit,
2701 3509 2978 3568 inutilem
3010 3510 3260 3567 omnino
3290 3508 3371 3566 ad
3398 3506 3685 3582 quaelibet

2028 3599 2238 3656 munia
2278 3599 2553 3656 relictum
2599 3616 2755 3656 esse.
2807 3600 2970 3657 Alius
3004 3605 3208 3658 autem
3237 3614 3360 3656 non
3404 3602 3495 3654 est
3515 3594 3682 3671 apud

2027 3705 2160 3745 nos.
2194 3691 2389 3756 Quare
2422 3689 2610 3746 satius
2644 3690 3010 3761 est,etiamsi
3028 3706 3158 3748 rem
3197 3688 3443 3747 arbitrio
3469 3691 3681 3744 nostro

2026 3779 2700 3853 permiserint,aliquem
2721 3783 2924 3836 tamen
2954 3795 3027 3836 ex
3046 3779 3161 3836 illis
3183 3779 3333 3852 ipsis
3353 3775 3681 3847 designari.

2029 3872 2179 3926 Nam
2200 3869 2441 3924 credere
2466 3884 2578 3941 par
2598 3873 2706 3934 est,
2723 3869 2853 3925 haec
2877 3869 3128 3942 quidem
3153 3866 3523 3925 necessitatis
3547 3880 3683 3922 esse

2029 3957 2236 4022 verba,
2271 3957 2376 4013 sed
2405 3973 2613 4013 eorum
2645 3959 2920 4014 animum
2945 3959 3002 4014 id
3026 3957 3174 4015 velle
3203 3957 3372 4030 quod
3401 3955 3480 4013 ab
3514 3954 3683 4012 initio

2030 4047 2605 4120 depoposcerant,ut
2619 4063 2868 4104 suorum
2886 4048 3104 4122 aliquis
3121 4044 3688 4122 praeﬁciaturﬂuod

2034 4135 2086 4192 si
2119 4135 2255 4208 quis
2279 4135 2353 4191 sit
2380 4151 2455 4192 ex
2482 4137 2827 4210 neophytis,
2856 4137 2980 4194 sive
3009 4137 3356 4195 Macedonio
3379 4137 3463 4195 ita
3481 4136 3687 4194 videa-

2034 4279 2293 4354 quadrat
2321 4279 2446 4336 haec
2468 4279 2761 4337 sententia
2783 4295 2920 4336 cum
2940 4279 3218 4354 pluribus
3246 4279 3686 4354 Basiliilitteris,

2034 4350 2096 4425 in
2116 4351 2340 4425 quibus
2359 4359 2676 4425 acceptum
2696 4368 2766 4425 ex
2786 4350 3382 4425 Neociesariensibus
3396 4350 3686 4425 conviciis

2033 4422 2310 4478 dolorem
2355 4423 2440 4478 sic
2502 4422 2803 4493 describit,
2838 4427 2903 4479 ut
2958 4422 3686 4493 mediocrisgviderirnon

2031 4493 2243 4564 possit.
2285 4495 2691 4557 Quamobrem
2729 4491 2938 4550 malim
2983 4511 3121 4550 cum
3153 4492 3512 4550 Combeﬁsio
3535 4491 3685 4548 illud

2031 4568 2256 4637 μετρίως
2287 4565 2512 4637 magni,
2533 4565 2760 4621 doloris
2791 4565 3082 4637 indicium
3115 4565 3477 4637 existimare.
3512 4565 3684 4637 Saepe

2029 4635 2330 4708 ejusmodi
2365 4636 2640 4705 vocibus,
2672 4641 2916 4708 μετρίως,
2949 4636 3204 4708 ἐπιεικῶς,
3236 4635 3684 4708 ηοῐιίωὶηυῇυι·

2027 4721 2144 4774 res,
2177 4706 2282 4778 sed
2316 4713 2590 4778 augetur.
2628 4705 2812 4773 Quale
2841 4711 2931 4762 est
2963 4707 3107 4778 illud
3145 4707 3408 4778 Gregorii
3435 4705 3683 4778 Nazian-

2027 4778 2155 4832 zeni
2185 4777 2427 4850 inerat.
2453 4783 2543 4849 20,
2573 4795 2631 4850 p.
2658 4783 2782 4846 327,
2813 4778 2890 4850 de
2918 4777 3063 4850 ludo
3091 4777 3338 4850 Athenis
3374 4777 3682 4850 inhospi-

2029 4853 2115 4904 tes
2147 4847 2483 4904 studiorum
2531 4847 2722 4906 causa
2766 4848 3156 4905 advenientes
3206 4848 3333 4904 ludi
3373 4848 3545 4904 solito
3581 4847 3681 4902 Καὶ

2025 4923 2083 4972 τὸ
2125 4922 2346 4993 πρᾶγμά
2381 4922 2521 4973 ἐστιν
2564 4921 2800 4982 ἐπιεικῶς
2831 4921 3021 4973 ὰτοπον
3052 4925 3142 4974 καὶ
3175 4917 3469 4994 δαιμόνιον.
3497 4927 3685 4992 Atque

2021 5007 2096 5048 ea
2136 4992 2228 5066 res
2252 4992 2621 5066 vehementer
2645 4992 2912 5066 absurda
2950 4998 3004 5048 et
3038 4992 3410 5066 prodigiosa.
3456 4998 3686 5066 Μετρίῳς

2029 5064 2194 5134 apud
2225 5063 2509 5118 eumdem
2543 5066 2715 5133 Greg.
2750 5061 2910 5119 idem
2969 5061 3146 5120 sonat
3190 5061 3260 5134 ac
3301 5061 3572 5120 abunde."
3592 5065 3686 5121 Sic

2029 5132 2191 5190 enim
2220 5134 2388 5190 initio
2414 5140 2545 5209 orat
2574 5132 2834 5209 τείρεις.
2870 5139 2966 5209 l3?
2993 5151 3006 5190 :
3043 5135 3146 5209 Ἀρ
3172 5132 3280 5209 οὖν.
3313 5137 3464 5188 ἱκανὰ
3498 5142 3685 5204 ταῦτα,

2031 5210 2121 5282 καὶ
2151 5207 2524 5282 μετρίωςύμίν
2550 5211 2637 5259 τὸν
2683 5204 2854 5282 ᾆνδρα
2879 5207 2903 5259 ό
2951 5204 3347 5282 λόγος’ἑγραψεν
3373 5225 3387 5274 ;
3417 5208 3520 5262 An
3541 5221 3686 5282 pero

2032 5277 2520 5404 Zacsuqigiunt,
2552 5286 2607 5336 et
2629 5277 2866 5336 abunde
2889 5277 3053 5336 vobis
3073 5277 3273 5336 oratio
3301 5279 3460 5335 hunc
3490 5279 3687 5334 virum

2076 5363 2279 5404 emnxz

2076 5350 2308 5417 epinxit

2105 5415 2182 5482 i3)
2212 5425 2306 5482 ’ος
2337 5415 2445 5473 οὖν.
2481 5420 2719 5489 Legitur
2746 5421 2808 5477 in
2847 5421 3158 5479 nonnullis
3198 5418 3511 5478 codicibus
3536 5435 3686 5477 mss.

2034 5497 2098 5553 ὡς
2130 5493 2238 5543 ούν.
2268 5493 2332 5545 In
2348 5491 2465 5547 alio
2494 5491 2655 5545 Ὀσον
2687 5489 2796 5552 οὖν.

2105 5564 2184 5633 (4)
2212 5569 2285 5636 Τῇ
2314 5564 2614 5623 τελειότητι.
2664 5566 2758 5622 Sic
2805 5581 2950 5622 mss.
2999 5563 3295 5638 plerique.
3344 5560 3585 5635 Editirvp'
3615 5581 3688 5616 τι-

2033 5654 2268 5708 mervi!-

2103 5707 2126 5731 ⁸
2150 5705 2313 5764 Alias
2339 5708 2430 5764 IlI.
2464 5706 2696 5784 Scripta
2723 5721 2886 5767 anno
2917 5711 3041 5773 3‘15.
