4148 6394
336 308 444 363 813

1304 303 1791 360 EPISTOLARUM
1830 299 2114 359 CLASSIS
2152 298 2229 354 Il.
2277 301 2497 363 EPIST.
2543 302 2740 361 CCXX.

3598 312 3707 371 ειε

403 435 458 486 2.
503 429 694 483 Ἐκεῖνο
730 430 832 502 γὰρ
863 424 1057 482 εἰδέναι
1082 425 1340 499 βούλομαι
1386 433 1482 487 τήν
1508 431 1736 481 ’σύνεσιν
1794 429 1898 500 ﬁge:

2012 474 2014 481 ,
2116 429 2169 481 2.
2214 426 2374 485 Sciat
2412 427 2577 486 enim
2611 427 2751 497 hoc,
2788 425 2993 497 velim,
3035 427 3359 501 prudentia
3386 436 3606 507 vestra,
3632 434 3707 495 il-

290 565 303 572 -
321 521 411 571 ὅτι
441 518 633 581 ἐκεῖνος
660 521 825 590 μέγας
842 519 988 592 παρὰ
1008 524 1144 586 Θεῷ,
1173 518 1201 567 ό
1232 523 1641 591 ταπεινοφρόνως
1665 518 1933 571 ὑποκατα-

316 609 523 670 κλιθεὶς
570 616 642 679 τῷ
698 606 940 677 πλησίον,
992 606 1080 659 καὶ
1132 604 1567 678 ἀνεπαισχύντως
1619 607 1694 678 ἐφ’
1754 608 1932 659 ἑαυτὸν

316 694 709 769 ἀναδεξάμενος
754 700 823 749 τὰ
859 695 1181 767 ἐγκλήματα,
1228 694 1321 748 κᾶν
1365 701 1437 768 μή
1484 696 1652 755 ἀληθῆ
1705 693 1759 768 ᾖ,
1801 698 1927 769 ὑπὲρ

311 794 416 841 τοῦ
465 790 523 839 τὸ
561 790 700 859 μέγα
743 785 919 858 ὄφελος
956 789 1049 844 τὴν
1089 785 1296 856 εἰρήνην
1339 787 1683 859 χαρίσασθαι
1722 792 1782 856 τῇ
1834 792 1929 838 τοῦ

308 884 458 933 Θεοῦ
495 875 800 946 Ἐκκλησία.
851 881 889 929 Γ
891 877 1078 929 ενέσθω
1122 870 1211 926 οὖν
1258 877 1308 925 ἐν
1340 877 1460 947 ὑμῖν
1497 874 1689 946 ἅμιλλα
1728 872 1924 946 ἀγαθὴ,

305 972 401 1027 τίς
438 974 646 1039 πρῶτος
682 964 981 1035 καταξιωθῇ
1024 966 1134 1024 υἱός
1179 971 1313 1017 Θεοῦ
1355 963 1634 1028 κληθῆναι,
1679 959 1774 1016 δια
1833 971 1923 1024 τῆς

302 1058 665 1131 εἰρηνοποιίας
693 1055 856 1126 ἐαυτῷ
883 1058 940 1107 τό
972 1053 1179 1125 ἀξίωμα
1213 1059 1370 1107 τοῦτο
1426 1055 1917 1127 περιποιησάμενος.

305 1145 611 1201 Ἐπέστειλε
648 1141 709 1199 δε
750 1148 841 1197 καὶ
886 1145 914 1197 ό
959 1143 1349 1214 θεοφιλέστατος
1378 1142 1659 1204 ἐπίσκοπος
1696 1144 1817 1214 ὑμῖν
1858 1146 1922 1196 τὰ

303 1242 600 1309 πρέποντα,
653 1238 744 1287 καὶ
799 1232 1059 1286 ἐπιστελεῖ
1093 1234 1206 1304 (49)
1260 1231 1412 1285 πάλιν
1467 1235 1531 1285 τὰ
1579 1230 1920 1286 ἐπιϐάλλοντα

302 1326 477 1397 αὐτῷ.
525 1324 666 1384 Πλὴν
695 1322 826 1376 ἀλλὰ
854 1328 944 1375 καὶ
972 1324 1144 1396 ἡμεῖς,
1177 1317 1213 1373 δ
1218 1325 1274 1374 ιὰ
1300 1325 1359 1375 τό
1406 1325 1480 1376 ἔτι
1503 1324 1619 1391 (50)
1642 1340 1916 1394 συγκεχωο

299 1416 512 1490 ρῆσθαι
537 1413 805 1486 ἐγγύτεροι
833 1414 976 1485 ὑμῶν
1033 1413 1184 1478 εἶναι,
1230 1410 1431 1483 ἀμελεῖν
1473 1419 1570 1462 τῶν
1623 1411 1743 1463 καθ’
1781 1412 1917 1482 ὑμᾶς

301 1505 372 1558 οὐ
404 1501 691 1576 δυνάμεθα.
711 1501 864 1556 Ὅθεν
903 1506 993 1555 καὶ
1025 1506 1439 1577 παραγενομένου
1471 1509 1563 1553 του
1601 1499 1916 1553 εὐλαϐεστά-

296 1615 401 1648 του
433 1590 660 1666 ἀδελφοῦ
706 1587 985 1664 Θεοδώρου
1015 1598 1108 1644 τοῦ
1165 1587 1539 1659 ὑποδιακόνου,
1572 1594 1659 1642 καὶ
1688 1589 1914 1650 εἰπόντος

2041 512 2171 573 lum
2200 530 2497 586 magnum
2538 531 2671 575 esse
2707 515 2876 590 apud
2911 519 3125 586 Deum,
3170 518 3278 592 qui
3318 535 3385 578 se
3421 523 3705 594 proximo

2040 601 2343 661 humiliter
2367 604 2686 676 submittit,
2715 620 2789 664 ac
2816 605 2967 665 citra
2992 606 3421 667 verecundiam
3447 611 3704 671 crimina

2037 691 2100 748 in
2138 692 2337 766 seipso
2361 693 2591 768 recipit,
2621 693 2860 752 etiamsi
2886 710 3032 753 vera
3055 710 3183 754 non
3208 695 3347 763 sint,
3371 699 3438 756 ut
3459 714 3698 772 pacem,

2036 796 2333 853 magnum
2360 782 2512 842 illud
2535 784 3036 855 emolumentum,
3065 785 3172 844 Dei
3195 787 3472 845 Ecclesia:
3500 789 3701 848 conci-

2032 868 2153 928 liet.
2189 872 2271 929 Sit
2316 871 2519 946 itaque
2558 874 2714 932 inter
2756 890 2863 931 vos
2904 877 3212 933 certamen
3256 876 3513 948 bonum,
3552 878 3696 953 quis

2030 960 2195 1031 prior
2224 966 2653 1036 consequatur,
2687 969 2756 1021 ut
2780 963 2943 1021 ﬁlius
2966 964 3071 1022 Dei
3098 970 3363 1037 vocetur,
3382 967 3545 1026 hanc
3575 967 3697 1028 sibi

2031 1048 2383 1120 dignitatem
2434 1052 2516 1110 ob
2569 1069 2787 1126 pacem
2839 1055 3244 1129 compositam
3299 1073 3698 1134 comparans.

2031 1139 2281 1212 Scripsit
2322 1143 2527 1199 autem
2554 1146 2613 1200 et
2640 1142 3127 1216 religiosissimus
3167 1144 3491 1220 episcopus
3516 1147 3693 1207 vobis

2026 1244 2165 1301 quas
2197 1229 2581 1303 conveniunt,
2616 1247 2689 1288 ac
2710 1248 2922 1290 rursus
2950 1233 3170 1292 scribet
3190 1250 3333 1309 quae
3358 1235 3564 1310 ipsum
3590 1236 3694 1296 de-

2025 1321 2180 1374 cent.
2215 1320 2639 1377 Verumtamen
2666 1324 2725 1379 et
2751 1336 2889 1390 nos,
2917 1337 2992 1380 eo
3018 1322 3189 1397 quod
3210 1323 3414 1383 adhuc
3441 1341 3690 1384 conces-

2025 1421 2163 1463 sum
2206 1408 2305 1480 sit,
2352 1413 2416 1466 ut
2441 1409 2618 1467 vobis
2654 1410 2973 1485 propiores
3007 1412 3219 1485 simus,
3260 1415 3566 1488 negligere
3590 1433 3691 1475 res

2024 1501 2254 1556 vestras
2288 1514 2414 1557 non
2459 1516 2814 1574 possumus.
2862 1502 3030 1560 Unde
3073 1507 3134 1562 et
3175 1520 3318 1563 cum
3347 1506 3693 1569 advenisset

2021 1585 2513 1658 religiosissimus
2580 1589 2765 1648 frater
2829 1589 3192 1651 Theodorus
3247 1594 3687 1669 subdiaconus,

296 1690 404 1742 τήν
435 1682 748 1741 Ἐκκλησίαν
795 1679 845 1735 ἰν
888 1681 1022 1752 λύπῃ
1073 1677 1203 1732 εῖναι
1242 1684 1333 1731 καὶ
1378 1686 1616 1751 ταραχῇ,
1670 1674 1898 1752 σφοδρῶς

2022 1675 2391 1751 dixissetque
2416 1678 2746 1737 Ecclesiam
2769 1680 2834 1737 in
2862 1681 3147 1740 mmstitia
3172 1699 3305 1741 esse
3343 1700 3420 1743 ac
3453 1690 3688 1760 pertur-

300 1770 667 1846 συντριϐέντες
696 1775 786 1824 καὶ
816 1770 1009 1844 βαθείᾳ
1036 1767 1198 1841 ὀδύνη
1239 1773 1334 1826 τήν
1364 1765 1592 1842 καρδίαν
1616 1767 1909 1839 πληγέντες,

295 1863 595 1934 ἠσυχάσαι
619 1860 715 1912 οὐκ
754 1860 1095 1933 ἠνειχόμεθα·
1134 1857 1263 1910 αλλὰ
1303 1855 1724 1929 παρεκαλέσαμεν
1752 1857 1908 1928 ὑμᾶς,

294 1956 482 2005 πᾶσαν
510 1946 867 2020 δικαιολογίαν
888 1953 983 2010 της
1012 1952 1142 2020 πρὸς
1171 1946 1418 2006 ἀλλήλους
1445 1945 1722 2019 ῥίψαντας,
1754 1964 1912 1998 κατα-

295 2040 613 2115 πράξασθαι
638 2043 731 2098 τὴν
760 2039 991 2113 εἰρήνην,
1022 2040 1106 2091 ἵνα
1144 2041 1275 2103 μήτε
1299 2032 1495 2094 ἡδονήν
1524 2040 1633 2094 τοῖς
1664 2032 1909 2096 ἐναντίοις

301 2130 689 2205 παράσχησθε,
718 2133 845 2200 μήτε
885 2131 944 2180 τὸ
982 2128 1242 2197 καύχημα
1272 2132 1367 2184 τῆς
1416 2122 1735 2184 Ἐκκλησίας
1780 2142 1910 2198 προ-

303 2217 460 2291 δῶτε,
494 2220 522 2273 ὁ
549 2225 638 2269 νῦν
667 2219 737 2279 εὶς
764 2224 940 2270 πᾶσαν
967 2221 1055 2274 τήν
1096 2215 1399 2287 οἰκουμένην
1432 2209 1466 2264 δ
1474 2210 1797 2280 ιαϐεϐόηται,
1827 2212 1910 2265 ὅτι

296 2313 351 2364 οἱ
372 2313 579 2379 πάντες,
610 2310 676 2368 ὡς
706 2309 809 2360 ὑπὸ
848 2311 973 2378 μιᾶς
1007 2304 1197 2377 ψυχῆς
1226 2308 1315 2356 καὶ
1344 2297 1566 2374 καρδίας
1608 2301 1907 2373 οἰκονομού-

293 2420 466 2473 μενοι,
490 2399 539 2452 ἐν
565 2399 637 2452 ἐνὶ
684 2404 892 2469 σώματι
909 2396 1044 2447 οὕτω
1062 2389 1291 2464 διάγετε.
1310 2392 1489 2445 Πάντα
1516 2394 1604 2443 τόν
1655 2389 1776 2443 λαόν
1815 2398 1907 2442 τοῦ

298 2498 463 2560 Θεοῦ,
487 2491 604 2548 τούς
628 2504 684 2540 τε
704 2486 753 2539 ἐν
810 2485 1076 2557 ἀξιωμασι
1123 2489 1213 2535 καὶ
1247 2478 1583 2541 δυναστείαις
1612 2479 1908 2539 πολιτικαῖς

295 2582 535 2646 (51),καὶ
555 2582 648 2630 τοῦ
660 2596 759 2629 παν
768 2578 853 2634 τός
872 2574 1067 2649 κλήρου
1084 2576 1142 2624 τό
1156 2571 1253 2628 πλή
1262 2566 1532 2645 ρωμαεδια
1546 2577 1606 2625 τῆ
1620 2588 1641 2628 ς
1658 2569 1905 2641 ὑμετέρας

298 2666 564 2728 εὐλαϐείας
610 2665 1081 2736 κατασπαζόμεθα,
1129 2666 1220 2714 καὶ
1258 2658 1657 2733 παρακαλοῦμεν
1696 2658 1904 2728 ὁμοίους

301 2758 512 2817 ἑαυτοῖς
560 2752 845 2828 διαμεῖναι.
902 2749 1169 2824 Οὑδεμίαν
1216 2752 1317 2822 γὰρ
1366 2748 1675 2821 προσθήκην
1722 2745 1903 2807 ἐπιζη-

297 2854 512 2917 τοῦμεν,
544 2842 635 2898 διὰ
670 2849 726 2898 τὸ
770 2850 945 2897 πᾶσαν
990 2840 1277 2913 ὑπερϐολήν
1314 2834 1670 2914 προλαϐόντας
1718 2835 1902 2896 αὐτοὺς

2020 1763 2287 1830 batione,
2321 1771 2452 1825 tum
2480 1768 2657 1827 valde
2686 1769 2944 1840 contriti,
2992 1772 3171 1845 333
3216 1776 3278 1831 et
3310 1774 3438 1833 imo
3479 1775 3685 1834 cordis

2021 1852 2230 1911 dolore
2258 1857 2546 1930 perculsi,
2573 1858 2871 1917 conticere
2898 1874 3025 1918 non
3054 1861 3406 1935 potuimus:
3438 1864 3548 1922 sed
3572 1880 3685 1923 vos

2020 1942 2323 2002 adhortati
2354 1962 2593 2018 sumus,
2633 1951 2701 2006 ut
2741 1963 2990 2006 omnem
3033 1949 3193 2009 inter
3243 1967 3353 2010 vos
3389 1953 3546 2026 juris
3586 1953 3684 2014 di-

2022 2034 2456 2105 sceptationem
2484 2036 2892 2109 projicientes,
2915 2053 3135 2111 pacem
3162 2043 3565 2115 componatis,
3601 2060 3684 2102 ne

2021 2120 2283 2180 efferatis
2310 2124 2577 2182 laetitiam
2605 2125 2991 2197 adversariis,
3030 2143 3182 2187 neve
3204 2129 3367 2205 hanc
3403 2131 3682 2191 Ecclesiae

2018 2211 2439 2282 gloriationem
2467 2214 2761 2288 prodatis,
2789 2231 2929 2290 quas
2955 2232 3122 2277 nunc
3140 2235 3252 2292 per
3277 2224 3473 2279 totum
3499 2225 3684 2283 terra-

1998 2287 2154 2356 rum
2202 2302 2414 2360 orbem
2461 2287 2849 2377 praedicatur,
2894 2321 3005 2364 vos
3057 2287 3334 2367 videlicet
3382 2314 3682 2385 tanquam

2018 2390 2229 2448 anima
2255 2407 2381 2449 una
2407 2396 2466 2450 et
2492 2393 2676 2451 corde
2715 2409 2838 2452 uno
2875 2396 3267 2470 gubernatos,
3320 2400 3409 2457 ita
3451 2400 3516 2458 in
3556 2417 3683 2460 uno

2016 2495 2268 2553 corpore
2291 2482 2541 2539 versari.
2580 2484 2837 2541 Omnem
2864 2484 2969 2542 Dei
2995 2487 3317 2561 populum,
3347 2488 3685 2549 honoratos

2016 2574 2073 2626 et
2101 2569 2510 2643 magistratus,
2541 2574 2602 2629 et
2641 2573 2822 2630 totius
2849 2572 2991 2631 cieri
3020 2578 3246 2634 emtum
3276 2592 3388 2651 per
3412 2583 3682 2638 vestram

2014 2657 2298 2731 pietatem
2330 2659 2691 2730 salutamus,
2720 2659 3245 2738 adhortamurque
3280 2670 3346 2726 ut
3390 2668 3486 2725 sui
3512 2668 3682 2743 ipso-

2012 2761 2153 2803 rum
2178 2761 2418 2821 semper
2442 2755 2847 2822 permaneant
2888 2751 3141 2839 similes‘.
3169 2757 3322 2812 Nam
3347 2756 3681 2816 incremen-

2013 2841 2142 2892 tum
2184 2836 2422 2894 nullum
2468 2839 2874 2911 exposcimus,
2917 2855 2991 2899 eo
3040 2836 3212 2916 quod
3264 2845 3678 2907 accessionem

299 2932 401 2990 διὰ
422 2943 516 2997 τῆς
542 2942 638 2986 τῶν
670 2932 878 3005 ἀγαθῶν
906 2935 1066 3006 ἔργων
1097 2924 1393 2990 ἐπιδείξεως
1424 2924 1733 2979 ἀποκλεῖσαι
1761 2926 1898 2995 (52).

2012 2940 2259 3015 omnem
2283 2926 2415 3015 jam
2441 2926 2558 3000 ipsi
2581 2942 2692 3001 per
2720 2927 2884 2988 edita
2908 2929 3217 2994 bonorum
3251 2949 3510 3009 operum
3534 2953 3679 3015 spe:

854 3151 1187 3203 ΣΠΙΣΤΟΛΗ
1226 3141 1342 3198 ZK'.

2010 3014 2238 3073 cimina
2262 3014 2643 3075 excluserim.

2547 3142 2887 3203 EPISTOLA
2910 3146 3132 3206 CCXX’.

285 3284 572 3339 Testatur
601 3277 870 3336 Basilius
900 3274 1134 3331 clericis
1163 3266 1595 3356 Berwensious,
1626 3280 1686 3322 se
1726 3264 1809 3322 ad
1838 3279 2043 3356 eorum
2084 3270 2697 3356 ςινῃονεπιιεαξᾳτείεξς,
2723 3270 3130 3356 lectiseorum
3154 3262 3396 3356 litteris,
3424 3286 3481 3356 et
3510 3282 3667 3352 ipso.

359 3369 499 3408 rum
526 3366 598 3409 ac
626 3349 806 3405 totius
831 3346 1045 3417 populi
1065 3346 1288 3421 virtute
1317 3340 1561 3421 cognita
1588 3352 1661 3395 ex
1686 3352 1956 3395 sermone
1979 3338 2191 3395 Acacii
2207 3338 2564 3411 presbyteri.
2608 3342 2831 3401 Pacem
2861 3343 2992 3403 illis
3027 3353 3166 3407 orat
3185 3357 3321 3421 post
3351 3338 3436 3409 tot
3475 3338 3666 3415 certa-

357 3425 547 3492 mina,
579 3428 634 3479 et
673 3421 754 3479 ad
776 3414 1282 3491 perseverantiam
1315 3414 1617 3469 hortatur.

789 3552 922 3617 Προς
948 3542 1067 3602 τούς
1104 3540 1153 3592 ἂν
1187 3543 1389 3613 Βεροίᾳ.

353 3675 597 3748 Μεγάλην
650 3676 677 3726 ό
731 3675 922 3747 Κύριος
976 3666 1141 3722 ἔδωκε
1204 3666 1539 3738 παραμυθίαν
1596 3668 1703 3724 τοῖς
1761 3659 1889 3714 ἀπο-

272 3768 680 3840 λιμπανομένοις
716 3772 807 3822 τῆς
873 3760 989 3813 κατ’
1055 3756 1347 3829 ὀφθαλμοὺς
1410 3757 1725 3825 συντυχίας,
1792 3757 1887 3809 τὴν

275 3854 380 3910 διὰ
424 3863 520 3909 τοῦ
570 3855 875 3929 γράμματος
926 3848 1153 3922 ὁμιλίαν,
1212 3845 1266 3909 ἐξ
1323 3846 1385 3906 ἧς
1443 3845 1557 3896 ἔστι
1609 3841 1887 3923 μανθάνειν

272 3947 338 4000 οὑ
372 3950 460 3998 τὸν
501 3945 798 4017 σωματικόν
828 3946 1170 4015 χαρακτῆρα,
1211 3933 1318 3988 ἀλλ’
1350 3933 1510 3992 αὐτῆς
1556 3939 1652 3991 τῆς
1702 3929 1884 4001 ψυχῆς

271 4042 374 4097 τὴν
416 4032 677 4089 διάθεσιν.
706 4030 860 4086 Ὀθεν
899 4033 989 4082 καὶ
1030 4034 1141 4091 νῦν,
1183 4021 1454 4096 δεξάμενοι
1494 4022 1560 4073 τὰ
1595 4022 1885 4093 γράμματα

267 4136 366 4187 τῆς
421 4122 687 4183 εὐλαϐείας
750 4124 912 4194 ὑμῶν,
993 4119 1125 4191 ὁμοῦ
1190 4134 1244 4167 τε
1305 4112 1658 4187 ἐγνωρίσαμεν
1723 4111 1878 4183 ὑμᾶς,

268 4221 367 4271 καὶ
404 4220 500 4274 τὴν
540 4218 656 4289 περὶ
706 4212 836 4285 ὑμᾶς
864 4210 979 4281 (53)
1028 4205 1236 4279 ἀγάπην
1279 4209 1396 4265 ταῖς
1433 4196 1682 4272 καρδίαις
1731 4200 1878 4273 ἡμῶν

266 4303 604 4377 ἀνελάϐομεν,
648 4301 709 4354 οὐ
764 4297 1034 4359 δεηθέντες
1091 4298 1288 4371 χρόνον
1341 4297 1548 4367 μακροῦ
1599 4290 1876 4348 συνήθειαν

269 4393 605 4465 ἐμποιοῦντος
654 4393 799 4464 ἡμῖν.
855 4387 940 4451 Ἐξ
995 4386 1158 4451 αὐτῆς
1223 4385 1321 4457 γὰρ
1378 4389 1471 4442 τῆς
1539 4379 1873 4452 ἐναποκειμέ-

271 4500 371 4541 νης
432 4489 540 4545 τοῖς
601 4478 884 4556 γράμμασι
947 4473 1191 4537 διανοίας
1254 4472 1327 4533 εἰς
1389 4474 1448 4523 τὸ
1511 4469 1719 4545 φίλτρον
1780 4477 1873 4522 τοῦ

270 4569 494 4634 κάλλους
530 4580 625 4633 τῆς
660 4569 849 4641 ψυχῆς
877 4568 1021 4640 ὑμῶν
1069 4562 1434 4633 ἐξεκαύθημεν.
1481 4564 1581 4614 Καὶ
1619 4562 1721 4633 γὰρ
1750 4561 1873 4632 πρὸς

265 4666 384 4722 τοῖς
436 4658 843 4733 ἐπεσταλμένοις,
899 4656 1156 4714 τοιούτοις
1201 4647 1370 4722 οὖσιν,
1440 4651 1515 4703 ἔτι
1561 4652 1651 4701 καὶ
1702 4648 1732 4704 ἡ
1774 4652 1872 4699 τῶν

262 4753 642 4827 μεσιτευόντων
723 4743 957 4819 ἀδελφῶν
1046 4742 1196 4801 ἐπιτη
1206 4738 1239 4794 δ
1244 4744 1382 4800 ειότη
1393 4760 1415 4801 ς
1507 4740 1872 4814 ἐναργέστερον

262 4844 394 4914 ἡμῖν
419 4835 622 4893 ἐδείκνυ
666 4840 734 4891 τα
760 4835 877 4890 καθ’
927 4836 1081 4909 ὑμᾶς.
1126 4832 1187 4885 Ὀ
1232 4834 1333 4907 γὰρ
1384 4830 1745 4887 ποθεινότατος
1782 4831 1873 4880 καὶ

259 4927 639 4988 εὖλαϐἑστατος
689 4923 1145 4999 συμπρεσϐύτερος
1193 4923 1339 4994 ἡμῶν
1381 4920 1646 4988 ’Δκάκιος,
1694 4916 1873 4970 πλείο-

257 5040 329 5076 να
400 5025 501 5074 τῶν
566 5015 955 5089 ἐπεσταλμένων
1018 5009 1379 5085 διηγούμενος,
1450 5014 1542 5064 καὶ
1601 5006 1688 5061 ὑπ’
1751 5006 1873 5077 ὀψιν

339 5219 450 5295 (ρθ)
497 5214 905 5295 Κᾳιμέἶτιστελιῖ..
928 5216 1012 5271 Ita
1035 5217 1155 5295 tres
1191 5209 1583 5295 vetustissimi
1612 5208 1871 5295 cgdioes,

252 5282 615 5366 quibusalii
643 5288 862 5366 favent,
889 5285 952 5342 in
974 5284 1205 5366 quibus
1220 5283 1442 5366 legitur
1453 5282 1776 5366 feminis
1801 5286 1875 5366 fit

253 5349 413 5421 δάίιί
440 5359 781 5436 admodum
810 5349 1101 5436 nitendum
1147 5360 1257 5436 καὶ.
1284 5349 1595 5407 ἐπιστέλλειν
1625 5354 1761 5435 sua;
1791 5349 1875 5436 δεῖ

253 5432 441 5501 πάλιν,
468 5447 542 5490 ac
585 5447 685 5490 vos
722 5430 887 5489 decet
926 5431 1144 5487 iterum
1174 5427 1257 5485 ad
1291 5440 1426 5484 eum
1460 5427 1875 5484 convenientia

252 5505 627 5648 ’σῖέῑόῗνςέῖω
668 5576 833 5648 Hanc
857 5587 1091 5648 vocem
1133 5570 1484 5648 addidimus
1522 5585 1591 5632 ex
1639 5569 1873 5641 septem

253 5644 686 5727 ms,'lbidem
715 5644 893 5709 Coisl.
923 5644 1158 5717 primus
1188 5644 1470 5719 ἐγγυτέρω.

2678 3539 2977 3601 Bercem's.

2071 3663 2355 3733 Magnum
2386 3665 2543 3722 Deus
2575 3665 2840 3743 praebuit
2863 3668 3147 3729 solatium
3172 3671 3290 3744 his,
3314 3674 3423 3748 qui
3449 3690 3658 3738 coram

1997 3752 2287 3824 congredi
2305 3768 2430 3810 non
2450 3760 2727 3827 possunt,
2757 3756 3129 3832 colloquium
3148 3776 3259 3835 per
3272 3762 3503 3823 litteras
3530 3785 3547 3838 ;
3580 3784 3658 3827 ex

1996 3856 2121 3915 quo
2141 3840 2370 3899 discere
2391 3846 2484 3899 est
2504 3856 2631 3901 non
2646 3859 3003 3918 corpoream
3024 3846 3308 3920 efﬁgiem,
3331 3852 3442 3911 sed
3464 3856 3655 3916 animi

1995 3929 2186 4004 ipsius
2212 3930 2501 3988 indolem.
2535 3930 2703 3990 Unde
2730 3937 2788 3991 et
2814 3948 3000 4003 nunc,
3035 3940 3370 4013 postquam
3410 3941 3652 4016 pietatis

1991 4023 2202 4077 vestrae
2248 4017 2475 4077 litteras
2504 4020 2877 4095 accepimus,
2917 4023 3098 4083 simul
3126 4029 3185 4085 et
3218 4042 3330 4087 vos
3367 4033 3653 4107 cognovi-

1993 4125 2150 4178 mus,
2181 4114 2239 4168 et
2289 4108 2473 4167 vestri
2511 4124 2787 4169 amorem
2832 4112 3014 4171 corde
3064 4117 3480 4194 concepimus,
3522 4141 3650 4185 non

1988 4214 2144 4274 opus
2180 4199 2477 4258 habentes
2503 4198 2689 4271 longo
2718 4203 2991 4278 tempore
3032 4206 3113 4263 ad
3142 4211 3649 4275 consuetudinem

1986 4288 2450 4349 conciliandam.
2466 4290 2554 4346 Ex
2581 4287 2717 4364 ipsa
2735 4289 2898 4348 enim
2925 4291 3105 4353 insita
3120 4294 3328 4356 litteris
3350 4304 3648 4368 sententia

1984 4380 2066 4439 ad
2094 4394 2368 4439 amorem
2396 4376 2865 4452 pulchritudinis
2892 4383 3114 4441 animae
3159 4390 3377 4447 vestrm
3418 4394 3646 4454 exarsi-
3706 4456 3714 4465 ,

1982 4486 2145 4528 mus.
2174 4472 2326 4527 Nam
2354 4471 2568 4542 praeter
2589 4466 2835 4538 litteras,
2869 4485 3005 4543 quae
3025 4471 3275 4546 quidem
3300 4476 3449 4535 tales
3475 4478 3637 4548 sunt,

1981 4561 2184 4619 adhuc
2242 4559 2423 4617 etiam
2469 4557 2721 4615 fratrum
2764 4560 3274 4622 internuntiorum
3313 4567 3534 4626 habilis
3582 4576 3641 4631 et

1981 4655 2126 4724 apta
2152 4648 2385 4707 indoles
2406 4645 2694 4705 illustrius
2721 4652 2925 4705 vestra
2952 4649 3130 4707 nobis
3155 4655 3467 4726 expressit.
3486 4659 3639 4719 Nam

1981 4737 2524 4798 desideratissimus
2543 4738 2725 4809 atque
2739 4736 3226 4809 religiosissimus
3244 4747 3638 4824 compresby-

1980 4833 2069 4888 ter
2095 4828 2373 4893 Aeacius,
2420 4825 2601 4899 plura
2644 4840 2835 4899 quam
2875 4825 3199 4900 scripsistis
3238 4845 3552 4909 enarrans,
3579 4846 3637 4900 et

1978 4918 2404 4994 quotidianum
2422 4918 2688 4972 vestrum
2712 4917 3040 5002 certamen,
3063 4921 3495 4998 strenuamque
3524 4944 3636 5002 pro

1980 5009 2201 5082 pietate
2227 5003 2679 5066 dimicationem
2703 5001 2855 5077 ipsis
2879 5003 3081 5063 oculis.
3109 5008 3462 5084 subjiciam,
3492 5001 3634 5078 tam-

2077 5211 2166 5282 5t)
2207 5206 2528 5282 Πολιτικαῖς.
2554 5202 2648 5282 Sic
2674 5206 3289 5282 mss._septem._Editi
3312 5212 3637 5282 πολιτικούς.

2077 5211 2166 5275 Eii)
2207 5210 2528 5268 Πολιτικαῖς.
2554 5210 2648 5262 Sic
2674 5218 2828 5260 mss.
2855 5210 3109 5333 secptem.
3132 5210 3289 5268 Editi
3312 5212 3636 5282 πολιτικούς,

2053 5210 2169 5409 ἱὸἓ)
2208 5278 2564 5358 Ἀποκλεῖσαι.
2609 5272 2859 5333 Addunt
2953 5278 3183 5337 ansulae
3205 5281 3359 5362 .1000
3387 5285 3636 5368 ξρῥωσθε,

2053 5372 2059 5407 ε
2087 5359 2195 5409 ete.
2221 5357 2342 5409 tres
2369 5347 2626 5409 codices.
2653 5362 2874 5409 nempe
2903 5348 3085 5409 Harl.
3116 5352 3293 5409 Corsi.
3318 5369 3553 5409 Drunus
3581 5365 3636 5409 et

1981 5347 2195 5428 valete,
2221 5357 2342 5409 tres
2369 5347 2626 5420 codices,
2653 5362 2874 5422 nempe
2903 5348 3085 5422 Harl,
3116 5352 3293 5413 Coisl.
3314 5347 3553 5428 primus
3581 5347 3642 5421 et

1982 5424 2309 5568 ωῗέἓ)ωσιίὴν
2351 5496 2474 5620 mali
2528 5490 2684 5565 ὑμᾶς.
2741 5489 2845 5548 Hie
2879 5508 3063 5551 voces
3107 5493 3330 5553 additae
3371 5502 3516 5560 sunt
3563 5517 3641 5567 ex

1982 5573 2213 5620 sentem
2244 5582 2390 5620 mss.
2471 5563 2745 5620 aticanus
2774 5561 2968 5620 codex
2996 5569 3092 5620 τὴν
3119 5569 3238 5620 περὶ
3266 5566 3431 5620 dum.
3602 5572 3641 5584 “’

1982 5561 2071 5629 se'
2092 5561 2213 5626 tam
2244 5582 2390 5625 mss.
2418 5561 2745 5621 Vaticanus
2774 5561 2968 5620 codex
2996 5569 3092 5623 τὴν
3119 5569 3238 5639 περὶ
3266 5566 3431 5641 ὑμῶν,

2049 5585 2088 5663 Ρ
2110 5639 2273 5706 Alias
2306 5637 2570 5701 CCXCIX.
2605 5634 2838 5708 Scripta
2859 5649 3023 5698 anno
3045 5639 3173 5705 375.
3399 5643 3434 5651 ··
