  <div class='ocr_page' id='page_1' title='image "/cluster/home/n/w/nwhite01/storage/ocr_20150623/32:no.4/coo.31924054869296/417.png"; bbox 0 0 2074 3196; ppageno 0'>
   <div class='ocr_carea' id='block_1_1' title="bbox 282 152 1959 186">
    <p class='ocr_par' dir='ltr' id='par_1_1' title="bbox 282 152 1959 186">
     <span class='ocr_line' id='line_1_1' title="bbox 282 152 1959 186; baseline -0.001 0"><span class='ocrx_word' id='word_1_1' title='bbox 282 156 333 186; x_wconf 81' lang='grc'><strong>815</strong></span> <span class='ocrx_word' id='word_1_2' title='bbox 970 153 996 182; x_wconf 92' lang='lat' dir='ltr'><strong>S.</strong></span> <span class='ocrx_word' id='word_1_3' title='bbox 1019 153 1145 183; x_wconf 86' lang='lat' dir='ltr'><strong>BASlLII</strong></span> <span class='ocrx_word' id='word_1_4' title='bbox 1164 152 1275 184; x_wconf 74' lang='lat' dir='ltr'><strong>MAGNI</strong></span> <span class='ocrx_word' id='word_1_5' title='bbox 1914 158 1959 185; x_wconf 81' lang='lat' dir='ltr'><strong>8l6</strong></span> 
     </span>
    </p>
   </div>
   <div class='ocr_carea' id='block_1_2' title="bbox 281 215 1122 254">
    <p class='ocr_par' dir='ltr' id='par_1_2' title="bbox 281 216 1113 251">
     <span class='ocr_line' id='line_1_2' title="bbox 281 216 1113 251; baseline -0.002 -3"><span class='ocrx_word' id='word_1_6' title='bbox 281 220 346 248; x_wconf 86' lang='lat' dir='ltr'><strong>tam</strong></span> <span class='ocrx_word' id='word_1_7' title='bbox 355 217 430 247; x_wconf 89' lang='lat' dir='ltr'><strong>mihi</strong></span> <span class='ocrx_word' id='word_1_8' title='bbox 439 217 568 246; x_wconf 77' lang='lat' dir='ltr'><strong>incussit</strong></span> <span class='ocrx_word' id='word_1_9' title='bbox 579 216 823 251; x_wconf 76' lang='lat' dir='ltr'><strong>admirationem,</strong></span> <span class='ocrx_word' id='word_1_10' title='bbox 834 224 870 246; x_wconf 88' lang='lat' dir='ltr'><strong>ac</strong></span> <span class='ocrx_word' id='word_1_11' title='bbox 880 217 998 247; x_wconf 88' lang='lat' dir='ltr'><strong>tantum</strong></span> <span class='ocrx_word' id='word_1_12' title='bbox 1008 225 1113 246; x_wconf 87' lang='lat' dir='ltr'><strong>accen—</strong></span> 
     </span>
    </p>
   </div>
   <div class='ocr_carea' id='block_1_3' title="bbox 1176 215 1962 254">
    <p class='ocr_par' dir='ltr' id='par_1_3' title="bbox 1176 215 1962 254">
     <span class='ocr_line' id='line_1_3' title="bbox 1176 215 1962 254; baseline 0.003 -11"><span class='ocrx_word' id='word_1_13' title='bbox 1176 218 1239 254; x_wconf 74' lang='grc' dir='ltr'>ἱγων</span> <span class='ocrx_word' id='word_1_14' title='bbox 1257 218 1306 247; x_wconf 82' lang='grc' dir='ltr'>τήν</span> <span class='ocrx_word' id='word_1_15' title='bbox 1320 217 1497 254; x_wconf 73' lang='grc' dir='ltr'><strong>καθημερινὴν</strong></span> <span class='ocrx_word' id='word_1_16' title='bbox 1511 217 1582 254; x_wconf 79' lang='grc' dir='ltr'>ὑμῶν</span> <span class='ocrx_word' id='word_1_17' title='bbox 1602 215 1730 252; x_wconf 79' lang='grc' dir='ltr'>ἄθλησιν,</span> <span class='ocrx_word' id='word_1_18' title='bbox 1746 220 1793 245; x_wconf 79' lang='grc' dir='ltr'>καὶ</span> <span class='ocrx_word' id='word_1_19' title='bbox 1807 219 1854 247; x_wconf 75' lang='grc' dir='ltr'>τὴν</span> <span class='ocrx_word' id='word_1_20' title='bbox 1873 219 1962 245; x_wconf 71' lang='grc' dir='ltr'>εὔτονον</span> 
     </span>
    </p>
   </div>
   <div class='ocr_carea' id='block_1_4' title="bbox 283 261 1114 299">
    <p class='ocr_par' dir='ltr' id='par_1_4' title="bbox 283 261 1114 299">
     <span class='ocr_line' id='line_1_4' title="bbox 283 261 1114 299; baseline -0.001 -7"><span class='ocrx_word' id='word_1_21' title='bbox 283 263 327 292; x_wconf 88' lang='lat' dir='ltr'><strong>dit</strong></span> <span class='ocrx_word' id='word_1_22' title='bbox 341 263 525 292; x_wconf 87' lang='lat' dir='ltr'><strong>desiderium</strong></span> <span class='ocrx_word' id='word_1_23' title='bbox 539 263 645 291; x_wconf 82' lang='lat' dir='ltr'><strong>vestris</strong></span> <span class='ocrx_word' id='word_1_24' title='bbox 661 262 751 292; x_wconf 89' lang='lat' dir='ltr'><strong>bonis</strong></span> <span class='ocrx_word' id='word_1_25' title='bbox 769 261 951 299; x_wconf 84' lang='lat' dir='ltr'><strong>perfruendi,</strong></span> <span class='ocrx_word' id='word_1_26' title='bbox 968 263 1001 291; x_wconf 85' lang='lat' dir='ltr'><strong>ut</strong></span> <span class='ocrx_word' id='word_1_27' title='bbox 1014 262 1114 292; x_wconf 90' lang='lat' dir='ltr'><strong>Domi-</strong></span> 
     </span>
    </p>
   </div>
   <div class='ocr_carea' id='block_1_5' title="bbox 283 306 1116 344">
    <p class='ocr_par' dir='ltr' id='par_1_5' title="bbox 283 306 1116 344">
     <span class='ocr_line' id='line_1_5' title="bbox 283 306 1116 344; baseline -0.001 -8"><span class='ocrx_word' id='word_1_28' title='bbox 283 316 360 336; x_wconf 88' lang='lat' dir='ltr'><strong>num</strong></span> <span class='ocrx_word' id='word_1_29' title='bbox 374 315 490 343; x_wconf 82' lang='lat' dir='ltr'><strong>rogem,</strong></span> <span class='ocrx_word' id='word_1_30' title='bbox 506 309 625 344; x_wconf 86' lang='lat' dir='ltr'><strong>tempus</strong></span> <span class='ocrx_word' id='word_1_31' title='bbox 639 306 805 344; x_wconf 81' lang='lat' dir='ltr'><strong>aliquando</strong></span> <span class='ocrx_word' id='word_1_32' title='bbox 824 306 901 341; x_wconf 84' lang='lat' dir='ltr'><strong>dari,</strong></span> <span class='ocrx_word' id='word_1_33' title='bbox 916 314 978 343; x_wconf 92' lang='lat' dir='ltr'><strong>quo</strong></span> <span class='ocrx_word' id='word_1_34' title='bbox 992 306 1116 343; x_wconf 86' lang='lat' dir='ltr'><strong>propria</strong></span> 
     </span>
    </p>
   </div>
   <div class='ocr_carea' id='block_1_6' title="bbox 284 351 1115 388">
    <p class='ocr_par' dir='ltr' id='par_1_6' title="bbox 284 351 1115 388">
     <span class='ocr_line' id='line_1_6' title="bbox 284 351 1115 388; baseline -0.002 -7"><span class='ocrx_word' id='word_1_35' title='bbox 284 352 376 381; x_wconf 86' lang='lat' dir='ltr'><strong>etiam</strong></span> <span class='ocrx_word' id='word_1_36' title='bbox 391 351 573 388; x_wconf 82' lang='lat' dir='ltr'><strong>experientia</strong></span> <span class='ocrx_word' id='word_1_37' title='bbox 587 359 688 379; x_wconf 90' lang='lat' dir='ltr'><strong>rerum</strong></span> <span class='ocrx_word' id='word_1_38' title='bbox 697 353 867 380; x_wconf 86' lang='lat' dir='ltr'><strong>vestrarum</strong></span> <span class='ocrx_word' id='word_1_39' title='bbox 878 352 990 379; x_wconf 85' lang='lat' dir='ltr'><strong>statum</strong></span> <span class='ocrx_word' id='word_1_40' title='bbox 1001 358 1115 387; x_wconf 81' lang='lat' dir='ltr'><strong>cogno-</strong></span> 
     </span>
    </p>
   </div>
   <div class='ocr_carea' id='block_1_7' title="bbox 286 395 1115 431">
    <p class='ocr_par' dir='ltr' id='par_1_7' title="bbox 286 395 1115 431">
     <span class='ocr_line' id='line_1_7' title="bbox 286 395 1115 431; baseline -0.002 -6"><span class='ocrx_word' id='word_1_41' title='bbox 286 405 382 425; x_wconf 87' lang='lat' dir='ltr'><strong>scam.</strong></span> <span class='ocrx_word' id='word_1_42' title='bbox 407 396 559 425; x_wconf 85' lang='lat' dir='ltr'><strong>Nuntiavit</strong></span> <span class='ocrx_word' id='word_1_43' title='bbox 582 395 664 424; x_wconf 91' lang='lat' dir='ltr'><strong>enim</strong></span> <span class='ocrx_word' id='word_1_44' title='bbox 681 396 755 424; x_wconf 89' lang='lat' dir='ltr'><strong>mihi</strong></span> <span class='ocrx_word' id='word_1_45' title='bbox 779 403 842 425; x_wconf 91' lang='lat' dir='ltr'><strong>non</strong></span> <span class='ocrx_word' id='word_1_46' title='bbox 857 395 957 424; x_wconf 89' lang='lat' dir='ltr'><strong>solum</strong></span> <span class='ocrx_word' id='word_1_47' title='bbox 972 398 1115 431; x_wconf 83' lang='lat' dir='ltr'><strong>vestram,</strong></span> 
     </span>
    </p>
   </div>
   <div class='ocr_carea' id='block_1_8' title="bbox 286 439 1118 478">
    <p class='ocr_par' dir='ltr' id='par_1_8' title="bbox 286 439 1118 478">
     <span class='ocr_line' id='line_1_8' title="bbox 286 439 1118 478; baseline 0 -9"><span class='ocrx_word' id='word_1_48' title='bbox 286 441 399 478; x_wconf 87' lang='lat' dir='ltr'><strong>quibus</strong></span> <span class='ocrx_word' id='word_1_49' title='bbox 408 440 607 469; x_wconf 87' lang='lat' dir='ltr'><strong>commissum</strong></span> <span class='ocrx_word' id='word_1_50' title='bbox 616 442 660 469; x_wconf 88' lang='lat' dir='ltr'><strong>est</strong></span> <span class='ocrx_word' id='word_1_51' title='bbox 669 439 773 469; x_wconf 85' lang='lat' dir='ltr'><strong>altaris</strong></span> <span class='ocrx_word' id='word_1_52' title='bbox 780 440 1118 476; x_wconf 85' lang='lat' dir='ltr'><strong>ministerium,accura-</strong></span> 
     </span>
    </p>
   </div>
   <div class='ocr_carea' id='block_1_9' title="bbox 286 484 1119 522">
    <p class='ocr_par' dir='ltr' id='par_1_9' title="bbox 286 484 1119 522">
     <span class='ocr_line' id='line_1_9' title="bbox 286 484 1119 522; baseline -0.001 -8"><span class='ocrx_word' id='word_1_53' title='bbox 286 488 349 514; x_wconf 86' lang='lat' dir='ltr'><strong>tam</strong></span> <span class='ocrx_word' id='word_1_54' title='bbox 364 485 475 521; x_wconf 82' lang='lat' dir='ltr'><strong>agendi</strong></span> <span class='ocrx_word' id='word_1_55' title='bbox 489 485 649 519; x_wconf 89' lang='lat' dir='ltr'><strong>rationem,</strong></span> <span class='ocrx_word' id='word_1_56' title='bbox 662 485 715 513; x_wconf 90' lang='lat' dir='ltr'><strong>sed</strong></span> <span class='ocrx_word' id='word_1_57' title='bbox 725 484 832 522; x_wconf 87' lang='lat' dir='ltr'><strong>populi</strong></span> <span class='ocrx_word' id='word_1_58' title='bbox 842 485 934 514; x_wconf 87' lang='lat' dir='ltr'><strong>etiam</strong></span> <span class='ocrx_word' id='word_1_59' title='bbox 946 485 1038 514; x_wconf 80' lang='lat' dir='ltr'><strong>totius</strong></span> <span class='ocrx_word' id='word_1_60' title='bbox 1048 492 1119 513; x_wconf 71' lang='lat' dir='ltr'><strong>con‘</strong></span> 
     </span>
    </p>
   </div>
   <div class='ocr_carea' id='block_1_10' title="bbox 275 529 1118 567">
    <p class='ocr_par' dir='ltr' id='par_1_10' title="bbox 275 529 1118 567">
     <span class='ocr_line' id='line_1_10' title="bbox 275 529 1118 567; baseline 0 -9"><span class='ocrx_word' id='word_1_61' title='bbox 275 530 434 565; x_wconf 85' lang='lat' dir='ltr'><strong>.cordiam,</strong></span> <span class='ocrx_word' id='word_1_62' title='bbox 455 532 485 559; x_wconf 88' lang='lat' dir='ltr'><strong>et</strong></span> <span class='ocrx_word' id='word_1_63' title='bbox 500 538 604 558; x_wconf 88' lang='lat' dir='ltr'><strong>eorum</strong></span> <span class='ocrx_word' id='word_1_64' title='bbox 620 530 674 566; x_wconf 90' lang='lat' dir='ltr'><strong>qui</strong></span> <span class='ocrx_word' id='word_1_65' title='bbox 688 530 801 558; x_wconf 86' lang='lat' dir='ltr'><strong>civitati</strong></span> <span class='ocrx_word' id='word_1_66' title='bbox 819 532 962 567; x_wconf 69' lang='lat' dir='ltr'><strong>praesunt,</strong></span> <span class='ocrx_word' id='word_1_67' title='bbox 978 529 1118 566; x_wconf 81' lang='lat' dir='ltr'><strong>illiusque</strong></span> 
     </span>
    </p>
   </div>
   <div class='ocr_carea' id='block_1_11' title="bbox 287 574 1118 609">
    <p class='ocr_par' dir='ltr' id='par_1_11' title="bbox 287 574 1118 609">
     <span class='ocr_line' id='line_1_11' title="bbox 287 574 1118 609; baseline 0 -7"><span class='ocrx_word' id='word_1_68' title='bbox 287 582 335 603; x_wconf 85' lang='lat' dir='ltr'><strong>res</strong></span> <span class='ocrx_word' id='word_1_69' title='bbox 354 576 471 609; x_wconf 79' lang='lat' dir='ltr'><strong>gerunt,</strong></span> <span class='ocrx_word' id='word_1_70' title='bbox 487 574 702 609; x_wconf 81' lang='lat' dir='ltr'><strong>magnanimos</strong></span> <span class='ocrx_word' id='word_1_71' title='bbox 726 582 839 609; x_wconf 88' lang='lat' dir='ltr'><strong>mores,</strong></span> <span class='ocrx_word' id='word_1_72' title='bbox 863 582 900 603; x_wconf 86' lang='lat' dir='ltr'><strong>ac</strong></span> <span class='ocrx_word' id='word_1_73' title='bbox 921 574 1073 603; x_wconf 87' lang='lat' dir='ltr'><strong>sincerum</strong></span> <span class='ocrx_word' id='word_1_74' title='bbox 1086 574 1118 602; x_wconf 90' lang='lat' dir='ltr'><strong>in</strong></span> 
     </span>
    </p>
   </div>
   <div class='ocr_carea' id='block_1_12' title="bbox 287 618 1119 655">
    <p class='ocr_par' dir='ltr' id='par_1_12' title="bbox 287 618 1119 655">
     <span class='ocr_line' id='line_1_12' title="bbox 287 618 1119 655; baseline 0 -8"><span class='ocrx_word' id='word_1_75' title='bbox 287 620 383 647; x_wconf 88' lang='lat' dir='ltr'><strong>Deum</strong></span> <span class='ocrx_word' id='word_1_76' title='bbox 398 626 535 647; x_wconf 88' lang='lat' dir='ltr'><strong>amorem</strong></span> <span class='ocrx_word' id='word_1_77' title='bbox 550 627 557 653; x_wconf 91' lang='lat'><strong>;</strong></span> <span class='ocrx_word' id='word_1_78' title='bbox 571 618 650 647; x_wconf 86' lang='lat' dir='ltr'><strong>adeo</strong></span> <span class='ocrx_word' id='word_1_79' title='bbox 665 620 699 646; x_wconf 90' lang='lat' dir='ltr'><strong>ut</strong></span> <span class='ocrx_word' id='word_1_80' title='bbox 712 618 835 647; x_wconf 84' lang='lat' dir='ltr'><strong>beatam</strong></span> <span class='ocrx_word' id='word_1_81' title='bbox 850 618 1010 655; x_wconf 62' lang='lat' dir='ltr'><strong>praedicem</strong></span> <span class='ocrx_word' id='word_1_82' title='bbox 1023 618 1119 647; x_wconf 87' lang='lat' dir='ltr'><strong>Eccle-</strong></span> 
     </span>
    </p>
   </div>
   <div class='ocr_carea' id='block_1_13' title="bbox 288 662 1118 698">
    <p class='ocr_par' dir='ltr' id='par_1_13' title="bbox 288 662 1118 698">
     <span class='ocr_line' id='line_1_13' title="bbox 288 662 1118 698; baseline 0 -7"><span class='ocrx_word' id='word_1_83' title='bbox 288 663 367 691; x_wconf 79' lang='lat' dir='ltr'><strong>siam</strong></span> <span class='ocrx_word' id='word_1_84' title='bbox 382 671 419 691; x_wconf 87' lang='lat' dir='ltr'><strong>ex</strong></span> <span class='ocrx_word' id='word_1_85' title='bbox 430 662 539 692; x_wconf 77' lang='lat' dir='ltr'><strong>talibus</strong></span> <span class='ocrx_word' id='word_1_86' title='bbox 550 664 753 698; x_wconf 77' lang='lat' dir='ltr'><strong>constantem,</strong></span> <span class='ocrx_word' id='word_1_87' title='bbox 768 671 803 691; x_wconf 92' lang='lat' dir='ltr'><strong>ac</strong></span> <span class='ocrx_word' id='word_1_88' title='bbox 815 670 898 691; x_wconf 89' lang='lat' dir='ltr'><strong>nunc</strong></span> <span class='ocrx_word' id='word_1_89' title='bbox 909 663 1118 692; x_wconf 81' lang='lat' dir='ltr'><strong>vehementius</strong></span> 
     </span>
    </p>
   </div>
   <div class='ocr_carea' id='block_1_14' title="bbox 286 707 1118 745">
    <p class='ocr_par' dir='ltr' id='par_1_14' title="bbox 286 707 1118 745">
     <span class='ocr_line' id='line_1_14' title="bbox 286 707 1118 745; baseline 0 -9"><span class='ocrx_word' id='word_1_90' title='bbox 286 715 392 745; x_wconf 78' lang='lat' dir='ltr'><strong>precer</strong></span> <span class='ocrx_word' id='word_1_91' title='bbox 416 707 582 744; x_wconf 87' lang='lat' dir='ltr'><strong>spiritalem</strong></span> <span class='ocrx_word' id='word_1_92' title='bbox 605 707 692 736; x_wconf 81' lang='lat' dir='ltr'><strong>vobis</strong></span> <span class='ocrx_word' id='word_1_93' title='bbox 715 707 963 744; x_wconf 85' lang='lat' dir='ltr'><strong>tranquillitatem</strong></span> <span class='ocrx_word' id='word_1_94' title='bbox 982 707 1118 742; x_wconf 88' lang='lat' dir='ltr'><strong>concedi,</strong></span> 
     </span>
    </p>
   </div>
   <div class='ocr_carea' id='block_1_15' title="bbox 287 751 1119 789">
    <p class='ocr_par' dir='ltr' id='par_1_15' title="bbox 287 751 1119 789">
     <span class='ocr_line' id='line_1_15' title="bbox 287 751 1119 789; baseline 0.001 -9"><span class='ocrx_word' id='word_1_95' title='bbox 287 754 321 781; x_wconf 89' lang='lat' dir='ltr'><strong>ut</strong></span> <span class='ocrx_word' id='word_1_96' title='bbox 345 760 414 789; x_wconf 70' lang='lat' dir='ltr'><strong>quae</strong></span> <span class='ocrx_word' id='word_1_97' title='bbox 441 760 524 780; x_wconf 91' lang='lat' dir='ltr'><strong>nunc</strong></span> <span class='ocrx_word' id='word_1_98' title='bbox 548 751 720 781; x_wconf 80' lang='lat' dir='ltr'><strong>certaminis</strong></span> <span class='ocrx_word' id='word_1_99' title='bbox 744 754 881 789; x_wconf 86' lang='lat' dir='ltr'><strong>tempore</strong></span> <span class='ocrx_word' id='word_1_100' title='bbox 905 753 1056 789; x_wconf 82' lang='lat' dir='ltr'><strong>peregitis,</strong></span> <span class='ocrx_word' id='word_1_101' title='bbox 1082 752 1119 781; x_wconf 87' lang='lat' dir='ltr'><strong>iis</strong></span> 
     </span>
    </p>
   </div>
   <div class='ocr_carea' id='block_1_16' title="bbox 287 796 1118 834">
    <p class='ocr_par' dir='ltr' id='par_1_16' title="bbox 287 796 1118 834">
     <span class='ocr_line' id='line_1_16' title="bbox 287 796 1118 834; baseline 0.001 -9"><span class='ocrx_word' id='word_1_102' title='bbox 287 799 424 833; x_wconf 86' lang='lat' dir='ltr'><strong>tempore</strong></span> <span class='ocrx_word' id='word_1_103' title='bbox 438 796 547 834; x_wconf 81' lang='lat' dir='ltr'><strong>quietis</strong></span> <span class='ocrx_word' id='word_1_104' title='bbox 567 796 719 825; x_wconf 83' lang='lat' dir='ltr'><strong>fruamini.</strong></span> <span class='ocrx_word' id='word_1_105' title='bbox 743 797 843 825; x_wconf 84' lang='lat' dir='ltr'><strong>Solent</strong></span> <span class='ocrx_word' id='word_1_106' title='bbox 866 797 948 826; x_wconf 91' lang='lat' dir='ltr'><strong>enim</strong></span> <span class='ocrx_word' id='word_1_107' title='bbox 969 798 1118 834; x_wconf 89' lang='lat' dir='ltr'><strong>quodam-</strong></span> 
     </span>
    </p>
   </div>
   <div class='ocr_carea' id='block_1_17' title="bbox 288 841 1118 879">
    <p class='ocr_par' dir='ltr' id='par_1_17' title="bbox 288 841 1118 879">
     <span class='ocr_line' id='line_1_17' title="bbox 288 841 1118 879; baseline 0.001 -9"><span class='ocrx_word' id='word_1_108' title='bbox 288 842 383 871; x_wconf 90' lang='lat' dir='ltr'><strong>modo</strong></span> <span class='ocrx_word' id='word_1_109' title='bbox 394 849 463 878; x_wconf 76' lang='lat' dir='ltr'><strong>quae</strong></span> <span class='ocrx_word' id='word_1_110' title='bbox 473 841 505 870; x_wconf 90' lang='lat' dir='ltr'><strong>in</strong></span> <span class='ocrx_word' id='word_1_111' title='bbox 517 841 700 877; x_wconf 85' lang='lat' dir='ltr'><strong>experiendo</strong></span> <span class='ocrx_word' id='word_1_112' title='bbox 709 842 838 871; x_wconf 88' lang='lat' dir='ltr'><strong>molesta</strong></span> <span class='ocrx_word' id='word_1_113' title='bbox 847 844 927 877; x_wconf 87' lang='lat' dir='ltr'><strong>sunt,</strong></span> <span class='ocrx_word' id='word_1_114' title='bbox 934 842 1118 879; x_wconf 87' lang='lat' dir='ltr'><strong>voluptatem</strong></span> 
     </span>
    </p>
   </div>
   <div class='ocr_carea' id='block_1_18' title="bbox 1170 261 1964 299">
    <p class='ocr_par' dir='ltr' id='par_1_18' title="bbox 1170 261 1964 299">
     <span class='ocr_line' id='line_1_18' title="bbox 1170 261 1964 299; baseline 0.001 -10"><span class='ocrx_word' id='word_1_115' title='bbox 1170 262 1233 299; x_wconf 62' lang='grc' dir='ltr'>ὑπὲρ</span> <span class='ocrx_word' id='word_1_116' title='bbox 1247 266 1292 293; x_wconf 80' lang='grc' dir='ltr'>τῆς</span> <span class='ocrx_word' id='word_1_117' title='bbox 1311 261 1439 293; x_wconf 72' lang='grc' dir='ltr'>εὐσεϐείας</span> <span class='ocrx_word' id='word_1_118' title='bbox 1458 263 1590 297; x_wconf 73' lang='grc' dir='ltr'>ἔνστασιν,</span> <span class='ocrx_word' id='word_1_119' title='bbox 1606 264 1736 289; x_wconf 84' lang='grc' dir='ltr'>τοσοῦτον</span> <span class='ocrx_word' id='word_1_120' title='bbox 1758 263 1823 299; x_wconf 72' lang='grc' dir='ltr'>ἡμῖν</span> <span class='ocrx_word' id='word_1_121' title='bbox 1845 261 1964 293; x_wconf 72' lang='grc' dir='ltr'>ἐνεποίησε</span> 
     </span>
    </p>
   </div>
   <div class='ocr_carea' id='block_1_19' title="bbox 1169 307 1964 344">
    <p class='ocr_par' dir='ltr' id='par_1_19' title="bbox 1169 307 1964 344">
     <span class='ocr_line' id='line_1_19' title="bbox 1169 307 1964 344; baseline 0.001 -11"><span class='ocrx_word' id='word_1_122' title='bbox 1169 308 1198 333; x_wconf 90' lang='grc' dir='ltr'>τὸ</span> <span class='ocrx_word' id='word_1_123' title='bbox 1217 308 1314 343; x_wconf 83' lang='grc' dir='ltr'>θαῦμα,</span> <span class='ocrx_word' id='word_1_124' title='bbox 1339 309 1385 333; x_wconf 79' lang='grc' dir='ltr'>καὶ</span> <span class='ocrx_word' id='word_1_125' title='bbox 1415 310 1539 333; x_wconf 81' lang='grc' dir='ltr'>τοσοῦτον</span> <span class='ocrx_word' id='word_1_126' title='bbox 1563 308 1650 344; x_wconf 70' lang='grc' dir='ltr'><strong>ἤγειρε</strong></span> <span class='ocrx_word' id='word_1_127' title='bbox 1670 307 1729 342; x_wconf 77' lang='grc'><strong>(54)</strong></span> <span class='ocrx_word' id='word_1_128' title='bbox 1757 308 1802 333; x_wconf 87' lang='grc' dir='ltr'>τὸν</span> <span class='ocrx_word' id='word_1_129' title='bbox 1825 308 1903 334; x_wconf 88' lang='grc' dir='ltr'>πόθον</span> <span class='ocrx_word' id='word_1_130' title='bbox 1926 312 1964 339; x_wconf 72' lang='grc' dir='ltr'>τῆς</span> 
     </span>
    </p>
   </div>
   <div class='ocr_carea' id='block_1_20' title="bbox 1171 351 1966 389">
    <p class='ocr_par' dir='ltr' id='par_1_20' title="bbox 1171 351 1966 389">
     <span class='ocr_line' id='line_1_20' title="bbox 1171 351 1966 389; baseline 0 -10"><span class='ocrx_word' id='word_1_131' title='bbox 1171 352 1338 383; x_wconf 69' lang='grc' dir='ltr'><strong>ἀπολαύσεως</strong></span> <span class='ocrx_word' id='word_1_132' title='bbox 1354 356 1404 378; x_wconf 87' lang='grc' dir='ltr'>τῶν</span> <span class='ocrx_word' id='word_1_133' title='bbox 1428 351 1453 378; x_wconf 84' lang='grc' dir='ltr'>ἐν</span> <span class='ocrx_word' id='word_1_134' title='bbox 1480 352 1541 388; x_wconf 80' lang='grc' dir='ltr'>ὑμῖν</span> <span class='ocrx_word' id='word_1_135' title='bbox 1562 351 1658 386; x_wconf 73' lang='grc' dir='ltr'>καλῶν,</span> <span class='ocrx_word' id='word_1_136' title='bbox 1690 353 1762 379; x_wconf 77' lang='grc' dir='ltr'>ὥστε</span> <span class='ocrx_word' id='word_1_137' title='bbox 1780 353 1966 389; x_wconf 78' lang='grc' dir='ltr'><strong>προσεύχεσθαι</strong></span> 
     </span>
    </p>
   </div>
   <div class='ocr_carea' id='block_1_21' title="bbox 1172 395 1965 435">
    <p class='ocr_par' dir='ltr' id='par_1_21' title="bbox 1172 395 1965 435">
     <span class='ocr_line' id='line_1_21' title="bbox 1172 395 1965 435; baseline -0.001 -11"><span class='ocrx_word' id='word_1_138' title='bbox 1172 399 1242 434; x_wconf 84' lang='grc' dir='ltr'>ἡμᾶς</span> <span class='ocrx_word' id='word_1_139' title='bbox 1269 400 1305 433; x_wconf 77' lang='grc' dir='ltr'>τῷ</span> <span class='ocrx_word' id='word_1_140' title='bbox 1332 399 1420 434; x_wconf 81' lang='grc' dir='ltr'>Κυρίῳ</span> <span class='ocrx_word' id='word_1_141' title='bbox 1445 398 1566 432; x_wconf 75' lang='grc' dir='ltr'>γενέσθαι</span> <span class='ocrx_word' id='word_1_142' title='bbox 1593 398 1655 423; x_wconf 70' lang='grc' dir='ltr'>ποτὶ</span> <span class='ocrx_word' id='word_1_143' title='bbox 1685 399 1781 435; x_wconf 83' lang='grc' dir='ltr'>καιρόν</span> <span class='ocrx_word' id='word_1_144' title='bbox 1799 399 1845 424; x_wconf 82' lang='grc' dir='ltr'>καὶ</span> <span class='ocrx_word' id='word_1_145' title='bbox 1865 395 1910 424; x_wconf 74' lang='grc' dir='ltr'>διὰ</span> <span class='ocrx_word' id='word_1_146' title='bbox 1928 402 1965 429; x_wconf 73' lang='grc' dir='ltr'>τῆς</span> 
     </span>
    </p>
   </div>
   <div class='ocr_carea' id='block_1_22' title="bbox 1171 441 1967 480">
    <p class='ocr_par' dir='ltr' id='par_1_22' title="bbox 1171 441 1967 480">
     <span class='ocr_line' id='line_1_22' title="bbox 1171 441 1967 480; baseline 0 -12"><span class='ocrx_word' id='word_1_147' title='bbox 1171 442 1269 473; x_wconf 78' lang='grc' dir='ltr'><strong>οἰκείας</strong></span> <span class='ocrx_word' id='word_1_148' title='bbox 1283 444 1375 480; x_wconf 82' lang='grc' dir='ltr'>πιίρας</span> <span class='ocrx_word' id='word_1_149' title='bbox 1385 444 1514 479; x_wconf 73' lang='grc' dir='ltr'><strong>γνωρίσαι</strong></span> <span class='ocrx_word' id='word_1_150' title='bbox 1527 443 1562 468; x_wconf 81' lang='grc' dir='ltr'><strong>τὰ</strong></span> <span class='ocrx_word' id='word_1_151' title='bbox 1576 442 1634 468; x_wconf 83' lang='grc' dir='ltr'>καθ’</span> <span class='ocrx_word' id='word_1_152' title='bbox 1649 442 1730 478; x_wconf 82' lang='grc' dir='ltr'>ὑμᾶς.</span> <span class='ocrx_word' id='word_1_153' title='bbox 1757 444 1810 469; x_wconf 84' lang='grc' dir='ltr'><strong>Καὶ</strong></span> <span class='ocrx_word' id='word_1_154' title='bbox 1830 443 1881 480; x_wconf 71' lang='grc' dir='ltr'>γὰρ</span> <span class='ocrx_word' id='word_1_155' title='bbox 1895 441 1967 478; x_wconf 74' lang='grc' dir='ltr'><strong>ἀπήγ-</strong></span> 
     </span>
    </p>
   </div>
   <div class='ocr_carea' id='block_1_23' title="bbox 1171 486 1967 525">
    <p class='ocr_par' dir='ltr' id='par_1_23' title="bbox 1171 486 1967 525">
     <span class='ocr_line' id='line_1_23' title="bbox 1171 486 1967 525; baseline -0.001 -11"><span class='ocrx_word' id='word_1_156' title='bbox 1171 487 1253 523; x_wconf 72' lang='grc' dir='ltr'>γειλεν</span> <span class='ocrx_word' id='word_1_157' title='bbox 1267 487 1330 523; x_wconf 84' lang='grc' dir='ltr'>ἡμῖν</span> <span class='ocrx_word' id='word_1_158' title='bbox 1350 486 1380 513; x_wconf 71' lang='grc' dir='ltr'>οὐ</span> <span class='ocrx_word' id='word_1_159' title='bbox 1395 488 1472 523; x_wconf 84' lang='grc' dir='ltr'>μόνον</span> <span class='ocrx_word' id='word_1_160' title='bbox 1493 487 1564 523; x_wconf 84' lang='grc' dir='ltr'>ὑμῶν</span> <span class='ocrx_word' id='word_1_161' title='bbox 1590 491 1640 513; x_wconf 86' lang='grc' dir='ltr'>τῶν</span> <span class='ocrx_word' id='word_1_162' title='bbox 1663 489 1715 516; x_wconf 77' lang='grc' dir='ltr'>τήν</span> <span class='ocrx_word' id='word_1_163' title='bbox 1745 488 1906 525; x_wconf 76' lang='grc' dir='ltr'>λειτουργίαν</span> <span class='ocrx_word' id='word_1_164' title='bbox 1929 491 1967 513; x_wconf 71' lang='grc' dir='ltr'>τοῦ</span> 
     </span>
    </p>
   </div>
   <div class='ocr_carea' id='block_1_24' title="bbox 1173 531 1966 570">
    <p class='ocr_par' dir='ltr' id='par_1_24' title="bbox 1173 531 1966 570">
     <span class='ocr_line' id='line_1_24' title="bbox 1173 531 1966 570; baseline -0.001 -11"><span class='ocrx_word' id='word_1_165' title='bbox 1173 533 1364 569; x_wconf 83' lang='grc' dir='ltr'>θυσιαστηρίου</span> <span class='ocrx_word' id='word_1_166' title='bbox 1386 534 1596 569; x_wconf 72' lang='grc' dir='ltr'><strong>πεπιστευμένων</strong></span> <span class='ocrx_word' id='word_1_167' title='bbox 1610 534 1658 561; x_wconf 76' lang='grc' dir='ltr'>τὴν</span> <span class='ocrx_word' id='word_1_168' title='bbox 1684 531 1835 570; x_wconf 71' lang='grc' dir='ltr'>ἀκρίϐειαν,</span> <span class='ocrx_word' id='word_1_169' title='bbox 1852 531 1913 558; x_wconf 76' lang='grc' dir='ltr'>ἀλλὰ</span> <span class='ocrx_word' id='word_1_170' title='bbox 1931 535 1966 558; x_wconf 83' lang='grc' dir='ltr'>καὶ</span> 
     </span>
    </p>
   </div>
   <div class='ocr_carea' id='block_1_25' title="bbox 1172 575 1967 613">
    <p class='ocr_par' dir='ltr' id='par_1_25' title="bbox 1172 575 1967 613">
     <span class='ocr_line' id='line_1_25' title="bbox 1172 575 1967 613; baseline -0.003 -9"><span class='ocrx_word' id='word_1_171' title='bbox 1172 581 1217 604; x_wconf 82' lang='grc' dir='ltr'>τοῦ</span> <span class='ocrx_word' id='word_1_172' title='bbox 1237 575 1325 613; x_wconf 76' lang='grc' dir='ltr'>δήμου</span> <span class='ocrx_word' id='word_1_173' title='bbox 1345 578 1439 608; x_wconf 84' lang='grc' dir='ltr'>παντὸς</span> <span class='ocrx_word' id='word_1_174' title='bbox 1462 578 1509 607; x_wconf 80' lang='grc' dir='ltr'>τὴν</span> <span class='ocrx_word' id='word_1_175' title='bbox 1532 579 1697 613; x_wconf 78' lang='grc' dir='ltr'>συμφωνίαν,</span> <span class='ocrx_word' id='word_1_176' title='bbox 1717 579 1832 604; x_wconf 83' lang='grc' dir='ltr'>καὶτῶν</span> <span class='ocrx_word' id='word_1_177' title='bbox 1851 578 1967 612; x_wconf 72' lang='grc' dir='ltr'>καθηγου-</span> 
     </span>
    </p>
   </div>
   <div class='ocr_carea' id='block_1_26' title="bbox 1172 621 1967 658">
    <p class='ocr_par' dir='ltr' id='par_1_26' title="bbox 1172 621 1967 658">
     <span class='ocr_line' id='line_1_26' title="bbox 1172 621 1967 658; baseline -0.001 -10"><span class='ocrx_word' id='word_1_178' title='bbox 1172 624 1253 658; x_wconf 83' lang='grc' dir='ltr'>μίνων</span> <span class='ocrx_word' id='word_1_179' title='bbox 1265 626 1313 653; x_wconf 86' lang='grc' dir='ltr'>τῆς</span> <span class='ocrx_word' id='word_1_180' title='bbox 1325 621 1420 653; x_wconf 84' lang='grc' dir='ltr'>πόλεως</span> <span class='ocrx_word' id='word_1_181' title='bbox 1430 624 1474 648; x_wconf 87' lang='grc' dir='ltr'>καὶ</span> <span class='ocrx_word' id='word_1_182' title='bbox 1488 621 1748 658; x_wconf 74' lang='grc' dir='ltr'>προπολιτιυομένων</span> <span class='ocrx_word' id='word_1_183' title='bbox 1765 621 1847 652; x_wconf 69' lang='grc' dir='ltr'>αὐτῆς</span> <span class='ocrx_word' id='word_1_184' title='bbox 1862 623 1890 647; x_wconf 87' lang='grc' dir='ltr'><strong>τό</strong></span> <span class='ocrx_word' id='word_1_185' title='bbox 1901 631 1967 657; x_wconf 75' lang='grc' dir='ltr'>μιγα-</span> 
     </span>
    </p>
   </div>
   <div class='ocr_carea' id='block_1_27' title="bbox 1173 664 1966 706">
    <p class='ocr_par' dir='ltr' id='par_1_27' title="bbox 1173 664 1966 706">
     <span class='ocr_line' id='line_1_27' title="bbox 1173 664 1966 706; baseline -0.001 -13"><span class='ocrx_word' id='word_1_186' title='bbox 1173 666 1261 706; x_wconf 70' lang='grc' dir='ltr'>λοφυὶς</span> <span class='ocrx_word' id='word_1_187' title='bbox 1274 670 1323 692; x_wconf 86' lang='grc' dir='ltr'>τῶν</span> <span class='ocrx_word' id='word_1_188' title='bbox 1338 668 1449 704; x_wconf 83' lang='grc' dir='ltr'>τρόπων,</span> <span class='ocrx_word' id='word_1_189' title='bbox 1467 668 1512 693; x_wconf 76' lang='grc' dir='ltr'>καὶ</span> <span class='ocrx_word' id='word_1_190' title='bbox 1524 668 1554 693; x_wconf 86' lang='grc' dir='ltr'><strong>τό</strong></span> <span class='ocrx_word' id='word_1_191' title='bbox 1568 668 1679 703; x_wconf 77' lang='grc' dir='ltr'>γνήσιον</span> <span class='ocrx_word' id='word_1_192' title='bbox 1699 670 1749 697; x_wconf 79' lang='grc' dir='ltr'>τῆς</span> <span class='ocrx_word' id='word_1_193' title='bbox 1762 668 1824 704; x_wconf 71' lang='grc' dir='ltr'>περὶ</span> <span class='ocrx_word' id='word_1_194' title='bbox 1839 668 1902 693; x_wconf 74' lang='grc' dir='ltr'><strong>Θεὸν</strong></span> <span class='ocrx_word' id='word_1_195' title='bbox 1916 664 1966 692; x_wconf 72' lang='grc' dir='ltr'><strong>δια⁴</strong></span> 
     </span>
    </p>
   </div>
   <div class='ocr_carea' id='block_1_28' title="bbox 1175 710 1968 749">
    <p class='ocr_par' dir='ltr' id='par_1_28' title="bbox 1175 710 1968 749">
     <span class='ocr_line' id='line_1_28' title="bbox 1175 710 1968 749; baseline -0.001 -11"><span class='ocrx_word' id='word_1_196' title='bbox 1175 712 1277 747; x_wconf 79' lang='grc' dir='ltr'><strong>θέσεως,</strong></span> <span class='ocrx_word' id='word_1_197' title='bbox 1296 712 1364 738; x_wconf 71' lang='grc' dir='ltr'>ὥστε</span> <span class='ocrx_word' id='word_1_198' title='bbox 1382 713 1531 749; x_wconf 76' lang='grc' dir='ltr'>μακαρίσαι</span> <span class='ocrx_word' id='word_1_199' title='bbox 1556 711 1626 748; x_wconf 80' lang='grc' dir='ltr'>ἡμᾶς</span> <span class='ocrx_word' id='word_1_200' title='bbox 1650 713 1700 740; x_wconf 83' lang='grc' dir='ltr'>τὴν</span> <span class='ocrx_word' id='word_1_201' title='bbox 1730 710 1760 737; x_wconf 77' lang='grc' dir='ltr'>ἐκ</span> <span class='ocrx_word' id='word_1_202' title='bbox 1782 715 1833 737; x_wconf 85' lang='grc' dir='ltr'>τῶν</span> <span class='ocrx_word' id='word_1_203' title='bbox 1860 712 1968 737; x_wconf 76' lang='grc' dir='ltr'>τοιούτων</span> 
     </span>
    </p>
   </div>
   <div class='ocr_carea' id='block_1_29' title="bbox 1175 755 1968 794">
    <p class='ocr_par' dir='ltr' id='par_1_29' title="bbox 1175 755 1968 794">
     <span class='ocr_line' id='line_1_29' title="bbox 1175 755 1968 794; baseline -0.003 -11"><span class='ocrx_word' id='word_1_204' title='bbox 1175 755 1409 794; x_wconf 72' lang='grc' dir='ltr'>συμπληρουμένην</span> <span class='ocrx_word' id='word_1_205' title='bbox 1438 755 1604 792; x_wconf 77' lang='grc' dir='ltr'>Ἐκκλησίαν,</span> <span class='ocrx_word' id='word_1_206' title='bbox 1629 758 1675 782; x_wconf 80' lang='grc' dir='ltr'>καὶ</span> <span class='ocrx_word' id='word_1_207' title='bbox 1694 756 1829 792; x_wconf 72' lang='grc' dir='ltr'>εὔχεσθαι</span> <span class='ocrx_word' id='word_1_208' title='bbox 1848 759 1891 782; x_wconf 84' lang='grc' dir='ltr'>νῦν</span> <span class='ocrx_word' id='word_1_209' title='bbox 1906 755 1968 782; x_wconf 71' lang='grc' dir='ltr'>πλέον</span> 
     </span>
    </p>
   </div>
   <div class='ocr_carea' id='block_1_30' title="bbox 1174 799 1968 837">
    <p class='ocr_par' dir='ltr' id='par_1_30' title="bbox 1174 799 1968 837">
     <span class='ocr_line' id='line_1_30' title="bbox 1174 799 1968 837; baseline -0.001 -10"><span class='ocrx_word' id='word_1_210' title='bbox 1174 799 1284 830; x_wconf 70' lang='grc' dir='ltr'>δοθῆναι</span> <span class='ocrx_word' id='word_1_211' title='bbox 1303 801 1364 837; x_wconf 81' lang='grc' dir='ltr'>ὑμῖν</span> <span class='ocrx_word' id='word_1_212' title='bbox 1387 803 1434 831; x_wconf 73' lang='grc' dir='ltr'>τὴν</span> <span class='ocrx_word' id='word_1_213' title='bbox 1459 803 1636 837; x_wconf 82' lang='grc' dir='ltr'>πνευματικὴν</span> <span class='ocrx_word' id='word_1_214' title='bbox 1650 800 1781 837; x_wconf 75' lang='grc' dir='ltr'>γαλήνην·</span> <span class='ocrx_word' id='word_1_215' title='bbox 1810 802 1852 827; x_wconf 86' lang='grc' dir='ltr'>ἶνα</span> <span class='ocrx_word' id='word_1_216' title='bbox 1865 800 1882 827; x_wconf 81' lang='grc' dir='ltr'><strong>ἆ</strong></span> <span class='ocrx_word' id='word_1_217' title='bbox 1898 804 1937 826; x_wconf 87' lang='grc' dir='ltr'>νῦν</span> <span class='ocrx_word' id='word_1_218' title='bbox 1949 799 1968 826; x_wconf 69' lang='grc' dir='ltr'><strong>ἐ)</strong></span> 
     </span>
    </p>
   </div>
   <div class='ocr_carea' id='block_1_31' title="bbox 1173 844 1966 883">
    <p class='ocr_par' dir='ltr' id='par_1_31' title="bbox 1173 844 1966 883">
     <span class='ocr_line' id='line_1_31' title="bbox 1173 844 1966 883; baseline -0.001 -12"><span class='ocrx_word' id='word_1_219' title='bbox 1173 849 1209 881; x_wconf 83' lang='grc' dir='ltr'>τῷ</span> <span class='ocrx_word' id='word_1_220' title='bbox 1228 849 1312 883; x_wconf 80' lang='grc' dir='ltr'>καιρῷ</span> <span class='ocrx_word' id='word_1_221' title='bbox 1335 849 1383 877; x_wconf 87' lang='grc' dir='ltr'>τῆς</span> <span class='ocrx_word' id='word_1_222' title='bbox 1402 845 1535 876; x_wconf 77' lang='grc' dir='ltr'>ἀθλήσεως</span> <span class='ocrx_word' id='word_1_223' title='bbox 1563 844 1745 882; x_wconf 72' lang='grc' dir='ltr'>ἐπεδείξασθε,</span> <span class='ocrx_word' id='word_1_224' title='bbox 1778 847 1875 872; x_wconf 83' lang='grc' dir='ltr'>τούτων</span> <span class='ocrx_word' id='word_1_225' title='bbox 1897 844 1922 871; x_wconf 71' lang='grc' dir='ltr'>ἐκ</span> <span class='ocrx_word' id='word_1_226' title='bbox 1938 848 1966 879; x_wconf 76' lang='grc' dir='ltr'>τῷ</span> 
     </span>
    </p>
   </div>
   <div class='ocr_carea' id='block_1_32' title="bbox 289 886 1122 928">
    <p class='ocr_par' dir='ltr' id='par_1_32' title="bbox 289 886 1119 924">
     <span class='ocr_line' id='line_1_32' title="bbox 289 886 1119 924; baseline 0.001 -9"><span class='ocrx_word' id='word_1_227' title='bbox 289 886 396 916; x_wconf 68' lang='lat' dir='ltr'><strong>afferre</strong></span> <span class='ocrx_word' id='word_1_228' title='bbox 405 886 647 915; x_wconf 77' lang='lat' dir='ltr'><strong>recordantibus.</strong></span> <span class='ocrx_word' id='word_1_229' title='bbox 655 887 721 915; x_wconf 87' lang='lat' dir='ltr'><strong>Jam</strong></span> <span class='ocrx_word' id='word_1_230' title='bbox 731 894 803 915; x_wconf 88' lang='lat' dir='ltr'><strong>vero</strong></span> <span class='ocrx_word' id='word_1_231' title='bbox 813 887 896 924; x_wconf 89' lang='lat' dir='ltr'><strong>quod</strong></span> <span class='ocrx_word' id='word_1_232' title='bbox 907 887 947 916; x_wconf 85' lang='lat' dir='ltr'><strong>ad</strong></span> <span class='ocrx_word' id='word_1_233' title='bbox 956 887 1119 924; x_wconf 76' lang='lat' dir='ltr'><strong>praesentia</strong></span> 
     </span>
    </p>
   </div>
   <div class='ocr_carea' id='block_1_33' title="bbox 1176 886 1968 928">
    <p class='ocr_par' dir='ltr' id='par_1_33' title="bbox 1176 890 1968 928">
     <span class='ocr_line' id='line_1_33' title="bbox 1176 890 1968 928; baseline -0.003 -11"><span class='ocrx_word' id='word_1_234' title='bbox 1176 894 1221 922; x_wconf 77' lang='grc' dir='ltr'>τῆς</span> <span class='ocrx_word' id='word_1_235' title='bbox 1236 890 1345 922; x_wconf 73' lang='grc' dir='ltr'>ἀνέσεως</span> <span class='ocrx_word' id='word_1_236' title='bbox 1359 893 1448 928; x_wconf 82' lang='grc' dir='ltr'>χρόνῳ</span> <span class='ocrx_word' id='word_1_237' title='bbox 1466 891 1614 927; x_wconf 74' lang='grc' dir='ltr'>κομίσησθε</span> <span class='ocrx_word' id='word_1_238' title='bbox 1633 893 1681 920; x_wconf 76' lang='grc' dir='ltr'>τὴν</span> <span class='ocrx_word' id='word_1_239' title='bbox 1707 890 1866 917; x_wconf 78' lang='grc' dir='ltr'>ἀπόλαυσιν.</span> <span class='ocrx_word' id='word_1_240' title='bbox 1883 891 1968 925; x_wconf 75' lang='grc' dir='ltr'>Πέφυιι</span> 
     </span>
    </p>
   </div>
   <div class='ocr_carea' id='block_1_34' title="bbox 288 931 1117 968">
    <p class='ocr_par' dir='ltr' id='par_1_34' title="bbox 288 931 1117 968">
     <span class='ocr_line' id='line_1_34' title="bbox 288 931 1117 968; baseline 0.001 -8"><span class='ocrx_word' id='word_1_241' title='bbox 288 932 403 965; x_wconf 82' lang='lat' dir='ltr'><strong>attinet,</strong></span> <span class='ocrx_word' id='word_1_242' title='bbox 419 931 565 960; x_wconf 86' lang='lat' dir='ltr'><strong>adhortor</strong></span> <span class='ocrx_word' id='word_1_243' title='bbox 574 939 630 960; x_wconf 90' lang='lat' dir='ltr'><strong>vos</strong></span> <span class='ocrx_word' id='word_1_244' title='bbox 642 933 675 960; x_wconf 91' lang='lat' dir='ltr'><strong>ut</strong></span> <span class='ocrx_word' id='word_1_245' title='bbox 683 939 721 960; x_wconf 91' lang='lat' dir='ltr'><strong>ne</strong></span> <span class='ocrx_word' id='word_1_246' title='bbox 729 931 818 960; x_wconf 87' lang='lat' dir='ltr'><strong>malis</strong></span> <span class='ocrx_word' id='word_1_247' title='bbox 826 932 950 968; x_wconf 87' lang='lat' dir='ltr'><strong>cedatis,</strong></span> <span class='ocrx_word' id='word_1_248' title='bbox 966 940 1040 961; x_wconf 90' lang='lat' dir='ltr'><strong>neve</strong></span> <span class='ocrx_word' id='word_1_249' title='bbox 1054 933 1117 961; x_wconf 84' lang='lat' dir='ltr'><strong>ani-</strong></span> 
     </span>
    </p>
   </div>
   <div class='ocr_carea' id='block_1_35' title="bbox 287 976 1120 1014">
    <p class='ocr_par' dir='ltr' id='par_1_35' title="bbox 287 976 1120 1014">
     <span class='ocr_line' id='line_1_35' title="bbox 287 976 1120 1014; baseline 0 -8"><span class='ocrx_word' id='word_1_250' title='bbox 287 984 373 1006; x_wconf 88' lang='lat' dir='ltr'><strong>mum</strong></span> <span class='ocrx_word' id='word_1_251' title='bbox 384 976 424 1005; x_wconf 92' lang='lat' dir='ltr'><strong>ob</strong></span> <span class='ocrx_word' id='word_1_252' title='bbox 435 976 623 1005; x_wconf 81' lang='lat' dir='ltr'><strong>continentes</strong></span> <span class='ocrx_word' id='word_1_253' title='bbox 630 984 782 1005; x_wconf 68' lang='lat' dir='ltr'><strong>aerumnas</strong></span> <span class='ocrx_word' id='word_1_254' title='bbox 792 976 1018 1013; x_wconf 85' lang='lat' dir='ltr'><strong>despondeatis.</strong></span> <span class='ocrx_word' id='word_1_255' title='bbox 1025 978 1120 1014; x_wconf 88' lang='lat' dir='ltr'><strong>Prope</strong></span> 
     </span>
    </p>
   </div>
   <div class='ocr_carea' id='block_1_36' title="bbox 287 1020 1120 1057">
    <p class='ocr_par' dir='ltr' id='par_1_36' title="bbox 287 1020 1120 1057">
     <span class='ocr_line' id='line_1_36' title="bbox 287 1020 1120 1057; baseline 0 -7"><span class='ocrx_word' id='word_1_256' title='bbox 287 1020 369 1050; x_wconf 87' lang='lat' dir='ltr'><strong>enim</strong></span> <span class='ocrx_word' id='word_1_257' title='bbox 384 1027 513 1055; x_wconf 67' lang='lat' dir='ltr'><strong>coronas,</strong></span> <span class='ocrx_word' id='word_1_258' title='bbox 520 1022 549 1049; x_wconf 90' lang='lat' dir='ltr'><strong>et</strong></span> <span class='ocrx_word' id='word_1_259' title='bbox 558 1028 653 1057; x_wconf 90' lang='lat' dir='ltr'><strong>prope</strong></span> <span class='ocrx_word' id='word_1_260' title='bbox 665 1021 783 1049; x_wconf 88' lang='lat' dir='ltr'><strong>Domini</strong></span> <span class='ocrx_word' id='word_1_261' title='bbox 793 1020 948 1050; x_wconf 71' lang='lat' dir='ltr'><strong>auxilium.</strong></span> <span class='ocrx_word' id='word_1_262' title='bbox 961 1021 1069 1051; x_wconf 81' lang='lat' dir='ltr'><strong>Cavete</strong></span> <span class='ocrx_word' id='word_1_263' title='bbox 1079 1022 1120 1050; x_wconf 85' lang='lat' dir='ltr'><strong>ef-</strong></span> 
     </span>
    </p>
   </div>
   <div class='ocr_carea' id='block_1_37' title="bbox 286 1065 1119 1102">
    <p class='ocr_par' dir='ltr' id='par_1_37' title="bbox 286 1065 1119 1102">
     <span class='ocr_line' id='line_1_37' title="bbox 286 1065 1119 1102; baseline 0.001 -8"><span class='ocrx_word' id='word_1_264' title='bbox 286 1065 422 1094; x_wconf 81' lang='lat' dir='ltr'><strong>fundatis</strong></span> <span class='ocrx_word' id='word_1_265' title='bbox 435 1072 503 1102; x_wconf 71' lang='lat' dir='ltr'><strong>quae</strong></span> <span class='ocrx_word' id='word_1_266' title='bbox 511 1065 578 1102; x_wconf 84' lang='lat' dir='ltr'><strong>jam</strong></span> <span class='ocrx_word' id='word_1_267' title='bbox 588 1065 781 1094; x_wconf 84' lang='lat' dir='ltr'><strong>exantlastis:</strong></span> <span class='ocrx_word' id='word_1_268' title='bbox 796 1073 871 1095; x_wconf 87' lang='lat' dir='ltr'><strong>neve</strong></span> <span class='ocrx_word' id='word_1_269' title='bbox 883 1066 1000 1095; x_wconf 86' lang='lat' dir='ltr'><strong>irritum</strong></span> <span class='ocrx_word' id='word_1_270' title='bbox 1010 1066 1119 1096; x_wconf 87' lang='lat' dir='ltr'><strong>redda-</strong></span> 
     </span>
    </p>
   </div>
   <div class='ocr_carea' id='block_1_38' title="bbox 286 1109 1119 1147">
    <p class='ocr_par' dir='ltr' id='par_1_38' title="bbox 286 1109 1119 1147">
     <span class='ocr_line' id='line_1_38' title="bbox 286 1109 1119 1147; baseline 0.001 -8"><span class='ocrx_word' id='word_1_271' title='bbox 286 1111 325 1139; x_wconf 87' lang='lat' dir='ltr'><strong>tis</strong></span> <span class='ocrx_word' id='word_1_272' title='bbox 340 1109 431 1147; x_wconf 68' lang='lat'><strong>334</strong></span> <span class='ocrx_word' id='word_1_273' title='bbox 444 1109 583 1139; x_wconf 87' lang='lat' dir='ltr'><strong>laborem</strong></span> <span class='ocrx_word' id='word_1_274' title='bbox 597 1112 659 1139; x_wconf 89' lang='lat' dir='ltr'><strong>toto</strong></span> <span class='ocrx_word' id='word_1_275' title='bbox 674 1112 824 1139; x_wconf 86' lang='lat' dir='ltr'><strong>terrarum</strong></span> <span class='ocrx_word' id='word_1_276' title='bbox 838 1111 911 1139; x_wconf 87' lang='lat' dir='ltr'><strong>orbe</strong></span> <span class='ocrx_word' id='word_1_277' title='bbox 923 1111 1119 1140; x_wconf 89' lang='lat' dir='ltr'><strong>celebratum.</strong></span> 
     </span>
    </p>
   </div>
   <div class='ocr_carea' id='block_1_39' title="bbox 288 1155 1121 1185">
    <p class='ocr_par' dir='ltr' id='par_1_39' title="bbox 288 1155 1121 1185">
     <span class='ocr_line' id='line_1_39' title="bbox 288 1155 1121 1185; baseline 0.001 -1"><span class='ocrx_word' id='word_1_278' title='bbox 288 1155 485 1184; x_wconf 84' lang='lat' dir='ltr'><strong>Brevissimus</strong></span> <span class='ocrx_word' id='word_1_279' title='bbox 502 1162 605 1184; x_wconf 86' lang='lat' dir='ltr'><strong>rerum</strong></span> <span class='ocrx_word' id='word_1_280' title='bbox 634 1155 841 1184; x_wconf 82' lang='lat' dir='ltr'><strong>humanarum</strong></span> <span class='ocrx_word' id='word_1_281' title='bbox 867 1158 962 1184; x_wconf 88' lang='lat' dir='ltr'><strong>status</strong></span> <span class='ocrx_word' id='word_1_282' title='bbox 983 1164 989 1183; x_wconf 92' lang='lat'><strong>:</strong></span> <span class='ocrx_word' id='word_1_283' title='bbox 1021 1157 1121 1185; x_wconf 73' lang='lat' dir='ltr'><strong>Omnis</strong></span> 
     </span>
    </p>
   </div>
   <div class='ocr_carea' id='block_1_40' title="bbox 288 1199 1121 1237">
    <p class='ocr_par' dir='ltr' id='par_1_40' title="bbox 288 1199 1121 1237">
     <span class='ocr_line' id='line_1_40' title="bbox 288 1199 1121 1237; baseline 0 -8"><span class='ocrx_word' id='word_1_284' title='bbox 288 1208 360 1229; x_wconf 87' lang='lat' dir='ltr'><strong>caro</strong></span> <span class='ocrx_word' id='word_1_285' title='bbox 373 1199 490 1235; x_wconf 85' lang='lat' dir='ltr'><strong>fenum,</strong></span> <span class='ocrx_word' id='word_1_286' title='bbox 503 1202 530 1228; x_wconf 78' lang='lat' dir='ltr'><strong>et</strong></span> <span class='ocrx_word' id='word_1_287' title='bbox 545 1200 641 1228; x_wconf 83' lang='lat' dir='ltr'><strong>omnis</strong></span> <span class='ocrx_word' id='word_1_288' title='bbox 651 1200 753 1235; x_wconf 84' lang='lat' dir='ltr'><strong>gloria</strong></span> <span class='ocrx_word' id='word_1_289' title='bbox 764 1199 893 1228; x_wconf 80' lang='lat' dir='ltr'><strong>hominis</strong></span> <span class='ocrx_word' id='word_1_290' title='bbox 907 1203 1053 1237; x_wconf 81' lang='lat' dir='ltr'><strong>tanquam</strong></span> <span class='ocrx_word' id='word_1_291' title='bbox 1067 1202 1121 1236; x_wconf 79' lang='lat' dir='ltr'><strong>ﬂos</strong></span> 
     </span>
    </p>
   </div>
   <div class='ocr_carea' id='block_1_41' title="bbox 285 1244 1120 1280">
    <p class='ocr_par' dir='ltr' id='par_1_41' title="bbox 285 1244 1120 1280">
     <span class='ocr_line' id='line_1_41' title="bbox 285 1244 1120 1280; baseline 0.002 -8"><span class='ocrx_word' id='word_1_292' title='bbox 285 1245 362 1280; x_wconf 81' lang='lat' dir='ltr'><strong>feni.</strong></span> <span class='ocrx_word' id='word_1_293' title='bbox 371 1244 500 1272; x_wconf 65' lang='lat' dir='ltr'><strong>Emeruit</strong></span> <span class='ocrx_word' id='word_1_294' title='bbox 513 1244 631 1280; x_wconf 83' lang='lat' dir='ltr'><strong>fenum,</strong></span> <span class='ocrx_word' id='word_1_295' title='bbox 651 1247 680 1273; x_wconf 83' lang='lat' dir='ltr'><strong>et</strong></span> <span class='ocrx_word' id='word_1_296' title='bbox 701 1244 758 1280; x_wconf 81' lang='lat' dir='ltr'><strong>ﬂos</strong></span> <span class='ocrx_word' id='word_1_297' title='bbox 776 1244 909 1280; x_wconf 80' lang='lat' dir='ltr'><strong>decidit;</strong></span> <span class='ocrx_word' id='word_1_298' title='bbox 923 1245 1044 1274; x_wconf 83' lang='lat' dir='ltr'><strong>verbum</strong></span> <span class='ocrx_word' id='word_1_299' title='bbox 1068 1253 1120 1275; x_wconf 87' lang='lat' dir='ltr'><strong>au-</strong></span> 
     </span>
    </p>
   </div>
   <div class='ocr_carea' id='block_1_42' title="bbox 289 1289 1122 1327">
    <p class='ocr_par' dir='ltr' id='par_1_42' title="bbox 289 1289 1122 1327">
     <span class='ocr_line' id='line_1_42' title="bbox 289 1289 1122 1327; baseline 0.001 -9"><span class='ocrx_word' id='word_1_300' title='bbox 289 1292 347 1318; x_wconf 80' lang='lat' dir='ltr'><strong>tem</strong></span> <span class='ocrx_word' id='word_1_301' title='bbox 361 1289 485 1317; x_wconf 81' lang='lat' dir='ltr'><strong>Domini</strong></span> <span class='ocrx_word' id='word_1_302' title='bbox 496 1292 598 1317; x_wconf 78' lang='lat' dir='ltr'><strong>manet</strong></span> <span class='ocrx_word' id='word_1_303' title='bbox 621 1289 654 1317; x_wconf 83' lang='lat' dir='ltr'><strong>in</strong></span> <span class='ocrx_word' id='word_1_304' title='bbox 676 1292 821 1318; x_wconf 59' lang='lat' dir='ltr'><strong>ater-num</strong></span> <span class='ocrx_word' id='word_1_305' title='bbox 833 1290 868 1319; x_wconf 85' lang='grc'><strong>¹¹¹.</strong></span> <span class='ocrx_word' id='word_1_306' title='bbox 887 1291 1038 1327; x_wconf 65' lang='lat' dir='ltr'><strong>Praecepto</strong></span> <span class='ocrx_word' id='word_1_307' title='bbox 1057 1298 1122 1327; x_wconf 86' lang='lat' dir='ltr'><strong>per-</strong></span> 
     </span>
    </p>
   </div>
   <div class='ocr_carea' id='block_1_43' title="bbox 288 1333 1122 1372">
    <p class='ocr_par' dir='ltr' id='par_1_43' title="bbox 288 1333 1122 1372">
     <span class='ocr_line' id='line_1_43' title="bbox 288 1333 1122 1372; baseline 0.002 -10"><span class='ocrx_word' id='word_1_308' title='bbox 288 1333 425 1363; x_wconf 83' lang='lat' dir='ltr'><strong>manenti</strong></span> <span class='ocrx_word' id='word_1_309' title='bbox 438 1333 640 1365; x_wconf 83' lang='lat' dir='ltr'><strong>adhaerentes,</strong></span> <span class='ocrx_word' id='word_1_310' title='bbox 651 1334 767 1362; x_wconf 82' lang='lat' dir='ltr'><strong>ﬂuxam</strong></span> <span class='ocrx_word' id='word_1_311' title='bbox 779 1341 881 1363; x_wconf 87' lang='lat' dir='ltr'><strong>rerum</strong></span> <span class='ocrx_word' id='word_1_312' title='bbox 895 1335 1028 1372; x_wconf 88' lang='lat' dir='ltr'><strong>speciem</strong></span> <span class='ocrx_word' id='word_1_313' title='bbox 1040 1343 1122 1372; x_wconf 85' lang='lat' dir='ltr'><strong>sper-</strong></span> 
     </span>
    </p>
   </div>
   <div class='ocr_carea' id='block_1_44' title="bbox 289 1378 1121 1414">
    <p class='ocr_par' dir='ltr' id='par_1_44' title="bbox 289 1378 1121 1414">
     <span class='ocr_line' id='line_1_44' title="bbox 289 1378 1121 1414; baseline 0.002 -7"><span class='ocrx_word' id='word_1_314' title='bbox 289 1386 411 1408; x_wconf 83' lang='lat' dir='ltr'><strong>namus.</strong></span> <span class='ocrx_word' id='word_1_315' title='bbox 434 1378 499 1407; x_wconf 88' lang='lat' dir='ltr'><strong>Non</strong></span> <span class='ocrx_word' id='word_1_316' title='bbox 514 1385 630 1414; x_wconf 85' lang='lat' dir='ltr'><strong>paucas</strong></span> <span class='ocrx_word' id='word_1_317' title='bbox 644 1378 791 1407; x_wconf 68' lang='lat' dir='ltr'><strong>Ecclesias</strong></span> <span class='ocrx_word' id='word_1_318' title='bbox 816 1379 910 1408; x_wconf 85' lang='lat' dir='ltr'><strong>erexit</strong></span> <span class='ocrx_word' id='word_1_319' title='bbox 923 1381 1058 1408; x_wconf 88' lang='lat' dir='ltr'><strong>vestrum</strong></span> <span class='ocrx_word' id='word_1_320' title='bbox 1072 1388 1121 1409; x_wconf 84' lang='lat' dir='ltr'><strong>ex-</strong></span> 
     </span>
    </p>
   </div>
   <div class='ocr_carea' id='block_1_45' title="bbox 289 1421 1121 1461">
    <p class='ocr_par' dir='ltr' id='par_1_45' title="bbox 289 1421 1121 1461">
     <span class='ocr_line' id='line_1_45' title="bbox 289 1421 1121 1461; baseline 0.001 -9"><span class='ocrx_word' id='word_1_321' title='bbox 289 1422 437 1459; x_wconf 87' lang='lat' dir='ltr'><strong>emplum.</strong></span> <span class='ocrx_word' id='word_1_322' title='bbox 462 1421 553 1451; x_wconf 82' lang='lat' dir='ltr'><strong>Multa</strong></span> <span class='ocrx_word' id='word_1_323' title='bbox 568 1430 624 1451; x_wconf 87' lang='lat' dir='ltr'><strong>nec</strong></span> <span class='ocrx_word' id='word_1_324' title='bbox 643 1422 805 1459; x_wconf 81' lang='lat' dir='ltr'><strong>opinantes</strong></span> <span class='ocrx_word' id='word_1_325' title='bbox 819 1423 907 1452; x_wconf 91' lang='lat' dir='ltr'><strong>vobis</strong></span> <span class='ocrx_word' id='word_1_326' title='bbox 922 1424 1121 1461; x_wconf 86' lang='lat' dir='ltr'><strong>comparastis</strong></span> 
     </span>
    </p>
   </div>
   <div class='ocr_carea' id='block_1_46' title="bbox 290 1466 1122 1505">
    <p class='ocr_par' dir='ltr' id='par_1_46' title="bbox 290 1466 1122 1505">
     <span class='ocr_line' id='line_1_46' title="bbox 290 1466 1122 1505; baseline 0.001 -8"><span class='ocrx_word' id='word_1_327' title='bbox 290 1467 473 1502; x_wconf 85' lang='lat' dir='ltr'><strong>mercedem,</strong></span> <span class='ocrx_word' id='word_1_328' title='bbox 488 1466 563 1496; x_wconf 87' lang='lat' dir='ltr'><strong>dum</strong></span> <span class='ocrx_word' id='word_1_329' title='bbox 577 1467 715 1496; x_wconf 89' lang='lat' dir='ltr'><strong>rudiores</strong></span> <span class='ocrx_word' id='word_1_330' title='bbox 727 1467 767 1497; x_wconf 87' lang='lat' dir='ltr'><strong>ad</strong></span> <span class='ocrx_word' id='word_1_331' title='bbox 777 1475 883 1505; x_wconf 84' lang='lat' dir='ltr'><strong>parem</strong></span> <span class='ocrx_word' id='word_1_332' title='bbox 898 1469 1122 1498; x_wconf 77' lang='lat' dir='ltr'><strong>aemulationem</strong></span> 
     </span>
    </p>
   </div>
   <div class='ocr_carea' id='block_1_47' title="bbox 1173 934 1967 974">
    <p class='ocr_par' dir='ltr' id='par_1_47' title="bbox 1173 934 1967 974">
     <span class='ocr_line' id='line_1_47' title="bbox 1173 934 1967 974; baseline -0.001 -12"><span class='ocrx_word' id='word_1_333' title='bbox 1173 937 1224 973; x_wconf 73' lang='grc' dir='ltr'><strong>γάρ</strong></span> <span class='ocrx_word' id='word_1_334' title='bbox 1242 946 1297 967; x_wconf 85' lang='grc' dir='ltr'><strong>πως</strong></span> <span class='ocrx_word' id='word_1_335' title='bbox 1321 937 1354 962; x_wconf 79' lang='grc' dir='ltr'><strong>τὰ</strong></span> <span class='ocrx_word' id='word_1_336' title='bbox 1373 934 1495 974; x_wconf 80' lang='grc' dir='ltr'><strong>δυσχερῆ</strong></span> <span class='ocrx_word' id='word_1_337' title='bbox 1520 937 1589 963; x_wconf 83' lang='grc' dir='ltr'>κατὰ</span> <span class='ocrx_word' id='word_1_338' title='bbox 1608 938 1656 966; x_wconf 82' lang='grc' dir='ltr'>τὴν</span> <span class='ocrx_word' id='word_1_339' title='bbox 1670 940 1768 973; x_wconf 85' lang='grc' dir='ltr'>πεῖραν</span> <span class='ocrx_word' id='word_1_340' title='bbox 1788 935 1885 965; x_wconf 77' lang='grc' dir='ltr'>ἡδονὴν</span> <span class='ocrx_word' id='word_1_341' title='bbox 1897 937 1967 972; x_wconf 75' lang='grc' dir='ltr'>φέρειν</span> 
     </span>
    </p>
   </div>
   <div class='ocr_carea' id='block_1_48' title="bbox 1173 979 1967 1018">
    <p class='ocr_par' dir='ltr' id='par_1_48' title="bbox 1173 979 1967 1018">
     <span class='ocr_line' id='line_1_48' title="bbox 1173 979 1967 1018; baseline -0.003 -11"><span class='ocrx_word' id='word_1_342' title='bbox 1173 984 1228 1011; x_wconf 83' lang='grc' dir='ltr'>τοῖς</span> <span class='ocrx_word' id='word_1_343' title='bbox 1239 981 1523 1017; x_wconf 79' lang='grc' dir='ltr'>ὑπομιμνησκομένοις.</span> <span class='ocrx_word' id='word_1_344' title='bbox 1542 982 1578 1008; x_wconf 85' lang='grc' dir='ltr'><strong>Τὸ</strong></span> <span class='ocrx_word' id='word_1_345' title='bbox 1593 979 1623 1008; x_wconf 66' lang='grc' dir='ltr'><strong>δὲ</strong></span> <span class='ocrx_word' id='word_1_346' title='bbox 1642 984 1688 1007; x_wconf 82' lang='grc' dir='ltr'>νῦν</span> <span class='ocrx_word' id='word_1_347' title='bbox 1702 982 1768 1018; x_wconf 74' lang='grc' dir='ltr'>ἔχον</span> <span class='ocrx_word' id='word_1_348' title='bbox 1784 980 1967 1018; x_wconf 72' lang='grc' dir='ltr'>παρακαλοῦμεν</span> 
     </span>
    </p>
   </div>
   <div class='ocr_carea' id='block_1_49' title="bbox 1173 1024 1967 1064">
    <p class='ocr_par' dir='ltr' id='par_1_49' title="bbox 1173 1024 1967 1064">
     <span class='ocr_line' id='line_1_49' title="bbox 1173 1024 1967 1064; baseline -0.001 -12"><span class='ocrx_word' id='word_1_349' title='bbox 1173 1026 1241 1057; x_wconf 79' lang='grc' dir='ltr'>ὑμᾶς</span> <span class='ocrx_word' id='word_1_350' title='bbox 1256 1027 1291 1062; x_wconf 79' lang='grc' dir='ltr'>μὴ</span> <span class='ocrx_word' id='word_1_351' title='bbox 1309 1025 1438 1058; x_wconf 73' lang='grc' dir='ltr'>ἐκκακιίν,</span> <span class='ocrx_word' id='word_1_352' title='bbox 1463 1024 1533 1062; x_wconf 61' lang='grc' dir='ltr'>μηδι</span> <span class='ocrx_word' id='word_1_353' title='bbox 1553 1025 1729 1064; x_wconf 68' lang='grc' dir='ltr'>ἀπαγορεύειν</span> <span class='ocrx_word' id='word_1_354' title='bbox 1749 1027 1818 1063; x_wconf 83' lang='grc' dir='ltr'>πρὸς</span> <span class='ocrx_word' id='word_1_355' title='bbox 1841 1027 1886 1055; x_wconf 79' lang='grc' dir='ltr'>τὴν</span> <span class='ocrx_word' id='word_1_356' title='bbox 1908 1026 1967 1051; x_wconf 75' lang='grc' dir='ltr'>συνί-</span> 
     </span>
    </p>
   </div>
   <div class='ocr_carea' id='block_1_50' title="bbox 1174 1068 1967 1107">
    <p class='ocr_par' dir='ltr' id='par_1_50' title="bbox 1174 1068 1967 1107">
     <span class='ocr_line' id='line_1_50' title="bbox 1174 1068 1967 1107; baseline 0.003 -12"><span class='ocrx_word' id='word_1_357' title='bbox 1174 1079 1252 1105; x_wconf 81' lang='grc' dir='ltr'>χιιαν</span> <span class='ocrx_word' id='word_1_358' title='bbox 1267 1073 1316 1095; x_wconf 85' lang='grc' dir='ltr'>τῶν</span> <span class='ocrx_word' id='word_1_359' title='bbox 1332 1072 1479 1097; x_wconf 79' lang='grc' dir='ltr'>κακώσεων.</span> <span class='ocrx_word' id='word_1_360' title='bbox 1492 1069 1584 1106; x_wconf 65' lang='grc' dir='ltr'><strong>Ἐῃὺς</strong></span> <span class='ocrx_word' id='word_1_361' title='bbox 1596 1071 1647 1107; x_wconf 77' lang='grc' dir='ltr'>γὰρ</span> <span class='ocrx_word' id='word_1_362' title='bbox 1658 1071 1686 1097; x_wconf 87' lang='grc' dir='ltr'>οἱ</span> <span class='ocrx_word' id='word_1_363' title='bbox 1700 1072 1836 1106; x_wconf 73' lang='grc' dir='ltr'>στέφανοι,</span> <span class='ocrx_word' id='word_1_364' title='bbox 1852 1068 1967 1104; x_wconf 52' lang='lat' dir='ltr'><strong>mter/1);</strong></span> 
     </span>
    </p>
   </div>
   <div class='ocr_carea' id='block_1_51' title="bbox 1174 1113 1967 1152">
    <p class='ocr_par' dir='ltr' id='par_1_51' title="bbox 1174 1113 1967 1152">
     <span class='ocr_line' id='line_1_51' title="bbox 1174 1113 1967 1152; baseline 0.005 -13"><span class='ocrx_word' id='word_1_365' title='bbox 1174 1115 1189 1143; x_wconf 84' lang='grc' dir='ltr'><strong>ἠ</strong></span> <span class='ocrx_word' id='word_1_366' title='bbox 1205 1113 1344 1150; x_wconf 75' lang='grc' dir='ltr'><strong>ἀντίληψις</strong></span> <span class='ocrx_word' id='word_1_367' title='bbox 1358 1118 1404 1140; x_wconf 80' lang='grc' dir='ltr'>τοῦ</span> <span class='ocrx_word' id='word_1_368' title='bbox 1419 1117 1526 1152; x_wconf 85' lang='grc' dir='ltr'>Κυρίου.</span> <span class='ocrx_word' id='word_1_369' title='bbox 1541 1116 1584 1144; x_wconf 84' lang='grc' dir='ltr'><strong>Μὴ</strong></span> <span class='ocrx_word' id='word_1_370' title='bbox 1597 1114 1713 1151; x_wconf 76' lang='grc' dir='ltr'>ἔκχέητι</span> <span class='ocrx_word' id='word_1_371' title='bbox 1723 1116 1758 1142; x_wconf 80' lang='grc' dir='ltr'>τὰ</span> <span class='ocrx_word' id='word_1_372' title='bbox 1771 1114 1967 1151; x_wconf 69' lang='grc' dir='ltr'>προπεπονημένα</span> 
     </span>
    </p>
   </div>
   <div class='ocr_carea' id='block_1_52' title="bbox 1175 1157 1966 1196">
    <p class='ocr_par' dir='ltr' id='par_1_52' title="bbox 1175 1157 1966 1196">
     <span class='ocr_line' id='line_1_52' title="bbox 1175 1157 1966 1196; baseline 0.004 -12"><span class='ocrx_word' id='word_1_373' title='bbox 1175 1159 1245 1195; x_wconf 78' lang='grc' dir='ltr'>ὑμῖν·</span> <span class='ocrx_word' id='word_1_374' title='bbox 1267 1160 1302 1195; x_wconf 83' lang='grc' dir='ltr'>μὴ</span> <span class='ocrx_word' id='word_1_375' title='bbox 1330 1157 1495 1196; x_wconf 77' lang='grc' dir='ltr'>ἆχριιὼσητι</span> <span class='ocrx_word' id='word_1_376' title='bbox 1523 1161 1567 1186; x_wconf 88' lang='grc' dir='ltr'>τὸν</span> <span class='ocrx_word' id='word_1_377' title='bbox 1595 1161 1677 1186; x_wconf 78' lang='grc' dir='ltr'>κόπον</span> <span class='ocrx_word' id='word_1_378' title='bbox 1703 1161 1750 1187; x_wconf 83' lang='grc' dir='ltr'><strong>τόν</strong></span> <span class='ocrx_word' id='word_1_379' title='bbox 1773 1158 1822 1186; x_wconf 75' lang='grc' dir='ltr'>δια</span> <span class='ocrx_word' id='word_1_380' title='bbox 1840 1160 1918 1189; x_wconf 75' lang='grc' dir='ltr'>πάσης</span> <span class='ocrx_word' id='word_1_381' title='bbox 1929 1161 1966 1187; x_wconf 78' lang='grc' dir='ltr'>τῆς</span> 
     </span>
    </p>
   </div>
   <div class='ocr_carea' id='block_1_53' title="bbox 1175 1202 1964 1241">
    <p class='ocr_par' dir='ltr' id='par_1_53' title="bbox 1175 1202 1964 1241">
     <span class='ocr_line' id='line_1_53' title="bbox 1175 1202 1964 1241; baseline -0.001 -11"><span class='ocrx_word' id='word_1_382' title='bbox 1175 1204 1327 1240; x_wconf 75' lang='grc' dir='ltr'>οἰκουμένης</span> <span class='ocrx_word' id='word_1_383' title='bbox 1343 1202 1507 1241; x_wconf 75' lang='grc' dir='ltr'>βεϐοημίνον.</span> <span class='ocrx_word' id='word_1_384' title='bbox 1534 1204 1735 1241; x_wconf 73' lang='grc' dir='ltr'>Ὀλιγοχρόνιοι</span> <span class='ocrx_word' id='word_1_385' title='bbox 1749 1208 1801 1231; x_wconf 82' lang='grc' dir='ltr'>τῶν</span> <span class='ocrx_word' id='word_1_386' title='bbox 1820 1203 1964 1241; x_wconf 77' lang='grc' dir='ltr'>ἀνθρωπίνων</span> 
     </span>
    </p>
   </div>
   <div class='ocr_carea' id='block_1_54' title="bbox 1174 1248 1962 1288">
    <p class='ocr_par' dir='ltr' id='par_1_54' title="bbox 1174 1248 1962 1288">
     <span class='ocr_line' id='line_1_54' title="bbox 1174 1248 1962 1288; baseline 0.005 -14"><span class='ocrx_word' id='word_1_387' title='bbox 1174 1249 1335 1286; x_wconf 69' lang='grc' dir='ltr'>πραγμάτων</span> <span class='ocrx_word' id='word_1_388' title='bbox 1355 1250 1382 1275; x_wconf 85' lang='grc' dir='ltr'>αἱ</span> <span class='ocrx_word' id='word_1_389' title='bbox 1406 1250 1590 1280; x_wconf 75' lang='grc' dir='ltr'>καταστάσης·</span> <span class='ocrx_word' id='word_1_390' title='bbox 1615 1252 1697 1277; x_wconf 84' lang='grc' dir='ltr'>Πᾶσα</span> <span class='ocrx_word' id='word_1_391' title='bbox 1717 1249 1788 1288; x_wconf 76' lang='grc' dir='ltr'>σὰρξ</span> <span class='ocrx_word' id='word_1_392' title='bbox 1805 1251 1903 1286; x_wconf 76' lang='grc' dir='ltr'>χόρτος,</span> <span class='ocrx_word' id='word_1_393' title='bbox 1925 1248 1962 1272; x_wconf 74' lang='grc' dir='ltr'><strong>ιαὶ</strong></span> 
     </span>
    </p>
   </div>
   <div class='ocr_carea' id='block_1_55' title="bbox 1175 1291 1965 1332">
    <p class='ocr_par' dir='ltr' id='par_1_55' title="bbox 1175 1291 1965 1332">
     <span class='ocr_line' id='line_1_55' title="bbox 1175 1291 1965 1332; baseline -0.003 -12"><span class='ocrx_word' id='word_1_394' title='bbox 1175 1296 1249 1320; x_wconf 83' lang='grc' dir='ltr'>πᾶσα</span> <span class='ocrx_word' id='word_1_395' title='bbox 1267 1291 1332 1325; x_wconf 86' lang='grc' dir='ltr'><strong>δόξα</strong></span> <span class='ocrx_word' id='word_1_396' title='bbox 1352 1293 1489 1332; x_wconf 78' lang='grc' dir='ltr'>ἀνθρώπου</span> <span class='ocrx_word' id='word_1_397' title='bbox 1514 1295 1548 1326; x_wconf 82' lang='grc' dir='ltr'>ὡς</span> <span class='ocrx_word' id='word_1_398' title='bbox 1572 1295 1649 1325; x_wconf 82' lang='grc' dir='ltr'>ἄνθος</span> <span class='ocrx_word' id='word_1_399' title='bbox 1669 1297 1790 1332; x_wconf 84' lang='grc' dir='ltr'>χόρτου.</span> <span class='ocrx_word' id='word_1_400' title='bbox 1812 1291 1965 1331; x_wconf 79' lang='grc' dir='ltr'>Ἐξηράνθηό</span> 
     </span>
    </p>
   </div>
   <div class='ocr_carea' id='block_1_56' title="bbox 1175 1337 1965 1375">
    <p class='ocr_par' dir='ltr' id='par_1_56' title="bbox 1175 1337 1965 1375">
     <span class='ocr_line' id='line_1_56' title="bbox 1175 1337 1965 1375; baseline 0 -11"><span class='ocrx_word' id='word_1_401' title='bbox 1175 1339 1284 1375; x_wconf 83' lang='grc' dir='ltr'>χόρτος,</span> <span class='ocrx_word' id='word_1_402' title='bbox 1299 1340 1344 1364; x_wconf 82' lang='grc' dir='ltr'><strong>καὶ</strong></span> <span class='ocrx_word' id='word_1_403' title='bbox 1362 1339 1392 1364; x_wconf 84' lang='grc' dir='ltr'>τὸ</span> <span class='ocrx_word' id='word_1_404' title='bbox 1405 1339 1483 1370; x_wconf 77' lang='grc' dir='ltr'>ἄνθος</span> <span class='ocrx_word' id='word_1_405' title='bbox 1497 1338 1600 1370; x_wconf 71' lang='grc' dir='ltr'>ἄξέπεσι</span> <span class='ocrx_word' id='word_1_406' title='bbox 1619 1339 1690 1374; x_wconf 82' lang='lat'><strong>(55)&#39;</strong></span> <span class='ocrx_word' id='word_1_407' title='bbox 1707 1340 1738 1365; x_wconf 89' lang='grc' dir='ltr'>τὸ</span> <span class='ocrx_word' id='word_1_408' title='bbox 1755 1337 1786 1366; x_wconf 70' lang='grc' dir='ltr'><strong>δὲ</strong></span> <span class='ocrx_word' id='word_1_409' title='bbox 1799 1338 1872 1375; x_wconf 83' lang='grc' dir='ltr'>ῥῆμα</span> <span class='ocrx_word' id='word_1_410' title='bbox 1884 1337 1965 1373; x_wconf 77' lang='grc' dir='ltr'>Κυρίου</span> 
     </span>
    </p>
   </div>
   <div class='ocr_carea' id='block_1_57' title="bbox 1175 1380 1965 1420">
    <p class='ocr_par' dir='ltr' id='par_1_57' title="bbox 1175 1380 1965 1420">
     <span class='ocr_line' id='line_1_57' title="bbox 1175 1380 1965 1420; baseline -0.005 -11"><span class='ocrx_word' id='word_1_411' title='bbox 1175 1384 1244 1418; x_wconf 72' lang='grc' dir='ltr'>μένει</span> <span class='ocrx_word' id='word_1_412' title='bbox 1258 1384 1293 1413; x_wconf 81' lang='grc' dir='ltr'><strong>εἰς</strong></span> <span class='ocrx_word' id='word_1_413' title='bbox 1312 1384 1356 1409; x_wconf 84' lang='grc' dir='ltr'>τὸν</span> <span class='ocrx_word' id='word_1_414' title='bbox 1374 1382 1464 1412; x_wconf 74' lang='grc' dir='ltr'>αἰῶνα,</span> <span class='ocrx_word' id='word_1_415' title='bbox 1485 1386 1539 1415; x_wconf 84' lang='grc' dir='ltr'><strong>Τῆς</strong></span> <span class='ocrx_word' id='word_1_416' title='bbox 1555 1381 1737 1420; x_wconf 78' lang='grc' dir='ltr'>διαμενούσης</span> <span class='ocrx_word' id='word_1_417' title='bbox 1759 1382 1862 1413; x_wconf 70' lang='grc' dir='ltr'>ἐντολῆς</span> <span class='ocrx_word' id='word_1_418' title='bbox 1876 1380 1965 1416; x_wconf 72' lang='grc' dir='ltr'>ἀντιχόσ</span> 
     </span>
    </p>
   </div>
   <div class='ocr_carea' id='block_1_58' title="bbox 1176 1428 1964 1466">
    <p class='ocr_par' dir='ltr' id='par_1_58' title="bbox 1176 1428 1964 1466">
     <span class='ocr_line' id='line_1_58' title="bbox 1176 1428 1964 1466; baseline -0.003 -13"><span class='ocrx_word' id='word_1_419' title='bbox 1176 1436 1257 1463; x_wconf 74' lang='grc' dir='ltr'>μενοι,</span> <span class='ocrx_word' id='word_1_420' title='bbox 1276 1430 1323 1458; x_wconf 84' lang='grc' dir='ltr'>τῆς</span> <span class='ocrx_word' id='word_1_421' title='bbox 1341 1429 1541 1465; x_wconf 78' lang='grc' dir='ltr'>παρερχομένης</span> <span class='ocrx_word' id='word_1_422' title='bbox 1561 1430 1709 1464; x_wconf 76' lang='grc' dir='ltr'>φαντασίας</span> <span class='ocrx_word' id='word_1_423' title='bbox 1732 1428 1964 1466; x_wconf 65' lang='grc' dir='ltr'>καραφρονήσωμεν.</span> 
     </span>
    </p>
   </div>
   <div class='ocr_carea' id='block_1_59' title="bbox 1178 1470 1966 1509">
    <p class='ocr_par' dir='ltr' id='par_1_59' title="bbox 1178 1470 1966 1509">
     <span class='ocr_line' id='line_1_59' title="bbox 1178 1470 1966 1509; baseline -0.004 -12"><span class='ocrx_word' id='word_1_424' title='bbox 1178 1470 1278 1503; x_wconf 84' lang='grc' dir='ltr'>Πολλὰς</span> <span class='ocrx_word' id='word_1_425' title='bbox 1289 1471 1443 1503; x_wconf 76' lang='grc' dir='ltr'>Ἐκκλησιας</span> <span class='ocrx_word' id='word_1_426' title='bbox 1459 1470 1598 1509; x_wconf 78' lang='grc' dir='ltr'>ἁνὼρθωσι</span> <span class='ocrx_word' id='word_1_427' title='bbox 1623 1473 1652 1499; x_wconf 80' lang='grc' dir='ltr'><strong>1’ὸ</strong></span> <span class='ocrx_word' id='word_1_428' title='bbox 1673 1473 1738 1499; x_wconf 78' lang='grc' dir='ltr'>καθ’</span> <span class='ocrx_word' id='word_1_429' title='bbox 1759 1473 1827 1509; x_wconf 69' lang='grc' dir='ltr'>ὑμᾶς</span> <span class='ocrx_word' id='word_1_430' title='bbox 1842 1470 1894 1507; x_wconf 82' lang='lat'><strong>(56)</strong></span> <span class='ocrx_word' id='word_1_431' title='bbox 1916 1470 1966 1495; x_wconf 82' lang='grc' dir='ltr'>ύπό-</span> 
     </span>
    </p>
   </div>
   <div class='ocr_carea' id='block_1_60' title="bbox 291 1511 1122 1553">
    <p class='ocr_par' dir='ltr' id='par_1_60' title="bbox 291 1511 1122 1550">
     <span class='ocr_line' id='line_1_60' title="bbox 291 1511 1122 1550; baseline 0.004 -10"><span class='ocrx_word' id='word_1_432' title='bbox 291 1511 487 1549; x_wconf 86' lang='lat' dir='ltr'><strong>provocastis.</strong></span> <span class='ocrx_word' id='word_1_433' title='bbox 510 1511 655 1548; x_wconf 88' lang='lat' dir='ltr'><strong>Locuples</strong></span> <span class='ocrx_word' id='word_1_434' title='bbox 670 1514 713 1540; x_wconf 90' lang='lat' dir='ltr'><strong>est</strong></span> <span class='ocrx_word' id='word_1_435' title='bbox 731 1515 951 1548; x_wconf 86' lang='lat' dir='ltr'><strong>remunerator,</strong></span> <span class='ocrx_word' id='word_1_436' title='bbox 967 1521 1004 1542; x_wconf 83' lang='lat' dir='ltr'><strong>ac</strong></span> <span class='ocrx_word' id='word_1_437' title='bbox 1024 1515 1122 1550; x_wconf 84' lang='lat' dir='ltr'><strong>potest</strong></span> 
     </span>
    </p>
   </div>
   <div class='ocr_carea' id='block_1_61' title="bbox 1176 1511 1966 1553">
    <p class='ocr_par' dir='ltr' id='par_1_61' title="bbox 1178 1514 1966 1553">
     <span class='ocr_line' id='line_1_61' title="bbox 1178 1514 1966 1553; baseline 0.003 -11"><span class='ocrx_word' id='word_1_438' title='bbox 1178 1514 1287 1552; x_wconf 79' lang='grc' dir='ltr'>ὃειγμα.</span> <span class='ocrx_word' id='word_1_439' title='bbox 1305 1516 1397 1549; x_wconf 81' lang='grc' dir='ltr'>Πολύν,</span> <span class='ocrx_word' id='word_1_440' title='bbox 1418 1518 1487 1544; x_wconf 81' lang='grc' dir='ltr'>κατὰ</span> <span class='ocrx_word' id='word_1_441' title='bbox 1500 1519 1530 1544; x_wconf 83' lang='grc' dir='ltr'>τὸ</span> <span class='ocrx_word' id='word_1_442' title='bbox 1545 1517 1680 1553; x_wconf 78' lang='grc' dir='ltr'>λανθάνον,</span> <span class='ocrx_word' id='word_1_443' title='bbox 1704 1518 1811 1549; x_wconf 76' lang='grc' dir='ltr'>ἑαυτοῖς</span> <span class='ocrx_word' id='word_1_444' title='bbox 1826 1515 1966 1551; x_wconf 74' lang='grc' dir='ltr'>συνηγάγιτε</span> 
     </span>
    </p>
   </div>
   <div class='ocr_carea' id='block_1_62' title="bbox 291 1555 979 1594">
    <p class='ocr_par' dir='ltr' id='par_1_62' title="bbox 291 1555 979 1594">
     <span class='ocr_line' id='line_1_62' title="bbox 291 1555 979 1594; baseline 0.003 -9"><span class='ocrx_word' id='word_1_445' title='bbox 291 1556 381 1586; x_wconf 81' lang='lat' dir='ltr'><strong>vobis</strong></span> <span class='ocrx_word' id='word_1_446' title='bbox 393 1556 487 1592; x_wconf 83' lang='lat' dir='ltr'><strong>digna</strong></span> <span class='ocrx_word' id='word_1_447' title='bbox 501 1555 604 1593; x_wconf 77' lang='lat' dir='ltr'><strong>largiri</strong></span> <span class='ocrx_word' id='word_1_448' title='bbox 618 1556 819 1586; x_wconf 87' lang='lat' dir='ltr'><strong>certaminum</strong></span> <span class='ocrx_word' id='word_1_449' title='bbox 844 1558 979 1594; x_wconf 74' lang='lat' dir='ltr'><strong>praemia.</strong></span> 
     </span>
    </p>
   </div>
   <div class='ocr_carea' id='block_1_63' title="bbox 1178 1558 1967 1600">
    <p class='ocr_par' dir='ltr' id='par_1_63' title="bbox 1178 1558 1967 1600">
     <span class='ocr_line' id='line_1_63' title="bbox 1178 1558 1967 1600; baseline 0.004 -14"><span class='ocrx_word' id='word_1_450' title='bbox 1178 1562 1222 1587; x_wconf 86' lang='grc' dir='ltr'>τὸν</span> <span class='ocrx_word' id='word_1_451' title='bbox 1232 1561 1338 1597; x_wconf 84' lang='grc' dir='ltr'>μισθὸν,</span> <span class='ocrx_word' id='word_1_452' title='bbox 1352 1559 1368 1588; x_wconf 86' lang='grc' dir='ltr'><em>δ</em></span> <span class='ocrx_word' id='word_1_453' title='bbox 1372 1560 1388 1588; x_wconf 83' lang='grc' dir='ltr'>ι’</span> <span class='ocrx_word' id='word_1_454' title='bbox 1396 1562 1430 1588; x_wconf 86' lang='grc' dir='ltr'>ὧν</span> <span class='ocrx_word' id='word_1_455' title='bbox 1438 1564 1497 1593; x_wconf 83' lang='grc' dir='ltr'>τοὺς</span> <span class='ocrx_word' id='word_1_456' title='bbox 1507 1561 1689 1600; x_wconf 74' lang='grc' dir='ltr'>ἆπιιροτὲρονς</span> <span class='ocrx_word' id='word_1_457' title='bbox 1701 1563 1740 1594; x_wconf 83' lang='grc' dir='ltr'><strong>εἰς</strong></span> <span class='ocrx_word' id='word_1_458' title='bbox 1751 1564 1795 1590; x_wconf 76' lang='grc' dir='ltr'><strong>τόν</strong></span> <span class='ocrx_word' id='word_1_459' title='bbox 1808 1563 1893 1599; x_wconf 85' lang='grc' dir='ltr'>ὅμοιον</span> <span class='ocrx_word' id='word_1_460' title='bbox 1904 1558 1967 1591; x_wconf 80' lang='grc' dir='ltr'><strong>ζῆλον</strong></span> 
     </span>
    </p>
   </div>
   <div class='ocr_carea' id='block_1_64' title="bbox 292 1600 1781 1643">
    <p class='ocr_par' dir='ltr' id='par_1_64' title="bbox 292 1600 1781 1643">
     <span class='ocr_line' id='line_1_64' title="bbox 292 1600 1781 1643; baseline 0.004 -14"><span class='ocrx_word' id='word_1_461' title='bbox 292 1601 527 1629; x_wconf 72' lang='grc' dir='ltr'>ποοσικαλέσασθε.</span> <span class='ocrx_word' id='word_1_462' title='bbox 543 1601 674 1633; x_wconf 84' lang='grc' dir='ltr'>Πλούσιος</span> <span class='ocrx_word' id='word_1_463' title='bbox 686 1602 699 1628; x_wconf 89' lang='grc' dir='ltr'><strong>ό</strong></span> <span class='ocrx_word' id='word_1_464' title='bbox 713 1600 927 1638; x_wconf 71' lang='grc' dir='ltr'>μισθαποδότης,</span> <span class='ocrx_word' id='word_1_465' title='bbox 945 1601 1087 1640; x_wconf 73' lang='grc' dir='ltr'>δυνάμενος</span> <span class='ocrx_word' id='word_1_466' title='bbox 1103 1604 1162 1641; x_wconf 76' lang='grc' dir='ltr'>ὑμῖν</span> <span class='ocrx_word' id='word_1_467' title='bbox 1175 1605 1237 1637; x_wconf 71' lang='grc' dir='ltr'>ἄξια</span> <span class='ocrx_word' id='word_1_468' title='bbox 1251 1607 1421 1643; x_wconf 83' lang='grc' dir='ltr'>χαρίσασθαι</span> <span class='ocrx_word' id='word_1_469' title='bbox 1435 1611 1485 1633; x_wconf 82' lang='grc' dir='ltr'>τῶν</span> <span class='ocrx_word' id='word_1_470' title='bbox 1503 1606 1609 1643; x_wconf 68' lang='grc' dir='ltr'>ἀγώνων</span> <span class='ocrx_word' id='word_1_471' title='bbox 1622 1608 1655 1634; x_wconf 85' lang='grc' dir='ltr'><strong>τοὶ</strong></span> <span class='ocrx_word' id='word_1_472' title='bbox 1667 1607 1781 1636; x_wconf 72' lang='grc' dir='ltr'>ἔπαθλα.</span> 
     </span>
    </p>
   </div>
   <div class='ocr_carea' id='block_1_65' title="bbox 554 1664 865 1694">
    <p class='ocr_par' dir='ltr' id='par_1_65' title="bbox 554 1664 865 1694">
     <span class='ocr_line' id='line_1_65' title="bbox 554 1664 865 1694; baseline 0.003 -2"><span class='ocrx_word' id='word_1_473' title='bbox 554 1664 723 1693; x_wconf 77' lang='lat' dir='ltr'><strong>EPISTULA</strong></span> <span class='ocrx_word' id='word_1_474' title='bbox 743 1665 865 1694; x_wconf 80' lang='lat' dir='ltr'><strong>CCXXI&#39;.</strong></span> 
     </span>
    </p>
   </div>
   <div class='ocr_carea' id='block_1_66' title="bbox 1442 1671 1716 1699">
    <p class='ocr_par' dir='ltr' id='par_1_66' title="bbox 1442 1671 1716 1699">
     <span class='ocr_line' id='line_1_66' title="bbox 1442 1671 1716 1699; baseline 0.011 -3"><span class='ocrx_word' id='word_1_475' title='bbox 1442 1671 1611 1697; x_wconf 82' lang='grc' dir='ltr'><strong>ΕΠΙΣΤΗΛΗ</strong></span> <span class='ocrx_word' id='word_1_476' title='bbox 1631 1671 1716 1699; x_wconf 78' lang='grc' dir='ltr'><strong>ΣΚΔ¹,</strong></span> 
     </span>
    </p>
   </div>
   <div class='ocr_carea' id='block_1_67' title="bbox 296 1726 1966 1769">
    <p class='ocr_par' dir='ltr' id='par_1_67' title="bbox 296 1726 1966 1769">
     <span class='ocr_line' id='line_1_67' title="bbox 296 1726 1966 1769; baseline 0 -13"><span class='ocrx_word' id='word_1_477' title='bbox 296 1726 455 1763; x_wconf 84' lang='lat' dir='ltr'><strong>Signiﬁcat</strong></span> <span class='ocrx_word' id='word_1_478' title='bbox 467 1726 602 1766; x_wconf 74' lang='lat' dir='ltr'><strong>Basilius</strong></span> <span class='ocrx_word' id='word_1_479' title='bbox 615 1727 698 1761; x_wconf 81' lang='lat' dir='ltr'><strong>plebi</strong></span> <span class='ocrx_word' id='word_1_480' title='bbox 707 1727 861 1769; x_wconf 60' lang='grc' dir='ltr'>βοτροξηεέ</span> <span class='ocrx_word' id='word_1_481' title='bbox 874 1728 914 1756; x_wconf 89' lang='lat' dir='ltr'><strong>ad</strong></span> <span class='ocrx_word' id='word_1_482' title='bbox 926 1736 1066 1769; x_wconf 64' lang='lat' dir='ltr'><strong>umorem,</strong></span> <span class='ocrx_word' id='word_1_483' title='bbox 1081 1737 1139 1765; x_wconf 84' lang='lat' dir='ltr'><strong>quo</strong></span> <span class='ocrx_word' id='word_1_484' title='bbox 1154 1730 1224 1759; x_wconf 85' lang='lat' dir='ltr'><strong>illos</strong></span> <span class='ocrx_word' id='word_1_485' title='bbox 1238 1732 1324 1766; x_wconf 85' lang='lat' dir='ltr'><strong>fama</strong></span> <span class='ocrx_word' id='word_1_486' title='bbox 1340 1733 1472 1768; x_wconf 83' lang='lat' dir='ltr'><strong>cognitos</strong></span> <span class='ocrx_word' id='word_1_487' title='bbox 1487 1733 1737 1769; x_wconf 69' lang='lat' dir='ltr'><strong>prosequebatur,</strong></span> <span class='ocrx_word' id='word_1_488' title='bbox 1752 1733 1917 1768; x_wconf 85' lang='lat' dir='ltr'><strong>plurimum</strong></span> <span class='ocrx_word' id='word_1_489' title='bbox 1928 1733 1966 1756; x_wconf 85' lang='lat' dir='ltr'><strong>ac-</strong></span> 
     </span>
    </p>
   </div>
   <div class='ocr_carea' id='block_1_68' title="bbox 413 1764 1867 1805">
    <p class='ocr_par' dir='ltr' id='par_1_68' title="bbox 413 1764 1867 1805">
     <span class='ocr_line' id='line_1_68' title="bbox 413 1764 1867 1805; baseline 0.002 -13"><span class='ocrx_word' id='word_1_490' title='bbox 413 1764 531 1792; x_wconf 77' lang='lat' dir='ltr'><strong>cessisse</strong></span> <span class='ocrx_word' id='word_1_491' title='bbox 545 1770 582 1791; x_wconf 69' lang='lat' dir='ltr'><strong>ea:</strong></span> <span class='ocrx_word' id='word_1_492' title='bbox 595 1771 696 1791; x_wconf 82' lang='lat' dir='ltr'><strong>eorum</strong></span> <span class='ocrx_word' id='word_1_493' title='bbox 712 1764 827 1792; x_wconf 82' lang='lat' dir='ltr'><strong>litteris.</strong></span> <span class='ocrx_word' id='word_1_494' title='bbox 844 1764 963 1793; x_wconf 82' lang='lat' dir='ltr'><strong>Laudat</strong></span> <span class='ocrx_word' id='word_1_495' title='bbox 980 1764 1309 1802; x_wconf 34' lang='lat' dir='ltr'><strong>eormn’constantiam,</strong></span> <span class='ocrx_word' id='word_1_496' title='bbox 1326 1771 1352 1796; x_wconf 89' lang='lat' dir='ltr'><strong>et</strong></span> <span class='ocrx_word' id='word_1_497' title='bbox 1362 1764 1619 1803; x_wconf 52' lang='lat' dir='ltr'><strong>perseverantium</strong></span> <span class='ocrx_word' id='word_1_498' title='bbox 1635 1770 1699 1797; x_wconf 84' lang='lat' dir='ltr'><strong>illis</strong></span> <span class='ocrx_word' id='word_1_499' title='bbox 1710 1764 1867 1805; x_wconf 53' lang='lat' dir='ltr'><strong>p&#39;r&#39;ecatur.</strong></span> 
     </span>
    </p>
   </div>
   <div class='ocr_carea' id='block_1_69' title="bbox 640 1835 789 1864">
    <p class='ocr_par' dir='ltr' id='par_1_69' title="bbox 640 1835 789 1864">
     <span class='ocr_line' id='line_1_69' title="bbox 640 1835 789 1864; baseline 0 -1"><span class='ocrx_word' id='word_1_500' title='bbox 640 1835 778 1864; x_wconf 68' lang='lat' dir='ltr'><strong>Beraeeeis</strong></span> <span class='ocrx_word' id='word_1_501' title='bbox 783 1856 789 1863; x_wconf 99' lang='lat'><strong>.</strong></span> 
     </span>
    </p>
   </div>
   <div class='ocr_carea' id='block_1_70' title="bbox 334 1895 1128 1933">
    <p class='ocr_par' dir='ltr' id='par_1_70' title="bbox 334 1895 1128 1933">
     <span class='ocr_line' id='line_1_70' title="bbox 334 1895 1128 1933; baseline 0.001 -7"><span class='ocrx_word' id='word_1_502' title='bbox 334 1898 519 1926; x_wconf 83' lang='lat' dir='ltr'><strong>Noveramus</strong></span> <span class='ocrx_word' id='word_1_503' title='bbox 534 1903 589 1926; x_wconf 84' lang='lat' dir='ltr'><strong>ves</strong></span> <span class='ocrx_word' id='word_1_504' title='bbox 611 1895 676 1933; x_wconf 86' lang='lat' dir='ltr'><strong>jam</strong></span> <span class='ocrx_word' id='word_1_505' title='bbox 698 1900 796 1933; x_wconf 81' lang='lat' dir='ltr'><strong>antea,</strong></span> <span class='ocrx_word' id='word_1_506' title='bbox 823 1895 1076 1932; x_wconf 77' lang='lat' dir='ltr'><strong>desideratissimi,</strong></span> <span class='ocrx_word' id='word_1_507' title='bbox 1092 1907 1128 1927; x_wconf 79' lang='lat' dir='ltr'><strong>ex</strong></span> 
     </span>
    </p>
   </div>
   <div class='ocr_carea' id='block_1_71' title="bbox 299 1939 1128 1978">
    <p class='ocr_par' dir='ltr' id='par_1_71' title="bbox 299 1939 1128 1978">
     <span class='ocr_line' id='line_1_71' title="bbox 299 1939 1128 1978; baseline 0.001 -7"><span class='ocrx_word' id='word_1_508' title='bbox 299 1941 494 1971; x_wconf 86' lang='lat' dir='ltr'><strong>celeberrima</strong></span> <span class='ocrx_word' id='word_1_509' title='bbox 509 1944 608 1971; x_wconf 88' lang='lat' dir='ltr'><strong>vestra</strong></span> <span class='ocrx_word' id='word_1_510' title='bbox 624 1939 734 1978; x_wconf 85' lang='lat' dir='ltr'><strong>pietate</strong></span> <span class='ocrx_word' id='word_1_511' title='bbox 750 1945 778 1970; x_wconf 89' lang='lat' dir='ltr'><strong>et</strong></span> <span class='ocrx_word' id='word_1_512' title='bbox 799 1951 835 1970; x_wconf 84' lang='lat' dir='ltr'><strong>ex</strong></span> <span class='ocrx_word' id='word_1_513' title='bbox 851 1951 965 1972; x_wconf 81' lang='lat' dir='ltr'><strong>corona</strong></span> <span class='ocrx_word' id='word_1_514' title='bbox 979 1944 1008 1971; x_wconf 88' lang='lat' dir='ltr'><strong>in</strong></span> <span class='ocrx_word' id='word_1_515' title='bbox 1023 1944 1128 1972; x_wconf 67' lang='lat' dir='ltr'><strong>Christi</strong></span> 
     </span>
    </p>
   </div>
   <div class='ocr_carea' id='block_1_72' title="bbox 300 1985 1129 2025">
    <p class='ocr_par' dir='ltr' id='par_1_72' title="bbox 300 1985 1129 2025">
     <span class='ocr_line' id='line_1_72' title="bbox 300 1985 1129 2025; baseline 0.002 -10"><span class='ocrx_word' id='word_1_516' title='bbox 300 1987 488 2016; x_wconf 88' lang='lat' dir='ltr'><strong>confessione</strong></span> <span class='ocrx_word' id='word_1_517' title='bbox 504 1987 690 2023; x_wconf 79' lang='lat' dir='ltr'><strong>comparata.</strong></span> <span class='ocrx_word' id='word_1_518' title='bbox 708 1985 740 2015; x_wconf 87' lang='lat' dir='ltr'><strong>Et</strong></span> <span class='ocrx_word' id='word_1_519' title='bbox 754 1985 856 2016; x_wconf 83' lang='lat' dir='ltr'><strong>forsan</strong></span> <span class='ocrx_word' id='word_1_520' title='bbox 872 1988 980 2025; x_wconf 86' lang='lat' dir='ltr'><strong>aliquis</strong></span> <span class='ocrx_word' id='word_1_521' title='bbox 995 1992 1129 2017; x_wconf 81' lang='lat' dir='ltr'><strong>vestrum</strong></span> 
     </span>
    </p>
   </div>
   <div class='ocr_carea' id='block_1_73' title="bbox 300 2030 1130 2069">
    <p class='ocr_par' dir='ltr' id='par_1_73' title="bbox 300 2030 1130 2069">
     <span class='ocr_line' id='line_1_73' title="bbox 300 2030 1130 2069; baseline 0.002 -10"><span class='ocrx_word' id='word_1_522' title='bbox 300 2030 434 2060; x_wconf 86' lang='lat' dir='ltr'><strong>dicturus</strong></span> <span class='ocrx_word' id='word_1_523' title='bbox 447 2034 491 2060; x_wconf 88' lang='lat' dir='ltr'><strong>est</strong></span> <span class='ocrx_word' id='word_1_524' title='bbox 508 2040 514 2059; x_wconf 89' lang='lat'><strong>:</strong></span> <span class='ocrx_word' id='word_1_525' title='bbox 539 2032 647 2068; x_wconf 86' lang='lat' dir='ltr'><strong>Ecquis</strong></span> <span class='ocrx_word' id='word_1_526' title='bbox 661 2032 726 2060; x_wconf 69' lang='lat' dir='ltr'><strong>haec</strong></span> <span class='ocrx_word' id='word_1_527' title='bbox 741 2032 772 2059; x_wconf 92' lang='lat' dir='ltr'><strong>in</strong></span> <span class='ocrx_word' id='word_1_528' title='bbox 785 2033 939 2067; x_wconf 83' lang='lat' dir='ltr'><strong>regionem</strong></span> <span class='ocrx_word' id='word_1_529' title='bbox 959 2033 1048 2069; x_wconf 81' lang='lat' dir='ltr'><strong>longe</strong></span> <span class='ocrx_word' id='word_1_530' title='bbox 1071 2032 1130 2061; x_wconf 80' lang='lat' dir='ltr'><strong>dis~</strong></span> 
     </span>
    </p>
   </div>
   <div class='ocr_carea' id='block_1_74' title="bbox 301 2075 1131 2115">
    <p class='ocr_par' dir='ltr' id='par_1_74' title="bbox 301 2075 1131 2115">
     <span class='ocr_line' id='line_1_74' title="bbox 301 2075 1131 2115; baseline 0.004 -11"><span class='ocrx_word' id='word_1_531' title='bbox 301 2075 390 2105; x_wconf 76' lang='lat' dir='ltr'><strong>sitam</strong></span> <span class='ocrx_word' id='word_1_532' title='bbox 404 2075 596 2112; x_wconf 78' lang='lat' dir='ltr'><strong>exportavit?</strong></span> <span class='ocrx_word' id='word_1_533' title='bbox 612 2077 758 2106; x_wconf 89' lang='lat' dir='ltr'><strong>Dominus</strong></span> <span class='ocrx_word' id='word_1_534' title='bbox 774 2076 838 2114; x_wconf 88' lang='lat' dir='ltr'><strong>ipse</strong></span> <span class='ocrx_word' id='word_1_535' title='bbox 857 2087 862 2106; x_wconf 92' lang='lat'>:</span> <span class='ocrx_word' id='word_1_536' title='bbox 885 2079 936 2115; x_wconf 89' lang='lat' dir='ltr'><strong>qui</strong></span> <span class='ocrx_word' id='word_1_537' title='bbox 952 2087 1024 2107; x_wconf 89' lang='lat' dir='ltr'><strong>suos</strong></span> <span class='ocrx_word' id='word_1_538' title='bbox 1039 2079 1131 2108; x_wconf 89' lang='lat' dir='ltr'><strong>culto-</strong></span> 
     </span>
    </p>
   </div>
   <div class='ocr_carea' id='block_1_75' title="bbox 299 2121 1130 2160">
    <p class='ocr_par' dir='ltr' id='par_1_75' title="bbox 299 2121 1130 2160">
     <span class='ocr_line' id='line_1_75' title="bbox 299 2121 1130 2160; baseline 0.005 -11"><span class='ocrx_word' id='word_1_539' title='bbox 299 2129 348 2150; x_wconf 89' lang='lat' dir='ltr'><strong>res</strong></span> <span class='ocrx_word' id='word_1_540' title='bbox 369 2121 465 2150; x_wconf 85' lang='lat' dir='ltr'><strong>instar</strong></span> <span class='ocrx_word' id='word_1_541' title='bbox 487 2121 617 2149; x_wconf 72' lang='lat' dir='ltr'><strong>lucernae</strong></span> <span class='ocrx_word' id='word_1_542' title='bbox 637 2121 790 2151; x_wconf 77' lang='lat' dir='ltr'><strong>collocaris</strong></span> <span class='ocrx_word' id='word_1_543' title='bbox 810 2123 840 2151; x_wconf 90' lang='lat' dir='ltr'><strong>in</strong></span> <span class='ocrx_word' id='word_1_544' title='bbox 854 2123 1048 2157; x_wconf 88' lang='lat' dir='ltr'><strong>candelabro,</strong></span> <span class='ocrx_word' id='word_1_545' title='bbox 1063 2132 1130 2160; x_wconf 91' lang='lat' dir='ltr'><strong>per-</strong></span> 
     </span>
    </p>
   </div>
   <div class='ocr_carea' id='block_1_76' title="bbox 300 2166 1167 2205">
    <p class='ocr_par' dir='ltr' id='par_1_76' title="bbox 300 2166 1167 2205">
     <span class='ocr_line' id='line_1_76' title="bbox 300 2166 1167 2205; baseline 0.005 -12"><span class='ocrx_word' id='word_1_546' title='bbox 300 2166 363 2194; x_wconf 87' lang='lat' dir='ltr'><strong>ﬁcit</strong></span> <span class='ocrx_word' id='word_1_547' title='bbox 373 2168 404 2194; x_wconf 93' lang='lat' dir='ltr'><strong>ut</strong></span> <span class='ocrx_word' id='word_1_548' title='bbox 419 2167 479 2194; x_wconf 90' lang='lat' dir='ltr'><strong>toto</strong></span> <span class='ocrx_word' id='word_1_549' title='bbox 500 2169 645 2194; x_wconf 84' lang='lat' dir='ltr'><strong>terrarum</strong></span> <span class='ocrx_word' id='word_1_550' title='bbox 659 2167 731 2195; x_wconf 85' lang='lat' dir='ltr'><strong>orbe</strong></span> <span class='ocrx_word' id='word_1_551' title='bbox 747 2168 893 2196; x_wconf 86' lang='lat' dir='ltr'><strong>eluceant.</strong></span> <span class='ocrx_word' id='word_1_552' title='bbox 918 2171 963 2196; x_wconf 88' lang='lat' dir='ltr'><strong>An</strong></span> <span class='ocrx_word' id='word_1_553' title='bbox 983 2176 1045 2197; x_wconf 90' lang='lat' dir='ltr'><strong>non</strong></span> <span class='ocrx_word' id='word_1_554' title='bbox 1071 2169 1131 2197; x_wconf 91' lang='lat' dir='ltr'><strong>vic-</strong></span> <span class='ocrx_word' id='word_1_555' title='bbox 1146 2178 1167 2205; x_wconf 81' lang='grc' dir='ltr'>ι]</span> 
     </span>
    </p>
   </div>
   <div class='ocr_carea' id='block_1_77' title="bbox 301 2210 1131 2249">
    <p class='ocr_par' dir='ltr' id='par_1_77' title="bbox 301 2210 1131 2249">
     <span class='ocr_line' id='line_1_77' title="bbox 301 2210 1131 2249; baseline 0.001 -9"><span class='ocrx_word' id='word_1_556' title='bbox 301 2212 380 2240; x_wconf 84' lang='lat' dir='ltr'><strong>tores</strong></span> <span class='ocrx_word' id='word_1_557' title='bbox 395 2210 523 2239; x_wconf 82' lang='lat' dir='ltr'><strong>athletas</strong></span> <span class='ocrx_word' id='word_1_558' title='bbox 539 2210 692 2240; x_wconf 83' lang='lat' dir='ltr'><strong>celebrare</strong></span> <span class='ocrx_word' id='word_1_559' title='bbox 717 2212 791 2241; x_wconf 86' lang='lat' dir='ltr'><strong>solet</strong></span> <span class='ocrx_word' id='word_1_560' title='bbox 812 2213 915 2249; x_wconf 88' lang='lat' dir='ltr'><strong>palma</strong></span> <span class='ocrx_word' id='word_1_561' title='bbox 937 2213 1077 2249; x_wconf 81' lang='lat' dir='ltr'><strong>victoriae,</strong></span> <span class='ocrx_word' id='word_1_562' title='bbox 1103 2215 1131 2242; x_wconf 88' lang='lat' dir='ltr'><strong>et</strong></span> 
     </span>
    </p>
   </div>
   <div class='ocr_carea' id='block_1_78' title="bbox 301 2255 1131 2291">
    <p class='ocr_par' dir='ltr' id='par_1_78' title="bbox 301 2255 1131 2291">
     <span class='ocr_line' id='line_1_78' title="bbox 301 2255 1131 2291; baseline 0.004 -8"><span class='ocrx_word' id='word_1_563' title='bbox 301 2255 431 2284; x_wconf 87' lang='lat' dir='ltr'><strong>artiﬁces</strong></span> <span class='ocrx_word' id='word_1_564' title='bbox 455 2255 555 2291; x_wconf 88' lang='lat' dir='ltr'><strong>operis</strong></span> <span class='ocrx_word' id='word_1_565' title='bbox 583 2255 726 2284; x_wconf 81' lang='lat' dir='ltr'><strong>solertia?</strong></span> <span class='ocrx_word' id='word_1_566' title='bbox 753 2256 840 2289; x_wconf 86' lang='lat' dir='ltr'><strong>Quod</strong></span> <span class='ocrx_word' id='word_1_567' title='bbox 852 2258 876 2285; x_wconf 84' lang='lat' dir='ltr'><strong>si</strong></span> <span class='ocrx_word' id='word_1_568' title='bbox 898 2257 937 2285; x_wconf 91' lang='lat' dir='ltr'><strong>ob</strong></span> <span class='ocrx_word' id='word_1_569' title='bbox 952 2257 1017 2285; x_wconf 78' lang='lat' dir='ltr'><strong>haec</strong></span> <span class='ocrx_word' id='word_1_570' title='bbox 1032 2260 1059 2286; x_wconf 93' lang='lat' dir='ltr'><strong>et</strong></span> <span class='ocrx_word' id='word_1_571' title='bbox 1073 2257 1131 2287; x_wconf 84' lang='lat' dir='ltr'><strong>alia</strong></span> 
     </span>
    </p>
   </div>
   <div class='ocr_carea' id='block_1_79' title="bbox 301 2300 1131 2339">
    <p class='ocr_par' dir='ltr' id='par_1_79' title="bbox 301 2300 1131 2339">
     <span class='ocr_line' id='line_1_79' title="bbox 301 2300 1131 2339; baseline 0.004 -12"><span class='ocrx_word' id='word_1_572' title='bbox 301 2300 452 2335; x_wconf 88' lang='lat' dir='ltr'><strong>ejusmodi</strong></span> <span class='ocrx_word' id='word_1_573' title='bbox 466 2300 644 2328; x_wconf 87' lang='lat' dir='ltr'><strong>immortalis</strong></span> <span class='ocrx_word' id='word_1_574' title='bbox 660 2301 807 2329; x_wconf 90' lang='lat' dir='ltr'><strong>memoria</strong></span> <span class='ocrx_word' id='word_1_575' title='bbox 822 2304 996 2337; x_wconf 86' lang='lat' dir='ltr'><strong>permanet;</strong></span> <span class='ocrx_word' id='word_1_576' title='bbox 1014 2310 1066 2330; x_wconf 89' lang='lat' dir='ltr'><strong>eos</strong></span> <span class='ocrx_word' id='word_1_577' title='bbox 1079 2302 1131 2339; x_wconf 85' lang='lat' dir='ltr'><strong>qui</strong></span> 
     </span>
    </p>
   </div>
   <div class='ocr_carea' id='block_1_80' title="bbox 301 2345 1131 2383">
    <p class='ocr_par' dir='ltr' id='par_1_80' title="bbox 301 2345 1131 2383">
     <span class='ocr_line' id='line_1_80' title="bbox 301 2345 1131 2383; baseline 0.004 -11"><span class='ocrx_word' id='word_1_578' title='bbox 301 2345 350 2381; x_wconf 86' lang='lat' dir='ltr'><strong>pie</strong></span> <span class='ocrx_word' id='word_1_579' title='bbox 366 2345 536 2373; x_wconf 88' lang='lat' dir='ltr'><strong>secundum</strong></span> <span class='ocrx_word' id='word_1_580' title='bbox 552 2345 699 2373; x_wconf 86' lang='lat' dir='ltr'><strong>Christum</strong></span> <span class='ocrx_word' id='word_1_581' title='bbox 721 2345 834 2379; x_wconf 85' lang='lat' dir='ltr'><strong>vivunt,</strong></span> <span class='ocrx_word' id='word_1_582' title='bbox 865 2346 902 2374; x_wconf 89' lang='lat' dir='ltr'><strong>de</strong></span> <span class='ocrx_word' id='word_1_583' title='bbox 922 2347 1032 2382; x_wconf 86' lang='lat' dir='ltr'><strong>quibus</strong></span> <span class='ocrx_word' id='word_1_584' title='bbox 1053 2347 1131 2383; x_wconf 89' lang='lat' dir='ltr'><strong>ipse-</strong></span> 
     </span>
    </p>
   </div>
   <div class='ocr_carea' id='block_1_81' title="bbox 300 2389 1129 2428">
    <p class='ocr_par' dir='ltr' id='par_1_81' title="bbox 300 2389 1129 2428">
     <span class='ocr_line' id='line_1_81' title="bbox 300 2389 1129 2428; baseline 0.002 -10"><span class='ocrx_word' id='word_1_585' title='bbox 300 2391 363 2418; x_wconf 90' lang='lat' dir='ltr'><strong>met</strong></span> <span class='ocrx_word' id='word_1_586' title='bbox 381 2389 526 2419; x_wconf 88' lang='lat' dir='ltr'><strong>Dominus</strong></span> <span class='ocrx_word' id='word_1_587' title='bbox 548 2389 600 2424; x_wconf 88' lang='lat' dir='ltr'><strong>ait,</strong></span> <span class='ocrx_word' id='word_1_588' title='bbox 620 2390 830 2424; x_wconf 80' lang='lat' dir='ltr'><strong>Gloriﬁcantes</strong></span> <span class='ocrx_word' id='word_1_589' title='bbox 845 2399 891 2420; x_wconf 84' lang='lat' dir='ltr'><strong>me</strong></span> <span class='ocrx_word' id='word_1_590' title='bbox 905 2391 1079 2427; x_wconf 81' lang='lat' dir='ltr'><strong>gloriﬁcabo</strong></span> <span class='ocrx_word' id='word_1_591' title='bbox 1095 2392 1129 2428; x_wconf 67' lang='grc' dir='ltr'>ιθ,</span> 
     </span>
    </p>
   </div>
   <div class='ocr_carea' id='block_1_82' title="bbox 338 2497 861 2534">
    <p class='ocr_par' dir='ltr' id='par_1_82' title="bbox 338 2497 861 2534">
     <span class='ocr_line' id='line_1_82' title="bbox 338 2497 861 2534; baseline 0.004 -9"><span class='ocrx_word' id='word_1_592' title='bbox 338 2497 359 2516; x_wconf 76' lang='grc' dir='ltr'><strong>ιτ</strong></span> <span class='ocrx_word' id='word_1_593' title='bbox 381 2498 436 2533; x_wconf 86' lang='lat' dir='ltr'><strong>lsa,</strong></span> <span class='ocrx_word' id='word_1_594' title='bbox 453 2504 498 2532; x_wconf 79' lang='lat' dir='ltr'><strong>XL,</strong></span> <span class='ocrx_word' id='word_1_595' title='bbox 515 2498 572 2526; x_wconf 84' lang='lat'><strong>6-8.</strong></span> <span class='ocrx_word' id='word_1_596' title='bbox 612 2497 634 2517; x_wconf 79' lang='grc'><strong>¹⁸</strong></span> <span class='ocrx_word' id='word_1_597' title='bbox 656 2498 665 2526; x_wconf 91' lang='lat' dir='ltr'><strong>l</strong></span> <span class='ocrx_word' id='word_1_598' title='bbox 686 2498 755 2534; x_wconf 80' lang='lat' dir='ltr'><strong>Reg.</strong></span> <span class='ocrx_word' id='word_1_599' title='bbox 771 2506 801 2533; x_wconf 78' lang='grc' dir='ltr'><strong>ιι,</strong></span> <span class='ocrx_word' id='word_1_600' title='bbox 818 2500 861 2528; x_wconf 82' lang='lat'><strong>30.</strong></span> 
     </span>
    </p>
   </div>
   <div class='ocr_carea' id='block_1_83' title="bbox 334 2601 907 2642">
    <p class='ocr_par' dir='ltr' id='par_1_83' title="bbox 334 2601 907 2642">
     <span class='ocr_line' id='line_1_83' title="bbox 334 2601 907 2642; baseline 0.009 -12"><span class='ocrx_word' id='word_1_601' title='bbox 334 2601 427 2642; x_wconf 66' lang='lat' dir='ltr'><strong>“Alias</strong></span> <span class='ocrx_word' id='word_1_602' title='bbox 440 2602 598 2642; x_wconf 61' lang='lat' dir='ltr'><strong>CGXCYIII.</strong></span> <span class='ocrx_word' id='word_1_603' title='bbox 616 2604 732 2642; x_wconf 86' lang='lat' dir='ltr'><strong>Scripta</strong></span> <span class='ocrx_word' id='word_1_604' title='bbox 747 2613 828 2634; x_wconf 90' lang='lat' dir='ltr'><strong>anno</strong></span> <span class='ocrx_word' id='word_1_605' title='bbox 845 2608 907 2635; x_wconf 81' lang='lat'><strong>375.</strong></span> 
     </span>
    </p>
   </div>
   <div class='ocr_carea' id='block_1_84' title="bbox 335 2638 1019 2711">
    <p class='ocr_par' dir='ltr' id='par_1_84' title="bbox 335 2638 1019 2711">
     <span class='ocr_line' id='line_1_84' title="bbox 335 2638 968 2711; baseline 0.005 -45"><span class='ocrx_word' id='word_1_606' title='bbox 335 2639 390 2711; x_wconf 49' lang='lat' dir='ltr'><strong>E54)</strong></span> <span class='ocrx_word' id='word_1_607' title='bbox 410 2638 525 2682; x_wconf 57' lang='grc' dir='ltr'>Ἥγριρε.</span> <span class='ocrx_word' id='word_1_608' title='bbox 540 2639 585 2668; x_wconf 86' lang='lat' dir='ltr'><strong>Ita</strong></span> <span class='ocrx_word' id='word_1_609' title='bbox 600 2649 653 2669; x_wconf 86' lang='lat' dir='ltr'><strong>sex</strong></span> <span class='ocrx_word' id='word_1_610' title='bbox 666 2638 740 2670; x_wconf 79' lang='lat' dir='ltr'><strong>mss.</strong></span> <span class='ocrx_word' id='word_1_611' title='bbox 753 2642 828 2670; x_wconf 87' lang='lat' dir='ltr'><strong>Editi</strong></span> <span class='ocrx_word' id='word_1_612' title='bbox 845 2643 968 2681; x_wconf 74' lang='grc' dir='ltr'>ἐνήγιιρε,</span> 
     </span>
     <span class='ocr_line' id='line_1_85' title="bbox 346 2674 1019 2708; baseline 0.012 -8"><span class='ocrx_word' id='word_1_613' title='bbox 346 2676 391 2708; x_wconf 74' lang='lat'><strong>55)</strong></span> <span class='ocrx_word' id='word_1_614' title='bbox 412 2674 540 2706; x_wconf 77' lang='grc' dir='ltr'>Ἐξιπισε.</span> <span class='ocrx_word' id='word_1_615' title='bbox 562 2677 650 2705; x_wconf 85' lang='lat' dir='ltr'><strong>Deest</strong></span> <span class='ocrx_word' id='word_1_616' title='bbox 669 2677 728 2705; x_wconf 89' lang='lat' dir='ltr'><strong>hoc</strong></span> <span class='ocrx_word' id='word_1_617' title='bbox 750 2678 879 2706; x_wconf 87' lang='lat' dir='ltr'><strong>verbum</strong></span> <span class='ocrx_word' id='word_1_618' title='bbox 902 2679 933 2707; x_wconf 88' lang='lat' dir='ltr'><strong>in</strong></span> <span class='ocrx_word' id='word_1_619' title='bbox 953 2679 1019 2708; x_wconf 89' lang='lat' dir='ltr'><strong>codi</strong></span> 
     </span>
    </p>
   </div>
   <div class='ocr_carea' id='block_1_85' title="bbox 299 2675 1117 2739">
    <p class='ocr_par' dir='ltr' id='par_1_85' title="bbox 299 2675 1117 2739">
     <span class='ocr_line' id='line_1_86' title="bbox 299 2675 1117 2739; baseline 0.011 -39"><span class='ocrx_word' id='word_1_620' title='bbox 299 2675 393 2739; x_wconf 49' lang='grc' dir='ltr'><strong>ὠίεἓέ</strong></span> <span class='ocrx_word' id='word_1_621' title='bbox 412 2675 540 2706; x_wconf 76' lang='grc' dir='ltr'>Ἐξίπισε.</span> <span class='ocrx_word' id='word_1_622' title='bbox 562 2677 650 2705; x_wconf 85' lang='lat' dir='ltr'><strong>Deest</strong></span> <span class='ocrx_word' id='word_1_623' title='bbox 669 2677 728 2705; x_wconf 89' lang='lat' dir='ltr'><strong>hoc</strong></span> <span class='ocrx_word' id='word_1_624' title='bbox 750 2678 879 2706; x_wconf 86' lang='lat' dir='ltr'><strong>verbum</strong></span> <span class='ocrx_word' id='word_1_625' title='bbox 891 2675 933 2707; x_wconf 53' lang='lat' dir='ltr'><strong>&quot;in&#39;</strong></span> <span class='ocrx_word' id='word_1_626' title='bbox 953 2679 1055 2708; x_wconf 83' lang='lat' dir='ltr'><strong>codice</strong></span> <span class='ocrx_word' id='word_1_627' title='bbox 1074 2679 1117 2709; x_wconf 86' lang='lat' dir='ltr'><strong>Me</strong></span> 
     </span>
    </p>
   </div>
   <div class='ocr_carea' id='block_1_86' title="bbox 305 2746 1129 2789">
    <p class='ocr_par' dir='ltr' id='par_1_86' title="bbox 305 2746 1129 2789">
     <span class='ocr_line' id='line_1_87' title="bbox 305 2746 1129 2789; baseline 0.008 -17"><span class='ocrx_word' id='word_1_628' title='bbox 305 2781 312 2789; x_wconf 42' lang='lat'><strong><em>&#39;</em></strong></span> <span class='ocrx_word' id='word_1_629' title='bbox 336 2746 390 2788; x_wconf 54' lang='lat'><strong>(356)</strong></span> <span class='ocrx_word' id='word_1_630' title='bbox 408 2748 443 2773; x_wconf 86' lang='grc' dir='ltr'><strong>Τὸ</strong></span> <span class='ocrx_word' id='word_1_631' title='bbox 454 2746 513 2773; x_wconf 78' lang='grc' dir='ltr'>καθ’</span> <span class='ocrx_word' id='word_1_632' title='bbox 526 2747 605 2782; x_wconf 73' lang='grc' dir='ltr'>ὑμᾶς.</span> <span class='ocrx_word' id='word_1_633' title='bbox 622 2747 693 2776; x_wconf 89' lang='lat' dir='ltr'><strong>Male</strong></span> <span class='ocrx_word' id='word_1_634' title='bbox 707 2748 739 2776; x_wconf 90' lang='lat' dir='ltr'><strong>in</strong></span> <span class='ocrx_word' id='word_1_635' title='bbox 751 2748 878 2778; x_wconf 85' lang='lat' dir='ltr'><strong>editione</strong></span> <span class='ocrx_word' id='word_1_636' title='bbox 895 2750 1013 2779; x_wconf 84' lang='lat' dir='ltr'><strong>1Paris.</strong></span> <span class='ocrx_word' id='word_1_637' title='bbox 1030 2753 1059 2778; x_wconf 83' lang='grc' dir='ltr'><strong>τό</strong></span> <span class='ocrx_word' id='word_1_638' title='bbox 1070 2752 1129 2779; x_wconf 78' lang='grc' dir='ltr'>καθ’</span> 
     </span>
    </p>
   </div>
   <div class='ocr_carea' id='block_1_87' title="bbox 301 2790 1127 2857">
    <p class='ocr_par' dir='ltr' id='par_1_87' title="bbox 301 2790 1127 2857">
     <span class='ocr_line' id='line_1_88' title="bbox 301 2790 1127 2857; baseline 0.005 -11"><span class='ocrx_word' id='word_1_639' title='bbox 301 2790 394 2850; x_wconf 34' lang='lat' dir='ltr'><strong>ﬁgi)</strong></span> <span class='ocrx_word' id='word_1_640' title='bbox 424 2820 476 2845; x_wconf 82' lang='grc' dir='ltr'><strong>Τοῦ</strong></span> <span class='ocrx_word' id='word_1_641' title='bbox 510 2818 648 2854; x_wconf 72' lang='grc' dir='ltr'>στεφάνου.</span> <span class='ocrx_word' id='word_1_642' title='bbox 681 2821 724 2851; x_wconf 82' lang='lat' dir='ltr'><strong>Ita.</strong></span> <span class='ocrx_word' id='word_1_643' title='bbox 756 2822 825 2852; x_wconf 85' lang='lat' dir='ltr'><strong>Octo</strong></span> <span class='ocrx_word' id='word_1_644' title='bbox 855 2829 929 2852; x_wconf 81' lang='lat' dir='ltr'><strong>mss.</strong></span> <span class='ocrx_word' id='word_1_645' title='bbox 959 2822 1035 2853; x_wconf 85' lang='lat' dir='ltr'><strong>Editi</strong></span> <span class='ocrx_word' id='word_1_646' title='bbox 1069 2826 1127 2857; x_wconf 84' lang='grc' dir='ltr'>τούς</span> 
     </span>
    </p>
   </div>
   <div class='ocr_carea' id='block_1_88' title="bbox 1432 1832 1734 1869">
    <p class='ocr_par' dir='ltr' id='par_1_88' title="bbox 1432 1832 1734 1869">
     <span class='ocr_line' id='line_1_89' title="bbox 1432 1832 1734 1869; baseline 0.003 -11"><span class='ocrx_word' id='word_1_647' title='bbox 1432 1833 1499 1869; x_wconf 82' lang='grc' dir='ltr'>Πρὸς</span> <span class='ocrx_word' id='word_1_648' title='bbox 1515 1833 1572 1863; x_wconf 78' lang='grc' dir='ltr'>τούς</span> <span class='ocrx_word' id='word_1_649' title='bbox 1593 1832 1616 1858; x_wconf 77' lang='grc' dir='ltr'>ἐν</span> <span class='ocrx_word' id='word_1_650' title='bbox 1633 1835 1734 1869; x_wconf 71' lang='grc' dir='ltr'>Βεροίᾳ.</span> 
     </span>
    </p>
   </div>
   <div class='ocr_carea' id='block_1_89' title="bbox 1219 1890 1968 1930">
    <p class='ocr_par' dir='ltr' id='par_1_89' title="bbox 1219 1890 1968 1930">
     <span class='ocr_line' id='line_1_90' title="bbox 1219 1890 1968 1930; baseline 0.001 -13"><span class='ocrx_word' id='word_1_651' title='bbox 1219 1891 1349 1928; x_wconf 75' lang='grc' dir='ltr'>Ἐγνωμεν</span> <span class='ocrx_word' id='word_1_652' title='bbox 1373 1892 1437 1929; x_wconf 67' lang='grc' dir='ltr'>ὑμᾶς</span> <span class='ocrx_word' id='word_1_653' title='bbox 1463 1894 1645 1930; x_wconf 67' lang='grc' dir='ltr'>προλαϐόντες,</span> <span class='ocrx_word' id='word_1_654' title='bbox 1674 1896 1865 1921; x_wconf 74' lang='grc' dir='ltr'>ποθεινότατον</span> <span class='ocrx_word' id='word_1_655' title='bbox 1892 1890 1916 1917; x_wconf 74' lang='grc' dir='ltr'>ἐκ</span> <span class='ocrx_word' id='word_1_656' title='bbox 1932 1890 1968 1917; x_wconf 68' lang='grc' dir='ltr'>τῆς</span> 
     </span>
    </p>
   </div>
   <div class='ocr_carea' id='block_1_90' title="bbox 1184 1933 1969 1975">
    <p class='ocr_par' dir='ltr' id='par_1_90' title="bbox 1184 1933 1969 1975">
     <span class='ocr_line' id='line_1_91' title="bbox 1184 1933 1969 1975; baseline -0.003 -12"><span class='ocrx_word' id='word_1_657' title='bbox 1184 1936 1370 1973; x_wconf 65' lang='grc' dir='ltr'>ἐκϐεϐοημένης</span> <span class='ocrx_word' id='word_1_658' title='bbox 1414 1939 1485 1975; x_wconf 78' lang='grc' dir='ltr'>ὑμῶν</span> <span class='ocrx_word' id='word_1_659' title='bbox 1536 1938 1675 1974; x_wconf 71' lang='grc' dir='ltr'>εὐλαϐείας,</span> <span class='ocrx_word' id='word_1_660' title='bbox 1720 1942 1766 1966; x_wconf 77' lang='grc' dir='ltr'>καὶ</span> <span class='ocrx_word' id='word_1_661' title='bbox 1812 1942 1858 1965; x_wconf 71' lang='grc' dir='ltr'>τοῦ</span> <span class='ocrx_word' id='word_1_662' title='bbox 1893 1933 1969 1970; x_wconf 73' lang='grc' dir='ltr'>στεφά-</span> 
     </span>
    </p>
   </div>
   <div class='ocr_carea' id='block_1_91' title="bbox 1184 1977 1969 2021">
    <p class='ocr_par' dir='ltr' id='par_1_91' title="bbox 1184 1977 1969 2021">
     <span class='ocr_line' id='line_1_92' title="bbox 1184 1977 1969 2021; baseline 0.003 -13"><span class='ocrx_word' id='word_1_663' title='bbox 1184 1992 1228 2008; x_wconf 72' lang='grc' dir='ltr'>νου</span> <span class='ocrx_word' id='word_1_664' title='bbox 1242 1983 1298 2018; x_wconf 86' lang='grc'><strong>(57)</strong></span> <span class='ocrx_word' id='word_1_665' title='bbox 1313 1987 1358 2014; x_wconf 87' lang='grc' dir='ltr'>τῆς</span> <span class='ocrx_word' id='word_1_666' title='bbox 1373 1984 1441 2010; x_wconf 82' lang='grc' dir='ltr'>κατὰ</span> <span class='ocrx_word' id='word_1_667' title='bbox 1464 1986 1580 2021; x_wconf 83' lang='grc' dir='ltr'>Χριστὸν</span> <span class='ocrx_word' id='word_1_668' title='bbox 1604 1984 1760 2020; x_wconf 68' lang='grc' dir='ltr'>ὁμολογίας.</span> <span class='ocrx_word' id='word_1_669' title='bbox 1793 1986 1843 2011; x_wconf 78' lang='grc' dir='ltr'><strong>Καὶ</strong></span> <span class='ocrx_word' id='word_1_670' title='bbox 1864 1983 1923 2010; x_wconf 82' lang='grc' dir='ltr'>ἴσως</span> <span class='ocrx_word' id='word_1_671' title='bbox 1945 1977 1969 2002; x_wconf 72' lang='grc' dir='ltr'><strong>ἀν</strong></span> 
     </span>
    </p>
   </div>
   <div class='ocr_carea' id='block_1_92' title="bbox 1184 2026 1970 2066">
    <p class='ocr_par' dir='ltr' id='par_1_92' title="bbox 1184 2026 1970 2066">
     <span class='ocr_line' id='line_1_93' title="bbox 1184 2026 1970 2066; baseline -0.006 -13"><span class='ocrx_word' id='word_1_672' title='bbox 1184 2037 1222 2058; x_wconf 86' lang='grc' dir='ltr'><strong>τις</strong></span> <span class='ocrx_word' id='word_1_673' title='bbox 1242 2029 1312 2064; x_wconf 73' lang='grc' dir='ltr'>ὑμῶν</span> <span class='ocrx_word' id='word_1_674' title='bbox 1328 2031 1402 2064; x_wconf 61' lang='grc' dir='ltr'>φαίη·</span> <span class='ocrx_word' id='word_1_675' title='bbox 1421 2031 1470 2055; x_wconf 83' lang='grc' dir='ltr'><strong>Καὶ</strong></span> <span class='ocrx_word' id='word_1_676' title='bbox 1485 2031 1524 2060; x_wconf 86' lang='grc' dir='ltr'><strong>τίς</strong></span> <span class='ocrx_word' id='word_1_677' title='bbox 1547 2029 1559 2055; x_wconf 87' lang='grc' dir='ltr'><strong><em>ὁ</em></strong></span> <span class='ocrx_word' id='word_1_678' title='bbox 1577 2029 1611 2060; x_wconf 78' lang='grc' dir='ltr'><strong>εἰς</strong></span> <span class='ocrx_word' id='word_1_679' title='bbox 1635 2031 1682 2059; x_wconf 86' lang='grc' dir='ltr'>τὴν</span> <span class='ocrx_word' id='word_1_680' title='bbox 1707 2030 1812 2066; x_wconf 81' lang='grc' dir='ltr'>μακρὰν</span> <span class='ocrx_word' id='word_1_681' title='bbox 1823 2027 1878 2065; x_wconf 82' lang='grc'><strong>(50)</strong></span> <span class='ocrx_word' id='word_1_682' title='bbox 1902 2026 1970 2050; x_wconf 73' lang='grc' dir='ltr'>ταῦτα</span> 
     </span>
    </p>
   </div>
   <div class='ocr_carea' id='block_1_93' title="bbox 1186 2070 1969 2110">
    <p class='ocr_par' dir='ltr' id='par_1_93' title="bbox 1186 2070 1969 2110">
     <span class='ocr_line' id='line_1_94' title="bbox 1186 2070 1969 2110; baseline -0.006 -11"><span class='ocrx_word' id='word_1_683' title='bbox 1186 2071 1420 2110; x_wconf 47' lang='grc' dir='ltr'>διαπορθμεύσας</span> <span class='ocrx_word' id='word_1_684' title='bbox 1451 2075 1545 2110; x_wconf 80' lang='grc' dir='ltr'>Κύριος</span> <span class='ocrx_word' id='word_1_685' title='bbox 1567 2073 1651 2109; x_wconf 68' lang='grc' dir='ltr'>αὐτὸς,</span> <span class='ocrx_word' id='word_1_686' title='bbox 1681 2074 1709 2106; x_wconf 84' lang='grc' dir='ltr'>ὃς</span> <span class='ocrx_word' id='word_1_687' title='bbox 1734 2075 1793 2105; x_wconf 78' lang='grc' dir='ltr'>τούς</span> <span class='ocrx_word' id='word_1_688' title='bbox 1821 2070 1969 2099; x_wconf 75' lang='grc' dir='ltr'>εὖσεϐοῦγτας</span> 
     </span>
    </p>
   </div>
   <div class='ocr_carea' id='block_1_94' title="bbox 1185 2112 1969 2155">
    <p class='ocr_par' dir='ltr' id='par_1_94' title="bbox 1185 2112 1969 2155">
     <span class='ocr_line' id='line_1_95' title="bbox 1185 2112 1969 2155; baseline -0.003 -12"><span class='ocrx_word' id='word_1_689' title='bbox 1185 2117 1218 2148; x_wconf 82' lang='grc' dir='ltr'><strong>εἰς</strong></span> <span class='ocrx_word' id='word_1_690' title='bbox 1240 2118 1317 2144; x_wconf 69' lang='grc' dir='ltr'>αὑτὸν</span> <span class='ocrx_word' id='word_1_691' title='bbox 1344 2120 1431 2155; x_wconf 80' lang='grc' dir='ltr'>τρόπω</span> <span class='ocrx_word' id='word_1_692' title='bbox 1457 2118 1554 2154; x_wconf 81' lang='grc' dir='ltr'>λύχνου</span> <span class='ocrx_word' id='word_1_693' title='bbox 1569 2120 1649 2149; x_wconf 80' lang='grc' dir='ltr'>τιθεὶς</span> <span class='ocrx_word' id='word_1_694' title='bbox 1669 2118 1711 2145; x_wconf 83' lang='grc' dir='ltr'>ἐπὶ</span> <span class='ocrx_word' id='word_1_695' title='bbox 1726 2121 1774 2148; x_wconf 79' lang='grc' dir='ltr'>τὴν</span> <span class='ocrx_word' id='word_1_696' title='bbox 1789 2118 1906 2154; x_wconf 80' lang='grc' dir='ltr'>λυχνίαν,</span> <span class='ocrx_word' id='word_1_697' title='bbox 1924 2112 1969 2149; x_wconf 74' lang='grc' dir='ltr'><strong>φαί-</strong></span> 
     </span>
    </p>
   </div>
   <div class='ocr_carea' id='block_1_95' title="bbox 1185 2157 1969 2200">
    <p class='ocr_par' dir='ltr' id='par_1_95' title="bbox 1185 2157 1969 2200">
     <span class='ocr_line' id='line_1_96' title="bbox 1185 2157 1969 2200; baseline 0 -11"><span class='ocrx_word' id='word_1_698' title='bbox 1185 2173 1234 2189; x_wconf 82' lang='grc' dir='ltr'>νειν</span> <span class='ocrx_word' id='word_1_699' title='bbox 1259 2167 1327 2189; x_wconf 85' lang='grc' dir='ltr'>ποιεῖ</span> <span class='ocrx_word' id='word_1_700' title='bbox 1353 2162 1412 2189; x_wconf 80' lang='grc' dir='ltr'>καθ’</span> <span class='ocrx_word' id='word_1_701' title='bbox 1436 2163 1497 2194; x_wconf 80' lang='grc' dir='ltr'>ὅλης</span> <span class='ocrx_word' id='word_1_702' title='bbox 1522 2167 1567 2194; x_wconf 82' lang='grc' dir='ltr'>τῆς</span> <span class='ocrx_word' id='word_1_703' title='bbox 1588 2163 1749 2200; x_wconf 73' lang='grc' dir='ltr'>οἰκουμένης.</span> <span class='ocrx_word' id='word_1_704' title='bbox 1780 2162 1812 2189; x_wconf 84' lang='grc' dir='ltr'>Ἦ</span> <span class='ocrx_word' id='word_1_705' title='bbox 1837 2161 1899 2196; x_wconf 66' lang='grc' dir='ltr'>οὐχὶ</span> <span class='ocrx_word' id='word_1_706' title='bbox 1922 2157 1969 2183; x_wconf 55' lang='grc' dir='ltr'><strong>τοὺς</strong></span> 
     </span>
    </p>
   </div>
   <div class='ocr_carea' id='block_1_96' title="bbox 1185 2202 1969 2245">
    <p class='ocr_par' dir='ltr' id='par_1_96' title="bbox 1185 2202 1969 2245">
     <span class='ocr_line' id='line_1_97' title="bbox 1185 2202 1969 2245; baseline -0.001 -12"><span class='ocrx_word' id='word_1_707' title='bbox 1185 2208 1309 2243; x_wconf 68' lang='grc' dir='ltr'>ἀριστέας</span> <span class='ocrx_word' id='word_1_708' title='bbox 1330 2211 1379 2234; x_wconf 85' lang='grc' dir='ltr'>τῶν</span> <span class='ocrx_word' id='word_1_709' title='bbox 1407 2206 1557 2243; x_wconf 77' lang='grc' dir='ltr'>ἀγωνιστῶν</span> <span class='ocrx_word' id='word_1_710' title='bbox 1585 2207 1773 2245; x_wconf 80' lang='grc' dir='ltr'>ἀνακηρύττειν</span> <span class='ocrx_word' id='word_1_711' title='bbox 1797 2206 1869 2234; x_wconf 79' lang='grc' dir='ltr'>εἴωθε</span> <span class='ocrx_word' id='word_1_712' title='bbox 1886 2204 1911 2230; x_wconf 82' lang='grc' dir='ltr'>τὸ</span> <span class='ocrx_word' id='word_1_713' title='bbox 1933 2202 1969 2228; x_wconf 66' lang='grc' dir='ltr'><strong>τῆς</strong></span> 
     </span>
    </p>
   </div>
   <div class='ocr_carea' id='block_1_97' title="bbox 1184 2248 1969 2289">
    <p class='ocr_par' dir='ltr' id='par_1_97' title="bbox 1184 2248 1969 2289">
     <span class='ocr_line' id='line_1_98' title="bbox 1184 2248 1969 2289; baseline 0.001 -10"><span class='ocrx_word' id='word_1_714' title='bbox 1184 2255 1258 2283; x_wconf 81' lang='grc' dir='ltr'>νίκης</span> <span class='ocrx_word' id='word_1_715' title='bbox 1279 2251 1411 2289; x_wconf 73' lang='grc' dir='ltr'>βραϐεῖον,</span> <span class='ocrx_word' id='word_1_716' title='bbox 1443 2255 1487 2279; x_wconf 79' lang='grc' dir='ltr'>καὶ</span> <span class='ocrx_word' id='word_1_717' title='bbox 1513 2254 1573 2283; x_wconf 80' lang='grc' dir='ltr'>τούς</span> <span class='ocrx_word' id='word_1_718' title='bbox 1601 2255 1771 2289; x_wconf 74' lang='grc' dir='ltr'>μηχανικοὺς</span> <span class='ocrx_word' id='word_1_719' title='bbox 1798 2253 1813 2281; x_wconf 73' lang='grc' dir='ltr'><em>ἡ</em></span> <span class='ocrx_word' id='word_1_720' title='bbox 1837 2253 1882 2277; x_wconf 79' lang='grc' dir='ltr'>τοῦ</span> <span class='ocrx_word' id='word_1_721' title='bbox 1907 2248 1969 2283; x_wconf 69' lang='grc' dir='ltr'>ἔργον</span> 
     </span>
    </p>
   </div>
   <div class='ocr_carea' id='block_1_98' title="bbox 1186 2289 1968 2331">
    <p class='ocr_par' dir='ltr' id='par_1_98' title="bbox 1186 2289 1968 2331">
     <span class='ocr_line' id='line_1_99' title="bbox 1186 2289 1968 2331; baseline 0 -8"><span class='ocrx_word' id='word_1_722' title='bbox 1186 2297 1287 2324; x_wconf 75' lang='grc' dir='ltr'>ἐπίνοια</span> <span class='ocrx_word' id='word_1_723' title='bbox 1302 2306 1308 2331; x_wconf 88' lang='grc'><strong>;</strong></span> <span class='ocrx_word' id='word_1_724' title='bbox 1326 2297 1356 2323; x_wconf 81' lang='grc' dir='ltr'>Εἰ</span> <span class='ocrx_word' id='word_1_725' title='bbox 1377 2296 1406 2323; x_wconf 76' lang='grc' dir='ltr'><strong>δὲ</strong></span> <span class='ocrx_word' id='word_1_726' title='bbox 1429 2296 1471 2323; x_wconf 81' lang='grc' dir='ltr'>ἐπί</span> <span class='ocrx_word' id='word_1_727' title='bbox 1496 2299 1598 2328; x_wconf 88' lang='grc' dir='ltr'>τούτοις</span> <span class='ocrx_word' id='word_1_728' title='bbox 1622 2300 1666 2324; x_wconf 88' lang='grc' dir='ltr'>καὶ</span> <span class='ocrx_word' id='word_1_729' title='bbox 1694 2301 1747 2328; x_wconf 86' lang='grc' dir='ltr'>τοῖς</span> <span class='ocrx_word' id='word_1_730' title='bbox 1772 2297 1894 2323; x_wconf 83' lang='grc' dir='ltr'>τοιούτοις</span> <span class='ocrx_word' id='word_1_731' title='bbox 1916 2289 1968 2316; x_wconf 71' lang='grc' dir='ltr'><strong>ἄλη·</strong></span> 
     </span>
    </p>
   </div>
   <div class='ocr_carea' id='block_1_99' title="bbox 1187 2333 1968 2379">
    <p class='ocr_par' dir='ltr' id='par_1_99' title="bbox 1187 2333 1968 2379">
     <span class='ocr_line' id='line_1_100' title="bbox 1187 2333 1968 2379; baseline -0.003 -11"><span class='ocrx_word' id='word_1_732' title='bbox 1187 2352 1247 2373; x_wconf 81' lang='grc' dir='ltr'>στος</span> <span class='ocrx_word' id='word_1_733' title='bbox 1272 2344 1325 2375; x_wconf 73' lang='grc'>(59)</span> <span class='ocrx_word' id='word_1_734' title='bbox 1353 2343 1367 2371; x_wconf 83' lang='grc' dir='ltr'>ἡ</span> <span class='ocrx_word' id='word_1_735' title='bbox 1400 2344 1487 2379; x_wconf 82' lang='grc' dir='ltr'>μνήμη</span> <span class='ocrx_word' id='word_1_736' title='bbox 1514 2341 1648 2379; x_wconf 76' lang='grc' dir='ltr'>διαμένει,</span> <span class='ocrx_word' id='word_1_737' title='bbox 1684 2344 1742 2373; x_wconf 82' lang='grc' dir='ltr'>τοὺς</span> <span class='ocrx_word' id='word_1_738' title='bbox 1776 2342 1844 2368; x_wconf 81' lang='grc' dir='ltr'>κατὰ</span> <span class='ocrx_word' id='word_1_739' title='bbox 1871 2333 1968 2374; x_wconf 67' lang='grc' dir='ltr'>Χριστὸν</span> 
     </span>
    </p>
   </div>
   <div class='ocr_carea' id='block_1_100' title="bbox 1186 2382 1968 2429">
    <p class='ocr_par' dir='ltr' id='par_1_100' title="bbox 1186 2382 1968 2429">
     <span class='ocr_line' id='line_1_101' title="bbox 1186 2382 1968 2429; baseline -0.003 -10"><span class='ocrx_word' id='word_1_740' title='bbox 1186 2391 1365 2425; x_wconf 78' lang='grc' dir='ltr'>εὖσεϐοῦντας,</span> <span class='ocrx_word' id='word_1_741' title='bbox 1396 2394 1455 2429; x_wconf 85' lang='grc' dir='ltr'>περὶ</span> <span class='ocrx_word' id='word_1_742' title='bbox 1483 2392 1516 2418; x_wconf 80' lang='grc' dir='ltr'>ὢν</span> <span class='ocrx_word' id='word_1_743' title='bbox 1545 2390 1621 2423; x_wconf 76' lang='grc' dir='ltr'>αὐτὸς</span> <span class='ocrx_word' id='word_1_744' title='bbox 1654 2401 1733 2429; x_wconf 78' lang='grc' dir='ltr'>φησιν</span> <span class='ocrx_word' id='word_1_745' title='bbox 1758 2392 1771 2418; x_wconf 81' lang='grc' dir='ltr'><strong>ό</strong></span> <span class='ocrx_word' id='word_1_746' title='bbox 1801 2382 1968 2426; x_wconf 58' lang='grc' dir='ltr'>Κύριοςιτοὺς</span> 
     </span>
    </p>
   </div>
   <div class='ocr_carea' id='block_1_101' title="bbox 1186 2615 1962 2684">
    <p class='ocr_par' dir='ltr' id='par_1_101' title="bbox 1186 2615 1962 2684">
     <span class='ocr_line' id='line_1_102' title="bbox 1186 2615 1962 2684; baseline -0.005 -12"><span class='ocrx_word' id='word_1_747' title='bbox 1186 2615 1339 2684; x_wconf 55' lang='grc' dir='ltr'><strong>στξὲἔῖοὲῗξ</strong></span> <span class='ocrx_word' id='word_1_748' title='bbox 1359 2645 1406 2673; x_wconf 82' lang='grc' dir='ltr'>τὴν</span> <span class='ocrx_word' id='word_1_749' title='bbox 1427 2644 1540 2684; x_wconf 64' lang='grc' dir='ltr'>μακροίν.</span> <span class='ocrx_word' id='word_1_750' title='bbox 1618 2642 1705 2684; x_wconf 76' lang='lat' dir='ltr'><strong>Coisl.</strong></span> <span class='ocrx_word' id='word_1_751' title='bbox 1722 2630 1962 2684; x_wconf 28' lang='lat' dir='ltr'><strong>prim-us;th</strong></span> 
     </span>
    </p>
   </div>
   <div class='ocr_carea' id='block_1_102' title="bbox 1183 2675 1966 2761">
    <p class='ocr_par' dir='ltr' id='par_1_102' title="bbox 1183 2675 1966 2761">
     <span class='ocr_line' id='line_1_103' title="bbox 1183 2675 1966 2716; baseline -0.001 -9"><span class='ocrx_word' id='word_1_752' title='bbox 1183 2675 1283 2715; x_wconf 80' lang='lat' dir='ltr'><strong>prima</strong></span> <span class='ocrx_word' id='word_1_753' title='bbox 1295 2687 1390 2707; x_wconf 85' lang='lat' dir='ltr'><strong>manu</strong></span> <span class='ocrx_word' id='word_1_754' title='bbox 1405 2675 1627 2716; x_wconf 80' lang='lat' dir='ltr'><strong>cum&#39;pluribus</strong></span> <span class='ocrx_word' id='word_1_755' title='bbox 1646 2675 1813 2707; x_wconf 70' lang='lat' dir='ltr'><strong>aliis.&#39;Editi</strong></span> <span class='ocrx_word' id='word_1_756' title='bbox 1825 2675 1857 2705; x_wconf 71' lang='grc' dir='ltr'><strong>εὶς</strong></span> <span class='ocrx_word' id='word_1_757' title='bbox 1869 2675 1915 2712; x_wconf 64' lang='grc' dir='ltr'><strong>γῆν</strong></span> <span class='ocrx_word' id='word_1_758' title='bbox 1923 2675 1966 2706; x_wconf 66' lang='grc' dir='ltr'><strong>με’</strong></span> 
     </span>
     <span class='ocr_line' id='line_1_104' title="bbox 1184 2708 1965 2761; baseline -0.004 -19"><span class='ocrx_word' id='word_1_759' title='bbox 1184 2717 1257 2761; x_wconf 69' lang='grc' dir='ltr'>κράν.</span> <span class='ocrx_word' id='word_1_760' title='bbox 1275 2715 1390 2758; x_wconf 82' lang='lat' dir='ltr'><strong>Ibidem</strong></span> <span class='ocrx_word' id='word_1_761' title='bbox 1403 2715 1490 2759; x_wconf 76' lang='lat' dir='ltr'><strong>_Coisl.</strong></span> <span class='ocrx_word' id='word_1_762' title='bbox 1502 2718 1630 2752; x_wconf 89' lang='lat' dir='ltr'><strong>uterque</strong></span> <span class='ocrx_word' id='word_1_763' title='bbox 1645 2717 1673 2743; x_wconf 92' lang='lat' dir='ltr'><strong>et</strong></span> <span class='ocrx_word' id='word_1_764' title='bbox 1687 2722 1767 2743; x_wconf 90' lang='lat' dir='ltr'><strong>unus</strong></span> <span class='ocrx_word' id='word_1_765' title='bbox 1783 2720 1819 2741; x_wconf 78' lang='lat' dir='ltr'><strong>ex</strong></span> <span class='ocrx_word' id='word_1_766' title='bbox 1832 2712 1922 2744; x_wconf 71' lang='lat' dir='ltr'><strong>Regiis</strong></span> <span class='ocrx_word' id='word_1_767' title='bbox 1938 2708 1965 2730; x_wconf 63' lang='grc' dir='ltr'>ἰς</span> 
     </span>
    </p>
   </div>
   <div class='ocr_carea' id='block_1_103' title="bbox 1183 2762 1872 2824">
    <p class='ocr_par' dir='ltr' id='par_1_103' title="bbox 1183 2762 1872 2824">
     <span class='ocr_line' id='line_1_105' title="bbox 1183 2762 1756 2795; baseline -0.002 -16"><span class='ocrx_word' id='word_1_768' title='bbox 1183 2762 1230 2782; x_wconf 82' lang='grc' dir='ltr'><strong>την</strong></span> <span class='ocrx_word' id='word_1_769' title='bbox 1249 2762 1350 2795; x_wconf 60' lang='grc' dir='ltr'>μακραν</span> <span class='ocrx_word' id='word_1_770' title='bbox 1364 2762 1471 2781; x_wconf 83' lang='grc' dir='ltr'>ταυτην.</span> <span class='ocrx_word' id='word_1_771' title='bbox 1728 2787 1733 2791; x_wconf 56' lang='grc'>.</span> <span class='ocrx_word' id='word_1_772' title='bbox 1750 2786 1756 2791; x_wconf 54' lang='grc' dir='ltr'><strong>Ι</strong></span> 
     </span>
     <span class='ocr_line' id='line_1_106' title="bbox 1220 2783 1872 2824; baseline -0.009 -8"><span class='ocrx_word' id='word_1_773' title='bbox 1220 2788 1278 2824; x_wconf 78' lang='grc'><strong>(59)</strong></span> <span class='ocrx_word' id='word_1_774' title='bbox 1308 2787 1438 2822; x_wconf 54' lang='lat' dir='ltr'><strong>annos.</strong></span> <span class='ocrx_word' id='word_1_775' title='bbox 1454 2790 1498 2818; x_wconf 80' lang='lat' dir='ltr'><strong>ita.</strong></span> <span class='ocrx_word' id='word_1_776' title='bbox 1511 2795 1587 2818; x_wconf 75' lang='lat' dir='ltr'><strong>mss.</strong></span> <span class='ocrx_word' id='word_1_777' title='bbox 1603 2795 1664 2816; x_wconf 84' lang='lat' dir='ltr'><strong>sex.</strong></span> <span class='ocrx_word' id='word_1_778' title='bbox 1682 2787 1758 2817; x_wconf 78' lang='lat' dir='ltr'><strong>Editi</strong></span> <span class='ocrx_word' id='word_1_779' title='bbox 1769 2783 1872 2814; x_wconf 64' lang='lat' dir='ltr'><strong>aneos.</strong></span> 
     </span>
    </p>
   </div>
  </div>
