4148 6404
317 327 429 384 825

309 457 465 527 ρίαν,
527 455 615 504 καὶ
655 448 926 516 ἀπόδειξιν
979 451 1264 526 ἐποιούμην
1307 458 1408 505 τῶν
1451 452 1654 524 ἀφανῶν
1696 457 1761 507 τὰ
1802 455 1936 527 ὀρώ-

309 560 475 613 μενα.
510 539 655 594 Ἐπεὶ
707 538 794 594 οὖν
844 537 1021 601 ἄδηλα
1068 541 1290 595 ἑκάστου
1330 542 1475 614 ἡμῶν
1512 541 1717 614 (85)τά
1765 541 1814 595 ἓν
1867 551 1938 615 τῷ

307 637 540 706 κρυπτῷ
568 671 586 696 ,
659 632 898 704 ἡγούμην
981 631 1217 705 αὐτάρκη
1303 633 1588 705 μηνύματα
1642 629 1771 686 εἶναι
1845 641 1941 697 τῆς

307 723 807 794 ταπεινοφροσύνης
870 723 930 774 τὸ
1000 725 1241 776 ταπεινὸν
1297 729 1390 776 τοῦ
1457 719 1742 796 ἐνδύματος
1773 765 1790 794 ,
1849 728 1940 777 καὶ

321 811 485 882 ἤρκει
530 827 621 882 μοι
675 813 802 884 πρὸς
849 810 1203 885 πληροφορίαν
1257 813 1316 864 τό
1366 814 1521 884 παχὺ
1577 813 1800 884 ἱμάτιον,
1849 816 1938 866 καὶ

313 898 355 956 ἡ
407 898 567 965 ζώνη,
601 901 691 950 καί
736 906 831 963 τῆς
881 896 1152 972 ἀδεψήτου
1213 899 1423 974 βύρσης
1477 902 1544 953 τὰ
1595 897 1932 974 ὑποδήματα.

317 991 434 1043 Καὶ
488 988 684 1042 πολλῶν
755 988 1060 1062 ἀπαγόντων
1112 1009 1175 1064 με
1231 998 1328 1053 τῆς
1389 993 1522 1064 πρὸς
1575 991 1765 1055 αύτούς
1815 1012 1934 1045 συνο

315 1079 530 1147 ηθείας,
562 1077 657 1130 ούκ
709 1079 1022 1152 ἠνειχόμην,
1050 1078 1182 1155 ὁρῶν
1224 1079 1416 1142 αύτούς
1472 1086 1565 1133 τοῦ
1618 1080 1935 1134 ἀπολαυστι-

313 1173 422 1220 xor}
476 1165 604 1240 βίου
653 1171 740 1220 τόν
793 1173 1099 1244 καρτερικὸν
1155 1177 1532 1244 προτιμῶντας·
1584 1176 1674 1223 καὶ
1733 1168 1825 1224 διὰ
1879 1174 1936 1224 τό

309 1255 754 1330 παρηλλαγμένον
811 1267 907 1322 τῆς
966 1259 1225 1320 πολιτείας
1270 1259 1578 1322 ζηλοτύπως
1609 1257 1755 1332 εἶχον
1808 1262 1938 1333 πρὸς

311 1346 530 1410 αὐτούς.
562 1347 716 1402 *Οθεν
747 1345 873 1403 οὐδὲ
928 1352 1022 1412 τὰς
1074 1354 1193 1425 περὶ
1251 1358 1352 1403 τῶν
1380 1346 1656 1423 δογμάτων
1688 1348 1938 1412 διαϐολὰς

309 1438 636 1510 προσιέμην
679 1442 852 1491 καίτοι
903 1437 1101 1492 πολλῶν
1153 1435 1622 1512 δίαϐεϐαιουμένων
1647 1443 1719 1512 μὴ
1779 1439 1936 1515 ὀρθὰς

307 1527 462 1596 ἔχειν
496 1529 616 1600 περὶ
676 1534 811 1580 Θεοῦ
864 1530 958 1591 τὰς
1013 1528 1321 1600 ὑπολήψεις,
1357 1527 1484 1581 ἀλλὰ
1534 1536 1605 1599 τῷ
1662 1532 1933 1604 προστάτῃ

308 1623 415 1677 τῆς
464 1621 552 1667 νῦν
609 1617 855 1691 αἱρέσεως
913 1618 1355 1690 μαθητευθέντας,
1412 1620 1476 1671 τὰ
1514 1617 1706 1671 ἐκείνου
1771 1619 1940 1691 λάθρα

312 1707 688 1778 κατασπείρειν
744 1701 1059 1780 διδάγματα
1125 1707 1255 1779 (86)·
1317 1708 1384 1759 ὧν
1433 1704 1613 1766 επὲιδὴ
1686 1704 1935 1762 οὐδέποτε

1262 324 1743 385 EPISTOLARUM
1783 325 2061 388 CLASSIS
2102 329 2170 386 II.
2213 327 2427 388 EPIST.
2475 330 2748 390 CCXXIII.

3608 341 3720 397 826

2050 455 2260 525 Iutem,
2284 461 2342 514 et
2369 455 2663 515 indicium
2699 458 3003 516 ducebam
3049 471 3262 517 eorum
3303 470 3441 535 quae
3469 476 3594 520 non
3623 465 3712 521 vi-

2050 544 2288 616 dentur,
2312 561 2388 604 ea
2414 562 2551 621 quae
2580 547 2883 606 videntur.
2913 548 3214 616 Quoniam
3243 549 3422 621 igitur
3449 551 3716 612 obscura

2050 639 2192 692 sunt
2214 636 2278 693 in
2305 652 2679 711 unoquoque
2716 641 3020 708 nostrum,
3048 655 3186 712 quae
3212 639 3276 697 in
3304 639 3551 698 latebris
3579 657 3712 699 ver-

2049 728 2280 795 santur,
2305 726 2646 784 arbitrabar
2703 728 2850 785 satis
2900 743 3130 800 magna
3181 745 3315 786 esse
3354 735 3714 801 argumenta

2047 813 2403 872 humilitatis
2439 816 2736 874 humilem
2775 822 3028 888 vestem,
3079 817 3349 892 mihique
3398 819 3542 876 satis
3588 824 3715 880 erat

2050 903 2131 960 ad
2164 905 2624 977 persuasionem
2669 907 3094 966 vestimentum
3123 923 3420 978 crassum,
3453 912 3511 966 et
3537 925 3712 981 zona,

2048 997 2106 1049 et
2127 1008 2157 1050 e
2178 994 2316 1050 rudi
2344 995 2507 1053 corio
2545 995 2977 1057 calceamenta.
3007 1000 3074 1055 Et
3101 1014 3243 1054 cum
3291 997 3468 1054 multi
3514 998 3712 1056 abdu-

2049 1087 2252 1140 cerent
2278 1099 2376 1140 me
2414 1084 2494 1142 ad
2541 1085 2817 1158 ipsorum
2844 1086 3374 1156 consuetudinem,
3404 1103 3530 1145 non
3563 1087 3712 1146 fere-

2046 1170 2441 1241 bam,videns
2474 1189 2577 1231 eos
2607 1175 2963 1249 voluptariae
2987 1176 3123 1234 vitae
3143 1175 3523 1236 laboriosam
3553 1192 3710 1250 pras-

2049 1261 2238 1330 ferre;
2272 1266 2330 1318 et
2373 1262 2453 1319 ob
2499 1263 2809 1322 insolitum
2859 1265 3100 1322 vivendi
3177 1281 3370 1336 genus
3429 1281 3711 1324 morosus

2048 1365 2214 1407 eram
2228 1349 2468 1408 illorum
2489 1351 2689 1409 laudis
2713 1353 3022 1411 defensor.
3037 1353 3204 1411 Unde
3224 1370 3338 1412 nec
3358 1353 3433 1411 de
3453 1354 3710 1427 dogma-

2050 1438 2212 1497 tibus
2262 1442 2682 1498 accusationes
2735 1441 3132 1500 admittebam
3159 1463 3171 1510 ;
3202 1444 3484 1517 quamvis
3536 1443 3710 1502 multi

2048 1527 2422 1587 afﬁrmarent
2470 1545 2593 1587 non
2639 1534 2833 1588 rectas
2884 1531 3016 1588 illos
3063 1532 3288 1589 habere
3318 1532 3394 1590 de
3426 1535 3546 1590 Deo
3576 1548 3707 1590 sen-

2049 1619 2286 1691 tentias,
2304 1619 2410 1677 sed
2441 1635 2476 1677 a
2506 1619 2792 1692 signifero
2818 1621 3074 1692 vigentis
3106 1637 3268 1679 nunc
3295 1622 3543 1680 haeresis
3569 1623 3709 1681 edo-

2049 1713 2194 1778 ctos,
2227 1709 2382 1766 illius
2431 1709 2778 1768 clanculum
2825 1725 3110 1785 spargere
3159 1712 3496 1770 doctrinam
3527 1733 3539 1770 :
3571 1727 3709 1786 quae

310 1797 580 1857 αὺτὴκοος
619 1793 888 1868 ἐγενόμην,
946 1799 1274 1869 συκοφάντας
1320 1799 1557 1870 ἡγούμην
1596 1801 1718 1859 τοὺς
1771 1797 1927 1871 ἀπαγ·

2047 1814 2188 1856 cum
2229 1799 2360 1873 ipse
2408 1815 2731 1873 nunquam
2781 1801 3110 1872 audissem,
3139 1802 3548 1875 sycophantas
3586 1803 3710 1860 exi-

313 1881 618 1954 γέλλοντας.
721 1884 864 1939 Ἐπεὶ
933 1883 993 1939 δὲ
1059 1885 1240 1939 λοιπόν
1345 1886 1630 1959 ἐκλήθημεν
1696 1887 1763 1948 εἰς
1842 1893 1934 1946 τήν

315 1977 652 2048 προστασίαν
711 1981 803 2036 τῆς
855 1974 1190 2041 Ἐκκλησίας,
1237 1979 1355 2036 τοὺς
1411 1978 1502 2047 μὲν
1542 1973 1934 2051 παραδοθέντας

318 2063 448 2134 ἡμῖν
474 2062 707 2136 φύλακας
741 2069 832 2117 καὶ
889 2067 1178 2126 σκοπευτὰς
1224 2072 1316 2118 τοῦ
1367 2063 1489 2137 βίου
1545 2067 1594 2118 ἐν
1642 2073 1934 2140 προσποιὴ-

325 2169 407 2205 σει
452 2148 520 2211 δὴ
573 2151 820 2225 βοηθείας
875 2159 965 2206 καὶ
1021 2159 1291 2216 κοινωνίας
1345 2154 1678 2226 ἀγαητικῆς
1729 2164 1930 2223 σιωπῶ,

321 2244 408 2294 ἵνα
443 2245 515 2314 μὴ
560 2239 698 2306 δόξω
747 2244 776 2303 ἡ
823 2243 1026 2296 ἄπιστα
1081 2244 1237 2315 λέγων
1288 2243 1510 2315 ἐμαυτὸν
1559 2240 1927 2312 διαϐάλλειν,ἤ

315 2334 690 2405 πιστευόμενος
747 2333 1150 2408 μισανθρωπίας
1204 2331 1442 2408 ἀφορμὴν
1503 2339 1607 2394 τοῖς
1658 2337 1934 2387 πιστεύου-

316 2439 404 2475 σιν
448 2421 562 2493 (87)
607 2421 856 2494 ἐμποιεῖν.
912 2420 978 2474 Ὀ
1027 2426 1116 2475 καὶ
1156 2421 1270 2495 ἐμοὶ
1308 2429 1500 2496 μικροῦ
1542 2422 1750 2488 συνέϐη,
1786 2424 1828 2476 εί
1857 2431 1928 2496 μή

311 2529 380 2584 με
405 2514 551 2584 ταχὺ
593 2510 1041 2585 προκατελάϐοντο
1079 2514 1128 2565 οὶ
1175 2512 1433 2584 οἰκτιρμοί
1492 2520 1584 2565 του
1647 2509 1802 2565 Θεοῦ.
1837 2520 1932 2566 Mc-

323 2608 459 2676 κροῦ
511 2603 613 2676 γὰρ
669 2601 741 2662 εἰς
788 2605 882 2660 τὴν
928 2605 1063 2655 κατὰ
1131 2604 1333 2655 πάντων
1397 2602 1630 2665 ἐξέπεσον
1679 2601 1929 2674 ὑπο-ρίαν,

321 2686 480 2744 οὐδὲν
527 2693 812 2764 ἡγούμενος
867 2692 994 2745 εἶναι
1054 2691 1178 2766 παρ’
1243 2688 1417 2744 οὐδενὶ
1466 2694 1672 2757 πιστόν,
1723 2691 1777 2744 ἐκ
1829 2700 1931 2744 τῶν

319 2776 545 2853 δολερῶν
607 2782 914 2854 τραυμάτων
959 2782 1070 2852 (88)
1132 2785 1226 2838 τὴν
1282 2781 1470 2852 ψυχὴν
1546 2781 1925 2852 πεπληγμένος.

320 2867 464 2922 Ἀλλ’
492 2869 630 2941 ὅμως
659 2867 827 2923 ἐδόκει
856 2874 979 2931 τέως
1037 2868 1166 2923 εἶναί
1204 2890 1254 2922 τι
1301 2871 1426 2942 ἡμῖν
1459 2877 1651 2942 σχῆμα
1679 2878 1770 2931 τῆς
1799 2875 1930 2945 πρὸς

319 2960 503 3019 αύτούς
560 2961 856 3022 συνηθείας.
894 2963 994 3013 Καὶ
1045 2959 1340 3032 προσϐολαὶ
1387 2962 1477 3031 μὲν
1531 2961 1648 3031 (89)
1703 2959 1927 3032 ἐγένοντο

317 3048 444 3120 ἡμῖν
468 3051 584 3123 περὶ
642 3045 916 3121 δογμάτων
969 3054 1060 3102 καὶ
1119 3048 1259 3111 ἅπαξ
1301 3053 1390 3101 καί
1423 3046 1526 3110 δίς·
1558 3053 1646 3101 καὶ
1677 3045 1927 3122 ἑδόξαμέν

2047 1889 2373 1946 stimaham
2403 1889 2508 1963 qui
2551 1889 2682 1947 haec
2717 1890 3101 1950 nuntiabant.
3135 1894 3463 1965 Postquam
3504 1895 3709 1950 autem

2045 1978 2331 2052 deinceps
2369 1979 2568 2037 vocati
2611 1996 2827 2036 sumus
2859 1980 2939 2038 ad
2961 1981 3376 2053 gubernacula
3408 1981 3705 2052 Ecclesiae,

2044 2067 2220 2124 datos
2283 2068 2432 2125 mihi
2501 2069 2782 2126 custodes
2845 2074 2903 2127 et
2971 2071 3384 2144 speculatores
3411 2070 3566 2138 vitae,
3592 2070 3708 2128 sub

2044 2156 2242 2230 specie
2297 2156 2501 2214 auxilii
2565 2161 2622 2215 et
2671 2159 2882 2214 amicae
2947 2158 3395 2216 communionis
3424 2163 3706 2232 ,praeter-

2043 2246 2237 2315 mitto,
2269 2261 2346 2303 ne
2392 2247 2601 2304 videar
2659 2252 2764 2305 aut
2804 2247 3178 2306 incredibilia
3218 2247 3424 2304 dicens
3471 2247 3547 2305 de
3606 2264 3704 2305 me

2042 2337 2176 2410 ipso
2206 2336 2540 2405 detrahere,
2571 2340 2674 2395 aut
2709 2337 2896 2394 ﬁdem
2935 2337 3181 2408 faciens,
3205 2353 3448 2395 causam
3492 2338 3705 2394 atlerre

2043 2425 2444 2494 credentibus,
2475 2441 2583 2483 cur
2627 2425 2971 2482 humanum
3001 2442 3193 2498 genus
3242 2425 3498 2484 oderint.
3530 2426 3703 2492 Quod

2042 2519 2101 2573 et
2127 2515 2275 2572 mihi
2294 2531 2450 2588 pene
2496 2513 2866 2587 contigisset,
2899 2516 3013 2572 nisi
3049 2531 3145 2572 me
3177 2520 3704 2590 praeoccupassent

2042 2604 2143 2661 Dei
2174 2605 2616 2662 miserationes.
2646 2608 2836 2678 Prope
2878 2606 3040 2663 enim
3087 2605 3315 2662 factum
3357 2609 3449 2662 est
3477 2608 3541 2662 ut
3570 2621 3702 2664 om-

2040 2709 2148 2749 nes
2173 2694 2316 2751 mihi
2347 2694 2407 2750 in
2440 2694 2852 2768 suspicionem
2870 2694 3165 2763 venirent,
3187 2711 3298 2752 nec
3319 2694 3505 2751 fidem
3535 2695 3702 2768 apud

2039 2797 2415 2856 quemquam
2481 2799 2614 2839 esse
2680 2783 3009 2853 crederem,
3063 2783 3292 2840 dolosis
3353 2783 3701 2840 vulneribus

2039 2870 2242 2928 animo
2295 2871 2636 2945 perculsus.
2685 2873 2800 2929 Sed
2848 2877 3053 2930 tamen
3099 2873 3418 2930 videbatur
3459 2872 3698 2929 interim

2039 2959 2243 3034 aliqua
2271 2961 2446 3018 nobis
2478 2961 2673 3018 inesse
2723 2962 2954 3034 species
2985 2961 3438 3019 consuetudinis
3464 2977 3604 3019 cum
3628 2962 3698 3020 il-

2035 3048 2130 3118 lis,
2167 3055 2346 3124 atque
2400 3050 2580 3108 etiam
2629 3050 3072 3123 disputationes
3113 3050 3335 3108 habitae
3381 3051 3536 3108 inter
3581 3066 3696 3109 nos

310 3141 388 3211 μὴ
449 3134 814 3212 διακρίνεσθαι
877 3143 1341 3212 συμφωνήσαντες.
1408 3139 1495 3202 Ὠς
1556 3135 1616 3192 δὲ
1677 3139 1927 3211 ηὕρισκον

2041 3139 2112 3195 de
2150 3139 2538 3209 dogmatibus
2589 3139 2776 3196 semel
2823 3143 3004 3212 atque
3050 3139 3312 3209 iterum;
3353 3155 3425 3196 ac
3466 3139 3577 3197 visi
3601 3157 3697 3198 su-

306 3230 404 3300 μὲν
458 3229 600 3300 ἡμᾶς
642 3230 739 3291 τὰς
781 3227 939 3288 αὐτὰς
995 3227 1236 3300 ἀφιέντας
1291 3231 1458 3300 φωνὰς
1512 3247 1631 3304 περι
1692 3236 1787 3291 τῆς
1853 3236 1924 3292 εὶς

311 3319 447 3371 Θεὸν
475 3322 721 3389 πίστεως,
765 3318 826 3379 οἷς
870 3319 1016 3390 παρὰ
1066 3320 1238 3370 πάντα
1267 3317 1378 3389 (90)
1410 3321 1499 3370 τόν
1525 3322 1716 3391 χρόνον
1767 3322 1922 3376 ἤκουε

310 3425 416 3459 σαν
447 3406 572 3481 παρ’
603 3408 772 3480 ἡμῶν.
804 3406 863 3461 Εἰ
904 3409 1006 3480 γὰρ
1052 3411 1142 3460 καὶ
1205 3405 1366 3459 τᾶλλα
1422 3409 1566 3479 ἡμῶν
1627 3416 1924 3480 στεναγμῶν

304 3494 588 3564 ἁξια,ἀλλ’
637 3496 724 3549 οὗν
775 3497 824 3549 ἓν
880 3515 938 3567 γε
984 3502 1138 3549 τοῦτο
1187 3495 1360 3569 τολμῶ
1402 3497 1715 3568 καυχᾶσθαι
1735 3496 1848 3566 (91)
1876 3496 1924 3548 ἐν

307 3589 490 3660 Κυρίῳ
524 3628 538 3653 ,
581 3586 662 3638 ὅτι
712 3581 963 3639 οὐδέποτε
1013 3584 1401 3658 πεπλανημένας
1459 3586 1620 3656 ἔσχον
1669 3588 1762 3647 τὰς
1807 3594 1922 3658 περὶ

301 3682 446 3729 Θεοῦ
497 3674 805 3746 ὑπολήψεις,
839 3679 868 3733 ἦ
937 3674 1122 3748 ἑτέρως
1171 3682 1364 3746 φρονῶν
1423 3677 1711 3746 μετέμαθον
1771 3676 1921 3728 ὓστε-

300 3784 420 3840 ρον.
457 3764 593 3820 Ἀλλ’
654 3768 716 3822 ἦν
771 3763 827 3818 ἐκ
879 3761 1072 3826 παιδός
1139 3763 1319 3818 ἔλαϐον
1370 3766 1562 3817 ἔννοιαν
1617 3769 1736 3840 περὶ
1788 3772 1922 3818 Θεοῦ

300 3856 454 3931 παρὰ
517 3862 614 3928 τῇς
666 3858 929 3929 μακαρίας
1002 3857 1198 3929 μητρός
1256 3873 1359 3926 μου
1401 3859 1489 3906 καὶ
1560 3862 1651 3915 τῆς
1701 3856 1923 3927 μάμμης

302 3949 601 4017 Μακρίνης,
653 3947 847 4004 ταύτην
905 3943 1222 4007 αύξηθείσαν
1270 3946 1434 4014 ἔσχον
1492 3943 1539 3995 έν
1599 3943 1826 4015 ἐμαυτῷ·
1861 3945 1921 3997 ού

303 4034 413 4108 γὰρ
443 4034 571 4088 ἄλλα
598 4034 650 4098 ἐξ
686 4034 852 4088 ἄλλων
906 4033 1182 4107 μετέλαϐον
1233 4032 1282 4086 ἐν
1334 4041 1396 4104 τῇ
1454 4039 1546 4084 τοῦ
1598 4033 1750 4104 λόγου
1791 4053 1922 4106 συμ-

302 4125 600 4199 πληρώσει,
653 4123 781 4177 ma
831 4126 920 4185 τὰς
966 4119 1362 4199 παραδοθείσας
1413 4141 1502 4194 μοι
1567 4125 1690 4197 παρ’
1751 4124 1921 4176 αὐτῶν

305 4215 487 4289 ἀρχὰς
529 4213 1044 4287 ἱτελείωσα.”Ωσπερ
1091 4218 1192 4286 γὰρ
1251 4218 1309 4266 τό
1365 4218 1573 4288 σπέρμα
1603 4213 1718 4284 {92)
1764 4215 1919 4277 αὐξαο

305 4309 542 4377 νόμενον,
585 4302 764 4377 μεῖζον
800 4307 891 4377 μὲν
956 4303 1057 4357 ἀπὸ
1115 4311 1306 4378 μικροῦ
1358 4309 1556 4374 γίνεται
1599 4307 1784 4356 ταυτὸν
1861 4301 1922 4358 δέ

383 4449 494 4523 (85)
557 4447 821 4523 Ἐκάστου-
883 4449 1052 4523 ᾑμῷν.
1109 4446 1258 4523 Εᾲἱίὶ
1329 4448 1392 4523 τὰ
1445 4448 1522 4523 ἐν,
1560 4456 1630 4518 τῷ
1706 4457 1919 4523 κρυπτῷ

2038 3245 2175 3284 mus
2207 3231 2360 3285 inter
2378 3244 2492 3284 nos
2517 3243 2642 3285 non
2673 3243 2967 3301 pugnare,
3000 3228 3108 3285 sed
3137 3229 3497 3286 consentire.
3532 3232 3697 3287 luve-

2035 3319 2256 3374 nerunt
2281 3321 2485 3374 autem
2509 3333 2622 3374 nos
2654 3317 2902 3374 easdem
2925 3316 3002 3373 de
3039 3316 3160 3374 ﬁde
3192 3318 3254 3373 in
3294 3315 3484 3374 Deum
3515 3333 3696 3374 voces

2033 3405 2321 3478 proferre,
2348 3421 2504 3479 quas
2534 3406 2701 3462 omni
2752 3409 3024 3479 tempore
3047 3420 3118 3461 ex
3147 3405 3325 3462 nobis
3355 3406 3694 3463 audierant.

2035 3495 2152 3551 Etsi
2178 3493 2340 3551 enim
2372 3494 2503 3551 aliae
2534 3509 2630 3551 res
2652 3509 2804 3551 meae
2829 3494 3152 3566 gemitibus
3181 3494 3381 3565 dignm
3416 3512 3426 3552 :
3461 3499 3522 3553 at
3538 3499 3694 3552 certe

2033 3583 2109 3641 de
2178 3584 2294 3641 hoc
2360 3599 2483 3642 uno
2540 3583 2782 3655 gloriari
2837 3584 3035 3641 audeo
3100 3584 3162 3641 in
3225 3585 3498 3657 Domino,
3526 3586 3694 3659 quod

2032 3689 2352 3748 nunquam
2378 3673 2563 3730 falsas
2601 3673 2923 3730 habuerim
2953 3674 3029 3730 de
3058 3674 3180 3731 Deo
3208 3673 3550 3746 opiniones,
3581 3689 3693 3731 nec

2032 3764 2202 3821 aliter
2233 3763 2498 3819 sentiens
2565 3767 2777 3836 postea
2836 3763 3252 3821 dedidicerim.
3286 3763 3400 3820 Sed
3427 3778 3616 3836 quam
3655 3779 3692 3820 a

2032 3867 2221 3925 puero
2258 3852 2463 3924 accepi
2500 3851 2810 3908 notionem
2841 3851 2915 3907 de
2948 3853 3067 3908 Deo
3113 3867 3150 3908 a
3182 3851 3364 3908 beata
3396 3867 3535 3908 mea
3566 3867 3691 3909 ma-

2033 3945 2118 3997 tre
2143 3946 2201 3997 et
2247 3939 2387 3997 avia
2440 3939 2718 4007 Macrina,
2748 3955 2884 3995 eam
2935 3943 3302 3996 crescentem
3348 3939 3410 3995 in
3457 3939 3690 4011 meipso

2031 4029 2450 4096 continebam;
2485 4044 2682 4102 neque
2727 4029 2888 4085 enim
2937 4028 3086 4086 alias
3135 4044 3206 4086 ex
3256 4028 3389 4084 aliis
3439 4028 3688 4098 mutavi,

2031 4133 2170 4175 cum
2218 4118 2482 4176 adolevit
2526 4119 2726 4186 ratio;
2761 4118 2865 4175 sed
2922 4118 3144 4176 tradita
3199 4117 3347 4174 mihi
3407 4118 3486 4174 ab
3537 4117 3688 4191 ipsis

2029 4209 2326 4284 principia
2391 4208 2632 4282 perfeci.
2706 4211 2777 4266 Ut
2838 4209 2998 4265 enim
3064 4223 3282 4276 semen,
3341 4207 3487 4264 dum
3561 4223 3688 4265 cre-

2031 4301 2161 4370 scit,
2211 4300 2413 4373 majus
2474 4299 2726 4373 quidem
2794 4313 2866 4355 ex
2933 4313 3124 4372 parvo
3180 4297 3264 4370 ﬁt,
3316 4299 3424 4354 sed
3485 4302 3686 4355 tamen

2027 4446 2173 4528 dam
2194 4445 2433 4528 codices
2451 4445 2511 4496 Ὠ
2528 4448 2659 4528 γάρ.
2688 4442 2838 4526 Illud
2859 4446 3154 4528 antemna);
3177 4440 3236 4523 δέ
3255 4441 3491 4528 neglegi
3517 4442 3579 4528 in
3601 4442 3686 4497 in-

304 4505 534 4600 εκᾶᾳῖξυ
579 4522 745 4600 ἡμῶν,
791 4505 1264 4600 Ξοᾱξθιεξςαηῐίρτ
1289 4518 1418 4600 visa
1442 4521 1531 4574 est
1553 4505 1918 4600 constructio
1953 4539 1996 4593 ι)
2029 4505 2582 4600 terpretando,qui'a
2601 4505 2851 4600 longior;
2862 4514 3237 4600 parenthesis
3259 4505 3685 4600 {uissetappo-

299 4593 370 4648 in
399 4591 589 4648 tribus
617 4587 1061 4663 antiquissimis
1101 4587 1442 4663 codicibus,
1465 4604 1651 4663 quos
1677 4594 1918 4646 secutus

303 4679 471 4721 sum.
501 4662 686 4718 Paulo
712 4659 854 4734 post
882 4660 1075 4734 Harl.,_
1097 4660 1268 4734 med,
1307 4659 1457 4734 vat,
1489 4659 1674 4734 Coisl.
1706 4676 1917 4734 secun-

298 4735 424 4791 dus
468 4738 527 4791 et
551 4737 695 4804 Reg.
713 4729 1305 4804 secundusﬂo’m-lrirou
1339 4729 1564 4804 βύρσης.
1594 4731 1916 4804 Sic_etiam

297 4811 561 4878 utraque
590 4801 951 4878 Basileeusis
972 4801 1173 4861 editio.
1198 4801 1368 4860 Deest
1387 4801 1485 4858 hic
1512 4801 1744 4874 periodi
1776 4802 1916 4859 ﬁnis

303 4879 370 4936 in
404 4876 811 4949 Haganoensi.

371 4941 864 5022 (86)ῖᾼιδ-άγματα.
899 4948 983 5004 Ita
999 4962 1146 5022 mss.
1180 4960 1309 5022 sex.
1338 4943 1486 5022 Editi
1518 4941 1785 5022 δόγματα.
1814 4948 1914 5022 In:

300 5014 588 5094 ἠέ.ῌρἀὶίὶ
618 5014 1042 5094 ἐν’-προσποιήσει
1101 5014 1278 5076 δῆθεν.
1336 5019 1474 5072 Tres
1525 5014 1916 5074 vetustissimi

308 5090 552 5148 codices
573 5094 637 5147 ut
679 5090 744 5146 in
772 5093 957 5145 textu.

381 5164 493 5234 (87)
537 5164 900 5215 Πιστεύουσιν.
931 5159 1107 5218 Coisl.
1136 5160 1370 5233 primus
1419 5162 1475 5214 et
1524 5157 1916 5215 Ilarlnmmva-

311 5255 463 5290 σασι.

384 5307 496 5378 (88)
535 5307 877 5380 Τραυμάτ-ων.
911 5301 1208 5380 ιεα-ῌιιτιη
1243 5301 1416 5380 Me_d.,
1452 5300 1628 5357 Coisl.
1661 5305 1915 5372 uterque

307 5383 365 5436 et
394 5373 540 5450 Reg.
571 5373 896 5450 secundus.
929 5373 1079 5450 Editi
1107 5375 1444 5450 πραγμάτων.

539 5447 835 5523 Προᾼσϐολαξ
857 5450 974 5523 μέν.
1093 5442 1627 5523 tresiCil-latissimi
1649 5443 1909 5523 codices.

311 5514 464 5594 Editi
479 5514 774 5594 ’προσϐολαὶ
801 5514 978 5594 ᾂέζᾉΕχ
997 5516 1217 5594 iisdem
1229 5514 1698 5594 codicibusconj
1710 5515 1913 5594 unctio

310 5585 684 5649 addita'ante
700 5587 1056 5666 ἅπαξ.1)ειιιιο
1089 5591 1224 5666 post
1250 5586 1433 5666 iidem
1464 5585 1914 5666 οάξςὶρυμφωνή.

313 5683 503 5724 σαντας
523 5666 732 5720 contra
748 5665 1016 5718 veterum
1033 5656 1306 5716 codicum
1324 5656 1768 5713 ﬁdemJbidein
1784 5656 1913 5728 qui-

2026 4585 2250 4664 nenda,
2278 4585 2478 4664 quam
2497 4591 2699 4664 tamen
2720 4585 2782 4642 in
2813 4585 3016 4664 Graeco
3048 4589 3333 4664 contentu
3373 4598 3682 4664 apponen-

2025 4657 2172 4714 dam
2200 4654 2366 4714 duii.
2399 4657 2490 4713 Sic
2538 4660 2699 4715 enim
2749 4657 2934 4713 series
2984 4655 3271 4711 orationis
3298 4654 3636 4724 colligenda
3668 4674 3680 4711 :

2029 4729 2200 4796 Quod
2220 4736 2419 4786 autem
2447 4730 2807 4786 invenerunt
2846 4743 2952 4782 nos
2981 4726 3212 4783 easdem
3249 4727 3321 4781 de
3347 4727 3468 4782 Deo
3517 4740 3684 4783 voces

2021 4801 2370 4870 proferre...
2391 4805 2856 4870 perscrutentur
2892 4813 3065 4854 suam
3100 4799 3366 4866 ipsorum
3386 4799 3684 4854 conscien-

2027 4869 2194 4944 tiam.
2221 4873 2389 4944 Saepe
2421 4871 2860 4944 Basilius,_cum
2911 4883 3169 4944 magnos
3202 4871 3428 4944 _motus
3464 4869 3683 4944 animo

2026 4939 2344 5015 impressos
2376 4940 2916 5015 sequitur,long_as
2945 4939 3580 5015 ejusmodiperiodos,
3613 4955 3684 4997 ac

2024 5010 2260 5084 legibus
2284 5010 2572 5070 orationis
2602 5010 2948 5084 exilioribus
2973 5010 3205 5084 Solutas
3236 5010 3519 5084 devolvit.

2097 5081 2210 5157 (90)
2243 5088 2393 5157 Παρᾲ
2413 5155 2419 5157 _
2443 5087 2630 5157 rra'vrar.
2667 5087 2750 5138 Ita
2779 5082 2964 5152 Harl.,
2987 5081 3162 5139 Coisl.
3190 5082 3424 5155 primus
3476 5085 3534 5139 et
3581 5082 3681 5140 alii

2025 5153 2249 5230 plures.
2276 5153 2423 5212 Editi
2443 5156 2565 5230 παρ’
2591 5153 2814 5230 ἅπαντα.

2095 5228 2210 5299 (91)
2244 5223 2587 5299 Καυχᾶσθαι.
2631 5225 2909 5299 Ηδτ1.μοῐ
2975 5223 3148 5280 Coisl.
3185 5224 3522 5299 secundus
3556 5243 3680 5299 actu:

2025 5293 2322 5370 χήσασθαι.
2352 5293 2537 5354 Paulo
2567 5301 2706 5370 post
2750 5295 2892 5352 editi
2927 5299 3142 5369 μάμμης
3191 5315 3292 5369 μου
3337 5299 3404 5370 ct
3443 5293 3680 5370 ἄλλαςέξ

2025 5365 2463 5427 ἄλλων.ί]οόὶοοε
2494 5365 2638 5424 mss.
2685 5365 3255 5438 magno‘consensu
3285 5371 3350 5423 ut
3389 5365 3451 5421 in
3491 5369 3674 5420 textu.

2024 5442 2254 5521 Ibidem
2283 5440 2436 5521 Harl.
2466 5446 2530 5521 et
2551 5439 2699 5521 Med.
2723 5443 2846 5512 ἔχον
2876 5440 2998 5521 παρ’
3020 5438 3244 5521 ἐμαυτῖῷ.
3353 5519 3388 5521 Η
3415 5519 3425 5521 Α
3448 5519 3460 5521 Α
3490 5519 3500 5521 Μ
3520 5504 3553 5521 ν
3572 5519 3586 5521 _
3619 5505 3645 5521 γ’

2093 5515 2204 5585 (92)
2237 5517 2466 5586 Σπέρμας
2490 5507 2906 5586 Deestea'vox
2943 5507 3006 5586 in
3043 5507 3293 5586 duobus
3335 5507 3675 5586 recentiori-

2023 5573 2140 5641 bus
2188 5573 2611 5640 'mssi'lbidem
2669 5581 2852 5654 Coisl.
2873 5582 3106 5654 primus
3167 5578 3463 5648 αὐξόμενον.
3489 5573 3672 5632 Paulo

2021 5658 2164 5729 post
2192 5655 2316 5712 duo
2347 5654 2508 5725 Regii
2534 5657 2721 5708 ταυτὸν
2749 5650 2809 5706 δέ
2835 5650 2972 5705 ἐστιν
2995 5652 3179 5721 ἐαυτῷ.
