4148 6438
346 279 454 336 829

1291 275 1777 334 EPISTOLARUM
1806 271 2093 331 CLASSIS
2132 274 2198 331 II.
2239 275 2460 335 EPIST.
2500 276 2769 335 CCXXIII.

3610 285 3715 342 830

341 400 658 476 κινουμένων
686 402 812 477 ἡμῖν
843 417 859 470 ;
887 399 949 456 Εἰ
985 401 1260 475 εὑρέθημεν
1297 421 1351 455 τι
1394 403 1635 474 συγγενὲς
1659 402 1866 473 ἔχοντες
1898 397 1946 451 ἐν

2061 400 2284 475 ctuque
2313 404 2372 459 et
2391 401 2650 461 interdiu
2669 402 2972 477 colloquia
2985 402 3370 464 habebamus
3389 407 3545 467 inter
3561 409 3713 465 nos?

337 499 408 554 τῇ
431 488 668 563 διανοίῃ
698 489 824 543 "Ore
845 485 905 545 δὲ
925 491 1013 543 τὸν
1032 492 1290 566 μακάριον
1312 489 1586 544 Σιλουανὸν
1607 491 1742 542 κατὰ
1761 490 1947 541 ταυτὸν

338 580 787 655 ἓπεσκεπτόμεθα,
818 579 924 651 οὐχ
953 580 985 640 ἠ
1018 575 1139 641 ὁδὸς
1164 581 1289 652 ἡμῖν
1318 583 1441 643 τοὺς
1468 584 1588 655 περὶ
1613 581 1806 632 τούτων
1837 574 1951 650 εἶχε

333 670 527 744 λόγους
550 690 564 741 ;
598 670 714 725 Ἐπὶ
746 666 805 723 δὲ
822 676 916 733 τῆς
938 670 1212 741 Εὐσινόης,
1234 672 1315 725 ὅτε
1335 673 1465 745 μετὰ
1475 670 1717 723 πλειόνων
1740 668 1950 722 ἐπισκό-

332 781 455 814 πων
474 760 735 834 μέλλοντες
754 760 1027 834 ὀρμᾷν.ἐπὶ
1048 760 1362 833 Λάμψακον,
1387 758 1846 836 προσεκαλέσασθέ
1864 777 1946 832 με,

333 850 406 904 οὐ
427 854 545 924 περὶ
565 854 785 911 πίστεως
814 847 950 908 ἦσαν
977 852 1025 903 οἱ
1049 850 1196 923 λόγοι
1219 868 1233 919 ;
1267 851 1411 923 Οὐχὶ
1435 848 1494 904 δὲ
1514 852 1681 903 πάντα
1708 852 1795 902 τὸν
1819 854 1951 923 χρό-

333 960 428 994 νον
454 942 504 993 οἰ
535 945 619 994 σοὶ
645 942 985 1014 ταχυγράφοι
1032 950 1277 1016 παρῆσαν
1324 941 1440 1015 ἐμοὶ
1478 942 1856 1016 ὑπαγορεύοντι
1884 942 1950 992 τὰ

330 1033 475 1105 πρὸς
500 1035 595 1089 τὴν
619 1031 820 1105 αἰρεσιν
844 1047 858 1098 ;
895 1029 956 1085 οὐ
985 1038 1085 1083 τῶν
1118 1039 1220 1083 σῶν
1244 1032 1492 1103 μαθητῶν
1518 1032 1567 1084 οἱ
1594 1036 1950 1103 γνησιώτατοι

329 1121 513 1174 πάντα
539 1138 631 1192 μοι
659 1122 747 1173 τὸν
784 1123 976 1194 χρόνον
1014 1128 1260 1194 παρῆσαν
1290 1121 1370 1193 (2)
1405 1139 1419 1190 ;
1469 1120 1546 1173 Οὐ
1588 1121 1677 1180 τὰς
1726 1116 1948 1191 ἀδελφό-

330 1229 507 1272 τητας
534 1208 999 1282 ἐπισκεπτόμενος,
1032 1213 1122 1263 καὶ
1154 1207 1661 1284 συνδιανυκτερεύων
1692 1208 1872 1269 αὐταῖς
1899 1207 1948 1260 ἐν

329 1304 460 1360 ταῖς
483 1305 837 1373 προσευχαῖς,
871 1297 1029 1371 λέγων
1069 1303 1159 1351 καὶ
1206 1297 1408 1352 ἁκούων
1454 1299 1535 1353 ἀεὶ
1564 1301 1628 1352 τὰ
1665 1303 1784 1374 περὶ
1815 1304 1948 1351 Θεοῦ

332 1386 699 1460 ἀφιλονείκως,
727 1387 822 1440 οὐκ
848 1385 1079 1465 ἀκριϐεῖς
1118 1395 1375 1465 παρεῖχον
1422 1397 1517 1452 τῆς
1556 1387 1747 1450 ἐννοίας
1784 1386 1948 1460 ἐμαυ-

327 1484 435 1530 τοῦ
457 1479 553 1539 τὰς
583 1472 876 1541 ἀποδείξεις
900 1493 914 1545 ;
948 1484 1064 1540 Πῶς
1094 1473 1183 1530 οὖν
1204 1480 1234 1536 ἡ
1269 1476 1317 1530 ἐν
1337 1480 1573 1548 τοσούτῳ
1599 1479 1776 1554 χρόνῳ
1795 1482 1951 1552 πεῖρα

330 1565 562 1620 ἐλάττων
602 1568 760 1640 ἐφάνη
799 1574 896 1630 τῆς
948 1566 1085 1618 οὖτὼ
1134 1569 1335 1641 σαθρᾶς
1383 1572 1473 1619 καὶ
1511 1562 1767 1640 ἀδρανοῦς
1814 1566 1948 1616 ὑπο-

332 1659 523 1723 νοίας;
555 1659 683 1707 Τίνα
715 1651 775 1707 δὲ
801 1650 910 1707 ἔδει
938 1657 1039 1730 πρὸ
1082 1662 1178 1707 σοῦ
1225 1658 1467 1729 μάρτυρα
1510 1651 1639 1707 εἶναι
1684 1661 1746 1712 τῆ
1760 1674 1780 1715 ς
1826 1652 1949 1727 ἐμῆς

2059 491 2213 547 Num
2235 491 2555 564 quidpiam
2571 491 2752 549 afﬁne
2782 492 2845 550 in
2865 493 3073 550 animo
3102 493 3327 553 habere
3355 495 3712 570 deprehensi

2061 582 2311 637 sumus?
2327 582 2583 650 Quando
2602 597 2748 640 vero
2767 583 3019 641 beatum
3044 583 3347 642 Silvanum
3379 585 3559 644 simul
3578 587 3717 644 visi-

2058 670 2365 743 tabamus,
2387 687 2593 729 nonne
2620 673 2732 729 iter
2754 672 2934 730 nobis
2962 672 3039 730 de
3063 673 3159 730 his
3188 674 3373 731 rebus
3404 691 3716 732 sermones

2058 758 2309 817 habuit?
2330 760 2585 819 Eusinoe
2601 761 2833 835 itidem,
2856 761 3106 836 quando
3127 778 3255 821 una
3274 779 3415 821 cum
3439 764 3718 838 pluribus

2059 848 2359 922 episcopis
2382 852 2787 924 Lampsacum
2808 852 3153 925 profecturi,
3176 868 3274 910 me
3292 854 3717 921 accersivistis,

2058 954 2263 996 nonne
2288 940 2364 995 de
2391 939 2512 997 ﬁde
2549 945 2723 999 erant
2751 957 3060 998 sermones
3077 944 3106 999 ?
3134 945 3345 1000 Nonne
3370 944 3539 1000 omni
3568 949 3721 1001 tem-

2057 1043 2205 1102 pore
2234 1030 2449 1086 notarii
2478 1032 2563 1088 tui
2618 1032 2767 1088 mihi
2814 1031 3070 1089 aderant
3111 1031 3408 1089 adversus
3437 1034 3721 1091 haeresim

2058 1117 2354 1176 dictanti?
2382 1134 2587 1177 nonne
2617 1120 2958 1177 charissimi
3013 1122 3102 1178 tui
3152 1121 3433 1197 discipuli
3471 1139 3716 1180 mecum

2058 1207 2226 1264 omni
2258 1212 2528 1280 tempore
2573 1209 2866 1266 fuerunt?
2898 1210 3075 1281 Quid,
3128 1225 3269 1267 cum
3313 1211 3721 1271 fraternitates

2056 1296 2403 1368 inviserem,
2425 1297 2604 1373 340
2625 1314 2869 1372 unaque
2891 1316 3031 1355 cum
3052 1299 3168 1357 illis
3184 1301 3247 1356 in
3261 1301 3720 1375 precationibus

2059 1389 2502 1454 pernoctarem,
2522 1387 2825 1445 disserens
2856 1393 2914 1444 et
2941 1388 3195 1445 audiens
3228 1405 3471 1463 semper
3490 1390 3566 1447 de
3597 1393 3717 1448 Deo

2060 1473 2189 1531 sine
2219 1475 2620 1546 contentione,
2644 1491 2722 1532 an
2752 1490 2878 1532 non
2898 1481 3185 1535 accurata
3209 1479 3453 1535 exhibui
3482 1483 3717 1536 senten-

2057 1563 2154 1618 tiae
2188 1579 2338 1619 meee
2362 1568 2723 1635 argumenta
2743 1572 2770 1620 9
2798 1565 3118 1633 Quomodo
3148 1581 3290 1638 ergo
3321 1568 3718 1641 tantitempo-

2056 1652 2140 1709 ris
2164 1653 2533 1727 experientia
2560 1655 2759 1712 minor
2779 1670 2911 1712 esse
2929 1655 3062 1714 visa
3091 1660 3182 1714 est
3201 1657 3444 1731 putrida
3472 1658 3626 1716 adeo
3646 1673 3717 1715 ac

336 1741 663 1812 διαθέσεωςς
695 1747 772 1798 Τὰ
795 1741 880 1797 ἐπὶ
906 1741 1242 1805 Χαλκηδόνος
1262 1745 1339 1808 (3)
1358 1744 1642 1804 λαληθέντα
1675 1745 1800 1817 ἡμῖν
1828 1747 1946 1816 περὶ

2061 1742 2301 1800 inﬁrma
2329 1743 2713 1816 suspicione?
2741 1745 2931 1811 Quem
2977 1748 3181 1804 autem
3214 1745 3291 1803 de
3340 1746 3603 1820 priorem
3647 1763 3719 1804 ac

336 1838 587 1901 πίστεως,
608 1836 671 1885 τὰ
701 1831 749 1885 ἓν
779 1831 1052 1907 Ἡρακλείᾳ
1081 1833 1343 1904 πολλάκις,
1376 1835 1442 1886 τὰ
1473 1836 1718 1908 πρότερον
1749 1831 1833 1886 ἐπὶ
1851 1841 1949 1894 τῆς

338 1927 663 1997 Καισαρείας
720 1921 771 1975 ἐν
808 1929 879 1993 τῷ
926 1929 1248 1997 προαστείῳ,
1298 1923 1343 1974 εἰ
1384 1927 1456 1996 μὴ
1497 1925 1667 1976 πάντα
1697 1926 1949 1997 σύμφωνα

333 2012 467 2085 παρ’
496 2013 642 2084 ἡμῶν
669 2030 683 2078 ;
716 2011 760 2064 εἰ
789 2016 861 2085 μη
892 2014 1064 2065 πάντα
1090 2012 1329 2077 ἀλληλοις
1371 2012 1722 2086 συμϐαίνοντα
1747 2030 1760 2081 ;
1802 2016 1949 2075 ἐκτὸς

337 2109 455 2169 τοῦ,
506 2102 632 2175 ὅπερ
680 2099 841 2173 εἶπον,
894 2101 948 2154 ἐκ
997 2110 1267 2176 προκοπῆς
1313 2122 1430 2155 τινα
1473 2104 1695 2166 αὔξησιν
1735 2102 1945 2157 ἐπιθεω-

338 2192 545 2266 ρεῖσθαι
573 2197 678 2253 τοῖς
723 2190 1035 2266 λεγομένοις,
1074 2193 1197 2266 ὅπερ
1239 2192 1367 2265 οὐχὶ
1413 2192 1671 2265 μεταϐολή
1719 2191 1860 2246 ἐστιν
1892 2192 1947 2245 ἐκ

334 2287 430 2333 τοῦ
475 2284 713 2357 χείρονος
742 2282 871 2355 πρὸς
926 2284 985 2333 τό
1021 2279 1248 2353 βέλτιον,
1293 2281 1420 2334 ἀλλὰ
1451 2281 1831 2357 συμπλήρωσις
1857 2290 1948 2336 τοῦ

331 2369 601 2433 λείποντος
644 2372 782 2423 κατά
822 2374 918 2429 τὴν
956 2373 1259 2445 προσθήκην
1304 2380 1397 2434 τῆς
1436 2376 1695 2442 γνώσεως.
1745 2380 1858 2434 [[ῶς
1889 2370 1950 2427 δὲ

332 2462 545 2513 κάκεῖνο
577 2460 673 2512 οὐκ
716 2458 936 2534 ἐνθυμῇ,
986 2462 1068 2514 ὅτι
1100 2466 1272 2535 πατὴρ
1321 2461 1381 2513 οὐ
1435 2461 1650 2534 λήψεται
1689 2462 1947 2538 ἁμαρτίαν

333 2546 552 2620 παιδός,
593 2545 718 2602 οὐδὲ
757 2551 870 2611 υἱὸς
907 2548 1129 2621 λήψεται
1177 2551 1435 2625 ἁμαρτίαν
1478 2552 1696 2624 πατρὸς,
1729 2554 1946 2614 ἕκαστος

338 2635 403 2691 δὲ
448 2637 498 2690 ἐν
543 2645 605 2710 τῇ
656 2634 770 2711 ἰδίᾳ
809 2636 1041 2712 ἁμαρτίᾳ
1083 2638 1420 2692 ἀποθανεῖται
1461 2654 1475 2705 ;
1534 2639 1681 2711 Ἐμοὶ
1729 2636 1790 2692 δὲ
1831 2643 1948 2693 οὔτε

337 2730 517 2800 πατὴρ
546 2728 572 2777 ὁ
600 2730 742 2803 παρὰ
773 2731 857 2779 σοὶ
890 2723 925 2780 δ
930 2726 1316 2802 ιαϐαλλόμενος,
1351 2728 1462 2780 οὔθ’
1492 2728 1621 2789 υἱός.
1671 2731 1806 2780 Οὔτε
1845 2732 1945 2800 γὰρ

343 2812 675 2877 διδάσκαλός
702 2836 801 2891 μου
830 2819 1055 2891 γέγονεν,
1099 2820 1215 2870 οὔτε
1252 2819 1513 2890 μαθητής.
1567 2818 1629 2871 Εἰ
1663 2814 1722 2870 δὲ
1753 2813 1838 2870 δεῖ
1856 2821 1947 2880 τὰς

342 2911 445 2956 τῶν
474 2907 825 2976 γεννησάντων
855 2905 1111 2982 ἁμαρτίας
1141 2906 1442 2981 ἐγκλήματα
1468 2914 1573 2968 τοῖς
1620 2911 1815 2971 τέκνοις
1858 2913 1945 2980 γί-

340 2994 546 3061 νεσθαι,
578 2994 708 3048 πολὺ
736 2992 1068 3071 δικαιότερον
1098 2999 1164 3050 τὰ
1191 2998 1394 3071 Ἀρείου
1424 3000 1559 3050 κατὰ
1586 3006 1685 3050 τῶν
1729 2997 1807 3069 (4)
1839 3018 1946 3070 ματ

2056 1833 2355 1905 potiorem
2385 1833 2573 1890 animi
2594 1834 2715 1890 mei
2750 1837 2960 1892 testem
2986 1850 3121 1892 esse
3173 1835 3541 1910 oportebat?
3572 1838 3717 1903 Quae

2057 1920 2437 1978 Chalcedone
2467 1922 2543 1978 de
2567 1920 2688 1980 ﬁde
2709 1939 2747 1980 a
2765 1922 2944 1980 nobis
2984 1923 3145 1981 dicta
3171 1928 3333 1995 sunt,
3365 1941 3503 1999 quae
3534 1940 3721 1999 saepe-

2057 2026 2313 2069 numero
2341 2011 2657 2085 Heracleae,
2683 2028 2821 2086 quae
2851 2013 3022 2087 prius
3057 2014 3120 2071 in
3165 2017 3450 2072 Caesareae
3505 2016 3720 2073 subur-

2054 2100 2180 2170 bio,
2212 2116 2290 2157 an
2319 2116 2444 2157 non
2474 2117 2548 2158 ex
2572 2107 2784 2159 nostra
2808 2106 2977 2176 parte
3003 2119 3275 2161 consona
3302 2109 3442 2162 sunt
3463 2105 3671 2162 omnia
3690 2105 3719 2160 ?

2058 2206 2135 2247 an
2159 2206 2285 2247 non
2315 2191 2524 2264 omnia
2551 2191 2703 2248 inter
2732 2206 2795 2248 se
2826 2186 3259 2251 consentiunt?
3283 2193 3403 2250 nisi
3430 2194 3600 2269 quod
3628 2194 3715 2251 in-

2058 2280 2368 2348 crementi,
2399 2284 2466 2336 ut
2484 2280 2627 2352 dixi,
2652 2278 2884 2353 aliquid
2913 2296 2988 2337 ex
3040 2282 3313 2355 profectu
3350 2283 3721 2357 conspicitur

2056 2371 2122 2426 in
2151 2368 2569 2426 sermonibus:
2597 2369 2767 2442 quod
2805 2370 3146 2428 immutatio
3169 2386 3296 2428 non
3324 2377 3413 2429 est
3440 2387 3514 2428 ex
3549 2371 3716 2428 dete-

2056 2458 2213 2514 riore
2240 2457 2302 2514 in
2338 2458 2577 2527 melius,
2608 2457 2712 2514 sed
2743 2474 2955 2515 eorum
2989 2475 3126 2533 qua=
3156 2459 3407 2517 deerant
3441 2460 3713 2534 comple-

2056 2551 2331 2605 mentum
2356 2563 2427 2603 ex
2458 2547 2720 2604 scientiae
2751 2549 3100 2605 accessione
3147 2549 3216 2603 ε’.
3266 2549 3581 2615 Quomodo
3610 2565 3712 2607 au-

2058 2640 2178 2693 tem
2209 2637 2357 2693 illud
2378 2637 2560 2693 etiam
2581 2652 2705 2693 non
2733 2637 2984 2708 cogitas,
3013 2641 3250 2711 patrem
3280 2654 3407 2695 non
3428 2643 3713 2713 acceptu-

2055 2741 2193 2783 rum
2220 2730 2537 2798 peccatum
2565 2726 2692 2794 ﬁlii,
2718 2740 2918 2799 neque
2948 2725 3140 2784 ﬁlium
3180 2732 3499 2802 peccatum
3527 2728 3716 2800 patris

2057 2820 2451 2888 accepturum
2477 2832 2491 2881 ;
2524 2815 2632 2871 sed
2652 2815 2712 2871 in
2738 2831 2849 2871 suo
2877 2830 3185 2890 quemque
3197 2820 3447 2889 peccato
3471 2816 3717 2874 moritu-

2057 2920 2189 2961 rum
2212 2905 2240 2960 ?
2269 2904 2405 2962 Mihi
2453 2909 2655 2962 autem
2685 2919 2885 2978 neque
2928 2909 3100 2978 pater
3119 2909 3210 2963 est
3251 2906 3303 2963 is
3328 2905 3436 2979 qui
3464 2906 3630 2979 apud
3660 2912 3717 2963 te

2054 2993 2216 3050 male
2253 2994 2447 3056 audit,
2488 3009 2689 3067 neque
2735 2992 2914 3051 ﬁlius.
2972 2997 3175 3068 Neque
3231 2995 3392 3052 enim
3431 2996 3719 3066 magister

340 3083 515 3139 θητῶν
537 3082 701 3136 αὐτοῦ
724 3086 965 3155 γίνεσθαι
994 3104 1006 3117 ·
1040 3090 1129 3137 καὶ
1168 3088 1214 3137 εἴ
1251 3105 1327 3147 τις
1358 3086 1552 3139 Ἀέτιον
1591 3086 1829 3158 ἐγέννησε
1855 3089 1944 3139 τόν

2061 3099 2229 3140 meus
2256 3083 2386 3151 fuit,
2417 3098 2615 3157 neque
2642 3083 3000 3156 discipulus.
3048 3084 3223 3150 Quod
3253 3084 3304 3140 si
3350 3089 3587 3156 oportet
3613 3100 3717 3157 pa-

333 3173 621 3245 αίρετικόν,
654 3172 738 3227 ἐπὶ
767 3177 862 3234 τὴν
891 3173 1117 3247 κεφαλὴν
1145 3182 1239 3227 τοῦ
1288 3179 1487 3250 πατρὸς
1532 3175 1823 3229 ἀναϐαίνειν
1851 3184 1944 3228 τοῦ

333 3256 533 3324 παιδὸς
581 3264 650 3314 τὰ
702 3260 1026 3336 ἐγκλήματα.
1086 3262 1146 3318 Εἰ
1197 3260 1248 3316 δ’
1278 3264 1337 3317 οὐ
1388 3261 1593 3318 δίκαιον
1625 3265 1703 3319 ἐπ’
1735 3265 1947 3327 ἐκείνοις

336 3350 677 3421 ἑγκαλεῖσθαί
704 3373 842 3423 τινα,
882 3353 1053 3424 πολλῷ
1085 3350 1259 3412 δήπου
1300 3351 1626 3429 δικαιότερον
1674 3358 1813 3427 ἡμᾶς
1862 3355 1945 3409 ἐπὶ

336 3446 455 3501 τοῖς
482 3438 648 3513 μηδὲν
677 3444 803 3513 ἡμῖν
833 3446 1167 3517 προσήκουσι
1214 3448 1286 3515 μὴ
1338 3445 1552 3516 ὑπέχειν
1596 3445 1810 3507 εὐθύνας
1844 3447 1943 3513 (ὅ),

338 3529 389 3581 εἶ
417 3548 475 3601 γε
504 3535 593 3583 καὶ
621 3532 852 3606 ἧμαρτον
902 3531 1047 3601 ὅλως,
1098 3535 1140 3583 εἴ
1192 3552 1242 3583 τι
1291 3537 1383 3584 καὶ
1421 3537 1716 3608 γέγραπται
1768 3534 1947 3596 αὐτοῖς

334 3617 485 3680 ἄξιον
515 3623 896 3695 κατακρίσεως,
927 3628 1214 3694 Συγγνώμη
1247 3623 1348 3696 γάρ
1381 3641 1469 3694 μοι
1501 3621 1808 3677 ἀπιστοῦντι
1839 3631 1947 3687 τοῖς

336 3707 651 3761 κατάὑτῶν
706 3708 1026 3783 λεγομένοις,
1076 3706 1257 3768 ἐπειδὴ
1309 3713 1338 3769 ἡ
1390 3711 1503 3764 κατ’
1549 3712 1674 3784 ἐμοῦ
1711 3720 1866 3786 πεῖρα
1888 3715 1945 3767 τὸ

333 3799 474 3870 πρὸς
528 3805 873 3871 συκοφαντίαν
919 3799 1124 3853 εὔκολον
1181 3808 1283 3852 τῶν
1351 3805 1781 3877 κατηγορούντων
1845 3823 1946 3855 συ-

334 3891 578 3946 νίστησι,

414 4229 467 4281 6.
529 4229 631 4279 Καὶ
681 4227 781 4299 γὰρ
834 4226 879 4279 εἰ
1082 4226 1451 4297 ἀπατηθέντες,
1498 4233 1587 4280 καὶ
1640 4233 1944 4302 νομίσαντες

336 4315 430 4391 ἔμε
484 4318 725 4367 κοινωνὸν
782 4314 911 4368 εἶναι
966 4324 1061 4378 τῆς
1115 4322 1323 4389 γνώμης
1379 4325 1480 4369 τῶν
1526 4316 1945 4390 συγγραψάντων

2053 3178 2295 3230 rentum
2325 3177 2579 3246 peccata
2612 3172 2751 3228 ﬁliis
2791 3172 3046 3230 crimina
3068 3171 3220 3241 ﬁeri,
3248 3173 3438 3229 multo
3481 3173 3716 3246 aequius

2054 3267 2121 3318 ut
2145 3278 2280 3334 quae
2308 3266 2451 3318 sunt
2479 3261 2622 3331 Arii,
2655 3261 2716 3316 in
2775 3262 2908 3333 ejus
2938 3261 3270 3335 discipulos
3297 3266 3628 3331 vertantur,
3659 3268 3718 3319 et

2057 3350 2106 3405 si
2137 3350 2274 3423 quis
2294 3351 2529 3407 Aetium
2558 3350 2765 3420 genuit
2791 3350 3163 3422 heereticum,
3194 3350 3257 3406 in
3285 3353 3469 3422 caput
3496 3365 3715 3423 paren-

2054 3442 2130 3499 tis
2150 3440 2417 3497 resiliant
2444 3439 2549 3497 ﬁlii
2569 3440 3044 3497 criminationes.
3063 3440 3162 3497 Sin
3194 3445 3396 3497 autem
3416 3440 3713 3511 injustam

2056 3535 2149 3587 est
2177 3536 2424 3604 propter
2451 3530 2552 3587 illa
2573 3529 2929 3603 quempiam
2947 3529 3200 3603 culpari,
3228 3529 3418 3586 multo
3443 3529 3714 3603 profecto

2051 3623 2271 3694 justius
2296 3626 2406 3692 est,
2436 3626 2503 3678 ut
2548 3621 2627 3678 ob
2666 3636 2770 3679 eos
2812 3620 2917 3692 qui
2946 3620 3027 3677 ad
3079 3637 3193 3677 nos
3237 3636 3361 3679 non
3394 3620 3711 3694 pertinent,

2055 3713 2116 3769 in
2139 3711 2436 3784 judicium
2462 3725 2587 3767 non
2608 3725 2919 3779 vocemur,
2955 3710 3004 3766 si
3059 3716 3265 3767 tamen
3314 3713 3718 3782 peccaverunt

2056 3800 2329 3868 omnino,
2354 3800 2405 3854 si
2428 3798 2579 3872 quid
2600 3798 2679 3854 ab
2708 3798 2855 3871 ipsis
2882 3800 3172 3870 scriptum
3202 3801 3293 3854 est
3343 3798 3715 3854 condemna-

2056 3889 2217 3945 tione
2249 3888 2522 3959 dignum.
2557 3886 2747 3943 Venia
2787 3886 2949 3942 enim
2996 3886 3143 3941 mihi
3174 3885 3383 3941 danda
3428 3899 3553 3940 non
3595 3898 3718 3939 cre-

2055 3977 2219 4033 denti
2244 3992 2381 4049 quse
2409 3975 2701 4031 adversus
2721 3973 2859 4032 illos
2884 3973 3203 4043 dicuntur;
3238 3973 3539 4047 siquidem
3578 3986 3719 4027 mea

2054 4067 2248 4139 ipsius
2275 4064 2643 4138 experientia
2667 4068 2898 4136 quanta
2941 4063 3016 4120 sit
3059 4064 3138 4122 ad
3176 4062 3550 4120 calumniam
3579 4077 3717 4135 pro-

2057 4155 2288 4212 clivitas
2313 4156 2741 4211 accusatorum
2766 4153 3056 4210 declarat.

2127 4250 2178 4301 6.
2221 4248 2371 4302 Nam
2425 4243 2660 4301 etiamsi
2718 4243 2974 4317 decepti,
3030 4257 3252 4316 meque
3307 4242 3718 4301 existimantes

2056 4338 2399 4391 consortem
2431 4349 2561 4391 esse
2589 4332 2896 4390 sententiae
2928 4348 3162 4403 eorum,
3206 4332 3312 4405 qui
3342 4330 3717 4404 conscripse-

337 4405 510 4459 ἐκεῖνα
563 4406 632 4458 τὰ
669 4403 941 4458 Σαϐελλίου
978 4406 1215 4481 ῥήματα,
1263 4406 1393 4482 άπερ
1441 4407 1591 4460 αὐτοὶ
1641 4410 1942 4481 περιφέρου-

2061 4431 2196 4482 runt
2225 4424 2327 4481 illa
2358 4423 2597 4481 Sabellii
2625 4422 2974 4494 verba,quae
3005 4421 3091 4483 ab.
3116 4403 3264 4494 ipsis
3284 4403 3713 4478 circumferun-

341 4513 450 4561 σιν,
492 4495 575 4548 ἐπὶ
625 4499 721 4555 τὴν
774 4494 890 4548 κατ’
945 4495 1070 4567 ἐμοῦ
1127 4493 1377 4555 διαϐολὴν
1435 4494 1612 4567 ἦλθον,
1653 4492 1770 4550 οὐδ’
1809 4496 1944 4548 οὕτω

338 4585 436 4655 μὶν
472 4580 604 4641 ἦσαν
644 4589 963 4656 συγγνώμης
1023 4584 1182 4652 ἄξιοι,
1222 4587 1324 4658 πρὸ
1364 4584 1590 4656 ἐναργῶν
1629 4581 1942 4646 ἀποδείξεων

335 4671 489 4737 εὐθὺς
525 4679 642 4736 ταῖς
680 4672 1043 4747 βλασφημίαις
1092 4672 1368 4746 βάλλοντες
1423 4679 1511 4725 καὶ
1566 4679 1943 4747 τιτρώσκοντες

408 4781 457 4815 ³³
484 4781 690 4838 Ezech.
719 4797 877 4849 mu,
906 4783 995 4837 20.

409 4887 488 4958 (2)
519 4894 794 4958 Παρῆσαν.
818 4890 905 4944 Ita
933 4891 1051 4944 tres
1072 4887 1327 4958 codices.
1360 4887 1510 4944 Editi
1543 4895 1795 4946 συνῆσαν-
1827 4886 1942 4943 Ibi-

332 4944 482 5015 dehi
511 4944 704 5016 codex
735 4958 1092 5016 Harlzeanus
1123 4963 1217 5022 τὰς
1266 4956 1616 5032 ἀδελφότητας
1647 4944 1944 5032 ἐπιπορευό-

379 5048 509 5101 ενος,
541 5046 676 5087 cum
722 5032 1141 5101 fratemitates
1166 5031 1605 5101 perwﬂ'erem.
1639 5031 1942 5087 Interdum

379 5052 509 5101 ενος,
541 5052 676 5087 cum
722 5052 1141 5101 [ralemuates
1166 5052 1605 5101 peralrrerem.
1639 5052 1942 5087 ΙΠῐΒΓΟΙΠΠ

334 5052 454 5175 ἔξω
478 5117 628 5159 voce
655 5101 1011 5175 designatur
1038 5102 1517 5175 Ecclesim,_velut
1534 5104 1595 5158 in
1618 5102 1794 5175 epist.
1815 5107 1943 5175 226,

335 5171 443 5227 ubi
472 5174 819 5230 Eustathius
847 5173 1066 5229 dicitur
1091 5189 1233 5230 suas
1281 5173 1574 5229 adversus
1605 5171 1944 5230 Eudoxium

336 5244 564 5300 litteras
595 5245 673 5300 ad
695 5260 908 5301 omnes
933 5243 1332 5301 fraternitates
1354 5245 1614 5300 misisse.
1641 5244 1945 5301 Interdum

338 5316 524 5372 etiam
571 5314 1007 5372 monasterium
1052 5320 1303 5370 vocatur
1348 5314 1711 5385 fraternitas,
1770 5321 1837 5370 ut
1883 5317 1944 5371 in

339 5386 516 5458 epist.
556 5392 682 5442 257.
733 5386 1109 5458 Monasteria,
1157 5386 1382 5457 quibus
1416 5391 1688 5458 praeerat
1728 5386 1943 5442 Eusta—

337 5457 538 5540 thius,‘
552 5458 647 5514 vel
665 5458 888 5540 ‘salte'm
912 5457 1946 5540 quibuscum‘amiCitia‘conjunctus

301 5571 307 5576 .
339 5533 490 5603 erat,
521 5527 637 5586 hoc
665 5529 801 5585 loco
825 5525 1484 5603 indicaricrediderim.
1528 5528 1591 5584 1d
1623 5525 1784 5603 enim
1809 5544 1945 5603 pro-

338 5601 495 5673 bant
521 5605 580 5673 et
603 5605 817 5673 noctes
845 5601 905 5673 in
927 5598 1210 5673 precibus
1234 5599 1524 5673 traducite
1550 5598 1840 5673 etmutua
1867 5599 1944 5655 de

338 5670 527 5728 rebus
554 5671 775 5728 divinis
790 5669 1111 5745 colloquia.
1135 5673 1264 5727 Non
1285 5669 1429 5726 dicit
1456 5671 1709 5729 Basilius
1737 5686 1801 5725 se
1821 5686 1945 5728 una

2054 4519 2171 4584 tur,
2204 4513 2283 4570 ad
2312 4512 2732 4569 accusandum
2763 4526 2861 4567 me
2888 4511 3226 4576 venissent;
3257 4524 3336 4565 ne
3361 4509 3446 4564 sic
3465 4507 3713 4580 quidem

2051 4603 2231 4658 venia
2249 4601 2417 4673 digni
2449 4606 2668 4670 essent,
2691 4599 2860 4673 quod
2909 4602 3048 4656 ante
3095 4597 3418 4655 manifesta
3462 4595 3713 4652 indicia,

2051 4691 2328 4763 protinus
2393 4688 2729 4747 maledictis
2767 4688 2957 4758 ﬁgant
3020 4701 3092 4742 ac
3150 4685 3468 4743 vulnerent
3515 4686 3713 4742 homi-

2630 4772 2655 4801 ἶ

2053 4902 2193 4944 cum
2249 4884 2557 4941 Eustathio
2609 4885 2742 4940 haec
2790 4882 3161 4939 monasteria
3226 4881 3558 4951 invisisse;
3604 4881 3712 4937 sed

2051 4960 2238 5015 ﬁdem
2269 4973 2445 5013 suam
2467 4973 2539 5012 ex
2561 4955 2672 5022 his,
2706 4970 2842 5026 quae
2867 4953 2983 5010 illic
3013 4953 3314 5027 disseruit,
3335 4954 3710 5027 exploratam

2056 5027 2360 5086 Eustathio
2391 5043 2520 5083 esse
2539 5025 2859 5082 debuisse:
2891 5025 3058 5094 quod
3084 5025 3444 5094 argumento
3462 5031 3553 5082 est
3582 5041 3710 5081 mo-

2053 5101 2285 5158 nachos
2316 5098 2450 5154 illos
2488 5097 2796 5154 Eustathio
2845 5095 3153 5168 subjectos
3198 5095 3416 5165 fuisse;
3452 5097 3550 5153 vel
3596 5097 3711 5154 sal-

2053 5178 2175 5228 tem
2205 5170 2436 5226 amicos
2461 5173 2519 5226 et
2542 5168 2887 5225 familiares.

2125 5248 2203 5310 (3)
2238 5237 2590 5301 Χαλκηδόνος.
2623 5239 2801 5310 Coisl.
2821 5238 3123 5296 secundus
3147 5243 3205 5295 et
3232 5241 3376 5309 Reg.
3408 5237 3712 5296 secundus

2057 5309 2422 5385 Καλχηδόνος.
2457 5314 2588 5367 Mox
2621 5309 2886 5367 Harlrean
2899 5328 2968 5366 us
2995 5314 3061 5364 τὰ
3082 5314 3460 5385 ξτιπρότερον.

2125 5378 2208 5456 (4f
2230 5385 2376 5436 Κατὰ
2405 5390 2525 5438 τῶν.
2560 5386 2645 5439 lta
2673 5398 2776 5437 sex
2822 5399 2969 5438 mss.
3029 5382 3179 5438 Editi
3228 5378 3290 5433 τὰ
3337 5378 3457 5434 τῶν.
3515 5378 3714 5434 Codex

2054 5457 2403 5513 Harlmanus
2430 5457 2566 5506 κατά
2590 5462 2712 5510 τῶν,

2121 5532 2204 5598 (5)
2228 5527 2465 5598 ’Υπέχειν
2490 5526 2723 5598 εὐθύνας.
2750 5524 3102 5598 Harlaeanus
3133 5522 3325 5598 codex
3348 5522 3508 5598 hanc
3535 5518 3715 5598 nobis

2053 5588 2462 5671 suppeditavit
2487 5597 2830 5671 lectionem.
2857 5596 3093 5671 Legitur
3114 5595 3273 5671 enim
3304 5593 3365 5649 in
3391 5591 3519 5647 aliis
3550 5588 3714 5646 codi-

2054 5665 2228 5726 cibus
2252 5685 2405 5725 mss.
2437 5673 2492 5724 et
2518 5667 2693 5726 editis
2717 5667 2879 5738 λόγων
2910 5670 3050 5739 ἔχειν
3082 5665 3316 5726 εὐθύνας.
