4148 6390
537 333 641 390 843

1923 314 1980 371 S.
2007 304 2262 368 BASILII
2291 308 2512 366 MAGNI

3793 315 3886 376 844

527 453 800 515 narrabit
825 449 1214 517 desiderium,
1231 461 1356 520 quo
1372 460 1481 502 vos
1503 440 1948 518 prosequimur,
1971 453 2042 494 ac
2063 433 2181 491 sol-

2291 435 2380 484 τόν
2439 434 2928 510 συμπρεσϐύτερον,
2987 432 3040 496 ὃς
3093 429 3415 506 διηγήσεται
3467 435 3593 507 ὑμῖν
3643 440 3730 490 τὸν
3778 441 3895 513 ἠμί.

526 544 902 604 licitudinem
931 539 1151 597 animae
1185 539 1436 592 nostrae:
1487 533 1716 608 quippe
1738 547 1876 587 cum
1907 529 2090 584 noctu
2112 537 2182 578 ac

526 634 789 692 interdiu
804 629 1124 689 Dominum
1143 641 1430 697 rogemus
1444 624 1515 694 ⁸⁸,
1528 627 1592 678 ut
1604 619 1841 694 probati
1861 621 1916 673 et
1933 611 2183 688 spectati

530 726 680 791 sitis,
706 726 773 780 ut
802 725 859 778 et
891 736 1005 777 nos
1033 717 1375 774 habeamus
1403 712 1695 770 ﬁduciam
1731 709 1796 766 in
1827 708 1924 764 die
1947 702 2186 761 Domini

524 789 719 872 nostri
735 815 878 869 Jesu
899 807 1113 867 Christi
1134 805 1214 863 ob
1230 807 1498 861 vestram
1517 801 1794 867 salutem,
1810 802 1867 854 et
1885 811 1995 852 vos
2017 789 2184 850 efful-

533 903 723 976 geatis
746 902 810 958 in
837 897 1156 972 splendore
1176 898 1550 960 sanctorum,
1573 905 1713 946 cum
1740 902 1896 960 Opus
1918 887 2183 940 vestrum

528 974 645 1050 sub
689 993 851 1064 justo
901 988 1003 1044 Dei
1044 983 1274 1059 judicio
1317 979 1707 1055 expendetur.
1761 974 1950 1033 Simul
1978 977 2182 1029 autem

524 1061 788 1140 multum
822 1077 999 1135 nobis
1039 1071 1457 1131 sollicitudinis
1483 1067 1673 1141 injicit
1697 1061 2009 1140 praesentis
2035 1065 2184 1118 tem-

532 1172 697 1246 poris
721 1167 1066 1236 difﬁcultas,
1095 1165 1158 1220 in
1186 1178 1309 1236 quo
1337 1159 1611 1218 Ecclesia:
1627 1172 1841 1214 omnes
1862 1154 2182 1210 commotae

522 1239 683 1330 sunt,
701 1263 759 1315 et
777 1272 992 1315 omnes
1015 1254 1235 1312 animae
1258 1247 2001 1319 cribrantur.Aperuerunt
2020 1239 2181 1295 enim

518 1348 799 1406 nonnulli
841 1343 1169 1403 immodice
1199 1356 1309 1397 ora
1346 1354 1460 1395 sua
1496 1337 1792 1393 adversus
1833 1344 2179 1388 conservos.

527 1439 894 1496 Praedicatur
943 1434 1130 1490 libere
1189 1427 1605 1496 mendacium,
1654 1423 1876 1480 veritas
1925 1419 2182 1477 abscon-

517 1529 697 1585 ditur.
745 1529 812 1583 Et
870 1521 1142 1582 accusati
1199 1518 1450 1592 quidem
1507 1514 1996 1571 condemnantur
2051 1507 2181 1563 sine

512 1619 767 1692 judicio,
817 1610 1275 1673 accusatoribus
1333 1623 1477 1664 vero
1527 1604 1790 1661 creditur
1855 1603 1982 1657 sine
2042 1613 2180 1655 exa-

520 1689 707 1764 mine.
739 1705 908 1762 Unde
937 1706 995 1759 ct
1036 1717 1151 1772 ego
1182 1714 1324 1755 cum
1377 1695 1688 1752 audissem
1718 1691 1940 1749 multas
1987 1689 2052 1744 in
2080 1703 2180 1744 me

2291 541 2436 598 τερον
2478 527 2636 577 πόθον
2679 524 2734 577 ὃν
2776 527 2966 598 ἔχομεν
3019 523 3093 596 ἔφ’
3147 525 3291 597 ύμῖν,
3337 527 3440 576 καὶ
3489 527 3586 583 τὴν
3656 531 3896 602 μέριμναν

2292 618 2390 662 τῶν
2428 611 2620 684 ψυχῶν
2678 616 2824 686 ἡμῶν
2867 615 3000 685 (45),
3043 615 3124 665 ὅτι
3168 615 3353 672 νυκτὸς
3401 617 3495 665 καὶ
3555 616 3750 689 ἡμέρας
3797 615 3898 672 διό-

2291 701 2426 772 μεθα
2464 709 2558 753 τοῦ
2602 707 2798 777 Κυρίου
2843 707 2960 777 περὶ
3010 709 3105 764 τῆς
3150 703 3293 775 ὑμῶν
3347 697 3768 774 εὐδοκιμήσεως,
3825 708 3898 761 ἵνα

2291 793 2382 841 καὶ⁵
2425 793 2570 863 ἡμεῖς
2615 794 2820 864 ἔχωμεν
2866 790 3166 866 παρῥησίαν
3220 789 3270 843 ἐν
3321 798 3388 864 τῇ
3445 793 3619 869 ἡμέρᾳ
3669 802 3761 846 τοῦ
3810 802 3899 850 Κυ-

2291 883 2406 950 ρίου
2435 881 2582 952 ἠμῶν
2633 881 2814 939 Ἰησοῦ
2852 887 3090 954 Χριστοῦ
3141 877 3235 933 διὰ
3274 889 3370 942 τῆς
3423 882 3571 954 ὑμῶν
3601 883 3712 952 (46)
3741 903 3893 944 σωτη-

2291 973 2424 1043 ρίας,
2474 973 2565 1022 καὶ
2621 971 2762 1042 ὑμεῖς
2824 969 3126 1043 ἐκλάμψητε
3178 967 3228 1021 ἐν
3297 977 3362 1043 τῇ
3422 969 3758 1046 λαμπρότητι
3807 982 3898 1027 τῶν

2291 1057 2477 1129 ἁγίωνι
2528 1055 2949 1133 δοκιμαζομένου
2999 1060 3142 1132 ὑμῶν
3184 1065 3276 1112 τοῦ
3334 1061 3496 1132 ἔργου
3542 1061 3646 1113 ὖπό
3686 1070 3776 1124 τῆς
3829 1061 3900 1116 διο

2289 1153 2626 1248 καιοκρισίας
2677 1157 2770 1202 τοῦ
2826 1157 2982 1205 Θεοῦ.
3030 1149 3176 1222 Ἀμα
3235 1145 3296 1203 δε
3343 1151 3475 1222 ἡμῖν
3528 1151 3726 1211 πολλὴν
3773 1157 3900 1228 μέρι-

2290 1257 2420 1309 μναν
2475 1243 2678 1310 ἐμποιεῖ
2723 1247 2818 1292 τοῦ
2874 1245 3238 1312 κατασχόντος
3275 1247 3466 1313 καιροῦ
3517 1243 3709 1294 τούτου
3746 1243 3777 1300 ἡ
3807 1262 3901 1315 χα-

2289 1323 2530 1390 λεπότης,
2589 1326 2638 1379 ἐν
2783 1334 2955 1382 πᾶσαι
3017 1331 3107 1402 μὲν
3161 1327 3476 1386 Ἐκκλησίαι
3523 1328 3893 1400 ἐσαλεύθησαν,

2293 1420 2466 1468 πᾶσαι
2529 1413 2587 1468 δε
2652 1416 2834 1490 ψυχαὶ
2884 1418 3231 1478 σινιάζονται.
3294 1416 3551 1481 Ἦνοιξαν
3609 1422 3712 1493 γάρ
3773 1439 3900 1482 τινες

2291 1501 2519 1576 ἀφειδῶς
2569 1512 2808 1580 στόματα
2843 1510 2982 1559 κατά
3019 1515 3119 1559 τῶν
3159 1503 3487 1581 ὁμοδούλων.
3544 1508 3795 1562 Λαλεῖται
3843 1512 3898 1562 τὸ

2289 1591 2487 1663 ψεῦδος
2541 1594 2744 1668 ἀφόϐως
2777 1613 2791 1628 ⁶
2829 1598 2859 1654 ἡ
2908 1595 3126 1655 ἀλήθεια
3186 1597 3646 1668 συγκεκάλυπται.
3704 1603 3802 1652 Καὶ
3854 1601 3900 1651 οἱ

2289 1686 2379 1756 μὲν
2427 1687 2873 1760 κατηγορούμενοι
2919 1683 3372 1747 καταδικάζονται
3430 1685 3693 1760 ἁκρίτως’
3744 1687 3792 1740 οἰ
3845 1683 3899 1740 δε

517 1796 885 1854 circumferri
908 1790 1216 1867 epistolas,
1259 1803 1398 1862 quae
1428 1789 1712 1859 pungunt
1739 1786 1799 1840 et
1843 1781 2180 1837 decantant

2289 1781 2694 1850 κατηγοροῦντες
2743 1777 3079 1828 πιστεύονται
3119 1773 3494 1838 ἀνεξετάστως.
3550 1776 3707 1829 Ὀθεν
3758 1774 3893 1848 κὰγώ

515 1887 678 1943 etde
713 1883 898 1941 rebus
927 1879 1304 1944 insimulant,
1346 1891 1456 1949 pro
1488 1873 1714 1947 quibus
1751 1875 1966 1944 parata
1994 1867 2172 1924 nobis

515 1975 685 2049 apud
735 1972 1001 2031 veritatis
1031 1966 1298 2027 tribunal
1326 1964 1622 2032 defensio,
1666 1966 1863 2019 tacere
1892 1958 2178 2032 equidem

515 2047 738 2134 statui;
790 2062 960 2136 quod
988 2064 1047 2117 et
1091 2056 1367 2132 praestiti.
1419 2054 1649 2111 Tertius
1692 2051 1857 2108 enim
1899 2052 2031 2120 jam
2079 2047 2178 2104 hic

513 2169 712 2211 annus
741 2135 850 2222 est,
895 2167 970 2206 ex
1016 2164 1141 2222 quo
1180 2145 1530 2203 verberatus
1569 2138 1891 2198 calumniis
1938 2135 2177 2207 ﬂagella

509 2239 918 2300 accusationis
945 2237 1221 2312 perfero;
1256 2235 1577 2290 contentus
1625 2228 1795 2302 quod
1827 2225 2176 2296 Dominum,

516 2332 623 2405 qui
645 2345 870 2388 arcana
897 2327 1087 2392 novit,
1121 2322 1442 2381 calumniae
1487 2323 1703 2377 testem
1727 2315 2020 2373 habeam.
2059 2313 2178 2370 Sed

517 2401 665 2494 quia
718 2419 899 2476 video
946 2415 1171 2473 multos
1223 2413 1353 2484 jam
1411 2408 1718 2466 silentium
1768 2408 2047 2461 nostrum
2095 2401 2178 2458 ad

519 2509 967 2567 calumniarum
1005 2501 1534 2560 conﬁrmationem
1567 2494 1896 2569 accepisse,
1927 2508 2039 2548 nec
2063 2506 2178 2547 nos

525 2599 818 2671 patientia
846 2594 1220 2652 existimasse
1275 2588 1573 2646 adductos
1625 2585 1819 2652 silere,
1871 2581 1980 2638 sed
2008 2579 2178 2654 quod

522 2691 738 2744 contra.
763 2685 1080 2742 veritatem
1124 2680 1357 2736 hiscere
1407 2691 1532 2732 non
1577 2673 1921 2747 possimus;
1950 2671 2175 2726 idcirco

515 2777 782 2834 scribere
806 2775 984 2832 vobis
1012 2785 1336 2842 aggressus
1367 2783 1524 2834 sum,
1546 2763 1874 2821 obsecrans
1909 2765 2178 2817 vestram

514 2869 579 2925 in
637 2865 868 2923 Christo
920 2861 1327 2926 dilectionem,
1369 2860 1436 2912 ut
1477 2853 1868 2912 concinnatas
1917 2850 1997 2906 ab
2054 2864 2177 2906 una

523 2961 697 3033 parte
749 2953 1086 3012 calumnias
1129 2965 1255 3007 non
1303 2946 1554 3005 omnino
1602 2941 1936 3001 admittatis
1975 2944 2039 2997 ut
2077 2955 2177 2996 ve-

515 3029 664 3105 raso:
705 3040 1234 3119 quandoquidem,
1276 3041 1344 3093 ut
1391 3035 1687 3106 scriptum
1729 3034 1838 3095 est,
1868 3029 2176 3086 neminem

514 3136 613 3194 lex
637 3117 893 3208 judicat,
922 3131 1040 3190 nisi
1068 3129 1238 3202 prius
1275 3124 1504 3188 audiat,
1548 3125 1608 3179 et
1649 3123 1980 3193 cognoscat
2025 3117 2176 3191 quid
2206 3147 2248 3202 ο

520 3225 745 3284 fecerit.

593 3519 650 3572 2.
678 3515 1041 3584 Quanquam
1066 3520 1244 3580 aequo
1276 3500 1527 3577 quidem
1547 3497 1737 3572 judici
1765 3512 1860 3554 res
1880 3494 2028 3569 ipsa:
2057 3492 2182 3584 suff

522 3605 734 3662 ﬁciunt
759 3601 840 3658 ad
870 3583 1315 3656 declarandam
1346 3591 1685 3648 veritatem.
1720 3589 1921 3653 Quare
1949 3583 2183 3642 etiamsi

522 3711 638 3752 nos
677 3697 1010 3755 taceamus,
1048 3685 1186 3742 licet
1229 3681 1405 3740 vobis
1453 3677 1750 3750 respicere
1802 3675 1882 3732 ad
1927 3689 2001 3730 ea
2045 3688 2183 3746 quas

523 3784 696 3840 ﬁunt.
745 3779 856 3845 Qui
885 3777 1049 3835 enim
1099 3789 1212 3830 nos
1253 3769 1540 3828 doctrinae
1572 3781 1778 3840 pravae
1807 3761 2184 3831 insimulant,

522 3871 588 3930 hi
632 3886 799 3928 nunc
849 3870 1055 3940 aperte
1099 3862 1214 3920 visi
1263 3863 1402 3916 sunt
1446 3855 1873 3914 haereticorum
1912 3850 2188 3925 partibus

525 3960 798 4034 adjuncti
821 3978 835 4016 :
859 3958 966 4031 qui
994 3971 1109 4013 nos
1140 3952 1221 4010 ob
1265 3951 1464 4008 aliena
1495 3947 1723 4018 scripta
1751 3942 2184 4013 condemnant,

526 4031 1010 4110 confessionibus
1031 4044 1176 4110 suis,
1191 4057 1347 4115 quas
1367 4037 1546 4095 nobis
1581 4035 1839 4106 scriptas
1861 4031 2186 4102 tradidere,

526 4135 835 4199 adversari
862 4132 1342 4206 comperiuntur.
1386 4124 1774 4184 Considerate
1809 4119 2190 4178 consuetudi-

525 4243 670 4289 nem
693 4241 929 4290 eorum,
954 4222 1062 4296 qui
1088 4221 1219 4277 haec
1265 4215 1525 4282 audent;
1561 4229 1697 4271 mos
1745 4210 1906 4269 enim
1948 4209 2064 4266 illis
2097 4211 2192 4266 est

528 4333 772 4391 semper
821 4313 902 4374 ad
929 4310 1334 4386 potentiorem
1379 4309 1616 4380 partem
1670 4300 2070 4391 transfugere,
2133 4300 2192 4354 et

525 4386 889 4466 inﬁrmiores
946 4399 1196 4475 quidem
1251 4396 1484 4455 amicos
1540 4389 1919 4458 conculcare,
1993 4386 2190 4444 colere

527 4501 734 4559 autem
760 4495 1060 4570 potentes.
1107 4493 1258 4549 Nam
1288 4486 1393 4560 qui
1431 4480 1860 4542 celeberrimas
1903 4477 2036 4536 illas
2066 4475 2190 4551 epi-

597 4641 650 4700 ν⁸⁶
688 4640 923 4697 Coloss.
954 4652 996 4708 ι,
1025 4639 1077 4694 9.

598 4809 716 4884 (45)
758 4804 967 4884 Ἦμῷνε
1011 4803 1186 4884 Dee_st
1248 4799 1311 4857 in
1363 4792 1567 4884 editis;
1607 4790 1865 4884 legitur
1893 4795 1957 4884 in
1991 4789 2187 4884 _Coisl.

525 4862 993 4950 utroque,‘Med.
1025 4881 1084 4933 et
1107 4877 1248 4946 Reg.
1280 4862 1572 4930 secundo.
1607 4862 1768 4924 Harl.
1811 4869 1868 4923 et
1899 4867 2040 4935 Reg.
2073 4862 2192 4937 pri-

525 4973 668 5015 mus
689 4951 921 5011 habent
943 4951 1108 5022 ὑμῶν.

599 5045 714 5127 (46)
740 5043 834 5093 Διὰ
869 5047 962 5127 τῆς
997 5039 1160 5110 ὑμῶν.
1192 5032 1417 5127 ljtatres
1441 5026 1833 5127 vetustissimi
1861 5025 2103 5127 godices
2131 5026 2192 5080 et

526 5097 654 5175 alii
671 5097 959 5170 nonnulli
987 5097 1130 5165 cum
1161 5105 1426 5175 editione
1478 5105 1712 5175 Hagan.
1765 5097 2044 5175 et‘Paris.
2097 5110 2190 5175 se-_

528 5168 752 5245 cunda.
786 5182 926 5238 Aliae
975 5179 1270 5235 editiones
1319 5173 1414 5228 διὰ
1463 5168 1767 5244 τῆςνὴμῶν.
1819 5168 2002 5226 Paulo
2052 5169 2192 5240 post

525 5258 672 5387 Editi
692 5259 720 5316 ἡ
729 5264 836 5329 μῶν
857 5259 951 5305 τοῦ
971 5255 1151 5326 ἔργου,
1179 5246 1346 5321 quod
1373 5246 1644 5318 quinque
1666 5259 1813 5299 mss.
1840 5257 1957 5314 ope
1977 5253 2190 5296 emen-

572 5343 833 5387 avimus.

572 5343 833 5389 avlmus.

596 5417 711 5488 (47)
782 5417 927 5488 Ἐπὶ,
961 5411 1290 5488 πράγμασιν.
1320 5410 1443 5488 _Ita
1483 5403 1690 5488 _H‘ar.1.,
1745 5405 1904 5485 .Vat.,
1971 5399 2190 5488 Regius

526 5475 784 5560 uterque
813 5491 872 5543 et
901 5475 1440 5560 Coisl.':secundus.
1483 5477 1643 5560 Editi
1674 5475 2191 5560 minusaccurate

530 5544 620 5612 ἶτέι
641 5544 968 5631 ﬁamus-tv.
988 5550 1317 5631 _l_£tsi_ei_1i_m
1342 5567 1417 5608 ex
1433 5547 1680 5631 scriptis
1709 5544 2061 5631 Apollinarii
2087 5557 2190 5599 an-

533 5615 969 5703 sam‘ai'r'ipuit.
987 5622 1357 5693 Eustathius,
1376 5621 1458 5683 ad
1477 5615 1781 5678 invidiam
1800 5615 2020 5674 Basilio
2042 5628 2190 5690 con-3

2289 1860 2536 1934 ἀκούσας,
2598 1865 2680 1916 ὅτι
2731 1863 2917 1916 πολλαί
2987 1863 3106 1916 κατ’
3165 1863 3289 1936 ἐμοῦ
3353 1869 3730 1941 περιφέρονται
3793 1864 3899 1918 ἐπι-

2289 1952 2492 2022 στολαὶ,
2527 1953 2806 2014 στίζουσαι
2859 1955 3001 2026 ἡμᾶς
3047 1958 3137 2006 καὶ
3179 1953 3597 2012 στηλιτεύουσαι
3646 1959 3736 2007 καὶ
3785 1973 3896 2007 κατ-

2287 2049 2580 2115 ηγοροῦσαι
2636 2041 2720 2094 ἐπὶ
2777 2045 3087 2116 πράγμασιν
3145 2042 3282 2114 (47),
3338 2041 3407 2094 ὧν
3467 2047 3565 2100 τήν
3626 2043 3896 2115 ἀπολογίαν

2287 2131 2498 2204 ἑτοίμην
2561 2134 2748 2204 ἔχομεν
2801 2131 2884 2184 ἐπί
2940 2139 3031 2184 τοῦ
3083 2130 3440 2207 δικαστηρίου
3500 2142 3600 2196 τῆς
3643 2133 3895 2200 ἀληθείας,

2287 2223 2514 2296 ὥρμησα
2556 2224 2646 2293 μὲν
2685 2229 2978 2289 σιωπῆσαι,
3032 2221 3058 2272 ὃ
3095 2226 3186 2274 καὶ
3218 2224 3452 2280 ἐποίησα
3500 2239 3514 2252 ⁸
3577 2227 3752 2298 τρίτον
3802 2223 3893 2294 γὰρ

2286 2308 2395 2370 ἤδη
2443 2319 2598 2364 τοῦτο
2627 2314 2740 2373 ἔτος
2793 2311 2960 2382 ἐστὶν,
2991 2311 3040 2363 ἐν
3168 2315 3491 2384 τυπτόμενος
3523 2313 3640 2385 (48)
3676 2313 3776 2364 ύπὸ
3804 2320 3893 2364 τῶν

2288 2397 2544 2453 διαϐολῶν
2597 2404 2728 2474 φέρω
2784 2403 2880 2461 τὰς
2932 2409 3030 2461 τῆς
3083 2405 3404 2473 κατηγορίας
3463 2403 3750 2474 μάστιγας,
3810 2399 3892 2476 ἆρ-

2283 2493 2546 2562 κούμενος,
2601 2491 2682 2543 ὅτι
2731 2489 2840 2561 ἔχω
2893 2493 3104 2562 Κύριον,
3157 2493 3246 2541 τὸν
3291 2498 3396 2541 τῶν
3461 2498 3710 2565 κρυπτῶν
3769 2494 3889 2561 γνῶ·

2287 2599 2437 2648 στην,
2503 2581 2748 2655 μάρτυρα
2799 2586 2896 2640 τῆς
2964 2584 3361 2652 συκοφαντίας·
3416 2577 3608 2638 ἐπειδὴ
3663 2575 3722 2632 δὲ
3776 2579 3889 2652 ὁρῶ,

2284 2671 2365 2720 ὅτι
2409 2669 2587 2721 πολλοὶ
2629 2665 2736 2728 ἤδη
2775 2673 2868 2727 τὴν
2900 2673 3104 2726 σιωπὴν
3143 2671 3290 2741 ἡμῶν
3330 2668 3404 2730 εἰς
3457 2668 3746 2742 βεϐαίωσιν
3793 2675 3884 2718 τῶν

2285 2755 2540 2810 διαϐολῶν
2595 2753 2970 2832 παρεδέξαντο.
3009 2762 3099 2809 καὶ
3142 2757 3200 2809 οὔ
3237 2753 3272 2809 δ
3279 2760 3332 2809 ιὰ
3378 2760 3756 2831 μακροθυμίαν
3787 2754 3886 2807 ἰ·νὸ-

2283 2866 2446 2919 μισαν
2495 2848 2634 2918 ἡμᾶς
2687 2851 2910 2916 σιωπᾴν,
2965 2843 3091 2897 ἀλλὰ
3151 2841 3244 2897 διὰ
3289 2849 3349 2897 τὸ
3405 2850 3480 2918 μὴ
3536 2849 3682 2918 ἔχειν
3723 2841 3888 2917 διᾶραι

2286 2941 2458 3008 στόμα
2512 2939 2639 3009 πρὸς
2680 2940 2773 2993 τὴν
2823 2934 3108 2993 ἀλήθειαν·
3171 2937 3358 2988 τούτου
3409 2937 3576 2989 ἕνεκεν
3628 2935 3888 3008 ἐπειράθην

2283 3025 2566 3101 ἐριστείλαι
2612 3026 2757 3097 ὑμῖν,
2804 3023 3117 3097 παρακαλῶν
3168 3029 3264 3083 τὴν
3321 3023 3370 3076 ἓν
3426 3030 3651 3100 Χριστῷ
3695 3020 3886 3094 ἀγάπην

2283 3117 2426 3188 ὑμῶν
2488 3116 2624 3167 ὥστε
2678 3117 2776 3175 τὰς
2830 3112 2885 3176 ἐξ
2923 3113 3034 3175 ἑνὸς
3086 3117 3272 3186 μέρους
3323 3117 3608 3186 γινομένας
3658 3109 3891 3168 διαϐολὰς

2283 3209 2356 3277 μὴ
2403 3202 2588 3262 ’πάντη
2638 3199 3049 3279 παραδέχεσθαι
3105 3204 3176 3263 ὡς
3228 3201 3481 3264 ἀληθεῖς·
3529 3200 3693 3269 διότι,
3743 3201 3894 3256 καθὼς

2284 3299 2594 3367 γέγραπται,
2649 3289 2839 3346 ούδένα
2884 3297 3049 3365 κρίνει
3116 3292 3142 3345 ὁ
3197 3296 3372 3364 νόμος,
3422 3290 3521 3346 ἑᾶν
3578 3296 3650 3365 μὴ
3709 3295 3891 3365 πρῶτον

2288 3386 2494 3456 ἀκούσῃ
2518 3387 2609 3436 καὶ
2637 3389 2744 3455 γνῷ
2773 3387 2824 3436 τί
2851 3389 3010 3435 ποιεῖ.

2357 3496 2412 3549 ‘2.
2468 3495 2658 3545 Καίτοι
2701 3489 2982 3563 εὐγνώμονι
3035 3495 3188 3563 κριτῇ
3250 3486 3398 3563 ἀρκεῖ
3445 3488 3595 3543 αὐτὰ
3659 3489 3728 3540 τὰ
3776 3482 3890 3558 πρά·

2292 3602 2475 3657 γματα
2501 3586 2633 3658 πρὸς
2663 3586 2759 3640 τήν
2796 3589 2891 3644 τῆς
2934 3580 3174 3642 ἀληθείας
3222 3585 3542 3655 φανέρωσιν.
3581 3579 3760 3648 Ὥστε,
3808 3573 3890 3628 κᾶν

2289 3675 2444 3746 ἡμεῖς
2523 3676 2873 3743 σιωπήσωμεν
2954 3671 3093 3742 (49),
3163 3669 3359 3732 ἔξεστιν
3426 3670 3559 3742 ὑμῖν
3633 3662 3892 3734 διαϐλέψαι

2291 3765 2423 3836 πρὸς
2475 3764 2542 3813 τὰ
2606 3779 2872 3833 γινομενα.
2927 3761 2993 3811 Οἱ
3032 3762 3134 3832 γὰρ
3190 3761 3316 3831 ἡμῖν
3372 3755 3702 3821 κακοδοξίαν
3757 3753 3890 3825 ἐγκα-

2292 3851 2498 3913 λοῦντες
2545 3849 2808 3923 ἐφάνησαν
2865 3857 2952 3901 νῦν
3009 3847 3067 3902 ἐκ
3111 3856 3203 3902 τοῦ
3258 3857 3559 3922 προφανοῦς
3605 3855 3670 3920 τῇ
3727 3835 3891 3918 μερίδι

2293 3950 2393 3996 τῶν
2458 3943 2730 4014 αἱρετικῶν
2798 3941 3234 4013 προστιθέμενοι·
3312 3939 3362 3990 οἱ
3423 3939 3560 4014 ὑπὲρ
3630 3934 3888 4005 ἀλλοτρίων

2298 4031 2676 4103 συνταγμάτων
2740 4030 2850 4099 (50)
2916 4029 3058 4100 ἡμᾶς
3113 4031 3515 4102 κατακρίνοντες
3566 4033 3686 4086 ταῖς
3744 4017 3891 4075 ἰδίαις

2295 4118 2616 4192 ὁμολογίαις,
2656 4117 2718 4179 ἃς
2771 4115 3035 4190 ἐγγράφως
3088 4116 3196 4186 (51)
3249 4118 3375 4189 ἡμῖν
3414 4117 3710 4183 κατέθεντο,
3758 4108 3889 4163 Evn-

2295 4211 2558 4281 τιούμενοι
2625 4212 2912 4280 φαίνονται.
2973 4209 3219 4264 Natio-ars
3291 4209 3386 4264 την
3455 4206 3739 4264 συνήθειαν
3799 4201 3886 4248 τῶν

2294 4305 2463 4352 ταῦτα
2500 4296 2826 4370 τολμώντων,
2879 4296 2961 4348 ὅτι
3007 4296 3123 4356 ἔθος
3152 4294 3330 4356 αὐτοῖς
3387 4292 3467 4348 ἀεὶ
3522 4295 3652 4369 πρὸς
3687 4293 3746 4343 τὸ
3796 4281 3887 4340 δυ·

2294 4389 2446 4439 νατὸν
2513 4386 2886 4458 μετατίθεσθαι
2941 4386 3110 4459 μέρος,
3153 4387 3244 4436 καὶ
3292 4385 3412 4444 τοὺς
3461 4387 3557 4456 μὲν
3622 4379 3888 4434 ἀσθενοῦν-

2295 4496 2385 4538 τας
2449 4483 2556 4528 τῶν
2634 4473 2790 4548 φίλων
2864 4479 3206 4544 καταπατεῖν,
3274 4475 3574 4549 θεραπεύειν
3654 4466 3714 4524 δὲ
3780 4463 3888 4523 τοὺς

2294 4779 2590 4917 Esaiam,
2618 4794 2745 4844 non
2761 4785 2968 4843 tamen
2993 4774 3112 4841 hoc
3130 4775 3381 4840 unicum
3406 4775 3694 4855 nequitiae
3716 4764 3885 4833 telum

2367 4899 2853 5001 a§¥5r76pbw0a
2896 4929 2981 4985 Ita.
3017 4942 3166 4984 mss.
3206 4925 3500 5000 quinque.
3548 4917 3703 4978 Editi
3742 4912 3886 4971 τνπόο

2296 5020 2475 5145 μεῖζῗῖί)
2507 5075 2880 5144 Σιωπήσωμεν.
2927 5073 3017 5145 lt_a
3041 5072 3164 5126 tres
3197 5064 3596 5145 vetustissimi
3637 5057 3883 5145 codice}-

2297 5133 2470 5217 Editi'
2495 5133 2791 5217 σιωπῶμεν..
2850 5141 3033 5199 Paulo
3084 5145 3224 5217 post
3279 5139 3424 5197 editi
3480 5133 3882 5209 ἀνεγκαλοῡντεςι

2297 5215 2557 5290 ἐφάνησαν
2586 5212 2696 5271 οὖν.
2723 5216 2838 5270 Sex
2865 5231 3013 5271 mss.
3039 5212 3105 5270 ut
3131 5212 3194 5269 in
3214 5217 3402 5268 textu.

2368 5307 2481 5380 (50)
2506 5306 2910 5393 ξυνταγμάτων.
2964 5303 3124 5363 Harl.
3155 5307 3214 5360 et
3261 5301 3435 5360 Coisl.
3491 5298 3722 5374 primus
3765 5301 3886 5358 “7‘

2296 5398 2639 5456 γραμματων.

2369 5466 2844 5551 ἰξυῇεγῖράγωςο
2905 5469 2996 5528 Ita
3037 5469 3158 5526 tres
3202 5459 3598 5522 vetustissimi
3641 5451 3885 5516 codices.

2298 5537 2742 5615 Εᾶὶιίίγγράφου
2752 5558 2794 5604 ς.
