4148 6418
363 353 468 409 849

1313 356 1798 413 EPISTOLARUM
1837 353 2114 411 CLASSIS
2157 355 2221 408 II.
2263 354 2476 413 EPIST.
2520 356 2788 414 CCXXVI.

3635 361 3740 416 850

356 479 463 550 γὰρ
491 476 839 550 ὁμολογοῦμεν
887 476 913 529 ὃ
952 483 1042 530 καὶ
1071 477 1445 551 παρελάϐομεν,
1485 482 1617 552 μετὰ
1647 482 1850 556 Πατρός
1879 499 1946 530 κα

2079 478 2318 534 Patrem
2349 482 2405 536 et
2448 479 2662 540 Filium
2704 483 2760 537 et
2791 479 3076 552 Spiritum
3107 482 3384 536 sanctum
3414 482 3738 551 credimus,

356 569 486 619 Υὶοῦ
515 568 772 638 τετάχθαι
801 569 889 619 τόν
926 567 1285 638 Παράκλητον,
1319 569 1378 621 οὐ
1423 572 1554 643 μετὰ
1604 577 1700 632 τῆς
1751 573 1968 630 κτίσεως

354 653 723 730 ἀριθμεῖσθαι.
756 655 845 718 Εἰς
867 657 967 729 γὰρ
1008 661 1216 730 Πατέρα
1244 662 1334 710 καὶ
1363 660 1480 711 Υίόν
1520 663 1610 712 καὶ
1635 659 1780 730 ἅγιον
1813 662 1968 710 Πνεῦ-

350 764 434 818 μα
463 747 880 818 πεπιστεύκαμεν
910 761 922 776 ·
962 751 1052 800 καὶ
1092 745 1462 821 βαπτιζόμεθα
1489 748 1559 809 εἰς
1588 751 1645 801 τό
1687 753 1849 820 ὄνομα
1875 753 1967 800 τοῦ

351 839 568 910 Πατρός
612 840 702 888 καὶ
731 843 824 888 τοῦ
854 837 978 890 Υἰοῦ
1017 839 1106 888 καὶ
1147 843 1240 890 τοῦ
1293 837 1446 909 ἁγίου
1499 841 1814 910 Πνεῦματος.
1869 839 1966 890 Διά

345 931 508 978 τοῦτο
530 923 779 978 οὐδέποτε
808 933 903 988 τῆς
932 929 1062 999 πρὸς
1087 929 1175 978 τὸν
1197 931 1404 1001 Πατέρα
1432 932 1522 980 καὶ
1542 929 1661 982 Υίόν
1687 931 1966 998 συναφείας

342 1017 439 1066 τὸν
473 1013 811 1086 Παράκλητον
845 1012 1178 1087 ἀποσπῶμεν.
1211 1015 1270 1069 Ὀ
1294 1019 1396 1090 γὰρ
1426 1025 1546 1079 νοῦς
1574 1018 1720 1089 ἡμῶν
1747 1015 1964 1088 φωτιζό-

345 1122 504 1176 μενος
524 1105 624 1156 ὑπὸ
656 1107 951 1176 Πνεῦματος
976 1107 1103 1176 πρὸς
1133 1107 1253 1158 Υίόν
1284 1103 1574 1173 ἀναϐλέπει,
1611 1110 1700 1158 καὶ
1739 1103 1787 1156 ἐν
1815 1104 1956 1175 αὐτῷ

343 1195 422 1254 ὡς
443 1191 492 1244 ἐν
523 1192 681 1244 εἰκονι
714 1195 892 1268 θεωρεῖ
918 1196 1004 1245 τὸν
1033 1198 1258 1268 Πατέρα.
1295 1198 1429 1247 Οὔτε
1459 1192 1546 1248 οὖν
1574 1193 1802 1267 ὀνόματα
1831 1193 1957 1268 παρ’

342 1282 546 1335 ἑαυτῶν
585 1280 906 1356 ἐπινοοῦμεν,
940 1281 1068 1335 ἀλλὰ
1099 1291 1308 1357 Πνεῦμα
1335 1284 1483 1356 ἅγιον
1537 1289 1627 1338 καὶ
1678 1283 1962 1358 Παράκλη-

342 1391 437 1424 τον
467 1371 810 1444 ὀνομάζομεν,
841 1375 957 1425 οὔτε
981 1377 1076 1431 τὴν
1125 1372 1451 1446 ὀφειλομένην
1481 1375 1621 1444 αὐτῷ
1654 1371 1812 1436 δόξαν
1847 1371 1962 1425 ἀθε-

345 1468 458 1513 τεῖν
495 1457 923 1534 καταδεχόμεθα.
965 1464 1142 1515 Ταῦτά
1182 1461 1294 1514 ἐστι
1325 1465 1388 1514 τὰ
1416 1465 1642 1537 ἡμέτερα
1673 1465 1805 1534 μετὰ
1854 1463 1960 1514 πά-

350 1570 456 1612 σης
487 1549 750 1612 ἀληθείας.
786 1550 902 1604 Ἐπὶ
932 1553 1134 1614 τούτοις
1174 1553 1198 1604 ό
1224 1561 1528 1625 κατηγορῶν
1559 1557 1914 1624 κατηγορείτω
1942 1568 1956 1581 ·

349 1643 379 1694 ὀ
413 1639 618 1694 διώκων
650 1644 790 1714 ἡμᾶς
820 1638 1054 1694 διωκέτω
1087 1658 1098 1672 ⁶
1143 1643 1167 1694 ὁ
1198 1646 1457 1696 πιστεύων
1503 1651 1614 1704 ταῖς
1650 1644 1766 1695 καθ’
1815 1644 1962 1714 ἡμῶν

349 1727 627 1791 διαϐολαῖς
667 1733 1024 1803 ἔτοιμαζέσθω
1051 1735 1182 1805 πρὸς
1211 1736 1304 1792 τὴν
1350 1729 1718 1789 διαδικασίαν.
1747 1731 1806 1786 Ὀ
1863 1733 1960 1786 Κῦ-

338 1839 463 1894 ριος
489 1819 648 1892 ἐγγύς
678 1835 690 1848 ·
724 1816 860 1892 μεὸη
897 1829 1246 1894 μεριμνῶμεν.

419 1913 473 1965 4.
531 1913 590 1961 Ei
638 1929 714 1970 τις
762 1907 810 1961 ἐν
867 1915 1024 1982 Συρίᾳ
1083 1912 1392 1984 συγγράφει,
1433 1917 1586 1964 τοῦτο
1625 1907 1777 1964 οῦδὲν
1836 1915 1961 1986 πρός

339 1999 503 2071 ἡμᾶς.
549 1997 636 2052 Ἐκ
687 2001 788 2074 γὰρ
855 2007 955 2050 τῶν
1010 1999 1173 2071 λόγων
1231 2019 1324 2052 σου
1379 1996 1733 2073 δικαιωθήσῃ,
1806 2007 1958 2074 φησὶ,

339 2107 433 2139 και
525 2085 581 2138 ἐκ
670 2094 771 2138 τῶν
864 2087 1028 2158 λόγων
1116 2107 1210 2141 σου
1285 2085 1732 2162 καταδικασθήσῃ
1814 2092 1951 2161 (68).

343 2178 411 2229 Oi
466 2175 583 2248 ἐμοὶ
628 2176 774 2248 λόγοι
827 2175 914 2249 ἐμὲ
975 2181 1292 2252 κρινέτωσαν
1328 2194 1341 2206 ·

338 2268 478 2338 ἡμᾶς
535 2265 848 2338 σφαλμάτων
904 2263 1093 2338 μηδεὶς
1162 2263 1586 2336 καταθικαζέτω,
1660 2265 1799 2340 μηδὲ
1865 2270 1962 2330 τὰς

334 2358 443 2427 πρό
511 2358 706 2406 εἰκόσιν
767 2353 890 2407 ἐτῶν
953 2360 1236 2428 γραφείσας
1295 2357 1419 2431 παρ’
1476 2358 1622 2428 ἡμῶν
1681 2355 1961 2419 ἐπιστολὰς

336 2443 417 2507 εἰς
455 2440 724 2507 ἀπόδειξιν
767 2443 1138 2518 προϐαλλέσθω
1185 2452 1276 2498 τοῦ
1303 2453 1390 2497 νῦν
1435 2450 1768 2508 κοινωνικούς
1820 2449 1962 2519 ἡμᾶς

339 2529 476 2586 εἶναι
531 2540 638 2594 τοῖς
693 2535 862 2586 ἐκεῖνα
916 2533 1315 2608 συγγράψασιν.
1353 2534 1529 2607 Ἠμεῖς
1579 2537 1681 2608 γὰρ
1719 2539 1821 2609 πρὸ
1859 2542 1960 2588 τῶν

341 2623 794 2697 συγγραμμάτων,
857 2621 1029 2676 λαῐκοὶ
1083 2627 1218 2685 ὄντες
1279 2627 1405 2697 πρὸς
1460 2623 1674 2685 λαῖκοῦς
1722 2623 1960 2678 ἐπεστέλ-

337 2709 495 2782 λομεν
527 2714 653 2782 (69),
717 2714 816 2784 πρὸ
867 2719 959 2764 τοῦ
1001 2714 1119 2764 τινὰ
1156 2717 1246 2764 καὶ
1276 2713 1521 2765 ὑπόνοιαν
1556 2715 1804 2770 τοιαύτην
1842 2714 1959 2767 κατ’

928 2805 1016 2853 καὶ
1073 2799 1433 2874 ἐπεστέλλομεν
1499 2798 1649 2854 οὐδὲν
1706 2807 1824 2877 περὶ
1872 2809 1957 2856 πί-

1401 2179 1528 2253 ὑπιρ
1582 2175 1641 2230 δὲ
1681 2178 1960 2253 ἀλλοτρίων

341 2799 518 2850 αὐτῶν
573 2802 829 2853 κινεῖσθαι
863 2818 876 2830 ·

346 2906 526 2957 στεως,
561 2886 672 2941 οὐδ’
705 2891 791 2942 οἷα
817 2897 905 2941 νῦν
955 2888 1038 2942 ἐπὶ
1092 2898 1152 2962 τῇ
1185 2891 1306 2943 καθ’
1335 2892 1482 2962 ἡμῶν
1536 2887 1756 2964 διαϐολῇ
1815 2911 1956 2966 περι-

340 2980 582 3048 φέρουσιν
648 2976 811 3046 οὖτοι,
862 2976 992 3029 ἀλλὰ
1044 2977 1199 3049 ψιλὰς
1252 2983 1636 3053 προσηγορίας,
1696 2978 1956 3052 ἀγαπητι-

332 3069 434 3122 κὴν
484 3072 856 3138 προσφώνησιν
893 3065 1320 3142 ἁποπληρούσας.
1371 3067 1546 3140 Ἠμεῖς
1601 3070 1704 3141 γὰρ
1759 3070 1952 3142 ὁμοίως

328 3157 426 3205 καὶ
463 3157 583 3215 τοὺς
614 3157 678 3206 τὰ
708 3154 978 3208 Σαϐελλίου
1008 3163 1310 3223 νοσοῦντας,
1343 3161 1432 3209 καὶ
1484 3160 1608 3218 τοὺς
1635 3159 1703 3209 τὰ
1741 3157 1948 3231 Ἀρείου

338 3239 584 3315 δόγματα
640 3241 997 3314 ἐκδικοῦντας,
1059 3246 1132 3308 ὡς
1191 3245 1418 3316 ἀσεϐεῖς,
1461 3246 1817 3320 ἁποφεῦγομεν
1863 3252 1954 3301 καὶ

331 3331 805 3406 ἁναθεματίζομεν.
834 3338 896 3387 Ei
951 3355 1034 3398 τις
1069 3337 1157 3388 τὸν
1206 3336 1361 3389 αῦτὸν
1421 3340 1628 3411 Πατέρα
1671 3336 1807 3408 λέγει
1863 3342 1954 3390 καὶ

343 3423 470 3475 Υὶὸν
500 3425 585 3474 καὶ
644 3423 795 3495 ἅγιον
836 3430 1064 3497 Πνεῦμα,
1117 3430 1208 3478 καὶ
1256 3424 1306 3477 ἓν
1361 3432 1582 3500 πρᾶγμα
1617 3425 1952 3499 πολυώνυμον

327 3513 658 3581 ὑποτίθεται,
721 3518 812 3567 καὶ
879 3519 1004 3587 μίαν
1069 3517 1373 3568 ῦπόστασὶν
1426 3517 1526 3568 ὑπὸ
1580 3524 1736 3590 τριῶν
1789 3536 1952 3592 προσ-

329 3610 562 3673 ηγοριῶν
617 3601 1026 3676 ἐκφωνουμένην,
1091 3608 1176 3658 τὸν
1239 3611 1473 3657 τοιοῦτον
1538 3606 1688 3679 ἡμεῖς
1765 3605 1814 3658 ἐν
1879 3613 1945 3680 τῇ

328 3688 517 3764 μερίδι
562 3698 664 3743 τῶν
723 3689 992 3745 Ἰουδαίων
1037 3695 1323 3766 τάσσομεν.
1353 3693 1577 3768 Ὁμοίως
1627 3700 1718 3747 καὶ
1765 3698 1811 3747 εἰ
1865 3714 1946 3758 τις

328 3778 574 3852 ἀνόμοιον
613 3779 750 3851 λέγει
787 3784 924 3833 κατά
979 3785 1075 3840 τὴν
1115 3782 1300 3835 οῦσίαν
1352 3787 1439 3836 τόν
1486 3785 1605 3837 Υίόν
1636 3792 1708 3854 τῷ
1750 3789 1944 3860 Πατρὶ,

325 3870 358 3929 ἦ
415 3869 485 3929 εἰς
516 3873 720 3941 κτίσμα
761 3873 977 3941 κατάγει
1025 3874 1084 3923 τό
1123 3878 1333 3944 Πνεῦμα
1376 3876 1434 3924 τό
1465 3872 1639 3944 ἅγιον,
1689 3870 1947 3946 ἂναθεμα-

320 3958 558 4030 τίζομεν,
620 3963 710 4010 καὶ
773 3959 933 4031 ἐγγὺς
987 3960 1118 4012 εἶναι
1181 3968 1274 4020 τῆς
1329 3959 1628 4024 Ἑλληνικῆς
1694 3964 1945 4035 τιθέμεθα

318 4046 542 4108 πλάνης.
578 4047 736 4100 Ἀλλὰ
791 4051 858 4100 τὰ
909 4052 1000 4122 μὲν
1058 4054 1299 4122 στόματα
1348 4058 1448 4102 τῶν
1503 4054 1941 4124 κακηγορούντων

318 4139 466 4208 ἡμᾶς
523 4134 876 4208 ἐπισχεθῆναι
951 4134 1047 4190 διὰ
1119 4146 1221 4190 τῶν
1289 4141 1552 4212 ἡμετέρων
1613 4142 1941 4212 γράμμάτων

316 4225 603 4298 ἀμήχανον
637 4246 650 4258 -
715 4226 905 4298 μᾶλλον
959 4231 1049 4300 μὲν
1103 4224 1191 4280 οὖν
1257 4228 1392 4289 εἰκός
1457 4234 1549 4282 καὶ
1607 4229 1941 4304 ἐρεθίζεσθαι

317 4315 516 4377 αὐτοὺς
555 4313 638 4368 ἔπὶ
694 4323 808 4376 ταῖς
866 4315 1176 4388 ἀπολογίαις
1235 4319 1402 4390 ἡμῶν,
1467 4323 1556 4371 καὶ
1594 4320 1813 4392 μείζονα
1849 4327 1939 4375 καὶ

317 4403 667 4480 χαλεπώτερα
725 4405 843 4457 καθ’
903 4407 1049 4477 ἡμῶν
1105 4408 1519 4468 κατασκευάζειν
1553 4429 1566 4442 ·
1630 4410 1723 4470 τὰς
1763 4413 1939 4482 μέντοι

321 4494 574 4566 ὑμετέρας
627 4492 788 4556 ἀκοὰς
837 4493 1174 4566 φυλαχθῆναι
1233 4495 1293 4547 οῦ
1351 4495 1603 4566 χαλεπόν.
1659 4495 1841 4566 "non,
1910 4500 1937 4551 6

2080 574 2262 640 atque
2291 569 2352 624 in
2380 570 2630 626 nomine
2659 569 2846 626 Patris
2877 574 2933 626 et
2966 569 3088 625 Filii
3142 572 3199 626 et
3239 569 3493 640 Spiritus
3548 572 3741 628 sancti

2080 657 2479 728 baptizamur.
2523 660 2898 730 Quapropter
2917 674 3231 731 nunquam
3257 657 3630 714 Paracletum
3661 659 3739 715 ab

2079 746 2236 804 illius
2284 763 2426 804 cum
2456 752 2622 804 Patre
2654 753 2712 804 et
2744 748 2886 804 Filio
2925 747 3348 819 conjunctione
3400 747 3736 803 avellimus.

2078 838 2237 893 Mens
2268 836 2428 893 enim
2459 841 2665 894 nostra
2712 853 2749 893 a
2803 837 3021 909 Spiritu
3068 836 3362 893 illustrata
3396 835 3474 892 ad
3525 837 3735 894 Filium

2076 925 2338 998 respicit,
2366 925 2511 982 etin
2559 925 2659 983 illo
2700 926 2862 983 velut
2885 927 2946 981 in
2972 925 3236 995 imagine
3281 929 3513 982 Patrem
3550 926 3734 982 videt.

2076 1017 2279 1087 Neque
2302 1014 2742 1087 igiturnomina
2759 1031 2832 1071 ex
2843 1014 3020 1070 nobis
3035 1015 3179 1088 ipsis
3194 1015 3732 1083 comminiscimur,

2075 1104 2182 1160 sed
2231 1105 2516 1177 Spiritum
2569 1110 2849 1161 sanetum
2907 1105 3282 1161 Paracletum
3322 1104 3731 1170 nominamus,

2074 1209 2271 1265 neque
2293 1192 2562 1249 debitam
2593 1194 2644 1250 ei
2676 1194 2931 1263 gloriam
2951 1193 3256 1249 destruere
3276 1193 3734 1250 volumus.Vere

2073 1283 2324 1338 omnino
2357 1283 2487 1338 haec
2515 1287 2721 1338 nostra
2745 1287 2900 1338 sunt.
2935 1283 3161 1338 Horum
3191 1283 3380 1352 gratia
3409 1282 3516 1354 qui
3556 1298 3730 1339 accu-

2074 1377 2187 1441 sat,
2229 1376 2477 1428 accuset
2509 1388 2522 1426 :
2565 1372 2670 1445 qui
2697 1388 2810 1427 nos
2852 1372 3249 1444 persequitur,
3283 1377 3680 1444 persequatur
3713 1389 3725 1426 :

2072 1461 2177 1533 qui
2193 1460 2377 1516 ﬁdem
2399 1460 2581 1516 habet
2597 1459 2920 1516 calumniis
2943 1459 3166 1531 quibus
3183 1460 3728 1532 impetimur,para-

2071 1555 2167 1606 tus
2201 1549 2277 1605 sit
2304 1549 2379 1606 ad
2403 1549 2722 1620 judicium.
2758 1548 3048 1608 Dominus
3076 1564 3266 1626 prope
3300 1552 3404 1622 est,
3439 1549 3584 1606 nihil
3615 1549 3727 1608 sol-

2041 1703 2046 1706 _
2067 1637 2210 1696 liciti
2239 1653 2451 1696 sumus
2471 1639 2538 1697 ω.

2140 1913 2191 1965 4.
2228 1909 2286 1967 Si
2322 1910 2459 1983 quis
2483 1910 2546 1967 in
2579 1909 2750 1982 Syria
2778 1910 2999 1974 scribit,
3022 1911 3140 1966 hoc
3168 1909 3316 1967 nihil
3345 1910 3425 1966 ad
3452 1926 3586 1968 nos.
3625 1912 3724 1969 Ex

2069 2001 2187 2056 tuis
2217 2002 2392 2067 enim,
2416 2000 2630 2073 inquit,
2656 2000 2845 2058 verbis
2863 2001 3318 2071 justiﬁcabem’s,
3351 2006 3407 2057 et
3427 2015 3502 2058 ex
3530 2002 3723 2058 verbis

2071 2091 2187 2146 tuis
2218 2090 2782 2146 condemnaberis“.
2802 2092 2926 2147 Mea
2942 2105 3038 2146 me
3065 2089 3253 2146 verba
3267 2089 3558 2161 judicent;
3580 2106 3722 2162 pro-

2070 2184 2201 2251 pter
2231 2179 2461 2236 alienos
2492 2195 2633 2236 vero
2672 2195 2904 2236 errores
2954 2195 3136 2236 nemo
3169 2195 3282 2235 nos
3336 2179 3719 2250 condemnet,

2069 2283 2266 2340 neque
2292 2273 2430 2325 ante
2451 2268 2663 2339 viginti
2685 2283 2879 2324 annos
2899 2269 3152 2340 scriptas
3182 2283 3219 2324 a
3247 2267 3422 2325 nobis
3440 2268 3722 2341 epistolas

2069 2357 2424 2428 proferat,ut
2451 2358 2823 2414 demonstret
2850 2373 3012 2413 nunc
3035 2358 3580 2414 communicatores
3609 2375 3722 2416 nos

2068 2462 2200 2503 esse
2229 2463 2440 2504 eorum
2466 2450 2571 2520 qui
2598 2447 2716 2503 ista
2744 2446 3135 2518 scripserunt.
3176 2449 3295 2502 Nos
3336 2446 3514 2518 enim,
3557 2452 3721 2504 ante-

2069 2552 2259 2608 quam
2288 2537 2419 2593 haec
2468 2536 2820 2607 scriberent,
2849 2535 2985 2592 laici
3023 2536 3102 2591 ad
3125 2535 3312 2592 laicos
3346 2535 3723 2608 scripsimus,

2069 2630 2399 2698 antequam
2421 2625 2517 2681 vel
2541 2624 2950 2698 suspicionem
2979 2624 3282 2694 ejusmodi
3302 2624 3632 2697 quisquam
3661 2625 3724 2680 in

2065 2712 2200 2770 illos
2247 2718 2553 2782 moveret;
2586 2730 2698 2770 nec
2727 2714 2803 2770 de
2848 2713 2969 2769 ﬁde
2998 2713 3338 2786 quidquam
3368 2714 3724 2786 scripsimus

2065 2817 2178 2858 nec
2225 2802 2429 2875 qualia
2455 2801 2536 2858 illi
2569 2818 2729 2858 nunc
2760 2800 2840 2858 ad
2869 2801 3160 2857 invidiam
3187 2801 3364 2858 nobis
3389 2802 3722 2858 creandum

2064 2890 2627 2962 circumferunt,sed
2655 2891 3046 2947 salutationes
3070 2891 3429 2962 nudas,quae
3461 2891 3720 2947 amicam

2063 2979 2590 3052 compellationem
2620 2979 3066 3052 persolvebant.
3083 2978 3262 3051 394.
3293 2983 3408 3036 Nos
3431 2981 3589 3036 enim
3613 2996 3719 3053 pa-

2062 3070 2201 3126 riter
2230 3074 2288 3126 et
2307 3085 2411 3125 eos
2433 3068 2539 3142 qui
2562 3067 2803 3125 Sabellii
2829 3067 3046 3124 morbo
3075 3067 3374 3132 laborant,
3408 3073 3463 3124 et
3479 3085 3582 3124 eos
3615 3070 3721 3141 qui

2062 3159 2182 3216 Arii
2208 3159 2499 3228 dogmata
2537 3162 2799 3228 tuentur,
2832 3162 2897 3214 ut
2925 3157 3149 3230 impios
3197 3157 3466 3227 fugimus
3495 3163 3550 3214 et
3571 3175 3721 3215 ana-

2064 3248 2541 3304 thematizamus.
2579 3247 2638 3304 Si
2683 3247 2818 3320 quis
2867 3246 3151 3302 eumdem
3201 3249 3434 3302 Patrem
3473 3247 3614 3303 dicit
3650 3265 3720 3304 ac

2062 3336 2277 3393 Filium
2300 3340 2359 3394 et
2398 3336 2684 3410 Spiritum
2715 3340 3015 3404 sanctum,
3041 3351 3110 3391 ac
3134 3351 3264 3390 rem
3303 3351 3492 3392 unam
3519 3336 3721 3392 multis

2060 3425 2412 3482 nominibus
2440 3425 2821 3496 designatam
2850 3440 2986 3480 esse
3008 3424 3232 3494 statuit,
3273 3440 3582 3497 unamque
3603 3427 3721 3498 hy-

2059 3515 2353 3587 postasim
2385 3515 2574 3570 tribus
2603 3511 3107 3586 appellationibus
3140 3514 3719 3584 expressam;talem

2057 3619 2170 3660 nos
2199 3604 2260 3660 in
2285 3602 2637 3659 Judasorum
2662 3608 2830 3675 parte
2859 3617 3280 3658 numeramus.
3303 3601 3394 3658 Sic
3424 3601 3628 3667 etiam,
3669 3601 3721 3656 si

2057 3695 2195 3766 quis
2227 3693 2436 3749 Filium
2457 3693 2614 3748 Patri
2643 3691 2981 3748 secundum
3011 3690 3337 3746 essentiam
3358 3689 3718 3746 dissimilem

2055 3783 2330 3855 dicit,aut
2352 3782 2431 3838 ad
2459 3785 2797 3838 creaturam
2813 3780 3073 3837 detrahit
3093 3779 3381 3851 Spiritum
3413 3785 3715 3846 sanctum,

2051 3872 2725 3938 anathematizamus,et
2753 3887 2789 3926 a
2819 3869 3128 3940 gentilium
3157 3883 3355 3923 errore
3385 3883 3508 3923 non
3536 3867 3715 3938 longe

2052 3961 2268 4017 abesse
2298 3961 2598 4015 ducimus.
2636 3959 2752 4016 Sed
2779 3974 2888 4014 ora
2917 3961 3338 4012 accusatorum
3367 3961 3714 4012 nostrorum

2052 4049 2372 4122 comprimi
2403 4048 2611 4105 litteris
2641 4047 2861 4104 nostris
2890 4062 3015 4102 non
3047 4049 3304 4118 possunt
3328 4063 3340 4114 ;
3364 4046 3488 4101 imo
3508 4046 3708 4102 verisi-

2049 4138 2192 4194 mile
2218 4137 2464 4203 est,illos
2498 4138 2681 4193 etiam
2726 4135 3179 4193 defensionibus
3205 4135 3428 4191 nostris
3473 4135 3707 4206 irritari,

2051 4231 2107 4283 et
2134 4227 2372 4298 majora
2401 4243 2470 4283 ac
2497 4225 2777 4296 graviora
2799 4224 2861 4280 in
2891 4241 3002 4280 nos
3031 4223 3386 4280 machinari.
3420 4226 3709 4279 Caeterum

2049 4332 2225 4372 aures
2254 4320 2482 4372 vestras
2524 4313 2816 4371 custodiri
2863 4329 2989 4370 non
3018 4312 3276 4368 difﬁcile.
3311 4315 3504 4378 Quare
3542 4313 3709 4384 quod

2049 4405 2111 4461 in
2158 4405 2330 4461 vobis
2363 4406 2550 4461 situm
2579 4409 2685 4471 est,
2719 4407 3020 4476 praestate.
3062 4403 3370 4459 Sincerum
3421 4400 3599 4457 nobis
3651 4407 3708 4458 et

2048 4494 2297 4550 minime
2324 4497 2816 4566 prreoccupatum
2837 4491 3153 4547 calumniis
3169 4506 3272 4546 cor
3289 4495 3554 4545 vestrum
3587 4505 3706 4545 ser-

324 4580 464 4632 έστιν
509 4581 584 4656 ἐφ’
637 4583 780 4655 ὑμῖν,
821 4590 976 4635 τοῦτο
1023 4588 1301 4641 ποιήσατε.
1347 4583 1620 4658 Ἀκεραίαν
1660 4588 1787 4658 ἡμῖν
1845 4591 1935 4639 καὶ

2060 4586 2179 4638 vate
2205 4599 2218 4637 :
2252 4587 2433 4654 atque
2463 4581 2838 4651 objectorum
2859 4579 3036 4635 nobis
3057 4578 3378 4634 criminum
3406 4580 3701 4633 rationem

321 4667 656 4744 ἆπρόληπτον
683 4676 802 4732 ταῖς
851 4666 1127 4733 διαϐολαῖς
1166 4673 1260 4729 τὴν
1309 4667 1537 4740 καρδίαν
1587 4671 1728 4744 ὑμῶν
1779 4671 1936 4745 φυλά-

317 4759 442 4822 ξατε
468 4775 481 4788 ·
542 4763 634 4812 καὶ
678 4763 808 4832 πρὸς
862 4761 930 4812 τὰ
975 4758 1371 4834 προϐαλλόμενα
1427 4758 1733 4834 ἐγκλήματα
1778 4760 1934 4814 ἀπαι-

310 4854 450 4900 τεῖτε
479 4849 618 4919 ἡμᾶς
648 4851 738 4908 τὰς
776 4847 1013 4910 εὐθύνας.
1064 4853 1165 4902 Καὶ
1206 4848 1250 4902 εἰ
1287 4851 1378 4920 μὲν
1419 4849 1603 4923 εὕρητε
1649 4849 1773 4926 παρ’
1805 4852 1930 4925 ἡμῖν

309 4940 412 4994 τὴν
461 4934 730 5002 ἀλήθειαν,
777 4941 850 5010 μὴ
910 4933 1045 4990 δῶτε
1099 4942 1284 5012 χώραν
1335 4945 1408 5008 τῷ
1461 4935 1649 5010 ψεύδει
1685 4955 1698 4970 ⁸
1760 4937 1844 4992 ἐὰν
1872 4937 1931 4994 δὲ

309 5023 634 5078 ἀτονοῦντων
673 5027 819 5099 ἡμῶν
850 5029 976 5100 πρὸς
1025 5031 1120 5086 τὴν
1173 5024 1456 5098 ἀπολογίαν
1493 5030 1774 5100 αῖσθησθε,
1813 5033 1929 5083 τότε

307 5117 634 5168 πιστεύσατε
696 5121 802 5175 τοῖς
867 5119 1186 5190 κατηγόροις
1237 5117 1382 5188 ἡμῶν
1432 5119 1502 5179 ὡς
1559 5115 1928 5175 ἀληθεύουσιν.

308 5203 700 5277 Ἀγρυπνοῦσιν
733 5205 1066 5278 εκεῖνοιπρός
1094 5206 1152 5255 τό
1186 5205 1326 5276 ἡμᾶς
1364 5213 1620 5264 κακοποιῆ
1633 5225 1742 5258 σαιο
1775 5213 1928 5260 τοῦτο

303 5292 437 5366 παρ’
462 5293 606 5365 ὑμῶν
636 5293 731 5344 οῦκ
773 5290 1137 5365 ἐπιζητοῦμεν.
1169 5290 1480 5368 Ἐμπορικόν
1521 5291 1638 5367 βίον
1682 5314 1929 5368 μεταχει-

1752 5449 1777 5462 κ

391 5461 440 5495 ιο
514 5460 876 5535 Philipp.1v,
918 5463 1057 5532 5,6.
1135 5461 1180 5496 ιι
1217 5461 1418 5518 Matth.
1451 5466 1666 5536 111,37.

526 5603 1016 5679 Καταὸικασθὴσῃ.
1049 5608 1135 5665 Ita
1163 5623 1318 5668 mss.
1386 5623 1516 5668 sex.
1569 5609 1722 5671 Editi
1759 5631 1926 5666 κατα·

386 5699 403 5732 ι
442 5699 575 5732 nan.

309 5698 575 5754 κρισηση.

2011 4743 2016 4748 ν
2042 4685 2080 4726 a
2095 4669 2273 4726 nobis
2301 4669 2710 4742 postulate.Ac
2728 4668 3040 4724 veritatem
3066 4665 3313 4738 quidem
3336 4666 3386 4721 si
3406 4667 3570 4739 apud
3589 4682 3703 4723 nos

2038 4758 2407 4828 inveneritis,
2437 4775 2513 4815 ne
2544 4758 2695 4814 detis
2737 4757 2942 4814 locum
2988 4755 3330 4812 mendacio.
3366 4757 3467 4813 Sin
3497 4759 3700 4812 autem

2040 4864 2152 4904 nos
2191 4850 2269 4905 ad
2294 4847 2709 4904 defensionem
2744 4845 3018 4902 inﬁrmos
3047 4844 3372 4911 senseritis,
3407 4850 3548 4901 tunc
3579 4862 3699 4902 cre-

2039 4937 2160 4994 dite
2217 4936 2673 4994 accusatoribus
2710 4934 2953 5003 nostris,
3002 4938 3071 4991 ut
3121 4949 3268 4990 vera
3320 4933 3690 4992 dicentibus.

2039 5026 2296 5098 Vigilant
2318 5025 2423 5094 illi,
2477 5024 2656 5081 nobis
2693 5028 2759 5079 ut
2786 5027 3047 5079 noceant
3079 5041 3092 5077 :
3129 5023 3246 5080 hoc
3275 5039 3312 5080 a
3349 5025 3521 5081 vobis
3571 5041 3698 5082 non

2037 5115 2446 5188 exposcimus.
2478 5111 2912 5169 Nundinariam
2933 5111 3118 5168 vitam
3139 5117 3696 5182 agentes,structam

2035 5205 2214 5262 nobis
2234 5202 2608 5260 calumniam
2625 5200 2864 5258 adlucri
2880 5202 3291 5259 accessionem
3312 5206 3692 5259 convertunt:

2033 5310 2145 5354 vos
2183 5296 2388 5351 autem
2437 5291 2854 5364 adhortamur,
2909 5295 2976 5349 ut
3024 5293 3322 5349 maneatis
3375 5291 3562 5361 domi,
3623 5307 3694 5346 ac

2034 5684 2062 5741 1
2109 5615 2219 5686 (69)
2249 5610 2665 5684 Ἐπεστελλομεν.
2709 5611 2890 5670 Coisl.
2937 5612 3171 5686 primus
3205 5613 3262 5668 et
3289 5606 3436 5667 Med.
3468 5606 3696 5660 ima-rei-

2068 5706 2212 5741 αμεν.

2068 5706 2212 5760 αμεν.
