4148 6402
350 337 459 393 853

1267 329 1756 390 EPISTOLARUM
1790 321 2082 380 CLASSIS
2120 327 2198 385 ΙΙ.
2240 326 2468 397 EPISTJ
2505 327 2796 387 CCXXVII.

3616 333 3731 391 854'

345 465 486 516 Θεοῦ
514 458 582 512 τὰ
617 463 735 520 ταῖς
781 456 1118 520 Ἐκκλησίαις
1163 454 1556 530 διατυπούμενα
1599 461 1662 528 τῇ
1703 457 1796 506 τοῦ
1827 457 1946 506 Θεοί

2074 467 2186 524 pro
2212 457 2397 524 certo,
2430 471 2536 513 eos
2575 453 2683 528 qui
2730 469 2827 511 res
2871 453 2936 510 in
2977 452 3250 510 Ecclesiis
3294 470 3332 511 a
3379 454 3483 512 Dei
3529 455 3730 514 electis

347 546 584 622 διαταγῇ
645 546 1026 604 ἀνθίστανται.
1084 552 1170 606 Μὴ
1233 544 1651 619 δικαιολογεῖσθε
1708 545 1839 618 πρός
1867 545 1963 599 τὴν

343 644 552 714 μητέρα
597 639 741 705 ὑμῶν
797 641 892 696 τὴν
953 636 1236 690 Νικοπόλει
1299 637 1650 695 Ἐκκλησίαν.
1699 637 1786 690 Μὴ
1840 650 1962 704 τρα-

341 729 576 801 χύνεσθε
631 729 764 801 πρὸς
821 728 942 788 τοὺς
995 733 1096 777 τῶν
1147 725 1338 798 ψυχῶν
1396 727 1538 798 ὑμῶν
1597 717 1956 792 ἀναδεδεγμέ-

339 837 466 880 νους
494 815 604 889 (79)
633 819 728 874 τὴν
775 819 1048 890 μέριμναν.
1094 815 1174 868 Ἐν
1224 819 1327 889 γὰρ
1381 823 1453 886 τῷ
1494 816 1560 867 τὰ
1595 820 1687 873 τῆς
1733 813 1958 864 Νικοπό-

342 907 473 969 λεως
533 905 846 958 συνεστάναι
885 906 1176 978 πράγματα
1223 909 1315 958 καὶ
1366 907 1424 956 τό
1472 905 1591 956 καθ’
1630 904 1762 975 ὑμᾶς
1809 904 1958 973 μέρος

345 993 853 1053 συνδιασωθήσεται
902 994 1016 1065 (80)
1053 1015 1066 1028 '
1121 993 1208 1046 ἐὰν
1263 990 1322 1047 δε
1375 993 1574 1055 ἐκείνης
1623 991 1828 1062 ἅψηται
1876 1008 1958 1050 τις

345 1084 508 1147 σάλος
564 1084 658 1136 κᾶν
710 1087 928 1158 μυρίους
979 1083 1141 1155 ἔχητε
1195 1086 1314 1146 τοὺς
1369 1081 1728 1154 φυλάσσοντας
1786 1081 1952 1151 ὑμᾶς,

345 1173 966 1250 συμπαραναλωθήσετὰι
1020 1180 1091 1243 τῷ
1157 1173 1418 1246 κεφαλαιῳ
1479 1177 1579 1224 καὶ
1645 1172 1705 1222 τό
1769 1173 1953 1242 μέρος.

338 1263 434 1326 Ὠς
492 1260 580 1316 οὖν
644 1265 693 1315 οἱ
752 1269 859 1322 τοῖς
923 1269 1182 1335 ποταμοῖς
1244 1269 1686 1336 πααροικοῦντες,
1743 1253 1954 1311 ἐπειδὰν

339 1350 515 1406 ἴδωσι
579 1372 720 1413 τινας
801 1350 1064 1426 πόρρωθεν
1149 1351 1476 1426 ὀχυρώματα
1555 1346 1956 1419 καταϐαλλομέ-

344 1461 470 1504 νους
494 1443 609 1511 (81)
639 1449 748 1504 τοῖς
794 1441 1078 1516 ῥεύμασιν,
1131 1442 1330 1512 ἴσασιν,
1378 1445 1460 1493 ὅτι
1498 1439 1676 1501 αὐτοῖς
1717 1433 1955 1512 προδιοι-

349 1539 567 1584 κοῦνται
618 1535 708 1590 τὴν
760 1529 1064 1603 ἀσφάλειαν,
1098 1532 1187 1590 τὰς
1228 1526 1522 1602 ἐπιδρομὰς
1558 1537 1660 1581 τῶν
1684 1527 1951 1602 ῥευμάτων

344 1623 782 1696 ἀποκρόυόμενοι·
825 1620 960 1673 οὕτω
993 1623 1084 1672 καὶ
1129 1621 1178 1672 οἱ
1215 1627 1304 1671 νῦν
1342 1621 1402 1671 τὸ
1440 1618 1605 1693 βάρος
1649 1625 1744 1679 τῆς
1793 1634 1951 1689 φρον-

337 1705 491 1772 τίδος
547 1718 646 1762 τῶν
687 1708 1006 1767 Ἐκκλησιῶν
1042 1709 1158 1777 (82)
1207 1705 1580 1781 ἀναδεξάμενοι
1631 1704 1680 1757 ἐν
1735 1712 1798 1778 τῇ
1849 1712 1949 1757 τῶν

2074 543 2435 602 constitutas
2461 561 2588 602 non
2615 543 2965 613 admittunt,
2997 541 3100 598 Dei
3141 541 3510 601 ordinationi
3548 547 3731 603 resis-

2071 634 2212 688 tere.
2264 635 2480 692 Cavete
2530 634 2776 706 litigetis
2820 648 2963 690 cum
3005 634 3208 688 vestra
3248 637 3440 690 matre
3469 634 3734 694 Ecclesia

2067 722 2518 796 Nicopolitana;
2556 741 2667 782 nec
2697 723 2975 781 animum
3003 722 3067 778 in
3096 736 3220 787 eos,
3249 723 3355 795 qui
3392 727 3733 782 vestrarum

2067 813 2413 872 animarum
2460 832 2672 873 curam
2737 827 3091 886 suscepere,
3151 818 3527 886 exasperato.
3574 816 3733 872 Dum

2066 904 2228 961 enim
2265 921 2364 962 res
2416 905 2850 980 Nicopolitante
2893 903 3257 972 consistent,
3298 909 3504 962 vestra
3546 906 3734 963 etiam

2065 1010 2212 1067 pars
2241 995 2422 1052 simul
2452 997 2791 1054 servabitur
2815 1013 2830 1062 ;
2860 994 2968 1052 sed
2992 993 3041 1049 si
3064 993 3232 1051 illam
3262 993 3468 1067 aliqua
3499 1000 3734 1068 tempe-

2067 1089 2192 1141 stas
2220 1085 2498 1157 attigerit,
2527 1085 2765 1143 etiamsi
2794 1084 2997 1141 adsint
3018 1083 3193 1140 vobis
3223 1083 3508 1141 custodes
3544 1085 3732 1142 innu-

2063 1173 2236 1243 meri,
2285 1189 2427 1246 pars
2465 1190 2712 1248 quoque
2749 1190 2877 1230 una
2914 1189 3056 1229 cum
3100 1173 3295 1244 capite
3346 1173 3726 1233 absumetur.

2064 1262 2592 1328 Quemadmodum
2627 1264 2808 1335 igitur
2845 1262 2952 1335 qui
2980 1261 3060 1318 ad
3097 1260 3316 1318 ﬂuvios
3345 1262 3646 1330 habitant,
3676 1265 3730 1321 si

2060 1366 2218 1423 quos
2258 1352 2471 1424 procul
2510 1353 2757 1410 videant
2794 1350 2999 1408 valida
3032 1349 3318 1423 prasidia
3356 1351 3533 1424 aquis
3575 1352 3728 1424 obji-

2061 1456 2215 1510 cere,
2241 1441 2582 1512 intelligunt
2609 1440 2918 1498 securitati
2954 1456 3081 1495 suae
3114 1439 3439 1512 provideri,
3466 1440 3615 1498 dum
3639 1441 3728 1498 in-

2059 1546 2271 1588 cursus
2301 1547 2602 1605 aquarum
2627 1530 3002 1604 repelluntur
3030 1546 3044 1592 ;
3083 1529 3168 1587 ita
3194 1529 3376 1587 etiam
3412 1532 3520 1604 qui
3560 1547 3726 1589 nunc

2058 1621 2302 1694 pondus
2342 1619 2759 1678 sollicitudinis
2803 1619 3208 1677 Ecclesiarum
3261 1621 3602 1693 sustinent,
3660 1623 3724 1679 in

2057 1709 2313 1766 aliorum
2343 1710 2622 1768 custodia
2643 1708 2946 1767 securitati
2965 1712 3178 1766 vestrae
3207 1709 3549 1782 provident,
3580 1713 3723 1767 tuti-

340 1799 510 1852 ἄλλων
567 1797 766 1871 φυλακῃ
831 1801 927 1856 τὴν
980 1797 1098 1850 καθ’
1154 1799 1291 1871 ὑμᾶς
1347 1793 1530 1850 ἄδειαν
1586 1793 1946 1849 διοικοῦνται·

2059 1815 2176 1874 que
2215 1799 2376 1856 eritis
2409 1799 2489 1856 ab
2533 1800 2701 1856 omni
2734 1798 3016 1869 tumultu,
3068 1797 3201 1855 aliis
3248 1798 3392 1854 belli
3419 1798 3721 1872 impetum

336 1893 434 1941 καὶ
497 1887 548 1940 ἐν
608 1891 772 1961 σκέπῃ
856 1887 1138 1959 γενήσεσθε
1193 1888 1374 1948 πάσης
1426 1891 1709 1962 ταραχῇς,
1767 1883 1950 1959 ἐτέρων

335 1974 747 2050 ὑποδεχομένων
794 1984 889 2029 τοῦ
936 1976 1162 2049 πολέμου
1209 1978 1303 2040 τὰς
1351 1975 1665 2052 προσϐολάς.
1707 1977 1846 2050 Πρὸς
1889 1970 1950 2026 δὲ

335 2065 546 2119 κάκεῖνο
590 2066 700 2137 (83)
760 2065 1098 2138 ἐνθυμεῖσθαι
1156 2067 1294 2138 ὑμᾶς
1352 2073 1650 2141 προσῆκεν,
1700 2063 1783 2117 ὃτι
1841 2062 1948 2134 οὐχ

338 2157 474 2229 ὑμᾶς
523 2154 794 2224 ἀπέϐαλεν,
847 2153 951 2207 ἀλλ’
1017 2154 1215 2228 ἑτέρους
1266 2153 1603 2230 προσέλαϐεν.
1657 2153 1734 2205 Οὐ
1778 2149 1947 2211 δήπου

335 2247 441 2319 γὰρ
485 2242 750 2318 βάσκανοι
799 2249 931 2305 τινές
987 2243 1139 2316 ἐσμεν
1191 2246 1362 2318 ἡμεῖς,
1407 2243 1541 2296 ὥστε
1584 2246 1677 2295 τοὺ
1727 2238 1949 2315 δυνάμε-

340 2355 428 2386 νον
481 2340 570 2386 καὶ
609 2333 780 2395 ἄλλοις
817 2343 916 2386 τῶν
966 2336 1148 2386 ἑαυτοῦ
1203 2336 1555 2408 χαρισμάτων
1601 2327 1949 2406 μεταδιδόναι

332 2423 656 2496 ἀναγκάζειν
704 2426 825 2497 ὑμῖν
857 2424 970 2496 (84)
1001 2422 1342 2476 ἐναποκλείειν
1376 2427 1470 2482 τὴν
1517 2423 1700 2496 χάριν,
1744 2425 1834 2473 καὶ
1887 2423 1946 2473 τό

329 2513 454 2566 καθ’
484 2515 617 2587 ὑμᾶς
676 2516 817 2586 μόνῳ
868 2517 1054 2587 χωρίῳ
1120 2519 1505 2587 στενοχωρεῖν,
1569 2514 1703 2563 Οὔτε
1752 2512 1855 2584 γάρ
1921 2510 1946 2561 6

331 2608 512 2676 ﬂor/iv
556 2606 966 2679 περιφράσσων,
1013 2607 1104 2654 καὶ
1157 2598 1354 2663 ὕδατος
1403 2597 1582 2664 ἔξοδον
1640 2601 1948 2673 λυμαινόμε-

333 2713 440 2761 νος,
489 2695 605 2746 οὗτε
663 2695 689 2745 6
744 2688 1100 2745 διδασκαλίαν
1150 2688 1344 2764 διαρκῆ
1399 2690 1608 2743 κωλύων
1648 2689 1731 2743 ἐπὶ
1776 2689 1948 2743 πλεῖον

359 2789 555 2854 χωρεῖν
595 2781 687 2845 ἔξω
729 2789 822 2834 τοῦ
862 2781 1064 2842 πάθους
1097 2789 1189 2842 τῆς
1219 2779 1518 2854 βασκανίας
1545 2777 1708 2833 ἐστίν.
1748 2780 1949 2852 Ἐχέτω

337 2874 513 2922 τοίνυν
568 2877 654 2923 καὶ
696 2875 792 2929 τὴν
841 2869 1175 2932 Νικοπόλεως
1212 2873 1485 2943 μέριμναν,
1535 2873 1625 2920 καὶ
1669 2871 1728 2920 τὸ
1774 2870 1950 2940 ὑμέτε-

331 2979 427 3035 ρον
476 2962 753 3032 προσθήκη
807 2961 943 3012 ἔστω
984 2968 1084 3011 τῶν
1133 2958 1238 3012 ἐκεῖ
1285 2960 1710 3032 φρουτισμάτων.
1744 2965 1827 3031 Τῷ
1858 2959 1949 3030 μὲν

329 3051 433 3123 γὰρ
489 3045 643 3122 ἀνδρὶ
693 3048 877 3102 πλείων
926 3047 1216 3123 προσῆλθεν
1260 3048 1370 3120 (85)
1426 3049 1450 3100 6
1508 3052 1689 3117 κόπος,
1729 3050 1830 3100 ὑῶν
1890 3044 1950 3100 δέ

325 3134 486 3191 οὐδὲν
537 3135 842 3190 ἐλαττοῦται
893 3139 923 3195 ἡ
982 3135 1265 3209 ἐπιμέλεια.
1315 3136 1509 3189 Ἐκεῖνο
1582 3133 1642 3189 δέ
1697 3156 1761 3210 με
1814 3139 1948 3189 πάνυ

332 3225 585 3296 ἐλύπησε,
634 3231 724 3278 καὶ
783 3226 879 3290 ἔξω
945 3225 1100 3299 ἐφάνη
1145 3234 1238 3278 τοῦ
1295 3230 1510 3301 μέτρου,
1560 3228 1619 3278 τό
1683 3229 1948 3308 ειρῆσθαι,

325 3318 433 3382 ὅτι,
493 3314 847 3386 ἀποτυχόντες
893 3323 993 3367 τῶν
1050 3315 1510 3387 ἐπιζητουμένων,
1566 3317 1633 3367 τὰ
1693 3312 1954 3374 δικαστὴ-

326 3425 427 3478 ρια
469 3403 930 3477 καταληψόνμεθα,
971 3408 1060 3456 καὶ
1102 3402 1456 3475 ἐπιστήσομεν
1489 3404 1606 3475 (86)
1645 3405 1953 3477 ἀνθρώπους

323 3501 445 3556 τοῖς
491 3496 821 3569 πράγμασιν,
877 3490 954 3556 οἷς
1015 3495 1044 3552 ἡ
1105 3498 1443 3567 καταστρορὴ
1471 3501 1570 3545 τῶν
1627 3491 1950 3550 Ἐκκλησιῶν

325 3583 500 3655 εὐχῆς
537 3582 651 3636 ἐστι
693 3587 751 3635 τό
803 3582 1100 3656 κεφάλαιον.
1134 3587 1219 3640 Μή
1282 3601 1408 3634 ποτε
1464 3578 1551 3634 οὖν
1612 3583 1799 3656 ἄφρονι
1855 3587 1950 3636 θυ-

325 3681 416 3746 μῷ
468 3677 731 3746 φερόμενοί
763 3673 877 3744 (87)
925 3691 1066 3734 τινες
1116 3676 1518 3746 παραπείσωσιν
1555 3672 1690 3744 ὑμᾶς
1732 3672 1949 3745 φθέγξα-

404 3834 513 3904 (79)
553 3830 1046 3906 Ἀναδεδεγμένους.
1091 3831 1290 3906 _Coisl.
1365 3832 1600 3906 primus
1676 3829 1945 3887 ἀναδεδει-

323 3909 566 3978 γμένους.
599 3905 783 3961 Paulo
803 3904 942 3978 pest
984 3904 1300 3962 Medicteus
1349 3904 1540 3960 codex
1572 3905 1785 3957 ἑστάναι
1815 3907 1947 3979 πρά-

323 3999 362 4032 "l
371 3997 530 4032 ματα.

332 4000 348 4014 ”“
373 4000 474 4029 υ-ατ
517 4019 530 4032 ο

332 4000 513 4119 Λ(8Ο⁰)
554 4046 1070 4105 Συνδιασωθὴσιται.
1122 4045 1296 4103 Coisl.
1355 4046 1588 4119 primus
1646 4044 1946 4119 συνδιασώ-

325 4118 498 4183 ζεται.
533 4121 693 4175 Infra
711 4122 1023 4189 Vat.,Reg.
1041 4119 1370 4187 secundus,
1401 4118 1577 4189 Coisl.
1613 4118 1941 4186 secundus,

323 4191 516 4258 Paris,
547 4197 602 4247 et
631 4190 710 4247 ad
738 4187 1090 4263 marginem
1144 4189 1401 4246 Clarom.
1435 4187 1506 4260 τῷ
1555 4189 1815 4263 κεφαλαίῳ
1855 4196 1944 4245 καὶ

331 4267 395 4315 τὸ
429 4263 699 4338 ὑμέτερον.
735 4261 833 4338 ξΩςΔ
853 4263 960 4316 οὖν.

400 4335 513 4405 (81)
576 4335 695 4387 Korn

329 4406 488 4458 ϐαλλο
492 4410 645 4478 μένου
657 4427 695 4468 ς.

401 4475 512 4549 (82⁷)
549 4485 660 4543 Τῶν
708 4475 1024 4549 ἐκκλησιῶν.
1053 4478 1162 4549 _Ita
1207 4475 1391 4549 Coisl.
1441 4480 1721 4549 uterque,
1766 4478 1939 4544 Med,

326 4546 471 4618 Re-g.
499 4546 818 4618 secundus
850 4553 907 4603 et
937 4547 1116 4602 Paris.
1158 4546 1309 4602 Editi
1340 4555 1439 4618 τῷν
1468 4546 1936 4606 ἐκκλησιαστικῶν.

400 4616 511 4694 (85)
551 4624 685 4694 Τρὸς
733 4616 791 4671 δὲ
843 4618 1068 4694 κάκεῖνο,
1129 4622 1249 4694 etc.
1296 4616 1669 4694 Dubitarunt
1702 4620 1941 4694 eruditi

323 4692 461 4758 viri,
492 4689 693 4747 utrum
717 4690 1121 4762 Euphronius,
1143 4689 1349 4762 relicta
1378 4691 1716 4762 coloniensi
1745 4691 1940 4746 Eccle-

326 4763 440 4830 sia,
465 4763 543 4820 ad
570 4761 1052 4834 Nicopolitanam
1069 4761 1394 4834 translatus
1416 4761 1696 4834 fuerit,an
1716 4767 1940 4818 utram-

324 4850 448 4907 que
469 4835 649 4907 simul
668 4833 995 4907 re’gendam
1017 4833 1360 4907 susceperit.
1385 4833 1685 4907 Utrumvis
1711 4836 1938 4890 factum

323 4903 524 4973 fuerit,
541 4923 681 4961 cum
701 4905 778 4960 ad
796 4920 1100 4960 summam
1115 4903 1388 4960 Ecclesiae
1407 4903 1717 4960 utilitatem
1733 4919 1936 4960 neces-

324 4978 490 5049 sario
516 4976 1039 5049 temporefactum
1062 4976 1157 5044 sit,
1180 4977 1460 5049 maxima
1476 4975 1658 5032 laude
1679 4977 1934 5049 dignum

323 5048 540 5112 videri,
569 5053 626 5103 et
642 5047 896 5120 Spiritui
918 5052 1126 5120 sancto
1155 5047 1398 5102 attribui
1428 5047 1627 5103 debet.
1662 5047 1774 5120 Sed
1797 5063 1932 5119 per-

327 5122 559 5176 snicere
581 5117 724 5174 mihi
755 5118 982 5176 videor.
1011 5117 1093 5174 ita
1109 5135 1237 5174 rem
1261 5120 1649 5174 constitutam
1667 5117 1852 5174 fuisse
1869 5123 1933 5176 ut

327 5190 484 5248 alius
529 5191 810 5256 Coloniae,
857 5195 1073 5262 praeter
1119 5190 1567 5262 Euphronium,
1615 5191 1934 5262 episcopus

327 5206 484 5248 auus
529 5206 810 5256 uotoniae,
857 5206 1073 5260 praerer
1125 5206 1560 5260 nupnromum,
1615 5206 1814 5262 episco
1864 5206 1934 5246 us

324 5280 452 5319 non
465 5259 1196 5318 daretur.Promittitenim
1213 5259 1668 5316 Coloniensibus
1681 5206 1934 5317 Basilius

325 5351 433 5391 eos
466 5339 522 5390 et
553 5348 941 5389 communem
963 5347 1100 5386 cum
1140 5330 1269 5386 aliis
1303 5331 1626 5402 provinciae
1659 5334 1933 5389 Ecclesiis

327 5404 644 5460 utilitatem
661 5408 1068 5476 percepturos,
1085 5407 1140 5457 et
1155 5403 1561 5476 Euphronium
1578 5404 1656 5458 ab
1669 5404 1778 5459 illis
1800 5421 1938 5476 pro-

327 5474 764 5550 prieregen—dis
783 5491 904 5550 non
927 5474 1365 5550 discessurum.
1385 5475 1454 5550 I_n_
1475 5477 1735 5550 aliorum
1747 5474 1936 5550 casto-

329 5546 455 5617 dia,
469 5548 682 5620 inquit,
695 5546 1006 5620 securitati
1020 5546 1572 5620 oestrafprovident,
1584 5549 1934 5618 tutz'queeri-

332 5617 672 5675 tisaboinni
683 5619 964 5685 tumultu,
979 5618 1117 5673 aliis
1140 5617 1284 5672 belli
1294 5618 1577 5684 impetum
1595 5617 1936 5674 sustinenti-

335 5692 462 5746 bus.
506 5693 640 5746 Haec
675 5689 1026 5745 communia
1064 5687 1518 5744 Coloniensibus
1537 5693 1707 5744 erant
1737 5687 1939 5746 futura

334 5778 476 5819 cum
504 5761 634 5818 aliis
674 5759 997 5833 provinciae
1030 5758 1322 5816 Ecclesiis.
1354 5757 1506 5824 Quid
1537 5763 1740 5815 autem
1771 5761 1940 5818 Colo-

1981 3166 2022 3223 C

2058 1888 2509 1945 sustinentibus.
2546 1888 2638 1946 Ad
2665 1888 2799 1945 haec
2847 1887 2995 1944 illud
3029 1887 3211 1944 etiam
3241 1886 3416 1945 vobis
3446 1887 3720 1945 conside-

2054 1976 2320 2035 randum
2350 1982 2458 2046 est,
2483 1993 2612 2036 non
2647 1994 2759 2035 vos
2790 1977 2870 2035 ab
2914 1992 2986 2034 eo
3014 1976 3387 2048 repudiatos,
3419 1977 3528 2034 sed
3565 1977 3718 2035 alios

2055 2070 2425 2140 assumptos.
2463 2070 2593 2124 Non
2631 2067 2796 2124 enim
2840 2066 3032 2124 invidi
3068 2065 3324 2140 quidam
3363 2083 3610 2135 sumus,
3649 2071 3717 2124 ut

2055 2156 2163 2230 qui
2193 2173 2306 2214 sua
2334 2157 2498 2214 dona
2525 2158 2708 2214 etiam
2752 2174 2892 2214 cum
2932 2155 3064 2214 aliis
3101 2156 3549 2213 communicare
3578 2172 3716 2231 pos-

2057 2245 2154 2314 sit,
2184 2262 2325 2302 eum
2354 2262 2650 2317 cogamus
2699 2247 2957 2318 gratiam
2993 2246 3149 2302 inter
3179 2261 3284 2302 vos
3330 2245 3711 2314 concludere,

2056 2338 2114 2391 et
2155 2334 2298 2391 solis
2344 2335 2461 2392 loci
2491 2335 2676 2393 vestri
2703 2335 2931 2392 ﬁnibus
2969 2350 3377 2392 coerceamus.
3420 2338 3571 2392 Nam
3600 2351 3714 2393 nec

2055 2423 2160 2498 qui
2185 2423 2411 2481 fontem
2441 2425 2848 2498 circumsepit,
2880 2427 2938 2481 et
2969 2439 3271 2497 aquarum
3302 2423 3529 2480 exitum
3553 2423 3716 2481 labe-

2054 2512 2258 2580 factat,
2279 2529 2392 2570 nec
2421 2513 2527 2588 qui
2560 2513 2902 2571 doctrinam
2937 2513 3191 2570 uberem
3227 2513 3508 2585 prohibet
3533 2514 3715 2571 latius

2054 2603 2262 2668 ﬂuere,
2306 2608 2476 2660 extra
2504 2603 2747 2660 invidiae
2776 2603 3006 2660 crimen
3037 2605 3147 2660 est.
3174 2603 3474 2676 Suscipiat
3511 2603 3716 2677 itaque

2057 2696 2113 2749 et
2150 2692 2450 2765 Nicopolis
2479 2709 2707 2764 curam,
2735 2697 2792 2748 et
2819 2692 2899 2749 ad
2936 2691 3172 2748 futuras
3211 2691 3329 2748 illic
3360 2691 3716 2751 sollicitudi-

2055 2794 2166 2836 nes
2199 2781 2380 2837 vestri
2430 2797 2576 2838 cura
2632 2779 2900 2838 accedat.
2943 2779 3029 2835 Illi
3078 2780 3240 2836 enim
3279 2780 3416 2852 plus
3468 2781 3720 2841 accessit

2061 2871 2232 2944 351
2265 2869 2510 2938 laboris,
2553 2871 2661 2928 sed
2705 2870 2781 2928 de
2825 2869 3011 2926 vestri
3051 2885 3201 2926 cura
3239 2869 3390 2925 nihil
3436 2871 3712 2928 decessit.

2060 2963 2180 3016 Hoc
2203 2965 2404 3016 autem
2434 2960 2583 3016 mihi
2609 2965 2666 3016 et
2686 2960 2951 3016 maxime
2972 2957 3183 3026 doluit,
3206 2963 3264 3015 et
3292 2959 3548 3016 modum
3568 2960 3719 3018 mihi

2058 3050 2256 3105 visum
2285 3054 2374 3106 est
2402 3049 2713 3118 excedere,
2737 3049 2906 3122 quod
2933 3047 3213 3104 videlicet
3237 3047 3472 3104 dixistis
3497 3066 3512 3104 :
3544 3054 3718 3107 voto-

2056 3154 2192 3194 rum
2223 3143 2534 3211 compotes
2564 3139 2758 3195 sinon
2786 3153 3023 3203 sumus,
3054 3136 3135 3193 ad
3153 3137 3432 3208 judicum
3455 3137 3720 3197 tribuna-

2056 3227 2139 3284 lia
2179 3227 2530 3296 abibimus,
2575 3245 2647 3285 ac
2694 3245 2792 3286 res
2834 3225 3187 3285 hominibus
3237 3227 3716 3303 committemus,

2056 3317 2282 3391 quibus
2327 3317 2730 3375 Ecclesiarum
2778 3316 3007 3373 eversio
3056 3319 3237 3389 caput
3283 3320 3372 3373 est
3416 3321 3719 3378 votorum.

2059 3408 2267 3464 Cavete
2304 3407 2486 3478 igitur
2534 3423 2612 3464 ne
2656 3407 2764 3480 qui
2811 3421 3087 3479 unquam
3124 3404 3344 3462 insano
3371 3406 3571 3464 furore
3601 3409 3720 3466 acti

2057 3495 2226 3553 vobis
2239 3497 2664 3568 persuadeant,
2689 3501 2754 3552 ut
2770 3495 3111 3569 quidquam
3124 3494 3292 3568 apud
3311 3495 3556 3569 publica
3576 3497 3720 3553 sub-

2057 3585 2224 3642 sellia
2242 3585 2586 3659 proferatis,
2614 3590 2794 3659 atque
2816 3583 2957 3641 inde
2980 3583 3186 3656 aliqua
3213 3584 3448 3641 accidat
3467 3586 3718 3655 eversio,

2055 3676 2230 3748 cujus
2243 3676 2482 3749 pondus
2495 3676 2557 3732 in
2579 3691 2791 3732 eorum
2810 3674 3028 3749 capita,
3046 3673 3152 3747 qui
3166 3690 3421 3730 causam
3439 3674 3718 3747 praebue-

2052 3835 2366 3893 niensibus
2391 3836 2637 3908 proprie
2666 3839 2958 3898 servatur,
2992 3835 3260 3908 indicant
3287 3849 3422 3906 quae
3443 3849 3716 3908 sequun-

2052 3912 2181 3964 tur:
2211 3909 2311 3964 Ad
2335 3907 2457 3964 haec
2477 3907 2638 3963 illud
2661 3909 2840 3964 etiam
2863 3908 3024 3963 vobis
3054 3907 3562 3963 considerandum
3601 3915 3709 3976 est,

2052 3995 2172 4036 non
2205 3996 2308 4036 vos
2334 3979 2409 4035 ab
2437 3995 2502 4034 co
2531 3979 2894 4050 repudiatos,
2936 3979 3041 4035 sed
3075 3978 3230 4034 alios
3273 3985 3703 4046 assumplos....

2052 4052 2352 4118 Suscz‘pz‘at
2377 4052 2580 4122 itaque
2604 4059 2657 4106 et
2682 4051 2988 4119 Nicopolis
3017 4064 3249 4122 curam,
3277 4055 3332 4105 et
3359 4050 3442 4105 ad
3465 4050 3710 4122 [futuras

2051 4124 2184 4178 illic
2212 4120 2646 4178 sollicitudines
2664 4123 2848 4177 vestri
2871 4137 3020 4178 cura
3049 4120 3318 4187 accedat,
3342 4126 3452 4176 etc.
3474 4121 3708 4180 Similia

2050 4193 2333 4275 leguntur
2347 4194 2408 4249 in
2438 4193 2690 4275 epistola
2708 4193 3002 4275 sequenti,
3014 4192 3096 4275 ‘in
3125 4208 3252 4275 qua
3270 4191 3528 4273 Basilius
3544 4193 3708 4251 Colo-

2051 4267 2294 4321 nienses
2309 4264 2701 4334 magiStratus
2720 4264 2916 4333 rogat,
2930 4270 2995 4320 ut
3013 4264 3159 4320 boni
3173 4264 3332 4320 vasis
3348 4280 3529 4320 usum
3546 4280 3707 4321 com-

576 4332 1097 4408 Καταϐαλλομένους.
1164 4332 1291 4390 Med
1317 4375 1330 4388 .
1400 4333 1595 4390 codex
1671 4354 1943 4410 προκατα-

2059 4353 2301 4410 munem
2328 4332 2552 4410 habere
2581 4353 2722 4410 cum
2749 4332 3125 4410 vicinisnon
3152 4339 3468 4403 recusent;
3496 4350 3568 4391 ac
3595 4339 3707 4393 Eu-

2094 4409 2377 4464 hronium
2395 4409 2656 4479 Coloniae
2673 4413 2730 4464 et
2743 4407 3042 4479 Nicopolis
3061 4421 3448 4479 communem
3466 4409 3701 4479 patrem

2077 4485 2327 4552 uturum,
2351 4478 2682 4552 pollicetur.
2707 4477 2977 4552 Ridicula
2993 4492 3152 4552 sane
3174 4482 3232 4533 et
3269 4477 3536 4552 absurda
3560 4493 3704 4552 prp-

2049 4551 2254 4620 missa,
2285 4551 2334 4606 si
2351 4547 2773 4622 Euphronium
2801 4549 3045 4622 Colonia
3082 4563 3205 4622 non
3231 4563 3370 4622 cum
3410 4547 3699 4622 Nicopoli,

2047 4622 2152 4677 sed
2175 4618 2315 4678 cum
2345 4618 2476 4678 aliis
2503 4621 2774 4677 Ecclesiis
2796 4619 3246 4693 episcopalibus
3261 4618 3530 4691 Nicopoli
3552 4618 3697 4677 sub-

2040 4693 2210 4764 jectis
2237 4709 2629 4749 communem
2659 4690 2893 4763 patrem
2923 4690 3053 4747 erat
3078 4690 3382 4746 habitura.

2117 4765 2230 4836 (Si)
2269 4764 2434 4838 Ὑμῖν.
2464 4769 2561 4838 ita
2605 4780 2747 4819 mss.
2770 4777 3041 4838 “summa
3081 4776 3401 4838 consensu,
3431 4766 3488 4838 et
3510 4763 3697 4834 paulo

2042 4840 2181 4908 post
2213 4833 2218 4836 ⁷
2245 4833 2333 4908 τῷ’
2379 4837 2494 4908 καθ’
2558 4837 2710 4906 ὑμᾶς.
2765 4833 2918 4908 Editi
2958 4835 3081 4905 ἡμῖν
3114 4837 3193 4908 ,εἴ
3232 4840 3335 4908 ῌτῷ-
3366 4834 3484 4885 καθ’
3515 4833 3694 4907 ημᾶς,

2041 4903 2224 4963 Paulo
2272 4903 2416 4978 post
2470 4903 2836 4979 λυμαινόμενος
2892 4903 3186 4979 ὶπαὶνετός.
3224 4903 3341 4979 _S_ed
3389 4903 3700 4979 postrema

2039 4993 2160 5034 vox
2212 4975 2403 5034 multo
2447 4975 2894 5034 melius'deest
2938 4976 3001 5032 in
3054 4975 3579 5039 codicibus’Med.
3639 4984 3700 5036 et

2041 5049 2212 5173 Cpisl.
2236 5051 2455 5122 primo.
2499 5048 2725 5105 Ibidem
2753 5047 2931 5104 Coisl.
2963 5047 3197 5120 primus
3243 5047 3454 5099 κωλύων
3496 5055 3567 5122 μὴ
3609 5050 3696 5104 ἐπὶ

2041 5141 2077 5173 π
2111 5141 2228 5173 ειον.

2037 5141 2228 5176 πΑειον.

2109 5193 2218 5266 (8_5)
2266 5191 2468 5266 metm
2521 5190 2839 5266 προσῆλθεν.
2884 5190 3071 5266 _Coisl.
3099 5265 3102 5266 ν
3131 5191 3389 5266 primus
3417 5192 3694 5266 προῆλθεν.

2039 5264 2188 5321 Med.
2225 5263 2397 5316 πλεῖον
2436 5262 2716 5336 προῆλθεν.
2761 5262 2942 5319 Paulo
2971 5265 3111 5336 post
3135 5262 3317 5336 deest
3344 5262 3496 5336 rein
3521 5264 3696 5336 quin-

2041 5351 2160 5409 que
2190 5351 2335 5390 mss.
2358 5333 2509 5409 ante
2539 5335 2803 5409 εἰρῆσθαι,
2834 5333 3195 5391 ῐιοηῖειωθῐι
3224 5335 3393 5391 deest
3419 5333 3481 5388 in
3521 5334 3694 5390 Coisl.

2041 5405 2239 5479 primo
2271 5410 2327 5479 et
2358 5405 2511 5462 Med.

2114 5480 2228 5548 (86)
2289 5477 2695 5550 Ἐμπιστήσομεν.
2757 5477 2946 5550 Coisl.
3007 5478 3244 5550 primus
3309 5475 3696 5550 ἐπεισείσομεν,

2044 5551 2189 5619 Vat.,
2211 5546 2430 5617 Paris,
2463 5546 2638 5606 Coisl.
2669 5549 2972 5606 secundus
3001 5546 3060 5605 et
3089 5552 3229 5619 Reg.
3254 5546 3702 5603 secundus'ém-

2047 5625 2305 5674 σείσομεν.

2118 5641 2305 5692 ισομεν.

2307 5695 2580 5766 ψερόμενοι
2603 5731 2619 5748 .

2702 5690 2854 5765 Cois]
2882 5733 2894 5744 .
2971 5691 3204 5765 primus
3281 5694 3710 5765 περιφερόμενοι.

2052 5762 2235 5818 Paulo
2257 5761 2396 5836 post
2436 5761 2605 5820 deest
2633 5765 2694 5820 in
2725 5762 2943 5817 eodem
2972 5761 3185 5818 codice
3235 5767 3292 5818 et
3329 5761 3394 5817 in

3485 5761 3710 5819 edicaeo
