  <div class='ocr_page' id='page_1' title='image "/cluster/home/n/w/nwhite01/storage/ocr_20150623/32:no.4/coo.31924054869296/438.png"; bbox 0 0 4148 6416; ppageno 0'>
   <div class='ocr_carea' id='block_1_1' title="bbox 334 383 433 438">
    <p class='ocr_par' dir='ltr' id='par_1_1' title="bbox 334 383 433 438">
     <span class='ocr_line' id='line_1_1' title="bbox 334 383 433 438; baseline -0.03 0"><span class='ocrx_word' id='word_1_1' title='bbox 334 383 433 438; x_wconf 84' lang='grc'><strong>857</strong></span> 
     </span>
    </p>
   </div>
   <div class='ocr_carea' id='block_1_2' title="bbox 1286 377 2747 447">
    <p class='ocr_par' dir='ltr' id='par_1_2' title="bbox 1286 377 2747 447">
     <span class='ocr_line' id='line_1_2' title="bbox 1286 377 2747 447; baseline 0.005 -9"><span class='ocrx_word' id='word_1_2' title='bbox 1286 381 1775 440; x_wconf 80' lang='lat' dir='ltr'><strong>EPISTOLARUM</strong></span> <span class='ocrx_word' id='word_1_3' title='bbox 1811 377 2092 437; x_wconf 80' lang='lat' dir='ltr'><strong>CLASSIS</strong></span> <span class='ocrx_word' id='word_1_4' title='bbox 2130 384 2195 439; x_wconf 89' lang='lat' dir='ltr'>II.</span> <span class='ocrx_word' id='word_1_5' title='bbox 2235 385 2448 445; x_wconf 90' lang='lat' dir='ltr'><strong>EPIST.</strong></span> <span class='ocrx_word' id='word_1_6' title='bbox 2486 389 2747 447; x_wconf 73' lang='lat' dir='ltr'><strong>CCXXIX.</strong></span> 
     </span>
    </p>
   </div>
   <div class='ocr_carea' id='block_1_3' title="bbox 3593 402 3698 455">
    <p class='ocr_par' dir='ltr' id='par_1_3' title="bbox 3593 402 3698 455">
     <span class='ocr_line' id='line_1_3' title="bbox 3593 402 3698 455; baseline 0 0"><span class='ocrx_word' id='word_1_7' title='bbox 3593 402 3698 455; x_wconf 80' lang='lat'><strong>858</strong></span> 
     </span>
    </p>
   </div>
   <div class='ocr_carea' id='block_1_4' title="bbox 327 504 1935 593">
    <p class='ocr_par' dir='ltr' id='par_1_4' title="bbox 327 504 1932 582">
     <span class='ocr_line' id='line_1_4' title="bbox 327 504 1932 582; baseline -0.001 -23"><span class='ocrx_word' id='word_1_8' title='bbox 327 510 505 565; x_wconf 74' lang='grc' dir='ltr'>κοινὴν</span> <span class='ocrx_word' id='word_1_9' title='bbox 538 508 678 578; x_wconf 82' lang='grc' dir='ltr'>ἔχειν</span> <span class='ocrx_word' id='word_1_10' title='bbox 707 510 839 582; x_wconf 82' lang='grc' dir='ltr'>πρὸς</span> <span class='ocrx_word' id='word_1_11' title='bbox 866 510 983 568; x_wconf 82' lang='grc' dir='ltr'>τοὺς</span> <span class='ocrx_word' id='word_1_12' title='bbox 1015 511 1244 580; x_wconf 73' lang='grc' dir='ltr'><strong>γείτονας</strong></span> <span class='ocrx_word' id='word_1_13' title='bbox 1292 509 1435 581; x_wconf 81' lang='grc' dir='ltr'>ὑμῶν</span> <span class='ocrx_word' id='word_1_14' title='bbox 1482 504 1891 579; x_wconf 76' lang='grc' dir='ltr'>καταδεξάμενοι</span> <span class='ocrx_word' id='word_1_15' title='bbox 1917 524 1932 538; x_wconf 85' lang='grc'><strong>·</strong></span> 
     </span>
    </p>
   </div>
   <div class='ocr_carea' id='block_1_5' title="bbox 2050 504 3698 593">
    <p class='ocr_par' dir='ltr' id='par_1_5' title="bbox 2050 509 3698 593">
     <span class='ocr_line' id='line_1_5' title="bbox 2050 509 3698 593; baseline 0.009 -28"><span class='ocrx_word' id='word_1_16' title='bbox 2050 509 2339 569; x_wconf 88' lang='lat' dir='ltr'><strong>Dominus</strong></span> <span class='ocrx_word' id='word_1_17' title='bbox 2368 512 2599 571; x_wconf 79' lang='lat' dir='ltr'><strong>dederit</strong></span> <span class='ocrx_word' id='word_1_18' title='bbox 2638 519 2706 571; x_wconf 91' lang='lat' dir='ltr'><strong>ut</strong></span> <span class='ocrx_word' id='word_1_19' title='bbox 2746 516 2823 572; x_wconf 87' lang='lat' dir='ltr'><strong>ad</strong></span> <span class='ocrx_word' id='word_1_20' title='bbox 2854 533 2961 573; x_wconf 90' lang='lat' dir='ltr'><strong>vos</strong></span> <span class='ocrx_word' id='word_1_21' title='bbox 2988 518 3254 587; x_wconf 80' lang='lat' dir='ltr'><strong>veniam,</strong></span> <span class='ocrx_word' id='word_1_22' title='bbox 3286 521 3486 593; x_wconf 84' lang='lat' dir='ltr'><strong>majus</strong></span> <span class='ocrx_word' id='word_1_23' title='bbox 3517 522 3698 580; x_wconf 87' lang='lat' dir='ltr'><strong>etiam</strong></span> 
     </span>
    </p>
   </div>
   <div class='ocr_carea' id='block_1_6' title="bbox 324 593 1928 672">
    <p class='ocr_par' dir='ltr' id='par_1_6' title="bbox 324 593 1928 672">
     <span class='ocr_line' id='line_1_6' title="bbox 324 593 1928 672; baseline -0.001 -24"><span class='ocrx_word' id='word_1_24' title='bbox 324 600 515 671; x_wconf 88' lang='grc' dir='ltr'>μικρὸν</span> <span class='ocrx_word' id='word_1_25' title='bbox 548 593 608 649; x_wconf 77' lang='grc' dir='ltr'><strong>δὲ</strong></span> <span class='ocrx_word' id='word_1_26' title='bbox 637 597 870 670; x_wconf 76' lang='grc' dir='ltr'>ὕστερον,</span> <span class='ocrx_word' id='word_1_27' title='bbox 891 595 951 648; x_wconf 82' lang='grc' dir='ltr'><strong>ἂν</strong></span> <span class='ocrx_word' id='word_1_28' title='bbox 979 593 1056 669; x_wconf 82' lang='grc' dir='ltr'><strong>δῷ</strong></span> <span class='ocrx_word' id='word_1_29' title='bbox 1084 599 1110 650; x_wconf 89' lang='grc' dir='ltr'><strong>ό</strong></span> <span class='ocrx_word' id='word_1_30' title='bbox 1134 601 1323 672; x_wconf 84' lang='grc' dir='ltr'>Κύριος</span> <span class='ocrx_word' id='word_1_31' title='bbox 1339 603 1432 656; x_wconf 79' lang='grc' dir='ltr'>τὴν</span> <span class='ocrx_word' id='word_1_32' title='bbox 1452 595 1740 670; x_wconf 77' lang='grc' dir='ltr'><strong>ἐπιδημίαν</strong></span> <span class='ocrx_word' id='word_1_33' title='bbox 1760 598 1928 669; x_wconf 75' lang='grc' dir='ltr'>ἡμῶν,</span> 
     </span>
    </p>
   </div>
   <div class='ocr_carea' id='block_1_7' title="bbox 320 684 1927 761">
    <p class='ocr_par' dir='ltr' id='par_1_7' title="bbox 320 684 1927 761">
     <span class='ocr_line' id='line_1_7' title="bbox 320 684 1927 761; baseline 0.002 -24"><span class='ocrx_word' id='word_1_34' title='bbox 320 691 413 738; x_wconf 86' lang='grc' dir='ltr'>καὶ</span> <span class='ocrx_word' id='word_1_35' title='bbox 426 685 730 761; x_wconf 75' lang='grc' dir='ltr'><strong>τελεωτέραν</strong></span> <span class='ocrx_word' id='word_1_36' title='bbox 746 688 1085 761; x_wconf 72' lang='grc' dir='ltr'><strong>παραμυθίαν</strong></span> <span class='ocrx_word' id='word_1_37' title='bbox 1101 696 1201 740; x_wconf 88' lang='grc' dir='ltr'>τῶν</span> <span class='ocrx_word' id='word_1_38' title='bbox 1212 693 1494 761; x_wconf 80' lang='grc' dir='ltr'>γενομένων</span> <span class='ocrx_word' id='word_1_39' title='bbox 1511 684 1779 751; x_wconf 80' lang='grc' dir='ltr'>ἐκδέξεσθε</span> <span class='ocrx_word' id='word_1_40' title='bbox 1792 688 1927 752; x_wconf 75' lang='grc'><strong>(94),</strong></span> 
     </span>
    </p>
   </div>
   <div class='ocr_carea' id='block_1_8' title="bbox 321 774 1376 850">
    <p class='ocr_par' dir='ltr' id='par_1_8' title="bbox 321 774 1376 850">
     <span class='ocr_line' id='line_1_8' title="bbox 321 774 1376 850; baseline 0.006 -22"><span class='ocrx_word' id='word_1_41' title='bbox 321 774 410 828; x_wconf 77' lang='grc' dir='ltr'><strong>ἐὰν</strong></span> <span class='ocrx_word' id='word_1_42' title='bbox 440 782 594 829; x_wconf 84' lang='grc' dir='ltr'>τοῦτο</span> <span class='ocrx_word' id='word_1_43' title='bbox 621 778 742 849; x_wconf 78' lang='grc' dir='ltr'>ὑμῖν</span> <span class='ocrx_word' id='word_1_44' title='bbox 774 775 1055 848; x_wconf 76' lang='grc' dir='ltr'>ἀναγκαῖον</span> <span class='ocrx_word' id='word_1_45' title='bbox 1084 786 1376 850; x_wconf 74' lang='grc' dir='ltr'>καταφανῇ.</span> 
     </span>
    </p>
   </div>
   <div class='ocr_carea' id='block_1_9' title="bbox 849 866 1390 923">
    <p class='ocr_par' dir='ltr' id='par_1_9' title="bbox 849 866 1390 923">
     <span class='ocr_line' id='line_1_9' title="bbox 849 866 1390 923; baseline 0.006 -4"><span class='ocrx_word' id='word_1_46' title='bbox 849 873 1184 920; x_wconf 73' lang='grc' dir='ltr'><strong>ΕΠΙΣΤΟΛΙΙ</strong></span> <span class='ocrx_word' id='word_1_47' title='bbox 1225 866 1390 923; x_wconf 81' lang='grc' dir='ltr'>ΣΚΘ’.</span> 
     </span>
    </p>
   </div>
   <div class='ocr_carea' id='block_1_10' title="bbox 2040 602 3696 682">
    <p class='ocr_par' dir='ltr' id='par_1_10' title="bbox 2040 602 3696 682">
     <span class='ocr_line' id='line_1_10' title="bbox 2040 602 3696 682; baseline 0.01 -29"><span class='ocrx_word' id='word_1_48' title='bbox 2040 612 2249 656; x_wconf 88' lang='lat' dir='ltr'><strong>eorum</strong></span> <span class='ocrx_word' id='word_1_49' title='bbox 2276 617 2412 674; x_wconf 78' lang='lat' dir='ltr'><strong>quae</strong></span> <span class='ocrx_word' id='word_1_50' title='bbox 2437 602 2597 660; x_wconf 90' lang='lat' dir='ltr'><strong>facta</strong></span> <span class='ocrx_word' id='word_1_51' title='bbox 2622 610 2758 661; x_wconf 89' lang='lat' dir='ltr'><strong>sunt</strong></span> <span class='ocrx_word' id='word_1_52' title='bbox 2788 604 3072 662; x_wconf 77' lang='lat' dir='ltr'><strong>solatium</strong></span> <span class='ocrx_word' id='word_1_53' title='bbox 3093 607 3417 682; x_wconf 80' lang='lat' dir='ltr'><strong>accipietis,</strong></span> <span class='ocrx_word' id='word_1_54' title='bbox 3443 610 3493 666; x_wconf 89' lang='lat' dir='ltr'><strong>si</strong></span> <span class='ocrx_word' id='word_1_55' title='bbox 3513 612 3696 668; x_wconf 89' lang='lat' dir='ltr'><strong>modo</strong></span> 
     </span>
    </p>
   </div>
   <div class='ocr_carea' id='block_1_11' title="bbox 2041 686 3099 753">
    <p class='ocr_par' dir='ltr' id='par_1_11' title="bbox 2041 686 3099 753">
     <span class='ocr_line' id='line_1_11' title="bbox 2041 686 3099 753; baseline 0.008 -10"><span class='ocrx_word' id='word_1_56' title='bbox 2041 686 2105 743; x_wconf 89' lang='lat' dir='ltr'><strong>id</strong></span> <span class='ocrx_word' id='word_1_57' title='bbox 2133 688 2307 746; x_wconf 87' lang='lat' dir='ltr'><strong>vobis</strong></span> <span class='ocrx_word' id='word_1_58' title='bbox 2337 693 2754 751; x_wconf 86' lang='lat' dir='ltr'><strong>necessarium</strong></span> <span class='ocrx_word' id='word_1_59' title='bbox 2780 694 3099 753; x_wconf 77' lang='lat' dir='ltr'><strong>videbitur.</strong></span> 
     </span>
    </p>
   </div>
   <div class='ocr_carea' id='block_1_12' title="bbox 2524 869 3199 933">
    <p class='ocr_par' dir='ltr' id='par_1_12' title="bbox 2524 869 3199 933">
     <span class='ocr_line' id='line_1_12' title="bbox 2524 869 3199 933; baseline 0.01 -8"><span class='ocrx_word' id='word_1_60' title='bbox 2524 869 2859 930; x_wconf 74' lang='lat' dir='ltr'><strong>EPISTOLA</strong></span> <span class='ocrx_word' id='word_1_61' title='bbox 2910 875 3199 933; x_wconf 76' lang='lat' dir='ltr'><strong>CCXXIX&#39;.</strong></span> 
     </span>
    </p>
   </div>
   <div class='ocr_carea' id='block_1_13' title="bbox 314 963 3703 1046">
    <p class='ocr_par' dir='ltr' id='par_1_13' title="bbox 314 963 3703 1046">
     <span class='ocr_line' id='line_1_13' title="bbox 314 963 3703 1046; baseline 0.003 -22"><span class='ocrx_word' id='word_1_62' title='bbox 314 963 590 1046; x_wconf 57' lang='lat' dir='ltr'><strong>Spiritus</strong></span> <span class='ocrx_word' id='word_1_63' title='bbox 613 966 810 1046; x_wconf 62' lang='lat' dir='ltr'><strong>sancti</strong></span> <span class='ocrx_word' id='word_1_64' title='bbox 845 965 1356 1046; x_wconf 60' lang='lat' dir='ltr'><strong>consitiofactun}</strong></span> <span class='ocrx_word' id='word_1_65' title='bbox 1387 979 1655 1046; x_wconf 56' lang='lat' dir='ltr'><strong>essenon</strong></span> <span class='ocrx_word' id='word_1_66' title='bbox 1677 963 1933 1046; x_wconf 56' lang='lat' dir='ltr'><strong>dubitat,</strong></span> <span class='ocrx_word' id='word_1_67' title='bbox 1968 964 2307 1046; x_wconf 59' lang='lat' dir='ltr'><strong>quodppitd</strong></span> <span class='ocrx_word' id='word_1_68' title='bbox 2328 983 2423 1024; x_wconf 85' lang='lat' dir='ltr'><strong>eos</strong></span> <span class='ocrx_word' id='word_1_69' title='bbox 2446 971 2680 1046; x_wconf 63' lang='lat' dir='ltr'><strong>factum</strong></span> <span class='ocrx_word' id='word_1_70' title='bbox 2705 972 2932 1046; x_wconf 67' lang='lat' dir='ltr'><strong>fuerat.</strong></span> <span class='ocrx_word' id='word_1_71' title='bbox 2966 973 3205 1030; x_wconf 80' lang='lat' dir='ltr'><strong>Laudat</strong></span> <span class='ocrx_word' id='word_1_72' title='bbox 3230 974 3526 1032; x_wconf 70' lang='lat' dir='ltr'><strong>Pmmem&#39;z&#39;</strong></span> <span class='ocrx_word' id='word_1_73' title='bbox 3553 981 3703 1046; x_wconf 78' lang='lat' dir='ltr'><strong>pru‘</strong></span> 
     </span>
    </p>
   </div>
   <div class='ocr_carea' id='block_1_14' title="bbox 393 1035 3699 1119">
    <p class='ocr_par' dir='ltr' id='par_1_14' title="bbox 393 1035 3699 1119">
     <span class='ocr_line' id='line_1_14' title="bbox 393 1035 3699 1119; baseline 0.005 -28"><span class='ocrx_word' id='word_1_74' title='bbox 393 1035 662 1119; x_wconf 66' lang='lat' dir='ltr'><strong>dentiam</strong></span> <span class='ocrx_word' id='word_1_75' title='bbox 690 1037 835 1119; x_wconf 79' lang='lat' dir='ltr'><strong>et_in</strong></span> <span class='ocrx_word' id='word_1_76' title='bbox 864 1052 931 1093; x_wconf 83' lang='lat' dir='ltr'><strong>re</strong></span> <span class='ocrx_word' id='word_1_77' title='bbox 972 1039 1175 1095; x_wconf 79' lang='lat' dir='ltr'><strong>statim</strong></span> <span class='ocrx_word' id='word_1_78' title='bbox 1200 1036 1571 1108; x_wconf 73' lang='lat' dir='ltr'><strong>perﬁcienda</strong></span> <span class='ocrx_word' id='word_1_79' title='bbox 1595 1035 2042 1107; x_wconf 77' lang='lat' dir='ltr'><strong>fortitudinem.</strong></span> <span class='ocrx_word' id='word_1_80' title='bbox 2085 1038 2390 1095; x_wconf 77' lang='lat' dir='ltr'><strong>Hortatur</strong></span> <span class='ocrx_word' id='word_1_81' title='bbox 2429 1035 2503 1098; x_wconf 65' lang='lat' dir='ltr'><strong>ne</strong></span> <span class='ocrx_word' id='word_1_82' title='bbox 2534 1035 2910 1102; x_wconf 63' lang='lat' dir='ltr'><strong>Colonienses</strong></span> <span class='ocrx_word' id='word_1_83' title='bbox 2940 1046 3184 1103; x_wconf 63' lang='lat' dir='ltr'><strong>iri-item</strong></span> <span class='ocrx_word' id='word_1_84' title='bbox 3207 1065 3229 1102; x_wconf 93' lang='grc'>.·</span> <span class='ocrx_word' id='word_1_85' title='bbox 3251 1062 3410 1117; x_wconf 76' lang='lat' dir='ltr'><strong>spem</strong></span> <span class='ocrx_word' id='word_1_86' title='bbox 3438 1035 3608 1119; x_wconf 59' lang='lat' dir='ltr'><strong>effert</strong></span> <span class='ocrx_word' id='word_1_87' title='bbox 3637 1064 3699 1107; x_wconf 85' lang='lat' dir='ltr'><strong>se</strong></span> 
     </span>
    </p>
   </div>
   <div class='ocr_carea' id='block_1_15' title="bbox 391 1109 968 1165">
    <p class='ocr_par' dir='ltr' id='par_1_15' title="bbox 391 1109 968 1165">
     <span class='ocr_line' id='line_1_15' title="bbox 391 1109 968 1165; baseline -0.002 0"><span class='ocrx_word' id='word_1_88' title='bbox 391 1109 475 1165; x_wconf 87' lang='lat' dir='ltr'><strong>ad</strong></span> <span class='ocrx_word' id='word_1_89' title='bbox 505 1122 598 1164; x_wconf 88' lang='lat' dir='ltr'><strong>eos</strong></span> <span class='ocrx_word' id='word_1_90' title='bbox 625 1114 968 1165; x_wconf 82' lang='lat' dir='ltr'><strong>venturum.</strong></span> 
     </span>
    </p>
   </div>
   <div class='ocr_carea' id='block_1_16' title="bbox 731 1225 1510 1301">
    <p class='ocr_par' dir='ltr' id='par_1_16' title="bbox 731 1225 1510 1301">
     <span class='ocr_line' id='line_1_16' title="bbox 731 1225 1510 1301; baseline -0.004 -21"><span class='ocrx_word' id='word_1_91' title='bbox 731 1233 851 1289; x_wconf 88' lang='grc' dir='ltr'><strong>Τοῖς</strong></span> <span class='ocrx_word' id='word_1_92' title='bbox 881 1225 1145 1301; x_wconf 86' lang='grc' dir='ltr'>κληρικοῐς</span> <span class='ocrx_word' id='word_1_93' title='bbox 1169 1227 1510 1287; x_wconf 77' lang='grc' dir='ltr'><strong>Νικοπόλεως.</strong></span> 
     </span>
    </p>
   </div>
   <div class='ocr_carea' id='block_1_17' title="bbox 400 1331 1927 1408">
    <p class='ocr_par' dir='ltr' id='par_1_17' title="bbox 400 1331 1927 1408">
     <span class='ocr_line' id='line_1_17' title="bbox 400 1331 1927 1408; baseline -0.003 -18"><span class='ocrx_word' id='word_1_94' title='bbox 400 1338 451 1392; x_wconf 78' lang='lat' dir='ltr'><strong>I.</strong></span> <span class='ocrx_word' id='word_1_95' title='bbox 494 1337 597 1387; x_wconf 79' lang='grc' dir='ltr'><strong>Καὶ</strong></span> <span class='ocrx_word' id='word_1_96' title='bbox 645 1334 769 1407; x_wconf 87' lang='grc' dir='ltr'>παρ’</span> <span class='ocrx_word' id='word_1_97' title='bbox 820 1334 929 1396; x_wconf 82' lang='grc' dir='ltr'>ἐνὸς</span> <span class='ocrx_word' id='word_1_98' title='bbox 980 1334 1220 1396; x_wconf 74' lang='grc' dir='ltr'>εὐλαϐοῦς</span> <span class='ocrx_word' id='word_1_99' title='bbox 1270 1340 1361 1387; x_wconf 86' lang='grc' dir='ltr'>καὶ</span> <span class='ocrx_word' id='word_1_100' title='bbox 1414 1331 1659 1408; x_wconf 84' lang='grc' dir='ltr'><strong>δευτέρου</strong></span> <span class='ocrx_word' id='word_1_101' title='bbox 1714 1336 1927 1406; x_wconf 79' lang='grc' dir='ltr'>γενόμε-</span> 
     </span>
    </p>
   </div>
   <div class='ocr_carea' id='block_1_18' title="bbox 313 1423 1926 1500">
    <p class='ocr_par' dir='ltr' id='par_1_18' title="bbox 313 1423 1926 1500">
     <span class='ocr_line' id='line_1_18' title="bbox 313 1423 1926 1500; baseline -0.002 -23"><span class='ocrx_word' id='word_1_102' title='bbox 313 1443 407 1477; x_wconf 80' lang='grc' dir='ltr'><strong>νον</strong></span> <span class='ocrx_word' id='word_1_103' title='bbox 448 1426 597 1498; x_wconf 75' lang='grc' dir='ltr'>ἔργον</span> <span class='ocrx_word' id='word_1_104' title='bbox 636 1423 953 1500; x_wconf 86' lang='grc' dir='ltr'>πληροφορεί</span> <span class='ocrx_word' id='word_1_105' title='bbox 989 1426 1129 1497; x_wconf 81' lang='grc' dir='ltr'>ἡμᾶς</span> <span class='ocrx_word' id='word_1_106' title='bbox 1167 1432 1227 1497; x_wconf 79' lang='grc' dir='ltr'>τῇ</span> <span class='ocrx_word' id='word_1_107' title='bbox 1282 1424 1577 1497; x_wconf 81' lang='grc' dir='ltr'>συμϐουλίᾳ</span> <span class='ocrx_word' id='word_1_108' title='bbox 1621 1431 1714 1476; x_wconf 82' lang='grc' dir='ltr'><strong>τοῦ</strong></span> <span class='ocrx_word' id='word_1_109' title='bbox 1758 1425 1926 1476; x_wconf 66' lang='grc' dir='ltr'>Πνεύς</span> 
     </span>
    </p>
   </div>
   <div class='ocr_carea' id='block_1_19' title="bbox 314 1499 1930 1589">
    <p class='ocr_par' dir='ltr' id='par_1_19' title="bbox 314 1499 1930 1589">
     <span class='ocr_line' id='line_1_19' title="bbox 314 1499 1930 1589; baseline -0.003 -23"><span class='ocrx_word' id='word_1_110' title='bbox 314 1532 492 1588; x_wconf 82' lang='grc' dir='ltr'>ματος</span> <span class='ocrx_word' id='word_1_111' title='bbox 539 1499 832 1586; x_wconf 73' lang='grc' dir='ltr'>γίγνεσθαι.</span> <span class='ocrx_word' id='word_1_112' title='bbox 897 1512 1061 1566; x_wconf 83' lang='grc' dir='ltr'>Ὀταν</span> <span class='ocrx_word' id='word_1_113' title='bbox 1123 1516 1226 1589; x_wconf 79' lang='grc' dir='ltr'>γὰρ</span> <span class='ocrx_word' id='word_1_114' title='bbox 1286 1511 1452 1587; x_wconf 69' lang='grc' dir='ltr'>μηδὲν</span> <span class='ocrx_word' id='word_1_115' title='bbox 1611 1513 1930 1588; x_wconf 79' lang='grc' dir='ltr'>ἀνθρώπινον</span> 
     </span>
    </p>
   </div>
   <div class='ocr_carea' id='block_1_20' title="bbox 312 1600 1931 1678">
    <p class='ocr_par' dir='ltr' id='par_1_20' title="bbox 312 1600 1931 1678">
     <span class='ocr_line' id='line_1_20' title="bbox 312 1600 1931 1678; baseline -0.002 -22"><span class='ocrx_word' id='word_1_116' title='bbox 312 1606 427 1678; x_wconf 78' lang='grc' dir='ltr'>πρὸ</span> <span class='ocrx_word' id='word_1_117' title='bbox 483 1602 758 1675; x_wconf 74' lang='grc' dir='ltr'><strong>ὀφθαλμῶν</strong></span> <span class='ocrx_word' id='word_1_118' title='bbox 811 1608 1060 1675; x_wconf 89' lang='grc' dir='ltr'>κείμενον,</span> <span class='ocrx_word' id='word_1_119' title='bbox 1120 1600 1259 1676; x_wconf 68' lang='grc' dir='ltr'>μηδὲ</span> <span class='ocrx_word' id='word_1_120' title='bbox 1316 1611 1495 1675; x_wconf 80' lang='grc' dir='ltr'>σκοπῷ</span> <span class='ocrx_word' id='word_1_121' title='bbox 1549 1603 1741 1664; x_wconf 80' lang='grc' dir='ltr'>οἰκείας</span> <span class='ocrx_word' id='word_1_122' title='bbox 1797 1604 1931 1653; x_wconf 83' lang='grc' dir='ltr'><strong>ἁπο-</strong></span> 
     </span>
    </p>
   </div>
   <div class='ocr_carea' id='block_1_21' title="bbox 316 1692 1929 1767">
    <p class='ocr_par' dir='ltr' id='par_1_21' title="bbox 316 1692 1929 1767">
     <span class='ocr_line' id='line_1_21' title="bbox 316 1692 1929 1767; baseline 0 -22"><span class='ocrx_word' id='word_1_123' title='bbox 316 1693 557 1754; x_wconf 79' lang='grc' dir='ltr'>λαύσεως</span> <span class='ocrx_word' id='word_1_124' title='bbox 613 1694 743 1765; x_wconf 83' lang='grc' dir='ltr'>πρὸς</span> <span class='ocrx_word' id='word_1_125' title='bbox 783 1695 875 1754; x_wconf 80' lang='grc' dir='ltr'>τὰς</span> <span class='ocrx_word' id='word_1_126' title='bbox 932 1693 1188 1767; x_wconf 76' lang='grc' dir='ltr'>ἐνεργείας</span> <span class='ocrx_word' id='word_1_127' title='bbox 1242 1694 1473 1766; x_wconf 81' lang='grc' dir='ltr'><strong>ὁρμῶσιν</strong></span> <span class='ocrx_word' id='word_1_128' title='bbox 1543 1695 1593 1746; x_wconf 83' lang='grc' dir='ltr'><strong>οἱ</strong></span> <span class='ocrx_word' id='word_1_129' title='bbox 1630 1694 1768 1745; x_wconf 87' lang='grc' dir='ltr'>ὅσιοι</span> <span class='ocrx_word' id='word_1_130' title='bbox 1794 1692 1929 1763; x_wconf 75' lang='grc'>(95),</span> 
     </span>
    </p>
   </div>
   <div class='ocr_carea' id='block_1_22' title="bbox 318 1779 1931 1859">
    <p class='ocr_par' dir='ltr' id='par_1_22' title="bbox 318 1779 1931 1859">
     <span class='ocr_line' id='line_1_22' title="bbox 318 1779 1931 1859; baseline -0.001 -24"><span class='ocrx_word' id='word_1_131' title='bbox 318 1781 439 1835; x_wconf 77' lang='grc' dir='ltr'>ἀλλ’</span> <span class='ocrx_word' id='word_1_132' title='bbox 485 1784 513 1834; x_wconf 86' lang='grc' dir='ltr'><em>ὅ</em></span> <span class='ocrx_word' id='word_1_133' title='bbox 567 1801 619 1834; x_wconf 87' lang='grc' dir='ltr'><strong>τι</strong></span> <span class='ocrx_word' id='word_1_134' title='bbox 670 1781 942 1856; x_wconf 77' lang='grc' dir='ltr'>εὐάρεστον</span> <span class='ocrx_word' id='word_1_135' title='bbox 984 1790 1056 1853; x_wconf 85' lang='grc' dir='ltr'>τῷ</span> <span class='ocrx_word' id='word_1_136' title='bbox 1107 1791 1220 1855; x_wconf 83' lang='grc' dir='ltr'>Θεῷ</span> <span class='ocrx_word' id='word_1_137' title='bbox 1258 1785 1584 1859; x_wconf 74' lang='grc' dir='ltr'><strong>προθέμενοι,</strong></span> <span class='ocrx_word' id='word_1_138' title='bbox 1635 1779 1813 1847; x_wconf 74' lang='grc' dir='ltr'>δῆλον,</span> <span class='ocrx_word' id='word_1_139' title='bbox 1850 1781 1931 1834; x_wconf 85' lang='grc' dir='ltr'>ὅτι</span> 
     </span>
    </p>
   </div>
   <div class='ocr_carea' id='block_1_23' title="bbox 315 1869 1254 1946">
    <p class='ocr_par' dir='ltr' id='par_1_23' title="bbox 315 1869 1254 1946">
     <span class='ocr_line' id='line_1_23' title="bbox 315 1869 1254 1946; baseline -0.003 -19"><span class='ocrx_word' id='word_1_140' title='bbox 315 1875 519 1945; x_wconf 79' lang='grc' dir='ltr'>Κύριός</span> <span class='ocrx_word' id='word_1_141' title='bbox 592 1869 733 1924; x_wconf 86' lang='grc' dir='ltr'>ἐστιν</span> <span class='ocrx_word' id='word_1_142' title='bbox 800 1873 826 1923; x_wconf 88' lang='grc' dir='ltr'><strong><em>ὁ</em></strong></span> <span class='ocrx_word' id='word_1_143' title='bbox 889 1874 977 1933; x_wconf 80' lang='grc' dir='ltr'>τὰς</span> <span class='ocrx_word' id='word_1_144' title='bbox 1027 1869 1254 1946; x_wconf 72' lang='grc' dir='ltr'>καρδίας</span> 
     </span>
    </p>
   </div>
   <div class='ocr_carea' id='block_1_24' title="bbox 1960 1820 2003 1875">
    <p class='ocr_par' dir='ltr' id='par_1_24' title="bbox 1960 1820 2003 1875">
     <span class='ocr_line' id='line_1_24' title="bbox 1960 1820 2003 1875; baseline 0 0"><span class='ocrx_word' id='word_1_145' title='bbox 1960 1820 2003 1875; x_wconf 92' lang='grc' dir='ltr'>Β</span> 
     </span>
    </p>
   </div>
   <div class='ocr_carea' id='block_1_25' title="bbox 1334 1873 1925 1928">
    <p class='ocr_par' dir='ltr' id='par_1_25' title="bbox 1334 1873 1925 1928">
     <span class='ocr_line' id='line_1_25' title="bbox 1334 1873 1925 1928; baseline -0.003 -4"><span class='ocrx_word' id='word_1_146' title='bbox 1334 1873 1503 1926; x_wconf 68' lang='grc' dir='ltr'>αὐτῶν</span> <span class='ocrx_word' id='word_1_147' title='bbox 1582 1892 1737 1925; x_wconf 84' lang='grc' dir='ltr'>κατευ</span> <span class='ocrx_word' id='word_1_148' title='bbox 1745 1874 1925 1928; x_wconf 81' lang='grc' dir='ltr'>θύνων.</span> 
     </span>
    </p>
   </div>
   <div class='ocr_carea' id='block_1_26' title="bbox 308 1957 1927 2036">
    <p class='ocr_par' dir='ltr' id='par_1_26' title="bbox 308 1957 1927 2036">
     <span class='ocr_line' id='line_1_26' title="bbox 308 1957 1927 2036; baseline -0.001 -22"><span class='ocrx_word' id='word_1_149' title='bbox 308 1962 497 2014; x_wconf 84' lang='grc' dir='ltr'>Ὀπου</span> <span class='ocrx_word' id='word_1_150' title='bbox 566 1957 627 2014; x_wconf 68' lang='grc' dir='ltr'><strong>δὲ</strong></span> <span class='ocrx_word' id='word_1_151' title='bbox 687 1957 872 2034; x_wconf 82' lang='grc' dir='ltr'>ἄνδρες</span> <span class='ocrx_word' id='word_1_152' title='bbox 954 1968 1295 2034; x_wconf 83' lang='grc' dir='ltr'>πνευματικοὶ</span> <span class='ocrx_word' id='word_1_153' title='bbox 1380 1971 1480 2015; x_wconf 75' lang='grc' dir='ltr'>τῶν</span> <span class='ocrx_word' id='word_1_154' title='bbox 1560 1961 1927 2036; x_wconf 77' lang='grc' dir='ltr'>βουλευμάτων</span> 
     </span>
    </p>
   </div>
   <div class='ocr_carea' id='block_1_27' title="bbox 317 2048 1930 2128">
    <p class='ocr_par' dir='ltr' id='par_1_27' title="bbox 317 2048 1930 2128">
     <span class='ocr_line' id='line_1_27' title="bbox 317 2048 1930 2128; baseline -0.001 -23"><span class='ocrx_word' id='word_1_155' title='bbox 317 2054 715 2125; x_wconf 79' lang='grc' dir='ltr'>κατάρχουσιν,</span> <span class='ocrx_word' id='word_1_156' title='bbox 756 2052 933 2104; x_wconf 80' lang='grc' dir='ltr'>ἕπεται</span> <span class='ocrx_word' id='word_1_157' title='bbox 973 2048 1032 2105; x_wconf 78' lang='grc' dir='ltr'>δε</span> <span class='ocrx_word' id='word_1_158' title='bbox 1068 2054 1269 2113; x_wconf 82' lang='grc' dir='ltr'><strong>τούτοις</strong></span> <span class='ocrx_word' id='word_1_159' title='bbox 1296 2052 1414 2113; x_wconf 88' lang='grc' dir='ltr'>λαὸς</span> <span class='ocrx_word' id='word_1_160' title='bbox 1460 2058 1652 2128; x_wconf 82' lang='grc' dir='ltr'>Κυρίου</span> <span class='ocrx_word' id='word_1_161' title='bbox 1696 2051 1743 2104; x_wconf 86' lang='grc' dir='ltr'>ἐν</span> <span class='ocrx_word' id='word_1_162' title='bbox 1793 2071 1930 2124; x_wconf 77' lang='grc' dir='ltr'>συμο</span> 
     </span>
    </p>
   </div>
   <div class='ocr_carea' id='block_1_28' title="bbox 322 2140 1931 2215">
    <p class='ocr_par' dir='ltr' id='par_1_28' title="bbox 322 2140 1931 2215">
     <span class='ocr_line' id='line_1_28' title="bbox 322 2140 1931 2215; baseline 0.001 -23"><span class='ocrx_word' id='word_1_163' title='bbox 322 2147 490 2215; x_wconf 74' lang='grc' dir='ltr'>φωνίᾳ</span> <span class='ocrx_word' id='word_1_164' title='bbox 530 2148 628 2203; x_wconf 71' lang='grc' dir='ltr'>τῆς</span> <span class='ocrx_word' id='word_1_165' title='bbox 679 2146 913 2214; x_wconf 85' lang='grc' dir='ltr'>γνώμης,</span> <span class='ocrx_word' id='word_1_166' title='bbox 960 2145 1040 2203; x_wconf 86' lang='grc' dir='ltr'><strong>τίς</strong></span> <span class='ocrx_word' id='word_1_167' title='bbox 1096 2140 1376 2214; x_wconf 73' lang='grc' dir='ltr'>ἀμφιϐαλεῖ</span> <span class='ocrx_word' id='word_1_168' title='bbox 1427 2146 1499 2215; x_wconf 77' lang='grc' dir='ltr'>μὴ</span> <span class='ocrx_word' id='word_1_169' title='bbox 1550 2142 1677 2214; x_wconf 76' lang='grc' dir='ltr'>οὐχὶ</span> <span class='ocrx_word' id='word_1_170' title='bbox 1816 2162 1931 2194; x_wconf 88' lang='grc' dir='ltr'>κοι-</span> 
     </span>
    </p>
   </div>
   <div class='ocr_carea' id='block_1_29' title="bbox 320 2230 1933 2306">
    <p class='ocr_par' dir='ltr' id='par_1_29' title="bbox 320 2230 1933 2306">
     <span class='ocr_line' id='line_1_29' title="bbox 320 2230 1933 2306; baseline 0.001 -23"><span class='ocrx_word' id='word_1_171' title='bbox 320 2234 480 2303; x_wconf 82' lang='grc' dir='ltr'>νωνίᾳ</span> <span class='ocrx_word' id='word_1_172' title='bbox 508 2237 603 2283; x_wconf 80' lang='grc' dir='ltr'>τοῦ</span> <span class='ocrx_word' id='word_1_173' title='bbox 654 2236 849 2304; x_wconf 82' lang='grc' dir='ltr'>Κυρίου</span> <span class='ocrx_word' id='word_1_174' title='bbox 889 2232 1034 2302; x_wconf 75' lang='grc' dir='ltr'>ἡμῶν</span> <span class='ocrx_word' id='word_1_175' title='bbox 1070 2230 1246 2289; x_wconf 77' lang='grc' dir='ltr'>Ἰησοῦ</span> <span class='ocrx_word' id='word_1_176' title='bbox 1304 2239 1559 2306; x_wconf 76' lang='grc' dir='ltr'>Χριστοῦ,</span> <span class='ocrx_word' id='word_1_177' title='bbox 1591 2240 1681 2286; x_wconf 75' lang='grc' dir='ltr'>τοῦ</span> <span class='ocrx_word' id='word_1_178' title='bbox 1712 2236 1769 2284; x_wconf 86' lang='grc' dir='ltr'>τὸ</span> <span class='ocrx_word' id='word_1_179' title='bbox 1800 2233 1933 2304; x_wconf 82' lang='grc' dir='ltr'>αἷμα</span> 
     </span>
    </p>
   </div>
   <div class='ocr_carea' id='block_1_30' title="bbox 318 2320 1932 2396">
    <p class='ocr_par' dir='ltr' id='par_1_30' title="bbox 318 2320 1932 2396">
     <span class='ocr_line' id='line_1_30' title="bbox 318 2320 1932 2396; baseline -0.001 -21"><span class='ocrx_word' id='word_1_180' title='bbox 318 2321 486 2375; x_wconf 74' lang='grc' dir='ltr'>αὑτοῦ</span> <span class='ocrx_word' id='word_1_181' title='bbox 545 2322 672 2396; x_wconf 76' lang='grc' dir='ltr'>ὑπὲρ</span> <span class='ocrx_word' id='word_1_182' title='bbox 738 2329 839 2372; x_wconf 82' lang='grc' dir='ltr'>τῶν</span> <span class='ocrx_word' id='word_1_183' title='bbox 900 2320 1219 2380; x_wconf 79' lang='grc' dir='ltr'>Ἐκκλησιών</span> <span class='ocrx_word' id='word_1_184' title='bbox 1299 2321 1578 2394; x_wconf 77' lang='grc' dir='ltr'>ἐκχέαντος</span> <span class='ocrx_word' id='word_1_185' title='bbox 1641 2325 1774 2391; x_wconf 80' lang='grc'>(96),</span> <span class='ocrx_word' id='word_1_186' title='bbox 1838 2326 1932 2380; x_wconf 81' lang='grc' dir='ltr'>τὴν</span> 
     </span>
    </p>
   </div>
   <div class='ocr_carea' id='block_1_31' title="bbox 325 2410 1934 2486">
    <p class='ocr_par' dir='ltr' id='par_1_31' title="bbox 325 2410 1934 2486">
     <span class='ocr_line' id='line_1_31' title="bbox 325 2410 1934 2486; baseline 0.001 -21"><span class='ocrx_word' id='word_1_187' title='bbox 325 2411 527 2486; x_wconf 70' lang='grc' dir='ltr'>βουλὴν</span> <span class='ocrx_word' id='word_1_188' title='bbox 556 2413 911 2484; x_wconf 81' lang='grc' dir='ltr'>γεγενῆσθαι;</span> <span class='ocrx_word' id='word_1_189' title='bbox 970 2410 1122 2464; x_wconf 83' lang='grc' dir='ltr'>Ὀθεν</span> <span class='ocrx_word' id='word_1_190' title='bbox 1172 2417 1261 2465; x_wconf 84' lang='grc' dir='ltr'><strong>καὶ</strong></span> <span class='ocrx_word' id='word_1_191' title='bbox 1304 2412 1454 2466; x_wconf 78' lang='grc' dir='ltr'>αὐτοὶ</span> <span class='ocrx_word' id='word_1_192' title='bbox 1490 2413 1654 2474; x_wconf 87' lang='grc' dir='ltr'>καλῶς</span> <span class='ocrx_word' id='word_1_193' title='bbox 1693 2412 1934 2466; x_wconf 73' lang='grc' dir='ltr'>εἰκάσατε</span> 
     </span>
    </p>
   </div>
   <div class='ocr_carea' id='block_1_32' title="bbox 318 2498 1933 2577">
    <p class='ocr_par' dir='ltr' id='par_1_32' title="bbox 318 2498 1933 2577">
     <span class='ocr_line' id='line_1_32' title="bbox 318 2498 1933 2577; baseline 0 -24"><span class='ocrx_word' id='word_1_194' title='bbox 318 2505 411 2554; x_wconf 86' lang='grc' dir='ltr'>τὸν</span> <span class='ocrx_word' id='word_1_195' title='bbox 464 2499 856 2574; x_wconf 85' lang='grc' dir='ltr'>θεοφιλέστατον</span> <span class='ocrx_word' id='word_1_196' title='bbox 916 2498 1135 2574; x_wconf 67' lang='grc' dir='ltr'>ἀδελφὸν</span> <span class='ocrx_word' id='word_1_197' title='bbox 1187 2504 1334 2574; x_wconf 73' lang='grc' dir='ltr'>ἡμῶν</span> <span class='ocrx_word' id='word_1_198' title='bbox 1390 2507 1480 2554; x_wconf 89' lang='grc' dir='ltr'><strong>καὶ</strong></span> <span class='ocrx_word' id='word_1_199' title='bbox 1539 2502 1933 2577; x_wconf 79' lang='grc' dir='ltr'>συλλειτουργὸν</span> 
     </span>
    </p>
   </div>
   <div class='ocr_carea' id='block_1_33' title="bbox 324 2590 1931 2663">
    <p class='ocr_par' dir='ltr' id='par_1_33' title="bbox 324 2590 1931 2663">
     <span class='ocr_line' id='line_1_33' title="bbox 324 2590 1931 2663; baseline 0 -20"><span class='ocrx_word' id='word_1_200' title='bbox 324 2594 606 2663; x_wconf 88' lang='grc' dir='ltr'>Ποιμένιον</span> <span class='ocrx_word' id='word_1_201' title='bbox 651 2590 758 2661; x_wconf 74' lang='grc'>(97)</span> <span class='ocrx_word' id='word_1_202' title='bbox 801 2592 938 2642; x_wconf 77' lang='grc' dir='ltr'>κατὰ</span> <span class='ocrx_word' id='word_1_203' title='bbox 976 2594 1105 2643; x_wconf 87' lang='grc' dir='ltr'>Θεὸν</span> <span class='ocrx_word' id='word_1_204' title='bbox 1143 2593 1472 2658; x_wconf 84' lang='grc' dir='ltr'>κεκινῆσθαι,</span> <span class='ocrx_word' id='word_1_205' title='bbox 1521 2593 1575 2654; x_wconf 86' lang='grc' dir='ltr'>ὅς</span> <span class='ocrx_word' id='word_1_206' title='bbox 1613 2596 1704 2643; x_wconf 81' lang='grc' dir='ltr'>καὶ</span> <span class='ocrx_word' id='word_1_207' title='bbox 1743 2590 1931 2650; x_wconf 84' lang='grc' dir='ltr'><strong>ἐπέστη</strong></span> 
     </span>
    </p>
   </div>
   <div class='ocr_carea' id='block_1_34' title="bbox 324 2677 1935 2756">
    <p class='ocr_par' dir='ltr' id='par_1_34' title="bbox 324 2677 1935 2756">
     <span class='ocr_line' id='line_1_34' title="bbox 324 2677 1935 2756; baseline 0.001 -23"><span class='ocrx_word' id='word_1_208' title='bbox 324 2683 452 2753; x_wconf 82' lang='grc' dir='ltr'>ὑμῖν</span> <span class='ocrx_word' id='word_1_209' title='bbox 487 2678 534 2732; x_wconf 84' lang='grc' dir='ltr'>ἐν</span> <span class='ocrx_word' id='word_1_210' title='bbox 573 2687 764 2754; x_wconf 85' lang='grc' dir='ltr'>καιρῷ,</span> <span class='ocrx_word' id='word_1_211' title='bbox 812 2684 902 2732; x_wconf 86' lang='grc' dir='ltr'><strong>καὶ</strong></span> <span class='ocrx_word' id='word_1_212' title='bbox 940 2677 1088 2752; x_wconf 74' lang='grc' dir='ltr'>ᾖλθεν</span> <span class='ocrx_word' id='word_1_213' title='bbox 1130 2679 1212 2733; x_wconf 82' lang='grc' dir='ltr'><strong>ἐπὶ</strong></span> <span class='ocrx_word' id='word_1_214' title='bbox 1255 2684 1342 2732; x_wconf 87' lang='grc' dir='ltr'><strong>τόν</strong></span> <span class='ocrx_word' id='word_1_215' title='bbox 1389 2686 1577 2756; x_wconf 78' lang='grc' dir='ltr'>τρόπον</span> <span class='ocrx_word' id='word_1_216' title='bbox 1622 2689 1802 2734; x_wconf 83' lang='grc' dir='ltr'>τοῦτον</span> <span class='ocrx_word' id='word_1_217' title='bbox 1843 2689 1935 2741; x_wconf 79' lang='grc' dir='ltr'>τῆς</span> 
     </span>
    </p>
   </div>
   <div class='ocr_carea' id='block_1_35' title="bbox 325 2769 1934 2844">
    <p class='ocr_par' dir='ltr' id='par_1_35' title="bbox 325 2769 1934 2844">
     <span class='ocr_line' id='line_1_35' title="bbox 325 2769 1934 2844; baseline 0.001 -22"><span class='ocrx_word' id='word_1_218' title='bbox 325 2771 685 2843; x_wconf 86' lang='grc' dir='ltr'>παραμυθίας.</span> <span class='ocrx_word' id='word_1_219' title='bbox 734 2770 810 2822; x_wconf 79' lang='grc' dir='ltr'><strong>Οὗ</strong></span> <span class='ocrx_word' id='word_1_220' title='bbox 876 2769 978 2841; x_wconf 82' lang='grc' dir='ltr'><strong>ἐγὼ</strong></span> <span class='ocrx_word' id='word_1_221' title='bbox 1044 2769 1173 2841; x_wconf 74' lang='grc' dir='ltr'><strong>οὐχὶ</strong></span> <span class='ocrx_word' id='word_1_222' title='bbox 1228 2774 1323 2828; x_wconf 73' lang='grc' dir='ltr'>τὴν</span> <span class='ocrx_word' id='word_1_223' title='bbox 1381 2771 1580 2844; x_wconf 75' lang='grc' dir='ltr'>εὕρεσιν</span> <span class='ocrx_word' id='word_1_224' title='bbox 1641 2775 1792 2843; x_wconf 82' lang='grc' dir='ltr'>μόνον</span> <span class='ocrx_word' id='word_1_225' title='bbox 1842 2790 1934 2823; x_wconf 85' lang='grc' dir='ltr'>του</span> 
     </span>
    </p>
   </div>
   <div class='ocr_carea' id='block_1_36' title="bbox 333 2858 1932 2932">
    <p class='ocr_par' dir='ltr' id='par_1_36' title="bbox 333 2858 1932 2932">
     <span class='ocr_line' id='line_1_36' title="bbox 333 2858 1932 2932; baseline 0.001 -22"><span class='ocrx_word' id='word_1_226' title='bbox 333 2863 683 2932; x_wconf 74' lang='grc' dir='ltr'>συμφέροντος</span> <span class='ocrx_word' id='word_1_227' title='bbox 738 2858 948 2928; x_wconf 78' lang='grc' dir='ltr'>ἐπαινῶ,</span> <span class='ocrx_word' id='word_1_228' title='bbox 1001 2858 1128 2912; x_wconf 80' lang='grc' dir='ltr'>ἀλλά</span> <span class='ocrx_word' id='word_1_229' title='bbox 1172 2864 1263 2912; x_wconf 81' lang='grc' dir='ltr'>καὶ</span> <span class='ocrx_word' id='word_1_230' title='bbox 1309 2863 1367 2913; x_wconf 88' lang='grc' dir='ltr'>τὸ</span> <span class='ocrx_word' id='word_1_231' title='bbox 1413 2870 1508 2923; x_wconf 79' lang='grc' dir='ltr'>τῆς</span> <span class='ocrx_word' id='word_1_232' title='bbox 1555 2867 1761 2932; x_wconf 81' lang='grc' dir='ltr'>γνώμης</span> <span class='ocrx_word' id='word_1_233' title='bbox 1820 2880 1932 2931; x_wconf 83' lang='grc' dir='ltr'>γεν-</span> 
     </span>
    </p>
   </div>
   <div class='ocr_carea' id='block_1_37' title="bbox 328 2949 1934 3022">
    <p class='ocr_par' dir='ltr' id='par_1_37' title="bbox 328 2949 1934 3022">
     <span class='ocr_line' id='line_1_37' title="bbox 328 2949 1934 3022; baseline 0 -22"><span class='ocrx_word' id='word_1_234' title='bbox 328 2954 476 3001; x_wconf 84' lang='grc' dir='ltr'>ναῖον</span> <span class='ocrx_word' id='word_1_235' title='bbox 516 2949 785 3022; x_wconf 72' lang='grc' dir='ltr'>θαυμάζω,</span> <span class='ocrx_word' id='word_1_236' title='bbox 842 2950 938 3016; x_wconf 85' lang='grc' dir='ltr'>ὅτι,</span> <span class='ocrx_word' id='word_1_237' title='bbox 1002 2953 1073 3022; x_wconf 78' lang='grc' dir='ltr'>μὴ</span> <span class='ocrx_word' id='word_1_238' title='bbox 1143 2949 1214 3010; x_wconf 83' lang='grc' dir='ltr'>εἰς</span> <span class='ocrx_word' id='word_1_239' title='bbox 1275 2951 1577 3021; x_wconf 78' lang='grc' dir='ltr'>ὑπερθέσεις</span> <span class='ocrx_word' id='word_1_240' title='bbox 1628 2950 1837 3021; x_wconf 80' lang='grc' dir='ltr'>ἀγαγὼν</span> <span class='ocrx_word' id='word_1_241' title='bbox 1877 2952 1934 3009; x_wconf 81' lang='grc' dir='ltr'>τὸ</span> 
     </span>
    </p>
   </div>
   <div class='ocr_carea' id='block_1_38' title="bbox 324 3036 1935 3113">
    <p class='ocr_par' dir='ltr' id='par_1_38' title="bbox 324 3036 1935 3113">
     <span class='ocr_line' id='line_1_38' title="bbox 324 3036 1935 3113; baseline -0.001 -21"><span class='ocrx_word' id='word_1_242' title='bbox 324 3044 568 3113; x_wconf 77' lang='grc' dir='ltr'>πρᾶγμα,</span> <span class='ocrx_word' id='word_1_243' title='bbox 612 3037 815 3101; x_wconf 75' lang='grc' dir='ltr'>ἐξέλυσε</span> <span class='ocrx_word' id='word_1_244' title='bbox 878 3041 968 3111; x_wconf 69' lang='grc' dir='ltr'><strong>μεν</strong></span> <span class='ocrx_word' id='word_1_245' title='bbox 1034 3043 1124 3097; x_wconf 82' lang='grc' dir='ltr'>τὴν</span> <span class='ocrx_word' id='word_1_246' title='bbox 1184 3036 1425 3098; x_wconf 77' lang='grc' dir='ltr'>σπουδὴν</span> <span class='ocrx_word' id='word_1_247' title='bbox 1484 3049 1584 3092; x_wconf 88' lang='grc' dir='ltr'><strong>τῶν</strong></span> <span class='ocrx_word' id='word_1_248' title='bbox 1623 3038 1935 3101; x_wconf 76' lang='grc' dir='ltr'>ἐπιζητούν-</span> 
     </span>
    </p>
   </div>
   <div class='ocr_carea' id='block_1_39' title="bbox 321 3123 1931 3201">
    <p class='ocr_par' dir='ltr' id='par_1_39' title="bbox 321 3123 1931 3201">
     <span class='ocr_line' id='line_1_39' title="bbox 321 3123 1931 3201; baseline 0.001 -23"><span class='ocrx_word' id='word_1_249' title='bbox 321 3147 448 3198; x_wconf 82' lang='grc' dir='ltr'>των,</span> <span class='ocrx_word' id='word_1_250' title='bbox 501 3123 663 3179; x_wconf 65' lang='grc' dir='ltr'>ἔδωκε</span> <span class='ocrx_word' id='word_1_251' title='bbox 708 3124 767 3179; x_wconf 74' lang='grc' dir='ltr'><strong>δὲ</strong></span> <span class='ocrx_word' id='word_1_252' title='bbox 804 3130 985 3201; x_wconf 84' lang='grc' dir='ltr'>καιρὸν</span> <span class='ocrx_word' id='word_1_253' title='bbox 1043 3127 1276 3200; x_wconf 77' lang='grc' dir='ltr'>φυλακῆς</span> <span class='ocrx_word' id='word_1_254' title='bbox 1319 3135 1428 3191; x_wconf 85' lang='grc' dir='ltr'>τοῖς</span> <span class='ocrx_word' id='word_1_255' title='bbox 1465 3130 1931 3201; x_wconf 81' lang='grc' dir='ltr'>ἀντιποιουμένοις,</span> 
     </span>
    </p>
   </div>
   <div class='ocr_carea' id='block_1_40' title="bbox 320 3213 1933 3291">
    <p class='ocr_par' dir='ltr' id='par_1_40' title="bbox 320 3213 1933 3291">
     <span class='ocr_line' id='line_1_40' title="bbox 320 3213 1933 3291; baseline 0.001 -22"><span class='ocrx_word' id='word_1_256' title='bbox 320 3215 570 3290; x_wconf 74' lang='grc' dir='ltr'>ἐπήγειρε</span> <span class='ocrx_word' id='word_1_257' title='bbox 637 3213 696 3270; x_wconf 68' lang='grc' dir='ltr'><strong>δὲ</strong></span> <span class='ocrx_word' id='word_1_258' title='bbox 755 3218 848 3279; x_wconf 82' lang='grc' dir='ltr'><strong>τὰς</strong></span> <span class='ocrx_word' id='word_1_259' title='bbox 915 3216 1185 3279; x_wconf 74' lang='grc' dir='ltr'>ἑπιϐουλὰς</span> <span class='ocrx_word' id='word_1_260' title='bbox 1236 3225 1335 3269; x_wconf 84' lang='grc' dir='ltr'>τῶν</span> <span class='ocrx_word' id='word_1_261' title='bbox 1390 3215 1784 3291; x_wconf 81' lang='grc' dir='ltr'>ἐφεδρευόντων,</span> <span class='ocrx_word' id='word_1_262' title='bbox 1826 3216 1933 3270; x_wconf 75' lang='grc' dir='ltr'>ἀλλ’</span> 
     </span>
    </p>
   </div>
   <div class='ocr_carea' id='block_1_41' title="bbox 320 3305 1930 3380">
    <p class='ocr_par' dir='ltr' id='par_1_41' title="bbox 320 3305 1930 3380">
     <span class='ocr_line' id='line_1_41' title="bbox 320 3305 1930 3380; baseline 0 -19"><span class='ocrx_word' id='word_1_263' title='bbox 320 3308 480 3370; x_wconf 80' lang='grc' dir='ltr'>εὐθὺς</span> <span class='ocrx_word' id='word_1_264' title='bbox 545 3314 619 3378; x_wconf 84' lang='grc' dir='ltr'>τῷ</span> <span class='ocrx_word' id='word_1_265' title='bbox 686 3305 826 3377; x_wconf 83' lang='grc' dir='ltr'>καλῷ</span> <span class='ocrx_word' id='word_1_266' title='bbox 895 3305 1216 3380; x_wconf 81' lang='grc' dir='ltr'>βουλεύματι</span> <span class='ocrx_word' id='word_1_267' title='bbox 1279 3310 1338 3361; x_wconf 85' lang='grc' dir='ltr'><strong>τό</strong></span> <span class='ocrx_word' id='word_1_268' title='bbox 1419 3308 1561 3372; x_wconf 82' lang='grc' dir='ltr'>τέλος</span> <span class='ocrx_word' id='word_1_269' title='bbox 1649 3312 1930 3380; x_wconf 73' lang='grc' dir='ltr'>ἐπήγαγεν.</span> 
     </span>
    </p>
   </div>
   <div class='ocr_carea' id='block_1_42' title="bbox 316 3396 1931 3473">
    <p class='ocr_par' dir='ltr' id='par_1_42' title="bbox 316 3396 1931 3473">
     <span class='ocr_line' id='line_1_42' title="bbox 316 3396 1931 3473; baseline 0 -24"><span class='ocrx_word' id='word_1_270' title='bbox 316 3397 420 3449; x_wconf 85' lang='grc' dir='ltr'>’ον</span> <span class='ocrx_word' id='word_1_271' title='bbox 471 3400 746 3450; x_wconf 80' lang='grc' dir='ltr'>πανέστιον</span> <span class='ocrx_word' id='word_1_272' title='bbox 804 3398 917 3468; x_wconf 86' lang='grc'><strong>(98)</strong></span> <span class='ocrx_word' id='word_1_273' title='bbox 983 3396 1245 3468; x_wconf 79' lang='grc' dir='ltr'>φυλάξειεν</span> <span class='ocrx_word' id='word_1_274' title='bbox 1304 3398 1328 3449; x_wconf 86' lang='grc' dir='ltr'>ὁ</span> <span class='ocrx_word' id='word_1_275' title='bbox 1378 3401 1564 3473; x_wconf 78' lang='grc' dir='ltr'>Κύριος</span> <span class='ocrx_word' id='word_1_276' title='bbox 1619 3406 1681 3470; x_wconf 79' lang='grc' dir='ltr'>τῇ</span> <span class='ocrx_word' id='word_1_277' title='bbox 1747 3398 1931 3450; x_wconf 78' lang='grc' dir='ltr'>ἑαυτοῦ</span> 
     </span>
    </p>
   </div>
   <div class='ocr_carea' id='block_1_43' title="bbox 318 3483 1931 3562">
    <p class='ocr_par' dir='ltr' id='par_1_43' title="bbox 318 3483 1931 3562">
     <span class='ocr_line' id='line_1_43' title="bbox 318 3483 1931 3562; baseline -0.001 -23"><span class='ocrx_word' id='word_1_278' title='bbox 318 3488 518 3562; x_wconf 78' lang='grc' dir='ltr'>χάριτι</span> <span class='ocrx_word' id='word_1_279' title='bbox 547 3487 683 3558; x_wconf 87' lang='lat'><strong>(99),</strong></span> <span class='ocrx_word' id='word_1_280' title='bbox 732 3487 868 3538; x_wconf 80' lang='grc' dir='ltr'>ὥστε</span> <span class='ocrx_word' id='word_1_281' title='bbox 903 3490 998 3545; x_wconf 74' lang='grc' dir='ltr'>τὴν</span> <span class='ocrx_word' id='word_1_282' title='bbox 1042 3485 1349 3544; x_wconf 81' lang='grc' dir='ltr'>Ἐκκλησίαν</span> <span class='ocrx_word' id='word_1_283' title='bbox 1385 3489 1566 3560; x_wconf 81' lang='grc' dir='ltr'>ὁμοίαν</span> <span class='ocrx_word' id='word_1_284' title='bbox 1606 3486 1761 3559; x_wconf 73' lang='grc' dir='ltr'>ἑαυτῇ</span> <span class='ocrx_word' id='word_1_285' title='bbox 1806 3483 1931 3539; x_wconf 78' lang='grc' dir='ltr'>δια-</span> 
     </span>
    </p>
   </div>
   <div class='ocr_carea' id='block_1_44' title="bbox 317 3573 1933 3652">
    <p class='ocr_par' dir='ltr' id='par_1_44' title="bbox 317 3573 1933 3652">
     <span class='ocr_line' id='line_1_44' title="bbox 317 3573 1933 3652; baseline 0.001 -24"><span class='ocrx_word' id='word_1_286' title='bbox 317 3584 499 3652; x_wconf 85' lang='grc' dir='ltr'>μεῖναι</span> <span class='ocrx_word' id='word_1_287' title='bbox 541 3574 587 3627; x_wconf 74' lang='grc' dir='ltr'>ἓν</span> <span class='ocrx_word' id='word_1_288' title='bbox 623 3583 685 3648; x_wconf 76' lang='grc' dir='ltr'><strong>τῇ</strong></span> <span class='ocrx_word' id='word_1_289' title='bbox 732 3577 965 3648; x_wconf 81' lang='grc' dir='ltr'>ὁμοτίμῳ</span> <span class='ocrx_word' id='word_1_290' title='bbox 1013 3584 1103 3628; x_wconf 84' lang='grc' dir='ltr'><strong>τοῦ</strong></span> <span class='ocrx_word' id='word_1_291' title='bbox 1152 3575 1500 3651; x_wconf 79' lang='grc' dir='ltr'>προλαϐόντος</span> <span class='ocrx_word' id='word_1_292' title='bbox 1546 3573 1813 3649; x_wconf 70' lang='grc' dir='ltr'>διαδοχῇ,</span> <span class='ocrx_word' id='word_1_293' title='bbox 1842 3581 1933 3629; x_wconf 81' lang='grc' dir='ltr'><strong>καὶ</strong></span> 
     </span>
    </p>
   </div>
   <div class='ocr_carea' id='block_1_45' title="bbox 318 3662 1929 3740">
    <p class='ocr_par' dir='ltr' id='par_1_45' title="bbox 318 3662 1929 3740">
     <span class='ocr_line' id='line_1_45' title="bbox 318 3662 1929 3740; baseline 0.001 -22"><span class='ocrx_word' id='word_1_294' title='bbox 318 3671 397 3740; x_wconf 76' lang='grc' dir='ltr'>μὴ</span> <span class='ocrx_word' id='word_1_295' title='bbox 461 3662 645 3718; x_wconf 82' lang='grc' dir='ltr'>δοῦναι</span> <span class='ocrx_word' id='word_1_296' title='bbox 692 3669 874 3739; x_wconf 81' lang='grc' dir='ltr'>χώραν</span> <span class='ocrx_word' id='word_1_297' title='bbox 935 3672 1005 3735; x_wconf 84' lang='grc' dir='ltr'>τῷ</span> <span class='ocrx_word' id='word_1_298' title='bbox 1062 3674 1307 3738; x_wconf 81' lang='grc' dir='ltr'>πονηρῷ,.</span> <span class='ocrx_word' id='word_1_299' title='bbox 1352 3667 1406 3727; x_wconf 85' lang='grc' dir='ltr'>ὃς</span> <span class='ocrx_word' id='word_1_300' title='bbox 1444 3673 1550 3733; x_wconf 77' lang='grc' dir='ltr'>νῦν,</span> <span class='ocrx_word' id='word_1_301' title='bbox 1607 3667 1744 3738; x_wconf 84' lang='grc' dir='ltr'>εἰπερ</span> <span class='ocrx_word' id='word_1_302' title='bbox 1785 3669 1929 3733; x_wconf 77' lang='grc' dir='ltr'>ποτε,</span> 
     </span>
    </p>
   </div>
   <div class='ocr_carea' id='block_1_46' title="bbox 1966 3177 2006 3233">
    <p class='ocr_par' dir='ltr' id='par_1_46' title="bbox 1966 3177 2006 3233">
     <span class='ocr_line' id='line_1_46' title="bbox 1966 3177 2006 3233; baseline 0 0"><span class='ocrx_word' id='word_1_303' title='bbox 1966 3177 2006 3233; x_wconf 90' lang='lat' dir='ltr'><strong><em>C</em></strong></span> 
     </span>
    </p>
   </div>
   <div class='ocr_carea' id='block_1_47' title="bbox 317 3751 1620 3830">
    <p class='ocr_par' dir='ltr' id='par_1_47' title="bbox 317 3751 1620 3830">
     <span class='ocr_line' id='line_1_47' title="bbox 317 3751 1620 3830; baseline 0 -23"><span class='ocrx_word' id='word_1_304' title='bbox 317 3756 389 3828; x_wconf 72' lang='grc' dir='ltr'>τῇ</span> <span class='ocrx_word' id='word_1_305' title='bbox 422 3755 748 3807; x_wconf 81' lang='grc' dir='ltr'>καταστάσει</span> <span class='ocrx_word' id='word_1_306' title='bbox 776 3762 876 3805; x_wconf 84' lang='grc' dir='ltr'>τῶν</span> <span class='ocrx_word' id='word_1_307' title='bbox 908 3753 1226 3812; x_wconf 86' lang='grc' dir='ltr'>Ἐκκλησιῶν</span> <span class='ocrx_word' id='word_1_308' title='bbox 1258 3751 1620 3830; x_wconf 75' lang='grc' dir='ltr'>δυσχεραίνει.</span> 
     </span>
    </p>
   </div>
   <div class='ocr_carea' id='block_1_48' title="bbox 399 3838 1936 3918">
    <p class='ocr_par' dir='ltr' id='par_1_48' title="bbox 399 3838 1936 3918">
     <span class='ocr_line' id='line_1_48' title="bbox 399 3838 1936 3918; baseline -0.002 -19"><span class='ocrx_word' id='word_1_309' title='bbox 399 3849 454 3902; x_wconf 85' lang='lat'><strong>2.</strong></span> <span class='ocrx_word' id='word_1_310' title='bbox 494 3846 624 3904; x_wconf 84' lang='grc' dir='ltr'>Τοὺς</span> <span class='ocrx_word' id='word_1_311' title='bbox 677 3838 736 3895; x_wconf 77' lang='grc' dir='ltr'>δε</span> <span class='ocrx_word' id='word_1_312' title='bbox 793 3842 842 3894; x_wconf 85' lang='grc' dir='ltr'>ἑν</span> <span class='ocrx_word' id='word_1_313' title='bbox 902 3843 1155 3916; x_wconf 82' lang='grc' dir='ltr'>Κολωνείᾳ</span> <span class='ocrx_word' id='word_1_314' title='bbox 1195 3841 1447 3916; x_wconf 68' lang='grc' dir='ltr'>ἀδελφοὺς</span> <span class='ocrx_word' id='word_1_315' title='bbox 1493 3843 1659 3897; x_wconf 76' lang='grc' dir='ltr'>πολλὰ</span> <span class='ocrx_word' id='word_1_316' title='bbox 1713 3848 1801 3918; x_wconf 75' lang='grc' dir='ltr'><strong>μεν</strong></span> <span class='ocrx_word' id='word_1_317' title='bbox 1846 3849 1936 3896; x_wconf 86' lang='grc' dir='ltr'><strong>καὶ</strong></span> 
     </span>
    </p>
   </div>
   <div class='ocr_carea' id='block_1_49' title="bbox 321 3928 1939 4007">
    <p class='ocr_par' dir='ltr' id='par_1_49' title="bbox 321 3928 1939 4007">
     <span class='ocr_line' id='line_1_49' title="bbox 321 3928 1939 4007; baseline 0.001 -22"><span class='ocrx_word' id='word_1_318' title='bbox 321 3937 475 4006; x_wconf 85' lang='grc' dir='ltr'>ἡμεῖς</span> <span class='ocrx_word' id='word_1_319' title='bbox 536 3930 958 4005; x_wconf 78' lang='grc' dir='ltr'>παρεκαλέσαμεν</span> <span class='ocrx_word' id='word_1_320' title='bbox 1039 3928 1132 3984; x_wconf 70' lang='grc' dir='ltr'>διὰ</span> <span class='ocrx_word' id='word_1_321' title='bbox 1192 3935 1534 4007; x_wconf 77' lang='grc' dir='ltr'>γραμμάτων·</span> <span class='ocrx_word' id='word_1_322' title='bbox 1610 3939 1700 3987; x_wconf 84' lang='grc' dir='ltr'>καὶ</span> <span class='ocrx_word' id='word_1_323' title='bbox 1791 3936 1939 4006; x_wconf 77' lang='grc' dir='ltr'>ὑμεῖς</span> 
     </span>
    </p>
   </div>
   <div class='ocr_carea' id='block_1_50' title="bbox 325 4018 1937 4096">
    <p class='ocr_par' dir='ltr' id='par_1_50' title="bbox 325 4018 1937 4096">
     <span class='ocr_line' id='line_1_50' title="bbox 325 4018 1937 4096; baseline 0 -21"><span class='ocrx_word' id='word_1_324' title='bbox 325 4019 391 4076; x_wconf 77' lang='grc' dir='ltr'>δε</span> <span class='ocrx_word' id='word_1_325' title='bbox 431 4018 800 4092; x_wconf 75' lang='grc' dir='ltr'>ἀποδέχεσθαι</span> <span class='ocrx_word' id='word_1_326' title='bbox 840 4022 1008 4073; x_wconf 72' lang='grc' dir='ltr'>αὐτῶν</span> <span class='ocrx_word' id='word_1_327' title='bbox 1051 4021 1273 4093; x_wconf 79' lang='grc' dir='ltr'>ὀφείλετε</span> <span class='ocrx_word' id='word_1_328' title='bbox 1309 4028 1400 4081; x_wconf 70' lang='grc' dir='ltr'>τὴν</span> <span class='ocrx_word' id='word_1_329' title='bbox 1455 4019 1692 4076; x_wconf 65' lang='grc' dir='ltr'>διάθεσιν</span> <span class='ocrx_word' id='word_1_330' title='bbox 1747 4023 1937 4096; x_wconf 77' lang='grc' dir='ltr'>μᾶλλον</span> 
     </span>
    </p>
   </div>
   <div class='ocr_carea' id='block_1_51' title="bbox 323 4108 1940 4188">
    <p class='ocr_par' dir='ltr' id='par_1_51' title="bbox 323 4108 1940 4188">
     <span class='ocr_line' id='line_1_51' title="bbox 323 4108 1940 4188; baseline -0.001 -22"><span class='ocrx_word' id='word_1_331' title='bbox 323 4123 359 4174; x_wconf 84' lang='grc' dir='ltr'><strong><em>ῆ</em></strong></span> <span class='ocrx_word' id='word_1_332' title='bbox 394 4111 700 4188; x_wconf 81' lang='grc' dir='ltr'>παροξύνειν</span> <span class='ocrx_word' id='word_1_333' title='bbox 750 4111 954 4178; x_wconf 67' lang='grc' dir='ltr'>αὐτοὺς,</span> <span class='ocrx_word' id='word_1_334' title='bbox 1005 4114 1069 4171; x_wconf 83' lang='grc' dir='ltr'><strong>ὡς</strong></span> <span class='ocrx_word' id='word_1_335' title='bbox 1125 4108 1218 4164; x_wconf 74' lang='grc' dir='ltr'><strong>διὰ</strong></span> <span class='ocrx_word' id='word_1_336' title='bbox 1271 4116 1602 4185; x_wconf 83' lang='grc' dir='ltr'>σμικρότητα</span> <span class='ocrx_word' id='word_1_337' title='bbox 1656 4116 1940 4188; x_wconf 86' lang='grc' dir='ltr'>παροφθέν-</span> 
     </span>
    </p>
   </div>
   <div class='ocr_carea' id='block_1_52' title="bbox 322 4196 1939 4276">
    <p class='ocr_par' dir='ltr' id='par_1_52' title="bbox 322 4196 1939 4276">
     <span class='ocr_line' id='line_1_52' title="bbox 322 4196 1939 4276; baseline 0.001 -22"><span class='ocrx_word' id='word_1_338' title='bbox 322 4222 444 4269; x_wconf 82' lang='grc' dir='ltr'>τας,</span> <span class='ocrx_word' id='word_1_339' title='bbox 498 4196 638 4274; x_wconf 75' lang='grc' dir='ltr'>μηδὲ</span> <span class='ocrx_word' id='word_1_340' title='bbox 683 4207 746 4273; x_wconf 78' lang='grc' dir='ltr'>τῇ</span> <span class='ocrx_word' id='word_1_341' title='bbox 793 4206 1178 4274; x_wconf 71' lang='grc' dir='ltr'>καταφρονήσει</span> <span class='ocrx_word' id='word_1_342' title='bbox 1230 4203 1476 4276; x_wconf 74' lang='grc' dir='ltr'>προάγειν</span> <span class='ocrx_word' id='word_1_343' title='bbox 1528 4201 1720 4264; x_wconf 74' lang='grc' dir='ltr'>αὐτοὺς</span> <span class='ocrx_word' id='word_1_344' title='bbox 1757 4201 1823 4263; x_wconf 83' lang='grc' dir='ltr'>εἰς</span> <span class='ocrx_word' id='word_1_345' title='bbox 1851 4223 1939 4275; x_wconf 90' lang='grc' dir='ltr'>φι-</span> 
     </span>
    </p>
   </div>
   <div class='ocr_carea' id='block_1_53' title="bbox 322 4291 1939 4364">
    <p class='ocr_par' dir='ltr' id='par_1_53' title="bbox 322 4291 1939 4364">
     <span class='ocr_line' id='line_1_53' title="bbox 322 4291 1939 4364; baseline -0.001 -19"><span class='ocrx_word' id='word_1_346' title='bbox 322 4292 613 4345; x_wconf 79' lang='grc' dir='ltr'>λονεικίαν.</span> <span class='ocrx_word' id='word_1_347' title='bbox 668 4294 809 4343; x_wconf 82' lang='grc' dir='ltr'>Διότι</span> <span class='ocrx_word' id='word_1_348' title='bbox 876 4292 1143 4362; x_wconf 81' lang='grc' dir='ltr'>πεφύκασί</span> <span class='ocrx_word' id='word_1_349' title='bbox 1224 4311 1329 4351; x_wconf 85' lang='grc' dir='ltr'><strong>πως</strong></span> <span class='ocrx_word' id='word_1_350' title='bbox 1413 4293 1460 4343; x_wconf 83' lang='grc' dir='ltr'><strong>οἱ</strong></span> <span class='ocrx_word' id='word_1_351' title='bbox 1542 4291 1939 4364; x_wconf 75' lang='grc' dir='ltr'>φιλονεικοῦντες</span> 
     </span>
    </p>
   </div>
   <div class='ocr_carea' id='block_1_54' title="bbox 328 4377 1937 4449">
    <p class='ocr_par' dir='ltr' id='par_1_54' title="bbox 328 4377 1937 4449">
     <span class='ocr_line' id='line_1_54' title="bbox 328 4377 1937 4449; baseline -0.001 -16"><span class='ocrx_word' id='word_1_352' title='bbox 328 4378 660 4449; x_wconf 75' lang='grc' dir='ltr'>ἆϐουλότεροι</span> <span class='ocrx_word' id='word_1_353' title='bbox 689 4380 948 4449; x_wconf 77' lang='grc' dir='ltr'>γίνεσθαι,</span> <span class='ocrx_word' id='word_1_354' title='bbox 981 4383 1072 4430; x_wconf 88' lang='grc' dir='ltr'><strong>καὶ</strong></span> <span class='ocrx_word' id='word_1_355' title='bbox 1104 4379 1264 4432; x_wconf 72' lang='grc' dir='ltr'>πολλὰ</span> <span class='ocrx_word' id='word_1_356' title='bbox 1295 4388 1392 4432; x_wconf 86' lang='grc' dir='ltr'><strong>τῶν</strong></span> <span class='ocrx_word' id='word_1_357' title='bbox 1444 4377 1592 4432; x_wconf 72' lang='grc' dir='ltr'>ἰδίων</span> <span class='ocrx_word' id='word_1_358' title='bbox 1622 4390 1795 4444; x_wconf 80' lang='grc' dir='ltr'>κακῶς</span> <span class='ocrx_word' id='word_1_359' title='bbox 1817 4377 1937 4433; x_wconf 76' lang='grc' dir='ltr'>δια-</span> 
     </span>
    </p>
   </div>
   <div class='ocr_carea' id='block_1_55' title="bbox 327 4467 1937 4543">
    <p class='ocr_par' dir='ltr' id='par_1_55' title="bbox 327 4467 1937 4543">
     <span class='ocr_line' id='line_1_55' title="bbox 327 4467 1937 4543; baseline 0 -22"><span class='ocrx_word' id='word_1_360' title='bbox 327 4470 573 4522; x_wconf 83' lang='grc' dir='ltr'>τίθεσθαι</span> <span class='ocrx_word' id='word_1_361' title='bbox 617 4469 741 4543; x_wconf 68' lang='grc' dir='ltr'>ὑπὲρ</span> <span class='ocrx_word' id='word_1_362' title='bbox 788 4475 880 4519; x_wconf 82' lang='grc' dir='ltr'><strong>τοῦ</strong></span> <span class='ocrx_word' id='word_1_363' title='bbox 923 4467 1160 4525; x_wconf 88' lang='grc' dir='ltr'>λυπῆσαι</span> <span class='ocrx_word' id='word_1_364' title='bbox 1206 4473 1327 4530; x_wconf 78' lang='grc' dir='ltr'>τοὺς</span> <span class='ocrx_word' id='word_1_365' title='bbox 1367 4468 1803 4542; x_wconf 82' lang='grc' dir='ltr'>ἐναντιουμένους.</span> <span class='ocrx_word' id='word_1_366' title='bbox 1835 4471 1937 4522; x_wconf 73' lang='grc' dir='ltr'><strong>Οὐ·</strong></span> 
     </span>
    </p>
   </div>
   <div class='ocr_carea' id='block_1_56' title="bbox 2492 1230 3238 1304">
    <p class='ocr_par' dir='ltr' id='par_1_56' title="bbox 2492 1230 3238 1304">
     <span class='ocr_line' id='line_1_56' title="bbox 2492 1230 3238 1304; baseline 0.007 -18"><span class='ocrx_word' id='word_1_367' title='bbox 2492 1230 2744 1288; x_wconf 78' lang='lat' dir='ltr'><strong>Clericz&#39;s</strong></span> <span class='ocrx_word' id='word_1_368' title='bbox 2771 1233 3238 1304; x_wconf 75' lang='lat' dir='ltr'><strong>Nicopolilanis.</strong></span> 
     </span>
    </p>
   </div>
   <div class='ocr_carea' id='block_1_57' title="bbox 2112 1334 3698 1415">
    <p class='ocr_par' dir='ltr' id='par_1_57' title="bbox 2112 1334 3698 1415">
     <span class='ocr_line' id='line_1_57' title="bbox 2112 1334 3698 1415; baseline 0.009 -28"><span class='ocrx_word' id='word_1_369' title='bbox 2112 1336 2161 1388; x_wconf 83' lang='lat' dir='ltr'><strong>t.</strong></span> <span class='ocrx_word' id='word_1_370' title='bbox 2203 1334 2374 1394; x_wconf 88' lang='lat' dir='ltr'><strong>Quod</strong></span> <span class='ocrx_word' id='word_1_371' title='bbox 2402 1335 2496 1390; x_wconf 86' lang='lat' dir='ltr'><strong>vel</strong></span> <span class='ocrx_word' id='word_1_372' title='bbox 2527 1337 2605 1393; x_wconf 89' lang='lat' dir='ltr'><strong>ab</strong></span> <span class='ocrx_word' id='word_1_373' title='bbox 2635 1354 2758 1395; x_wconf 90' lang='lat' dir='ltr'><strong>uno</strong></span> <span class='ocrx_word' id='word_1_374' title='bbox 2789 1343 2893 1396; x_wconf 91' lang='lat' dir='ltr'><strong>aut</strong></span> <span class='ocrx_word' id='word_1_375' title='bbox 2923 1340 3108 1398; x_wconf 88' lang='lat' dir='ltr'><strong>altero</strong></span> <span class='ocrx_word' id='word_1_376' title='bbox 3148 1341 3393 1399; x_wconf 87' lang='lat' dir='ltr'><strong>homine</strong></span> <span class='ocrx_word' id='word_1_377' title='bbox 3439 1342 3541 1415; x_wconf 90' lang='lat' dir='ltr'><strong>pio</strong></span> <span class='ocrx_word' id='word_1_378' title='bbox 3579 1342 3698 1400; x_wconf 85' lang='lat' dir='ltr'><strong>fac-</strong></span> 
     </span>
    </p>
   </div>
   <div class='ocr_carea' id='block_1_58' title="bbox 2039 1423 3697 1502">
    <p class='ocr_par' dir='ltr' id='par_1_58' title="bbox 2039 1423 3697 1502">
     <span class='ocr_line' id='line_1_58' title="bbox 2039 1423 3697 1502; baseline 0.008 -25"><span class='ocrx_word' id='word_1_379' title='bbox 2039 1424 2169 1477; x_wconf 89' lang='lat' dir='ltr'><strong>tum</strong></span> <span class='ocrx_word' id='word_1_380' title='bbox 2216 1428 2323 1493; x_wconf 87' lang='lat' dir='ltr'><strong>est,</strong></span> <span class='ocrx_word' id='word_1_381' title='bbox 2377 1423 2438 1479; x_wconf 90' lang='lat' dir='ltr'><strong>id</strong></span> <span class='ocrx_word' id='word_1_382' title='bbox 2486 1425 2664 1481; x_wconf 89' lang='lat' dir='ltr'><strong>nobis</strong></span> <span class='ocrx_word' id='word_1_383' title='bbox 2703 1432 2862 1484; x_wconf 87' lang='lat' dir='ltr'><strong>certo</strong></span> <span class='ocrx_word' id='word_1_384' title='bbox 2912 1430 3259 1502; x_wconf 83' lang='lat' dir='ltr'><strong>persuadet,</strong></span> <span class='ocrx_word' id='word_1_385' title='bbox 3291 1447 3419 1488; x_wconf 90' lang='lat' dir='ltr'><strong>rem</strong></span> <span class='ocrx_word' id='word_1_386' title='bbox 3444 1433 3697 1490; x_wconf 87' lang='lat' dir='ltr'><strong>consilio</strong></span> 
     </span>
    </p>
   </div>
   <div class='ocr_carea' id='block_1_59' title="bbox 2041 1511 3697 1583">
    <p class='ocr_par' dir='ltr' id='par_1_59' title="bbox 2041 1511 3697 1583">
     <span class='ocr_line' id='line_1_59' title="bbox 2041 1511 3697 1583; baseline 0.006 -16"><span class='ocrx_word' id='word_1_387' title='bbox 2041 1511 2293 1583; x_wconf 78' lang='lat' dir='ltr'><strong>Spiritus</strong></span> <span class='ocrx_word' id='word_1_388' title='bbox 2322 1511 2471 1568; x_wconf 85' lang='lat' dir='ltr'><strong>ﬁeri.</strong></span> <span class='ocrx_word' id='word_1_389' title='bbox 2515 1516 2743 1572; x_wconf 86' lang='lat' dir='ltr'><strong>Etenim</strong></span> <span class='ocrx_word' id='word_1_390' title='bbox 2774 1517 2880 1574; x_wconf 88' lang='lat' dir='ltr'><strong>ubi</strong></span> <span class='ocrx_word' id='word_1_391' title='bbox 2907 1518 3056 1574; x_wconf 88' lang='lat' dir='ltr'><strong>nihil</strong></span> <span class='ocrx_word' id='word_1_392' title='bbox 3083 1520 3337 1575; x_wconf 85' lang='lat' dir='ltr'><strong>humani</strong></span> <span class='ocrx_word' id='word_1_393' title='bbox 3366 1520 3446 1576; x_wconf 92' lang='lat' dir='ltr'><strong>ob</strong></span> <span class='ocrx_word' id='word_1_394' title='bbox 3489 1521 3697 1578; x_wconf 90' lang='lat' dir='ltr'><strong>oculos</strong></span> 
     </span>
    </p>
   </div>
   <div class='ocr_carea' id='block_1_60' title="bbox 2040 1601 3697 1681">
    <p class='ocr_par' dir='ltr' id='par_1_60' title="bbox 2040 1601 3697 1681">
     <span class='ocr_line' id='line_1_60' title="bbox 2040 1601 3697 1681; baseline 0.005 -24"><span class='ocrx_word' id='word_1_395' title='bbox 2040 1601 2323 1673; x_wconf 89' lang='lat' dir='ltr'><strong>p0situm,</strong></span> <span class='ocrx_word' id='word_1_396' title='bbox 2355 1618 2552 1677; x_wconf 89' lang='lat' dir='ltr'><strong>neque</strong></span> <span class='ocrx_word' id='word_1_397' title='bbox 2582 1606 2779 1662; x_wconf 87' lang='lat' dir='ltr'><strong>studio</strong></span> <span class='ocrx_word' id='word_1_398' title='bbox 2818 1608 3047 1679; x_wconf 86' lang='lat' dir='ltr'><strong>prOprii</strong></span> <span class='ocrx_word' id='word_1_399' title='bbox 3074 1608 3382 1665; x_wconf 87' lang='lat' dir='ltr'><strong>commodi</strong></span> <span class='ocrx_word' id='word_1_400' title='bbox 3410 1608 3486 1666; x_wconf 90' lang='lat' dir='ltr'><strong>ad</strong></span> <span class='ocrx_word' id='word_1_401' title='bbox 3517 1625 3697 1681; x_wconf 88' lang='lat' dir='ltr'><strong>agen-</strong></span> 
     </span>
    </p>
   </div>
   <div class='ocr_carea' id='block_1_61' title="bbox 2040 1689 3695 1769">
    <p class='ocr_par' dir='ltr' id='par_1_61' title="bbox 2040 1689 3695 1769">
     <span class='ocr_line' id='line_1_61' title="bbox 2040 1689 3695 1769; baseline 0.007 -25"><span class='ocrx_word' id='word_1_402' title='bbox 2040 1689 2187 1746; x_wconf 92' lang='lat' dir='ltr'><strong>dum</strong></span> <span class='ocrx_word' id='word_1_403' title='bbox 2222 1693 2413 1748; x_wconf 81' lang='lat' dir='ltr'><strong>sancti</strong></span> <span class='ocrx_word' id='word_1_404' title='bbox 2459 1693 2751 1764; x_wconf 87' lang='lat' dir='ltr'><strong>feruntur,</strong></span> <span class='ocrx_word' id='word_1_405' title='bbox 2797 1697 2904 1752; x_wconf 90' lang='lat' dir='ltr'><strong>sed</strong></span> <span class='ocrx_word' id='word_1_406' title='bbox 2950 1696 3121 1769; x_wconf 87' lang='lat' dir='ltr'><strong>quod</strong></span> <span class='ocrx_word' id='word_1_407' title='bbox 3167 1700 3285 1754; x_wconf 91' lang='lat' dir='ltr'><strong>Deo</strong></span> <span class='ocrx_word' id='word_1_408' title='bbox 3316 1702 3557 1769; x_wconf 86' lang='lat' dir='ltr'><strong>gratum</strong></span> <span class='ocrx_word' id='word_1_409' title='bbox 3588 1703 3695 1766; x_wconf 88' lang='lat' dir='ltr'><strong>est,</strong></span> 
     </span>
    </p>
   </div>
   <div class='ocr_carea' id='block_1_62' title="bbox 2044 1778 3695 1860">
    <p class='ocr_par' dir='ltr' id='par_1_62' title="bbox 2044 1778 3695 1860">
     <span class='ocr_line' id='line_1_62' title="bbox 2044 1778 3695 1860; baseline 0.005 -26"><span class='ocrx_word' id='word_1_410' title='bbox 2044 1778 2156 1835; x_wconf 86' lang='lat' dir='ltr'><strong>sibi</strong></span> <span class='ocrx_word' id='word_1_411' title='bbox 2188 1787 2568 1853; x_wconf 89' lang='lat' dir='ltr'><strong>proponunt;</strong></span> <span class='ocrx_word' id='word_1_412' title='bbox 2601 1783 2787 1857; x_wconf 84' lang='lat' dir='ltr'><strong>liquet</strong></span> <span class='ocrx_word' id='word_1_413' title='bbox 2814 1786 3132 1843; x_wconf 91' lang='lat' dir='ltr'><strong>Dominum</strong></span> <span class='ocrx_word' id='word_1_414' title='bbox 3167 1803 3319 1852; x_wconf 89' lang='lat' dir='ltr'><strong>esse,</strong></span> <span class='ocrx_word' id='word_1_415' title='bbox 3350 1787 3456 1860; x_wconf 89' lang='lat' dir='ltr'><strong>qui</strong></span> <span class='ocrx_word' id='word_1_416' title='bbox 3484 1803 3695 1843; x_wconf 91' lang='lat' dir='ltr'><strong>eorum</strong></span> 
     </span>
    </p>
   </div>
   <div class='ocr_carea' id='block_1_63' title="bbox 2039 1870 3700 1948">
    <p class='ocr_par' dir='ltr' id='par_1_63' title="bbox 2039 1870 3700 1948">
     <span class='ocr_line' id='line_1_63' title="bbox 2039 1870 3700 1948; baseline 0.004 -23"><span class='ocrx_word' id='word_1_417' title='bbox 2039 1870 2225 1926; x_wconf 90' lang='lat' dir='ltr'><strong>corda</strong></span> <span class='ocrx_word' id='word_1_418' title='bbox 2276 1870 2494 1941; x_wconf 82' lang='lat' dir='ltr'><strong>dirigit.</strong></span> <span class='ocrx_word' id='word_1_419' title='bbox 2539 1874 2683 1929; x_wconf 86' lang='lat' dir='ltr'><strong>Cum</strong></span> <span class='ocrx_word' id='word_1_420' title='bbox 2734 1878 2936 1931; x_wconf 89' lang='lat' dir='ltr'><strong>autem</strong></span> <span class='ocrx_word' id='word_1_421' title='bbox 2972 1875 3310 1948; x_wconf 88' lang='lat' dir='ltr'><strong>spirituales</strong></span> <span class='ocrx_word' id='word_1_422' title='bbox 3356 1876 3465 1933; x_wconf 87' lang='lat' dir='ltr'><strong>viri</strong></span> <span class='ocrx_word' id='word_1_423' title='bbox 3503 1875 3700 1933; x_wconf 89' lang='lat' dir='ltr'><strong>consi-</strong></span> 
     </span>
    </p>
   </div>
   <div class='ocr_carea' id='block_1_64' title="bbox 2036 1958 3699 2040">
    <p class='ocr_par' dir='ltr' id='par_1_64' title="bbox 2036 1958 3699 2040">
     <span class='ocr_line' id='line_1_64' title="bbox 2036 1958 3699 2040; baseline 0.005 -25"><span class='ocrx_word' id='word_1_424' title='bbox 2036 1958 2255 2016; x_wconf 91' lang='lat' dir='ltr'><strong>liorum</strong></span> <span class='ocrx_word' id='word_1_425' title='bbox 2298 1967 2576 2019; x_wconf 87' lang='lat' dir='ltr'><strong>auctores</strong></span> <span class='ocrx_word' id='word_1_426' title='bbox 2609 1971 2766 2030; x_wconf 88' lang='lat' dir='ltr'><strong>sunt,</strong></span> <span class='ocrx_word' id='word_1_427' title='bbox 2797 1981 3023 2038; x_wconf 92' lang='lat' dir='ltr'><strong>eosque</strong></span> <span class='ocrx_word' id='word_1_428' title='bbox 3056 1967 3329 2038; x_wconf 81' lang='lat' dir='ltr'><strong>sequitur</strong></span> <span class='ocrx_word' id='word_1_429' title='bbox 3372 1966 3541 2040; x_wconf 89' lang='lat' dir='ltr'><strong>plebs</strong></span> <span class='ocrx_word' id='word_1_430' title='bbox 3587 1970 3699 2024; x_wconf 83' lang='lat' dir='ltr'><strong>Do-</strong></span> 
     </span>
    </p>
   </div>
   <div class='ocr_carea' id='block_1_65' title="bbox 2039 2050 3700 2130">
    <p class='ocr_par' dir='ltr' id='par_1_65' title="bbox 2039 2050 3700 2130">
     <span class='ocr_line' id='line_1_65' title="bbox 2039 2050 3700 2130; baseline 0.005 -25"><span class='ocrx_word' id='word_1_431' title='bbox 2039 2050 2188 2106; x_wconf 91' lang='lat' dir='ltr'><strong>mini</strong></span> <span class='ocrx_word' id='word_1_432' title='bbox 2212 2051 2497 2107; x_wconf 81' lang='lat' dir='ltr'><strong>concordi</strong></span> <span class='ocrx_word' id='word_1_433' title='bbox 2527 2055 2841 2124; x_wconf 84' lang='lat' dir='ltr'><strong>sententia,</strong></span> <span class='ocrx_word' id='word_1_434' title='bbox 2860 2056 2995 2129; x_wconf 83' lang='lat' dir='ltr'><strong>quis</strong></span> <span class='ocrx_word' id='word_1_435' title='bbox 3016 2056 3335 2127; x_wconf 82' lang='lat' dir='ltr'><strong>dubitabit,</strong></span> <span class='ocrx_word' id='word_1_436' title='bbox 3368 2057 3515 2130; x_wconf 89' lang='lat' dir='ltr'><strong>quin</strong></span> <span class='ocrx_word' id='word_1_437' title='bbox 3536 2073 3700 2113; x_wconf 86' lang='lat' dir='ltr'><strong>com-</strong></span> 
     </span>
    </p>
   </div>
   <div class='ocr_carea' id='block_1_66' title="bbox 2040 2140 3698 2219">
    <p class='ocr_par' dir='ltr' id='par_1_66' title="bbox 2040 2140 3698 2219">
     <span class='ocr_line' id='line_1_66' title="bbox 2040 2140 3698 2219; baseline 0.005 -25"><span class='ocrx_word' id='word_1_438' title='bbox 2040 2140 2449 2197; x_wconf 86' lang='lat' dir='ltr'><strong>municatione</strong></span> <span class='ocrx_word' id='word_1_439' title='bbox 2482 2144 2716 2198; x_wconf 88' lang='lat' dir='ltr'><strong>Domini</strong></span> <span class='ocrx_word' id='word_1_440' title='bbox 2745 2146 2933 2201; x_wconf 83' lang='lat' dir='ltr'><strong>nostri</strong></span> <span class='ocrx_word' id='word_1_441' title='bbox 2973 2148 3110 2201; x_wconf 79' lang='lat' dir='ltr'><strong>Iesu</strong></span> <span class='ocrx_word' id='word_1_442' title='bbox 3137 2146 3364 2217; x_wconf 87' lang='lat' dir='ltr'><strong>Christi,</strong></span> <span class='ocrx_word' id='word_1_443' title='bbox 3385 2146 3490 2219; x_wconf 90' lang='lat' dir='ltr'><strong>qui</strong></span> <span class='ocrx_word' id='word_1_444' title='bbox 3517 2162 3698 2202; x_wconf 90' lang='lat' dir='ltr'><strong>suum</strong></span> 
     </span>
    </p>
   </div>
   <div class='ocr_carea' id='block_1_67' title="bbox 2041 2229 3698 2306">
    <p class='ocr_par' dir='ltr' id='par_1_67' title="bbox 2041 2229 3698 2306">
     <span class='ocr_line' id='line_1_67' title="bbox 2041 2229 3698 2306; baseline 0.005 -23"><span class='ocrx_word' id='word_1_445' title='bbox 2041 2229 2402 2299; x_wconf 83' lang='lat' dir='ltr'><strong>sanguinem</strong></span> <span class='ocrx_word' id='word_1_446' title='bbox 2426 2246 2535 2302; x_wconf 88' lang='lat' dir='ltr'><strong>pro</strong></span> <span class='ocrx_word' id='word_1_447' title='bbox 2566 2232 2837 2288; x_wconf 80' lang='lat' dir='ltr'><strong>Ecclesiis</strong></span> <span class='ocrx_word' id='word_1_448' title='bbox 2854 2233 3422 2297; x_wconf 82' lang='lat' dir='ltr'><strong>effudit,consilium</strong></span> <span class='ocrx_word' id='word_1_449' title='bbox 3452 2240 3698 2306; x_wconf 88' lang='lat' dir='ltr'><strong>captum</strong></span> 
     </span>
    </p>
   </div>
   <div class='ocr_carea' id='block_1_68' title="bbox 2045 2317 3697 2394">
    <p class='ocr_par' dir='ltr' id='par_1_68' title="bbox 2045 2317 3697 2394">
     <span class='ocr_line' id='line_1_68' title="bbox 2045 2317 3697 2394; baseline 0.005 -22"><span class='ocrx_word' id='word_1_450' title='bbox 2045 2317 2159 2374; x_wconf 84' lang='lat' dir='ltr'><strong>sit?</strong></span> <span class='ocrx_word' id='word_1_451' title='bbox 2192 2318 2355 2374; x_wconf 84' lang='lat' dir='ltr'><strong>Unde</strong></span> <span class='ocrx_word' id='word_1_452' title='bbox 2377 2324 2433 2375; x_wconf 90' lang='lat' dir='ltr'><strong>et</strong></span> <span class='ocrx_word' id='word_1_453' title='bbox 2450 2319 2567 2391; x_wconf 92' lang='lat' dir='ltr'><strong>ipsi</strong></span> <span class='ocrx_word' id='word_1_454' title='bbox 2589 2327 2747 2377; x_wconf 88' lang='lat' dir='ltr'><strong>recte</strong></span> <span class='ocrx_word' id='word_1_455' title='bbox 2770 2323 3154 2379; x_wconf 82' lang='lat' dir='ltr'><strong>existimastis</strong></span> <span class='ocrx_word' id='word_1_456' title='bbox 3180 2324 3697 2394; x_wconf 80' lang='lat' dir='ltr'><strong>religiosissimum</strong></span> 
     </span>
    </p>
   </div>
   <div class='ocr_carea' id='block_1_69' title="bbox 2042 2407 3698 2490">
    <p class='ocr_par' dir='ltr' id='par_1_69' title="bbox 2042 2407 3698 2490">
     <span class='ocr_line' id='line_1_69' title="bbox 2042 2407 3698 2490; baseline 0.003 -26"><span class='ocrx_word' id='word_1_457' title='bbox 2042 2407 2287 2464; x_wconf 84' lang='lat' dir='ltr'><strong>fratrem</strong></span> <span class='ocrx_word' id='word_1_458' title='bbox 2345 2413 2619 2490; x_wconf 87' lang='lat' dir='ltr'><strong>nostrum</strong></span> <span class='ocrx_word' id='word_1_459' title='bbox 2676 2415 2732 2466; x_wconf 92' lang='lat' dir='ltr'><strong>et</strong></span> <span class='ocrx_word' id='word_1_460' title='bbox 2787 2412 3269 2469; x_wconf 90' lang='lat' dir='ltr'><strong>comministrum</strong></span> <span class='ocrx_word' id='word_1_461' title='bbox 3328 2413 3698 2469; x_wconf 79' lang='lat' dir='ltr'><strong>Pcemenium</strong></span> 
     </span>
    </p>
   </div>
   <div class='ocr_carea' id='block_1_70' title="bbox 2043 2496 3699 2574">
    <p class='ocr_par' dir='ltr' id='par_1_70' title="bbox 2043 2496 3699 2574">
     <span class='ocr_line' id='line_1_70' title="bbox 2043 2496 3699 2574; baseline 0.002 -22"><span class='ocrx_word' id='word_1_462' title='bbox 2043 2496 2328 2553; x_wconf 88' lang='lat' dir='ltr'><strong>divinitus</strong></span> <span class='ocrx_word' id='word_1_463' title='bbox 2376 2498 2560 2556; x_wconf 87' lang='lat' dir='ltr'><strong>fuisse</strong></span> <span class='ocrx_word' id='word_1_464' title='bbox 2604 2506 2995 2572; x_wconf 88' lang='lat' dir='ltr'><strong>permotum:</strong></span> <span class='ocrx_word' id='word_1_465' title='bbox 3043 2501 3147 2574; x_wconf 87' lang='lat' dir='ltr'><strong>qui</strong></span> <span class='ocrx_word' id='word_1_466' title='bbox 3195 2506 3252 2557; x_wconf 90' lang='lat' dir='ltr'><strong>et</strong></span> <span class='ocrx_word' id='word_1_467' title='bbox 3298 2502 3488 2558; x_wconf 83' lang='lat' dir='ltr'><strong>adfuit</strong></span> <span class='ocrx_word' id='word_1_468' title='bbox 3522 2502 3699 2557; x_wconf 86' lang='lat' dir='ltr'><strong>vobis</strong></span> 
     </span>
    </p>
   </div>
   <div class='ocr_carea' id='block_1_71' title="bbox 2044 2589 3693 2660">
    <p class='ocr_par' dir='ltr' id='par_1_71' title="bbox 2044 2589 3693 2660">
     <span class='ocr_line' id='line_1_71' title="bbox 2044 2589 3693 2660; baseline 0.001 -17"><span class='ocrx_word' id='word_1_469' title='bbox 2044 2593 2405 2660; x_wconf 87' lang='lat' dir='ltr'><strong>opportune,</strong></span> <span class='ocrx_word' id='word_1_470' title='bbox 2435 2593 2492 2644; x_wconf 89' lang='lat' dir='ltr'><strong>et</strong></span> <span class='ocrx_word' id='word_1_471' title='bbox 2521 2589 2679 2646; x_wconf 89' lang='lat' dir='ltr'><strong>hanc</strong></span> <span class='ocrx_word' id='word_1_472' title='bbox 2710 2591 3067 2646; x_wconf 82' lang='lat' dir='ltr'><strong>consolandi</strong></span> <span class='ocrx_word' id='word_1_473' title='bbox 3113 2591 3411 2648; x_wconf 85' lang='lat' dir='ltr'><strong>rationem</strong></span> <span class='ocrx_word' id='word_1_474' title='bbox 3447 2591 3693 2647; x_wconf 82' lang='lat' dir='ltr'><strong>invenit.</strong></span> 
     </span>
    </p>
   </div>
   <div class='ocr_carea' id='block_1_72' title="bbox 2046 2677 3702 2749">
    <p class='ocr_par' dir='ltr' id='par_1_72' title="bbox 2046 2677 3702 2749">
     <span class='ocr_line' id='line_1_72' title="bbox 2046 2677 3702 2749; baseline 0.004 -18"><span class='ocrx_word' id='word_1_475' title='bbox 2046 2678 2234 2742; x_wconf 89' lang='lat' dir='ltr'><strong>Quem</strong></span> <span class='ocrx_word' id='word_1_476' title='bbox 2265 2677 2514 2749; x_wconf 86' lang='lat' dir='ltr'><strong>quidem</strong></span> <span class='ocrx_word' id='word_1_477' title='bbox 2536 2693 2648 2749; x_wconf 87' lang='lat' dir='ltr'><strong>ego</strong></span> <span class='ocrx_word' id='word_1_478' title='bbox 2671 2695 2791 2735; x_wconf 91' lang='lat' dir='ltr'><strong>non</strong></span> <span class='ocrx_word' id='word_1_479' title='bbox 2821 2680 3022 2737; x_wconf 92' lang='lat' dir='ltr'><strong>solum</strong></span> <span class='ocrx_word' id='word_1_480' title='bbox 3049 2681 3126 2736; x_wconf 89' lang='lat' dir='ltr'><strong>ob</strong></span> <span class='ocrx_word' id='word_1_481' title='bbox 3153 2698 3281 2737; x_wconf 90' lang='lat' dir='ltr'><strong>rem</strong></span> <span class='ocrx_word' id='word_1_482' title='bbox 3304 2681 3507 2737; x_wconf 90' lang='lat' dir='ltr'><strong>utilem</strong></span> <span class='ocrx_word' id='word_1_483' title='bbox 3530 2696 3702 2737; x_wconf 83' lang='lat' dir='ltr'><strong>exco—</strong></span> 
     </span>
    </p>
   </div>
   <div class='ocr_carea' id='block_1_73' title="bbox 2044 2767 3699 2837">
    <p class='ocr_par' dir='ltr' id='par_1_73' title="bbox 2044 2767 3699 2837">
     <span class='ocr_line' id='line_1_73' title="bbox 2044 2767 3699 2837; baseline 0.002 -16"><span class='ocrx_word' id='word_1_484' title='bbox 2044 2767 2295 2837; x_wconf 84' lang='lat' dir='ltr'><strong>gitatam</strong></span> <span class='ocrx_word' id='word_1_485' title='bbox 2325 2767 2529 2835; x_wconf 89' lang='lat' dir='ltr'><strong>laudo,</strong></span> <span class='ocrx_word' id='word_1_486' title='bbox 2566 2768 2667 2824; x_wconf 89' lang='lat' dir='ltr'><strong>sed</strong></span> <span class='ocrx_word' id='word_1_487' title='bbox 2715 2769 2903 2825; x_wconf 90' lang='lat' dir='ltr'><strong>animi</strong></span> <span class='ocrx_word' id='word_1_488' title='bbox 2935 2771 3113 2826; x_wconf 89' lang='lat' dir='ltr'><strong>etiam</strong></span> <span class='ocrx_word' id='word_1_489' title='bbox 3145 2771 3559 2827; x_wconf 80' lang='lat' dir='ltr'><strong>fortitudinem</strong></span> <span class='ocrx_word' id='word_1_490' title='bbox 3587 2770 3699 2826; x_wconf 88' lang='lat' dir='ltr'><strong>ad-</strong></span> 
     </span>
    </p>
   </div>
   <div class='ocr_carea' id='block_1_74' title="bbox 2044 2855 3701 2932">
    <p class='ocr_par' dir='ltr' id='par_1_74' title="bbox 2044 2855 3701 2932">
     <span class='ocr_line' id='line_1_74' title="bbox 2044 2855 3701 2932; baseline 0.002 -21"><span class='ocrx_word' id='word_1_491' title='bbox 2044 2855 2262 2923; x_wconf 86' lang='lat' dir='ltr'><strong>miror;</strong></span> <span class='ocrx_word' id='word_1_492' title='bbox 2295 2856 2459 2928; x_wconf 90' lang='lat' dir='ltr'><strong>quod</strong></span> <span class='ocrx_word' id='word_1_493' title='bbox 2490 2874 2882 2931; x_wconf 88' lang='lat' dir='ltr'><strong>nequaquam</strong></span> <span class='ocrx_word' id='word_1_494' title='bbox 2905 2859 3297 2915; x_wconf 84' lang='lat' dir='ltr'><strong>dilationibus</strong></span> <span class='ocrx_word' id='word_1_495' title='bbox 3322 2876 3448 2916; x_wconf 86' lang='lat' dir='ltr'><strong>rem</strong></span> <span class='ocrx_word' id='word_1_496' title='bbox 3470 2864 3701 2932; x_wconf 86' lang='lat' dir='ltr'><strong>protra-</strong></span> 
     </span>
    </p>
   </div>
   <div class='ocr_carea' id='block_1_75' title="bbox 2043 2944 3702 3017">
    <p class='ocr_par' dir='ltr' id='par_1_75' title="bbox 2043 2944 3702 3017">
     <span class='ocr_line' id='line_1_75' title="bbox 2043 2944 3702 3017; baseline 0.001 -16"><span class='ocrx_word' id='word_1_497' title='bbox 2043 2945 2217 3013; x_wconf 89' lang='lat' dir='ltr'><strong>hens,</strong></span> <span class='ocrx_word' id='word_1_498' title='bbox 2246 2944 2649 3004; x_wconf 79' lang='lat' dir='ltr'><strong>debilitaverit</strong></span> <span class='ocrx_word' id='word_1_499' title='bbox 2679 2947 3139 3017; x_wconf 84' lang='lat' dir='ltr'><strong>cﬁlagitantium</strong></span> <span class='ocrx_word' id='word_1_500' title='bbox 3187 2949 3478 3013; x_wconf 89' lang='lat' dir='ltr'><strong>studium,</strong></span> <span class='ocrx_word' id='word_1_501' title='bbox 3519 2947 3702 3003; x_wconf 89' lang='lat' dir='ltr'><strong>dede-</strong></span> 
     </span>
    </p>
   </div>
   <div class='ocr_carea' id='block_1_76' title="bbox 2044 3033 3702 3109">
    <p class='ocr_par' dir='ltr' id='par_1_76' title="bbox 2044 3033 3702 3109">
     <span class='ocr_line' id='line_1_76' title="bbox 2044 3033 3702 3109; baseline 0.002 -21"><span class='ocrx_word' id='word_1_502' title='bbox 2044 3033 2239 3106; x_wconf 91' lang='lat' dir='ltr'><strong>ritque</strong></span> <span class='ocrx_word' id='word_1_503' title='bbox 2296 3040 2534 3107; x_wconf 88' lang='lat' dir='ltr'><strong>tempus</strong></span> <span class='ocrx_word' id='word_1_504' title='bbox 2593 3036 2954 3092; x_wconf 87' lang='lat' dir='ltr'><strong>adversariis</strong></span> <span class='ocrx_word' id='word_1_505' title='bbox 3010 3037 3123 3093; x_wconf 90' lang='lat' dir='ltr'><strong>sibi</strong></span> <span class='ocrx_word' id='word_1_506' title='bbox 3186 3037 3568 3109; x_wconf 84' lang='lat' dir='ltr'><strong>providendi,</strong></span> <span class='ocrx_word' id='word_1_507' title='bbox 3629 3052 3702 3092; x_wconf 89' lang='lat' dir='ltr'><strong>ac</strong></span> 
     </span>
    </p>
   </div>
   <div class='ocr_carea' id='block_1_77' title="bbox 2042 3122 3701 3197">
    <p class='ocr_par' dir='ltr' id='par_1_77' title="bbox 2042 3122 3701 3197">
     <span class='ocr_line' id='line_1_77' title="bbox 2042 3122 3701 3197; baseline 0.001 -19"><span class='ocrx_word' id='word_1_508' title='bbox 2042 3122 2463 3179; x_wconf 83' lang='lat' dir='ltr'><strong>insidiatorum</strong></span> <span class='ocrx_word' id='word_1_509' title='bbox 2486 3124 2735 3181; x_wconf 87' lang='lat' dir='ltr'><strong>insidias</strong></span> <span class='ocrx_word' id='word_1_510' title='bbox 2757 3126 3227 3197; x_wconf 84' lang='lat' dir='ltr'><strong>exsuscitaverit,</strong></span> <span class='ocrx_word' id='word_1_511' title='bbox 3260 3126 3366 3182; x_wconf 89' lang='lat' dir='ltr'><strong>sed</strong></span> <span class='ocrx_word' id='word_1_512' title='bbox 3387 3124 3701 3182; x_wconf 87' lang='lat' dir='ltr'><strong>confestim</strong></span> 
     </span>
    </p>
   </div>
   <div class='ocr_carea' id='block_1_78' title="bbox 2044 3212 3700 3287">
    <p class='ocr_par' dir='ltr' id='par_1_78' title="bbox 2044 3212 3700 3287">
     <span class='ocr_line' id='line_1_78' title="bbox 2044 3212 3700 3287; baseline 0.002 -19"><span class='ocrx_word' id='word_1_513' title='bbox 2044 3212 2397 3284; x_wconf 71' lang='lat' dir='ltr'><strong>praeclarum</strong></span> <span class='ocrx_word' id='word_1_514' title='bbox 2430 3214 2749 3269; x_wconf 88' lang='lat' dir='ltr'><strong>consilium</strong></span> <span class='ocrx_word' id='word_1_515' title='bbox 2776 3214 2855 3270; x_wconf 85' lang='lat' dir='ltr'><strong>ad</strong></span> <span class='ocrx_word' id='word_1_516' title='bbox 2875 3215 3099 3271; x_wconf 77' lang='lat' dir='ltr'><strong>exitum</strong></span> <span class='ocrx_word' id='word_1_517' title='bbox 3122 3215 3485 3287; x_wconf 83' lang='lat' dir='ltr'><strong>perduxerit.</strong></span> <span class='ocrx_word' id='word_1_518' title='bbox 3511 3215 3700 3280; x_wconf 87' lang='lat' dir='ltr'><strong>Quem</strong></span> 
     </span>
    </p>
   </div>
   <div class='ocr_carea' id='block_1_79' title="bbox 2042 3302 3701 3374">
    <p class='ocr_par' dir='ltr' id='par_1_79' title="bbox 2042 3302 3701 3374">
     <span class='ocr_line' id='line_1_79' title="bbox 2042 3302 3701 3374; baseline 0.001 -18"><span class='ocrx_word' id='word_1_519' title='bbox 2042 3302 2291 3374; x_wconf 84' lang='lat' dir='ltr'><strong>quidem</strong></span> <span class='ocrx_word' id='word_1_520' title='bbox 2355 3319 2491 3359; x_wconf 90' lang='lat' dir='ltr'><strong>cum</strong></span> <span class='ocrx_word' id='word_1_521' title='bbox 2553 3304 2719 3359; x_wconf 89' lang='lat' dir='ltr'><strong>omni</strong></span> <span class='ocrx_word' id='word_1_522' title='bbox 2757 3304 2986 3360; x_wconf 85' lang='lat' dir='ltr'><strong>familia</strong></span> <span class='ocrx_word' id='word_1_523' title='bbox 3050 3304 3347 3360; x_wconf 87' lang='lat' dir='ltr'><strong>custodiat</strong></span> <span class='ocrx_word' id='word_1_524' title='bbox 3412 3303 3701 3360; x_wconf 90' lang='lat' dir='ltr'><strong>Dominus</strong></span> 
     </span>
    </p>
   </div>
   <div class='ocr_carea' id='block_1_80' title="bbox 2042 3392 3697 3467">
    <p class='ocr_par' dir='ltr' id='par_1_80' title="bbox 2042 3392 3697 3467">
     <span class='ocr_line' id='line_1_80' title="bbox 2042 3392 3697 3467; baseline 0.002 -21"><span class='ocrx_word' id='word_1_525' title='bbox 2042 3392 2235 3461; x_wconf 82' lang='lat' dir='ltr'><strong>gratia</strong></span> <span class='ocrx_word' id='word_1_526' title='bbox 2263 3408 2395 3460; x_wconf 88' lang='lat' dir='ltr'><strong>sua,</strong></span> <span class='ocrx_word' id='word_1_527' title='bbox 2432 3398 2493 3449; x_wconf 89' lang='lat' dir='ltr'><strong>ut</strong></span> <span class='ocrx_word' id='word_1_528' title='bbox 2541 3392 2809 3449; x_wconf 88' lang='lat' dir='ltr'><strong>Ecclesia</strong></span> <span class='ocrx_word' id='word_1_529' title='bbox 2848 3393 2939 3449; x_wconf 89' lang='lat' dir='ltr'><strong>sui</strong></span> <span class='ocrx_word' id='word_1_530' title='bbox 2979 3394 3189 3450; x_wconf 88' lang='lat' dir='ltr'><strong>similis</strong></span> <span class='ocrx_word' id='word_1_531' title='bbox 3248 3399 3602 3467; x_wconf 86' lang='lat' dir='ltr'><strong>permaneat</strong></span> <span class='ocrx_word' id='word_1_532' title='bbox 3635 3393 3697 3449; x_wconf 90' lang='lat' dir='ltr'><strong>in</strong></span> 
     </span>
    </p>
   </div>
   <div class='ocr_carea' id='block_1_81' title="bbox 2041 3481 3696 3552">
    <p class='ocr_par' dir='ltr' id='par_1_81' title="bbox 2041 3481 3696 3552">
     <span class='ocr_line' id='line_1_81' title="bbox 2041 3481 3696 3552; baseline 0.001 -16"><span class='ocrx_word' id='word_1_533' title='bbox 2041 3481 2426 3538; x_wconf 88' lang='lat' dir='ltr'><strong>successione</strong></span> <span class='ocrx_word' id='word_1_534' title='bbox 2480 3498 2605 3538; x_wconf 92' lang='lat' dir='ltr'><strong>non</strong></span> <span class='ocrx_word' id='word_1_535' title='bbox 2661 3483 2957 3552; x_wconf 83' lang='lat' dir='ltr'><strong>degenere</strong></span> <span class='ocrx_word' id='word_1_536' title='bbox 3011 3482 3088 3540; x_wconf 90' lang='lat' dir='ltr'><strong>ab</strong></span> <span class='ocrx_word' id='word_1_537' title='bbox 3144 3482 3541 3540; x_wconf 83' lang='lat' dir='ltr'><strong>antecesseris</strong></span> <span class='ocrx_word' id='word_1_538' title='bbox 3578 3481 3696 3538; x_wconf 80' lang='lat' dir='ltr'><strong>vir-</strong></span> 
     </span>
    </p>
   </div>
   <div class='ocr_carea' id='block_1_82' title="bbox 2040 3570 3698 3645">
    <p class='ocr_par' dir='ltr' id='par_1_82' title="bbox 2040 3570 3698 3645">
     <span class='ocr_line' id='line_1_82' title="bbox 2040 3570 3698 3645; baseline -0.001 -18"><span class='ocrx_word' id='word_1_539' title='bbox 2040 3575 2184 3640; x_wconf 84' lang='lat' dir='ltr'><strong>tute,</strong></span> <span class='ocrx_word' id='word_1_540' title='bbox 2240 3587 2355 3627; x_wconf 89' lang='lat' dir='ltr'><strong>nec</strong></span> <span class='ocrx_word' id='word_1_541' title='bbox 2406 3571 2583 3628; x_wconf 88' lang='lat' dir='ltr'><strong>detur</strong></span> <span class='ocrx_word' id='word_1_542' title='bbox 2644 3570 2813 3627; x_wconf 91' lang='lat' dir='ltr'><strong>locus</strong></span> <span class='ocrx_word' id='word_1_543' title='bbox 2875 3572 3165 3643; x_wconf 85' lang='lat' dir='ltr'><strong>maligno,</strong></span> <span class='ocrx_word' id='word_1_544' title='bbox 3229 3573 3331 3645; x_wconf 90' lang='lat' dir='ltr'><strong>qui</strong></span> <span class='ocrx_word' id='word_1_545' title='bbox 3397 3588 3582 3641; x_wconf 88' lang='lat' dir='ltr'><strong>nunc,</strong></span> <span class='ocrx_word' id='word_1_546' title='bbox 3649 3570 3698 3626; x_wconf 90' lang='lat' dir='ltr'><strong>si</strong></span> 
     </span>
    </p>
   </div>
   <div class='ocr_carea' id='block_1_83' title="bbox 2041 3660 3697 3734">
    <p class='ocr_par' dir='ltr' id='par_1_83' title="bbox 2041 3660 3697 3734">
     <span class='ocr_line' id='line_1_83' title="bbox 2041 3660 3697 3734; baseline 0 -18"><span class='ocrx_word' id='word_1_547' title='bbox 2041 3676 2315 3733; x_wconf 88' lang='lat' dir='ltr'><strong>unquam</strong></span> <span class='ocrx_word' id='word_1_548' title='bbox 2356 3660 2525 3727; x_wconf 89' lang='lat' dir='ltr'><strong>alias,</strong></span> <span class='ocrx_word' id='word_1_549' title='bbox 2553 3677 2710 3731; x_wconf 65' lang='lat' dir='ltr'><strong>aegre</strong></span> <span class='ocrx_word' id='word_1_550' title='bbox 2748 3662 2860 3718; x_wconf 84' lang='lat' dir='ltr'><strong>fert</strong></span> <span class='ocrx_word' id='word_1_551' title='bbox 2888 3662 3249 3734; x_wconf 64' lang='lat' dir='ltr'><strong>praeclarum</strong></span> <span class='ocrx_word' id='word_1_552' title='bbox 3302 3661 3697 3718; x_wconf 83' lang='lat' dir='ltr'><strong>Ecclesiarum</strong></span> 
     </span>
    </p>
   </div>
   <div class='ocr_carea' id='block_1_84' title="bbox 2041 3756 2289 3806">
    <p class='ocr_par' dir='ltr' id='par_1_84' title="bbox 2041 3756 2289 3806">
     <span class='ocr_line' id='line_1_84' title="bbox 2041 3756 2289 3806; baseline 0.004 -1"><span class='ocrx_word' id='word_1_553' title='bbox 2041 3756 2262 3806; x_wconf 88' lang='lat' dir='ltr'><strong>statum</strong></span> <span class='ocrx_word' id='word_1_554' title='bbox 2277 3792 2289 3806; x_wconf 92' lang='lat'><strong>.</strong></span> 
     </span>
    </p>
   </div>
   <div class='ocr_carea' id='block_1_85' title="bbox 2116 3839 3695 3913">
    <p class='ocr_par' dir='ltr' id='par_1_85' title="bbox 2116 3839 3695 3913">
     <span class='ocr_line' id='line_1_85' title="bbox 2116 3839 3695 3913; baseline 0.001 -20"><span class='ocrx_word' id='word_1_555' title='bbox 2116 3844 2167 3893; x_wconf 82' lang='lat'><strong>2.</strong></span> <span class='ocrx_word' id='word_1_556' title='bbox 2212 3842 2440 3895; x_wconf 84' lang='lat' dir='ltr'><strong>Fratres</strong></span> <span class='ocrx_word' id='word_1_557' title='bbox 2471 3841 2672 3895; x_wconf 90' lang='lat' dir='ltr'><strong>autem</strong></span> <span class='ocrx_word' id='word_1_558' title='bbox 2703 3840 2807 3911; x_wconf 90' lang='lat' dir='ltr'><strong>qui</strong></span> <span class='ocrx_word' id='word_1_559' title='bbox 2848 3840 2911 3895; x_wconf 89' lang='lat' dir='ltr'><strong>in</strong></span> <span class='ocrx_word' id='word_1_560' title='bbox 2943 3839 3189 3896; x_wconf 86' lang='lat' dir='ltr'><strong>Colonia</strong></span> <span class='ocrx_word' id='word_1_561' title='bbox 3225 3845 3384 3911; x_wconf 87' lang='lat' dir='ltr'><strong>sunt,</strong></span> <span class='ocrx_word' id='word_1_562' title='bbox 3420 3839 3695 3913; x_wconf 87' lang='lat' dir='ltr'><strong>pluribus</strong></span> 
     </span>
    </p>
   </div>
   <div class='ocr_carea' id='block_1_86' title="bbox 2046 3928 3699 4002">
    <p class='ocr_par' dir='ltr' id='par_1_86' title="bbox 2046 3928 3699 4002">
     <span class='ocr_line' id='line_1_86' title="bbox 2046 3928 3699 4002; baseline 0.001 -19"><span class='ocrx_word' id='word_1_563' title='bbox 2046 3928 2290 4000; x_wconf 89' lang='lat' dir='ltr'><strong>quidem</strong></span> <span class='ocrx_word' id='word_1_564' title='bbox 2328 3933 2384 3982; x_wconf 93' lang='lat' dir='ltr'><strong>et</strong></span> <span class='ocrx_word' id='word_1_565' title='bbox 2413 3944 2525 3983; x_wconf 91' lang='lat' dir='ltr'><strong>nos</strong></span> <span class='ocrx_word' id='word_1_566' title='bbox 2556 3928 2857 3984; x_wconf 88' lang='lat' dir='ltr'><strong>adhortati</strong></span> <span class='ocrx_word' id='word_1_567' title='bbox 2891 3945 3103 3984; x_wconf 90' lang='lat' dir='ltr'><strong>sumus</strong></span> <span class='ocrx_word' id='word_1_568' title='bbox 3147 3946 3254 4002; x_wconf 89' lang='lat' dir='ltr'><strong>per</strong></span> <span class='ocrx_word' id='word_1_569' title='bbox 3288 3929 3512 3987; x_wconf 86' lang='lat' dir='ltr'><strong>litteras</strong></span> <span class='ocrx_word' id='word_1_570' title='bbox 3545 3946 3558 3985; x_wconf 91' lang='lat'><strong>:</strong></span> <span class='ocrx_word' id='word_1_571' title='bbox 3591 3928 3699 3985; x_wconf 90' lang='lat' dir='ltr'><strong>sed</strong></span> 
     </span>
    </p>
   </div>
   <div class='ocr_carea' id='block_1_87' title="bbox 2046 4017 3698 4091">
    <p class='ocr_par' dir='ltr' id='par_1_87' title="bbox 2046 4017 3698 4091">
     <span class='ocr_line' id='line_1_87' title="bbox 2046 4017 3698 4091; baseline 0.001 -18"><span class='ocrx_word' id='word_1_572' title='bbox 2046 4023 2103 4074; x_wconf 91' lang='lat' dir='ltr'><strong>et</strong></span> <span class='ocrx_word' id='word_1_573' title='bbox 2139 4034 2243 4072; x_wconf 87' lang='lat' dir='ltr'><strong>vos</strong></span> <span class='ocrx_word' id='word_1_574' title='bbox 2298 4017 2526 4072; x_wconf 81' lang='lat' dir='ltr'><strong>debetis</strong></span> <span class='ocrx_word' id='word_1_575' title='bbox 2566 4033 2777 4073; x_wconf 88' lang='lat' dir='ltr'><strong>eorum</strong></span> <span class='ocrx_word' id='word_1_576' title='bbox 2836 4017 3105 4073; x_wconf 89' lang='lat' dir='ltr'><strong>studium</strong></span> <span class='ocrx_word' id='word_1_577' title='bbox 3162 4018 3421 4091; x_wconf 84' lang='lat' dir='ltr'><strong>probare</strong></span> <span class='ocrx_word' id='word_1_578' title='bbox 3476 4018 3698 4088; x_wconf 83' lang='lat' dir='ltr'><strong>magis,</strong></span> 
     </span>
    </p>
   </div>
   <div class='ocr_carea' id='block_1_88' title="bbox 2047 4107 3703 4181">
    <p class='ocr_par' dir='ltr' id='par_1_88' title="bbox 2047 4107 3703 4181">
     <span class='ocr_line' id='line_1_88' title="bbox 2047 4107 3703 4181; baseline 0.002 -19"><span class='ocrx_word' id='word_1_579' title='bbox 2047 4123 2230 4179; x_wconf 89' lang='lat' dir='ltr'><strong>quam</strong></span> <span class='ocrx_word' id='word_1_580' title='bbox 2256 4108 2425 4179; x_wconf 87' lang='lat' dir='ltr'><strong>quasi</strong></span> <span class='ocrx_word' id='word_1_581' title='bbox 2451 4107 2530 4161; x_wconf 87' lang='lat' dir='ltr'><strong>ob</strong></span> <span class='ocrx_word' id='word_1_582' title='bbox 2553 4107 2904 4163; x_wconf 85' lang='lat' dir='ltr'><strong>tenuitatem</strong></span> <span class='ocrx_word' id='word_1_583' title='bbox 2930 4113 3306 4181; x_wconf 90' lang='lat' dir='ltr'><strong>contemptos</strong></span> <span class='ocrx_word' id='word_1_584' title='bbox 3327 4108 3576 4169; x_wconf 87' lang='lat' dir='ltr'><strong>irritare,</strong></span> <span class='ocrx_word' id='word_1_585' title='bbox 3599 4110 3703 4165; x_wconf 85' lang='lat' dir='ltr'><strong>aut</strong></span> 
     </span>
    </p>
   </div>
   <div class='ocr_carea' id='block_1_89' title="bbox 2046 4195 3704 4270">
    <p class='ocr_par' dir='ltr' id='par_1_89' title="bbox 2046 4195 3704 4270">
     <span class='ocr_line' id='line_1_89' title="bbox 2046 4195 3704 4270; baseline 0.001 -18"><span class='ocrx_word' id='word_1_586' title='bbox 2046 4201 2398 4268; x_wconf 87' lang='lat' dir='ltr'><strong>contemptu</strong></span> <span class='ocrx_word' id='word_1_587' title='bbox 2454 4195 2532 4252; x_wconf 91' lang='lat' dir='ltr'><strong>ad</strong></span> <span class='ocrx_word' id='word_1_588' title='bbox 2589 4199 3037 4253; x_wconf 87' lang='lat' dir='ltr'><strong>contentionem</strong></span> <span class='ocrx_word' id='word_1_589' title='bbox 3098 4212 3458 4270; x_wconf 85' lang='lat' dir='ltr'><strong>provocare.</strong></span> <span class='ocrx_word' id='word_1_590' title='bbox 3504 4197 3704 4254; x_wconf 87' lang='lat' dir='ltr'><strong>Solent</strong></span> 
     </span>
    </p>
   </div>
   <div class='ocr_carea' id='block_1_90' title="bbox 2046 4285 3703 4357">
    <p class='ocr_par' dir='ltr' id='par_1_90' title="bbox 2046 4285 3703 4357">
     <span class='ocr_line' id='line_1_90' title="bbox 2046 4285 3703 4357; baseline 0 -17"><span class='ocrx_word' id='word_1_591' title='bbox 2046 4285 2207 4341; x_wconf 89' lang='lat' dir='ltr'><strong>enim</strong></span> <span class='ocrx_word' id='word_1_592' title='bbox 2248 4285 2351 4357; x_wconf 90' lang='lat' dir='ltr'><strong>qui</strong></span> <span class='ocrx_word' id='word_1_593' title='bbox 2393 4285 2784 4347; x_wconf 86' lang='lat' dir='ltr'><strong>contendunt.</strong></span> <span class='ocrx_word' id='word_1_594' title='bbox 2827 4286 3222 4341; x_wconf 91' lang='lat' dir='ltr'><strong>inconsultius</strong></span> <span class='ocrx_word' id='word_1_595' title='bbox 3279 4302 3341 4341; x_wconf 91' lang='lat' dir='ltr'><strong>se</strong></span> <span class='ocrx_word' id='word_1_596' title='bbox 3382 4301 3604 4356; x_wconf 84' lang='lat' dir='ltr'><strong>gerere,</strong></span> <span class='ocrx_word' id='word_1_597' title='bbox 3646 4289 3703 4341; x_wconf 87' lang='lat' dir='ltr'><strong>et</strong></span> 
     </span>
    </p>
   </div>
   <div class='ocr_carea' id='block_1_91' title="bbox 2045 4373 3702 4439">
    <p class='ocr_par' dir='ltr' id='par_1_91' title="bbox 2045 4373 3702 4439">
     <span class='ocr_line' id='line_1_91' title="bbox 2045 4373 3702 4439; baseline -0.001 -9"><span class='ocrx_word' id='word_1_598' title='bbox 2045 4374 2250 4430; x_wconf 90' lang='lat' dir='ltr'><strong>multis</strong></span> <span class='ocrx_word' id='word_1_599' title='bbox 2295 4373 2477 4429; x_wconf 89' lang='lat' dir='ltr'><strong>rebus</strong></span> <span class='ocrx_word' id='word_1_600' title='bbox 2517 4374 2640 4429; x_wconf 89' lang='lat' dir='ltr'><strong>suis</strong></span> <span class='ocrx_word' id='word_1_601' title='bbox 2687 4374 2842 4430; x_wconf 86' lang='lat' dir='ltr'><strong>male</strong></span> <span class='ocrx_word' id='word_1_602' title='bbox 2883 4374 3214 4439; x_wconf 88' lang='lat' dir='ltr'><strong>consulere,</strong></span> <span class='ocrx_word' id='word_1_603' title='bbox 3254 4379 3320 4429; x_wconf 90' lang='lat' dir='ltr'><strong>ut</strong></span> <span class='ocrx_word' id='word_1_604' title='bbox 3362 4374 3702 4429; x_wconf 87' lang='lat' dir='ltr'><strong>molestiam</strong></span> 
     </span>
    </p>
   </div>
   <div class='ocr_carea' id='block_1_92' title="bbox 2046 4463 3700 4533">
    <p class='ocr_par' dir='ltr' id='par_1_92' title="bbox 2046 4463 3700 4533">
     <span class='ocr_line' id='line_1_92' title="bbox 2046 4463 3700 4533; baseline -0.002 -14"><span class='ocrx_word' id='word_1_605' title='bbox 2046 4464 2369 4519; x_wconf 75' lang='lat' dir='ltr'><strong>exhibeant</strong></span> <span class='ocrx_word' id='word_1_606' title='bbox 2413 4464 2801 4520; x_wconf 83' lang='lat' dir='ltr'><strong>adversariis.</strong></span> <span class='ocrx_word' id='word_1_607' title='bbox 2852 4467 3038 4519; x_wconf 80' lang='lat' dir='ltr'><strong>Nemo</strong></span> <span class='ocrx_word' id='word_1_608' title='bbox 3069 4469 3269 4520; x_wconf 88' lang='lat' dir='ltr'><strong>autem</strong></span> <span class='ocrx_word' id='word_1_609' title='bbox 3296 4463 3449 4519; x_wconf 90' lang='lat' dir='ltr'><strong>adeo</strong></span> <span class='ocrx_word' id='word_1_610' title='bbox 3481 4478 3700 4533; x_wconf 90' lang='lat' dir='ltr'><strong>parvus</strong></span> 
     </span>
    </p>
   </div>
   <div class='ocr_carea' id='block_1_93' title="bbox 338 4533 1935 4631">
    <p class='ocr_par' dir='ltr' id='par_1_93' title="bbox 338 4552 1935 4631">
     <span class='ocr_line' id='line_1_93' title="bbox 338 4552 1935 4631; baseline 0.001 -22"><span class='ocrx_word' id='word_1_611' title='bbox 338 4553 449 4617; x_wconf 75' lang='grc' dir='ltr'>ὂεὶς</span> <span class='ocrx_word' id='word_1_612' title='bbox 480 4552 537 4610; x_wconf 65' lang='grc' dir='ltr'><strong>δὲ</strong></span> <span class='ocrx_word' id='word_1_613' title='bbox 567 4557 701 4609; x_wconf 74' lang='grc' dir='ltr'>οὕτω</span> <span class='ocrx_word' id='word_1_614' title='bbox 726 4560 916 4631; x_wconf 86' lang='grc' dir='ltr'>μικρὸς</span> <span class='ocrx_word' id='word_1_615' title='bbox 944 4558 1009 4617; x_wconf 80' lang='grc' dir='ltr'>ὡς</span> <span class='ocrx_word' id='word_1_616' title='bbox 1039 4560 1109 4629; x_wconf 80' lang='grc' dir='ltr'>μὴ</span> <span class='ocrx_word' id='word_1_617' title='bbox 1146 4554 1408 4609; x_wconf 68' lang='grc' dir='ltr'>δύνασθαι</span> <span class='ocrx_word' id='word_1_618' title='bbox 1450 4565 1537 4608; x_wconf 80' lang='grc' dir='ltr'>νῦν</span> <span class='ocrx_word' id='word_1_619' title='bbox 1567 4567 1739 4609; x_wconf 82' lang='grc' dir='ltr'>κακῶν</span> <span class='ocrx_word' id='word_1_620' title='bbox 1769 4561 1935 4631; x_wconf 75' lang='grc' dir='ltr'>μεγά-</span> 
     </span>
    </p>
   </div>
   <div class='ocr_carea' id='block_1_94' title="bbox 2050 4533 3699 4631">
    <p class='ocr_par' dir='ltr' id='par_1_94' title="bbox 2050 4551 3699 4624">
     <span class='ocr_line' id='line_1_94' title="bbox 2050 4551 3699 4624; baseline -0.003 -14"><span class='ocrx_word' id='word_1_621' title='bbox 2050 4558 2154 4619; x_wconf 87' lang='lat' dir='ltr'><strong>est,</strong></span> <span class='ocrx_word' id='word_1_622' title='bbox 2210 4552 2315 4624; x_wconf 89' lang='lat' dir='ltr'><strong>qui</strong></span> <span class='ocrx_word' id='word_1_623' title='bbox 2371 4567 2532 4607; x_wconf 88' lang='lat' dir='ltr'><strong>nunc</strong></span> <span class='ocrx_word' id='word_1_624' title='bbox 2588 4568 2710 4608; x_wconf 87' lang='lat' dir='ltr'><strong>non</strong></span> <span class='ocrx_word' id='word_1_625' title='bbox 2764 4552 2957 4623; x_wconf 87' lang='lat' dir='ltr'><strong>possit</strong></span> <span class='ocrx_word' id='word_1_626' title='bbox 2996 4568 3357 4622; x_wconf 86' lang='lat' dir='ltr'><strong>magnorum</strong></span> <span class='ocrx_word' id='word_1_627' title='bbox 3398 4551 3699 4606; x_wconf 88' lang='lat' dir='ltr'><strong>malorum</strong></span> 
     </span>
    </p>
   </div>
   <div class='ocr_carea' id='block_1_95' title="bbox 332 4644 1938 4722">
    <p class='ocr_par' dir='ltr' id='par_1_95' title="bbox 332 4644 1938 4722">
     <span class='ocr_line' id='line_1_95' title="bbox 332 4644 1938 4722; baseline 0 -23"><span class='ocrx_word' id='word_1_628' title='bbox 332 4645 433 4699; x_wconf 77' lang='grc' dir='ltr'><strong>λων</strong></span> <span class='ocrx_word' id='word_1_629' title='bbox 465 4644 698 4722; x_wconf 76' lang='grc' dir='ltr'>ἀφορμὴν</span> <span class='ocrx_word' id='word_1_630' title='bbox 746 4653 1046 4720; x_wconf 78' lang='grc' dir='ltr'>παρασχεῖν</span> <span class='ocrx_word' id='word_1_631' title='bbox 1095 4654 1203 4707; x_wconf 87' lang='grc' dir='ltr'>τοῖς</span> <span class='ocrx_word' id='word_1_632' title='bbox 1252 4644 1514 4698; x_wconf 69' lang='grc' dir='ltr'>ἐθέλουσιν</span> <span class='ocrx_word' id='word_1_633' title='bbox 1546 4644 1802 4721; x_wconf 78' lang='grc' dir='ltr'>ἀφορμήν.</span> <span class='ocrx_word' id='word_1_634' title='bbox 1839 4653 1938 4700; x_wconf 81' lang='grc' dir='ltr'><strong>Καὶ</strong></span> 
     </span>
    </p>
   </div>
   <div class='ocr_carea' id='block_1_96' title="bbox 332 4733 1987 4809">
    <p class='ocr_par' dir='ltr' id='par_1_96' title="bbox 332 4733 1987 4809">
     <span class='ocr_line' id='line_1_96' title="bbox 332 4733 1987 4809; baseline -0.001 -20"><span class='ocrx_word' id='word_1_635' title='bbox 332 4744 486 4789; x_wconf 83' lang='grc' dir='ltr'>τοῦτο</span> <span class='ocrx_word' id='word_1_636' title='bbox 546 4736 605 4789; x_wconf 75' lang='grc' dir='ltr'><strong>οὐ</strong></span> <span class='ocrx_word' id='word_1_637' title='bbox 658 4736 1044 4808; x_wconf 83' lang='grc' dir='ltr'>στοχαζόμενοι</span> <span class='ocrx_word' id='word_1_638' title='bbox 1098 4734 1328 4807; x_wconf 82' lang='grc' dir='ltr'>λέγομεν,</span> <span class='ocrx_word' id='word_1_639' title='bbox 1390 4733 1517 4787; x_wconf 77' lang='grc' dir='ltr'>ἀλλα</span> <span class='ocrx_word' id='word_1_640' title='bbox 1564 4740 1718 4809; x_wconf 75' lang='grc' dir='ltr'>πείρᾳ</span> <span class='ocrx_word' id='word_1_641' title='bbox 1766 4745 1938 4788; x_wconf 83' lang='grc' dir='ltr'>κακῶν</span> <span class='ocrx_word' id='word_1_642' title='bbox 1982 4754 1987 4765; x_wconf 65' lang='grc' dir='ltr'><em>ν</em></span> 
     </span>
    </p>
   </div>
   <div class='ocr_carea' id='block_1_97' title="bbox 331 4821 1940 4897">
    <p class='ocr_par' dir='ltr' id='par_1_97' title="bbox 331 4821 1940 4897">
     <span class='ocr_line' id='line_1_97' title="bbox 331 4821 1940 4897; baseline -0.001 -18"><span class='ocrx_word' id='word_1_643' title='bbox 331 4826 535 4879; x_wconf 86' lang='grc' dir='ltr'>οἰκείων</span> <span class='ocrx_word' id='word_1_644' title='bbox 582 4821 979 4897; x_wconf 73' lang='grc' dir='ltr'>δεδιδαγμένοι,</span> <span class='ocrx_word' id='word_1_645' title='bbox 1010 4824 1045 4876; x_wconf 77' lang='grc' dir='ltr'>οἱ</span> <span class='ocrx_word' id='word_1_646' title='bbox 1073 4827 1374 4897; x_wconf 71' lang='grc' dir='ltr'>παραγάγοι</span> <span class='ocrx_word' id='word_1_647' title='bbox 1404 4826 1429 4876; x_wconf 88' lang='grc' dir='ltr'><strong>ό</strong></span> <span class='ocrx_word' id='word_1_648' title='bbox 1466 4828 1596 4885; x_wconf 78' lang='grc' dir='ltr'>Θεὸς</span> <span class='ocrx_word' id='word_1_649' title='bbox 1624 4832 1736 4886; x_wconf 89' lang='grc' dir='ltr'>ταῖς</span> <span class='ocrx_word' id='word_1_650' title='bbox 1765 4827 1940 4897; x_wconf 78' lang='grc' dir='ltr'>υμετέ-</span> 
     </span>
    </p>
   </div>
   <div class='ocr_carea' id='block_1_98' title="bbox 327 4911 1940 4993">
    <p class='ocr_par' dir='ltr' id='par_1_98' title="bbox 327 4911 1940 4993">
     <span class='ocr_line' id='line_1_98' title="bbox 327 4911 1940 4993; baseline -0.002 -24"><span class='ocrx_word' id='word_1_651' title='bbox 327 4935 447 4993; x_wconf 87' lang='grc' dir='ltr'>ραις</span> <span class='ocrx_word' id='word_1_652' title='bbox 474 4920 804 4989; x_wconf 83' lang='grc' dir='ltr'>προσευχαῖς</span> <span class='ocrx_word' id='word_1_653' title='bbox 964 4913 1283 4976; x_wconf 82' lang='grc' dir='ltr'>Συνεύξασθε</span> <span class='ocrx_word' id='word_1_654' title='bbox 1312 4911 1368 4966; x_wconf 62' lang='grc' dir='ltr'><strong>δὲ</strong></span> <span class='ocrx_word' id='word_1_655' title='bbox 1407 4918 1496 4966; x_wconf 82' lang='grc' dir='ltr'>καὶ</span> <span class='ocrx_word' id='word_1_656' title='bbox 1544 4915 1667 4987; x_wconf 79' lang='grc' dir='ltr'>ἡμῖν</span> <span class='ocrx_word' id='word_1_657' title='bbox 1721 4919 1813 4973; x_wconf 74' lang='grc' dir='ltr'>τὴν</span> <span class='ocrx_word' id='word_1_658' title='bbox 1862 4914 1940 4967; x_wconf 70' lang='grc' dir='ltr'><strong>εὐ-</strong></span> 
     </span>
    </p>
   </div>
   <div class='ocr_carea' id='block_1_99' title="bbox 405 5055 1936 5137">
    <p class='ocr_par' dir='ltr' id='par_1_99' title="bbox 405 5055 1936 5137">
     <span class='ocr_line' id='line_1_99' title="bbox 405 5055 1936 5137; baseline -0.002 -24"><span class='ocrx_word' id='word_1_659' title='bbox 405 5058 517 5137; x_wconf 63' lang='grc' dir='ltr'><strong>(ρὶ)</strong></span> <span class='ocrx_word' id='word_1_660' title='bbox 583 5062 699 5137; x_wconf 61' lang='grc' dir='ltr'><strong>Τῶν</strong></span> <span class='ocrx_word' id='word_1_661' title='bbox 737 5059 1036 5137; x_wconf 66' lang='grc' dir='ltr'>γενομένων.</span> <span class='ocrx_word' id='word_1_662' title='bbox 1073 5058 1209 5137; x_wconf 53' lang='lat' dir='ltr'><strong>litae</strong></span> <span class='ocrx_word' id='word_1_663' title='bbox 1241 5055 1605 5137; x_wconf 69' lang='lat' dir='ltr'><strong>addidimus</strong></span> <span class='ocrx_word' id='word_1_664' title='bbox 1663 5073 1736 5137; x_wconf 70' lang='lat' dir='ltr'><strong>ex</strong></span> <span class='ocrx_word' id='word_1_665' title='bbox 1787 5071 1936 5111; x_wconf 91' lang='lat' dir='ltr'><strong>mss.</strong></span> 
     </span>
    </p>
   </div>
   <div class='ocr_carea' id='block_1_100' title="bbox 332 5125 1941 5203">
    <p class='ocr_par' dir='ltr' id='par_1_100' title="bbox 332 5125 1941 5203">
     <span class='ocr_line' id='line_1_100' title="bbox 332 5125 1941 5203; baseline 0 -20"><span class='ocrx_word' id='word_1_666' title='bbox 332 5125 626 5203; x_wconf 68' lang='lat' dir='ltr'><strong>quinque.</strong></span> <span class='ocrx_word' id='word_1_667' title='bbox 661 5125 1096 5203; x_wconf 24' lang='lat' dir='ltr'><strong>Goislgprimus</strong></span> <span class='ocrx_word' id='word_1_668' title='bbox 1133 5127 1379 5203; x_wconf 71' lang='lat' dir='ltr'><strong>ibidem.</strong></span> <span class='ocrx_word' id='word_1_669' title='bbox 1413 5125 1941 5203; x_wconf 40' lang='grc' dir='ltr'>ὃεξεσβεηρυοίιιοτ</span> 
     </span>
    </p>
   </div>
   <div class='ocr_carea' id='block_1_101' title="bbox 332 5195 1939 5262">
    <p class='ocr_par' dir='ltr' id='par_1_101' title="bbox 332 5195 1939 5262">
     <span class='ocr_line' id='line_1_101' title="bbox 332 5195 1939 5262; baseline -0.002 -6"><span class='ocrx_word' id='word_1_670' title='bbox 332 5195 430 5256; x_wconf 62' lang='lat' dir='ltr'><strong>iiii</strong></span> <span class='ocrx_word' id='word_1_671' title='bbox 474 5195 776 5261; x_wconf 74' lang='grc' dir='ltr'>ἐκδέξασθε.</span> <span class='ocrx_word' id='word_1_672' title='bbox 824 5195 1139 5253; x_wconf 67' lang='lat' dir='ltr'><strong>Mcdicmus</strong></span> <span class='ocrx_word' id='word_1_673' title='bbox 1191 5195 1432 5262; x_wconf 76' lang='grc' dir='ltr'>δέξασθε.</span> <span class='ocrx_word' id='word_1_674' title='bbox 1486 5200 1690 5255; x_wconf 86' lang='lat' dir='ltr'><strong>Solatii</strong></span> <span class='ocrx_word' id='word_1_675' title='bbox 1737 5205 1939 5254; x_wconf 89' lang='lat' dir='ltr'><strong>autem</strong></span> 
     </span>
    </p>
   </div>
   <div class='ocr_carea' id='block_1_102' title="bbox 330 5269 1940 5341">
    <p class='ocr_par' dir='ltr' id='par_1_102' title="bbox 330 5269 1940 5341">
     <span class='ocr_line' id='line_1_102' title="bbox 330 5269 1940 5341; baseline -0.002 -13"><span class='ocrx_word' id='word_1_676' title='bbox 330 5271 582 5328; x_wconf 87' lang='lat' dir='ltr'><strong>nomine</strong></span> <span class='ocrx_word' id='word_1_677' title='bbox 620 5270 713 5326; x_wconf 88' lang='lat' dir='ltr'><strong>his</strong></span> <span class='ocrx_word' id='word_1_678' title='bbox 744 5270 804 5325; x_wconf 87' lang='lat' dir='ltr'><strong>in</strong></span> <span class='ocrx_word' id='word_1_679' title='bbox 834 5270 980 5325; x_wconf 88' lang='lat' dir='ltr'><strong>locis</strong></span> <span class='ocrx_word' id='word_1_680' title='bbox 1008 5269 1355 5338; x_wconf 84' lang='lat' dir='ltr'><strong>intelligitur</strong></span> <span class='ocrx_word' id='word_1_681' title='bbox 1383 5271 1716 5325; x_wconf 88' lang='lat' dir='ltr'><strong>remedium</strong></span> <span class='ocrx_word' id='word_1_682' title='bbox 1750 5269 1940 5341; x_wconf 90' lang='lat' dir='ltr'><strong>quod-</strong></span> 
     </span>
    </p>
   </div>
   <div class='ocr_carea' id='block_1_103' title="bbox 330 5340 1940 5413">
    <p class='ocr_par' dir='ltr' id='par_1_103' title="bbox 330 5340 1940 5413">
     <span class='ocr_line' id='line_1_103' title="bbox 330 5340 1940 5413; baseline -0.002 -14"><span class='ocrx_word' id='word_1_683' title='bbox 330 5344 480 5399; x_wconf 90' lang='lat' dir='ltr'><strong>dam</strong></span> <span class='ocrx_word' id='word_1_684' title='bbox 506 5348 561 5400; x_wconf 87' lang='lat' dir='ltr'><strong>et</strong></span> <span class='ocrx_word' id='word_1_685' title='bbox 585 5346 1150 5413; x_wconf 83' lang='lat' dir='ltr'><strong>temperamentum,</strong></span> <span class='ocrx_word' id='word_1_686' title='bbox 1184 5348 1247 5413; x_wconf 88' lang='lat' dir='ltr'><strong>ut</strong></span> <span class='ocrx_word' id='word_1_687' title='bbox 1270 5340 1706 5413; x_wconf 85' lang='lat' dir='ltr'><strong>indifﬁcilibus</strong></span> <span class='ocrx_word' id='word_1_688' title='bbox 1736 5340 1792 5396; x_wconf 84' lang='lat' dir='ltr'><strong>et</strong></span> <span class='ocrx_word' id='word_1_689' title='bbox 1815 5356 1940 5396; x_wconf 88' lang='lat' dir='ltr'><strong>mo-</strong></span> 
     </span>
    </p>
   </div>
   <div class='ocr_carea' id='block_1_104' title="bbox 328 5411 1580 5483">
    <p class='ocr_par' dir='ltr' id='par_1_104' title="bbox 328 5411 1580 5483">
     <span class='ocr_line' id='line_1_104' title="bbox 328 5411 1580 5483; baseline -0.002 -13"><span class='ocrx_word' id='word_1_690' title='bbox 328 5415 500 5471; x_wconf 90' lang='lat' dir='ltr'><strong>lestis</strong></span> <span class='ocrx_word' id='word_1_691' title='bbox 533 5411 732 5468; x_wconf 45' lang='lat' dir='ltr'><strong>rebus:</strong></span> <span class='ocrx_word' id='word_1_692' title='bbox 768 5411 909 5468; x_wconf 88' lang='lat' dir='ltr'><strong>Vide</strong></span> <span class='ocrx_word' id='word_1_693' title='bbox 939 5416 1115 5467; x_wconf 81' lang='lat' dir='ltr'><strong>Notas</strong></span> <span class='ocrx_word' id='word_1_694' title='bbox 1149 5412 1227 5466; x_wconf 90' lang='lat' dir='ltr'><strong>ad</strong></span> <span class='ocrx_word' id='word_1_695' title='bbox 1257 5411 1430 5483; x_wconf 87' lang='lat' dir='ltr'><strong>epist.</strong></span> <span class='ocrx_word' id='word_1_696' title='bbox 1462 5416 1580 5468; x_wconf 78' lang='lat' dir='ltr'><strong>I26.</strong></span> 
     </span>
    </p>
   </div>
   <div class='ocr_carea' id='block_1_105' title="bbox 407 5482 1939 5555">
    <p class='ocr_par' dir='ltr' id='par_1_105' title="bbox 407 5482 1939 5555">
     <span class='ocr_line' id='line_1_105' title="bbox 407 5482 1939 5555; baseline -0.001 -15"><span class='ocrx_word' id='word_1_697' title='bbox 407 5487 523 5555; x_wconf 78' lang='lat'>(93)</span> <span class='ocrx_word' id='word_1_698' title='bbox 565 5487 631 5537; x_wconf 76' lang='lat' dir='ltr'><strong>0i</strong></span> <span class='ocrx_word' id='word_1_699' title='bbox 682 5486 841 5538; x_wconf 86' lang='grc' dir='ltr'>ὅσιοι.</span> <span class='ocrx_word' id='word_1_700' title='bbox 872 5486 969 5555; x_wconf 68' lang='grc' dir='ltr'><strong>ΔΙίει</strong></span> <span class='ocrx_word' id='word_1_701' title='bbox 1019 5500 1163 5537; x_wconf 89' lang='lat' dir='ltr'><strong>mss.</strong></span> <span class='ocrx_word' id='word_1_702' title='bbox 1197 5482 1428 5555; x_wconf 88' lang='lat' dir='ltr'><strong>omnes,</strong></span> <span class='ocrx_word' id='word_1_703' title='bbox 1460 5500 1582 5538; x_wconf 89' lang='lat' dir='ltr'><strong>uno</strong></span> <span class='ocrx_word' id='word_1_704' title='bbox 1630 5482 1939 5552; x_wconf 79' lang='lat' dir='ltr'><strong>Bigotiano</strong></span> 
     </span>
    </p>
   </div>
   <div class='ocr_carea' id='block_1_106' title="bbox 335 5553 1939 5628">
    <p class='ocr_par' dir='ltr' id='par_1_106' title="bbox 335 5553 1939 5628">
     <span class='ocr_line' id='line_1_106' title="bbox 335 5553 1939 5628; baseline -0.002 -16"><span class='ocrx_word' id='word_1_705' title='bbox 335 5553 612 5628; x_wconf 81' lang='lat' dir='ltr'><strong>excepto,</strong></span> <span class='ocrx_word' id='word_1_706' title='bbox 658 5555 767 5628; x_wconf 84' lang='lat' dir='ltr'><strong>qui</strong></span> <span class='ocrx_word' id='word_1_707' title='bbox 809 5553 906 5628; x_wconf 82' lang='lat' dir='ltr'><strong>ad</strong></span> <span class='ocrx_word' id='word_1_708' title='bbox 936 5555 1301 5628; x_wconf 85' lang='lat' dir='ltr'><strong>margine_m_</strong></span> <span class='ocrx_word' id='word_1_709' title='bbox 1324 5554 1507 5610; x_wconf 84' lang='lat' dir='ltr'><strong>habet</strong></span> <span class='ocrx_word' id='word_1_710' title='bbox 1532 5557 1579 5628; x_wconf 69' lang='grc' dir='ltr'><strong>οξ</strong></span> <span class='ocrx_word' id='word_1_711' title='bbox 1610 5556 1766 5628; x_wconf 78' lang='grc' dir='ltr'>ὅσιοι,</span> <span class='ocrx_word' id='word_1_712' title='bbox 1797 5559 1854 5611; x_wconf 89' lang='lat' dir='ltr'><strong>et</strong></span> <span class='ocrx_word' id='word_1_713' title='bbox 1878 5555 1939 5609; x_wconf 92' lang='lat' dir='ltr'><strong>in</strong></span> 
     </span>
    </p>
   </div>
   <div class='ocr_carea' id='block_1_107' title="bbox 332 5624 1941 5698">
    <p class='ocr_par' dir='ltr' id='par_1_107' title="bbox 332 5624 1941 5698">
     <span class='ocr_line' id='line_1_107' title="bbox 332 5624 1941 5698; baseline -0.001 -14"><span class='ocrx_word' id='word_1_714' title='bbox 332 5624 523 5698; x_wconf 79' lang='lat' dir='ltr'><strong>textu,</strong></span> <span class='ocrx_word' id='word_1_715' title='bbox 571 5631 638 5683; x_wconf 90' lang='lat' dir='ltr'><strong>ut</strong></span> <span class='ocrx_word' id='word_1_716' title='bbox 678 5624 820 5682; x_wconf 77' lang='lat' dir='ltr'><strong>editi</strong></span> <span class='ocrx_word' id='word_1_717' title='bbox 849 5627 910 5698; x_wconf 12' lang='grc' dir='ltr'><strong>,οἱ</strong></span> <span class='ocrx_word' id='word_1_718' title='bbox 957 5627 1125 5698; x_wconf 77' lang='grc' dir='ltr'>ἅγιοι.</span> <span class='ocrx_word' id='word_1_719' title='bbox 1180 5624 1408 5681; x_wconf 90' lang='lat' dir='ltr'><strong>Ibidem</strong></span> <span class='ocrx_word' id='word_1_720' title='bbox 1443 5626 1854 5698; x_wconf 8' lang='lat' dir='ltr'><strong>‘Pariqs..Bigot</strong></span> <span class='ocrx_word' id='word_1_721' title='bbox 1882 5631 1941 5698; x_wconf 82' lang='lat' dir='ltr'><strong>et</strong></span> 
     </span>
    </p>
   </div>
   <div class='ocr_carea' id='block_1_108' title="bbox 334 5695 1937 5772">
    <p class='ocr_par' dir='ltr' id='par_1_108' title="bbox 334 5695 1937 5772">
     <span class='ocr_line' id='line_1_108' title="bbox 334 5695 1937 5772; baseline -0.006 -15"><span class='ocrx_word' id='word_1_722' title='bbox 334 5701 465 5757; x_wconf 85' lang='lat' dir='ltr'><strong>Vat.</strong></span> <span class='ocrx_word' id='word_1_723' title='bbox 499 5697 605 5752; x_wconf 76' lang='grc' dir='ltr'>ἀλλ’</span> <span class='ocrx_word' id='word_1_724' title='bbox 632 5698 662 5758; x_wconf 75' lang='grc' dir='ltr'><em>ἡ</em></span> <span class='ocrx_word' id='word_1_725' title='bbox 696 5704 787 5752; x_wconf 79' lang='grc' dir='ltr'>τοῦ</span> <span class='ocrx_word' id='word_1_726' title='bbox 809 5695 1179 5772; x_wconf 77' lang='grc' dir='ltr'>εὐαρεστεύειν.</span> <span class='ocrx_word' id='word_1_727' title='bbox 1227 5699 1356 5756; x_wconf 86' lang='lat' dir='ltr'><strong>Duo</strong></span> <span class='ocrx_word' id='word_1_728' title='bbox 1403 5696 1506 5755; x_wconf 84' lang='lat' dir='ltr'><strong>alii</strong></span> <span class='ocrx_word' id='word_1_729' title='bbox 1544 5695 1651 5751; x_wconf 80' lang='grc' dir='ltr'>ἀλλ’</span> <span class='ocrx_word' id='word_1_730' title='bbox 1682 5698 1712 5757; x_wconf 77' lang='grc' dir='ltr'><strong><em>ἦ</em></strong></span> <span class='ocrx_word' id='word_1_731' title='bbox 1760 5699 1817 5749; x_wconf 89' lang='grc' dir='ltr'><strong>τό</strong></span> <span class='ocrx_word' id='word_1_732' title='bbox 1849 5696 1937 5749; x_wconf 74' lang='grc' dir='ltr'><strong>εὕ-</strong></span> 
     </span>
    </p>
   </div>
   <div class='ocr_carea' id='block_1_109' title="bbox 2045 4640 3697 4713">
    <p class='ocr_par' dir='ltr' id='par_1_109' title="bbox 2045 4640 3697 4713">
     <span class='ocr_line' id='line_1_109' title="bbox 2045 4640 3697 4713; baseline -0.002 -14"><span class='ocrx_word' id='word_1_733' title='bbox 2045 4644 2429 4699; x_wconf 84' lang='lat' dir='ltr'><strong>occasionem</strong></span> <span class='ocrx_word' id='word_1_734' title='bbox 2496 4641 2954 4698; x_wconf 88' lang='lat' dir='ltr'><strong>subministrare</strong></span> <span class='ocrx_word' id='word_1_735' title='bbox 3010 4641 3101 4709; x_wconf 90' lang='lat' dir='ltr'><strong>iis,</strong></span> <span class='ocrx_word' id='word_1_736' title='bbox 3157 4640 3263 4713; x_wconf 90' lang='lat' dir='ltr'><strong>qui</strong></span> <span class='ocrx_word' id='word_1_737' title='bbox 3315 4641 3697 4696; x_wconf 82' lang='lat' dir='ltr'><strong>occasionem</strong></span> 
     </span>
    </p>
   </div>
   <div class='ocr_carea' id='block_1_110' title="bbox 2047 4729 3693 4803">
    <p class='ocr_par' dir='ltr' id='par_1_110' title="bbox 2047 4729 3693 4803">
     <span class='ocr_line' id='line_1_110' title="bbox 2047 4729 3693 4803; baseline -0.001 -17"><span class='ocrx_word' id='word_1_738' title='bbox 2047 4735 2348 4803; x_wconf 86' lang='lat' dir='ltr'><strong>quaerunt.</strong></span> <span class='ocrx_word' id='word_1_739' title='bbox 2382 4734 2582 4801; x_wconf 68' lang='lat' dir='ltr'><strong>Neque</strong></span> <span class='ocrx_word' id='word_1_740' title='bbox 2634 4730 2693 4785; x_wconf 90' lang='lat' dir='ltr'><strong>id</strong></span> <span class='ocrx_word' id='word_1_741' title='bbox 2746 4745 2817 4785; x_wconf 79' lang='lat' dir='ltr'><strong>ex</strong></span> <span class='ocrx_word' id='word_1_742' title='bbox 2866 4729 3223 4800; x_wconf 83' lang='lat' dir='ltr'><strong>conjecturis</strong></span> <span class='ocrx_word' id='word_1_743' title='bbox 3272 4729 3556 4797; x_wconf 91' lang='lat' dir='ltr'><strong>dicimus,</strong></span> <span class='ocrx_word' id='word_1_744' title='bbox 3590 4729 3693 4785; x_wconf 91' lang='lat' dir='ltr'><strong>sed</strong></span> 
     </span>
    </p>
   </div>
   <div class='ocr_carea' id='block_1_111' title="bbox 2045 4817 3699 4892">
    <p class='ocr_par' dir='ltr' id='par_1_111' title="bbox 2045 4817 3699 4892">
     <span class='ocr_line' id='line_1_111' title="bbox 2045 4817 3699 4892; baseline 0 -17"><span class='ocrx_word' id='word_1_745' title='bbox 2045 4820 2412 4892; x_wconf 83' lang='lat' dir='ltr'><strong>experientia</strong></span> <span class='ocrx_word' id='word_1_746' title='bbox 2478 4819 2861 4891; x_wconf 89' lang='lat' dir='ltr'><strong>propriorum</strong></span> <span class='ocrx_word' id='word_1_747' title='bbox 2927 4817 3227 4873; x_wconf 89' lang='lat' dir='ltr'><strong>malorum</strong></span> <span class='ocrx_word' id='word_1_748' title='bbox 3291 4817 3505 4885; x_wconf 90' lang='lat' dir='ltr'><strong>edocti,</strong></span> <span class='ocrx_word' id='word_1_749' title='bbox 3561 4835 3699 4891; x_wconf 63' lang='lat' dir='ltr'><strong>quas</strong></span> 
     </span>
    </p>
   </div>
   <div class='ocr_carea' id='block_1_112' title="bbox 2049 4907 3702 4982">
    <p class='ocr_par' dir='ltr' id='par_1_112' title="bbox 2049 4907 3702 4982">
     <span class='ocr_line' id='line_1_112' title="bbox 2049 4907 3702 4982; baseline 0.001 -20"><span class='ocrx_word' id='word_1_750' title='bbox 2049 4910 2224 4982; x_wconf 77' lang='lat'><strong>3.53</strong></span> <span class='ocrx_word' id='word_1_751' title='bbox 2264 4912 2414 4964; x_wconf 91' lang='lat' dir='ltr'><strong>Dcus</strong></span> <span class='ocrx_word' id='word_1_752' title='bbox 2445 4907 2726 4981; x_wconf 89' lang='lat' dir='ltr'><strong>precibus</strong></span> <span class='ocrx_word' id='word_1_753' title='bbox 2756 4907 2966 4963; x_wconf 89' lang='lat' dir='ltr'><strong>vestris</strong></span> <span class='ocrx_word' id='word_1_754' title='bbox 3001 4911 3252 4965; x_wconf 85' lang='lat' dir='ltr'><strong>avertat.</strong></span> <span class='ocrx_word' id='word_1_755' title='bbox 3280 4907 3470 4964; x_wconf 87' lang='lat' dir='ltr'><strong>Simul</strong></span> <span class='ocrx_word' id='word_1_756' title='bbox 3500 4913 3702 4964; x_wconf 88' lang='lat' dir='ltr'><strong>autem</strong></span> 
     </span>
    </p>
   </div>
   <div class='ocr_carea' id='block_1_113' title="bbox 2049 5051 3557 5129">
    <p class='ocr_par' dir='ltr' id='par_1_113' title="bbox 2049 5051 3557 5129">
     <span class='ocr_line' id='line_1_113' title="bbox 2049 5051 3557 5129; baseline 0.001 -22"><span class='ocrx_word' id='word_1_757' title='bbox 2049 5057 2363 5129; x_wconf 78' lang='grc' dir='ltr'>αρεστεύειν.</span> <span class='ocrx_word' id='word_1_758' title='bbox 2391 5052 2697 5129; x_wconf 76' lang='lat' dir='ltr'><strong>consentit</strong></span> <span class='ocrx_word' id='word_1_759' title='bbox 2724 5068 2860 5107; x_wconf 89' lang='lat' dir='ltr'><strong>cum</strong></span> <span class='ocrx_word' id='word_1_760' title='bbox 2889 5051 3061 5107; x_wconf 91' lang='lat' dir='ltr'><strong>editis</strong></span> <span class='ocrx_word' id='word_1_761' title='bbox 3092 5052 3272 5110; x_wconf 90' lang='lat' dir='ltr'><strong>Coisl.</strong></span> <span class='ocrx_word' id='word_1_762' title='bbox 3303 5053 3557 5129; x_wconf 79' lang='lat' dir='ltr'><strong>primus.</strong></span> 
     </span>
    </p>
   </div>
   <div class='ocr_carea' id='block_1_114' title="bbox 2122 5123 3703 5198">
    <p class='ocr_par' dir='ltr' id='par_1_114' title="bbox 2122 5123 3703 5198">
     <span class='ocr_line' id='line_1_114' title="bbox 2122 5123 3703 5198; baseline -0.003 -18"><span class='ocrx_word' id='word_1_763' title='bbox 2122 5127 2235 5197; x_wconf 81' lang='grc'>(06)</span> <span class='ocrx_word' id='word_1_764' title='bbox 2277 5126 2605 5196; x_wconf 80' lang='grc' dir='ltr'>Ἐκχέαντος.</span> <span class='ocrx_word' id='word_1_765' title='bbox 2653 5123 2739 5179; x_wconf 89' lang='lat' dir='ltr'><strong>Ita</strong></span> <span class='ocrx_word' id='word_1_766' title='bbox 2788 5140 2935 5178; x_wconf 85' lang='lat' dir='ltr'><strong>mss.</strong></span> <span class='ocrx_word' id='word_1_767' title='bbox 2981 5130 3232 5196; x_wconf 88' lang='lat' dir='ltr'><strong>septem.</strong></span> <span class='ocrx_word' id='word_1_768' title='bbox 3295 5123 3448 5181; x_wconf 75' lang='lat' dir='ltr'><strong>Edit.</strong></span> <span class='ocrx_word' id='word_1_769' title='bbox 3494 5125 3703 5198; x_wconf 85' lang='grc' dir='ltr'>ἐκχέον-</span> 
     </span>
    </p>
   </div>
   <div class='ocr_carea' id='block_1_115' title="bbox 2056 5216 3704 5341">
    <p class='ocr_par' dir='ltr' id='par_1_115' title="bbox 2056 5216 3704 5341">
     <span class='ocr_line' id='line_1_115' title="bbox 2056 5216 2154 5250; baseline 0.01 -1"><span class='ocrx_word' id='word_1_770' title='bbox 2056 5216 2154 5250; x_wconf 71' lang='grc' dir='ltr'>ἴθ’.</span> 
     </span>
     <span class='ocr_line' id='line_1_116' title="bbox 2118 5237 3704 5341; baseline -0.002 -18"><span class='ocrx_word' id='word_1_771' title='bbox 2118 5237 2231 5341; x_wconf 57' lang='grc' dir='ltr'>ξθῖ)</span> <span class='ocrx_word' id='word_1_772' title='bbox 2274 5268 2564 5339; x_wconf 56' lang='lat' dir='ltr'><strong>nomino-2.</strong></span> <span class='ocrx_word' id='word_1_773' title='bbox 2617 5264 2977 5321; x_wconf 82' lang='lat' dir='ltr'><strong>Addidimus</strong></span> <span class='ocrx_word' id='word_1_774' title='bbox 3023 5265 3140 5323; x_wconf 89' lang='lat' dir='ltr'><strong>hoc</strong></span> <span class='ocrx_word' id='word_1_775' title='bbox 3196 5282 3420 5324; x_wconf 90' lang='lat' dir='ltr'><strong>nomen</strong></span> <span class='ocrx_word' id='word_1_776' title='bbox 3459 5282 3529 5323; x_wconf 83' lang='lat' dir='ltr'><strong>ex</strong></span> <span class='ocrx_word' id='word_1_777' title='bbox 3569 5270 3704 5321; x_wconf 92' lang='lat' dir='ltr'><strong>octo</strong></span> 
     </span>
    </p>
   </div>
   <div class='ocr_carea' id='block_1_116' title="bbox 2049 5356 3470 5482">
    <p class='ocr_par' dir='ltr' id='par_1_116' title="bbox 2049 5356 3470 5482">
     <span class='ocr_line' id='line_1_117' title="bbox 2049 5356 3470 5482; baseline -0.002 -16"><span class='ocrx_word' id='word_1_778' title='bbox 2049 5356 2231 5479; x_wconf 60' lang='grc' dir='ltr'><strong>ωῗδὲ)</strong></span> <span class='ocrx_word' id='word_1_779' title='bbox 2278 5412 2578 5462; x_wconf 77' lang='grc' dir='ltr'>Πανέστιον.</span> <span class='ocrx_word' id='word_1_780' title='bbox 2611 5408 2755 5482; x_wconf 66' lang='lat' dir='ltr'><strong>Male</strong></span> <span class='ocrx_word' id='word_1_781' title='bbox 2781 5408 3075 5482; x_wconf 86' lang='lat' dir='ltr'><strong>interpres</strong></span> <span class='ocrx_word' id='word_1_782' title='bbox 3101 5409 3470 5464; x_wconf 71' lang='lat' dir='ltr'><strong>Paneslz&#39;um.</strong></span> 
     </span>
    </p>
   </div>
   <div class='ocr_carea' id='block_1_117' title="bbox 2121 5475 3706 5555">
    <p class='ocr_par' dir='ltr' id='par_1_117' title="bbox 2121 5475 3706 5555">
     <span class='ocr_line' id='line_1_118' title="bbox 2121 5475 3706 5555; baseline -0.003 -17"><span class='ocrx_word' id='word_1_783' title='bbox 2121 5475 2236 5552; x_wconf 38' lang='lat'><strong>(99&#39;)</strong></span> <span class='ocrx_word' id='word_1_784' title='bbox 2278 5484 2486 5555; x_wconf 77' lang='grc' dir='ltr'>Χάριτι.</span> <span class='ocrx_word' id='word_1_785' title='bbox 2541 5480 2716 5536; x_wconf 87' lang='lat' dir='ltr'><strong>Coisl.</strong></span> <span class='ocrx_word' id='word_1_786' title='bbox 2769 5475 3093 5549; x_wconf 77' lang='lat' dir='ltr'><strong>secundus,</strong></span> <span class='ocrx_word' id='word_1_787' title='bbox 3139 5483 3277 5552; x_wconf 76' lang='lat' dir='ltr'><strong>lteg.</strong></span> <span class='ocrx_word' id='word_1_788' title='bbox 3313 5475 3616 5533; x_wconf 81' lang='lat' dir='ltr'><strong>secundus</strong></span> <span class='ocrx_word' id='word_1_789' title='bbox 3648 5481 3706 5533; x_wconf 87' lang='lat' dir='ltr'><strong>ct</strong></span> 
     </span>
    </p>
   </div>
   <div class='ocr_carea' id='block_1_118' title="bbox 2050 5554 3163 5626">
    <p class='ocr_par' dir='ltr' id='par_1_118' title="bbox 2050 5554 3163 5626">
     <span class='ocr_line' id='line_1_119' title="bbox 2050 5554 3163 5626; baseline -0.002 -17"><span class='ocrx_word' id='word_1_790' title='bbox 2050 5554 2235 5622; x_wconf 84' lang='lat' dir='ltr'><strong>Bigot.</strong></span> <span class='ocrx_word' id='word_1_791' title='bbox 2266 5554 2652 5626; x_wconf 52' lang='grc' dir='ltr'>χρηστότητα</span> <span class='ocrx_word' id='word_1_792' title='bbox 2715 5623 2722 5626; x_wconf 88' lang='lat'>_</span> <span class='ocrx_word' id='word_1_793' title='bbox 2762 5623 2776 5626; x_wconf 95' lang='lat'><em>_</em></span> <span class='ocrx_word' id='word_1_794' title='bbox 2913 5622 2922 5626; x_wconf 89' lang='lat'>_</span> <span class='ocrx_word' id='word_1_795' title='bbox 3159 5555 3163 5559; x_wconf 79' lang='grc'><strong>’</strong></span> 
     </span>
    </p>
   </div>
   <div class='ocr_carea' id='block_1_119' title="bbox 2119 5618 3571 5697">
    <p class='ocr_par' dir='ltr' id='par_1_119' title="bbox 2119 5618 3571 5697">
     <span class='ocr_line' id='line_1_120' title="bbox 2119 5618 3571 5697; baseline -0.015 -7"><span class='ocrx_word' id='word_1_796' title='bbox 2119 5618 2195 5690; x_wconf 72' lang='grc'><strong>(1)</strong></span> <span class='ocrx_word' id='word_1_797' title='bbox 2230 5618 2595 5697; x_wconf 40' lang='lat' dir='ltr'><strong>ligneo-auxerim</strong></span> <span class='ocrx_word' id='word_1_798' title='bbox 2630 5623 2803 5697; x_wconf 76' lang='lat' dir='ltr'><strong>Cois].</strong></span> <span class='ocrx_word' id='word_1_799' title='bbox 2834 5622 3069 5696; x_wconf 90' lang='lat' dir='ltr'><strong>primus</strong></span> <span class='ocrx_word' id='word_1_800' title='bbox 3103 5627 3159 5677; x_wconf 90' lang='lat' dir='ltr'><strong>et</strong></span> <span class='ocrx_word' id='word_1_801' title='bbox 3186 5619 3331 5677; x_wconf 86' lang='lat' dir='ltr'><strong>Med.</strong></span> <span class='ocrx_word' id='word_1_802' title='bbox 3366 5618 3571 5689; x_wconf 74' lang='grc' dir='ltr'>εὐχαῖς.</span> 
     </span>
    </p>
   </div>
   <div class='ocr_carea' id='block_1_120' title="bbox 2121 5694 3229 5767">
    <p class='ocr_par' dir='ltr' id='par_1_120' title="bbox 2121 5694 3229 5767">
     <span class='ocr_line' id='line_1_121' title="bbox 2121 5694 3229 5767; baseline -0.004 -17"><span class='ocrx_word' id='word_1_803' title='bbox 2121 5699 2140 5719; x_wconf 74' lang='grc'><strong><em>⁵</em></strong></span> <span class='ocrx_word' id='word_1_804' title='bbox 2179 5694 2341 5754; x_wconf 82' lang='lat' dir='ltr'><strong>Alias</strong></span> <span class='ocrx_word' id='word_1_805' title='bbox 2369 5696 2593 5753; x_wconf 73' lang='lat' dir='ltr'>CXCIII.</span> <span class='ocrx_word' id='word_1_806' title='bbox 2623 5694 2856 5767; x_wconf 76' lang='lat' dir='ltr'><strong>Scripta</strong></span> <span class='ocrx_word' id='word_1_807' title='bbox 2877 5709 3039 5752; x_wconf 86' lang='lat' dir='ltr'><strong>anno</strong></span> <span class='ocrx_word' id='word_1_808' title='bbox 3065 5697 3188 5751; x_wconf 84' lang='lat'><strong>375.</strong></span> <span class='ocrx_word' id='word_1_809' title='bbox 3224 5736 3229 5741; x_wconf 84' lang='grc'><strong>.</strong></span> 
     </span>
    </p>
   </div>
  </div>
