4148 6382
536 292 641 351 867

1920 286 1980 343 s.
2019 284 2274 347 BASILII
2311 272 2529 349 nam

3800 290 3894 349 868

536 416 738 491 potest
761 411 999 473 inﬁnita
1025 412 1318 485 majestas
1341 427 1377 471 a
1404 411 1787 471 tenuissimo.
1818 410 2021 484 Neque
2042 409 2205 469 enim

2332 414 2557 477 νίζεσθαι
2579 416 2668 469 τὸν
2711 410 3090 488 ἀπειρομεγίθη
3121 409 3222 463 ὑπὸ
3260 412 3353 462 τοῦ
3392 412 3738 483 μικροτάτου.
3771 411 3899 469 οὐδὶ

537 508 859 580 propterea
878 500 1047 575 quod
1074 500 1234 558 oculi
1262 500 1343 558 ad
1372 517 1469 559 res
1500 501 1761 559 visibiles
1783 499 2207 574 percipiendas

539 592 938 662 destinantur,
972 590 1109 648 ideo
1134 590 1264 661 jam
1290 606 1386 647 res
1416 606 1629 649 omnes
1660 588 1931 647 visibiles
1980 587 2210 644 cadunt

538 681 602 740 in
633 685 1051 753 conspectum.
1108 683 1237 736 Non
1286 678 1450 737 enim
1504 678 1638 736 caeli
1691 677 2209 749 haemisphaerium

542 786 667 827 uno
693 769 913 825 obtutu
937 768 1322 841 conspicitur,
1350 767 1458 824 sed
1486 767 1729 841 objecta
1752 765 1999 840 quidem
2020 764 2215 821 oculis

543 858 744 932 specie
796 874 910 915 nos
966 857 1334 927 circumstat,
1388 862 1450 915 at
1498 856 1701 930 reipsa
1747 856 1959 923 multa,
2016 859 2083 910 ut
2134 869 2213 910 ne

544 947 746 1004 dicam
794 946 1021 1009 omnia,
1053 946 1115 1002 in
1149 946 1284 1018 ipso
1336 946 1693 1015 ignorantur
1723 963 1736 1001 :
1768 944 2076 1003 stellarum
2105 958 2213 1000 na-

545 1041 699 1107 tura,
755 1051 965 1092 earum
1022 1034 1405 1105 magnitudo,
1461 1034 1766 1105 distantia,
1811 1038 2037 1099 motus,
2071 1047 2211 1088 con-

543 1141 781 1193 cursus,
810 1123 1268 1191 declinationes,
1297 1122 1685 1181 habitudines
1738 1122 2029 1194 reliquiae,
2078 1121 2217 1194 ipsa

541 1214 912 1271 ﬁrmamenti
970 1217 1215 1283 natura,
1267 1212 1523 1270 altitudo
1574 1228 1710 1285 quae
1752 1228 1815 1267 se
1871 1228 1907 1269 a
1946 1226 2219 1268 concava

544 1301 1029 1360 circumferentia
1076 1301 1153 1358 ad
1204 1317 1400 1375 usque
1451 1317 1790 1359 convexam
1834 1298 2217 1373 superﬁciem

544 1392 831 1451 extendit.
882 1395 1013 1449 Non
1053 1396 1259 1448 tamen
1291 1391 1625 1448 dixerimus
1656 1390 1877 1447 coelum
1908 1406 2042 1446 esse
2071 1388 2220 1445 invi-

545 1481 737 1550 sibile,
784 1480 866 1537 ob
914 1496 987 1536 ea
1040 1496 1180 1552 quae
1227 1479 1587 1552 ignorantur
1631 1498 1644 1535 :
1694 1479 1805 1536 sed
1843 1477 2096 1545 visibile,
2137 1476 2218 1533 ob

546 1586 747 1643 pauca
774 1586 913 1643 quae
946 1570 1007 1624 in
1043 1584 1114 1626 eo
1145 1574 1612 1640 cognoscuntur.
1658 1572 1743 1625 lta
1771 1573 1828 1623 et
1867 1567 1941 1623 de
1985 1570 2125 1624 Deo.
2162 1566 2220 1633 Si

546 1658 850 1716 labefacta
879 1663 968 1714 est
1001 1674 1037 1714 a
1058 1656 1443 1713 daemonibus
1466 1672 1663 1726 mens,
1694 1657 1865 1729 357
1897 1654 2223 1712 simulacra.

2314 507 2434 580 γὰρ,
2470 501 2649 563 ἐπειδὴ
2678 502 2934 576 ὀφθαλμοὶ
2963 499 3032 562 εἰς
3070 501 3390 557 κατανόησιν
3434 505 3538 551 τῶν
3582 501 3775 573 ὁρατῶν
3808 502 3903 557 εἰσι

2316 599 2636 668 τεταγμένοι,
2660 590 2732 653 ἥδ
2736 613 2767 652 η
2809 593 2979 647 πάντα
3006 592 3072 644 τὰ
3101 590 3264 664 ὁρατὰ
3292 589 3393 641 ὑπὸ
3442 593 3541 648 τὴν
3565 590 3686 661 ὄψιν
3716 593 3905 664 ἄγεται.

2319 681 2460 737 Οῦδε
2486 686 2588 758 γὰρ
2619 687 2678 736 τὸ
2706 684 3051 755 ἡμισφαίριον
3072 684 3164 733 τοῦ
3190 677 3413 751 οὐρανοῦ
3445 676 3495 729 ἐν
3525 685 3627 750 μιᾷ
3807 682 3907 752 ('29)

2319 774 2629 847 καθορᾶται,
2653 770 2781 824 ἀλλά
2802 774 3063 843 φαντασία
3090 771 3181 839 μὲν
3211 765 3375 838 ὄψεως
3402 768 3550 839 ἡμᾶς
3574 773 3910 844 περιίσταται,

2320 864 2454 917 κατὰ
2488 858 2547 916 δε
2572 866 2665 921 τὴν
2697 859 2938 919 ἀλήθειαν
2968 856 3151 925 πολλὰ,
3186 857 3269 909 ἵνα
3306 861 3379 928 μὴ
3414 859 3591 911 πάντα
3618 860 3762 925 εἴπω,
3789 861 3915 912 ἔστιν

2322 950 2370 1005 ἄν
2415 951 2556 1023 αὐτῷ
2584 952 2651 1005 τὰ
2692 949 3014 1021 ἀγνοούμενα
3037 968 3049 980 ·
3097 944 3328 1018 ἀστέρων
3376 948 3542 1017 φύσις
3574 948 3708 1019 (30),
3740 950 3913 1019 μεγέθη

2322 1044 2538 1105 τούτων,
2586 1036 2952 1110 διαστήματα,
3001 1040 3254 1102 κινήσεις,
3308 1031 3641 1108 συνδρομαὶ,
3704 1033 3916 1089 ἀποστά-

2324 1149 2453 1197 σεις,
2487 1131 2541 1182 αἱ
2564 1128 2743 1183 λοιπαὶ
2768 1131 3006 1199 σχέσεις,
3035 1124 3162 1183 αῦτη
3187 1125 3217 1182 ἡ
3252 1122 3413 1176 οὐσία
3432 1132 3529 1176 τοῦ
3561 1130 3917 1199 στερεὼματος,

2322 1222 2380 1272 τὸ
2414 1217 2577 1291 βάθος
2607 1221 2665 1270 τὸ
2703 1216 2803 1269 ἀπὸ
2825 1224 2920 1277 τῆς
2940 1214 3119 1276 κοίλης
3140 1217 3466 1287 περιφερείας
3490 1211 3577 1266 ἐπὶ
3617 1219 3713 1273 την
3747 1220 3919 1288 κυρτὴν

2324 1309 2644 1380 ἐπιφάνειαν.
2672 1305 2807 1361 Ἀλλ’
2841 1307 2975 1377 ὅμως
3004 1304 3098 1358 οῦκ
3151 1301 3211 1355 ἆν
3266 1305 3503 1374 εἴποιμεν
3560 1301 3780 1375 ἀόρατον
3810 1300 3920 1356 εἶναι

2325 1401 2411 1451 τὸν
2445 1396 2660 1471 οὐρανὸν
2711 1392 2805 1450 διὰ
2850 1398 2917 1447 τὰ
2964 1392 3304 1465 ἀγνοούμενα,
3338 1389 3449 1444 ἀλλ’
3478 1392 3673 1465 ὁρατὸν
3712 1388 3804 1444 διὰ
3840 1398 3919 1449 τὴν

2325 1491 2539 1560 μετρίαν
2566 1484 2726 1537 αὐτοῦ
2765 1487 3103 1541 κατανόησιν.
3137 1480 3291 1533 Οὕτω
3336 1476 3405 1538 δὴ
3458 1484 3553 1533 καὶ
3601 1484 3723 1554 περὶ.
3769 1487 3909 1535 Θεοῦ.

2330 1575 2389 1628 Εἰ
2419 1579 2508 1647 μὲν
2536 1573 2891 1648 βεϐλαμμένος
2922 1570 3063 1624 ἐστὶν
3092 1571 3193 1623 ὑπὸ
3222 1566 3491 1641 δαιμόνων
3520 1570 3547 1622 ὁ
3569 1577 3707 1638 νοῦς,
3734 1566 3918 1622 εἰδωλο-

2327 1665 2597 1737 λατρησει,
2632 1664 2660 1722 ᾖ
2695 1666 2825 1738 πρὸς
2854 1661 2976 1714 ἄλλο
3006 1680 3057 1713 τι
3106 1655 3245 1720 εἶδος
3294 1657 3544 1719 ἀσεϐείας
3596 1663 3920 1734 παρατραπῆ-

549 1748 724 1817 colet,
771 1751 876 1804 aut
920 1746 981 1803 in
1037 1745 1224 1803 aliam
1278 1746 1549 1819 aliquam
1593 1747 1854 1819 speciem
1902 1742 2221 1818 impietatis

2333 1774 2511 1807 σεται·
2564 1753 2609 1808 εἰ
2654 1748 2713 1805 δε
2766 1760 2827 1824 τῇ
2896 1758 2987 1804 τοῦ
3046 1752 3342 1821 Πνεύματος
3400 1748 3589 1801 ἑαυτὸν
3656 1744 3922 1801 ἐπιδέδωκε

549 1835 904 1894 abducetur.
937 1835 995 1892 Si
1036 1851 1180 1891 vero
1228 1835 1483 1907 Spiritus
1516 1852 1647 1891 sese
1690 1834 1923 1891 dederit
1971 1832 2219 1901 auxilio,

549 1925 863 1983 veritatem
893 1923 1201 1994 intelliget,
1222 1930 1279 1981 et
1311 1928 1498 1981 Deum
1530 1929 1871 1995 cognoscet.
1894 1925 2225 1994 Cognoscet

550 2021 776 2085 autem,
809 2020 875 2073 ut
925 2015 1008 2073 ait
1051 2014 1398 2090 Apostolus,
1432 2032 1504 2072 ex
1556 2020 1746 2089 parte,
1782 2014 1889 2071 sed
1918 2014 1978 2069 in
2022 2012 2226 2070 futura

552 2105 677 2162 vita
705 2104 1025 2178 perfectius
1052 2123 1064 2174 ;
1099 2105 1247 2161 Cum
1275 2107 1430 2161 enim
1456 2107 1687 2162 venerit
1710 2104 1871 2176 quod
1894 2103 2225 2175 perfectum

555 2200 665 2263 est,
696 2196 1094 2253 evacuabitur
1119 2195 1283 2267 quod
1317 2210 1392 2250 ea;
1436 2201 1610 2268 parte
1639 2195 1807 2250 est“.
1838 2190 2132 2257 Quocirca
2170 2193 2227 2246 et

554 2280 720 2339 bona
766 2285 859 2337 est
909 2281 1127 2338 mentis
1167 2280 1488 2352 judicandi
1537 2281 1810 2347 facultas,
1845 2284 1903 2336 et
1931 2278 2010 2337 ad
2041 2278 2227 2334 ﬁnem

555 2370 787 2440 utilem,
829 2370 933 2427 Dei
984 2371 1416 2440 cognitionem,
1454 2370 1664 2439 tendit,
1699 2370 1805 2426 sed
1847 2373 2053 2426 tamen
2101 2371 2230 2425 tan-

557 2465 692 2520 tum
726 2464 1034 2533 operatur,
1061 2464 1362 2534 quantum
1390 2461 1637 2533 assequi
1666 2463 1881 2533 potest.

1024 2601 1393 2659 EPISTOLA.
1416 2602 1734 2659 CCXXXIV'
1749 2645 1761 2658 .

2332 1843 2575 1917 βοηθείᾳ,
2607 1846 2702 1899 τήν
2751 1841 2996 1900 ἀλήθειαν
3038 1842 3307 1911 γνωρίσει,
3352 1843 3447 1890 καὶ
3490 1841 3618 1892 Θεὸν
3667 1836 3922 1908 ἐπιγνώσε-

2331 1954 2420 1986 ται
2449 1933 2585 2003 (31).
2621 1932 2997 2001 Ἐπιγνώσεται
3040 1925 3117 1993 δε,
3147 1930 3211 1988 ὡς
3257 1928 3285 1983 ὁ
3331 1926 3662 1990 Ἀπόστολος
3711 1924 3855 1991 εἶπεν,
3880 1924 3925 1977 ἐκ

2333 2029 2517 2097 μέρους
2541 2039 2553 2051 ’
2582 2019 2632 2074 έν
2659 2017 2717 2073 δε
2741 2028 2799 2091 τῇ
2834 2022 2967 2092 μετὰ
2989 2025 3149 2070 ταῦτο
3177 2012 3283 2088 ξωῇ
3308 2016 3615 2090 τελεώτερον
3636 2033 3648 2045 ·
3674 2015 3826 2068 Ὀταν
3840 2017 3924 2086 γὰρ

2334 2114 2452 2185 ἔλθῃ
2502 2114 2559 2163 τὸ
2610 2110 2819 2179 relatos,
2873 2112 2931 2161 τὸ
2980 2107 3038 2161 ἐκ
3068 2110 3253 2180 μέρους
3301 2107 3775 2180 καταργηθήσεται
3812 2106 3923 2175 (32).

2334 2203 2495 2255 Ὠστε
2543 2203 2633 2252 καὶ
2699 2197 2852 2250 καλὸν
2916 2203 3006 2249 τοῦ
3069 2201 3158 2247 νοῦ
3209 2199 3268 2247 τὸ
3320 2200 3624 2268 κριτήριον,
3684 2198 3773 2245 καὶ
3820 2193 3928 2265 πρὸς

2339 2294 2636 2364 εὔχρηστον
2684 2287 2841 2353 τῆος,
2892 2290 2987 2344 τήν
3055 2292 3190 2338 Θεοῦ
3257 2289 3606 2351 κατανόησιν,
3652 2278 3926 2353 δεδομένον,

2339 2377 2572 2451 ἐνεργοῦν
2602 2382 2774 2449 μέντοι
2797 2382 3045 2428 τοσοῦτον
3076 2374 3197 2426 ὅσον
3228 2372 3367 2443 αὐτῷ
3408 2376 3685 2446 χωρητόν.

2871 2592 3209 2643 ΕΠΙΣΤΟΛΗ
3242 2586 3399 2640 ΣΛΔ’.

830 2728 1155 2798 Refellitur
1184 2729 1611 2785 Anomaeorum
1634 2728 1948 2785 cavillatio
1973 2729 2395 2797 quaerentium,
2439 2716 2683 2774 Colisne
2705 2713 2865 2785 quod
2892 2714 3073 2780 nosti,
3100 2726 3181 2769 an
3211 2710 3372 2784 quod
3404 2712 3704 2785 ignoras?

750 2872 960 2928 Eidem
981 2871 1055 2929 ad
1085 2872 1271 2929 aliam
1295 2874 1673 2945 quastione»:
1695 2870 2025 2945 re3ponsio.

632 2984 689 3035 i.
738 2978 913 3046 Quod
952 2979 1111 3035 nosti
1157 2978 1325 3048 colis,
1370 2996 1449 3036 an
1492 2978 1660 3052 quod
1690 2978 1981 3050 ignoras?
2032 2976 2090 3032 Si
2138 2991 2227 3031 re-

558 3068 964 3143 spondemus:
986 3068 1157 3133 Quod
1188 3068 1636 3138 cognoscimus,
1652 3068 1769 3124 hoc
1798 3066 2086 3134 colimus;
2111 3063 2228 3121 cito

557 3158 638 3215 ab
675 3157 789 3214 illis
842 3158 1176 3215 occurritur
1226 3174 1240 3214 :
1293 3159 1585 3224 Quaenam
1619 3161 1707 3214 est
1753 3154 2019 3213 essentia
2067 3153 2226 3210 illius

556 3246 725 3321 quod
745 3246 976 3303 colitis?
999 3246 1174 3313 Quod
1197 3247 1244 3302 si
1269 3263 1385 3303 nos
1401 3246 1681 3317 ignorare
1704 3246 2003 3302 fateamus
2024 3257 2226 3299 essen-

556 3335 730 3405 tiam,
782 3340 1134 3408 retorquent
1179 3336 1384 3393 denuo
1418 3353 1431 3391 :
1465 3336 1648 3405 Igitur
1694 3334 1863 3410 quod
1910 3333 2223 3406 ignoratis,

556 3426 676 3482 hoc
704 3424 921 3481 colitis.
953 3428 1070 3482 Nos
1094 3440 1233 3483 vero
1272 3424 1533 3482 dicimus
1557 3424 1707 3482 illud
1745 3426 1900 3481 scire
1945 3422 2227 3495 multipli-

561 3530 695 3571 cem
722 3513 949 3570 habere
980 3514 1364 3571 sententiam.
1396 3516 1546 3572 Nam
1584 3513 1844 3570 dicimus
1874 3530 1909 3571 a
1930 3512 2107 3569 nobis
2130 3528 2223 3569 co-

562 3605 776 3675 gnosci
806 3602 1188 3676 majestatem
1220 3603 1343 3673 Dei,
1397 3608 1456 3660 et
1502 3603 1858 3677 potentiam,
1905 3606 1960 3659 et
1989 3600 2228 3673 sapien-

561 3694 729 3763 tiam,
760 3696 817 3750 et
862 3693 1218 3762 bonitatem,
1267 3698 1324 3749 et
1370 3693 1835 3767 providentiam,
1863 3708 1987 3765 qua
2039 3690 2228 3747 nostri

563 3799 775 3840 curam
810 3783 979 3856 gerit,
1009 3788 1066 3839 et
1093 3784 1389 3856 justitiam
1428 3783 1585 3839 illius
1603 3783 1847 3855 judicii;
1876 3798 1998 3837 non
2028 3781 2228 3854 ipsam

563 3872 916 3930 essentiam.
940 3876 1145 3946 Itaque
1172 3873 1445 3946 captiosa
1483 3872 1889 3944 interrogatio.
1914 3874 2043 3927 Non
2066 3870 2228 3926 enim

563 3961 669 4034 qui
694 3978 757 4018 se
788 3962 1115 4018 essentiam
1138 3979 1267 4020 non
1286 3979 1465 4019 nosse
1505 3962 1671 4030 dicit,
1695 3960 2010 4018 confessus
2038 3964 2128 4017 est
2165 3975 2229 4016 se

567 4053 756 4106 Deum
785 4050 1085 4119 ignorare,
1129 4066 1268 4108 cum
1299 4067 1373 4108 ex
1401 4051 1608 4107 multis
1650 4067 1788 4122 quae
1812 4048 2229 4106 recensuimus

566 4138 886 4210 colligatur
914 4138 1092 4195 nobis
1125 4140 1226 4195 Dei
1256 4141 1445 4197 notio.
1480 4140 1595 4197 Sed
1638 4141 1813 4207 Deus,
1841 4137 2055 4210 inquit,
2090 4138 2230 4191 sim-

566 4225 701 4299 plex
728 4231 833 4297 est,
868 4232 926 4283 et
950 4227 1252 4300 quidquid
1268 4228 1329 4283 in
1350 4228 1484 4299 ipso
1504 4226 1872 4283 recensueris
1884 4243 1992 4282 ceu
2014 4229 2229 4281 notum

568 4320 627 4372 et
652 4315 985 4385 cognitum,
1003 4315 1082 4372 ad
1111 4316 1443 4373 essentiam
1489 4315 1716 4371 attinet.
1754 4317 1875 4371 Hoc
1893 4314 2098 4386 ipsum
2130 4328 2231 4370 so-

568 4404 813 4478 phisma
837 4409 948 4473 est,
980 4404 1315 4462 innumeris
1360 4404 1599 4478 ineptiis
1638 4404 1947 4461 refertum.
1972 4406 2119 4459 Cum
2146 4406 2234 4460 tot

569 4498 810 4551 ettanta
829 4494 944 4550 sint
961 4509 1100 4565 quae
1113 4494 1624 4561 enumeravimus,
1647 4499 1849 4550 utrum
1866 4493 1995 4548 haec
2024 4492 2235 4551 omnia

569 4583 846 4640 essentiae
882 4581 1065 4638 unius
1088 4585 1230 4639 sunt
1248 4581 1520 4651 nomina,
1548 4582 1834 4656 idemque
1864 4582 2015 4639 inter
2041 4597 2106 4637 se
2130 4597 2231 4641 va-

644 4727 693 4762 “
719 4727 743 4781 Ι
768 4726 900 4783 Cor.
926 4739 1047 4797 xm,
1071 4729 1126 4783 9.

644 4870 666 4891 '
694 4868 852 4925 Alias
883 4869 990 4924 CD.
1027 4867 1260 4940 Scripta
1288 4882 1452 4925 anno
1478 4871 1604 4926 376.

619 4940 897 5029 $29):va
929 4944 1059 5029 Jun?
1117 4937 1277 5015 ῥόπῇ.
1340 4942 1489 5013 Reg.
1546 4937 1848 4996 secundus
1899 4939 1947 4992 ἐν
2002 4943 2101 5013 μιᾷ
2140 4948 2233 4995 τοῦ

574 5018 797 5087 ούρανοῦ
817 5018 975 5084 ῥοπῇ.

648 5082 1219 5213 ἓὲἐιῷἕὲἑὲἐςροὶει
1272 5087 1523 5157 uterque
1570 5098 1710 5140 cum
1756 5082 1998 5140 duobus
2036 5084 2233 5157 Regiis

575 5154 805 5210 habent
841 5156 1039 5225 φύσεις.
1422 5154 1445 5157 “
2125 5154 2147 5157 ⁷

647 5228 759 5295 (31)
788 5223 1376 5299 ἘπιγνώσεταιηΕάίῖί
1420 5224 1515 5280 bis
1554 5226 1781 5285 habent
1810 5226 2230 5299 ἐπιγινώσκεται.

577 5299 712 5354 MSS.
744 5301 997 5368 utroque
1027 5296 1159 5351 loco
1190 5296 1549 5367 ἐπιγνώσεται.

650 5369 767 5439 (32)
806 5369 1303 5441 Καταργηθήσεται.
1356 5368 1669 5426 Mediczeus
1720 5368 1913 5427 codex
1967 5375 2234 5448 καταργή-

804 5511 1080 5589 Τᾷδ-αιξτῷ,
1100 5512 1242 5589 nete.
1269 5511 1434 5565 Hunc
1463 5510 1699 5589 titulum
1739 5514 2007 5589 eruimus
2035 5529 2110 5572 ex
2136 5530 2235 5589 co-

581 5578 817 5638 dicibus
860 5578 1273 5655 'Med.,'Coisl.
1334 5582 1604 5642 secundo
1648 5584 1932 5647 Vaticano
1985 5589 2044 5646 et
2101 5586 2234 5644 aliis

2264 4627 2310 4681 D

2649 2863 2732 2927 Τῷ
2763 2856 2903 2926 αὐτῷ
2935 2854 3024 2916 (33
3052 2857 3180 2929 πρὸς
3213 2853 3336 2906 ἄλλο
3368 2855 3641 2928 ἐρώτημα.

2414 2973 2463 3024 1.
2504 2966 2569 3019 Ὃ
2609 2960 2783 3030 οἶδας,
2836 2963 3037 3029 citing;
3092 2964 3121 3021 ἣ
3176 2962 3201 3014 ὃ
3260 2961 3500 3033 ἀγνοεῖςς
3554 2962 3675 3015 Ἐὰν
3737 2957 3924 3025 ἀποκρι-

2336 3058 2561 3128 νώμεθα,
2612 3055 2678 3107 Ὃ
2727 3049 2943 3125 οἴδαμεν
2983 3054 3122 3123 (34),
3176 3058 3330 3104 τοῦτο
3379 3057 3795 3125 προσκυνοῦμεν,
3845 3064 3922 3096 τα-

2336 3153 2464 3218 χεῖα
2513 3142 2636 3217 παρ’
2681 3142 2849 3194 αὐτῶν
2904 3144 2933 3199 η
2991 3139 3307 3211 ἀπάντησις,
3338 3144 3430 3201 Τίς
3462 3140 3493 3199 ἡ
3529 3140 3690 3192 οὐσία
3726 3137 3923 3209 (35)τοῡ

2334 3236 2827 3307 προσκυνουμένου;
2910 3230 3028 3283 Ἐὰν
3124 3226 3183 3282 δε
3260 3227 3468 3300 ἀγνοεῖν
3546 3227 3920 3301 ὁμολογήσωμεν

2336 3329 2430 3382 τὴν
2478 3322 2684 3390 οὐσίαν,
2724 3320 2877 3373 πάλιν
2933 3322 3059 3390 ἡμῖν
3120 3317 3526 3392 περιτρέψαντ-ες
3563 3317 3819 3387 λέγουσιν,
3869 3310 3931 3361 ὅτι

2337 3412 2540 3464 Οὐκοῦν
2587 3409 2613 3462 ὃ
2666 3409 2761 3462 οὐκ
2814 3404 2996 3460 οἴδατε
3043 3413 3401 3479 προσκυνεῖτε.
3451 3404 3646 3479 Ἠμεῖς
3701 3399 3757 3455 δὲ
3808 3399 3930 3467 λέγο-

2334 3521 2425 3574 μεν
2473 3501 2609 3573 (36),
2661 3500 2741 3551 ὅτι
2798 3501 2857 3549 τὸ
2911 3494 3105 3550 εἰδέναι
3163 3494 3502 3567 πολύσημὸνν.
3557 3498 3659 3548 Καὶ
3710 3494 3805 3563 γὰρ
3854 3484 3955 3574 tibi”

2334 3571 2706 3663 μεγαλειότητα
2734 3595 2826 3641 τοῦ
2860 3593 2995 3640 Θεοῦ
3046 3581 3240 3638 εἰδέναι
3288 3585 3538 3657 λέγομεν,
3579 3588 3668 3635 καὶ
3718 3585 3807 3637 τὴν
3853 3571 3929 3627 δύ-

2334 3700 2508 3753 ναμιν,
2556 3683 2647 3731 καὶ
2693 3682 2787 3736 τὴν
2852 3680 3057 3748 σοφίαν,
3112 3680 3200 3727 καὶ
3247 3678 3342 3732 τὴν
3387 3673 3725 3745 ἀγαθότητα,
3749 3670 3830 3721 καὶ
3852 3667 3929 3719 τὴν

2334 3775 2578 3843 πρόνοιαν
2697 3765 3009 3837 ἐπιμελεῖται
3048 3765 3218 3837 ἡμῶν,
3270 3767 3360 3815 καὶ
3415 3766 3476 3815 τὸ
3539 3760 3743 3815 δίκαιον
3792 3753 3928 3808 αὕτοῦ

2335 3867 2430 3920 τῆς
2485 3862 2733 3931 κρίσεως·
2772 3856 2866 3907 οὐκ
2911 3854 3075 3912 αὐτὴν
3126 3857 3220 3911 τὴν
3270 3851 3476 3907 οὐσίαν.
3526 3851 3688 3905 Ὠστε
3743 3847 3929 3915 ἐπηρεα-

2338 3952 2491 4005 στική
2540 3949 2570 4004 ἡ
2615 3945 2883 4020 ἐρώτησις.
2920 3943 2996 3996 Οὐ
3033 3944 3136 4015 γὰρ
3177 3944 3203 3994 ὁ
3234 3947 3327 4000 τὴν
3376 3941 3570 3994 οὐσίαν
3617 3944 3690 4013 μὴ
3743 3936 3927 4020 φάσκοιν

2337 4033 2529 4090 εἰδέναι
2568 4034 2876 4107 ὡμολόγησε
2914 4036 2999 4084 τὸν
3050 4034 3179 4085 Θεὸν
3220 4036 3291 4103 μὴ
3348 4029 3696 4099 ἐπίστασθαι,
3740 4024 3790 4076 ἐκ
3828 4016 3929 4072 πολ-

2336 4126 2433 4179 λῶν
2482 4127 2549 4176 ὧν
2599 4123 3096 4199 ἀπηριθμησάμεθα
3146 4124 3509 4192 συναγομένης
3549 4122 3676 4192 ἡμῖν
3705 4123 3796 4173 τῆς
3830 4109 3929 4180 περὶ

2338 4222 2472 4269 Θεοῦ
2521 4214 2730 4273 ἐννοίας.
2777 4211 2910 4265 Ἀλλ’
2957 4211 3176 4279 ἁπλοῦς,
3221 4215 3400 4282 φησὶν,
3437 4211 3462 4261 ὁ
3510 4213 3664 4276 Θεὸς,
3714 4207 3799 4257 καὶ
3842 4201 3928 4249 πᾶν

2339 4308 2461 4379 ὅπερ
2520 4303 2579 4355 ἆν
2638 4303 2800 4354 αὐτοῦ
2863 4300 3213 4373 ἀπαριθμήση
3280 4302 3559 4370 γνωστὸν,
3621 4304 3710 4355 τῆς
3767 4289 3929 4342 οὖσίας

2341 4390 2473 4449 ἐστί.
2531 4398 2695 4445 Τοῦτο
2765 4386 2823 4443 δὲ
2889 4392 3128 4462 σόφισμα
3180 4388 3294 4441 ἐστι
3353 4391 3547 4462 μυρίας
3599 4387 3689 4445 τὰς
3733 4379 3927 4434 ἀτοπίας

2341 4485 2487 4555 ἕχον,
2517 4483 2787 4534 Τοσούτων
2842 4488 2942 4531 τῶν
3002 4478 3445 4551 ἀπηριθμημενων
3500 4481 3678 4540 ὄντων,
3735 4472 3925 4535 πότερον

2341 4578 2510 4625 ταῦτα
2560 4573 2730 4625 πάντα
2768 4575 2889 4641 μιᾶς
2931 4568 3118 4631 οὐσίας
3174 4566 3441 4638 ὁνόματας
3498 4572 3590 4619 καὶ
3641 4553 3926 4623 ίσοδυναμεῖ

2428 4872 2672 4929 nnullis.

2343 4888 2928 5018 Ποὸῗῗμδῗοῖδαμεν.
2958 4942 3234 5015 Quinque
3285 4940 3524 4998 codices
3574 4921 3923 5068 Braamittunt

2345 5016 2440 5068 ὅτι.
2474 5016 2641 5068 auod
2677 5022 2885 5068 tamen
2913 5030 3023 5068 nec
3067 5013 3402 5068 Medicaeus.
3430 5028 3540 5068 nec
3624 5006 3918 5065 arlasanus,

2345 5006 2441 5087 δτιέ
2474 5006 2641 5087 (Ιύοᾶ
2677 5006 2885 5072 tamen
2913 5006 3023 5087 nec
3067 5006 3402 5079 Médicaaus,
3430 5028 3540 5069 nec
3574 5006 3918 5068 HarlaeanuS,

2344 5086 2455 5143 nec
2487 5086 2887 5159 Coislinianus
2915 5086 3148 5159 primus
3174 5088 3531 5159 agnoscunt.

2416 5137 3294 5247 (ξὶὸἶῒξξξ’ξτῖσῐᾶἷιᾶᾰᾶίῖἑεεῖῗξ
3307 5137 3618 5228 attegias
3643 5137 3922 5207 secundus

2344 5248 2397 5282 τι
2426 5249 2456 5287 η
2492 5249 2670 5285 ουσια.

2417 5302 2529 5371 (36)
2568 5302 2923 5375 Λέγομενλδτι.
2954 5302 3127 5375 Deest
3155 5298 3303 5375 illud
3347 5300 3428 5375 εςι
3468 5297 3531 5354 in
3558 5292 3753 5375 tribus
3777 5292 3912 5375 misti

2342 5340 2467 5427 no\n
2514 5340 3120 5429 vetulsttissimisfMox
3150 5370 3291 5426 editi
3320 5368 3511 5423 εἰδέναι
3546 5340 3920 5438 δηλονότικξςς

2344 5422 2539 5525 asa:
2558 5422 3039 5525 satagens;
3050 5422 3130 5501 ἐῶ
3156 5422 3610 5516 antiquissimis
3635 5422 3921 5491 codicibus

2343 5519 2402 5573 et
2424 5514 2701 5589 pluribus
2731 5515 2885 5577 aliis.
