4148 6380
231 294 337 358 869

1146 294 1634 356 EPISTOLARUM
1672 274 1955 352 CLASSiS
1993 290 2060 346 ιι.
2104 272 2322 351 Episr.
2368 294 2682 352 ccxxxrv.

3493 277 3600 352 870

231 420 476 484 ἀλλήλοις
511 422 568 474 τὸ
613 417 824 494 φοϐερὸν
865 419 1027 474 αὐτοῦ
1067 426 1158 475 καὶ
1211 425 1271 476 τὸ
1320 423 1711 497 φιλανθρωπον,
1770 423 1828 474 τὸ

1947 415 2066 474 lent
2089 420 2278 475 terror
2303 418 2461 475 illius
2491 423 2549 476 et
2577 416 2944 488 benignitas,
2967 415 3204 487 justitia
3233 418 3292 473 et
3316 417 3409 474 vis
3438 433 3603 478 crea-

232 510 445 567 δίκαιον
492 514 584 562 καὶ
629 513 689 562 τὸ
739 505 1148 584 δημιουργικὸν,
1201 515 1261 565 τὸ
1307 513 1702 588 προγνωστικὸν
1741 515 1832 563 καὶ

228 606 292 657 τὸ
323 597 759 668 ἀνταποδοτικὸν,
791 604 850 652 τὸ
901 601 1172 674 μεγαλεῖον
1217 608 1308 656 καὶ
1349 606 1409 656 τὸ
1446 605 1831 679 προνοητικὸν;

229 695 260 753 ἣ
322 697 414 745 καὶ
467 690 589 764 ὅπερ
643 691 706 742 ἄν
754 693 949 742 τούτων
990 693 1229 764 εἴπωμεν,
1273 697 1367 751 τὴν
1410 691 1595 745 ούσίαν
1639 687 1834 749 δηλοῦ-

225 803 322 856 μεν
359 798 376 850 ;
417 783 572 852 Εἶπερ
618 781 721 852 γὰρ
769 786 920 832 τοῦτο
963 779 1198 851 λέγουσι,
1255 786 1328 854 μὴ
1399 779 1760 856 ἐρωτάτωσαν,
1788 798 1833 832 ει

224 877 326 931 τὴν
383 870 564 924 οὐσίαν
620 865 835 941 οἴδαμεν
881 875 975 920 τοῦ
1020 877 1178 937 Θεοῦ,
1223 869 1351 923 ἀλλὰ
1392 872 1832 923 πυνθανέσθωσαν

224 963 400 1036 ἡμῶν,
427 959 473 1012 εἰ
524 957 738 1034 φοϐερὸν
793 955 1011 1030 οἴδαμεν
1065 962 1152 1011 τὸν
1196 963 1348 1030 Θεὸν,
1410 962 1440 1017 ἧ
1505 959 1550 1012 εἰ
1601 955 1830 1028 δίκαιον,

222 1051 254 1110 ἣ
295 1049 340 1104 εἰ
387 1048 500 1121 (37)
544 1046 942 1120 φιλάνθρωποη
983 1053 1163 1100 Ταῦτα
1219 1046 1567 1121 ὁμολογοῦμεν
1617 1044 1828 1102 εἰδέναι.

218 1144 290 1193 Ei
316 1136 376 1192 δί
403 1137 528 1190 ἄλλο
554 1156 606 1189 τι
634 1136 848 1208 λέγουσι
880 1140 976 1195 τὴν
1013 1136 1217 1208 οὐσίαν,
1259 1142 1332 1210 μὴ
1362 1137 1832 1211 παραλογιζέσθω-

218 1248 324 1282 σαν
354 1230 496 1300 ἡμᾶς
526 1222 561 1279 δ
567 1229 621 1278 ιὰ
662 1233 759 1288 τῆς
797 1224 1107 1288 ἁπλότητος.
1141 1226 1303 1281 Αὐτοὶ
1339 1228 1442 1302 γὰρ
1486 1227 1832 1298 ὡμολόγησαν

216 1317 350 1371 ἄλλο
377 1320 407 1376 ἦ
437 1315 560 1369 ἄλλο
586 1311 718 1368 εἶναι
746 1319 840 1372 τήν
894 1333 949 1366 τε
995 1314 1183 1368 ούσίαν
1238 1321 1330 1368 καὶ
1377 1324 1476 1368 τῶν
1527 1314 1833 1390 ἀπηριθμη-

214 1411 388 1480 μένων
446 1403 683 1459 ἕκαστον.
747 1402 883 1456 Ἀλλ’
933 1404 988 1456 αἱ
1045 1407 1136 1477 μὲν
1193 1403 1443 1479 ἐνέργειαι
1489 1404 1748 1471 ποικίλαι,
1798 1406 1828 1462 ἡ

217 1493 288 1550 δὲ
343 1496 503 1548 οὐσία
558 1492 730 1552 διπλῆ.
788 1491 967 1566 Ἡμεῖς
1033 1489 1094 1546 δὲ
1149 1491 1206 1546 ἐκ
1266 1496 1357 1566 μὲν
1413 1501 1515 1546 τῶν
1567 1493 1832 1566 ἐνεργειῶν

213 1585 497 1660 γνωρίζειν
525 1582 738 1654 λέγομεν
781 1585 875 1634 τὸυ
917 1585 1046 1634 Θεὸν
1090 1583 1255 1654 ἡμῶν,
1289 1590 1352 1656 τῇ
1405 1579 1466 1635 δὲ
1504 1581 1660 1654 ούσίᾳ
1697 1582 1828 1655 αὐτῇ

210 1674 595 1749 προσεγγίζειν
644 1670 751 1742 οὐχ
801 1671 1229 1743 ὑπισχνούμεθα.
1283 1673 1348 1724 Αἰ
1407 1673 1499 1744 μὲν
1551 1673 1650 1744 γὰρ
1701 1669 1833 1744 ἐνέρ-

1943 506 2076 579 trix,
2108 509 2402 580 prcenotio
2431 511 2490 565 et
2509 505 2941 564 remunerandi
2959 505 3602 578 ratio,magniﬁeentia

1943 601 2001 652 et
2025 597 2404 669 providentia
2429 615 2444 665 ;
2466 613 2544 654 an
2567 597 2979 670 quodcunque
3008 595 3228 650 horum
3247 595 3600 666 dixerimus,

1943 685 2267 742 essentiam
2315 686 2697 743 declaramus
2730 686 2758 740 ?
2801 688 2951 740 Nam
3009 683 3058 739 si
3087 683 3238 740 illud
3267 684 3498 752 dicunt,
3527 700 3602 741 ne

1941 774 2311 845 interrogent
2336 791 2416 832 an
2446 775 2772 832 essentiam
2792 773 3138 830 noverimus
3173 773 3297 843 Dei,
3336 773 3443 830 sed
3472 789 3604 846 per-

1941 868 2259 920 contentur
2296 879 2374 921 an
2421 863 2818 921 metuendum
2857 862 3206 918 noverimus
3263 865 3473 934 Deum,
3521 877 3602 918 an

1936 953 2194 1025 justum,
2226 969 2305 1011 an
2356 953 2806 1010 misericordem
2826 952 2854 1009 ?
2885 954 3019 1008 Haec
3067 951 3241 1007 nobis
3288 955 3436 1008 nota
3465 968 3601 1009 esse

1941 1042 2318 1100 conﬁtemur.
2361 1041 2535 1109 Quod
2575 1043 2626 1099 si
2647 1041 2792 1115 quid
2821 1039 2988 1098 aliud
3010 1039 3222 1097 dicunt
3249 1039 3598 1111 essentiam,

1941 1147 2017 1188 ne
2041 1147 2154 1188 nos
2180 1131 2568 1189 ludiﬁcentur
2608 1147 2717 1204 per
2763 1131 2922 1188 illius
2961 1130 3432 1203 simplicitatem.
3479 1130 3600 1202 Ipsi

1942 1219 2242 1292 siquidem
2271 1220 2532 1277 confessi
2559 1224 2701 1277 sunt
2731 1220 2894 1276 aliud
2921 1224 3103 1292 atque
3135 1218 3304 1275 aliud
3336 1235 3466 1276 esse
3509 1235 3600 1275 es-

1943 1310 2200 1366 sentiam
2222 1313 2279 1366 et
2304 1310 2788 1382 unumquodque
2819 1324 3031 1364 eorum
3056 1324 3192 1380 quae
3213 1307 3600 1364 enumeravi-

1941 1416 2100 1456 mus.
2133 1399 2249 1456 Sed
2269 1400 2448 1457 variae
2469 1398 2718 1473 quidem
2741 1398 3150 1471 operationes,
3169 1397 3433 1454 essentia
3458 1413 3602 1454 vero

1944 1487 2218 1562 simplex.
2244 1491 2362 1545 Nos
2390 1494 2594 1545 autem
2637 1503 2711 1544 ex
2754 1486 3214 1560 operationibus
3240 1486 3524 1557 cognosci
3566 1503 3606 1544 a

1941 1577 2119 1633 nobis
2148 1577 2409 1634 dicimus
2430 1577 2620 1633 Deum
2639 1581 2938 1645 nostrum,
2958 1573 3065 1630 sed
3087 1575 3168 1630 ad
3191 1575 3387 1647 ipsam
3409 1590 3607 1631 essen-

1942 1665 2088 1722 tiam
2114 1681 2469 1722 accessuros
2501 1681 2625 1722 non
2654 1664 3035 1738 pollicemur.
3071 1663 3269 1736 Ipsius
3301 1663 3606 1737 siquidem

210 1782 361 1836 γειαι
415 1761 583 1814 αὐτοῦ
623 1762 754 1835 πρὸς
811 1760 952 1832 ἡμᾶς
1004 1759 1435 1831 καταϐαίνουσιν,
1485 1761 1514 1818 ἡ
1570 1757 1630 1812 δὲ
1673 1759 1833 1814 ούσία

1947 1756 2329 1829 operationes
2359 1755 2439 1811 ad
2470 1771 2586 1812 nos
2634 1753 3035 1822 descendunt,
3083 1753 3354 1810 essentia
3399 1756 3604 1809 autem

212 1851 290 1905 αὖ
299 1859 389 1904 τοῦ
419 1853 559 1924 μένει
597 1847 900 1923 ἀπρόσιτος.

291 1945 348 1997 2.
399 1937 537 1992 Ἀλλ’
587 1937 632 1991 εἰ
681 1942 776 1997 τὴν
834 1936 1057 2010 οὐσίαν,
1114 1942 1274 2010 φησὶν
1300 1982 1317 2010 ,
1386 1937 1621 2010 ἀγνοεῖς,
1677 1938 1831 1992 αὐτὸν

212 2030 442 2105 ἀγνοεῖς.
486 2034 553 2083 Σὺ
608 2025 668 2082 δὲ
713 2027 1078 2100 ἀντίστρεψον,
1133 2030 1214 2081 ὅτι
1258 2029 1320 2082 Εἰ
1367 2033 1462 2087 τὴν
1515 2027 1699 2081 ούσίαν
1756 2029 1833 2082 λέ-

213 2141 329 2194 γεις
367 2115 584 2186 εἰδέναι,
626 2117 781 2170 αὐτὸν
833 2117 930 2170 οὐκ
975 2115 1286 2173 ἐπίστασαι.
1334 2116 1467 2171 Οὒτε
1503 2120 1604 2190 γὰρ
1637 2120 1661 2169 6
1696 2117 1830 2170 λυσ-

221 2207 510 2278 σόδηκτος,
559 2205 764 2280 βλέπων
811 2210 898 2259 τὸν
951 2209 1083 2258 κύνα
1112 2205 1162 2258 ἕν
1204 2214 1268 2280 τῇ
1311 2206 1493 2279 φιάλῃ,
1531 2206 1704 2259 πλεῖον
1734 2209 1834 2283 ὁρᾷ

215 2307 322 2352 τῶν
353 2299 693 2370 ὑγιαινόντων
719 2317 733 2330 ο
780 2294 910 2348 ἀλλὰ
949 2293 1044 2348 διὰ
1081 2303 1235 2348 τοῦτο
1274 2294 1503 2365 ἐλεεινὸς,
1545 2297 1626 2349 ὅτι
1668 2295 1833 2348 οἴεται

217 2387 436 2461 βλέπειν
493 2385 530 2438 ἅ
591 2389 662 2458 μὴ
713 2385 830 2460 ὁρᾷ.
880 2389 967 2442 Μὴ
1019 2383 1108 2436 οὖν
1167 2386 1451 2458 θαυμάσῃς
1497 2392 1681 2438 τοῦτον
1739 2393 1832 2446 τῆς

216 2474 574 2548 ἐπαγγελίας,
662 2472 790 2526 ἀλλὰ
856 2481 951 2534 τῆς
1026 2478 1312 2547 παρανοίας
1389 2474 1546 2526 αὐτὸν
1620 2473 1832 2527 ἐλεεινὸν

215 2573 418 2642 κρῖνον.
451 2568 682 2617 Γίνωσκε
718 2567 911 2632 τοίνυν,
945 2563 1026 2615 ὅτι
1065 2561 1358 2624 παιζόντων
1388 2561 1531 2615 ἐστὶν
1572 2563 1602 2621 ἡ
1649 2569 1786 2636 φωνή
1816 2585 1830 2598 -

216 2656 284 2711 Εἰ
331 2659 426 2712 τήν
479 2653 666 2706 ούσίαν
719 2659 813 2704 τοῦ
876 2659 1011 2706 Θεοῦ
1060 2650 1282 2724 ἀγνοεῖς,
1333 2656 1366 2703 6'
1407 2657 1479 2725 μὴ
1537 2656 1832 2724 γινώσκεις,

224 2743 418 2806 σέϐεις.
443 2742 572 2814 Ἐγὼ
606 2737 685 2810 δε,
737 2741 819 2793 ὅτι
868 2743 960 2813 μὶν
997 2741 1160 2806 ἔστιν,
1211 2736 1336 2792 οῖδα
1359 2761 1372 2773 ·
1407 2761 1458 2792 τι
1503 2737 1562 2794 δὲ
1591 2743 1621 2799 ἠ
1657 2740 1830 2808 οὐσία,

225 2835 360 2906 ὑπὲρ
405 2827 636 2884 διάνοιαν
675 2832 908 2903 τίθεμαι.
951 2836 1069 2892 Πῶς
1121 2825 1209 2881 οὖν
1256 2830 1540 2902 σώζομαι;
1588 2833 1683 2882 Διά
1737 2839 1835 2893 τῆς

227 2927 490 2981 πίστειως.
540 2925 729 2982 Πίστις
766 2916 827 2972 δὲ
864 2919 1129 2994 αὐτάρκης
1159 2915 1372 2991 εἰδέναι,
1417 2919 1497 2972 ὁτι
1546 2921 1659 2972 ἔστι
1689 2924 1832 2992 Θεὸς,

1942 1845 2101 1902 illius
2131 1850 2338 1901 manet
2367 1845 2703 1901 inaccessa.

2013 1939 2068 1990 2.
2111 1934 2225 1991 Sed
2244 1935 2292 1990 si
2314 1934 2656 2001 essentiam,
2680 1933 2897 2006 inquit,
2919 1931 3184 2003 ignoras,
3206 1931 3409 2005 ipsum
3435 1931 3605 2002 igno-

1940 2041 2060 2081 ras.
2088 2026 2173 2080 Tu
2200 2039 2344 2080 vero
2367 2029 2681 2080 converte:
2713 2021 3048 2079 Essentiam
3069 2021 3118 2077 si
3140 2021 3289 2078 dicis
3311 2025 3365 2078 te
3397 2035 3599 2085 nosse,

1941 2114 2143 2187 ipsum
2168 2129 2292 2170 non
2318 2112 2655 2184 cognoscis.
2697 2115 2902 2184 Neque
2924 2111 3109 2181 enim,
3142 2111 3248 2185 qui
3285 2127 3531 2167 morsus
3566 2125 3605 2167 a

1943 2219 2092 2260 cane
2125 2202 2341 2259 rabido
2381 2203 2546 2258 videt
2598 2216 2812 2257 canem
2861 2201 2922 2256 in
2975 2200 3203 2273 phiala,
3253 2199 3394 2273 plus
3439 2199 3605 2255 videt

1940 2310 2130 2366 quam
2159 2293 2209 2348 si
2236 2292 2366 2348 sani
2393 2297 2568 2359 sunt;
2600 2291 2702 2346 sed
2722 2289 2950 2346 idcirco
2975 2290 3202 2361 dignus
3220 2288 3605 2345 commisera-

1941 2383 2102 2440 tione
2124 2386 2233 2449 est,
2264 2380 2433 2454 quod
2463 2385 2633 2453 putet
2662 2395 2727 2435 se
2760 2379 2941 2451 358
2970 2378 3176 2434 videre
3207 2393 3346 2450 quae
3370 2393 3493 2432 non
3520 2376 3605 2432 vi-

1942 2473 2064 2529 det.
2099 2472 2272 2528 Illum
2303 2485 2448 2542 ergo
2487 2485 2564 2526 ne
2594 2469 2841 2525 mineris
2866 2468 2948 2524 ob
2982 2466 3474 2540 promissionem,
3500 2465 3608 2523 sed

1942 2561 2022 2617 ob
2051 2559 2419 2616 dementiam
2459 2558 2753 2614 miserum
2801 2555 3033 2628 judica.
3067 2558 3458 2628 Perspectum
3501 2555 3609 2612 ita-

1942 2666 2060 2722 que
2081 2648 2186 2704 tibi
2210 2649 2286 2704 sit
2307 2663 2517 2704 vocem
2537 2661 2666 2702 esse
2688 2644 3134 2701 ludiﬁcantium
3160 2661 3173 2699 :
3205 2644 3262 2701 Si
3285 2642 3610 2700 essentiam

1944 2739 2044 2795 Dei
2069 2739 2336 2809 ignoras,
2366 2736 2535 2810 quod
2584 2738 2829 2806 ignoras
2874 2734 3041 2790 colis.
3088 2735 3212 2803 Ego
3256 2749 3397 2789 vero
3434 2732 3608 2789 illum

1942 2842 2072 2884 esse
2095 2825 2272 2882 novi:
2305 2824 2454 2898 quid
2483 2829 2689 2880 autem
2718 2823 3003 2894 essentia,
3045 2837 3232 2894 supra
3275 2820 3608 2892 intelligen-

1945 2918 2086 2973 tiam
2108 2933 2242 2972 esse
2271 2916 2451 2972 duco.
2472 2914 2788 2980 Quomodo
2803 2913 2984 2985 igitur
3005 2913 3206 2970 salvor
3221 2912 3248 2968 ?
3269 2915 3376 2968 Per
3394 2909 3602 2967 ﬁdem.

226 3009 360 3081 οὐχὶ
396 3013 448 3060 τί
484 3006 598 3061 ἐστι
627 3028 641 3041 ο
678 3012 767 3060 καὶ
804 3015 916 3070 τοῖς
961 3006 1273 3067 ἐκζητοῦσιν
1304 3007 1459 3059 αὐτὸν
1489 3004 1828 3080 μισθαποδό-

1947 3006 2116 3063 Fides
2148 3021 2330 3078 porro
2359 3005 2504 3061 satis
2525 3003 2746 3059 idonea
2772 3007 2881 3068 est,
2917 3003 3103 3058 Deum
3130 3015 3260 3057 esse
3293 3001 3604 3069 scire,non

221 3119 322 3162 της
373 3102 597 3170 γίνεται.
637 3094 861 3158 Εἷδησις
902 3098 1008 3169 ἄρα
1050 3105 1148 3159 τῆς
1181 3098 1317 3157 θείας
1357 3097 1539 3158 ούσίας
1565 3097 1595 3156 ἠ
1644 3099 1834 3155 αἰσθη-

225 3207 311 3249 σις
341 3187 500 3240 αὐτοῦ
529 3195 625 3248 τῆς
654 3185 1054 3258 ἀκαταληψίας·
1100 3190 1190 3237 καὶ
1239 3189 1426 3238 σεπτὸν
1468 3186 1528 3238 ού
1567 3189 1625 3239 τὸ
1668 3206 1834 3242 κατα-

217 3276 419 3351 ληφθὲν
465 3279 551 3338 τίς
594 3277 623 3335 ἠ
658 3276 834 3345 οὐσία,
882 3273 990 3328 ἀλλ’
1033 3277 1113 3328 ὅτι
1153 3276 1295 3328 ἔστιν
1339 3278 1369 3334 ἡ
1421 3275 1600 3334 ούσία,

1941 3095 2091 3168 quid
2123 3094 2231 3163 sit;
2257 3109 2522 3166 eumque
2547 3096 3068 3148 remuneratorem
3095 3106 3229 3146 esse
3255 3105 3470 3145 eorum
3496 3089 3603 3161 qui

1942 3185 2147 3258 ipsum
2195 3187 2499 3256 quaerunt.
2532 3181 2802 3252 Cognitio
2845 3180 3026 3252 igitur
3067 3178 3349 3235 essentite
3380 3178 3444 3234 in
3488 3177 3605 3234 hoc

1945 3273 2165 3347 posita,
2198 3277 2265 3328 ut
2306 3273 2514 3344 ipsum
2549 3285 2675 3326 non
2707 3285 2885 3342 posse
2915 3265 3350 3343 comprehendi
3373 3266 3610 3340 perspi-

217 3367 461 3424 ciamus
494 3382 508 3422 :
553 3364 826 3440 illudque
865 3363 1143 3433 colimus,
1173 3363 1250 3420 de
1305 3380 1430 3437 quo
1477 3364 1900 3437 cognovimus,
1927 3378 2054 3420 non
2095 3359 2246 3435 quid
2275 3361 2351 3418 sit
2379 3360 2512 3434 ejus
2542 3359 2824 3427 essentia,
2865 3358 2972 3414 sed
3001 3358 3160 3414 hanc
3199 3355 3490 3413 exsistere
3514 3371 3608 3412 es-

219 3456 507 3514 sentiam.

299 3551 354 3603 3.
397 3550 500 3600 Kati.
553 3544 1030 3620 ἆντερωτάσθωσαν
1094 3544 1264 3596 οὕτω.
1322 3544 1452 3598 Θεὸν
1518 3539 1689 3605 οὐδεὶς
1748 3544 1835 3596 ἐώ-

215 3655 353 3712 ρακε
402 3640 656 3688 πώποτε*
722 3635 749 3686 6
805 3636 1090 3706 πονογενης
1165 3637 1284 3694 Υίὸς
1320 3675 1334 3700 ,
1405 3635 1431 3685 6
1491 3636 1558 3684 ὧν
1617 3633 1684 3694 εἰς
1746 3636 1834 3685 τὸν

219 3725 416 3779 κόλπον
494 3732 588 3777 τοῦ
666 3726 916 3797 Πατρός,
996 3719 1152 3783 οὗτος
1211 3721 1546 3794 ἐξηγήσατο.
1620 3727 1685 3776 Τί
1761 3721 1837 3785 ἐξ-

223 3820 473 3887 ηγήσατο
501 3821 593 3866 τοῦ
626 3816 834 3886 Πατρὸς
865 3815 890 3865 6
933 3815 1229 3884 Μονογενής
1261 3827 1274 3878 ;
1305 3816 1410 3870 Τὴν
1441 3811 1644 3880 οὐσίαν,
1677 3812 1706 3870 ἦ
1740 3815 1836 3870 τὴν

226 3901 456 3978 δύναμιν
503 3921 518 3972 ;
576 3903 638 3957 Εἰ
691 3907 786 3960 τὴν
841 3898 1066 3974 δύναμιν
1120 3901 1276 3971 (38),
1351 3902 1472 3953 ὅσον
1538 3900 1836 3972 ἐξηγήσατο

224 3997 381 4068 ἡμῖν,
437 3999 688 4046 τοσοῦτον
749 3990 1094 4066 γνωρίζομεν.
1139 3989 1199 4043 Εἰ
1262 3992 1358 4048 τὴν
1423 3989 1641 4059 ούσίαν,
1691 3990 1832 4056 εἰπε,

225 4091 334 4139 ποῦ
400 4083 535 4136 εἶπεν
591 4081 754 4136 αὐτοῦ
815 4085 911 4140 τὴν
965 4078 1276 4152 ἀγεννησίαν
1328 4079 1557 4152 ούσίανς
1601 4077 1839 4152 Ἀϐραάμ

226 4177 357 4228 πότε
419 4173 854 4248 προσεκύνησεν;
923 4169 1046 4242 Ούχ
1103 4170 1186 4222 ὅτε
1236 4167 1549 4237 ἐπίστευσε;
1610 4172 1742 4220 Πότε
1781 4164 1840 4221 δι

229 4263 582 4330 ἐπίστευσεν;
625 4260 749 4334 Οὐχ
803 4261 888 4312 ὅτε
936 4257 1166 4326 ἐκλήθη;
1229 4265 1337 4311 Ποῦ
1391 4254 1480 4310 οὖν
1532 4256 1756 4310 ἐνταῦθα
1804 4258 1836 4316 ἠ

227 4350 532 4423 κατάληψις
587 4349 730 4421 αύτῷ
787 4348 1168 4423 ἐμαρτυρήθη;
1226 4349 1372 4422 παρὰ
1430 4353 1526 4409 τῆς
1583 4352 1839 4423 Γραφῆςς

2020 3545 2071 3596 3.
2115 3539 2232 3597 Sed
2265 3539 2348 3594 sic
2396 3539 2664 3595 vicissim
2711 3537 3176 3607 interrogentur.
3205 3535 3396 3590 Deum
3436 3549 3610 3590 nemo

1944 3631 2094 3686 vidit
2137 3644 2403 3700 unquam
2431 3645 2444 3683 :
2478 3628 2828 3699 unigenitus
2866 3627 3081 3693 Filius,
3120 3625 3228 3697 qui
3255 3630 3342 3681 est
3374 3640 3436 3680 ιη
3471 3624 3610 3680 sinu

1942 3720 2170 3790 Patris,
2213 3719 2319 3775 ille
2358 3717 2762 3774 enarravit“.
2800 3715 2957 3781 Quid
2983 3713 3291 3770 enarravit
3330 3711 3408 3768 de
3438 3714 3611 3768 Patre

1947 3808 2298 3879 Unigenitus
2311 3807 2340 3862 ?
2368 3806 2721 3876 Essentiam,
2740 3821 2816 3860 an
2835 3807 3196 3876 potestatem
3215 3802 3244 3857 ?
3269 3802 3326 3857 Si
3350 3805 3612 3874 potesta—

1944 3901 2089 3965 tem,
2119 3899 2417 3968 quantum
2459 3893 2762 3950 nuntiavit
2803 3892 3003 3962 nobis,
3032 3895 3266 3947 tantum
3299 3889 3611 3961 cognosci-

1947 4002 2103 4042 mus.
2122 3986 2178 4042 Si
2201 3983 2663 4053 essentiam,dic
2689 3982 2945 4038 ubinam
2972 3979 3189 4036 dixerit
3210 3978 3610 4051 ingeneratio—

1947 4091 2089 4132 nem
2114 4090 2245 4130 esse
2270 4073 2465 4147 ipsius
2486 4069 3104 4137 essentiam.Quando
3125 4069 3432 4126 Abraham
3463 4067 3611 4126 ado-

1947 4163 2386 4232 ravit?,Nonne
2437 4161 2688 4234 quando
2743 4158 3047 4217 credidit?
3098 4157 3353 4224 Quando
3406 4161 3611 4214 autem

1950 4251 2247 4309 credidit?
2298 4253 2508 4309 Nonne
2563 4249 2817 4323 quando
2870 4251 3122 4305 vocatus
3171 4247 3306 4303 est?
3350 4245 3612 4302 Ubinam

1950 4341 2200 4399 tandem
2221 4340 2392 4397 illum
2424 4339 2732 4412 Scriptura
2755 4341 3006 4394 testatur
3029 4333 3564 4408 comprehendisse
3582 4332 3614 4387 Ἰ

231 4441 304 4495 Οἱ
349 4443 585 4513 μαθηταὶ
639 4435 701 4492 δε
747 4438 906 4491 αὐτὸν
954 4442 1080 4491 ποτε
1109 4439 1552 4510 προσεκύνησαν;
1593 4435 1717 4508 Οὐχ
1760 4435 1834 4488 ὅτε

1953 4430 2210 4497 Quando
2237 4429 2443 4486 itidem
2474 4427 2754 4501 discipuli
2777 4427 2980 4499 ipsum
2999 4425 3333 4481 adoravere
3351 4424 3380 4478 ?
3403 4425 3614 4478 Nonne

235 4534 333 4588 τὴν
383 4533 554 4582 κτίσιν
616 4527 760 4600 αύτῷ
813 4523 952 4580 εἶδον
1005 4527 1470 4597 ὑποτεταγμένην;
1535 4523 1683 4579 Ἀπὸ
1739 4525 1840 4598 γὰρ

237 4616 509 4681 θαλάσσης
563 4621 654 4670 καὶ
707 4615 904 4688 ἀνέμων
964 4614 1376 4667 ὑπακουσάντων
1433 4611 1575 4683 αύτῷ
1625 4611 1837 4686 ἐγνώρι-

234 4727 336 4763 σαν
388 4706 549 4761 αύτοῦ
592 4710 689 4766 τὴν
743 4707 983 4763 θεότητα.
1027 4705 1231 4755 Ούκοῦν
1275 4699 1376 4754 ἀπὸ
1423 4703 1514 4774 μὲν
1560 4708 1661 4752 τῶν
1710 4699 1844 4773 ἐνερ-

231 4806 386 4872 γειῶν
417 4799 448 4857 ἡ
490 4803 703 4869 γνῶσις,
739 4792 841 4848 ἀπὸ
873 4789 934 4848 δε
969 4799 1066 4856 τῆς
1111 4795 1346 4865 γνώσεως
1377 4791 1408 4850 ἠ
1443 4792 1833 4866 προσκύνησις.

233 4889 552 4956 Πιστεύεις,
610 4887 693 4939 ὅτι
742 4881 976 4957 δύναμαι
1028 4889 1185 4935 τοῦτο
1221 4889 1493 4947 ποιῆσαι;
1559 4879 1842 4948 Πιστεύω,

233 4979 434 5052 Κύριε·
498 4981 591 5030 καὶ
667 4976 1056 5050 προσεκύνησεν
1121 4973 1262 5043 αύτῷ
1292 5013 1306 5026 .
1394 4970 1571 5030 Οὕτως
1640 4971 1671 5028 ἠ
1751 4970 1843 5041 μὲν

229 5069 596 5143 προσκύνησις
645 5073 708 5138 τῇ
768 5068 946 5118 πίστει
993 5061 1301 5115 άκολουθείο
1349 5061 1380 5119 ἡ
1415 5057 1475 5114 δὲ
1511 5063 1690 5119 πίστις
1741 5055 1844 5111 ἀπὸ

233 5155 510 5232 δυνάμεως
561 5153 894 5230 βεϐαιοῦται.
942 5152 1004 5208 Εἰ
1059 5148 1120 5205 δὲ
1169 5149 1336 5223 λέγεις
1386 5152 1476 5204 τὸν
1532 5149 1848 5202 πιστεύοντα

309 5318 358 5358 ⁸⁸
395 5320 569 5378 Joan.
610 5333 649 5390 ι,
693 5317 782 5376 18.
821 5314 866 5352 ιτ
911 5313 1118 5373 Matth.
1159 5327 1230 5384 ιι,
1271 5312 1362 5369 28.

311 5465 426 5538 (37)
466 5466 538 5518 Ἥ
576 5459 641 5517 εἰ.
681 5461 1001 5520 Postrema
1023 5453 1246 5518 vocula
1283 5449 1495 5514 addita
1523 5468 1598 5513 ex
1621 5464 1847 5515 novem

231 5552 432 5684 ωἷὲὲ)
464 5607 528 5666 Εἰ
556 5609 654 5670 τὴν
683 5600 929 5683 δύναμιν,
956 5605 1092 5666 Hec
1123 5598 1290 5669 adita
1316 5617 1388 5664 ex
1407 5613 1560 5662 mss.
1591 5600 1843 5675 decem;

1950 4535 2093 4575 cum
2119 4521 2460 4574 creaturam
2485 4517 2540 4572 ei
2571 4516 2846 4572 viderent
2877 4528 3007 4569 esse
3040 4511 3378 4583 subjectam
3403 4511 3432 4566 Ῥ
3461 4513 3613 4566 Nam

1952 4623 2027 4663 ex
2055 4606 2210 4664 mari
2257 4609 2314 4662 et
2357 4605 2553 4662 ventis
2601 4604 2656 4660 ei
2701 4601 3264 4675 obtemperantibus
3307 4613 3614 4668 agnovere

1950 4696 2145 4770 ipsius
2173 4693 2567 4751 divinitatem.
2603 4692 2786 4764 Igitur
2815 4707 2889 4747 ex
2919 4686 3376 4762 operationibus
3404 4686 3612 4758 cogni-

1951 4786 2055 4854 tio,
2087 4799 2161 4840 ex
2189 4782 2530 4854 cognitione
2564 4785 2767 4838 autem
2807 4778 3100 4837 adoratio.
3133 4777 3345 4834 Credis
3380 4792 3475 4833 me
3499 4776 3612 4834 hoc

1947 4875 2156 4946 facere
2167 4875 2375 4944 posse?
2389 4872 2598 4938 Credo,
2614 4870 2866 4926 Domine
2882 4885 2895 4923 :
2909 4872 2964 4923 et
2984 4867 3266 4924 adoravit
3285 4881 3419 4922 eum
3433 4867 3476 4900 ιτ
3489 4909 3502 4923 .
3518 4865 3614 4923 Sic

1949 4963 2139 5020 ﬁdem
2163 4961 2434 5034 sequitur
2461 4959 2760 5026 adoratio,
2782 4957 2936 5014 ﬁdes
2965 4971 3110 5012 vero
3139 4970 3249 5028 per
3275 4955 3612 5027 potentiam

1952 5051 2399 5108 corroboratur.
2423 5047 2598 5115 Quod
2620 5047 2671 5104 si
2690 5047 2841 5104 dicis
2861 5045 3206 5103 credentem
3233 5044 3363 5116 jam
3387 5058 3615 5115 cogno-

1952 5156 2156 5212 scere;
2187 5154 2297 5213 per
2329 5153 2469 5211 quae
2500 5135 2704 5209 credit,
2733 5150 2843 5209 per
2869 5135 3001 5193 haec
3038 5137 3097 5192 et
3125 5133 3477 5205 cognoscit:
3509 5134 3615 5190 aut

1953 5466 2027 5585 tac
2055 5461 2304 5584 pirorsus
2328 5451 2680 5516 necessaria
2705 5453 2850 5511 sunt
2875 5442 2956 5511 ad
2999 5438 3442 5508 absolvendam
3477 5445 3614 5493 sen-

1980 5542 2056 5585 en
2102 5542 2224 5585 am.

1980 5542 2224 5587 entiam-
