4148 6406
614 309 679 363 71
1960 298 2018 356 S.
2058 295 2311 355 BASILII
2347 294 2572 353 MAGNI

780 427 921 485 vice
949 441 1148 493 versa,
1178 440 1283 500 per
1311 439 1451 499 quae
1493 423 1826 497 cognoscit,
1855 438 1964 497 per
2004 421 2135 479 haec
2181 423 2237 476 et

2346 423 2433 473 καὶ
2481 424 2781 492 γινώσκειν,
2833 410 2918 494 ἆφ⁶
2960 420 3027 493 ᾦν
3075 416 3331 486 πιστεύει,
3369 411 3470 474 ἆπὸ
3511 423 3696 475 τούτων
3737 431 3819 479 καὶ
3838 448 3911 501 γι-

577 446 684 488 am

575 518 780 577 credit.
801 516 1240 588 Cognoscimus
1272 519 1473 573 autem
1507 517 1691 571 Deum
1715 529 1823 587 per
1847 514 2228 586 potestatem.

577 609 777 675 Quare
807 606 1112 663 credimus
1143 605 1392 679 quidem
1423 604 1476 661 ei
1505 604 1610 677 qui
1631 603 1907 674 cognitus
1932 604 2055 657 est:
2088 614 2230 656 eum

572 713 718 754 vero
747 696 853 769 qui
884 695 1146 753 creditus
1172 700 1278 763 est,
1306 694 1659 751 adoramus.

1059 912 1162 966 EPI
1172 911 1392 967 STOLA
1433 910 1752 965 CCXXXV'.

3812 296 3906 363 επ

2337 515 2560 563 νώσκει·
2591 512 2621 572 ἦ
2671 517 2761 565 καὶ
2793 511 3069 583 ἀνάπαλιν,
3112 512 3196 586 ἀφ’
3247 511 3313 584 ᾦν
3364 518 3630 584 γινώσκει,
3677 512 3768 566 ἀπὸ
3811 521 3910 569 τού.

2336 618 2437 651 των
2490 606 2579 653 καὶ
2626 605 2901 659 πιστεύει.
2944 608 3273 677 Γινώσκομεν
3316 598 3372 654 δὲ
3430 600 3485 653 ἐκ
3536 609 3627 663 τῆς
3674 600 3912 678 δυνάμεως

2336 691 2426 741 τὸν
2477 693 2625 746 Θεὸν.
2668 690 2830 745 Ὠστε
2876 695 3186 766 πιστεύομεν
3225 695 3315 764 μὲν
3368 700 3441 763 τῷ
3492 692 3600 764 (39)
3641 695 3915 766 γνωσθὲντι,

2336 787 2725 854 προσκυνοῦμεν
2762 778 2821 835 δὲ
2851 790 2923 853 τῷ
2969 783 3314 835 πιστευθέντι.

2801 893 2805 897 ’
2860 912 3195 961 ΕΠΙΣΤΟΛΙΙ
3245 904 3414 959 me.

578 1019 722 1077 Huic
743 1017 1076 1090 quaestioni,
1106 1017 1358 1088 priorne
1384 1017 1645 1090 cognitio
1673 1030 1745 1071 an
1772 1013 1921 1090 fides
1952 1013 1980 1069 ?
2005 1014 2088 1090 sic
2109 1010 2428 1090 respondet
2455 1014 2745 1090 Basilius,
2771 1020 2845 1090 με
2863 1015 3039 1090 ﬁdem
3072 1015 3134 1069 in
3165 1013 3523 1083 disciplinis,
3555 1013 3911 1090 cognitionem

647 1093 709 1146 in
740 1083 1089 1146 Christiana
1106 1083 1409 1159 religione
1437 1083 1655 1157 praeire
1675 1086 1985 1142 concedat.
2007 1083 2127 1159 Sed
2151 1098 2286 1159 eam
2319 1085 2695 1159 E_unomiani,
2726 1088 2780 1141 si
2797 1090 2931 1157 quis
2960 1089 3145 1143 Deum
3171 1105 3204 1142 (ι
3233 1102 3293 1142 se
3314 1087 3594 1154 cognosci
3620 1083 3909 1156 fateretur,

647 1164 850 1219 statim
879 1154 1326 1229 concluderent,
1351 1154 1459 1215 Dci
1483 1166 1771 1217 naturam
1802 1158 2080 1228 cognosci
2109 1172 2121 1211 :
2155 1154 2410 1213 absurda
2441 1157 2566 1214 hwc
2588 1154 2837 1215 illarum
2860 1160 3173 1215 cavillatio
3201 1159 3528 1227 refellitur.

726 1269 936 1325 Eidem
976 1268 1057 1326 ad
1094 1268 1282 1325 aliam
1322 1268 1713 1338 quaestionem
1752 1264 2082 1334 responsio.

655 1381 701 1431 t.
745 1375 987 1431 Priorne
1019 1373 1304 1445 cognitio,
1348 1389 1425 1428 an
1465 1372 1618 1428 ﬁdes
1648 1373 1675 1428 ?
1724 1374 1841 1428 Nos
1883 1386 2063 1444 porro
2094 1370 2238 1427 dici-

574 1481 714 1522 mus
742 1464 1076 1537 generatim
1102 1462 1350 1536 quidcm
1378 1463 1439 1517 in
1465 1460 1796 1535 disciplinis
1818 1459 2001 1516 ﬁdem
2034 1461 2235 1533 cogni-

574 1554 722 1611 tioni
762 1553 974 1627 prmire
1009 1572 1021 1608 :
1057 1557 1118 1609 at
1165 1551 1224 1607 in
1257 1557 1465 1607 nostra
1512 1550 1785 1607 doctrina
1817 1551 1867 1605 si
1911 1551 2046 1622 quis
2076 1550 2238 1606 dicat

574 1645 790 1717 praeire
822 1642 1230 1713 cognitionem
1263 1640 1423 1703 fidei,
1453 1657 1577 1697 non
1618 1640 2094 1708 contendemus;
2130 1656 2234 1697 co-

577 1733 908 1804 gnitionem
937 1732 1183 1804 quidem
1214 1731 1484 1787 humano
1515 1730 1717 1803 captui
1746 1729 2229 1787 accomodatam.

576 1825 730 1879 Nam
761 1821 824 1878 in
862 1819 1194 1893 disciplinis
1242 1820 1493 1892 quidem
1537 1822 1773 1892 oportet
1822 1819 2082 1891 primum
2112 1835 2233 1875 cre-

577 1912 719 1967 dere
750 1911 864 1966 hoc
895 1911 1262 1966 elementum
1289 1909 1471 1982 alpha
1501 1925 1664 1977 esse;
1708 1914 1765 1965 et
1793 1909 1895 1965 ubi
1916 1908 2144 1978 figuras
2177 1912 2235 1964 et

576 2000 1132 2075 pronuntiationem
1176 1999 1479 2069 didiceris,
1529 2003 1655 2056 tum
1699 1999 1946 2055 demum
1988 2015 2233 2056 accura-

577 2097 701 2148 tam
752 2090 1058 2163 percipere
1101 2088 1411 2145 notionem
1454 2089 1764 2162 potestatis
1815 2088 2113 2145 elementi.
2159 2092 2234 2146 At

574 2179 638 2237 in
677 2180 798 2236 ﬁde
828 2196 962 2252 quae
991 2179 1149 2235 circa
1192 2181 1379 2234 Deum
1407 2184 1709 2248 versatur,
1749 2178 1921 2249 praeit
1949 2177 2047 2234 illa
2075 2178 2232 2248 cogi-

576 2268 744 2336 tatio,
787 2271 974 2324 Deum
1005 2284 1135 2324 esse
1178 2284 1192 2322 :
1233 2268 1395 2323 hanc
1426 2271 1628 2323 autem
1657 2283 1727 2321 ex
1768 2268 2054 2323 creaturis
2076 2267 2235 2324 colli-

576 2360 796 2430 gimus.
831 2357 1197 2429 Sapientiam
1229 2364 1515 2428 namque,
1550 2361 1606 2411 et
1650 2355 2013 2427 potentiam,
2043 2361 2098 2411 et
2127 2356 2230 2411 bo-

575 2449 825 2504 nitatem
860 2488 873 2513 ,
940 2450 999 2501 et
1065 2444 1273 2500 omnia
1320 2445 1451 2515 ejus
1516 2443 1843 2500 invisibilia
1895 2460 1966 2499 ex
2019 2444 2235 2500 mundi

578 2535 882 2592 creatione
908 2532 1326 2605 intelligentes,
1361 2533 1448 2589 sic
1479 2533 1926 2603 cognoscimus.
1973 2537 2056 2589 Ita
2088 2550 2234 2590 sane

577 2622 746 2681 illum
780 2639 887 2679 ceu
918 2626 1192 2679 nostrum
1228 2623 1502 2694 ipsorum
1536 2622 1715 2694 359
1748 2622 2069 2678 Dominum
2102 2639 2235 2678 sus-

579 2714 858 2785 cipimus.
907 2712 1207 2779 Quoniam
1250 2712 1409 2768 enim
1462 2714 1643 2767 totius
1702 2711 1913 2767 mundi
1960 2711 2237 2768 conditor

579 2805 754 2872 Deus,
789 2818 901 2859 nos
944 2808 1145 2858 autem
1196 2801 1411 2857 mundi
1441 2816 1582 2874 pars
1624 2818 1871 2870 sumus;
1904 2807 2107 2858 noster
2134 2802 2238 2873 igi-

579 2899 678 2951 tur
710 2894 890 2952 etiam
923 2893 1197 2950 conditor
1228 2896 1404 2949 Deus.
1430 2893 1844 2964 Cognitionem
1873 2892 2053 2949 istam
2086 2893 2235 2951 ﬁdes

582 2985 867 3059 sequitur,
900 2988 957 3042 et
984 2984 1167 3040 fidem
1193 2983 1374 3040 talem
1407 2983 1701 3040 adoratio.

653 3167 706 3221 2.
731 3166 899 3221 Nunc
931 3167 1133 3220 autem
1163 3167 1483 3236 propterea
1524 3161 1691 3235 quod
1721 3161 1911 3218 multa
1941 3160 2240 3231 signiﬁcat

562 3252 948 3325 cognitionis
979 3268 1228 3322 nomen,
1282 3252 1386 3324 qui
1440 3250 1904 3324 simplicioribus
1954 3249 2236 3320 illudunt,

585 3358 657 3399 ac
688 3341 943 3414 gloriam
975 3357 1046 3397 ex
1086 3340 1415 3414 paradoxis
1459 3347 1757 3415 quaerunt,
1804 3340 1993 3396 instar
2031 3356 2240 3396 eorum

582 3430 688 3504 qui
719 3430 779 3485 in
813 3430 1057 3486 theatris
1089 3430 1202 3486 sub
1241 3431 1516 3486 omnium
1560 3429 1751 3485 oculis
1794 3429 2057 3486 calculos
2099 3429 2242 3485 sub-

580 3520 830 3588 ducunt,
862 3519 1324 3589 interrogatione
1356 3519 1633 3575 universe
1682 3519 1988 3585 instituta,
2036 3519 2244 3575 omnia

582 3608 765 3665 simul
794 3607 1294 3681 complectuntur.
1329 3611 1477 3666 Cum
1526 3608 1689 3663 enim
1733 3609 2094 3679 cognitionis
2140 3624 2244 3663 no-

580 3714 723 3755 men
778 3698 857 3754 ad
911 3698 1103 3754 multa
1153 3698 1470 3770 pertineat,
1505 3713 1771 3770 cumque
1824 3697 2055 3769 aliquid
2107 3697 2244 3753 sciri

585 3789 774 3862 possit
798 3789 1017 3861 partim
1051 3804 1125 3845 ex
1155 3803 1430 3854 numero,
1456 3787 1673 3860 partim
1693 3803 1764 3843 ex
1796 3785 2239 3857 magnitudine,

582 3879 805 3955 partim
838 3894 912 3935 ex
957 3879 1226 3951 potentia
1250 3921 1264 3946 ,
1303 3877 1524 3950 partim
1579 3893 1651 3933 ex
1698 3878 1885 3933 modo
1924 3876 2246 3940 existendi,

584 3970 805 4043 partim
825 3984 899 4025 ex
931 3973 1198 4040 tempore
1228 3967 1649 4037 generationis,
1677 3966 1899 4040 partim
1929 3982 2003 4022 ex
2040 3981 2249 4021 essen-

588 4058 703 4114 tia:
735 4057 818 4114 illi
867 4057 1339 4128 interrogatione
1394 4055 1544 4113 dum
1602 4060 1796 4113 totum
1851 4056 2245 4128 comprehen-

585 4146 757 4219 dunt,
805 4145 854 4202 si
900 4162 1013 4203 nos
1061 4145 1328 4219 ceperint
1374 4147 1728 4203 confitentes
1763 4150 1949 4202 Deum
1991 4162 2028 4202 a
2064 4146 2243 4202 nobis

585 4236 891 4307 cognosci,
913 4235 1184 4292 essentias
1206 4235 1611 4305 cognitionem
1649 4252 1685 4291 a
1715 4235 1895 4292 nobis
1919 4240 2243 4308 expetunt;

585 4325 636 4381 si
684 4341 830 4382 vero
871 4341 985 4382 nos
1030 4324 1288 4380 viderint
1321 4324 1383 4380 in
1430 4322 1792 4380 afﬁrmando
1820 4325 2087 4393 timidos,
2132 4325 2243 4381 im-

582 4414 819 4490 pietatis
847 4414 1045 4472 labem
1092 4413 1270 4471 nobis
1302 4412 1618 4485 atﬁngunt.
1652 4417 1770 4470 Nos
1803 4430 1942 4470 vero
1974 4415 2035 4471 id
2075 4416 2245 4489 quod
2274 4392 2319 4446 Β

582 4506 659 4563 de
699 4507 821 4562 Deo
866 4506 1069 4576 potest
1110 4502 1414 4574 cognosci,
1464 4503 1616 4559 scire
1669 4503 2047 4572 conﬁtemur,
2092 4507 2242 4562 scire

583 4602 789 4653 autem
806 4610 1037 4664 rursus,
1060 4593 1209 4666 quid
1231 4598 1503 4650 nostram
1530 4593 1721 4664 fugiat
1750 4594 2233 4665 intelligentiam.

587 4683 1119 4757 Quemadmodum
1150 4683 1329 4753 igitur
1367 4682 1415 4738 si
1462 4699 1498 4739 a
1538 4700 1633 4738 me
1678 4683 1991 4740 scisciteris
2030 4702 2107 4741 an
2148 4702 2243 4742 co-

587 4789 879 4845 gnoscam
900 4772 1050 4846 quid
1072 4773 1148 4828 sit
1171 4788 1377 4839 arena,
1394 4788 1611 4845 meque
1630 4773 1781 4829 scire
1803 4775 2238 4847 respondeam;

585 4863 899 4920 manifeste
929 4861 1418 4929 calumniaberis,
1449 4862 1499 4917 si
1525 4862 1728 4918 statim
1755 4868 1812 4918 et
1837 4862 1995 4919 illius
2028 4880 2241 4921 nume-

654 4970 677 4992 *
708 4970 865 5025 Alias
896 4968 1116 5027 CCCCI.
1147 4969 1381 5043 Scripta
1409 4985 1570 5043 anno
1602 4973 1726 5043 376.

659 5043 769 5108 (39)
810 5044 1125 5122 Πιστεύοξιςν
1156 5045 1247 5114 μὲν
1276 5050 1367 5122 re.
1419 5042 1511 5098 Sic
1547 5042 1785 5122 codices
1815 5058 1966 5098 mss.
2000 5060 2242 5101 summo

586 5126 912 5185 consensu.
947 5112 1098 5167 Editi
1122 5112 1437 5185 πιστεύομεν
1476 5117 1565 5185 καὶ
1596 5132 1689 5184 τῳ.

657 5181 769 5251 (40)
808 5188 892 5257 Τῷ
926 5185 1086 5257 αὐτῷ.
1129 5182 1231 5238 Hic
1260 5181 1466 5239 titulus
1497 5181 1857 5257 desumptus
1903 5201 1976 5242 ex
2024 5184 2245 5243 codici-

582 5255 699 5311 bus
722 5253 893 5321 Med.,
915 5254 1097 5310 Coisl.
1138 5257 1334 5325 primo
1355 5260 1411 5309 et
1442 5253 1748 5313 Vaticand.

656 5327 768 5398 (41)
808 5328 907 5398 Καὶ
953 5327 1205 5398 μαθόντα.
1245 5325 1627 5398 Conjunctio,
1653 5343 1787 5398 quae
1828 5327 1994 5385 deest
2021 5329 2084 5385 in
2112 5327 2243 5386 edi-

581 5400 676 5467 tis,
710 5395 927 5467 legitur
944 5395 1011 5467 in
1032 5395 1240 5451 decem
1271 5397 1497 5451 nostris
1530 5395 1865 5455 codicibus.

653 5464 1289 5541 (42)⁷Ἐπιδεικνύριενοι.
1350 5468 1587 5541 Legitur
1650 5469 1713 5541 in
1790 5487 1887 5525 sex
1951 5488 2106 5527 mss.
2168 5473 2240 5524 ἒν-

585 5536 1013 5667 επιδὲικνῗμενοι.
1039 5536 1155 5596 Sed
1178 5541 1292 5594 tres
1318 5536 1707 5595 vetustissimi
1732 5557 1870 5598 cum
1901 5544 2076 5601 editis
2099 5559 2240 5601 con-

585 5622 691 5666 ΒΘΗ
737 5622 819 5666 un
849 5651 865 5667 ο

581 5622 865 5667 sentiunt.

2616 1273 2699 1337 Τῷ
2741 1266 2881 1337 αὐτῷ
2922 1266 3033 1337 (40)
3072 1269 3203 1340 πρὸς
3241 1264 3364 1317 ἄλλο
3405 1267 3667 1341 ἐρώτημα.

2422 1374 2471 1427 1.
2514 1376 2579 1424 Τί
2625 1376 2894 1446 πρότερον,
2928 1373 2957 1431 ἡ
2999 1379 3213 1444 γνῶσις,
3247 1375 3276 1429 ἦ
3320 1371 3350 1429 ἡ
3402 1375 3580 1432 πίστις
3621 1387 3635 1438 ;
3684 1369 3842 1443 Ἢμεῖς
3868 1366 3914 1424 δὲ

2343 1458 2574 1533 λέγομεν,
2632 1464 2709 1514 ὅτι
2774 1464 2996 1514 καθὸ).ου
3053 1465 3142 1533 μὲν
3188 1459 3271 1513 ἐπὶ
3317 1469 3414 1513 τῶν
3471 1462 3786 1533 μαθημάτων
3837 1464 3914 1512 πί·

2348 1569 2464 1612 στις
2508 1556 2769 1622 γνώσειως
2823 1559 3173 1627 προηγεῖται·
3250 1549 3335 1603 ἐπὶ
3399 1546 3458 1603 δὲ
3517 1557 3607 1602 τοῦ
3655 1549 3765 1602 καθ’
3803 1550 3913 1621 ἡμᾶς

2343 1637 2523 1710 λόγου,
2573 1642 2670 1693 κᾶν
2723 1639 2846 1713 λέγῃ
2894 1660 2971 1702 τις
3029 1645 3420 1715 προκατάρχειν
3464 1641 3558 1697 τήν
3609 1646 3792 1711 γνῶσιν
3838 1645 3916 1699 τῆς

2344 1733 2589 1797 πίστεως,
2650 1734 2708 1782 οὺ
2768 1728 3120 1806 διαφερόμεθα
3154 1752 3164 1764 ·
3224 1738 3419 1800 γνῶσιν
3489 1734 3661 1801 μέντοι
3722 1729 3809 1786 τήν
3863 1734 3913 1799 τῇ

2345 1816 2638 1893 ἀνθρωπίνῃ
2713 1819 3008 1891 καταλήψει
3095 1821 3412 1893 σύμμετρον.
3493 1818 3608 1871 Ἐπὶ
3674 1818 3760 1890 μὲν
3833 1819 3915 1889 γὰρ

2342 1917 2442 1961 τῶν
2502 1912 2825 1983 μαθημάτων
2880 1919 3167 1964 πιστεῦσαι
3231 1907 3314 1975 δεῖ
3384 1918 3620 1983 πρῶτον,
3673 1909 3749 1961 ὅτι
3804 1907 3917 1978 ἄλευαι

2341 1997 2561 2071 λέγεται,
2591 2004 2681 2053 καὶ
2725 2002 2958 2073 μαθόντα
2992 2002 3104 2071 (41)
3154 2003 3273 2061 τοὺς
3322 2007 3669 2075 χαρακτῆρας
3712 2000 3796 2049 καὶ
3840 2000 3915 2055 τὴν

2343 2087 2632 2160 ἐκφώνησιν
2665 2131 2678 2156 ,
2726 2092 2942 2165 ὕστερον
3002 2088 3172 2141 λαϐεῖν
3221 2094 3311 2141 καὶ
3364 2089 3461 2147 τὴν
3534 2086 3718 2163 ἀκριϐῆ
3779 2105 3914 2138 κατα-

3536 2176 3583 2230 ἐν
3616 2172 3675 2230 δὲ
3723 2182 3783 2248 τῇ
3819 2178 3917 2248 περὶ

2345 2275 2479 2320 Θεοῦ
2518 2273 2695 2320 πίστει
2738 2270 2943 2339 ἡγεῖται
2994 2271 3085 2343 μὲν
3134 2270 3162 2327 ἡ
3214 2271 3379 2319 ἔννοια
3426 2268 3455 2326 ἡ
3508 2272 3622 2341 περί
3668 2272 3795 2333 τοῦ,
3853 2267 3917 2315 ὅτι

2342 2183 2524 2237 νόησιν
2571 2186 2668 2241 τῆς
2720 2175 2992 2251 δυνάμεως
3033 2186 3125 2232 τοῦ
3170 2182 3442 2251 στοιχείου
3478 2199 3491 2211 ·

2344 2360 2458 2410 ἔστι
2506 2363 2666 2420 Θεὸς·
2700 2361 2890 2416 ταύτην
2945 2355 3003 2411 δὲ
3056 2356 3111 2409 ἐκ
3154 2365 3252 2409 τῶν
3307 2354 3782 2430 δημιουργημοὲτων
3820 2372 3916 2405 συν-

2345 2448 2555 2519 άγομεν.
2614 2449 2772 2519 Σοφὸν
2821 2448 2941 2521 γὰρ,
2997 2451 3088 2500 καὶ
3155 2443 3397 2515 δυνατὸν,
3456 2448 3545 2497 καὶ
3597 2444 3801 2517 ἀγαθὸν,
3846 2445 3915 2493 καὶ

2344 2540 2513 2589 πάντα
2550 2537 2710 2590 αὐτοῦ
2757 2539 2824 2589 τὰ
2870 2535 3070 2613 ἀόρατα
3111 2535 3211 2590 ἀπὸ
3241 2543 3334 2598 τῆς
3361 2543 3457 2589 τοῦ
3496 2540 3694 2609 κόσμου
3729 2538 3914 2592 κτίσεως

3120 2625 3271 2678 Οὕτω
3368 2625 3441 2678 δὴ
3522 2629 3612 2677 καὶ
3687 2626 3915 2678 Δεσπότην

2346 2715 2538 2768 ἑαυτῶν
2597 2716 2757 2768 αὐτὸν
2826 2712 3272 2789 καταδεχὸμεθα.
3331 2711 3550 2774 Ἐπειδὴ
3614 2716 3712 2785 γὰο
3762 2712 3915 2768 παντὸς

2346 2809 2435 2878 μὲν
2465 2812 2558 2858 τοῦ
2596 2810 2799 2878 κόσμου
2855 2802 3145 2881 δημιονρὸς
3180 2807 3204 2857 ὁ
3257 2807 3402 2871 Θεὸς,
3448 2808 3604 2880 μέρος
3637 2800 3695 2856 δὲ
3743 2807 3912 2873 κόσμου

2343 2634 2543 2687 νοοῦτες
2621 2625 3040 2699 ἐπιγιώσκομεν.
3120 2625 3271 2678 Οὕτω
3368 2622 3441 2685 δὴ
3522 2629 3612 2677 καὶ

2346 2897 2511 2967 ἡμεῖς,
2561 2898 2651 2947 καὶ
2690 2896 2838 2967 ἡμῶν
2891 2896 2996 2969 ἄρα
3042 2891 3367 2967 δημιουργὸς
3419 2896 3446 2946 ὀ
3488 2896 3634 2954 Θεὸς.
3669 2893 3830 2963 Ταύτῃ
3869 2883 3914 2939 δὲ

2441 2988 2629 3056 γνώσει
2665 2986 2694 3043 ἠ
2728 2989 2911 3045 πίστις
2951 2982 3241 3051 ἀκολουθεῖ,
3284 2988 3375 3036 καὶ
3413 2992 3476 3057 τῇ
3520 2985 3730 3056 τοιαύτῃ
3769 2983 3913 3034 πίστει

2347 3076 2377 3134 ἡ
2420 3076 2687 3148 προσκύνη
2699 3093 2790 3135 ςις.

2418 3167 2470 3218 2.
2514 3169 2621 3216 Νῦν
2651 3159 2729 3231 δὲ,
2763 3158 2944 3221 ἐπειδὴ
2995 3161 3298 3236 πολύσημόν
3341 3161 3458 3216 ἐστι
3505 3166 3561 3216 τὸ
3592 3168 3683 3224 τῆς
3710 3164 3915 3234 γνώσεως

2350 3255 2551 3325 ὄνομα,
2628 3255 2677 3304 οἱ
2746 3256 3162 3316 καταπαίζοντες
3218 3260 3318 3305 τῶν
3393 3251 3795 3327 ἀκεραιοτέρων,
3844 3249 3915 3298 καὶ

2350 3343 2536 3416 ὁμοίως
2584 3338 2971 3415 ἐπιδεικνύμνοι
2999 3344 3111 3414 (42)
3145 3348 3251 3401 τοῖς
3288 3339 3650 3416 παραδόξοις,
3697 3345 3763 3401 ὼς
3808 3338 3849 3388 οἱ
3883 3331 3919 3384 ἓν

2349 3440 2458 3495 τοῖς
2492 3434 2724 3507 θεάτροις
2768 3436 2816 3484 έν
2863 3439 2977 3494 ταῖς
3028 3433 3232 3484 πάντων
3272 3431 3427 3503 ὄψεσι
3486 3434 3581 3493 τὰς
3621 3430 3813 3503 ψήφους
3838 3423 3922 3476 κλέ-

2349 3541 2600 3590 πτοντες,
2648 3529 2709 3594 τῇ
2774 3521 3023 3596 ἐρωτήσει
3067 3528 3158 3573 τοῦ
3201 3520 3423 3573 καθόλου
3496 3524 3556 3574 τὸ
3619 3525 3718 3575 πᾶν
3769 3531 3921 3587 συναρ-

2350 3611 2642 3671 παζουσιν.
2690 3607 2902 3667 Ἐπειδὴ
2956 3612 3058 3683 γὰρ
3113 3612 3171 3662 τὸ
3226 3618 3321 3671 τῆς
3375 3616 3625 3680 γνώσεως
3671 3611 3817 3679 ὄνομα
3858 3600 3923 3653 ἐπὶ

2349 3700 2477 3752 πολὺ
2529 3696 2808 3764 διαϐαίνει,
2839 3704 2930 3751 καὶ
2981 3703 3213 3771 γνωστόν
3265 3703 3319 3751 τί
3373 3697 3527 3764 ἐστι,
3585 3703 3642 3751 τὸ
3690 3700 3773 3771 μὲν
3815 3691 3923 3745 κατά

2355 3787 2595 3863 ἀριθμὸν,
2626 3791 2684 3840 τὸ
2732 3785 2790 3841 δὲ
2845 3789 2981 3840 κατά
3027 3790 3262 3861 μέγεθος,
3306 3790 3365 3840 τὸ
3416 3784 3487 3841 δὲ
3532 3791 3665 3841 κατὰ
3713 3781 3921 3855 δύναμιν,

2352 3882 2410 3930 τὸ
2478 3875 2536 3930 δὲ
2592 3879 2728 3930 κατὰ
2767 3881 2854 3930 τὸν
2884 3897 3073 3951 τροπον
3104 3885 3197 3939 τῆς
3253 3877 3551 3950 ὑπάρξεως,
3606 3881 3662 3930 τὸ
3711 3872 3765 3928 δὲ
3811 3870 3922 3923 κατὰ

2351 3969 2437 4020 τὸν
2481 3972 2673 4043 χρόνον
2718 3977 2811 4028 τῆς
2846 3969 3151 4040 γεννήσεως,
3179 3969 3237 4019 τὸ
3287 3963 3347 4019 δὲ
3394 3968 3518 4020 κατ’
3558 3968 3753 4021 οὐσίανο
3783 3962 3919 4023 οὗτοι,

2352 4055 2401 4109 ἐν
2455 4055 2750 4131 ἐρωτήματι
2974 4059 3032 4108 τὸ
3091 4055 3203 4108 ὅλον
3263 4055 3753 4130 παραλαμϐάνοντες
3779 4096 3793 4123 ,
3851 4047 3918 4100 ἐὰν

2351 4149 2441 4219 μὲν
2483 4146 2712 4199 λάϐωσιν
2756 4147 2895 4218 ἡμᾶς
2965 4145 3314 4219 ὁμολογοῦτας
3347 4189 3361 4216 ,
3438 4146 3525 4200 ὅτι
3583 4150 3879 4219 γινώσκομεν
3905 4175 3917 4198 ι

2350 4233 2664 4289 ἀπαιτοῦσιν
2716 4237 2841 4307 ἡμῖν
2898 4242 2995 4298 τῆς
3051 4235 3237 4297 οὐσίας
3290 4236 3385 4294 τὴν
3442 4233 3696 4296 εἴδησιν·
3748 4230 3825 4283 ἐὰν
3872 4220 3918 4277 δὲ

2348 4320 2538 4377 ἴδωσιν
2569 4327 2708 4397 ἡμᾶς
2746 4322 3150 4397 εὐλαϐουμένους
3200 4327 3329 4397 πρὸς
3375 4329 3468 4385 τὴν
3528 4323 3810 4397 ἀπόφασιν,
3850 4332 3919 4367 πε-

2346 4418 2682 4490 ριτρέπουσιν
2747 4416 2871 4486 ἡμῖν
2938 4422 3034 4475 τῆς
3089 4412 3323 4476 ἀσεϐείας
3392 4417 3449 4467 τὸ
3525 4411 3748 4473 ὄνειδος.
3809 4398 3918 4459 Ἀλλ’

2348 4506 2497 4577 ἡμεῖς
2539 4501 2730 4557 εἰδέναι
2781 4507 2871 4576 μὲν
2919 4502 3266 4576 ὁμολογοῦμεν
3311 4507 3368 4557 τὸ
3414 4506 3648 4575 γνωστὸν
3677 4507 3763 4554 τοῦ
3787 4496 3917 4558 Θεοῦ,

2348 4592 2541 4647 ειδέναι
2567 4594 2679 4667 (44)
2722 4589 2782 4647 δέ
2819 4613 2870 4646 τι
2917 4593 3070 4646 πάλιν
3110 4593 3135 4645 ὃ
3197 4594 3430 4666 ἐκφεύγει
3477 4596 3624 4667 ἡμῶν
3666 4596 3749 4649 τὴν
3776 4582 3917 4638 κατά-

2344 4682 2525 4755 ληψιν.
2580 4683 2668 4745 Ὠς
2715 4680 2803 4736 οὖν
2848 4682 2932 4736 ἐάν
2984 4703 3046 4757 με
3086 4681 3376 4758 ἐρωτήσῄς,
3420 4683 3463 4736 εἰ
3516 4680 3656 4748 οἶδα,
3707 4681 3755 4731 τί
3799 4676 3916 4726 ἐστιν

2347 4775 2535 4846 ἄμμος,
2587 4772 2682 4825 κᾶν
2733 4772 3095 4846 ἀποκρίνωμαι
3143 4774 3278 4842 (45),
3338 4772 3418 4825 ὃτι
3473 4770 3789 4844 ἐπίσταμαι.
3835 4776 3916 4812 συ-

2346 4869 2686 4936 κοφαντήσεις
2741 4859 3041 4936 προδήλως,
3092 4861 3175 4915 ἐὰν
3234 4862 3387 4924 εὐθὺς
3433 4866 3524 4916 καὶ
3579 4865 3665 4914 τὸν
3728 4853 3916 4930 ἀριθμοὶ*

2419 4971 2527 5043 (43)
2651 4969 2965 5050 ἐρωτήματι.
2984 4973 3123 5037 Reg.
3146 4968 3472 5050 secundus.
3501 4967 3680 5050 Paris.
3703 4966 3756 5018 et
3769 4950 3914 5014 Coisl-

2349 5039 2651 5114 secundus
2673 5039 2754 5093 ’ἐνὶ
2785 5039 3099 5114 ἐρωτήματι,
3125 5056 3248 5114 una
3278 5039 3764 5114 interrogatione.

2358 5095 2405 5129 Γ-
2422 5095 2783 5185 (άίῆῐίὶὸέναι.
2806 5095 3043 5185 Legitur
3158 5095 3350 5185 εἰδέναι
3370 5095 3429 5166 in
3445 5095 3633 5185 litigio
3660 5095 3912 5185 secundi),

2350 5180 2445 5238 οὐδὲ
2484 5180 2676 5258 εἰδέναι
2716 5183 2779 5258 in
2835 5180 3329 5258 codice'iusignis
3358 5180 3915 5258 Ecclesize_i§aristeI-l'

2351 5258 2452 5311 sis.
2478 5255 2595 5313 Sed
2625 5255 2841 5311 melius
2873 5254 2972 5309 alii
3010 5250 3249 5311 codices
3287 5270 3446 5309 mss.
3493 5257 3551 5308 et
3591 5250 3727 5307 editi
3763 5250 3916 5313 nega‘

2350 5312 2509 5384 tione
2530 5329 2894 5397 carent._ttaec
2921 5326 3082 5382 enim
3110 5327 3160 5381 si
3182 5312 3915 5397 apponereturdegenduflg

2351 5404 2506 5455 esset
2538 5417 2550 5453 ἒ
2594 5403 2664 5471 μὴ
2697 5395 2910 5464 εἰδέναι,
2935 5399 3016 5449 ὅτι
3044 5398 3197 5471 πάλιν
3225 5394 3490 5469 -ἑοὶφεύγει,
3516 5395 3757 5450 Nescire
3782 5394 3880 5455 quo

2347 5470 2617 5528 nostram
2646 5471 2809 5540 fugit
2839 5470 3320 5539 intelligentiam.
3358 5537 3372 5540 _
3452 5539 3456 5540 ν
3639 5536 3676 5540 __
3818 5522 3829 5534 .

2418 5544 2530 5607 (45)
2573 5531 2977 5617 ’Λποδῖρίνιι›μαι.
3013 5531 3099 5597 Ita
3129 5557 3272 5597 mss.
3315 5537 3605 5613 plerique.
3638 5531 3783 5589 Εὐίῑί
3810 5531 3914 5575 άπο⁶

2325 5618 2608 5692 (κρίνομαι.
