4148 6394
258 292 363 350 873

1196 286 1688 347 EPISTOLARUM
1736 283 2020 345 CLASSIS
2048 284 2116 342 Il.
2149 283 2372 345 EPIST.
2397 282 2688 343 CCXXXV.

3526 287 3638 349 875

260 413 430 475 αὐτῆς
468 410 793 486 ειη-σαώσῃς*
853 410 996 466 διότι
1053 412 1084 471 ἡ
1126 413 1216 484 μὶν
1257 417 1441 487 πρώτη
1475 431 1569 465 σου
1609 410 1862 485 ἐρώτησις

1990 424 2112 466 ωτι]
2162 421 2503 483 exposcas;
2560 406 2710 480 quia
2762 404 2966 480 prima
3007 408 3115 467 tua
3130 407 3523 481 interrogatio
3551 411 3634 470 ad

256 506 393 576 πρὸς
448 505 508 554 τὸ
562 498 701 563 εἶδος
776 504 915 576 ἔφερε
944 508 1040 564 τῆς
1073 502 1274 574 ἄμμου,
1297 503 1328 560 ἡ
1372 498 1434 554 δὲ
1454 497 1674 575 δευτέρα
1701 518 1864 552 συκο-

261 596 454 664 φαντία
484 596 599 663 περὶ
645 593 734 643 τὸν
791 589 1014 665 ἀριθμὸν
1055 591 1219 652 αὐτῆς
1255 591 1600 666 περιετράπη.
1645 587 1866 660 Ὀμοιόν

261 679 382 734 ἔστι
434 688 586 733 τοῦτο
646 682 706 732 τὸ
748 684 986 753 σόφισμα
1013 688 1085 750 τῷ
1118 679 1338 753 λέγοντι·
1369 675 1538 741 Οἶδας
1566 679 1816 751 Τιμόθεον
1848 692 1864 745 ;

262 770 473 823 Οὐκοῦν
553 768 639 822 ἐὰν
674 772 923 843 Τιμόθεον
971 767 1144 841 οἶδας,
1186 767 1341 830 οἶδας
1393 769 1551 821 αὐτοῦ
1624 772 1716 820 καὶ
1770 770 1868 824 τήν

262 862 446 932 φύσιν,
515 857 645 912 ἀλλά
701 863 803 932 μὴν
884 858 1234 932 ὡμολόγησας
1316 855 1513 912 εἰδέναι
1593 859 1863 931 Τιμόθεον,

265 945 468 1009 ἀπόδος
503 952 673 1001 τοίνυν
716 950 840 1022 ἡμῖν
888 952 975 1000 τὸν
1016 948 1168 1021 λόγον
1213 956 1309 1010 τῆς
1360 950 1615 1021 Τιμοθέου
1647 950 1866 1020 φύσεως.

264 1035 402 1109 Ἐγὼ
452 1034 512 1090 δὲ
568 1042 658 1090 καὶ
721 1032 846 1091 οἶδα
900 1039 1170 1110 Τιμόθεον,
1218 1042 1308 1090 καὶ
1364 1037 1459 1089 οὐκ
1489 1033 1630 1090 οἶδα·
1674 1037 1735 1090 οὐ
1764 1041 1869 1111 μὴν

263 1128 404 1179 κατὰ
438 1130 651 1195 ταυτὸν,
709 1131 800 1180 καὶ
856 1125 906 1179 ἓν
951 1134 1026 1198 τῷ
1089 1127 1251 1195 αὐτῷ.
1296 1126 1372 1179 Οὐ
1397 1129 1498 1201 γὰρ
1521 1127 1638 1179 καθ’
1663 1126 1689 1178 ὃ
1720 1123 1864 1198 οἶδα,

262 1218 408 1270 κατὰ
462 1224 617 1269 τοῦτο
670 1221 761 1269 καὶ
810 1216 905 1269 οὐκ
946 1213 1091 1268 οἶδα*
1127 1215 1259 1268 ἀλλὰ
1302 1215 1413 1268 κατ’
1440 1216 1561 1268 ἄλλο
1592 1218 1683 1289 μὲν
1721 1213 1866 1284 οἶδα,

261 1305 382 1358 κατ’
446 1305 569 1358 ἄλλο
626 1302 687 1358 δὲ
746 1304 931 1377 ἀγνοῶ.
996 1303 1137 1359 Οἶδα
1200 1308 1290 1378 μὲν
1339 1307 1440 1380 γὰρ
1518 1304 1675 1358 αὐτὸν
1733 1309 1871 1358 κατὰ

258 1397 355 1448 τὸν
419 1403 759 1469 χαρακτῆρα,
837 1399 927 1447 καὶ
992 1397 1058 1447 τὰ
1121 1394 1278 1447 λοιπὰ
1346 1390 1631 1467 ἰδιώματαο
1701 1392 1870 1467 ἀγνοῶ

264 1481 331 1539 δὲ
387 1484 547 1537 αὐτοῦ
603 1488 697 1542 τὴν
741 1483 948 1541 οὐσίαν.
984 1482 1125 1537 Ἐπεὶ
1181 1486 1271 1536 καὶ
1332 1485 1557 1555 ἐμαυτὸν
1588 1482 1724 1536 οὕτω
1743 1486 1870 1537 τού-

261 1593 341 1646 τῳ
397 1580 470 1645 τῷ
526 1572 662 1644 λογῳ
719 1578 807 1626 καὶ
848 1569 973 1625 οἶδα
1025 1572 1118 1625 καὶ
1182 1571 1368 1644 ἀγνοῶ.
1437 1569 1579 1625 Οἶδα
1644 1575 1734 1645 μὲν
1764 1574 1867 1648 γὰρ

263 1658 490 1734 ἐμαυτὸν
537 1663 679 1724 ὅστις
706 1661 833 1735 εἰμί’
866 1661 959 1714 οὐκ
998 1658 1124 1715 οἶδα
1163 1657 1242 1731 δὲ,
1270 1662 1401 1714 καθὸ
1432 1665 1528 1721 τὴν
1560 1660 1744 1714 οὐσίαν
1766 1682 1866 1726 μου

268 1749 440 1824 ἀγνοῶ

342 1936 398 1991 3.
459 1932 601 1986 Ἐπεὶ
666 1930 1117 2004 ἐξηγησάσθωσαν
1160 1932 1308 2005 ἡμῖν,
1359 1940 1471 1995 πῶς
1508 1929 1643 1986 εἶπεν
1674 1934 1700 1987 ὁ
1730 1940 1873 1988 Hatﬁ-

266 2022 375 2089 λος,
436 2024 517 2075 ὅτι
569 2029 676 2076 Νῦν
736 2024 827 2095 μὲν
893 2023 949 2075 ἐκ
1012 2025 1200 2096 μέρους
1274 2027 1621 2095 γινώσκομεν.
1652 2022 1875 2098 Ἀραέκ

268 2115 466 2186 μέρους
528 2117 622 2171 τὴν
687 2110 870 2164 οὐσίαν
920 2110 1079 2163 αὐτοῦ
1152 2117 1496 2183 γινώσκομεν,
1555 2114 1709 2165 οἰονεὶ
1742 2118 1872 2190 μέρη

269 2210 366 2265 τῆς
429 2202 616 2264 οὐσίας
672 2201 834 2254 ait-oi
889 2209 1255 2273 γινῶσκομεν;
1313 2200 1450 2255 Ἀλλ’
1489 2203 1704 2272 ἄτοπον,
1755 2202 1879 2278 ἆμε-

267 2294 370 2366 ρὴς
433 2293 536 2364 γὰρ
605 2292 630 2343 ὁ
672 2296 821 2353 Θεὸς.
893 2289 1025 2342 Ἀλλ’
1096 2289 1214 2348 ὃλην
1290 2290 1449 2350 αὐτὴν
1507 2294 1874 2367 γινώσκομενς

270 2388 392 2444 Πῶς
449 2377 557 2452 οὖν,
619 2380 781 2434 Ὀταν
857 2379 978 2452 ἔλθῃ
1074 2383 1134 2432 τὸ
1189 2379 1396 2449 τέλειον,
1456 2384 1513 2434 τὸ
1578 2379 1632 2433 ἐκ
1688 2387 1878 2459 μέρους

268 2472 777 2546 καταργηθήσεταις
838 2471 905 2522 Οἱ
959 2465 1018 2523 5“:
1084 2465 1457 2545 εἰδωλολάτραι
1494 2475 1548 2524 τί
1595 2471 1878 2544 ἐγκαλοῦν-

269 2580 410 2631 ται;
454 2559 576 2631 Οὐχ
638 2561 739 2625 ὅτι,
788 2563 989 2631 γνόντες
1036 2562 1124 2611 τὸν
1179 2562 1327 2631 Θεὸν,
1364 2558 1469 2631 οὐχ
1516 2561 1581 2623 ὡς
1612 2564 1741 2615 Θεὸν
1764 2560 1879 2616 ἐὸόο

273 2652 484 2719 ξασαν;
516 2648 582 2703 Ἦ
614 2648 844 2702 Γαλάται
866 2651 980 2718 (46)
1025 2644 1084 2702 δὲ
1127 2650 1177 2701 οἱ
1220 2647 1429 2708 ἀνόητοι
1476 2650 1578 2703 ὑπὸ
1607 2659 1699 2703 τοῦ
1740 2655 1880 2706 Παύ-

272 2741 369 2794 λου
408 2736 502 2793 διὰ
561 2744 615 2792 τί
663 2734 1033 2806 ὀνειδίζονται,
1092 2738 1343 2810 λέγοντος·
1396 2742 1524 2793 Νυνὶ
1600 2735 1683 2806 δὲ,
1733 2745 1878 2812 γνόν-

276 2847 365 2891 τες
435 2831 522 2880 τὸν
574 2831 726 2895 Θεὸν,
802 2827 993 2900 μᾶλλον
1050 2822 1110 2879 δὲ
1172 2828 1492 2899 γνωσθέντες
1568 2829 1669 2882 ὑπὸ
1717 2835 1875 2899 Θεοῦ,

281 2924 398 2979 πῶς
451 2914 773 2990 ἐπιστρέφετε
826 2915 980 2969 πάλιν
1039 2913 1124 2969 ἐπὶ
1185 2917 1253 2967 τὰ
1320 2913 1511 2975 ἀσθενῆ
1588 2922 1679 2970 καὶ
1728 2938 1878 2971 πτω-

278 3008 364 3079 χὰ
420 3013 663 3077 στοιχεῖα
694 3022 708 3073 ;
737 3009 974 3068 Γνωστὸς
1027 3001 1087 3058 δί
1136 3011 1245 3066 πῶς
1287 3000 1347 3063 ἦν
1413 3003 1461 3057 ἓν
1490 3012 1551 3079 τῇ
1587 3003 1825 3081 Ἰουδαίᾳ
1853 3007 1880 3060 ὁ

1976 514 2173 557 arenas
2192 499 2462 573 speciem
2484 496 2816 571 spectabat,
2840 498 3137 571 posterior
3153 514 3300 557 vero
3327 499 3636 561 calumnia

1976 588 2056 646 ad
2105 588 2261 645 illius
2325 603 2651 645 numerum
2715 586 2997 645 deﬂectit.
3057 588 3370 660 Ejusmodi
3392 594 3484 647 est
3513 590 3634 648 hoc

1979 678 2297 751 sophisma
2348 693 2420 735 ac
2489 677 2540 734 si
2595 676 2732 750 quis
2778 676 2940 734 dicat
2971 693 2985 733 :
3015 678 3179 735 Nosti
3202 678 3633 737 Timotheum?

1977 766 2254 825 Profecto
2301 767 2350 823 si
2383 766 2761 823 Timotheum
2794 766 2977 837 nosti,
2999 767 3158 824 nosti
3183 771 3242 824 et
3278 766 3439 824 illius
3459 772 3636 826 natu-

1976 872 2109 914 ram
2144 875 2156 912 :
2190 856 2298 913 sed
2329 871 2695 927 cognoscere
2723 856 3165 913 teTimotheum
3191 856 3506 914 confessus
3532 872 3631 916 es:

1975 946 2163 1020 redde
2200 945 2381 1018 igitur
2430 944 2610 1002 nobis
2678 944 2977 1002 rationem
3024 945 3316 1003 Timothei
3375 950 3630 1019 natura,

1978 1038 2103 1107 Ego
2154 1050 2298 1091 vero
2326 1037 2385 1091 et
2428 1034 2569 1091 novi
2620 1033 3026 1102 Timotheum,
3057 1038 3115 1091 et
3140 1050 3266 1092 non
3293 1036 3460 1108 novi,
3499 1051 3627 1095 non

1977 1124 2226 1198 quidem
2255 1123 2595 1181 secundum
2615 1123 2899 1181 eamdem
2921 1124 3240 1196 rationem,
3256 1128 3314 1182 et
3332 1125 3394 1182 in
3413 1125 3635 1185 eodem

1979 1229 2217 1285 genere.
2249 1216 2378 1270 Non
2403 1213 2564 1270 enim
2615 1212 2954 1270 secundum
3002 1214 3171 1287 quod
3221 1215 3387 1285 novi,
3415 1231 3637 1273 secun-

1979 1304 2128 1361 dum
2158 1302 2305 1359 illud
2330 1306 2388 1358 et
2415 1318 2539 1359 non
2569 1302 2712 1359 novi
2746 1303 2890 1367 ;sed
2917 1303 3258 1361 secundum
3290 1303 3634 1377 aliudnavi,

1980 1397 2039 1450 et
2082 1390 2422 1448 secundum
2465 1390 2632 1447 aliud
2678 1406 2806 1447 non
2861 1391 3022 1447 novi.
3074 1393 3223 1450 Novi
3259 1393 3423 1451 enim
3462 1394 3636 1452 illum

1979 1480 2318 1539 secundum
2344 1480 2607 1551 ﬁguram
2627 1495 2698 1537 ac
2726 1479 2992 1554 reliquas
3016 1481 3452 1555 proprietates:
3479 1483 3638 1541 illius

1976 1587 2119 1629 vero
2148 1572 2363 1641 ignoro
2412 1569 2758 1627 essentiam.
2812 1572 2964 1627 Nam
2997 1569 3081 1627 sic
3111 1575 3168 1628 et
3195 1587 3294 1628 me
3342 1571 3478 1646 ipse
3520 1573 3641 1631 hac

1978 1661 2211 1719 ratione
2242 1664 2297 1715 et
2325 1659 2466 1716 novi
2495 1663 2557 1715 et
2580 1674 2705 1716 non
2733 1658 2897 1716 novi.
2924 1659 3073 1716 Novi
3123 1660 3285 1717 enim
3314 1663 3453 1734 quis
3509 1661 3640 1736 ipse

1909 1762 1952 1819 Β
1982 1752 2133 1809 sim:
2175 1765 2301 1807 non
2350 1748 2495 1807 novi
2537 1752 2764 1818 autem,
2795 1753 3097 1824 quatenus
3124 1754 3409 1811 naturam
3434 1766 3640 1811 meam

1978 1856 2214 1913 ignoro.

2054 1935 2112 1988 3.
2142 1928 2377 2003 Alioqui
2405 1932 2713 2002 exponant
2741 1929 2919 1987 nobis
2952 1929 3075 1999 isti,
3122 1930 3437 2005 quomodo
3461 1931 3639 1991 dixe-

1982 2020 2059 2078 rit
2118 2018 2376 2078 Paulus:
2434 2020 2617 2077 Nunc
2659 2020 2896 2093 quidem
2961 2035 3040 2078 ea:
3098 2026 3280 2092 parte
3332 2024 3645 2095 cognosci-

1984 2127 2117 2168 mus
2138 2111 2207 2166 ‘3.
2238 2109 3186 2183 Numigiturexparteessentiam
3225 2112 3388 2170 illius
3416 2130 3644 2187 cogno-

1985 2200 2235 2270 scimus,
2276 2215 2346 2255 ac
2370 2198 2556 2255 veluti
2584 2204 2790 2271 partes
2820 2201 3096 2258 essentia;
3129 2201 3289 2258 illius
3328 2206 3644 2275 cognosci-

1985 2289 2161 2347 mus?
2188 2288 2304 2346 Sed
2331 2287 2448 2345 hoc
2478 2287 3251 2363 estabsurdum,siquidem
3270 2292 3648 2365 partiumex-

1986 2394 2125 2452 pars
2165 2380 2341 2434 Deus.
2384 2381 2474 2432 An
2523 2378 2853 2434 essentiam
2915 2382 3102 2436 totam
3159 2383 3590 2452 cognoscimus
3617 2384 3648 2441 τ

1988 2466 2303 2534 Quomodo
2332 2465 2513 2537 igitur
2536 2465 2670 2539 subj
2682 2466 2868 2538 ungit:
2900 2468 3050 2525 Cum
3071 2472 3306 2529 venerit
3330 2473 3491 2543 quod
3502 2487 3647 2544 per-

1984 2558 2211 2629 fectum
2254 2560 2362 2621 est,
2419 2556 2820 2613 evacuabitur
2863 2556 3026 2628 quod
3075 2572 3151 2614 ea:
3201 2565 3383 2629 parte
3446 2567 3533 2619 est
3571 2562 3643 2620 ⁸³.

1987 2649 2121 2704 Jam
2151 2660 2293 2702 vero
2319 2644 2652 2702 idololatrae
2691 2660 2799 2702 cur
2826 2644 3183 2704 incusantur
3204 2648 3233 2705 ?
3268 2649 3477 2707 Nonne
3506 2650 3648 2709 ideo

1988 2735 2154 2810 quod
2211 2737 2653 2804 cognoscentes
2718 2736 2930 2804 Deum,
2962 2750 3087 2792 non
3133 2741 3433 2811 tanquam
3455 2741 3648 2799 Deum

1989 2823 2455 2898 gloriﬁcaverint
2476 2825 2505 2880 ?
2523 2827 2642 2881 Aut
2660 2822 2840 2880 etiam
2863 2824 3089 2882 Galatas
3139 2825 3339 2884 insani
3373 2844 3482 2886 cur
3503 2845 3649 2903 pro-

1989 2913 2114 2971 bris
2164 2912 2511 2969 at‘ﬁciuntur
2551 2927 2590 2969 a
2632 2911 2838 2981 Paulo,
2887 2914 2995 2986 qui
3023 2913 3415 2975 dicitzNunc
3443 2924 3647 2978 autem

1991 3019 2127 3060 cum
2175 3002 2574 3073 cognoveritis
2612 3002 2817 3074 Deum,
2850 3003 2968 3059 imo
2996 3006 3226 3076 cogniti
3250 3006 3382 3064 sitis
3410 3022 3450 3065 a
3476 3008 3604 3067 Deo
3627 3026 3652 3069 :

278 3099 454 3164 em;
493 3093 632 3169 Ἀρα
704 3091 882 3153 ἐπειδὴ
948 3092 997 3147 ἐν
1054 3101 1117 3167 τῇ
1162 3089 1394 3166 Ἰουδοίᾳ
1456 3096 1485 3154 ἡ
1554 3094 1732 3167 οὐσία,
1764 3099 1879 3161 ἣτις

1991 3092 2284 3165 quomodo
2314 3091 2736 3149 convertimini
2753 3093 2971 3149 iterum
2992 3093 3073 3150 ad
3097 3095 3345 3163 inﬁrma
3382 3100 3441 3154 et
3459 3111 3651 3169 egena

274 3185 405 3238 ποτε
459 3184 572 3255 (47)
640 3180 722 3252 ἦν,
768 3181 1110 3255 ἐπεγνώσθη;
1164 3180 1354 3255 Ἔγνω,
1423 3187 1576 3256 φησὶ,
1637 3183 1768 3258 βοῦς
1793 3189 1882 3239 τὸν

272 3276 603 3347 κτησάμενον
670 3273 824 3327 αὐτὸν
883 3274 1018 3344 (48)’
1089 3269 1335 3332 δηλονότι
1375 3271 1556 3346 ὁβοῦς
1595 3277 1714 3329 καθ’
1743 3277 1884 3350 ὑμᾶς

274 3367 411 3437 ἔγνω
465 3368 559 3422 τὴν
602 3362 786 3416 οὐσίαν
841 3382 934 3416 του
993 3366 1213 3435 Κυρίου’
1265 3367 1354 3415 καὶ
1408 3366 1516 3424 ἅδος
1563 3368 1654 3425 της
1687 3367 1885 3438 φάτνης

277 3460 375 3508 τοῦ
429 3456 610 3528 κυρίου
659 3451 840 3506 αὐτοῦ.
907 3450 1075 3524 Ἐγνω
1128 3448 1215 3504 οὖν
1254 3456 1345 3504 καὶ
1375 3453 1401 3504 ὁ
1432 3455 1541 3513 ὄνος
1568 3461 1662 3513 τῆν
1685 3455 1882 3527 φάτνην

274 3547 378 3601 τὴν
435 3541 641 3599 οὐσίαν,
712 3539 922 3613 Ἰσραὴλ
1006 3535 1066 3592 δέ
1121 3558 1204 3612 με,
1298 3544 1480 3611 φησὶν,
1566 3540 1662 3593 οὐκ
1730 3543 1880 3614 ἔγνω,

273 3636 445 3684 Τοῦτο
475 3627 767 3700 ἐγκαλεῖται
795 3625 913 3680 καθ’
957 3627 1087 3699 ὑμᾶς
1113 3626 1349 3699 Ἰσραὴλ,
1405 3628 1486 3680 ὅτι
1523 3632 1617 3687 τὴν
1670 3628 1878 3700 οὐσίαν,

279 3721 403 3781 ἣτις
461 3721 588 3770 ποτέ
643 3715 778 3783 ἐστι,
841 3723 935 3769 τοῦ
998 3722 1133 3770 Θεοῦ
1213 3715 1307 3769 οὐκ
1373 3715 1587 3790 ἐπέγνω.
1656 3717 1883 3792 ’Ἑκχεον

280 3812 441 3880 φησὶ,
506 3810 596 3865 τὴν
663 3804 824 3880 ὀργήν
888 3823 982 3858 σου
1053 3804 1137 3858 ἐπὶ
1188 3806 1256 3858 τὰ
1319 3808 1437 3865 ἔθνη
1491 3804 1559 3860 τᾶ
1601 3810 1672 3881 μὴ
1731 3813 1884 3881 γινὼ-

283 3897 484 3950 σκοντά
550 3912 628 3948 σε.
678 3898 943 3961 τουτέστι,
990 3897 1058 3947 τὰ
1126 3898 1222 3953 τὴν
1284 3893 1469 3947 οὐσίαν
1522 3915 1618 3949 σου
1648 3900 1720 3969 μὴ
1753 3917 1883 3950 κατι

282 3986 552 4058 ειληιρὸτα.
605 3982 760 4037 Ἀλλὰ
831 3982 1106 4055 πολλαχῶς
1181 3988 1211 4043 ἠ
1279 3991 1495 4056 γνῶσις,
1562 3987 1629 4047 ὡς
1672 3987 1884 4059 ἔφαμεν.

279 4075 354 4130 Ἥ
408 4093 463 4128 τε
504 4075 609 4147 γὰρ
663 4080 756 4125 τοῦ
801 4077 1080 4134 κτίσαντος
1131 4073 1268 4145 ἡμᾶς
1324 4076 1549 4144 σύνεσις,
1606 4080 1695 4128 καὶ
1725 4077 1754 4134 ἡ
1785 4084 1885 4128 τῶν

284 4167 597 4237 θαυμασίων
651 4161 807 4215 αὐτοῦ
877 4165 1212 4227 κατανόησις,
1262 4167 1352 4215 καὶ
1406 4164 1436 4224 ἡ
1501 4169 1724 4239 τήρησις
1788 4173 1887 4219 τῶν

283 4253 524 4321 ἐντολῶν,
576 4257 666 4305 καὶ
720 4254 751 4311 ἡ
809 4250 1073 4314 οἰκείωσις
1111 4253 1140 4310 ἠ
1175 4255 1303 4326 πρὸς
1350 4252 1526 4306 αὐτόν·
1553 4256 1619 4307 Οἱ
1646 4250 1724 4321 δὲ,
1756 4256 1890 4307 πάν-

281 4360 354 4395 τα
410 4350 578 4395 ταῦτα
631 4343 1021 4416 παρωσάμενοι,
1083 4338 1167 4394 ἐπὶ
1221 4340 1270 4393 ἓν
1357 4347 1738 4416 σημαινόμενον
1793 4346 1889 4403 τὴν

1994 3182 2289 3239 elementa
2319 3180 2421 3237 5°?
2472 3180 2793 3246 Quomodo
2845 3185 3050 3238 autem
3099 3183 3381 3253 cognitus
3428 3185 3649 3245 eratin

1993 3269 2205 3327 Judaea
2234 3270 2390 3325 Deus
2420 3272 2449 3325 ?
2473 3271 2566 3324 An
2589 3269 2738 3343 quia
2761 3270 2824 3326 in
2850 3268 3061 3328 Judaea
3078 3276 3290 3329 notum
3324 3278 3454 3332 erat
3498 3290 3653 3348 qua-

1991 3358 2064 3416 lis
2094 3363 2236 3416 tunc
2280 3354 2438 3415 esset
2474 3356 2632 3414 illius
2683 3359 2949 3416 essentia
2984 3358 3015 3415 ?
3059 3359 3378 3433 Cognovit,
3430 3363 3648 3438 inquit,

1995 3448 2095 3506 bos
2138 3462 2536 3518 possessorem
2576 3463 2753 3504 suum
2783 3449 2858 3507 5‘.
2899 3449 3134 3507 Scilicet
3168 3454 3371 3511 vestro
3417 3452 3652 3525 judicio

1995 3538 2175 3610 360
2197 3537 2308 3594 bos
2328 3536 2497 3594 novit
2519 3537 2850 3595 essentiam
2880 3537 3028 3596 heri.
3051 3540 3133 3597 Et
3154 3541 3365 3598 asinus
3382 3557 3653 3614 praesepe

1991 3628 2222 3686 domini
2242 3627 2355 3683 sui.
2390 3626 2563 3684 Novit
2588 3626 2769 3698 igitur
2796 3627 2978 3684 etiam
2999 3628 3208 3686 asinus
3230 3632 3522 3705 praesepis
3548 3647 3652 3690 es-

1992 3716 2272 3774 sentiam.
2295 3716 2491 3773 Israel
2511 3721 2735 3786 autem,
2758 3713 2976 3790 inquit,
2996 3732 3089 3774 me
3115 3733 3240 3775 non
3259 3721 3553 3790 cognovit.
3585 3719 3653 3778 Id

1991 3821 2067 3862 ex
2089 3808 2286 3862 vestra
2314 3803 2608 3862 sententia
2637 3803 2816 3861 Israel
2870 3804 3203 3877 incusatur,
3230 3808 3399 3881 quod
3448 3808 3652 3881 qualis

1992 3895 2241 3951 tandem
2294 3892 2369 3949 sit
2429 3892 2531 3949 Dei
2577 3892 2842 3950 essentia
2890 3909 3018 3949 non
3086 3896 3356 3966 agnovit.
3387 3897 3654 3968 E/I‘unde

1991 3983 2206 4057 inquit,
2251 3984 2409 4040 iram
2465 3988 2634 4039 tuam
2662 3984 2728 4039 in
2770 3990 2973 4055 gentes
3019 4000 3155 4058 qua
3205 3991 3264 4044 te
3306 4002 3429 4045 non
3467 4004 3655 4047 nove-

1995 4080 2140 4130 runt
2163 4074 2212 4108 "
2238 4090 2253 4144 ;
2282 4072 2400 4129 hoc
2436 4076 2544 4136 est,
2586 4087 2726 4145 quae
2782 4077 2952 4130 tuam
2975 4075 3308 4134 essentiam
3332 4093 3458 4135 non
3478 4094 3656 4138 com-

1995 4163 2468 4237 prehenderunt.
2500 4166 2591 4231 At,
2619 4166 2682 4219 ut
2703 4162 2992 4231 diximus,
3015 4166 3278 4239 cognitio
3328 4174 3418 4226 est
3445 4169 3658 4227 multi-

1997 4253 2170 4328 plicis
2200 4253 2458 4324 generis.
2491 4253 2931 4324 Cognoscimus
2974 4255 3156 4329 enim,
3188 4257 3239 4313 si
3280 4258 3658 4319 conditorem

2000 4347 2273 4400 nostrum
2298 4343 2551 4407 scimus,
2574 4342 2626 4399 si
2652 4343 3044 4415 intelligimus
3075 4345 3206 4418 ejus
3248 4347 3573 4416 mirabilia,
3607 4347 3660 4405 si

283 4440 483 4504 γνῶσιν
546 4430 777 4497 ὓκουσι,
827 4435 921 4489 τὴν
987 4432 1201 4505 Θεωρίαν
1266 4430 1430 4493 αὐτῆς
1484 4432 1708 4503 (49)τοῡ
1755 4438 1879 4486 Θεοί

2003 4432 2296 4489 mandata
2323 4449 2661 4498 servamus,
2697 4432 2747 4488 si
2770 4449 2907 4490 cum
2938 4435 3072 4506 ipso
3099 4436 3661 4507 conjungimur.lsti

291 4528 391 4580 τῆς
454 4520 655 4581 οὐσίας.
719 4525 929 4585 Θησεις,
989 4524 1169 4591 φησὶν,
1223 4517 1463 4572 ἀπέναντι
1510 4528 1610 4572 τῶν
1684 4540 1890 4595 μαρτυ-

294 4613 444 4684 ρίων,
503 4611 613 4662 ὅθεν
693 4610 1077 4680 γνωσθὴσομαί
1140 4626 1226 4660 σοι
1306 4606 1513 4661 ἐκεῖθεν.
1589 4608 1727 4684 Ἀρα
1810 4612 1892 4680 τὸ,

292 4701 701 4771 Γνωσθήσομαι,
755 4695 869 4749 ἀντὶ
924 4693 1016 4749 τοῦ
1064 4701 1159 4757 τὴν
1215 4696 1399 4750 οὐσίαν
1450 4716 1550 4770 μου
1584 4696 1891 4771 ἐμφανίσως

287 4786 463 4859 Ἔγνω
517 4793 708 4864 Κύριος
747 4791 871 4849 τοὺς
931 4791 1079 4850 ὄντας
1147 4786 1329 4843 αὐτοῦ.
1414 4785 1553 4860 Ἀρα
1624 4784 1710 4839 οὖν
1794 4796 1896 4840 τῶν

287 4880 385 4952 μὲν
448 4877 635 4932 ἑαυτοῦ
690 4882 784 4936 τὴν
832 4876 1017 4929 οὐσίαν
1086 4877 1233 4948 ἔγνω,
1285 4884 1387 4929 τῶν
1438 4872 1496 4929 δὲ
1548 4875 1896 4930 ἀπειθούντων

289 4966 472 5039 ἀγνοεῖ
525 4971 622 5026 τὴν
652 4965 835 5020 οὐσίαν
869 4965 1074 5038 ;⁴Εγνω
1102 4964 1276 5038 ’Δδὰμ
1343 4970 1439 5027 τὴν
1501 4974 1728 5038 γυναῖκα
1799 4966 1900 5019 αὖ-

286 5064 410 5113 τοῦ.
458 5056 596 5131 Ἀρα
650 5061 745 5115 τὴν
817 5055 1002 5108 οὐσίαν
1058 5055 1219 5117 αὐτῆς
1271 5053 1561 5131 ἐγνώρισες
1634 5060 1735 5110 Καὶ
1780 5060 1902 5131 περὶ

369 5156 417 5191 ⁸⁸
443 5159 459 5212 l
488 5158 619 5213 Cor.
653 5170 767 5223 xui,
794 5158 848 5212 9.
961 5155 1008 5190 ‘9
1040 5153 1188 5211 ibid.
1226 5158 1311 5211 t0.
1415 5155 1465 5190 5°
1496 5153 1688 5213 Galat.
1714 5171 1791 5222 iv,
1821 5160 1875 5213 9.

290 5228 346 5266 ³⁸
391 5228 680 5283 Il'l‘im.u.
712 5230 794 5281 19.

370 5299 575 5367 (46)Ἢ
634 5297 885 5371 Γαλάται.
951 5298 1237 5371 Deerati'z
1288 5296 1353 5352 in
1393 5296 1586 5364 editis,
1633 5297 1802 5371 quod
1832 5314 1906 5355 ex

300 5386 414 5428 sex
445 5387 591 5425 mss.
617 5367 928 5425 codicibus
955 5369 1347 5424 restituimus.

374 5444 486 5509 (47)
510 5440 654 5501 “nn;
685 5445 823 5493 ποτέ.
857 5441 947 5496 Sic
966 5440 1421 5496 emendavimus
1450 5453 1521 5494 ex
1551 5455 1675 5495 uno
1698 5440 1904 5497 codice

302 5513 667 5585 Regioquod
701 5511 760 5585 in
781 5511 953 5567 editis
978 5510 1422 5585 legebatur-art;
1447 5516 1578 5566 τότε.
1602 5511 1758 5585 Infra
1773 5529 1908 5585 gom-

304 5581 490 5642 nibus
521 5581 852 5639 ’codicibus
880 5588 1025 5639 ms‘s.
1069 5588 1127 5637 et
1173 5581 1347 5638 editis
1391 5582 1906 5639 consentientibus

522 5680 771 5738 Parum.
805 5681 908 5736 Gn.
932 5681 1127 5738 XXXII.

1976 5156 2020 5192 δ’
2056 5160 2170 5213 Isa.
2205 5173 2241 5225 ι,
2273 5157 2330 5214 3.

2005 4527 2229 4587 autem,
2298 4520 2585 4577 omnibus
2630 4520 2724 4576 his
2798 4523 3056 4595 rejectis,
3113 4524 3521 4596 cognitionem
3576 4525 3661 4601 ad

2003 4627 2195 4667 unum
2225 4610 2634 4681 signiﬁcatum
2664 4611 2928 4678 trahunt,
2954 4613 3531 4685 contemplationem
3564 4612 3662 4688 ip-

2006 4699 2130 4755 sius
2153 4699 2257 4754 Dei
2282 4699 2577 4757 essentite.
2622 4702 2826 4767 Panes,
2869 4699 3087 4773 inquit,
3114 4707 3257 4758 ante
3297 4704 3663 4775 testimonia,

2007 4789 2169 4845 unde
2189 4804 2521 4861 cognoscag'
2545 4804 2584 4846 a
2614 4795 2671 4845 te
2716 4791 2861 4846 inde
2899 4791 2947 4824 ⁵³
3000 4790 3159 4847 Num
3196 4790 3365 4859 illud,
3400 4793 3666 4864 Cognos-

2008 4894 2135 4948 (ναν,
2168 4877 2328 4934 idem
2361 4878 2521 4933 valet
2541 4894 2611 4934 ac
2642 4882 2922 4934 naturam
2952 4895 3153 4935 meam
3183 4880 3470 4938 revelabo
3491 4883 3520 4939 ?
3551 4883 3668 4940 Do-

2010 4968 2207 5023 minus
2229 4968 2506 5038 cognovit
2537 4968 2643 5038 qui
2671 4971 2811 5023 sunt
2836 4969 2964 5037 ejus
2992 4969 3062 5024 5".
3112 4971 3266 5026 Num
3317 4985 3461 5043 ergo
3490 4975 3666 5031 natu-

2010 5072 2135 5113 ram
2164 5072 2375 5113 eorum
2395 5054 2502 5128 qui
2530 5055 2720 5127 ipsius
2752 5060 2895 5113 sunt
2915 5060 3217 5130 cognovit,
3264 5058 3673 5136 inobsequen-

2442 5154 2490 5191 ⁵³
2517 5150 2673 5209 Psal.
2708 5168 2942 5225 Lxxvm,
2967 5158 3019 5212 6.
3125 5153 3174 5192 ⁸³
3194 5157 3383 5215 Exod.
3414 5171 3549 5229 xxv,
3577 5161 3669 5215 21.

2011 5292 2229 5368 legitur
2256 5298 2371 5358 ἣτις
2400 5299 2541 5352 ποτέ.

2014 5366 2197 5496 Mitis)
2242 5368 2427 5457 ᾼύτόν.
2454 5371 2629 5425 Deest
2656 5368 2721 5425 in
2744 5367 2939 5426 tribus
2962 5385 3112 5428 mss.
3147 5370 3384 5429 Habent
3424 5366 3586 5425 Harl.
3617 5371 3676 5427 et

2080 5458 2131 5496 et
2162 5483 2173 5495 .
2207 5460 2391 5497 αυτην.

2088 5483 2421 5584 ἰξὸίλζὸὲνῆξ.
2478 5514 2562 5570 ita
2594 5529 2744 5571 mss.
2771 5518 2927 5572 octo.
2961 5513 3113 5571 Editi
3136 5512 3321 5573 αὐτήν.

3269 5686 3361 5747 28.
