4148 6436
200 28 209 31 μ
228 22 361 31 Δ...-

513 359 619 418 879

1896 359 1952 418 S.
1993 358 2248 418 BASILII
2285 358 2505 420 MAGNI

3735 373 3825 436 080

513 487 616 553 ait,
642 486 776 543 Nisi
802 485 965 543 solus
995 486 1202 543 Pater.
1250 486 1371 542 Nos
1419 499 1601 558 porro
1657 483 2074 541 existimamus
2104 482 2153 540 il.

2285 488 2641 560 συμφέρεσθαι
2682 491 2817 543 κατᾶ
2862 492 2958 550 τὴν
2986 490 3203 557 ἔννοιὰν,
3232 489 3289 545 εκ
3312 496 3404 546 τοῦ
3431 493 3596 566 φάναι,
3635 495 3691 551 Εἰ
3716 502 3778 570 μὴ
3805 501 3829 553 6

511 574 639 644 lud,
670 576 854 641 solus,
903 579 970 631 ut
1020 573 1252 645 angelis
1285 580 1652 647 opponatur,
1692 573 1921 630 dictum
1959 572 2167 645 fuisse,

512 664 763 721 minime
791 680 937 721 vero
966 664 1178 721 Filium
1210 680 1334 720 una
1363 680 1504 721 cum
1532 664 1655 720 suis
1678 662 1864 721 servis
1894 676 2166 734 compre-

512 754 718 822 hendi,
750 760 1052 828 quantum
1070 756 1279 811 attinet
1307 755 1384 811 ad
1414 754 1843 825 ignorantiam.
1874 755 1977 809 Est
2004 752 2168 809 enim

511 859 695 900 verax
724 846 828 917 qui
856 844 1269 917 pronuntiavit
1303 866 1315 901 :
1347 844 1562 901 Omnia
1592 858 1960 917 quaecunque
1989 841 2167 899 habet

510 933 719 1003 Pater,
778 949 910 991 mea
957 935 1179 990 sunt“.
1240 935 1435 990 Unum
1490 938 1692 990 autem
1745 948 1976 1001 eorum,
2031 946 2166 1004 quae

509 1022 712 1094 habet,
743 1027 830 1078 est
875 1027 933 1079 et
960 1024 1094 1094 ipsa
1135 1023 1388 1093 hujusce
1443 1022 1561 1079 diei
1592 1028 1649 1079 et
1675 1022 1841 1078 horae
1881 1020 2164 1091 cognitio.

511 1110 755 1168 Silentio
784 1111 968 1181 igitur
1011 1111 1494 1184 praetermittens,
1525 1116 1592 1168 ut
1634 1112 1883 1168 minime
1932 1115 2168 1167 contro-

506 1216 765 1273 versam,
794 1218 969 1258 suam
999 1201 1190 1274 ipsius
1243 1218 1574 1275 personam
1625 1202 1687 1258 in
1720 1200 1974 1258 Matthaai
2002 1200 2165 1257 dicto

507 1290 818 1361 Dominus,
849 1291 1099 1361 angelos
1128 1290 1275 1346 dixit
1300 1291 1602 1362 ignorare.
1633 1289 1784 1347 scire
1830 1294 2033 1346 autem
2065 1292 2166 1345 Pa-

504 1383 658 1436 trem
684 1380 903 1448 solum,
938 1380 1130 1436 Patris
1151 1379 1556 1451 cognitionem
1578 1378 1754 1435 tacite
1775 1394 1949 1435 suam
1970 1378 2164 1451 ipsius

505 1485 642 1526 esse
668 1470 914 1536 docens,
948 1486 1019 1526 co
1043 1468 1211 1542 quod
1241 1473 1299 1525 et
1328 1469 1473 1525 alibi
1515 1468 1920 1542 pronuntiarit
1951 1484 1964 1525 :
1994 1468 2165 1525 Sicut

504 1561 807 1630 cognoscit
858 1574 950 1616 me
985 1560 1195 1628 Pater,
1240 1565 1298 1616 et
1340 1574 1439 1630 ego
1489 1572 1780 1630 cognosco
1825 1560 2072 1616 Patrem
2091 1558 2161 1615 ⁸⁸.

506 1647 677 1713 Quod
708 1648 758 1703 si
814 1651 983 1705 Pater
1040 1646 1251 1703 Filium
1300 1652 1492 1705 totum
1525 1647 1783 1704 totaliter
1831 1648 2161 1720 cognoscit,

503 1737 587 1793 ita
617 1742 680 1794 ut
709 1742 767 1793 et
807 1737 1180 1794 reconditam
1230 1737 1293 1793 in
1341 1736 1474 1810 ipso
1525 1737 1885 1810 sapientiam
1914 1753 2157 1795 omnem

2282 580 2464 650 Πατὴρ
2502 582 2679 650 μόνος.
2707 577 2885 653 ’Πμεῖς
2929 576 2989 633 δε
3017 582 3286 654 ἡγούμεθα
3311 583 3388 653 τό,
3420 586 3585 654 μόνος,
3609 588 3728 658 πρὸς
3749 592 3829 646 τὴν

2277 672 2379 717 τῶν
2410 664 2637 739 ἀγγέλων
2667 665 3204 741 ἁντιδιαστολήν(61)
3226 669 3465 745 εἰρῆσθαι
3486 687 3500 701 ⁸
3529 674 3610 724 τόν
3638 669 3692 727 δι
3727 678 3831 728 Υἰόν

2275 757 2347 827 μὴ
2373 755 2984 832 συμπαραλαμϐάνεσθαι
3012 765 3122 820 τοῖς
3151 758 3336 812 ἑαυτοῦ
3366 756 3587 829 δούλοις,
3608 765 3730 815 κατὰ
3748 766 3830 823 τήν

2274 845 2507 915 ἄγνοιαν.
2541 842 2805 916 ’Δψευδης
2845 849 2945 922 γὰρ
2983 847 3010 899 6
3055 846 3228 917 εἰπὼν,
3259 849 3340 901 ὅτι
3367 851 3539 902 Πάντα
3564 850 3661 903 ὅσα
3685 852 3830 922 ἔχειὸ

2277 938 2458 1009 Πατὴρ
2486 934 2582 1007 ἐμά
2613 933 2775 991 ἔστιν.
2805 934 2894 989 Ἐν
2924 932 3005 1005 δε,
3053 937 3121 988 ὧν
3174 939 3307 1009 ἕχει,
3333 941 3422 990 καὶ
3450 939 3480 996 ἡ
3523 942 3701 1010 γνῶσίς
3734 939 3832 994 ἔστι

2275 1030 2370 1085 τῆς
2396 1024 2592 1098 ἡμέρας
2620 1022 2811 1086 ἐκείνης
2836 1030 2925 1079 καὶ
2946 1031 3041 1088 τῆς
3062 1027 3215 1099 ὧρας.
3232 1032 3549 1102 Παρασιωπή
3559 1046 3645 1088 σας
3664 1032 3831 1098 τοίνυν,

2276 1114 2347 1174 ὡς
2376 1112 2804 1186 ὁμολογούμενον,
2834 1116 2894 1166 τὸ
2926 1114 3110 1167 ἑαυτοῦ
3146 1119 3426 1188 πρόσωπον
3450 1113 3497 1167 ίν
3520 1124 3581 1190 τῇ
3610 1115 3731 1179 λέξει
3754 1124 3833 1170 τοῦ

2275 1203 2551 1254 Ματθαίου
2578 1202 2603 1253 ό
2638 1203 2846 1277 Κύριος,
2873 1204 2995 1265 τοὺς
3016 1200 3265 1275 ἀγγέλους
3287 1200 3421 1257 εἶπεν
3442 1201 3651 1277 ἀγνοεῖν,
3668 1200 3836 1257 εἰδέναι

2277 1286 2336 1343 δι
2361 1291 2447 1342 τόν
2480 1293 2685 1362 Πατέρα
2708 1293 2862 1363 μόνον
2882 1306 2894 1319 ·
2922 1292 3017 1349 τὴν
3047 1298 3139 1344 τοῦ
3189 1294 3389 1364 Πατρός
3412 1300 3599 1364 γνῶσιν
3628 1294 3749 1344 κατὰ
3784 1295 3835 1345 τό

2277 1384 2608 1451 σιωπώμενον
2637 1384 2727 1432 καὶ
2747 1378 2932 1432 ἑαυτοῦ
2965 1377 3093 1433 εἶναι
3120 1379 3301 1452 λέγων,
3331 1377 3367 1433 δ
3371 1384 3423 1434 ιὰ
3440 1383 3498 1434 τό
3516 1385 3604 1433 καὶ
3622 1379 3669 1433 ἓν
3687 1380 3837 1445 ἄλλοις

2275 1467 2531 1542 εἰρηκέναι
2552 1484 2565 1498 ⁸
2609 1470 2791 1531 Καθὼς
2819 1476 3064 1540 γινώσκει
3090 1488 3154 1542 με
3174 1470 3201 1523 6
3233 1473 3436 1545 Πατὴρ,
3466 1467 3608 1542 κᾶγὼ
3623 1474 3839 1541 γινώσκω

2272 1560 2360 1609 τόν
2401 1562 2625 1630 Πατέρα.
2679 1556 2737 1611 Εἰ
2793 1554 2853 1610 δὲ
2897 1563 3144 1629 γινώσκει
3181 1559 3207 1611 ό
3256 1563 3433 1634 Πατὴρ
3471 1561 3556 1611 τόν
3602 1561 3714 1613 Υἱόν
3740 1558 3839 1612 ὅλον

2274 1641 2347 1699 δι’
2379 1644 2516 1713 ὅλου,
2550 1647 2685 1698 ὥστε
2717 1650 2805 1698 καὶ
2831 1650 2927 1705 τὴν
2951 1645 3345 1719 ἐναποκειμένην
3374 1646 3516 1720 αύτῷ
3542 1648 3651 1719 (62)
3679 1652 3839 1719 σοφίαν

2270 1741 2448 1788 πᾶσαν
2476 1733 2823 1788 ἐπίστασθαιο
2856 1738 2992 1789 κατὰ
3028 1739 3087 1789 τό
3126 1740 3241 1790 ἶσον
3279 1741 3464 1812 μέτρον
3492 1741 3581 1789 καὶ
3608 1735 3838 1808 ἐπιγνωσ-

503 1826 825 1900 perspiciat
852 1844 865 1883 :
898 1826 1032 1900 pari
1061 1842 1352 1883 mensura
1377 1832 1433 1884 et
1463 1843 1500 1884 a
1538 1826 1686 1883 Filio
1737 1833 2153 1899 cognoscetur,

2275 1827 2495 1883 θήσεται
2540 1826 2691 1899 παρὰ
2740 1832 2834 1878 τοῦ
2883 1828 3030 1897 Υίοῦ,
3071 1823 3336 1895 δηλονότι,
3388 1829 3518 1901 μετὰ
3551 1828 3716 1887 πάσης
3759 1833 3839 1886 τῆς

502 1932 643 1973 cum
672 1919 839 1973 omni
870 1917 1048 1973 insita
1074 1915 1159 1972 illi
1203 1916 1503 1989 sapientia
1540 1922 1597 1974 et
1648 1917 2020 1989 praenotione
2064 1918 2158 1975 fu-

500 2011 793 2064 turorum.
828 2007 920 2063 Sic
962 2005 1145 2077 igitur
1178 2005 1325 2062 illud
1372 2006 1649 2077 Mattheei,
1678 2007 1816 2063 Nisi
1850 2009 2012 2064 solus
2039 2009 2157 2064 Pa-

499 2104 634 2170 ter,
696 2096 1153 2170 interpretando
1205 2095 1555 2153 leniendum
1616 2096 1915 2154 ducimus.
1980 2100 2157 2155 Marci

497 2194 700 2245 autem
727 2187 933 2258 verba,
956 2186 1102 2259 quia
1131 2191 1333 2259 aperte
1380 2186 1662 2243 videntur
1706 2186 1910 2261 ipsum
1943 2187 2154 2245 Filium

496 2290 535 2333 a
582 2274 922 2346 cognitione
980 2274 1318 2339 excludere,
1366 2276 1450 2332 ita
1491 2275 1925 2345 intelligimus:
1966 2279 2154 2334 Nemo

495 2366 684 2431 novit,
735 2381 931 2438 neque
977 2364 1176 2435 angeli
1221 2364 1345 2432 Dei,
1394 2364 1503 2420 sed
1548 2380 1660 2421 nec
1697 2364 1879 2420 Filius
1925 2370 2152 2431 nosset,

495 2455 611 2510 nisi
641 2459 843 2510 nosset
871 2456 1081 2520 Pater;
1121 2453 1240 2510 hoc
1286 2456 1393 2521 est,
1454 2469 1643 2510 causa
1693 2458 1749 2510 et
1786 2453 2153 2527 principium

494 2543 859 2615 cognitionis
911 2542 1035 2599 Filii
1063 2559 1098 2599 a
1146 2544 1314 2598 Patre
1362 2545 1467 2598 est.
1501 2548 1583 2599 Ac
1613 2541 1874 2599 violenta
1902 2542 2153 2616 quidem

490 2650 616 2692 non
647 2638 756 2704 est,
789 2633 838 2689 si
873 2632 1011 2706 quis
1036 2648 1213 2706 aequo
1260 2632 1466 2689 animo
1506 2631 1735 2700 audiat,
1762 2632 1892 2689 haec
1919 2634 2153 2705 exposi-

492 2722 1144 2796 tio;quandoquidem
1196 2737 1322 2777 non
1369 2721 1650 2793 adjicitur
1672 2721 1858 2790 solus,
1899 2725 1965 2778 ut
1986 2721 2152 2795 apud

492 2812 856 2869 Matthseum.
898 2813 1058 2868 Mens
1110 2810 1291 2880 igitur
1331 2809 1506 2867 Marci
1549 2814 1639 2866 est
1688 2809 2035 2881 ejusmodi:
2070 2813 2151 2868 De

491 2901 591 2957 die
616 2905 819 2958 autem
843 2899 947 2956 illa
977 2903 1081 2956 aut
1115 2898 1270 2956 hora
1316 2914 1497 2956 nemo
1546 2899 1675 2969 scit,
1714 2914 1914 2973 neque
1951 2900 2150 2971 angeli

493 2991 616 3058 Dei,
664 2991 771 3048 sed
815 3006 926 3047 nec
983 2989 1160 3047 Filius
1202 2988 1451 3063 quidem
1492 2992 1716 3052 nosset,
1772 2989 1885 3045 nisi
1943 2993 2152 3047 nosset

490 3083 692 3148 Pater;
713 3079 1014 3152 siquidem
1033 3080 1133 3136 eia
1154 3078 1326 3135 Patre
1346 3077 1490 3134 data
1500 3077 1785 3151 cognitio.
1809 3080 1929 3134 Hoc
1944 3084 2149 3136 autem

2270 1913 2669 1989 ἕνυπαρχούσης
2696 1914 2836 1986 αύτῷ
2876 1919 3061 1989 σοφίας
3106 1919 3197 1968 καὶ
3245 1923 3343 1977 τῆς
3387 1920 3718 1992 προγνώσεως
3751 1920 3838 1967 τῶν

2266 2004 2570 2078 μελλόντων.
2603 2006 2809 2067 Ταύτης
2857 2023 2951 2078 μεν
2995 2000 3083 2057 οὖν
3128 2005 3371 2078 ἀξιοῦμεν
3409 2014 3505 2068 τῆς
3531 2005 3839 2079 παραμυθίας

2265 2097 2325 2147 τὸ
2353 2096 2498 2168 παρὰ
2526 2102 2597 2166 τῷ
2626 2095 2879 2165 Ματθαίῳ
2909 2098 3136 2166 κείμενον
3158 2111 3171 2124 ·
3214 2094 3273 2149 Εἰ
3301 2099 3373 2167 μὴ
3422 2096 3448 2147 6
3479 2098 3656 2169 Πατὴρ
3687 2097 3838 2159 μόνος.

2262 2186 2334 2238 Τό
2389 2179 2448 2236 δι
2504 2184 2743 2258 Μάρκου,
2798 2179 2979 2241 insidii
3032 2191 3253 2257 φανερῶς
3291 2180 3443 2237 δοκεῖ
3485 2186 3692 2238 καὶτὸν
3734 2183 3842 2242 Υἰόν

2265 2270 2599 2347 ἀπομερίζειν
2624 2280 2719 2334 τῆς
2762 2276 3022 2343 γνώσεως,
3082 2273 3219 2325 οὕτω
3268 2281 3516 2347 νοοῦμενο
3569 2274 3648 2327 ὅτι
3683 2270 3842 2337 οὐδεὶς

2263 2358 2423 2432 οἶδεν,
2465 2365 2583 2414 οὔτε
2616 2362 2665 2413 οἱ
2701 2360 2915 2432 ἄγγελοι
2940 2368 3031 2413 τοῦ
3062 2368 3218 2433 Θεοῦ,
3250 2360 3360 2415 ἀλλ’
3391 2359 3515 2417 οὐδὲ
3543 2365 3569 2417 ὁ
3605 2364 3716 2423 Υἱὸς
3743 2363 3840 2435 (63)

2263 2452 2413 2523 ἔγνω,
2437 2450 2481 2502 εἰ
2509 2454 2580 2523 μὴ
2632 2450 2659 2501 6
2698 2453 2879 2525 Πατήρ
2904 2465 2919 2480 ⁸
2958 2454 3246 2516 τουτέστιν,
3279 2453 3311 2511 ἡ
3352 2451 3501 2505 αἰτία
3539 2458 3631 2505 τοῦ
3669 2447 3842 2504 εἰδέναι

2262 2542 2350 2592 τόν
2391 2541 2512 2592 Υἱόν
2567 2540 2712 2612 παρὰ
2752 2545 2846 2591 τοῦ
2894 2543 3115 2614 Πατρός.
3175 2544 3276 2595 Καὶ
3324 2538 3579 2604 ἀϐίαστός
3626 2539 3734 2594 ἔστι
3776 2546 3837 2611 τῷ

2263 2629 2591 2701 εὐγνωμόνως
2646 2629 2888 2682 ἀκούοντι
2952 2629 2984 2687 ἠ
3045 2628 3296 2701 ἐξήγησις
3343 2630 3521 2689 αὖτη’
3574 2626 3747 2688 ἔπειδή
3789 2627 3840 2682 ού

2259 2723 2570 2792 πρόσκειται
2598 2720 2656 2770 τό
2685 2723 2864 2790 μόνος,
2892 2720 2957 2781 ὡς
2985 2722 3075 2771 καὶ
3106 2720 3251 2792 παρὰ
3270 2726 3343 2790 τῷ
3374 2721 3650 2792 Ματθαίῳ.
3678 2717 3841 2773 Ἔστιν

2259 2803 2348 2861 οὖν
2376 2808 2403 2861 6
2431 2815 2551 2869 νοῦς
2581 2808 2607 2859 6
2653 2808 2798 2880 παρὰ
2826 2814 2898 2877 τῷ
2947 2810 3145 2882 Μάρκῳ
3174 2816 3407 2871 τοιοῦτος
3430 2830 3444 2844 ο
3501 2814 3625 2883 Περὶ
3673 2805 3729 2861 δι
3761 2814 3841 2868 τῆς

2257 2898 2456 2970 ἡμέρας
2484 2896 2681 2957 ἐκείνης
2702 2897 2810 2955 (64)
2836 2896 2867 2955 ἢ
2891 2897 3028 2971 ὧρας
3049 2894 3219 2957 οὐδεὶς
3248 2894 3415 2969 οἶδεν,
3437 2902 3553 2952 οὔτε
3572 2900 3620 2951 οἱ
3648 2895 3841 2970 ἄγγελοι

2255 2993 2345 3039 τοῦ
2392 2994 2549 3051 Θεοῦ,
2590 2983 2696 3038 ἀλλ’
2728 2981 2843 3038 οὐδ’
2874 2984 2936 3037 ἃν
2983 2986 3010 3038 ὁ
3054 2988 3170 3048 Υἱὸς
3206 2988 3356 3058 ἔγνω,
3392 2988 3439 3041 εἰ
3466 2993 3536 3061 μὴ
3574 2989 3600 3041 ὁ
3640 2989 3836 3058 Πατήρ·

2258 3074 2314 3128 ἐκ
2341 3077 2441 3150 γὰρ
2471 3082 2564 3128 τοῦ
2595 3077 2800 3150 Πατρός
2835 3073 2978 3146 αύτῷ
3007 3075 3220 3148 ὑπῆρχε
3258 3071 3518 3148 δεδομένη
3554 3078 3586 3136 η
3633 3084 3829 3149 γνῶσις.

491 3169 566 3225 de
588 3168 732 3225 Filio
759 3173 817 3225 et
843 3166 1110 3225 maxime
1146 3166 1317 3240 pium
1337 3171 1396 3223 et
1432 3166 1728 3223 divinitati
1758 3182 1882 3222 non
1903 3166 2148 3225 indeco-

2262 3170 2421 3218 Τοῦτο
2449 3160 2509 3217 δε
2538 3164 2894 3237 εὐφημότατον
2916 3163 3029 3217 ἐστι
3053 3169 3144 3219 καὶ
3170 3167 3451 3238 θεοπρεπὲς
3474 3169 3593 3240 περὶ
3618 3172 3708 3219 τοῦ
3733 3165 3843 3218 Υἱοῦ

490 3274 626 3315 rum
658 3257 823 3315 dictu
841 3261 949 3325 est,
972 3272 1112 3313 eum
1139 3255 1218 3313 ab
1238 3270 1333 3324 eo,
1357 3254 1455 3311 cui
1480 3254 2012 3313 consubstantialis
2038 3260 2147 3325 est,

489 3346 716 3405 habere
755 3351 820 3403 ut
852 3349 1199 3416 cognoscat,
1233 3348 1414 3417 atque
1458 3343 1522 3400 in
1568 3343 1739 3401 omni
1773 3344 2065 3418 sapientia
2094 3348 2152 3403 et

491 3439 806 3508 majestate
834 3434 1126 3491 divinitati
1146 3450 1269 3489 suae
1295 3436 1705 3489 consentanea
1723 3434 2150 3507 conspiciatur.

565 3530 618 3583 3.
662 3525 830 3591 Quod
862 3528 1093 3596 spectat
1123 3522 1204 3579 ad
1252 3522 1633 3589 Jechoniam,
1681 3537 1865 3595 quem
1897 3523 2153 3595 proscri-

492 3619 666 3687 ptum
698 3630 769 3671 ex
795 3613 1003 3669 Iudaea
1048 3616 1204 3669 terra
1240 3610 1427 3667 fuisse
1473 3610 1618 3666 dicit
1668 3611 1968 3683 propheta
1994 3615 2150 3669 Jere—

492 3705 646 3761 mias
657 3704 751 3759 his
761 3702 961 3759 verbis
977 3719 990 3757 :
1006 3703 1041 3757 Ῑ
1039 3701 1411 3757 nhonoratus
1427 3706 1511 3756 est
1532 3700 1847 3757 Jechonias
1861 3706 2149 3773 tanquam

492 3809 619 3862 vas,
675 3795 849 3864 cujus
906 3807 1027 3847 non
1058 3798 1141 3848 est
1186 3791 1456 3861 utilitas;
1502 3795 1557 3846 et
1587 3790 1732 3861 quia
1781 3791 2037 3861 rejectus
2067 3797 2153 3848 est

492 3885 617 3956 ipse
645 3890 700 3941 et
732 3898 927 3940 semen
958 3883 1109 3952 ejus,
1142 3894 1330 3951 neque
1356 3895 1429 3936 ea:
1452 3882 1675 3937 semine
1704 3881 1831 3948 eius
1871 3888 2152 3953 exsurget

493 3972 1228 4047 quisedeatsupersolium
1250 3970 1470 4039 David,
1495 3971 1779 4040 princeps
1804 3971 1868 4026 in
1889 3972 2044 4028 Iuda
2061 3972 2109 4009 “
2133 3988 2148 4030 :

494 4063 751 4135 simplex
776 4065 831 4118 et
860 4061 1025 4117 clara
1044 4064 1136 4115 est
1155 4060 1367 4115 oratio.
1388 4061 1538 4114 Nam
1559 4058 1785 4115 eversis
1810 4059 2150 4134 Hierosoly-

492 4152 610 4207 mis
631 4168 666 4207 a
689 4146 1631 4211 Nabuchodonosor,dissolutum
1647 4146 1839 4203 fuerat
1857 4164 2144 4219 regnum:

492 4257 604 4298 nec
618 4241 749 4312 jam
772 4239 978 4312 patriae
1002 4236 1417 4293 successiones
1440 4235 1912 4308 principatuum,
1944 4244 2008 4294 ut
2035 4254 2148 4296 an-

490 4335 610 4398 tea,
632 4329 941 4400 vigebant:
959 4326 1065 4383 sed
1087 4331 1247 4395 tunc,
1273 4324 1529 4397 imperio
1550 4324 1785 4395 dejecti,
1808 4325 1870 4382 in
1900 4327 2148 4400 captivi-

490 4426 611 4477 tate
640 4418 926 4475 vivebant
946 4414 1189 4472 Davidis
1214 4413 1459 4487 posteri.
1483 4413 1722 4470 Reversi
1749 4420 1951 4472 autem
1985 4416 2146 4473 Sala-

489 4510 708 4567 tliielet
740 4504 1071 4564 Zorobabel
1101 4504 1284 4561 modo
1324 4504 1520 4573 magis
1549 4502 1827 4576 populari
1848 4510 2145 4577 praeerant
2181 4537 2224 4592 ο

488 4598 716 4673 populo
730 4601 798 4668 7°,
835 4595 1123 4654 translato
1155 4593 1439 4666 deinceps
1485 4592 1565 4648 ad
1595 4593 1998 4650 sacerdotium
2024 4594 2143 4652 im-

486 4690 675 4762 perio,
699 4692 1016 4761 propterea
1053 4683 1221 4756 quod
1257 4681 1645 4739 sacerdotalis
1675 4687 1732 4738 et
1758 4683 1924 4755 regia
1950 4684 2141 4742 tribus

484 4778 637 4835 inter
664 4794 727 4835 se
752 4775 1306 4834 commiscerentur.
1334 4771 1501 4829 Unde
1540 4772 1829 4829 Dominus
1852 4778 1910 4829 et
1926 4790 2031 4831 rex
2051 4779 2142 4832 est

2259 3252 2444 3326 λέγειν,
2493 3254 2574 3306 ὅτι
2624 3253 2781 3327 οὗπέρ
2830 3250 2971 3305 ἐστιν
3019 3254 3314 3327 όμοούσιος,
3366 3254 3424 3319 ἐξ
3468 3254 3633 3309 αὐτοῦ
3668 3257 3752 3307 καὶ
3793 3253 3843 3305 τὸ

2257 3347 2532 3415 γινώσκειν
2563 3345 2693 3415 ἔχει,
2725 3345 2894 3395 καὶτὸ
2916 3342 2968 3395 ἐν
2996 3344 3142 3417 πάσῃ
3177 3348 3330 3417 σοφίᾳ
3374 3349 3468 3398 καὶ
3495 3340 3624 3409 δόξη
3657 3346 3764 3415 (65)
3786 3346 3839 3414 τῇ

2256 3434 2529 3506 πρεπούσῃ
2565 3432 2726 3484 αὐτοῦ
2752 3438 2815 3505 τῇ
2848 3432 3055 3490 θεότητι
3095 3432 3427 3509 θεωρεῖσθαι.

2331 3525 2382 3578 3.
2418 3525 2544 3595 Περὶ
2592 3516 2653 3573 δε
2700 3518 2793 3573 τοῦ
2832 3518 3104 3593 Ἰεχονίου,
3145 3520 3199 3573 ὃν
3238 3520 3563 3598 ἐκκηρυκτον
3614 3520 3711 3576 ἀπὸ
3760 3524 3841 3579 τῆς

2256 3607 2522 3671 Ἰουδαίας
2571 3618 2673 3682 γῆς
2726 3612 3044 3682 γεγενῆσθαί
3107 3628 3268 3683 φησιν
3314 3612 3341 3664 ό
3396 3631 3672 3688 προφητης
3710 3608 3839 3684 Ἱερι-

2259 3704 2387 3773 μίας
2462 3698 2661 3751 εἰπών’
2722 3698 2989 3771 Ἠτιμώθη
3046 3697 3295 3770 Ἰεχονίας
3361 3702 3430 3763 ὡς
3513 3709 3729 3767 σκεῦος,
3790 3692 3841 3747 οὗ

2259 3789 2355 3844 οὐκ
2424 3791 2564 3842 ἔστιν
2630 3787 2790 3841 αὐτοῦ
2863 3802 3068 3863 χρεια·
3126 3792 3217 3841 καὶ
3262 3789 3344 3842 ὅτι
3404 3790 3658 3867 ἆπερῥίφη
3703 3786 3840 3847 αύτός

2260 3884 2350 3932 καὶ
2402 3882 2461 3931 τό
2520 3882 2729 3952 σπέρμα
2783 3878 2944 3931 αὐτοῦ
2974 3922 2989 3950 ,
3046 3882 3136 3931 καὶ
3186 3877 3246 3930 ού
3286 3882 3359 3952 μὴ
3416 3879 3617 3954 ἀναστῇ
3667 3878 3719 3932 ἐκ
3761 3880 3841 3929 τοῦ

2262 3972 2554 4044 σπέρματος
2627 3966 2788 4020 αὐτοῦ
2862 3969 3146 4041 καθήμενος
3220 3968 3305 4022 ἐπὶ
3378 3980 3474 4023 τοῦ
3530 3973 3708 4046 θρόνου
3752 3974 3841 4020 Δα-

2259 4055 2396 4127 ϐὶδ,
2472 4059 2655 4132 ἄρχων
2730 4056 2779 4110 ἐν
2852 4064 2926 4128 τῷ
2999 4053 3215 4129 Ἰούδᾳῖ
3293 4056 3491 4123 ἁπλοῦς
3543 4064 3635 4113 καὶ
3687 4058 3841 4129 σαφής

2257 4147 2398 4201 ἐστιν
2451 4148 2477 4199 6
2536 4147 2710 4219 λόγος.
2764 4148 3173 4221 Καθαιρεθείσης
3223 4148 3324 4221 γὰρ
3381 4158 3479 4213 τῆς
3519 4145 3842 4225 Ἰερουσαλὴμ

2256 4238 2357 4291 ὑπὸ
2408 4231 2910 4309 Ναϐουχοδονόσορ,
2955 4234 3130 4289 λε’λυτο
3168 4238 3258 4309 μὲν
3286 4239 3352 4290 τὰ
3395 4236 3663 4313 βασίλεια,
3684 4236 3842 4289 οὐκέτι

2257 4323 2317 4379 δε
2380 4329 2636 4401 πατρικαὶ
2694 4321 2960 4397 διαδοχαὶ
3023 4333 3123 4377 τῶν
3175 4326 3467 4399 ἡγεμονιῶν
3525 4328 3634 4400 (66)
3694 4326 3839 4383 ἦσαν.

2256 4416 2429 4490 ὥσπερ
2488 4418 2579 4467 καὶ
2632 4418 2880 4487 πρότερον
2908 4430 2921 4444 '
2984 4412 3112 4467 ἀλλὰ
3156 4419 3270 4467 τότε
3315 4420 3407 4488 μὲν
3447 4417 3503 4481 ἐξ
3545 4415 3719 4492 ἀρχῆς
3769 4410 3841 4466 ἐπὶ

2256 4512 2353 4567 τῆς
2417 4502 2791 4576 αἰχμαλωσίας
2850 4499 3035 4575 διῆγον
3093 4505 3142 4556 οἱ
3202 4502 3452 4577 ἀπόγονοὶ
3518 4514 3609 4559 τοῦ
3649 4496 3836 4557 Δαϐίδ⁶

2255 4593 2609 4657 ἐπανελθόντες
2667 4590 2725 4646 δι
2778 4595 2827 4645 οἱ
2878 4597 2996 4666 περὶ
3046 4596 3134 4647 τόν
3172 4593 3429 4655 Σαλαθιήν
3482 4600 3569 4648 καὶ
3620 4589 3839 4667 Ζοροϐά-

2254 4684 2358 4751 ϐελ,
2393 4681 2814 4757 δημοτικώτερον
2843 4685 3168 4756 καθηγοῦντο
3211 4692 3304 4736 τοῦ
3346 4682 3500 4755 λαοῦ,
3539 4693 3630 4746 τῆς
3677 4682 3839 4756 ἀρχῆς

2249 4772 2429 4828 λοιπόν
2491 4773 2575 4827 ἐπὶ
2634 4777 2722 4832 τὴν
2795 4772 3076 4847 ἱερωσύνην
3139 4777 3580 4847 μεταπεσούσης,
3640 4770 3731 4827 διὰ
3784 4767 3836 4820 τὸ

554 5027 600 5065 ⁸⁷
632 5027 802 5083 Joan.
833 5039 955 5094 xw,
984 5026 1069 5081 15.
1145 5022 1192 5061 ⁵⁸
1215 5020 1391 5080 Joan.
1422 5037 1483 5096 x,
1512 5025 1595 5079 15.
1674 5022 1720 5060 ⁶⁹
1746 5023 1859 5081 Jer.
1888 5038 2032 5097 χχιι,
2055 5027 2153 5080 28-.

2318 5023 2414 5081 τοι
2446 5020 2614 5080 Esdr.
2636 5037 2718 5091 in,
2741 5025 2793 5079 2.

549 5258 666 5329 (6t)
712 5250 1166 5313 Ἀντιὸιαστολὴν.
1217 5253 1378 5311 Harl.
1439 5269 1581 5311 cum
1628 5270 1753 5313 uno
1810 5269 1885 5313 ex
1940 5252 2138 5328 Regiis

480 5323 789 5383 διαστολὴν.

522 5348 789 5387 ιαστοΛην.

550 5403 664 5467 (62)
690 5400 860 5470 Αὐτῷ.
896 5396 1120 5471 Editi‘s}:
1141 5396 1465 5471 _a~319'»._Sed
1506 5396 1674 5471 deest
1699 5396 2046 5471 praepositio
2075 5395 2139 5454 in

473 5464 760 5549 pluribus
785 5464 926 5549 mss.
962 5464 1293 5549 codicibus",
1326 5468 1517 5549 iisque
1552 5464 2009 5549 optimaennotze.

548 5542 662 5612 (63)
691 5540 831 5593 Οὐδὲ
860 5544 884 5592 ὁ
916 5542 1058 5602 Υἱός.
1100 5537 1357 5612 Legitur
1410 5537 1471 5596 i'n
1520 5537 1693 5595 editis
1726 5537 1839 5612 οὐδ’
1868 5539 1927 5592 ἂν
1964 5543 1990 5592 ό
2021 5540 2136 5602 Υἱὸς

476 5611 630 5680 ἔγνω.
671 5613 784 5685 Sed
809 5613 979 5671 deest
1008 5614 1068 5666 ἄν
1093 5611 1155 5669 in
1196 5611 1370 5670 Coisl.
1418 5612 1637 5685 primo,
1673 5611 1851 5682 Harl.,
1898 5613 2047 5669 Med.
2080 5616 2137 5671 et

476 5696 601 5738 uno
633 5684 839 5755 Regio.

2316 5255 2431 5328 (64)
2463 5251 2711 5336 "linit-mc:
2734 5251 2909 5336 Deest
2934 5268 3004 5311 ea
3022 5269 3139 5312 vox
3157 5252 3219 5312 in
3239 5253 3514 5329 pluribus
3535 5252 3835 5313 codicibus

2245 5341 2370 5383 non
2392 5326 2846 5399 antiquissimis.

2320 5400 2428 5470 (65)
2468 5393 2569 5451 Καὶ
2602 5393 2755 5470 δόξῃ.
2788 5400 2898 5454 Pro
2926 5397 3020 5454 his
3049 5398 3303 5455 vocibus
3331 5398 3517 5456 habet
3549 5396 3731 5456 Coisl.
3758 5409 3836 5450 se-

2244 5469 2482 5545 cundus
2512 5475 2601 5521 καὶ
2629 5469 2839 5540 γνώσει,
2865 5475 2919 5525 et
2944 5471 3212 5528 scientia.
3352 5542 3363 5545 _
3503 5541 3542 5545 __
3697 5540 3734 5545 _

2318 5542 2429 5612 (66)
2452 5536 2789 5613 ἸΙγεμόνιῷν.
2823 5536 2908 5597 Ita
2932 5557 3147 5597 omnes
3177 5542 3367 5599 nostri
3407 5541 3671 5598 codices.
3696 5536 3836 5613 Editi

2246 5607 2585 5688 ᾗγεμονικῶνξ
2620 5612 2857 5688 ΙωόξείῐιΔ
2874 5613 3014 5688 editi
3036 5616 3388 5688 ’τὸ-πρότερον.
3424 5617 3605 5672 Deest
3634 5607 3837 5669 vocula

2243 5685 2308 5742 in
2338 5684 2528 5743 tribus
2556 5684 2979 5743 vetustissimis
2999 5684 3330 5743 codidibu's.
