4148 6398
321 361 418 418 881

1232 359 1719 419 EPISTOLABUM
1757 361 2042 420 CLASSIS
2087 364 2156 419 ιῐ.
2195 364 2408 422 EPIST.
2451 362 2769 420 CCXXXVI.

3579 368 3688 422 882

320 481 640 558 ἀναμιγῆναι
689 485 786 543 τὴν
825 483 1087 558 ἱερατικὴν
1142 485 1233 538 καὶ
1279 487 1374 544 τήν
1423 481 1708 558 βασιλικὴν
1734 483 1918 558 φυλήν,

2035 487 2094 543 et
2121 485 2389 560 pontifex
2414 485 2474 544 in
2497 487 2571 544 iis
2602 502 2740 560 quae
2771 490 2912 544 sunt
2952 487 3031 544 ad
3073 488 3260 544 Deum
3278 489 3345 544 ⁷³.
3387 488 3472 545 Ac
3495 488 3686 546 tribus

316 572 470 628 Ὀθεν
515 574 540 626 ό
595 575 786 648 Κύριος
831 577 922 627 καὶ
952 572 1204 647 βασιλεύς
1248 571 1362 628 ἔστι
1417 578 1508 626 καὶ⁹
1552 572 1829 649 ἀρχιερεύς
1856 577 1924 628 161

317 666 445 740 πρὸς
481 666 569 716 τὸν
601 667 753 721 Θεόν.
786 668 888 717 Καὶ
929 662 1024 717 ούκ
1061 661 1254 727 ἐξέλιπε
1280 664 1371 736 μεν
1419 665 1450 722 ἠ
1502 661 1755 736 βασιλικὴ
1789 662 1919 737 φυλὴ

316 758 483 829 μέχρι
510 762 602 814 τῆς
639 760 733 806 τοῦ
781 760 1018 828 Χριστοῦ
1047 757 1338 827 παρουσίας
1364 773 1377 788 ο
1431 753 1491 806 ού
1535 757 1638 826 μὴν
1686 755 1762 807 ἔτι
1802 752 1922 807 έκά-

319 847 462 898 θισεν
502 841 585 896 έπὶ
630 851 723 896 τοῦ
768 846 951 918 θρόνου
988 840 1156 896 Δαϐὶδ
1197 845 1256 897 τὸ
1290 845 1496 917 σπέρμα
1522 850 1614 896 τοῦ
1647 843 1920 915 Ἰεχονίου.

317 937 516 1007 Θρόνος
563 933 664 1007 γὰρ
720 929 964 991 δηλονότι
1022 931 1225 1005 λέγεται
1261 936 1320 986 τὸ
1365 931 1645 1006 βασιλικὸν
1695 931 1918 1006 ἀξίωμα.

315 1025 532 1083 Πάντως
562 1017 621 1074 δι
671 1029 768 1084 τῆς
813 1024 1048 1097 ἱστορίας
1091 1025 1376 1096 μέμνησαι,
1427 1023 1507 1075 ὅτι
1549 1023 1804 1097 ύπόφορος
1831 1024 1922 1095 μὲν

313 1113 381 1171 ἧν
408 1119 480 1182 τῷ
511 1107 679 1165 Δαϐἱδ
704 1117 852 1164 πᾶσα
888 1113 918 1170 ἠ
955 1108 1210 1179 Ἰουδαία,
1260 1115 1350 1165 καὶ
1387 1113 1417 1170 ἠ
1460 1108 1740 1185 Ἰδουμαία
1765 1117 1923 1184 χώρα

311 1207 409 1257 καὶ
460 1204 490 1262 ἠ
537 1201 825 1270 Μωαϐῖτις,
862 1207 952 1256 καὶ
994 1212 1088 1265 τῆς
1135 1208 1324 1278 Συρίας
1373 1202 1474 1256 6001
1527 1221 1582 1255 11
1623 1208 1924 1278 πρόσχωρα

309 1293 505 1346 καὶτὰ
548 1290 856 1367 πορρωτέρω
901 1296 1066 1367 μέχρι
1112 1301 1204 1354 τῆς
1255 1297 1437 1355 Μέσης
1486 1300 1587 1344 τῶν
1639 1299 1918 1364 ποταμῶν·

308 1385 409 1434 καί
445 1380 562 1433 καθ’
622 1381 789 1455 ἕτερον
845 1381 960 1451 (67)
1005 1384 1154 1454 μέρος
1193 1381 1286 1442 ἕως
1337 1387 1574 1452 ποταμοῦ
1618 1379 1919 1452 Αἰγύπτουο

309 1470 380 1526 Εἰ
433 1466 521 1523 οὖν
577 1466 755 1530 οὐδεὶς
807 1468 964 1543 ἐφάνη
1015 1470 1100 1523 ἐπὶ
1142 1473 1397 1525 τοσούτου
1463 1469 1752 1542 ἀξιώματος
1822 1476 1922 1521 τῶν

309 1561 451 1635 μετά
494 1566 683 1624 ταῦτα,
719 1567 825 1620 πῶς
873 1559 968 1611 ούκ
1020 1557 1218 1624 ἀληθὴς
1260 1561 1286 1612 ό
1324 1566 1416 1612 τοῦ
1450 1564 1713 1632 προφήτου
1738 1557 1920 1629 λόγος,

309 1649 402 1702 ὁτι
451 1647 546 1701 οὐκ
592 1651 668 1701 ἔτι
706 1650 968 1702 καθιεῖται
1014 1645 1098 1701 ἐπὶ
1139 1655 1232 1702 τοῦ
1278 1650 1461 1724 θρόνου
1505 1645 1674 1701 Δαϐἱδ
1729 1649 1785 1700 ἐκ
1827 1652 1921 1698 106

2031 575 2280 650 quidem
2308 576 2475 647 regia
2505 576 2584 634 ad
2615 593 2809 650 usque
2840 577 3053 635 Christi
3082 577 3407 634 adventum
3437 578 3686 635 minime

2032 665 2284 732 defecit,
2327 681 2438 722 nec
2470 672 2673 724 tamen
2699 666 2960 740 amplius
2995 667 3148 723 sedit
3173 666 3236 723 in
3267 666 3414 723 solio
3446 668 3688 724 Davidis

2033 770 2240 811 semen
2281 756 2602 812 Jechoniaa.
2648 759 2798 812 Nam
2847 755 3065 812 solium
3115 755 3381 829 profecto
3411 758 3576 826 regia
3604 756 3689 813 di-

2032 845 2230 918 gnitas
2260 850 2664 919 nuncupatur.
2697 847 2872 918 363
2904 846 3160 904 Omnino
3191 850 3392 902 autem
3423 846 3686 902 historite

2030 935 2378 1003 meministi,
2412 935 2685 992 videlicet
2706 935 2978 992 Judaeam
3002 951 3247 992 omnem
3279 935 3486 991 Davidi
3516 936 3690 991 vecti-

2032 1023 2231 1094 galem
2260 1023 2464 1094 fuisse,
2496 1029 2553 1081 et
2595 1025 2945 1094 ldumaeam,
2992 1030 3049 1081 et
3078 1023 3472 1081 Moabitarum
3497 1024 3685 1097 regio-

2029 1129 2194 1183 nem,
2225 1118 2282 1170 et
2311 1114 2494 1187 Syriae
2525 1119 2726 1187 partes
2753 1120 2879 1172 tum
2901 1115 3222 1171 viciniores
3252 1120 3379 1172 tum
3407 1115 3688 1172 remotio-

2028 1219 2125 1261 res
2163 1202 2243 1260 ad
2281 1219 2473 1276 usque
2513 1204 3032 1278 Mesopotamiam,
3072 1209 3129 1261 et
3165 1220 3239 1260 ex
3290 1204 3479 1260 altera
3515 1209 3686 1276 parte

2030 1307 2224 1365 usque
2252 1292 2330 1349 ad
2359 1291 2588 1350 ﬂumen
2612 1295 2868 1366 Egypti.
2908 1298 3112 1368 Itaque
3135 1294 3182 1350 si
3210 1293 3409 1350 nullus
3429 1311 3462 1350 e
3490 1299 3688 1367 poste-

2029 1381 2112 1439 ris
2145 1379 2225 1438 ad
2254 1385 2486 1438 tantam
2517 1386 2873 1455 potestatem
2917 1383 3206 1455 pervenit,
3246 1383 3558 1456 quomodo
3588 1399 3687 1440 ve-

2029 1485 2168 1527 rum
2193 1486 2318 1527 non
2347 1471 2456 1526 fuit
2485 1471 2653 1544 quod
2679 1471 2908 1527 dictum
2943 1475 3033 1526 est
3073 1488 3110 1527 a
3151 1472 3468 1544 propheta,
3500 1473 3689 1528 nemi-

2031 1575 2172 1616 nem
2199 1575 2507 1616 sessurum
2554 1560 2618 1616 in
2662 1560 2813 1617 solio
2851 1558 3089 1616 Davidis
3118 1575 3192 1616 ex
3231 1560 3457 1616 semine
3484 1561 3689 1618 Jecho-

2030 1649 2146 1706 nise
2171 1651 2198 1704 Ρ
2227 1652 2414 1705 Nemo
2444 1648 2606 1706 enim
2627 1665 2700 1705 ex
2725 1649 2859 1722 ipso
2889 1653 3078 1716 ortus,
3101 1648 3258 1704 hanc
3275 1648 3527 1718 gloriam
3550 1664 3692 1706 con-

311 1741 619 1810 σπέρματος
654 1736 905 1810 Ἰεχονίου
931 1755 946 1806 ;
975 1734 1162 1798 Ούδείς
1204 1740 1306 1813 γὰρ
1365 1741 1599 1811 φαίνεται
1628 1745 1724 1798 τῆς
1771 1734 1920 1799 ἀξίας

2035 1742 2276 1795 secutus
2298 1738 2684 1811 comperitur.
2701 1741 2828 1795 Non
2849 1743 3047 1794 tamen
3066 1737 3282 1794 defecit
3304 1738 3494 1794 tribus
3512 1740 3538 1794 J
3547 1737 3689 1806 uda,

305 1829 515 1890 ταύτης
561 1824 929 1899 ἐπειλημμένος
981 1825 1034 1890 έξ
1099 1826 1278 1882 αύτοῡ.
1337 1826 1413 1879 06
1467 1829 1643 1900 μέντοι
1699 1824 1920 1888 ἐξέλιπεν

2035 1828 2227 1884 donec
2255 1831 2420 1884 venit
2450 1827 2546 1884 cui
2573 1827 2903 1901 repositum
2926 1832 3053 1883 erat
3072 1829 3121 1862 ⁷³
3156 1844 3169 1882 :
3199 1827 3301 1900 qui
3320 1842 3395 1882 ne
3416 1827 3543 1900 ipse
3561 1826 3690 1899 qui-

306 1918 345 1976 ἡ
385 1923 475 1969 106
517 1913 696 1971 Ἰούδα
742 1915 896 1989 φυλὴ,
942 1917 1037 1978 ἕως
1081 1912 1140 1970 οὖ
1174 1914 1320 1976 ἦλθεν
1421 1915 1680 1984 ἀπέκειτο,
1714 1916 1767 1978 ὃς
1799 1911 1920 1968 ούδὶ

2035 1916 2173 1973 dem
2203 1916 2265 1972 in
2314 1915 2612 1989 corporali
2657 1917 2874 1972 throno
2923 1915 3230 1985 consedit;
3279 1915 3505 1989 quippe
3551 1930 3692 1972 cum

304 2005 474 2069 αύτός
532 2005 789 2065 έκαθέσθη
856 2004 941 2060 ἐπὶ
995 2013 1085 2060 τοῦ
1139 2012 1442 2078 σωματικοῦ
1497 2007 1701 2081 θρόνου,
1759 2023 1920 2078 μετα-

2035 2005 2389 2063 translatum
2416 2005 2544 2076 jam
2577 2010 2733 2062 esset
2773 1989 3089 2061 J‘udaicum
3120 2021 3376 2075 regnum
3407 2005 3468 2061 in
3498 2005 3694 2061 tilium

303 2098 586 2159 πεσούσης
631 2094 809 2148 λοιπόν
861 2104 958 2159 τῆς
1019 2092 1323 2158 Ἰουδαϊκῆς
1371 2093 1644 2170 βασιλείας
1702 2094 1788 2148 ἐπὶ
1837 2098 1920 2148 τὸν

2035 2095 2388 2152 Ascalonita:
2416 2094 2710 2168 Antipatri
2742 2095 3319 2166 Herodem,eiusque
3339 2093 3696 2167 liberos,qui

303 2188 429 2239 υἱόν
485 2191 578 2237 106
636 2183 1022 2238 Ἀσκαλωνίτου
1084 2186 1430 2260 Ἀντιπάτρου
1490 2180 1730 2258 Ἡρώδην
1760 2227 1776 2253 ,
1831 2188 1920 2237 καὶ

2035 2183 2306 2240 Iudaeam
2331 2182 2394 2238 in
2413 2187 2674 2255 quatuor
2689 2181 3064 2256 principatus
3078 2182 3698 2255 diviserunt,prreside

303 2278 434 2336 τοὺς
460 2273 651 2328 ἐκείνου
690 2270 912 2340 παῖδας,
962 2276 1012 2328 οἶ
1060 2274 1131 2337 εἱς
1173 2279 1432 2349 τέσσαρας
1481 2272 1656 2348 ἀρχὰς
1702 2276 1920 2336 κατενεί,

2035 2272 2284 2346 quidem
2326 2271 2529 2338 Pilato,
2577 2288 2885 2328 summam
2935 2276 3138 2328 autem
3167 2272 3402 2344 imperii
3434 2271 3695 2329 Romani

305 2383 480 2439 μαντο
530 2368 619 2422 τὴν
669 2359 955 2432 Ἰουδαίαν,
1004 2366 1397 2437 ἡγεμονεύοντος
1443 2365 1533 2436 μὲν
1570 2362 1816 2434 Πιλάτου,
1867 2363 1920 2416 16

2035 2366 2396 2437 potestatem
2423 2366 2660 2419 tenente
2684 2361 2937 2418 Tiberio.
2957 2361 3071 2417 Sed
3101 2362 3389 2417 thronum
3416 2361 3557 2417 dicit
3589 2364 3698 2417 Da-

309 2451 379 2508 δε
445 2456 660 2527 σύμπαν
717 2462 811 2516 τῆς
863 2452 1158 2526 Ῥωμαῖκῆς
1218 2451 1396 2528 ἀρχῆς
1457 2453 1647 2525 κράτος
1713 2453 1920 2523 ἔχοντος

2035 2452 2210 2525 vidis,
2262 2452 2324 2509 in
2375 2467 2498 2525 quo
2549 2451 2840 2508 Dominus
2891 2450 3064 2520 sedit,
3117 2465 3376 2520 regnum
3407 2449 3704 2506 eversioni

305 2542 553 2618 Τιϐερίου
611 2543 746 2614 (68).
811 2540 970 2597 Ἀλλὰ
1022 2543 1200 2618 θρόνον
1245 2541 1381 2614 λέγει
1431 2537 1620 2608 Δαϐὶδ,
1674 2538 1748 2614 ἐφ’
1793 2541 1848 2593 ὅν
1899 2540 1920 2593 6

2035 2541 2182 2599 nulli
2228 2541 2582 2598 obnoxium.
2629 2542 2760 2613 Ipse
2803 2541 2963 2597 enim
3008 2545 3096 2597 est
3140 2540 3512 2608 exspectatio
3558 2555 3704 2610 gen-

2036 2632 2268 2698 tium",
2292 2647 2417 2688 non
2441 2635 2642 2686 autem
2664 2629 2930 2686 minima;
2961 2629 3152 2702 partis
3175 2628 3340 2686 orbis
3367 2633 3701 2698 terrarum;

2033 2721 2174 2777 Erit
2204 2721 2384 2786 enim,
2407 2719 2622 2793 inquit,
2655 2720 2842 2776 radix
2866 2720 3050 2786 Jesse,
3075 2723 3130 2775 et
3163 2720 3270 2790 qui
3299 2719 3610 2788 consurgit
3636 2723 3706 2774 ut

316 2815 507 2884 μέρους
554 2816 651 2873 τῆς
703 2809 1038 2883 οἰκουμένης·
1087 2808 1277 2864 Ἔσται
1322 2812 1448 2884 γὰρ,
1493 2811 1673 2880 φησὶν,
1713 2809 1743 2866 ἠ
1799 2808 1920 2883 ῥίζα

2035 2811 2308 2882 princeps
2336 2812 2412 2866 sit
2440 2810 2709 2880 gentium
2739 2823 2764 2865 ,ο
2791 2809 2856 2864 in
2882 2809 3010 2877 ipso
3039 2812 3246 2878 gentes
3274 2807 3606 2878 sperabunt
3628 2809 3702 2862 ⁷⁸.

316 2906 414 2952 τοῦ
454 2898 666 2970 Ἰεσσαὶ,
699 2904 791 2952 καὶ
828 2900 855 2951 6
882 2897 1219 2972 ἀνιστάμενος
1246 2897 1432 2973 ἄρχειν
1461 2896 1614 2951 ἐθνῶν
1639 2917 1652 2931 '
1685 2894 1762 2949 ἐπ’
1783 2896 1920 2968 αὐτῷ

2035 2901 2223 2956 Posui
2242 2901 2398 2956 enim
2422 2905 2475 2954 te
2496 2899 2558 2954 in
2577 2898 2779 2968 foedus
2799 2897 3035 2967 populi,
3051 2898 3114 2952 in
3135 2897 3324 2953 lucem
3351 2897 3705 2966 gentium".

317 2989 436 3046 ἔθνη
459 2986 714 3044 έλπιοῡσι.
747 2990 964 3042 Τέθεικα
990 2989 1092 3063 γάρ
1122 3006 1180 3041 σε
1215 2987 1286 3052 εἰς
1317 2984 1580 3046 διαθήκην
1618 2988 1811 3058 γένους,
1853 2986 1920 3049 εἰς

2035 2989 2114 3046 Et
2141 3004 2388 3059 ponam,
2434 2986 2647 3059 inquit,
2678 2987 2741 3043 in
2771 2987 3061 3042 saeculum
3092 2986 3302 3042 swcuti
3328 3000 3523 3041 semen
3551 2988 3702 3056 ejus,

314 3085 420 3151 φῶς
446 3075 620 3133 ἱθνῶν.
655 3081 756 3132 Καὶ
789 3079 1041 3151 θήσομαι,
1069 3081 1248 3150 φησὶν,
1283 3076 1354 3140 εἰς
1382 3079 1469 3130 τὸν
1496 3074 1658 3129 αἰῶνα
1685 3082 1778 3129 106
1805 3074 1920 3128 αἰῶ-

2035 3084 2090 3136 et
2123 3078 2408 3134 thronum
2437 3079 2562 3147 ejus
2601 3077 2758 3132 sicut
2783 3075 2906 3131 dies
2932 3076 3065 3132 caeli
3077 3075 3145 3130 ⁷⁸.
3189 3074 3282 3130 Sic
3311 3073 3491 3144 igitur
3519 3080 3576 3130 et
3606 3089 3704 3132 sa-

307 3185 394 3229 νος
420 3169 478 3220 16
512 3171 722 3242 σπέρμα
758 3167 941 3234 016106,
985 3171 1075 3220 καὶ
1119 3169 1207 3220 τόν
1261 3167 1439 3241 θρόνον
1495 3164 1657 3218 αὐτοῦ
1717 3166 1788 3227 ὡς
1836 3165 1920 3226 τὰς

2035 3169 2248 3226 cerdos
2286 3165 2638 3241 permansit,
2667 3181 3025 3238 quanquam
3049 3163 3274 3221 Juduase
3311 3167 3550 3236 sceptra
3579 3179 3704 3220 non

312 3257 516 3332 ἡμέρας
539 3264 633 3310 106
681 3255 926 3332 ούρανοῦ.
967 3256 1150 3318 Οὕτως
1193 3251 1282 3309 οὖν
1326 3258 1418 3308 καὶ
1470 3255 1633 3330 ἱερεύς
1663 3254 1777 3324 (69)
1809 3249 1920 3306 διέ-

2035 3259 2286 3332 accepit,
2345 3261 2401 3314 et
2447 3273 2553 3313 rex
2590 3256 2888 3312 universae
2917 3259 3090 3312 terrae
3121 3256 3297 3310 Deus.
3331 3256 3523 3326 Atque
3553 3268 3703 3309 con-

309 3363 502 3420 μεινεν,
537 3345 582 3398 εἰ
607 3350 698 3399 καὶ
727 3349 800 3419 μὴ
831 3347 896 3399 τὰ
929 3353 1174 3419 σκῆπτρα
1217 3353 1314 3408 τῆς
1343 3339 1609 3406 Ἰουδαίας
1646 3341 1920 3418 παρελαϐε,

2035 3347 2275 3405 ﬁrmata
2303 3350 2396 3404 est
2427 3344 2768 3402 benedictio
2810 3343 3023 3415 Jacob,
3065 3346 3139 3400 Et
3182 3343 3610 3401 benedicentur
3638 3344 3702 3400 in

309 3438 405 3488 καὶ
430 3433 678 3497 Βασιλεὺς
695 3435 872 3498 πάσης
912 3442 1006 3497 τῆς
1027 3442 1125 3507 γῆς
1150 3435 1176 3486 ό
1208 3437 1355 3501 Θεὸς,
1387 3437 1478 3486 καὶ
1517 3434 1546 3492 ἡ
1581 3431 1791 3504 εὐλογία
1834 3438 1920 3485 τοῦ

2035 3439 2255 3495 semine
2304 3437 2491 3505 ipsius
2539 3451 2740 3492 omnes
2792 3433 2982 3490 tribus
3052 3434 3324 3497 terras",
3374 3437 3433 3490 et
3485 3447 3701 3490 omnes

309 3523 506 3579 Ἰακὼϐ
552 3523 836 3583 ἐϐεϐαιώθη
898 3544 911 3559 ·
976 3528 1077 3578 Καὶ
1141 3521 1642 3596 ἱνευλογηθήσονται
1686 3529 1758 3592 τῷ
1813 3520 1920 3592 (70]

2035 3532 2246 3600 gentes
2277 3526 2577 3584 Christum
2605 3524 2856 3583 beatum
2900 3523 3341 3598 praedicabunt.

313 3618 578 3688 σπέρματι
606 3613 767 3668 016106
795 3620 964 3668 πᾶσαι
990 3614 1045 3666 αἱ
1075 3611 1232 3686 φυλαὶ
1260 3620 1352 3675 τῆς
1379 3619 1496 3685 γῆς,
1535 3614 1626 3664 καὶ
1651 3612 1824 3665 πάντα
1859 3611 1926 3664 τὰ

311 3705 434 3762 ἔθνη
465 3711 796 3778 μακαριοῦσι
823 3705 912 3756 τὸν
941 3705 1202 3778 Χριστόν.

385 3795 440 3850 4.
481 3798 602 3856 Τοῖς
662 3789 722 3845 δε
770 3791 998 3866 κομψοῖς
1065 3792 1426 3866 Ἐγκρατίταις
1477 3791 1604 3865 πρὸς
1641 3790 1700 3842 16
1741 3788 1925 3862 σεμνὸν

307 3881 480 3935 αὐτῶν
543 3880 844 3956 πρόϐλημα,
914 3879 1009 3935 διὰ
1062 3885 1116 3935 τί
1197 3884 1288 3934 καὶ
1357 3881 1509 3953 ἡμεῖς
1565 3878 1694 3951 ούχὶ
1755 3881 1927 3932 πάντα

307 3968 573 4044 ἕσθίομεν,
633 3969 792 4024 έκεῖνο
835 3968 1082 4042 λεγέσθω,
1147 3971 1229 4023 ὅτι
1292 3972 1380 4022 καὶ
1433 3970 1500 4021 τὰ
1551 3972 1924 4043 περιττώματα

314 2636 512 2709 Κύριος
548 2630 778 2698 έκάθισε,
832 2635 922 2691 την
995 2629 1334 2708 ἀκαθαίρετον
1402 2629 1696 2704 βασιλείαν.
1759 2629 1926 2693 A616;

311 2721 418 2798 γάρ
479 2720 594 2775 έστι
653 2717 956 2794 προσδοκία
1016 2719 1214 2792 έθνῶν,
1273 2719 1403 2792 ούχὶ
1476 2727 1570 2774 τοῦ
1635 2717 1924 2791 έλαχίστου

2101 3781 2160 3838 4.
2200 3777 2437 3852 Lepidis
2481 3779 2687 3834 autem
2722 3773 3038 3831 Encratitis
3089 3772 3170 3829 ad
3215 3773 3572 3846 praeclaram
3603 3790 3699 3832 eo-

2029 3885 2167 3927 rum
2197 3867 2616 3941 quaestionem,
2651 3880 2757 3920 cur
2789 3879 2902 3920 nos
2923 3863 3106 3918 etiam
3138 3878 3261 3918 non
3290 3862 3577 3918 omnibus
3603 3880 3699 3920 ve-

2030 3959 2278 4026 scimur,
2301 3958 2416 4013 hoc
2446 3956 2622 4012 detur
2643 3953 3072 4027 responsi,nos
3102 3952 3285 4008 etiam
3315 3957 3698 4013 excrementa

305 4042 932 4134 ipév‘ﬁdduaa'é‘usaa.
989 4062 1138 4114 Κατὰ
1192 4061 1283 4132 μὲν
1325 4060 1426 4133 γὰρ
1476 4061 1570 4118 τὴν
1619 4042 1798 4122 ἀξίαν,
1832 4056 1920 4110 λά-

2035 4053 2241 4106 nostra
2272 4045 2558 4105 aversari.
2605 4049 2687 4102 Ac
2717 4047 3017 4134 quantum
3047 4042 3294 4116 quidem
3326 4043 3404 4100 ad
3435 4043 3694 4114 dignita-

304 4168 455 4223 χανα
491 4153 691 4224 χόρτου
730 4151 858 4222 ἡμῖν
899 4147 1013 4202 ἔστι
1054 4151 1120 4202 τὰ
1164 4151 1325 4224 κρέα·
1378 4148 1515 4200 κατὰ
1568 4143 1628 4200 δι
1671 4149 1768 4203 τὴν
1819 4152 1920 4198 τῶν

2035 4143 2174 4205 tem,
2229 4136 2395 4194 olera
2436 4134 2640 4192 herbae
2687 4133 2868 4190 nobis
2921 4137 3060 4188 sunt
3102 4148 3315 4188 carnes
3348 4149 3360 4189 :
3393 4138 3694 4205 quantum

310 4222 678 4314 συμφερόντων
708 4234 1004 4311 διάκρισιν,
1051 4240 1120 4300 ὡς
1166 4222 1256 4290 καὶ
1303 4235 1352 4290 έν
1395 4235 1652 4309 λαχάνοις
1689 4238 1748 4288 τὸ
1784 4232 1920 4308 βλα-

2035 4243 2175 4284 vero
2205 4225 2284 4284 ad
2321 4224 2555 4282 utilium
2599 4222 3046 4288 discretionem,
3079 4222 3608 4294 quemadmodum
3636 4227 3695 4280 et

2027 4318 2089 4376 in
2121 4315 2384 4374 oleribus
2414 4313 2665 4370 noxium
2697 4327 2734 4367 a
2764 4310 2994 4367 salubri
3023 4326 3402 4383 separamus,
3431 4310 3515 4368 ita
3545 4316 3598 4366 et
3627 4311 3689 4368 in

2028 4409 2310 4466 carnibus
2341 4405 2418 4462 ab
2471 4402 2600 4460 utili
2643 4401 2891 4459 noxium
2932 4401 3324 4456 secernimus.
3353 4404 3501 4457 Nam
3531 4405 3690 4460 certe

2027 4504 2085 4556 et
2109 4498 2307 4554 cicuta
2336 4494 2470 4551 olus
2499 4497 2612 4564 est,
2655 4491 2809 4547 sicut
2851 4490 3031 4546 etiam
3072 4505 3213 4545 caro
3252 4494 3341 4544 est
3384 4490 3688 4549 vulturina

2026 4603 2168 4644 caro
2200 4601 2213 4642 :
2244 4583 2353 4640 sed
2400 4587 2605 4639 tamen
2638 4595 2750 4636 nec
2794 4579 3242 4651 hyoscyamum
3289 4593 3475 4633 sanus
3517 4579 3686 4651 quis-

2022 4692 2212 4756 quam
2231 4671 2644 4739 comedet,nec
2666 4684 2815 4726 cane
2828 4667 3242 4735 vescetur,nisi
3255 4671 3504 4736 urgente
3522 4684 3685 4725 sum-

2023 4754 2126 4822 ma
2167 4760 2526 4820 necessitate
2553 4776 2567 4816 :
2598 4757 2704 4832 qui
2735 4761 2936 4814 tamen
2966 4754 3247 4826 comedit,
3281 4770 3404 4810 non
3449 4760 3681 4829 peccat.

2093 4859 2146 4911 5.
2185 4855 2319 4910 tam
2342 4850 2511 4925 quod
2539 4849 2750 4906 attinet
2777 4846 2857 4904 ad
2885 4862 2988 4902 eos
3027 4844 3127 4917 qui
3173 4844 3384 4901 dicunt
3428 4845 3552 4903 fato
3579 4863 3683 4918 gu-

2020 4941 2265 5002 bernari
2292 4958 2387 4999 res
2413 4940 2738 5008 humanas,
2771 4951 2849 4995 ne
2896 4950 2994 4992 me
3031 4933 3383 5007 interroges,
3415 4935 3522 4992 sed
3546 4952 3682 5011 pro-

307 4327 456 4404 ϐερὸν
497 4333 590 4381 106
648 4327 973 4387 καταλλήλου
1026 4327 1347 4401 χωρίζομεν,
1403 4326 1538 4378 οὕτω
1585 4329 1675 4378 καὶ
1711 4323 1759 4376 έν
1811 4331 1922 4386 τοῖς

310 4420 496 4492 κρέασι
526 4423 618 4470 τοῦ
665 4421 944 4492 χρησίμου
993 4419 1051 4470 τὸ
1097 4414 1350 4491 βλαϐερόν
1401 4410 1750 4490 διακρίνομεν.
1781 4413 1923 4467 Ἐπεί

313 4525 397 4560 τοι
416 4505 646 4579 λάχανόν
676 4505 791 4560 ἔστι
821 4510 910 4560 καὶ
939 4508 997 4559 τὸ
1036 4510 1262 4571 κώνειον,
1295 4505 1469 4579 ὥσπερ
1508 4507 1658 4579 κρέας
1688 4501 1804 4555 ἐστὶ
1829 4506 1921 4555 καὶ

317 4596 378 4647 16
407 4597 649 4666 γύπειον·
701 4593 808 4648 ἀλλ’
847 4595 988 4668 ὅμως
1034 4597 1151 4647 0611
1197 4595 1497 4666 ὑοσκύαμον
1537 4595 1695 4665 φάγοι
1732 4592 1793 4643 ἄν
1838 4609 1920 4654 τις

311 4690 432 4738 νοῦν
468 4687 629 4758 ἔχων,
668 4687 786 4738 οὔτε
835 4685 990 4744 κυνὸς
1035 4682 1230 4754 ἅψαιτο
1277 4685 1349 4755 μὴ
1404 4679 1630 4754 μεγάλης
1686 4677 1918 4751 ἀνάγκης

307 4777 722 4846 κατεπειγούσης
745 4795 758 4808 ·
792 4776 861 4837 ὡς
891 4773 918 4827 ὃ
937 4772 990 4827 λε
1020 4777 1196 4846 φαγὼν
1218 4771 1312 4825 οὐκ
1337 4770 1618 4843 ἠνόμησεν.

381 4868 436 4920 5.
478 4867 619 4940 Πρὸς
649 4860 708 4918 δι
749 4866 874 4925 τοὺς
913 4862 1158 4935 λέγοντας
1194 4860 1311 4915 καθ’
1343 4861 1654 4934 εἱμαρμένην
1693 4853 1729 4912 δ
1735 4864 1914 4912 ιοικεῖ-

305 4953 438 5009 σθαι
505 4955 574 5008 τά
627 4951 948 5029 ἀνθρώπινα,
1009 4955 1082 5025 μὴ
1139 4950 1262 5024 παρ’
1304 4951 1449 5024 ἡμῶν
1512 4948 1658 5011 ζήτει
1703 4947 1911 5021 λόγους,

370 5157 419 5194 ⁷⁸
451 5156 628 5214 Hebr.
658 5170 719 5224 ι,
753 5159 803 5212 1.
876 5155 1086 5212 “Gen.
1117 5169 1264 5225 χιιι,
1304 5156 1390 5210 10.
1463 5153 1515 5188 ⁷⁸
1541 5150 1689 5208 ibid.
1728 5151 1912 5207 "Isa.

2047 5152 2136 5206 ιο.
2173 5147 2222 5182 ⁷⁵
2245 5147 2359 5203 Isa.
2384 5159 2521 5208 XLII,
2550 5145 2602 5199 6.
2643 5141 2758 5198 "ll
2785 5143 2926 5213 Reg.
2948 5155 3046 5196 vu.
3071 5142 3154 5198 l3.
3187 5141 3233 5177 ττ
3264 5141 3405 5198 Gen.
3428 5156 3567 5212 xm,
3591 5143 3677 5197 {8.

2021 5298 2144 5356 ullo
2173 5297 2381 5354 nititur
2407 5293 2613 5352 codice
2642 5309 2759 5350 ms.
2794 5293 2989 5364 Supra
3018 5289 3195 5348 docet
3239 5290 3490 5348 Basilius
3523 5288 3680 5345 Chri-

2025 5375 2186 5428 stum
2215 5374 2273 5425 et
2296 5383 2498 5437 regem
2522 5381 2653 5422 esse
2679 5371 2737 5422 et
2758 5362 3128 5437 pontiﬁcem.

2097 5444 2210 5512 (70)
2255 5432 2902 5512 'Evs6l10f/n6130061u3-1151.
2927 5437 3010 5512 Ita
3029 5434 3239 5512 decem
3269 5449 3415 5512 [IL-1.8.8..
3428 5432 3684 5512 excepto

2025 5491 2231 5570 tamen
2257 5491 2424 5584 and
2455 5491 2519 5566 in
2545 5491 2829 5567 nonnulis
2852 5491 3068 5578 legitur
3098 5504 3147 5558 εν
3172 5503 3441 5576 115:.Editi
3471 5491 3686 5570 εὐλογη-

2030 5582 2294 5646 θήσονταί
2309 5582 2358 5638 έν
2387 5590 2482 5656 τῷ.

376 5308 492 5381 (67)
516 5308 665 5382 _K019‘
689 5307 890 5382 ἕτερον,
933 5308 1017 5382 Ita
1036 5304 1203 5382 Begii
1229 5303 1702 5382 duo_co.d.ices_et
1731 5300 1908 5382 _Coisl.

300 5375 634 5448 secundus,
653 5375 860 5450 sicque
874 5377 1018 5450 legit
1033 5375 1504 5450 interpres.Editi
1519 5375 1638 5428 καθ’
1651 5375 1908 5450 ἑκάτερον,

381 5452 498 5521 (68)
517 5444 786 5526 Τιϐερίουῖ
809 5444 964 5505 Εάἰιῖ
982 5444 1217 5504 addunt
1246 5452 1532 5522 Καίσαρος,
1559 5445 1727 5520 quod
1749 5444 1917 5502 deest

304 5525 370 5583 in
401 5539 556 5579 mss.
583 5537 820 5578 novem.

386 5595 500 5670 (69)
535 5598 641 5670 [gat
667 5595 849 5670 ἱερεύς.
880 5594 992 5670 Pro
1027 5590 1148 5670 hac
1183 5586 1919 5670 yoceulegendumputat

313 5659 722 5728 Combeﬁsius
749 5662 1018 5738 βασιλεύς.
1037 5661 1154 5722 Sed
1180 5660 1408 5722 inutilis
1428 5659 1921 5731 emendatiomeo
