2074 3189
220 189 273 217 883

915 188 944 217 S.
965 185 1092 215 BASlLli
1108 186 1221 215 MAGNI

1853 176 1907 214 ω

215 252 290 291 priis
303 250 458 281 rhetoricae
473 252 537 281 telis
552 259 603 280 eos
619 252 746 287 conﬁge,
761 249 911 287 siquidem
925 249 1043 285 longior

1107 247 1165 275 Ξιλλὰ
1186 252 1244 280 ταῖς
1271 248 1379 281 οἰκιίαις
1405 252 1454 279 τῆς
1479 248 1622 287 ῥητορικῆς
1646 248 1734 275 autem
1750 248 1844 280 αὐτούς
1858 258 1906 275 κα-

217 299 264 325 est
277 297 344 325 haec
359 297 486 333 quaestio
501 305 554 333 pro
570 305 639 325 mea
654 296 791 333 praesenti
806 295 989 323 inﬁrmitate.
1003 295 1043 321 De

217 342 386 369 emersione
400 344 500 370 autem
515 342 546 369 in
565 341 718 377 baptismo
732 341 815 369 haud
831 340 894 368 scio
916 347 968 367 cur
992 339 1045 366 tibi

216 386 248 414 in
264 388 396 414 mentem
411 386 525 414 venerit
538 386 734 420 interrogare,
743 385 893 422 siquidem
906 383 1046 419 accepisti

215 429 445 459 immersionem
469 431 557 458 trium
581 430 699 458 dierum
722 430 853 464 ﬁguram
869 428 1045 464 adimplere.

216 476 272 504 Ter
291 475 373 503 enim
393 475 489 510 mergi
503 483 566 503 non
581 477 690 511 potest,
710 474 767 501 nisi
788 474 841 510 qui
854 473 940 501 toties
953 480 1048 500 emer-

218 521 279 554 gat.
295 519 447 552 Quantum
468 519 507 547 ad
523 527 629 547 vocem
645 520 727 555 φάγον
741 518 855 552 attinet,
869 520 992 546 acutum
1006 520 1048 545 to-

216 569 292 591 num
307 563 338 591 in
354 564 453 599 prima
469 563 587 600 syllaba
601 564 790 600 reponimus.

254 609 280 635 6.
301 608 413 635 Eadem
426 610 471 636 est
486 608 648 636 essentiam
658 607 735 636 inter
749 609 777 636 et
792 606 983 643 hypostasim
992 605 1048 634 dif-

217 651 355 684 ferentia,
380 660 415 679 ac
436 652 513 680 inter
542 660 704 680 commune
728 653 756 679 et
784 650 947 686 singulare,
974 650 1051 678 inter

218 695 333 724 animal
345 699 373 724 et
383 696 468 724 illum
479 697 646 725 hominem.
654 697 843 732 Quapropter
852 694 941 731 365.
953 703 1051 722 essen-

219 740 292 768 tiam
307 740 431 777 quidem
443 748 537 768 unam
551 740 581 768 in
597 740 750 768 divinitate
761 740 950 774 conﬁtemur,
973 739 1050 767 adeo

219 787 253 812 ut
267 785 402 813 essentia:
417 784 552 813 deﬁnitio
563 793 625 813 non
640 785 757 813 diverse
770 784 912 812 reddatur
924 793 930 812 :
946 784 1049 820 hypo-

220 829 325 857 stasim
341 835 411 857 vero
425 829 581 866 propriam
597 831 624 857 et
639 828 835 864 singularem,
846 831 878 857 ut
891 828 1051 857 inconfusa

220 873 311 902 nobis
327 876 356 902 et
379 874 460 902 clara
480 874 517 902 de
537 875 621 902 Patre
633 876 662 902 et
677 874 747 902 Filio
769 876 797 902 et
820 873 930 910 Spiritu
946 875 1050 901 sancto

1098 295 1280 330 τατίτρωσκε·
1308 294 1469 331 μακρότερον
1487 294 1538 331 γάρ
1564 293 1620 320 ἔστι
1642 295 1671 320 τὸ
1694 293 1835 331 πρόϐλημα
1860 297 1907 323 τες

1100 340 1235 375 παρούσης
1256 348 1306 375 μου
1334 338 1476 369 ἀσθενείας.
1495 340 1557 375 Περὶ
1581 336 1611 365 δὲ
1636 342 1681 369 τῆς
1696 338 1721 364 ἐν
1745 343 1782 373 τῷ
1804 334 1906 374 βαπτι-

1102 393 1183 420 σματι
1200 382 1356 413 ἁνανεύσιως
1380 383 1436 418 (Ἡ)
1464 383 1511 409 οὐκ
1535 381 1597 409 οἶδα
1618 385 1645 409 τί
1664 382 1758 412 ἐπῆλθέ
1777 392 1820 409 σοι
1839 381 1906 419 ἔρω-

1101 431 1192 460 τῆσαι,
1223 429 1291 462 ιῖπερ
1318 425 1397 458 ἐδέξω
1429 428 1477 456 τὴν
1506 425 1655 453 κατάδυσιν
1681 428 1725 453 τὸν
1748 428 1829 453 τύπον
1854 431 1906 453 τῶν

1101 476 1180 509 τριῶν
1202 473 1304 508 ἡμερῶν
1337 471 1494 508 ἐκπληροῦν,
1538 471 1718 501 Βαπτισθῆναι
1748 472 1800 509 γὰρ
1832 480 1908 508 τρισο

1104 517 1179 546 σάκις
1194 515 1322 542 ἀδύνατον
1339 518 1375 552 μὴ
1402 514 1535 542 ἀναδύντα
1554 517 1715 547 τασαντάκις
1730 517 1796 553 (72).
1811 515 1861 544 Τὸν
1877 515 1908 543 δὶ

1104 561 1185 596 φάγον
1200 560 1375 597 παροξυτονοῡ
1378 569 1423 597 μεν
1436 560 1521 596 ἡμεῖς.

1140 607 1167 633 6.
1189 605 1275 631 Οὖσία
1295 603 1324 631 δὲ
1347 607 1391 631 καὶ
1410 606 1561 635 ὑπόστασις
1584 606 1682 634 ταύτην
1707 607 1763 641 ἔχει
1779 608 1827 635 τὴν
1850 603 1909 631 διοι-

1105 651 1194 687 φορὰν,
1220 650 1251 679 ἦν
1274 651 1332 685 ῖχιι
1352 650 1381 675 τὸ
1401 650 1486 675 κοινὸν
1503 651 1568 685 πρός
1589 651 1617 675 τὸ
1641 650 1700 676 καθ’
1711 651 1837 676 ἕκαστον·
1855 649 1909 676 οἷον

1106 694 1141 725 ὣς
1162 695 1219 729 ἔχει
1241 695 1270 720 τό
1293 694 1359 724 ζῶον
1374 695 1436 730 πρὸς
1452 695 1494 719 τὸν
1513 692 1587 720 δεῖνα
1601 694 1748 731 ἄνθρωπον.
1769 696 1816 720 Διὰ
1830 697 1910 720 τοῦτο

1106 739 1198 765 οὐσίαν
1217 740 1262 775 μὲν
1288 740 1349 774 μίαν
1374 737 1416 764 ἐπὶ
1431 742 1479 768 τῆς
1495 739 1616 770 θεότητος
1631 738 1815 775 ὀμώογοῦμςν,
1840 739 1910 765 ὥστι

1105 784 1150 810 τὸν
1177 786 1223 809 τοῦ
1244 781 1308 809 εἶναι
1330 782 1405 819 λόγον
1428 785 1463 819 μὴ
1488 780 1618 820 διαφόρως
1640 782 1820 810 ἀποδιδόναι·
1845 784 1910 809 ὀπό-

1106 837 1200 854 στασιν
1225 826 1255 854 δε
1279 826 1446 860 ἰδιάζουσαν,
1470 827 1501 853 ἶν’
1521 827 1674 864 ἀσύγχυτος
1695 829 1757 865 ἡμῖν
1786 829 1844 863 (73)
1862 829 1910 854 καὶ

1104 873 1281 909 τετρανωμένη
1309 873 1324 901 ἠ
1358 874 1417 910 περὶ
1450 873 1554 909 Πατρός
1589 876 1635 899 καὶ
1662 873 1724 899 Υὶοῦ
1754 875 1799 899 καὶ
1832 873 1910 908 ἁγίου

220 918 292 946 insit
315 919 406 946 notio.
434 918 463 947 Si
487 918 568 946 enim
582 926 644 947 non
660 918 886 947 consideremus
910 917 1050 946 deﬁnitas

1107 919 1253 954 Πνεύματος
1280 918 1362 943 ἔννοια
1384 916 1532 954 ἕννπάρχῃ.
1557 920 1600 946 Μή
1626 919 1676 954 γὰρ
1696 918 1820 943 νοούντων
1836 918 1910 953 ἡμῶν

221 963 460 1000 uniuscujusque
470 963 677 999 proprietates,
691 966 765 1000 puta
774 962 996 1000 paternitatem,
1013 962 1050 990 ﬂ-

220 1006 387 1039 liationem,
398 1010 427 1035 et
439 1007 717 1043 sanctiﬁcationem,
730 1007 782 1035 sed
795 1015 831 1036 ex
842 1007 997 1035 communi
1007 1014 1051 1034 es-

222 1052 324 1080 sentia
334 1052 449 1080 ratione
468 1054 562 1080 Deum
581 1052 791 1082 conﬁteamur.
802 1052 868 1080 fieri
879 1059 939 1080 non
953 1053 1051 1087 potest

220 1098 255 1125 ut
268 1104 343 1124 sana
357 1096 428 1125 ﬁdei
438 1097 514 1125 ratio
524 1096 808 1133 reddatur.0portet
822 1096 920 1132 igitur.
928 1098 961 1124 ut
970 1104 1050 1124 com-

220 1141 307 1169 muni
314 1141 470 1177 proprium
480 1141 733 1176 adjungentes,ita
739 1140 831 1169 ﬁdem
840 1140 1049 1177 proﬁteamur:

221 1186 387 1213 Commune
399 1185 506 1221 deitas,
520 1185 678 1221 proprium
690 1185 870 1221 paternitas;
886 1186 976 1222 atque
987 1186 1051 1213 haec

221 1230 438 1265 coniungendo
465 1229 621 1258 dicamus:
638 1229 733 1259 Credo
754 1230 784 1257 in
809 1230 904 1258 Deum
924 1231 1051 1264 Patrem,

220 1275 263 1302 Ac
287 1282 392 1302 rursus
410 1274 441 1302 in
465 1274 528 1302 Filii
555 1274 744 1303 confessione
760 1274 934 1303 faciendum
951 1277 996 1303 est
1017 1275 1054 1303 si-

219 1319 347 1353 militer;
362 1319 593 1355 adjungendum
608 1321 653 1348 est
668 1320 823 1347 communi
838 1320 1003 1356 proprium,
1018 1327 1053 1348 ac

219 1363 383 1392 dicendum
400 1372 407 1392 :
430 1364 523 1392 Credo
537 1364 568 1392 in
588 1365 682 1392 Deum
698 1363 813 1392 Filium.
830 1364 941 1393 Pariter
964 1366 994 1393 et
1015 1364 1052 1392 de

220 1409 330 1445 Spiritu
346 1411 450 1437 sancto
466 1409 505 1437 ad
520 1408 733 1445 appellationis
759 1409 906 1438 rationem
931 1413 1052 1438 accom-

218 1454 377 1483 modanda
390 1454 597 1491 pronuntiatio
615 1459 650 1483 ac
670 1453 832 1482 dicendum
849 1463 856 1482 :
872 1454 966 1482 Credo
982 1457 1010 1482 et
1021 1452 1053 1483 in

219 1499 357 1527 divinum
380 1499 520 1535 Spiritum
546 1501 705 1535 sanctum;
731 1499 808 1527 adeo
828 1502 860 1528 ut
886 1499 1010 1528 omnino
1025 1507 1053 1534 et

218 1544 320 1572 unitas
331 1547 465 1572 servetur
474 1544 505 1571 in
519 1544 610 1572 unius
624 1543 743 1572 deitatis
757 1544 964 1579 confessione;
981 1547 1010 1572 et
1022 1542 1053 1572 id

1104 963 1163 992 τοὺς
1187 961 1379 998 ἅφωρισμὲνους
1406 963 1464 999 περὶ
1500 962 1610 988 ἕκαστον
1644 965 1830 998 χαρακτῆρας,
1857 962 1910 987 οἷον

1103 1009 1257 1043 πατρότητα
1280 1009 1325 1032 καὶ
1353 1007 1462 1035 υίότητα
1485 1008 1530 1032 καὶ
1563 1005 1703 1042 ἁγιασμόν,
1729 1005 1783 1032 ἀλλ’
1808 1006 1836 1032 ἐκ
1862 1010 1911 1037 τῆς

1104 1055 1192 1081 κοινῆς
1211 1050 1308 1080 ἑννοίας
1330 1054 1377 1076 τοῦ
1405 1047 1470 1077 εἶναι
1497 1050 1691 1086 ὁμολογούντων
1724 1052 1801 1084 Θεὸν,
1843 1049 1913 1087 ἀμή-

1104 1104 1187 1131 χανον
1205 1096 1283 1131 ὑγιῶς
1297 1097 1341 1121 τόν
1356 1095 1429 1131 λόγον
1449 1098 1499 1126 τῆς
1518 1097 1629 1125 πίστεως
1645 1094 1837 1124 ἀποδίδοσθαι.
1853 1096 1911 1131 Χρή

1105 1138 1167 1176 οὖν,
1191 1145 1227 1176 τῷ
1246 1144 1323 1175 κοινῷ
1341 1150 1369 1166 το
1400 1138 1504 1170 ἰδιάζον
1530 1140 1738 1175 προστιθέντας,
1769 1140 1837 1166 οὕτω
1864 1142 1914 1172 τήν

1105 1187 1194 1212 πίστιν
1219 1184 1370 1221 ὁμολογεῖν-
1400 1186 1485 1210 κοινόν
1514 1185 1529 1213 ἠ
1560 1185 1657 1219 θεότης,
1681 1183 1751 1210 ἴδιον
1775 1185 1791 1214 ἠ
1816 1187 1914 1222 πατρὼ

1106 1239 1173 1260 της·
1201 1230 1379 1260 συνάπτοντας
1404 1227 1434 1255 δὲ
1456 1228 1538 1265 λέγειν
1552 1239 1558 1245 ·
1583 1230 1702 1255 Πιστεύω
1719 1229 1756 1259 εἰς
1777 1230 1842 1256 Θεὸν
1858 1232 1914 1256 Πα-

1106 1276 1178 1311 τέρα.
1196 1276 1246 1301 Καὶ
1269 1273 1346 1300 πάλιν
1372 1274 1396 1300 ἐν
1419 1278 1450 1309 τῇ
1479 1277 1525 1300 τοῦ
1548 1275 1610 1301 rio-3
1635 1273 1762 1310 ὁμολογίᾳ
1784 1275 1814 1299 τό
1829 1283 1903 1311 παρα

1107 1318 1219 1348 πλήσιον
1247 1321 1341 1351 ποιεῖν,
1368 1322 1404 1354 τῷ
1429 1321 1508 1354 κοινῷ
1533 1319 1671 1345 συνάπτειν
1700 1319 1729 1344 τό
1755 1316 1835 1351 ἴδιον,
1866 1320 1913 1344 καὶ

1107 1363 1209 1399 λέγειν·
1240 1365 1361 1390 Πιστεύω
1388 1362 1425 1394 εἰς
1452 1364 1516 1390 Θεὸν
1543 1364 1616 1390 Υὶόν.
1647 1362 1758 1399 Ὀμοίὼς
1790 1365 1836 1389 καὶ
1868 1362 1913 1389 ἐπὶ

1107 1409 1154 1434 τοῦ
1175 1410 1323 1444 Πνεύματος
1351 1410 1401 1433 τοῦ
1425 1407 1501 1444 ἁγίου
1535 1407 1604 1433 κατὰ
1643 1408 1673 1433 τὸ
1701 1406 1842 1433 ἀκόλουθον
1867 1410 1915 1438 τῆς

1109 1453 1277 1489 ἐκφωνήσεως
1308 1454 1353 1481 τήν
1396 1453 1529 1489 προφορὰν
1565 1452 1780 1487 σχηματίζοντας
1812 1452 1913 1488 λέγειν·

1108 1498 1228 1524 Πιστεύω
1255 1497 1300 1523 καὶ
1327 1496 1364 1527 εἰς
1389 1498 1418 1522 τό
1449 1497 1514 1523 θετον
1543 1496 1600 1532 (74)
1626 1498 1731 1533 Πνεῦμα
1755 1497 1785 1523 τὸ
1818 1496 1913 1532 ἅγιον·

1108 1542 1175 1568 ὥστε
1204 1540 1241 1568 δι’
1272 1541 1331 1568 ὅλου
1363 1543 1408 1567 καὶ
1435 1543 1483 1570 τήν
1521 1541 1630 1569 ἑνότητα
1660 1542 1794 1572 σώζεσθαι
1825 1541 1849 1568 ἓν
1880 1543 1912 1577 τῇ

219 1587 303 1625 quod
314 1596 512 1625 personarum
522 1588 679 1625 proprium
691 1590 736 1617 est
745 1588 944 1617 conﬁteamur
953 1589 984 1617 in
995 1589 1051 1617 dis-

1108 1589 1153 1617 τῆς
1186 1589 1249 1623 μιᾶς
1280 1587 1399 1616 θεότητος
1431 1585 1576 1623 ὁμολογίᾳ,
1616 1588 1662 1612 καὶ
1689 1587 1718 1612 τὸ
1749 1589 1800 1612 τῶν
1832 1594 1915 1622 προσ-

219 1632 350 1661 cretione
365 1641 469 1661 earum
497 1633 727 1669 proprietatum,
747 1641 815 1670 quin
834 1632 866 1661 in
887 1640 1052 1670 uaquaque

218 1675 436 1712 intelliguntur.
455 1677 510 1710 Qui
526 1676 628 1705 autem
650 1674 731 1705 idem
754 1683 820 1705 esse
836 1678 940 1705 dicunt
954 1686 1054 1706 essen-

219 1722 293 1750 tiam
317 1724 346 1749 et
369 1721 568 1757 hypostasim,
590 1724 740 1756 coguntur
765 1728 911 1758 personas
933 1725 1052 1751 tantum

220 1765 358 1794 conﬁteri
370 1765 549 1801 differentes,
565 1767 594 1794 et
615 1766 688 1793 dum
713 1765 864 1801 refugiunt
879 1766 977 1795 dicere
992 1769 1052 1794 tres

219 1811 415 1848 hypostases,
433 1810 553 1839 Sabellii
572 1811 674 1839 labem
695 1811 890 1839 inveniuntur
904 1819 965 1840 non
976 1811 1052 1840 etfu-

221 1863 307 1891 gere;
324 1856 375 1891 qui
398 1859 427 1883 et
450 1856 513 1891 ipse
536 1864 626 1892 saepe,
641 1855 695 1884 etsi
708 1856 864 1884 confundit
887 1856 1050 1889 notionem,

221 1903 348 1928 conatur
369 1908 517 1936 personas
544 1900 739 1935 distinguere,
763 1901 836 1928 dum
862 1900 1052 1938 hypostasim

221 1945 361 1973 eamdem
381 1945 422 1973 ait
445 1953 499 1981 pro
524 1953 581 1973 usu
606 1945 734 1973 subinde
760 1948 934 1973 occurrente
955 1945 1052 1973 varias

221 1997 370 2026 personas
386 1990 525 2019 induere.

256 2037 284 2061 '7.
305 2035 371 2061 iam
391 2034 429 2062 ad
451 2034 533 2062 illam
549 2034 757 2070 quaestionem,
781 2036 937 2071 quomodo
952 2035 1053 2063 media.

223 2081 251 2107 et
265 2078 466 2106 indifferentia
477 2079 555 2106 circa
570 2087 625 2106 nos
642 2079 864 2113 gubernantur;
879 2083 980 2108 utrum
996 2081 1053 2107 for-

222 2124 297 2152 tuito
308 2123 442 2159 quodam
459 2132 541 2155 casu,
558 2132 596 2151 an
610 2123 691 2159 justa
708 2123 756 2151 Dei
772 2124 980 2161 providentia;
996 2125 1054 2152 hoc

223 2168 456 2205 respondemus,
480 2169 638 2196 sanitatem
655 2171 682 2196 et
707 2169 859 2201 morbum,
876 2169 995 2197 divitias
1026 2171 1054 2197 et

223 2215 444 2250 paupertatem,
453 2213 577 2247 gloriam
588 2216 615 2240 et
626 2213 834 2248 ignominiam,
844 2217 991 2249 quatenus
1003 2214 1053 2242 bo-
1069 2221 1092 2247 D

223 2264 279 2286 nos
292 2265 353 2284 non
369 2257 499 2285 reddunt
514 2265 716 2293 possessores,
739 2265 800 2285 non
815 2267 881 2286 esse
898 2264 932 2286 ex
948 2266 1052 2286 eorum

223 2310 361 2332 numero,
379 2310 446 2338 quae
468 2305 577 2330 natura
603 2305 672 2329 sunt
690 2302 773 2330 bona
789 2312 795 2330 :
813 2306 963 2338 quatenus
985 2311 1055 2331 vero

223 2347 454 2383 prosperitatem
477 2347 644 2383 quamdam
668 2347 699 2374 in
717 2347 778 2375 vita
798 2350 900 2375 nostra
914 2348 1055 2381 efficiunt,

224 2391 323 2426 magis
340 2392 498 2419 contrariis
524 2391 662 2426 eligenda
687 2399 752 2419 esse
773 2391 947 2428 praeposita,
965 2396 992 2420 et
1008 2392 1058 2420 ali-

225 2443 319 2471 quam
331 2436 424 2464 verbo
435 2436 613 2471 dignitatem
624 2435 744 2464 habere.
756 2439 850 2472 Atque
862 2437 924 2464 haec
936 2438 1059 2473 quidem

260 2508 316 2541 (7i)
339 2506 522 2536 Ἀνανεύσεως.
548 2506 649 2535 Codex
676 2507 853 2535 Parisiensis
883 2506 1060 2538 ἀναδεύσεωςι

227 2542 362 2570 secunda
376 2550 481 2569 manu.

263 2578 319 2613 ('72)
340 2579 514 2607 Τοσαυτάκις.
530 2578 571 2605 Ita
585 2585 659 2606 mss.
672 2578 818 2613 plerique.
833 2578 905 2606 Editi
923 2580 1041 2609 τοσακις,

280 2587 319 2610 12)
340 2587 514 2607 ἰοσαντακις.
531 2587 571 2605 ita
585 2587 659 2606 mss.
672 2587 744 2613 pleri
771 2587 818 2606 ue.
833 2587 905 2606 mnu
923 2589 1041 2609 τοσακις,

274 2615 319 2648 73)
340 2613 424 2649 Ἡμῖν.
449 2613 521 2640 Editi
537 2615 598 2648 ἡμῖν
614 2624 651 2640 τε.
673 2615 729 2641 Sed
747 2587 830 2641 (Cieest
845 2615 951 2641 vocula
967 2615 994 2642 in
1010 2616 1058 2642 tri-

226 2649 284 2677 bus
300 2649 519 2684 antiquissimis
536 2649 690 2676 codicibus
706 2652 734 2676 et
753 2650 817 2677 aliis
832 2650 994 2677 nonnullis.

264 2686 320 2719 (74)
342 2686 384 2714 Ei;
409 2686 437 2709 τὸ
467 2685 542 2710 Οεῖον.
565 2684 687 2711 Videtur
714 2685 745 2712 in
774 2686 928 2713 Harlzuano
953 2686 1057 2713 codice

227 2720 371 2754 scriptum
388 2721 487 2756 prima
503 2728 594 2746 manu
610 2720 645 2749 εὶς
660 2723 702 2756 τόν
719 2723 791 2747 Θεὸν.

265 2758 321 2791 (75)
351 2759 601 2792 Παρεμπίπτονσαν.
633 2755 718 2788 Mei,
761 2756 845 2783 Cois].
884 2757 999 2792 primus
1029 2760 1056 2785 et

228 2784 318 2827 unius,
333 2799 369 2818 ex
393 2784 490 2827 Regiis
506 2784 737 2827 παραπίπτονταν.
760 2784 914 2819 Existimat
930 2784 1055 2821 Combe;

229 2824 314 2853 ﬁsius
341 2824 469 2855 verbum
494 2824 780 2861 μετασχηματίζεσθαι
805 2828 846 2855 sic
865 2828 1054 2856 reddendum

1108 1633 1184 1657 ὧπων
1209 1628 1313 1661 ἰδιάζον
1356 1630 1541 1667 ὁμολογεῖσθαι
1574 1630 1597 1656 ἐν
1627 1633 1662 1666 τῷ
1690 1629 1830 1667 ἂφορισμῷ
1862 1633 1914 1656 τῶν

1106 1676 1167 1712 περὶ
1195 1675 1304 1701 ἕκαστον
1334 1676 1477 1710 νοουμένων
1505 1672 1667 1711 ἰδιωμάτων.
1699 1675 1732 1701 Οἱ
1762 1673 1792 1701 δὲ
1819 1675 1913 1700 ταυτὸν

1107 1719 1223 1755 λέγοντες
1250 1719 1339 1745 οὐσίαν
1367 1721 1412 1746 καὶ
1438 1719 1587 1745 ὑπόστασιν
1612 1718 1805 1754 ἀναγκάζονται
1826 1721 1912 1756 πρόσ-

1108 1773 1167 1790 ωπα
1183 1765 1260 1800 μόνον
1286 1764 1419 1800 ὁμολογεῖν
1444 1762 1570 1801 διάφορα,
1596 1766 1640 1790 καὶ
1667 1763 1691 1789 ἐν
1712 1767 1749 1798 τῷ
1775 1766 1912 1801 περιίστα-

1109 1810 1172 1836 σθαι
1198 1809 1280 1845 λέγειν
1303 1812 1372 1846 τρεῖς
1400 1809 1568 1843 ὑποστάσεις,
1596 1809 1763 1846 εὑρίσκονται
1790 1811 1826 1845 μὴ
1855 1809 1913 1844 φεύ-

1107 1864 1195 1889 γοντες
1220 1856 1248 1879 τὸ
1269 1858 1313 1879 τοὺ
1338 1853 1473 1879 Σαϐελλίου
1497 1855 1587 1888 κακὸν,
1618 1855 1642 1883 ὃς
1672 1856 1716 1879 καὶ
1743 1853 1832 1887 αὐτὸς¹
1852 1853 1912 1879 πο).-

1107 1899 1193 1935 Ἰμαχοὺ
1216 1901 1336 1934 συγχέων
1369 1901 1415 1927 τὴν
1449 1900 1553 1933 ἔννοιαν,
1588 1898 1717 1934 ἐπιχειρεῖ
1751 1896 1862 1934 διαιρεῖν
1882 1899 1914 1924 τὰ

1107 1946 1245 1980 πρόσωπα,
1268 1946 1314 1973 τὴν
1333 1943 1413 1972 αὐτὴν
1434 1944 1579 1969 ὑπόστασιν
1601 1943 1681 1978 λέγων
1701 1944 1764 1979 πρὸς
1778 1946 1822 1972 τὴν
1838 1943 1915 1969 ἑκάσ-

1108 1998 1165 2015 τοτε
1178 1991 1414 2025 παρεμπίπτουσαν
1432 1989 1486 2022 (ῖὸ)
1502 1990 1595 2024 χρείαν
1615 1988 1914 2023 μετασχηματίζεσθαι.

1144 2037 1170 2061 7.
1194 2036 1243 2059 Καὶ
1266 2035 1324 2070 περὶ
1348 2033 1381 2058 ὧν
1409 2033 1558 2068 ἠρώτησας,
1585 2036 1638 2062 πῶς
1665 2033 1699 2057 τὰ
1730 2034 1799 2068 μέσα
1818 2034 1863 2058 καὶ
1883 2032 1916 2058 τὰ

1109 2077 1243 2114 ἀδιάφορα
1268 2079 1324 2112 (76)
1348 2080 1407 2114 περὶ
1424 2078 1494 2113 ἡμᾶς
1510 2077 1691 2113 οἰκονομεῖται,
1712 2079 1762 2103 εἴτε
1782 2077 1917 2113 συντυχίᾳ

1111 2126 1161 2149 τινὶ
1188 2123 1338 2158 αὐτομάτῳ,
1369 2124 1418 2148 εἶτε
1451 2125 1481 2158 τῇ
1514 2120 1607 2157 δικαία
1636 2124 1682 2148 τοῦ
1709 2125 1775 2148 Θεοῦ
1796 2124 1915 2157 προνοίᾳ,

1111 2168 1192 2194 ἐκεῖνό
1226 2177 1316 2203 φαμεν,
1349 2168 1389 2192 ὅτι
1420 2167 1495 2202 ὑγεία
1535 2169 1579 2192 καὶ
1617 2168 1701 2198 νόσος,
1730 2166 1839 2196 πλοῦτος
1871 2166 1918 2192 καὶ

1111 2213 1199 2242 πενία,
1235 2210 1300 2243 δοξα
1331 2214 1375 2237 καὶ
1398 2210 1500 2247 ἀτιμία,
1528 2211 1593 2236 καθὸ
1624 2212 1669 2246 μὲν
1699 2211 1728 2237 οὐ
1761 2213 1832 2236 ποιεῖ
1857 2211 1918 2241 τοὺς

1112 2257 1222 2292 ἔχοντας
1236 2256 1358 2291 ἀγαθοὺς,
1378 2256 1424 2281 οὐκ
1446 2257 1500 2281 ἔστι
1521 2259 1570 2281 τῶν
1597 2256 1665 2281 κατὰ
1689 2257 1766 2291 φύσιν
1794 2254 1916 2290 ἀγαθῶν·

1112 2302 1177 2327 καοό
1198 2300 1227 2327 δὲ
1257 2302 1358 2337 εὔροιαν
1386 2311 1443 2326 τινα
1466 2303 1609 2337 παρέχεται
1634 2301 1707 2335 ἡμῶν
1728 2300 1784 2335 (77)
1799 2303 1835 2335 τῷ
1852 2299 1916 2335 βίῳ,

1113 2346 1269 2382 αἱρετώτερα
1294 2356 1349 2371 εστι
1377 2349 1425 2371 τῶν
1450 2345 1568 2370 ἐναντίων
1595 2346 1627 2370 τὰ
1654 2346 1851 2380 προηγούμενα,
1871 2345 1918 2369 καὶ.

1114 2392 1171 2425 ἔχει
1201 2391 1258 2416 τινὰ
1288 2389 1361 2420 ἀξίαν
1393 2389 1529 2425 λεγόμενα.
1562 2392 1651 2415 Ταὑτα
1678 2391 1766 2425 μέντοι
1797 2391 1853 2420 τοῖς
1871 2391 1918 2426 μὲν

1116 2435 1264 2470 οἰκονομίας
1292 2435 1349 2469 (78)
1382 2435 1460 2460 ἕνεκεν
1494 2432 1601 2459 δίδοται
1629 2435 1701 2468 παρὰ
1729 2436 1806 2467 Θεοῦ,
1827 2434 1861 2464 ὡς
1880 2438 1918 2469 τῷ

1117 2515 1182 2535 esse
1205 2508 1235 2534 in
1250 2508 1350 2534 varias
1362 2507 1477 2541 formas
1492 2506 1616 2533 mutari.
1633 2506 1689 2533 Sed
1713 2505 1743 2532 id
1763 2513 1824 2533 non
1841 2505 1920 2534 dice-

1117 2544 1169 2570 bat
1181 2542 1337 2570 Sabellins.
1352 2545 1408 2570 Hoc
1424 2545 1540 2569 tantum
1555 2541 1683 2572 (licebat.
1698 2544 1729 2568 ut
1744 2541 1919 2576 legimus-in

1117 2579 1201 2614 epist.
1212 2580 1264 2605 214
1276 2587 1281 2604 :
1299 2578 1395 2606 Unum
1402 2578 1518 2613 quidem
1527 2578 1682 2611 hypostasi
1692 2578 1782 2604 Deum
1790 2584 1860 2606 esse.
1868 2578 1921 2605 sed

1115 2615 1169 2642 sub
1184 2614 1308 2641 diversis
1327 2615 1461 2648 personis
1478 2621 1495 2640 a
1515 2614 1677 2648 Scriptura
1693 2616 1918 2646 7'8pl'(P8811(m‘1.

1151 2650 1207 2685 (76)
1230 2646 1384 2685 Ἀὃιάφορα.
1409 2649 1524 2685 Legitur
1540 2646 1706 2685 διάφορανὶη
1730 2648 1823 2675 tribus
1839 2652 1920 2676 vetu-

1114 2686 1252 2713 stissimis
1269 2684 1423 2712 codicibus
1439 2689 1466 2712 et
1481 2684 1630 2720 plerisque
1646 2684 1720 2711 aliis.

1159 2725 1202 2754 77)
1222 2721 1317 2756 ἸΙμὼν.
1341 2723 1423 2748 Deest
1442 2721 1470 2748 in
1497 2724 1611 2754 septem
1635 2728 1721 2749 ωδε..
1738 2726 1800 2746 non
1815 2721 1919 2747 tamen

1112 2756 1141 2784 in
1158 2757 1364 2784 vetustissmns
1380 2757 1485 2783 tribus.

1147 2794 1202 2828 (78)
1223 2792 1387 2828 Οἰκονομίας.
1410 2792 1471 2820 Hac
1498 2798 1574 2828 voce
1583 2789 1835 2828 Aeleemosynam,
1856 2790 1918 2828 sive

1110 2825 1284 2864 largitiones
1293 2825 1322 2856 in
1330 2835 1490 2864 pauperes,
1498 2825 1662 2862 signiﬁcari
1668 2825 1868 2862 probavimus
1876 2826 1917 2855 ad
