4148 6386
1200 353 1701 413 EPISTOLARUM
1736 352 2022 411 CLASSIS
2057 352 2132 410 ll.
2168 351 2389 426 EpIST.
2429 349 2772 408 CCXXXVII.

3570 353 3678 408 886

291 460 565 556 'ASPmizu,
620 483 711 533 καὶ
755 485 831 552 τῷ
861 479 979 535 Ἰὼϐ
1005 481 1146 552 (79),
1173 483 1266 534 καὶ
1314 486 1424 543 τοῖς
1466 480 1743 542 τοιοτούις·
1791 485 1903 541 τοῖς

2026 476 2326 536 nonnullis
2361 475 2441 534 ad
2475 474 2965 533 distribuendum
3007 473 3231 532 dantur
3269 489 3309 532 a
3338 475 3461 531 Deo
3514 473 3679 532 velut

300 567 364 624 δε
386 569 721 643 φαυλοτέρως
749 569 1043 646 πρόκλησίς
1071 568 1186 623 ἐστι
1227 576 1322 622 τοῦ
1373 568 1726 642 βελτιωθῆναι
1769 571 1903 621 κατὰ

295 662 386 713 τὸν
431 662 644 732 τρόπον·
696 662 765 722 ὡς
813 659 901 730 ὅγε
951 661 1082 732 μετὰ
1108 661 1368 716 τοσαύτην
1421 660 1566 732 παρὰ
1616 665 1751 712 Θεοῦ
1811 655 1904 710 δε-

297 748 482 812 ξίωσιν
555 746 803 821 ἐπιμένων
865 756 927 821 τῇ
997 745 1185 820 ἀδικίᾳ
1258 747 1633 823 ἁναντιῤῥήτως
1722 749 1904 799 ἑαυτὸν

297 834 556 890 ὑπόδικον
603 845 668 910 τῇ
736 842 1044 910 κατακρίσει
1090 839 1430 895 καθίστησιν.
1478 836 1538 888 Ὀ
1594 840 1770 908 μέντοι
1812 832 1903 888 δι·-

295 945 446 987 καιος
493 929 612 979 οὔτε
660 931 910 1002 παρόντος
957 924 1322 1001 ἐπιστρέφεται
1361 933 1454 978 τοῦ
1492 925 1738 991 πλούτου,
1786 927 1905 978 οὔτε

293 1018 373 1088 μὴ
429 1019 663 1090 παρόντα
732 1014 990 1076 ἐπιζητεῖ·
1068 1016 1129 1067 ού
1179 1017 1282 1090 γάρ
1339 1013 1722 1075 ἀπολαυστικός
1789 1013 1904 1066 ἐστι

287 1111 401 1156 τῶν
427 1101 743 1178 δεδομένων,
801 1103 907 1156 ἀλλ’
937 1104 1286 1177 οἰκονομικός.
1338 1100 1529 1165 Οὐδεὶς
1558 1101 1618 1156 δε
1644 1110 1746 1156 τῶν
1783 1110 1902 1155 νοῦν

287 1191 527 1266 ὖχόντων
583 1191 852 1268 ἐπιτρέχει
901 1201 964 1266 τῇ
1000 1192 1236 1266 ἀσχολίᾳ
1288 1202 1381 1254 τῆς
1432 1211 1535 1246 των
1621 1191 1901 1266 ἀλλοτρίων

285 1279 579 1354 διανομῆς,
630 1281 716 1334 ἐὰν
771 1286 842 1354 μὴ
892 1287 1024 1353 πρός
1074 1287 1169 1341 τὴν
1224 1290 1325 1334 τῶν
1377 1281 1573 1335 πολλῶν
1633 1279 1898 1353 ἀποϐλέπῃ

287 1368 480 1438 δόξαν,
534 1368 582 1423 οἳ
638 1371 966 1444 θανμάζουσι
1010 1375 1100 1424 καὶ
1153 1371 1375 1434 ζηλοῦσι
1427 1373 1543 1432 τούς
1586 1368 1636 1422 ἐν
1689 1368 1903 1440 ἐξουσίᾳ

281 1465 402 1514 τινὶ
429 1462 786 1522 καθεστῶτας.
809 1465 916 1520 Τὴν
948 1457 1007 1514 δὲ
1026 1464 1178 1513 νόσον
1224 1463 1294 1523 ὡς
1323 1459 1549 1518 ἄθλησιν
1599 1460 1648 1511 οἰ
1700 1455 1901 1511 δίκαιοι

288 1546 574 1621 δέχονται,
619 1549 877 1622 μεγάλους
920 1548 1004 1602 ἐπί
1053 1557 1114 1622 τῇ
1165 1551 1398 1622 ὑπομονῇ
1450 1543 1572 1610 τοὺς
1623 1550 1902 1620 στεφάνους

289 1637 652 1711 ἀναμένοντες.
695 1637 881 1692 ’Ἂλλον
951 1635 1012 1692 δέ
1076 1657 1194 1690 τινα
1239 1637 1454 1711 ἐφιστᾷν
1509 1645 1574 1710 τῇ
1633 1634 1901 1696 διοικήσει

280 1731 487 1782 τούτων
511 1728 607 1780 ούκ
633 1727 952 1801 ἁπεμφαίνον
977 1734 1152 1802 μόνον,
1183 1727 1314 1780 ἀλλὰ
1337 1733 1428 1780 καὶ
1454 1725 1655 1789 ἀσεϐές.

2011 567 2341 637 Abraham,
2388 565 2520 630 Job,
2569 569 2628 621 et
2658 563 2982 620 similibus.
3020 562 3325 636 Improbis
3356 578 3502 620 vero
3531 578 3678 635 pro-

2009 656 2246 713 vocatio
2268 659 2428 725 sunt,
2460 659 2525 711 ut
2550 670 2616 710 se
2645 653 2726 710 ad
2754 653 3066 710 meliorem
3097 652 3336 724 frugem
3359 651 3674 724 recipiant,

2009 747 2095 803 ita
2123 751 2188 802 ut
2205 746 2310 820 qui
2338 751 2477 819 post
2509 749 2794 802 tantama
2821 746 2941 800 Deo
2967 742 3359 815 benignitatis
3375 739 3683 812 signiﬁca-

2010 835 2236 892 tionem
2265 838 2610 908 perseverat
2637 833 2700 889 in
2726 833 3066 905 iniquitate,
3100 847 3167 888 se
3212 831 3347 904 ipse
3376 831 3506 887 sine
3556 828 3687 887 ulla

2009 925 2422 981 excusationis
2451 923 2632 980 venia
2656 921 2993 978 obnoxium
3016 919 3511 978 condemnationi
3532 933 3684 976 cons

2011 1015 2238 1070 stituat.
2261 1014 2373 1080 Qui
2402 1012 2654 1086 quidem
2679 1012 2882 1084 justus
2911 1015 3021 1080 est,
3051 1025 3253 1083 neque
3300 1009 3382 1066 ad
3407 1007 3672 1080 divitias,

2008 1119 2151 1160 cum
2203 1103 2449 1172 adsunt,
2481 1101 2762 1173 adjungit
2800 1101 3105 1158 animum:
3138 1115 3337 1173 neque
3365 1114 3494 1168 eas,
3531 1113 3674 1155 cum

2007 1191 2258 1259 absunt,
2287 1191 2580 1264 exquirit;
2612 1190 2915 1263 siquidem
2942 1205 3077 1261 lnon
3105 1188 3322 1246 fruitur
3363 1185 3676 1244 concredi-

2005 1283 2083 1338 tis
2135 1281 2246 1337 sed
2288 1296 2499 1338 earum
2556 1279 3016 1336 administrator
3075 1282 3184 1336 est.
3247 1280 3435 1335 Nemo
3465 1281 3669 1333 autem

2005 1371 2277 1444 prudens
2305 1370 2618 1442 negotium
2644 1368 2837 1426 ambit
2878 1369 2942 1424 in
2971 1367 3184 1425 alienis
3235 1365 3416 1424 rebus
3471 1365 3684 1424 distri-.

2003 1460 2285 1528 buendis,
2317 1460 2432 1516 nisi
2454 1459 2782 1533 respexerit
2806 1458 2884 1515 ad
2921 1457 3170 1514 laudem
3199 1456 3387 1528 vulgi,
3418 1456 3516 1512 cui
3565 1455 3673 1514 ho-

2004 1550 2202 1606 mines
2232 1549 2295 1605 in
2319 1549 2526 1621 aliqua
2556 1549 2908 1605 auctoritate
2955 1546 3259 1602 constituti
3282 1543 3674 1602 admirationi

2007 1644 2150 1696 sunt
2175 1655 2247 1695 ac
2278 1637 2676 1696 aemulationi.
2708 1636 2948 1692 Morbus
2972 1641 3175 1693 autem
3206 1637 3505 1707 tanquam
3549 1648 3672 1689 cer-

2003 1733 2212 1785 tamen
2232 1727 2570 1800 suscipiunt
2591 1726 2763 1798 justi,
2777 1740 3035 1782 coronas
3053 1739 3314 1794 magnas
3333 1723 3413 1780 ob
3433 1721 3674 1796 patien-

287 1818 443 1874 tiam
474 1823 912 1889 exspectantes.
947 1817 1242 1874 Caeterum
1271 1817 1550 1890 quemvis
1582 1816 1768 1873 alium
1797 1815 1892 1873 his
1921 1817 2104 1875 rebus
2135 1815 2548 1889 gubernandis
2570 1815 2877 1888 praeﬁcere
2922 1829 3046 1870 non
3083 1813 3285 1870 solum
3331 1815 3422 1869 est
3463 1812 3675 1868 absuro

287 1905 468 1974 dum,
507 1905 615 1962 sed
645 1907 828 1963 etiam
857 1907 1138 1980 impium.

757 2019 1097 2068 ΕΠΙΣΤΟΛΗ
1133 2012 1293 2069 ΣΛΖ’.

2259 2012 2438 2086 335
2477 2012 2811 2069 EPISTOLA
2849 2011 3207 2067 ccxxxwr.

293 2119 633 2178 Nonnullae
664 2122 882 2177 Basilii
906 2123 1121 2176 litterae
1144 2121 1226 2176 ad
1252 2119 1575 2175 Eusebium
1603 2135 1725 2175 non
1747 2119 2024 2189 perlatae.
2068 2121 2141 2176 In
2173 2120 2264 2177 his
2308 2125 2510 2176 autem
2546 2119 2794 2174 nuntiat
2830 2117 2904 2173 de
2932 2116 3201 2174 adventu
3231 2115 3673 2189 Demosthenis.

370 2191 446 2248 de
468 2192 696 2262 synodo
727 2193 802 2248 ab
819 2207 884 2248 eo
901 2198 1108 2248 coacta
1136 2194 1200 2247 in
1225 2192 1491 2257 Galatia,
1507 2191 1580 2246 de
1599 2188 1851 2260 expulso
1872 2192 2161 2261 Hypsino,
2177 2194 2351 2262 eique
2378 2192 2626 2260 suffecto
2646 2190 2912 2259 Ecdicio,
2941 2188 3674 2262 Gregorioabducijussoa

369 2259 641 2319 omnibus
658 2265 893 2320 clericis
921 2263 1388 2319 Cwsariensibus
1415 2264 1600 2318 curiae
1642 2259 1945 2330 addictis,
1963 2259 2157 2320 eodem
2187 2259 2366 2319 onere
2397 2259 2676 2318 Sebastiae
2699 2262 2975 2329 imposito
3014 2261 3106 2316 his
3132 2261 3238 2331 qui
3279 2275 3414 2314 cum
3446 2259 3678 2315 Basilio

369 2335 914 2391 communicabant.
949 2336 1178 2390 Rursus
1206 2336 1334 2390 alia
1363 2335 1627 2403 synodus
1655 2336 1865 2405 Nyssae
1894 2346 1969 2390 ex
1991 2336 2224 2390 Galatis
2241 2341 2294 2390 et
2324 2333 2617 2405 Ponticis,
2646 2334 2752 2402 qui
2794 2333 2992 2405 nescio
3041 2347 3214 2405 quem
3242 2331 3324 2405 ad
3379 2331 3678 2405 Ecclesias

367 2409 631 2462 mittunt.
678 2408 827 2462 Cum
857 2408 1181 2461 Eustathio
1211 2401 1563 2474 conspirant
1591 2405 1664 2460 de
1689 2401 1963 2475 episcopo
2005 2407 2450 2475 Nicopolitanis
2494 2401 2697 2460 dando
2750 2405 2813 2458 in
2864 2401 3061 2459 locum
3114 2402 3398 2458 Theodoti
3430 2401 3676 2475 mortui.

369 2479 679 2534 Resistunt
708 2478 1138 2546 Nicepolitani.
1169 2470 1397 2532 Rumor
1443 2477 1667 2547 synodi
1711 2470 1791 2534 ad
1819 2470 2118 2533 Basiliam
2150 2470 2256 2534 aut
2279 2475 2611 2548 cogendum
2638 2491 2774 2532 cum
2798 2475 2924 2530 illis
2962 2476 3409 2530 communicare
3434 2477 3541 2529 aut
3555 2470 3683 2542 pel-

373 2549 638 2606 lendum.
671 2549 956 2604 Graviter
971 2549 1318 2618 wgrotabat.

656 2636 912 2709 Εύσεϐίῳ,
947 2636 1216 2708 ἐπισκόπῳ
1243 2639 1562 2709 Σαμοσάτων

378 2732 428 2782 1·
485 2726 620 2798 Ἐγὼ
673 2731 764 2779 καὶ
817 2723 914 2778 διὰ
967 2734 1059 2778 τοῦ
1121 2725 1370 2799 βικαρίου
1403 2727 1517 2794 (80)
1564 2731 1660 2786 τῆς
1707 2727 1920 2800 Θράκης

298 2816 573 2870 ἐπίστειλα
614 2825 677 2888 τῇ
742 2815 1002 2888 θεοσεϐείᾳ
1056 2835 1172 2887 σου,
1240 2820 1330 2868 καὶ
1388 2811 1482 2867 διά
1534 2821 1666 2875 τινος
1694 2834 1920 2888 προειπο-

305 2909 462 2958 σίτου
521 2913 620 2958 τῶν
669 2909 802 2957 κατὰ
876 2904 1288 2958 Φιλιππούπολιν
1353 2906 1634 2977 θησαυρῶν
1703 2903 1759 2956 ἐκ
1814 2912 1912 2966 τῆς

301 2997 556 3069 ἡμετέρας
612 2994 692 3048 ἐπὶ
745 3001 840 3054 τὴν
898 2997 1114 3068 Θρᾲκην
1170 2991 1531 3055 διαϐαίνοντος
1582 2993 1792 3068 ἔγραψα
1820 2994 1920 3046 ἐτέ-

296 3103 400 3158 ρας
446 3083 722 3146 ἐπιστολὰς
771 3085 906 3154 (81),
984 3089 1075 3136 καὶ
1123 3084 1456 3158 παρεκάλεσα
1528 3083 1685 3134 αὐτόν
1748 3082 1918 3135 ἄνελί·

299 3171 579 3241 σθαι,ὁταν
623 3172 843 3245 ἁπαίρη.
896 3171 1030 3226 Ἀλλ’
1083 3172 1201 3224 οὔτε
1254 3173 1279 3224 ό
1333 3171 1579 3245 βικάριος
1624 3167 1911 3234 ὑπεδέξατο

296 3265 449 3336 ἡμῶν
511 3264 580 3314 τά
652 3263 962 3335 γράμματα.
1021 3258 1434 3333 Περιοδευόντων
1480 3263 1582 3334 γὰρ
1621 3262 1768 3334 ἡμῶν
1816 3265 1913 3319 τὴν

294 3355 600 3425 παροικίαν,
670 3349 883 3410 ἐπιστὰς
933 3358 996 3409 τῆ
1054 3349 1202 3403 πόλει
1259 3349 1494 3424 ἑσπέρας.
1567 3351 1758 3423 ὄρθρου
1813 3348 1916 3422 βα-

299 3442 418 3500 θέος
468 3439 624 3493 πάλιν
683 3438 964 3496 ἀπήλασεν
1012 3443 1148 3492 ὥστε
1192 3442 1314 3500 τοὺς
1375 3438 1683 3511 οἰκονόμους
1735 3438 1910 3491 λαθεῖν

296 3537 394 3591 τῆς
443 3529 723 3591 ἐκκλησίας
768 3533 864 3588 τὴν
910 3536 1002 3582 τοῦ
1061 3525 1254 3604 ἀνδρὸς
1282 3525 1572 3601 ἐπιδημίαν
1623 3528 1754 3598 (82),
1807 3532 1914 3582 καὶ

296 3618 438 3673 οὓτω
493 3626 665 3691 μεῖναι
709 3619 835 3693 παρ’
874 3620 1001 3690 ἡμῖν
1050 3620 1119 3670 τὰ
1168 3619 1478 3690 γράμματα.
1530 3624 1574 3670 Ο
1627 3613 1688 3671 δε
1741 3633 1915 3690 πραι-

295 3712 540 3776 πόσιτος,
595 3710 743 3780 τάχα
815 3705 1108 3766 ἀϐούλητον
1154 3709 1295 3768 τινός
1351 3707 1508 3760 αύτόν
1546 3708 1909 3781 περιστάσεως

296 3798 706 3868 κατασχούσης,
775 3795 1066 3871 ἐξώρμησε,
1143 3800 1273 3868 μήτε
1339 3798 1428 3856 τὰς
1480 3795 1759 3857 ἐπιστολὰς
1820 3793 1914 3848 ἀν-

297 3887 553 3958 ελόμενος,
613 3890 746 3958 μήτε
788 3886 928 3957 ἡμᾶς
956 3877 1296 3956 θεασάμενος.
1354 3883 1546 3938 "AD.on
1590 3881 1650 3938 δε
1701 3881 1912 3945 οὐδενός

299 3974 367 4036 ἦν
430 3975 720 4048 ἐπιτυχεῖν·
775 3975 888 4030 ὃθεν
945 3975 1212 4050 ἐμείναμεν
1264 3975 1600 4049 λυπούμενοι,
1654 3976 1736 4028 ὅτι
1783 3980 1915 4049 μήτε

297 4065 617 4121 ἐπιστέλλειν
686 4067 812 4138 ἡμῖν
870 4065 1058 4133 ἔξεστι,
1118 4071 1250 4138 μήτε
1305 4061 1565 4137 δέχεσθαι
1629 4066 1774 4137 παρά
1819 4072 1916 4126 τῆς

296 4164 400 4219 σῆς
440 4154 732 4217 θεοσεϐείας
754 4157 1064 4230 γράμματα.
1100 4159 1350 4226 Καίτοιγε
1380 4153 1686 4226 ἐϐουλόμην,
1732 4152 1775 4207 εἳ
1817 4173 1911 4226 μοι

298 4245 366 4304 ἦν
409 4241 651 4311 δυνατὸν,
690 4246 759 4296 τὰ
795 4242 870 4316 ἐφ’
901 4243 1129 4306 ἑκάστης
1160 4246 1355 4318 ἡμέρας
1387 4247 1757 4316 συμπίπτοντα
1791 4251 1914 4316 ημῖν

300 4330 624 4407 διαγγέλλειν
669 4352 776 4388 σοι.
825 4336 975 4385 Οὕτω
1002 4334 1104 4407 γάρ
1130 4332 1295 4385 πολλὰ
1341 4337 1432 4384 καὶ
1470 4328 1750 4408 παράδοξά
1799 4331 1917 4384 ἐστι

297 4425 370 4475 τὰ
425 4441 733 4497 πραγματα,
779 4424 914 4475 ὥστε
949 4427 1182 4496 ίστοριας
1228 4419 1542 4495 ἐφημερίδος
1575 4425 1820 4498 χρῄζειν,
1853 4424 1916 4480 ἣν

2312 2637 2590 2703 Eusebio,
2620 2637 2890 2705 episcopo
2924 2635 3386 2690 Samosatorum.

2105 2731 2153 2780 1.
2178 2731 2296 2796 Ego
2326 2732 2383 2781 et
2433 2740 2542 2796 per
2577 2724 2873 2780 vicarium
2920 2723 3186 2778 Thraciae
3216 2721 3434 2794 scripsi
3479 2720 3686 2794 pietati

2027 2817 2177 2880 tuae;
2211 2819 2268 2870 et
2295 2830 2402 2886 per
2438 2813 2830 2886 praepositum
2859 2811 3194 2884 quemdam
3250 2809 3687 2882 Philippopolis

2025 2905 2560 2966 thesaurorum,ex
2571 2907 2777 2957 nostra
2789 2900 3104 2971 regionein
3115 2899 3430 2955 Thraciam
3451 2898 3686 2954 abeun-

2027 2997 2169 3058 tem,
2195 2992 2405 3064 scripsi
2431 2991 2579 3047 alias
2600 2989 2909 3063 epistolas,
2931 3003 3196 3061 eumque
3221 2986 3448 3058 rogavi,
3463 2991 3529 3042 ut
3549 2985 3686 3042 illas

2025 3081 2414 3155 proﬁciscens
2447 3083 2730 3136 sumeret.
2773 3077 2889 3134 Sed
2919 3092 3119 3150 neque
3161 3076 3420 3132 vicarius
3463 3075 3688 3132 litteras

2025 3177 2266 3228 nostras
2284 3170 2565 3242 suscepit.
2594 3167 3067 3239 Peragrantibus
3093 3166 3256 3222 enim
3281 3165 3460 3222 nobis
3493 3180 3689 3238 parae-

2027 3259 2204 3332 ciam,
2235 3275 2375 3315 cum
2403 3257 2750 3314 advenisset
2777 3257 2840 3312 in
2865 3255 3083 3312 urbem
3124 3270 3394 3328 vespere,
3443 3269 3689 3312 summo

2025 3364 2207 3406 mane
2225 3364 2432 3404 rursus
2458 3346 2639 3415 abiit;
2676 3344 2832 3402 adeo
2853 3349 2918 3400 ut
2939 3359 3292 3401 oeconomos
3313 3342 3580 3400 ecclesiis
3605 3341 3691 3400 la-

2024 3442 2175 3495 teret
2202 3437 2315 3494 viri
2331 3436 2650 3504 adventus,
2702 3437 2910 3508 sicque
2939 3436 3258 3491 manerent
3284 3432 3452 3506 apud
3475 3447 3576 3489 me
3594 3431 3691 3489 liti

2022 3532 2186 3584 teras.
2212 3526 2584 3599 Praepositus
2595 3539 2760 3592 vero,
2774 3523 2926 3580 forte
2945 3524 3360 3596 inexspectata
3379 3521 3587 3596 aliqua
3614 3521 3684 3578 il—

2021 3617 2152 3673 lum
2183 3615 2542 3673 necessitate
2571 3618 2844 3686 urgente,
2876 3612 3183 3686 profectus
3204 3616 3320 3672 est.
3343 3627 3456 3668 nec
3480 3611 3692 3668 litteris

2025 3707 2347 3778 susceptis,
2376 3705 2699 3770 nec;nobis
2739 3703 3033 3760 salutatis.
3059 3701 3226 3758 Alius
3250 3705 3458 3758 autem
3486 3700 3692 3758 nullus

2023 3798 2271 3870 reperiri
2293 3799 2562 3868 poterat;
2587 3793 2748 3849 unde
2779 3793 2978 3849 tristes
3007 3792 3366 3864 mansimus,
3391 3791 3558 3864 quod
3576 3806 3690 3846 nec

2027 3888 2289 3944 scribere
2314 3885 2494 3942 nobis
2526 3885 2750 3950 liceret,
2783 3899 2896 3938 nec
2935 3882 3208 3955 accipere
3237 3897 3275 3938 a
3325 3885 3432 3938 tua
3468 3880 3688 3953 pietate

2024 3977 2270 4033 litteras.
2302 3976 2494 4046 Atque
2525 3971 2811 4045 equidem
2859 3969 3166 4040 volebam,
3200 3969 3248 4027 si
3290 3985 3386 4027 res
3426 3968 3557 4026 ﬁeri
3584 3983 3691 4040 po-

2023 4064 2257 4133 tuisset,
2282 4079 2419 4136 quas
2459 4060 2714 4132 singulis
2752 4059 2969 4116 diebus
2998 4059 3178 4116 nobis
3223 4058 3529 4128 accidunt,
3577 4057 3689 4114 tibi

2024 4153 2328 4209 nuntiare.
2359 4154 2502 4208 Tam
2533 4150 2726 4207 multa
2754 4150 2918 4206 enim
2956 4153 3118 4218 sunt,
3165 4154 3416 4222 tamque
3468 4151 3687 4220 prater

2023 4241 2398 4314 opinionem,
2421 4245 2488 4296 ut
2509 4239 2896 4312 ephemeride
2921 4253 3077 4312 opus
3097 4242 3258 4294 esset
3274 4255 3288 4294 :
3304 4253 3492 4312 quam
3503 4236 3686 4292 etiam

2025 4331 2216 4404 probe
2247 4331 2423 4398 scias,
2457 4328 2967 4402 composuissem,
2995 4327 3110 4383 nisi
3137 4326 3490 4384 assiduitate
3511 4339 3686 4381 even-

2024 4424 2201 4476 tuum
2223 4424 2490 4476 mentem
2521 4434 2552 4475 e
2583 4415 2898 4490 proposito
2931 4419 3253 4472 avocatam
3297 4413 3676 4473 habuissem.

301 4510 398 4562 καί
423 4510 692 4574 συνίταξα,
721 4510 776 4564 εὖ
794 4512 927 4576 ἴσθι⁹
954 4511 998 4564 εἰ
1026 4515 1166 4583 μὴτῇ
1204 4515 1452 4583 συνεχείᾳ
1481 4519 1581 4563 τῶν
1621 4516 2060 4585 προσπιπτόντων
2079 4512 2197 4570 τοὺς
2225 4509 2512 4580 λογισμοὺς
2557 4503 2702 4578 εἶχον
2743 4513 2842 4557 τῶν
2870 4509 3218 4578 προκειμένων
3250 4503 3682 4579 ἐκκρουομένους,

377 4602 430 4654 2.
488 4597 848 4672 Ἐπεδήμησεν
908 4600 1034 4672 ἡμῖν
1097 4597 1360 4672 βικάριος,
1429 4603 1487 4650 τὸ
1551 4607 1756 4673 πρῶτον
1823 4603 1914 4650 καὶ

297 4690 549 4762 μέγιστον
623 4697 724 4740 τῶν
784 4691 1046 4763 ἡμετέρων
1099 4694 1294 4739 κακῶν*
1358 4687 1636 4761 ἅνθρωπος
1711 4687 1756 4738 εί
1823 4688 1912 4758 μὶν

297 4781 392 4830 καὶ
465 4779 729 4850 αἱρετικός
788 4777 846 4829 τό
899 4780 1162 4851 φρόνημα,
1215 4777 1310 4829 ούκ
1382 4775 1672 4846 ἐπίσταμαι
1721 4771 1913 4848 (οἶμαι

293 4867 402 4941 γὰρ
478 4866 636 4920 αὐτὸν
681 4869 874 4928 παντὸς
939 4868 1151 4942 ἄπειρον
1203 4862 1331 4919 εἶναι
1376 4865 1554 4937 λόγου,
1613 4869 1704 4918 καὶ
1771 4861 1912 4938 μηδι

295 4958 445 5028 ἔχειν
489 4959 609 5009 τινὰ
649 4953 890 5014 σπουδήν
936 4953 1077 5030 μηδὲ
1127 4956 1343 5030 μελέτην
1383 4960 1502 5029 περὶ
1549 4957 1617 5008 τὰ
1666 4961 1907 5010 τοιαῦτα.

2094 4603 2148 4654 2.
2181 4597 2435 4653 Advenit
2459 4596 2636 4653 nobis
2657 4593 2918 4651 vicarius
2949 4593 3219 4666 primum
3247 4597 3307 4649 et
3339 4591 3682 4648 maximum

2021 4688 2324 4744 malorum
2348 4690 2696 4742 nostrorum
2721 4700 2736 4740 :
2767 4683 2978 4751 homo,
3009 4697 3089 4739 an
3119 4681 3417 4738 sententia
3448 4679 3681 4738 haareti-

2021 4793 2152 4846 cus,
2177 4775 2378 4832 nescio
2411 4774 2696 4848 (arbitror
2723 4771 2886 4828 enim
2922 4771 3094 4827 illum
3123 4770 3326 4827 omnis
3372 4772 3682 4843 expertem

2019 4881 2154 4924 esse
2192 4864 2500 4931 doctrinae,
2549 4878 2664 4919 nec
2714 4861 2943 4917 habere
2996 4858 3266 4916 studium
3321 4857 3516 4916 ullum
3579 4862 3683 4916 aut

2019 4971 2204 5011 usum
2231 4951 2533 5025 ejusmodi
2559 4966 2805 5018 rerum;
2837 4965 2982 5006 nam
3010 4949 3075 5004 in
3113 4947 3246 5005 aliis
3283 4948 3456 5006 illum
3500 4947 3682 5005 video

295 5045 350 5099 ἐν
407 5046 580 5109 ἄλλοις
634 5049 736 5122 γάρ
796 5047 953 5100 αὐτὸν
1006 5049 1110 5122 ὁρῶ
1165 5056 1229 5121 τῇ
1272 5047 1427 5120 ψυχῇ
1474 5051 1565 5102 καὶ
1635 5054 1698 5120 τῇ
1749 5051 1908 5119 σαρκὶ

2026 5045 2230 5103 anima
2260 5047 2316 5099 et
2345 5055 2543 5112 carne,
2575 5043 2760 5096 noctu
2791 5041 2848 5094 et
2876 5037 3140 5095 interdiu
3178 5039 3587 5112 occupatum),
3620 5041 3682 5095 at

294 5138 500 5212 νύκτωρ
582 5141 672 5190 καὶ
734 5135 859 5209 μηθ’
927 5139 1124 5211 ἡμέραν
1188 5137 1575 5209 ἑνασχούμενον
1625 5139 1682 5204 ),
1768 5135 1904 5195 πλὴν

297 5296 478 5368 epist.
512 5301 600 5352 31.
633 5300 767 5353 Haec
794 5297 1202 5369 interpretatio
1224 5294 1626 5369 conﬁrmatur
1646 5312 1719 5369 ex
1739 5311 1906 5369 com-

298 5367 604 5424 mentario
631 5371 694 5424 in
721 5367 1034 5424 Isaiam—n.
1067 5371 1156 5434 54,
1190 5384 1248 5439 p.
1281 5372 1406 5432 420,
1441 5367 1546 5422 ubi
1573 5367 1786 5423 divites
1817 5367 1904 5423 di-

297 5445 520 5494 cuntur
555 5457 702 5512 opes
724 5440 1050 5512 accepisse,
1078 5446 1146 5512 ut_
1166 5454 1468 5512 pauperes
1483 5439 1719 5510 juvent.

402 5513 493 5582 79)
523 5508 622 5564 Kal
650 5521 720 5581 τῷ
747 5508 885 5567 ἰώϐζ
917 5514 1004 5566 lta
1041 5508 1498 5582 codices‘mss.‘
1546 5515 1696 5582 sept.
1752 5508 1908 5582 Editi

297 5579 624 5652 τῷῚακώϐ.
653 5579 936 5639 Neutrum
961 5581 1178 5652 legitur
1205 5582 1268 5638 in
1313 5579 1486 5640 Coisl.
1526 5579 1740 5652 primo,
1803 5579 1912 5636 sed

299 5649 526 5711 desunt
554 5657 675 5716 tros
689 5653 786 5717 ha
812 5649 1063 5718 voculae.

2022 5137 2180 5192 certe
2204 5131 2625 5188 haereticorum
2668 5129 2939 5185 amicus:
2992 5142 3104 5184 nec
3148 5127 3348 5199 magis
3387 5143 3494 5186 eos
3543 5125 3681 5183 dili-

2090 5293 2205 5364 (80)
2252 5291 2522 5366 βικριριου,
2557 5293 2683 5366 Duo
2723 5289 2963 5366 codices
3002 5288 3274 5366 Vaticani
3302 5293 3404 5366 aut
3435 5283 3544 5366 _a‘ia‘:
3584 5293 3678 5339 τοῦ

2017 5361 2294 5439 Μακαρίόο
2329 5361 2598 5439 βίκαρίοςο,
2633 5363 2842 5439 Et_p_er
2870 5362 3218 5439 Macarium
3251 5361 3566 5439 vicarium.

2089 5425 2204 5508 (δι’)
2282 5425 2492 5508 Ἑτέραίς
2533 5425 2830 5494 ἐπιστολάς.
2911 5435 3045 5489 Haec
3091 5432 3316 5488 desunt
3353 5430 3417 5486 in
3467 5425 3677 5485 codice

2022 5507 2203 5597 οοὲἓὲέ.
2220 5507 2436 5597 prime-

2093 5566 2692 5652 (82):Eﬂlqnﬂtﬂ:]t§
2719 5591 2872 5652 mss.
2899 5571 3307 5652 deceleEAditi
3345 5566 3672 5642 ἀποδημίαν.

2165 5599 2207 5650 ι)
2239 5599 2575 5707 amurgam.
2609 5599 2692 5634 ua.
2719 5599 2872 5656 H.133.
2899 5599 3131 5631 υυυυω.
3153 5599 3229 5628 nu

2165 5649 2326 5708 Alias
2354 5650 2395 5710 C
2445 5649 2618 5722 ων.
2650 5649 2884 5722 Scripta
2911 5660 3075 5704 anno
3103 5645 3229 5702 376.
