4148 6390
293 315 407 372 889

872 443 1215 496 ΕΠΙΣΤΟΛΗ
1247 440 1419 498 ΣΛΗ’.

1221 316 1707 374 EPISTOLARUM
1732 315 2016 374 CLASSIS
2054 317 2121 373 II.
2155 316 2374 391 EBIST.
2415 316 2719 373 CCXXXIX.

3557 317 3664 378 890

2466 442 2809 498 EPISTULA
2847 442 3209 499 CGXXXVIII'

294 538 449 596 Cum
477 538 705 596 Fronto
730 539 1039 612 presbyter
1064 540 1350 597 Ecclesia:
1377 540 1823 609 Nicopolitanw
1848 542 2255 612 episcopatum
2286 540 2360 597 ab
2390 541 2640 596 Arianis
2663 540 3005 612 accepisset,
3033 555 3104 596 ac
3129 556 3319 599 unum
3344 547 3454 598 aut
3503 543 3662 601 alte-

365 626 503 685 rum
543 611 847 685 exeodem
886 613 1045 685 clero
1074 627 1271 667 secum
1302 613 1720 685 abstraxisset,
1747 611 2093 670 consolatur
2122 613 2570 681 Nicepotitanos
2592 611 2972 681 presbyteros
3001 613 3292 680 Basilius,
3317 628 3530 685 eosque
3552 629 3662 671 nec

366 680 582 755 horum
622 682 930 738 hominum
964 684 1139 752 lapsu
1169 685 1315 753 angi
1357 684 1569 741 debere
1596 686 1988 755 demonstrat,

2018 700 2121 740 nec
2149 685 2308 756 quod
2338 686 2453 753 ipsi
2481 690 2658 740 extra
2696 698 2896 758 muros
2926 687 3169 752 precari
3211 691 3530 758 cogantur,
3561 686 3664 743 sed

365 768 482 825 quo
506 754 716 824 plures
740 756 1080 810 exstiterint
1112 756 1488 826 tentationes,
1522 772 1588 813 eo
1614 758 1949 814 uberiorem
1974 772 2011 814 a
2041 754 2507 813 Deo‘merceztem
2536 754 3003 825 expectandam.

697 850 1068 915 Νικοπολίταις
1110 852 1504 929 πρεσϐυτέροις,

367 935 664 1012 Ἐδεξάμην
727 943 795 994 τά
860 943 1148 1015 γράμματα
1222 950 1317 1006 τῆς
1391 942 1658 1007 εὐλαϐείας
1729 945 1894 1018 ὑμῶν·

292 1032 385 1080 καὶ
435 1024 587 1081 οὐδὲν
641 1032 803 1102 ἔσχον
855 1035 1151 1104 καινότερον
1202 1041 1302 1085 τῶν
1383 1031 1713 1107 ἐγνωσμένων
1787 1030 1896 1093 ἤδη

290 1115 418 1190 παρ’
474 1116 641 1169 αὐτῶν
706 1112 1061 1190 διδαχθῆναι.
1117 1125 1218 1174 Καὶ
1258 1123 1360 1195 γάρ
1411 1124 1627 1194 ἔφθασεν
1674 1124 1706 1181 ἡ
1749 1127 1895 1195 φήμη

293 1206 361 1266 εἰς
416 1212 592 1259 πᾶσαν
638 1210 733 1266 τὴν
790 1206 1108 1283 περιοικίδα,
1156 1217 1248 1263 τοῦ
1308 1212 1434 1285 παρ’
1489 1214 1609 1284 ὑμῖν
1665 1231 1897 1265 καταπε-

293 1298 476 1356 σόντος
530 1299 625 1355 τὴν
675 1296 941 1368 αἰσχύνην
969 1299 1417 1372 περιαγγελλονσα
1462 1304 1599 1370 (90",
1633 1301 1683 1362 ὃς
1720 1301 1898 1354 ἐπιθυ-

288 1388 390 1456 μία
447 1381 612 1447 δόξης
666 1394 815 1448 κενῆς
872 1391 966 1445 τὴν
1024 1387 1319 1459 αἰσχίστην
1387 1390 1552 1460 ἑαυτῷ
1604 1394 1897 1461 συνήγαγεν

292 1470 530 1546 ἀτιμίαν,
578 1479 669 1527 καὶ
723 1476 905 1550 εὑρέθη
937 1484 1037 1528 τῶν
1085 1480 1175 1549 μὲν
1228 1476 1312 1530 ἐπὶ
1365 1486 1428 1551 τῇ
1487 1483 1665 1532 πίστει
1694 1481 1897 1551 μισθῶν

290 1557 387 1614 ὃιά
448 1566 544 1620 τὴν
601 1562 874 1636 φιλαυτίαν
923 1564 1174 1618 ἐκπεσών
1232 1567 1358 1619 αύτό
1417 1564 1477 1621 δὲ
1527 1571 1582 1620 τό
1637 1564 1898 1626 δύστηνον

288 1647 559 1726 δοξάριον,
590 1652 652 1704 οὗ
726 1651 1060 1726 ἐπιθυμήσας
1120 1654 1318 1729 ἐπράθη
1374 1664 1436 1729 τῇ
1517 1655 1745 1729 ἀσεϐείᾳ,
1803 1657 1897 1709 οὐκ

285 1742 427 1812 ἔχων
467 1737 563 1793 διὰ
598 1744 656 1793 1'6
713 1738 920 1795 δίκαιον
961 1752 1116 1816 μῖσος
1158 1754 1256 1797 τῶν
1300 1745 1624 1819 φοϐουμένων
1675 1750 1761 1799 τὸν
1794 1749 1898 1800 Κύ-

283 1848 419 1904 ριον.
493 1828 647 1883 Ἀλλά
720 1829 907 1894 ἐκεῖνος
964 1835 1053 1905 μὲν
1125 1839 1315 1896 παντὸς
1371 1842 1463 1887 τοῦ
1522 1835 1708 1888 ἑαυτοῦ
1773 1834 1897 1909 βίον

282 1916 663 1991 ἐναργέστατον
719 1918 960 1993 ἐξήνεγκε
1014 1918 1215 1995 δεῖγμα
1271 1922 1325 1975 ἐκ
1377 1933 1468 1985 τῆς
1508 1931 1595 1975 νῦν
1644 1929 1896 2000 προαιρέ-

285 2025 434 2069 σεως,
492 2007 573 2059 ὅτι
630 2004 884 2062 οὐδέποτε
930 2010 1021 2071 ἔζη
1086 2011 1164 2065 ἐπ’
1214 2008 1389 2064 ἐλπίδι
1417 2020 1516 2064 τῶν
1546 2011 1895 2086 ἀποκειμένων

280 2097 411 2168 ἡμῖν
468 2094 786 2167 ἐπαγγελιῶν
867 2102 1013 2172 παρὰ
1076 2108 1168 2152 τοῦ
1230 2105 1423 2176 Κυρίου
1458 2122 1471 2134 ·

282 2183 453 2256 ἑαυτῷ
506 2183 928 2259 ἐπραγματεύετο
979 2198 1078 2241 τῶν
1132 2188 1485 2264 ἀνθρωπίνων,
1533 2195 1625 2242 καὶ
1678 2192 1893 2267 ῥήματα
1922 2217 1962 2269 Β

278 2278 533 2342 πίστεως,
592 2280 682 2327 καὶ
738 2275 955 2349 πλάσμα
1022 2279 1132 2346 (9i)
1202 2278 1481 2343 εὐλαϐείας,
1540 2282 1711 2332 πάντα
1760 2284 1891 2355 πρὸς

278 2365 376 2422 τὴν
430 2370 531 2414 τῶν
585 2361 1006 2436 ἐντυγχανόντων
1059 2364 1264 2427 ἀπάτην
1313 2365 1649 2427 ἐπετηδεύετο
1681 2389 1695 2402 ·
1752 2370 1892 2442 ὑμᾶς

282 2449 343 2506 δὲ
399 2456 452 2504 τί
507 2462 789 2507 καταπονεῖ
850 2459 909 2507 τὸ
970 2456 1227 2529 συμϐάνς
1292 2462 1357 2511 Τί
1426 2461 1643 2535 χείρους
1698 2459 1891 2512 ἑαυτῶν

278 2544 528 2614 γεγόνατε
582 2544 729 2615 παρὰ
781 2552 974 2612 τοῦτο;
1038 2544 1276 2617 ’Ἐλειψεν
1330 2544 1399 2609 εἶς
1453 2546 1508 2599 ἐκ
1558 2555 1650 2600 τοῦ
1675 2547 1891 2623 πληρώ-

283 2650 451 2704 ματος
496 2633 642 2705 ὑμῶν
670 2647 685 2663 ⁸
729 2632 773 2687 εἰ
826 2631 885 2687 δὲ
948 2640 1037 2689 καὶ
1095 2637 1396 2696 συναπῆλθέ
1439 2637 1550 2709 (92)
1590 2657 1690 2690 που
1740 2637 1891 2701 ἄλλος

288 2717 383 2785 εἷς,
431 2720 461 2779 ἣ
513 2717 769 2797 δεύτερος,
828 2722 1033 2777 ἐλεεινοί
1079 2725 1191 2797 (93)
1239 2733 1330 2777 τοῦ
1391 2731 1673 2798 πτώματος
1725 2726 1888 2793 οὗτοι,

288 2809 436 2881 ὑμῶν
512 2806 569 2862 δὲ
622 2814 681 2863 τὸ
760 2820 915 2885 σῶμα
976 2813 1255 2888 ὁλόκληρόν
1312 2813 1426 2867 ἐστι
1611 2822 1704 2867 τοῦ
1758 2813 1891 2868 Θεοῦ

1535 2101 1663 2153 ἀλλά
1724 2105 1768 2154 εἴ
1840 2122 1893 2156 τι

291 2897 501 2971 χάριτι.
550 2905 649 2953 Καί
687 2903 789 2975 γὰρ
839 2907 929 2954 καὶ
979 2904 1037 2954 τὸ
1072 2901 1357 2978 ἀχρειωθὲν
1396 2902 1651 2979 ἀπερρύη,
1678 2908 1768 2956 καὶ
1798 2903 1892 2955 ούκ

289 2984 578 3047 ἑκολοϐὡθη
625 2992 684 3041 1'6
714 2993 883 3062 μένον.
917 2991 980 3043 Εἰ
1026 2988 1084 3044 δὲ
1138 2991 1257 3064 ἀνιᾴ
1309 2994 1465 3065 ὑμᾶς,
1498 2994 1578 3045 ὅτι
1628 3001 1727 3045 τῶν
1774 2997 1891 3046 τοί-

282 3094 403 3147 χων
443 3075 767 3139 ἐξεϐλήθητε
830 3078 936 3131 ἀλλ’
977 3078 1024 3132 ἐν
1060 3083 1223 3154 σκέπῃ
1265 3088 1357 3134 τοῦ
1389 3088 1523 3135 Θεοῦ
1551 3089 1644 3133 τοῦ
1673 3082 1892 3156 ούρανοῦ

283 3162 695 3237 αὐλισθησεσθε,
730 3171 820 3220 καὶ
851 3168 877 3219 ό
908 3168 1124 3240 ἄγγελος
1156 3170 1182 3221 ό
1214 3177 1327 3237 τῆς,
1359 3169 1674 3232 Ἐκκλησίας
1720 3173 1894 3245 ἔφορος

287 3255 616 3313 συναπῆλθεν
672 3257 812 3327 ύμῖν.
864 3255 1026 3310 Ὠστε
1067 3259 1229 3320 κενοῖς
1288 3258 1745 3331 ἔγκατακλίνονται
1777 3260 1890 3331 (94)

283 3340 408 3395 καθ’
435 3342 660 3404 ἑκάστην
690 3347 907 3421 ἡμέραν,
932 3345 987 3399 ἐκ
1017 3354 1112 3409 τῆς
1139 3345 1440 3422 διασπορᾶς
1467 3356 1559 3401 τοῦ
1590 3348 1715 3401 λαοῦ
1753 3347 1892 3423 βαρύ

286 3434 491 3495 ἕαυτοῖς
518 3436 577 3486 1'6
608 3442 770 3509 κρῖμα
810 3439 1312 3501 κατασκευάζοντες·
1345 3438 1406 3492 Εἰ
1437 3435 1498 3491 δέ
1516 3458 1597 3500 τις
1626 3443 1715 3490 καὶ
1735 3443 1893 3501 κόπος

287 3521 436 3576 ἐστὶν
488 3523 538 3576 ἐν
588 3532 663 3595 τῷ
716 3527 1009 3600 πράγματι,
1059 3530 1346 3600 πέπεισμαι
1382 3535 1458 3598 τῷ
1506 3531 1682 3601 Κυρίῳ
1707 3533 1778 3601 μὴ
1822 3528 1895 3589 εἰς
1925 3563 1966 3617 C

285 3615 434 3665 κενόν
459 3615 583 3686 ύμῖν
633 3612 1002 3674 ἀποϐήσεσθαι
1048 3625 1223 3672 τοῦτο.
1272 3615 1434 3670 Ὥστε
1485 3618 1593 3689 ὅσῳ
1618 3616 1678 3669 ἀν
1708 3619 1817 3690 (95)
1845 3616 1893 3670 ἐν

285 3700 498 3756 πλείοσι
526 3709 888 3779 πειρατηρίοις
920 3707 1163 3777 γένησθε,
1192 3710 1429 3779 τοσούτῳ
1470 3706 1895 3783 πολυτελέστερον

285 3810 438 3864 παρα
474 3800 566 3845 τοῦ
598 3790 811 3847 δικαίου
855 3802 1038 3870 κριτοῦ
1086 3798 1276 3868 μισθὸν
1321 3795 1610 3869 ἀναμένετε.
1639 3802 1786 3855 Μὴτε
1810 3793 1897 3849 οὖν

288 3878 607 3957 δυσφορεῑτε
656 3891 770 3946 τοῖς
808 3892 1059 3956 παροῦσι,
1095 3890 1227 3957 μήτε
1254 3884 1574 3958 ἀποκάμνετε
1603 3894 1664 3958 τῇ
1699 3883 1898 3945 ἑλπίδι,

286 3969 410 4024 "Et;
437 3973 540 4045 γὰρ
571 3974 759 4047 μικρὸν
789 3974 909 4026 ὅσον
936 3975 1057 4027 ὅσον
1092 3974 1227 4047 (96),
1256 3975 1369 4037 ἣξει
1393 3977 1521 4049 πρὸς
1552 3974 1688 4046 ύμᾶς
1712 3974 1737 4028 ό
1758 3973 1899 4028 ἀντι-

284 4057 674 4134 λαμϐανόμενος
712 4061 875 4136 ὑμῶν,
907 4067 995 4116 καὶ
1022 4062 1080 4116 ού
1106 4066 1462 4136 χρονιεί(97).

822 4151 1174 4206 ἘΠΙΣΤΟΛΗ
1229 4151 1376 4207 ΣΛΘ’

1924 857 1973 911 Α

2418 853 2859 923 Nicopolitanis
2884 852 3272 923 presbyteris.

2081 942 2301 1015 Accepi
2343 942 2568 999 litteras
2596 943 2833 1016 pietatis
2883 947 3118 1011 vestrae,
3162 958 3275 999 nec
3326 942 3665 1017 quidquam

2006 1031 2175 1104 potui
2204 1033 2527 1101 recentius,
2550 1032 2622 1087 iis
2662 1048 2798 1104 quae
2825 1032 2953 1103 jam
2977 1046 3289 1100 noveram,
3318 1049 3393 1090 ex
3419 1032 3534 1089 illis
3580 1033 3668 1090 di-

2007 1137 2159 1177 cere.
2194 1122 2371 1177 Venit
2400 1121 2560 1178 enim
2592 1122 2756 1177 fama
2781 1121 2841 1176 in
2873 1136 3119 1177 omnem
3148 1121 3459 1189 viciniam,
3484 1121 3663 1193 illius,

2006 1211 2109 1283 qui
2140 1211 2304 1283 apud
2346 1227 2458 1266 vos
2505 1210 2714 1281 lapsus
2751 1215 2859 1277 est,
2904 1210 3304 1281 ignominiam
3348 1210 3665 1268 circumfe-

2004 1314 2143 1353 rens
2176 1316 2188 1354 :
2224 1298 2328 1371 qui
2357 1298 2607 1371 quidem
2628 1298 2826 1353 inanis
2849 1297 3052 1368 gloriae
3082 1299 3425 1371 cupiditate,
3446 1300 3666 1373 turpis-

2008 1389 2229 1444 simam
2260 1387 2374 1443 sibi
2403 1389 2532 1460 ipse
2575 1389 2949 1459 comparavit
2976 1389 3411 1458 ignominiam:
3439 1394 3497 1446 et
3522 1389 3668 1447 ﬁdei

2005 1477 2253 1550 quidem
2298 1477 2563 1549 praemiis
2600 1476 2679 1532 ob
2712 1477 2805 1531 sui
2834 1476 3028 1549 ipsius
3082 1493 3354 1533 amorem
3404 1477 3662 1550 decidit;

2006 1565 2112 1621 sed
2139 1572 2341 1621 tamen
2366 1565 2649 1621 miseram
2674 1564 2839 1620 illam
2880 1565 3216 1637 gloriolam,
3256 1566 3432 1638 cujus
3464 1566 3665 1624 studio

2003 1656 2284 1710 venditus
2309 1659 2397 1710 est
2446 1654 2762 1729 impietati,
2790 1670 2914 1710 non
2941 1659 3299 1711 consecutus
3323 1658 3432 1725 est,
3456 1655 3535 1711 ob
3569 1671 3666 1713 eo-

2004 1759 2162 1813 rum,
2194 1744 2298 1817 qui
2333 1744 2655 1799 Dominum
2687 1744 2920 1814 timent,
2948 1744 3182 1815 justum
3211 1743 3441 1801 odium.
3468 1745 3540 1800 At
3566 1744 3665 1800 ille

2005 1833 2188 1889 totius
2214 1849 2337 1888 suae
2368 1833 2499 1888 vitae
2527 1831 3084 1888 manifestissimum
3108 1833 3354 1905 protulit
3374 1833 3666 1889 indicium

2005 1937 2078 1977 ex
2099 1924 2383 1995 prmsenti
2410 1923 2682 1989 consilio,
2713 1938 2774 1979 se
2802 1923 3074 1979 videlicet
3096 1938 3416 1995 nunquam
3443 1922 3668 1979 vixisse

2003 2013 2065 2070 in
2124 2029 2230 2087 spe
2281 2013 2685 2085 repositarum
2742 2013 2920 2069 nobis
2977 2013 3449 2085 promissionum
3482 2029 3520 2070 a
3557 2015 3668 2071 Do-

2003 2103 2169 2159 mino
2208 2121 2221 2172 ;
2253 2104 2359 2159 sed
2390 2102 2438 2158 si
2482 2102 2628 2175 quid
2663 2102 2780 2157 sibi
2810 2107 3213 2176 aucuparetur
3250 2103 3667 2160 humanarum

2004 2207 2228 2262 rerum,
2265 2195 2321 2247 et
2374 2190 2514 2246 ﬁdei
2545 2190 2750 2260 verba,
2783 2196 2837 2246 et
2882 2191 3119 2264 pietatis
3168 2191 3424 2258 larvam,
3458 2191 3668 2248 omnia

2003 2280 2265 2352 denique
2316 2279 2396 2336 ad
2441 2279 2657 2335 obvios
2706 2295 2983 2352 quosque
3031 2279 3424 2352 decipiendos
3462 2279 3668 2336 elabo-

2002 2385 2192 2425 rasse.
2224 2368 2338 2426 Sed
2365 2369 2510 2442 quid
2538 2373 2787 2424 eventus
2813 2368 2908 2424 ille
2936 2385 3044 2424 vos
3076 2368 3282 2424 laedit?
3312 2370 3405 2424 An
3441 2368 3667 2426 idcirco

2004 2458 2267 2514 deterius
2290 2474 2477 2530 quam
2505 2462 2684 2513 antea
2713 2473 2824 2512 vos
2855 2457 3093 2513 habetis
3113 2457 3141 2512 ?
3165 2456 3388 2513 Deiecit
3414 2473 3572 2513 unus
3593 2473 3669 2514 ex

2002 2553 2203 2603 vestro
2231 2553 2383 2603 cmtu
2409 2563 2422 2602 :
2447 2546 2615 2619 quod
2649 2546 2699 2602 si
2729 2546 2912 2603 etiam
2932 2562 3070 2602 cum
3096 2547 3231 2619 ipso
3261 2545 3465 2602 abiere
3487 2546 3660 2617 367

2002 2651 2159 2692 unus
2181 2639 2286 2690 aut
2306 2636 2471 2701 alter,
2493 2634 2827 2690 miserandi
2848 2634 2931 2690 illi
2953 2634 3032 2691 ob
3050 2634 3294 2708 lapsum
3319 2651 3333 2690 :
3359 2638 3421 2690 at
3448 2649 3669 2707 corpus

2000 2728 2264 2778 vestrum
2328 2723 2434 2778 Dei
2488 2724 2651 2779 dono
2701 2722 3003 2792 integrum
3056 2727 3167 2780 est.
3224 2725 3376 2778 Nam
3415 2722 3670 2795 etquod

2003 2812 2211 2869 inutile
2274 2816 2422 2880 erat,
2456 2811 2721 2881 deﬂuxit,
2749 2828 2860 2867 nec
2912 2827 3201 2867 mancum
3231 2816 3321 2868 est
3366 2811 3533 2883 quod
3578 2826 3668 2867 re-

2004 2902 2247 2957 mansit.
2282 2901 2451 2967 Quod
2484 2900 2533 2956 si
2576 2901 2725 2956 illud
2750 2916 2859 2957 vos
2886 2901 3074 2971 angit,
3102 2899 3271 2973 quod
3312 2905 3480 2956 extra
3529 2915 3669 2955 mu-

2004 3006 2104 3046 ros
2135 2990 2306 3062 ejecti
2338 2991 2512 3058 estis;
2547 2991 2652 3046 sed
2681 2990 2743 3046 in
2791 2990 3162 3061 proiectione
3191 2989 3295 3045 Dei
3326 2989 3460 3045 cceli
3506 3005 3669 3046 com-

2002 3080 2394 3137 morabimini
2415 3081 2487 3147 τε,
2521 3084 2578 3136 et
2610 3079 2872 3149 Angelus
2903 3078 3171 3135 Ecclesim
3209 3078 3516 3151 inspector
3543 3092 3672 3136 una

2002 3168 2318 3225 vobiscum
2339 3170 2599 3225 secessit.
2625 3170 2819 3233 Quare
2839 3168 2899 3224 in
2921 3167 3125 3224 vacuis
3147 3167 3381 3223 aedibus
3402 3166 3671 3240 quotidie

2003 3257 2317 3329 recubant,
2353 3273 2537 3328 grave
2591 3257 2705 3314 sibi
2752 3274 2825 3313 ex
2854 3256 3064 3330 populi
3110 3256 3484 3329 dispersione
3507 3255 3671 3328 judi-

2005 3348 2167 3404 cium
2199 3351 2647 3420 comparantes.
2682 3348 2854 3413 Quod
2897 3347 2946 3403 si
2987 3347 3122 3419 quis
3151 3346 3268 3403 hac
3293 3346 3355 3402 in
3383 3361 3448 3402 re
3472 3345 3666 3403 labor,

2008 3436 2263 3493 Domino
2313 3436 2577 3502 conﬁdo,
2609 3436 2881 3492 inutilem
2925 3435 3097 3491 illum
3133 3435 3307 3492 vobis
3354 3449 3480 3490 non
3515 3434 3674 3491 futu-

2007 3542 2164 3582 rum.
2199 3526 2607 3592 Quamobrem
2634 3544 2757 3600 quo
2793 3526 2995 3598 plures
3025 3524 3389 3582 tentationes
3441 3524 3670 3581 fueritis

2009 3616 2257 3688 experti,
2280 3631 2351 3670 eo
2394 3614 2850 3687 locupletiorem
2882 3613 2961 3671 ab
3002 3629 3179 3687 aequo
3204 3612 3411 3685 judice
3446 3628 3671 3669 merce-

2009 3704 2148 3760 dem
2202 3708 2564 3775 exspectate.
2620 3704 2827 3776 Itaque
2896 3718 3008 3758 nec
3073 3702 3391 3774 praesentia
3459 3701 3670 3774 iniquo

2010 3794 2216 3850 animo
2280 3793 2447 3859 ferte,
2480 3809 2678 3865 neque
2725 3793 2787 3849 in
2831 3806 2937 3863 spe
2982 3790 3236 3847 deﬁcite.
3269 3789 3479 3845 Adhuc
3508 3789 3670 3846 enim

2009 3881 2413 3955 perpusillum
2458 3880 2772 3954 temporis,
2820 3879 3021 3935 veniet
3065 3878 3145 3936 ad
3189 3894 3301 3936 vos
3351 3878 3673 3936 auxiliator

2011 3978 2225 4040 vester,
2257 3974 2315 4027 et
2343 3986 2468 4027 non
2498 3968 2761 4027 tardabit
2786 3971 2858 4026 7°.

2477 4149 2822 4205 EPISTOLA
2860 4147 3205 4205 CCXXXIX“.

286 4249 587 4318 Deplorat
610 4249 866 4305 Basilius
896 4266 1199 4308 aerumnas
1219 4251 1525 4317 Ecclesiae,
1556 4251 1895 4307 hominibus
1942 4249 2323 4321 nequissimis
2370 4248 2452 4321 ad
2498 4249 2903 4316 episcopatum
2950 4245 3419 4321 evectis,_qual_is
3460 4249 3593 4301 erat
3619 4244 3673 4300 is

408 4335 537 4376 uem
575 4322 839 4392 Anysz‘us
869 4329 925 4377 et
966 4324 1246 4379 Ecdicius
1274 4324 1337 4377 in
1375 4324 1681 4380 Ecclesias
1717 4318 2113 4380 immiserant.
2144 4319 2327 4375 [idem
2354 4318 2567 4387 Nyssm
2612 4320 2731 4374 vile
2759 4319 3151 4392 mancipium,
3176 4318 3416 4383 Doaris,
3448 4322 3516 4392 ut
3543 4331 3673 4392 mu-

396 4393 640 4464 ierculw
677 4386 890 4462 'impize
942 4400 1424 4462 assentarentur,
1459 4396 1757 4450 hominem
1808 4396 2207 4464 pestilentem,
2255 4392 2583 4461 fugitivum
2623 4406 2893 4464 _servum_
2935 4386 3403 4464 censtituerant.
3446 4386 3673 4464 Quaerit

370 4461 582 4536 deinde
611 4465 881 4519 Basilius
920 4467 1130 4536 quales
1170 4466 1389 4521 dandae
1427 4467 1730 4522 Dorot’zeo
1760 4461 2003 4531 litterze,

2041 4479 2213 4535 quem
2243 4460 2373 4518 eum
2415 4462 2806 4535 Sanctissimo
2854 4462 3096 4516 Romam
3114 4461 3366 4535 iturum
3404 4460 3672 4535 suspica-

374 4530 568 4590 batur.
600 4536 832 4592 Parum
864 4529 1069 4606 sperat
1093 4552 1169 4592 ex
1199 4538 1312 4592 hac
1345 4537 1643 4606 legatione
1668 4543 1723 4592 et
1750 4529 2162 4593 Occidentales
2193 4540 2439 4589 accusat
2469 4532 2630 4603 quod
2658 4533 2971 4589 veritatem
3002 4532 3218 4587 audire
3236 4531 3454 4586 nolint.
3496 4529 3672 4586 Vene-

370 4609 469 4660 rat
496 4607 558 4662 in
588 4611 843 4663 mentem
871 4608 1103 4664 Basilio
1121 4608 1408 4676 privatim
1440 4608 1521 4663 ad
1549 4623 1754 4665 eorum
1786 4608 2173 4679 coryphaeum
2198 4606 2474 4661 scribere.

639 4695 896 4769 Εύσεϐίῳ,
923 4694 1189 4769 ἐπισκόπῳ
1218 4698 1555 4769 Σαμοσάτων.

372 4788 431 4842 1.
490 4782 722 4839 Ἔδωκεν
752 4787 778 4839 ό
807 4790 1000 4860 Κύριος
1046 4789 1172 4860 ἡμῖν
1238 4790 1323 4838 καὶ
1350 4794 1438 4838 νῦν
1470 4783 1563 4839 διὰ
1604 4792 1697 4838 τοῦ
1726 4787 1896 4839 ποθει-

288 4877 516 4928 νοτάτου
558 4882 649 4929 καὶ
706 4875 1087 4930 εύλαϐεστάτου
1143 4872 1367 4948 ἀδελφοῦ
1423 4876 1569 4947 ἡμῶν
1622 4877 1899 4948 Ἀντιόχου

895 5020 947 5056 ἠ
987 5018 1210 5076 Habac.
1242 5036 1300 5089 ιι,
1329 5022 1358 5075 3
1385 5037 1397 5087 ;
1429 5017 1607 5077 Hebr.
1636 5034 1689 5090 x,
1720 5022 1808 5075 37.

366 5144 483 5219 (90)
512 5143 989 5219 Περιαγγέλλουσα.
1015 5143 1188 5202 Coisl.
1222 5144 1453 5216 primus
1482 5147 1541 5200 et
1572 5142 1720 5200 Med.
1750 5139 1906 5215 διαγ-

289 5217 577 5290 γέλλουσα.

370 5291 491 5356 (9i)
530 5288 781 5361 Πλοξσμα.
827 5286 1000 5344 Coisl.
1024 5286 1257 5361 primas
1286 5286 1598 5361 πλάσματα.

374 5355 487 5431 (92)
515 5361 579 5415 Εἰ
608 5355 796 5413 ὃῖκαὶ
841 5355 1155 5431 augustos.
1191 5360 1338 5431 Duae
1396 5355 1623 5431 priores
1672 5355 1906 5431 voculae

295 5428 520 5488 desunt
571 5433 633 5486 in
670 5430 1088 5486 vetustissimis
1132 5428 1440 5485 codicibus
1467 5429 1614 5484 Med.
1645 5434 1701 5484 et
1727 5428 1902 5485 Coisl.

377 5507 492 5575 (94)
522 5502 777 5558 Ἐλεεινοί.
811 5504 896 5559 lta
932 5518 1082 5564 mss.
1110 5516 1352 5557 summo
1379 5515 1698 5557 consensu.
1757 5499 1907 5556 Editi

301 5574 543 5637 ἕληινοῦ.

378 5647 494 5726 (94)
535 5644 1045 5719 Ἐγκατακλίνρνται,
1077 5643 1252 5715 Coisl.
1300 5645 1576 5717 uterque,
1615 5644 1756 5714 Reg.
1813 5656 1905 5700 se-

367 5020 420 5055 ’³⁸
460 5019 616 5076 Psal.
647 5035 734 5092 xc,
773 5024 820 5076 1.

1926 4697 1971 4751 D

2305 4693 2583 4762 Eusebio,
2615 4693 2884 4763 episcopo
2912 4692 3387 4748 Samosatorum.

2082 4790 2131 4841 1.
2166 4784 2335 4842 Dedit
2372 4783 2550 4840 nobis
2580 4783 2875 4839 Dominus
2900 4781 3080 4839 etiam
3111 4795 3274 4836 nunc
3304 4795 3412 4853 per
3439 4776 3674 4836 deside-

2006 4874 2382 4931 ratissimum
2421 4889 2493 4930 ac
2542 4870 3064 4942 religiosissimum
3101 4870 3347 4927 fratrem
3397 4873 3672 4928 nostrum

2013 5140 2249 5198 cundus
2281 5144 2337 5196 et
2362 5139 2543 5196 Paris.
2573 5138 3048 5211 ἐγκατακρίνονται.

2084 5215 2198 5279 (95)
2228 5211 2375 5284 Ὃσῳ
2423 5214 2505 5284 ἄν.
2548 5206 2641 5284 Sic
2696 5206 2843 5284 Med.
2886 5214 2944 5266 et
2981 5209 3155 5266 Coisl.
3206 5213 3475 5282 uterque.
3527 5206 3674 5264 Editi

2014 5285 2155 5338 ὅσον.
2191 5282 2365 5338 Deest
2392 5284 2452 5336 ἄν
2482 5282 2543 5338 in
2572 5282 2849 5338 pluribus
2884 5298 3029 5337 mss.

2087 5355 2200 5426 (96)
2221 5350 2823 5429 anov._Addi_climus
2859 5369 2933 5408 ex
2992 5351 3165 5429 Coisl.
3197 5355 3498 5429 _utroque,
3527 5350 3671 5429 ﬂag.

2014 5418 2282 5482 secundo
2303 5431 2358 5480 et
2381 5425 2564 5494 Bigot.
2592 5424 2791 5480 Semel
2811 5428 3041 5480 tantum
3064 5418 3457 5494 legebatur—in
3475 5418 3674 5476 editis.

2086 5498 2466 5570 (97ξλΧρονιεῖ.
2498 5497 2625 5553 Med
2654 5501 2711 5570 et
2741 5495 2917 5552 Coisl.
2952 5496 3181 5570 primus
3200 5495 3465 5566 χρονίσει.

2086 5567 2301 5640 ‘Alias‘
2331 5569 2512 5625 CXCI.
2550 5567 2787 5640 Scripta
2816 5581 2980 5622 anno
3014 5569 3139 5622 376.

2085 5639 2131 5663 "
2157 5639 2318 5699 Alias
2345 5642 2407 5700 Χ.
2438 5639 2670 5714 Scripta
2695 5653 2861 5698 anno
2888 5641 3014 5696 376.
