4148 6376
493 315 596 378 891

1874 323 1935 382 S.
1973 322 2229 382 BASILH
2265 325 2489 382 MAGNI

3759 325 3870 390 892

489 443 854 502 Antiochum
882 446 1454 520 compresbyterum
1483 447 1749 505 salutare
1773 448 2141 508 sanctitatem

2265 456 2356 502 τοῦ
2388 449 2854 525 συμπρισϐυτίρου
2891 451 3363 525 προσγθίγξασθαί
3429 474 3526 510 σου
3577 457 3674 514 τήν
3713 457 3871 510 ὁσιό-

490 537 681 603 tuam,
709 539 887 608 teque
917 539 983 592 ut
1011 551 1122 608 pro
1153 553 1319 593 more
1366 541 1470 593 tuo
1501 553 1607 610 pro
1633 553 1729 594 me
1755 538 2015 611 preceris
2045 538 2153 594 ad-

488 622 741 694 hortari,
771 628 828 680 et
853 639 926 680 ex
953 624 1283 682 litterarum
1319 625 1620 700 colloquio
1673 625 1923 700 aliquod
1957 627 2154 698 longas

490 712 780 769 absentiae
801 713 1083 770 solatium
1110 715 1419 788 consequi.
1442 717 1566 772 Hoc
1597 720 1798 773 autem
1832 732 2017 772 orans
2039 716 2155 790 pri-

489 817 661 857 mum
695 806 750 858 et
785 802 1143 869 maximum,
1171 820 1378 877 quaeso
1417 809 1552 877 pete
1582 821 1620 861 a
1650 807 1923 870 Domino,
1952 812 2018 862 ut
2040 823 2154 863 nos

490 906 529 948 a
556 889 806 946 nefariis
832 895 889 947 et
918 893 1126 964 pravis
1155 893 1507 949 hominibus
1530 893 1856 951 liberemur
1880 912 1892 950 :
1917 897 2020 968 qui
2053 911 2157 968 po-

486 978 668 1053 pulos
705 979 786 1036 ita
814 979 876 1036 in
921 997 1095 1037 suam
1125 986 1486 1054 potestatem
1516 983 1898 1054 redegerunt,
1927 989 1992 1041 ut
2008 985 2156 1042 nihil

487 1068 656 1125 aliud
706 1085 890 1138 nunc,
921 1070 1038 1126 nisi
1088 1071 1353 1128 Judaicas
1411 1073 1773 1145 captivitatis
1825 1073 2154 1144 imaginem

484 1156 704 1213 intueri
749 1157 1087 1215 videamur.
1118 1161 1348 1226 Quanto
1369 1161 1532 1217 enim
1572 1161 1845 1218 Ecclesiae
1869 1162 2021 1220 ﬁunt
2049 1163 2152 1219 de-

484 1243 752 1315 biliores,
775 1251 941 1303 tanto
968 1247 1232 1320 amplius
1265 1247 1654 1304 efﬂorescunt
1681 1249 2000 1306 hominum
2042 1250 2154 1306 im-

485 1334 740 1408 perandi
779 1335 1174 1408 cupiditates:
1209 1341 1266 1393 et
1310 1337 1389 1393 ad
1422 1339 1675 1393 miseros
1692 1339 1990 1408 homines,
2021 1356 2152 1396 ver-

483 1437 706 1480 narum
735 1440 971 1495 vernas,
1002 1425 1244 1481 devenit
1287 1443 1448 1482 nunc
1475 1426 1860 1499 episcopatus
1888 1444 2109 1484 nomen
2136 1445 2149 1496 ;

487 1528 628 1569 cum
659 1513 860 1570 nullus
891 1530 964 1570 ex
994 1515 1095 1570 Dei
1127 1515 1367 1571 famulis
1397 1532 1607 1572 eorum
1638 1518 1994 1590 competitor
2023 1517 2152 1575 ﬁeri

484 1601 650 1670 velit,
677 1601 784 1657 sed
813 1606 1046 1659 tantum
1071 1604 1352 1660 homines
1373 1603 1908 1678 desperati,qualis
1940 1612 2028 1662 est
2047 1607 2152 1679 qui

484 1705 650 1747 nunc
670 1689 749 1746 ab
773 1691 1000 1763 Anysio
1023 1692 1252 1764 Evippii
1277 1692 1547 1764 alumno,
1575 1698 1630 1749 et
1650 1693 1729 1750 ab
1760 1694 1994 1751 Ecdicio
2018 1698 2151 1752 Par-

2263 557 2421 598 τητα·
2478 543 2570 591 καὶ
2628 542 2687 592 σε
2731 543 2822 614 μὲν
2877 541 3242 616 παρακαλέσαι
3288 546 3358 596 τὰ
3403 546 3606 604 συνήθη
3674 552 3871 616 ποιεῖν,

2263 630 2661 702 προσεύχεσθαι
2717 631 2844 704 ὑπὲρ
2895 632 3061 703 ἡμῶν·
3123 631 3329 695 ἑαυτοῖς
3381 629 3441 687 δὲ
3519 635 3684 708 εὑρεῖν
3748 654 3873 688 τινα

2263 725 2360 780 τῆς
2414 738 2622 794 μακρας
2670 719 2784 792 (98)
2839 719 3160 792 ἀπολείψεως
3195 725 3536 797 παραμυθίαν
3567 723 3622 778 ἐκ
3649 732 3741 786 τῆς
3772 721 3872 778 διὰ

2801 809 3028 882 ὁμιλίας.
3100 817 3532 887 Προσευχόμενος
3590 811 3650 867 δι
3709 821 3871 867 τοῦτο

2262 905 2466 970 πρῶτον
2522 902 2613 950 καὶ
2655 902 2903 970 μέγιστον
2945 901 3342 976 παρακαλοῦμεν
3391 903 3552 956 αἰτεῖν
3583 906 3694 975 (99)
3721 906 3872 979 παρὰ

2261 993 2354 1039 τοῦ
2409 991 2626 1062 Κυρίου,
2671 987 2934 1063 ῥυσθῆναι
2982 992 3122 1063 ἡμᾶς
3179 989 3281 1046 ἀπὸ
3337 1001 3438 1045 τῶν
3505 991 3710 1047 ἀτόπων
3775 997 3872 1047 καὶ

2261 1083 2499 1149 πονηρῶν
2557 1074 2859 1152 ἀνθρώπων,
2917 1079 2968 1131 οἵ
3020 1087 3269 1134 τοσοῦτον
3316 1083 3715 1157 κατεκράτησαν
3762 1090 3869 1134 τῶν

2261 1163 2419 1232 λαῶν,
2474 1165 2609 1218 ὥστε
2656 1161 2807 1218 οὐδὲν
2868 1166 3037 1242 ἕτερον
3090 1176 3178 1220 νῦν
3221 1169 3252 1229 ἦ
3307 1173 3373 1223 τὰ
3426 1178 3520 1232 τῆς
3568 1167 3872 1232 Ἰουδαῑκῆς

2262 1250 2502 1315 ἁλώσεως
2549 1257 2628 1322 (1)
2685 1255 2827 1326 ἡμᾶς
2907 1255 3310 1318 ἐνεικονίζεσθαι
3363 1261 3672 1332 πράγματα.
3714 1258 3870 1331 Ὀσῳ

2261 1344 2363 1414 γὰρ
2423 1340 2506 1395 ἐπὶ
2554 1347 2612 1394 τὸ
2662 1341 3025 1419 ἀσθενέστερον
3065 1346 3407 1423 ὑπορρέουσιν
3437 1351 3493 1401 αἱ
3533 1347 3867 1420 Ἐκκλησίαι,

2261 1437 2510 1482 τοσοῦτον
2543 1433 2614 1502 (2)
2661 1429 3056 1505 ἕπακμάζουσιν
3106 1437 3162 1488 αἱ
3210 1444 3311 1488 τῶν
3375 1434 3655 1510 ἀνθρώπων
3677 1437 3869 1510 φιλαρο

2260 1523 2406 1592 χίαι.
2478 1525 2578 1584 Καὶ
2647 1521 2719 1584 εἰς
2805 1519 3101 1586 δυστήνους
3192 1523 3492 1600 ἀνθρώπους
3564 1525 3871 1600 οἰκότριϐας

2259 1614 2506 1683 περιέστη
2554 1618 2642 1663 νῦν
2688 1616 2747 1664 τὸ
2803 1622 2901 1676 τῆς
2971 1612 3260 1678 ἐπισκοπῆς
3319 1619 3498 1689 ὄνομα,
3539 1613 3748 1678 οὐδενός
3778 1619 3869 1669 αἰ-

2257 1704 2510 1772 ρόυμένου
2577 1699 2900 1773 ἀντεισάγειν
2946 1701 3128 1756 ἑαυτὸν
3174 1712 3275 1758 τῶν
3312 1701 3512 1758 δούλων
3553 1713 3650 1758 τοῦ
3703 1713 3866 1776 Θεοῦ,

2263 815 2356 860 τοῦ
2410 811 2720 880 ⁶γράμματος

486 1795 752 1836 nasseno
782 1780 1003 1836 missus
1050 1787 1177 1838 est:
1232 1797 1415 1854 quem
1456 1785 1560 1855 qui
1609 1784 1932 1847 constituit,
1963 1785 2141 1858 pessi-

2258 1789 2288 1848 ἣ
2341 1797 2439 1841 τῶν
2493 1787 2916 1861 ἀπεγνωσμένων,
2977 1793 3149 1845 ὁποῖοί
3183 1793 3314 1847 εἰσιν
3362 1797 3412 1848 οἱ
3463 1801 3553 1847 νῦν
3633 1793 3864 1868 ἐπιπεμ-

485 1885 660 1926 mum
687 1868 916 1942 sibiipsi
937 1869 1150 1927 futurae
1175 1872 1310 1928 vitae
1337 1872 1616 1928 viaticum
1640 1874 1701 1928 in
1723 1873 2014 1932 Ecclesias
2033 1875 2146 1930 im-

483 1958 666 2014 misit.
699 1959 766 2014 Hi
785 1974 949 2014 nunc
979 1959 1226 2015 fratrem
1259 1977 1460 2017 meum
1485 1965 1675 2034 Nyssa
1697 1963 2072 2036 expulerunt,
2093 1967 2152 2021 et

483 2047 618 2119 ejus
645 2047 777 2104 loco
793 2047 1256 2106 introduxerunt
1281 2051 1460 2122 368
1486 2051 1819 2122 hominem,
1839 2053 1934 2108 vel
1951 2054 2148 2125 potius

482 2137 856 2210 mancipium
881 2138 1089 2210 paucis
1109 2138 1303 2195 obolis
1327 2140 1549 2211 venale,
1575 2141 1682 2196 sed
1711 2141 1880 2213 quod
1903 2142 1981 2198 ad
2003 2143 2146 2199 ﬁdei

483 2226 889 2298 corruptelam
919 2227 1149 2293 attinet,
1173 2228 1265 2283 his
1294 2229 1399 2300 qui
1432 2231 1816 2299 constituere,
1846 2247 1970 2287 non
1999 2231 2146 2287 infe-

480 2313 634 2370 rius.
659 2314 813 2380 Quin
836 2320 892 2370 et
916 2315 1225 2371 hominem
1252 2317 1652 2387 pestilentem,
1677 2319 2040 2392 pupillorum
2065 2320 2147 2377 fa-

482 2401 740 2470 mulum,
771 2404 1179 2476 eumdemque
1206 2421 1243 2461 a
1265 2405 1389 2460 suis
1408 2407 1598 2478 ipsius
1619 2407 1777 2463 heris
1807 2407 2144 2478 fugitivum,

482 2496 550 2547 ut
575 2497 954 2548 assententur
992 2492 1361 2550 mulierculae
1400 2495 1625 2567 impiae,
1658 2513 1793 2568 quae
1823 2499 1989 2569 prius
2017 2500 2146 2572 qui-

483 2579 624 2638 dem
658 2581 911 2652 Georgio
940 2581 1020 2638 ad
1073 2599 1250 2638 suum
1309 2584 1625 2641 arbitrium
1655 2601 1768 2641 usa
1797 2592 1944 2656 erat,
1984 2604 2147 2645 nunc

480 2686 625 2728 vero
647 2671 809 2727 hunc
829 2671 986 2728 illius
1010 2689 1422 2730 successorem
1451 2681 1633 2731 nacta
1655 2682 1764 2748 est,
1791 2677 1848 2732 in
1889 2678 2146 2750 oppidu-

478 2759 608 2816 lum
633 2763 826 2817 Doara
853 2761 1167 2828 miserunt,
1196 2763 1609 2820 miserandum
1632 2765 2017 2839 episcopatus
2040 2784 2142 2824 no-

479 2874 623 2914 men
651 2858 1020 2916 coutumelia
1047 2859 1401 2917 afﬁcientes.
1442 2862 1586 2928 Quis
1619 2869 1821 2920 autem
1855 2865 2144 2936 possit,ut

479 2971 593 3028 par
620 2961 733 3027 est,
751 2972 846 3013 res
867 2957 1338 3029 Nicopolitarum
1365 2959 1608 3033 lugere?
1639 2962 1931 3018 Nimirum
1960 2963 2146 3019 miser

478 3053 575 3111 ille
602 3057 817 3114 Fronto
842 3056 1007 3128 prius
1031 3057 1283 3129 quidem
1306 3059 1722 3115 defensionem
1754 3060 2142 3117 simulaverat

475 3151 911 3229 veritatis,psed
939 3154 1186 3210 tandem
1219 3156 1469 3229 turpiter
1499 3157 1762 3229 prodidit
1785 3161 1841 3213 et
1868 3156 2053 3214 ﬁdem
2084 3165 2141 3214 et
2169 3155 2208 3209 C

477 3250 770 3323 seipsum,
802 3266 873 3307 ac
902 3251 1246 3309 mercedem
1277 3253 1631 3325 proditionis
1661 3256 1891 3326 accepit
1915 3271 2139 3312 nomen

475 3344 844 3416 ignominiaa.
877 3347 1118 3420 Accepit
1148 3350 1309 3404 enim
1342 3350 1420 3405 ab
1466 3350 1582 3405 illis
1636 3351 2023 3424 episcopatus
2054 3353 2140 3409 di-

477 3443 791 3514 gnitatem,
821 3448 888 3502 ut
934 3445 1251 3514 existimat,
1289 3447 1396 3503 sed
1450 3447 1550 3504 Dei
1597 3449 1791 3518 gratia
1835 3450 2025 3506 factus
2052 3454 2142 3507 est

477 3541 822 3597 communis
858 3543 1186 3600 exsecratio
1228 3543 1410 3600 totius
1435 3547 1752 3601 Armeniae.
1787 3546 1900 3604 Sed
1938 3553 2138 3604 tamen

474 3652 587 3696 nec
598 3638 934 3712 quidquam
954 3639 1218 3714 estquod
1233 3658 1355 3698 non
1377 3643 1664 3711 audeant,
1682 3659 1791 3699 nec
1809 3643 2138 3700 destituun-

475 3736 571 3792 tur
591 3734 790 3808 dignis
821 3752 886 3794 se
917 3736 1014 3810 adj
1028 3738 1317 3795 utoribus.
1349 3742 1644 3797 Caeterum
1668 3740 1931 3814 reliquas
1952 3741 2138 3815 Syriae

547 3913 656 3999 (98)
686 3921 789 3976 Τῆς
835 3921 1055 3990 μακρᾶς.
1116 3915 1290 3973 Coisl.
1347 3917 1580 3990 primus
1625 3923 1682 3975 et
1717 3921 1865 3976 Med.
1908 3927 2003 3980 τῆς
2032 3940 2136 3994 μα-

685 4055 880 4134 nti-etv.
909 4061 996 4114 ita
1016 4058 1172 4114 Harl.
1207 4065 1263 4116 et
1284 4060 1456 4117 Coisl.
1489 4059 1740 4134 primus.
1785 4062 1937 4118 Editi
1980 4065 2134 4118 αἴτει.

472 4125 910 4278 [Ιῗῗὸἓίόρτῗαζξιῇ
923 4199 1236 4278 stellam-59;.
1268 4205 1418 4278 Non_
1443 4202 1848 4278 captivitatem
1880 4203 2135 4278 Babylo-

471 4267 675 4349 nicam
707 4270 978 4349 intelligit
1007 4271 1282 4349 Basilius,
1317 4271 1424 4349 sed
1449 4267 1969 4349 eas_calamitates,
2001 4267 2135 4349 quae

473 4339 926 4417 Hierosolymis,
971 4342 1285 4398 obsidente
1335 4345 1739 4417 Vespasiano,
1753 4339 2131 4417 acciderint;

471 4426 613 4485 cum
646 4409 917 4485 simulet
939 4419 1190 4485 externo
1217 4409 1630 4485 premerentur
1652 4409 1828 4483 bello,
1855 4424 1909 4472 et
1928 4409 2135 4474 domel

2259 1879 2462 1949 φθέντες
2526 1878 2654 1952 παρ’
2725 1877 2971 1932 Ἀνυσίου
3063 1889 3155 1934 τοῦ
3233 1884 3528 1957 θρέμματος
3575 1883 3862 1954 Εύιππίου,

2256 1970 2348 2019 καὶ
2405 1963 2668 2020 Ἐκδικίου
2728 1968 2803 2037 (3)
2862 1976 2954 2021 τοῦ
3011 1976 3416 2046 Παρνασσηνοῦ⁶
3470 1971 3522 2024 ὃν
3575 1976 3738 2025 κακόν
3780 1973 3864 2044 (4)

2258 2055 2421 2126 ἐαυτῷ
2472 2065 2566 2120 τῆς
2619 2056 2906 2129 μελλούσης
2978 2059 3120 2122 ζωῆς
3185 2057 3392 2132 ἐφόδιον
3468 2060 3688 2134 ἐναφῆκε
3742 2068 3864 2125 ταῖς

2256 2144 2592 2206 Ἐκκλησίαις
2640 2147 2665 2196 ό
2713 2153 3072 2208 καταστήσας.
3131 2149 3292 2202 Οὗτοι
3327 2157 3416 2202 νῦν
3472 2149 3732 2212 ἐξήλασαν

2256 2243 2352 2294 τῆς
2376 2236 2594 2296 Νύσσης
2627 2233 2702 2306 (5)
2739 2239 2827 2287 τὸν
2858 2232 3078 2308 ἀδελφὸν
3125 2241 3212 2290 τὸν
3252 2237 3391 2311 ἐμὸν,
3423 2243 3515 2291 καὶ
3546 2237 3867 2311 ἀντ-εισήγα-

2254 2342 2346 2394 γον
2422 2320 2612 2395 ἄνδρα,
2665 2323 2854 2396 μᾶλλον
2909 2322 2968 2378 δὲ
3035 2322 3368 2402 ἀνδράποδον
3435 2328 3618 2400 ὀλίγων
3666 2327 3864 2380 ὀϐολῶν

2255 2411 2420 2477 ἄξιον,
2487 2416 2579 2470 τὴν
2634 2408 2693 2465 δὲ
2753 2421 2850 2475 τῆς
2916 2420 3135 2476 πίστεως
3207 2412 3498 2490 διαφθορὰν
3582 2416 3864 2489 ἐφάμιλλον

2255 2508 2360 2562 τοῖς
2418 2506 2836 2559 διιαταστιὺσασι.Δ
2868 2505 3078 2578 Δοάροις
3131 2501 3190 2558 δὲ
3225 2514 3287 2577 τῇ
3339 2511 3488 2578 κώμη
3524 2508 3714 2579 φθορόν
3762 2507 3864 2559 ἆν-

2258 2591 2480 2663 θρωπον,
2537 2588 2766 2664 ὀρφανῶν
2817 2596 2896 2659 (6)
2953 2593 3178 2660 οἰκέτην,
3231 2591 3536 2670 ἀποδράντα
3581 2598 3673 2669 μὲν
3737 2599 3866 2659 τοὺς

2255 2678 2443 2731 ἑαυτοῦ
2489 2674 2770 2748 δεσπότας,
2814 2675 2908 2732 διὰ
2963 2677 3022 2734 δὲ
3051 2681 3324 2744 κολακείας
3370 2681 3523 2736 ἀθέου
3553 2686 3796 2755 γυναίου,
3824 2686 3857 2744 ἣ

2253 2773 2502 2842 πρότερον
2555 2771 2644 2840 μὲν
2703 2775 2936 2845 Γεωργίῳ
2985 2769 3244 2846 ἐκέχρητο
3295 2775 3426 2848 πρὸς
3470 2775 3529 2826 τὸ
3582 2769 3722 2826 ἴδιον
3774 2776 3862 2826 θέ-

2252 2856 2415 2930 λημα,
2467 2865 2555 2908 νῦν
2619 2855 2678 2910 δὲ
2728 2866 2908 2911 τοῦτον
2965 2862 3093 2931 ἔσχε
3141 2856 3404 2932 διάδοχον
3443 2860 3658 2929 ἐκείνου,
3705 2864 3862 2935 ἔπεμο

2253 2944 2379 3017 ψαν,
2429 2948 2488 2997 τὸ
2547 2945 2754 2999 ἐλεεινὸν
2798 2955 2889 3008 τῆς
2947 2946 3235 3012 ἐπισκοπῆς
3285 2949 3692 3025 καθυϐρίζοντες
3739 2955 3861 3004 ὄνο-

2253 3055 2348 3107 μα.
2379 3037 2456 3087 Τά
2487 3030 2546 3087 δὲ
2604 3035 2960 3088 Νικοπολιτῶν
2983 3042 3061 3099 τίς
3110 3037 3170 3089 ἀν
3224 3043 3355 3112 πρὸς
3385 3038 3533 3102 ἀξίαν
3561 3037 3816 3113 ὀδύραιτο
3841 3059 3858 3110 ;

2252 3130 2343 3175 τοῦ
2406 3121 2584 3176 ἀθλίου
2626 3130 2914 3199 Φρόντωνος
2968 3131 3218 3200 πρότερον
3264 3130 3353 3202 μὲν
3409 3124 3566 3187 δῆθεν
3608 3133 3704 3188 τὴν
3725 3131 3857 3206 ὑπὲρ

2250 3221 2341 3274 τῆς
2384 3211 2625 3274 ἀληθείας
2672 3220 2989 3289 συνηγορίαν
3050 3221 3516 3291 σχηματιζόμενον
3561 3221 3658 3289 (7),
3689 3219 3860 3272 τελευ-

2250 3308 2395 3353 ταῖον
2455 3298 2514 3355 δε
2562 3302 2805 3376 αἰσχρῶς
2882 3299 3167 3377 προδόντος
3230 3311 3320 3358 καὶ
3384 3310 3477 3365 τὴν
3541 3310 3717 3360 πίστιν
3765 3312 3858 3362 καὶ

2250 3389 2451 3468 ἑαυτὸν,
2478 3396 2569 3443 καὶ
2597 3393 2788 3466 μισθὸν
2819 3400 2914 3454 τῆς
2943 3389 3238 3468 προδοσίας
3265 3393 3508 3456 λαϐόντος
3539 3399 3700 3468 ὄνομα
3737 3396 3856 3450 ἀτιο

2248 3462 2392 3552 μίας.
2425 3462 2666 3544 Ἐδέξατο
2700 3483 2791 3554 μὲν
2820 3482 2923 3555 γὰρ
2980 3462 3103 3558 παρ’
3132 3483 3297 3536 αὐτῶν
3356 3462 3644 3547 ἐπισκοπῆς
3696 3484 3856 3550 ἀξίω-

2248 3589 2343 3641 μα,
2394 3571 2464 3630 ὡς
2515 3572 2678 3622 οἴεται
2756 3575 2934 3642 γέγονε
2993 3568 3051 3624 δὲ
3105 3579 3169 3646 τῇ
3221 3579 3310 3626 τοῦ
3352 3581 3487 3627 Θεοῦ
3517 3576 3704 3650 χάριτι
3739 3594 3855 3628 κοι-

2247 3661 2331 3709 νόν
2363 3654 2645 3731 βδελυγμα
2699 3660 2878 3720 πάσης
2929 3669 3021 3722 τῆς
3073 3659 3365 3736 ’Δρμενιας.
3427 3661 3568 3722 Πλὴν
3624 3664 3704 3717 ὅτι
3734 3666 3855 3718 οὔτε

2249 3746 2429 3811 αὐτοῖς
2487 3749 2563 3820 (8)
2621 3747 2910 3822 ἀτόλμητόν
2967 3769 3041 3819 τι,
3088 3753 3206 3804 οὔτε
3235 3749 3496 3826 ἀποροῦσι
3550 3761 3650 3806 τῶν
3694 3750 3855 3817 ἀξίων

2245 3924 2440 4002 potuit
2471 3923 2689 3981 Ecdicii
2716 3925 2978 4002 simulet
3003 3926 3234 4002 Evippii
3263 3927 3444 4002 longe
3469 3928 3854 4002 antiquioris,

2247 3997 2313 4068 ut
2331 4001 2491 4065 patet
2519 4012 2590 4051 ex
2619 4005 2790 4068 epist.
2821 4001 2941 4060 t28,
2964 3997 3249 4054 alumnus
3276 3997 3414 4068 dici,
3430 4000 3489 4055 id
3510 3997 3725 4068 esu—ab
3749 4004 3857 4058 Ec-

2245 4066 2402 4139 dicio
2435 4074 2491 4123 et
2526 4066 2772 4139 Evippio
2797 4069 3109 4125 ordinatus
3130 4075 3187 4126 et
3212 4066 3536 4127 institutus.
3571 4066 3686 4128 Sed
3707 4089 3855 4131 cum

2247 4138 2584 4216 Ecdicius‘a
2614 4138 3010 4196 Demosthene
3049 4141 3407 4216 constitutus
3449 4143 3662 4216 fuisset
3696 4145 3855 4216 epis-

2245 4225 2434 4280 copus
2501 4211 2933 4280 Parnassenus,
2991 4213 3305 4282 conjunxit
3358 4229 3421 4269 se
3471 4215 3533 4269 in
3592 4211 3854 4272 concilio

2244 4281 2515 4354 Nysseno
2537 4296 2677 4354 cum
2703 4282 2926 4351 Anysio
2953 4281 3183 4354 Evippii
3211 4284 3479 4350 alumno,
3505 4289 3562 4340 et
3589 4301 3728 4342 cum
3747 4287 3852 4343 illo

2244 4349 2316 4406 ea
2345 4349 2613 4426 facinora
2642 4349 2999 4426 designavit,
3027 4349 3165 4426 quas
3197 4355 3394 4411 Basilii
3445 4349 3502 4412 et
3541 4356 3853 4416 bonorum

2244 4422 2518 4477 omnium
2545 4421 2831 4494 lacrymis
2862 4441 2934 4480 ac
2962 4421 3287 4495 gemitibus
3315 4427 3631 4484 materiam
3656 4427 3852 4488 dede-

474 4481 640 4559 sticis
673 4483 1068 4559 seditionibus
1100 4481 1582 4559 absumerentur,
1624 4493 1687 4559 ut
1723 4481 1889 4544 aiunt
1935 4491 2131 4546 Orien-
2169 4503 2212 4559 ι)
2242 4499 2400 4548 runt.

469 4552 618 4609 tales
643 4554 910 4626 episcopi
934 4554 994 4611 in
1017 4556 1192 4626 epist.
1225 4561 1313 4622 92,
1345 4557 1446 4612 ubi
1467 4552 1604 4613 cum
1638 4558 1754 4613 hoc
1783 4560 2132 4617 ludaeorum

471 4629 637 4702 statu,
687 4633 1046 4702 comparant
1099 4628 1349 4702 Orientis
1393 4630 1702 4702 Ecclesias,
1732 4646 1871 4702 quae
1920 4639 2134 4702 praeter

472 4700 753 4767 apertum
776 4696 1195 4754 haereticorum
1214 4698 1462 4767 bellum,
1487 4696 1832 4756 domesticis
1855 4696 2007 4757 inter
2031 4705 2134 4759 Ca-

469 4765 724 4822 tholicos
753 4767 1235 4824 dissensionibus
1264 4765 1646 4826 laborabant.
1709 4772 1931 4827 Eadem
1963 4789 2130 4828 com-

515 4837 787 4893 aratione
862 4841 1044 4896 utitur
1103 4840 1356 4896 Basilius
1413 4842 1474 4898 in
1548 4844 1986 4900 commentario
2068 4847 2130 4901 in

503 4909 715 4980 satam,
744 4925 808 4980 p.
837 4913 962 4965 455.

527 4979 918 5054 (2)-Τοσοῡτον.
951 4981 1124 5038 Med..
1157 4980 1329 5054 Coisl.
1359 4982 1583 5054 primus
1613 4987 1669 5039 et
1717 4983 1815 5039 alii
1867 4984 1991 5040 duo
2038 5002 2130 5041 re-

469 5049 768 5125 centiores
792 5054 1043 5125 τοσούτῳ.
1073 5052 1252 5108 Paulo
1292 5049 1429 5125 post
1475 5054 1660 5111 iidem
1713 5054 1836 5111 duo
1894 5056 2131 5113 codices

468 5118 618 5194 Med.
643 5125 703 5175 et
731 5121 907 5194 Cois]:
935 5118 1172 5194 περίεστι
1201 5118 1309 5194 νῦνξ

540 5189 619 5261 (3)
661 5189 1076 5246 ΚαὶἘκδικίὸυ.
1114 5193 1303 5250 Mallet
1347 5195 1743 5252 Combeﬁsius
1791 5197 1870 5253 Et
1903 5198 2133 5255 Ecdicii

467 5261 872 5334 Parnasseni.
914 5263 1045 5334 ,Sed
1099 5273 1436 5334 repugnant
1478 5283 1602 5322 non
1631 5268 1825 5324 solum
1856 5285 2006 5324 mss.
2036 5287 2129 5326 co-

467 5330 748 5413 dicestin
783 5333 1024 5413 quibus
1064 5330 1352 5413 punctum
1405 5337 1646 5413 ponitur
1685 5345 1820 5412 post
1849 5341 2127 5406 Εύιππίου,

467 5407 536 5484 ut
557 5403 872 5484 indicetur
902 5403 1196 5484 anysiuni
1222 5403 1506 5484 non_esse
1536 5403 1854 5484 alumnum
1906 5403 2130 5484 Evippii

468 5478 528 5547 et
556 5474 796 5545 Ecdicii,
829 5476 936 5547 sed
965 5474 1098 5547 ipsa
1125 5476 1305 5531 etiam
1348 5477 1618 5533 historia.
1665 5483 1810 5537 Nam
1861 5474 2133 5538 Ecdicius

466 5541 572 5627 ille
593 5541 1008 5627 nupeiﬂfuerai
1031 5548 1642 5627 creatus'episcOpus,
1671 5557 1736 5607 ut
1759 5556 1847 5607 est
1873 5554 1936 5627 i_n
1979 5569 2132 5627 pras-

467 5611 703 5672 cedenti
725 5616 807 5676 ad
832 5615 1168 5675 Eusebium
1195 5611 1474 5689 epistola.
1502 5611 1698 5688 Quare
1715 5611 1996 5696 Anysius'
2006 5639 2133 5684 non

2317 4566 2392 4633 (4)
2412 4561 2506 4616 Ὀν
2533 4568 2717 4643 κακόνί
2765 4565 3052 4643 Quamvis
3084 4572 3264 4624 antea
3315 4569 3569 4626 Basilius
3591 4570 3851 4643 plurali

2240 4650 2495 4691 numero
2523 4651 2672 4690 usus
2691 4635 2889 4699 fuerit,
2913 4653 3102 4692 unum
3127 4645 3330 4694 tamen
3349 4645 3406 4696 et
3427 4635 3708 4697 eumdém
3736 4643 3847 4698 ho-

2241 4707 2468 4785 minem
2504 4706 2820 4785 designat,
2855 4713 2918 4785 ut
2968 4710 3331 4782 perspicitur
3359 4727 3433 4768 ex
3477 4713 3848 4785 praecedenti

2241 4777 2332 4850 ad,
2350 4778 2670 4832 Eusebium
2702 4777 2975 4850 epistola.

2313 4847 2392 4919 (5)
2429 4851 2672 4911 Νύσσης.
2708 4847 2965 4915 Quidam
2991 4850 3232 4908 codices
3276 4870 3425 4910 mss.
3477 4869 3620 4910 cum
3668 4855 3848 4913 editis

2240 4921 2446 4980 Νύσης.

2312 4992 2389 5072 (6)
2409 4990 2702 5064 Ὀρφανῶν.
2743 4993 2870 5048 Duo
2903 4991 3142 5050 codices
3174 5009 3300 5050 non
3328 4997 3718 5054 vetustissimi
3750 4999 3847 5073 ὀρ-

2242 5079 2416 5131 φανόν,

2315 5133 2901 5205 (7)-Σχηματιζομένου.
2927 5138 3066 5204 Reg.
3097 5137 3401 5194 secundus
3441 5143 3497 5194 et
3547 5139 3725 5196 Coisl.
3757 5158 3849 5198 se-

2241 5202 2476 5282 quniius
2503 5202 3129 5282 κατασχηματιζομένου.
3165 5211 3282 5264 Hoc
3325 5210 3518 5266 Basilii
3542 5211 3848 5282 judicium

2241 5273 2317 5354 de
2343 5274 2640 5354 Frontone
2669 5273 3060 5354 conﬁrmatur
3079 5296 3151 5354 ex
3181 5273 3847 5354 prmcedenti'epistola.

2244 5345 2356 5399 Cur
2385 5351 2588 5401 autem
2613 5363 2748 5422 eum
2781 5350 3078 5422 existimet
3105 5345 3337 5407 larvam
3363 5345 3620 5422 pietatis.
3640 5355 3849 5410 hacte-

2243 5430 2357 5494 nus
2385 5431 2592 5494 presse
2623 5417 2846 5494 tulisse,
2881 5436 2991 5476 nec
3016 5421 3200 5494 ﬁdem
3227 5417 3500 5494 unquam
3523 5441 3661 5479 vere
3686 5432 3746 5481 et
3774 5442 3846 5482 ex

2243 5487 2448 5542 animo
2480 5487 3350 5557 defendisse,examinamusiti
3380 5496 3512 5551 Vita
3530 5496 3850 5553 S.Basilii.

2283 5557 2568 5647 λελοῦτε,
2586 5559 2784 5624 αὐτοῖς.
2804 5565 2911 5621 Ita.
2938 5562 3100 5621 Harl.
3128 5580 3269 5622 cum
3299 5565 3490 5622 tribus
3515 5567 3669 5624 aliis.
3693 5569 3849 5626 Editi

2243 5645 2362 5694 ουτε
2391 5645 2614 5693 εαυτοῐς.
