4148 6394
273 367 380 424 893

1253 365 1743 425 EPISTOLARUM
1779 364 2062 425 CLASSlS
2099 366 2168 423 Il.
2209 365 2425 424 EPIST.
2465 364 2662 423 CCXL.

3538 363 3646 420 894

272 491 457 554 αὐτοῖς
513 498 794 568 συνεργῶν.
840 495 920 548 Τὰ
966 489 1027 547 δὲ
1080 492 1238 546 λοιπὰ
1277 499 1368 554 τῆς
1427 495 1617 566 Συρίας
1673 491 1880 566 ἄμεινον

1994 507 2084 548 res
2119 492 2458 549 accuratius
2489 507 2677 566 quam
2707 506 2821 548 nos
2855 492 2914 548 et
2935 488 3100 548 novit
3117 490 3177 547 et
3195 487 3504 548 enarrabit
3531 487 3646 546 fra-

273 581 424 654 ἠμῶν
478 585 569 634 καὶ
625 579 738 636 οἶδε
775 587 866 635 καὶ
927 580 1246 655 διηγήσεται
1284 583 1310 634 ὁ
1350 579 1571 655 ἀδελφὸς
1594 581 1675 655 (9)
1705 581 1882 636 Ἀντε-

273 687 428 741 οχος.

345 762 401 816 2.
440 765 564 822 Τοῖς
595 757 655 813 δί
702 759 756 813 ἐκ
808 771 903 823 τῆς
942 757 1148 822 δύσεως
1203 761 1362 823 αὐτὸς
1397 765 1759 836 προενέτυχες,
1793 758 1880 814 δι-

273 853 616 921 ηγησαμένου
663 853 834 902 πάντα
877 858 970 902 τοῦ
1019 847 1244 924 ἀδελφοῦ
1311 853 1572 927 Δωροθέου
1603 867 1616 880 ·
1651 851 1690 920 ᾧ
1719 869 1879 903 ποτα-

270 956 374 998 πας
438 941 549 1011 χρὴ
620 934 807 991 δοῦναὶ
874 939 1028 991 πάλιν
1091 939 1368 1001 ἐπιστολὰς
1435 937 1681 1006 ἀπιόντα
1724 937 1880 1002 Ἴσως

269 1027 376 1100 γὰρ
404 1031 710 1085 κοινωνήσει
756 1035 853 1090 τῆς
902 1025 1031 1080 ὁδοῦ
1054 1035 1125 1099 τῷ
1155 1028 1295 1099 καλῷ
1335 1034 1710 1101 Σαγκτισσίμῳ
1735 1030 1874 1099 (10),

268 1113 462 1174 πολλὴν
517 1117 696 1186 ἔχοντι
770 1113 1042 1184 σπουδὴν,
1088 1122 1178 1169 καὶ
1227 1123 1482 1192 περιιόντι
1527 1121 1622 1175 τὴν
1692 1115 1878 1170 ἀνατο-

269 1203 362 1263 λὴν
395 1245 410 1272 ,
479 1209 572 1256 καὶ
627 1205 752 1278 παρ’
811 1205 1034 1258 ἑκάστου
1089 1215 1191 1258 τῶν
1247 1205 1518 1279 ἐπισήμων
1572 1209 1879 1282 ὑπογραφὰς

271 1296 365 1346 καὶ
427 1291 707 1355 ὶπιστολὰς
760 1295 1108 1367 κομιζομένῳ.
1147 1299 1275 1347 Τίνα
1313 1291 1402 1347 οὖν
1455 1291 1538 1348 δεῖ
1589 1294 1877 1348 ἐπιστεῖλαι

273 1378 352 1434 δι’
387 1382 575 1449 αὐτῶν,
619 1385 650 1442 ἧ
691 1383 802 1445 τοῖς
865 1383 1230 1436 ἐπιστέλλουσι
1273 1393 1385 1446 πῶς
1439 1387 1744 1445 συνθέσθαι,
1778 1384 1877 1436 αὐ-

271 1473 360 1532 τὸς
415 1474 506 1544 μὶν
545 1469 760 1544 ἀπορῶο
807 1469 894 1524 ἐὰν
951 1469 1012 1525 δι
1061 1472 1218 1545 εὕρῃς
1261 1471 1311 1524 ἕν
1357 1475 1517 1545 τάχει
1568 1476 1693 1534 τοὺς
1747 1476 1879 1546 πρὸς

272 1562 419 1634 ἡμᾶς
505 1559 946 1634 ιῖιφικνουμενους⁹
1005 1563 1335 1625 καταξίωσον
1404 1565 1531 1634 ἡμῖν
1598 1568 1874 1636 γνωρίσαι.

271 1651 428 1723 Ἐμοὶ
457 1653 546 1722 μὲν
609 1652 712 1723 γὰρ
761 1653 820 1703 τὸ
878 1657 971 1703 τοῦ
1014 1649 1308 1723 Διομήδους
1367 1650 1647 1727 ἇπέρχεται
1693 1652 1876 1722 λέγειν’

271 1744 362 1797 Μὴ
433 1739 603 1812 ὄφελες
664 1739 948 1792 λίσσεσθαι
1001 1739 1153 1812 (Η)-
1211 1737 1374 1811 διότι,
1434 1746 1614 1813 φησὶν,
1668 1740 1876 1816 ἀγήνωρ

1986 587 2074 639 ter
2096 581 2447 640 Antiochus.

2055 766 2111 819 2.
2153 764 2233 819 De
2258 761 2441 818 rebus
2470 766 2672 818 autem
2699 757 3179 818 Occidentalibus
3209 758 3376 831 prius
3402 753 3534 830 ipse
3556 753 3644 812 dl-

1985 851 2498 922 dicisti,narrante
2529 851 2736 908 omnia
2755 851 2935 907 fratre
2965 851 3285 916 Dorotheo,
3311 848 3409 904 cui
3433 846 3646 921 quales

1983 941 2203 999 dandas
2254 958 2462 998 rursus
2511 942 2717 998 litteras
2773 940 3060 997 abeunti?
3089 942 3364 997 Fortasse
3393 937 3554 993 enim
3580 952 3646 994 se

1982 1032 2206 1088 itineris
2238 1031 2472 1088 socium
2487 1031 2701 1102 junget
2725 1032 2954 1102 optimo
2976 1027 3496 1100 Sanctissimo,qui
3515 1041 3644 1082 ma-

1984 1136 2106 1192 gno
2135 1121 2305 1177 ardet
2346 1120 2547 1175 studio
2577 1136 2648 1175 ac
2675 1121 2972 1177 Orientem
3023 1124 3327 1192 peragrat,
3358 1123 3417 1174 et
3445 1116 3526 1172 ab
3552 1115 3646 1171 in-

1985 1209 2350 1280 signioribus
2382 1209 2724 1281 quibusque
2769 1209 3246 1282 subscriptiones
3275 1213 3332 1263 et
3360 1204 3646 1279 epistolas

1983 1299 2223 1368 colligit.
2254 1300 2396 1363 Quae
2432 1297 2612 1366 igitur
2659 1313 2767 1369 per
2815 1299 2978 1369 ipsos
3036 1296 3362 1352 scribenda
3399 1295 3516 1349 sint
3541 1295 3648 1349 aut

1983 1385 2298 1459 quomodo
2319 1401 2458 1440 cum
2491 1385 2890 1440 scribentibus
2920 1384 3173 1441 consilia
3190 1383 3326 1454 conj
3338 1380 3643 1451 ungenda,

1985 1475 2269 1547 equidem
2299 1473 2542 1541 dubito;
2573 1473 2679 1529 sed
2719 1474 2767 1528 si
2803 1475 2919 1529 cito
2968 1474 3256 1545 reperias,
3286 1474 3392 1544 qui
3421 1471 3498 1527 ad
3529 1485 3644 1526 nos

1985 1565 2466 1638 proﬁciscantur,
2491 1563 2668 1618 nobis
2723 1578 3025 1636 exponere
3070 1578 3146 1618 ne
3192 1560 3479 1634 graveris.
3512 1558 3647 1616 Mihi

1985 1655 2150 1710 enim
2191 1652 2353 1709 venit
2376 1653 2436 1707 in
2481 1657 2746 1708 mentem
2796 1652 2945 1707 illud
2973 1651 3277 1706 Diomedis
3307 1663 3644 1721 usurpare:

1997 1745 2236 1802 Utinam
2283 1749 2566 1813 precatus
2617 1759 2738 1798 non
2769 1757 2939 1809 esses,
2971 1743 3276 1813 quoniam,
3307 1739 3523 1811 inquit,
3554 1738 3651 1794 vir

270 1827 420 1884 ἐστὶν
460 1829 487 1880 ὁ
535 1827 685 1904 ἀνὴρ.
721 1825 807 1901 Τῷ
860 1833 970 1882 ὄντι
1023 1833 1124 1903 γὰρ
1179 1832 1560 1905 θεραπευόμενα
1609 1833 1675 1882 τὰ
1723 1832 1875 1904 ὑπερ-

1994 1840 2071 1890 est
2093 1832 2560 1901 superbus.Nam
2582 1847 2794 1886 revera
2811 1831 2998 1887 animi
3013 1829 3328 1901 elati,dum
3348 1826 3648 1899 obsequio

270 1924 448 1991 ἡφανα
517 1921 625 1976 πθη
685 1919 876 1971 ἑαυτῶν
949 1919 1400 1993 ὖῆεροπτικώτερα
1479 1922 1720 1990 γίνεσθαι
1779 1925 1877 1973 πέ-

272 2021 424 2080 φυκε.
461 2008 562 2060 Καὶ
603 2009 724 2080 γὰρ,
755 2005 840 2059 ἐὰν
887 2010 977 2080 μὶν
1028 2008 1213 2080 ἰλασθῇ
1275 2010 1399 2080 ἡμῖν
1431 2009 1457 2060 ὁ
1489 2011 1694 2081 Κύριος,
1724 2014 1878 2071 ποίας

270 2096 450 2170 ἑτέρας
492 2097 800 2168 προσθήκης
835 2093 1083 2168 δεόμεθα*
1138 2095 1224 2149 ὔὰν
1276 2095 1338 2150 δε
1388 2096 1621 2170 ἐπιμείνῃ
1671 2099 1702 2156 ἠ
1746 2097 1874 2170 ὀργὴ

266 2192 366 2238 τοῦ
411 2192 581 2249 Θεοῦ,
611 2189 739 2236 ποία
781 2183 1005 2257 βοήθεια
1049 2187 1176 2259 ἡμῖν
1231 2194 1327 2248 τῆς
1375 2182 1594 2247 δυτικῆς
1649 2186 1876 2259 ὀφρύος;

270 2275 344 2328 Οἱ
384 2277 442 2326 τὸ
500 2272 683 2334 ἀληθὲς
739 2277 856 2327 οὔτε
899 2277 1118 2345 ἴσασιν,
1175 2277 1292 2327 οὔτε
1348 2276 1530 2347 μαθεῖν
1582 2274 1878 2346 ἀνέχονται,

268 2360 501 2435 ⁴ψευδέσι
554 2358 612 2414 δε
669 2363 936 2424 ὑπονοίαις
986 2363 1409 2436 προειλημμένοι,
1442 2363 1609 2416 ἐκεῖνα
1664 2372 1880 2416 ποιοῦσι

269 2460 386 2522 νῦν,
417 2450 452 2503 ἃ
495 2455 742 2526 πρότερον
793 2450 878 2504 ἐπὶ
933 2453 1234 2526 Μαρκέλλῳ·
1282 2456 1414 2527 πρὸς
1470 2457 1560 2525 μὲν
1607 2456 1728 2514 τοὺς
1783 2458 1878 2512 τὴν

273 2539 522 2599 ἀλήθειαν
569 2541 743 2602 αὐτοῖς
791 2539 1208 2613 ἀπαγγέλλοντας
1252 2541 1722 2613 φιλονεικὴσαντες,
1782 2548 1878 2601 τὴν

275 2627 339 2683 δί
386 2631 586 2702 αἰρεσιν
624 2626 698 2682 δι’
765 2629 957 2682 ἑαυτῶν
999 2630 1401 2703 βεϐαιώσαντες.
1455 2631 1587 2702 Ἐγὼ
1633 2635 1724 2703 μὲν
1773 2634 1876 2706 ’γὰρ

274 2718 435 2782 αὐτὸς
473 2720 593 2771 ἄνευ
649 2723 744 2771 τοῦ
805 2726 981 2771 κοινοῦ
1041 2725 1320 2792 σχήματος
1360 2718 1644 2791 ἐϐουλόμην
1709 2719 1878 2772 αὐτῶν

273 2807 567 2860 ἄπιστεῖλαι
634 2814 709 2878 τῷ
787 2813 1050 2882 κορυφαίῳ
1077 2823 1090 2838 ⁸
1161 2827 1279 2883 περι
1351 2812 1441 2881 μὲν
1526 2817 1624 2860 τῶν
1691 2807 1876 2866 ἐκκλη-

278 2904 570 2949 σιαπικών
622 2893 775 2949 οὖδὶν
808 2938 822 2965 ,
895 2897 940 2950 εἰ
993 2900 1065 2970 μὴ
1130 2898 1251 2950 ὅσον
1306 2897 1739 2972 παραινίξασθαι,
1797 2897 1878 2950 ὃτι

276 2989 400 3039 οὔτε
459 2989 611 3038 ἴσασι
659 2995 760 3038 τῶν
811 2987 933 3061 παρ’
961 2989 1088 3059 ἡμῖν
1140 2992 1235 3046 τὴν
1301 2986 1566 3045 ἀλήθειαν,
1617 2991 1734 3040 οὔτε
1781 2991 1876 3045 τήν

269 3071 402 3128 ὁδὸν
433 3071 468 3129 δ
473 3075 508 3126 ι’
535 3077 596 3136 ἧς
623 3076 686 3127 ἄν
739 3078 1042 3148 μανθάνοιεν
1068 3078 1180 3147 (l2)
1208 3074 1618 3148 καταδέχονται·
1652 3076 1875 3129 καθόλου

269 3163 334 3218 δί
357 3170 474 3240 περὶ
525 3173 621 3218 τοῦ
650 3170 722 3238 μὴ
774 3163 882 3218 δεῖν
927 3173 1032 3227 τοῖς
1083 3168 1182 3218 ὑπο
1231 3175 1332 3218 τῶν
1368 3175 1671 3242 πειρασμῶν
1700 3185 1879 3219 ταπει-

265 3257 512 3308 νωθεῖσιν
579 3255 943 3322 ἐπιτίθεσθαι,
990 3253 1131 3328 μηδὲ
1187 3255 1393 3330 ἀξίωμα
1455 3262 1647 3332 κρίνειν
1718 3259 1878 3330 ὑπιρδ

270 3361 516 3416 ηφανιαν,
551 3342 840 3419 ἁμάρτημα
868 3349 958 3398 καὶ
987 3349 1141 3417 μόνον
1187 3343 1380 3417 ἀρκοῦν
1429 3347 1626 3419 ἔχθραν
1655 3354 1880 3405 ποιῆσαι

271 3437 344 3494 εὶς
370 3436 518 3485 Θεὸν.

826 3544 1163 3593 ΕΠΙΣΤΟΛΗ
1205 3539 1326 3595 ΣΜ“.

1987 1921 2286 1986 coluntur,
2318 1921 2494 1976 solito
2527 1921 2972 1989 arrogantiores
2997 1918 3125 1974 ﬁeri
3163 1917 3380 1974 solent.
3415 1915 3648 1971 Etenim

1988 2012 2036 2066 si
2067 2010 2246 2066 nobis
2275 2009 2545 2081 placetur
2583 2009 2895 2078 Dominus,
2927 2023 3199 2080 quonam
3229 2005 3348 2062 alio
3391 2003 3650 2061 admini-

1987 2099 2124 2156 culo
2171 2098 2564 2169 indigemus?
2597 2099 2696 2155 Sin
2753 2103 2957 2153 autem
3013 2101 3354 2168 perseveret
3398 2094 3488 2150 ira
3545 2092 3650 2149 Dei

1987 2189 2167 2261 quale
2185 2188 2358 2243 nobis
2386 2187 2739 2258 praesidium
2755 2185 3055 2258 supercilii
3077 2183 3513 2242 Occidentalis?
3537 2181 3649 2247 Qui

1987 2277 2293 2332 veritatem
2320 2291 2520 2347 neque
2550 2280 2792 2344 norunt,
2816 2291 3012 2346 neque
3034 2273 3262 2330 discere
3284 2273 3511 2334 volunt,
3541 2269 3649 2326 sed

1986 2364 2154 2421 falsis
2198 2363 2644 2435 suspicionibus
2681 2363 3089 2434 praeoccupati
3127 2361 3340 2416 eadem
3371 2375 3535 2414 nunc
3563 2358 3650 2414 fa-

1987 2455 2250 2515 ciunt.ac
2270 2455 2436 2525 prius
2462 2453 2520 2508 in
2546 2452 2796 2510 Marcelli
2819 2451 3087 2518 causa,in
3103 2466 3227 2522 qua
3242 2466 3378 2505 cum
3394 2447 3647 2504 homini-

1986 2543 2104 2600 bus
2132 2545 2441 2598 veritatem
2475 2542 2592 2596 sibi
2616 2541 3033 2597 nuntiantibus
3059 2537 3651 2609 delitigarunt,hmre-

1987 2633 2103 2688 sim
2127 2647 2270 2687 vero
2303 2647 2408 2703 per
2429 2630 2660 2702 seipsos
2694 2631 3152 2685 conﬁrmarunt.
3183 2630 3305 2698 Ego
3343 2627 3472 2698 ipse
3501 2625 3649 2680 citra

1986 2735 2376 2778 communem
2390 2719 2648 2775 formam
2663 2719 2737 2774 ad
2754 2735 2963 2774 eorum
2979 2717 3371 2790 coryphaeum
3387 2714 3650 2770 scribere

1984 2809 2371 2876 volebam,de
2401 2809 2582 2864 rebus
2611 2807 2860 2878 quidem
2887 2805 3307 2862 ecclesiasticis
3329 2803 3497 2872 nihil,
3530 2802 3650 2858 nisi

1987 2905 2287 2972 quatenus
2321 2897 2697 2952 subobscure
2725 2896 3154 2958 insinuassem,
3184 2910 3384 2965 neque
3412 2891 3543 2948 illos
3572 2889 3650 2947 de

1987 2990 2170 3046 rebus
2191 2988 2410 3044 nostris
2433 3003 2574 3042 vera
2595 3003 2998 3058 nosse,neque
3017 2986 3176 3041 viam
3198 3001 3322 3056 qua
3338 2982 3650 3039 addiscere

1987 3076 2548 3152 possint,amplecti;
2564 3091 2634 3131 ac
2647 3076 2975 3144 generatim
2990 3073 3066 3129 ad
3075 3073 3448 3129 monuissem
3461 3061 3652 3126 homi-

1989 3167 2190 3228 nibus.
2219 3183 2374 3238 quos
2422 3166 2780 3221 tentationes
2835 3163 3198 3230 afﬂixerunt,
3229 3158 3650 3217 insultandum

1988 3273 2112 3313 non
2142 3271 2296 3322 esse,
2331 3271 2526 3326 neque
2576 3254 2931 3323 dignitatem
2983 3251 3413 3308 aestimandam
3443 3261 3650 3319 super-

1989 3345 2153 3402 biam
2182 3364 2195 3400 :
2229 3343 2394 3414 quod
2452 3349 2768 3414 peccatum
2824 3341 2917 3398 vel
2970 3341 3220 3397 unicum
3263 3338 3326 3396 id
3377 3336 3556 3406 valet,
3587 3338 3653 3391 ut

1988 3433 2267 3489 inimicos
2296 3434 2418 3488 Deo
2449 3429 2687 3487 efﬁciat.

2412 3539 2592 3611 369
2633 3539 2968 3594 EPISTULA
3008 3534 3230 3593 CCXL'.

268 3646 546 3705 Basilius
577 3647 863 3721 hortatur
893 3647 975 3706 ad
1010 3648 1412 3721 (fonstanliam
1435 3649 1497 3702 in
1526 3649 2044 3721 persccutione,ac
2075 3661 2176 3721 spe
2205 3647 2430 3703 auxilii
2461 3661 2498 3702 a
2523 3648 2638 3701 Deo
2671 3645 2912 3721 venturi
2937 3645 3292 3700 consolatur
3303 3659 3347 3721 :_
3348 3643 3548 3721 monet
3577 3653 3654 3695 ne

348 3722 557 3790 fucum
607 3720 734 3774 illis
759 3719 952 3777 faciat
991 3719 1315 3775 Frontonis
1346 3725 1505 3775 recte
1528 3715 1678 3788 ﬁdei
1711 3715 2032 3775 ειπιιιιαῐίο.
2061 3720 2262 3790 Negat
2289 3733 2351 3775 se
2377 3732 2646 3789 unquam
2689 3718 3165 3784 commissurum,
3197 3721 3263 3770 ut
3291 3715 3651 3770 Frontonem

344 3797 640 3861 agnoscat
671 3792 1034 3860 episcopum,
1061 3793 1156 3848 vel
1175 3794 1424 3860 recipiat
1463 3807 1608 3862 quos
1629 3794 1736 3848 ille
1755 3792 2150 3849 ordinauerit.

701 3906 1074 3977 Νικοπολίταις
1103 3913 1489 3990 πρεσϐυτέροις.

349 4027 404 4078 1.
445 4026 538 4076 Σαὶ
577 4021 954 4085 ἕπιστιίλαντες
1000 4023 1125 4094 ἡμῖν
1179 4022 1348 4084 καλῶς
1405 4026 1518 4088 (t3)
1578 4020 1878 4088 ἐποιήσατε,
1921 4013 1930 4019 ’

268 4115 366 4165 καὶ
417 4109 516 4163 διὰ
551 4114 792 4163 τοιούτου
851 4107 1043 4184 ἀνδρὸς
1098 4109 1573 4177 ἐπιστείλαντες,ὂς
1627 4117 1716 4162 καὶ
1761 4109 1880 4162 ἄνευ

267 4201 598 4276 γραμμάτων
684 4198 954 4273 ἐξήρκεσεν
1029 4201 1090 4251 ἄν
1165 4201 1290 4272 ἡμῖν
1363 4204 1458 4258 τήν
1515 4219 1570 4254 τε
1627 4198 1710 4251 ἐπὶ
1766 4207 1882 4260 ταὶς

271 4295 516 4365 φροντίσι
563 4291 904 4362 παραμυθίαν
964 4291 1142 4348 ἱκανὴν
1194 4297 1521 4363 παρλσχεῐν,
1572 4294 1661 4342 καὶ
1716 4283 1881 4341 διδα-

275 4377 499 4432 σκαλίαν
539 4377 727 4454 ἀκριϐῆ
788 4387 888 4432 τῶν
935 4380 1257 4452 πραγμάτων
1310 4381 1661 4437 ποιήσασθαι.
1714 4377 1884 4431 Πολλὰ

2384 3909 2832 3981 Nicopolitant's
2867 3908 3258 3980 presbyteris.

2065 4023 2119 4076 ι.
2157 4020 2329 4077 Recte
2382 4002 2626 4084 fecistis,
2668 4021 2727 4074 et
2772 4016 2940 4090 quod
2984 4013 3361 4087 scripseritis,
3395 4015 3449 4070 et
3484 3998 3650 4084 quod

1991 4125 2098 4182 per
2129 4097 2308 4165 talem
2352 4109 2551 4163 virum
2586 4107 2966 4179 scripseritis,
2989 4105 3096 4178 qui
3127 4105 3306 4161 etiam
3343 4102 3470 4159 sine
3499 4101 3652 4158 litte-

1986 4198 2067 4256 ris
2096 4198 2388 4272 potuisset
2417 4197 2594 4253 nobis
2640 4201 2697 4252 et
2725 4195 3012 4252 idoneum
3043 4196 3104 4251 in
3149 4189 3653 4250 sollicitudinibus

1989 4287 2270 4344 solatium
2311 4293 2621 4360 praestare,
2654 4291 2710 4341 et
2740 4291 3018 4343 accurate
3057 4284 3132 4340 de
3165 4285 3346 4341 rebus
3377 4283 3652 4338 edocere.

1991 4377 2174 4432 Multa
2201 4376 2362 4432 enim
2388 4382 2576 4440 erant,
2609 4391 2747 4447 quin
2777 4375 3113 4430 avebamus
3141 4389 3214 4430 ex
3245 4372 3446 4442 aliquo
3479 4385 3652 4426 accu-

273 4469 381 4541 7t‘tp
421 4466 480 4527 ἧν
511 4469 546 4520 ἄ.
583 4467 931 4541 ἕπεζητοῡμεν
964 4471 1110 4542 παρὰ
1155 4476 1246 4520 τοῦ
1300 4473 1603 4540 σαφέστατα
1666 4467 1880 4522 ἐπιστα-

1994 4466 2289 4524 ratissime
2329 4465 2551 4520 sciente
2606 4478 2992 4532 cognoscere,
3015 4466 3334 4535 propterea
3363 4457 3528 4532 quod
3557 4474 3652 4514 ru-

278 4559 436 4629 μένου
465 4559 663 4629 μαθεῖν,
704 4555 798 4611 διὰ
847 4561 908 4611 τὸ
957 4560 1050 4620 τὰς
1085 4563 1260 4632 φήμας
1298 4557 1695 4631 πεπλανημένως
1753 4561 1884 4630 πρὸς

277 4647 418 4719 ἡμᾶς
466 4643 774 4710 διαϐαίνειν,
801 4648 836 4699 ἄ
876 4648 1048 4700 πάντα
1091 4649 1201 4720 (14η)
1251 4647 1517 4709 εὐσταθῶς
1572 4651 1662 4698 καὶ
1706 4645 1881 4718 ἐμπεί-

271 4755 383 4811 ρως
429 4732 732 4809 διηγήσατο
789 4738 967 4809 ἡμῖνό
1014 4739 1374 4796 ποθεινότατος
1429 4741 1518 4786 καὶ
1570 4740 1882 4807 τιμιώτατος

271 4821 498 4898 ἀδελφὸς
553 4827 700 4898 ἡμῶν
739 4821 1028 4888 Θεοδόσιος
1063 4827 1088 4877 ὁ
1145 4823 1618 4899 συμπρεσϐυτερος
1653 4822 1716 4877 ’Δ
1769 4827 1882 4877 τοί-

276 5021 287 5032 _
349 4951 422 5020 (9)
460 4956 520 5001 Ὀ
551 4946 767 5022 ἁδελφός
799 4949 951 5006 Editi
1005 4949 1240 5005 addunt
1295 4951 1462 5021 ἡμῶν,
1497 4948 1664 5021 quod
1714 4949 1886 5006 deest

270 5037 336 5078 1n
360 5037 462 5076 SEX
486 5038 635 5076 ωδε.

348 5094 462 5162 (10)
498 5091 908 5164 Ἑαγκτισσὶμῳ.
940 5095 1024 5164 ita
1065 5090 1246 5164 Harl.,
1277 5093 1429 5157 Vat.,
1460 5091 1675 5157 Regius
1722 5097 1884 5148 uter-

269 5179 394 5236 que
426 5169 483 5218 et
513 5162 688 5236 Coisl.
732 5162 1056 5236 saeundus.
1092 5162 1266 5217 Editi.
1292 5167 1663 5234 Σαγκτησίμῳ.
1701 5165 1882 5219 Paulo

269 5231 413 5308 post
459 5234 600 5308 editi
630 5234 731 5308 ias
767 5231 948 5308 audi.
981 5234 1150 5308 Deest
1198 5231 1533 5308 pronomen
1555 5231 1624 5288 in
1651 5242 1880 5308 septem

270 5305 424 5362 inss.
476 5307 539 5361 in
593 5305 958 5361 editionibus
1018 5307 1160 5374 ﬂag.
1210 5313 1266 5358 et
1318 5305 1572 5359 Froben.
1639 5311 1658 5359 t
1715 5307 1882 5360 deest

268 5378 455 5433 etiam
498 5377 616 5461 alia
651 5377 886 5432 vocula.
923 5376 1105 5432 Paulo
1153 5381 1294 5446 post
1350 5377 1656 5432 Mcdicaeus
1689 5378 1882 5431 codex

272 5463 761 5502 συνεπιστε).).ουσι.

346 5521 460 5592 (lt)
504 5521 820 5573 Αίσσεσθαι,
853 5519 1004 5574 Citat
1054 5515 1304 5573 Basilius
1354 5534 1424 5574 ex
1472 5518 1657 5586 Iliad,
1685 5533 1725 5587 ι,
1754 5534 1882 5573 ver-

271 5608 382 5649 sus
409 5596 510 5646 695
533 5597 591 5647 et
619 5595 742 5646 696.

345 5665 460 5735 (t2)
499 5663 841 5717 Μανθάνοιιν.
873 5663 960 5719 Ita
985 5661 1258 5736 quinque
1281 5659 1470 5718 nostri
1499 5659 1740 5718 codices
1769 5675 1881 5732 op-

1993 4572 2192 4611 mores
2249 4554 2390 4623 vagi
2447 4553 2609 4626 apud
2645 4568 2757 4607 nos
2789 4555 3253 4624 spargerentur;
3288 4549 3394 4605 sed
3445 4547 3654 4604 omnia

1992 4650 2340 4701 constanter
2371 4659 2441 4699 ac
2476 4643 2657 4714 perite
2697 4642 2973 4713 exposuit
3015 4639 3192 4696 nobis
3237 4637 3654 4711 optatissimus

1992 4750 2064 4790 ac
2096 4732 2636 4790 reverendissimus
2662 4729 2843 4787 frater
2862 4734 3066 4785 noster
3093 4725 3463 4785 Theodosius
3491 4741 3654 4782 com-

1990 4824 2326 4898 presbyter.
2387 4825 2594 4895 Itaque
2655 4837 2791 4894 quae
2838 4819 2989 4877 mihi
3045 4819 3174 4892 ipse
3222 4813 3472 4887 suadeo,
3523 4812 3655 4873 haec

1992 4950 2153 5006 timas
2183 4954 2362 5005 notae.
2397 4949 2548 5004 Editi
2578 4949 2812 5020 μάθοιεν.

2065 5024 2168 5091 (12)
2214 5021 2411 5082 Καλῶς.
2445 5025 2528 5076 Ita
2578 5015 2690 5091 'sex_
2732 5035 2880 5091 mss.
2913 5015 3066 5071 Editi
3095 5015 3272 5072 καλόν.
3305 5015 3488 5073 Paulo
3517 5017 3656 5090 post

1993 5088 2162 5148 Coisl.
2199 5093 2429 5163 primus
2466 5096 2524 5145 et
2562 5088 2716 5163 Med.
2747 5089 3110 5163 ἐπιζητοῦμεν.

2063 5166 2177 5231 (14)
2200 5157 2279 5216 ’”Α
2335 5165 2524 5215 πάντα.
2550 5161 2736 5232 ίΟοίεΙ.
2771 5157 3018 5232 primus:
3045 5163 3101 5213 et
3132 5157 3283 5232 Med.
3314 5160 3504 5232 πάντα.
3537 5161 3654 5232 Nec

1989 5229 2168 5312 longe
2188 5233 2403 5312 ﬁdem
2453 5231 2692 5311 codices
2722 5229 2957 5312 παρόντα
2989 5229 3125 5302 βίον.
3163 5230 3282 5312 δίο,
3307 5230 3544 5312 videtur
3574 5229 3652 5312 le-

1992 5299 2150 5372 gisse
2185 5303 2681 5370 Scultetus,vertit
2710 5299 2869 5358 enim
2902 5304 2963 5356 in
2989 5299 3282 5370 praesenti
3306 5302 3451 5372 vita.
3488 5299 3652 5372 [lude

1990 5368 2242 5447 vapulat
2286 5368 2667 5447 Combetisio.
2705 5374 2819 5429 Sed
2847 5368 3006 5447 non
3054 5372 3200 5447 vidit
3255 5368 3650 5447 Combeﬁsius

1993 5439 2109 5518 βιόν
2151 5451 2274 5501 sive
2303 5449 2484 5502 vitam
2538 5446 2653 5500 hoc
2685 5447 2817 5501 loco
2845 5449 2900 5499 et
2934 5443 3205 5516 pluribus
3236 5441 3365 5496 aliis
3385 5439 3548 5494 idem
3579 5453 3650 5494 ac

1989 5519 2274 5574 saeculum
2305 5533 2543 5572 sonare.

2062 5592 2082 5611 '
2109 5588 2275 5645 Alias
2306 5589 2503 5646 CXCII.
2539 5585 2772 5660 Scripta
2802 5600 2966 5644 anno
2992 5588 3115 5644 376.
