4148 6390
237 331 330 393 897

1181 320 1668 388 EPISTOLARUM
1705 325 1987 386 CLASSIS
2025 321 2094 385 II.
2134 323 2354 386 EPIST.
2395 327 2620 387 CCXLI.

3478 333 3583 389 898

238 456 697 534 δὶσταυρὼσαντες
751 456 840 508 τὸν
889 455 1081 531 Κύριον
1141 452 1191 508 ἐν
1231 460 1306 527 τῷ
1358 451 1654 530 περιϐοήτῳ
1715 459 1821 524 ναῷ

1938 451 2030 526 plo
2051 450 2279 510 cultum
2305 452 2624 510 Iudaicum
2654 450 3074 526 adimplerent.
3091 452 3281 512 Judas
3301 454 3459 511 enim
3478 455 3584 528 qui

232 550 318 608 τήν
370 542 672 606 Ἰουδαίκην
726 543 962 620 λατρείαν
1000 543 1276 620 ἐπλήρουν.
1320 539 1529 606 Ἰούδας
1583 544 1822 617 γάρ,τόν

232 635 307 694 δι’
339 635 576 711 ἀγχόνης
613 637 831 690 θάνατον
867 641 961 688 τοῦ
1007 634 1118 708 μετ’
1148 633 1413 706 αἰσχύνης
1446 634 1543 706 ζῇν
1567 635 1824 706 προτιμή-

235 746 341 796 σας,
367 723 532 790 ἔδειξε
579 727 728 798 τάχα
763 732 864 779 τῶν
903 731 993 778 νῦν
1023 723 1517 800 ἀπερυθριασάντων
1545 723 1662 793 (21)
1691 723 1822 797 πρός

229 823 398 870 πᾶσαν
429 814 709 890 ἀνθρώπων
739 815 1091 886 κατάγνωσιν,
1122 817 1213 866 καί
1243 809 1337 866 διὰ
1384 819 1539 866 τοῦτο
1593 807 1824 873 ἀναιδῶς

229 908 439 982 πρὸςτά
461 905 672 980 αἰσχρά
691 899 1052 978 διακειμένων,
1084 901 1264 956 ἑαυτὸν
1295 904 1648 976 αἱρετώτερον.

297 1035 348 1090 3.
386 1034 554 1087 Μόνον
600 1034 673 1104 μὴ
729 1029 1089 1094 ἐξαπατηθῆτε
1138 1035 1256 1091 ταῖς
1309 1023 1684 1100 ψευδολογίαις
1721 1026 1821 1081 αύ-

227 1129 322 1176 τῶν
359 1121 471 1193 (22)
516 1117 960 1193 ἐπαγγελλομένων
1021 1117 1283 1195 ὀρθότητα
1358 1121 1626 1181 πίστεως.
1685 1124 1823 1190 Χρι-

229 1215 510 1285 στίμποροι
536 1212 638 1283 γὰρ
686 1210 735 1262 οἱ
781 1215 1037 1278 τοιοῦτοι,
1062 1211 1153 1260 καὶ
1186 1206 1246 1259 ού
1286 1210 1620 1281 Χριστιανοὶ,
1654 1209 1710 1259 τὸ
1743 1205 1822 1259 ἀεὶ

225 1301 395 1362 αὐτοῖς
459 1301 594 1352 κατὰ
642 1302 730 1352 τὸν
787 1297 905 1373 βίον
959 1306 1140 1351 τοῦτον
1201 1296 1502 1350 λυσιτελοῦν
1565 1305 1658 1350 τοῦ
1704 1296 1822 1350 κατ’

225 1388 462 1448 ἀλήθειαν
516 1388 612 1462 ζῇν
681 1396 1051 1464 προτιμῶντες.
1111 1387 1234 1440 Ὅτε
1283 1385 1527 1462 ἐνόμισαν
1592 1387 1822 1438 κτᾶσθαι

221 1483 315 1538 τήν
369 1481 519 1538 κενὴν
582 1479 776 1537 ταύτην
841 1478 1039 1551 ἀρχὴν,
1080 1478 1388 1550 προσέθεντο
1431 1484 1544 1538 τοῖς
1607 1474 1822 1548 ἐχθροῖς

220 1575 313 1623 τοῦ
365 1573 603 1642 Χριστοῦ
631 1583 646 1599 ·
701 1566 785 1620 ὃτε
841 1562 980 1619 εἶδον
1039 1569 1164 1628 τοὺς
1217 1565 1371 1628 λαούς
1433 1564 1820 1638 ἀγριαίνοντας,

223 1657 652 1730 σχηματίζονται
687 1655 842 1710 πάλιν
897 1659 992 1714 τήν
1046 1653 1338 1729 ὀρθότητα.
1373 1654 1485 1707 Ούκ
1531 1650 1658 1708 οἶδα
1704 1651 1820 1706 ἐπί-

224 1765 453 1814 σκοπον,
513 1741 653 1820 μηδέ
697 1743 1056 1818 ἀριθμήσαιμι
1101 1741 1150 1796 ἐν
1200 1744 1394 1817 ἱερεῦσι
1446 1750 1683 1817 Χριστοῦ
1731 1745 1820 1795 τόν

1930 541 2259 614 suspendio
2304 541 2543 600 interire
2585 541 2818 611 maluit,
2862 558 3052 616 quam
3104 559 3245 600 cum
3292 542 3585 600 dedecore

1927 629 2149 698 vivere,
2176 631 2428 688 forsitan
2458 632 2530 688 iis
2571 631 2675 705 qui
2703 647 2866 688 nunc
2890 632 2970 689 ad
2989 647 3237 689 omnem
3264 631 3584 688 hominum

1927 719 2498 777 condemnationem
2537 720 2665 776 sine
2698 719 2919 776 rubore
2975 735 3105 776 sese
3152 720 3502 790 obﬁrmant,
3528 723 3587 776 et

1926 807 2153 865 idcirco
2191 809 2634 882 impudentiam
2654 810 2734 868 ad
2764 809 2966 884 turpia
2988 826 3114 884 prae
3140 826 3204 868 se
3235 809 3432 868 ferunt
3455 825 3585 868 me-

1926 898 2139 956 liorem
2163 914 2227 956 se
2250 899 2537 957 exhibuit.

1999 1028 2052 1082 3.
2095 1025 2356 1082 Tantum
2404 1041 2480 1082 ne
2509 1025 2898 1100 decipiamini
2943 1025 3185 1084 illorum
3229 1025 3581 1098 mendaciis,

1929 1113 2079 1172 dum
2121 1120 2349 1172 rectam
2396 1115 2582 1172 ﬁdem
2624 1131 2748 1189 prae
2805 1133 2867 1174 se
2911 1117 3130 1174 ferunt.
3159 1116 3374 1174 Christi
3419 1116 3584 1173 enim

1929 1210 2291 1261 mercatores
2339 1205 2641 1276 ejusmodi
2699 1205 2998 1276 homines,
3035 1221 3162 1262 non
3224 1205 3581 1272 Christiani;

1932 1308 2174 1366 semper
2197 1293 2468 1366 id,quod
2512 1294 2660 1366 ipsis
2706 1294 2768 1350 in
2797 1295 2914 1351 hac
2959 1295 3086 1351 vita
3127 1295 3268 1352 utile
3315 1300 3422 1362 est,
3447 1295 3582 1351 vita:

1932 1383 2011 1440 ad
2054 1383 2363 1440 veritatem
2421 1384 2898 1440 accommodatae
2951 1389 3403 1456 anteponentes.
3435 1385 3582 1441 Cum

1931 1477 2324 1545 speraverant
2353 1472 2680 1544 adepturos
2710 1488 2772 1528 se
2816 1472 3060 1529 inanem
3091 1471 3257 1528 illum
3284 1473 3585 1545 principa-

1931 1566 2080 1629 tum,
2112 1560 2519 1632 adjunxerunt
2544 1577 2606 1617 se
2640 1561 2898 1616 inimicis
2929 1561 3296 1617 Christizubi
3325 1560 3585 1633 populos

1927 1649 2018 1708 ira
2046 1651 2323 1708 efferatos
2350 1650 2791 1720 vident,rursus
2809 1654 3036 1706 rectam
3062 1649 3245 1706 ﬁdem
3277 1649 3582 1706 simulant.

1931 1744 2060 1798 Non
2104 1755 2369 1814 agnosco
2426 1741 2816 1813 episcopum,
2847 1754 2960 1794 nec
3007 1738 3381 1795 numerarim
3432 1738 3587 1794 inter

221 1837 364 1910 παρά
408 1842 509 1887 τῶν
569 1831 802 1908 βεϐήλων
857 1841 1052 1909 χειρῶν
1107 1830 1189 1885 ἐπὶ
1239 1831 1526 1885 καταλύσει
1580 1840 1672 1893 τῆς
1726 1836 1820 1885 πί-

1938 1831 2141 1888 Christi
2166 1830 2509 1887 sacerdotes
2539 1846 2680 1886 eum
2704 1829 2810 1901 qui
2836 1845 2872 1885 a
2891 1829 3162 1902 profanis
3194 1829 3479 1885 manibus
3505 1828 3586 1886 ad

224 1944 384 1988 στεως
435 1923 506 1986 εἰς
557 1927 889 1999 προστασίαν
935 1920 1366 1995 προϐεϐλημένον.
1403 1920 1545 1980 Αῦτη
1589 1919 1730 1974 ἐστὶν
1785 1923 1816 1981 ἠ

219 2011 319 2087 ἐμὴ
362 2016 560 2090 κρίσις.
591 2017 746 2085 Υμεῖς
778 2007 837 2064 δε
868 2013 912 2063 εἶ
938 2029 1054 2063 τινα
1089 2011 1236 2082 ἔχετε
1281 2008 1393 2083 μεθ’
1429 2010 1574 2082 ἡμῶν
1605 2007 1817 2084 μερίδα,

220 2103 383 2156 ταῦτά
410 2103 537 2176 ἡμῖν
568 2106 850 2176 φρονήσετε
892 2095 1155 2158 δηλονότι·
1199 2099 1242 2153 εἰ
1280 2095 1339 2152 δὲ
1383 2096 1456 2172 ἐφ’
1485 2098 1676 2152 ἑαυτῶν
1705 2099 1818 2172 (23)

220 2189 554 2264 βουλεύεσθε,
583 2197 679 2254 τῆς
728 2185 867 2251 ἰδίας
902 2193 1115 2263 γνώμης
1158 2188 1374 2249 ἕκαστος
1414 2190 1596 2262 κύριός
1653 2187 1818 2260 ἐστιν,

220 2280 372 2353 ἡμεῖς
443 2278 606 2333 ἀθῶοι
679 2276 780 2332 ἀπὸ
861 2284 952 2332 τοῦ
1036 2278 1254 2350 αἵματος
1322 2279 1510 2330 τούτου
1541 2317 1554 2333 .
1641 2283 1822 2330 Ταῦτα

219 2365 281 2423 δε
299 2368 524 2446 ἔγραψα,
557 2368 664 2442 οὐχ
685 2369 806 2442 ὑμῖν
827 2367 1086 2437 ἀπιστῶν,
1111 2365 1240 2420 ἀλλά
1263 2368 1321 2419 τὸ
1352 2387 1504 2419 τινων
1536 2365 1820 2440 ἀμφίϐολον

219 2460 484 2533 στηρίζων
531 2456 588 2512 ἐκ
643 2464 736 2512 τοῦ
772 2460 1031 2533 γνωρίσαι
1076 2460 1171 2516 τὴν
1212 2454 1438 2529 ἐμαυτοῦ
1489 2462 1724 2528 γνώμην,
1755 2458 1821 2519 ὡς

215 2552 289 2622 μὴ
332 2547 700 2622 προληφθῆναί
733 2548 845 2618 (24)
893 2565 1011 2599 τινα
1061 2545 1133 2608 εἰς
1182 2549 1478 2617 κοινωνίαν,
1535 2542 1675 2618 μηδὲ
1730 2554 1821 2608 τῆς

215 2641 396 2715 χειρός
425 2635 593 2690 αὐτῶν
623 2634 865 2695 ἐπιϐολὴν
887 2631 1218 2707 δεςαμένους,
1252 2636 1386 2708 μετὰ
1406 2642 1574 2686 ταῦτα
1612 2634 1820 2710 εἰρήνης

214 2731 513 2800 γενομένης,
547 2723 835 2800 βιάζεσθαι
887 2723 1104 2784 ἑαυτοὺς
1151 2721 1440 2798 ἐναριθμεῖν
1473 2731 1546 2795 τῷ
1578 2723 1820 2798 ἱερατικῷ

216 2815 565 2889 πληρώματι.
625 2817 804 2868 Πάντα
857 2815 945 2866 τὸν
1013 2811 1242 2886 κλῆρον,
1299 2815 1388 2865 τόν
1435 2831 1490 2865 τε
1544 2815 1680 2864 κατά
1727 2817 1821 2872 τὴν

218 2902 394 2970 πόλιν,
419 2906 621 2958 καὶτὸν
673 2902 758 2958 ἐπὶ
817 2909 908 2964 τῆς
943 2905 1225 2978 παροικίας
1254 2945 1270 2974 ,
1319 2903 1452 2975 μετά
1497 2904 1691 2964 παντὸς
1729 2908 1820 2954 τοῦ

221 2992 353 3047 λαοῦ
397 3001 487 3048 τοῦ
543 2992 861 3068 φοϐουμένου
925 2995 1014 3046 τὸν
1072 2993 1261 3066 Κύριον
1289 3034 1304 3064 ,
1347 2990 1696 3066 ἀσπαζόμεθα
1748 2987 1820 3047 δι’

218 3083 364 3157 ὑμῶν
392 3083 530 3157 (25).

745 3275 1084 3330 ΕΠΙΣΤΟΛΗ
1124 3274 1292 3333 ΣΜΑ’.

1930 1921 2302 1978 eversionem
2330 1919 2470 1976 ﬁdei
2502 1919 2907 1993 principatum
2938 1919 3192 1991 accepit.
3226 1921 3348 1975 Hoc
3377 1935 3584 1975 meum

1929 2014 2020 2066 est
2039 2008 2360 2081 judicium.
2395 2011 2508 2064 Vos
2543 2013 2744 2064 autem
2785 2008 2837 2063 si
2866 2024 3052 2081 quam
3076 2012 3312 2079 partem
3341 2023 3585 2064 mecum

1927 2099 2186 2167 habetis,
2208 2097 2421 2153 eadem
2450 2097 2657 2170 utique
2686 2113 2756 2153 ac
2777 2113 2909 2168 ego,
2943 2096 3234 2152 sentietis:
3259 2096 3352 2152 sin
3379 2102 3584 2154 autem

1927 2188 2099 2246 vobis
2119 2188 2235 2260 ipsi
2262 2203 2536 2243 seorsum
2566 2186 2888 2243 consilium
2918 2186 3141 2258 capitis,
3175 2203 3298 2242 suae
3325 2187 3584 2259 quisque

1930 2277 2236 2336 sententiae
2279 2277 2562 2333 dominus
2601 2281 2708 2347 est,
2739 2291 2851 2332 nos
2895 2276 2975 2332 ad
3002 2276 3120 2332 hoc
3167 2279 3462 2347 sanguine
3490 2277 3585 2332 in-

1930 2372 2133 2424 sontes
2167 2383 2400 2422 sumus.
2435 2367 2570 2421 Haec
2598 2368 2799 2422 autem
2832 2364 3061 2436 scripsi,
3082 2380 3207 2420 non
3227 2364 3396 2437 quod
3416 2365 3586 2421 vobis

1930 2455 2225 2524 difﬁdam,
2256 2455 2365 2511 sed
2387 2459 2450 2510 ut
2475 2453 2908 2510 nonnullorum
2934 2453 3374 2509 dubitationem
3406 2453 3589 2524 signi-

1929 2545 2208 2602 ﬁcatione
2220 2560 2371 2600 mete
2384 2544 2692 2599 sententiae
2714 2542 3171 2610 conﬁrmem,ne
3191 2543 3297 2615 qui
3316 2559 3589 2600 commuo

1929 2636 2112 2693 nione
2130 2638 2651 2708 prteoccupentur,
2672 2647 2845 2698 neve,
2873 2637 3121 2704 accepta
3149 2631 3228 2688 ab
3249 2632 3333 2688 eis
3362 2648 3586 2688 manus

1929 2724 2332 2798 impositione,
2359 2727 2571 2795 postea
2607 2737 2758 2794 pace
2791 2720 3046 2788 reddita,
3078 2721 3203 2776 vim
3245 2721 3488 2790 faciant,
3519 2725 3588 2780 ut

1929 2814 1991 2871 in
2023 2817 2261 2869 sacrato
2291 2816 2448 2867 coetu
2468 2813 2911 2867 recenseantur.
2935 2809 3169 2866 Clerum
3190 2825 3436 2866 omnem
3458 2815 3585 2866 tum

1931 2903 2038 2976 qui
2066 2903 2126 2958 in
2155 2900 2326 2971 urbe,
2349 2905 2478 2956 tum
2523 2899 2627 2972 qui
2678 2899 2740 2955 in
2787 2897 3054 2971 parmcia
3094 2914 3218 2956 una
3255 2913 3394 2954 cum
3419 2899 3588 2957 omni

1932 2991 2160 3066 populo
2192 2989 2516 3047 Dominum
2544 2990 2790 3046 timente
2815 3003 2922 3062 per
2945 3003 3057 3046 vos
3086 2987 3442 3046 salutamus.

2443 3267 2782 3326 EPISTOLA
2820 3265 3071 3325 CCXLI'.

210 3448 534 3509 Rationem
557 3451 758 3510 reddit
782 3455 1068 3525 Basilius,
1090 3471 1202 3513 cur
1227 3471 1386 3526 stepe
1411 3457 1477 3513 in
1507 3457 1723 3514 litteris
1754 3471 1849 3514 res
1874 3455 2154 3512 molestas
2192 3451 2734 3526 Egsebionuntiet,
2756 3464 2968 3526 nempe
2997 3453 3062 3505 ut
3089 3462 3152 3506 se
3175 3448 3303 3520 ipse
3325 3447 3590 3508 sublevet

775 3523 1085 3599 gemenda,
1121 3535 1177 3586 et
1207 3523 1531 3587 Eusebium
1561 3529 1642 3587 ad
1679 3530 2057 3588 intentiorem
2085 3540 2200 3597 pro
2227 3524 2505 3582 Ecclesia
2533 3537 2771 3594 precem
2802 3523 3035 3580 excitet.

568 3707 822 3782 Εὖσεϐίῳ,
847 3706 1115 3785 ἐπισκόπῳ
1140 3711 1479 3785 Σαμοσάτων.

2237 3710 2487 3768 Eusebio
2525 3710 2794 3781 episcopo
2827 3709 3296 3766 Samosatorum.
3337 3703 3346 3710 ’

296 3877 422 3951 Ούχ
451 3879 588 3941 ᾧστε
627 3878 834 3944 πλείους
885 3890 1109 3942 ποιῆσαι
1146 3883 1240 3946 τὰς
1284 3881 1527 3956 ἀθυμίας,
1565 3891 1668 3936 τῶν
1699 3878 1823 3936 δυσ-

2009 3881 2138 3936 Non
2169 3882 2234 3935 ut
2254 3893 2579 3935 mmrorem
2601 3892 3048 3950 augeam,saepe
3076 3891 3277 3932 rerum
3318 3874 3595 3933 molesta-

219 3976 400 4042 χερῶν
464 3967 708 4030 πολλάκις
759 3967 809 4022 ἐν
874 3978 981 4032 τοῖς
1046 3973 1176 4046 πρός
1232 3976 1327 4032 τὴν
1382 3973 1665 4046 τιμιότητά
1732 3991 1828 4025 σου

218 4057 536 4130 γράμμασιν
593 4056 655 4109 ού
730 4054 1057 4132 φειδόμεθα,
1119 4059 1231 4129 ἀλλ,
1305 4058 1440 4114 ὥστε
1498 4061 1700 4122 ἑαυτοῖς
1775 4062 1830 4112 τέ

218 4165 344 4198 τινα
371 4146 488 4217 (26)
526 4149 866 4220 παραμυθίαν
921 4145 1106 4201 δοῦναι
1138 4145 1233 4202 δ’ιά
1288 4158 1389 4201 τῶν
1428 4158 1748 4223 στεναγμῶν,
1780 4147 1831 4201 οἱ

217 4237 492 4307 πεφύκασί
527 4254 634 4297 πως
680 4238 739 4288 τό
801 4234 850 4288 ἓν
901 4244 974 4308 τῷ
1032 4235 1189 4310 βάθει
1257 4236 1486 4312 ἀλγεινόν
1541 4234 1829 4313 διαφορεῖν,

219 4323 350 4376 ὅταν
392 4329 657 4395 γίνωνται’
707 4329 798 4378 καὶ
838 4329 934 4384 τὴν
991 4331 1088 4386 σὴν
1125 4327 1462 4400 μεγαλόνοιαν
1505 4331 1636 4405 πρός
1683 4328 1830 4381 ἐκτε-

219 4416 464 4485 νεστέραν
515 4417 610 4472 τὴν
653 4413 781 4490 ὑπερ
843 4424 942 4466 τῶν
992 4415 1314 4475 Ἐκκλησιῶν
1392 4417 1560 4490 εὐχὴν
1633 4437 1832 4491 παρορ-

225 4507 424 4573 μῆσαι.
456 4501 589 4556 Ἐπεὶ
647 4507 737 4556 καὶ
784 4509 1012 4565 Μωῦσῆς
1067 4509 1265 4577 ηὔχετο
1307 4509 1398 4579 μὶν
1446 4505 1522 4558 ἀεὶ
1576 4507 1702 4582 ὑπὲρ
1741 4513 1832 4558 τοῦ

225 4588 360 4641 λαοῦ
389 4585 643 4648 δηλονότι⁶
673 4592 757 4645 ὅτε
793 4597 969 4667 μέντοι
996 4597 1128 4668 πρὸς
1147 4597 1233 4646 τόν
1266 4595 1500 4668 Ἀμαλὴκ
1521 4597 1663 4667 ἀγὼν
1693 4595 1832 4666 αύτῷ

223 4685 581 4750 συνειστήκει,
602 4680 663 4734 ού
683 4683 881 4741 καθῆκε
897 4685 986 4744 τὰς
1008 4690 1193 4758 χεῖρας
1215 4681 1268 4748 ἐξ
1291 4684 1355 4737 ἐω
1375 4684 1831 4758 μέχριςιὲσπέραςο

219 4767 340 4822 ἀλλ’
378 4769 408 4828 ἡ
464 4772 677 4833 ἓκτασις
729 4780 830 4824 τῶν
876 4781 1073 4847 χειρῶν
1107 4780 1202 4827 τοῦ
1244 4772 1399 4847 ἁγίου
1437 4782 1513 4847 τῷ
1555 4773 1686 4828 τέλει
1738 4783 1837 4837 τῆς

213 4861 415 4935 μάχης
448 4861 890 4936 συναπηρτίζετο.

297 5038 344 5074 εί
388 5037 576 5098 Exod.
602 5054 746 5114 xvii,
782 5043 869 5096 t2.

1937 3985 2073 4026 rum
2101 3970 2162 4026 in
2185 3969 2338 4026 datis
2359 3969 2440 4026 ad
2461 3973 2627 4026 tuam
2659 3968 3016 4040 dignitatem
3043 3967 3250 4024 litteris
3269 3983 3391 4023 non
3414 3983 3596 4040 parce

1939 4058 2338 4123 memini,sed
2377 4063 2441 4114 ut
2497 4063 2553 4114 et
2598 4057 2746 4114 mihi
2775 4059 2905 4131 ipse
2954 4056 3240 4114 solatium
3271 4057 3460 4114 feram
3490 4071 3598 4129 per

1939 4148 2330 4221 gemitus,qui
2347 4147 2540 4204 solent
2558 4147 3017 4222 quodammodo
3033 4146 3313 4202 intimum
3331 4146 3598 4204 dolorem

1939 4235 2296 4305 dissolvere,
2323 4237 2472 4292 dum
2504 4242 2863 4310 erumpunt;
2891 4244 2951 4293 et
2979 4252 3273 4307 magnum
3321 4237 3599 4292 animum

1940 4331 2111 4382 tuum
2131 4327 2206 4382 ad
2229 4327 2611 4383 intentiorem
2636 4343 2746 4400 pro
2762 4326 3035 4383 Ecclesiis
3059 4342 3300 4399 precem
3322 4327 3600 4384 excitem.

1941 4418 2088 4473 Nam
2125 4422 2182 4472 et
2208 4419 2397 4473 Moses
2427 4431 2666 4488 semper
2695 4415 2941 4488 quidem
2970 4432 3080 4488 pro
3109 4415 3334 4488 populo
3355 4415 3598 4472 orabat:

1942 4511 2154 4561 atcum
2181 4522 2452 4577 pugnam
2486 4522 2623 4562 cum
2655 4505 2895 4562 Amalec
2919 4505 3334 4574 committeret,
3357 4520 3479 4559 non
3511 4519 3602 4559 re-

1943 4593 2104 4650 misit
2131 4611 2353 4650 manus
2377 4595 2454 4650 ab
2476 4611 2697 4652 aurora
2728 4594 2808 4650 ad
2829 4610 3143 4666 vesperam
3169 4594 3211 4628 ⁸¹
3237 4609 3252 4662 ;
3285 4593 3392 4648 sed
3409 4593 3602 4650 sancti

1942 4698 2240 4739 manuum
2289 4684 2558 4741 extensio
2585 4699 2710 4742 non
2760 4683 2901 4751 alio,
2922 4699 3112 4756 quam
3141 4697 3371 4756 pugna,
3399 4681 3602 4740 termi-

1943 4777 2090 4830 nata
2105 4771 2347 4833 estﬁne.

295 5213 423 5292 (2i)-
453 5212 998 5292 Ἀπερυθριασάντων.
1032 5220 1118 5275 Ita
1161 5232 1310 5274 mss.
1356 5217 1648 5292 quinque.
1682 5217 1823 5278 Editi

1946 5221 2061 5292 toﬁ.
2108 5215 2284 5292 Coisl.
2309 5219 2566 5292 uterque
2595 5219 2654 5292 et
2677 5216 2897 5292 Regius
2924 5220 3177 5291 uterque
3205 5221 3270 5276 ut
3296 5217 3360 5277 in
3402 5219 3595 5276 textu.

209 5283 738 5360 ἀπερυθριαξόντων.

295 5355 647 5436 (ξξγᾼίάτργ.
673 5359 758 5413 Ita
798 5355 984 5436 iidem
1007 5375 1301 5436 §e_x_mss._
1327 5359 1479 5416 Editi
1525 5358 1833 5436 ἀνθρώπων,

293 5429 566 5504 (23)-ᾚφξ
597 5429 811 5504 {auream
862 5434 948 5487 ita
994 5431 1172 5489 Coisl.
1210 5431 1446 5504 primus
1469 5429 1833 5491 cum'tribns

209 5497 570 5556 aliiledl'ti
603 5499 687 5571 ἀφ’
722 5499 936 5556 ἑαυτῶν.

294 5571 414 5641 (24)
454 5576 540 5630 Μὴ
582 5571 942 5646 προληφθῆναί
987 5592 1122 5631 τινα.
1155 5573 1338 5632 Paris.
1362 5579 1423 5646 et
1451 5577 1591 5646 Reg.
1621 5590 1833 5632 secun-

203 5641 344 5700 dus
385 5647 458 5715 μὴ
491 5641 856 5716 προληφθῆναι
906 5666 1068 5708 τινας.
1101 5646 1329 5704 Ibidem
1359 5645 1501 5704 editi
1526 5641 1706 5722 χειρός
1733 5649 1832 5703 αύ-

2019 5289 2133 5364 (2Ξῇ)
2173 5289 2247 5364 Δι’
2272 5288 2483 5364 -ὐμῶνί
2509 5290 2684 5360 Μοά.,
2739 5289 2914 5350 Coisl.
2946 5288 3200 5364 uterque
3237 5295 3294 5347 et
3340 5294 3481 5360 Reg.
3510 5303 3606 5346 se-

1942 5357 2181 5418 cundus
2201 5357 2296 5413 διά
2311 5357 2427 5413 σοῦ.

2009 5435 2119 5503 (26)
2162 5433 2397 5493 Ἐαυτοίς
2451 5433 2507 5503 τέ
2556 5451 2693 5487 τινα.
2748 5432 2938 5489 Coisl.
2999 5431 3302 5489 secundus
3345 5432 3408 5491 et
3455 5431 3601 5501 Reg.

1942 5502 2246 5561 seCundus
2301 5505 2419 5555 τινὰ
2470 5502 2705 5565 ἑαυτοῖς.
2766 5504 2942 5573 Harl,
2993 5505 3187 5565 αὐτοῖς.

2015 5575 2226 5634 'Alias
2285 5576 2490 5632 CCXL.
2541 5577 2774 5649 Scripta
2830 5591 2993 5634 anno
3048 5578 3171 5633 376.
