4148 6406
259 333 366 393 θοι

1192 335 1690 415 EPISTOLARUM
1727 334 2016 394 σωθείς
2058 333 2129 393 Π.
2167 332 2392 392 EHST.
2434 333 2702 392 CCXLIII.

260 453 611 518 όιδασκαλίας
634 454 1012 530 προσδεῖσθαι,
1060 462 1154 519 τήν
1187 459 1430 519 ἀλήθειαν
1485 468 1586 514 τῶν
1627 462 1872 534 πραγμά-

1993 473 2228 516 ιιοοοεεθ
2270 473 2405 515 esse
2457 473 2571 514 vos
2630 455 2872 527 docere,
2908 469 3052 512 cum
3085 456 3401 514 veritatem
3435 471 3644 516 rerum

260 566 364 600 των
391 546 556 600 πάλαι
581 554 645 619 τῇ
683 551 828 621 φήμῃ
861 543 1292 622 δεδιδαγμένους.
1347 550 1630 622 Κεφάλαιον
1675 546 1734 603 δὲ
1779 557 1870 602 τοῦ

260 644 447 690 κακοῦο
509 638 559 689 οἱ
607 635 740 702 λαοὶ,
784 641 906 699 τοὺς
962 646 1063 690 τῶν
1123 645 1439 713 προσευχῶν
1504 639 1871 700 καταλιπόντες

259 729 460 792 οἴκους,
539 724 589 778 ἕν
669 733 787 787 ταῖς
838 727 1048 800 ἐρήμοις
1095 729 1210 800 (36)
1263 730 1609 799 συνάγονται.
1685 732 1871 801 Θέαμα

260 814 491 879 ἐλεεινόν,
531 822 796 886 γυναῖκες,
836 824 927 868 καὶ
980 813 1196 885 παιδιά,
1223 823 1312 870 καὶ
1366 822 1620 891 γέροντες,
1674 822 1765 870 καὶ
1820 820 1871 871 οἱ

259 904 427 966 ἄλλως
496 904 606 974 (37)
666 901 919 973 ἀσθενεῖς,
973 903 1022 956 ἐν
1081 904 1300 978 ὄμϐροις
1366 906 1728 980 λαϐροτάτοις,
1781 911 1872 959 καὶ

258 999 485 1066 νιφετοῖς
544 997 636 1045 καὶ
703 992 905 1065 ἀνέμοις
973 998 1061 1046 καὶ
1129 1004 1340 1067 παγετῷ
1414 1003 1506 1048 τοῦ
1584 1005 1867 1069 χειμῶνος,

259 1084 456 1155 ὁμοίως
505 1079 566 1135 δὲ
594 1088 685 1134 καὶ
731 1081 780 1134 ἐν
812 1085 945 1156 θέρει
983 1085 1083 1136 ὑπὸ
1113 1089 1208 1144 τὴν
1265 1085 1432 1157 φλόγα
1469 1093 1562 1138 τοῦ
1621 1086 1770 1145 ἡλίου
1819 1085 1869 1137 ἐν

255 1179 335 1242 τῷ
389 1173 630 1245 ὑπαίθρῳ
685 1171 1151 1246 ταλαιπωροῦντες.
1202 1178 1304 1227 Καὶ
1350 1181 1522 1227 ταῦτα
1586 1177 1871 1246 πάσχουσι

259 1259 357 1314 διὰ
397 1264 456 1313 τό
501 1268 594 1321 τῆς
635 1266 866 1335 πονηρᾶς
916 1262 1085 1334 ζυμης
1143 1262 1346 1338 Ἀρείου
1392 1265 1634 1335 γενέσθαι
1651 1264 1763 1334 (38)
1793 1266 1867 1336 μὴ

258 1346 682 1422 καταδέχεσθαι.

331 1438 386 1492 3.
421 1441 537 1496 Ηῶς
598 1433 660 1486 άν
707 1435 829 1507 ὑμίν
883 1442 1051 1488 ταῦτα
1112 1436 1266 1508 λόγος
1303 1435 1536 1509 ἐναργῶς
1587 1442 1870 1510 παραστήρ

259 1542 422 1589 σειεν,
455 1523 500 1577 εἰ
527 1528 599 1596 μή
626 1523 758 1582 αὐτὴ
793 1524 904 1596 (39)
933 1526 964 1583 ἡ
996 1531 1152 1598 πεῖρα
1193 1530 1285 1578 καὶ
1313 1527 1344 1584 ἡ
1405 1522 1499 1578 διά
1535 1534 1635 1577 τῶν
1685 1525 1872 1598 ὀφθαλ-

256 1622 373 1686 μῶν
421 1615 514 1666 θέα
567 1617 848 1672 κινήσειειν
901 1615 1037 1686 ὑμᾶς
1093 1619 1222 1687 πρός
1271 1617 1636 1688 συμπάθειανς
1682 1615 1700 1632 ⁴¹
1729 1623 1873 1668 Ωστε

255 1701 659 1776 παρακαλοῦμεν
693 1704 824 1775 ὑμᾶς
871 1710 960 1754 νῦν
1005 1711 1129 1775 γοῦν
1177 1710 1338 1779 χεῖρα
1375 1703 1549 1780 ὀρέξαι
1594 1712 1707 1766 ταῖς
1735 1708 1873 1758 κατὰ

1973 547 2342 620 jamdudum
2372 547 2538 603 fama
2582 545 2930 603 didiceritis.
2963 547 3217 604 Summa
3245 551 3450 603 autem
3493 547 3642 605 mali

1976 639 2107 694 haec
2127 642 2220 694 est
2243 655 2255 705 ;
2277 636 2450 710 plebs
2478 635 2700 693 relictis
2731 651 2982 708 precum
3007 635 3320 705 domibus,
3351 636 3414 692 in
3445 635 3644 693 deser-

1979 727 2051 782 tis
2087 726 2235 782 locis
2289 731 2715 795 congregatur.
2791 727 3216 797 Spectaculum
3263 724 3641 791 miserabile;

1979 815 2284 882 mulieres,
2317 814 2511 888 pueri,
2545 830 2741 882 senes,
2766 819 2824 870 et
2851 813 2958 886 qui
3013 813 3182 870 aliter
3209 813 3435 869 inﬁrmi
3483 818 3646 880 sunt,

1977 906 2131 962 inter
2160 904 2388 960 imbres
2420 904 3013 973 vehementissimos,
3042 904 3233 972 nives,
3265 907 3495 968 ventos,
3525 903 3648 960 bie-

1978 994 2202 1050 malem
2227 994 2403 1064 372
2434 992 2715 1062 glaciem,
2747 993 3018 1048 similiter
3045 1009 3291 1064 quoque
3318 1008 3424 1064 per
3471 996 3646 1050 esta-

1978 1089 2101 1140 tem
2125 1083 2282 1140 inter
2312 1083 2455 1138 solis
2487 1083 2768 1139 ardorem
2786 1083 2902 1138 sub
2923 1083 3026 1138 dio
3053 1083 3269 1139 misere
3290 1083 3644 1155 persistunt.

1978 1178 2172 1246 Atque
2193 1173 2325 1229 haec
2372 1172 2704 1244 patiuntur,
2736 1171 2906 1244 quod
2932 1171 3126 1228 nolint
3175 1172 3349 1245 pravi
3377 1172 3501 1229 Arii
3535 1172 3646 1229 fer-

1977 1261 2165 1318 menti
2195 1259 2517 1334 participes
2550 1259 2705 1316 ﬁeri.

2050 1447 2106 1500 3.
2134 1441 2456 1509 Quomodo
2487 1440 2618 1496 haec
2645 1439 2818 1496 vobis
2851 1439 3045 1496 oratio
3103 1439 3267 1496 clare
3319 1441 3642 1512 exprimat,

1978 1531 2095 1588 nisi
2124 1530 2496 1604 experientia
2516 1529 2652 1602 ipsa
2682 1533 2741 1585 et
2765 1528 3181 1602 spectaculum
3211 1529 3296 1585 rei
3323 1529 3404 1585 ob
3435 1529 3647 1586 oculos

1980 1621 2192 1694 posite
2223 1619 2440 1676 excitet
2457 1635 2568 1675 vos
2585 1617 2666 1674 ad
2697 1617 3284 1674 commiserationem
3298 1619 3327 1674 ?
3356 1618 3649 1675 Obsecra-

1979 1726 2118 1766 mus
2173 1710 2402 1781 itaque,
2445 1713 2510 1764 ul
2550 1706 2646 1762 vel
2675 1722 2839 1762 nunc
2881 1706 3125 1762 tandem
3167 1705 3486 1779 porrigatis
3515 1721 3647 1762 ma-

256 1796 357 1850 τὴν
405 1790 660 1849 ἀνατολὴν
713 1791 1055 1854 Ἐκκλησίαις
1109 1793 1184 1853 εἰς
1229 1797 1351 1864 γόνυ
1407 1793 1692 1854 κλιθείσαις
1734 1791 1865 1865 ἤδη,

1993 1814 2130 1854 cum
2159 1796 2564 1855 Orientalibus
2590 1795 2864 1851 Ecclesiis
2889 1796 3020 1867 jam
3050 1795 3112 1851 in
3159 1811 3360 1866 genua
3399 1795 3649 1852 inclina-

257 1886 352 1934 καὶ
409 1879 719 1933 ἀποστεῖλαί
760 1901 906 1943 τινας
953 1885 1077 1942 τοὺς
1141 1890 1242 1934 τῶν
1303 1884 1506 1954 μισθῶν
1575 1884 1870 1956 ὑπομιμνή-

260 1989 486 2032 σκοντας
536 1978 636 2021 τῶν
685 1967 1033 2043 ἀποκειμένων
1085 1969 1171 2023 ἐπὶ
1208 1979 1271 2043 τῇ
1323 1973 1557 2044 ὑπομονῇ
1605 1980 1706 2024 τῶν
1740 1974 1869 2045 ὑπὲρ

257 2068 498 2136 Χριστοῦ
549 2061 888 2132 παθημάτων.
945 2059 1021 2112 Οὐ
1071 2063 1174 2133 ’γὰρ
1228 2067 1478 2114 τοσοῦτον
1555 2062 1583 2112 ό
1637 2064 1873 2124 συνήθης

265 2149 419 2221 λόγος
464 2147 683 2222 ἐνεργεῖν
738 2152 980 2220 πέφυκεν,
1043 2152 1164 2201 ὅσον
1223 2151 1253 2207 ἡ
1301 2149 1416 2212 ξένη
1461 2153 1601 2221 φωνὴ
1635 2148 1868 2222 ἐμποιεῖν

256 2242 355 2297 τὴν
403 2236 760 2310 παράκλησιν,
822 2241 914 2290 καὶ
957 2245 1125 2290 ταῦτα
1179 2240 1325 2311 παρά
1377 2235 1583 2313 ἀνδρῶν
1623 2243 1869 2310 γινομόνη

257 2335 538 2398 πανταχοῦ
563 2326 676 2396 (40)
706 2324 790 2379 ἐπὶ
813 2333 924 2388 τοῖς
963 2326 1266 2389 καλλίστοις
1291 2335 1354 2400 τῇ
1387 2335 1479 2380 τοῦ
1507 2335 1641 2382 Θεοῦ
1683 2331 1874 2401 χάριτι

256 2417 672 2491 γνωριζομένων,
741 2417 955 2476 ὁποίους
984 2415 1120 2487 ὐμοὶς
1176 2419 1206 2474 ἡ
1251 2420 1397 2488 φήμη
1449 2422 1614 2469 πᾶσιν
1663 2416 1874 2490 ἀνθρὼ-

257 2525 382 2568 ποις
432 2503 789 2578 περιαγγέλλει
841 2507 978 2575 (41),
1039 2503 1297 2578 ἀτρώτους
1353 2508 1490 2558 κατὰ
1539 2511 1635 2564 τὴν
1692 2512 1872 2560 πίστιν

259 2591 654 2667 διαμείναντας,
733 2594 926 2646 ἄσυλον
1001 2599 1097 2652 τὴν
1167 2593 1517 2654 ἀποστολικὴν
1563 2615 1874 2669 παρακατα-

259 2687 432 2743 θήκην
503 2682 944 2755 διαφυλάξαντας.
1008 2682 1144 2738 Ἀλλ’
1194 2684 1322 2756 οὐχὶ
1379 2690 1468 2738 καὶ
1536 2688 1604 2737 τὰ
1651 2687 1874 2760 ἡμέτερα

259 2781 504 2827 τοιαῦτα·
559 2773 663 2825 ἀλλ’
703 2775 893 2846 ἔχομέν
936 2793 1078 2834 τινας
1121 2773 1377 2846 ἐπιθυμία
1421 2772 1600 2840 δόξης,
1660 2779 1750 2828 καὶ
1805 2783 1871 2847 τῇ

261 2863 501 2935 μάλίστα
535 2881 968 2937 καταστρεφουσῃ
1001 2871 1334 2936 Χριστιανῶν
1373 2863 1562 2935 ψυχὰς
1593 2870 1874 2935 φνσιώσει,

263 2951 766 3026 καταθαῤῥήσαντάς
822 2953 930 3022 (4-2)
983 2971 1135 3004 τινων
1211 2958 1546 3024 καινοτομίας
1600 2953 1872 3028 ῥημάτων,

263 3041 382 3093 ὅθεν
453 3041 509 3092 αἱ
589 3040 898 3099 Ἐκκλησίαι
977 3042 1358 3115 σαθρωθεῖσαι,

257 3127 606 3202 ἀραιωθέντα,

1434 3046 1610 3114 ὥσπερ
1685 3050 1875 3114 ἀγγεῖα

255 3215 503 3280 ἐδέξαντο
533 3217 672 3271 Ἀλλ’
692 3220 860 3292 ὑμεῖς,
891 3219 930 3270 ὧ
949 3217 1213 3290 ἀγαπητοὶ
1229 3221 1355 3292 ἡμῖν
1380 3223 1472 3271 καί
1494 3222 1871 3292 πεπιπόθητοι,

253 3309 470 3380 γένεσθε
493 3315 594 3359 τῶν
624 3311 716 3380 μὲν
740 3316 1072 3382 τραυματιῶν
1095 3308 1286 3382 ἰατροὶ,
1307 3317 1406 3360 τῶν
1444 3306 1505 3362 δὲ
1545 3311 1874 3380 ὑγιαινόντων

255 3393 635 3470 παιδοτρίϐαι·
658 3401 715 3449 τό
743 3401 834 3470 μὲν
863 3401 1142 3459 νενοσηκὸς
1169 3398 1474 3470 ὖγιάζοντες
1514 3399 1655 3470 (43),
1707 3401 1768 3451 τὸ
1814 3396 1877 3452 δὲ

255 3488 499 3558 ὑγιαῖνον
529 3485 821 3558 ἀλείφοντες
846 3486 917 3549 εἰς
944 3485 1230 3543 εὐσέϐειαν.

766 3616 1102 3666 ΕΠΙΣΤΟΔΗ
1139 3609 1318 3666 ΣΜΓ.

1979 1888 2076 1954 tis,
2126 1892 2183 1944 et
2228 1885 2496 1956 mittatis,
2545 1885 2655 1958 qui
2691 1884 3066 1941 admoneant
3105 1883 3184 1940 de
3210 1883 3532 1940 reservatis
3565 1884 3648 1941 ob

1979 1975 2144 2032 mala
2163 1991 2272 2048 pro
2295 1975 2528 2032 Christo
2560 1974 2812 2030 tolerata
2836 1972 3124 2046 praemiis.
3166 1975 3295 2028 Non
3321 1975 3486 2028 enim
3510 1977 3649 2030 tan-

1979 2070 2110 2122 tum
2138 2070 2432 2121 consueta
2460 2064 2652 2120 oratio
2681 2062 2939 2130 efﬁcere,
2989 2066 3288 2134 quantum
3322 2063 3650 2134 peregrina

1979 2169 2095 2210 vox
2124 2154 2275 2210 solet
2299 2153 2512 2208 aﬁ‘erre
2563 2151 2779 2216 solatii,
2814 2151 3148 2222 prmsertim
3297 2151 3650 2207 hominibus

1978 2244 2229 2298 veniens
2250 2241 2478 2312 ubique
2501 2239 3036 2312 praeclarissimam
3054 2239 3117 2295 in
3137 2243 3372 2311 partem
3395 2240 3498 2295 Dei
3516 2254 3651 2308 gra-

1980 2333 2064 2389 tia
2091 2333 2369 2403 cognitis,
2399 2331 2611 2404 quales
2630 2346 2740 2386 vos
2773 2331 2939 2386 fama
2964 2330 3252 2385 omnibus
3296 2330 3649 2386 hominibus

1981 2421 2324 2489 annuntiat,
2359 2419 2550 2492 utqui
2571 2419 3026 2491 permanseritis
3045 2418 3168 2473 ﬁde
3192 2417 3380 2484 illaesi,
3407 2423 3651 2490 aposto-

1980 2511 2288 2582 licumque
2341 2509 2686 2581 depositum
2717 2506 3068 2564 inviolabile
3112 2508 3517 2564 servaveritis.
3581 2512 3650 2564 At

1980 2614 2105 2654 non
2133 2599 2216 2654 ita
2244 2615 2340 2654 res
2368 2601 2587 2653 nostrai
2620 2613 2684 2653 se
2712 2597 2978 2664 habent;
3035 2597 3141 2651 sed
3164 2596 3331 2669 apud
3355 2613 3467 2653 nos
3512 2603 3655 2654 sunt

1981 2689 2086 2762 qui
2116 2689 2318 2758 gloriae
2349 2687 2670 2757 desiderio,
2705 2691 2760 2742 et
2784 2686 3050 2749 maxime
3071 2691 3373 2742 evertente
3411 2687 3653 2742 animas

1982 2777 2461 2832 Christianorum
2521 2780 2781 2844 tumore,
2842 2774 3188 2830 effutierunt
3237 2775 3652 2846 quorumdam

1980 2865 2316 2923 novitatem
2357 2864 2725 2919 verborum:
2781 2863 2943 2918 unde
2997 2863 3273 2918 Ecclesia:
3318 2869 3648 2935 quassatae,

1982 2954 2161 3027 quasi
2182 2968 2330 3009 vasa
2358 2952 2644 3024 quaedam
2672 2953 2900 3018 luxata,
2921 2951 3276 3008 inﬂuentem
3302 2953 3651 3008 haereticam

1981 3042 2391 3114 corruptelam
2408 3045 2783 3113 receperunt.
2803 3039 2920 3096 Sed
2940 3056 3071 3110 vos,
3094 3056 3130 3095 ο
3159 3039 3528 3096 dilectissimi
3541 3056 3652 3096 no-

693 3135 788 3188 τήν
855 3132 1123 3202 αἱρετικὴν
1198 3126 1488 3204 διαφθορὰν
1573 3131 1872 3206 εἰσρυεῖσαν

1993 3133 2076 3188 bis
2101 3148 2170 3188 ac
2199 3131 2582 3203 optatissimi,
2613 3129 2956 3186 sauciorum
2984 3129 3232 3201 quidem
3256 3129 3382 3186 sitis
3407 3130 3650 3195 medici,

1983 3237 2274 3278 sanorum
2314 3237 2456 3277 vero
2486 3221 2824 3277 hortatores
2859 3235 2874 3286 ;
2924 3220 3091 3292 quod
3117 3224 3412 3289 aegrotum
3442 3223 3531 3275 est
3571 3219 3654 3275 ad

1983 3311 2306 3368 sanitatem
2324 3315 2700 3376 revocantes,
2725 3313 2784 3366 et
2803 3309 2971 3381 quod
2985 3323 3209 3365 sanum
3225 3308 3545 3367 incitantes
3571 3307 3654 3366 ad

1983 3399 2295 3472 pietatem.
3403 3419 3408 3423 ’

2462 3610 2804 3669 EPISTOLA
2845 3611 3142 3668 CCXLllI'.

264 3735 748 3794 Occidentalium
778 3751 944 3804 opem
975 3736 1258 3805 implorat
1289 3736 1558 3792 Basilius
1588 3750 1661 3792 ac
1690 3751 1815 3792 non
1853 3736 2045 3792 solum
2086 3736 2347 3792 Orientis
2376 3737 2681 3792 malorum
2719 3735 3118 3804 descriptione
3141 3749 3236 3790 eos
3265 3737 3515 3805 tangere
3555 3751 3652 3792 co-

336 3813 548 3875 natur,
573 3807 677 3862 sed
704 3809 883 3863 etiam
907 3809 1244 3876 periculum
1269 3823 1389 3863 esse
1418 3808 1584 3863 docet
1610 3823 1685 3864 ne
1710 3808 2055 3863 incendium
2085 3809 2461 3863 Occidentem
2480 3807 2781 3876 pervadat
2806 3825 2820 3873 ;
2847 3805 3006 3861 unde
3026 3811 3258 3876 quanta
3279 3807 3354 3860 sit
3378 3805 3652 3875 blasphe-

335 3893 471 3933 miae
505 3879 779 3947 impietas
808 3884 862 3934 et
899 3880 1146 3935 licentia
1180 3880 1447 3948 exponit.
1469 3881 1728 3949 Legatus
1751 3881 1964 3935 missus
1987 3880 2344 3948 Dorotheus,
2367 3894 2500 3934 cum
2521 3879 2808 3948 episcopis
2832 3878 2904 3932 ob
2925 3883 3145 3932 metum
3173 3877 3435 3932 hostium
3457 3877 3654 3936 abesse

336 3965 462 4005 non
485 3951 712 4006 liceret.

263 4077 410 4150 Ηρὸς
439 4071 663 4134 Ἰταλοὺς
694 4073 804 4144 (44)
847 4078 939 4128 καὶ
986 4073 1212 4136 Γάλλους
1242 4073 1592 4137 ἐπισπόπους,
1629 4078 1749 4148 περὶ
1789 4081 1887 4136 τῆς

339 4164 713 4223 καταστάσεως
731 4166 823 4214 καὶ
855 4166 1170 4235 συγχύσεως
1209 4171 1310 4215 τῶν
1341 4162 1528 4221 Ἐκκλη
1539 4171 1684 4218 σιῶν.

348 4257 401 4308 1.
433 4258 555 4314 Τοῖς
601 4257 668 4312 ὡς
725 4250 930 4315 ἀληθῶς
990 4252 1402 4325 θεοφιλεστάτοις
1447 4257 1535 4305 καὶ
1575 4253 1886 4305 ποθεινοτά-

267 4361 387 4403 τοις
455 4337 701 4413 ἀδελφοῖς
777 4346 868 4394 καὶ
917 4342 1224 4414 ὁμοψὺχοις
1290 4341 1726 4417 συλλειτουργοῖς,
1774 4349 1885 4405 τοῖς

271 4431 414 4484 κατὰ
445 4435 538 4488 τήν
575 4429 796 4483 Γαλλίαν
843 4433 934 4484 καὶ
988 4430 1214 4484 Ἰταλίαν
1243 4429 1566 4499 ἐπιοιὸποις,
1617 4430 1886 4492 Βασίλειος

507 4606 774 4689 Ἑρῄρμοις.
1001 4605 1282 4689 φῐκερίβΙ.
1331 4607 1583 4689 primus
1621 4605 1878 4689 ἐρημίαιςἶ

358 4678 472 4745 (37)
505 4678 768 4739 Οῐάλλως.
799 4679 945 4735 Med.
974 4684 1031 4735 et
1062 4679 1233 4735 Coisl.
1265 4678 1499 4750 primus
1534 4682 1583 4730 οί
1634 4678 1777 4730 αλλοι
1801 4681 1882 4734 Et

278 4749 398 4806 alii
424 4751 670 4819 inﬁrmi.
728 4751 912 4806 Paulo
967 4755 1108 4822 post
1153 4749 1291 4805 editi
1335 4753 1383 4802 ‘ao
1411 4757 1656 4822 νιφετοῖς.
1700 4753 1882 4805 Deest

277 4822 628 4894 praepositio
654 4823 714 4877 in
745 4839 888 4877 mss.
919 4822 1252 4894 codicibus.

356 4894 462 4960 (38;
497 4896 764 4966 Γενέσθαι.
813 4893 1012 4949 Codex
1046 4893 1416 4966 _Bigotianus
1445 4908 1490 4966 7a
1520 4892 1881 4949 Combeﬁsio

276 4962 500 5019 citatus
535 4971 590 5019 et
625 4965 813 5020 Paris.
842 4963 1108 5020 secunda
1133 4962 1320 5019 manu
1357 4963 1586 5019 habent
1609 4967 1878 5035 γεύεσθαι,

276 5036 438 5106 quod
475 5037 672 5092 nolint
715 5052 977 5106 pravum
1029 5036 1168 5091 Arii
1201 5037 1565 5106 fermentum
1612 5042 1877 5105 gustare.

278 5106 397 5163 Sed
429 5107 609 5163 simili
641 5123 823 5179 sensu
855 5107 1110 5162 Basilius
1140 5106 1199 5162 in
1231 5109 1402 5177 epist.
1431 5112 1535 5162 250
1567 5125 1579 5161 :
1615 5108 1882 5179 Σύγγνωθι

277 5179 407 5251 ἡμῖν
439 5183 527 5251 ⁸μὴ
586 5175 1032 5251 καταδεχόμενοις
1099 5188 1194 5238 τῆς
1248 5175 1416 5251 ζυμης
1477 5175 1735 5249 ’γενέσθαι⁷
1781 5187 1881 5229 τῶν

279 5246 911 5321 ἑτειοοὸτιδασκαλούντων,
941 5251 1182 5321 Ignosce
1203 5246 1390 5316 nobis,
1419 5246 1492 5318 {si
1522 5251 1884 5305 committere

276 5322 542 5377 nolimus
572 5323 939 5392 utfermenti
994 5337 1218 5390 eorum,
1281 5323 1385 5392 qui
1431 5321 1613 5376 aliter
1666 5321 1880 5376 docent

269 5393 604 5464 participes
631 5395 834 5448 simus.

329 5466 463 5552 ⁹(39)
504 5461 576 5517 Εἰ
613 5469 684 5538 μὴ
727 5466 882 5522 αὐτή.
938 5463 1116 5520 Coisl.
1147 5462 1380 5535 primus
1411 5467 1468 5518 et
1492 5462 1644 5519 Med.
1695 5461 1780 5512 ἐάν
1806 5466 1878 5534 μὴ

277 5554 416 5593 αντη
427 5579 440 5592 ,

355 5608 470 5682 (40)
516 5609 807 5680 Ηανταθοῢ.
860 5609 1032 5665 Deest
1081 5606 1144 5666 in
1199 5604 1382 5678 Harl,
1417 5605 1579 5679 Vat.,
1610 5606 1753 5678 Reg.
1794 5619 1881 5662 se-

1918 4719 1964 4774 D

1995 4072 2089 4129 Ad
2117 4074 2407 4146 episcopos
2437 4072 2621 4128 Italos
2649 4075 2703 4125 et
2745 4071 2977 4141 Gallos,
3006 4070 3076 4127 de
3110 4070 3561 4141 perturbatione
3575 4087 3653 4131 ac

2420 4163 2766 4232 confusione
2801 4162 3229 4218 Ecclesiarum.

2071 4256 2120 4308 1.
2162 4254 2308 4309 Vere
2331 4250 2802 4322 religiosissimis
2847 4266 2919 4306 ac
2967 4250 3338 4307 charissimis
3365 4249 3654 4306 fratribus

1993 4344 2051 4397 et
2077 4340 2386 4397 unanimis
2417 4338 2849 4396 comministris
2872 4338 3072 4394 Galliae
3103 4343 3160 4394 et
3199 4339 3380 4396 Italiae
3411 4337 3652 4410 episco—

1991 4429 2108 4502 pis,
2145 4430 2393 4486 Basilius
2423 4429 2707 4485 Caesareae
2739 4427 3140 4501 Cappadociae
3163 4427 3518 4500 episcopus.
3538 4428 3650 4484 Do-

1994 4605 2217 4661 cundo.
2247 4604 2422 4660 Coisl.
2455 4603 2724 4660 secundo
2753 4606 2812 4659 et
2836 4603 3023 4658 altero
3055 4603 3246 4674 Bigot.

2066 4677 2174 4748 (41)
2209 4676 2710 4749 Ηεριαγγξλλειηιιᾶ
2739 4674 3112 4749 Harl._Coisl.
3145 4681 3396 4746 uterque
3433 4677 3492 4730 et
3544 4677 3650 4732 Re-

1994 4747 2128 4819 gius
2154 4745 2612 4820 uterque._Editi
2639 4745 3005 4820 παραγγέλλει.

2066 4822 2179 4886 (42)
2214 4816 2751 4891 Καταθαῤῥήσαντας.
2810 4816 2964 4891 Harl.
2997 4819 3246 4891 et__Beg.
3293 4820 3548 4891 uterque
3593 4823 3652 4876 et

1993 4891 2182 4959 Bigot.
2213 4887 2740 4963 καταθαρσὴσαντας.
2776 4887 2934 4942 Infra
2991 4887 3132 4942 editi
3171 4893 3240 4950 ὡς
3295 4887 3562 4959 ἀγαπῇτοί
3593 4893 3652 4947 et

1989 4963 2324 5033 τραυμάτων.
2369 4961 2618 5016 COdices
2659 4976 2804 5015 mss.
2836 4974 3079 5014 summo
3119 4974 3446 5028 consensu,
3495 4968 3559 5018 ut
3586 4963 3652 5018 in

1990 5038 2176 5089 textu.

2030 5176 2042 5190 η
2206 5102 2554 5174 ’Υγιάζοντες.
2579 5100 2756 5158 Coisl.
2775 5102 3012 5174 primus
3043 5101 3366 5174 ὑγιαίνοντες
3413 5107 3474 5160 et
3520 5107 3650 5178 πρὸς

2030 5188 2109 5226 νσε
2147 5194 2274 5226 ειαν.

1991 5194 2274 5229 ευσεοειαν.

2065 5247 2177 5317 (4-4)
2211 5243 2643 5318 ΗρόςηἸταλούς.
2686 5247 2799 5318 etc.
2829 5246 2996 5318 Hunc
3020 5243 3259 5318 titulum
3302 5244 3646 5318 desumpsi-

1993 5314 2128 5372 mus
2153 5333 2226 5372 ex
2257 5314 2566 5371 codicibus
2597 5314 2782 5378 Harl,
2810 5315 2956 5371 Med.
2991 5321 3047 5370 et
3087 5316 3268 5374 Coisl.
3318 5314 3543 5387 primo:
3582 5319 3650 5371 In

1991 5388 2164 5443 editis
2193 5388 2344 5442 tituli
2366 5389 2498 5442 loco
2520 5389 2801 5458 apposita
2821 5387 3058 5442 fuerant
3073 5388 3203 5443 haec
3247 5387 3432 5458 verba
3451 5390 3562 5448 τοῖς
3583 5390 3650 5446 ὡς

1993 5459 2220 5528 ἀληθῶς,
2250 5463 2388 5527 etc.,
2417 5456 2714 5530 quae—cum
2745 5459 2878 5530 ipso
2908 5464 3188 5530 contextu
3208 5456 3474 5530 epistolae
3503 5473 3648 5513 con-

1987 5531 2199 5603 juncta
2219 5535 2363 5603 sunt
2385 5529 2452 5585 in
2467 5529 2657 5603 tribus
2685 5529 2986 5601 praedictis
3009 5529 3342 5588 codicibus.

2061 5604 2084 5627 ‘
2111 5601 2274 5658 Alias
2303 5601 2455 5659 LXX.
2487 5602 2717 5674 Scripta
2742 5615 2908 5658 anno
2925 5604 3050 5678 376.
