4148 6394
287 327 395 381 905

1244 322 1731 384 EPISTOLARUM
1759 317 2052 382 CLASSIS
2098 322 2166 382 II.
2195 320 2413 386 EPIST.
2444 325 2714 386 CCXLIII.

3553 329 3662 393 900

286 451 408 510 κίας
462 444 765 519 αἰδέσιμος,
818 447 913 501 οὐκ
945 448 1179 513 ἄσκησις
1226 448 1511 517 εὐσεϐείας,
1539 448 1599 502 οὗ
1657 447 1893 502 πολιτεία

2012 449 2348 508 exercitatio
2360 449 2618 525 pietatis,
2631 464 2757 509 non
2767 449 2892 508 vita
2902 450 3242 509 secundum
3266 452 3664 527 Evangelium

286 539 424 590 κατὰ
450 540 511 590 τὸ
566 536 881 609 Εὐαγγέλιον
929 536 986 591 ἐκ
1050 542 1291 600 νεότητος
1365 540 1433 601 εἰς
1496 546 1661 613 γῆρας
1712 534 1894 591 διανυ-

289 629 508 682 σθείσα.
571 626 726 679 Ἀλλὰ
777 634 1072 702 κακοῦργος
1127 632 1217 701 μὲν
1273 625 1445 690 οὐδεὶς
1490 629 1610 680 ἄνευ
1668 626 1916 699 ἐλέγχων,

286 712 728 777 καταδικάζεταιο
763 714 1043 769 ἐπίσκοποι
1094 713 1153 770 δὲ
1207 717 1307 770 ἀπὸ
1356 722 1515 791 μόνης
1562 718 1676 786 (49]
1732 734 1896 769 συκο-

289 804 508 877 φαντίας
593 804 847 874 ἑάλωσαν,
932 810 1023 859 καὶ
1104 802 1368 880 μηδεμιᾶς
1421 802 1734 869 ἀποδείξεως
1789 811 1899 865 τοῖς

288 892 617 966 ἐγκλήμασιν
675 892 1047 966 ἕπενεχθείσης
1092 902 1210 957 ταῖς
1237 900 1518 970 τιμωρίαις
1570 890 1894 948 ἕκδίδονται.

287 985 437 1044 Τινὲς
467 978 527 1036 δι
552 984 669 1036 οὔτε
707 983 991 1057 ἐγνώρισαν
1040 984 1153 1057 (50)
1203 989 1553 1058 κατηγόρους,
1585 986 1703 1037 οὔτε
1758 980 1898 1037 εἶδον

291 1067 641 1145 δικαστήρια,
691 1076 807 1126 οὔτε
853 1072 1356 1146 ἐσυκοφαντήθησαν
1406 1078 1500 1133 τήν
1558 1072 1754 1150 ἀρχὴν,
1788 1059 1899 1126 ἀλλ’

293 1158 427 1235 ἀωρὶ
486 1169 588 1213 τῶν
642 1169 840 1213 νυκτῶν
918 1160 1109 1235 βιαίως
1174 1160 1582 1238 ἁναρπασθίντες
1657 1162 1729 1224 εἰς
1802 1164 1898 1220 τὴν

290 1252 573 1325 ὑπερορίαν
628 1246 1087 1323 ίφυγαδεύθησαν,
1117 1258 1232 1313 ταῖς
1290 1249 1345 1303 ἐκ
1410 1259 1505 1313 τῆς
1561 1250 1781 1326 ἐρημίας
1808 1269 1900 1303 κα-

288 1343 599 1404 κοπαθείαις
644 1337 1029 1415 παραδοθέντες
1079 1342 1148 1403 εἰς
1202 1343 1438 1396 θάνατον.
1489 1345 1567 1395 Τὰ
1606 1338 1666 1394 δὲ
1701 1343 1898 1401 τούτοις

290 1430 515 1504 ἑπόμενα
585 1436 823 1507 γνώριμα
885 1436 1064 1502 παντὶ,
1132 1430 1228 1483 κᾶν
1304 1432 1456 1505 ἡμεῖς
1524 1435 1895 1504 σιωττὴσωμεν⁵

289 1525 457 1595 φυγαὶ
513 1519 895 1595 πρεσϐυτέρων,
956 1525 1115 1593 φυγαὶ
1202 1517 1479 1590 διακόνων,
1541 1524 1632 1573 καὶ
1706 1522 1899 1583 παντὸς

288 1618 383 1663 τοῦ
414 1609 608 1682 κλήρου
638 1608 893 1668 λεηλασία
923 1612 1057 1681 (51).
1083 1609 1314 1682 Ἀνάγκη
1341 1611 1443 1685 γὰρ
1476 1610 1507 1669 ἦ
1528 1618 1900 1685 προσκυνῆσαι

288 1708 355 1773 τῇ
399 1699 576 1767 εἰκόνι,
609 1701 639 1759 ἦ
681 1707 744 1772 τῇ
801 1706 1006 1775 πονηρᾷ
1056 1700 1206 1773 φλογὶ
1247 1708 1348 1753 τῶν
1396 1705 1670 1774 μαστίγων
1721 1718 1899 1776 παρα-

291 1785 537 1849 δοθῆναι.
588 1793 872 1861 Στεναγμοὶ
915 1789 1030 1861 (52)
1064 1788 1220 1855 λαῶν,
1256 1786 1487 1864 δάκρυον
1541 1785 1772 1850 διηνεκὲς
1810 1794 1899 1842 καὶ

288 1880 413 1931 κατ’
458 1882 633 1941 οἴκους
677 1882 769 1931 καὶ
819 1875 1079 1951 δημοσίᾳ,
1154 1880 1360 1931 πάντων
1453 1882 1586 1953 πρὸς
1652 1876 1901 1941 ἀλλήλους

290 1965 623 2044 ὀδυρομένων
679 1967 715 2019 ἂ
765 1970 1098 2040 πάσχουσιν,
1157 1964 1349 2029 Οὐδεὶς
1410 1969 1512 2043 γὰρ
1544 1967 1678 2020 οὕτω
1707 1968 1902 2031 λίθινος

290 2062 391 2117 τήν
441 2053 689 2131 καρδίαν,
720 2059 877 2125 ὥστε,
927 2059 1119 2130 πατρὸς
1179 2059 1466 2133 στερηθεὶς,
1516 2058 1697 2130 πράως
1736 2061 1901 2131 φέρειν

289 2152 390 2207 τὴν
443 2151 711 2221 ὀρφανίαν.
771 2146 942 2219 Ἦχος
985 2148 1300 2219 θρηνούντων
1351 2144 1401 2198 ἐν
1455 2145 1620 2209 πόλει,
1667 2148 1803 2218 ἦχος
1853 2145 1901 2198 ἕν

292 2234 496 2311 ἀγροῖς,
556 2235 605 2289 ἐν
644 2232 811 2303 ὁδοῖς,
880 2234 928 2288 ἐν
1000 2234 1262 2309 ἐρημίαις.
1339 2240 1453 2289 Μία
1516 2239 1654 2308 φωνὴ
1716 2234 1905 2288 ἐλεεινὰ

289 2329 496 2381 πάντων
542 2327 654 2398 (53)
704 2330 795 2377 καὶ
863 2327 1155 2399 σκυθρωπά
1221 2326 1602 2398 φθεγγομένων,
1655 2323 1904 2400 Ἐξῇρται

290 2419 446 2492 χαρὰ
498 2420 589 2469 καὶ
635 2415 925 2491 εὐφροσύνη
971 2420 1321 2487 πνευματική.
1375 2414 1462 2475 Εἰς
1499 2415 1678 2475 πένθος
1709 2412 1903 2488 ἐστρά-

291 2526 468 2580 φησαν
524 2508 669 2579 ἡμῶν
717 2507 773 2557 αἱ
835 2504 1028 2580 ἑορταί·
1098 2500 1233 2556 οἶκοι
1284 2512 1600 2580 προσευχῶν
1668 2502 1903 2556 ἔπεκλεί-

294 2599 526 2656 σοησαν⁶
617 2593 753 2669 ἀργὰ
830 2596 898 2646 τὰ
965 2595 1326 2667 θυσιαστήρια
1397 2601 1493 2654 τῆς
1544 2600 1904 2665 πνευματικῆς

288 2687 556 2760 λατρείας.
600 2686 791 2737 Οὐκέτι
822 2682 1067 2755 σύλλογοι
1124 2690 1479 2758 Χριστιανῶν,
1542 2680 1711 2735 οὐκέτι
1747 2677 1904 2734 διδα-

296 2775 503 2830 axe/1m
530 2770 833 2849 προεδρίαι,
869 2773 928 2825 ού
970 2768 1284 2845 διδάγματα
1324 2774 1581 2845 σωτήρια,
1622 2772 1682 2824 ού
1728 2789 1903 2830 πανη-

296 2866 497 2937 γύρεις,
529 2863 630 2935 ούχ
653 2859 936 2936 ύμνῳδίαι,
969 2880 1283 2936 νυκτεριναι,
1308 2860 1367 2913 ού
1400 2863 1457 2913 τὸ
1508 2862 1765 2936 μακάριον
1788 2860 1901 2934 (54)

301 2953 467 3007 ἐκεῖνο
498 2960 594 3005 τῶν
646 2952 839 3024 ψυχῶν
898 2950 1213 3023 ἀγαλλίαμα.
1246 2954 1303 3002 τὸ
1354 2949 1437 3003 ἐπὶ
1490 2957 1606 3012 ταῖς
1656 2951 1904 3015 συνάξεσι

297 3049 393 3097 καὶ
446 3051 508 3116 τῇ
550 3047 793 3114 κοινωνίᾳ
843 3050 942 3094 τῶν
994 3047 1356 3112 πνευματικῶν
1393 3043 1743 3116 χαρισμάτων
1791 3049 1905 3105 ταῖς

2005 556 2041 596 a
2065 540 2375 612 juventute
2398 541 2477 599 ad
2499 546 2805 600 senectam
2826 555 3024 614 usque
3054 544 3380 600 transacta.
3404 544 3521 602 Sed
3543 560 3668 603 sce-

2002 629 2227 686 leratus
2258 632 2508 704 quidem
2534 631 2737 689 nullus
2765 630 2896 687 sine
2916 630 3090 687 certis
3118 630 3357 689 indiciis
3381 633 3667 691 condem-

2003 723 2183 776 natur
2210 739 2224 778 :
2254 720 2526 795 episcopi
2563 725 2765 778 autem
2793 736 2865 778 ex
2904 720 3034 777 sola
3063 720 3369 780 calumnia
3395 722 3672 781 damnati

2007 814 2167 879 sunt,
2194 826 2265 867 ac
2294 810 2459 867 nullo
2481 812 2842 883 argumento
2864 809 3386 867 criminationibus
3405 811 3670 884 adjecto,

2007 901 2316 974 suppliciis
2336 900 2675 959 traduntur.
2700 904 2827 957 lmo
2847 900 3124 958 nonnulli
3143 916 3344 975 neque
3363 904 3674 959 accusato-

2006 1006 2102 1046 res
2133 994 2533 1061 agnoverunt,
2558 1005 2758 1063 neque
2786 989 3071 1047 viderunt
3093 990 3441 1064 tribunalia,
3473 1005 3675 1065 neque

2008 1081 2259 1137 omnino
2316 1080 2635 1137 calumniis
2687 1080 2937 1154 appetiti
2983 1079 3247 1152 fuerunt,
3301 1080 3409 1137 sed
3454 1079 3674 1138 intem-

2005 1174 2178 1243 pesta
2198 1174 2374 1227 nocte
2393 1170 2683 1227 violenter
2703 1169 2881 1243 rapti,
2912 1169 2974 1226 in
2998 1168 3367 1245 longinquas
3396 1170 3676 1243 regiones

2007 1258 2195 1331 fugati
2222 1262 2383 1331 sunt,
2421 1274 2494 1315 ex
2520 1258 2857 1316 solitudinis
2872 1258 3278 1317 incommodis
3307 1259 3388 1318 ad
3415 1264 3674 1318 mortem

2007 1348 2245 1420 objecti.
2281 1350 2424 1416 Qum
2455 1351 2655 1405 autem
2689 1365 2761 1405 ex
2790 1348 2886 1405 his
2941 1352 3302 1423 sequuntur,
3333 1355 3480 1409 nota
3531 1353 3676 1408 sunt

2007 1439 2308 1508 omnibus,
2327 1438 2565 1495 etiamsi
2586 1443 2896 1495 taceamus
2922 1456 2937 1508 ;
2960 1438 3119 1510 fugas
3149 1438 3676 1513 presbyterorum,

2006 1526 2167 1597 fugae
2198 1526 2621 1597 diaconorum,
2652 1542 2725 1584 ac
2755 1526 2896 1583 cleri
2921 1526 3102 1584 totius
3130 1526 3545 1601 depopulatio.
3568 1530 3679 1586 Ne-

2008 1634 2173 1674 cesse
2195 1618 2357 1674 enim
2382 1623 2475 1675 est
2504 1626 2610 1675 aut
2630 1617 2964 1690 imaginem
2983 1617 3240 1676 adorare
3265 1618 3337 1691 ",
3354 1622 3458 1676 aut
3472 1632 3679 1692 pravas

2008 1706 2271 1763 ﬂammae
2321 1707 2703 1778 ﬂagellorum
2758 1707 2943 1765 tradi.
2991 1707 3361 1781 Populorum
3391 1706 3679 1780 gemitus,

1943 1807 1979 1861 Β
2009 1797 2310 1853 continuae
2343 1797 2626 1870 privatim
2666 1813 2738 1854 ac
2776 1796 3019 1870 publice
3047 1795 3361 1870 lacrymm,
3392 1796 3683 1855 omnibus

2008 1887 2160 1943 inter
2204 1903 2268 1943 se
2298 1886 2461 1943 mala
2493 1902 2605 1943 sua
2650 1885 3037 1945 deﬂentibus.
3086 1889 3274 1944 Nemo
3304 1886 3467 1944 enim
3498 1885 3682 1944 corde

2008 1981 2097 2032 est
2124 1976 2280 2032 adeo
2313 1975 2577 2048 lapideo,
2617 1980 2683 2033 ut
2728 1978 2900 2049 patre
2935 1975 3229 2048 privatus,
3263 1976 3469 2034 animo
3501 1988 3681 2049 aequo

2008 2064 2160 2122 ferat
2182 2064 2528 2122 orbitatem.
2573 2067 2769 2122 Sonus
2798 2065 3264 2122 lamentantium
3295 2066 3357 2122 in
3384 2064 3559 2133 urbe,
3588 2081 3682 2123 ao-

2009 2170 2127 2211 nus
2156 2154 2217 2211 in
2249 2154 2431 2225 agris,
2471 2155 2533 2211 in
2572 2155 2708 2225 viis,
2742 2154 2923 2228 374
2954 2154 3016 2211 in
3065 2153 3521 2212 solitudinibus.
3551 2156 3682 2212 Vox

2010 2260 2137 2300 una
2189 2243 2453 2310 auditur,
2500 2243 2852 2300 miseranda
2890 2243 3177 2301 omnibus
3232 2260 3304 2301 ac
3360 2244 3549 2301 tristia
3598 2243 3686 2300 lo-

2011 2333 2358 2407 quentibus.
2391 2332 2708 2390 Sublatum
2734 2336 2825 2388 est
2846 2332 3161 2404 gaudium,
3185 2336 3244 2390 et
3272 2332 3476 2390 latitia
3504 2330 3682 2405 spiri-

2010 2421 2213 2479 tualis.
2272 2420 2433 2478 Versi
2463 2424 2604 2478 sunt
2641 2421 2705 2477 in
2749 2420 2982 2478 luctum
3012 2420 3145 2477 festi
3190 2420 3321 2477 dies
3370 2421 3562 2478 nostri
3591 2421 3681 2491 ης

2011 2510 2311 2567 conclusae
2335 2510 2752 2584 precationum
2777 2509 2999 2567 domus
3018 2528 3031 2579 ;
3050 2513 3271 2567 vacant
3290 2508 3501 2568 altaria
3518 2508 3685 2567 cultu

2011 2600 2326 2672 spirituali.
2356 2603 2485 2656 Non
2508 2601 2640 2671 jam
2665 2604 3001 2657 conventus
3031 2598 3532 2669 Christianorum,
3555 2612 3685 2657 non

2004 2687 2135 2758 jam
2153 2688 2542 2762 praesidentes
2572 2688 2870 2752 doctores,
2906 2703 3030 2744 non
3061 2686 3432 2745 documenta
3462 2686 3685 2747 saluta-

2009 2778 2121 2849 ria,
2153 2794 2279 2834 non
2331 2777 2767 2847 solemnitates,
2796 2792 2921 2834 non
2966 2776 3343 2849 hymnorum
3399 2775 3682 2833 nocturni

2010 2872 2246 2938 cantus,
2269 2883 2468 2940 neque
2488 2866 2667 2923 beata
2695 2866 2795 2923 illa
2817 2866 3161 2923 animarum
3184 2865 3522 2939 exsultatio,
3541 2881 3679 2939 qum

2010 2972 2084 3012 ex
2129 2955 2463 3029 synaxibus
2500 2959 2556 3011 et
2582 2954 3137 3011 communicatione
3168 2954 3473 3011 donorum
3506 2954 3682 3028 spiri-

2010 3045 2266 3101 tualium
2303 3044 2630 3101 animabus
2655 3044 3029 3101 credentium
3057 3044 3120 3100 in
3149 3044 3680 3116 Dominumlinna-

293 3133 509 3207 ψυχαῖς
560 3132 882 3204 ἐγγινόμενον
956 3139 1057 3183 τῶν
1120 3134 1467 3182 πιστευόντων
1552 3129 1624 3193 εἰς
1689 3133 1899 3205 Κύριον.

2013 3134 2216 3190 scitur.
2252 3137 2429 3190 Decet
2466 3150 2578 3189 nos
2605 3133 2803 3189 dicere
2837 3150 2853 3189 :
2890 3134 3028 3190 Non
3058 3139 3145 3190 est
3174 3133 3238 3189 in
3270 3138 3534 3203 tempore
3571 3133 3678 3190 hoc

307 3230 450 3296 Ἡμῖν
515 3225 700 3296 πρέπει
757 3219 941 3291 λέγειν,
1001 3221 1081 3272 ὅτι
1135 3219 1247 3272 Οὐκ
1296 3222 1437 3271 ἔστιν
1489 3220 1539 3271 ἓν
1596 3227 1668 3291 τῷ
1736 3229 1902 3295 καιρῷ

292 3315 464 3385 τούτῳ
503 3312 709 3386 ἄρχων,
764 3313 882 3362 οὔτε
944 3314 1232 3385 προφήτης,
1288 3312 1405 3361 οὔτε
1451 3310 1756 3381 ἡγούμενος,
1785 3314 1903 3364 οὔτε

292 3402 596 3478 προσφορὰ,
657 3401 774 3453 οὔτε
827 3400 1088 3471 θυμίαμα,
1133 3398 1193 3451 ού
1263 3401 1421 3461 τόπος
1470 3406 1566 3450 τοῦ
1621 3407 1901 3474 καρπῶσαι

290 3491 508 3546 ἕνώπιον
537 3493 754 3565 Κυρίου,
787 3492 878 3540 καὶ
900 3488 1063 3561 εὑρεῖν
1083 3487 1238 3550 ἕλεος.

368 3586 422 3639 3.
478 3587 658 3634 Ταῦτα
709 3575 910 3631 εἰδόσιν
970 3576 1349 3651 ἑπιστέλλομεν,
1384 3572 1526 3631 διότι
1572 3573 1724 3631 οὐδὲν
1750 3581 1900 3652 μέρος

291 3672 408 3727 ἐστὶ
443 3678 537 3732 τῆς
575 3670 899 3742 οἰκουμένης,
934 3667 959 3720 ὃ
1013 3670 1108 3729 τὰς
1145 3668 1400 3742 ἡμετέρας
1443 3667 1623 3720 λοιπὸν
1668 3667 1899 3740 ἠγνόησε

290 3761 590 3836 συμφοράς.
638 3756 801 3811 Ὠστε
839 3756 898 3810 ού
939 3752 1292 3817 διδασκαλίας
1347 3757 1508 3809 ἕνεκεν
1561 3760 1685 3819 τοὺς
1712 3756 1900 3829 λόγους

285 3853 510 3912 τούτους
562 3848 830 3902 ποιεῖσθαι
895 3847 1032 3918 ἡμᾶς
1104 3845 1335 3918 νομίζειν
1400 3854 1687 3920 προσῆκεν,
1773 3844 1898 3900 add“:

288 3947 386 3996 τοῦ
443 3943 556 4008 (55)
614 3939 918 4010 ύπομνησαι
963 3936 1106 4008 ὑμῶν
1154 3939 1249 3993 τὴν
1316 3934 1608 4007 ἐμμέλειαν.
1660 3933 1895 4009 Οἴδαμεν

287 4034 416 4108 γὰρ,
477 4031 555 4081 ὅτι
622 4026 718 4080 aiat
747 4027 809 4079 οἶν
858 4044 983 4080 ποτε
1033 4022 1367 4078 ἐπιλάθοισθε
1397 4024 1564 4097 ἡμῶν,
1605 4024 1664 4077 ού
1702 4025 1896 4098 μᾶλλόν

287 4140 351 4194 7,
407 4123 438 4178 ᾖ
508 4118 539 4176 ἡ
595 4121 771 4191 μήτηρ
846 4123 947 4167 τῶν
1007 4112 1227 4186 ἐκγόνων
1292 4122 1388 4175 τῆς
1455 4112 1652 4175 κοιλίας
1698 4114 1885 4178 αὐτῆς.

293 4210 414 4266 AD.‘
454 4203 635 4266 ἐπειδὴ
667 4208 719 4259 οἱ
755 4201 1078 4280 περιωδυνίᾳ
1120 4206 1235 4275 (56)
1277 4207 1381 4256 τινὶ⁹
1417 4208 1762 4277 κατεχόμενοι
1801 4201 1896 4259 διὰ

288 4308 393 4354 τῶν
448 4304 748 4370 στεναγμῶν
799 4298 1064 4368 κουφίζειν
1113 4312 1219 4354 πως
1281 4296 1373 4355 τὰς
1441 4291 1740 4366 ἀλγηδόνας
1795 4314 1892 4349 πε-

291 4393 511 4464 φύκασι,
547 4383 701 4441 τοῦτο
756 4389 847 4438 καὶ
922 4388 1074 4459 ἡμεῖς
1121 4391 1388 4457 ποιοῦμεν
1443 4386 1551 4437 οἷον
1600 4383 1894 4440 ἀποσκευα-

366 4514 413 4549 ⁸⁵
455 4515 596 4570 Dan.
628 4527 710 4579 ιιι,
734 4511 822 4567 10.

365 4639 476 4708 (49)
507 4638 631 4691 Ἀπὸ
659 4640 841 4710 μόνης.
877 4636 1145 4701 Quatuor
1182 4632 1419 4689 codices
1447 4647 1573 4689 non
1601 4633 1894 4706 antiquis-

287 4710 426 4767 simi
454 4712 551 4762 ὑπὸ
592 4715 721 4782 μόνη
734 4729 774 4769 ς’

357 4786 473 4851 (δυ)
504 4775 639 4833 Οὔτε
679 4781 987 4852 ἐγνώρισαν,
1012 4776 1218 4847 Neque
1257 4782 1658 4852 agnoverunt,
1687 4775 1748 4832 id
1779 4780 1893 4845 est,

283 4847 675 4910 accusatores
711 4847 992 4923 producti
1041 4862 1247 4903 coram
1300 4847 1414 4902 illis
1461 4863 1584 4902 non
1634 4847 1896 4923 fuerunt.

284 4926 576 4995 Designat
599 4923 701 4978 illa
720 4920 843 4995 Vox
869 4922 1317 4995 éyvdipwoweum
1343 4920 1749 4995 cognoscendi
1773 4932 1901 4995 ino-

282 4990 582 5068 dum'qui
599 4994 775 5068 certis
811 4998 867 5048 et
891 4990 1209 5068 exploratis
1253 4996 1489 5068 constat
1517 4990 1787 5068 indiciis.
1801 4990 1901 5068 Sic

284 5062 547 5146 Basilius
570 5066 631 5146 in
663 5067 832 5146 epist.
865 5062 1011 5146 2‘027:
1040 5066 1308 5146 ηρότερον.
1329 5062 1481 5146 αὐτοὶ
1520 5062 1636 5146 μετέ
1672 5062 1900 5146 ἀλλήλων

282 5143 580 5215 γνωρίσατε
609 5134 844 5204 ἑαυτοὺς,
879 5134 964 5188 ἶνα
988 5134 1187 5206 γνῶμεν
1206 5134 1341 5209 ’πρὸς
1366 5134 1663 5207 τίναςήμῖν
1695 5136 1844 5187 ἔσται
1867 5134 1898 5190 ἠ

289 5226 592 5264 συαφωνια.

363 5232 817 5353 ῗὸφιῗνιὲιηλασία.
859 5280 949 5334 Ita
992 5280 1222 5332 veteres
1264 5274 1400 5331 libri
1458 5279 1712 5349 septem.
1753 5274 1908 5331 Editi

286 5355 590 5412 λεηλασίαι.

365 5426 481 5496 (52)
515 5419 1094 5496 Στεναγμοίλῖρόἱϐθβ
1145 5419 1507 5496 recentiores
1558 5432 1681 5496 non
1735 5417 1911 5496 pauci

295 5486 606 5568 στεναγμόςἈ
639 5486 869 5568 Ibidem
902 5489 1144 5568 δακρύων
1185 5486 1219 5541 δ
1220 5494 1418 5568 invits;
1458 5486 1751 5568 inprima
1788 5489 1911 5544 edi-

288 5558 664 5626 tione'i’aris.
692 5564 867 5621 Aliter
890 5558 1021 5619 aliis
1043 5562 1105 5616 in
1125 5558 1435 5616 codicibus
1455 5558 1626 5616 editis
1654 5565 1713 5615 et
1748 5576 1903 5616 mss.

372 5644 487 5709 (333)
524 5640 755 5691 Πάντων.
790 5636 880 5689 Sic
911 5650 1123 5689 omnes
1157 5650 1305 5687 mss.
1348 5632 1495 5687 Editi
1525 5632 1779 5688 ἁπάντων,
1812 5632 1914 5686 Hic

625 5728 868 5780 ιἈΤιιοι..
900 5724 965 5777 G.
996 5724 1200 5779 XXXII.

902 4510 950 4545 ⁸⁸
990 4509 1178 4564 Amos
1203 4523 1318 4578 vni,
1354 4511 1436 4564 lO.

1514 4509 1562 4543 ⁸⁷
1603 4511 1753 4566 Dan.
1781 4525 1863 4581 ιιι,
1897 4510 1988 4581 38,
2020 4514 2108 4568 39.

2003 3227 2310 3295 princeps,
2342 3239 2533 3296 neque
2549 3224 2865 3293 propheta,
2896 3238 3086 3294 neque
3107 3223 3259 3291 dux,
3280 3237 3472 3296 neque
3511 3222 3677 3281 obla-

2010 3315 2114 3380 tio,
2140 3329 2330 3385 neque
2357 3314 2622 3382 sumtus,
2644 3327 2835 3384 neque
2860 3314 3025 3369 locus
3054 3312 3444 3381 sacriﬁcandi
3468 3326 3676 3372 coram

2006 3405 2282 3475 Domino,
2305 3409 2360 3461 et
2388 3403 2740 3461 inveniendi
2766 3402 3239 3461 misericordiam
3260 3402 3330 3460 ’7.

2079 3587 2130 3640 3.
2167 3581 2497 3640 Scribimus
2522 3581 2653 3640 haec
2684 3581 3035 3649 scientibus,
3061 3596 3201 3637 cum
3225 3595 3371 3655 pars
3400 3579 3570 3639 nulla
3598 3579 3675 3638 sit

2005 3672 2171 3730 orbis
2238 3677 2552 3740 terrarum,
2612 3689 2750 3747 quae
2789 3672 2918 3744 jam
3002 3670 3374 3728 calamitates
3426 3674 3674 3728 nostras

2006 3760 2261 3831 ignoret.
2315 3761 2507 3825 Quare
2559 3775 2682 3816 non
2713 3758 2973 3816 docendi
3004 3774 3191 3815 causa
3246 3758 3376 3815 haec
3427 3755 3672 3815 anobis

1970 3849 2220 3927 ~disseri
2242 3848 2635 3912 credendum,
2661 3853 2763 3904 aut
2794 3852 2858 3905 ut
2887 3845 3517 3903 commonefaciamus
3539 3860 3673 3903 vesu-

2004 3944 2159 3996 tram
2212 3936 2608 4008 diligentiam.
2658 3936 2947 3993 Novimus
2998 3935 3162 3992 enim
3206 3950 3528 4008 nunquam
3559 3949 3671 3993 vos

2001 4026 2191 4084 nostri
2222 4025 2515 4083 oblituros
2547 4042 2701 4095 esse,
2733 4040 2859 4081 non
2912 4025 3108 4095 magis
3139 4038 3285 4082 sane
3313 4039 3503 4097 quam
3543 4038 3674 4082 ma-

2002 4122 2153 4173 trem
2175 4116 2440 4172 titiorum
2463 4114 2617 4171 uteri
2641 4114 2735 4171 sui
2756 4114 2826 4171 ³⁸.
2862 4113 2973 4172 Sed
3001 4114 3296 4187 quoniam
3321 4114 3427 4187 qui
3459 4112 3671 4171 dolore

2000 4207 2205 4280 aliquo
2235 4204 2595 4277 detinentur,
2631 4203 2956 4275 gemitibus
3001 4203 3203 4261 levare
3256 4203 3459 4277 aliquo
3485 4202 3671 4260 modo

1998 4311 2260 4366 angores
2293 4294 2505 4367 solent,
2540 4293 2704 4351 idem
2734 4299 2793 4351 et
2838 4309 2952 4350 nos
2999 4292 3297 4361 facimus;
3330 4291 3670 4349 excutimus

1998 4385 2461 4460 quodammodo
2518 4384 2794 4441 maeroris
2842 4382 3107 4456 pondus,
3160 4383 3309 4439 dum
3357 4378 3670 4442 dilectioni

2188 4510 2235 4545 ⁸⁸
2278 4512 2387 4566 lsa.
2424 4524 2586 4581 xmx,
2626 4512 2709 4565 l5.

2000 4637 2204 4691 autem
2234 4633 2493 4689 occurrit
2535 4631 2788 4702 insignis
2837 4630 3096 4687 varietas
3127 4630 3187 4686 in
3232 4634 3497 4702 quatuor
3515 4643 3667 4685 mss.

2000 4721 2125 4761 non
2156 4704 2602 4771 vetustissimis,
2636 4706 2696 4759 in
2732 4703 2957 4776 quibus
2983 4703 3067 4758 sic
3108 4702 3364 4771 legitur:
3390 4708 3499 4756 Μία
3528 4704 3666 4774 φωνή

2003 4776 2211 4836 ἐλεεινή-
2245 4778 2450 4828 πάντων
2476 4778 2543 4828 τὰ
2576 4777 2865 4849 σκυθρωπά
2894 4776 3273 4849 φᾷεγγομένων.

2076 4850 2188 4920 (54)
2220 4849 2295 4901 Ού
2317 4851 2391 4922 -τό
2413 4841 2811 4922 μακάριονηἸ-ῐξξ.
2840 4841 3099 4922 ορᾱἱὸόἐ
3127 4861 3274 4922 mss.
3306 4847 3465 4922 octo.
3519 4841 3674 4922 Editi

2006 4915 2146 4976 οὔτε,
2194 4919 2387 4991 Paulo,
2413 4915 2569 4991 'post
2614 4917 2811 4991 editi_6
2865 4915 2949 4969 ἐπὶ
2996 4923 3181 4980 ταῖς...
3216 4915 3492 4988 ἐγγίνεται.
3532 4918 3675 4973 Tres

2006 4990 2396 5047 vetustissimi
2423 4988 2663 5046 codices
2690 4994 2755 5044 ut
2782 4988 2843 5043 in
2870 4992 3057 5044 textu.

2080 5064 2195 5133 (55)
2220 5058 2359 5114 Ούδὶ
2386 5069 2497 5113 τού.
2528 5063 2667 5133 Tres
2711 5057 3099 5133 vetustissimi
3131 5054 3531 5133 codicesoddi
3577 5064 3674 5129 τῷ.

2010 5130 2196 5190 Paulo
2226 5138 2366 5205 post
2396 5132 2538 5188 editi
2568 5131 2905 5190 ἐπιλάθησθε.
2948 5130 3105 5188 Harl.
3144 5136 3205 5188 et
3234 5130 3412 5189 Coisl.
3444 5130 3680 5203 primus

2012 5210 2078 5261 ut
2105 5204 2165 5260 in
2192 5204 2376 5261 textu.

2086 5280 2204 5353 (ρθ)
2236 5269 2669 5353 Οζπεριθιξδννίᾳ.
2709 5274 2955 5353 _S_ic_tres
2983 5271 3376 5353 vetustissimi
3413 5267 3681 5353 codices,

2015 5343 2261 5429 quibus
2288 5343 2641 5429 favent-tres
2671 5345 2771 5427 alii
2812 5345 3131 5429 inquibus
3168 5344 3386 5429 legitur
3416 5343 3685 5429 fiaggﬁ

2018 5406 2207 5490 ἇδύνη.
2244 5417 2480 5490 Legitur
2505 5418 2563 5472 in
2596 5417 2776 5490 Regio
2820 5406 2978 5490 i821,
3001 5419 3053 5490 oi
3078 5421 3198 5490 περὶ
3229 5406 3503 5490 ἷύδονείᾳ..
3529 5406 3687 5490 Editi

2022 5482 2206 5569 ὁᾷύνῄ.
2243 5482 2430 5569 Paulo
2461 5494 2602 5569 p_ost
2627 5482 2770 5569 editi
2825 5482 3219 5561 διαγγέλλομεν.
3247 5488 3386 5542 Tres
3412 5482 3692 5539 vetustis.

2022 5560 2168 5616 simi
2187 5560 2435 5617 codices
2464 5560 2851 5633 ἐξαγγέλλομεν.

3337 5716 3407 5770 29
