  <div class='ocr_page' id='page_1' title='image "/cluster/home/n/w/nwhite01/storage/ocr_20150623/32:no.4/coo.31924054869296/463.png"; bbox 0 0 4148 6404; ppageno 0'>
   <div class='ocr_carea' id='block_1_1' title="bbox 512 335 618 407">
    <p class='ocr_par' dir='ltr' id='par_1_1' title="bbox 512 335 618 407">
     <span class='ocr_line' id='line_1_1' title="bbox 512 335 618 407; baseline -0.047 0"><span class='ocrx_word' id='word_1_1' title='bbox 512 335 618 407; x_wconf 71' lang='grc'><strong>907</strong></span> 
     </span>
    </p>
   </div>
   <div class='ocr_carea' id='block_1_2' title="bbox 1910 319 2516 386">
    <p class='ocr_par' dir='ltr' id='par_1_2' title="bbox 1910 319 2516 386">
     <span class='ocr_line' id='line_1_2' title="bbox 1910 319 2516 386; baseline 0.007 -4"><span class='ocrx_word' id='word_1_2' title='bbox 1910 320 1969 384; x_wconf 86' lang='lat' dir='ltr'><strong>S.</strong></span> <span class='ocrx_word' id='word_1_3' title='bbox 2007 319 2257 386; x_wconf 75' lang='lat' dir='ltr'><strong>BASILH</strong></span> <span class='ocrx_word' id='word_1_4' title='bbox 2291 322 2516 386; x_wconf 67' lang='lat' dir='ltr'><strong>HAG!“</strong></span> 
     </span>
    </p>
   </div>
   <div class='ocr_carea' id='block_1_3' title="bbox 3761 321 3852 400">
    <p class='ocr_par' dir='ltr' id='par_1_3' title="bbox 3761 321 3852 400">
     <span class='ocr_line' id='line_1_3' title="bbox 3761 321 3852 400; baseline 0.022 -2"><span class='ocrx_word' id='word_1_5' title='bbox 3761 321 3852 400; x_wconf 67' lang='lat' dir='ltr'><strong>sos</strong></span> 
     </span>
    </p>
   </div>
   <div class='ocr_carea' id='block_1_4' title="bbox 514 447 2165 536">
    <p class='ocr_par' dir='ltr' id='par_1_4' title="bbox 514 449 2165 528">
     <span class='ocr_line' id='line_1_4' title="bbox 514 449 2165 528; baseline -0.01 -8"><span class='ocrx_word' id='word_1_6' title='bbox 514 457 736 520; x_wconf 65' lang='lat' dir='ltr'><strong>vestrae</strong></span> <span class='ocrx_word' id='word_1_7' title='bbox 753 451 1116 528; x_wconf 81' lang='lat' dir='ltr'><strong>multiplices</strong></span> <span class='ocrx_word' id='word_1_8' title='bbox 1138 457 1378 513; x_wconf 78' lang='lat' dir='ltr'><strong>nostras</strong></span> <span class='ocrx_word' id='word_1_9' title='bbox 1399 452 1774 512; x_wconf 79' lang='lat' dir='ltr'><strong>calamitates</strong></span> <span class='ocrx_word' id='word_1_10' title='bbox 1800 449 2165 517; x_wconf 55' lang='lat' dir='ltr'><strong>nuntiamus,</strong></span> 
     </span>
    </p>
   </div>
   <div class='ocr_carea' id='block_1_5' title="bbox 2272 447 3852 536">
    <p class='ocr_par' dir='ltr' id='par_1_5' title="bbox 2293 447 3852 536">
     <span class='ocr_line' id='line_1_5' title="bbox 2293 447 3852 536; baseline 0.004 -34"><span class='ocrx_word' id='word_1_11' title='bbox 2293 449 2492 524; x_wconf 79' lang='grc' dir='ltr'><strong>ζὸμιθα</strong></span> <span class='ocrx_word' id='word_1_12' title='bbox 2507 460 2603 516; x_wconf 80' lang='grc' dir='ltr'><strong>τῆς</strong></span> <span class='ocrx_word' id='word_1_13' title='bbox 2638 452 2808 516; x_wconf 82' lang='grc' dir='ltr'><strong>λύπης</strong></span> <span class='ocrx_word' id='word_1_14' title='bbox 2836 455 2896 507; x_wconf 85' lang='grc' dir='ltr'><strong>τὸ</strong></span> <span class='ocrx_word' id='word_1_15' title='bbox 2942 451 3128 528; x_wconf 81' lang='grc' dir='ltr'><strong>βάρος,</strong></span> <span class='ocrx_word' id='word_1_16' title='bbox 3161 447 3236 506; x_wconf 73' lang='grc' dir='ltr'><strong>δι’</strong></span> <span class='ocrx_word' id='word_1_17' title='bbox 3283 452 3352 506; x_wconf 73' lang='grc' dir='ltr'><strong>ὧν</strong></span> <span class='ocrx_word' id='word_1_18' title='bbox 3395 457 3526 531; x_wconf 74' lang='grc' dir='ltr'><strong>πρὸς</strong></span> <span class='ocrx_word' id='word_1_19' title='bbox 3551 461 3639 518; x_wconf 75' lang='grc' dir='ltr'><strong>τὴν</strong></span> <span class='ocrx_word' id='word_1_20' title='bbox 3689 462 3852 536; x_wconf 72' lang='grc' dir='ltr'><strong>ὑμετι-</strong></span> 
     </span>
    </p>
   </div>
   <div class='ocr_carea' id='block_1_6' title="bbox 518 541 2176 619">
    <p class='ocr_par' dir='ltr' id='par_1_6' title="bbox 518 541 2176 619">
     <span class='ocr_line' id='line_1_6' title="bbox 518 541 2176 619; baseline -0.005 -17"><span class='ocrx_word' id='word_1_21' title='bbox 518 546 572 602; x_wconf 90' lang='lat' dir='ltr'><strong>si</strong></span> <span class='ocrx_word' id='word_1_22' title='bbox 598 561 723 619; x_wconf 93' lang='lat' dir='ltr'><strong>quo</strong></span> <span class='ocrx_word' id='word_1_23' title='bbox 752 543 940 601; x_wconf 93' lang='lat' dir='ltr'><strong>modo</strong></span> <span class='ocrx_word' id='word_1_24' title='bbox 968 543 1388 602; x_wconf 80' lang='lat' dir='ltr'><strong>vehementius</strong></span> <span class='ocrx_word' id='word_1_25' title='bbox 1417 543 1496 600; x_wconf 86' lang='lat' dir='ltr'><strong>ad</strong></span> <span class='ocrx_word' id='word_1_26' title='bbox 1523 541 1901 618; x_wconf 83' lang='lat' dir='ltr'><strong>precandum</strong></span> <span class='ocrx_word' id='word_1_27' title='bbox 1931 555 2042 612; x_wconf 90' lang='lat' dir='ltr'><strong>pro</strong></span> <span class='ocrx_word' id='word_1_28' title='bbox 2069 554 2176 594; x_wconf 91' lang='lat' dir='ltr'><strong>no-</strong></span> 
     </span>
    </p>
   </div>
   <div class='ocr_carea' id='block_1_7' title="bbox 514 627 2181 697">
    <p class='ocr_par' dir='ltr' id='par_1_7' title="bbox 514 627 2181 697">
     <span class='ocr_line' id='line_1_7' title="bbox 514 627 2181 697; baseline -0.006 -5"><span class='ocrx_word' id='word_1_29' title='bbox 514 634 614 692; x_wconf 86' lang='lat' dir='ltr'><strong>bis</strong></span> <span class='ocrx_word' id='word_1_30' title='bbox 651 633 960 697; x_wconf 81' lang='lat' dir='ltr'><strong>commoti.</strong></span> <span class='ocrx_word' id='word_1_31' title='bbox 992 634 1315 690; x_wconf 90' lang='lat' dir='ltr'><strong>Dominum</strong></span> <span class='ocrx_word' id='word_1_32' title='bbox 1369 633 1626 696; x_wconf 85' lang='lat' dir='ltr'><strong>exoretis</strong></span> <span class='ocrx_word' id='word_1_33' title='bbox 1668 636 1734 689; x_wconf 92' lang='lat' dir='ltr'><strong>ut</strong></span> <span class='ocrx_word' id='word_1_34' title='bbox 1763 627 2181 688; x_wconf 82' lang='lat' dir='ltr'><strong>reconcilietur</strong></span> 
     </span>
    </p>
   </div>
   <div class='ocr_carea' id='block_1_8' title="bbox 517 716 2178 795">
    <p class='ocr_par' dir='ltr' id='par_1_8' title="bbox 517 716 2178 795">
     <span class='ocr_line' id='line_1_8' title="bbox 517 716 2178 795; baseline -0.004 -14"><span class='ocrx_word' id='word_1_35' title='bbox 517 724 722 781; x_wconf 89' lang='lat' dir='ltr'><strong>nobis.</strong></span> <span class='ocrx_word' id='word_1_36' title='bbox 769 723 943 790; x_wconf 86' lang='lat' dir='ltr'><strong>Quod</strong></span> <span class='ocrx_word' id='word_1_37' title='bbox 972 722 1021 778; x_wconf 88' lang='lat' dir='ltr'><strong>si</strong></span> <span class='ocrx_word' id='word_1_38' title='bbox 1078 738 1364 778; x_wconf 59' lang='lat' dir='ltr'><strong>erumnas</strong></span> <span class='ocrx_word' id='word_1_39' title='bbox 1407 738 1546 795; x_wconf 66' lang='lat' dir='ltr'><strong>quas</strong></span> <span class='ocrx_word' id='word_1_40' title='bbox 1594 737 1705 778; x_wconf 89' lang='lat' dir='ltr'><strong>nos</strong></span> <span class='ocrx_word' id='word_1_41' title='bbox 1735 718 2011 789; x_wconf 75' lang='lat' dir='ltr'><strong>afﬂigunt</strong></span> <span class='ocrx_word' id='word_1_42' title='bbox 2039 716 2178 774; x_wconf 71' lang='lat' dir='ltr'><strong>soles</strong></span> 
     </span>
    </p>
   </div>
   <div class='ocr_carea' id='block_1_9' title="bbox 519 806 2177 884">
    <p class='ocr_par' dir='ltr' id='par_1_9' title="bbox 519 806 2177 884">
     <span class='ocr_line' id='line_1_9' title="bbox 519 806 2177 884; baseline -0.002 -14"><span class='ocrx_word' id='word_1_43' title='bbox 519 817 743 882; x_wconf 86' lang='lat' dir='ltr'><strong>essent,</strong></span> <span class='ocrx_word' id='word_1_44' title='bbox 794 811 1218 869; x_wconf 84' lang='lat' dir='ltr'><strong>statuissemus</strong></span> <span class='ocrx_word' id='word_1_45' title='bbox 1267 811 1474 884; x_wconf 87' lang='lat' dir='ltr'><strong>utique</strong></span> <span class='ocrx_word' id='word_1_46' title='bbox 1553 809 1720 883; x_wconf 88' lang='lat' dir='ltr'><strong>apud</strong></span> <span class='ocrx_word' id='word_1_47' title='bbox 1770 806 2177 878; x_wconf 80' lang='lat' dir='ltr'><strong>nosmetipsos</strong></span> 
     </span>
    </p>
   </div>
   <div class='ocr_carea' id='block_1_10' title="bbox 517 896 2178 974">
    <p class='ocr_par' dir='ltr' id='par_1_10' title="bbox 517 896 2178 974">
     <span class='ocr_line' id='line_1_10' title="bbox 517 896 2178 974; baseline -0.005 -14"><span class='ocrx_word' id='word_1_48' title='bbox 517 906 735 974; x_wconf 84' lang='lat' dir='ltr'><strong>tacere,</strong></span> <span class='ocrx_word' id='word_1_49' title='bbox 775 906 957 974; x_wconf 90' lang='lat' dir='ltr'><strong>atque</strong></span> <span class='ocrx_word' id='word_1_50' title='bbox 1001 901 1064 957; x_wconf 91' lang='lat' dir='ltr'><strong>in</strong></span> <span class='ocrx_word' id='word_1_51' title='bbox 1109 899 1516 956; x_wconf 91' lang='lat' dir='ltr'><strong>incommodis</strong></span> <span class='ocrx_word' id='word_1_52' title='bbox 1570 915 1682 972; x_wconf 93' lang='lat' dir='ltr'><strong>pro</strong></span> <span class='ocrx_word' id='word_1_53' title='bbox 1722 897 1954 955; x_wconf 82' lang='lat' dir='ltr'><strong>Christo</strong></span> <span class='ocrx_word' id='word_1_54' title='bbox 1987 896 2178 969; x_wconf 84' lang='lat' dir='ltr'><strong>prefe-</strong></span> 
     </span>
    </p>
   </div>
   <div class='ocr_carea' id='block_1_11' title="bbox 517 986 2176 1061">
    <p class='ocr_par' dir='ltr' id='par_1_11' title="bbox 517 986 2176 1061">
     <span class='ocr_line' id='line_1_11' title="bbox 517 986 2176 1061; baseline -0.005 -11"><span class='ocrx_word' id='word_1_55' title='bbox 517 991 724 1050; x_wconf 84' lang='lat' dir='ltr'><strong>rendis</strong></span> <span class='ocrx_word' id='word_1_56' title='bbox 756 989 1024 1061; x_wconf 88' lang='lat' dir='ltr'><strong>gaudere</strong></span> <span class='ocrx_word' id='word_1_57' title='bbox 1057 1007 1070 1046; x_wconf 87' lang='lat'><strong>:</strong></span> <span class='ocrx_word' id='word_1_58' title='bbox 1103 991 1227 1046; x_wconf 84' lang='lat' dir='ltr'><strong>Non</strong></span> <span class='ocrx_word' id='word_1_59' title='bbox 1257 989 1419 1046; x_wconf 90' lang='lat' dir='ltr'><strong>enim</strong></span> <span class='ocrx_word' id='word_1_60' title='bbox 1448 999 1587 1046; x_wconf 76' lang='lat' dir='ltr'><strong>sunt</strong></span> <span class='ocrx_word' id='word_1_61' title='bbox 1615 988 1930 1059; x_wconf 72' lang='lat' dir='ltr'><strong>condignae</strong></span> <span class='ocrx_word' id='word_1_62' title='bbox 1951 986 2176 1056; x_wconf 78' lang='lat' dir='ltr'><strong>passio-</strong></span> 
     </span>
    </p>
   </div>
   <div class='ocr_carea' id='block_1_12' title="bbox 516 1078 2177 1150">
    <p class='ocr_par' dir='ltr' id='par_1_12' title="bbox 516 1078 2177 1150">
     <span class='ocr_line' id='line_1_12' title="bbox 516 1078 2177 1150; baseline -0.003 -11"><span class='ocrx_word' id='word_1_63' title='bbox 516 1099 623 1139; x_wconf 75' lang='lat' dir='ltr'><strong>nes</strong></span> <span class='ocrx_word' id='word_1_64' title='bbox 652 1081 834 1150; x_wconf 81' lang='lat' dir='ltr'><strong>hujus</strong></span> <span class='ocrx_word' id='word_1_65' title='bbox 861 1080 1142 1149; x_wconf 81' lang='lat' dir='ltr'><strong>temporis</strong></span> <span class='ocrx_word' id='word_1_66' title='bbox 1171 1078 1253 1136; x_wconf 87' lang='lat' dir='ltr'><strong>ad</strong></span> <span class='ocrx_word' id='word_1_67' title='bbox 1288 1079 1571 1148; x_wconf 82' lang='lat' dir='ltr'><strong>futuram</strong></span> <span class='ocrx_word' id='word_1_68' title='bbox 1600 1080 1883 1148; x_wconf 73' lang='lat' dir='ltr'><strong>gloriam,</strong></span> <span class='ocrx_word' id='word_1_69' title='bbox 1915 1091 2049 1148; x_wconf 65' lang='lat' dir='ltr'><strong>qua</strong></span> <span class='ocrx_word' id='word_1_70' title='bbox 2088 1089 2177 1136; x_wconf 78' lang='lat' dir='ltr'><strong>re-</strong></span> 
     </span>
    </p>
   </div>
   <div class='ocr_carea' id='block_1_13' title="bbox 516 1168 2175 1234">
    <p class='ocr_par' dir='ltr' id='par_1_13' title="bbox 516 1168 2175 1234">
     <span class='ocr_line' id='line_1_13' title="bbox 516 1168 2175 1234; baseline -0.005 -6"><span class='ocrx_word' id='word_1_71' title='bbox 516 1171 820 1230; x_wconf 80' lang='lat' dir='ltr'><strong>velabitur</strong></span> <span class='ocrx_word' id='word_1_72' title='bbox 855 1170 920 1226; x_wconf 81' lang='lat' dir='ltr'><strong>in</strong></span> <span class='ocrx_word' id='word_1_73' title='bbox 975 1169 1146 1234; x_wconf 82' lang='lat' dir='ltr'><strong>nobis</strong></span> <span class='ocrx_word' id='word_1_74' title='bbox 1167 1168 1235 1224; x_wconf 74' lang='grc' dir='ltr'><strong>⁸ο.</strong></span> <span class='ocrx_word' id='word_1_75' title='bbox 1283 1171 1450 1225; x_wconf 87' lang='lat' dir='ltr'><strong>Nunc</strong></span> <span class='ocrx_word' id='word_1_76' title='bbox 1501 1173 1706 1226; x_wconf 87' lang='lat' dir='ltr'><strong>autem</strong></span> <span class='ocrx_word' id='word_1_77' title='bbox 1738 1181 2038 1231; x_wconf 88' lang='lat' dir='ltr'><strong>veremur,</strong></span> <span class='ocrx_word' id='word_1_78' title='bbox 2068 1180 2175 1221; x_wconf 91' lang='lat' dir='ltr'><strong>ne-</strong></span> 
     </span>
    </p>
   </div>
   <div class='ocr_carea' id='block_1_14' title="bbox 513 1254 2174 1332">
    <p class='ocr_par' dir='ltr' id='par_1_14' title="bbox 513 1254 2174 1332">
     <span class='ocr_line' id='line_1_14' title="bbox 513 1254 2174 1332; baseline -0.002 -18"><span class='ocrx_word' id='word_1_79' title='bbox 513 1257 765 1332; x_wconf 88' lang='lat' dir='ltr'><strong>quando</strong></span> <span class='ocrx_word' id='word_1_80' title='bbox 786 1257 1216 1327; x_wconf 82' lang='lat' dir='ltr'><strong>ingravescens</strong></span> <span class='ocrx_word' id='word_1_81' title='bbox 1247 1254 1503 1324; x_wconf 90' lang='lat' dir='ltr'><strong>malum,</strong></span> <span class='ocrx_word' id='word_1_82' title='bbox 1533 1255 1699 1312; x_wconf 88' lang='lat' dir='ltr'><strong>velut</strong></span> <span class='ocrx_word' id='word_1_83' title='bbox 1730 1254 1982 1310; x_wconf 90' lang='lat' dir='ltr'><strong>ﬂamma</strong></span> <span class='ocrx_word' id='word_1_84' title='bbox 2008 1269 2174 1325; x_wconf 65' lang='lat' dir='ltr'><strong>que-</strong></span> 
     </span>
    </p>
   </div>
   <div class='ocr_carea' id='block_1_15' title="bbox 511 1343 2174 1417">
    <p class='ocr_par' dir='ltr' id='par_1_15' title="bbox 511 1343 2174 1417">
     <span class='ocr_line' id='line_1_15' title="bbox 511 1343 2174 1417; baseline -0.005 -13"><span class='ocrx_word' id='word_1_85' title='bbox 511 1348 658 1406; x_wconf 89' lang='lat' dir='ltr'><strong>dam</strong></span> <span class='ocrx_word' id='word_1_86' title='bbox 704 1347 1021 1404; x_wconf 85' lang='lat' dir='ltr'><strong>ardentem</strong></span> <span class='ocrx_word' id='word_1_87' title='bbox 1097 1344 1416 1402; x_wconf 88' lang='lat' dir='ltr'><strong>materiam</strong></span> <span class='ocrx_word' id='word_1_88' title='bbox 1464 1343 1826 1417; x_wconf 87' lang='lat' dir='ltr'><strong>pervadens,</strong></span> <span class='ocrx_word' id='word_1_89' title='bbox 1848 1346 2174 1416; x_wconf 89' lang='lat' dir='ltr'><strong>postquam</strong></span> 
     </span>
    </p>
   </div>
   <div class='ocr_carea' id='block_1_16' title="bbox 513 1431 2176 1509">
    <p class='ocr_par' dir='ltr' id='par_1_16' title="bbox 513 1431 2176 1509">
     <span class='ocr_line' id='line_1_16' title="bbox 513 1431 2176 1509; baseline -0.005 -15"><span class='ocrx_word' id='word_1_90' title='bbox 513 1436 957 1509; x_wconf 87' lang='lat' dir='ltr'><strong>consumpserit</strong></span> <span class='ocrx_word' id='word_1_91' title='bbox 983 1450 1122 1508; x_wconf 69' lang='lat' dir='ltr'><strong>quae</strong></span> <span class='ocrx_word' id='word_1_92' title='bbox 1141 1433 1419 1506; x_wconf 87' lang='lat' dir='ltr'><strong>proxima</strong></span> <span class='ocrx_word' id='word_1_93' title='bbox 1445 1437 1606 1502; x_wconf 90' lang='lat' dir='ltr'><strong>sunt,</strong></span> <span class='ocrx_word' id='word_1_94' title='bbox 1638 1434 1893 1502; x_wconf 83' lang='lat' dir='ltr'><strong>attingat</strong></span> <span class='ocrx_word' id='word_1_95' title='bbox 1912 1431 2092 1488; x_wconf 88' lang='lat' dir='ltr'><strong>etiam</strong></span> <span class='ocrx_word' id='word_1_96' title='bbox 2118 1434 2176 1486; x_wconf 91' lang='lat' dir='ltr'><strong>et</strong></span> 
     </span>
    </p>
   </div>
   <div class='ocr_carea' id='block_1_17' title="bbox 509 1521 2175 1598">
    <p class='ocr_par' dir='ltr' id='par_1_17' title="bbox 509 1521 2175 1598">
     <span class='ocr_line' id='line_1_17' title="bbox 509 1521 2175 1598; baseline -0.005 -12"><span class='ocrx_word' id='word_1_97' title='bbox 509 1527 860 1588; x_wconf 84' lang='lat' dir='ltr'><strong>remotiora.</strong></span> <span class='ocrx_word' id='word_1_98' title='bbox 888 1525 1241 1598; x_wconf 89' lang='lat' dir='ltr'><strong>Depascitur</strong></span> <span class='ocrx_word' id='word_1_99' title='bbox 1279 1524 1441 1580; x_wconf 88' lang='lat' dir='ltr'><strong>enim</strong></span> <span class='ocrx_word' id='word_1_100' title='bbox 1493 1523 1794 1582; x_wconf 67' lang='lat' dir='ltr'><strong>haereseos</strong></span> <span class='ocrx_word' id='word_1_101' title='bbox 1832 1521 2085 1589; x_wconf 85' lang='lat' dir='ltr'><strong>malum,</strong></span> <span class='ocrx_word' id='word_1_102' title='bbox 2115 1525 2175 1577; x_wconf 89' lang='lat' dir='ltr'><strong>et</strong></span> 
     </span>
    </p>
   </div>
   <div class='ocr_carea' id='block_1_18' title="bbox 510 1613 2173 1684">
    <p class='ocr_par' dir='ltr' id='par_1_18' title="bbox 510 1613 2173 1684">
     <span class='ocr_line' id='line_1_18' title="bbox 510 1613 2173 1684; baseline -0.005 -9"><span class='ocrx_word' id='word_1_103' title='bbox 510 1617 691 1675; x_wconf 87' lang='lat' dir='ltr'><strong>timor</strong></span> <span class='ocrx_word' id='word_1_104' title='bbox 719 1620 923 1682; x_wconf 90' lang='lat' dir='ltr'><strong>estne,</strong></span> <span class='ocrx_word' id='word_1_105' title='bbox 954 1615 1179 1670; x_wconf 83' lang='lat' dir='ltr'><strong>voratis</strong></span> <span class='ocrx_word' id='word_1_106' title='bbox 1209 1613 1486 1670; x_wconf 90' lang='lat' dir='ltr'><strong>Ecclesiis</strong></span> <span class='ocrx_word' id='word_1_107' title='bbox 1515 1613 1759 1679; x_wconf 86' lang='lat' dir='ltr'><strong>nostris,</strong></span> <span class='ocrx_word' id='word_1_108' title='bbox 1792 1614 1996 1684; x_wconf 89' lang='lat' dir='ltr'><strong>serpat</strong></span> <span class='ocrx_word' id='word_1_109' title='bbox 2035 1626 2173 1683; x_wconf 90' lang='lat' dir='ltr'><strong>pos-</strong></span> 
     </span>
    </p>
   </div>
   <div class='ocr_carea' id='block_1_19' title="bbox 509 1701 2171 1778">
    <p class='ocr_par' dir='ltr' id='par_1_19' title="bbox 509 1701 2171 1778">
     <span class='ocr_line' id='line_1_19' title="bbox 509 1701 2171 1778; baseline -0.004 -15"><span class='ocrx_word' id='word_1_110' title='bbox 509 1710 606 1764; x_wconf 88' lang='lat' dir='ltr'><strong>tea</strong></span> <span class='ocrx_word' id='word_1_111' title='bbox 632 1721 829 1778; x_wconf 88' lang='lat' dir='ltr'><strong>usque</strong></span> <span class='ocrx_word' id='word_1_112' title='bbox 859 1704 938 1762; x_wconf 89' lang='lat' dir='ltr'><strong>ad</strong></span> <span class='ocrx_word' id='word_1_113' title='bbox 967 1719 1183 1760; x_wconf 83' lang='lat' dir='ltr'><strong>sanam</strong></span> <span class='ocrx_word' id='word_1_114' title='bbox 1211 1708 1446 1775; x_wconf 90' lang='lat' dir='ltr'><strong>partem</strong></span> <span class='ocrx_word' id='word_1_115' title='bbox 1472 1707 1682 1758; x_wconf 70' lang='lat' dir='ltr'><strong>vestra:</strong></span> <span class='ocrx_word' id='word_1_116' title='bbox 1717 1701 2007 1774; x_wconf 71' lang='lat' dir='ltr'><strong>pan-oeciaa.</strong></span> <span class='ocrx_word' id='word_1_117' title='bbox 2034 1701 2171 1756; x_wconf 87' lang='lat' dir='ltr'><strong>For-</strong></span> 
     </span>
    </p>
   </div>
   <div class='ocr_carea' id='block_1_20' title="bbox 507 1790 2177 1866">
    <p class='ocr_par' dir='ltr' id='par_1_20' title="bbox 507 1790 2177 1866">
     <span class='ocr_line' id='line_1_20' title="bbox 507 1790 2177 1866; baseline -0.005 -14"><span class='ocrx_word' id='word_1_118' title='bbox 507 1799 669 1853; x_wconf 86' lang='lat' dir='ltr'><strong>tasse</strong></span> <span class='ocrx_word' id='word_1_119' title='bbox 693 1794 894 1865; x_wconf 80' lang='lat' dir='ltr'><strong>igitur,</strong></span> <span class='ocrx_word' id='word_1_120' title='bbox 923 1793 1070 1866; x_wconf 89' lang='lat' dir='ltr'><strong>quia</strong></span> <span class='ocrx_word' id='word_1_121' title='bbox 1099 1792 1264 1863; x_wconf 90' lang='lat' dir='ltr'><strong>apud</strong></span> <span class='ocrx_word' id='word_1_122' title='bbox 1303 1807 1418 1848; x_wconf 92' lang='lat' dir='ltr'><strong>nos</strong></span> <span class='ocrx_word' id='word_1_123' title='bbox 1450 1790 1787 1848; x_wconf 86' lang='lat' dir='ltr'><strong>abundavit</strong></span> <span class='ocrx_word' id='word_1_124' title='bbox 1828 1793 2177 1860; x_wconf 78' lang='lat' dir='ltr'><strong>peccatum,</strong></span> 
     </span>
    </p>
   </div>
   <div class='ocr_carea' id='block_1_21' title="bbox 506 1878 2170 1958">
    <p class='ocr_par' dir='ltr' id='par_1_21' title="bbox 506 1878 2170 1958">
     <span class='ocr_line' id='line_1_21' title="bbox 506 1878 2170 1958; baseline -0.004 -17"><span class='ocrx_word' id='word_1_125' title='bbox 506 1884 688 1958; x_wconf 86' lang='lat' dir='ltr'><strong>primi</strong></span> <span class='ocrx_word' id='word_1_126' title='bbox 724 1884 787 1940; x_wconf 92' lang='lat' dir='ltr'><strong>in</strong></span> <span class='ocrx_word' id='word_1_127' title='bbox 817 1899 1020 1940; x_wconf 89' lang='lat' dir='ltr'><strong>escam</strong></span> <span class='ocrx_word' id='word_1_128' title='bbox 1053 1881 1252 1939; x_wconf 88' lang='lat' dir='ltr'><strong>traditi</strong></span> <span class='ocrx_word' id='word_1_129' title='bbox 1281 1897 1493 1937; x_wconf 90' lang='lat' dir='ltr'><strong>sumus</strong></span> <span class='ocrx_word' id='word_1_130' title='bbox 1521 1880 1868 1938; x_wconf 87' lang='lat' dir='ltr'><strong>crudelibus</strong></span> <span class='ocrx_word' id='word_1_131' title='bbox 1898 1878 2170 1935; x_wconf 85' lang='lat' dir='ltr'><strong>inimico-</strong></span> 
     </span>
    </p>
   </div>
   <div class='ocr_carea' id='block_1_22' title="bbox 505 1968 2170 2042">
    <p class='ocr_par' dir='ltr' id='par_1_22' title="bbox 505 1968 2170 2042">
     <span class='ocr_line' id='line_1_22' title="bbox 505 1968 2170 2042; baseline -0.005 -10"><span class='ocrx_word' id='word_1_132' title='bbox 505 1990 646 2032; x_wconf 90' lang='lat' dir='ltr'><strong>rum</strong></span> <span class='ocrx_word' id='word_1_133' title='bbox 673 1973 776 2029; x_wconf 88' lang='lat' dir='ltr'><strong>Dei</strong></span> <span class='ocrx_word' id='word_1_134' title='bbox 793 1971 1096 2030; x_wconf 88' lang='lat' dir='ltr'><strong>dentibus.</strong></span> <span class='ocrx_word' id='word_1_135' title='bbox 1129 1972 1403 2028; x_wconf 88' lang='lat' dir='ltr'><strong>Fortasse</strong></span> <span class='ocrx_word' id='word_1_136' title='bbox 1433 1970 1637 2034; x_wconf 88' lang='lat' dir='ltr'><strong>etiam,</strong></span> <span class='ocrx_word' id='word_1_137' title='bbox 1683 1969 1851 2042; x_wconf 91' lang='lat' dir='ltr'><strong>quod</strong></span> <span class='ocrx_word' id='word_1_138' title='bbox 1881 1974 1940 2025; x_wconf 90' lang='lat' dir='ltr'><strong>et</strong></span> <span class='ocrx_word' id='word_1_139' title='bbox 1965 1968 2170 2025; x_wconf 86' lang='lat' dir='ltr'><strong>verisi-</strong></span> 
     </span>
    </p>
   </div>
   <div class='ocr_carea' id='block_1_23' title="bbox 503 2059 2170 2134">
    <p class='ocr_par' dir='ltr' id='par_1_23' title="bbox 503 2059 2170 2134">
     <span class='ocr_line' id='line_1_23' title="bbox 503 2059 2170 2134; baseline -0.003 -13"><span class='ocrx_word' id='word_1_140' title='bbox 503 2062 713 2121; x_wconf 91' lang='lat' dir='ltr'><strong>milius</strong></span> <span class='ocrx_word' id='word_1_141' title='bbox 764 2066 874 2130; x_wconf 90' lang='lat' dir='ltr'><strong>est,</strong></span> <span class='ocrx_word' id='word_1_142' title='bbox 902 2061 1196 2134; x_wconf 89' lang='lat' dir='ltr'><strong>quoniam</strong></span> <span class='ocrx_word' id='word_1_143' title='bbox 1248 2059 1634 2132; x_wconf 86' lang='lat' dir='ltr'><strong>Evangelium</strong></span> <span class='ocrx_word' id='word_1_144' title='bbox 1680 2059 1874 2130; x_wconf 89' lang='lat' dir='ltr'><strong>regni,</strong></span> <span class='ocrx_word' id='word_1_145' title='bbox 1918 2063 2093 2130; x_wconf 88' lang='lat' dir='ltr'><strong>capto</strong></span> <span class='ocrx_word' id='word_1_146' title='bbox 2132 2074 2170 2116; x_wconf 78' lang='grc' dir='ltr'><strong>ο.</strong></span> 
     </span>
    </p>
   </div>
   <div class='ocr_carea' id='block_1_24' title="bbox 502 2149 2168 2223">
    <p class='ocr_par' dir='ltr' id='par_1_24' title="bbox 502 2149 2168 2223">
     <span class='ocr_line' id='line_1_24' title="bbox 502 2149 2168 2223; baseline -0.005 -11"><span class='ocrx_word' id='word_1_147' title='bbox 502 2153 727 2212; x_wconf 87' lang='lat' dir='ltr'><strong>nostris</strong></span> <span class='ocrx_word' id='word_1_148' title='bbox 753 2151 903 2210; x_wconf 90' lang='lat' dir='ltr'><strong>locis</strong></span> <span class='ocrx_word' id='word_1_149' title='bbox 931 2151 1122 2220; x_wconf 90' lang='lat' dir='ltr'><strong>initio,</strong></span> <span class='ocrx_word' id='word_1_150' title='bbox 1160 2150 1223 2206; x_wconf 93' lang='lat' dir='ltr'><strong>in</strong></span> <span class='ocrx_word' id='word_1_151' title='bbox 1253 2165 1502 2207; x_wconf 89' lang='lat' dir='ltr'><strong>omnem</strong></span> <span class='ocrx_word' id='word_1_152' title='bbox 1544 2149 1820 2223; x_wconf 89' lang='lat' dir='ltr'><strong>pervenit</strong></span> <span class='ocrx_word' id='word_1_153' title='bbox 1873 2153 2168 2204; x_wconf 88' lang='lat' dir='ltr'><strong>terrarum</strong></span> 
     </span>
    </p>
   </div>
   <div class='ocr_carea' id='block_1_25' title="bbox 503 2238 2167 2313">
    <p class='ocr_par' dir='ltr' id='par_1_25' title="bbox 503 2238 2167 2313">
     <span class='ocr_line' id='line_1_25' title="bbox 503 2238 2167 2313; baseline -0.004 -13"><span class='ocrx_word' id='word_1_154' title='bbox 503 2243 738 2313; x_wconf 89' lang='lat' dir='ltr'><strong>orbem,</strong></span> <span class='ocrx_word' id='word_1_155' title='bbox 806 2241 1032 2298; x_wconf 89' lang='lat' dir='ltr'><strong>idcirco</strong></span> <span class='ocrx_word' id='word_1_156' title='bbox 1104 2238 1448 2296; x_wconf 89' lang='lat' dir='ltr'><strong>communis</strong></span> <span class='ocrx_word' id='word_1_157' title='bbox 1529 2239 1875 2295; x_wconf 89' lang='lat' dir='ltr'><strong>animarum</strong></span> <span class='ocrx_word' id='word_1_158' title='bbox 1931 2241 2167 2294; x_wconf 90' lang='lat' dir='ltr'><strong>nostra-</strong></span> 
     </span>
    </p>
   </div>
   <div class='ocr_carea' id='block_1_26' title="bbox 501 2325 2169 2402">
    <p class='ocr_par' dir='ltr' id='par_1_26' title="bbox 501 2325 2169 2402">
     <span class='ocr_line' id='line_1_26' title="bbox 501 2325 2169 2402; baseline -0.005 -12"><span class='ocrx_word' id='word_1_159' title='bbox 501 2348 642 2390; x_wconf 89' lang='lat' dir='ltr'><strong>rum</strong></span> <span class='ocrx_word' id='word_1_160' title='bbox 693 2331 883 2388; x_wconf 89' lang='lat' dir='ltr'><strong>hostis</strong></span> <span class='ocrx_word' id='word_1_161' title='bbox 930 2328 1220 2402; x_wconf 82' lang='lat' dir='ltr'><strong>perﬁcere</strong></span> <span class='ocrx_word' id='word_1_162' title='bbox 1269 2331 1543 2391; x_wconf 90' lang='lat' dir='ltr'><strong>conatur,</strong></span> <span class='ocrx_word' id='word_1_163' title='bbox 1569 2332 1633 2382; x_wconf 93' lang='lat' dir='ltr'><strong>ut</strong></span> <span class='ocrx_word' id='word_1_164' title='bbox 1688 2325 2041 2382; x_wconf 89' lang='lat' dir='ltr'><strong>defectionis</strong></span> <span class='ocrx_word' id='word_1_165' title='bbox 2081 2342 2169 2382; x_wconf 92' lang='lat' dir='ltr'><strong>se-</strong></span> 
     </span>
    </p>
   </div>
   <div class='ocr_carea' id='block_1_27' title="bbox 501 2414 2169 2490">
    <p class='ocr_par' dir='ltr' id='par_1_27' title="bbox 501 2414 2169 2490">
     <span class='ocr_line' id='line_1_27' title="bbox 501 2414 2169 2490; baseline -0.004 -13"><span class='ocrx_word' id='word_1_166' title='bbox 501 2421 674 2478; x_wconf 90' lang='lat' dir='ltr'><strong>mina</strong></span> <span class='ocrx_word' id='word_1_167' title='bbox 717 2421 966 2490; x_wconf 89' lang='lat' dir='ltr'><strong>sumpto</strong></span> <span class='ocrx_word' id='word_1_168' title='bbox 1005 2416 1084 2472; x_wconf 92' lang='lat' dir='ltr'><strong>ab</strong></span> <span class='ocrx_word' id='word_1_169' title='bbox 1115 2416 1328 2471; x_wconf 90' lang='lat' dir='ltr'><strong>iisdem</strong></span> <span class='ocrx_word' id='word_1_170' title='bbox 1359 2415 1508 2471; x_wconf 92' lang='lat' dir='ltr'><strong>locis</strong></span> <span class='ocrx_word' id='word_1_171' title='bbox 1527 2415 1718 2483; x_wconf 91' lang='lat' dir='ltr'><strong>initio,</strong></span> <span class='ocrx_word' id='word_1_172' title='bbox 1749 2414 1812 2470; x_wconf 90' lang='lat' dir='ltr'><strong>in</strong></span> <span class='ocrx_word' id='word_1_173' title='bbox 1836 2419 2025 2470; x_wconf 87' lang='lat' dir='ltr'><strong>totum</strong></span> <span class='ocrx_word' id='word_1_174' title='bbox 2061 2420 2169 2470; x_wconf 88' lang='lat' dir='ltr'><strong>ter-</strong></span> 
     </span>
    </p>
   </div>
   <div class='ocr_carea' id='block_1_28' title="bbox 502 2502 2169 2568">
    <p class='ocr_par' dir='ltr' id='par_1_28' title="bbox 502 2502 2169 2568">
     <span class='ocr_line' id='line_1_28' title="bbox 502 2502 2169 2568; baseline -0.004 -4"><span class='ocrx_word' id='word_1_175' title='bbox 502 2523 714 2568; x_wconf 88' lang='lat' dir='ltr'><strong>rarum</strong></span> <span class='ocrx_word' id='word_1_176' title='bbox 745 2505 959 2562; x_wconf 88' lang='lat' dir='ltr'><strong>orbem</strong></span> <span class='ocrx_word' id='word_1_177' title='bbox 1001 2502 1440 2559; x_wconf 73' lang='lat' dir='ltr'><strong>diffundantur.</strong></span> <span class='ocrx_word' id='word_1_178' title='bbox 1473 2502 1703 2566; x_wconf 87' lang='lat' dir='ltr'><strong>Quibus</strong></span> <span class='ocrx_word' id='word_1_179' title='bbox 1729 2503 1892 2558; x_wconf 89' lang='lat' dir='ltr'><strong>enim</strong></span> <span class='ocrx_word' id='word_1_180' title='bbox 1945 2502 2169 2559; x_wconf 68' lang='lat' dir='ltr'><strong>affulsit</strong></span> 
     </span>
    </p>
   </div>
   <div class='ocr_carea' id='block_1_29' title="bbox 503 2591 2168 2666">
    <p class='ocr_par' dir='ltr' id='par_1_29' title="bbox 503 2591 2168 2666">
     <span class='ocr_line' id='line_1_29' title="bbox 503 2591 2168 2666; baseline -0.004 -11"><span class='ocrx_word' id='word_1_181' title='bbox 503 2595 870 2655; x_wconf 88' lang='lat' dir='ltr'><strong>illuminatio</strong></span> <span class='ocrx_word' id='word_1_182' title='bbox 897 2593 1253 2666; x_wconf 89' lang='lat' dir='ltr'><strong>cognitionis</strong></span> <span class='ocrx_word' id='word_1_183' title='bbox 1280 2592 1573 2663; x_wconf 66' lang='lat' dir='ltr'><strong>Christi”,</strong></span> <span class='ocrx_word' id='word_1_184' title='bbox 1600 2591 1680 2648; x_wconf 90' lang='lat' dir='ltr'><strong>ad</strong></span> <span class='ocrx_word' id='word_1_185' title='bbox 1699 2607 1805 2648; x_wconf 90' lang='lat' dir='ltr'><strong>eos</strong></span> <span class='ocrx_word' id='word_1_186' title='bbox 1834 2596 1897 2648; x_wconf 92' lang='lat' dir='ltr'><strong>ut</strong></span> <span class='ocrx_word' id='word_1_187' title='bbox 1922 2593 2168 2649; x_wconf 84' lang='lat' dir='ltr'><strong>veniant</strong></span> 
     </span>
    </p>
   </div>
   <div class='ocr_carea' id='block_1_30' title="bbox 508 2681 1792 2756">
    <p class='ocr_par' dir='ltr' id='par_1_30' title="bbox 508 2681 1792 2756">
     <span class='ocr_line' id='line_1_30' title="bbox 508 2681 1792 2756; baseline -0.005 -12"><span class='ocrx_word' id='word_1_188' title='bbox 508 2686 693 2744; x_wconf 90' lang='lat' dir='ltr'><strong>etiam</strong></span> <span class='ocrx_word' id='word_1_189' title='bbox 719 2683 1045 2756; x_wconf 89' lang='lat' dir='ltr'><strong>impietatis</strong></span> <span class='ocrx_word' id='word_1_190' title='bbox 1072 2681 1356 2754; x_wconf 67' lang='lat' dir='ltr'><strong>tenebre,</strong></span> <span class='ocrx_word' id='word_1_191' title='bbox 1387 2681 1792 2739; x_wconf 88' lang='lat' dir='ltr'><strong>machinatur.</strong></span> 
     </span>
    </p>
   </div>
   <div class='ocr_carea' id='block_1_31' title="bbox 503 2948 2168 3023">
    <p class='ocr_par' dir='ltr' id='par_1_31' title="bbox 503 2948 2168 3023">
     <span class='ocr_line' id='line_1_31' title="bbox 503 2948 2168 3023; baseline -0.006 -9"><span class='ocrx_word' id='word_1_192' title='bbox 503 2965 508 2974; x_wconf 84' lang='lat'>‘</span> <span class='ocrx_word' id='word_1_193' title='bbox 576 2959 633 3014; x_wconf 77' lang='grc'><strong>4.</strong></span> <span class='ocrx_word' id='word_1_194' title='bbox 660 2956 897 3012; x_wconf 81' lang='lat' dir='ltr'><strong>Vestras</strong></span> <span class='ocrx_word' id='word_1_195' title='bbox 926 2950 1110 3023; x_wconf 88' lang='lat' dir='ltr'><strong>igitur</strong></span> <span class='ocrx_word' id='word_1_196' title='bbox 1139 2950 1477 3008; x_wconf 83' lang='lat' dir='ltr'><strong>existimate</strong></span> <span class='ocrx_word' id='word_1_197' title='bbox 1513 2948 1868 3007; x_wconf 81' lang='lat' dir='ltr'><strong>afﬂictiones</strong></span> <span class='ocrx_word' id='word_1_198' title='bbox 1905 2953 2168 3019; x_wconf 89' lang='lat' dir='ltr'><strong>nostras,</strong></span> 
     </span>
    </p>
   </div>
   <div class='ocr_carea' id='block_1_32' title="bbox 507 3039 2167 3116">
    <p class='ocr_par' dir='ltr' id='par_1_32' title="bbox 507 3039 2167 3116">
     <span class='ocr_line' id='line_1_32' title="bbox 507 3039 2167 3116; baseline -0.006 -12"><span class='ocrx_word' id='word_1_199' title='bbox 507 3051 576 3104; x_wconf 91' lang='lat' dir='ltr'><strong>ut</strong></span> <span class='ocrx_word' id='word_1_200' title='bbox 619 3045 746 3102; x_wconf 89' lang='lat' dir='ltr'><strong>veri</strong></span> <span class='ocrx_word' id='word_1_201' title='bbox 789 3041 1070 3116; x_wconf 88' lang='lat' dir='ltr'><strong>discipuli</strong></span> <span class='ocrx_word' id='word_1_202' title='bbox 1128 3041 1389 3099; x_wconf 90' lang='lat' dir='ltr'><strong>Domini.</strong></span> <span class='ocrx_word' id='word_1_203' title='bbox 1443 3043 1572 3098; x_wconf 90' lang='lat' dir='ltr'><strong>Non</strong></span> <span class='ocrx_word' id='word_1_204' title='bbox 1597 3039 1673 3096; x_wconf 89' lang='lat' dir='ltr'><strong>de</strong></span> <span class='ocrx_word' id='word_1_205' title='bbox 1715 3039 2009 3113; x_wconf 89' lang='lat' dir='ltr'><strong>pecuniis,</strong></span> <span class='ocrx_word' id='word_1_206' title='bbox 2041 3053 2167 3096; x_wconf 92' lang='lat' dir='ltr'><strong>non</strong></span> 
     </span>
    </p>
   </div>
   <div class='ocr_carea' id='block_1_33' title="bbox 511 3128 2247 3215">
    <p class='ocr_par' dir='ltr' id='par_1_33' title="bbox 511 3128 2247 3215">
     <span class='ocr_line' id='line_1_33' title="bbox 511 3128 2247 3215; baseline -0.008 -19"><span class='ocrx_word' id='word_1_207' title='bbox 511 3135 690 3208; x_wconf 80' lang='lat'><strong>375</strong></span> <span class='ocrx_word' id='word_1_208' title='bbox 723 3134 799 3190; x_wconf 92' lang='lat' dir='ltr'><strong>de</strong></span> <span class='ocrx_word' id='word_1_209' title='bbox 824 3132 1034 3204; x_wconf 85' lang='lat' dir='ltr'><strong>gloria,</strong></span> <span class='ocrx_word' id='word_1_210' title='bbox 1066 3146 1191 3187; x_wconf 91' lang='lat' dir='ltr'><strong>non</strong></span> <span class='ocrx_word' id='word_1_211' title='bbox 1221 3131 1297 3186; x_wconf 91' lang='lat' dir='ltr'><strong>de</strong></span> <span class='ocrx_word' id='word_1_212' title='bbox 1327 3129 1450 3186; x_wconf 90' lang='lat' dir='ltr'><strong>ulla</strong></span> <span class='ocrx_word' id='word_1_213' title='bbox 1481 3129 1600 3186; x_wconf 90' lang='lat' dir='ltr'><strong>alia</strong></span> <span class='ocrx_word' id='word_1_214' title='bbox 1624 3145 1696 3185; x_wconf 92' lang='lat' dir='ltr'><strong>ex</strong></span> <span class='ocrx_word' id='word_1_215' title='bbox 1730 3128 1916 3185; x_wconf 89' lang='lat' dir='ltr'><strong>rebus</strong></span> <span class='ocrx_word' id='word_1_216' title='bbox 1940 3133 2166 3200; x_wconf 89' lang='lat' dir='ltr'><strong>tempo-</strong></span> <span class='ocrx_word' id='word_1_217' title='bbox 2205 3158 2247 3215; x_wconf 67' lang='grc' dir='ltr'>α</span> 
     </span>
    </p>
   </div>
   <div class='ocr_carea' id='block_1_34' title="bbox 505 3217 2169 3283">
    <p class='ocr_par' dir='ltr' id='par_1_34' title="bbox 505 3217 2169 3283">
     <span class='ocr_line' id='line_1_34' title="bbox 505 3217 2169 3283; baseline -0.005 0"><span class='ocrx_word' id='word_1_218' title='bbox 505 3225 680 3283; x_wconf 86' lang='lat' dir='ltr'><strong>rariis</strong></span> <span class='ocrx_word' id='word_1_219' title='bbox 708 3222 937 3281; x_wconf 88' lang='lat' dir='ltr'><strong>bellum</strong></span> <span class='ocrx_word' id='word_1_220' title='bbox 967 3221 1334 3276; x_wconf 88' lang='lat' dir='ltr'><strong>sustinemus</strong></span> <span class='ocrx_word' id='word_1_221' title='bbox 1359 3236 1372 3274; x_wconf 91' lang='lat'><strong>:</strong></span> <span class='ocrx_word' id='word_1_222' title='bbox 1407 3217 1515 3274; x_wconf 89' lang='lat' dir='ltr'><strong>sed</strong></span> <span class='ocrx_word' id='word_1_223' title='bbox 1543 3219 1619 3274; x_wconf 91' lang='lat' dir='ltr'><strong>de</strong></span> <span class='ocrx_word' id='word_1_224' title='bbox 1643 3218 1955 3275; x_wconf 90' lang='lat' dir='ltr'><strong>communi</strong></span> <span class='ocrx_word' id='word_1_225' title='bbox 1983 3218 2169 3275; x_wconf 58' lang='lat' dir='ltr'><strong>haere-</strong></span> 
     </span>
    </p>
   </div>
   <div class='ocr_carea' id='block_1_35' title="bbox 507 3307 2168 3386">
    <p class='ocr_par' dir='ltr' id='par_1_35' title="bbox 507 3307 2168 3386">
     <span class='ocr_line' id='line_1_35' title="bbox 507 3307 2168 3386; baseline -0.005 -13"><span class='ocrx_word' id='word_1_226' title='bbox 507 3316 715 3384; x_wconf 90' lang='lat' dir='ltr'><strong>ditate,</strong></span> <span class='ocrx_word' id='word_1_227' title='bbox 738 3311 932 3386; x_wconf 88' lang='lat' dir='ltr'><strong>patrio</strong></span> <span class='ocrx_word' id='word_1_228' title='bbox 964 3310 1247 3366; x_wconf 89' lang='lat' dir='ltr'><strong>thesauro</strong></span> <span class='ocrx_word' id='word_1_229' title='bbox 1290 3324 1457 3365; x_wconf 66' lang='lat' dir='ltr'><strong>sanas</strong></span> <span class='ocrx_word' id='word_1_230' title='bbox 1509 3307 1650 3364; x_wconf 87' lang='lat' dir='ltr'><strong>fidei</strong></span> <span class='ocrx_word' id='word_1_231' title='bbox 1701 3313 1934 3364; x_wconf 89' lang='lat' dir='ltr'><strong>stamus</strong></span> <span class='ocrx_word' id='word_1_232' title='bbox 1959 3309 2168 3364; x_wconf 89' lang='lat' dir='ltr'><strong>decer-</strong></span> 
     </span>
    </p>
   </div>
   <div class='ocr_carea' id='block_1_36' title="bbox 506 3395 2168 3465">
    <p class='ocr_par' dir='ltr' id='par_1_36' title="bbox 506 3395 2168 3465">
     <span class='ocr_line' id='line_1_36' title="bbox 506 3395 2168 3465; baseline -0.005 -5"><span class='ocrx_word' id='word_1_233' title='bbox 506 3407 726 3461; x_wconf 88' lang='lat' dir='ltr'><strong>tantes.</strong></span> <span class='ocrx_word' id='word_1_234' title='bbox 783 3400 1054 3458; x_wconf 91' lang='lat' dir='ltr'><strong>Dolorem</strong></span> <span class='ocrx_word' id='word_1_235' title='bbox 1090 3402 1371 3455; x_wconf 91' lang='lat' dir='ltr'><strong>nostrum</strong></span> <span class='ocrx_word' id='word_1_236' title='bbox 1421 3397 1638 3465; x_wconf 88' lang='lat' dir='ltr'><strong>dolete,</strong></span> <span class='ocrx_word' id='word_1_237' title='bbox 1672 3413 1710 3454; x_wconf 92' lang='grc' dir='ltr'><strong>ο</strong></span> <span class='ocrx_word' id='word_1_238' title='bbox 1755 3413 1867 3453; x_wconf 91' lang='lat' dir='ltr'><strong>vos</strong></span> <span class='ocrx_word' id='word_1_239' title='bbox 1911 3395 2168 3452; x_wconf 84' lang='lat' dir='ltr'><strong>fratrum</strong></span> 
     </span>
    </p>
   </div>
   <div class='ocr_carea' id='block_1_37' title="bbox 507 3485 2168 3563">
    <p class='ocr_par' dir='ltr' id='par_1_37' title="bbox 507 3485 2168 3563">
     <span class='ocr_line' id='line_1_37' title="bbox 507 3485 2168 3563; baseline -0.004 -14"><span class='ocrx_word' id='word_1_240' title='bbox 507 3495 805 3559; x_wconf 89' lang='lat' dir='ltr'><strong>amantes,</strong></span> <span class='ocrx_word' id='word_1_241' title='bbox 836 3488 1130 3563; x_wconf 91' lang='lat' dir='ltr'><strong>quoniam</strong></span> <span class='ocrx_word' id='word_1_242' title='bbox 1159 3486 1403 3544; x_wconf 90' lang='lat' dir='ltr'><strong>occlusa</strong></span> <span class='ocrx_word' id='word_1_243' title='bbox 1428 3489 1567 3542; x_wconf 88' lang='lat' dir='ltr'><strong>sunt</strong></span> <span class='ocrx_word' id='word_1_244' title='bbox 1594 3485 1758 3559; x_wconf 85' lang='lat' dir='ltr'><strong>apud</strong></span> <span class='ocrx_word' id='word_1_245' title='bbox 1789 3502 1902 3542; x_wconf 90' lang='lat' dir='ltr'><strong>nos</strong></span> <span class='ocrx_word' id='word_1_246' title='bbox 1925 3486 2168 3558; x_wconf 90' lang='lat' dir='ltr'><strong>piorum</strong></span> 
     </span>
    </p>
   </div>
   <div class='ocr_carea' id='block_1_38' title="bbox 505 3573 2168 3651">
    <p class='ocr_par' dir='ltr' id='par_1_38' title="bbox 505 3573 2168 3651">
     <span class='ocr_line' id='line_1_38' title="bbox 505 3573 2168 3651; baseline -0.005 -12"><span class='ocrx_word' id='word_1_247' title='bbox 505 3595 638 3649; x_wconf 91' lang='lat' dir='ltr'><strong>ora,</strong></span> <span class='ocrx_word' id='word_1_248' title='bbox 669 3583 881 3651; x_wconf 85' lang='lat' dir='ltr'><strong>aperta</strong></span> <span class='ocrx_word' id='word_1_249' title='bbox 931 3591 1075 3633; x_wconf 90' lang='lat' dir='ltr'><strong>vero</strong></span> <span class='ocrx_word' id='word_1_250' title='bbox 1113 3575 1312 3632; x_wconf 83' lang='lat' dir='ltr'><strong>omnis</strong></span> <span class='ocrx_word' id='word_1_251' title='bbox 1341 3574 1545 3632; x_wconf 87' lang='lat' dir='ltr'><strong>audax</strong></span> <span class='ocrx_word' id='word_1_252' title='bbox 1573 3579 1632 3631; x_wconf 89' lang='lat' dir='ltr'><strong>et</strong></span> <span class='ocrx_word' id='word_1_253' title='bbox 1670 3573 2168 3647; x_wconf 89' lang='lat' dir='ltr'><strong>blasphemalin-</strong></span> 
     </span>
    </p>
   </div>
   <div class='ocr_carea' id='block_1_39' title="bbox 506 3663 2163 3741">
    <p class='ocr_par' dir='ltr' id='par_1_39' title="bbox 506 3663 2163 3741">
     <span class='ocr_line' id='line_1_39' title="bbox 506 3663 2163 3741; baseline -0.003 -14"><span class='ocrx_word' id='word_1_254' title='bbox 506 3685 632 3741; x_wconf 89' lang='lat' dir='ltr'><strong>gua</strong></span> <span class='ocrx_word' id='word_1_255' title='bbox 673 3666 1051 3741; x_wconf 90' lang='lat' dir='ltr'><strong>loquentium</strong></span> <span class='ocrx_word' id='word_1_256' title='bbox 1099 3665 1394 3722; x_wconf 91' lang='lat' dir='ltr'><strong>adversus</strong></span> <span class='ocrx_word' id='word_1_257' title='bbox 1442 3667 1631 3720; x_wconf 92' lang='lat' dir='ltr'><strong>Deum</strong></span> <span class='ocrx_word' id='word_1_258' title='bbox 1682 3663 2064 3736; x_wconf 88' lang='lat' dir='ltr'><strong>iniquitatem</strong></span> <span class='ocrx_word' id='word_1_259' title='bbox 2093 3667 2163 3722; x_wconf 71' lang='grc' dir='ltr'><strong>θί.</strong></span> 
     </span>
    </p>
   </div>
   <div class='ocr_carea' id='block_1_40' title="bbox 508 3753 2167 3826">
    <p class='ocr_par' dir='ltr' id='par_1_40' title="bbox 508 3753 2167 3826">
     <span class='ocr_line' id='line_1_40' title="bbox 508 3753 2167 3826; baseline -0.004 -9"><span class='ocrx_word' id='word_1_260' title='bbox 508 3759 819 3817; x_wconf 70' lang='lat' dir='ltr'><strong>Columnae</strong></span> <span class='ocrx_word' id='word_1_261' title='bbox 857 3760 916 3813; x_wconf 89' lang='lat' dir='ltr'><strong>et</strong></span> <span class='ocrx_word' id='word_1_262' title='bbox 938 3755 1201 3812; x_wconf 86' lang='lat' dir='ltr'><strong>fulcrum</strong></span> <span class='ocrx_word' id='word_1_263' title='bbox 1231 3753 1499 3810; x_wconf 89' lang='lat' dir='ltr'><strong>veritatis</strong></span> <span class='ocrx_word' id='word_1_264' title='bbox 1528 3753 1592 3809; x_wconf 92' lang='lat' dir='ltr'><strong>in</strong></span> <span class='ocrx_word' id='word_1_265' title='bbox 1617 3753 1994 3826; x_wconf 86' lang='lat' dir='ltr'><strong>dispersione</strong></span> <span class='ocrx_word' id='word_1_266' title='bbox 2017 3771 2030 3822; x_wconf 94' lang='lat'><strong>;</strong></span> <span class='ocrx_word' id='word_1_267' title='bbox 2053 3769 2167 3810; x_wconf 91' lang='lat' dir='ltr'><strong>nos</strong></span> 
     </span>
    </p>
   </div>
   <div class='ocr_carea' id='block_1_41' title="bbox 502 3842 2166 3918">
    <p class='ocr_par' dir='ltr' id='par_1_41' title="bbox 502 3842 2166 3918">
     <span class='ocr_line' id='line_1_41' title="bbox 502 3842 2166 3918; baseline -0.004 -12"><span class='ocrx_word' id='word_1_268' title='bbox 502 3864 670 3918; x_wconf 88' lang='lat' dir='ltr'><strong>vero,</strong></span> <span class='ocrx_word' id='word_1_269' title='bbox 685 3847 792 3917; x_wconf 88' lang='lat' dir='ltr'><strong>qui</strong></span> <span class='ocrx_word' id='word_1_270' title='bbox 811 3846 892 3903; x_wconf 91' lang='lat' dir='ltr'><strong>ob</strong></span> <span class='ocrx_word' id='word_1_271' title='bbox 912 3845 1263 3902; x_wconf 85' lang='lat' dir='ltr'><strong>tenuitatem</strong></span> <span class='ocrx_word' id='word_1_272' title='bbox 1283 3845 1610 3914; x_wconf 89' lang='lat' dir='ltr'><strong>contempti</strong></span> <span class='ocrx_word' id='word_1_273' title='bbox 1625 3842 2166 3915; x_wconf 84' lang='lat' dir='ltr'><strong>fuimus.loquendi</strong></span> 
     </span>
    </p>
   </div>
   <div class='ocr_carea' id='block_1_42' title="bbox 503 3931 2163 4005">
    <p class='ocr_par' dir='ltr' id='par_1_42' title="bbox 503 3931 2163 4005">
     <span class='ocr_line' id='line_1_42' title="bbox 503 3931 2163 4005; baseline -0.004 -10"><span class='ocrx_word' id='word_1_274' title='bbox 503 3938 887 3995; x_wconf 88' lang='lat' dir='ltr'><strong>destituimur</strong></span> <span class='ocrx_word' id='word_1_275' title='bbox 936 3934 1230 3991; x_wconf 87' lang='lat' dir='ltr'><strong>libertate.</strong></span> <span class='ocrx_word' id='word_1_276' title='bbox 1263 3934 1568 3989; x_wconf 85' lang='lat' dir='ltr'><strong>Decertate</strong></span> <span class='ocrx_word' id='word_1_277' title='bbox 1610 3948 1718 4005; x_wconf 91' lang='lat' dir='ltr'><strong>pro</strong></span> <span class='ocrx_word' id='word_1_278' title='bbox 1768 3931 2033 4004; x_wconf 91' lang='lat' dir='ltr'><strong>populis,</strong></span> <span class='ocrx_word' id='word_1_279' title='bbox 2053 3949 2163 3989; x_wconf 91' lang='lat' dir='ltr'><strong>nec</strong></span> 
     </span>
    </p>
   </div>
   <div class='ocr_carea' id='block_1_43' title="bbox 504 4021 2165 4100">
    <p class='ocr_par' dir='ltr' id='par_1_43' title="bbox 504 4021 2165 4100">
     <span class='ocr_line' id='line_1_43' title="bbox 504 4021 2165 4100; baseline -0.003 -17"><span class='ocrx_word' id='word_1_280' title='bbox 504 4029 770 4100; x_wconf 88' lang='lat' dir='ltr'><strong>spectate</strong></span> <span class='ocrx_word' id='word_1_281' title='bbox 811 4023 1320 4080; x_wconf 84' lang='lat' dir='ltr'><strong>modo&#39;vestrum</strong></span> <span class='ocrx_word' id='word_1_282' title='bbox 1384 4026 1627 4090; x_wconf 88' lang='lat' dir='ltr'><strong>statum,</strong></span> <span class='ocrx_word' id='word_1_283' title='bbox 1677 4021 1948 4077; x_wconf 87' lang='lat' dir='ltr'><strong>videlicet</strong></span> <span class='ocrx_word' id='word_1_284' title='bbox 1997 4021 2165 4093; x_wconf 92' lang='lat' dir='ltr'><strong>quod</strong></span> 
     </span>
    </p>
   </div>
   <div class='ocr_carea' id='block_1_44' title="bbox 502 4109 2164 4188">
    <p class='ocr_par' dir='ltr' id='par_1_44' title="bbox 502 4109 2164 4188">
     <span class='ocr_line' id='line_1_44' title="bbox 502 4109 2164 4188; baseline -0.002 -16"><span class='ocrx_word' id='word_1_285' title='bbox 502 4116 567 4172; x_wconf 91' lang='lat' dir='ltr'><strong>in</strong></span> <span class='ocrx_word' id='word_1_286' title='bbox 597 4113 874 4188; x_wconf 86' lang='lat' dir='ltr'><strong>portibus</strong></span> <span class='ocrx_word' id='word_1_287' title='bbox 901 4111 1239 4183; x_wconf 87' lang='lat' dir='ltr'><strong>tranquillis</strong></span> <span class='ocrx_word' id='word_1_288' title='bbox 1266 4109 1454 4177; x_wconf 89' lang='lat' dir='ltr'><strong>statis,</strong></span> <span class='ocrx_word' id='word_1_289' title='bbox 1485 4111 1586 4167; x_wconf 88' lang='lat' dir='ltr'><strong>Dei</strong></span> <span class='ocrx_word' id='word_1_290' title='bbox 1617 4111 1811 4181; x_wconf 89' lang='lat' dir='ltr'><strong>gratia</strong></span> <span class='ocrx_word' id='word_1_291' title='bbox 1845 4111 2098 4167; x_wconf 91' lang='lat' dir='ltr'><strong>omnino</strong></span> <span class='ocrx_word' id='word_1_292' title='bbox 2125 4127 2164 4169; x_wconf 88' lang='lat' dir='ltr'><strong>a</strong></span> 
     </span>
    </p>
   </div>
   <div class='ocr_carea' id='block_1_45' title="bbox 499 4198 2162 4272">
    <p class='ocr_par' dir='ltr' id='par_1_45' title="bbox 499 4198 2162 4272">
     <span class='ocr_line' id='line_1_45' title="bbox 499 4198 2162 4272; baseline -0.003 -11"><span class='ocrx_word' id='word_1_293' title='bbox 499 4203 742 4262; x_wconf 85' lang='lat' dir='ltr'><strong>turbine</strong></span> <span class='ocrx_word' id='word_1_294' title='bbox 779 4201 1083 4258; x_wconf 88' lang='lat' dir='ltr'><strong>malorum</strong></span> <span class='ocrx_word' id='word_1_295' title='bbox 1125 4204 1448 4256; x_wconf 90' lang='lat' dir='ltr'><strong>ventorum</strong></span> <span class='ocrx_word' id='word_1_296' title='bbox 1482 4216 1592 4256; x_wconf 91' lang='lat' dir='ltr'><strong>vos</strong></span> <span class='ocrx_word' id='word_1_297' title='bbox 1622 4204 1994 4272; x_wconf 90' lang='lat' dir='ltr'><strong>protegente.</strong></span> <span class='ocrx_word' id='word_1_298' title='bbox 2045 4198 2162 4256; x_wconf 93' lang='lat' dir='ltr'><strong>Sed</strong></span> 
     </span>
    </p>
   </div>
   <div class='ocr_carea' id='block_1_46' title="bbox 2287 537 3854 624">
    <p class='ocr_par' dir='ltr' id='par_1_46' title="bbox 2287 537 3854 624">
     <span class='ocr_line' id='line_1_46' title="bbox 2287 537 3854 624; baseline 0.003 -33"><span class='ocrx_word' id='word_1_299' title='bbox 2287 558 2383 611; x_wconf 90' lang='grc' dir='ltr'><strong>ραν</strong></span> <span class='ocrx_word' id='word_1_300' title='bbox 2435 539 2644 612; x_wconf 83' lang='grc' dir='ltr'><strong>ἀγάπην</strong></span> <span class='ocrx_word' id='word_1_301' title='bbox 2696 545 2790 605; x_wconf 77' lang='grc' dir='ltr'><strong>τὰς</strong></span> <span class='ocrx_word' id='word_1_302' title='bbox 2844 537 3135 602; x_wconf 73' lang='grc' dir='ltr'><strong>πολυειδεῖς</strong></span> <span class='ocrx_word' id='word_1_303' title='bbox 3204 542 3350 614; x_wconf 79' lang='grc' dir='ltr'><strong>ἡμῶν</strong></span> <span class='ocrx_word' id='word_1_304' title='bbox 3417 549 3672 621; x_wconf 74' lang='grc' dir='ltr'><strong>συμφορὰς</strong></span> <span class='ocrx_word' id='word_1_305' title='bbox 3725 547 3854 624; x_wconf 45' lang='lat' dir='ltr'><strong>ign.</strong></span> 
     </span>
    </p>
   </div>
   <div class='ocr_carea' id='block_1_47' title="bbox 2285 627 3870 712">
    <p class='ocr_par' dir='ltr' id='par_1_47' title="bbox 2285 627 3870 712">
     <span class='ocr_line' id='line_1_47' title="bbox 2285 627 3870 712; baseline 0.006 -30"><span class='ocrx_word' id='word_1_306' title='bbox 2285 628 2544 702; x_wconf 72' lang='grc' dir='ltr'><strong>γελλομεν,</strong></span> <span class='ocrx_word' id='word_1_307' title='bbox 2584 634 2628 684; x_wconf 81' lang='grc' dir='ltr'><strong>εἶ</strong></span> <span class='ocrx_word' id='word_1_308' title='bbox 2669 652 2780 694; x_wconf 85' lang='grc' dir='ltr'><strong>πως</strong></span> <span class='ocrx_word' id='word_1_309' title='bbox 2825 631 2886 684; x_wconf 77' lang='grc' dir='ltr'><strong>ἂν</strong></span> <span class='ocrx_word' id='word_1_310' title='bbox 2939 627 3288 706; x_wconf 75' lang='grc' dir='ltr'><strong>σφοδρότερον</strong></span> <span class='ocrx_word' id='word_1_311' title='bbox 3345 631 3424 694; x_wconf 77' lang='grc' dir='ltr'><strong>εἰς</strong></span> <span class='ocrx_word' id='word_1_312' title='bbox 3460 637 3551 697; x_wconf 80' lang='grc' dir='ltr'><strong>τὰς</strong></span> <span class='ocrx_word' id='word_1_313' title='bbox 3581 637 3697 710; x_wconf 70' lang='grc' dir='ltr'><strong>ὑπὲρ</strong></span> <span class='ocrx_word' id='word_1_314' title='bbox 3725 641 3870 712; x_wconf 73' lang='grc' dir='ltr'><strong>ἡμῶν·</strong></span> 
     </span>
    </p>
   </div>
   <div class='ocr_carea' id='block_1_48' title="bbox 2285 717 3846 802">
    <p class='ocr_par' dir='ltr' id='par_1_48' title="bbox 2285 717 3846 802">
     <span class='ocr_line' id='line_1_48' title="bbox 2285 717 3846 802; baseline 0.008 -33"><span class='ocrx_word' id='word_1_315' title='bbox 2285 723 2593 802; x_wconf 82' lang='grc' dir='ltr'><strong>προσευχὰς</strong></span> <span class='ocrx_word' id='word_1_316' title='bbox 2650 722 2961 787; x_wconf 76' lang='grc' dir='ltr'><strong>κινηθέντες,</strong></span> <span class='ocrx_word' id='word_1_317' title='bbox 3017 717 3371 779; x_wconf 71' lang='grc' dir='ltr'><strong>δυσωπήσητε</strong></span> <span class='ocrx_word' id='word_1_318' title='bbox 3424 724 3533 793; x_wconf 79' lang='lat'><strong>(57)</strong></span> <span class='ocrx_word' id='word_1_319' title='bbox 3571 727 3652 777; x_wconf 84' lang='grc' dir='ltr'><strong>τὸν</strong></span> <span class='ocrx_word' id='word_1_320' title='bbox 3683 730 3846 802; x_wconf 77' lang='grc' dir='ltr'><strong>Κύριον</strong></span> 
     </span>
    </p>
   </div>
   <div class='ocr_carea' id='block_1_49' title="bbox 2287 801 3850 886">
    <p class='ocr_par' dir='ltr' id='par_1_49' title="bbox 2287 801 3850 886">
     <span class='ocr_line' id='line_1_49' title="bbox 2287 801 3850 886; baseline 0.006 -29"><span class='ocrx_word' id='word_1_321' title='bbox 2287 801 2636 878; x_wconf 84' lang='grc' dir='ltr'><strong>διαλλαγῆναι</strong></span> <span class='ocrx_word' id='word_1_322' title='bbox 2674 809 2820 880; x_wconf 72' lang='grc' dir='ltr'><strong>ἡμῖν.</strong></span> <span class='ocrx_word' id='word_1_323' title='bbox 2864 807 2925 861; x_wconf 80' lang='grc' dir='ltr'><strong>Εἰ</strong></span> <span class='ocrx_word' id='word_1_324' title='bbox 2954 810 3044 880; x_wconf 66' lang='grc' dir='ltr'><strong>μὲν</strong></span> <span class='ocrx_word' id='word_1_325' title='bbox 3093 807 3180 860; x_wconf 80' lang='grc' dir='ltr'><strong>οὖν</strong></span> <span class='ocrx_word' id='word_1_326' title='bbox 3211 810 3266 860; x_wconf 86' lang='grc' dir='ltr'><strong>αἱ</strong></span> <span class='ocrx_word' id='word_1_327' title='bbox 3299 807 3497 880; x_wconf 76' lang='grc' dir='ltr'><strong>θλίψεις</strong></span> <span class='ocrx_word' id='word_1_328' title='bbox 3537 806 3665 868; x_wconf 71' lang='grc' dir='ltr'><strong>ἦσαν</strong></span> <span class='ocrx_word' id='word_1_329' title='bbox 3715 801 3850 886; x_wconf 80' lang='grc' dir='ltr'><strong>μοναι</strong></span> 
     </span>
    </p>
   </div>
   <div class='ocr_carea' id='block_1_50' title="bbox 2286 894 3850 972">
    <p class='ocr_par' dir='ltr' id='par_1_50' title="bbox 2286 894 3850 972">
     <span class='ocr_line' id='line_1_50' title="bbox 2286 894 3850 972; baseline 0.007 -26"><span class='ocrx_word' id='word_1_330' title='bbox 2286 895 2342 946; x_wconf 82' lang='grc' dir='ltr'><strong>αἱ</strong></span> <span class='ocrx_word' id='word_1_331' title='bbox 2399 903 2793 950; x_wconf 79' lang='grc' dir='ltr'><strong>καταπονοῦσαι</strong></span> <span class='ocrx_word' id='word_1_332' title='bbox 2831 897 2992 970; x_wconf 74' lang='grc' dir='ltr'><strong>ἡμᾶς,</strong></span> <span class='ocrx_word' id='word_1_333' title='bbox 3024 894 3119 948; x_wconf 82' lang='grc' dir='ltr'><strong>κᾶν</strong></span> <span class='ocrx_word' id='word_1_334' title='bbox 3170 895 3633 972; x_wconf 79' lang='grc' dir='ltr'><strong>συνεϐουλεύσαμεν</strong></span> <span class='ocrx_word' id='word_1_335' title='bbox 3678 901 3850 968; x_wconf 77' lang='grc' dir='ltr'><strong>ἑαυτοῖς</strong></span> 
     </span>
    </p>
   </div>
   <div class='ocr_carea' id='block_1_51' title="bbox 2283 985 3850 1065">
    <p class='ocr_par' dir='ltr' id='par_1_51' title="bbox 2283 985 3850 1065">
     <span class='ocr_line' id='line_1_51' title="bbox 2283 985 3850 1065; baseline 0.007 -30"><span class='ocrx_word' id='word_1_336' title='bbox 2283 987 2379 1040; x_wconf 74' lang='grc' dir='ltr'><strong>τὴν</strong></span> <span class='ocrx_word' id='word_1_337' title='bbox 2440 985 2680 1056; x_wconf 76' lang='grc' dir='ltr'><strong>ἡσυχίαν</strong></span> <span class='ocrx_word' id='word_1_338' title='bbox 2737 985 2901 1057; x_wconf 79' lang='grc' dir='ltr'><strong>ἄγειν,</strong></span> <span class='ocrx_word' id='word_1_339' title='bbox 2935 990 3027 1038; x_wconf 85' lang='grc' dir='ltr'><strong>καὶ</strong></span> <span class='ocrx_word' id='word_1_340' title='bbox 3077 991 3262 1059; x_wconf 79' lang='grc' dir='ltr'><strong>χαίρεν</strong></span> <span class='ocrx_word' id='word_1_341' title='bbox 3316 995 3421 1048; x_wconf 81' lang='grc' dir='ltr'><strong>τοῖς</strong></span> <span class='ocrx_word' id='word_1_342' title='bbox 3465 989 3587 1064; x_wconf 65' lang='grc' dir='ltr'><strong>ὑπὲρ</strong></span> <span class='ocrx_word' id='word_1_343' title='bbox 3642 997 3850 1065; x_wconf 80' lang='grc' dir='ltr'><strong>Χριστοῦ</strong></span> 
     </span>
    </p>
   </div>
   <div class='ocr_carea' id='block_1_52' title="bbox 2283 1072 3850 1150">
    <p class='ocr_par' dir='ltr' id='par_1_52' title="bbox 2283 1072 3850 1150">
     <span class='ocr_line' id='line_1_52' title="bbox 2283 1072 3850 1150; baseline 0.006 -26"><span class='ocrx_word' id='word_1_344' title='bbox 2283 1074 2610 1146; x_wconf 73' lang='grc' dir='ltr'><strong>παθήμασιν,</strong></span> <span class='ocrx_word' id='word_1_345' title='bbox 2680 1072 2864 1134; x_wconf 73' lang='grc' dir='ltr'><strong>ἐπειδὴ</strong></span> <span class='ocrx_word' id='word_1_346' title='bbox 2933 1075 3045 1128; x_wconf 87' lang='grc' dir='ltr'><strong>Οὐκ</strong></span> <span class='ocrx_word' id='word_1_347' title='bbox 3111 1075 3236 1138; x_wconf 79' lang='grc' dir='ltr'><strong>ἄξια</strong></span> <span class='ocrx_word' id='word_1_348' title='bbox 3302 1079 3370 1129; x_wconf 82' lang='grc' dir='ltr'><strong>τὰ</strong></span> <span class='ocrx_word' id='word_1_349' title='bbox 3440 1080 3710 1150; x_wconf 74' lang='grc' dir='ltr'><strong>παθήματα</strong></span> <span class='ocrx_word' id='word_1_350' title='bbox 3771 1090 3850 1134; x_wconf 84' lang='grc' dir='ltr'><strong>τοῦ</strong></span> 
     </span>
    </p>
   </div>
   <div class='ocr_carea' id='block_1_53' title="bbox 2282 1167 3852 1243">
    <p class='ocr_par' dir='ltr' id='par_1_53' title="bbox 2282 1167 3852 1243">
     <span class='ocr_line' id='line_1_53' title="bbox 2282 1167 3852 1243; baseline 0.007 -28"><span class='ocrx_word' id='word_1_351' title='bbox 2282 1171 2372 1216; x_wconf 86' lang='grc' dir='ltr'><strong>νῦν</strong></span> <span class='ocrx_word' id='word_1_352' title='bbox 2462 1174 2651 1242; x_wconf 78' lang='grc' dir='ltr'><strong>καιροῦ</strong></span> <span class='ocrx_word' id='word_1_353' title='bbox 2730 1171 2861 1243; x_wconf 81' lang='grc' dir='ltr'><strong>πρὸς</strong></span> <span class='ocrx_word' id='word_1_354' title='bbox 2939 1171 3032 1227; x_wconf 76' lang='grc' dir='ltr'><strong>την</strong></span> <span class='ocrx_word' id='word_1_355' title='bbox 3098 1168 3384 1240; x_wconf 80' lang='grc' dir='ltr'><strong>μέλλουσαν</strong></span> <span class='ocrx_word' id='word_1_356' title='bbox 3467 1167 3620 1233; x_wconf 79' lang='grc' dir='ltr'><strong>δόξαν</strong></span> <span class='ocrx_word' id='word_1_357' title='bbox 3682 1171 3852 1226; x_wconf 76' lang='grc' dir='ltr'><strong>ἀποκα·</strong></span> 
     </span>
    </p>
   </div>
   <div class='ocr_carea' id='block_1_54' title="bbox 2282 1251 3850 1333">
    <p class='ocr_par' dir='ltr' id='par_1_54' title="bbox 2282 1251 3850 1333">
     <span class='ocr_line' id='line_1_54' title="bbox 2282 1251 3850 1333; baseline 0.006 -28"><span class='ocrx_word' id='word_1_358' title='bbox 2282 1251 2649 1324; x_wconf 78' lang='grc' dir='ltr'><strong>λυφθήσεσθαι</strong></span> <span class='ocrx_word' id='word_1_359' title='bbox 2714 1256 2786 1318; x_wconf 86' lang='grc' dir='ltr'><strong>εἰς</strong></span> <span class='ocrx_word' id='word_1_360' title='bbox 2834 1257 2993 1330; x_wconf 80' lang='grc' dir='ltr'><strong>ἡμᾶς·</strong></span> <span class='ocrx_word' id='word_1_361' title='bbox 3052 1264 3141 1308; x_wconf 87' lang='grc' dir='ltr'><strong>νῦν</strong></span> <span class='ocrx_word' id='word_1_362' title='bbox 3199 1255 3258 1310; x_wconf 71' lang='grc' dir='ltr'><strong>δε</strong></span> <span class='ocrx_word' id='word_1_363' title='bbox 3311 1256 3623 1330; x_wconf 73' lang='grc' dir='ltr'><strong>φοϐούμεθα,</strong></span> <span class='ocrx_word' id='word_1_364' title='bbox 3673 1265 3850 1333; x_wconf 76' lang='grc' dir='ltr'><strong>μήποτε</strong></span> 
     </span>
    </p>
   </div>
   <div class='ocr_carea' id='block_1_55' title="bbox 2283 1341 3852 1422">
    <p class='ocr_par' dir='ltr' id='par_1_55' title="bbox 2283 1341 3852 1422">
     <span class='ocr_line' id='line_1_55' title="bbox 2283 1341 3852 1422; baseline 0.006 -28"><span class='ocrx_word' id='word_1_365' title='bbox 2283 1341 2626 1416; x_wconf 75' lang='grc' dir='ltr'><strong>αὐξανόμενον</strong></span> <span class='ocrx_word' id='word_1_366' title='bbox 2692 1349 2752 1398; x_wconf 85' lang='grc' dir='ltr'><strong>τὸ</strong></span> <span class='ocrx_word' id='word_1_367' title='bbox 2812 1349 2995 1417; x_wconf 80' lang='grc' dir='ltr'><strong>κακὸν,</strong></span> <span class='ocrx_word' id='word_1_368' title='bbox 3064 1348 3238 1422; x_wconf 79' lang='grc' dir='ltr'><strong>ὥσπερ</strong></span> <span class='ocrx_word' id='word_1_369' title='bbox 3304 1367 3382 1408; x_wconf 89' lang='grc' dir='ltr'><strong>τις</strong></span> <span class='ocrx_word' id='word_1_370' title='bbox 3447 1348 3571 1420; x_wconf 76' lang='grc' dir='ltr'><strong>φλὸξ</strong></span> <span class='ocrx_word' id='word_1_371' title='bbox 3629 1345 3718 1403; x_wconf 80' lang='grc' dir='ltr'><strong>διὰ</strong></span> <span class='ocrx_word' id='word_1_372' title='bbox 3771 1360 3852 1415; x_wconf 79' lang='grc' dir='ltr'><strong>τῆς</strong></span> 
     </span>
    </p>
   </div>
   <div class='ocr_carea' id='block_1_56' title="bbox 2282 1433 3850 1514">
    <p class='ocr_par' dir='ltr' id='par_1_56' title="bbox 2282 1433 3850 1514">
     <span class='ocr_line' id='line_1_56' title="bbox 2282 1433 3850 1514; baseline 0.006 -30"><span class='ocrx_word' id='word_1_373' title='bbox 2282 1438 2561 1505; x_wconf 76' lang='grc' dir='ltr'><strong>καιομένης</strong></span> <span class='ocrx_word' id='word_1_374' title='bbox 2590 1435 2712 1496; x_wconf 81' lang='grc' dir='ltr'><strong>ὕλης</strong></span> <span class='ocrx_word' id='word_1_375' title='bbox 2755 1433 3064 1508; x_wconf 78' lang='grc' dir='ltr'><strong>βαδίζουσα</strong></span> <span class='ocrx_word' id='word_1_376' title='bbox 3109 1437 3246 1506; x_wconf 88' lang='grc'><strong>(58),</strong></span> <span class='ocrx_word' id='word_1_377' title='bbox 3275 1433 3486 1490; x_wconf 68' lang='grc' dir='ltr'><strong>ἐπειδὰν</strong></span> <span class='ocrx_word' id='word_1_378' title='bbox 3537 1440 3850 1514; x_wconf 69' lang='grc' dir='ltr'><strong>καταναλώσῃ</strong></span> 
     </span>
    </p>
   </div>
   <div class='ocr_carea' id='block_1_57' title="bbox 2281 1521 3854 1602">
    <p class='ocr_par' dir='ltr' id='par_1_57' title="bbox 2281 1521 3854 1602">
     <span class='ocr_line' id='line_1_57' title="bbox 2281 1521 3854 1602; baseline 0.006 -29"><span class='ocrx_word' id='word_1_379' title='bbox 2281 1523 2349 1574; x_wconf 82' lang='grc' dir='ltr'><strong>τὰ</strong></span> <span class='ocrx_word' id='word_1_380' title='bbox 2385 1521 2628 1594; x_wconf 77' lang='grc' dir='ltr'><strong>πλησίον,</strong></span> <span class='ocrx_word' id='word_1_381' title='bbox 2693 1523 2898 1595; x_wconf 75' lang='grc' dir='ltr'><strong>ἅψηται</strong></span> <span class='ocrx_word' id='word_1_382' title='bbox 2965 1531 3055 1578; x_wconf 84' lang='grc' dir='ltr'><strong>καὶ</strong></span> <span class='ocrx_word' id='word_1_383' title='bbox 3122 1533 3220 1580; x_wconf 85' lang='grc' dir='ltr'><strong>τῶν</strong></span> <span class='ocrx_word' id='word_1_384' title='bbox 3285 1526 3513 1602; x_wconf 79' lang='grc' dir='ltr'><strong>πορῤῥω.</strong></span> <span class='ocrx_word' id='word_1_385' title='bbox 3559 1528 3854 1602; x_wconf 82' lang='grc' dir='ltr'><strong>Ἐπινέμεται</strong></span> 
     </span>
    </p>
   </div>
   <div class='ocr_carea' id='block_1_58' title="bbox 2280 1611 3854 1690">
    <p class='ocr_par' dir='ltr' id='par_1_58' title="bbox 2280 1611 3854 1690">
     <span class='ocr_line' id='line_1_58' title="bbox 2280 1611 3854 1690; baseline 0.006 -29"><span class='ocrx_word' id='word_1_386' title='bbox 2280 1611 2383 1682; x_wconf 85' lang='grc' dir='ltr'><strong>γὰρ</strong></span> <span class='ocrx_word' id='word_1_387' title='bbox 2436 1615 2495 1664; x_wconf 86' lang='grc' dir='ltr'><strong>τὸ</strong></span> <span class='ocrx_word' id='word_1_388' title='bbox 2551 1616 2709 1666; x_wconf 84' lang='grc' dir='ltr'><strong>κακὸν</strong></span> <span class='ocrx_word' id='word_1_389' title='bbox 2761 1621 2852 1676; x_wconf 79' lang='grc' dir='ltr'><strong>τῆς</strong></span> <span class='ocrx_word' id='word_1_390' title='bbox 2889 1615 3150 1690; x_wconf 68' lang='grc' dir='ltr'><strong>αἱρέσεως</strong></span> <span class='ocrx_word' id='word_1_391' title='bbox 3203 1619 3294 1667; x_wconf 81' lang='grc' dir='ltr'><strong>καὶ</strong></span> <span class='ocrx_word' id='word_1_392' title='bbox 3331 1612 3449 1677; x_wconf 80' lang='grc' dir='ltr'><strong>δέος</strong></span> <span class='ocrx_word' id='word_1_393' title='bbox 3499 1615 3629 1685; x_wconf 73' lang='grc' dir='ltr'><strong>ἐστὶ,</strong></span> <span class='ocrx_word' id='word_1_394' title='bbox 3669 1621 3854 1690; x_wconf 76' lang='grc' dir='ltr'><strong>μη,τὰς</strong></span> 
     </span>
    </p>
   </div>
   <div class='ocr_carea' id='block_1_59' title="bbox 2281 1699 3854 1780">
    <p class='ocr_par' dir='ltr' id='par_1_59' title="bbox 2281 1699 3854 1780">
     <span class='ocr_line' id='line_1_59' title="bbox 2281 1699 3854 1780; baseline 0.003 -23"><span class='ocrx_word' id='word_1_395' title='bbox 2281 1699 2534 1776; x_wconf 69' lang='grc' dir='ltr'><strong>ἡμετέρας</strong></span> <span class='ocrx_word' id='word_1_396' title='bbox 2587 1702 2900 1765; x_wconf 83' lang='grc' dir='ltr'><strong>Ἐκκλησίας</strong></span> <span class='ocrx_word' id='word_1_397' title='bbox 2951 1713 3352 1777; x_wconf 72' lang='grc' dir='ltr'><strong>καταφαγοῦσα,</strong></span> <span class='ocrx_word' id='word_1_398' title='bbox 3385 1705 3517 1780; x_wconf 70' lang='grc' dir='ltr'><strong>ἓρψη</strong></span> <span class='ocrx_word' id='word_1_399' title='bbox 3571 1705 3740 1760; x_wconf 87' lang='grc' dir='ltr'><strong>λοιπὸν</strong></span> <span class='ocrx_word' id='word_1_400' title='bbox 3777 1713 3854 1762; x_wconf 80' lang='grc' dir='ltr'><strong>καὶ</strong></span> 
     </span>
    </p>
   </div>
   <div class='ocr_carea' id='block_1_60' title="bbox 2211 1789 3857 1871">
    <p class='ocr_par' dir='ltr' id='par_1_60' title="bbox 2211 1789 3857 1871">
     <span class='ocr_line' id='line_1_60' title="bbox 2211 1789 3857 1871; baseline 0.005 -29"><span class='ocrx_word' id='word_1_401' title='bbox 2211 1798 2250 1852; x_wconf 86' lang='grc' dir='ltr'>Β</span> <span class='ocrx_word' id='word_1_402' title='bbox 2281 1789 2365 1843; x_wconf 79' lang='grc' dir='ltr'><strong>ἐπὶ</strong></span> <span class='ocrx_word' id='word_1_403' title='bbox 2403 1795 2462 1843; x_wconf 87' lang='grc' dir='ltr'><strong>τὸ</strong></span> <span class='ocrx_word' id='word_1_404' title='bbox 2501 1793 2734 1863; x_wconf 79' lang='grc' dir='ltr'><strong>ὑγιαῖνον</strong></span> <span class='ocrx_word' id='word_1_405' title='bbox 2773 1798 2924 1869; x_wconf 80' lang='grc' dir='ltr'><strong>μέρος</strong></span> <span class='ocrx_word' id='word_1_406' title='bbox 2951 1802 3044 1855; x_wconf 76' lang='grc' dir='ltr'><strong>τῆς</strong></span> <span class='ocrx_word' id='word_1_407' title='bbox 3073 1794 3190 1847; x_wconf 84' lang='grc' dir='ltr'><strong>καθ’</strong></span> <span class='ocrx_word' id='word_1_408' title='bbox 3222 1796 3358 1866; x_wconf 83' lang='grc' dir='ltr'><strong>ὑμᾶς</strong></span> <span class='ocrx_word' id='word_1_409' title='bbox 3386 1801 3676 1871; x_wconf 88' lang='grc' dir='ltr'><strong>παροικίας.</strong></span> <span class='ocrx_word' id='word_1_410' title='bbox 3716 1799 3857 1870; x_wconf 85' lang='grc' dir='ltr'><strong>Τάχα</strong></span> 
     </span>
    </p>
   </div>
   <div class='ocr_carea' id='block_1_61' title="bbox 2278 1877 3853 1958">
    <p class='ocr_par' dir='ltr' id='par_1_61' title="bbox 2278 1877 3853 1958">
     <span class='ocr_line' id='line_1_61' title="bbox 2278 1877 3853 1958; baseline 0.004 -28"><span class='ocrx_word' id='word_1_411' title='bbox 2278 1879 2369 1951; x_wconf 69' lang='grc' dir='ltr'><strong>μὲν</strong></span> <span class='ocrx_word' id='word_1_412' title='bbox 2405 1879 2514 1943; x_wconf 83' lang='grc' dir='ltr'><strong>οὖν,</strong></span> <span class='ocrx_word' id='word_1_413' title='bbox 2566 1877 2661 1933; x_wconf 82' lang='grc' dir='ltr'><strong>διὰ</strong></span> <span class='ocrx_word' id='word_1_414' title='bbox 2714 1885 2774 1934; x_wconf 86' lang='grc' dir='ltr'><strong>τὸ</strong></span> <span class='ocrx_word' id='word_1_415' title='bbox 2806 1881 2928 1956; x_wconf 82' lang='grc' dir='ltr'><strong>παρ’</strong></span> <span class='ocrx_word' id='word_1_416' title='bbox 2965 1884 3090 1954; x_wconf 76' lang='grc' dir='ltr'><strong>ἡμῖν</strong></span> <span class='ocrx_word' id='word_1_417' title='bbox 3145 1882 3425 1936; x_wconf 76' lang='grc' dir='ltr'><strong>πλεονάσαι</strong></span> <span class='ocrx_word' id='word_1_418' title='bbox 3465 1889 3557 1943; x_wconf 75' lang='grc' dir='ltr'><strong>τὴν</strong></span> <span class='ocrx_word' id='word_1_419' title='bbox 3596 1885 3853 1958; x_wconf 77' lang='grc' dir='ltr'><strong>ἁμαρτίαν,</strong></span> 
     </span>
    </p>
   </div>
   <div class='ocr_carea' id='block_1_62' title="bbox 2279 1967 3858 2048">
    <p class='ocr_par' dir='ltr' id='par_1_62' title="bbox 2279 1967 3858 2048">
     <span class='ocr_line' id='line_1_62' title="bbox 2279 1967 3858 2048; baseline 0.005 -29"><span class='ocrx_word' id='word_1_420' title='bbox 2279 1975 2478 2040; x_wconf 86' lang='grc' dir='ltr'><strong>πρῶτοι</strong></span> <span class='ocrx_word' id='word_1_421' title='bbox 2525 1967 2889 2042; x_wconf 86' lang='grc' dir='ltr'><strong>παρεδόθημεν</strong></span> <span class='ocrx_word' id='word_1_422' title='bbox 2920 1971 2990 2033; x_wconf 89' lang='grc' dir='ltr'><strong>εἰς</strong></span> <span class='ocrx_word' id='word_1_423' title='bbox 3047 1971 3376 2047; x_wconf 81' lang='grc' dir='ltr'><strong>κατάϐρωσιν</strong></span> <span class='ocrx_word' id='word_1_424' title='bbox 3430 1981 3541 2036; x_wconf 86' lang='grc' dir='ltr'><strong>τοῖς</strong></span> <span class='ocrx_word' id='word_1_425' title='bbox 3583 1974 3858 2048; x_wconf 71' lang='grc' dir='ltr'><strong>ὠμοφάγοις</strong></span> 
     </span>
    </p>
   </div>
   <div class='ocr_carea' id='block_1_63' title="bbox 2280 2053 3859 2135">
    <p class='ocr_par' dir='ltr' id='par_1_63' title="bbox 2280 2053 3859 2135">
     <span class='ocr_line' id='line_1_63' title="bbox 2280 2053 3859 2135; baseline 0.005 -27"><span class='ocrx_word' id='word_1_426' title='bbox 2280 2053 2474 2110; x_wconf 84' lang='grc' dir='ltr'><strong>ὀδοῦσι</strong></span> <span class='ocrx_word' id='word_1_427' title='bbox 2528 2067 2630 2110; x_wconf 85' lang='grc' dir='ltr'><strong>τῶν</strong></span> <span class='ocrx_word' id='word_1_428' title='bbox 2686 2059 2889 2133; x_wconf 83' lang='grc' dir='ltr'><strong>ἐχθρῶν</strong></span> <span class='ocrx_word' id='word_1_429' title='bbox 2945 2068 3036 2113; x_wconf 90' lang='grc' dir='ltr'><strong>τοῦ</strong></span> <span class='ocrx_word' id='word_1_430' title='bbox 3084 2069 3225 2114; x_wconf 80' lang='grc' dir='ltr'><strong>Θεοῦ·</strong></span> <span class='ocrx_word' id='word_1_431' title='bbox 3270 2065 3403 2131; x_wconf 81' lang='lat'><strong>(59)°</strong></span> <span class='ocrx_word' id='word_1_432' title='bbox 3452 2065 3601 2135; x_wconf 82' lang='grc' dir='ltr'><strong>τάχα</strong></span> <span class='ocrx_word' id='word_1_433' title='bbox 3630 2060 3752 2132; x_wconf 47' lang='grc' dir='ltr'><strong>διδ</strong></span> <span class='ocrx_word' id='word_1_434' title='bbox 3781 2069 3859 2116; x_wconf 81' lang='grc' dir='ltr'><strong>καὶ</strong></span> 
     </span>
    </p>
   </div>
   <div class='ocr_carea' id='block_1_64' title="bbox 2278 2144 3861 2224">
    <p class='ocr_par' dir='ltr' id='par_1_64' title="bbox 2278 2144 3861 2224">
     <span class='ocr_line' id='line_1_64' title="bbox 2278 2144 3861 2224; baseline 0.006 -29"><span class='ocrx_word' id='word_1_435' title='bbox 2278 2144 2469 2217; x_wconf 80' lang='grc' dir='ltr'><strong>μᾶλλον</strong></span> <span class='ocrx_word' id='word_1_436' title='bbox 2509 2149 2652 2200; x_wconf 84' lang='grc' dir='ltr'><strong>ἔστιν</strong></span> <span class='ocrx_word' id='word_1_437' title='bbox 2710 2149 2942 2217; x_wconf 78' lang='grc' dir='ltr'><strong>εἰκάσαι,</strong></span> <span class='ocrx_word' id='word_1_438' title='bbox 2973 2151 3075 2220; x_wconf 87' lang='grc' dir='ltr'><strong>ὃτι,</strong></span> <span class='ocrx_word' id='word_1_439' title='bbox 3121 2147 3302 2211; x_wconf 74' lang='grc' dir='ltr'><strong>ἐπειδὴ</strong></span> <span class='ocrx_word' id='word_1_440' title='bbox 3342 2155 3402 2204; x_wconf 86' lang='grc' dir='ltr'><strong>τὸ</strong></span> <span class='ocrx_word' id='word_1_441' title='bbox 3431 2152 3734 2224; x_wconf 78' lang='grc' dir='ltr'><strong>Εὐαγγέλιον</strong></span> <span class='ocrx_word' id='word_1_442' title='bbox 3777 2162 3861 2215; x_wconf 80' lang='grc' dir='ltr'><strong>τῆς</strong></span> 
     </span>
    </p>
   </div>
   <div class='ocr_carea' id='block_1_65' title="bbox 2281 2232 3860 2314">
    <p class='ocr_par' dir='ltr' id='par_1_65' title="bbox 2281 2232 3860 2314">
     <span class='ocr_line' id='line_1_65' title="bbox 2281 2232 3860 2314; baseline 0.006 -29"><span class='ocrx_word' id='word_1_443' title='bbox 2281 2232 2577 2305; x_wconf 82' lang='grc' dir='ltr'><strong>βασιλείας,</strong></span> <span class='ocrx_word' id='word_1_444' title='bbox 2635 2235 2736 2289; x_wconf 84' lang='grc' dir='ltr'><strong>ἀπὸ</strong></span> <span class='ocrx_word' id='word_1_445' title='bbox 2792 2245 2889 2290; x_wconf 85' lang='grc' dir='ltr'><strong>τῶν</strong></span> <span class='ocrx_word' id='word_1_446' title='bbox 2942 2240 3200 2313; x_wconf 80' lang='grc' dir='ltr'><strong>ἡμετέρων</strong></span> <span class='ocrx_word' id='word_1_447' title='bbox 3238 2244 3410 2292; x_wconf 87' lang='grc' dir='ltr'><strong>τόπων</strong></span> <span class='ocrx_word' id='word_1_448' title='bbox 3460 2240 3752 2314; x_wconf 77' lang='grc' dir='ltr'><strong>ἀρξάμενον,</strong></span> <span class='ocrx_word' id='word_1_449' title='bbox 3799 2241 3860 2303; x_wconf 81' lang='grc' dir='ltr'><strong>εἰς</strong></span> 
     </span>
    </p>
   </div>
   <div class='ocr_carea' id='block_1_66' title="bbox 2276 2325 3860 2401">
    <p class='ocr_par' dir='ltr' id='par_1_66' title="bbox 2276 2325 3860 2401">
     <span class='ocr_line' id='line_1_66' title="bbox 2276 2325 3860 2401; baseline 0.006 -26"><span class='ocrx_word' id='word_1_450' title='bbox 2276 2329 2451 2376; x_wconf 86' lang='grc' dir='ltr'><strong>πᾶσαν</strong></span> <span class='ocrx_word' id='word_1_451' title='bbox 2484 2325 2663 2387; x_wconf 81' lang='grc' dir='ltr'><strong>ἐξῆλθε</strong></span> <span class='ocrx_word' id='word_1_452' title='bbox 2717 2332 2811 2386; x_wconf 77' lang='grc' dir='ltr'><strong>τὴν</strong></span> <span class='ocrx_word' id='word_1_453' title='bbox 2848 2326 3172 2401; x_wconf 78' lang='grc' dir='ltr'><strong>οἶκουμένην’</strong></span> <span class='ocrx_word' id='word_1_454' title='bbox 3207 2327 3301 2382; x_wconf 81' lang='grc' dir='ltr'><strong>διὰ</strong></span> <span class='ocrx_word' id='word_1_455' title='bbox 3342 2339 3500 2384; x_wconf 82' lang='grc' dir='ltr'><strong>τοῦτο</strong></span> <span class='ocrx_word' id='word_1_456' title='bbox 3531 2333 3556 2384; x_wconf 85' lang='grc' dir='ltr'><strong>ὁ</strong></span> <span class='ocrx_word' id='word_1_457' title='bbox 3585 2336 3749 2393; x_wconf 87' lang='grc' dir='ltr'><strong>κοινὸς</strong></span> <span class='ocrx_word' id='word_1_458' title='bbox 3774 2341 3860 2384; x_wconf 85' lang='grc' dir='ltr'><strong>τῶν</strong></span> 
     </span>
    </p>
   </div>
   <div class='ocr_carea' id='block_1_67' title="bbox 2275 2411 3860 2495">
    <p class='ocr_par' dir='ltr' id='par_1_67' title="bbox 2275 2411 3860 2495">
     <span class='ocr_line' id='line_1_67' title="bbox 2275 2411 3860 2495; baseline 0.008 -33"><span class='ocrx_word' id='word_1_459' title='bbox 2275 2411 2469 2483; x_wconf 67' lang='grc' dir='ltr'><strong>ψυχῶν</strong></span> <span class='ocrx_word' id='word_1_460' title='bbox 2537 2416 2682 2486; x_wconf 72' lang='grc' dir='ltr'><strong>ἡμῶν</strong></span> <span class='ocrx_word' id='word_1_461' title='bbox 2746 2418 2954 2488; x_wconf 70' lang='grc' dir='ltr'><strong>ἐχθρὸς,</strong></span> <span class='ocrx_word' id='word_1_462' title='bbox 3023 2420 3089 2470; x_wconf 80' lang='grc' dir='ltr'><strong>τὰ</strong></span> <span class='ocrx_word' id='word_1_463' title='bbox 3153 2427 3246 2479; x_wconf 75' lang='grc' dir='ltr'><strong>τῆς</strong></span> <span class='ocrx_word' id='word_1_464' title='bbox 3326 2417 3660 2484; x_wconf 78' lang='grc' dir='ltr'><strong>ἀποστασίας</strong></span> <span class='ocrx_word' id='word_1_465' title='bbox 3719 2425 3860 2495; x_wconf 78' lang='grc' dir='ltr'><strong>σπέρο</strong></span> 
     </span>
    </p>
   </div>
   <div class='ocr_carea' id='block_1_68' title="bbox 2276 2501 3856 2584">
    <p class='ocr_par' dir='ltr' id='par_1_68' title="bbox 2276 2501 3856 2584">
     <span class='ocr_line' id='line_1_68' title="bbox 2276 2501 3856 2584; baseline 0.006 -32"><span class='ocrx_word' id='word_1_466' title='bbox 2276 2521 2440 2572; x_wconf 86' lang='grc' dir='ltr'><strong>ματα,</strong></span> <span class='ocrx_word' id='word_1_467' title='bbox 2491 2501 2592 2555; x_wconf 79' lang='grc' dir='ltr'><strong>ἀπὸ</strong></span> <span class='ocrx_word' id='word_1_468' title='bbox 2638 2512 2735 2556; x_wconf 85' lang='grc' dir='ltr'><strong>τῶν</strong></span> <span class='ocrx_word' id='word_1_469' title='bbox 2768 2505 2938 2558; x_wconf 85' lang='grc' dir='ltr'><strong>αὐτῶν</strong></span> <span class='ocrx_word' id='word_1_470' title='bbox 3003 2511 3172 2559; x_wconf 85' lang='grc' dir='ltr'><strong>τόπων</strong></span> <span class='ocrx_word' id='word_1_471' title='bbox 3248 2511 3342 2566; x_wconf 71' lang='grc' dir='ltr'><strong>τὴν</strong></span> <span class='ocrx_word' id='word_1_472' title='bbox 3412 2509 3590 2584; x_wconf 77' lang='grc' dir='ltr'><strong>ἀρχὴν</strong></span> <span class='ocrx_word' id='word_1_473' title='bbox 3640 2510 3856 2576; x_wconf 79' lang='grc' dir='ltr'><strong>λαϐόντα,</strong></span> 
     </span>
    </p>
   </div>
   <div class='ocr_carea' id='block_1_69' title="bbox 2277 2589 3860 2672">
    <p class='ocr_par' dir='ltr' id='par_1_69' title="bbox 2277 2589 3860 2672">
     <span class='ocr_line' id='line_1_69' title="bbox 2277 2589 3860 2672; baseline 0.006 -30"><span class='ocrx_word' id='word_1_474' title='bbox 2277 2589 2351 2651; x_wconf 83' lang='grc' dir='ltr'><strong>εἰς</strong></span> <span class='ocrx_word' id='word_1_475' title='bbox 2377 2597 2552 2644; x_wconf 88' lang='grc' dir='ltr'><strong>πᾶσαν</strong></span> <span class='ocrx_word' id='word_1_476' title='bbox 2604 2593 2910 2666; x_wconf 78' lang='grc' dir='ltr'><strong>οἰκουμένην</strong></span> <span class='ocrx_word' id='word_1_477' title='bbox 2955 2591 3274 2656; x_wconf 82' lang='grc' dir='ltr'><strong>διαδοθῆναι</strong></span> <span class='ocrx_word' id='word_1_478' title='bbox 3313 2597 3608 2669; x_wconf 74' lang='grc' dir='ltr'><strong>φιλονεικεῖ.</strong></span> <span class='ocrx_word' id='word_1_479' title='bbox 3651 2600 3754 2672; x_wconf 74' lang='grc' dir='ltr'><strong>Ἐφ’</strong></span> <span class='ocrx_word' id='word_1_480' title='bbox 3783 2598 3860 2659; x_wconf 85' lang='grc' dir='ltr'><strong>οῦς</strong></span> 
     </span>
    </p>
   </div>
   <div class='ocr_carea' id='block_1_70' title="bbox 2273 2679 3855 2764">
    <p class='ocr_par' dir='ltr' id='par_1_70' title="bbox 2273 2679 3855 2764">
     <span class='ocr_line' id='line_1_70' title="bbox 2273 2679 3855 2764; baseline 0.006 -33"><span class='ocrx_word' id='word_1_481' title='bbox 2273 2680 2376 2753; x_wconf 80' lang='grc' dir='ltr'><strong>γὰρ</strong></span> <span class='ocrx_word' id='word_1_482' title='bbox 2429 2679 2654 2754; x_wconf 69' lang='grc' dir='ltr'><strong>ἔλαμψεν</strong></span> <span class='ocrx_word' id='word_1_483' title='bbox 2686 2685 2712 2734; x_wconf 83' lang='grc' dir='ltr'>ὁ</span> <span class='ocrx_word' id='word_1_484' title='bbox 2742 2687 3012 2757; x_wconf 78' lang='grc' dir='ltr'><strong>φωτισμός</strong></span> <span class='ocrx_word' id='word_1_485' title='bbox 3059 2693 3156 2747; x_wconf 80' lang='grc' dir='ltr'><strong>τῆς</strong></span> <span class='ocrx_word' id='word_1_486' title='bbox 3200 2691 3444 2758; x_wconf 88' lang='grc' dir='ltr'><strong>γνώσεως</strong></span> <span class='ocrx_word' id='word_1_487' title='bbox 3485 2696 3580 2740; x_wconf 90' lang='grc' dir='ltr'><strong>τοῦ</strong></span> <span class='ocrx_word' id='word_1_488' title='bbox 3621 2696 3855 2764; x_wconf 85' lang='grc' dir='ltr'><strong>Χριστοῦ,</strong></span> 
     </span>
    </p>
   </div>
   <div class='ocr_carea' id='block_1_71' title="bbox 2275 2767 3859 2840">
    <p class='ocr_par' dir='ltr' id='par_1_71' title="bbox 2275 2767 3859 2840">
     <span class='ocr_line' id='line_1_71' title="bbox 2275 2767 3859 2840; baseline 0.007 -20"><span class='ocrx_word' id='word_1_489' title='bbox 2275 2767 2358 2821; x_wconf 75' lang='grc' dir='ltr'><strong>ἐπὶ</strong></span> <span class='ocrx_word' id='word_1_490' title='bbox 2411 2773 2626 2834; x_wconf 80' lang='grc' dir='ltr'><strong>τούτους</strong></span> <span class='ocrx_word' id='word_1_491' title='bbox 2687 2772 2850 2826; x_wconf 79' lang='grc' dir='ltr'><strong>ἕλθειν</strong></span> <span class='ocrx_word' id='word_1_492' title='bbox 2929 2774 3019 2828; x_wconf 86' lang='grc' dir='ltr'><strong>καί</strong></span> <span class='ocrx_word' id='word_1_493' title='bbox 3096 2779 3155 2828; x_wconf 91' lang='grc' dir='ltr'><strong>τὸ</strong></span> <span class='ocrx_word' id='word_1_494' title='bbox 3229 2784 3325 2838; x_wconf 82' lang='grc' dir='ltr'><strong>τῆς</strong></span> <span class='ocrx_word' id='word_1_495' title='bbox 3393 2775 3628 2840; x_wconf 76' lang='grc' dir='ltr'><strong>ἀσεϐείας</strong></span> <span class='ocrx_word' id='word_1_496' title='bbox 3692 2783 3859 2840; x_wconf 85' lang='grc' dir='ltr'><strong>σκότος</strong></span> 
     </span>
    </p>
   </div>
   <div class='ocr_carea' id='block_1_72' title="bbox 2276 2867 2484 2916">
    <p class='ocr_par' dir='ltr' id='par_1_72' title="bbox 2276 2867 2484 2916">
     <span class='ocr_line' id='line_1_72' title="bbox 2276 2867 2484 2916; baseline 0.019 -4"><span class='ocrx_word' id='word_1_497' title='bbox 2276 2867 2484 2916; x_wconf 83' lang='grc' dir='ltr'><strong>επινοεῖ.</strong></span> 
     </span>
    </p>
   </div>
   <div class='ocr_carea' id='block_1_73' title="bbox 2357 2949 3860 3030">
    <p class='ocr_par' dir='ltr' id='par_1_73' title="bbox 2357 2949 3860 3030">
     <span class='ocr_line' id='line_1_73' title="bbox 2357 2949 3860 3030; baseline 0.003 -26"><span class='ocrx_word' id='word_1_498' title='bbox 2357 2955 2407 3008; x_wconf 75' lang='grc'><strong>4.</strong></span> <span class='ocrx_word' id='word_1_499' title='bbox 2477 2949 2722 3026; x_wconf 81' lang='grc' dir='ltr'><strong>’Υμέτερα</strong></span> <span class='ocrx_word' id='word_1_500' title='bbox 2786 2949 2874 3006; x_wconf 84' lang='grc' dir='ltr'><strong>οὖν</strong></span> <span class='ocrx_word' id='word_1_501' title='bbox 2935 2952 3223 3025; x_wconf 75' lang='grc' dir='ltr'><strong>λογίσασθε</strong></span> <span class='ocrx_word' id='word_1_502' title='bbox 3287 2956 3355 3006; x_wconf 84' lang='grc' dir='ltr'><strong>τὰ</strong></span> <span class='ocrx_word' id='word_1_503' title='bbox 3421 2959 3567 3016; x_wconf 85' lang='grc' dir='ltr'><strong>πάθη</strong></span> <span class='ocrx_word' id='word_1_504' title='bbox 3612 2959 3771 3030; x_wconf 77' lang='grc' dir='ltr'><strong>ἡμῶν,</strong></span> <span class='ocrx_word' id='word_1_505' title='bbox 3801 2959 3860 3017; x_wconf 79' lang='grc' dir='ltr'><strong>ὡς</strong></span> 
     </span>
    </p>
   </div>
   <div class='ocr_carea' id='block_1_74' title="bbox 2273 3032 3857 3121">
    <p class='ocr_par' dir='ltr' id='par_1_74' title="bbox 2273 3032 3857 3121">
     <span class='ocr_line' id='line_1_74' title="bbox 2273 3032 3857 3121; baseline 0.001 -27"><span class='ocrx_word' id='word_1_506' title='bbox 2273 3047 2489 3116; x_wconf 73' lang='grc' dir='ltr'><strong>γνήσιοι</strong></span> <span class='ocrx_word' id='word_1_507' title='bbox 2527 3042 2760 3112; x_wconf 80' lang='grc' dir='ltr'><strong>μαθηταὶ</strong></span> <span class='ocrx_word' id='word_1_508' title='bbox 2815 3048 2905 3093; x_wconf 87' lang='grc' dir='ltr'><strong>τοῦ</strong></span> <span class='ocrx_word' id='word_1_509' title='bbox 2959 3046 3178 3116; x_wconf 83' lang='grc' dir='ltr'><strong>Κυρίου.</strong></span> <span class='ocrx_word' id='word_1_510' title='bbox 3220 3042 3342 3114; x_wconf 83' lang='grc' dir='ltr'><strong>Οὐχ</strong></span> <span class='ocrx_word' id='word_1_511' title='bbox 3396 3045 3528 3119; x_wconf 66' lang='grc' dir='ltr'><strong>ὑπερ</strong></span> <span class='ocrx_word' id='word_1_512' title='bbox 3566 3032 3857 3121; x_wconf 84' lang='grc' dir='ltr'><strong>χρημάτων,</strong></span> 
     </span>
    </p>
   </div>
   <div class='ocr_carea' id='block_1_75' title="bbox 2275 3126 3859 3209">
    <p class='ocr_par' dir='ltr' id='par_1_75' title="bbox 2275 3126 3859 3209">
     <span class='ocr_line' id='line_1_75' title="bbox 2275 3126 3859 3209; baseline 0.001 -24"><span class='ocrx_word' id='word_1_513' title='bbox 2275 3132 2383 3204; x_wconf 85' lang='grc' dir='ltr'><strong>οὐχ</strong></span> <span class='ocrx_word' id='word_1_514' title='bbox 2447 3131 2575 3202; x_wconf 66' lang='grc' dir='ltr'><strong>ὑπὲρ</strong></span> <span class='ocrx_word' id='word_1_515' title='bbox 2635 3126 2818 3196; x_wconf 82' lang='grc' dir='ltr'><strong>δόξης,</strong></span> <span class='ocrx_word' id='word_1_516' title='bbox 2879 3129 2986 3202; x_wconf 88' lang='grc' dir='ltr'><strong>οὐχ</strong></span> <span class='ocrx_word' id='word_1_517' title='bbox 3016 3133 3144 3205; x_wconf 67' lang='grc' dir='ltr'><strong>υπὲρ</strong></span> <span class='ocrx_word' id='word_1_518' title='bbox 3184 3131 3341 3184; x_wconf 80' lang='grc' dir='ltr'><strong>ἄλλου</strong></span> <span class='ocrx_word' id='word_1_519' title='bbox 3388 3138 3534 3197; x_wconf 86' lang='grc' dir='ltr'><strong>τινὸς</strong></span> <span class='ocrx_word' id='word_1_520' title='bbox 3579 3144 3678 3188; x_wconf 85' lang='grc' dir='ltr'><strong>τῶν</strong></span> <span class='ocrx_word' id='word_1_521' title='bbox 3713 3153 3859 3209; x_wconf 86' lang='grc' dir='ltr'><strong>προσ-</strong></span> 
     </span>
    </p>
   </div>
   <div class='ocr_carea' id='block_1_76' title="bbox 2276 3217 3858 3298">
    <p class='ocr_par' dir='ltr' id='par_1_76' title="bbox 2276 3217 3858 3298">
     <span class='ocr_line' id='line_1_76' title="bbox 2276 3217 3858 3298; baseline 0 -24"><span class='ocrx_word' id='word_1_522' title='bbox 2276 3225 2469 3294; x_wconf 78' lang='grc' dir='ltr'><strong>καίρων</strong></span> <span class='ocrx_word' id='word_1_523' title='bbox 2535 3217 3035 3292; x_wconf 86' lang='grc' dir='ltr'><strong>καταπολεμούμεθα</strong></span> <span class='ocrx_word' id='word_1_524' title='bbox 3063 3219 3196 3290; x_wconf 84' lang='grc'><strong>(60)’</strong></span> <span class='ocrx_word' id='word_1_525' title='bbox 3241 3218 3351 3276; x_wconf 82' lang='grc' dir='ltr'><strong>ἀλλ’</strong></span> <span class='ocrx_word' id='word_1_526' title='bbox 3392 3222 3523 3298; x_wconf 76' lang='grc' dir='ltr'><strong>ὑπὲρ</strong></span> <span class='ocrx_word' id='word_1_527' title='bbox 3562 3232 3651 3277; x_wconf 89' lang='grc' dir='ltr'><strong>τοῦ</strong></span> <span class='ocrx_word' id='word_1_528' title='bbox 3705 3229 3858 3276; x_wconf 87' lang='grc' dir='ltr'><strong>κοινοῦ</strong></span> 
     </span>
    </p>
   </div>
   <div class='ocr_carea' id='block_1_77' title="bbox 2275 3309 3860 3386">
    <p class='ocr_par' dir='ltr' id='par_1_77' title="bbox 2275 3309 3860 3386">
     <span class='ocr_line' id='line_1_77' title="bbox 2275 3309 3860 3386; baseline 0.003 -27"><span class='ocrx_word' id='word_1_529' title='bbox 2275 3327 2562 3382; x_wconf 84' lang='grc' dir='ltr'><strong>κτηματος,</strong></span> <span class='ocrx_word' id='word_1_530' title='bbox 2615 3315 2705 3359; x_wconf 89' lang='grc' dir='ltr'><strong>τοῦ</strong></span> <span class='ocrx_word' id='word_1_531' title='bbox 2762 3315 3022 3383; x_wconf 86' lang='grc' dir='ltr'><strong>πατρικοῦ</strong></span> <span class='ocrx_word' id='word_1_532' title='bbox 3079 3309 3350 3384; x_wconf 80' lang='grc' dir='ltr'><strong>θησαυροῦ</strong></span> <span class='ocrx_word' id='word_1_533' title='bbox 3393 3319 3491 3374; x_wconf 81' lang='grc' dir='ltr'><strong>τῆς</strong></span> <span class='ocrx_word' id='word_1_534' title='bbox 3543 3313 3860 3386; x_wconf 81' lang='grc' dir='ltr'><strong>ὑγιαινούσης</strong></span> 
     </span>
    </p>
   </div>
   <div class='ocr_carea' id='block_1_78' title="bbox 2273 3395 3858 3474">
    <p class='ocr_par' dir='ltr' id='par_1_78' title="bbox 2273 3395 3858 3474">
     <span class='ocr_line' id='line_1_78' title="bbox 2273 3395 3858 3474; baseline 0 -22"><span class='ocrx_word' id='word_1_535' title='bbox 2273 3404 2521 3462; x_wconf 77' lang='grc' dir='ltr'><strong>πίστεως,</strong></span> <span class='ocrx_word' id='word_1_536' title='bbox 2631 3395 2922 3470; x_wconf 73' lang='grc' dir='ltr'><strong>ἑστήκαμεν</strong></span> <span class='ocrx_word' id='word_1_537' title='bbox 3017 3395 3410 3471; x_wconf 75' lang='grc' dir='ltr'><strong>ἀγωνιζόμενοι.</strong></span> <span class='ocrx_word' id='word_1_538' title='bbox 3520 3403 3858 3474; x_wconf 76' lang='grc' dir='ltr'><strong>Συναλγήσατς</strong></span> 
     </span>
    </p>
   </div>
   <div class='ocr_carea' id='block_1_79' title="bbox 2275 3481 3858 3566">
    <p class='ocr_par' dir='ltr' id='par_1_79' title="bbox 2275 3481 3858 3566">
     <span class='ocr_line' id='line_1_79' title="bbox 2275 3481 3858 3566; baseline 0.001 -28"><span class='ocrx_word' id='word_1_539' title='bbox 2275 3488 2400 3559; x_wconf 77' lang='grc' dir='ltr'><strong>ἡμῖν</strong></span> <span class='ocrx_word' id='word_1_540' title='bbox 2443 3483 2483 3537; x_wconf 81' lang='grc' dir='ltr'><strong>ὦ</strong></span> <span class='ocrx_word' id='word_1_541' title='bbox 2527 3481 2850 3558; x_wconf 72' lang='grc' dir='ltr'><strong>φιλάδελφοι,</strong></span> <span class='ocrx_word' id='word_1_542' title='bbox 2893 3487 2974 3538; x_wconf 85' lang='grc' dir='ltr'><strong>ὅτι</strong></span> <span class='ocrx_word' id='word_1_543' title='bbox 3017 3486 3418 3540; x_wconf 77' lang='grc' dir='ltr'><strong>ἄποκέκλεισται</strong></span> <span class='ocrx_word' id='word_1_544' title='bbox 3466 3493 3558 3563; x_wconf 71' lang='grc' dir='ltr'><strong>μὲν</strong></span> <span class='ocrx_word' id='word_1_545' title='bbox 3594 3491 3714 3566; x_wconf 87' lang='grc' dir='ltr'><strong>παρ’</strong></span> <span class='ocrx_word' id='word_1_546' title='bbox 3750 3493 3858 3562; x_wconf 77' lang='grc' dir='ltr'><strong>ἡμῖν</strong></span> 
     </span>
    </p>
   </div>
   <div class='ocr_carea' id='block_1_80' title="bbox 2273 3573 3860 3648">
    <p class='ocr_par' dir='ltr' id='par_1_80' title="bbox 2273 3573 3860 3648">
     <span class='ocr_line' id='line_1_80' title="bbox 2273 3573 3860 3648; baseline 0.001 -20"><span class='ocrx_word' id='word_1_547' title='bbox 2273 3584 2375 3628; x_wconf 83' lang='grc' dir='ltr'><strong>τῶν</strong></span> <span class='ocrx_word' id='word_1_548' title='bbox 2418 3573 2763 3628; x_wconf 76' lang='grc' dir='ltr'><strong>εὐσεϐούντων</strong></span> <span class='ocrx_word' id='word_1_549' title='bbox 2800 3576 2870 3628; x_wconf 83' lang='grc' dir='ltr'><strong>τὰ</strong></span> <span class='ocrx_word' id='word_1_550' title='bbox 2916 3579 3176 3648; x_wconf 85' lang='grc' dir='ltr'><strong>στόματα,</strong></span> <span class='ocrx_word' id='word_1_551' title='bbox 3216 3579 3460 3635; x_wconf 79' lang='grc' dir='ltr'><strong>ἤνοικται</strong></span> <span class='ocrx_word' id='word_1_552' title='bbox 3485 3583 3600 3648; x_wconf 83' lang='grc'><strong>(61)</strong></span> <span class='ocrx_word' id='word_1_553' title='bbox 3628 3577 3686 3633; x_wconf 74' lang='grc' dir='ltr'><strong>δὲ</strong></span> <span class='ocrx_word' id='word_1_554' title='bbox 3728 3584 3860 3632; x_wconf 84' lang='grc' dir='ltr'><strong>πᾶσα</strong></span> 
     </span>
    </p>
   </div>
   <div class='ocr_carea' id='block_1_81' title="bbox 2277 3661 3860 3738">
    <p class='ocr_par' dir='ltr' id='par_1_81' title="bbox 2277 3661 3860 3738">
     <span class='ocr_line' id='line_1_81' title="bbox 2277 3661 3860 3738; baseline 0.001 -20"><span class='ocrx_word' id='word_1_555' title='bbox 2277 3667 2497 3738; x_wconf 85' lang='grc' dir='ltr'><strong>θρασεῖα</strong></span> <span class='ocrx_word' id='word_1_556' title='bbox 2556 3668 2648 3717; x_wconf 85' lang='grc' dir='ltr'><strong>καὶ</strong></span> <span class='ocrx_word' id='word_1_557' title='bbox 2696 3661 3006 3737; x_wconf 75' lang='grc' dir='ltr'><strong>βλάσφημος</strong></span> <span class='ocrx_word' id='word_1_558' title='bbox 3032 3664 3252 3738; x_wconf 84' lang='grc' dir='ltr'><strong>γλῶσσα</strong></span> <span class='ocrx_word' id='word_1_559' title='bbox 3286 3675 3386 3719; x_wconf 85' lang='grc' dir='ltr'><strong>τῶν</strong></span> <span class='ocrx_word' id='word_1_560' title='bbox 3435 3667 3722 3723; x_wconf 82' lang='grc' dir='ltr'><strong>λαλούντων</strong></span> <span class='ocrx_word' id='word_1_561' title='bbox 3742 3667 3860 3720; x_wconf 77' lang='grc' dir='ltr'><strong>κατᾶ</strong></span> 
     </span>
    </p>
   </div>
   <div class='ocr_carea' id='block_1_82' title="bbox 2273 3749 3859 3833">
    <p class='ocr_par' dir='ltr' id='par_1_82' title="bbox 2273 3749 3859 3833">
     <span class='ocr_line' id='line_1_82' title="bbox 2273 3749 3859 3833; baseline 0.006 -27"><span class='ocrx_word' id='word_1_562' title='bbox 2273 3761 2366 3806; x_wconf 90' lang='grc' dir='ltr'><strong>τοῦ</strong></span> <span class='ocrx_word' id='word_1_563' title='bbox 2422 3761 2556 3807; x_wconf 90' lang='grc' dir='ltr'><strong>Θεοῦ</strong></span> <span class='ocrx_word' id='word_1_564' title='bbox 2615 3749 2852 3811; x_wconf 83' lang='grc' dir='ltr'><strong>ἀδικίαν.</strong></span> <span class='ocrx_word' id='word_1_565' title='bbox 2908 3757 2973 3807; x_wconf 80' lang='grc' dir='ltr'><strong>Οἱ</strong></span> <span class='ocrx_word' id='word_1_566' title='bbox 3033 3754 3215 3808; x_wconf 88' lang='grc' dir='ltr'><strong>στῦλοι</strong></span> <span class='ocrx_word' id='word_1_567' title='bbox 3261 3761 3352 3808; x_wconf 86' lang='grc' dir='ltr'><strong>καὶ</strong></span> <span class='ocrx_word' id='word_1_568' title='bbox 3390 3761 3452 3810; x_wconf 84' lang='grc' dir='ltr'><strong>τὸ</strong></span> <span class='ocrx_word' id='word_1_569' title='bbox 3485 3756 3752 3833; x_wconf 79' lang='grc' dir='ltr'><strong>ἑδραίωμα</strong></span> <span class='ocrx_word' id='word_1_570' title='bbox 3777 3765 3859 3816; x_wconf 86' lang='grc' dir='ltr'><strong>τῆς</strong></span> 
     </span>
    </p>
   </div>
   <div class='ocr_carea' id='block_1_83' title="bbox 2275 3839 3859 3921">
    <p class='ocr_par' dir='ltr' id='par_1_83' title="bbox 2275 3839 3859 3921">
     <span class='ocr_line' id='line_1_83' title="bbox 2275 3839 3859 3921; baseline 0 -25"><span class='ocrx_word' id='word_1_571' title='bbox 2275 3844 2517 3905; x_wconf 81' lang='grc' dir='ltr'><strong>ἀληθείας</strong></span> <span class='ocrx_word' id='word_1_572' title='bbox 2574 3843 2622 3896; x_wconf 77' lang='grc' dir='ltr'><strong>ἐν</strong></span> <span class='ocrx_word' id='word_1_573' title='bbox 2671 3839 2942 3916; x_wconf 82' lang='grc' dir='ltr'><strong>διασπορᾷ</strong></span> <span class='ocrx_word' id='word_1_574' title='bbox 2974 3863 2988 3877; x_wconf 90' lang='grc'><strong>·</strong></span> <span class='ocrx_word' id='word_1_575' title='bbox 3053 3846 3200 3917; x_wconf 79' lang='grc' dir='ltr'><strong>ἡμεῖς</strong></span> <span class='ocrx_word' id='word_1_576' title='bbox 3258 3841 3338 3912; x_wconf 78' lang='grc' dir='ltr'><strong>δὲ,</strong></span> <span class='ocrx_word' id='word_1_577' title='bbox 3397 3850 3448 3900; x_wconf 81' lang='grc' dir='ltr'><strong>οἱ</strong></span> <span class='ocrx_word' id='word_1_578' title='bbox 3532 3846 3626 3902; x_wconf 78' lang='grc' dir='ltr'><strong>διὰ</strong></span> <span class='ocrx_word' id='word_1_579' title='bbox 3666 3849 3859 3921; x_wconf 82' lang='grc' dir='ltr'><strong>σμικρό-</strong></span> 
     </span>
    </p>
   </div>
   <div class='ocr_carea' id='block_1_84' title="bbox 2271 3931 3860 4009">
    <p class='ocr_par' dir='ltr' id='par_1_84' title="bbox 2271 3931 3860 4009">
     <span class='ocr_line' id='line_1_84' title="bbox 2271 3931 3860 4009; baseline 0.002 -25"><span class='ocrx_word' id='word_1_580' title='bbox 2271 3952 2408 3991; x_wconf 87' lang='grc' dir='ltr'><strong>τητα</strong></span> <span class='ocrx_word' id='word_1_581' title='bbox 2448 3934 2558 4004; x_wconf 83' lang='grc'><strong>(62)</strong></span> <span class='ocrx_word' id='word_1_582' title='bbox 2602 3933 2970 4005; x_wconf 80' lang='grc' dir='ltr'><strong>παροφθέντες,</strong></span> <span class='ocrx_word' id='word_1_583' title='bbox 3017 3931 3468 4008; x_wconf 76' lang='grc' dir='ltr'><strong>ἀπαῤῥησίαστοι.</strong></span> <span class='ocrx_word' id='word_1_584' title='bbox 3529 3937 3860 4009; x_wconf 80' lang='grc' dir='ltr'><strong>Ἀγωνιάσατι</strong></span> 
     </span>
    </p>
   </div>
   <div class='ocr_carea' id='block_1_85' title="bbox 2272 4021 3861 4098">
    <p class='ocr_par' dir='ltr' id='par_1_85' title="bbox 2272 4021 3861 4098">
     <span class='ocr_line' id='line_1_85' title="bbox 2272 4021 3861 4098; baseline 0.001 -25"><span class='ocrx_word' id='word_1_585' title='bbox 2272 4023 2399 4098; x_wconf 66' lang='grc' dir='ltr'><strong>ὑπὲρ</strong></span> <span class='ocrx_word' id='word_1_586' title='bbox 2467 4029 2568 4075; x_wconf 85' lang='grc' dir='ltr'><strong>τῶν</strong></span> <span class='ocrx_word' id='word_1_587' title='bbox 2622 4021 2776 4074; x_wconf 79' lang='grc' dir='ltr'><strong>λαῶν’</strong></span> <span class='ocrx_word' id='word_1_588' title='bbox 2839 4027 2929 4074; x_wconf 78' lang='grc' dir='ltr'><strong>καὶ</strong></span> <span class='ocrx_word' id='word_1_589' title='bbox 2996 4027 3066 4094; x_wconf 70' lang='grc' dir='ltr'><strong>μὲ</strong></span> <span class='ocrx_word' id='word_1_590' title='bbox 3126 4027 3186 4076; x_wconf 87' lang='grc' dir='ltr'><strong>τὸ</strong></span> <span class='ocrx_word' id='word_1_591' title='bbox 3235 4024 3354 4076; x_wconf 87' lang='grc' dir='ltr'><strong>καθ’</strong></span> <span class='ocrx_word' id='word_1_592' title='bbox 3407 4024 3619 4088; x_wconf 79' lang='grc' dir='ltr'><strong>ἐαυτοός</strong></span> <span class='ocrx_word' id='word_1_593' title='bbox 3645 4030 3861 4079; x_wconf 85' lang='grc' dir='ltr'><strong>σκοπεῖτε</strong></span> 
     </span>
    </p>
   </div>
   <div class='ocr_carea' id='block_1_86' title="bbox 2273 4107 3859 4186">
    <p class='ocr_par' dir='ltr' id='par_1_86' title="bbox 2273 4107 3859 4186">
     <span class='ocr_line' id='line_1_86' title="bbox 2273 4107 3859 4186; baseline -0.001 -23"><span class='ocrx_word' id='word_1_594' title='bbox 2273 4115 2448 4183; x_wconf 83' lang='grc' dir='ltr'><strong>μόνον,</strong></span> <span class='ocrx_word' id='word_1_595' title='bbox 2473 4111 2555 4162; x_wconf 84' lang='grc' dir='ltr'><strong>ὅτι</strong></span> <span class='ocrx_word' id='word_1_596' title='bbox 2585 4109 2632 4163; x_wconf 78' lang='grc' dir='ltr'><strong>ἐν</strong></span> <span class='ocrx_word' id='word_1_597' title='bbox 2656 4109 2861 4182; x_wconf 87' lang='grc' dir='ltr'><strong>λιμέσιν</strong></span> <span class='ocrx_word' id='word_1_598' title='bbox 2900 4107 3094 4172; x_wconf 76' lang='grc' dir='ltr'><strong>εὐδίοις</strong></span> <span class='ocrx_word' id='word_1_599' title='bbox 3119 4112 3422 4186; x_wconf 83' lang='grc' dir='ltr'><strong>ὁρμίζεσθε,</strong></span> <span class='ocrx_word' id='word_1_600' title='bbox 3453 4123 3552 4177; x_wconf 80' lang='grc' dir='ltr'><strong>τῆς</strong></span> <span class='ocrx_word' id='word_1_601' title='bbox 3597 4125 3688 4167; x_wconf 88' lang='grc' dir='ltr'><strong>τοῦ</strong></span> <span class='ocrx_word' id='word_1_602' title='bbox 3739 4117 3859 4167; x_wconf 86' lang='grc' dir='ltr'><strong>Θεοῦ</strong></span> 
     </span>
    </p>
   </div>
   <div class='ocr_carea' id='block_1_87' title="bbox 2271 4200 3858 4277">
    <p class='ocr_par' dir='ltr' id='par_1_87' title="bbox 2271 4200 3858 4277">
     <span class='ocr_line' id='line_1_87' title="bbox 2271 4200 3858 4277; baseline 0.001 -27"><span class='ocrx_word' id='word_1_603' title='bbox 2271 4202 2499 4275; x_wconf 88' lang='grc' dir='ltr'><strong>χάριτος</strong></span> <span class='ocrx_word' id='word_1_604' title='bbox 2553 4205 2729 4251; x_wconf 82' lang='grc' dir='ltr'><strong>πᾶσαν</strong></span> <span class='ocrx_word' id='word_1_605' title='bbox 2773 4200 2895 4271; x_wconf 79' lang='grc' dir='ltr'><strong>ὑμῖν</strong></span> <span class='ocrx_word' id='word_1_606' title='bbox 2945 4204 3141 4258; x_wconf 83' lang='grc' dir='ltr'><strong>σκέπην</strong></span> <span class='ocrx_word' id='word_1_607' title='bbox 3205 4208 3571 4277; x_wconf 77' lang='grc' dir='ltr'><strong>χαρισαμένης</strong></span> <span class='ocrx_word' id='word_1_608' title='bbox 3607 4205 3716 4276; x_wconf 86' lang='grc'><strong>(63)</strong></span> <span class='ocrx_word' id='word_1_609' title='bbox 3769 4200 3858 4254; x_wconf 79' lang='grc' dir='ltr'><strong>ἀπὸ</strong></span> 
     </span>
    </p>
   </div>
   <div class='ocr_carea' id='block_1_88' title="bbox 496 4287 2165 4367">
    <p class='ocr_par' dir='ltr' id='par_1_88' title="bbox 496 4287 2158 4360">
     <span class='ocr_line' id='line_1_88' title="bbox 496 4287 2158 4360; baseline -0.004 -10"><span class='ocrx_word' id='word_1_610' title='bbox 496 4307 755 4350; x_wconf 91' lang='lat' dir='ltr'><strong>manum</strong></span> <span class='ocrx_word' id='word_1_611' title='bbox 780 4291 964 4347; x_wconf 90' lang='lat' dir='ltr'><strong>etiam</strong></span> <span class='ocrx_word' id='word_1_612' title='bbox 990 4287 1263 4346; x_wconf 87' lang='lat' dir='ltr'><strong>Ecclesiis</strong></span> <span class='ocrx_word' id='word_1_613' title='bbox 1293 4292 1646 4360; x_wconf 83' lang='lat' dir='ltr'><strong>tempestate</strong></span> <span class='ocrx_word' id='word_1_614' title='bbox 1684 4288 1998 4358; x_wconf 79' lang='lat' dir='ltr'><strong>exagitatis</strong></span> <span class='ocrx_word' id='word_1_615' title='bbox 2023 4303 2158 4360; x_wconf 89' lang='lat' dir='ltr'><strong>por-</strong></span> 
     </span>
    </p>
   </div>
   <div class='ocr_carea' id='block_1_89' title="bbox 2272 4287 3856 4367">
    <p class='ocr_par' dir='ltr' id='par_1_89' title="bbox 2272 4289 3856 4367">
     <span class='ocr_line' id='line_1_89' title="bbox 2272 4289 3856 4367; baseline 0.001 -26"><span class='ocrx_word' id='word_1_616' title='bbox 2272 4297 2363 4351; x_wconf 78' lang='grc' dir='ltr'><strong>τῆς</strong></span> <span class='ocrx_word' id='word_1_617' title='bbox 2411 4289 2573 4351; x_wconf 80' lang='grc' dir='ltr'><strong>ζάλης</strong></span> <span class='ocrx_word' id='word_1_618' title='bbox 2615 4295 2714 4340; x_wconf 88' lang='grc' dir='ltr'><strong>τῶν</strong></span> <span class='ocrx_word' id='word_1_619' title='bbox 2744 4291 3048 4362; x_wconf 85' lang='grc' dir='ltr'><strong>πνευμάτων</strong></span> <span class='ocrx_word' id='word_1_620' title='bbox 3098 4297 3192 4354; x_wconf 75' lang='grc' dir='ltr'><strong>τῆς</strong></span> <span class='ocrx_word' id='word_1_621' title='bbox 3241 4297 3520 4367; x_wconf 88' lang='grc' dir='ltr'><strong>πονηρίας.</strong></span> <span class='ocrx_word' id='word_1_622' title='bbox 3583 4292 3735 4346; x_wconf 77' lang='grc' dir='ltr'><strong>Ἀλλὰ</strong></span> <span class='ocrx_word' id='word_1_623' title='bbox 3777 4293 3856 4342; x_wconf 82' lang='grc' dir='ltr'><strong>καὶ</strong></span> 
     </span>
    </p>
   </div>
   <div class='ocr_carea' id='block_1_90' title="bbox 495 4376 2158 4453">
    <p class='ocr_par' dir='ltr' id='par_1_90' title="bbox 495 4376 2158 4453">
     <span class='ocr_line' id='line_1_90' title="bbox 495 4376 2158 4453; baseline -0.002 -14"><span class='ocrx_word' id='word_1_624' title='bbox 495 4381 692 4453; x_wconf 88' lang='lat' dir='ltr'><strong>rigite,</strong></span> <span class='ocrx_word' id='word_1_625' title='bbox 730 4377 1062 4453; x_wconf 87' lang='lat' dir='ltr'><strong>nequando</strong></span> <span class='ocrx_word' id='word_1_626' title='bbox 1109 4376 1430 4446; x_wconf 61' lang='lat' dir='ltr'><strong>derelicta,</strong></span> <span class='ocrx_word' id='word_1_627' title='bbox 1457 4377 1696 4450; x_wconf 83' lang='lat' dir='ltr'><strong>peditus</strong></span> <span class='ocrx_word' id='word_1_628' title='bbox 1736 4377 1881 4433; x_wconf 88' lang='lat' dir='ltr'><strong>ﬁdei</strong></span> <span class='ocrx_word' id='word_1_629' title='bbox 1911 4376 2158 4435; x_wconf 84' lang='lat' dir='ltr'><strong>naufra-</strong></span> 
     </span>
    </p>
   </div>
   <div class='ocr_carea' id='block_1_91' title="bbox 1194 4501 1681 4569">
    <p class='ocr_par' dir='ltr' id='par_1_91' title="bbox 1194 4501 1681 4569">
     <span class='ocr_line' id='line_1_91' title="bbox 1194 4501 1681 4569; baseline 0 -11"><span class='ocrx_word' id='word_1_630' title='bbox 1194 4503 1244 4538; x_wconf 77' lang='grc'><strong>⁹⁰</strong></span> <span class='ocrx_word' id='word_1_631' title='bbox 1283 4503 1330 4558; x_wconf 92' lang='lat' dir='ltr'><strong>lI</strong></span> <span class='ocrx_word' id='word_1_632' title='bbox 1360 4501 1491 4559; x_wconf 90' lang='lat' dir='ltr'><strong>Cor.</strong></span> <span class='ocrx_word' id='word_1_633' title='bbox 1523 4518 1603 4569; x_wconf 70' lang='grc' dir='ltr'><strong>ιν,</strong></span> <span class='ocrx_word' id='word_1_634' title='bbox 1629 4504 1681 4560; x_wconf 84' lang='lat'><strong>6.</strong></span> 
     </span>
    </p>
   </div>
   <div class='ocr_carea' id='block_1_92' title="bbox 565 4622 2149 4704">
    <p class='ocr_par' dir='ltr' id='par_1_92' title="bbox 565 4622 2149 4704">
     <span class='ocr_line' id='line_1_92' title="bbox 565 4622 2149 4704; baseline -0.004 -15"><span class='ocrx_word' id='word_1_635' title='bbox 565 4632 676 4704; x_wconf 84' lang='lat'><strong>(57)</strong></span> <span class='ocrx_word' id='word_1_636' title='bbox 707 4633 1087 4704; x_wconf 74' lang='grc' dir='ltr'><strong>Δυσῳπήσητε.</strong></span> <span class='ocrx_word' id='word_1_637' title='bbox 1120 4631 1206 4704; x_wconf 89' lang='lat' dir='ltr'><strong>l_ta</strong></span> <span class='ocrx_word' id='word_1_638' title='bbox 1235 4643 1341 4704; x_wconf 70' lang='lat' dir='ltr'><strong>sex</strong></span> <span class='ocrx_word' id='word_1_639' title='bbox 1378 4643 1524 4684; x_wconf 87' lang='lat' dir='ltr'><strong>mss.</strong></span> <span class='ocrx_word' id='word_1_640' title='bbox 1576 4625 1729 4704; x_wconf 76' lang='lat' dir='ltr'><strong>E_diti</strong></span> <span class='ocrx_word' id='word_1_641' title='bbox 1781 4622 2149 4704; x_wconf 68' lang='grc' dir='ltr'><strong>δυσωπήσετε.</strong></span> 
     </span>
    </p>
   </div>
   <div class='ocr_carea' id='block_1_93' title="bbox 566 4695 2153 4784">
    <p class='ocr_par' dir='ltr' id='par_1_93' title="bbox 566 4695 2153 4784">
     <span class='ocr_line' id='line_1_93' title="bbox 566 4695 2153 4784; baseline -0.003 -28"><span class='ocrx_word' id='word_1_642' title='bbox 566 4695 682 4775; x_wconf 71' lang='grc'>(58)</span> <span class='ocrx_word' id='word_1_643' title='bbox 733 4699 1064 4784; x_wconf 72' lang='grc' dir='ltr'><strong>βαδίζουσα,</strong></span> <span class='ocrx_word' id='word_1_644' title='bbox 1133 4695 1817 4784; x_wconf 41' lang='grc' dir='ltr'><strong>ἐπειδὰνψκαταναλάισητὶ</strong></span> <span class='ocrx_word' id='word_1_645' title='bbox 1850 4699 1951 4784; x_wconf 49' lang='lat' dir='ltr'><strong>Ita‘</strong></span> <span class='ocrx_word' id='word_1_646' title='bbox 2015 4704 2153 4784; x_wconf 79' lang='lat' dir='ltr'><strong>octo</strong></span> 
     </span>
    </p>
   </div>
   <div class='ocr_carea' id='block_1_94' title="bbox 490 4768 2154 4845">
    <p class='ocr_par' dir='ltr' id='par_1_94' title="bbox 490 4768 2154 4845">
     <span class='ocr_line' id='line_1_94' title="bbox 490 4768 2154 4845; baseline -0.004 -14"><span class='ocrx_word' id='word_1_647' title='bbox 490 4768 671 4845; x_wconf 69' lang='lat' dir='ltr'><strong>mss,</strong></span> <span class='ocrx_word' id='word_1_648' title='bbox 693 4768 810 4830; x_wconf 85' lang='lat' dir='ltr'><strong>nisi</strong></span> <span class='ocrx_word' id='word_1_649' title='bbox 835 4773 1012 4845; x_wconf 12' lang='lat' dir='ltr'><strong>quod,</strong></span> <span class='ocrx_word' id='word_1_650' title='bbox 1030 4773 1110 4845; x_wconf 31' lang='lat' dir='ltr'><strong>inA</strong></span> <span class='ocrx_word' id='word_1_651' title='bbox 1135 4769 1443 4845; x_wconf 75' lang='lat' dir='ltr'><strong>nonnullis</strong></span> <span class='ocrx_word' id='word_1_652' title='bbox 1477 4768 2154 4845; x_wconf 72' lang='lat' dir='ltr'><strong>_recentioribuslegitur</strong></span> 
     </span>
    </p>
   </div>
   <div class='ocr_carea' id='block_1_95' title="bbox 492 4837 2152 4919">
    <p class='ocr_par' dir='ltr' id='par_1_95' title="bbox 492 4837 2152 4919">
     <span class='ocr_line' id='line_1_95' title="bbox 492 4837 2152 4919; baseline -0.003 -20"><span class='ocrx_word' id='word_1_653' title='bbox 492 4837 798 4919; x_wconf 82' lang='grc' dir='ltr'><strong>βαδίσασα.</strong></span> <span class='ocrx_word' id='word_1_654' title='bbox 860 4837 1022 4901; x_wconf 73' lang='grc' dir='ltr'><strong>Ἐάίῆ</strong></span> <span class='ocrx_word' id='word_1_655' title='bbox 1078 4839 1410 4917; x_wconf 78' lang='grc' dir='ltr'><strong>βαδίζουσα,</strong></span> <span class='ocrx_word' id='word_1_656' title='bbox 1469 4837 1680 4895; x_wconf 75' lang='grc' dir='ltr'><strong>ἐπειδὰν</strong></span> <span class='ocrx_word' id='word_1_657' title='bbox 1729 4837 2024 4894; x_wconf 78' lang='grc' dir='ltr'><strong>καταλάϐοῖ</strong></span> <span class='ocrx_word' id='word_1_658' title='bbox 2063 4844 2152 4894; x_wconf 83' lang='grc' dir='ltr'><strong>καὶ</strong></span> 
     </span>
    </p>
   </div>
   <div class='ocr_carea' id='block_1_96' title="bbox 489 4916 869 4970">
    <p class='ocr_par' dir='ltr' id='par_1_96' title="bbox 489 4916 869 4970">
     <span class='ocr_line' id='line_1_96' title="bbox 489 4916 869 4970; baseline 0 -2"><span class='ocrx_word' id='word_1_659' title='bbox 489 4916 826 4970; x_wconf 66' lang='grc' dir='ltr'><strong>καταναλώσε</strong></span> <span class='ocrx_word' id='word_1_660' title='bbox 835 4935 869 4968; x_wconf 92' lang='grc' dir='ltr'><strong>ι.</strong></span> 
     </span>
    </p>
   </div>
   <div class='ocr_carea' id='block_1_97' title="bbox 563 4986 2151 5063">
    <p class='ocr_par' dir='ltr' id='par_1_97' title="bbox 563 4986 2151 5063">
     <span class='ocr_line' id='line_1_97' title="bbox 563 4986 2151 5063; baseline -0.003 -20"><span class='ocrx_word' id='word_1_661' title='bbox 691 4987 781 5063; x_wconf 67' lang='lat' dir='ltr'><strong>lii;</strong></span> <span class='ocrx_word' id='word_1_662' title='bbox 801 4986 1338 5063; x_wconf 53' lang='grc' dir='ltr'><strong>κοιτάϐρωσινςιόξιῖς..Ῐ</strong></span> <span class='ocrx_word' id='word_1_663' title='bbox 1373 4991 1467 5040; x_wconf 87' lang='grc' dir='ltr'><strong>τοῦ</strong></span> <span class='ocrx_word' id='word_1_664' title='bbox 1497 4991 1652 5063; x_wconf 76' lang='grc' dir='ltr'><strong>Θεοῦ.</strong></span> <span class='ocrx_word' id='word_1_665' title='bbox 1693 4986 1780 5043; x_wconf 86' lang='lat' dir='ltr'><strong>Ita</strong></span> <span class='ocrx_word' id='word_1_666' title='bbox 1807 4988 1926 5042; x_wconf 87' lang='lat' dir='ltr'><strong>tres</strong></span> <span class='ocrx_word' id='word_1_667' title='bbox 1953 4988 2151 5043; x_wconf 88' lang='lat' dir='ltr'><strong>vetus-</strong></span> 
     </span>
    </p>
   </div>
   <div class='ocr_carea' id='block_1_98' title="bbox 486 5057 2148 5132">
    <p class='ocr_par' dir='ltr' id='par_1_98' title="bbox 486 5057 2148 5132">
     <span class='ocr_line' id='line_1_98' title="bbox 486 5057 2148 5132; baseline -0.005 -16"><span class='ocrx_word' id='word_1_668' title='bbox 486 5057 707 5116; x_wconf 86' lang='lat' dir='ltr'><strong>tissimi</strong></span> <span class='ocrx_word' id='word_1_669' title='bbox 754 5057 1014 5132; x_wconf 77' lang='lat' dir='ltr'><strong>codices.</strong></span> <span class='ocrx_word' id='word_1_670' title='bbox 1083 5059 1232 5116; x_wconf 82' lang='lat' dir='ltr'><strong>Editi</strong></span> <span class='ocrx_word' id='word_1_671' title='bbox 1295 5059 1366 5132; x_wconf 86' lang='grc' dir='ltr'><strong>εἰς</strong></span> <span class='ocrx_word' id='word_1_672' title='bbox 1427 5057 1752 5132; x_wconf 79' lang='grc' dir='ltr'><strong>κατάϐρωμα</strong></span> <span class='ocrx_word' id='word_1_673' title='bbox 1807 5064 1987 5118; x_wconf 87' lang='grc' dir='ltr'><strong>τοῖς...</strong></span> <span class='ocrx_word' id='word_1_674' title='bbox 2054 5063 2148 5132; x_wconf 78' lang='grc' dir='ltr'><strong>τοῦ</strong></span> 
     </span>
    </p>
   </div>
   <div class='ocr_carea' id='block_1_99' title="bbox 485 5129 2148 5212">
    <p class='ocr_par' dir='ltr' id='par_1_99' title="bbox 485 5129 2148 5212">
     <span class='ocr_line' id='line_1_99' title="bbox 485 5129 2148 5212; baseline -0.002 -25"><span class='ocrx_word' id='word_1_675' title='bbox 485 5136 760 5212; x_wconf 67' lang='grc' dir='ltr'><strong>Χριστοῦ.⁵</strong></span> <span class='ocrx_word' id='word_1_676' title='bbox 793 5129 978 5212; x_wconf 59' lang='grc' dir='ltr'><strong>Ροωο</strong></span> <span class='ocrx_word' id='word_1_677' title='bbox 1037 5135 1176 5212; x_wconf 75' lang='lat' dir='ltr'><strong>post</strong></span> <span class='ocrx_word' id='word_1_678' title='bbox 1201 5131 1494 5212; x_wconf 70' lang='lat' dir='ltr'><strong>quinque</strong></span> <span class='ocrx_word' id='word_1_679' title='bbox 1539 5129 1779 5187; x_wconf 84' lang='lat' dir='ltr'><strong>codices</strong></span> <span class='ocrx_word' id='word_1_680' title='bbox 1833 5144 1961 5185; x_wconf 92' lang='lat' dir='ltr'><strong>non</strong></span> <span class='ocrx_word' id='word_1_681' title='bbox 1998 5129 2148 5186; x_wconf 89' lang='lat' dir='ltr'><strong>anti-</strong></span> 
     </span>
    </p>
   </div>
   <div class='ocr_carea' id='block_1_100' title="bbox 483 5199 1380 5275">
    <p class='ocr_par' dir='ltr' id='par_1_100' title="bbox 483 5199 1380 5275">
     <span class='ocr_line' id='line_1_100' title="bbox 483 5199 1380 5275; baseline -0.003 -18"><span class='ocrx_word' id='word_1_682' title='bbox 483 5199 764 5275; x_wconf 64' lang='lat' dir='ltr'><strong>quissimi</strong></span> <span class='ocrx_word' id='word_1_683' title='bbox 795 5199 1129 5275; x_wconf 78' lang='grc' dir='ltr'><strong>ἀποστασίας</strong></span> <span class='ocrx_word' id='word_1_684' title='bbox 1151 5199 1380 5275; x_wconf 69' lang='grc' dir='ltr'><strong>ῥήματα.</strong></span> 
     </span>
    </p>
   </div>
   <div class='ocr_carea' id='block_1_101' title="bbox 559 5269 2148 5354">
    <p class='ocr_par' dir='ltr' id='par_1_101' title="bbox 559 5269 2148 5354">
     <span class='ocr_line' id='line_1_101' title="bbox 559 5269 2148 5354; baseline -0.003 -24"><span class='ocrx_word' id='word_1_685' title='bbox 559 5273 693 5354; x_wconf 33' lang='grc'><strong>(60).</strong></span> <span class='ocrx_word' id='word_1_686' title='bbox 710 5269 1241 5354; x_wconf 42' lang='grc' dir='ltr'><strong>Καταπολεμούμεθαὶ</strong></span> <span class='ocrx_word' id='word_1_687' title='bbox 1257 5273 1550 5354; x_wconf 65' lang='grc' dir='ltr'><strong>Ωιιὶηςυρ</strong></span> <span class='ocrx_word' id='word_1_688' title='bbox 1579 5272 1822 5354; x_wconf 71' lang='lat' dir='ltr'><strong>codices</strong></span> <span class='ocrx_word' id='word_1_689' title='bbox 1857 5269 2148 5354; x_wconf 54' lang='lat' dir='ltr'><strong>recentia-</strong></span> 
     </span>
    </p>
   </div>
   <div class='ocr_carea' id='block_1_102' title="bbox 480 5341 2146 5418">
    <p class='ocr_par' dir='ltr' id='par_1_102' title="bbox 480 5341 2146 5418">
     <span class='ocr_line' id='line_1_102' title="bbox 480 5341 2146 5418; baseline -0.003 -17"><span class='ocrx_word' id='word_1_690' title='bbox 480 5341 579 5403; x_wconf 62' lang='lat' dir='ltr'><strong>res</strong></span> <span class='ocrx_word' id='word_1_691' title='bbox 608 5341 1015 5418; x_wconf 36' lang='lat' dir='ltr'><strong>nelcpoﬁpeea;</strong></span> <span class='ocrx_word' id='word_1_692' title='bbox 1052 5341 1146 5418; x_wconf 78' lang='lat' dir='ltr'><strong>Sic</strong></span> <span class='ocrx_word' id='word_1_693' title='bbox 1192 5343 1376 5418; x_wconf 86' lang='lat' dir='ltr'><strong>etiam</strong></span> <span class='ocrx_word' id='word_1_694' title='bbox 1429 5341 1656 5418; x_wconf 71' lang='lat' dir='ltr'><strong>habent</strong></span> <span class='ocrx_word' id='word_1_695' title='bbox 1683 5343 1977 5418; x_wconf 80' lang='lat' dir='ltr'><strong>editiones</strong></span> <span class='ocrx_word' id='word_1_696' title='bbox 2033 5341 2146 5396; x_wconf 88' lang='lat' dir='ltr'><strong>Ha-</strong></span> 
     </span>
    </p>
   </div>
   <div class='ocr_carea' id='block_1_103' title="bbox 481 5414 2142 5486">
    <p class='ocr_par' dir='ltr' id='par_1_103' title="bbox 481 5414 2142 5486">
     <span class='ocr_line' id='line_1_103' title="bbox 481 5414 2142 5486; baseline -0.005 -13"><span class='ocrx_word' id='word_1_697' title='bbox 481 5414 809 5486; x_wconf 82' lang='lat' dir='ltr'><strong>ganoensis</strong></span> <span class='ocrx_word' id='word_1_698' title='bbox 839 5414 922 5471; x_wconf 49' lang='lat' dir='ltr'><strong>&#39;et</strong></span> <span class='ocrx_word' id='word_1_699' title='bbox 973 5414 1392 5471; x_wconf 63' lang='lat' dir='ltr'><strong>Frobenianae.</strong></span> <span class='ocrx_word' id='word_1_700' title='bbox 1443 5414 1669 5471; x_wconf 82' lang='lat' dir='ltr'><strong>Ibidem</strong></span> <span class='ocrx_word' id='word_1_701' title='bbox 1694 5414 2000 5486; x_wconf 50' lang='lat' dir='ltr'><strong>editioni!»</strong></span> <span class='ocrx_word' id='word_1_702' title='bbox 2049 5420 2142 5465; x_wconf 82' lang='grc' dir='ltr'><strong>τοῦ</strong></span> 
     </span>
    </p>
   </div>
   <div class='ocr_carea' id='block_1_104' title="bbox 478 5484 2140 5560">
    <p class='ocr_par' dir='ltr' id='par_1_104' title="bbox 478 5484 2140 5560">
     <span class='ocr_line' id='line_1_104' title="bbox 478 5484 2140 5560; baseline 0.001 -21"><span class='ocrx_word' id='word_1_703' title='bbox 478 5484 659 5540; x_wconf 72' lang='grc' dir='ltr'><strong>κοινοῦ</strong></span> <span class='ocrx_word' id='word_1_704' title='bbox 691 5490 962 5560; x_wconf 85' lang='grc' dir='ltr'><strong>θησαυροῦ</strong></span> <span class='ocrx_word' id='word_1_705' title='bbox 988 5493 1080 5539; x_wconf 85' lang='grc' dir='ltr'><strong>τοῦ</strong></span> <span class='ocrx_word' id='word_1_706' title='bbox 1110 5492 1368 5560; x_wconf 78' lang='grc' dir='ltr'><strong>πατρικοῦ</strong></span> <span class='ocrx_word' id='word_1_707' title='bbox 1396 5491 1682 5560; x_wconf 69' lang='grc' dir='ltr'><strong>κτήματος.</strong></span> <span class='ocrx_word' id='word_1_708' title='bbox 1701 5484 2140 5560; x_wconf 74' lang='lat' dir='ltr'><strong>Codicesmss.</strong></span> 
     </span>
    </p>
   </div>
   <div class='ocr_carea' id='block_1_105' title="bbox 477 5555 2144 5628">
    <p class='ocr_par' dir='ltr' id='par_1_105' title="bbox 477 5555 2144 5628">
     <span class='ocr_line' id='line_1_105' title="bbox 477 5555 2144 5628; baseline -0.001 -14"><span class='ocrx_word' id='word_1_709' title='bbox 477 5572 695 5614; x_wconf 91' lang='lat' dir='ltr'><strong>omnes</strong></span> <span class='ocrx_word' id='word_1_710' title='bbox 752 5563 818 5615; x_wconf 90' lang='lat' dir='ltr'><strong>ut</strong></span> <span class='ocrx_word' id='word_1_711' title='bbox 865 5555 933 5614; x_wconf 82' lang='lat' dir='ltr'><strong>in</strong></span> <span class='ocrx_word' id='word_1_712' title='bbox 981 5560 1167 5615; x_wconf 87' lang='lat' dir='ltr'><strong>textu.</strong></span> <span class='ocrx_word' id='word_1_713' title='bbox 1217 5555 1292 5612; x_wconf 50' lang='lat' dir='ltr'><strong>’In</strong></span> <span class='ocrx_word' id='word_1_714' title='bbox 1333 5555 1542 5614; x_wconf 85' lang='lat' dir='ltr'><strong>codice</strong></span> <span class='ocrx_word' id='word_1_715' title='bbox 1588 5556 1874 5616; x_wconf 78' lang='lat' dir='ltr'><strong>Vaticano</strong></span> <span class='ocrx_word' id='word_1_716' title='bbox 1925 5555 2144 5628; x_wconf 90' lang='lat' dir='ltr'><strong>legitur</strong></span> 
     </span>
    </p>
   </div>
   <div class='ocr_carea' id='block_1_106' title="bbox 472 5633 1148 5708">
    <p class='ocr_par' dir='ltr' id='par_1_106' title="bbox 472 5633 1148 5708">
     <span class='ocr_line' id='line_1_106' title="bbox 472 5633 1148 5708; baseline 0.007 -29"><span class='ocrx_word' id='word_1_717' title='bbox 472 5636 834 5703; x_wconf 81' lang='grc' dir='ltr'><strong>πνευματικοῦ</strong></span> <span class='ocrx_word' id='word_1_718' title='bbox 861 5633 958 5688; x_wconf 72' lang='grc' dir='ltr'><strong>κτή</strong></span> <span class='ocrx_word' id='word_1_719' title='bbox 963 5647 1148 5708; x_wconf 82' lang='grc' dir='ltr'><strong>ματος.</strong></span> 
     </span>
    </p>
   </div>
   <div class='ocr_carea' id='block_1_107' title="bbox 567 4503 1110 4576">
    <p class='ocr_par' dir='ltr' id='par_1_107' title="bbox 567 4503 1110 4576">
     <span class='ocr_line' id='line_1_107' title="bbox 567 4503 1110 4576; baseline 0 -14"><span class='ocrx_word' id='word_1_720' title='bbox 567 4507 614 4542; x_wconf 70' lang='grc'><strong>⁸9</strong></span> <span class='ocrx_word' id='word_1_721' title='bbox 654 4507 826 4562; x_wconf 79' lang='lat' dir='ltr'><strong>Rom.</strong></span> <span class='ocrx_word' id='word_1_722' title='bbox 858 4519 982 4576; x_wconf 79' lang='lat' dir='ltr'><strong>vin,</strong></span> <span class='ocrx_word' id='word_1_723' title='bbox 1017 4503 1110 4562; x_wconf 79' lang='lat' dir='ltr'><strong>t8.</strong></span> 
     </span>
    </p>
   </div>
   <div class='ocr_carea' id='block_1_108' title="bbox 2268 4377 3856 4457">
    <p class='ocr_par' dir='ltr' id='par_1_108' title="bbox 2268 4377 3856 4457">
     <span class='ocr_line' id='line_1_108' title="bbox 2268 4377 3856 4457; baseline -0.001 -25"><span class='ocrx_word' id='word_1_724' title='bbox 2268 4385 2380 4440; x_wconf 85' lang='grc' dir='ltr'><strong>ταῖς</strong></span> <span class='ocrx_word' id='word_1_725' title='bbox 2453 4378 2862 4451; x_wconf 78' lang='grc' dir='ltr'><strong>χειμάζομέναις</strong></span> <span class='ocrx_word' id='word_1_726' title='bbox 2908 4386 3008 4432; x_wconf 85' lang='grc' dir='ltr'><strong>τῶν</strong></span> <span class='ocrx_word' id='word_1_727' title='bbox 3057 4377 3379 4438; x_wconf 87' lang='grc' dir='ltr'><strong>Ἐκκλησιῶν</strong></span> <span class='ocrx_word' id='word_1_728' title='bbox 3444 4388 3610 4457; x_wconf 88' lang='grc' dir='ltr'><strong>χεῖρα</strong></span> <span class='ocrx_word' id='word_1_729' title='bbox 3669 4379 3856 4456; x_wconf 76' lang='grc' dir='ltr'><strong>ὄρίξαιι</strong></span> 
     </span>
    </p>
   </div>
   <div class='ocr_carea' id='block_1_109' title="bbox 1761 4500 2306 4572">
    <p class='ocr_par' dir='ltr' id='par_1_109' title="bbox 1761 4500 2306 4572">
     <span class='ocr_line' id='line_1_109' title="bbox 1761 4500 2306 4572; baseline 0.013 -17"><span class='ocrx_word' id='word_1_730' title='bbox 1761 4502 1806 4538; x_wconf 82' lang='grc'>⁹¹</span> <span class='ocrx_word' id='word_1_731' title='bbox 1848 4500 2006 4558; x_wconf 89' lang='lat' dir='ltr'><strong>Psal.</strong></span> <span class='ocrx_word' id='word_1_732' title='bbox 2030 4519 2220 4572; x_wconf 80' lang='lat' dir='ltr'><strong>Lxxlv,</strong></span> <span class='ocrx_word' id='word_1_733' title='bbox 2247 4507 2306 4562; x_wconf 88' lang='lat'><strong>6.</strong></span> 
     </span>
    </p>
   </div>
   <div class='ocr_carea' id='block_1_110' title="bbox 2261 4625 3850 4755">
    <p class='ocr_par' dir='ltr' id='par_1_110' title="bbox 2261 4625 3850 4755">
     <span class='ocr_line' id='line_1_110' title="bbox 2330 4625 3850 4698; baseline 0 -14"><span class='ocrx_word' id='word_1_734' title='bbox 2330 4628 2452 4698; x_wconf 74' lang='grc'><strong>(61)</strong></span> <span class='ocrx_word' id='word_1_735' title='bbox 2492 4625 2786 4682; x_wconf 78' lang='grc' dir='ltr'><strong>Ἠνοίκται.</strong></span> <span class='ocrx_word' id='word_1_736' title='bbox 2842 4629 2930 4686; x_wconf 89' lang='lat' dir='ltr'><strong>Ita</strong></span> <span class='ocrx_word' id='word_1_737' title='bbox 2980 4631 3101 4686; x_wconf 89' lang='lat' dir='ltr'><strong>tres</strong></span> <span class='ocrx_word' id='word_1_738' title='bbox 3151 4629 3550 4687; x_wconf 86' lang='lat' dir='ltr'><strong>vetustissimi</strong></span> <span class='ocrx_word' id='word_1_739' title='bbox 3605 4628 3850 4688; x_wconf 74' lang='lat' dir='ltr'><strong>codices.</strong></span> 
     </span>
     <span class='ocr_line' id='line_1_111' title="bbox 2261 4698 2644 4755; baseline 0.008 -2"><span class='ocrx_word' id='word_1_740' title='bbox 2261 4699 2412 4755; x_wconf 84' lang='lat' dir='ltr'><strong>Editi</strong></span> <span class='ocrx_word' id='word_1_741' title='bbox 2439 4698 2644 4755; x_wconf 65' lang='grc' dir='ltr'><strong>ἠνοίγη.</strong></span> 
     </span>
    </p>
   </div>
   <div class='ocr_carea' id='block_1_111' title="bbox 2351 4708 2644 4771">
    <p class='ocr_par' dir='ltr' id='par_1_111' title="bbox 2351 4708 2644 4771">
     <span class='ocr_line' id='line_1_112' title="bbox 2351 4708 2644 4771; baseline 0.003 -16"><span class='ocrx_word' id='word_1_742' title='bbox 2351 4708 2412 4755; x_wconf 75' lang='grc' dir='ltr'><strong>1ῐὶ</strong></span> <span class='ocrx_word' id='word_1_743' title='bbox 2439 4708 2644 4771; x_wconf 74' lang='grc' dir='ltr'><strong>ἠνοίγη.</strong></span> 
     </span>
    </p>
   </div>
   <div class='ocr_carea' id='block_1_112' title="bbox 2333 4769 3853 4845">
    <p class='ocr_par' dir='ltr' id='par_1_112' title="bbox 2333 4769 3853 4845">
     <span class='ocr_line' id='line_1_113' title="bbox 2333 4769 3853 4845; baseline -0.001 -19"><span class='ocrx_word' id='word_1_744' title='bbox 2333 4771 2447 4845; x_wconf 74' lang='lat'><strong>(62)</strong></span> <span class='ocrx_word' id='word_1_745' title='bbox 2472 4774 2538 4845; x_wconf 81' lang='lat' dir='ltr'><strong>Qi</strong></span> <span class='ocrx_word' id='word_1_746' title='bbox 2559 4769 2654 4845; x_wconf 73' lang='grc' dir='ltr'><strong>διὰ</strong></span> <span class='ocrx_word' id='word_1_747' title='bbox 2685 4774 3033 4845; x_wconf 68' lang='grc' dir='ltr'><strong>σμικρότητα.</strong></span> <span class='ocrx_word' id='word_1_748' title='bbox 3065 4769 3184 4845; x_wconf 68' lang='lat' dir='ltr'><strong>llis</strong></span> <span class='ocrx_word' id='word_1_749' title='bbox 3214 4787 3288 4829; x_wconf 89' lang='lat' dir='ltr'><strong>ex</strong></span> <span class='ocrx_word' id='word_1_750' title='bbox 3315 4773 3518 4831; x_wconf 90' lang='lat' dir='ltr'><strong>verbis</strong></span> <span class='ocrx_word' id='word_1_751' title='bbox 3562 4769 3853 4845; x_wconf 84' lang='lat' dir='ltr'><strong>concludit</strong></span> 
     </span>
    </p>
   </div>
   <div class='ocr_carea' id='block_1_113' title="bbox 2260 4841 3851 4914">
    <p class='ocr_par' dir='ltr' id='par_1_113' title="bbox 2260 4841 3851 4914">
     <span class='ocr_line' id='line_1_114' title="bbox 2260 4841 3851 4914; baseline -0.002 -15"><span class='ocrx_word' id='word_1_752' title='bbox 2260 4841 2660 4899; x_wconf 83' lang='lat' dir='ltr'><strong>Combeﬁsius</strong></span> <span class='ocrx_word' id='word_1_753' title='bbox 2687 4841 2846 4898; x_wconf 83' lang='lat' dir='ltr'><strong>hanc</strong></span> <span class='ocrx_word' id='word_1_754' title='bbox 2867 4841 3188 4914; x_wconf 89' lang='lat' dir='ltr'><strong>epistolam</strong></span> <span class='ocrx_word' id='word_1_755' title='bbox 3213 4859 3250 4900; x_wconf 93' lang='lat' dir='ltr'><strong>a</strong></span> <span class='ocrx_word' id='word_1_756' title='bbox 3276 4845 3404 4901; x_wconf 93' lang='lat' dir='ltr'><strong>solo</strong></span> <span class='ocrx_word' id='word_1_757' title='bbox 3439 4846 3656 4902; x_wconf 88' lang='lat' dir='ltr'><strong>Basilio</strong></span> <span class='ocrx_word' id='word_1_758' title='bbox 3687 4843 3851 4914; x_wconf 76' lang='lat' dir='ltr'><strong>scrip-</strong></span> 
     </span>
    </p>
   </div>
   <div class='ocr_carea' id='block_1_114' title="bbox 2258 4914 3850 4986">
    <p class='ocr_par' dir='ltr' id='par_1_114' title="bbox 2258 4914 3850 4986">
     <span class='ocr_line' id='line_1_115' title="bbox 2258 4914 3850 4986; baseline -0.001 -17"><span class='ocrx_word' id='word_1_759' title='bbox 2258 4917 2383 4970; x_wconf 89' lang='lat' dir='ltr'><strong>tam</strong></span> <span class='ocrx_word' id='word_1_760' title='bbox 2409 4929 2531 4970; x_wconf 90' lang='lat' dir='ltr'><strong>non</strong></span> <span class='ocrx_word' id='word_1_761' title='bbox 2563 4914 2768 4986; x_wconf 89' lang='lat' dir='ltr'><strong>fuisse.</strong></span> <span class='ocrx_word' id='word_1_762' title='bbox 2793 4914 2867 4986; x_wconf 81' lang='lat' dir='ltr'><strong>Id</strong></span> <span class='ocrx_word' id='word_1_763' title='bbox 2894 4915 3072 4983; x_wconf 81' lang='lat' dir='ltr'><strong>enim,</strong></span> <span class='ocrx_word' id='word_1_764' title='bbox 3107 4914 3322 4986; x_wconf 87' lang='lat' dir='ltr'><strong>inquit,</strong></span> <span class='ocrx_word' id='word_1_765' title='bbox 3350 4918 3411 4970; x_wconf 75' lang='lat' dir='ltr'><strong>in</strong></span> <span class='ocrx_word' id='word_1_766' title='bbox 3430 4931 3543 4974; x_wconf 88' lang='lat' dir='ltr'><strong>sua</strong></span> <span class='ocrx_word' id='word_1_767' title='bbox 3595 4915 3850 4973; x_wconf 75' lang='lat' dir='ltr'><strong>Basilius</strong></span> 
     </span>
    </p>
   </div>
   <div class='ocr_carea' id='block_1_115' title="bbox 2252 4985 3848 5055">
    <p class='ocr_par' dir='ltr' id='par_1_115' title="bbox 2252 4985 3848 5055">
     <span class='ocr_line' id='line_1_116' title="bbox 2252 4985 3848 5055; baseline -0.001 -14"><span class='ocrx_word' id='word_1_768' title='bbox 2252 5000 2535 5054; x_wconf 80' lang='lat' dir='ltr'><strong>persona,</strong></span> <span class='ocrx_word' id='word_1_769' title='bbox 2568 4985 2748 5055; x_wconf 84' lang='lat' dir='ltr'><strong>idque</strong></span> <span class='ocrx_word' id='word_1_770' title='bbox 2771 4985 2968 5050; x_wconf 77' lang='lat' dir='ltr'><strong>solius,</strong></span> <span class='ocrx_word' id='word_1_771' title='bbox 2997 5001 3119 5040; x_wconf 83' lang='lat' dir='ltr'><strong>non</strong></span> <span class='ocrx_word' id='word_1_772' title='bbox 3139 4985 3325 5054; x_wconf 69' lang='lat' dir='ltr'><strong>facile</strong></span> <span class='ocrx_word' id='word_1_773' title='bbox 3348 4987 3532 5054; x_wconf 78' lang='lat' dir='ltr'><strong>dicat,</strong></span> <span class='ocrx_word' id='word_1_774' title='bbox 3569 4995 3749 5044; x_wconf 60' lang='lat' dir='ltr'><strong>tanta</strong></span> <span class='ocrx_word' id='word_1_775' title='bbox 3774 4997 3848 5055; x_wconf 80' lang='lat' dir='ltr'><strong>se-</strong></span> 
     </span>
    </p>
   </div>
   <div class='ocr_carea' id='block_1_116' title="bbox 2253 5053 3847 5136">
    <p class='ocr_par' dir='ltr' id='par_1_116' title="bbox 2253 5053 3847 5136">
     <span class='ocr_line' id='line_1_117' title="bbox 2253 5053 3847 5136; baseline -0.002 -24"><span class='ocrx_word' id='word_1_776' title='bbox 2373 5053 2659 5136; x_wconf 37' lang='lat' dir='ltr'><strong>antistes,‘</strong></span> <span class='ocrx_word' id='word_1_777' title='bbox 2677 5058 2921 5136; x_wconf 72' lang='lat' dir='ltr'><strong>ipseque</strong></span> <span class='ocrx_word' id='word_1_778' title='bbox 2946 5058 3026 5112; x_wconf 81' lang='lat' dir='ltr'><strong>sic</strong></span> <span class='ocrx_word' id='word_1_779' title='bbox 3055 5053 3485 5136; x_wconf 58' lang='lat' dir='ltr'><strong>ctug&#39;us._lftulla</strong></span> <span class='ocrx_word' id='word_1_780' title='bbox 3514 5060 3743 5136; x_wconf 78' lang='lat' dir='ltr'><strong>ratione</strong></span> <span class='ocrx_word' id='word_1_781' title='bbox 3770 5053 3847 5110; x_wconf 44' lang='lat' dir='ltr'><strong>ni.</strong></span> 
     </span>
    </p>
   </div>
   <div class='ocr_carea' id='block_1_117' title="bbox 2254 5127 3846 5186">
    <p class='ocr_par' dir='ltr' id='par_1_117' title="bbox 2254 5127 3846 5186">
     <span class='ocr_line' id='line_1_118' title="bbox 2254 5127 3846 5186; baseline -0.001 -4"><span class='ocrx_word' id='word_1_782' title='bbox 2254 5127 2398 5184; x_wconf 87' lang='lat' dir='ltr'><strong>titur</strong></span> <span class='ocrx_word' id='word_1_783' title='bbox 2442 5127 2659 5184; x_wconf 89' lang='lat' dir='ltr'><strong>eruditi</strong></span> <span class='ocrx_word' id='word_1_784' title='bbox 2713 5128 2820 5183; x_wconf 82' lang='lat' dir='ltr'><strong>viri</strong></span> <span class='ocrx_word' id='word_1_785' title='bbox 2867 5127 3231 5184; x_wconf 85' lang='lat' dir='ltr'><strong>observatio.</strong></span> <span class='ocrx_word' id='word_1_786' title='bbox 3294 5131 3362 5186; x_wconf 93' lang='lat' dir='ltr'><strong>Ut</strong></span> <span class='ocrx_word' id='word_1_787' title='bbox 3409 5129 3684 5186; x_wconf 88' lang='lat' dir='ltr'><strong>omittam</strong></span> <span class='ocrx_word' id='word_1_788' title='bbox 3724 5127 3846 5182; x_wconf 86' lang='lat' dir='ltr'><strong>loca</strong></span> 
     </span>
    </p>
   </div>
   <div class='ocr_carea' id='block_1_118' title="bbox 2248 5195 3846 5324">
    <p class='ocr_par' dir='ltr' id='par_1_118' title="bbox 2248 5195 3846 5324">
     <span class='ocr_line' id='line_1_119' title="bbox 2248 5195 3846 5324; baseline -0.002 -71"><span class='ocrx_word' id='word_1_789' title='bbox 2248 5213 2407 5324; x_wconf 63' lang='lat' dir='ltr'><strong>Bene</strong></span> <span class='ocrx_word' id='word_1_790' title='bbox 2428 5198 2916 5280; x_wconf 74' lang='lat' dir='ltr'><strong>innumerabilia,</strong></span> <span class='ocrx_word' id='word_1_791' title='bbox 2949 5199 3012 5254; x_wconf 93' lang='lat' dir='ltr'><strong>in</strong></span> <span class='ocrx_word' id='word_1_792' title='bbox 3040 5197 3268 5270; x_wconf 90' lang='lat' dir='ltr'><strong>quibus</strong></span> <span class='ocrx_word' id='word_1_793' title='bbox 3297 5199 3372 5255; x_wconf 89' lang='lat' dir='ltr'><strong>de</strong></span> <span class='ocrx_word' id='word_1_794' title='bbox 3417 5217 3481 5256; x_wconf 89' lang='lat' dir='ltr'><strong>se</strong></span> <span class='ocrx_word' id='word_1_795' title='bbox 3523 5201 3657 5282; x_wconf 88' lang='lat' dir='ltr'><strong>ipso</strong></span> <span class='ocrx_word' id='word_1_796' title='bbox 3700 5195 3846 5253; x_wconf 83' lang='lat' dir='ltr'><strong>Basi-</strong></span> 
     </span>
     <span class='ocr_line' id='line_1_120' title="bbox 2296 5269 3842 5324; baseline -0.001 0"><span class='ocrx_word' id='word_1_797' title='bbox 2296 5285 2365 5324; x_wconf 91' lang='lat' dir='ltr'><strong>us</strong></span> <span class='ocrx_word' id='word_1_798' title='bbox 2386 5270 2821 5324; x_wconf 78' lang='lat' dir='ltr'><strong>demississime</strong></span> <span class='ocrx_word' id='word_1_799' title='bbox 2849 5269 3149 5324; x_wconf 85' lang='lat' dir='ltr'><strong>loauitur:</strong></span> <span class='ocrx_word' id='word_1_800' title='bbox 3195 5276 3353 5324; x_wconf 89' lang='lat' dir='ltr'><strong>certe</strong></span> <span class='ocrx_word' id='word_1_801' title='bbox 3379 5271 3440 5324; x_wconf 92' lang='lat' dir='ltr'><strong>in</strong></span> <span class='ocrx_word' id='word_1_802' title='bbox 3468 5270 3722 5324; x_wconf 79' lang='lat' dir='ltr'><strong>epistola</strong></span> <span class='ocrx_word' id='word_1_803' title='bbox 3748 5270 3842 5322; x_wconf 80' lang='lat'><strong>225</strong></span> 
     </span>
    </p>
   </div>
   <div class='ocr_carea' id='block_1_119' title="bbox 2276 5269 3842 5344">
    <p class='ocr_par' dir='ltr' id='par_1_119' title="bbox 2276 5269 3842 5344">
     <span class='ocr_line' id='line_1_121' title="bbox 2276 5269 3842 5344; baseline -0.003 -20"><span class='ocrx_word' id='word_1_804' title='bbox 2276 5270 2365 5325; x_wconf 91' lang='lat' dir='ltr'><strong>ius</strong></span> <span class='ocrx_word' id='word_1_805' title='bbox 2386 5269 2825 5344; x_wconf 77' lang='lat' dir='ltr'><strong>demississime</strong></span> <span class='ocrx_word' id='word_1_806' title='bbox 2849 5269 3149 5344; x_wconf 62' lang='lat' dir='ltr'><strong>loquitur;</strong></span> <span class='ocrx_word' id='word_1_807' title='bbox 3195 5269 3722 5344; x_wconf 58' lang='lat' dir='ltr'><strong>certejnepistola</strong></span> <span class='ocrx_word' id='word_1_808' title='bbox 3748 5270 3842 5344; x_wconf 55' lang='lat'><strong>225</strong></span> 
     </span>
    </p>
   </div>
   <div class='ocr_carea' id='block_1_120' title="bbox 2250 5339 3840 5413">
    <p class='ocr_par' dir='ltr' id='par_1_120' title="bbox 2250 5339 3840 5413">
     <span class='ocr_line' id='line_1_122' title="bbox 2250 5339 3840 5413; baseline -0.001 -17"><span class='ocrx_word' id='word_1_809' title='bbox 2250 5346 2667 5413; x_wconf 89' lang='lat' dir='ltr'><strong>contemptum</strong></span> <span class='ocrx_word' id='word_1_810' title='bbox 2695 5357 2762 5413; x_wconf 89' lang='lat' dir='ltr'><strong>se</strong></span> <span class='ocrx_word' id='word_1_811' title='bbox 2804 5339 2990 5396; x_wconf 76' lang='lat' dir='ltr'><strong>fuisse</strong></span> <span class='ocrx_word' id='word_1_812' title='bbox 3009 5340 3164 5413; x_wconf 85' lang='lat' dir='ltr'><strong>dicit</strong></span> <span class='ocrx_word' id='word_1_813' title='bbox 3195 5357 3232 5396; x_wconf 87' lang='lat' dir='ltr'><strong>a</strong></span> <span class='ocrx_word' id='word_1_814' title='bbox 3255 5339 3587 5412; x_wconf 77' lang='lat' dir='ltr'><strong>judicibus,</strong></span> <span class='ocrx_word' id='word_1_815' title='bbox 3621 5341 3724 5413; x_wconf 90' lang='lat' dir='ltr'><strong>qui</strong></span> <span class='ocrx_word' id='word_1_816' title='bbox 3758 5339 3840 5413; x_wconf 82' lang='lat' dir='ltr'><strong>fu-</strong></span> 
     </span>
    </p>
   </div>
   <div class='ocr_carea' id='block_1_121' title="bbox 2247 5411 3835 5483">
    <p class='ocr_par' dir='ltr' id='par_1_121' title="bbox 2247 5411 3835 5483">
     <span class='ocr_line' id='line_1_123' title="bbox 2247 5411 3835 5483; baseline -0.004 -16"><span class='ocrx_word' id='word_1_817' title='bbox 2247 5427 2448 5468; x_wconf 89' lang='lat' dir='ltr'><strong>rorem</strong></span> <span class='ocrx_word' id='word_1_818' title='bbox 2480 5411 2657 5468; x_wconf 77' lang='lat' dir='ltr'><strong>suum</strong></span> <span class='ocrx_word' id='word_1_819' title='bbox 2687 5412 2749 5468; x_wconf 92' lang='lat' dir='ltr'><strong>in</strong></span> <span class='ocrx_word' id='word_1_820' title='bbox 2782 5412 3130 5483; x_wconf 88' lang='lat' dir='ltr'><strong>Gregorium</strong></span> <span class='ocrx_word' id='word_1_821' title='bbox 3162 5411 3506 5483; x_wconf 72' lang='lat' dir='ltr'><strong>NySsenum</strong></span> <span class='ocrx_word' id='word_1_822' title='bbox 3527 5411 3835 5483; x_wconf 80' lang='lat' dir='ltr'><strong>verterant.</strong></span> 
     </span>
    </p>
   </div>
   <div class='ocr_carea' id='block_1_122' title="bbox 2319 5481 3834 5612">
    <p class='ocr_par' dir='ltr' id='par_1_122' title="bbox 2319 5481 3834 5612">
     <span class='ocr_line' id='line_1_124' title="bbox 2319 5481 3834 5612; baseline -0.004 -71"><span class='ocrx_word' id='word_1_823' title='bbox 2319 5486 2435 5555; x_wconf 89' lang='lat'><strong>(63)</strong></span> <span class='ocrx_word' id='word_1_824' title='bbox 2474 5487 2863 5612; x_wconf 59' lang='grc' dir='ltr'><strong>Χαρισαὲιέθης.</strong></span> <span class='ocrx_word' id='word_1_825' title='bbox 2892 5481 2980 5565; x_wconf 78' lang='lat' dir='ltr'><strong>Ita</strong></span> <span class='ocrx_word' id='word_1_826' title='bbox 3002 5489 3120 5565; x_wconf 76' lang='lat' dir='ltr'><strong>tres</strong></span> <span class='ocrx_word' id='word_1_827' title='bbox 3160 5481 3550 5541; x_wconf 80' lang='lat' dir='ltr'><strong>vetustissimi</strong></span> <span class='ocrx_word' id='word_1_828' title='bbox 3608 5481 3834 5540; x_wconf 87' lang='lat' dir='ltr'><strong>codices</strong></span> 
     </span>
     <span class='ocr_line' id='line_1_125' title="bbox 2319 5555 3436 5612; baseline 0 0"><span class='ocrx_word' id='word_1_829' title='bbox 2319 5572 2389 5612; x_wconf 86' lang='lat' dir='ltr'><strong>.m</strong></span> <span class='ocrx_word' id='word_1_830' title='bbox 2415 5571 2539 5612; x_wconf 91' lang='lat' dir='ltr'><strong>uno</strong></span> <span class='ocrx_word' id='word_1_831' title='bbox 2569 5571 2643 5612; x_wconf 89' lang='lat' dir='ltr'><strong>ex</strong></span> <span class='ocrx_word' id='word_1_832' title='bbox 2719 5570 2845 5612; x_wconf 75' lang='lat' dir='ltr'><strong>ems</strong></span> <span class='ocrx_word' id='word_1_833' title='bbox 2878 5555 3031 5612; x_wconf 80' lang='lat' dir='ltr'><strong>Edltl</strong></span> <span class='ocrx_word' id='word_1_834' title='bbox 3061 5555 3436 5612; x_wconf 67' lang='grc' dir='ltr'><strong>γαριζοιώης.</strong></span> 
     </span>
    </p>
   </div>
   <div class='ocr_carea' id='block_1_123' title="bbox 2247 5554 3436 5628">
    <p class='ocr_par' dir='ltr' id='par_1_123' title="bbox 2247 5554 3436 5628">
     <span class='ocr_line' id='line_1_126' title="bbox 2247 5554 3436 5628; baseline 0 -15"><span class='ocrx_word' id='word_1_835' title='bbox 2247 5571 2389 5613; x_wconf 90' lang='lat' dir='ltr'><strong>cum</strong></span> <span class='ocrx_word' id='word_1_836' title='bbox 2415 5554 2539 5613; x_wconf 89' lang='lat' dir='ltr'><strong>uno</strong></span> <span class='ocrx_word' id='word_1_837' title='bbox 2559 5554 2643 5612; x_wconf 67' lang='lat' dir='ltr'><strong>&#39;ex</strong></span> <span class='ocrx_word' id='word_1_838' title='bbox 2672 5554 2845 5626; x_wconf 81' lang='lat' dir='ltr'><strong>Regis</strong></span> <span class='ocrx_word' id='word_1_839' title='bbox 2878 5554 3031 5612; x_wconf 88' lang='lat' dir='ltr'><strong>Editi</strong></span> <span class='ocrx_word' id='word_1_840' title='bbox 3056 5555 3436 5628; x_wconf 69' lang='grc' dir='ltr'><strong>χαριζομένης.</strong></span> 
     </span>
    </p>
   </div>
  </div>
