4148 6404
362 315 465 371 913

1302 315 1790 375 EPISTOLARUM
1819 315 2105 374 CLASSIS
2145 317 2206 372 ll.
2250 318 2470 375 EPIST.
2511 318 2774 376 CCXLIV.

3627 324 3732 378 9M-

357 435 603 502 ἔκπληξιν
650 439 976 497 πεπονθέναι.
1008 437 1127 514 Ἆρ’
1165 437 1253 493 οὖν
1314 445 1405 495 καὶ
1458 445 1526 496 σὺ
1592 445 1650 496 τὸ
1681 450 1781 494 τῶν
1827 441 1933 494 πολι

2070 441 2406 508 attendunt,
2434 445 2703 516 ﬁuntque
2733 458 2858 500 non
2887 441 3148 498 veritatis
3187 441 3592 514 inquisitores,
3623 446 3728 503 sed

355 526 454 581 λῶν
538 530 823 599 πέπονθας,
891 529 960 596 οἶ,
1032 528 1397 593 καταλιπόντες
1467 540 1568 584 τῶν
1633 532 1954 606 πραγμάτων

355 615 611 680 ἐξετάζειν
677 621 774 677 τὴν
842 620 1019 691 φύσιν,
1076 626 1186 682 τοῖς
1245 618 1536 694 ἀνθρώποις
1597 624 1952 695 προσέχουσι,

352 709 474 778 περὶ
520 709 588 758 ὡν
627 707 675 759 οἱ
731 706 898 779 λόγοι,
965 712 1054 761 καὶ
1118 713 1348 781 γίνονται
1387 709 1513 782 οὐχὶ
1576 717 1673 772 τῆς
1711 708 1956 771 ἀληθείας

2069 528 2425 598 differentia:
2457 548 2854 605 personarum
2884 531 3302 600 aestimatores,
3323 532 3486 587 obliti
3519 534 3728 592 admo-

2065 619 2308 676 nitionis
2331 621 2504 688 illius,
2525 622 2888 692 Cognoscere
2899 635 3224 691 personam
3255 623 3316 675 in
3336 623 3572 690 judicio
3607 641 3725 680 non

2064 714 2150 766 est
2180 711 2395 767 bonum
2427 713 2498 769 9’.

351 792 647 865 έξετασταὶ,
705 794 834 849 ἀλλά
889 804 985 860 τῆς
1037 793 1293 872 διαφορᾶς
1331 807 1433 852 τῶν
1498 805 1791 876 προσώπων
1843 795 2188 869 δοκιμασταὶ,
2223 800 2580 874 ἐπιλαθόμενοι
2626 808 2720 862 τῆς
2783 802 3157 876 παραινέσεως,
3219 799 3296 852 ὅτι
3329 798 3723 872 Ἐπιγινώσκειν

346 887 628 958 πρόσωπον
658 883 706 936 ἐν
744 890 916 961 κρίσει
947 887 1078 957 (74),
1108 887 1166 940 οὐ
1197 887 1374 944 καλόν.

417 975 472 1029 2.
515 973 656 1032 Πλὴν
687 972 792 1027 ἀλλ’
825 972 1008 1033 ἐπειδὴ
1064 978 1190 1038 Θεὸς
1246 980 1524 1052 πρόσωπον
1577 975 1626 1030 έν
1657 981 1828 1051 κρίσει
1860 975 1954 1029 ἀν-

350 1063 560 1137 θρώπου
609 1063 669 1116 οὐ
716 1063 989 1136 λαμϐάνει,
1022 1064 1084 1123 ἢν
1122 1069 1255 1141 πρός
1311 1069 1370 1120 τό
1413 1070 1550 1139 μέγα
1607 1064 1953 1141 δικαστήριον

347 1149 635 1224 ἀπολογίαν
690 1155 1084 1227 παρεσκεύασα,
1161 1157 1355 1215 ταύτην
1417 1160 1503 1209 καὶ
1561 1161 1645 1209 σοὶ
1693 1161 1952 1230 γνωρίσαι

347 1240 408 1294 οὗ
467 1246 891 1316 παραιτήσομαι.
948 1243 1071 1297 Ὀτι
1106 1241 1259 1298 οὐδὲν
1314 1244 1434 1321 παρ’
1467 1247 1611 1318 ἡμῶν
1677 1248 1734 1298 τὸ
1780 1244 1832 1308 ἐξ
1861 1243 1950 1321 ἀρ-

351 1336 485 1401 χῆς,
527 1331 644 1384 οὔτε
671 1334 859 1408 μικρὸν
885 1335 1004 1385 οὔτε
1043 1333 1222 1406 μεῖζον
1259 1337 1436 1406 γέγονε
1477 1342 1573 1397 τῆς
1622 1331 1948 1396 διαστάσεως

347 1421 547 1474 αἴτιον*
577 1418 684 1472 ἀλλ’
707 1421 973 1496 ἅνθρωποι
1008 1429 1284 1495 μισοῦντες
1313 1424 1471 1495 ἡμᾶς,
1541 1419 1616 1475 δι’
1667 1424 1729 1485 ἃς
1765 1426 1946 1475 ἴσασιν

343 1509 634 1581 προφάσεις
663 1512 776 1582 (75)
815 1509 965 1563 αὐτοὶ
997 1511 1080 1574 (οὗ
1112 1513 1215 1586 γὰρ
1248 1510 1334 1577 ἐμὲ
1362 1515 1472 1584 χρὴ
1515 1510 1676 1583 λέγειν
1700 1516 1818 1587 περὶ
1845 1512 1945 1564 αὖ-

343 1604 445 1649 τῶν
495 1594 691 1669 οὐδὲν),
759 1607 996 1671 συνεχεῖς
1045 1597 1310 1653 ἐποιοῦντο
1377 1604 1466 1663 τὰς
1518 1597 1787 1664 διαϐολάς.
1844 1606 1944 1656 Καὶ

2135 977 2189 1031 2.
2235 977 2345 1034 Sed
2379 979 2524 1052 quia
2555 983 2710 1036 Deus
2760 993 3087 1054 personam
3119 977 3179 1034 in
3211 978 3721 1049 hominisjudicio

2063 1079 2187 1120 non
2203 1068 2642 1140 accipit,quam
2667 1069 2814 1126 mihi
2832 1067 2996 1140 apud
3019 1083 3313 1140 magnum
3339 1068 3602 1124 tribunal
3620 1069 3722 1125 de-

2061 1153 2399 1212 fensionem
2438 1159 2666 1229 paravi,
2693 1174 2827 1214 eam
2847 1162 2903 1213 et
2926 1157 3025 1212 tibi
3044 1164 3248 1212 notam
3269 1156 3463 1212 facere
3486 1173 3606 1213 non
3630 1175 3718 1214 re-

2058 1243 2308 1300 cusabo.
2367 1245 2660 1302 Nimirum
2705 1245 2871 1302 nulla
2921 1262 2957 1302 a
3005 1245 3181 1301 nobis
3215 1245 3293 1301 ab
3323 1245 3486 1301 initio
3515 1262 3714 1318 neque

2055 1347 2456 1406 parvaneque
2476 1335 2672 1406 major
2702 1340 2832 1390 orta
2865 1339 2954 1390 est
2977 1333 3210 1389 dissidii
3241 1350 3428 1389 causa
3453 1352 3465 1388 :
3487 1335 3590 1389 sed
3611 1337 3713 1391 ho-

2056 1422 2250 1478 mines
2271 1423 2450 1480 nobis
2478 1441 2603 1480 non
2624 1425 2919 1494 amici,ob
2936 1440 3092 1496 quas
3123 1425 3236 1495 ipsi
3269 1425 3466 1480 sciunt
3495 1443 3712 1482 causas

2053 1512 2197 1582 (non
2230 1513 2390 1568 enim
2421 1529 2575 1586 opus
2609 1519 2700 1570 est
2743 1529 2839 1568 me
2871 1513 3211 1586 quidquam
3241 1511 3316 1568 de
3347 1513 3440 1568 his
3463 1514 3709 1587 dicere),

2052 1601 2372 1658 continuas
2403 1602 2550 1658 mihi
2574 1602 2910 1658 calumnias
2934 1606 3300 1656 struxerunt.
3325 1606 3404 1656 Ac
3431 1601 3560 1657 illas
3581 1605 3711 1675 qui-

340 1685 485 1750 ἅπαξ
520 1690 611 1760 μὶν
658 1691 851 1752 ταύτας
876 1693 965 1742 καὶ
993 1685 1076 1752 δὶς
1105 1686 1537 1763 ἀπεδυσάμεθαο.
1573 1693 1638 1751 ὡς
1691 1689 1751 1743 δε
1817 1689 1933 1744 ἀπέ-

2051 1689 2535 1765 demrepulimus
2557 1691 2738 1747 semel
2761 1695 2941 1765 atque
2961 1690 3176 1746 iterum
3201 1707 3214 1744 :
3241 1690 3342 1745 sed
3366 1707 3502 1746 cum
3525 1691 3708 1747 ﬁnem

335 1793 523 1846 ραντον
575 1777 638 1833 ἧν
699 1779 758 1828 τό
801 1783 1042 1852 πρᾶγμα,
1097 1781 1188 1830 καὶ
1251 1775 1403 1830 οὐδὲν
1457 1777 1626 1850 ὄφελος
1678 1787 1772 1842 τῆς
1822 1799 1941 1831 συν-

335 1871 497 1935 εχοῦς
548 1862 851 1938 ἀπολογίας,
910 1868 1056 1938 ἡμῶν
1112 1869 1204 1940 μὲν
1265 1870 1470 1940 μακρὰν
1537 1866 1934 1940 ἀπῳκισμένων,

333 1961 437 2005 τῶν
505 1950 564 2006 δὲ
601 1951 940 2026 ψευδολόγων
981 1953 1195 2028 ἐγγύθεν
1220 1954 1446 2028 ἐχόντων
1485 1964 1600 2018 ταῖς
1648 1958 1764 2010 καθ’
1791 1959 1938 2030 ἡμῶν

331 2047 641 2118 τιτρώσκειν
713 2040 986 2107 διαϐολαῖς
1040 2042 1267 2119 καρδίαν
1315 2045 1781 2118 εὐκαταγώνιστον,
1843 2051 1936 2100 καὶ

333 2133 394 2184 οὗ
463 2128 854 2206 δεδιδαγμένην
912 2139 1004 2194 τὴν
1066 2134 1239 2210 ἑτέραν
1290 2142 1390 2188 τῶν
1451 2134 1615 2188 ἀκοῶν
1693 2135 1937 2211 ἀκεραίαν

341 2219 613 2294 φυλάττειν
657 2231 730 2295 τῷ
806 2228 878 2296 μὴ
939 2228 1190 2298 παρόντι·
1232 2233 1331 2278 τῶν
1361 2224 1713 2277 Νικοπολιτῶν
1773 2224 1937 2278 ἀπαι-

331 2313 555 2362 τούντων
603 2314 722 2364 τινὰ
771 2312 1130 2389 πληροφορίαν
1185 2317 1409 2375 πίστεως
1461 2316 1511 2378 (ὅ
1565 2316 1771 2376 πάντως
1813 2311 1938 2368 οὐδὲ

332 2399 481 2473 ὑμεῖς
511 2400 851 2472 ἠγνοῆσατε),
917 2399 1091 2466 ἔδοξεν
1157 2400 1283 2476 ἡμῖν
1344 2406 1439 2461 τὴν
1497 2399 1769 2455 διακονίαν
1843 2411 1936 2456 τοῦ

331 2493 644 2563 γράμματος
672 2487 1054 2555 ὑποδέξασθαι.
1115 2491 1499 2565 Ἐλογισάμεθα
1526 2494 1628 2568 γὰρ
1669 2489 1767 2546 δύο
1805 2513 1935 2547 κατ-

332 2580 584 2652 ορθώσειν
633 2578 680 2632 έν
745 2589 949 2652 ταυτῷ·
1030 2583 1149 2642 τούς
1213 2600 1268 2635 τε
1341 2581 1692 2644 Νικοπολίτας
1737 2587 1935 2636 πείσειν

328 2671 404 2740 μὴ
436 2677 610 2730 κακῶς
637 2677 834 2744 φρονεῖν
881 2671 1002 2745 πέρὶ
1031 2677 1124 2723 τοῦ
1175 2666 1385 2745 ἀνδρὸς,
1453 2674 1541 2723 καὶ
1581 2679 1680 2724 τῶν
1707 2667 1934 2724 διαϐαλ-

325 2756 517 2810 λόντων
575 2760 716 2832 ἡμᾶς
773 2757 1047 2835 ἐμφράξειν
1089 2761 1156 2812 τά
1187 2764 1444 2832 στόματα,
1504 2767 1596 2822 τῆς
1651 2763 1786 2813 κατά
1837 2765 1932 2820 τὴν

327 2851 512 2898 πίστιν
553 2853 858 2922 συμφωνίας
905 2851 1000 2912 τάς
1056 2847 1362 2924 ἑκατέρωθεν
1420 2853 1770 2922 συκοφαντίας
1808 2848 1933 2903 ἀπο-

326 2933 622 2996 κλειούσης.
702 2942 803 2990 Καὶ
867 2933 934 2995 δὴ
988 2941 1079 2990 καὶ
1134 2942 1504 3011 συγγέγραπτο
1533 2941 1624 3011 μὲν
1669 2940 1698 2997 ἠ
1730 2943 1929 3001 πίστις,

2047 1778 2130 1835 illi
2161 1795 2284 1836 non
2304 1780 2589 1849 facerent,
2608 1796 2716 1836 nec
2730 1780 3067 1853 quidquam
3093 1779 3709 1850 prodessetcontinua

2047 1868 2345 1939 defensio,
2409 1868 2919 1943 proptereaquod,
2962 1868 3140 1924 nobis
3198 1868 3408 1940 procul
3458 1868 3704 1933 dissitis,

2047 1957 2350 2014 mendacii
2393 1964 2668 2014 auctores
2694 1958 2971 2014 cominus
3010 1962 3287 2030 poterant
3333 1957 3458 2013 suis
3498 1965 3706 2014 contra

2043 2063 2159 2104 nos
2200 2047 2515 2104 vulnerare
2543 2047 2864 2104 calumniis
2888 2063 2990 2103 cor
3009 2047 3179 2102 facile
3211 2046 3571 2118 superabile,
3595 2063 3706 2103 nec

2045 2135 2329 2192 edoctum
2359 2153 2567 2193 aurem
2597 2137 2846 2193 alteram
2869 2136 3418 2208 absentiintegram
3433 2152 3702 2204 servare;

2043 2224 2473 2297 Nicopolitanis
2491 2224 2698 2298 aliqua
2716 2225 2857 2280 ﬁdei
2871 2225 3091 2280 indicia
3107 2223 3185 2280 ad
3206 2224 3705 2296 persuadendum

2045 2319 2188 2387 apta
2218 2314 2690 2388 exposcentibus
2711 2315 2900 2387 (quod
2931 2329 3006 2368 ne
3035 2330 3145 2369 vos
3172 2313 3417 2385 quidem
3451 2329 3706 2386 prorsus

2041 2401 2408 2472 ignorastis),
2426 2402 2604 2458 nobis
2625 2401 2822 2458 visum
2837 2406 2931 2458 est
2947 2401 3148 2474 scripti
3163 2401 3557 2456 ministerium
3577 2418 3706 2456 sus-

2043 2490 2262 2564 cipere.
2291 2490 2500 2546 Putavi
2532 2489 2691 2547 enim
2752 2505 2849 2546 me
2901 2490 3023 2546 duo
3050 2489 3456 2562 perfecturum
3497 2505 3621 2546 una
3650 2494 3708 2546 et

2042 2579 2259 2636 eadem
2310 2595 2539 2652 opera;
2585 2584 2643 2635 et
2695 2578 3122 2652 Nicopolitanis
3143 2595 3600 2650 persuasurum,
3629 2594 3706 2634 ne

2042 2667 2202 2724 male
2231 2667 2307 2724 de
2329 2669 2459 2725 viro
2491 2668 2800 2737 sentirent,
2832 2673 2889 2724 et
2920 2668 3430 2723 calumniatorum
3472 2673 3704 2724 n05tro-

2041 2771 2178 2812 rum
2209 2771 2319 2813 ora
2356 2758 2804 2828 obturaturum,
2847 2755 2989 2811 ﬁdei
3017 2772 3326 2812 consensu
3364 2755 3704 2812 calumnias

2041 2844 2323 2918 utrinque
2363 2845 2740 2903 excludente.
2772 2850 2853 2900 Ae
2881 2844 3037 2899 ﬁdes
3079 2845 3328 2916 quidem
3362 2847 3703 2917 conscripta

2040 2937 2152 3002 est,
2184 2938 2243 2988 et
2268 2948 2304 2988 a
2333 2933 2511 2988 nobis
2535 2933 2716 2988 allata
2749 2949 2764 2988 :
2798 2931 3141 3002 subscripta
3183 2937 3275 2988 est
3313 2933 3514 2989 etiam.
3543 2935 3704 2989 Post-

323 3027 668 3098 προσηνέχθη
747 3023 809 3080 δε
877 3027 1004 3100 παρ’
1083 3028 1262 3100 ἡμῶν·
1321 3029 1594 3102 ὑπεγράφη
1685 3024 1764 3080 δέ·
1844 3027 1931 3090 Ὠς

2044 3037 2228 3094 quam
2290 3021 2656 3094 subscripta,
2705 3021 2875 3078 locus
2923 3021 3275 3092 designatus
3333 3027 3420 3076 est
3460 3021 3702 3077 alterius

324 3114 597 3189 ὑπεγράφη
633 3114 770 3187 (76),
828 3121 919 3168 καὶ
949 3120 1148 3192 χωρίον
1201 3111 1497 3188 ὑπεδείχθη
1536 3113 1761 3170 συνόδου
1813 3113 1932 3170 δευ-

322 3205 498 3276 τέρας,
567 3208 660 3256 καὶ
727 3208 910 3273 καιρὸς
968 3205 1166 3280 ἔτεροςο
1231 3207 1364 3259 ὥστε
1400 3209 1490 3258 καὶ
1521 3210 1644 3268 τοὺς
1672 3208 1808 3258 κατά
1836 3211 1930 3265 τὴν

321 3296 605 3365 παροικίαν
649 3289 904 3367 ἀδελφοὺς
950 3295 1096 3368 ἡμῶν
1159 3294 1498 3358 συνελθόντας
1550 3295 1802 3354 ἑνωθῆναι
1839 3294 1929 3348 ἀλ-

317 3379 518 3448 λήλοις,
545 3387 636 3434 καὶ
653 3387 874 3456 γνησίαν
925 3389 1015 3436 καὶ
1070 3381 1261 3436 ἄδολον
1308 3392 1400 3437 τοῦ
1442 3384 1629 3437 λοιποῦ
1671 3387 1804 3438 εἶναι
1833 3389 1930 3444 τήν

319 3474 609 3524 κοινωνίαν.
667 3470 842 3546 Ἡμεῖς
894 3476 984 3546 μὲν
1033 3469 1121 3525 οὖν
1192 3471 1568 3547 ἀπηντήσαμεν
1635 3476 1772 3527 κατά
1834 3478 1930 3533 τὴν

314 3560 663 3634 προθεσμίαν,
701 3565 791 3614 καὶ
823 3563 873 3614 οἱ
903 3565 997 3614 σὺν
1037 3562 1164 3635 ἡμῖν
1215 3559 1432 3635 ἀδελφοὶ
1468 3565 1517 3616 οἱ
1542 3565 1632 3636 μὲν
1659 3571 1928 3638 παρῆσαν,

314 3650 368 3701 οἱ
432 3645 493 3702 δὲ
556 3649 810 3727 ἐπέρρεον,
872 3647 1090 3726 φαιδροὶ
1138 3653 1330 3714 πάντες
1387 3656 1478 3704 καὶ
1533 3654 1822 3725 πρόθυμοι,
1865 3655 1931 3715 ὡς

317 3736 400 3790 έπὶ
457 3738 666 3814 εἰρήνην
727 3744 1037 3816 τρέχοντες·
1117 3745 1208 3794 καὶ
1258 3743 1551 3816 γράμματα
1596 3742 1721 3815 παρ’
1759 3743 1928 3814 ἡμῶν,

323 3829 418 3878 καὶ
476 3825 837 3904 ἡμεροδρόμοι
902 3833 1264 3902 σημαίνοντες,
1336 3831 1417 3882 ὅτι
1488 3832 1790 3904 πάρεσμενο
1840 3836 1930 3884 καὶ

318 3917 422 3989 γὰρ
471 3917 718 3992 ἡμέτερον
769 3914 830 3976 ἧν
885 3921 944 3971 τὸ
986 3922 1186 3992 χωρίον
1252 3920 1309 3970 τὸ
1368 3915 1809 3992 ἀποδεδειγμένον
1863 3918 1930 3979 εἰς

316 4001 600 4077 ὑποδοχὴν
656 4014 758 4058 τῶν
818 4011 1228 4081 συντρεχόντων,
1283 4006 1366 4068 Ὠς
1409 4003 1470 4060 δε
1508 4006 1563 4060 ἐκ
1616 4015 1708 4059 τοῦ
1757 4006 1927 4082 έτέρου

313 4098 511 4168 μέρους
563 4091 736 4156 οὐδεὶς
792 4093 873 4162 ἧν,
923 4099 1040 4149 οὔτε
1078 4100 1406 4172 προτρέχων,
1486 4099 1599 4149 οὔτε
1658 4096 1928 4169 εὐαγγελι-

313 4183 533 4256 ζόμενος
582 4187 677 4242 τὴν
741 4189 1038 4259 παρουσίαν
1105 4195 1203 4239 τῶν
1247 4181 1730 4260 προσδοκωμένων
1788 4188 1836 4238 οἱ
1868 4182 1928 4239 δὲ

313 4272 442 4349 παρ’
497 4275 642 4346 ἡμῶν
689 4272 1065 4336 ἀποσταλέντες
1148 4274 1435 4333 ἐπανῆλθον
1485 4280 1763 4346 κατήφειαν
1806 4274 1928 4328 πολ-

2039 3114 2394 3179 conventus,
2427 3115 2484 3167 et
2513 3115 2751 3182 tempus
2774 3110 2939 3167 aliud
2965 3111 3379 3178 constitutum,
3412 3115 3476 3165 ut
3508 3116 3564 3166 et
3588 3109 3702 3166 fra-

2040 3203 2157 3256 tres
2176 3200 2386 3272 nostri,
2411 3200 2599 3273 quiin
2620 3200 2888 3273 parmeia
2906 3205 3066 3270 sunt,
3090 3199 3536 3263 convenientes,
3559 3215 3704 3255 con-

2033 3288 2594 3360 jungerenturinter
2610 3305 2692 3361 se,
2719 3294 2775 3344 et
2791 3289 3055 3360 genuina
3077 3304 3148 3344 ac
3165 3289 3397 3344 sincera
3413 3288 3702 3361 deinceps

2036 3377 2190 3434 foret
2225 3379 2597 3435 communio.
2632 3383 2837 3452 Itaque
2881 3394 2994 3434 nos
3051 3379 3298 3450 quidem
3345 3377 3703 3434 advenimus

2038 3470 2378 3540 praestituto
2401 3473 2693 3540 tempore,
2719 3468 2900 3541 etqui
2933 3483 3175 3523 mecum
3208 3467 3512 3537 conjuncti
3533 3471 3706 3524 erant

2039 3555 2277 3624 fratres,
2309 3557 2526 3630 partim
2557 3557 2831 3628 aderant,
2872 3557 3092 3629 partim
3131 3555 3543 3625 conﬂuebant,
3582 3555 3701 3613 laeti

2038 3650 2442 3717 omnesatque
2474 3645 2810 3711 alacres,ut
2834 3645 2911 3701 ad
2944 3660 3158 3717 pacem
3191 3650 3525 3700 currentes:
3551 3643 3700 3700 litte-

2036 3750 2117 3790 rae
2135 3734 2314 3790 etiam
2339 3735 2565 3791 anobis
2597 3750 2668 3790 ac
2697 3735 3113 3807 cursores,qui
3128 3750 3240 3790 nos
3270 3733 3486 3789 adesse
3517 3734 3699 3803 signi-

2035 3821 2306 3892 ﬁcarent,
2333 3823 2634 3896 siquidem
2667 3827 2873 3878 noster
2894 3828 3018 3878 erat
3039 3822 3134 3878 ille
3163 3821 3334 3878 locus
3359 3821 3438 3877 ad
3458 3837 3563 3878 eos
3589 3823 3696 3894 qui

2037 3912 2477 3968 concurrebant
2495 3911 2880 3984 excipiendos
2906 3911 3278 3982 designatus.
3326 3912 3438 3967 Sed
3461 3927 3599 3967 cum
3622 3928 3695 3968 ex

2037 4001 2224 4056 altera
2266 4007 2436 4073 parte
2490 4017 2671 4056 nemo
2729 4000 2987 4070 adesset,
3017 4004 3122 4057 aut
3165 4015 3562 4072 przecurrens,
3592 4005 3696 4056 aut

2034 4090 2323 4145 nuntians
2337 4089 2666 4146 adventum
2681 4105 2886 4146 eorum
2901 4089 3006 4162 qui
3038 4088 3547 4162 exspectabantur
3563 4108 3575 4158 ;
3589 4090 3692 4163 qui

2035 4184 2237 4236 autem
2267 4195 2301 4235 a
2327 4179 2504 4235 nobis
2537 4179 2708 4234 missi
2731 4183 2920 4247 erant,
2940 4195 3080 4234 cum
3104 4179 3691 4235 rediissentmultam

2036 4284 2245 4325 eorum
2273 4269 2375 4342 qui
2415 4268 2532 4325 illic
2559 4272 2700 4325 sunt
2730 4269 3026 4324 tristitiam
3058 4284 3127 4324 ac
3149 4270 3690 4325 murmurationem

312 4359 410 4420 λὴν
462 4367 554 4414 καὶ
590 4367 892 4436 γογγνσμὸν
949 4372 1050 4416 τῶν
1093 4362 1200 4416 ἐκεῖ
1236 4360 1595 4438 διηγούμενοι,
1649 4367 1713 4425 ὡς
1741 4372 1925 4426 καινῆς

2044 4363 2407 4428 enarrantes,
2448 4358 2622 4430 quasi
2653 4373 2815 4413 nova
2844 4357 2995 4413 ﬁdes
3022 4373 3058 4413 a
3094 4357 3274 4414 nobis
3306 4357 3691 4430 promulgata

315 4454 545 4514 πίστεως
593 4450 720 4525 παρ’
783 4453 929 4524 ἡμῶν
1001 4451 1479 4524 καταγγελθείσης·
1540 4456 1632 4504 καὶ
1694 4451 1923 4525 έλέγοντο

321 4534 670 4613 διορίζεσθαι,
706 4537 736 4598 ἧ
769 4545 873 4612 μὴν
911 4543 984 4613 μη
1019 4538 1309 4614 ἐπιτρέψειν
1339 4540 1410 4611 τῷ
1441 4539 1711 4612 έπισκόπῳ
1752 4540 1922 4594 αὐτῶν

316 4629 452 4703 πρὸς
501 4630 638 4702 ἡμᾶς
697 4625 949 4690 διαϐῆναι
970 4649 983 4663 ο
1031 4625 1154 4688 ἦλθε
1184 4626 1244 4682 δέ
1272 4633 1473 4704 τιςρκαὶ
1509 4631 1730 4701 γράμμα
1759 4634 1921 4704 φέρων

314 4716 443 4787 ἡμῖν
483 4715 871 4790 ἀφωσιωμένον,
935 4721 1025 4770 καὶ
1085 4713 1332 4789 οὐδεμίαν
1385 4719 1508 4789 ἕχον
1561 4721 1771 4790 μνήμην
1819 4726 1919 4770 τῶν

311 4801 368 4868 ἕξ
431 4803 604 4879 ἀρχῆς
661 4809 1049 4880 συγκειμένων·
1083 4807 1232 4858 καὶὸ
1290 4807 1469 4868 πάσης
1521 4802 1582 4859 δέ
1622 4825 1714 4878 μοι
1734 4803 1918 4870 αἰδοῦς

307 4899 402 4948 καὶ
452 4904 612 4968 τιμῆς
683 4895 825 4958 ἄξιος
883 4892 1100 4968 ἀδελφὸς
1165 4895 1428 4969 Θεόφιλος,
1486 4895 1572 4948 ἕνα
1617 4904 1718 4948 τῶν
1777 4896 1917 4966 αὐτῷ

313 4989 574 5037 συνόντων
623 4983 954 5051 ἀποστείλας,
1009 4981 1238 5044 ἐδήλωσέ
1300 5005 1437 5052 τινα,
1500 4983 1535 5038 ἂ
1568 4984 1773 5059 ἐνόμισε
1827 4990 1918 5039 καὶ

307 5071 456 5146 αὐτῷ
510 5071 855 5127 ἐπιϐάλλοντα
912 5070 1042 5127 εἶναι
1103 5073 1281 5144 εἰπεῖν,
1361 5079 1452 5128 καὶ
1499 5076 1625 5148 ἡμῖν
1691 5073 1917 5129 ἀκοῦσαι

386 5234 436 5270 ⁸³
476 5233 648 5292 Deut.
670 5249 709 5306 ι,
743 5237 842 5305 17;
877 5237 1048 5292 Prov.
1078 5249 1232 5302 mu,
1264 5237 1318 5291 5.

385 5394 622 5470 (ξω-Ἐν
658 5397 853 5470 κρίσει.
886 5397 1020 5470 Haec
1048 5393 1268 5470 desunt
1303 5394 1367 5470 in
1394 5395 1667 5470 quinque
1696 5399 1918 5456 nostris

311 5465 648 5539 codicibus,
678 5465 959 5536 leguntur
988 5467 1048 5522 in
1075 5466 1248 5522 Coisl.
1280 5465 1498 5539 primo.

389 5538 854 5611 (75)ῃρρφάσεις.
902 5540 985 5593 Ita
1009 5543 1237 5611 septem
1281 5538 1494 5611 Omnes
1538 5539 1730 5596 nostri
1760 5542 1918 5598 codi-

309 5607 436 5676 ces,
465 5607 633 5682 AEdi'ti
658 5607 881 5682 ίαίτίας,
914 5607 1108 5682 Paulo
1155 5613 1295 5682 post
1345 5608 1525 5682 editio
1569 5612 1919 5670 Parisiensis

310 5676 750 5752 ἀπαδυσοὶμεθα.
775 5680 952 5740 Coisl.
983 5676 1259 5754 uterque,
1291 5680 1448 5739 Harl.
1480 5685 1539 5740 et
1565 5682 1715 5740 Med.
1749 5689 1806 5743 et
1823 5700 1924 5743 ve-

2036 4451 2214 4516 esset,
2245 4447 2428 4519 hique
2460 4447 2740 4503 statuisse
2766 4446 3124 4508 dicerentur,
3158 4462 3220 4502 se
3249 4450 3406 4501 certe
3435 4461 3545 4502 suo
3571 4446 3690 4518 epi-

2033 4550 2220 4607 scopo
2261 4534 2339 4589 ad
2368 4551 2481 4590 nos
2500 4534 2925 4606 proficiscendi
2964 4534 3202 4606 copiam
3262 4533 3524 4589 facturos
3563 4549 3689 4590 non

2031 4639 2192 4688 esse;
2223 4639 2487 4698 cumque
2499 4624 2764 4680 venisset
2775 4623 3025 4696 quidam
3040 4623 3297 4679 alferens
3318 4622 3492 4678 nobis
3507 4623 3686 4694 37s

2030 4713 2346 4786 epistolam
2387 4714 2787 4786 perfunctorie
2845 4714 3149 4786 scriptam,
3192 4717 3249 4768 et
3286 4730 3423 4786 quae
3455 4713 3686 4770 nullam

2029 4820 2238 4860 eorum
2269 4803 2345 4860 de
2383 4803 2606 4877 quibus
2629 4804 2710 4859 ab
2739 4803 2904 4860 initio
2919 4805 3685 4872 convenerat,mentionem

2027 4893 2324 4963 habebat;
2367 4899 2424 4950 et
2461 4909 2600 4948 cum
2623 4893 2789 4948 omni
2823 4893 2968 4948 mihi
3007 4894 3338 4950 reverentia
3377 4899 3432 4950 et
3455 4895 3685 4951 honore

2026 4983 2248 5052 dignus
2288 4983 2468 5040 frater
2511 4983 2874 5055 TheOphilus
2919 4998 3040 5039 uno
3097 4999 3170 5039 ex
3189 4983 3283 5040 his
3305 4984 3409 5057 qui
3438 5000 3577 5040 cum
3610 5000 3683 5042 eo

2027 5076 2170 5130 sunt
2217 5072 2411 5143 missi,
2462 5071 2757 5130 nonnulla
2805 5071 3191 5144 declarasset,
3239 5089 3377 5147 quas
3424 5090 3538 5132 nec
3569 5073 3684 5132 sibi

2027 5399 2198 5455 tustae
2230 5393 2518 5451 editiones
2539 5398 2604 5451 ut
2631 5394 2693 5451 in
2722 5398 2906 5452 textu.

2099 5469 2212 5548 (76)
2247 5467 2334 5530 Ὠς
2360 5469 2656 5548 ὑπεγράφη..
2716 5467 2875 5548 Editi‘
2900 5467 2996 5548 his
3020 5468 3278 5525 vocibus
3309 5465 3689 5548 praemittunt

2027 5537 2140 5610 καὶ,
2179 5537 2315 5612 qua:
2338 5537 2682 5612 conjunetio
2710 5538 2882 5612 deest
2917 5539 2983 5612 in
3010 5555 3113 5612 sex
3151 5537 3390 5612 mssfet
3417 5537 3690 5612 ed_it_io_ne

2026 5602 2257 5682 Ha'gan.
2306 5615 2364 5666 et
2402 5602 2574 5682 Basil,
2633 5609 2847 5682 prima.
2904 5610 3133 5667 Ibidem
3179 5610 3324 5670 editi
3368 5602 3690 5664 ἀπεδείχθη.

2027 5679 2167 5742 Tres
2184 5679 2576 5741 vetustissimi
2597 5679 2838 5740 codices
2856 5682 3006 5740 utin
3028 5685 3213 5740 textu.
