4148 6376
299 302 408 369 917

1237 302 1728 365 EPISTOLABUM
1767 297 2052 360 CLASSIS
2089 299 2159 356 ll.
2201 299 2424 365 EPIST.
2459 301 2731 360 CCXLIV.

3566 300 3679 366 918

301 436 488 490 ἐαυτοῦ
558 427 881 493 πεποιῆσθαι
945 430 1001 484 ἐκ
1065 433 1310 485 τοιούτων
1384 431 1690 506 προφάσεων
1764 426 1891 480 οὕτω

2015 438 2182 480 mam
2210 439 2399 498 usque
2429 430 2737 483 senectam
2768 425 2884 482 sibi
2915 425 3029 498 ipsi
3055 426 3414 501 invigilasse,
3448 430 3675 489 talibus

297 522 496 600 ῥᾳδίως
542 521 855 598 ἐξηγριώθη,
897 517 1063 594 μηδὲν
1108 528 1208 572 τῶν
1265 523 1524 593 ἡμετέρων
1573 517 1900 588 ὑπολογισά-

298 633 465 686 μενος,
507 609 646 686 μηδὲ
685 617 778 670 τὴν
818 609 866 663 ἐν
914 617 987 680 τῷ
1039 610 1346 685 παρελθόντι
1375 617 1556 684 πεῖραν
1599 616 1696 670 τῆς
1737 606 1902 668 οὕτως

299 703 534 764 εὐτελοῦς
579 699 832 763 διαϐολῆς
877 704 1193 773 κυριωτέραν
1246 702 1482 772 θέμενος·
1518 697 1624 750 ἀλλ’
1669 693 1774 750 οἷόν
1820 715 1899 758 τις

294 793 464 853 πῶλος
517 788 845 864 ἀδάμαστος,
884 793 1027 842 οὔπω
1076 794 1242 863 φέρειν
1287 788 1455 850 καλῶς
1502 793 1588 841 τὸν
1638 786 1899 843 ἀναϐάτην

299 877 702 954 δεδιδαγμένος,
774 877 829 931 ἐκ
888 885 1082 952 μικρᾶς
1143 877 1375 948 ὑποψίας
1441 877 1746 949 ἀνεχαίτισε
1809 879 1900 928 καὶ

295 970 656 1038 ἀπεσείσατο,
714 974 803 1022 καὶ
856 972 1036 1042 χαμαὶ
1095 968 1297 1044 ξόῥιψεν
1347 969 1424 1031 οἷς
1489 971 1737 1043 πρότερον
1803 965 1899 1018 ἔπ-

296 1059 549 1131 ηγάλλετο
573 1075 584 1087 ·
625 1063 678 1112 τί
706 1062 814 1132 χρὴ
842 1063 961 1133 περὶ
1006 1065 1106 1110 τῶν
1145 1057 1311 1110 ἄλλων
1359 1058 1612 1126 ὑπονοεῖν,
1640 1060 1767 1130 πρὸς
1811 1055 1899 1118 οὓς

295 1152 418 1202 οὔτε
468 1151 594 1222 ἡμῖν
643 1155 880 1202 τοσαῦτα
923 1155 1021 1208 τῆς
1072 1146 1244 1220 φιλίας
1297 1145 1435 1200 ἐστὶν
1483 1145 1739 1220 ἐνέχυρα,
1781 1148 1900 1197 οὔτε

293 1239 425 1314 παρ’
475 1238 640 1290 αὐτῶν
699 1239 917 1296 τοιαύτη
974 1245 1069 1298 τῆς
1148 1244 1246 1289 τῶν
1323 1241 1527 1312 τρόπων
1611 1234 1900 1308 ἐπιμελείας

295 1323 588 1395 ἐπίδειξις
657 1333 836 1380 Ταῦτα
898 1324 1013 1378 κατ’
1080 1326 1303 1399 ἐμαυτὸν
1361 1324 1645 1379 ἀνελίσσων
1721 1322 1770 1375 ἓν
1829 1330 1896 1396 τῇ

292 1416 476 1490 ψυχῇ,
518 1421 608 1469 καὶ
639 1423 872 1488 συνεχῶς
905 1419 1135 1490 στρέφων
1174 1413 1223 1466 ἐν
1264 1423 1328 1488 τῇ
1359 1410 1576 1488 καρδίᾳ,
1617 1412 1805 1485 μᾶλλον
1837 1408 1898 1465 δὲ

296 1504 743 1582 ἀναστρεφόμενος
796 1506 907 1578 (82)
960 1504 1047 1558 ὑπ’
1098 1504 1266 1556 αὐτῶν
1319 1509 1408 1562 τὴν
1464 1499 1710 1576 καρδίαν,
1763 1501 1899 1554 οὕτω

295 1593 594 1650 δακνόντων
632 1615 694 1669 με
739 1599 829 1648 καὶ
874 1598 1168 1648 νυσσόντων
1213 1589 1308 1647 διὰ
1350 1601 1446 1654 τῆς
1475 1597 1694 1666 μνήμης,
1744 1587 1898 1644 οὐδὲν

293 1685 508 1748 ἐκείνοις
563 1685 918 1760 ἀπεκρινάμην
959 1693 1069 1747 τοῖς
1098 1686 1408 1757 γράμμασιν
1433 1704 1446 1716 ·
1480 1682 1586 1755 ούχ
1635 1679 1898 1756 ὑπεροψία

2013 513 2089 570 de
2133 515 2334 571 causis
2365 516 2449 573 ita
2487 515 2659 572 facile
2702 514 2986 572 efferatus
3023 519 3133 581 est,
3166 515 3399 573 nullam
3435 518 3676 579 habens

2010 617 2212 660 rerum
2241 608 2587 663 nostrarum
2607 605 2927 673 rationem,
2951 620 3064 661 nec
3083 606 3364 678 praeteriti
3385 611 3675 682 temporis

2011 694 2441 765 experientiam
2465 695 2773 752 calumnia
2793 695 2948 752 adeo
2967 695 3070 750 vili
3090 695 3389 767 potiorem
3409 697 3671 757 ducens:

2011 783 2119 840 sed
2160 784 2344 841 veluti
2381 785 2634 857 quidam
2674 785 2877 859 pullus
2912 784 3246 841 indomitus
3285 801 3674 846 ascensorem

2009 877 2166 930 recte
2186 873 2337 931 ferre
2358 875 2635 932 nondum
2661 874 2936 940 edoctus,
2960 874 3040 931 ob
3066 875 3350 945 exiguam
3382 877 3673 948 suspicio-

2010 978 2150 1019 nem
2171 965 2588 1035 recalcitravit,
2610 964 2995 1036 excussitque
3025 969 3082 1020 et
3101 964 3274 1020 humi
3291 965 3546 1038 projecit
3563 982 3671 1025 eos

2009 1053 2085 1108 de
2110 1053 2332 1126 quibus
2361 1059 2540 1110 antea
2569 1054 2964 1126 gloriabatur.
3000 1051 3155 1119 Quid
3192 1053 3267 1110 de
3301 1053 3432 1110 aliis
3464 1057 3672 1130 suspi-

2009 1143 2677 1216 candum,quibuscum
2697 1159 2896 1217 neque
2919 1143 3099 1200 nobis
3128 1147 3214 1200 tot
3240 1159 3312 1200 ac
3343 1147 3509 1202 tanta
3529 1152 3672 1208 sunt

2009 1231 2286 1289 amicitiae
2307 1232 2585 1304 pignora,
2598 1234 2824 1306 quique
2843 1236 2931 1289 tot
2949 1248 3020 1289 ac
3040 1236 3207 1290 tanta
3226 1247 3352 1290 non
3371 1234 3671 1294 dederunt

2007 1337 2250 1378 morum
2279 1322 2595 1394 probitatis
2624 1321 2994 1395 specimina?
3022 1322 3159 1378 Hinc
3185 1338 3428 1381 mecum
3459 1325 3668 1384 animo

2009 1425 2150 1467 cum
2186 1410 2512 1480 volverem,
2555 1425 2626 1468 ac
2668 1410 3078 1467 indesinenter
3116 1411 3297 1468 corde
3337 1427 3661 1487 versarem,

2006 1500 2132 1557 imo
2162 1499 2363 1573 potius
2405 1516 2545 1556 cum
2577 1500 2656 1558 ab
2683 1500 2778 1557 his
2820 1516 2924 1557 cor
2952 1515 3159 1558 meum
3185 1507 3543 1571 versaretur,
3577 1504 3665 1562 sic‘

2007 1589 2430 1648 mordentibus
2480 1606 2579 1647 me
2635 1595 2693 1646 et
2741 1589 3160 1647 recordatione
3215 1592 3663 1664 pungentibus,

2004 1679 2156 1738 nihil
2179 1679 2292 1736 illis
2313 1679 2602 1754 respondi
2621 1679 2851 1749 litteris;
2871 1694 2994 1736 non
3015 1695 3088 1736 ex
3107 1683 3460 1754 contemptu
3481 1680 3666 1738 silens

294 1779 577 1837 σιωπήσας
615 1776 710 1848 (μὴ
760 1781 914 1827 τοῦτο
952 1774 1158 1847 οἰηθῇς,
1193 1769 1382 1846 ἀδελφέ
1403 1794 1416 1806 ·
1459 1771 1518 1825 ού
1547 1773 1649 1846 γὰρ
1691 1769 1891 1845 ἀνθρώ-

2006 1785 2082 1827 ne
2133 1769 2194 1826 id
2233 1769 2484 1838 cogites,
2535 1769 2749 1836 frater;
2793 1783 2918 1825 non
2966 1769 3128 1825 enim
3171 1769 3339 1843 apud
3379 1770 3661 1828 homines

288 1883 410 1925 ποις
470 1862 885 1937 ἀπολογούμεθα,
945 1862 1074 1916 ἀλλὰ
1129 1868 1444 1916 κατενώπιον
1508 1868 1600 1914 τοῦ
1659 1868 1792 1915 Θεοῦ
1845 1859 1894 1912 ἔν

288 1959 513 2029 Χριστῷ
564 1953 838 2026 λαλοῦμεν)
884 1950 1078 2027 ἀπορίᾳ
1121 1949 1180 2006 δὲ
1225 1956 1316 2005 καὶ
1369 1949 1648 2025 ἀμηχανίᾳ
1692 1955 1783 2003 καὶ
1819 1957 1894 2021 τῷ

293 2048 365 2114 μὴ
402 2045 542 2116 ἔχειν
581 2042 739 2096 εἰπεῖν
766 2059 818 2096 τι
855 2051 946 2103 τῆς
973 2043 1143 2104 λύπης
1171 2041 1334 2106 ἄξιον.

367 2137 420 2189 5.
458 2131 592 2196 Ἐως
628 2132 678 2186 ἐν
720 2134 924 2194 τούτοις
964 2129 1121 2205 ἦμεν,
1163 2128 1525 2184 ἐπικατὲλαϐεν
1559 2131 1700 2203 ἡμᾶς
1747 2131 1895 2203 ἕτερα

295 2225 582 2296 γράμματα
627 2225 759 2297 πρὸς
811 2221 1042 2282 Δαζίζαν
1074 2220 1186 2292 (83)
1240 2221 1357 2272 τινὰ
1397 2222 1732 2292 γεγραμμένα
1788 2215 1893 2278 δῆ-

296 2314 397 2382 θεν,
427 2319 489 2384 τῇ
544 2308 604 2365 δι
652 2309 857 2384 ἔληθεία
897 2316 1061 2363 πᾶσιν
1092 2308 1380 2383 ἀνθρώποις
1427 2307 1796 2380 ἑπεσταλμενα,
1825 2310 1895 2369 ὡς

293 2397 453 2460 δηλοῖ
492 2401 659 2454 αὐτῶν
693 2401 722 2459 ἠ
775 2401 940 2462 οὕτως
984 2398 1124 2462 ὀξεῖα
1177 2395 1441 2465 διάδοσις,
1484 2399 1551 2459 ὡς
1595 2396 1644 2449 ἐν
1693 2395 1893 2469 ὀλίγαις

290 2493 511 2563 ἡμέραις
559 2489 608 2542 ἐν
651 2494 802 2543 παντὶ
851 2492 941 2561 μὲν
994 2498 1065 2560 τῷ
1109 2493 1288 2560 Πόντῳ
1342 2495 1749 2560 κατασπαρῆναι
1804 2491 1893 2539 καὶ

288 2584 390 2638 τὴν
437 2579 694 2632 Γαλατίαν
751 2575 1077 2652 ἐπιδραμεῖν.
1134 2583 1270 2632 Φασὶ
1324 2573 1384 2629 δέ
1443 2595 1608 2644 τινες,
1667 2577 1748 2628 ὅτι
1804 2579 1893 2628 καὶ

290 2668 539 2730 Βιθυνούς
587 2664 926 2729 διελελθόντες
983 2670 1032 2720 οἱ
1086 2675 1188 2719 τῶν
1227 2665 1435 2737 ἀγαθῶν
1491 2667 1686 2717 τούτων
1739 2665 1894 2736 ἄγγε-

289 2758 376 2810 λοι
431 2761 622 2833 μέχρις
677 2757 838 2810 αὐτοῦ
905 2759 1134 2829 ἔφθασαν
1187 2756 1587 2814 Ἑλλησπόντου.
1641 2759 1768 2808 Τίνα
1834 2751 1893 2808 δὲ

294 2843 359 2904 ἧν
398 2848 463 2900 τὰ
508 2849 622 2899 καθ’
669 2849 814 2919 ἡμῶν
868 2850 994 2922 πρὸς
1047 2846 1278 2909 Δαζίζαν
1335 2844 1705 2917 ἐπεσταλμένα,
1754 2845 1891 2896 πάν-

288 2955 393 2996 τως
437 2937 527 3008 μὲν
566 2932 736 2996 οἶδας.
790 2936 867 2988 Ού
905 2939 1007 3009 γὰρ
1041 2935 1175 2988 οὕτω
1227 2953 1284 2987 σε
1325 2936 1530 3008 μακρὰν
1575 2943 1665 2994 τῆς
1695 2933 1889 2986 ἑαυτῶν

289 3025 462 3097 φιλίας
498 3027 746 3093 τίθενται,
795 3026 929 3077 ὥστε
977 3044 1034 3077 σε
1081 3028 1233 3096 μόνον
1282 3022 1565 3098 ἀγέραστον
1612 3031 1702 3095 τῇς
1739 3030 1892 3094 τιμῆς

287 3117 489 3176 ἐκείνης
531 3113 856 3171 καταλιπεῖν,
889 3113 950 3167 Εἰ
990 3110 1049 3166 δὲ
1078 3114 1172 3166 οὐκ
1221 3109 1371 3171 ἦλθεν
1421 3112 1493 3173 εἰς
1533 3115 1590 3165 σε
1619 3115 1684 3164 τὰ
1711 3113 1890 3184 γράμ-

285 3222 452 3276 ματα,
506 3201 612 3255 ἀλλ’
668 3203 766 3275 ἐγώ
817 3223 900 3256 σοι
957 3201 1252 3256 ἀποστέλλω
1283 3201 1420 3275 (84).
1469 3201 1554 3254 Ἐν
1607 3199 1680 3263 οἷς
1735 3204 1892 3275 εὑρή-

290 3311 399 3352 σεις
448 3294 584 3363 ἡμᾶς
621 3296 1126 3366 κατηγορουμένους,
1178 3287 1328 3343 δόλον
1387 3295 1478 3343 καὶ
1517 3287 1888 3366 ῥᾳδιουργίαν,

290 3383 489 3455 φθορὰν
548 3381 868 3439 Ἐκκλησιῶν
924 3385 1015 3433 καὶ
1077 3381 1269 3452 ψυχῶν
1331 3379 1613 3448 ἀπώλειαν,
1680 3385 1769 3432 καὶ
1833 3384 1892 3434 τὸ

285 3471 518 3537 πάντων,
570 3473 636 3533 ὡς
694 3471 844 3523 αὐτοὶ
895 3471 1224 3543 νομίζουσιν,
1272 3468 1613 3543 ἀληθέστερον
1644 3471 1779 3542 (85),
1813 3471 1894 3523 ὅτι

286 3557 567 3630 ἔγκάθετον
611 3561 807 3617 ἐκείνην
855 3564 949 3616 την
991 3557 1251 3633 προϐολὴν
1294 3565 1386 3618 τῆς
1435 3562 1662 3619 πίστεως
1709 3559 1892 3616 ἐποιη-

290 3650 517 3720 σάμεθα,
577 3647 635 3699 ού
686 3646 1058 3707 Νικοπολίταις
1112 3643 1523 3718 διακονούμενοι,
1583 3643 1690 3698 ἀλλ’
1744 3646 1892 3699 αὐτοὶ

287 3735 460 3789 λαϐεῖν
511 3733 736 3813 δολερῶς
788 3736 1058 3808 ὁμολογίαν
1103 3735 1487 3797 ἐπινοήσαντες.
1541 3737 1748 3788 Τούτων
1801 3738 1890 3807 μὲν

293 3823 381 3877 οὖν
429 3833 607 3902 κριτὴς
662 3829 873 3901 Κύριος.
926 3831 1027 3880 Καὶ
1080 3831 1178 3900 γὰρ
1223 3830 1299 3886 τίς
1346 3823 1405 3877 ἂν
1448 3829 1647 3897 γένοιτο
1693 3833 1789 3878 τῶν
1841 3825 1889 3877 ἐν

287 3914 487 3990 καρδίᾳ
538 3916 800 3990 λογισμῶν
843 3915 1062 3990 ἐναργὴς
1105 3912 1406 3983 ἀποδειξις;
1451 3916 1641 3969 Ἐκεῖνο
1682 3911 1742 3968 δὲ
1789 3915 1889 3967 αύ-

280 4014 386 4057 τῶν
417 4005 712 4078 ἐθαύμασα,
747 4003 811 4072 εἰ,
853 4006 934 4056 ὅτι
975 4008 1064 4077 μὲν
1105 4005 1218 4076 (86)
1254 4010 1326 4075 τῷ
1371 4004 1497 4076 παρ’
1538 4005 1681 4076 ἡμῶν
1710 3999 1888 4055 ἐπιδο-

284 4097 424 4148 θέντι
474 4093 665 4166 βιϐλίῳ
703 4093 1032 4168 ὑπέγραψαν,
1063 4096 1297 4166 τοσαύτῃ
1338 4097 1627 4168 κέχρηνται
1655 4089 1886 4144 διαστά-

282 4203 385 4252 σει,
425 4185 560 4236 ὥστε
608 4188 698 4237 καὶ
746 4187 868 4236 ὄντα
914 4188 1004 4236 καὶ
1047 4188 1117 4256 μὴ
1169 4187 1292 4236 ὄντα
1333 4182 1400 4244 εἰς
1444 4187 1539 4241 τὴν
1586 4190 1686 4235 τῶν
1724 4180 1886 4253 ἐγκα-

280 4274 506 4326 λούντων
547 4273 728 4335 αὐτοῖς
773 4273 1131 4349 πληροφορίαν
1170 4275 1488 4346 συμφύρειν·
1519 4273 1600 4325 ὃτι
1631 4269 1690 4326 δε
1732 4270 1780 4324 ἐν
1818 4279 1880 4345 τῇ

277 4362 450 4436 Ῥώμη
527 4364 784 4436 ἔγγραφος
862 4362 1030 4414 αὐτῶν
1096 4361 1348 4434 ὁμολογία
1419 4369 1511 4423 τῆς
1576 4360 1625 4413 ἐν
1689 4364 1888 4433 Νικαίᾳ

2005 1875 2253 1918 causam
2282 1859 2563 1927 dicimus,
2591 1858 2698 1916 sed
2725 1874 2929 1916 coram
2967 1861 3090 1915 Deo
3118 1859 3183 1916 in
3209 1859 3438 1917 Christo
3465 1860 3663 1934 loqui-

2002 1950 2185 2021 mur),
2218 1949 2326 2006 sed
2374 1948 2753 2005 haesitatione
2799 1963 2871 2004 ac
2899 1947 3134 2005 consilii
3159 1947 3366 2022 inopia
3394 1952 3454 2007 et
3492 1951 3662 2024 quod

2001 2038 2152 2096 nihil
2179 2052 2440 2095 maerore
2469 2039 2724 2110 dignum
2747 2037 2947 2094 dicere
2974 2052 3316 2110 possemus.

2077 2134 2126 2185 5.
2171 2133 2234 2185 lu
2275 2127 2371 2184 his
2412 2127 2562 2183 dum
2590 2141 2994 2196 versaremur,
3025 2132 3390 2201 exceperunt
3427 2143 3539 2186 nos
3568 2128 3660 2186 lit-

2002 2222 2143 2274 terae
2190 2217 2340 2288 aliae,
2374 2216 2454 2273 ad
2501 2216 2757 2273 Dazizan
2795 2216 3120 2288 quemdam
3168 2217 3405 2289 scripta)
3452 2218 3661 2275 videli-

2000 2311 2111 2378 cet,
2144 2305 2250 2361 sed
2279 2320 2490 2361 revera
2519 2305 2598 2360 ad
2642 2320 2857 2360 omnes
2895 2303 3176 2360 homines
3215 2305 3435 2371 missae,
3464 2309 3530 2362 ut
3558 2305 3660 2363 de-

2001 2396 2188 2452 clarat
2225 2410 2436 2450 earum
2480 2393 2791 2450 celerrima
2826 2392 3191 2459 distributio,
3221 2394 3304 2449 ita
3343 2398 3410 2451 ut
3441 2397 3657 2467 paucis

2000 2483 2217 2542 diebus
2239 2499 2346 2557 per
2370 2498 2614 2539 omnem
2645 2485 2900 2539 Pontum
2925 2481 3432 2554 dispergerentur,
3463 2489 3521 2540 et
3549 2486 3659 2542 Gaa

1998 2574 2210 2632 latiam
2255 2578 2688 2645 percurrerent.
2742 2571 3082 2638 Quinetiam
3124 2572 3398 2629 nonnulli
3450 2573 3660 2632 dicunt

1999 2663 2220 2720 horum
2240 2663 2542 2719 bonorum
2569 2661 2814 2718 nuntios
2841 2661 3021 2717 etiam
3041 2665 3364 2734 peragrata
3382 2661 3658 2735 Bithynia

1999 2768 2194 2826 usque
2225 2752 2303 2809 ad
2328 2752 2528 2824 ipsum
2560 2749 3006 2823 Hellespontum
3039 2754 3410 2823 penetrasse.
3443 2752 3658 2818 Qualia

1998 2859 2142 2900 vero
2171 2842 2390 2898 fuerint
2432 2841 2512 2898 ad
2564 2841 2809 2898 Dazizan
2852 2845 3064 2898 contra
3096 2856 3211 2897 nos
3251 2843 3493 2915 scripta,
3525 2858 3658 2899 om-

1998 2933 2144 2988 nino
2190 2932 2439 3004 quidem
2487 2931 2666 2987 nosti.
2699 2933 2829 2987 Non
2868 2930 3030 2986 enim
3070 2933 3125 2986 te
3164 2929 3319 2987 adeo
3365 2930 3546 3002 longe
3575 2932 3657 2989 ab

1999 3022 2262 3078 amicitia
2285 3037 2395 3077 sua
2413 3024 2746 3083 removent,
2769 3023 2836 3076 ut
2855 3019 3053 3076 solum
3072 3023 3128 3075 te
3152 3019 3383 3077 honore
3407 3020 3511 3076 illo
3531 3035 3658 3077 non

1928 3128 1973 3188 α
2000 3113 2295 3169 donatum
2336 3109 2701 3182 reliquerint.
2745 3109 2917 3176 Quod
2966 3108 3016 3164 si
3061 3106 3268 3166 litterae
3314 3109 3394 3166 ad
3436 3113 3494 3166 te
3531 3125 3657 3167 non

1998 3204 2311 3266 venerunt,
2346 3203 2406 3256 at
2433 3214 2546 3268 ego
2577 3197 2682 3254 tibi
2719 3214 2824 3254 eas
2866 3197 3125 3254 mittam.
3165 3200 3231 3254 In
3259 3198 3352 3254 his
3389 3198 3520 3256 haec
3548 3213 3657 3256 no-

2000 3291 2115 3355 bis,
2147 3288 2356 3358 attingi
2393 3288 2650 3345 crimina
2686 3286 2946 3358 videbis,
2977 3287 3187 3344 dolum
3219 3291 3278 3344 et
3312 3287 3654 3361 perﬁdiam,

2002 3379 2452 3451 corruptionem
2491 3377 2912 3443 Ecclesiarum,
2954 3380 3012 3433 et
3056 3376 3401 3434 animarum
3455 3378 3659 3450 perni-

2002 3469 2177 3536 ciem,
2201 3473 2258 3525 et
2286 3467 2454 3540 quod
2474 3465 2772 3534 omnium,
2796 3469 2861 3522 ut
2881 3465 3001 3537 ipsi
3027 3466 3398 3536 existimant,
3425 3465 3661 3523 verissi-

2001 3575 2173 3616 mum
2215 3563 2326 3627 est,
2357 3557 2526 3630 quod
2555 3573 2628 3612 ex
2665 3555 2898 3612 insidiis
2943 3555 3108 3613 illam
3144 3555 3288 3612 ﬁdei
3330 3556 3660 3616 formulam

2000 3647 2524 3722 proposuerimus,
2545 3661 2669 3701 non
2700 3645 3127 3718 Nicopolitanis
3155 3661 3406 3717 operam
3431 3661 3660 3703 navan-

2000 3743 2119 3806 tes,
2167 3737 2276 3792 sed
2322 3736 2439 3809 ipsi
2486 3733 2793 3790 eliciendae
2841 3749 2949 3806 per
3000 3733 3211 3790 dolum
3258 3733 3658 3792 confessionis

1999 3825 2318 3883 consilium
2356 3824 2755 3880 intendentes.
2790 3824 3014 3878 Horum
3055 3822 3305 3894 quidem
3345 3821 3532 3894 judex
3571 3828 3661 3881 est

2001 3915 2308 3971 Dominus.
2337 3914 2628 3979 Quaenam
2659 3911 2820 3966 enim
2848 3927 2980 3966 esse
3009 3910 3197 3983 possit
3221 3911 3654 3982 cogitationum

1997 4004 2196 4060 cordis
2218 4002 2380 4058 clara
2399 3999 2877 4056 demonstratio?
2899 4000 3020 4056 Hoc
3043 4004 3244 4056 autem
3265 4001 3328 4056 in
3350 4000 3500 4073 ipsis
3519 4018 3656 4058 sum

1997 4094 2273 4159 miratus,
2297 4107 2404 4146 cur
2427 4089 2507 4146 ob
2538 4088 2951 4162 subscriptum
2978 4089 3272 4157 libellum,
3288 4105 3473 4164 quem
3501 4091 3654 4162 ipsis

1995 4181 2346 4249 obtulimus,
2381 4183 2547 4236 tanto
2585 4182 2833 4235 utantur
2879 4178 3216 4235 dissidendi
3255 4180 3474 4251 studio,
3506 4184 3571 4236 ut
3598 4185 3657 4239 et

1994 4289 2130 4346 quae
2177 4276 2335 4336 sunt,
2373 4273 2429 4326 et
2474 4285 2612 4342 quae
2650 4283 2774 4325 non
2823 4273 2983 4336 sunt,
3016 4268 3108 4338 iis,
3139 4285 3174 4326 a
3202 4269 3426 4342 quibus
3473 4285 3655 4326 accu-

1995 4367 2228 4427 santur,
2273 4358 2684 4417 satisfaciendi
2737 4374 2945 4428 causa,
2989 4359 3461 4429 commisceant;
3502 4359 3653 4418 illud

282 4455 510 4512 πίστεως
571 4449 864 4518 ἀπόκειται,
919 4457 1074 4502 τοῦτο
1129 4450 1221 4503 οὐκ
1273 4449 1568 4503 ἐννοοῦσιν·
1628 4447 1754 4502 ούδέ
1805 4451 1883 4503 ὅτι

2006 4456 2200 4508 autem
2242 4463 2364 4505 non
2401 4448 2682 4521 cogitent,
2729 4463 2907 4504 suam
2946 4447 3088 4504 ﬁdei
3125 4449 3377 4505 Nicaeus:
3421 4447 3652 4505 confes-

289 4534 388 4591 διὰ
423 4547 516 4600 τῆς
559 4540 750 4594 ἑαυτῶν
800 4543 982 4612 χειρὸς
1025 4535 1290 4592 ἐπέδωκαν
1329 4547 1390 4610 τῇ
1426 4537 1474 4591 ἐν
1516 4542 1734 4601 Τυάνοις
1767 4559 1888 4592 συν-

285 4623 397 4699 όδῳ
440 4632 497 4681 τὸ
542 4627 641 4683 ἀπὸ
669 4630 866 4702 Ῥώμης
918 4627 1142 4702 βιϐλίον,
1173 4627 1198 4679 ὃ
1236 4627 1358 4702 παρ’
1400 4630 1526 4701 ἡμῖν
1555 4646 1882 4692 κατακειται,

281 4721 380 4776 τὴν
409 4718 567 4777 αὐτὴν
606 4722 800 4777 ταύτην
844 4723 1023 4771 πίστιν
1055 4720 1200 4789 ἔχον.
1233 4721 1335 4770 Καὶ
1379 4723 1474 4779 τῆς
1506 4713 1647 4778 ἰδίας
1692 4716 1884 4769 ἑαυτῶν

280 4804 618 4882 δημηγορίας
665 4807 990 4876 ἐπελάθοντο,
1041 4805 1100 4865 ἣν
1150 4806 1221 4869 εἰς
1271 4809 1326 4860 τὸ
1384 4825 1540 4880 μεσον
1594 4808 1885 4859 καταστάν-

275 4991 311 5058 ί
352 4987 468 5057 (8‘2)
508 4987 996 5058 Ἀναστρεφόμενος.
1045 4988 1132 5041 Ita
1184 4989 1304 5058 tres
1348 4983 1740 5042 vetustissimi
1787 5000 1882 5058 co-

273 5056 454 5112 diCes
489 5075 628 5130 cum
671 5056 802 5112 aliis
827 5056 1094 5130 duobus.
1131 5057 1279 5112 Editi
1308 5061 1666 5130 στρεφόμενος.
1700 5056 1883 5130 Paulo

274 5135 423 5201 post
447 5129 591 5201 editi
617 5132 960 5201 ἀμυσσόντων
981 5127 1479 5201 dilacerantz’bus.
1495 5127 1678 5183 Coisl.
1702 5128 1882 5200 primi

279 5199 340 5256 et
370 5200 526 5256 Harl.
563 5199 858 5272 scriptura
888 5200 1078 5272 multo
1114 5199 1311 5271 aptior
1352 5205 1410 5255 et
1441 5200 1664 5268 sanior,
1693 5199 1880 5272 quam

276 5272 343 5327 in
377 5278 656 5326 contextu
692 5271 1083 5326 adscivimus.

356 5343 468 5412 (83‘)
511 5344 760 5406 Δαζίζαν.
805 5347 863 5398 In
905 5341 1157 5412 epistola
1204 5341 1700 5414 ad_01ympium,
1745 5357 1882 5414 quae

280 5419 375 5469 est
406 5415 526 5476 151,
561 5415 777 5482 legitur
815 5417 1058 5475 Δαζίναν,
1090 5412 1351 5483 exceptis
1382 5412 1694 5468 codicibus
1734 5412 1881 5469 Med.

283 5490 355 5557 et,
387 5487 513 5542 Vat.
541 5487 648 5557 qui
695 5486 922 5540 habent
961 5483 1185 5546 Δεξίναν,
1214 5489 1271 5538 et
1299 5483 1628 5557 Harlaeano,
1663 5485 1886 5557 quisic

280 5556 468 5628 etiam
499 5555 714 5613 habuit
739 5558 941 5628 prima
960 5571 1162 5610 manu.
1197 5557 1336 5611 Utra
1356 5555 1530 5628 lectio
1558 5555 1755 5626 potior
1779 5556 1884 5628 ha-

280 5627 492 5698 benda
524 5629 616 5694 sit,
645 5625 771 5685 non
809 5627 983 5701 facile
1023 5630 1308 5686 statuam.
1346 5625 1462 5685 Sed
1490 5625 1695 5684 tainen
1739 5627 1889 5702 quia

1996 4540 2229 4596 sionem
2272 4541 2476 4594 Romae
2527 4538 2813 4609 scriptam
2865 4537 3118 4606 servari,
3165 4552 3352 4608 seque
3402 4539 3650 4610 propria

1994 4642 2184 4684 manu
2229 4625 2522 4683 obtulisse
2561 4625 2798 4698 synodo
2839 4625 3142 4698 Tyanensi
3180 4624 3428 4682 allatum
3458 4628 3650 4686 Roma

1991 4715 2283 4784 libellum,
2319 4715 2426 4788 qui
2465 4715 2629 4788 apud
2666 4730 2779 4770 nos
2821 4719 3111 4785 servatur,
3143 4715 3424 4771 eamdem
3461 4715 3646 4774 ﬁdem

1993 4807 2328 4863 continens.
2376 4804 2532 4871 Quin
2579 4808 2635 4863 et
2687 4803 2995 4861 concionis
3035 4807 3180 4861 tunc
3227 4820 3265 4862 a
3313 4819 3378 4862 se
3423 4805 3646 4865 habitas

1990 5001 2205 5042 omnes
2229 4984 2464 5056 codices
2487 4983 2548 5039 in
2579 4984 2694 5056 hac
2731 4981 3432 5056 epistolahconsentiunt,
3462 4985 3647 5044 etiam

1989 5058 2030 5113 ii
2076 5057 2182 5129 qui
2226 5057 2290 5111 in
2342 5055 2540 5129 priore
2580 5054 2892 5111 habebant
2937 5054 3174 5126 Δεξίναν,
3221 5054 3432 5114 malim
3481 5057 3646 5114 hunc

1989 5127 2300 5186 hominem
2335 5127 2581 5182 Dazizan
2609 5141 2841 5182 vocare.

2064 5200 2174 5272 (84)
2214 5197 2558 5272 Ἀποστέλλω.
2601 5201 2742 5268 Reg.
2785 5197 3090 5254 secundus
3133 5202 3191 5256 et
3226 5200 3400 5258 Coisl.
3433 5215 3646 5258 secun-

1990 5269 2107 5327 du‘s
2141 5270 2239 5323 ἀπο
2247 5269 2430 5322 στελῶ.

2065 5343 2178 5414 (85)
2216 5340 2823 5426 ³Αληθέστερρν.ΜΜθά.,
2866 5341 3038 5398 Coisl.
3086 5343 3390 5400 secundus
3435 5347 3495 5398 et
3538 5345 3648 5397 Re-

1993 5412 2128 5485 ginis
2155 5412 2458 5485 secundus
2490 5412 2860 5471 ἀληθέστατον.

2066 5485 2180 5556 (86)
2222 5484 2300 5549 Εἰ,
2323 5485 2415 5556 ,ὅτι
2444 5489 2553 5556 μέν.
2578 5489 2663 5556 Ita
2686 5490 2805 5539 tres
2829 5484 3217 5541 vetustissimi
3237 5483 3476 5540 codices
3507 5498 3648 5556 cum

1994 5555 2239 5627 duobus
2281 5553 2529 5627 aliis,'et
2564 5555 2858 5627 editiones
2905 5556 3318 5627 Haganoensis
3359 5560 3417 5611 et
3452 5553 3652 5627 prima

1996 5625 2367 5691 Basileensis.
2400 5626 2631 5686 Habent
2660 5625 2796 5693 aliae
2827 5628 2891 5697 εἰ,
2923 5625 3148 5700 ὅτίμέν.
