4148 6402
284 277 385 363 θει
1229 311 1712 368 EPISTOLARUM
1752 308 2034 367 CLASSIS
2075 313 2143 368 11.
2187 316 2399 375 EPIST.
2445 320 2720 376 ecxuv.

3561 332 3664 386 922

286 437 474 509 ρήσεις
530 431 671 503 αὐτῷ
732 436 822 486 καὶ
891 435 948 486 τὸ
998 434 1186 509 ἕτερον.
1242 435 1378 489 Ἀλλ’
1433 433 1503 498 εἷς
1557 438 1774 502 σκοπὸς,
1831 437 1896 496 ὡς

2013 442 2393 510 propositum
2409 460 2599 500 unum
2619 448 2724 508 est,
2744 461 2920 500 suum
2941 445 3217 517 ipsorum
3239 451 3667 522 compendium

290 526 444 588 ἔοικε,
497 526 554 574 τὸ
631 522 824 574 ἑαυτῶν
884 525 1056 586 ζητεῖν
1118 534 1417 598 πανταχοῦ,
1475 532 1565 578 καὶ
1613 529 1752 597 φίλον
1811 527 1899 596 μὲν

291 614 541 684 ἡγεῖσθαι
600 615 687 666 τὸν
741 619 858 674 ταῖς
931 612 1229 687 ἐπιθυμίαις
1299 615 1466 667 αὐτῶν
1533 622 1898 688 συνεργοῦντα,

291 701 536 776 πολέμιον
570 698 629 755 δὲ
657 707 868 778 κρίνειν,
901 708 990 756 καὶ
1038 701 1306 777 μηδεμιᾶς
1345 706 1460 758 κατ’
1511 706 1670 758 αὐτοῦ
1719 702 1901 758 διαϐο-

288 790 389 853 λῆς
441 788 737 864 φείδεσθαι,
777 796 863 846 τὸν
917 800 1033 855 ταῖς
1089 793 1394 868 ἐπιθυμίαις
1441 795 1610 849 αὐτῶν
1655 794 1903 848 ἀνθιστά-

289 901 464 955 μενον.

361 976 414 1027 7.
451 969 574 1023 Οἷαι
603 972 704 1046 γὰρ
734 970 902 1024 αὐτῶν
927 976 1016 1026 καὶ
1047 975 1102 1026 αἰ
1157 980 1245 1025 νῦν
1275 977 1412 1027 κατὰ
1452 983 1549 1038 τῆς
1587 974 1901 1038 Ἐκκλησίας

285 1059 619 1132 οἰκονομίαι;
672 1065 892 1135 Φρικταὶ
930 1065 1020 1133 μὲν
1054 1059 1149 1114 διὰ
1178 1067 1271 1120 τὴν
1312 1072 1412 1116 τῶν
1468 1066 1752 1118 ποιούντων
1784 1066 1902 1136 (92)

286 1148 545 1219 εὐκολίαν,
578 1147 785 1202 ἐλεειναὶ
841 1147 900 1202 δὲ
947 1148 1041 1203 διὰ
1079 1157 1171 1210 τὴν
1225 1161 1323 1204 τῶν
1389 1158 1708 1226 πασχόντων
1753 1153 1899 1205 ἀναι-

288 1240 547 1297 σθησίαν.
595 1239 857 1292 Εὐιππίου
907 1244 1077 1308 τέκνα,
1126 1245 1214 1294 καὶ
1267 1243 1525 1295 Εῦιππίου
1565 1247 1752 1315 ἔκγονα
1808 1239 1902 1295 διὰ

281 1327 567 1402 πρεσϐείας
631 1327 939 1391 ἀξιοπίστου
1016 1328 1072 1382 ἐκ
1136 1341 1228 1391 τῆς
1297 1333 1571 1406 ὑπερορίας
1633 1331 1899 1404 μετακλη-

283 1419 454 1478 θέντες
503 1417 572 1480 εἰς
629 1422 724 1476 τὴν
785 1417 1112 1488 Σεϐάστειαν,
1155 1419 1540 1480 ἐπιστεύθησαν
1592 1425 1680 1474 τὸν
1744 1421 1892 1476 λαὸν.

282 1505 582 1581 Παρέλαϐον
621 1511 679 1560 τὸ
736 1510 1136 1582 θυσιαστήριον,
1203 1513 1340 1582 ζύμη
1392 1509 1620 1581 ἐγένοντο
1675 1508 1901 1572 τῆςέκεῑ

282 1595 628 1658 Ἐκκλησίας.
704 1599 835 1673 Παρ⁷
891 1598 957 1650 ὧν
1020 1600 1169 1670 ἡμεῖς
1230 1604 1319 1672 μὲν
1387 1603 1451 1660 ὡς
1517 1602 1899 1672 ὀμοουσιασταὶ

285 1683 610 1758 διωκόμεθα.
659 1687 952 1750 Εὖστάθιος
1005 1685 1065 1741 δὲ
1121 1690 1146 1740 ὁ
1215 1688 1498 1761 βαστάσας
1573 1690 1683 1762 (93)
1735 1692 1783 1741 ἐν
1826 1698 1898 1760 τῷ

2013 527 2242 601 ubique
2274 549 2562 605 quan'ere,
2594 539 2650 591 et
2685 535 2951 590 amicum
2982 535 3230 608 quidem
3256 537 3475 595 ducere
3506 558 3666 608 eum,

2011 618 2116 688 qui
2145 621 2417 691 ipsorum
2449 624 2879 696 cupiditatibus
2918 625 3323 682 obseeundat:
3355 627 3667 686 inimicum

2011 722 2154 764 vero
2176 709 2469 784 judicare,
2509 729 2619 770 nec
2659 713 2759 768 ulli
2787 714 2848 769 in
2880 730 3020 770 eum
3053 714 3376 773 calumniae
3398 731 3664 790 parcere,

2011 798 2115 868 qui
2142 798 2414 870 ipsorum
2445 802 2878 875 cupiditatibus
2909 803 3164 861 obsistit.

2083 979 2134 1029 7.
2171 977 2386 1042 Quales
2427 981 2588 1037 enim
2618 986 2759 1038 sunt
2783 981 3116 1038 etiamnum
3147 980 3420 1056 ipsorum
3459 988 3670 1044 contra

2011 1064 2339 1123 Ecclesiam
2369 1071 2765 1127 oeconomiae?
2796 1071 3117 1128 Horrenda
3156 1073 3404 1146 quidem
3445 1074 3526 1131 ob
3566 1091 3667 1131 eo-

2010 1167 2168 1222 rum,
2213 1155 2319 1226 qui
2369 1156 2432 1211 id
2483 1157 2726 1225 faciunt,
2782 1159 3253 1230 instabilitatem,
3305 1161 3668 1220 miserandas

2009 1256 2153 1297 vero
2185 1243 2264 1298 ob
2290 1260 2524 1312 eorum,
2551 1248 2655 1319 qui
2682 1249 3009 1320 patiuntur,
3043 1250 3472 1322 stupiditatem.
3498 1252 3670 1325 Evip-

2010 1332 2094 1402 pii
2125 1333 2228 1388 ﬁlii
2270 1338 2327 1389 et
2356 1337 2590 1408 Evippii
2617 1343 2866 1409 nepotes
2899 1355 3006 1411 per
3036 1339 3398 1408 legationem
3436 1341 3550 1396 fide
3581 1342 3670 1398 di-

2011 1435 2197 1489 gnam
2224 1423 2302 1478 ab
2331 1429 2532 1479 extera
2556 1427 2802 1496 regione
2826 1427 3130 1483 accersisti
3157 1433 3296 1484 sunt
3313 1429 3668 1486 Sebastiam.

2010 1509 2113 1564 His
2165 1511 2426 1567 creditus
2459 1517 2548 1569 est
2597 1515 2865 1586 populus
2901 1534 2913 1570 :
2967 1517 3136 1588 potiti
3178 1521 3317 1574 sunt
3352 1519 3668 1590 altaribus,

2011 1599 2142 1668 ejus
2165 1616 2300 1671 quae
2324 1601 2441 1657 illic
2481 1607 2573 1658 est
2603 1603 2874 1660 Ecclesia:
2906 1605 3268 1662 fermentum
3308 1605 3447 1663 facti
3495 1615 3660 1665 sunt.

2012 1688 2078 1742 Hi
2101 1704 2212 1744 nos
2231 1695 2528 1762 tanquam
2550 1693 3040 1749 homoousiastas
3062 1700 3535 1767 persequuntur;
3564 1699 3671 1753 Eu-

285 1777 469 1851 χάρτη
495 1775 824 1849 ἀπὸῬώμῃς
876 1782 1040 1852 μέχρι
1096 1781 1304 1831 Τυάνων
1361 1783 1419 1832 τὸ
1473 1783 1773 1853 ὁμοούσιον,
1815 1781 1896 1831 οὗ·

2012 1777 2265 1833 sthatius
2290 1786 2488 1835 autem
2501 1824 2513 1845 ,
2531 1782 2715 1853 quiin
2730 1783 2936 1838 charta
2950 1783 3464 1840 consubstantiale
3481 1788 3672 1842 Roma

285 1884 374 1926 τος
398 1873 487 1917 νῦν
521 1865 701 1928 αὐτοῖς
740 1865 1108 1942 ἀνακέκραται⁶
1151 1887 1194 1921 ει
1233 1875 1322 1922 καὶ
1362 1871 1443 1921 ὃτι
1489 1866 1899 1942 παραδεχθὴναι

286 1954 362 2017 εἰς
407 1959 500 2013 τὴν
537 1955 900 2015 πολυπόθητον
931 1957 1098 2009 αὐτῶν
1152 1963 1420 2010 κοινωνίαν
1473 1961 1567 2010 οὐκ
1625 1955 1893 2017 ἠδυνήθηο

285 2045 318 2103 ἣ
369 2044 690 2116 φοϐηθέντων
720 2049 778 2098 τὸ
836 2045 1034 2108 πλῆθος
1089 2055 1188 2098 τῶν
1224 2049 1338 2099 κατ’
1391 2045 1550 2100 αὐτοῦ
1615 2067 1893 2120 συμφωνη-

290 2136 505 2201 σάντων,
539 2136 569 2194 ἧ
601 2132 942 2189 αἰδεσθέντων
967 2139 1024 2188 τὸ
1054 2137 1380 2200 ἀξιόπιστον.
1421 2143 1561 2198 Τίνες
1602 2140 1704 2212 γὰρ
1761 2135 1895 2195 ἦσαν

290 2225 342 2276 οἱ
374 2225 768 2298 συνειλεγμένοι,
801 2230 892 2278 καί
921 2235 1032 2288 πῶς
1060 2229 1149 2299 μὲν
1205 2229 1598 2301 χειροτονηθεὶς
1651 2229 1891 2295 ἕκαστος,

288 2313 392 2366 ἁπό
429 2319 584 2366 ποίου
625 2311 683 2367 δὲ
736 2312 827 2367 τοῦ
888 2315 944 2378 ἐξ
992 2315 1318 2390 ἁρχῆςβίου
1387 2316 1470 2368 ἐπὶ
1497 2320 1692 2375 ταύτην
1757 2337 1893 2390 παρη

285 2402 412 2462 ἦλθε
435 2404 546 2474 (94)
598 2409 693 2463 τὴν
725 2401 1037 2458 δυναστείαν
1067 2415 1180 2469 νῦν,
1219 2405 1319 2478 ἐγὼ
1369 2410 1459 2479 μεν
1490 2413 1559 2478 μὴ
1605 2426 1729 2459 ποτε
1760 2407 1894 2459 οὕτω

284 2493 644 2566 σχολάσαιμι,
713 2495 846 2546 ὥστε
926 2497 1016 2555 τὰς
1097 2499 1299 2548 ἐκείνων
1371 2495 1579 2571 πράξεις
1632 2493 1895 2568 ἐκδιηγεῖ-

285 2586 584 2654 σθαι
652 2582 884 2657 Ἔμαθον
941 2587 1042 2660 γὰρ
1104 2588 1503 2660 προσεύχεσθαι
1577 2584 1755 2648 Ὀπως
1833 2585 1894 2637 ἂν

283 2679 362 2748 μὴ
413 2674 616 2747 λαλήσῃ
662 2679 720 2727 τὸ
791 2679 962 2747 στόμα
1008 2695 1108 2747 μου
1152 2678 1217 2728 τὰ
1257 2678 1385 2748 ἔργα
1436 2684 1533 2728 τῶν
1590 2675 1891 2749 ἀνθρώπων

285 2765 445 2825 αὐτὸς
495 2762 553 2817 δὲ
595 2763 877 2838 ἐρευνήσας
931 2767 1170 2839 μαθήσῃ·
1231 2768 1326 2818 κᾶν
1391 2775 1447 2818 σ⁴¹ε
1493 2763 1749 2839 διαφύγῃ,
1806 2769 1893 2818 τὸν

282 2858 476 2929 κριτὴν
503 2857 699 2917 πάντως
729 2855 787 2907 οὐ
817 2855 877 2914 λὴ
889 2875 1054 2910 σεται.

361 3033 413 3086 8.
453 3029 518 3083 ¹Ὀ
558 3035 732 3104 μέντοί
761 3034 992 3085 πέπονθα
1036 3033 1221 3098 πάθος,
1256 3031 1314 3084 οῦ
1363 3037 1766 3107 παραιτήσομαι
1804 3053 1898 3086 και

2009 1869 2248 1939 Tyanos
2296 1885 2488 1942 usque
2539 1871 2715 1943 385
2760 1872 2972 1942 attulit,
3015 1888 3178 1928 nunc
3223 1873 3336 1928 illis
3373 1873 3670 1930 admistus

2008 1961 2099 2013 est
2131 1974 2142 2011 :
2178 1973 2537 2032 quanquam
2569 1961 2804 2017 admitti
2827 1962 2887 2016 in
2919 1961 3365 2034 optatissimam
3394 1963 3667 2034 ipsorum

2008 2048 2506 2104 communionem
2564 2065 2688 2106 non
2728 2051 2943 2124 potuit,
2994 2053 3118 2106 sive
3148 2051 3316 2124 quod
3350 2053 3670 2110 metuerint

2009 2136 2456 2193 multitudinem
2499 2154 2709 2194 eorum
2745 2140 2850 2212 qui
2899 2141 3196 2196 adversus,
3219 2139 3387 2196 illum
3417 2156 3670 2196 consen-

2007 2230 2228 2294 serant,
2256 2227 2379 2281 sive
2402 2227 2569 2299 quod
2596 2244 2805 2283 eorum
2825 2229 3062 2284 reveriti
3090 2230 3207 2284 sint
3227 2229 3665 2285 auctoritatem.

2007 2313 2222 2380 Quales
2269 2316 2430 2370 enim
2473 2321 2674 2371 essent
2709 2320 2815 2389 qui
2858 2317 3209 2387 congregati
3240 2322 3397 2388 sunt,
3445 2323 3501 2374 et
3521 2334 3668 2390 quo-

2005 2404 2191 2459 modo
2220 2421 2430 2460 eorum
2459 2406 2720 2477 quisque
2748 2407 3082 2475 ordinatus,
3103 2411 3159 2464 et
3184 2407 3402 2480 aquali
3438 2408 3670 2478 vita1ab

2003 2493 2176 2552 initio
2199 2494 2379 2550 ducta
2403 2495 2482 2550 ad
2504 2496 2666 2551 hunc
2683 2496 3064 2552 dominatum
3086 2497 3442 2567 pervenerit,
3457 2512 3672 2569 precor

2005 2582 2290 2654 equidem
2341 2599 2661 2655 nunquam
2695 2584 2843 2639 mihi
2893 2588 3131 2641 tantum
3167 2585 3270 2641 otii
3299 2586 3667 2654 contingere,

2005 2677 2070 2726 ut
2099 2686 2194 2726 res
2227 2671 2467 2726 illorum
2493 2688 2790 2728 enarrem.
2819 2673 3006 2729 Didici
3036 2673 3199 2729 enim
3228 2674 3484 2745 precari,
3510 2675 3581 2730 Ut
3604 2690 3667 2731 os

2003 2775 2198 2817 meum
2228 2776 2413 2830 opera
2439 2762 2747 2817 hominum
2770 2779 2891 2818 non
2917 2764 3204 2835 loquatur
3224 2764 3293 2819 95.
3312 2765 3441 2834 Ipse
3463 2767 3666 2818 autem

2003 2849 2156 2916 haec,
2216 2851 2264 2905 si
2303 2855 2600 2906 scrutatus
2638 2852 2841 2918 fueris,
2896 2852 3163 2918 edisces;
3199 2852 3324 2908 etsi
3349 2857 3404 2909 te
3431 2851 3662 2924 effuge-

2004 2941 2141 3006 rint,
2168 2940 2434 3012 profecto
2452 2941 2720 3011 judicem
2747 2957 2872 2997 non
2891 2942 3185 2998 latebunt.

2079 3035 2130 3086 8.
2158 3032 2287 3096 Quo
2319 3035 2523 3086 tamen
2553 3031 2771 3087 fuerim
2801 3032 3027 3100 animo,
3068 3047 3192 3088 non
3244 3030 3549 3101 gravabor
3603 3035 3662 3088 et

277 3126 418 3198 πρὸς
476 3126 570 3181 τὴν
623 3127 719 3181 σὴν
778 3121 990 3186 ἐξειπεῖν
1049 3122 1280 3195 ἀγάπην,
1342 3124 1422 3174 ὄτι
1459 3127 1697 3197 πέρυσιν,
1751 3123 1896 3177 ἀσθὶ-

2012 3123 2126 3176 ωδε
2158 3136 2458 3193 exponere
2484 3120 2785 3177 dilectioni
2820 3139 2831 3177 :
2859 3121 3146 3178 nimirum
3177 3137 3339 3176 anno
3365 3120 3660 3192 praeterito

275 3218 452 3274 νήσας
507 3220 712 3285 πυρετῷ
761 3211 1065 3286 λαϐροτάτῳ
1122 3215 1258 3284 (96),
1290 3217 1380 3265 καὶ
1434 3212 1655 3284 ἐγγίσας
1709 3217 1903 3287 μέχρις

287 3301 462 3354 αὐτῶν
513 3310 613 3353 τῶν
660 3301 832 3354 πυλῶν
886 3311 978 3355 τοῦ
1037 3305 1284 3372 θανάτου,
1317 3299 1428 3354 εἶτα
1485 3304 1584 3354 ὑπὸ
1642 3311 1737 3363 τῆς
1801 3310 1900 3355 τοῦ

288 3395 422 3444 Θεοῦ
506 3390 894 3466 φιλανθρωπίας

281 3481 424 3554 πρὸς
476 3483 570 3539 τὴν
625 3478 896 3544 ἐπάνοδον,
955 3481 1283 3554 λογιζόμενος
1338 3481 1408 3543 εἰς
1469 3479 1552 3532 οἷα
1607 3479 1761 3533 πάλιν
1823 3484 1900 3555 ἔρ-

984 3391 1309 3459 ἀνακληθεὶς,
1390 3389 1671 3467 δυσχερῶς
1755 3391 1900 3462 εἶχον

288 3589 468 3643 χομαι
516 3571 672 3622 κακά·
733 3576 823 3623 καὶ
875 3574 996 3624 κατ’
1051 3570 1272 3645 ἐμαυτὸν
1329 3570 1605 3636 ἐσκόπουν,
1668 3575 1720 3622 τί
1775 3586 1901 3622 ποτε

296 3662 401 3732 ἄρα
461 3658 574 3712 ἐστὶ
616 3662 672 3712 τὸ
724 3658 771 3712 ἐν
837 3669 908 3732 τῷ
964 3660 1118 3734 βάθει
1185 3671 1277 3723 τῆς
1333 3666 1515 3733 σοφίας
1565 3660 1897 3732 ἀποκείμενον

289 3756 383 3803 τοῦ
413 3755 568 3813 Θεοῦ,
602 3745 722 3802 δι’ὃ
776 3749 890 3823 ἐμοὶ
927 3750 1080 3804 πάλιν
1119 3760 1212 3813 τῆς
1264 3749 1312 3802 ἐν
1376 3755 1534 3826 σαρκὶ
1582 3751 1718 3812 ζωῆς
1773 3752 1898 3820 ἠμέ-

293 3858 386 3914 ραι
423 3841 896 3913 συνεχωρήθησαν,
947 3837 1162 3899 Ἐπειδὴ
1212 3836 1271 3893 δὲ
1335 3842 1490 3912 ἔγνων
1543 3847 1727 3906 ταῦτα,
1791 3838 1898 3890 ἐλο-

293 3931 551 4002 γισάμην,
584 3931 665 3981 ὅτι
712 3928 966 3989 ἐϐουλήθη
1018 3933 1157 4001 ἡμᾶς
1205 3931 1230 3982 ὁ
1279 3933 1468 4004 Κύριος
1507 3927 1634 3981 ἰδεῖν
1691 3948 1897 3980 παυσα-

289 4021 446 4091 μένας
523 4025 614 4070 τοῦ
669 4017 829 4070 σάλού
884 4021 978 4079 τὰς
1026 4017 1356 4085 Ἐκκλησίας,
1417 4019 1470 4069 ὃν
1527 4019 1714 4070 ἔπαθον
1793 4020 1893 4091 πρὸ

287 4110 479 4161 τούτου
537 4109 622 4159 ἐπὶ
683 4115 755 4178 τῷ
808 4115 1072 4181 χωρισμῷ
1119 4115 1218 4159 τῶν
1277 4104 1371 4160 διὰ
1415 4112 1506 4165 τὴν
1579 4106 1893 4180 περιπεπλα-

289 4200 484 4270 σμένην
537 4198 644 4265 (97)
685 4195 857 4256 αὐτοῖς
907 4201 1200 4268 σεμνότητα
1261 4199 1431 4249 πάντα
1484 4199 1887 4268 πίστευομένων.

283 4284 356 4338 ’Ἡ
383 4289 473 4338 καὶ
501 4287 650 4358 τάχα
677 4293 902 4337 τονῶσαι
962 4306 1060 4357 μου
1111 4289 1204 4343 τὴν
1257 4285 1444 4357 ψυχὴν
1503 4290 1592 4338 καὶ
1629 4305 1891 4344 νηπτικωο

283 4378 438 4449 τέραν
467 4378 598 4450 πρὸς
642 4394 702 4446 γε
729 4378 787 4426 τὸ
838 4374 1014 4446 ἐφεξῆς
1069 4383 1407 4434 καταστῆσαι
1437 4377 1462 4427 ὁ
1511 4378 1700 4448 Κύριος
1750 4373 1892 4427 ἐϐου-

283 4462 544 4531 λήθη,ὡς
601 4469 672 4535 μὴ
732 4469 1014 4537 προσέχειν
1065 4463 1374 4536 ἀνθρώποις,
1443 4464 1568 4516 ἀλλά
1631 4461 1725 4517 διὰ
1787 4472 1963 4560 τῶνῡ

288 4552 630 4624 εὐαγγελικῶν
688 4553 898 4607 ἐντολῶν
949 4555 1381 4627 καταρτίζεσθαι,
1433 4553 1486 4605 αἱ
1533 4557 1648 4606 οὔτε
1685 4561 1890 4623 καιροῖς

286 4645 408 4694 οὔτε
461 4647 832 4718 περιστάσεσιν
911 4641 1242 4715 ἀνθρωπίνων
1300 4645 1616 4715 πραγμάτων
1690 4662 1890 4714 συμμε-

283 4731 642 4805 ταϐάλλονται,
679 4733 788 4786 ἀλλ’
845 4736 900 4786 αἱ
948 4734 1102 4785 αὑταὶ
1161 4730 1520 4806 διαμένουσιν,
1562 4734 1630 4793 ὡς
1675 4735 1889 4805 προηνέ-

279 4825 500 4896 χθησαν
546 4822 646 4876 ἀπὸ
703 4831 794 4876 τοῦ
849 4821 1109 4895 ἀψευδοῦς
1170 4827 1260 4876 καὶ
1295 4825 1557 4898 μακαρίου
1615 4826 1886 4894 στὸματος,

282 4912 421 4965 οὕτω
463 4908 498 4964 δ
505 4912 771 4973 ιαιωνίζου
781 4931 891 4968 σαι.

359 5021 407 5055 95
433 5019 596 5074 Psal.
625 5034 768 5088 XVI,
800 5023 858 5074 4.

355 5111 470 5178 (92)
508 5115 618 5162 Τῶν
658 5111 958 5165 ποιούντων.
992 5111 1079 5166 lta
1107 5124 1210 5164 sex
1239 5124 1388 5163 mss.
1410 5107 1561 5164 Editi
1597 5116 1697 5160 τῶν
1726 5111 1893 5160 τοιού-

277 5200 403 5236 των.

356 5252 538 5325 (9ί3)70
585 5250 882 5325 βαστάσας.
933 5251 1047 5307 Pro
1093 5249 1483 5325 bisvocibus
1507 5267 1660 5325 quae
1691 5249 1749 5305 in
1786 5266 1891 5306 sex

280 5321 597 5378 codicibus
632 5340 779 5378 mss.
804 5323 1349 5393 leguntur,habent
1379 5321 1520 5376 editi
1546 5321 1888 5382 ’Eeéaareiag.

279 5399 412 5460 Quo
443 5395 691 5465 quidem
729 5403 925 5450 errato
969 5411 1106 5450 eum
1158 5409 1371 5465 sensus
1401 5394 1772 5465 pertubatus
1803 5410 1891 5448 es—

280 5471 394 5531 set,
434 5462 668 5539 librarii
730 5473 867 5538 post
905 5469 1181 5539 ὁμοούσιον
1233 5462 1598 5522 addiderunt
1645 5470 1888 5537 κομίσας,

279 5537 465 5612 quod
484 5537 842 5612 delevim’us.

361 5609 476 5680 (94)
506 5609 766 5681 Παρῆλθε.
799 5609 1016 5680 Regius
1064 5613 1329 5681 uterque
1354 5611 1411 5664 et
1454 5606 1626 5663 Coisl.
1679 5621 1890 5664 secun-

282 5679 405 5738 dus
440 5679 729 5753 παρελθών.
759 5679 987 5739 Ibidem
1015 5688 1104 5734 νῦν
1124 5679 1475 5738 addidimus
1506 5693 1581 5736 ex
1611 5693 1716 5735 sex
1741 5694 1888 5734 mss.

2011 3226 2146 3266 cum
2206 3216 2597 3280 aegrotassem
2635 3211 2813 3272 .febre
2865 3211 3246 3282 gravissima,
3282 3214 3339 3266 et
3372 3209 3450 3265 ad
3491 3209 3662 3281 ipsas

2009 3300 2219 3355 mortis
2251 3303 2455 3372 portas
2479 3301 3092 3373 apprOpinquassem,
3113 3315 3184 3356 ac
3204 3298 3423 3354 deinde
3446 3297 3637 3353 Deibe

2009 3390 2298 3460 nignitate
2329 3406 2525 3445 essem
2560 3391 2800 3446 sanitati
2838 3392 3168 3457 restitutus,
3201 3404 3355 3459 aegre
3391 3387 3661 3444 ferebam

2007 3480 2266 3535 reditum
2293 3486 2583 3552 reputans
2599 3497 2839 3536 mecum
2863 3481 2942 3536 ad
2972 3480 3176 3553 qualia
3190 3479 3449 3535 redirem
3469 3477 3661 3546 mala;

2008 3574 2188 3640 atque
2220 3569 2384 3640 apud
2412 3585 2508 3624 me
2537 3569 2662 3640 ipse
2687 3569 3154 3624 considerabam
3189 3567 3485 3640 quidnam
3530 3571 3664 3622 tan-

2007 3658 2146 3714 dem
2177 3664 2332 3714 esset
2359 3659 2420 3713 in
2451 3658 2752 3730 profundo
2783 3659 2884 3714 Dei
2910 3658 3218 3731 sapientiae
3257 3655 3658 3724 reconditum,

2006 3753 2253 3820 propter
2289 3748 2454 3820 quod
2498 3748 2645 3803 mihi
2682 3764 2889 3804 rursus
2932 3747 3061 3802 dies
3105 3747 3186 3804 ad
3226 3744 3553 3802 vivendum
3597 3743 3658 3798 in

2006 3853 2184 3893 carne
2219 3836 2487 3892 concessi
2514 3836 2786 3892 fuissent.
2817 3836 2926 3892 Ubi
2968 3843 3169 3892 autem
3207 3835 3331 3891 hazc
3377 3831 3656 3902 cognovi,

2005 3926 2262 3981 voluisse
2297 3925 2618 3980 Dominum
2641 3925 2966 3980 arbitratus
2997 3942 3155 3989 sum,
3178 3928 3242 3980 ut
3267 3922 3536 3980 viderem
3557 3923 3656 3975 Ec-

2004 4014 2214 4070 clesias
2239 4019 2595 4086 tempestate
2627 4014 2928 4084 liberatas,
2959 4031 3147 4087 quam
3186 4018 3364 4069 antea
3391 4009 3656 4084 pertule-

2001 4108 2140 4160 rant
2169 4120 2240 4159 ex
2269 4103 2648 4175 separatione
2687 4119 2916 4173 eorum,
2951 4103 3174 4176 quibus
3205 4101 3414 4158 omnia
3460 4100 3539 4155 ob
3585 4098 3654 4154 fi-

2001 4199 2162 4250 ctam
2192 4209 2399 4249 eorum
2433 4195 2783 4262 gravitatem
2815 4193 3236 4249 credebantur.
3256 4196 3369 4248 Aut
3397 4191 3656 4247 fortasse

2001 4284 2182 4339 etiam
2212 4283 2496 4338 roborare
2524 4283 2799 4338 animum
2826 4299 3028 4338 meum
3063 4289 3119 4338 et
3139 4282 3351 4338 saltem
3372 4283 3658 4352 in'poste-

2002 4389 2137 4429 rum
2173 4373 2612 4442 vigilantiorem
2652 4372 2889 4427 efficere
2923 4371 3112 4426 voluit
3149 4372 3458 4439 Dominus,
3495 4373 3558 4423 ut
3580 4382 3657 4423 ne

2003 4463 2356 4518 hominibus
2391 4461 2681 4530 attendat,
2712 4460 2818 4515 sed
2848 4476 2956 4532 per
2985 4459 3329 4529 evangelica
3357 4461 3659 4530 praecepta

2003 4553 2549 4625 perﬁciaturzquaa
2605 4567 2804 4624 neque
2848 4567 2985 4606 cum
3033 4549 3431 4622 temporibus,
3458 4561 3656 4618 neque

2003 4658 2142 4697 cum
2169 4643 2576 4697 humanarum
2602 4657 2803 4696 rerum
2831 4638 3297 4696 circumstantiis
3325 4638 3655 4693 immutan-

2001 4734 2116 4791 tur,
2150 4730 2253 4785 sed
2285 4729 2499 4786 eadem
2532 4733 2912 4800 permanent,
2944 4734 3006 4783 ut
3037 4745 3073 4784 a
3120 4729 3318 4784 veraci
3371 4743 3443 4783 ac
3475 4725 3654 4782 beato

2000 4837 2102 4878 ore
2133 4820 2368 4892 prolata
2399 4825 2558 4887 sunt,
2591 4820 2671 4875 ita
2696 4817 3162 4892 perseverantia.

2729 5107 2815 5177 ita
2879 5102 3060 5173 llarl.,
3137 5102 3314 5177 Coisl.
3381 5107 3654 5177 uterque,

2003 5173 2142 5248 Reg.
2172 5173 2629 5249 uterqueiEditi
2651 5173 3104 5249 ἐκδιηγήσασθαι.
3137 5176 3365 5249 Ibidem
3397 5173 3660 5232 tres've-

2001 5249 2284 5306 tutissimi
2327 5247 2576 5304 ieodices
2641 5250 2731 5309 τὰς
2796 5247 2996 5300 ἐκείνων
3065 5247 3298 5322 πράξεις.
3373 5249 3526 5304 Editi
3593 5249 3659 5298 τὰ

2000 5342 2222 5375 εκεινων.

2073 5395 2185 5463 (96)
2248 5390 2575 5463 Δαϐροτάτω.
2638 5393 2724 5447 Ita
2772 5394 2891 5447 tres
2956 5390 3345 5463 vetustissimi
3395 5388 3656 5463 codices.

2001 5457 2487 5537 Εάὶίὶβαρυτάτῳ.
2527 5457 2933 5537 ibidemediti
2965 5463 3178 5534 ἑγγισας
3211 5457 3428 5532 σχεδόν.
3453 5458 3657 5514 Melius

1999 5536 2180 5600 Harl.,
2207 5535 2376 5598 mea,
2408 5550 2564 5606 quos
2597 5535 2780 5590 secuti
2811 5552 3043 5591 sumus.

2075 5599 2188 5679 (97)
2240 5599 2752 5679 Περιπεπλασμένην.
2806 5607 2900 5664 Sic
2951 5622 3101 5663 mss.
3156 5604 3446 5677 quinque.
3503 5599 3656 5656 Editi

1997 5677 2374 5752 πεπλασμένην.

2074 5109 2183 5178 (95)
2236 5102 2629 5178 Ἐκὸιηγεῐσθαι
2642 5145 2652 5158 .
