4148 6384
263 336 371 392 925

791 463 1128 515 ΕΠΙΣΤΟΔΗ
1166 460 1329 520 ΣΜΕ.

1213 334 1707 396 EPISTOLARUM
1743 334 2031 395 CLASSIS
2068 336 2137 396 Il.
2175 338 2390 398 EPIST.
2422 339 2689 397 CCXLVI.

3526 341 3632 401 926

2476 460 2819 520 EPISTOLA
2865 460 3125 519 CCXLV'.

255 564 396 643 Per_
412 566 789 643 Strategium
817 569 1129 643 respondet
1163 568 1490 643 Theophila
1511 564 1784 626 Basilius
1809 582 1883 625 ac
1912 567 2185 643 declarat
2209 585 2269 627 se
2289 568 2696 643 nunquam‘ab
2717 582 2782 625 eo
2799 567 3060 624 amando
3082 566 3407 643 dicessisse,
3429 587 3638 643 quam-

333 640 423 695 vis
452 640 658 712 multae
685 639 913 694 doloris
937 654 1136 697 causa:
1160 639 1493 697 acciderint
1519 652 1542 712 ;
1590 646 1871 697 cxterum
1900 655 1962 698 se
1991 655 2127 697 cum
2158 639 2500 699 hominibus
2528 640 2708 710 ﬁdem
2748 645 2870 695 tam
2900 654 3054 710 saepe
3082 639 3456 700 mutantibus
3485 659 3636 700 com-

330 711 645 767 municare
664 725 783 766 non
806 725 995 779 posse.

775 816 1009 891 Θεοφίλῳ
1049 817 1338 892 ἕπισκόπῳ.

331 907 503 963 Πάλαι
555 904 834 981 δεξάμενος
895 910 964 961 τὰ
1018 911 1164 983 παρά
1221 914 1316 972 τῆς
1368 914 1466 973 σῆς
1526 906 1731 982 ἀγάπης
1784 909 1859 981 (6)

254 999 567 1071 γράμματα,
609 994 844 1070 ἀνέμενον
893 994 988 1051 διὰ
1035 1004 1258 1069 γνησίου
1314 1004 1599 1073 προσώπου
1659 997 1864 1052 eum»

258 1084 481 1155 στεῖλαι,
517 1085 601 1137 ἵνα
637 1089 727 1137 καὶ
766 1085 868 1137 ὅσα
901 1090 996 1143 τὴν
1025 1083 1304 1145 ἐπιστολὴν
1347 1083 1581 1161 διαφύγῃ
1625 1089 1650 1138 ό
1682 1083 1864 1139 διακο-

257 1193 342 1235 νος
379 1181 475 1226 τῶν
522 1175 842 1249 γραμμάτων
887 1172 1264 1250 ἀναπληρώσῃ.
1317 1176 1458 1230 Ἐπεὶ
1506 1171 1595 1229 οὖν
1648 1179 1863 1249 παρεγέ-

259 1282 373 1317 νετο
423 1264 549 1335 ἡμῖν
600 1264 625 1315 ὁ
667 1265 1031 1326 ποθεινότατος
1079 1269 1170 1317 καὶ
1220 1264 1596 1327 εὖλαϐἐστατος
1642 1261 1861 1337 ἀδελφὸς

261 1354 413 1426 ἡμῶν
441 1357 782 1426 Στρατηγιος,
822 1352 961 1423 αὐτῷ
998 1350 1216 1425 ἔνόμίσα
1245 1349 1452 1406 δίκαιον
1497 1350 1626 1407 εἶναι
1650 1358 1864 1427 χρήσα-

263 1443 394 1495 σθαι
422 1437 673 1513 διακόνῳ,
693 1448 767 1512 τῷ
794 1443 885 1493 καὶ
917 1437 1082 1494 εἰδότι
1108 1444 1203 1500 τὴν
1228 1444 1481 1515 ἡμετέραν
1518 1448 1749 1516 γνώμην,
1772 1445 1863 1494 καὶ

262 1526 535 1604 δυναμένῳ
562 1534 790 1603 γνησίως
827 1549 881 1583 τε
920 1531 1032 1603 ἅμα
1069 1535 1159 1584 καὶ
1190 1530 1415 1594 εὐλαϐῶς
1446 1528 1766 1591 διακονῆσαι
1792 1530 1862 1600 (7)

258 1620 331 1673 τὰ
358 1620 484 1693 παρ’
521 1622 688 1692 ἡμῶν.
730 1624 960 1673 Γίνωσκε
1005 1624 1198 1683 τοίνυν,
1240 1623 1566 1674 ποθεινότατε
1609 1622 1733 1694 ἡμῖν
1771 1625 1862 1674 καὶ

257 1714 547 1782 τιμιώτατε
577 1711 675 1780 (8),-
708 1709 899 1762 πολλοῦ
931 1707 1079 1773 ἀξίαν
1120 1711 1364 1763 τίθεσθαι
1406 1712 1548 1784 ἡμᾶς
1589 1712 1685 1768 τὴν
1736 1713 1863 1785 πρὸς

261 1801 323 1852 σὲ
353 1798 586 1870 ἀγάπην,
612 1800 695 1866 ἧς,
734 1799 882 1851 ἕνεκα
907 1802 998 1872 μὲν
1042 1806 1134 1860 τῆς
1174 1800 1311 1852 κατά
1338 1796 1525 1872 ψυχὴν
1554 1795 1859 1869 διαθέσεως,

256 1884 512 1959 οὐδεμίαν
533 1888 670 1960 ὤραν
697 1886 776 1958 (9)
802 1886 1189 1961 ἀπολειφθεῖσιν
1220 1887 1424 1951 ἑαυτοῖς
1450 1890 1860 1960 συνεγνώκαμεν,

257 1977 305 2031 εί
333 1980 424 2029 καὶ
463 1977 544 2028 ὅτι
586 1975 768 2029 πολλα)
809 1982 899 2029 καί
940 1977 1165 2049 μεγάλαι
1192 1977 1362 2039 λυπης
1391 1978 1604 2049 εὐλόγου
1638 1977 1747 2049 (10)
1776 1988 1863 2050 γε·

1892 823 1939 876 Α

2490 818 2816 891 Theophila
2846 821 3120 890 episcopo

2040 908 2188 964 Cum
2211 909 2581 983 jampridem
2603 909 2978 982 accepissem
3008 925 3045 965 a
3073 914 3177 966 tua
3200 909 3522 968 dilectione
3537 910 3636 967 lit-

1969 999 2148 1063 teras,
2180 999 2523 1071 exspectavi
2553 999 2699 1055 dum
2738 1014 2847 1071 per
2875 998 3158 1055 idoneam
3193 1014 3518 1070 personam
3546 1015 3637 1056 re-

1970 1085 2315 1151 scriberem,
2349 1092 2491 1144 utet
2511 1087 2807 1161 quidquid
2828 1087 3051 1144 litteras
3074 1086 3405 1159 effugisset,
3436 1088 3496 1143 id
3519 1088 3635 1144 mi-

1969 1174 2153 1231 nister
2172 1175 2503 1233 litterarum
2539 1177 2866 1251 suppleret.
2903 1180 3053 1233 Cum
3095 1176 3275 1247 igitur
3313 1177 3637 1234 accesserit

1970 1263 2049 1320 ad
2088 1280 2201 1321 nos
2241 1264 2797 1321 desideratissimus
2836 1281 2908 1321 ac
2936 1263 3424 1337 religiosissimus
3454 1265 3636 1323 frater

1968 1357 2178 1408 noster
2228 1354 2581 1423 Strategius,
2628 1369 2875 1426 aequum
2923 1353 3072 1409 mihi
3114 1353 3307 1409 visum
3347 1357 3438 1410 est
3466 1358 3531 1410 ut
3560 1368 3634 1411 eo

1973 1445 2168 1497 uterer
2192 1441 2486 1515 ministro,
2511 1443 2738 1516 quippe
2767 1440 2874 1515 qui
2903 1446 2961 1498 et
2988 1456 3194 1498 meum
3228 1442 3502 1498 animum
3532 1459 3634 1499 co-

1970 1532 2204 1601 gnitum
2234 1531 2477 1602 habeat,
2514 1546 2586 1589 ac
2630 1532 2819 1605 possit
2863 1535 3002 1602 apte
3034 1529 3215 1587 simul
3244 1536 3299 1588 et
3357 1529 3635 1602 religiose

1969 1634 2068 1675 res
2104 1623 2343 1676 nostras
2390 1619 2755 1677 ministrare.
2798 1619 2963 1678 Scias
2999 1621 3201 1691 igitur,
3249 1619 3636 1677 desideratis-

1969 1708 2120 1764 sime
2148 1724 2219 1765 ac
2249 1708 2738 1779 honoratissime,
2766 1707 3014 1783 plurimi
3034 1724 3071 1765 a
3099 1720 3198 1765 me
3226 1709 3355 1765 ﬁeri
3381 1708 3637 1765 charita—

1969 1802 2092 1854 tem
2135 1797 2284 1853 mihi
2334 1803 2533 1855 tecum
2581 1797 3074 1869 intercedentem,
3120 1814 3157 1856 a
3209 1813 3335 1871 qua
3380 1797 3633 1871 quidem

1969 1891 2267 1961 quantum
2307 1886 2387 1943 ad
2424 1887 2610 1943 animi
2659 1887 3041 1944 affectionem
3071 1888 3301 1955 attinet,
3342 1902 3417 1943 ne
3443 1901 3633 1943 unam

1969 1973 2219 2049 quidem
2247 1975 2464 2033 horam
2492 1974 2639 2033 mihi
2669 1977 2947 2033 conscius
2972 1993 3108 2033 sum
3132 1990 3227 2032 me
3258 1975 3631 2042 discessisse;

255 2069 476 2138 γόνασιν
508 2064 766 2139 ἀφορμαί.
806 2065 944 2120 Ἀλλ’
976 2063 1063 2119 οὖν
1095 2065 1363 2142 ἐκρίναμεν
1392 2070 1563 2135 τοῦτο,
1606 2068 1780 2142 ὥσπερ
1811 2066 1861 2119 ἓν

1979 2066 2250 2138 quamvis
2275 2064 2480 2122 multae
2511 2082 2582 2121 ac
2613 2081 2851 2138 magnae
2877 2064 3021 2138 justi
3051 2060 3277 2122 doloris
3311 2080 3512 2122 caussa
3539 2080 3635 2121 ac-

259 2157 509 2229 τρυτάνῇ,
556 2157 623 2208 τὰ
672 2160 1012 2230 χρηστότερα
1050 2160 1162 2219 τοῖς
1203 2150 1544 2232 ἀηδεστέροις
1582 2155 1861 2209 ἂντιτιθέν·

262 2263 349 2306 τις
386 2246 518 2315 (11),
577 2250 641 2317 τῇ
697 2250 799 2297 τῶν
863 2243 1139 2318 ἀμεινόνων
1194 2246 1328 2321 ῥοπῇ
1386 2247 1714 2319 προσθέσθαι
1769 2248 1864 2305 τὴν

261 2337 475 2407 γνώμην
508 2322 642 2402 (12).
681 2331 894 2394 Ἐπειδὴ
934 2331 994 2388 δι
1031 2337 1099 2388 τὰ
1133 2338 1423 2411 πράγματα
1451 2335 1709 2393 ἠλλοιώθη
1740 2333 1864 2409 παρ’

260 2422 332 2474 ὧν
354 2422 553 2481 ἣκιστα
581 2421 748 2498 ίχρῆν
779 2429 932 2477 τοῦτο
957 2427 1221 2497 γενέσθαι,
1254 2428 1582 2496 συγγίνωσκε
1618 2426 1708 2477 καὶ
1737 2426 1864 2498 ἡμῖν

261 2510 398 2583 ὀύχί
441 2516 538 2570 τὴν
575 2517 788 2586 γνώμην
828 2511 1208 2579 ἀλλοιωθείσιν,
1256 2512 1384 2567 ἀλλὰ
1425 2517 1520 2573 τὴν
1559 2512 1705 2576 τάξιν
1750 2513 1864 2585 (13)

260 2602 643 2676 μεταθεμένοις.
686 2601 890 2655 Μᾶλλον
959 2599 1020 2656 δὲ
1074 2604 1226 2676 ἡμεῖς
1280 2607 1370 2677 μὲν
1417 2602 1501 2656 ἰπὶ
1557 2611 1652 2666 τῆς
1705 2601 1866 2663 αὐτῆς

259 2698 513 2764 μενοῦμεν
541 2690 751 2759 τάξεως,
794 2693 959 2767 ἕτεροι
992 2689 1050 2745 δὲ
1093 2692 1224 2745 εἰσιν
1256 2692 1305 2745 οἱ
1337 2695 1570 2763 συνεχῶς
1597 2693 1865 2765 μετοιτίθέ-

259 2796 427 2852 μενοι,
457 2786 546 2831 νῦν
577 2777 636 2833 δῖ
670 2785 760 2834 καὶ
791 2787 1018 2855 φανερῶς
1046 2784 1173 2855 πρὸς
1199 2785 1323 2843 τοὺς
1353 2780 1616 2842 ἐναντίους
1644 2781 1866 2853 αὑτομο·

256 2868 484 2930 λοῦντες
515 2866 583 2921 ὧν
627 2871 753 2922 ὅσου
796 2869 944 2934 ἀξίαν
988 2869 1258 2943 ἐτιθέμεθα
1303 2874 1398 2929 τὴν
1448 2874 1737 2937 κοινωνίαν,
1770 2870 1864 2931 ἕως

260 2955 400 3016 ἦσαν
430 2958 542 3027 (14)
598 2958 683 3011 ἐπὶ
722 2966 820 3022 τῆς
866 2954 1209 3032 ὑγιαινούσης
1247 2952 1476 3033 μερίδος,
1531 2956 1656 3013 οὐδὲ
1708 2959 1865 3021 αὐτὸς

258 3046 495 3119 ἀγνοεῖς.
552 3052 661 3101 Νῦν
718 3044 797 3115 δὲ,
860 3049 903 3101 εἰ
932 3053 1065 3122 μήτε
1114 3048 1325 3111 ἐκείνοις
1378 3050 1721 3121 συνεπόμεθα,
1773 3052 1864 3102 καὶ

256 3139 378 3198 τοὺς
419 3139 486 3190 τὰ
522 3137 660 3189 αὖτά
695 3145 1004 3213 φρονοῦντας
1050 3138 1229 3202 αὐτοῖς
1272 3138 1589 3212 ἐκκλίνομεν,
1631 3142 1864 3210 συγγνώ-

256 3246 366 3300 μης
414 3224 475 3278 ἂν
525 3222 744 3288 δικαίως
776 3227 892 3297 (15)
941 3231 1215 3302 τύχοιμεν,
1271 3225 1438 3301 μηδὲν
1490 3233 1863 3300 προτιμότερον

1973 2154 2245 2211 ciderint.
2280 2155 2395 2212 Sed
2415 2153 2564 2212 illud
2587 2155 2928 2226 statuimus,
2954 2153 3112 2211 velut
3138 2155 3201 2212 in
3230 2155 3475 2224 trutina,
3508 2168 3635 2210 mo-

1970 2243 2136 2301 lestis
2150 2244 2425 2315 jucunda
2444 2242 3169 2317 opponentes,meliorum
3184 2248 3492 2301 momento
3510 2242 3636 2299 ani-

1973 2348 2145 2389 mum
2165 2331 2448 2405 adjicere.
2485 2334 2599 2390 Sed
2629 2333 2774 2407 quia
2798 2348 2894 2388 res
2918 2337 3163 2389 mutatae
3191 2337 3330 2388 sunt
3351 2347 3386 2388 a
3411 2330 3636 2405 quibus

1973 2422 2223 2479 minime
2269 2422 2586 2496 oportebat
2627 2421 2691 2478 id
2736 2422 2884 2489 fieri,
2918 2420 3162 2492 ignosce
3200 2425 3257 2478 et
3286 2420 3484 2489 nobis,
3529 2419 3638 2494 qui

1974 2528 2098 2568 non
2124 2512 2330 2569 animo
2358 2516 2414 2568 et
2434 2512 2729 2569 sententia
2747 2512 2984 2577 mutati,
3008 2510 3116 2568 sed
3141 2508 3417 2584 partibus
3447 2515 3636 2566 trans-

1972 2600 2155 2674 positi
2174 2616 2409 2656 sumus.
2435 2604 2560 2657 lmo
2584 2614 2726 2656 vero
2756 2612 2870 2656 nos
2898 2600 3143 2673 quidem
3170 2600 3231 2656 in
3254 2598 3471 2655 iisdem
3502 2613 3633 2655 ma-

1972 2689 2253 2746 nebimus
2278 2689 2577 2762 partibus,
2594 2688 2769 2761 383
2797 2688 2905 2745 sed
2931 2688 3030 2745 alii
3053 2692 3189 2745 sunt
3206 2688 3310 2761 qui
3341 2690 3633 2760 perpetuo

1974 2782 2474 2846 transmutantur,
2509 2783 2567 2835 et
2596 2795 2758 2834 nunc
2787 2780 2990 2851 aperte
3031 2777 3211 2833 etiam
3243 2776 3321 2833 ad
3355 2775 3633 2832 adversa-

1973 2868 2095 2924 rios
2123 2867 2548 2938 transfugiunt.
2583 2868 2854 2933 Quorum
2885 2865 3094 2940 quanti
3124 2864 3434 2922 fecerimus
3466 2878 3631 2920 com-

1975 2957 2353 3023 munionem,
2385 2956 2662 3029 quandiu
2705 2972 2743 3013 a
2768 2955 2931 3012 sanis
2960 2953 3234 3029 partibus
3262 2953 3527 3025 stabant,
3554 2967 3633 3009 ne

1974 3047 2103 3121 ipse
2138 3047 2386 3120 quidem
2428 3046 2694 3117 ignoras.
2732 3050 2899 3103 Nunc
2933 3051 3136 3102 autem
3172 3045 3221 3101 si
3259 3044 3455 3118 neq‘ue
3498 3043 3632 3099 illos

1974 3136 2306 3209 sequimur,
2336 3140 2393 3192 et
2422 3153 2526 3192 eos
2555 3136 2660 3208 qui
2684 3135 2845 3192 idem
2868 3150 2937 3191 ac
2959 3132 3041 3191 illi
3062 3135 3325 3191 sentiunt
3343 3133 3630 3205 fugimus,

1977 3226 2151 3281 venia
2191 3241 2335 3281 sane
2366 3226 2664 3281 immerito
2701 3225 2881 3282 nobis
2915 3225 3268 3294 denegetur,
3306 3218 3455 3279 nihil
3485 3221 3634 3278 anti-

255 3324 357 3375 τῆς
398 3312 638 3377 ἀληθείας
684 3320 900 3379 καὶτῆς
941 3316 1133 3379 οἰκείας
1170 3317 1367 3371 ἑαυτῶν
1410 3317 1699 3389 ἀσφαλείας
1726 3318 1862 3369 τιθέ-

1979 3315 2152 3388 quius
2172 3314 2417 3370 veritate
2437 3330 2509 3370 ac
2530 3314 2777 3387 propria
2802 3312 3117 3369 securitate
3145 3309 3531 3368 habentibus.

258 3421 430 3477 μενοι.

418 3494 423 3497 ’
800 3496 1137 3549 ΕΠΙΣἸὉΛΗ
1177 3492 1336 3582 ΕΜς.

2454 3491 2695 3550 EPlSTO
2705 3494 2789 3549 LA
2830 3491 3149 3551 CCXLVI".

259 3574 534 3642 Basilius
566 3582 1005 3656 Nicopolz'tanis
1025 3586 1177 3643 cleri
1204 3564 1437 3643 animos
1465 3588 1688 3715 aggere
1719 3564 1974 3642 conatur
2000 3596 2103 3653 spe
2131 3582 2607 3724 (guinitauzilii,
2638 3583 3038 3655 hortaturque
3061 3588 3128 3638 ut
3158 3578 3319 3653 quod
3346 3580 3635 3636 hactenus

1558 3672 1787 3724 eruere,
1828 3670 2004 3724 opere
2039 3668 2148 3724 per
2195 3670 2331 3711 czan
2367 3697 2382 3712 .

1558 3672 1787 3725 eruere,
1828 3670 2004 3726 opere
2039 3668 2382 3725 per/munt.

872 3746 1263 3808 Νικοπολίταις.

340 3832 498 3888 Ὀταν
534 3832 639 3889 ίδω
679 3829 776 3888 Rati
824 3839 883 3888 τὸ
924 3839 1082 3888 κακόν
1109 3838 1222 3906 (16)
1264 3832 1621 3909 εὐοδούμενον,
1652 3839 1742 3888 καὶ
1773 3838 1866 3893 τὴν

262 3923 513 3997 ὑμετέραν
577 3923 844 3977 εὐλάϐειαν
943 3932 1269 3997 κεκμηκυῖαν
1352 3930 1443 3977 καὶ
1505 3921 1867 3997 ἀπαγορεύου-ει

263 4031 365 4065 σαν
415 4014 527 4082 (17)
583 4017 716 4086 πρὸς
770 4017 829 4066 τό
881 4017 1102 4086 συνεχὲς
1158 4023 1258 4066 τῶν
1307 4012 1576 4089 ἕπηρειῶν,
1638 4012 1867 4084 ἀθυμίας

258 4100 587 4175 πληροῦμαι.
627 4101 790 4155 Ὀταν
848 4099 909 4156 δὲ
953 4105 1107 4155 πάλιν
1150 4107 1244 4161 τὴν
1298 4102 1523 4175 μεγάλην
1566 4109 1726 4176 χεῖρα
1775 4098 1867 4154 τοῦ

263 4197 400 4244 Θεοῦ
443 4189 690 4261 ἐννοήσω,
744 4195 832 4245 καὶ
884 4196 966 4245 ὅτι
1021 4189 1162 4245 οἶδεν
1212 4191 1459 4267 ἀνορθοῦν
1508 4196 1624 4253 τοὺς
1687 4189 1867 4265 κατερ-

262 4282 605 4355 ῥαγμένονς,
660 4286 752 4334 καὶ
812 4280 1017 4354 ἀγαπᾷν
1085 4279 1325 4344 δικαίους
1357 4324 1370 4349 ,
1451 4281 1742 4357 συντρίϐειν
1809 4276 1870 4333 δὲ

267 4370 652 4442 ὑπερηφάνους,
710 4376 800 4424 καὶ
853 4372 1121 4445 καθαιρεῖν
1156 4370 1290 4435 ⁴ἀπὸ
1339 4373 1530 4446 θρόνων
1578 4368 1866 4434 δυνάστάς·

352 4528 568 4602 (βλἸῆῆς
609 4539 703 4591 σῆς
742 4530 967 4602 ἀγάπης.
993 4531 1272 4586 Nonnulli
1314 4548 1458 4586 mss.
1500 4530 1710 4602 ἀγάπης
1750 4551 1870 4587 σου.

2565 3742 2629 3798 Ν
2632 3738 3033 3812 icopolz'tanis.

2045 3830 2194 3887 Cum
2228 3829 2404 3888 video
2431 3836 2486 3888 et
2517 3831 2745 3888 malum
2781 3830 2859 3887 ad
2878 3833 3114 3904 optatos
3144 3828 3339 3885 exitus
3360 3824 3631 3900 perduci,

1974 3926 2031 3977 et
2067 3918 2327 3977 vestram
2379 3921 2664 3992 pietatem
2712 3919 3047 3989 defatigari,
3094 3917 3489 3989 animumque
3533 3914 3633 3971 de-

1974 4009 2273 4082 spondere
2298 4010 2378 4067 ob
2408 4010 2727 4067 continuas
2770 4009 3189 4073 calamitates;
3227 4005 3514 4063 maestitia
3549 4016 3633 4062 re-

1975 4099 2164 4172 pleor.
2205 4100 2319 4156 Sed
2350 4116 2560 4155 rursus
2589 4114 2728 4155 cum
2760 4113 3052 4170 magnam
3078 4097 3180 4154 Dei
3211 4108 3462 4153 manum
3493 4110 3634 4152 con-

1975 4188 2195 4253 sidero,
2244 4204 2506 4261 eumque
2553 4204 2731 4244 nosse
2769 4193 2828 4245 et
2877 4187 3219 4245 contractos
3281 4189 3527 4257 erigere,
3577 4188 3636 4242 et

1970 4279 2169 4351 justos
2207 4278 2472 4351 diligere,
2525 4278 2818 4351 superbos
2869 4292 3014 4334 vero
3057 4281 3387 4347 conterere,
3435 4281 3493 4332 et
3526 4290 3632 4348 po-

1974 4373 2167 4426 tentes
2216 4368 2292 4425 de
2340 4368 2465 4425 suis
2512 4368 2762 4424 sedibus
2810 4367 3105 4440 dejicere;
3165 4374 3372 4423 iurans
3415 4364 3635 4420 immu-

1974 4529 2097 4586 letii
2124 4533 2376 4585 vocatur
2421 4529 2669 4593 σύνταξις
2710 4528 2773 4584 in
2824 4529 2998 4600 epist.
3024 4529 3165 4600 214.
3207 4524 3527 4600 Gregorius
3555 4524 3632 4580 de

272 4598 389 4674 Sed
410 4598 582 4657 Coisl.
603 4597 838 4674 primus
877 4608 934 4674 et
967 4602 1118 4674 Med.
1163 4597 1551 4674 consentiunt
1572 4619 1711 4658 cum
1749 4602 1869 4658 edi-
1900 4607 1943 4663 D
1976 4602 2418 4674 monachorum
2450 4605 2644 4674 coetu,»
2662 4600 2762 4672 qui
2795 4597 2880 4674 ab
2920 4599 3110 4674 ipsius
3138 4597 3324 4674 patris
3356 4611 3632 4674 commu-

270 4670 367 4735 tis,
394 4670 643 4744 excepto
668 4674 831 4744 quod
857 4673 992 4745 editi
1022 4673 1317 4745 haberent
1340 4672 1544 4745 ἀγάπης
1575 4682 1688 4734 σῆς.

342 4745 421 4805 (7)
463 4736 803 4801 attinuit-aut.
838 4744 930 4801 Sic
965 4736 1110 4818 Med.
1135 4748 1191 4799 et
1223 4736 1395 4818 Coisl.
1435 4744 1685 4818 primus.
1716 4738 1870 4818 AEditi

268 4809 615 4897 antistitam.
640 4818 767 4871 Non
795 4821 987 4897 exstat
1009 4809 1529 4897 baac_epistpla_'in_
1550 4813 1685 4897 cod.
1714 4813 1867 4897 Harl;

342 4882 748 4961 (8)'_Ttuta'nars
800 4886 1044 4943 Addunt
1077 4882 1220 4944 editi
1260 4882 1449 4961 ἀδελφαὶ
1488 4886 1720 4959 Θεόφιλε.
1756 4883 1871 4942 Sed

264 4956 400 5012 haec
420 4956 643 5028 desunt
660 4957 722 5013 in
745 4963 971 5028 septem
994 4976 1138 5014 mss.

335 5030 415 5104 (9)
435 5027 636 5104 ΔὨρ-οιν.
657 5028 750 5085 Sic
773 5029 922 5104 ltled.
949 5035 1006 5085 et
1027 5027 1197 5085 Coisl.
1218 5028 1629 5104 primus_._F.diti
1652 5029 1868 5102 ἡμέραν.

294 5108 303 5115 '
339 5099 452 5171 (t0)
495 5099 747 5171 Εὖλόγου.
807 5103 969 5156 Hanc
1015 5099 1235 5157 vocem"
1277 5100 1626 5158 addidimus
1664 5099 1871 5156 exsc-

261 5174 602 5243 ptemmss.

336 5242 450 5316 (11)
488 5243 868 5316 guinem“.
901 5244 981 5299 Ita
1010 5242 1185 5300 Coisl.
1205 5243 1439 5316 primus
1467 5258 1604 5299 cum
1628 5242 1869 5298 duobus

262 5312 420 5369 aliis.
450 5315 599 5369 Editi
634 5313 938 5377 ἀντιθέντες.

338 5386 455 5454 (12)
514 5389 619 5458 Τὴν
669 5392 927 5458 γώνμηνπ
956 5384 1153 5441 Codex
1194 5384 1513 5441 Medicmus
1566 5392 1628 5457 τῇ
1661 5391 1866 5458 γνώμη.

263 5454 451 5543 Idetll
466 5456 651 5543 p_ai110
671 5454 811 5543 host
829 5456 1017 5543 babet
1031 5464 1183 5509 τοῦτο
1212 5458 1472 5539 γίνεσθαι.

293 5526 597 5608 η(13)’ς1’ὴν
622 5526 788 5591 τάξιν.
818 5527 905 5608 _Id
937 5532 1046 5608 est,
1082 5526 1363 5608 πορίμῳ
1394 5542 1611 5608 sumus
1637 5526 1710 5608 in
1735 5542 1870 5608 par-

263 5596 507 5659 tib'us'et
522 5596 952 5659 communione
974 5596 1283 5658 Eustathii.
1297 5598 1654 5658 Communio
1679 5596 1868 5658 Sile-

1975 4672 2155 4727 nione
2186 4672 2564 4739 discesserat,
2592 4669 3249 4743 alt;_y¢9apy5CsTat:xat
3291 4669 3634 4743 μετᾳτάσσε-

1975 4762 2084 4803 ται,
2112 4748 2265 4799 orat.
2295 4746 2347 4807 3,
2378 4759 2436 4813 p.
2467 4744 2555 4798 5|.
2584 4738 2830 4798 Basilius
2861 4738 3031 4813 hom.
3058 4740 3075 4793 1
3106 4740 3192 4797 De
3204 4738 3443 4813 jejunio
3481 4739 3631 4813 p.78,

1975 4814 2191 4871 eadem
2238 4808 2396 4869 voce'
2433 4813 2636 4879 utitur,
2688 4813 2762 4868 de
2812 4828 2884 4869 eo
2931 4808 3219 4884 loquens.
3259 4810 3363 4881 qui
3415 4808 3635 4864 relictis

1976 4884 2472 4957 carnispartibus
2496 4885 2574 4940 ad
2600 4883 2877 4956 spiritum
2901 4883 3131 4955 transit,
3148 4883 3174 4935 ὁ
3194 4884 3325 4957 πρὸς
3349 4883 3408 4933 τὸ
3430 4887 3634 4953 πνεῦμα

1975 4956 2405 5029 μεταταξ-άμενοῂς.
2538 5011 2543 5016 _

2046 5028 2159 5087 (14)
2188 5018 2323 5087 ὝἚως
2348 5023 2503 5084 ἦσαν.
2535 5023 2708 5082 Coisl.
2742 5025 2974 5091 primus
3003 5025 3091 5086 ἕως
3122 5018 3181 5076 ἂν
3207 5024 3363 5083 ἦσαν.

2049 5104 2162 5167 (15)
2198 5103 2440 5158 Δικαίως.
2471 5096 2620 5151 Med.
2647 5101 2703 5150 et
2723 5095 2898 5169 Coisl.
2920 5096 3159 5169 primus
3192 5092 3426 5169 δικαίας.

2046 5162 2159 5239 (16)
2206 5174 2305 5223 Καὶ
2326 5173 2383 5221 τὸ
2415 5172 2594 5224 κακόν.
2615 5162 2971 5237 Conjunctib
2991 5167 3196 5223 addita
3225 5183 3298 5221 ex
3331 5162 3632 5239 Medicina.

1978 5234 2175 5299 Coisl..
2210 5245 2461 5311 utroque
2493 5245 2547 5294 et
2577 5234 2758 5309 Regio
2778 5240 3000 5311 primo.
3038 5240 3208 5296 Deest
3229 5239 3358 5294 haec
3379 5234 3637 5311 epistola

1974 5312 2035 5368 in
2059 5311 2263 5368 codice
2300 5310 2629 5366 Herlreano.

2048 5386 2156 5451 (17)
2196 5383 2672 5454 ’Λπαγορευουσαλ
2722 5384 2806 5436 lia
2855 5380 3030 5437 Coisl.
3090 5385 3339 5452 uterque
3387 5380 3445 5434 et
3491 5378 3632 5446 Reg.

1977 5458 2247 5528 uterque.
2279 5452 2926 5528 Editl‘unayopsﬁaaauv.

2047 5526 2070 5548 '
2105 5524 2267 5581 Alias
2300 5525 2520 5583 CCCIX.
2554 5524 2782 5596 Scripta
2807 5539 2969 5581 anno
2988 5526 3115 5580 376.

2041 5596 2081 5620 "
2117 5596 2279 5656 Alias
2309 5597 2484 5655 LXVI.
2520 5596 2753 5670 Scripta
2780 5610 2945 5655 anno
2973 5598 3097 5654 3‘76.
