4148 6386
508 296 610 351 927

1879 298 1936 355 S.
1978 293 2232 352 BASILII
2270 292 2494 351 MAGNI

3764 286 3882 344 928

507 423 665 480 tatus
713 438 818 496 spe
864 426 1156 497 concepta
1202 423 1474 482 allevor:
1534 440 1605 481 ac
1652 422 1893 480 conﬁdo
1945 419 2156 477 vestris

2273 417 2422 471 πάλιν
2461 416 2761 491 μεταϐαλών
2791 419 3103 492 κουφότερος
3148 418 3361 489 γίνομαι
3399 421 3511 477 ταῖς
3558 415 3736 470 ἐλπίσι
3782 420 3882 468 καὶ

504 511 789 584 precibus
819 512 1110 585 futurum,
1141 519 1207 571 ut
1242 514 1494 571 celerem
1525 514 1703 571 nobis
1743 511 2034 567 Dominus
2061 524 2162 582 pa-

508 616 640 657 cem
671 603 968 661 ostendat.
997 607 1253 661 Tantum
1282 620 1360 662 ne
1388 602 1795 673 defatigemini
1817 598 2119 676 precando
2145 614 2159 655 :

509 690 616 745 sed
644 706 783 763 qua:
830 693 1029 748 verbis
1061 692 1306 757 docetis,
1339 708 1550 749 eorum
1582 708 1745 748 nunc
1784 705 1966 765 opere
1998 688 2163 745 clara

507 778 790 837 omnibus
822 780 1054 839 studete
1079 780 1357 854 exempla
1386 795 1748 855 proponere.

969 999 1306 1058 EPISTOLA
1344 998 1663 1058 CCXLVIl'.

2269 505 2412 577 οἶδα,
2463 510 2540 560 ὅτι
2589 504 2685 561 διὰ
2734 516 2835 560 τῶν
2876 514 3189 581 προσευχῶν
3237 507 3381 578 ὑμῶν
3432 513 3654 578 ταχεῖαν
3711 504 3885 568 δείξει

2266 601 2392 673 ἡμῖν
2432 597 2549 669 (18)
2582 599 2608 650 6
2644 600 2832 673 Κύριος
2860 601 2954 656 τήν
2980 596 3228 668 γαλήνην.
3264 601 3429 649 Μόνον
3459 602 3531 669 μὴ
3565 595 3884 669 ἁποκάμητε

2266 692 2376 760 (I9)
2414 690 2866 761 ’προσευχόμενον
2914 685 3020 738 ἀλλ’
3054 682 3122 737 ὧν
3153 685 3329 757 λόγοις
3366 684 3481 739 ἐστὶ
3525 681 3879 753 διδάσκαλοι,

2264 778 2460 829 τούτων
2504 774 2588 827 ἐπὶ
2626 782 2718 827 τοῦ
2756 778 3012 848 παρόντος
3058 780 3246 847 καιροῦ
3294 775 3424 847 ἔργῳ
3460 779 3625 826 πᾶσιν
3683 771 3876 847 ἐναργῆ

2267 860 2612 919 σπουδάσατε
2642 866 2910 939 προθεῖναι
2941 866 3053 929 (20)
3095 865 3162 916 τὰ
3190 859 3583 935 ὑποδείγματα.

2770 993 3111 1043 ΕΠΙΣΤΟΛΗ
3151 986 3313 1045 ΣΜΖ.

504 1117 958 1190 Nicopolitanos
982 1124 1142 1180 inter
1169 1137 1474 1181 (erumnas
1505 1137 1608 1191 spe
1635 1120 1833 1178 divini
1854 1118 2081 1177 auxilii
2109 1116 2477 1191 consolatur,
2509 1129 2685 1187 seque
2713 1116 2798 1191 ait
2831 1115 2903 1171 de
2930 1115 3181 1172 illorum
3210 1114 3389 1172 rebus
3417 1128 3551 1171 cum
3581 1115 3884 1183 potentio-

1489 1188 1657 1249 ribus
1686 1193 1831 1249 viris
1869 1198 1924 1248 et
1954 1206 2156 1248 coram
2187 1194 2243 1247 et
2266 1204 2378 1260 per
2406 1189 2643 1245 litteras
2686 1188 2882 1259 egisse.

1104 1300 1565 1371 Nicopolitanis.

579 1404 725 1462 Cum
769 1407 1101 1464 sanctitatis
1148 1414 1361 1465 vestrm
1413 1408 1639 1465 litteras
1683 1407 1817 1479 legi,
1864 1410 2161 1479 quantum

2796 1290 3169 1355 Νικοπολίταις
3208 1291 3346 1365 (2t).

2340 1398 2466 1454 Ὀτε
2496 1399 2738 1473 ἐνέτυχον
2775 1407 2884 1464 τοῖς
2933 1401 3215 1475 γράμμασι
3262 1408 3354 1461 τῆς
3402 1399 3676 1462 ὁσιότητος
3707 1398 3883 1471 ὑμῶν,

504 1491 774 1562 ingemui
794 1500 852 1551 et
878 1496 1246 1553 lamentatus
1279 1514 1436 1566 sum,
1469 1496 1635 1569 quod
1657 1496 1806 1552 meis
1837 1497 2029 1569 ipsius
2059 1512 2162 1551 auo

2274 1490 2395 1543 ὅσον
2425 1489 2674 1554 ἐστέναξα
2702 1494 2792 1543 καὶ
2823 1486 3133 1563 ὠδυράμην,
3174 1491 3254 1541 ὅτι
3300 1493 3391 1541 καὶ
3429 1495 3598 1541 ταῦτα
3642 1490 3709 1542 τὰ
3737 1489 3885 1540 κακὰ

504 1579 675 1636 ribus
705 1582 835 1638 haec
853 1584 1033 1640 etiam
1064 1585 1225 1641 mala
1256 1585 1647 1659 accepissem.
1674 1583 1927 1639 verbera
1948 1586 2003 1638 et
2030 1596 2164 1637 con-

506 1670 786 1726 tumelias
817 1671 879 1727 in
905 1689 1011 1729 vos
1038 1674 1225 1745 ipsos,
1247 1674 1777 1747 depopulationem
1806 1672 2050 1740 aedium,
2079 1670 2164 1726 ci-

506 1759 707 1815 vitatis
729 1762 1092 1835 vastitatem,
1116 1765 1323 1837 patriaa
1347 1764 1524 1820 totius
1554 1764 1951 1828 eversionem,
1981 1777 2163 1818 vexa-

508 1848 733 1906 tionem
786 1852 1080 1925 Ecclesize,
1133 1854 1517 1911 sacerdotum
1576 1853 2017 1926 expulsionem,
2077 1853 2163 1909 in-

509 1938 850 1994 cursionem
880 1940 1186 2012 luporum,
1231 1948 1288 1999 et
1316 1943 1512 2015 gregis
1542 1942 2003 2015 dispersionem.
2047 1940 2164 1997 Sed

507 2030 837 2098 postquam
870 2032 1099 2086 cessavi
1128 2031 1433 2102 ingemere
1463 2049 1533 2090 ac
1561 2031 1910 2103 lacrymari,
1944 2031 2023 2087 ad
2055 2034 2164 2087 Do-

507 2115 769 2187 minum,
826 2119 934 2190 qui
987 2120 1049 2175 in
1099 2120 1261 2177 caelis
1318 2127 1430 2192 est,
1484 2122 1831 2194 respiciens,
1889 2120 2052 2190 novi,
2107 2125 2165 2177 et

505 2219 871 2276 persuasum
893 2207 1112 2278 habeo,
1146 2211 1311 2283 quod
1344 2215 1401 2267 et
1428 2210 1601 2266 vobis
1622 2216 1831 2266 notum
1855 2226 1985 2266 esse
2006 2210 2162 2280 volo,

508 2293 762 2350 celerem
809 2296 1157 2353 adfuturam
1191 2314 1391 2370 opem,
1433 2314 1544 2354 nec
1587 2303 1942 2372 perpetuam
1990 2298 2165 2354 dere-

507 2380 814 2441 lictionem
843 2384 1128 2444 futuram.
1174 2388 1345 2453 Quod
1390 2388 1551 2444 enim
1593 2389 1756 2460 passi
1799 2404 2031 2458 sumus,
2084 2387 2164 2443 ob

509 2476 760 2543 peccata
789 2478 996 2531 nostra
1022 2475 1189 2548 passi
1223 2493 1466 2546 sumus;
1512 2477 1619 2533 sed
1645 2493 1824 2550 opem
1856 2494 2051 2547 suam,
2084 2476 2165 2533 ob

512 2575 692 2615 suum
716 2561 778 2617 in
812 2563 1108 2621 Ecclesias
1135 2581 1404 2622 amorem
1435 2582 1505 2622 ac
1535 2566 2029 2637 misericordiam,
2060 2565 2161 2622 he-

509 2648 733 2719 nignus
761 2652 1061 2710 ostendet.
1114 2655 1349 2712 Minime
1393 2661 1597 2713 tamen
1625 2657 1943 2712 omisimus
1983 2660 2041 2712 et
2067 2671 2164 2712 co-

509 2752 642 2795 ram
670 2742 1014 2813 supplicare
1042 2745 1480 2816 potentioribus
1512 2746 1669 2805 viris.
1705 2750 1762 2801 et
1797 2746 1875 2802 ad
1919 2761 2021 2801 eos
2060 2745 2163 2818 qui

511 2841 626 2922 nos
658 2827 719 2883 in
750 2829 891 2922 aula
919 2830 1198 2903 diligunt,
1238 2834 1517 2901 scribere,
1550 2839 1617 2890 ut
1660 2834 1856 2890 rabidi
1901 2834 2166 2891 hominis
2204 2868 2245 2922 υ

510 2917 602 2973 ira
628 2920 1086 2991 comprimatur.
1111 2926 1191 2979 Ac
1217 2923 1342 2980 fore
1363 2924 1620 2981 arbitror
1640 2930 1703 2982 ut
1724 2941 1761 2980 a
1790 2925 1995 2981 multis
2027 2942 2166 2980 con-

510 3004 849 3072 demnetur.
866 3008 981 3065 nisi
1002 3010 1149 3068 forte
1170 3016 1410 3085 tempus
1430 3012 1896 3085 perturbationis
1917 3011 2167 3084 plenum

510 3093 624 3159 his,
657 3096 764 3169 qui
814 3112 944 3156 rem
988 3099 1299 3172 publicam
1346 3106 1580 3171 gerunt,
1623 3101 1771 3158 nihil
1799 3101 1877 3158 ad
1905 3101 2021 3159 ista
2065 3099 2169 3157 otii

509 3184 834 3259 reliquerit.

867 3322 1047 3396 384
1079 3325 1416 3383 EPISTOLA
1456 3326 1794 3385 CCXLVIII‘.

2272 1587 2388 1642 ταῖς
2434 1578 2659 1652 ἐμαυτοῦ
2718 1577 2902 1642 ἀκοαῖς
2958 1575 3314 1650 ὑπεδεξάμην,
3384 1576 3592 1650 πληγὰς
3636 1579 3728 1650 μεν
3784 1583 3885 1629 καὶ

2272 1668 2448 1743 ὕϐρεις
2478 1668 2544 1729 εἰς
2574 1669 2709 1742 ὑμᾶς
2740 1668 2952 1737 αὐτοὺς,
2992 1670 3253 1742 πόρθησιν
3299 1664 3359 1720 δὲ
3408 1670 3581 1734 οἴκων,
3618 1671 3708 1719 καὶ
3754 1668 3881 1740 ἐρή-

2272 1777 2440 1831 μωσιν
2467 1757 2682 1827 πόλεως,
2716 1762 2806 1810 καὶ
2836 1754 3091 1831 πατρίδος
3131 1757 3253 1820 ὅλης
3286 1755 3602 1830 ἀνατροπὴν,
3638 1752 3885 1827 διωγμὸν

2272 1848 2584 1908 Ἐκκλησίας
2636 1851 2727 1900 καὶ
2790 1851 2955 1921 φυγὴν
3024 1850 3214 1923 ἱερέων,
3278 1846 3632 1900 ἐπανάστασιν
3684 1844 3884 1913 λύκων,

2272 1942 2362 1991 καὶ
2417 1941 2669 2009 ποιμνίων
2731 1933 3049 2009 διασποράν.
3116 1936 3251 1990 Ἀλλ’
3315 1932 3496 1994 ἐπειδὴ
3566 1933 3886 2007 ἐπαυσάμην

2269 2035 2362 2081 τοῦ
2402 2034 2695 2099 στεναγμοῦ
2725 2027 2947 2080 καὶτῶν
2994 2023 3256 2101 δακρύων,
3314 2029 3445 2099 πρός
3497 2027 3584 2078 τὸν
3628 2024 3676 2077 ἐν
3718 2024 3887 2099 οὐρα-

2273 2123 2379 2179 νοῖς
2427 2121 2691 2175 Δεσπότην
2741 2114 3060 2187 ἀποϐλέψας,
3094 2112 3218 2168 οἶδα
3260 2119 3349 2168 καὶ
3387 2119 3699 2187 πέπεισμαι,
3732 2115 3759 2166 ὃ
3789 2119 3888 2168 καί

2273 2206 2409 2279 ὑμᾶς
2447 2210 2723 2277 γινώσκειν
2770 2203 3052 2278 βούλομαι,
3103 2206 3184 2256 ὄτι
3235 2212 3429 2277 ταχεῖα
3458 2204 3608 2257 ἔσται
3655 2206 3685 2262 ἡ
3730 2202 3887 2256 ἀντί-

2273 2293 2452 2365 ληψις,
2479 2300 2569 2347 καὶ
2598 2295 2692 2346 οὐκ
2724 2293 2793 2356 εἰς
2824 2293 2967 2355 τέλος
2996 2296 3146 2346 ἔσται
3186 2295 3216 2353 ἡ
3264 2292 3649 2365 ἐγκατάλειψις.
3690 2290 3758 2346 Ὃ
3787 2294 3887 2366 μὶν

2272 2386 2374 2459 γὰρ
2405 2385 2752 2455 πεπόνθαμεν,
2787 2378 2881 2435 διὰ
2906 2385 2995 2444 τὰς
3046 2382 3304 2457 ἁμαρτίας
3351 2384 3498 2455 ἡμῶν
3526 2383 3883 2454 πεπόνθαμεν·

2272 2476 2368 2532 τὴν
2418 2468 2476 2525 δε
2506 2472 2664 2525 αὑτοῦ
2709 2470 2959 2547 βοήθειαν
3010 2468 3104 2525 διὰ
3140 2476 3235 2531 τήν
3277 2476 3395 2545 περὶ
3432 2473 3526 2534 τὰς
3562 2470 3886 2533 Ἐκκλησίας

2274 2560 2460 2614 ἑαυτοῦ
2486 2561 2695 2634 ἀγάπην
2720 2566 2811 2615 καὶ
2850 2560 3214 2633 εὐσπλαγχίαν
3244 2562 3269 2612 6
3296 2560 3655 2635 φιλάνθρωπος
3682 2557 3810 2613 ἐπιδ
3814 2565 3886 2614 εί-

2274 2652 2437 2715 ξεται.
2489 2652 2564 2704 Οὐ
2603 2656 2779 2725 μέντοι
2818 2651 3165 2726 παρελίπομεν
3195 2655 3285 2704 καὶ
3324 2656 3575 2726 παρόντες
3601 2651 3716 2724 (22)
3760 2655 3888 2715 τοὺς

2274 2742 2322 2795 ἐν
2355 2738 2575 2814 δυνάμει
2616 2744 3053 2808 καθικετεύοντες,
3106 2744 3197 2794 καὶ
3237 2741 3321 2794 ἐπὶ
3369 2748 3461 2794 τοῦ
3516 2737 3886 2813 στρατοπέδου

2272 2838 2377 2893 τοῖς
2418 2830 2693 2904 ἀγαπῶσιν
2743 2834 2883 2904 ἡμᾶς
2943 2830 3321 2892 ἐπιστέλλοντες
3372 2830 3726 2903 ἐπισχεθῆναι
3785 2839 3888 2893 τῆς

2275 2922 2435 2996 ὀργῆς
2479 2923 2565 2973 τὸν
2604 2920 2902 2976 λυσσῶντα.
2955 2923 3057 2974 Καὶ
3105 2926 3253 2993 οἶμαι
3306 2922 3452 2992 παρά
3503 2919 3700 2973 πολλῶν
3742 2919 3887 2983 ἣξειν

2276 3009 2417 3081 αὐτῷ
2442 3011 2793 3082 κατάγνωσιν,
2841 3008 2924 3062 ἐὰν
2962 3014 3033 3083 μὴ
3070 3010 3176 3083 ἄρα
3222 3010 3248 3061 6
3286 3012 3469 3084 καιρὸς
3511 3008 3733 3083 θορύϐου
3766 3010 3887 3081 (23)

2275 3099 2675 3174 πεπληρωμένος
2704 3095 2971 3173 μηδεμίαν
3021 3096 3099 3171 δῷ
3149 3098 3352 3172 σχολὴν
3394 3103 3515 3176 περί
3559 3105 3727 3153 ταῦτα
3771 3104 3890 3161 τοῖς

2277 3188 2360 3242 ἐπὶ
2384 3196 2484 3241 τῶν
2505 3191 2842 3263 πραγμὰτων.

2780 3326 3123 3380 ΕΠΙΣΤΟΛΗ
3163 3322 3334 3379 ΣΜΙΥ.

512 3440 717 3524 Minus
745 3446 1061 3524 molestum
1087 3449 1321 3524 Basilio
1352 3448 1550 3506 abesse
1572 3450 2083 3520 Amphilochium,
2111 3465 2176 3507 eo
2201 3428 2363 3524 quod
2389 3452 2546 3509 absit
2576 3466 2613 3508 a
2636 3453 3052 3522 persecutione
3080 3467 3266 3523 usque
3289 3451 3371 3507 ad
3393 3451 3707 3524 sanguinis
3737 3452 3886 3524 επιε-

583 3520 806 3595 sionem
836 3522 1127 3574 saeviente.
1159 3520 1411 3595 Quidam
1445 3523 1600 3577 enim
1638 3524 1953 3593 Asciepius
1982 3538 2058 3579 ea:
2086 3520 2285 3595 plag‘is
2320 3529 2613 3580 mortuus.
2637 3520 2826 3594 'Spem
2857 3524 3032 3581 habet
3064 3520 3330 3580 Basilius
3372 3525 3437 3579 in
3469 3520 3889 3594 A’mphitochii

582 3587 901 3658 precibus;
927 3596 1126 3647 monet
1154 3597 1221 3646 ut
1246 3593 1446 3649 mittat
1479 3596 1584 3664 qui
1614 3587 1836 3650 librum
1866 3597 1952 3651 De
1970 3587 2429 3667 Spiritu'sancto
2449 3596 2638 3666 ferat.

841 3694 1278 3765 Amphilochia.
1322 3698 1518 3756 Iconii
1552 3701 1846 3770 episcopo.

582 3798 673 3855 Ad
712 3800 1078 3859 desiderium
1126 3809 1403 3861 nostrum
1449 3806 1598 3863 dum
1639 3808 2017 3880 respicimus,
2063 3824 2167 3864 an-

513 3886 715 3958 gimur
740 3890 906 3963 quod
935 3896 1245 3966 tantopere
1284 3911 1320 3951 a
1342 3900 1444 3951 tua
1464 3895 1682 3967 pietate
1719 3897 1907 3954 simus
1932 3897 2126 3953 dissiti
2151 3915 2164 3954 :

513 3978 662 4034 dum
687 3995 829 4037 vero
859 3983 933 4038 ad
967 3988 1084 4039 tuas
1110 3985 1244 4040 vitae
1274 3987 1770 4058 tranquilitatem,
1804 3990 2025 4059 gratias
2052 4004 2168 4059 ago

514 4069 792 4135 Domino,
821 4073 927 4143 qui
957 4077 1123 4129 tuam
1155 4075 1436 4146 pietatem
1462 4080 1680 4133 exemit
1712 4079 1788 4133 ab
1820 4080 1933 4135 hoc
1964 4081 2167 4135 inccn-

513 4158 635 4223 dio,
649 4159 813 4230 quod
833 4162 1125 4233 majorem
1151 4165 1211 4219 in
1232 4165 1482 4220 modum
1500 4169 1873 4237 provinciam
1893 4174 2167 4225 nostram

512 4248 874 4306 devastavit.
926 4252 1095 4308 Dedit
1145 4254 1307 4311 enim
1350 4255 1526 4311 nobis
1574 4259 1911 4314 secundum
1960 4264 2168 4315 nostra

2618 3701 2968 3776 Ἀμφιλοχίῳ,
3003 3702 3272 3776 ἐπισκόπῳ
3304 3703 3540 3758 Ἰκονίου.

2347 3813 2509 3867 Ὀταν
2556 3818 2647 3888 μεν
2711 3819 2843 3891 πρὸς
2904 3820 2998 3875 τὴν
3043 3818 3297 3892 ἡμετέραν
3360 3815 3529 3869 αὐτῶν
3601 3817 3890 3889 ἓπιθυμίαν

2280 3900 2570 3978 ἀπίδωμεν,
2612 3903 2891 3979 ἀχθόμεθα
2927 3913 3178 3959 τοσοῦτον
3228 3902 3570 3978 διῳκισμένοι
3611 3913 3704 3966 τῆς
3740 3904 3889 3959 εὐλοι-

2279 3991 2419 4056 6είας
2487 4012 2604 4046 σου·
2664 3996 2785 4047 ὅταν
2824 3992 2883 4048 δὲ
2937 3998 3071 4068 πρὸς
3132 3998 3190 4049 τὸ
3230 3996 3490 4068 εἰρηνικόν
3546 4004 3643 4056 τῆς
3683 4002 3890 4048 σαυτοῦ

2280 4079 2587 4156 διαγωγῆς,
2662 4088 3083 4160 εὐχαριστοῦμεν
3148 4093 3221 4156 τῷ
3290 4090 3465 4161 Κυρίῳ
3499 4126 3515 4152 ,
3581 4092 3655 4137 τῶ
3724 4084 3906 4147 ἑξελο-.

2277 4176 2409 4245 μένῳ
2444 4174 2557 4243 (24)
2620 4178 2714 4232 τὴν
2782 4173 3045 4226 εὐλάϐειαν
3112 4194 3208 4227 σου
3257 4172 3358 4227 ἀπὸ
3415 4181 3509 4227 τοῦ
3565 4173 3888 4250 ἐμπρησμοῦ

2280 4265 2488 4335 τούτου,
2531 4263 2582 4324 ὃς
2620 4263 2793 4321 πλέον
2825 4264 3123 4337 ἐπενείματο
3173 4269 3263 4323 τὴν
3328 4265 3448 4317 καθ’
3500 4266 3641 4338 ἧμας
3696 4284 3891 4337 παροι-

512 4352 702 4411 opera
742 4339 944 4411 justus
986 4341 1176 4413 judex
1238 4345 1525 4415 angelum
1582 4348 1837 4420 Satanae,
1891 4349 1996 4421 qui
2050 4364 2164 4407 nos

2280 4356 2419 4408 κίαν.
2475 4349 2677 4407 Ἔδωκε
2748 4355 2851 4428 γὰρ
2910 4355 3036 4427 ἡμῖν
3100 4356 3236 4408 κατὰ
3279 4356 3346 4408 τὰ
3384 4357 3514 4430 ἔργα
3555 4356 3704 4428 ἡμῶν
3743 4356 3771 4407 6
3799 4350 3887 4409 δι-

583 4680 621 4755 ί
642 4678 805 4755 Alias
827 4682 979 4755 C7X_C_.
1000 4682 1239 4755 Scripta
1264 4698 1426 4741 anno
1448 4687 1572 4741 376.

582 4750 626 4826 '_'_
652 4751 827 4826 Alias
850 4753 1091 4808 CCCCV.
1119 4750 1348 4826 Scripta
1369 4771 1531 4811 anno
1561 4760 1687 4813 376.

511 4821 706 4947 Ed(ilti8).
734 4822 907 4910 'Ijat’v.
940 4828 1025 4882 Ita
1055 4821 1514 4899 Coislfuterque
1545 4834 1602 4883 et
1643 4831 1785 4898 Reg.
1837 4830 2163 4887 secundus.

684 4913 828 4947 υμιν.

601 4901 662 4947 1ῐὶ
684 4901 828 4950 ὑμῖν.

579 4915 1210 5043 ξιιιδῖέλντξοκάμρῖεηδίο
1248 4968 1416 5043 led,
1463 4969 1640 5027 Coisl.
1681 4974 1931 5043 uterque
1975 4976 2033 5029 et
2062 4974 2166 5029 Re-

509 5034 1109 5112 gius_primus.'Editi
1139 5034 1476 5112 ᾇτιςοκάμοιτι.

735 5108 1030 5187 ῃροθεῐναι.
1062 5110 1234 5187 Coisl.
1266 5106 1498 5187 primus
1528 5116 1585 5168 et
1611 5114 1734 5168 Vat.
1762 5115 2090 5187 προσθεῖναι.

582 5177 1125 5247 (217)Ntxo7roli?at;.
1188 5177 1387 5239 Codex
1442 5177 1945 5240 Claromontanus
1997 5186 2167 5243 addit

507 5246 900 5329 πρεσϐυεέροις.
940 5251 1327 5329 Qpiguidem
1354 5254 1557 5329 titulus
1590 5256 1937 5329 conﬁrmari
1968 5262 2167 5329 potest

508 5335 580 5400 ex
612 5320 922 5400 codicibus
955 5320 1124 5400 Medi,
1156 5324 1334 5400 _Coisl.
1369 5326 1566 5400 primo
1617 5332 1671 5381 et
1714 5327 1896 5400 Regio
1927 5320 2162 5400 primo,

504 5390 564 5470 in
583 5391 807 5470 quibus
820 5393 944 5470 haec
962 5390 1213 5465 epistola
1233 5390 1829 5470 proﬁimeantecedit
1843 5390 2162 5470 epistolam

504 5463 609 5541 246
638 5462 1140 5541 adpresbyteros
1171 5462 1306 5521 cum
1341 5466 1457 5541 hoc
1484 5467 1652 5541 titulo
1702 5462 2013 5541 scriptam,
2058 5479 2165 5531 τοῖς

505 5531 872 5620 ςιύτοῖςζυὴάϐ
888 5531 1204 5620 utramque
1225 5531 1888 5620 presbyterisjscriptahi
1906 5531 2034 5620 esse
2049 5543 2166 5599 col-

502 5601 816 5671 ﬁgendum
839 5601 1146 5666 esset.Sea
1160 5601 1376 5666 melius
1390 5601 1581 5667 codex
1594 5601 1597 5603 ’
1609 5601 1951 5684 Vaticanus,
1964 5613 2026 5671 in
2038 5628 2163 5686 quo

2277 4689 2406 4746 haec
2436 4690 2689 4762 epistola
2718 4690 3202 4749 ducentesimam
3241 4693 3613 4763 trigesimam
3640 4693 3718 4750 ad
3750 4710 3885 4751 ma-

2278 4763 2561 4832 gistratus
2594 4764 3037 4835 Nicopolitanos
3065 4765 3347 4836 scriptam
3351 4766 3656 4891 dproxime
3686 4767 3884 4837 sequi-

2278 4839 2373 4888 tur
2393 4848 2531 4888 cum
2552 4835 2668 4889 hoc
2693 4834 2885 4891 titulo.
2914 4842 3021 4891 τοῖς
3052 4836 3253 4891 αὐτοῖς.
3276 4838 3347 4891 iis
3394 4851 3504 4891 em.
3521 4836 3607 4891 Ad
3631 4838 3883 4891 eosdem

2277 4839 2373 4904 tur
2393 4848 2531 4888 cum
2552 4835 2668 4889 hoc
2693 4834 2885 4895 titulo.
2914 4842 3021 4897 τοῖς
3052 4834 3253 4904 αὐτοῖς,
3276 4834 3504 4892 iisdem.
3521 4836 3607 4891 Ad
3631 4834 3883 4895 eosdem

2275 4903 2559 4978 libentius
2588 4906 2892 4978 retulerim
2915 4906 3072 4978 hanc
3096 4906 3434 4978 epistolam,
3460 4906 3554 4962 vel
3583 4908 3663 4962 ad
3694 4908 3879 4967 cives.

2278 4975 2517 5050 Videtur
2533 4976 2690 5031 enim
2714 4977 2923 5050 iisdem
2947 4977 3022 5032 de
3040 4975 3218 5033 rebus
3243 4994 3419 5047 agere
3441 4994 3512 5034 ac
3529 4979 3882 5050 praecedens

2275 5061 2411 5117 quae
2434 5047 2661 5102 clericis
2688 5049 2910 5117 scripta
2938 5054 3049 5105 est.
3080 5050 3374 5106 Praeterea
3405 5050 3496 5104 his
3524 5047 3880 5116 verbis,ver-

2277 5118 2418 5173 bera
2448 5124 2503 5173 et
2534 5118 2923 5175 contumelias
2952 5122 3015 5175 in
3048 5137 3147 5176 vos
3176 5122 3351 5189 ipsos,
3372 5121 3754 5178 sacerdotum
3778 5138 3882 5179 ea:-

2271 5190 2627 5265 putsionem,
2656 5190 3071 5265 non_ob‘scure_
3086 5192 3345 5265 Basilius
3376 5209 3502 5261 eos,
3541 5208 3698 5265 quos
3732 5194 3880 5250 allo-

2273 5260 2495 5332 quitur,
2528 5276 2566 5316 a
2595 5261 3013 5317 sacerdotibus
3038 5262 3370 5332 distinguit.

2344 5332 2456 5402 (22)
2497 5338 2596 5385 Καὶ
2625 5338 2895 5406 παρόντες.
2938 5336 3071 5390 Haec
3109 5336 3333 5392 desunt
3370 5335 3430 5391 in
3461 5334 3667 5392 codice
3698 5336 3877 5394 Medi-

2274 5417 2420 5458 0&0.

2344 5474 2462 5553 (ἓξ)
2493 5473 2754 5553 Θορτὲἕεξυ-
2788 5475 2971 5553 Coisl;
2997 5477 3233 5553 primus
3264 5476 3512 5553 θορύβῗφγ·

2270 5544 2580 5679 ἒξεεῗὲἷι
2611 5544 2904 5621 ἐξελομένῳ.
2934 5544 3106 5606 Cdisl.
3131 5544 3363 5630 priuatis
3383 5548 3692 5661 ἐξελουμένιρ
3722 5549 3877 5631 ἣζθᾴ,

2328 5635 2593 5691 ειλαμενῳ.
3426 5642 3427 5645 ‘
3537 5635 3547 5641 '
3673 5636 3676 5661 *
