4148 6380
254 341 362 402 929

249 472 562 544 καιὸκρίτης
611 467 831 542 ἄγγελον
886 468 1089 536 Σατάν,
1150 467 1338 531 ἱκανῶς
1401 470 1541 541 ἡμᾶς
1602 483 1854 519 κατακον-

254 555 563 630 δυλίζοντα,
594 564 684 612 καὶ
732 555 975 634 σφοδρῶς
1019 559 1110 630 μὲν
1149 553 1460 612 ἐκδικοῦντα
1505 560 1598 616 τήν
1630 557 1850 629 αἵρεσινο

250 652 420 724 μέχρι
443 651 700 701 τοσούτου
733 645 768 700 δ
771 652 792 701 's
819 651 906 700 τὸν
945 650 1070 720 πρὸς
1098 649 1234 720 ἡμᾶς
1264 646 1587 719 ἐξαγαγόντα
1613 645 1854 719 πόλεμον,

251 740 394 791 ὥστε
417 735 556 812 μηδὲ
595 739 812 811 αἵματος
841 739 1127 810 φείσασθαι
1169 745 1268 789 τῶν
1302 737 1369 798 εἰς
1415 739 1543 791 Θεὸν
1582 753 1861 789 πεπιστευ-

249 832 437 881 κότων.
491 830 706 890 Πάντως
746 829 848 902 γὰρ
905 825 1000 879 οὐκ
1059 825 1209 880 ἔλαθέ
1253 845 1347 879 σου
1391 831 1485 885 τὴν
1517 824 1860 898 ἀγάπηνίβτι

250 917 577 980 Ἀσκλὴπιός
605 936 707 983 τις,
737 913 830 969 διὰ
868 918 927 968 τὸ
957 919 1027 988 μὴ
1055 915 1261 969 ελέσθαι
1301 919 1397 974 τὴν
1436 919 1566 990 πρὸς
1595 917 1682 968 τὸν
1708 918 1860 972 Δωὴκ

247 1010 543 1074 κοινωνίαν,
575 1009 894 1078 τυπτόμενος
917 1005 1043 1078 παρ’
1075 1005 1245 1057 αὐτῶν
1287 1011 1402 1068 ταῖς
1431 1004 1657 1077 πληγαῖς
1686 1003 1860 1056 ἐναπε-

250 1097 393 1166 θανε,
426 1093 618 1168 μᾶλλον
651 1090 710 1147 δε
734 1089 827 1147 διὰ
845 1102 946 1146 τῶν
975 1093 1188 1166 πληγῶν
1215 1094 1285 1158 εἰς
1307 1098 1398 1156 τὴς
1429 1094 1568 1156 ζωὴν
1589 1094 1855 1160 μετετέθη.

248 1184 544 1240 ’Δκὸλουθα
586 1181 646 1237 δε
697 1181 869 1256 ἕκείνῳ
916 1184 1089 1236 πάντα
1135 1186 1245 1236 οἴου
1285 1184 1526 1255 γίνεσθαι
1573 1184 1641 1236 τά
1679 1182 1855 1235 λοιπά⁶

250 1271 520 1347 διωγμοὺς
548 1271 911 1349 πρεσϐυτέρων
953 1277 1044 1325 καὶ
1086 1269 1448 1341 διδασκάλων,
1490 1275 1555 1326 τά
1604 1271 1862 1324 ἄλλάὸσα

247 1361 314 1416 ἂν
343 1367 621 1421 ποιήσειαν
665 1362 931 1434 ἅνθρωποι
983 1369 1046 1434 τῇ
1105 1360 1160 1414 ἔκ
1207 1369 1300 1422 τῆς
1355 1361 1527 1435 ἀρχῆς
1575 1357 1860 1432 δυναστείᾳ

247 1456 385 1528 πρὸς
419 1455 476 1505 τὸ
520 1450 714 1505 ἑαυτῶν
766 1449 1012 1524 βούλημα
1063 1455 1401 1526 κεχρημένοι.
1465 1449 1622 1505 Ἀλλὰ
1667 1453 1860 1502 τούτων

247 1544 342 1615 μεν
373 1545 466 1600 τήν
495 1540 646 1594 λύσιν
688 1542 814 1613 ἡμῖν
845 1541 870 1594 ὁ
906 1543 1094 1614 Κύριος
1131 1548 1250 1602 ταῖς
1282 1559 1398 1601 σαις
1451 1539 1634 1612 εὐχαῖς
1674 1537 1857 1610 δώσει,

247 1635 343 1684 καὶ
381 1634 476 1690 τὴν
505 1632 789 1702 ὑπομονὴν·
836 1628 970 1682 ὣστε
999 1628 1275 1703 βαστάσαι
1304 1631 1439 1702 ἡμᾶς
1468 1632 1526 1682 τὸ
1569 1626 1730 1704 βάρος
1759 1636 1859 1680 τῶν

248 1727 557 1793 πειρασμῶν
589 1717 744 1782 ἀξίως
774 1727 872 1782 τῆς
901 1717 978 1771 ἐπ’
1007 1718 1163 1772 αὐτὸν
1192 1715 1423 1780 ἐλπίδος⁸
1460 1718 1612 1779 αὐτὸς
1643 1714 1702 1771 δε
1729 1735 1859 1770 κατ-

249 1809 400 1873 αξίου
448 1828 538 1861 και
590 1806 899 1860 ἐπιστέλλειν
955 1810 1080 1881 ἡμῖν
1130 1817 1361 1880 συνεχῶς
1412 1811 1532 1880 περὶ
1574 1815 1673 1859 τῶν
1723 1807 1860 1859 κατὰ

253 1901 498 1956 σεαυτὸν.
551 1895 656 1951 Κᾶν
701 1897 853 1971 εὕρῃς
894 1899 1011 1950 τινά
1057 1900 1146 1949 τὸν
1197 1905 1395 1958 πιστῶς
1440 1916 1525 1949 σοι
1575 1892 1858 1968 δυνάμενον

251 1983 572 2060 διακομίσαι
609 1989 669 2038 τὸ
700 1987 920 2044 πονηθεν
966 1987 1093 2059 ἡμῖν
1140 1985 1364 2060 βιϐλίον,
1404 1985 1726 2049 καταξίωσον
1773 2003 1861 2058 μεο

249 2075 652 2144 ταστείλασθαι,
690 2077 791 2147 ἶνα,
829 2083 888 2148 τῇ
944 2084 1010 2148 σῇ
1060 2073 1320 2150 ἐπικρίσει
1361 2074 1728 2150 θαρρήσαντες,
1770 2077 1862 2126 καὶ

253 2165 331 2227 εἰς
373 2164 534 2218 ἀλλων
578 2172 769 2240 χεῖρας
817 2164 946 2216 αὐτό
1022 2161 1462 2237 διαπεμψώμεθα,
1524 2162 1858 2238 Ἐῥρωμένος,

254 2256 472 2328 εὔθυμος
497 2261 570 2326 τῷ
604 2258 801 2328 Κυρίῳ,
830 2253 1246 2327 ὖπερευχόμενος
1266 2255 1399 2325 (25),
1427 2254 1744 2328 χαρισθείης
1771 2271 1862 2324 μοι

250 2349 344 2398 καὶ
374 2352 437 2417 τῇ
487 2351 580 2396 τοῦ
615 2348 811 2418 Κυρίου
860 2342 1148 2415 Ἐκκλησία
1177 2344 1367 2416 χάριτι
1394 2350 1487 2396 τοῦ
1515 2341 1693 2414 Ἀγίου
1724 2342 1858 2412 (26).

781 2455 1113 2505 ΕΡΙΣΤΟΛΗ
1153 2449 1330 2507 ΣΜΘ’.

1214 331 1706 401 EPISTOLARUM
1743 337 2024 398 CLASSIS
2061 339 2130 396 II.
2169 338 2382 398 EPIST.
2423 330 2577 398 CCL.

3515 339 3621 402 930

1971 463 2118 520 satis
2149 479 2453 538 superque
2473 467 2691 535 _vexat,
2720 462 3122 538 haeresimque
3161 466 3375 524 acriter
3411 467 3622 525 delen-

1969 551 2076 621 dit,
2099 558 2155 610 et
2179 553 2403 611 bellum
2431 555 2493 611 in
2527 571 2640 611 nos
2683 570 2756 610 eo
2785 553 3086 627 perduxit,
3118 559 3182 612 ut
3219 570 3296 612 ne
3338 557 3624 627 sanguini

1968 643 2215 714 quidem
2252 649 2464 716 parcat
2493 645 2865 701 credentium
2895 644 2955 700 in
2985 647 3192 700 Deum.
3224 647 3374 702 Nam
3411 645 3620 718 profe-

1967 737 2062 789 cto
2087 732 2467 790 dilectionem
2499 739 2664 791 tuam
2695 750 2819 790 non
2843 733 3004 805 latet,
3036 734 3380 808 Asclepium
3409 751 3622 808 quem-

1966 820 2132 890 dam,
2156 837 2228 878 eo
2257 823 2424 895 quod
2450 823 2947 880 communionem
2971 839 3111 879 cum
3137 825 3293 879 Doec
3319 823 3468 880 inire
3495 823 3624 880 nol-

1964 909 2064 979 let,
2092 910 2171 967 ab
2200 911 2315 968 illis
2347 913 2755 982 verberatum,
2804 928 2877 968 ex
2906 911 3104 985 plagis
3133 917 3444 970 mortuum
3470 929 3620 986 esse,

1967 999 2061 1056 vel
2087 1001 2286 1072 potius
2329 1017 2437 1074 per
2480 1001 2696 1074 plagas
2737 1001 2818 1058 ad
2847 1002 3037 1058 vitam
3082 1017 3212 1058 esse
3243 1001 3622 1060 translatum.

1967 1090 2382 1146 Consentanea
2424 1096 2627 1148 autem
2671 1091 2812 1148 huic
2847 1091 3098 1147 facinori
3139 1091 3371 1164 reliqua
3415 1091 3626 1148 omnia

1967 1193 2097 1234 esse
2145 1179 2440 1247 existima,
2504 1180 2952 1252 persecutiones
3006 1180 3497 1253 presbyterorum
3553 1195 3626 1238 ac

1967 1268 2421 1339 magistrorum,
2456 1275 2512 1325 et
2556 1285 2959 1342 quaecumque
2998 1270 3116 1326 alia
3154 1270 3400 1327 fecerint
3433 1271 3624 1327 homi-

1966 1373 2074 1414 nes
2114 1357 2352 1430 imperii
2394 1359 2745 1414 auctoritate
2794 1359 2872 1414 ad
2921 1376 3100 1414 suum
3149 1359 3421 1431 ipsorum
3463 1360 3624 1416 arbi-

1966 1443 2146 1500 trium
2199 1444 2536 1503 abutentes.
2603 1445 2719 1503 Sed
2775 1446 2995 1502 horum
3038 1446 3399 1503 solutionem
3449 1447 3628 1504 nobis

1967 1533 2257 1590 Dominus
2304 1534 2588 1606 precibus
2633 1535 2752 1592 tuis
2807 1535 2976 1592 dabit
3037 1540 3093 1591 et
3138 1536 3510 1607 patientiam,
3561 1540 3628 1594 ut

1968 1624 2364 1680 tentationum
2395 1623 2636 1696 pondus
2679 1624 2970 1693 feramus,
3021 1625 3103 1681 ita
3146 1629 3212 1680 ut
3257 1641 3364 1697 spe
3399 1625 3458 1681 in
3492 1626 3626 1698 ipso

1967 1713 2232 1785 reposita
2261 1712 2517 1784 dignum
2567 1717 2676 1770 est.
2697 1717 2844 1786 .lpse
2887 1729 3032 1771 vero
3083 1713 3349 1785 digneris
3398 1714 3479 1770 ad
3515 1730 3628 1771 nos

1902 1839 1943 1894 Β
1971 1803 2313 1876 frequenter
2342 1804 2600 1894 scribere
2629 1803 2727 1894 de,
2752 1803 2937 1861 rebus
2970 1804 3108 1894 tuis.
3147 1810 3228 1861 Ac
3273 1804 3322 1861 si
3359 1805 3626 1878 reperias

1971 1893 2076 1966 qui
2123 1892 2377 1949 ﬁdeliter
2421 1893 2612 1966 possit
2656 1893 2734 1950 ad
2789 1898 2845 1950 te
2892 1893 3154 1966 perferre
3183 1894 3558 1952 elaboratum
3590 1912 3629 1954 a

1970 1997 2068 2038 me
2091 1981 2336 2051 librum,
2368 1998 2672 2039 accersere
2720 1998 2795 2038 ne
2827 1983 3112 2053 graveris,
3153 1988 3219 2041 ut
3261 1989 3364 2041 tua
3411 1998 3628 2058 appro-

1969 2069 2215 2126 batione
2267 2071 2502 2136 conﬁsi,
2555 2071 2613 2127 in
2666 2071 2923 2128 aliorum
2968 2072 3150 2129 etiam
3195 2089 3414 2129 manus
3455 2073 3626 2130 illum

1971 2159 2470 2217 transmittamus.
2508 2160 2744 2228 Valens,
2775 2160 2944 2217 laetus
2978 2162 3042 2218 in
3087 2162 3367 2232 Domino,
3412 2167 3470 2219 et
3497 2179 3627 2236 pre-

1970 2265 2136 2322 cans,
2182 2250 2331 2307 mihi
2381 2255 2439 2306 et
2485 2250 2724 2308 Domini
2763 2251 3040 2309 Ecclesiae
3095 2253 3468 2326 concedaris,
3519 2268 3626 2326 per

1972 2339 2174 2397 Sancti
2203 2339 2482 2410 gratiam.

2454 2449 2697 2506 EPISTO
2706 2449 2793 2505 LA
2844 2448 3132 2506 CCXLIX‘.

258 2558 648 2618 Commendat
667 2558 926 2630 aliquem
956 2559 1019 2614 in
1043 2557 1157 2614 hac
1186 2557 1441 2628 epistola
1469 2557 1757 2630 Basilius,
1781 2570 1953 2630 quem
1987 2553 2222 2630 beatum
2252 2555 2557 2630 existimat
2581 2555 2743 2630 quod
2778 2557 2937 2614 hisce
2963 2557 3317 2615 tumultibus
3343 2557 3630 2616 liberetur

1002 2636 1059 2685 et
1089 2627 1423 2698 conuictum
1471 2644 1605 2686 cum
1648 2627 1986 2686 hominibus
2018 2628 2205 2683 Deum
2248 2627 2586 2684 timentibus
2616 2628 2879 2698 elegerit.

591 2736 992 2810 ’Δνεπίγραφος,
1019 2735 1098 2789 ἐπ’
1127 2731 1278 2812 ἀνδρὶ
1303 2733 1524 2790 εὖλαϐεῖ.

331 2851 614 2920 Συγχαίρω
641 2854 715 2918 τῷ
761 2842 967 2918 ἀδελφῷ
1004 2841 1163 2917 τῷδε,
1207 2849 1297 2898 καὶ
1327 2853 1427 2896 τῶν
1455 2843 1676 2897 ἐνταῦθα
1705 2844 1864 2918 θορύ-

2267 2735 2405 2790 Sine
2432 2735 2844 2803 inscriptione,
2872 2736 2994 2792 viri
3015 2736 3104 2808 pii
3124 2752 3322 2793 causa.

2040 2840 2316 2899 Gratulor
2352 2841 2494 2899 huic
2533 2841 2721 2910 fratri,
2767 2843 2934 2915 quod
2973 2847 3031 2900 et
3073 2843 3240 2900 hisce
3272 2843 3494 2900 nostris
3539 2847 3629 2900 tu-

255 2936 362 2990 ϐων
391 2936 861 3009 ἀπαλλασσομένῳ,
909 2939 1000 2987 καὶ
1025 2939 1120 2993 τὴν
1157 2943 1254 2994 σῆν
1285 2933 1551 2988 εὐλάϐειαν
1597 2933 1863 3005 καταλαμ-

1976 2933 2265 2990 multibus
2294 2931 2598 3001 liberetur,
2644 2936 2701 2988 et
2729 2910 3015 3004 pietatem
3050 2939 3214 2990 tuam
3246 2935 3445 2991 adeat.
3475 2937 3628 2991 Nam

255 3025 485 3082 ϐάνοντι.
536 3026 760 3098 Ἀγαθὸν
806 3027 909 3100 γὰρ
958 3024 1099 3095 αὐτῷ
1137 3020 1346 3096 ἕφόδιον
1394 3027 1524 3097 πρὸς
1551 3026 1640 3076 τὸν
1683 3021 1864 3095 ἐφεξῆς

252 3113 439 3178 αἰῶνα,
474 3118 564 3173 τὴν
608 3116 740 3186 μετά
771 3121 872 3165 τῶν
921 3111 1246 3186 φοϐουμένων
1285 3115 1374 3166 τὸν
1424 3115 1613 3186 Κύριον
1659 3110 1862 3184 ἀγαθὴν

253 3199 929 3276 διαγωγὴν,ἕξελέξατο.⁴ον
945 3207 1036 3254 καὶ
1054 3203 1446 3277 παρατιθέμεθά
1476 3221 1571 3254 σου
1600 3209 1662 3274 τῇ
1696 3205 1864 3274 τιμιό-

250 3311 398 3361 τητι,
425 3296 516 3345 καὶ
543 3291 829 3367 παρακαλῶ
856 3288 928 3343 δι’
960 3291 1122 3344 αὐτοῦ
1171 3293 1429 3362 εὔχεσθαι
1470 3291 1722 3365 ὑπερζτῆς
1752 3288 1861 3343 ἐλε-

253 3390 392 3442 εινῆς
423 3383 570 3452 ἡμῶν
610 3381 770 3451 ζωῆς,
819 3382 924 3451 ἶνα,
969 3382 1246 3456 ῥυσθέντες
1271 3389 1372 3433 τῶν
1402 3387 1706 3455 πειρασμῶν
1735 3382 1862 3432 τού-

249 3489 375 3537 των,
401 3469 680 3543 ἀρξώμεθα
700 3471 812 3544 (27)
844 3466 1106 3523 δουλεύειν
1135 3477 1208 3542 τῷ
1241 3474 1414 3542 Κυρίῳ
1442 3471 1580 3522 κατά
1601 3471 1661 3522 τὸ
1692 3468 1858 3540 Εὐαγ-

249 3559 444 3634 γίλιον.

791 3672 1120 3721 ΕΡΙΣΤΟΛΗ
1162 3665 1274 3722 ΣΝ.

1972 3023 2202 3080 bonum
2246 3022 2360 3077 sibi
2409 3021 2696 3077 viaticum
2727 3021 2806 3077 ad
2836 3021 3100 3079 futuram
3140 3024 3345 3091 vitam,
3393 3023 3628 3080 bonum

1970 3129 2110 3170 cum
2139 3109 2492 3168 hominibus
2524 3110 2850 3166 Dominum
2879 3111 3232 3168 timentibus
3262 3112 3625 3183 convictum,

1971 3202 2167 3272 elegit.
2199 3202 2388 3267 Quem
2418 3205 2474 3257 et
2514 3205 2631 3256 tua;
2669 3200 2946 3270 dignitati
2975 3202 3360 3270 commendo,
3412 3207 3469 3259 et
3515 3203 3627 3259 ad-

1968 3292 2176 3349 hortor
2205 3306 2313 3364 per
2351 3306 2513 3356 eum,
2559 3293 2624 3346 ut
2669 3290 2930 3363 preceris
2975 3306 3085 3363 pro
3128 3306 3265 3349 mea
3295 3291 3626 3348 miserabili

1968 3381 2113 3449 vita,
2170 3385 2234 3436 ut
2259 3378 2546 3436 liberatus
2583 3379 2662 3435 ab
2708 3379 2804 3434 his
2844 3379 3296 3453 tentationibus,
3339 3381 3630 3456 incipiam

1971 3470 2197 3527 servire
2217 3468 2475 3526 Domino
2505 3468 2842 3525 secundum
2863 3469 3281 3542 Evangelium.

2389 3667 2566 3740 335
2608 3669 2945 3726 EPISTOLA
2984 3670 3180 3730 CCL“.

258 3793 502 3850 Gratias
527 3793 653 3864 agit
681 3793 1337 3875 PatrophilooBasilius,
1362 3791 1530 3919 guod
1560 3791 1642 3848 ad
1670 3807 1731 3848 se
1753 3806 1864 3860 per
1881 3792 2247 3876 Strategium
2277 3793 2604 3875 scripserit,
2632 3797 2684 3848 et
2724 3807 2762 3847 a
2789 3807 2850 3848 se
2879 3793 3187 3875 diligendo
3211 3808 3332 3850 non
3364 3792 3630 3854 discedat

897 3867 1210 3919 Rationem
1251 3864 1359 3919 red
1406 3869 1449 3918 ιε
1479 3879 1591 3919 cur
1619 3879 1753 3919 cum
1786 3863 2110 3919 Eustathzo
2141 3878 2581 3919 communicare
2615 3880 2736 3919 non
2775 3869 2980 3919 nosszt.

897 3866 1210 3921 Rationem
1251 3881 1316 3920 re

366 3970 695 4047 Πατροφίλῳ,
719 3971 988 4043 ἐπισκόπῳ
1008 3980 1104 4034 τῆς
1129 3969 1177 4023 ἐν
1201 3970 1408 4043 Αἰγεαῐς
1441 3970 1754 4034 Ἐκκλησίας

327 4079 460 4151 Ὀψὲ
507 4083 598 4151 μὲν
647 4077 906 4152 ἐδεξάμην
945 4081 1038 4140 τάς
1098 4080 1184 4132 ἐπὶ
1242 4085 1353 4139 τοῖς
1391 4082 1654 4153 προτέροις
1694 4079 1865 4153 γράμ-

1406 3866 1449 3918 it
1479 3879 1591 3919 cur
1619 3879 1753 3920 cum
1786 3863 2110 3920 Eustathio
2141 3866 2581 3921 communicare
2615 3880 2736 3919 non
2772 3866 2980 3932 possit.

2121 3973 2486 4043 PatrOphilo,
2517 3972 2841 4042 (Egeensis
2868 3972 3158 4030 Ecclesice
3188 3975 3482 4045 episcopo.

2049 4083 2190 4139 Sero
2233 4081 2482 4155 quidem
2529 4081 2735 4153 accepi
2784 4085 2888 4138 tua
2929 4081 3232 4154 prioribus
3289 4083 3498 4141 litteris
3535 4097 3630 4141 rei

250 4189 419 4244 μασιν
473 4167 799 4242 ἀποκρίσειςο
852 4165 1110 4242 ἐδεξάμην
1169 4165 1220 4220 δ’
1275 4164 1362 4220 οὖν
1411 4168 1546 4240 ὅμως
1614 4164 1706 4220 διὰ
1772 4173 1864 4220 τοῦ

1977 4185 2235 4244 sponsa;
2273 4170 2381 4228 sed
2405 4176 2606 4227 tamen
2639 4170 2845 4244 accepi
2865 4187 2973 4244 per
2992 4173 3439 4244 optatissimum
3467 4176 3633 4232 Stra-

250 4262 627 4314 ποθεινοτάτου
658 4264 1002 4335 Στρατηγίου,
1034 4263 1123 4311 καὶ
1153 4257 1527 4332 εὐχαρίστησα
1550 4267 1622 4331 τῷ
1666 4263 1862 4334 Κυρίῳ.

253 4350 340 4402 ὅτι
366 4346 630 4421 διαμένεις
659 4351 684 4401 ὁ
725 4349 878 4410 αὐτὸς
910 4347 959 4400 ἓν
1010 4357 1074 4422 τῇ
1117 4353 1243 4422 πρὸς
1283 4350 1419 4421 ἡμᾶς
1464 4347 1664 4422 ἀγάπῃ.
1712 4348 1774 4400 ’Δ
1809 4345 1868 4401 δε

254 4445 346 4489 νῦν
378 4437 715 4500 κατηξίωσας
743 4444 860 4511 περὶ
891 4447 987 4500 τῆς
1037 4439 1198 4498 αὐτῆς
1228 4440 1520 4499 ὑποθέσεως
1553 4438 1865 4491 ἐπιστεῖλαι.

263 4522 533 4588 ἀπόδειξιν
585 4531 698 4600 ἔχει
748 4537 847 4589 τῆς
905 4525 1109 4598 ἀγαθῆς
1184 4545 1279 4579 σου
1346 4530 1719 4600 προαιρέσεως·
1788 4527 1870 4577 ὅτι

262 4623 464 4689 φρονεῖς
508 4618 570 4668 τά
617 4616 823 4684 δέοντα,
877 4621 967 4669 καὶ
1029 4615 1400 4688 συμϐουλεύεις
1462 4617 1585 4688 ἡμῖν
1606 4617 1673 4667 τὰ
1721 4615 1869 4666 λυσι-

257 4702 380 4762 τελῆ
416 4745 430 4758 .
509 4705 651 4765 Πλὴν
736 4704 843 4758 ἀλλ’
915 4702 1097 4764 ἐπειδὴ
1166 4704 1320 4758 πάλιν
1377 4705 1480 4780 ὁρῶ
1549 4708 1868 4777 μακρότερον

255 4811 352 4864 μοι
391 4795 506 4865 (28)
581 4799 670 4847 τὸν
736 4795 886 4866 λόγον
967 4799 1252 4866 γινόμενον,
1320 4794 1366 4846 εἰ
1429 4792 1666 4866 μέλλοιμι
1737 4797 1870 4866 πρὸς

255 4882 480 4935 ἕκαστον
537 4891 640 4936 τῶν
693 4881 1081 4957 ἐπεσταλμένων
1137 4887 1280 4958 παρά
1335 4892 1426 4944 τῆς
1471 4892 1570 4945 σῆς
1621 4886 1870 4944 συνέσεως

331 5151 444 5222 (25)
481 5149 946 5224 ἰ’περινχόμινος.
981 5150 1196 5224 Οοάεκ
1223 5151 1728 5208 Claromontanus
1763 5151 1870 5208 ad-

331 5171 444 5222 (το)
507 5171 696 5224 ιπερευ
747 5171 946 5224 ομενος.
981 5171 1181 5208 υοαει
1223 5171 1728 5208 uaromontanus
1763 5171 1864 5208 aa-

252 5221 348 5295 dit
370 5225 542 5294 ἡμῶν,
573 5171 743 5295 (μιοέ
774 5240 898 5279 non
938 5224 1157 5294 legitur
1183 5223 1552 5295 inﬂMedicaeo
1588 5229 1646 5280 et
1687 5223 1864 5280 Coisl.

302 5293 476 5360 rimo,
498 5293 614 5368 nec
640 5293 1050 5368 necessarium
1072 5298 1181 5349 est.
1201 5294 1359 5350 Alios
1380 5295 1440 5350 in
1463 5296 1623 5368 hanc
1647 5296 1868 5368 episto-

279 5380 379 5448 am
404 5364 644 5448 codices
671 5381 792 5422 non
821 5365 1156 5423 habuimus
1178 5370 1394 5437 printer
1413 5372 1533 5422 tres
1553 5364 1866 5439 illos‘quos

250 5442 596 5492 citavimus.

274 5511 446 5590 υ(26)
468 5509 664 5583 Χάριτι
689 5515 783 5562 τοῦ
807 5507 1007 5581 Ἁγίου.
1033 5509 1169 5563 Haec
1193 5506 1413 5564 desunt
1430 5508 1490 5564 in
1512 5507 1721 5565 codice
1749 5509 1864 5565 Me-

251 5577 469 5724 dﬂigi?
488 5649 812 5727 Ἀρξὼμεθα.
845 5651 932 5711 Ita
962 5649 1138 5710 Coisl.
1160 5654 1434 5724 uterque,
1471 5650 1596 5709 Med
1626 5654 1683 5707 et
1712 5649 1858 5722 Reg.

1975 4262 2221 4333 tegium,
2269 4266 2325 4318 et
2354 4261 2578 4332 gratias
2614 4261 2708 4332 egi
2737 4262 3014 4332 Domino,
3054 4262 3222 4334 quod
3253 4263 3412 4319 idem
3449 4265 3511 4320 in
3545 4265 3633 4321 di-

1972 4351 2226 4408 lectione
2255 4366 2396 4422 erga
2441 4367 2554 4407 nos
2602 4366 2982 4422 permaneas.
3042 4353 3184 4416 Quse
3230 4359 3431 4408 autem
3469 4369 3633 4410 nunc

1974 4440 2263 4509 dignatus
2308 4456 2371 4496 es
2410 4441 2485 4497 de
2527 4440 2743 4497 eodem
2793 4445 3153 4510 argumento
3209 4443 3488 4509 scribere,
3531 4443 3632 4499 de-

1976 4530 2476 4586 monstrationem
2500 4529 2729 4585 habent
2749 4529 2924 4585 bonze
2956 4534 3070 4585 tuae
3099 4529 3452 4597 voluntatis;
3490 4547 3631 4588 cum

1977 4620 2203 4675 sentias
2231 4635 2302 4674 ea
2323 4635 2459 4691 quae
2490 4619 2705 4674 decent
2733 4623 2790 4673 et
2819 4618 3078 4674 suadeas
3107 4618 3284 4674 nobis
3307 4619 3492 4676 utilia.
3516 4620 3629 4677 Sed

1977 4711 2178 4764 tamen
2199 4707 2343 4779 quia
2369 4724 2577 4764 rursus
2606 4707 2782 4762 video
2825 4706 3162 4775 longiorem
3211 4707 3361 4763 mihi
3409 4724 3632 4766 sermo-

1974 4810 2116 4852 nem
2169 4796 2459 4864 futurum,
2505 4796 2553 4851 si
2604 4795 2784 4851 velim
2831 4795 3158 4866 unicuique
3212 4811 3444 4865 eorum,
3490 4813 3629 4870 quae

1976 4885 2198 4958 scripta
2225 4891 2367 4943 sunt
2416 4901 2453 4942 a
2499 4889 2603 4942 tua
2650 4882 2993 4957 prudentia,
3051 4885 3451 4956 respondere:
3497 4891 3633 4945 tan-

1975 5149 2300 5208 secundus.
2341 5149 2494 5207 Editi
2523 5148 2806 5223 ἀξιὼμεθα,
2837 5155 2904 5206 ut
2933 5150 3153 5223 dignus
3193 5152 3336 5220 ﬁam
3383 5152 3492 5223 qui
3517 5151 3632 5206 Do-

1973 5226 2137 5351 inino
2167 5224 2448 5281 serviam.
2477 5222 2658 5278 Deest
2677 5223 2807 5278 haec
2847 5222 3101 5296 epistola
3133 5224 3196 5280 in
3242 5222 3449 5281 codiCe
3490 5225 3630 5277 Har-

1997 5310 2190 5351 seano.

1997 5310 2190 5352 ωᾶηο.

2047 5368 2160 5440 (28)
2201 5368 2532 5440 Μακρὸτερόν
2572 5384 2685 5438 μοι.
2727 5366 2867 5422 Tres
2909 5365 3150 5422 codices
3187 5381 3313 5423 non
3343 5359 3628 5434 antiquis-

1975 5438 2116 5494 simi
2146 5443 2345 5510 μακρόν
2375 5438 2484 5508 μοι.

2046 5511 2082 5581 έ-
2104 5508 2265 5581 Alias
2295 5510 2650 5564 CCXXXVIII.
2691 5508 2922 5581 Scripta
2952 5523 3114 5564 anno
3145 5509 3269 5565 376.

2045 5579 2090 5602 "
2130 5580 2288 5637 Alias
2316 5581 2554 5637 LXXXV.
2596 5579 3010 5652 Scripta—anno
3037 5583 3161 5636 376.
