4148 6384
300 332 405 394 933

807 461 1150 518 ΕΠΙΣΤΟΔΗ
1211 455 1355 520 ΣΝΑ⁹

1301 316 1785 392 EPiSTOLARUM
1822 327 2108 396 CLASSIS
2147 333 2213 400 ιι.
2256 319 2470 393 EPiS'l‘.
2513 331 2691 391 ceu.

3560 327 3669 404 934

2430 459 2610 532 336
2651 455 2992 526 EPISTOLA
3033 458 3227 516 εἰσιν.

279 563 599 636 Eumenes
631 563 848 620 laudat
877 565 1150 623 Basilius
1179 565 1341 636 quod
1382 570 1540 622 stent
1589 568 1650 621 in
1678 564 1816 634 ﬁde,
1848 579 1922 620 ac
1968 567 2200 634 gratias
2230 565 2380 636 agit,
2409 567 2571 636 quod
2598 581 2775 625 aures
2805 582 2926 622 non
2950 566 3317 634 praebuerint
3341 569 3666 626 calumniis

358 650 508 711 quas
537 635 896 711 Eustatnius
923 639 980 693 ei
1001 635 1329 711 struxerat,
1361 638 1570 698 dolens
1600 653 1679 703 se,
1721 652 1786 692 eo
1833 639 2200 711 postulante,
2231 635 2372 706 ﬁdei
2402 635 2660 711 Nicamai
2705 637 3144 711 subscripsisse,
3178 655 3450 711 quamvis
3483 646 3666 700 antea

359 706 555 782 eidem
573 707 714 782 ﬁdei
740 708 938 763 Roma
961 709 1422 782 subscripsisset.
1451 711 1830 766 Demonstrat
1861 708 2247 766 Eustathium
2276 711 2336 765 in
2367 711 2506 766 aliis
2538 709 2712 766 rebus
2739 706 2950 766 secum'
2968 709 3163 782 ipsum
3188 706 3484 782 pugnare.
3508 712 3664 768 Nam

359 793 492 832 cum
518 779 800 852 Arianos,
837 794 874 834 a
902 780 1117 850 quibus
1143 781 1448 849 depositus
1469 782 1701 850 fuerat,
1732 788 2005 848 negasset
2039 781 2182 835 olim
2225 783 2527 850 episcopos
2559 796 2698 842 esse,
2742 797 2904 836 nunc
2936 781 3026 838 iis.
3052 779 3199 852 quos
3223 779 3322 836 illi
3341 783 3663 838 ordinave-

358 855 527 916 runt,
550 850 853 918 supplicat
883 868 896 904 :
931 859 982 906 et
1025 867 1158 907 cum
1193 855 1484 907 violenter
1509 853 1867 921 exagitasset
1910 865 2004 906 eos
2045 851 2148 921 qui
2195 869 2329 907 cum
2359 855 2604 908 Arianis
2636 850 3180 912 communicabant.
3215 868 3378 908 nunc
3402 856 3664 909 Ariano-

357 937 493 1000 rum
524 923 997 1000 communionem
1022 925 1382 1000 suppliciter
1405 926 1552 1000 pe_tit
1580 941 1597 976 :
1629 924 1724 1000 sui
1750 938 1979 1000 semper
2007 925 2342 1000 compendii
2373 939 2581 1000 _causa
2614 925 2871 979 laudans
2903 929 3006 979 aut
3040 931 3406 1000 vituperans,
3438 940 3511 981 ac
3541 927 3662 982 Ba-

356 992 494 1047 silio
518 992 740 1048 bellum
771 992 1063 1058 indicens,
1089 992 1153 1050 ut
1171 996 1416 1064 placeat
1445 995 1977 1052 Euzozo.l)cclarat
2003 993 2271 1049 Basilius
2298 995 2472 1062 ﬁdem
2495 1010 2665 1051 suam
2688 1011 2870 1050 unum
2891 1010 3123 1063 semper
3147 1002 3200 1051 et
3219 997 3484 1052 eamdem
3505 1011 3654 1052 esse:

357 1069 537 1133 negat
567 1065 626 1120 s’e
647 1065 946 1133 Spiritum
975 1065 1155 1124 Patri
1184 1073 1289 1124 aut
1319 1066 1474 1122 Filio
1492 1067 1808 1138 praeferre,
1832 1071 1895 1119 ut
1917 1065 2201 1122 maledici
2249 1066 2634 1125 dictitabant.
2666 1068 2973 1128 Hortatur
2995 1067 3328 1136 Eva’senos,
3362 1073 3428 1123 ut
3459 1067 3523 1124 in
3539 1068 3662 1138 ﬁde

351 1141 753 1206 perseverent.

763 1267 886 1324 Τοῖς
915 1260 1228 1326 Εὗαισηνοῖς
1258 1262 1397 1334 (36).

360 1352 408 1412 1.
452 1348 512 1404 Εἰ
553 1353 643 1402 καὶ
695 1349 825 1403 πολὺ
869 1353 929 1404 τὸ
987 1351 1186 1417 πλῆθος
1226 1360 1328 1406 τῶν
1371 1354 1720 1426 περιεχόντων
1777 1351 1888 1421 (37)

281 1441 428 1514 ἡμᾶς
492 1443 836 1513 πραγμάτων,
897 1445 988 1493 καὶ
1049 1447 1290 1515 φροντίσι
1338 1446 1552 1516 μυρίαις
1611 1443 1892 1512 συνέχεται

276 1529 429 1600 ἡμῶν
481 1528 512 1586 ἡ
571 1523 802 1595 διάνοια,
861 1530 1003 1601 ὅμως
1059 1527 1310 1590 οὐδέποτε
1356 1539 1448 1590 τῆς
1493 1534 1704 1602 μνήμης
1743 1530 1888 1604 ἡμῶν

277 1615 582 1691 ἐξεϐαλομεν
640 1621 734 1675 τὴν
789 1623 909 1692 περὶ
987 1627 1081 1681 τῆς
1151 1621 1400 1694 ὑμετέρας
1477 1620 1684 1690 ἀγάπης
1737 1621 1888 1692 μέρι-

275 1727 434 1782 μναν,
476 1702 710 1779 δεόμενοι
765 1715 856 1762 τοῦ
898 1710 1013 1761 θεοῦ
1073 1711 1220 1782 ἡμῶν
1266 1705 1534 1782 διαμεῖναι
1573 1709 1710 1781 ὑμᾶς
1738 1709 1786 1760 ἐν
1822 1713 1884 1779 τῇ

276 1801 482 1864 πίστει,
536 1794 585 1848 ἓν
625 1796 800 1868 ᾗ(38)
832 1796 1087 1856 ἑστήκατε
1123 1804 1214 1851 καὶ
1259 1800 1538 1870 καυχᾶσθε
1587 1793 1888 1867 ἐπ’ςὲλπίδι

276 1893 378 1947 τῆς
409 1881 571 1947 δόξης
597 1893 688 1938 τοῦ
748 1893 903 1941 Θεοῦ.
944 1893 1027 1958 Τῷ
1057 1891 1164 1940 ὄντι
1199 1891 1301 1962 γὰρ
1349 1884 1661 1958 δυσεύρετον
1709 1885 1886 1938 λοιπόν

275 1978 373 2028 καὶ
437 1976 572 2026 πάνυ
624 1975 840 2027 σπάνιον
895 1973 1024 2028 ἰδεῖν
1057 1976 1369 2036 Ἐκκλησίαν
1418 1975 1687 2048 εἰλικρινῆ,
1720 1971 1888 2047 μηδὲν

278 2061 338 2115 ἐκ
392 2072 482 2123 τῆς
533 2071 630 2116 τῶν
678 2073 874 2136 καιρῶν
907 2066 1021 2135 (39)
1049 2064 1410 2138 χαλεπότητος
1437 2062 1884 2138 παραϐλαϐεῖσαν,

277 2150 392 2202 ἀλλ’
435 2150 677 2225 ἀκεραίαν
721 2153 838 2223 (40)
896 2158 986 2205 καὶ
1025 2155 1326 2230 ἄθραυστον
1384 2158 1479 2213 τήν
1529 2151 1886 2212 ἀποστολικὴν

281 2237 657 2301 διασώζουσαν
689 2237 1066 2311 διδασκαλίαν,
1120 2244 1232 2296 οἱαν
1263 2247 1358 2302 τὴν
1387 2242 1504 2296 καθ’
1537 2243 1670 2316 ὑμᾶς
1695 2239 1886 2305 ἔδειξεν

281 2331 336 2383 ἐν
371 2338 481 2393 τοῖς
528 2339 761 2405 παροῦσι
814 2339 1018 2408 καιροῖς
1055 2335 1081 2385 ό
1120 2331 1430 2399 ἀναδεικνὺς
1467 2337 1582 2394 τοὺς
1612 2333 1729 2385 καθ’
1761 2331 1885 2384 ἑκά-

281 2439 415 2478 στην
464 2423 639 2493 γενεὰν
689 2420 862 2484 ἀξίους
907 2431 1002 2485 τῆς
1056 2422 1241 2476 ἑαυτοῦ
1305 2422 1551 2483 κλήσεως.
1613 2426 1714 2476 Καὶ
1770 2419 1881 2492 δῴη

279 2513 470 2584 Κύριος
535 2511 657 2582 ὑμῖν
714 2513 780 2562 τὰ
845 2510 1020 2583 ἀγαθὰ
1062 2511 1408 2587 Ἰερουσαλὴμ.
1465 2521 1560 2574 τῆς
1609 2513 1732 2573 ἄνω,
1773 2509 1882 2564 ἀνθ’

1921 1263 1971 1316 Α

2662 1262 2986 1324 Eumenis.

2077 1354 2124 1405 l.
2167 1349 2286 1410 Etsi
2312 1365 2574 1421 magnus
2599 1365 2890 1407 numerus
2923 1350 3318 1412 detinentium
3340 1369 3454 1416 nos
3473 1369 3660 1424 nego-

1999 1438 2242 1505 tiorum,
2269 1439 2891 1512 sollicitudinibusque
2918 1439 3165 1496 inﬁnitis
3191 1447 3524 1513 occupatur
3550 1457 3660 1498 no-

1999 1531 2120 1584 ster
2157 1528 2419 1595 animus,
2447 1544 2765 1600 nunquam
2810 1533 3010 1584 tamen
3054 1545 3086 1585 e
3130 1531 3424 1586 memoria
3452 1535 3661 1587 nostra

1998 1617 2364 1688 projecimus
2421 1621 2630 1674 vestrae
2685 1617 2991 1674 charitatis
3043 1634 3274 1685 curam,
3339 1623 3657 1693 precantes

1998 1709 2188 1762 Deum
2217 1711 2494 1764 nostrum
2517 1712 2583 1770 ut
2602 1707 3007 1780 permanealis
3033 1707 3095 1763 in
3125 1707 3266 1772 fide,
3311 1707 3374 1764 in
3399 1725 3524 1781 qua
3541 1713 3659 1765 sta-

1998 1795 2071 1850 tis
2101 1799 2157 1851 et
2185 1794 2526 1866 gloriamini
2581 1795 2646 1851 in
2700 1812 2806 1868 spe
2855 1795 3060 1866 glorise
3105 1796 3228 1853 Dei.
3261 1799 3413 1860 Nam
3447 1811 3660 1852 revera

1997 1883 2238 1940 difﬁcile
2263 1885 2392 1956 jam
2417 1886 2667 1942 inventu
2721 1900 2793 1942 ac
2840 1901 3087 1957 prorsus
3125 1901 3352 1952 rarum,
3397 1884 3661 1942 Ecclesia

1999 1973 2254 2043 sincera,
2285 1974 2431 2030 nihil
2472 1991 2547 2030 ex
2601 1979 2945 2047 temporum
2980 1973 3330 2031 difficultate
3351 1974 3515 2045 laesa,
3550 1973 3659 2030 sed

1995 2064 2294 2134 integram
2307 2068 2362 2120 et
2374 2064 2735 2120 inoffensam
2751 2080 2997 2120 servans
3013 2062 3412 2136 apostolicam
3431 2063 3657 2120 doctri-

1995 2167 2161 2222 nam,
2215 2152 2462 2225 qualem
2510 2157 2774 2209 vestram
2829 2152 3090 2208 ostendit
3131 2152 3224 2208 his
3279 2151 3657 2224 temporibus

1997 2241 2321 2297 Ecclesiam
2335 2242 2440 2314 qui
2456 2241 2807 2298 manifestos
2826 2242 2884 2297 in
2906 2242 2994 2298 sin
3005 2240 3659 2311 gulisgenerationibus

1995 2330 2136 2386 facit
2158 2346 2283 2398 eos,
2339 2330 2446 2403 qui
2496 2331 2688 2403 ipsius
2709 2330 3024 2387 vocatione
3056 2330 3223 2402 digni
3250 2335 3409 2386 sunt.
3443 2335 3524 2386 Ac
3554 2330 3657 2386 det

1994 2419 2170 2475 vobis
2195 2420 2486 2476 Dominus
2517 2419 2684 2478 bona
2720 2419 3050 2477 Jerusalem
3085 2435 3385 2492 supernae,
3435 2435 3544 2491 pro
3584 2434 3656 2475 eo

1994 2509 2163 2582 quod
2184 2509 2368 2566 falsas
2399 2513 2609 2566 contra
2658 2524 2772 2564 nos
2798 2509 3136 2566 calumnias
3158 2509 3217 2564 in
3241 2508 3657 2564 mentientium

275 2599 350 2650 ὧν
402 2601 494 2660 τὰς
559 2596 772 2670 ψευδεῖς
836 2600 954 2654 καθ’
1008 2602 1154 2674 ἡμῶν
1213 2598 1460 2662 διαϐολὰς
1512 2600 1593 2653 ἐπὶ
1642 2604 1732 2662 τὰς
1783 2609 1882 2653 τῶν

2002 2598 2195 2671 capita
2242 2599 2555 2670 rejecistis,
2614 2597 2861 2654 minime
2912 2599 3124 2654 dantes
3179 2597 3262 2652 eis
3320 2597 3553 2654 aditum
3595 2598 3658 2652 in

277 2683 619 2758 ψευδολόγων
700 2687 920 2760 κεφαλὰς
978 2688 1374 2762 ἀπεπέμψασθε,
1422 2693 1492 2762 μὴ
1556 2685 1731 2752 δόντες
1789 2689 1882 2740 αὐ-

271 2782 390 2837 τοῖς
429 2773 637 2828 εἴσοδον
697 2775 782 2828 ἐπὶ
831 2779 921 2838 τὰς
977 2775 1200 2851 καρδίας
1260 2778 1422 2850 ὐμῶν.
1476 2781 1578 2830 Καὶ
1631 2774 1754 2829 οῖδα
1792 2782 1882 2830 καὶ

271 2867 566 2936 πέπεισμαι
615 2863 664 2916 ἐν
715 2869 910 2938 Κυρίῳ,
981 2868 1061 2918 ὅτι
1113 2868 1138 2918 ό
1188 2869 1380 2939 μισθός
1433 2867 1573 2938 ὑμῶν
1622 2865 1782 2929 πολὺς
1835 2865 1882 2920 ἓν

269 2959 384 3014 τοῖς
435 2953 672 3027 οὐρανοῖς
703 2956 833 3024 (4-1),
880 2960 970 3006 καὶ
1026 2953 1110 3007 ἐπὶ
1155 2963 1216 3028 τῇ
1259 2955 1444 3031 πράξει
1491 2959 1679 3029 ταύτῃ.
1736 2955 1883 3009 Ἐλο-

269 3044 500 3113 γίσασθε
544 3045 645 3115 γὰρ
705 3043 855 3095 τοῦτο
898 3052 1066 3117 σοφῶς
1121 3044 1244 3118 παρ’

277 3131 397 3184 κατ’
449 3129 713 3199 ἀλήθειαν,
763 3132 842 3185 ὅτι
906 3135 956 3186 οἱ
1023 3130 1467 3196 ἀνταποδιδόντες
1528 3154 1620 3206 μοι
1681 3137 1885 3207 πονηρά

1323 3045 1538 3110 ἑαυτοῖς,
1581 3047 1606 3097 ὅ
1655 3050 1744 3097 καὶ
1770 3047 1883 3099 ἔστι

273 3217 392 3272 ἀντὶ
411 3220 580 3273 καλῶν
609 3225 742 3288 (42),
776 3225 867 3273 καὶ
899 3229 1055 3294 μῖσος
1086 3221 1197 3276 ἀντὶ
1217 3232 1310 3285 τῆς
1345 3222 1661 3296 ἀγαπήσεώς
1681 3243 1780 3295 μου
1793 3233 1885 3285 τῆς

275 3308 346 3370 εἰς
376 3309 586 3374 αὐτοὺς,
621 3306 971 3363 διαϐάλλουσί
997 3331 1059 3384 με
1088 3320 1175 3363 νῦν
1215 3311 1292 3364 ἐπ’
1321 3311 1550 3382 ἐκείνοις,
1572 3312 1644 3373 εἰς
1670 3311 1704 3364 ἆ
1734 3312 1883 3374 αὐτοὶ

273 3397 610 3471 εὑρίσκονται
638 3398 927 3474 ἐγγράφους
949 3401 1062 3473 (43)
1098 3401 1379 3474 ὁμολογίας
1411 3401 1693 3474 ἐκθέμενοι,

347 3490 400 3542 2.
448 3491 549 3540 Καὶ
604 3487 662 3541 οὐ
709 3494 863 3561 μόνον
920 3490 986 3551 εἰς
1043 3493 1240 3547 ταύτην
1299 3489 1532 3542 ἐνέπεσον
1598 3496 1692 3548 τὴν
1745 3489 1884 3542 ἐναν-

271 3579 478 3645 τίωσιν,
530 3572 648 3630 ἴδια
693 3580 933 3653 ἕγγραφα
987 3577 1110 3651 ὑμῖν
1163 3577 1278 3631 ἀντὶ
1319 3583 1642 3654 κατηγορίας
1697 3583 1884 3656 προφέ-

272 3685 445 3738 ροντες
501 3668 640 3735 (44),
693 3664 799 3720 ἀλλ’
847 3669 928 3720 ὁτι
976 3673 1067 3721 καὶ
1128 3667 1384 3742 παμψηφὶ
1425 3671 1534 3739 (li-5)
1584 3671 1728 3744 παρὰ
1781 3677 1882 3721 τῶν

278 3754 623 3808 συνελθόντων
691 3756 762 3817 εἰς
818 3761 914 3817 τὴν
971 3758 1517 3812 Κωνσταντινούπολιν
1555 3761 1880 3834 καθαιρεθέν-

273 3862 380 3908 τες,
444 3843 538 3895 οὐκ
594 3842 830 3908 ἐδέξαντο
897 3851 992 3905 τήν
1057 3850 1364 3924 καθαίρεσιν
1409 3849 1599 3918 αὐτῶν,
1661 3845 1881 3901 σύνοδον

271 3930 594 3985 ἆθετούντων
649 3940 1141 4012 προσαγορεύοντες,
1201 3941 1292 3989 καὶ
1340 3941 1411 4009 μὴ
1459 3933 1880 4012 καταδεχόμενοι

266 4021 596 4086 ἐπισκόπους
653 4023 845 4086 αὐτοὺς
900 4025 1084 4099 λέγειν,
1138 4026 1221 4078 ἵνα
1267 4030 1338 4098 μὴ
1391 4030 1483 4084 τὴν
1546 4033 1659 4078 κατ’
1709 4027 1878 4079 αὐτῶν

266 4108 631 4183 ἐξενεχθεῖσαν
702 4112 876 4185 ψῆφον
955 4122 1260 4189 κυρώσωσι.
1351 4119 1452 4167 Καὶ
1527 4119 1621 4173 τὴν
1711 4115 1878 4168 αἰτίαν

264 4202 649 4274 προσετίθεσαν
693 4209 784 4254 τοῦ
831 4207 903 4275 μὴ
956 4200 1085 4255 εἶναι
1125 4203 1310 4263 αὐτοὺς
1357 4202 1701 4273 ἐπισκόπους,
1737 4201 1880 4257 διότι

264 4290 533 4364 αἱρέσεως,
585 4296 736 4364 φησὶ,
820 4299 1054 4368 πονηρᾶς
1115 4298 1500 4371 προεστήκασι.
1565 4300 1743 4347 Ταῦτα
1819 4292 1880 4348 δὲ

341 4389 391 4422 9⁸
429 4389 582 4445 Psal.
611 4405 766 4458 cvm,
793 4395 844 4448 5.

347 4485 460 4560 (336)
499 4487 842 4560 Eﬁawmoic.
867 4487 1042 4545 Coisl.
1076 4489 1310 4560 primus
1360 4497 1719 4558 Ευαιισηνοις,
1748 4495 1876 4547 tum

272 4554 490 4637 eadem
516 4573 702 4637 manu
726 4554 1098 4637 addimur/pf.
1133 4568 1434 4637 Θυσιανοῖς,
1463 4554 1755 4637 scriptum
1786 4566 1878 4618 in-

269 4630 534 4702 uenitur,
576 4630 916 4700 Thysianis.
963 4630 1159 4687 COdex
1201 4632 1519 4688 Medicaaus
1581 4630 1874 4702 Εὖασινοῖς,

263 4698 486 4766 Regius
505 4698 806 4757 secundus
836 4701 1164 4765 Ευϐισηνοῖς.

343 4771 456 4841 (37)
497 4778 872 4845 Περιεχόντων.
934 4777 1019 4830 lta
1075 4791 1178 4830 sex
1239 4791 1389 4832 mss.
1435 4775 1694 4832 codices.
1727 4776 1879 4832 Editi

259 4848 650 4965 περισέίόντων.
686 4845 917 4900 Ibidem
947 4846 1071 4901 duo
1109 4846 1471 4903 recentiores
1520 4864 1666 4903 mss.
1718 4867 1877 4921 φρον-

259 4915 379 4964 τίσι
449 4922 628 4971 ειναίς.
662 4918 949 4971 aravibus
980 4919 1162 4971 curis.

257 4932 379 4964 τισι
410 4932 628 4981 οειναις,
661 4932 949 4984 gravibus
980 4933 1162 4973 curis.

340 4984 574 5059 (38)];2
740 4989 1090 5059 Prmpositio
1161 4988 1370 5045 addita
1433 5006 1507 5046 ex
1563 4989 1876 5046 codicibus

257 5055 439 5129 Med,
469 5055 652 5129 Coisl.
703 5055 903 5129 primo
957 5065 1014 5115 et
1067 5059 1256 5114 tribus
1306 5061 1463 5116 aliis.
1536 5065 1708 5117 Deest
1745 5062 1878 5117 haec

258 5126 524 5202 epistola
560 5130 623 5183 in
671 5126 878 5202 codice
928 5130 1260 5187 Harlaaano.
1288 5132 1519 5187 Ibidem
1550 5134 1767 5202 Regius
1789 5149 1878 5188 se-

258 5198 507 5280 cundus
555 5204 613 5280 et
659 5201 1183 5280 Coisl.__s_ecundu_s
1212 5198 1877 5280 xauxaaOai,_etglorie-

257 5271 437 5325 mini.
463 5271 646 5327 Paulo
659 5278 818 5351 ‘post
836 5271 1519 5351 iidem_codices_liabent
1543 5271 1875 5351 δυσεύρετον,

257 5355 384 5418 pro
410 5357 481 5418 eo
510 5341 826 5413 quod—erat
850 5345 912 5399 in
943 5344 1116 5418 editis
1149 5341 1496 5418 δυσάρεστον.

338 5411 453 5482 (39)
478 5411 598 5488 [Τῶν
625 5417 1194 5488 καιρῶνηνειιίοδηυε
1219 5411 1431 5483 codex,
1461 5417 1635 5473 Coisl.
1665 5433 1874 5474 secun-

251 5481 378 5541 dus
398 5489 456 5539 et
476 5486 618 5552 Reg.
645 5481 950 5542 secundus
979 5494 1073 5539 τοῦ
1101 5494 1308 5552 καιροῦ.

336 5556 449 5625 (4-0)
515 5541 963 5632 ’Ᾰλλξ-ὰκιραίαν.
985 5561 1120 5614 Haec
1149 5541 1370 5632 desunt
1395 5557 1458 5612 in
1480 5558 1874 5632 Coisl.primo

249 5627 320 5683 et
348 5640 472 5701 uno
492 5642 566 5684 ex
583 5627 786 5701 tribus
804 5629 1019 5701 Regiis.
1035 5632 1162 5686 Non
1191 5629 1381 5686 multo
1401 5633 1538 5700 post
1559 5627 1874 5687 Medicaaus

249 5695 457 5756 codex
477 5703 582 5754 Καὶ
605 5698 728 5760 δοίη
758 5695 968 5774 Κύριῖς.

1995 2687 2182 2743 corda
2209 2691 2427 2742 vestra.
2472 2689 2538 2742 Et
2587 2687 2710 2742 scio
2739 2691 2794 2742 et
2822 2702 3187 2758 persuasum
3219 2685 3416 2742 habeo
3446 2686 3507 2740 in
3541 2688 3654 2740 Ι]οο

1993 2777 2183 2845 mino,
2215 2775 2558 2830 mercedem
2586 2778 2848 2830 vestram
2879 2775 3193 2847 copiosam
3215 2790 3345 2830 esse
3375 2774 3435 2830 in
3463 2773 3654 2843 caelis,

1992 2865 2089 2920 vel
2118 2865 2198 2920 ob
2223 2864 2382 2920 hanc
2406 2865 2724 2920 actionem.
2760 2863 2908 2920 Illud
2922 2864 3084 2919 enim
3113 2863 3538 2920 considerastis
3559 2878 3656 2918 sa-

1993 2955 2224 3027 pienter
2253 2952 2417 3026 apud
2434 2969 2569 3021 vos,
2611 2952 2777 3024 quod
2795 2952 3043 3024 quidem
3065 2957 3122 3008 et
3149 2952 3380 3007 veritati
3402 2966 3656 3006 consen-

1993 3049 2263 3110 taneum,
2296 3058 2400 3098 eos
2448 3043 2553 3114 qui
2591 3041 2930 3098 retribuunt
2958 3041 3108 3097 mihi
3143 3040 3304 3097 mala
3334 3057 3446 3112 pro
3476 3039 3655 3098 bonis

1995 3137 2052 3187 et
2080 3131 2290 3188 odium
2315 3148 2426 3205 pro
2451 3146 2590 3188 mea
2623 3131 2684 3186 in
2707 3129 2840 3186 illos
2867 3129 3186 3186 dilectione
3218 3131 3289 3199 9°,
3319 3129 3657 3186 calumnias

1993 3221 2142 3278 mihi
2189 3237 2353 3278 nunc
2417 3223 2496 3278 ob
2545 3237 2616 3277 ea
2663 3225 2911 3289 struere,
2943 3236 3082 3292 quae
3121 3219 3238 3293 ipsi
3275 3219 3659 3292 reperiuntur

1991 3311 2228 3384 scriptis
2253 3309 2736 3368 confessionibus
2759 3309 3218 3384 comprobasse.

2060 3493 2115 3544 2.
2155 3491 2360 3561 Neque
2408 3487 2471 3544 in
2513 3487 2676 3545 hanc
2707 3486 2902 3545 solam
2943 3487 3285 3544 inciderunt
3308 3499 3655 3558 repugnan-

1987 3579 2159 3649 tiam,
2183 3583 2246 3635 ut
2273 3578 2520 3652 propria
2545 3578 2766 3652 scripta
2810 3577 2989 3634 nobis
3045 3576 3312 3633 criminis
3340 3575 3477 3632 loco
3505 3573 3654 3646 obji-

1990 3672 2212 3737 ccrent,
2260 3668 2366 3724 sed
2424 3667 2606 3724 etiam
2655 3667 2941 3723 omnibus
2983 3665 3287 3736 squragiis
3316 3664 3508 3732 abiis,
3543 3663 3652 3735 qui

1989 3773 2323 3815 convenere
2351 3756 2957 3828 Constantinopolim,
2991 3753 3266 3828 depositi,
3301 3753 3539 3809 illorum
3570 3751 3648 3808 de

1989 3847 2363 3918 depositione
2407 3845 2712 3901 decretum
2761 3861 2885 3900 non
2927 3847 3300 3916 receperunt,
3340 3839 3648 3914 synodum

1988 3935 2313 4008 impiorum
2345 3934 2740 4007 appellantes,
2765 3950 2877 3990 nec
2903 3933 3132 4006 dignati
3162 3933 3482 4005 episcopos
3514 3930 3648 3984 illos

1989 4025 2316 4098 appellare,
2351 4041 2426 4081 ne
2464 4023 2652 4080 latam
2679 4028 2889 4081 contra
2942 4040 3006 4078 se
3047 4022 3403 4078 sententiam
3434 4017 3649 4076 conﬁr-

1987 4118 2244 4170 marent.
2278 4116 2345 4170 Et
2391 4129 2641 4170 causam
2699 4113 3073 4184 adjecerunt,
3118 4127 3225 4168 cur
3277 4125 3404 4166 non
3451 4110 3652 4164 essent

1987 4203 2258 4276 episcopi
2291 4221 2304 4258 :
2337 4218 2409 4259 eo
2435 4201 2601 4276 quod
2625 4202 2892 4270 haeresis,
2916 4201 3178 4270 aiebant,
3192 4198 3435 4256 nefariae
3447 4201 3652 4254 essent

1989 4291 2281 4363 signiferi.
2341 4294 2474 4347 Haec
2520 4294 2723 4348 autem
2776 4294 3108 4347 evenerunt
3159 4293 3296 4346 ante
3349 4287 3562 4344 decem
3592 4287 3651 4342 et

2060 4489 2174 4561 (41)
2195 4487 2382 4561 ,Πολὺς
2415 4486 2620 4561 ἔνι-οἱα.
2653 4487 2967 4543 Medicseus
3017 4501 3158 4561 cum
3212 4481 3482 4561 quinque
3512 4479 3645 4561 aliis

1985 4551 2235 4633 πολύς’ἒν
2275 4566 2340 4633 τῇ
2385 4551 2572 4633 πράξει
2623 4562 2811 4633 ταύτῃ,
2867 4551 3406 4633 οωίθΐὶεῃρῐῐῖὶξξίεῖ
3437 4551 3644 4633 Coisli-

1987 4632 2208 4711 niauus
2252 4621 2486 4711 primus
2512 4621 2819 4711 consentit
2862 4626 3261 4711 cum-editis,
3288 4627 3416 4680 Non
3451 4621 3644 4711 multo

1985 4707 2128 4775 post
2142 4708 2404 4775 quatuor
2419 4701 2663 4775 codices
2678 4716 2798 4775 non
2821 4701 3219 4775 vetustissimi
3240 4701 3590 4775 ἀνταποδόντε
3599 4713 3639 4753 ς.

2060 4767 2182 4840 (42]
2217 4773 2416 4827 Καλῶν,
2452 4771 2744 4844 ItaCoisl.
2770 4773 3002 4844 primus
3059 4773 3117 4824 et
3173 4767 3323 4825 Med.
3349 4781 3489 4820 cum
3518 4779 3644 4820 uno

1988 4861 2060 4902 ex
2101 4845 2317 4914 Regiis.
2348 4843 2496 4898 Ediii
2531 4842 2755 4915 ἀγαθῶν.

2063 4905 2694 4988 (43)”Ἐγγρᾴφους.’ῌξο
2718 4914 2889 4988 locus
2911 4911 3240 4988 illustratur
3265 4923 3350 4988 ex
3389 4905 3662 4988 epistola-

1985 4979 2114 5050 244,
2153 4979 2214 5059 τι.
2257 4979 2454 5051 5',"ub'i
2492 4986 2739 5059 Basilius
2765 4985 3035 5059 miratur,
3085 4997 3193 5059 cur
3218 4979 3643 5059 bilemhlilusta-

1987 5059 2094 5114 thii
2130 5049 2568 5130 adeo-moverit
2621 5056 2702 5112 ob
2731 5054 3098 5130 postulatam
3139 5052 3216 5130 ab
3243 5066 3335 5130 _eo
3379 5049 3523 5130 ﬁdei
3552 5050 3645 5130 Ni-

1988 5146 2171 5186 casnee
2198 5127 2669 5192 confessionem;
2711 5122 2851 5182 dum
2882 5124 3154 5196 ejusdem
3178 5123 3318 5196 fidei
3345 5122 3644 5178 confessio

1987 5204 2192 5257 Romae
2236 5204 2502 5254 servetur
2548 5198 2832 5254 Eustathii
2884 5194 3072 5252 manu
3133 5194 3375 5267 scripta,
3430 5209 3468 5249 a
3519 5207 3642 5264 quo

1985 5274 2168 5328 etiam
2202 5269 2440 5343 synodo
2461 5269 2774 5343 Tyanensi‘
2790 5268 2997 5343 oblata
3021 5271 3132 5343 est.

2059 5345 2170 5414 (44)
2213 5334 2574 5414 ῐὶροφέροντὲς.
2624 5345 2707 5395 ita
2738 5340 2912 5395 Coisl.
2942 5339 3177 5412 primus
3223 5341 3281 5394 et
3321 5334 3470 5392 Med.
3501 5348 3641 5389 cum

1985 5391 2180 5471 tribus
2202 5391 2966 5486 sistrasignasse;

2059 5488 2173 5555 (45)
2212 5484 2492 5561 “adlinet.
2549 5474 3100 5561 Vaticanushchex
3124 5478 3424 5561 παμψηφεί.
3451 5474 3641 5561 Paulo

1981 5546 2124 5630 post
2154 5546 2586 5630 multafdésunt
2611 5557 2691 5630 _in
2731 5554 3098 5630 Qoisliniano
3119 5546 3410 5630 primoet
3448 5546 3641 5603 tribus

1982 5623 2137 5700 aliis,
2166 5628 2227 5684 in
2256 5626 2480 5700 quibus
2507 5627 2726 5700 legitur
2745 5625 3081 5692 ἐπισκόπους,
3107 5623 3248 5677 διότι
3277 5623 3541 5693 αἱρέσεως.

2051 5699 2218 5759 Alias
2245 5699 2451 5760 LXXII.
2491 5699 2725 5771 Scripta
2756 5711 2920 5755 anno
2949 5700 3076 5754 3'76.
