4148 6388
515 362 620 418 935
1695 375 1700 381 ι
1899 345 1954 401 8.
1995 335 2248 398 BASlLll
2282 334 2503 392 MAGNI

3779 343 3888 398 936

517 486 748 557 septem
780 493 906 536 non
925 477 1168 534 exactos
1199 475 1611 532 annos.Erant
1639 472 1838 528 autem
1864 469 2046 525 duces
2067 479 2171 521 eo-

2284 458 2479 530 ἐγένετο
2535 462 2649 534 (46)
2701 464 2802 536 πρὸ
2848 458 2978 516 δέκα
3033 464 3124 514 καὶ
3191 461 3318 516 ἑπτὰ
3383 463 3489 535 οὐχ
3547 461 3674 514 ὅλων
3734 461 3888 516 ἐτῶν.

516 589 675 642 rum,
726 569 833 644 qui
879 567 1013 624 illos
1079 564 1434 637 deposuere,
1488 561 1808 631 Eudoxius,
1867 556 2172 629 Evippius,

521 660 830 730 Georgius,
889 654 1142 712 Aeacius
1194 657 1250 709 et
1303 652 1400 709 alii
1442 650 1617 707 vobis
1655 649 1861 720 ignoti.
1895 646 2004 712 Qui
2035 658 2173 699 vero

519 767 682 810 nunc
720 752 782 804 in
809 745 1086 804 Ecclesiis
1142 742 1552 807 dominantur,
1587 755 1796 796 eorum
1832 737 2003 808 387
2040 750 2173 789 suc-

522 855 790 898 cessores
829 839 987 902 sunt,
1037 833 1136 890 alii
1187 831 1423 889 illorum
1474 829 1609 886 loco
1659 827 1944 898 ordinati,
1965 825 2063 883 alii
2095 823 2175 881 ab

520 930 666 1004 ipsis
697 924 1018 985 constituti.

596 1111 648 1164 3.
686 1108 853 1162 Nunc
883 1102 1063 1174 igitur
1087 1099 1193 1173 qui
1235 1114 1348 1156 nos
1382 1113 1586 1171 pravae
1617 1096 1903 1174 doctrinae
1928 1092 2175 1150 nomine

521 1196 824 1262 incusant,
856 1192 1058 1248 dicant
1073 1189 1270 1259 nobis,
1293 1186 1605 1261 quomodo
1635 1183 1898 1243 haeretici
1926 1183 2173 1257 quidem

523 1284 742 1343 fuerint
764 1283 825 1348 ii,
857 1297 1120 1355 quorum
1149 1279 1458 1334 decretum
1510 1277 1585 1332 de
1633 1274 2004 1347 depositione
2049 1288 2174 1329 non

519 1371 923 1446 receperunt?
952 1367 1265 1442 quomodo
1288 1377 1448 1422 ‘vero
1475 1363 1796 1420 orthodoxi
1819 1363 1934 1429 isti,
1961 1361 2065 1434 qui
2095 1361 2174 1417 ab

521 1463 636 1521 illis
660 1459 966 1518 constituti
1005 1461 1164 1526 sunt,
1189 1461 1245 1512 et
1273 1454 1553 1511 eamdem
1588 1452 1947 1508 sententiam
1981 1467 2052 1507 ac
2072 1467 2175 1521 pa-

523 1557 641 1610 tres
667 1549 760 1606 sui
785 1546 1185 1604 conservant?
1215 1548 1365 1600 Nam
1395 1544 1442 1599 si
1465 1542 1838 1599 orthodoxus
1871 1540 2172 1613 Evippius,

524 1637 836 1714 quomodo
866 1652 989 1692 non
1020 1635 1211 1692 laicus
1243 1631 1724 1703 Eustathius,qui
1746 1630 1825 1686 ab
1849 1646 1920 1686 eo
1943 1629 2177 1702 deposi-

524 1737 622 1788 tus
652 1726 784 1785 est?
827 1727 928 1784 Sin
957 1730 1155 1782 autem
1188 1723 1286 1779 ille
1309 1723 1648 1789 haereticus,
1680 1718 1989 1793 quomodo
2015 1733 2178 1774 nunc

2283 547 2451 602 Ἦσαν
2492 547 2552 602 δὲ
2605 553 2653 602 οἱ
2701 551 2920 625 ἕξαρχοι
2983 559 3082 604 τῶν
3135 551 3450 606 καθελόντων
3509 551 3716 621 αὐτοὺς,
3785 553 3893 606 Εὗ-

2285 634 2483 703 ὃοξιος,
2540 639 2810 708 Εῦίππιος,
2865 647 3133 714 Γεώργιος,
3169 641 3430 710 Ἀκάκιος,
3466 647 3556 692 καὶ
3615 645 3664 692 οἱ
3710 641 3892 695 λοιποὶ

2284 737 2381 780 τῶν
2413 730 2533 802 ὑμῖν
2561 730 2672 801 (47)
2698 729 3068 804 ἀγνοουμένων.
3130 733 3194 783 Oi
3232 727 3290 783 δὲ
3319 740 3405 783 νῦν
3432 738 3744 806 κρατοῦντες
3776 733 3889 802 (48)

2285 827 2383 872 τῶν
2410 818 2751 889 Ἐκκλησιῶν,
2797 823 2996 873 ἐκείνων
3035 820 3140 874 εἰσὶ
3199 818 3484 892 διάδοχοι·
3527 823 3576 873 οἱ
3606 823 3720 894 μὲν,
3779 820 3886 874 ἀντ’

2285 908 2453 961 αὐτῶν
2513 912 2978 985 χειροτονηθέντες,
3046 913 3095 962 oi
3159 907 3238 980 δὲ,
3305 909 3390 962 ὑπ’
3467 909 3668 962 ἐκείνων
3715 910 3890 963 αὐτῶν

2284 1000 2656 1073 προαχθέντες.

2355 1091 2408 1143 3.
2448 1095 2556 1140 Νῦν
2607 1085 2695 1142 οὖν
2756 1091 2804 1142 οἱ
2853 1091 2977 1162 ἡμῖν
3036 1094 3128 1147 τήν
3193 1085 3508 1153 κακοδοξίαν
3561 1088 3893 1162 ἐγκαλοῦντες

2285 1176 2580 1230 εἰπάτωσαν
2642 1180 2788 1252 ἡμῖν,
2848 1187 2959 1241 πῶς
2999 1182 3089 1252 μὲν
3146 1182 3398 1251 κίρετικοὶ
3466 1176 3600 1237 ἦσαν
3681 1178 3886 1248 ἐκεῖνοι,

2283 1266 2350 1317 ὧν
2393 1271 2487 1326 τὴν
2517 1269 2820 1342 καθαίρεσιν
2857 1269 2951 1321 οῦκ
3003 1265 3278 1335 ἐδέξαντο;
3339 1277 3447 1332 πῶς
3503 1264 3562 1321 δὲ
3612 1267 3888 1343 ὀρθόδοξοι

2282 1355 2425 1408 οῦτοι
2477 1359 2526 1409 οἱ
2590 1357 2714 1432 παρ’
2806 1357 3004 1411 ἐκείνων
3076 1359 3448 1431 προαχθέντες,
3501 1361 3590 1410 καὶ
3641 1363 3699 1412 τὸ
3760 1359 3889 1411 αὐτὸ

2284 1450 2522 1520 φρόνημα
2570 1455 2676 1508 τοῖς
2730 1450 2992 1520 πατράσιν
3048 1448 3216 1500 αὐτῶν
3244 1445 3639 1516 διασώζοντιςς
3690 1448 3755 1501 Εἰ
3802 1452 3898 1521 μὲν

2281 1537 2383 1608 γὰρ
2418 1532 2692 1611 ὀρθὸὃοξος
2719 1536 2993 1606 Εῦίππιος,
3025 1546 3134 1600 πῶς
3187 1538 3308 1610 οὐχὶ
3357 1537 3535 1600 λαῑκός
3568 1537 3895 1610 Εὐστάθιος,

2287 1625 2312 1675 ὁ
2373 1624 2497 1698 παρ’
2551 1624 2742 1678 ἐκείνου
2796 1629 3190 1700 καθῃρημένου
3243 1627 3285 1679 εἰ
3361 1623 3420 1679 δὲ
3478 1629 3740 1702 αἱρετικὸς
3765 1625 3898 1680 ἐκεί-

2287 1734 2390 1781 νος,
2450 1737 2559 1778 πως
2598 1720 2892 1777 κοινωνικὸς
2944 1718 3238 1771 Εὐσταοίου
3305 1725 3393 1769 νῦν
3423 1721 3553 1788 (49),
3601 1719 3626 1769 ὁ
3677 1715 3772 1770 διὰ
3801 1727 3902 1780 τῆς

525 1819 1007 1877 communicator
1032 1813 1340 1884 Eustathii,
1363 1811 1467 1884 qui
1493 1811 1622 1882 ejus
1648 1826 1836 1865 manu
1863 1808 2174 1865 ordinatus

2289 1808 2482 1857 ἐκείνου
2561 1810 2745 1879 χειρὸς
2814 1809 3142 1881 προαχθείς;
3218 1806 3371 1858 Ἀλλά
3431 1805 3650 1859 παιδιαὶ
3715 1808 3900 1878 αὗται,

526 1911 613 1962 est
628 1903 661 1964 '?
725 1904 840 1962 Sed
872 1903 936 1959 hi
983 1907 1122 1958 sunt
1148 1901 1295 1968 ludi,
1327 1917 1483 1974 quos
1514 1905 1723 1956 contra
1762 1897 2049 1953 Ecclesias
2079 1896 2178 1952 Dei

2287 1897 2424 1946 κατά
2470 1903 2569 1947 τῶν
2617 1895 2942 1954 Ἐκκλησιών
2997 1905 3087 1948 τοῦ
3136 1904 3267 1948 Θεοῦ
3317 1897 3652 1968 παιζόμεναι,
3679 1900 3812 1971 πρὸς
3836 1901 3899 1950 τὸ

523 1995 776 2061 ludunt;
810 1993 889 2050 ad
911 2007 1088 2047 suam
1101 1989 1415 2046 utilitatem
1432 1993 1487 2045 et
1507 2003 1790 2044 accusare
1821 1986 2100 2042 homines
2123 1988 2174 2041 et

2289 1983 2481 2036 ἑαυτῶν
2528 1985 2639 2055 (50)
2699 1989 2978 2058 συμφέρον,
3049 1990 3139 2037 καὶ
3215 1982 3512 2038 διαϐάλλειν
3566 1984 3895 2059 ἀνθρώπους,

522 2099 731 2141 rursus
749 2079 1174 2138 commendare
1188 2078 1626 2149 aggredientes.
1643 2075 1915 2132 Basilidis
1927 2074 2180 2147 Paphla-

525 2173 700 2244 gonis
726 2171 940 2228 altaria
969 2169 1176 2226 evertit
1203 2168 1504 2225 transiens
1547 2183 1655 2239 per
1701 2164 2177 2238 Paphlagoniam

523 2261 892 2331 Eustathius,
941 2275 1010 2316 ac
1060 2259 1121 2314 in
1150 2257 1412 2330 propriis
1438 2255 1663 2312 mensis
1684 2253 2039 2311 sacriﬁcavit
2072 2274 2084 2309 :
2123 2256 2180 2310 et

523 2367 690 2409 nunc
721 2349 976 2423 supplex
1010 2353 1099 2404 est
1140 2347 1398 2416 Basilidi,
1424 2352 1490 2403 ut
1514 2345 1857 2417 recipiatur.
1895 2345 2178 2414 Segrega-

524 2440 609 2497 vit
626 2439 926 2512 Elpidium
950 2435 1466 2507 religiosissimum
1489 2433 1733 2490 fratrem
1754 2433 1834 2489 ob
1855 2431 2010 2488 illius
2037 2447 2179 2488 cum

525 2527 976 2586 Amasiensibus
993 2526 1126 2596 conj
1138 2525 1484 2581 unctionem
1509 2541 1520 2579 :
1550 2527 1607 2580 et
1626 2538 1789 2580 nunc
1819 2521 2071 2594 supplex
2094 2525 2182 2578 est

524 2616 1003 2685 Amasiensibus,
1035 2630 1316 2687 qutnrens
1338 2629 1549 2670 eorum
1579 2612 2090 2684 conjunctionem.
2114 2611 2182 2666 ll-

523 2707 640 2764 lius
688 2711 893 2763 autem
936 2703 1227 2762 adversus
1270 2703 1593 2776 Evippium
1641 2701 2100 2775 praedicationes
2125 2704 2184 2757 et

524 2812 634 2852 vos
659 2795 775 2867 ipsi
805 2793 964 2851 scitis
985 2809 1172 2866 quam
1199 2796 1398 2849 essent
1420 2791 1758 2848 horrendae.
1787 2794 1852 2846 Et
1878 2805 2041 2846 nunc
2075 2789 2182 2862 qui

525 2884 755 2957 Evippii
784 2882 1145 2939 sententiam
1175 2885 1394 2953 tenent,
1411 2897 1515 2938 eos
1541 2880 1827 2936 laudibus
1853 2880 1932 2936 ob
1952 2885 2181 2936 rectam

521 2973 859 3032 doctrinam
893 2972 1140 3042 extollit,
1181 2973 1365 3030 modo
1409 2976 1472 3027 ut
1503 2973 1580 3027 ad
1612 2971 1767 3027 illius
1795 2970 2180 3027 restitutionis

519 3062 813 3133 studium,
845 3078 1096 3134 operam
1126 3065 1370 3117 navent.
1409 3064 1526 3117 Nos
1559 3066 1762 3116 autem
1784 3060 2179 3128 traducimur,

527 3168 651 3209 non
682 3152 827 3225 quia
849 3152 993 3206 mali
1021 3150 1356 3223 quidquam
1389 3149 1787 3216 admittimus,
1819 3149 1922 3205 sed
1952 3149 2095 3222 quia
2120 3148 2174 3204 id

2288 3147 2435 3217 ἡμεῖς
2475 3141 2757 3218 ἀδικοῦμεν
2815 3165 2884 3215 τι,
2941 3143 3047 3197 ἀλλ’
3100 3142 3282 3204 ἐπειδὴ
3327 3153 3480 3198 τοῦτο
3512 3149 3745 3217 ἐνόμισεν
3805 3144 3900 3196 εῦ-

519 3240 886 3297 existimavit
907 3239 1024 3295 sibi
1052 3239 1298 3295 laudem
1322 3238 1772 3294 conciliaturum
1788 3238 1952 3310 apud
1978 3239 2174 3294 Antio-

2291 3231 2578 3307 δοκίμησιν
2606 3235 2746 3306 αὐτῷ
2778 3239 2942 3311 φέρειν
2994 3238 3139 3311 παρά
3182 3242 3289 3298 τοῖς
3318 3240 3366 3287 ἐν
3395 3235 3714 3307 Ἀντιοχείᾳ.
3752 3230 3901 3286 Οὐδὲ

520 3331 766 3387 chenos.
793 3331 955 3396 Quos
976 3332 1179 3385 autem
1209 3343 1371 3384 anno
1409 3328 1706 3400 praeterito
1733 3344 1807 3384 ex
1828 3327 2057 3385 Galatia
2078 3344 2174 3384 ac-

2287 3328 2506 3396 πέρυσιν
2564 3328 2612 3377 ἐν
2687 3332 2780 3388 τῆς
2835 3324 3092 3386 Γαλατίας
3170 3323 3580 3397 μετεστείλαντο,
3658 3325 3729 3385 ὡς
3819 3319 3896 3374 δι’

517 3420 834 3488 cersivere,
858 3422 923 3475 ut
959 3417 1235 3490 idoneos,
1276 3433 1384 3490 per
1424 3433 1579 3491 quos
1594 3417 1852 3475 liberam
1871 3418 2174 3491 episcopa.

2291 3413 2458 3466 αὐτῶν
2491 3410 2769 3488 δυνάμενοι
2810 3419 2904 3474 τὴν
2957 3413 3258 3490 παρρησίαν
3305 3422 3401 3475 τῆς
3449 3417 3741 3476 ἐπισκοπῆς
3768 3409 3896 3464 ἀπο-

2285 2078 2376 2125 καὶ
2424 2072 2577 2125 πάλιν
2646 2080 2897 2145 συνιστᾷν
2964 2077 3389 2146 ἐπιχειρούντων.
3446 2077 3522 2127 Tit.
3583 2072 3898 2128 Βασιλείὸου

2287 2170 2380 2214 τοῦ
2433 2162 2767 2234 Παφλαγόνος
2818 2167 3177 2238 θυσιαστήρια
3229 2162 3470 2238 ἀνέτρεψε
3690 2171 3898 2238 παριὼν

2287 2255 2382 2310 τὴν
2415 2251 2776 2324 Παφλαγονίαν
2802 2251 3109 2321 Εὐστάθιος,
3150 2257 3240 2307 καὶ
3291 2257 3376 2306 ἐπὶ
3443 2250 3592 2305 ἰδίων
3624 2257 3897 2328 τραπεζῶν

2289 2339 2595 2414 ἐλειτούργει
2627 2361 2640 2374 ο
2701 2346 2789 2394 καὶ
2829 2350 2916 2393 νῦν
2971 2344 3138 2403 ἱκέτης
3204 2345 3318 2395 ἐστὶ
3372 2339 3706 2410 Βασιλείὸου;
3759 2344 3902 2402 ὥστε

2291 2425 2573 2499 δεχθῆναι.
2623 2430 2881 2505 Ἀφὼρισε
2945 2433 3033 2483 τὸν
3101 2429 3472 2484 εῦλαϐἐστατον
3526 2429 3746 2504 ἀδελφὸν
3787 2431 3904 2484 Ἐλ-

2293 2515 2468 2570 πίὸιον
2497 2515 2589 2570 διὰ
2618 2523 2713 2576 τὴν
2742 2523 2870 2592 πρὸς
2899 2523 3021 2582 τοὺς
3060 2525 3109 2573 έν
3132 2521 3393 2594 ’Λμασείᾳ
3427 2522 3704 2594 συνάφειαν
3737 2542 3748 2555 ·
3806 2525 3903 2574 καὶ

2288 2614 2376 2658 νῦν
2405 2609 2577 2670 ἱκέτης
2607 2615 2706 2660 τῶν
2741 2609 3008 2681 Ἀμασέων
3031 2609 3163 2682 (52),
3185 2613 3446 2674 ἐπιζητῶν
3469 2609 3636 2662 αὐτῶν
3658 2614 3752 2668 τὴν
3779 2628 3904 2661 συν-

2290 2699 2487 2770 άφειαν.
2546 2701 2623 2750 Τά
2678 2701 2815 2750 κατά
2842 2698 3099 2752 Εῦιππίου
3157 2701 3472 2774 κηρύγματα
3492 2700 3604 2772 (53)
3633 2704 3723 2751 καὶ
3755 2701 3904 2772 ὑμεῖς

2290 2787 2436 2840 αὐτοὶ
2493 2789 2779 2840 ἐπίστασθε
2833 2789 2970 2851 ὅπως
3015 2785 3075 2846 ἦν
3122 2790 3333 2861 φρικτά.
3390 2794 3491 2841 Καὶ
3537 2797 3624 2840 νῦν
3664 2792 3786 2850 τοὺς
3832 2791 3904 2841 τὰ

2289 2881 2481 2930 ἐκείνου
2536 2885 2846 2952 φρονοῦντας
2885 2882 2968 2930 ἐπὶ
3029 2876 3274 2953 ὀρθότητι
3327 2876 3687 2951 ἀποσεμνύνει,
3739 2881 3899 2950 μόνον

2289 2970 2372 3018 ἐὰν
2426 2967 2492 3028 εἰς
2549 2971 2642 3025 τὴν
2699 2976 2795 3029 τῆς
2868 2966 3352 3029 ἀποκαταστάσεως
3413 2967 3574 3019 αὐτοῦ
3651 2963 3900 3024 σπουδὴν

2291 3061 2512 3131 συνεργή
2525 3075 2708 3110 σωσιν.
2734 3056 2910 3129 Ἡμεῖς
2929 3053 2988 3109 δὲ
3007 3053 3396 3129 ὃιαϐαλλόμεθα
3427 3057 3560 3126 (54),
3582 3054 3675 3108 οὐκ
3704 3052 3894 3114 ἐπειδὴ

2291 3609 2496 3666 civitas
2529 3613 2658 3667 erat
2689 3609 2998 3666 catholicae
3028 3609 3172 3666 ﬁdei
3203 3606 3894 3674 retinentissima,etiam

2291 3681 2403 3755 sub
2417 3681 2637 3737 Ariano
2666 3681 3387 3755 episcopo,quem,pulso
3407 3679 3656 3745 Eulalio,
3690 3677 3895 3755 Ariani

2287 3754 2670 3808 intruserant.
2683 3749 2847 3808 Hunc
2860 3749 3163 3809 hominem
3179 3749 3264 3807 Sic
3276 3757 3548 3807 aversata
3563 3749 3894 3815 estcivitas,

2291 3824 2608 3879 utrediens
2641 3825 2904 3880 Eulalius
2949 3830 3085 3896 post
3130 3839 3344 3896 pacem
3369 3827 3614 3896 mortuo
3654 3819 3898 3896 Valente

2290 3912 2665 3968 concessam,
2689 3913 2811 3951 non
2830 3892 3033 3968 plures
3059 3892 3277 3968 (ex—tota
3295 3894 3464 3958 urbe,
3507 3909 3694 3968 quam
3718 3892 3898 3963 quin-

2287 3968 2577 4038 quaginta
2597 3964 2900 4034 hoininés,
2925 3965 3062 4022 cum
3077 3966 3352 4022 haeretico
3370 3964 3896 4038 communicantes

2286 4034 2741 4094 inve'nerit.ll:ec
2759 4038 3052 4094 discimus
3066 4054 3137 4093 ex
3158 4034 3622 4093 SozomenoJib.
3641 4050 3894 4106 vn,cap.

2287 4115 2338 4165 2.
2358 4112 2550 4174 Quare
2575 4110 2782 4181 Elpidii
2809 4126 2949 4165 cum
2973 4107 3425 4181 Amasiensibus
3453 4107 3691 4181 civibus
3721 4121 3893 4161 cem-

2285 4182 2494 4253 munio
2509 4178 2866 4252 reprehendi
2880 4196 2999 4236 non
3015 4187 3250 4253 poterat
3273 4199 3284 4234 :
3307 4178 3434 4253 sola
3447 4179 3894 4253 cum‘episcopo

2286 4252 2451 4307 urbis
2481 4249 2828 4307 communio
2843 4249 3090 4308 causam
3119 4250 3424 4306 Eustathio
3437 4250 3632 4320 potuit
3653 4249 3894 4306 afferre.

2358 4326 2472 4393 (53)
2513 4327 2856 4396 Κηρνγματα.
2885 4323 3170 4396 Videntur
3197 4321 3450 4396 indicari
3485 4320 3895 4396 celeberrimae

2285 4390 2399 4450 illas
2432 4390 2717 4450 Eustathi'i
2744 4395 2970 4460 litterae,
3027 4395 3086 4448 in
3119 4393 3339 4464 quibus
3377 4408 3515 4446 cum
3551 4390 3894 4464 Eudoxium

2287 4467 2539 4538 ejusque
2587 4466 2860 4535 gregales
2911 4463 3199 4538 acerrime
3237 4465 3585 4538 exagitaret,
3637 4469 3698 4518 ut
3719 4463 3896 4538 estin

2211 4525 2256 4579 Β
2287 4525 2459 4608 epist:
2486 4525 3683 4609 226‘,'Evippiumprtecipuevidueturaceto
3697 4532 3903 4609 periu-

2287 4605 2464 4682 disse.
2502 4605 2602 4682 illa
2628 4605 2792 4664 enini
2809 4605 3124 4682 κηρύγματα
3142 4605 3277 4661 ίδὶνο
3296 4605 3900 4682 prtedicationesdis-

2287 4680 2477 4748 tingui
2492 4681 2713 4736 debent
2735 4697 2768 4735 a
2789 4676 3904 4748 conci—one,quamEustathiushabuis-

2289 4768 2351 4805 se
2377 4747 2592 4807 dicitur
2632 4753 2692 4807 in
2743 4753 2918 4822 epist.
2945 4754 3076 4805 24’s.
3119 4747 3182 4822 in
3215 4765 3284 4804 ea
3315 4749 3473 4804 enim
3505 4763 3626 4802 non
3648 4747 3898 4822 videtur

2287 4828 2410 4878 tam
2440 4819 2824 4878 vehementer
2876 4824 2936 4877 in
2975 4821 3288 4877 hmreticos
3347 4821 3621 4875 invectus
3657 4819 3844 4874 fuisse
3881 4835 3897 4873 :

2288 4896 2397 4949 sed
2423 4913 2600 4950 suum
2624 4895 2750 4965 ipse
2783 4898 3096 4966 peccatum
3124 4890 3425 5018 plorabat,
3457 4890 3624 4962 quod
3646 4904 3900 5013 compo-

2288 4967 2418 5018 sita;
2473 4967 2551 5018 ab
2596 4966 2712 5018 illis
2743 4965 3016 5018 formulae
3054 4981 3121 5018 su
3172 4963 3525 5018 scrinsisset.
3555 4963 3703 5016 Atin
3731 4977 3793 5016 ce
3821 4975 3895 5014 e-

2288 4967 2418 5021 sitaa
2473 4967 2551 5022 ab
2596 4963 2712 5021 illis
2743 4963 3016 5020 formulae
3054 4963 3525 5035 subscripsisset.
3555 4963 3895 5035 Atincele-

2283 5038 2560 5093 berrimis
2617 5038 2843 5103 litteris,
2902 5052 3056 5107 quas
3116 5033 3454 5107 adomnes
3485 5033 3895 5107 fraternitates

2283 5110 2464 5178 misit,
2498 5125 2621 5177 eos,
2662 5124 2698 5163 a
2751 5104 2974 5180 quibus
3014 5105 3590 5180 depositusfuerat,
3624 5104 3896 5174 negabat

2282 5176 2613 5252 episcopos
2663 5176 2816 5247 esse,
2891 5176 3125 5252 utpote:
3157 5176 3489 5252 haereticos,
3551 5190 3892 5252 eorumque

2281 5247 2877 5318 communionem,ut
2947 5247 3229 5304 erniciem
3261 5248 3626 5313 animarum,
3656 5247 3894 5316 fugien~

2281 5323 2425 5375 dam
2481 5323 2758 5375 docebat.
2811 5267 3154 5375 Referendt’e
3207 5334 3349 5375 ergo
3393 5317 3472 5372 ad
3504 5319 3614 5373 has
3656 5319 3890 5374 litteras

2280 5323 2425 5378 dam
2481 5317 3154 5378 docebatQReferendse
3207 5334 3349 5388 ergo
3393 5317 3472 5372 ad
3504 5319 3614 5373 has
3656 5319 3890 5374 litteras

2279 5394 2596 5450 horrendae
2628 5395 2688 5449 in
2713 5393 3050 5465 Evippium,
3084 5390 3565 5465 praedicationes.

2353 5467 2464 5535 (54)
2504 5457 2908 5537 Διαϐαλλόμεῦἆ.
2973 5457 3144 5526 Editi,
3197 5466 3448 5537 excepta
3511 5459 3694 5537 Paris.
3765 5457 3893 5537 edi-

2279 5530 2517 5604 tione"),
2567 5530 2934 5609 praemittunt
2973 5537 3055 5601 ἄν,
3096 5549 3243 5609 quae
3288 5530 3628 5609 conjunctio
3655 5530 3895 5609 melius

2279 5610 2449 5664 deest
2479 5601 2536 5663 in
2569 5601 2743 5664 Cois].
2774 5609 2969 5679 primo
3000 5612 3058 5661 et
3075 5601 3317 5660 duobus
3341 5601 3498 5658 aliis.
3529 5601 3713 5658 Paulo
3746 5605 3898 5673 post

2279 5681 2628 5738 addidimus
2645 5675 2860 5737 vocem
2881 5675 3238 5749 εὐδοκίμησιν,
3257 5691 3330 5733 ex
3360 5679 3591 5747 septem
3617 5690 3771 5731 mss.

520 3690 543 3741 ἐ
591 3616 704 3702 (46)
744 3613 1092 3687 ’E-yévsrtha
1123 3612 1441 3669 Medicasus
1474 3612 1666 3670 codex
1694 3630 1831 3670 cum
1861 3613 2005 3671 alio.
2031 3613 2183 3670 Editi

543 3705 770 3741 νενοντο.

581 3705 770 3740 ενοντο.

543 3708 907 3830 difﬁcilia.
943 3757 1035 3830 Sic
1067 3755 1216 3813 Med.
1271 3759 1327 3812 et
1374 3755 1548 3830 Qoﬁispl.
1591 3756 1822 3828 primus
1886 3773 2026 3814 cum
2056 3773 2180 3815 uno

521 3845 595 3886 ex
621 3827 836 3898 Regiis,
861 3828 1075 3883 melius
1103 3844 1292 3900 quam
1325 3827 1464 3883 editi
1496 3827 1640 3899 ἡμῖν.

597 3904 711 3967 (48)
752 3905 858 3974 New
889 3898 1217 3974 κρατοῦντες.
1253 3901 1420 3974 llaec
1485 3898 1672 3974 verba
1720 3898 1803 3974 sic
1847 3900 2017 3974 reddi
2045 3915 2181 3974 pos-

523 3977 674 4040 sent,
702 3973 808 4042 quz‘
838 3970 1002 4028 nunc
1031 3971 1327 4042 Ecclesias
1357 3976 1596 4042 regunt.
1646 3970 1777 4042 Sed,
1798 3972 1975 4027 credo
2027 3970 2178 4026 Basi—

520 4039 670 4098 lium
687 4039 981 4114 respicere
1012 4042 1090 4114 ad
1111 4039 1439 4114 violentam
1466 4039 1630 4114 illam
1686 4041 2042 4114 Aifianorum
2065 4043 2180 4097 do-

521 4111 1068 4185 minationem,_qui
1089 4127 1203 4185 per
1231 4111 1322 4185 fas
1371 4116 1428 4166 et
1474 4113 1642 4185 nefas
1666 4113 2052 4185 episcOpatus
2084 4114 2180 4168 in-

521 4182 852 4239 vadebant.
893 4180 1146 4255 Hiricin
1193 4184 1364 4255 epist.
1399 4185 1505 4255 244
1535 4180 2176 4255 δυναστείαν,’άο7ηἱηα-

524 4256 742 4311 tionem
773 4258 947 4310 vocat
974 4253 1644 4324 episcopalemillorum
1676 4253 2050 4323 dignitatem.
2086 4255 2178 4312 Ait

521 4326 585 4383 in
612 4326 790 4397 epist.
845 4329 948 4380 223
996 4326 1365 4380 Eustathium
1399 4329 1641 4396 captare
1663 4328 1916 4394 gratiam
1941 4343 2174 4393 eorum,

569 4396 625 4451 ui
653 4396 817 4452 nunc
842 4397 1251 4464 dominantur,
1276 4404 1376 4469 τὼν
1406 4404 1492 4469 νῦν
1524 4399 1867 4469 κρατούντων,
1890 4400 2175 4453 Euzoium

570 4469 872 4549 esignans:
903 4470 1278 4549 Demonstrat
1299 4468 1358 4547 in
1383 4467 1566 4549 epist.
1589 4471 1716 4537 243,
1749 4483 1809 4549 n.
1838 4472 1902 4549 li,
1923 4470 2174 4549 Arianos

520 4539 728 4595 omnia
752 4537 1159 4611 ecclesiastica
1189 4539 1398 4594 munia
1416 4537 1478 4593 in
1504 4554 1680 4594 suam
1713 4545 2070 4611 potest-atem
2102 4557 2173 4596 ac

520 4611 812 4667 ditionem
837 4609 1105 4680 redigere
1128 4611 1358 4680 (conari.

592 4682 701 4752 (49)
742 4679 1050 4741 Κοινωνιιὶὸς
1071 4679 1364 4733 Εὐσταθίου
1388 4687 1497 4752 νῦν.
1563 4680 1653 4736 Sic
1703 4681 1942 4737 codices
1990 4684 2178 4739 nostri

520 4751 939 4808 is.summo
969 4766 1286 4806 consensu.
1322 4751 1471 4806 Editi
1500 4755 1743 4812 κοινωνὸς
1779 4753 2052 4813 Εὐσταοίῳ
2093 4753 2174 4813 ἦν.

597 4823 707 4893 (50)
744 4822 1107 4895 Ἑαυτῷνηηθτ
1136 4823 1312 4878 Coisl.
1337 4823 1570 4895 primus
1617 4828 1676 4878 et
1723 4811 1870 4879 Med.
1895 4811 2034 4880 cum
2057 4811 2178 4882 uno

521 4910 594 4950 ex
617 4893 833 4964 Regiis.
865 4893 1019 4948 Editi
1050 4893 1238 4950 αὐτῶν,

619 4969 708 5031 51)
745 4964 1028 5038 ’ᾼνέτρεψετ
1059 4965 1181 5038 (Sic
1231 4964 1702 5038 Coisl._primusﬁ
1731 4969 1818 5038 et,
1854 4967 1999 5022 Med.
2041 4985 2176 5024 cum

520 5035 712 5113 tribus
743 5035 1073 5113 aliis._Editi
1099 5035 1396 5113 ᾀνέστρεψε.
1424 5036 1655 5113 Ibidem
1687 5037 1848 5092 Med.
1880 5045 2088 5113 περιών.

595 5106 707 5231 (52)
745 5113 854 5158 Τῶν
915 5107 1200 5178 Ἀμασέων.
1255 5106 1711 5162 Ἁιιιειεὶθιιειιιιιι
1774 5106 2019 5165 nomine
2089 5112 2177 5166 in-

595 5226 596 5230 η
624 5179 726 5231 imt
746 5175 1021 5231 Basilius.
1045 5192 1169 5231 non
1193 5179 1354 5231 cives
1372 5179 1774 5231 Amasim.sed
1800 5181 1980 5231 huius
2002 5182 2173 5231 urbis

521 5175 726 5250 telligit
746 5175 1021 5250 Basilius,
1045 5192 1174 5250 non
1193 5179 1354 5234 cives
1372 5179 1774 5250 Amasiae,sed
1800 5181 1980 5250 hujus
2002 5182 2173 5237 urbis

520 5249 898 5322 episcopum.
933 5249 1060 5322 Non
1083 5248 1243 5322 enim
1268 5248 1510 5319 populis
1547 5248 1930 5322 supplicabat
1974 5255 2174 5309 Eusta-

519 5318 702 5400 thius,
725 5318 833 5400 sed
863 5318 1181 5400 episcopis,
1205 5318 1467 5400 quorum
1493 5318 1749 5400 gratiam
1772 5322 2078 5400 ambiebat
2102 5329 2173 5400 _ut

517 5391 942 5464 episcopatum
973 5391 1267 5446 retineret.
1304 5391 1627 5464 Sedpaulo
1675 5398 1812 5464 post
1832 5394 1923 5448 his
1953 5395 2169 5461 verbis,

515 5466 646 5534 πρὸς
675 5467 796 5524 τοὺς
823 5466 874 5534 έν
904 5462 1221 5534 Ἀντιοχείᾳ,
1265 5462 1549 5534 ΕΑιιΖΟὶωῙι
1580 5462 1858 5532 designat
1896 5466 2165 5521 Basilius.

515 5531 580 5604 in
630 5533 881 5604 epistola
921 5535 1026 5588 244
1073 5531 1520 5604 Nicopolitanos
1568 5531 1742 5590 vocat
1795 5536 2170 5592 Theodotum

515 5601 814 5677 Nicopolis
842 5601 1237 5677 episcopum;
1265 5603 1706 5677 Sebastenosin
1724 5606 1899 5677 epist.
1936 5613 2031 5664 429
2065 5611 2169 5662 liu-

519 5672 807 5732 stathium
839 5672 1257 5739 Sebastianum.
1286 5677 1408 5730 Huc
1437 5676 1684 5742 accedit,
1734 5672 1901 5748 quod
1924 5681 2170 5738 Amasia
