4148 6380
313 255 420 312 907

1303 245 1793 309 EPISTOLARUM
1829 243 2118 307 CLASSIS
2153 247 2224 307 Il.
2272 246 2486 315 EPIST.
2537 250 2710 309 CCLI.

3582 259 3689 318 938

311 375 509 446 λαϐεῖν,
533 376 768 430 τοιοῦτοί
804 372 959 446 εἰσιν,
984 372 1131 438 οἴους
1152 374 1310 428 ἴσασι
1330 377 1421 448 μὶν
1455 377 1547 428 καὶ
1576 374 1627 428 οἱ
1652 372 1767 446 (55)
1795 374 1926 449 πρὸς

2069 388 2135 431 us
2162 372 2613 448 possessionem
2642 375 2996 449 reciperent,
3026 379 3090 436 hi
3119 379 3269 439 tales
3297 384 3456 455 sunt,
3477 383 3694 457 quales

314 467 489 540 ὀλίγον
524 468 901 539 συγγεγονότες
953 464 1152 527 αὐτοῖς.
1185 462 1332 537 Ἐμοὶ
1372 460 1433 518 δε
1482 468 1554 538 μὴ
1585 464 1864 539 παράσχοι
1901 462 1928 515 ὁ

317 558 513 630 Κύριος
583 556 848 613 τοσαύτην
925 553 1128 627 σχολήν
1199 572 1342 622 ποτε,
1404 552 1535 605 ὥστε
1579 554 1675 613 τὰς
1729 548 1931 605 ἐκείνων

315 644 535 719 πράξεις
568 642 987 721 ἆπαριθμείσθαι
1017 642 1152 715 (56).
1181 642 1324 701 Πλὴν
1363 640 1468 695 ἀλλ’
1491 643 1592 695 ὑπὸ
1624 638 1932 717 δορυφόροις

320 740 433 797 τοῖς
490 735 830 807 τιμιωτάτοις
876 731 1047 785 αὐτῶν
1105 735 1198 785 καὶ
1266 732 1601 805 συμμύσταις
1647 747 1932 805 παραπεμ-

324 825 552 897 φθέντες,
606 818 880 886 διεξῆλθον
936 824 1027 895 μὲν
1068 816 1165 874 διὰ
1198 823 1373 882 πάσης
1410 820 1578 873 αὐτῶν
1621 827 1717 881 τῆς
1748 824 1935 895 χώρας

323 914 418 974 τὰς
466 919 566 964 τῶν
622 908 920 964 ἐπισκόπων
994 911 1153 983 τιμὰς
1208 913 1301 963 καὶ
1349 910 1622 984 θεραπείας
1678 909 1929 980 ἔχοντες·

325 1002 663 1074 εἰσήχθησαν
713 998 773 1055 δε
837 1008 1128 1075 περιφανῶς
1180 1000 1252 1063 εἰς
1306 1003 1402 1059 τὴν
1452 998 1601 1053 πόλιν
1656 997 1933 1069 ἕκκλησιά-

328 1110 508 1153 σαντες
559 1093 694 1165 μετὰ
738 1090 1033 1153 αύθεντίας.
1068 1085 1344 1163 Παρεδόθη
1377 1090 1479 1164 γὰρ
1521 1088 1695 1150 αὐτοῖς
1723 1088 1749 1142 ὁ
1789 1090 1930 1159 λαὸς,

324 1176 594 1253 παρεδόθη
622 1183 680 1233 τὸ
704 1181 1104 1254 θυσιαστήριον.
1138 1177 1225 1247 Οἱ,
1253 1174 1433 1238 ἐπειδὴ
1464 1180 1577 1251 (57)
1595 1183 1760 1252 μέχρι
1778 1184 1935 1231 Νικο-

323 1267 521 1330 πόλεως
574 1267 906 1341 προελθόντες
960 1263 1113 1321 οὐδὲν
1169 1263 1536 1335 ἠδυνήθησαν,
1576 1267 1644 1319 ὧν
1692 1265 1936 1340 ἔπηγγεί·

325 1357 480 1411 λαντο
520 1354 940 1433 διαπράξασθαι,
969 1364 1076 1417 πῶς
1131 1354 1435 1423 ἐπανῆλθον,
1487 1359 1577 1410 καὶ
1611 1365 1722 1420 πῶς
1758 1358 1932 1429 ὤφθη-

332 1466 429 1501 σαν
466 1449 605 1500 κατὰ
655 1451 748 1506 την
796 1442 1068 1514 ἐπάνοδον,
1105 1448 1289 1498 ἴσασιν
1326 1448 1376 1498 οἰ
1434 1449 1701 1521 παρόντες.
1754 1447 1936 1511 Οὕτως

332 1535 413 1589 ἀεὶ
441 1539 572 1611 πρὸς
609 1538 669 1588 τὸ
710 1535 904 1589 ἑαυτῶν
936 1539 1195 1609 συμφέρον
1224 1536 1396 1588 πάντα
1431 1543 1700 1599 ποιοῦντες
1736 1540 1939 1609 φαίνον-

333 1643 438 1677 ται.
472 1624 534 1678 Εἰ
565 1620 625 1678 δὲ
645 1624 906 1696 λέγουσιν,
938 1626 1020 1677 ὃτι
1046 1628 1383 1697 μετενόησαν,
1418 1621 1740 1688 δειξάτωσαν
1771 1626 1938 1679 αὐτῶν

2038 462 2237 520 sciunt
2277 462 2384 536 qui
2419 462 2515 522 vel
2562 463 2882 537 paululum
2920 482 3061 525 cum
3107 468 3224 526 illis
3259 471 3481 529 versati
3531 474 3694 530 sunt.

2038 552 2173 610 Mihi
2186 567 2327 610 vero
2352 568 2674 628 nunquam
2697 554 2989 629 largiatur
3004 558 3297 616 Dominus
3315 563 3548 617 tantum
3567 559 3693 629 otii,

2038 647 2107 699 ut
2131 641 2371 699 illorum
2400 643 2667 701 actiones
2695 661 3069 704 enumerem.
3114 648 3232 706 Sed
3257 654 3459 706 tamen
3484 666 3696 709 eorum

2040 732 2266 805 quibus
2304 732 2388 790 illi
2435 732 2769 805 plurimum
2791 735 3041 794 honoris
3071 741 3129 795 et
3155 737 3296 795 ﬁdei
3322 739 3572 809 habent,
3603 755 3695 797 sa-

2040 821 2245 879 tellitio
2271 822 2496 896 stipati,
2533 829 2936 896 peragrarunt
2958 842 3207 885 omnem
3231 828 3474 885 illorum
3500 829 3701 901 regio-

2040 924 2205 979 nem,
2254 910 2682 985 episcoporum
2729 912 3065 972 honoribus
3108 920 3167 973 et
3213 915 3429 974 ofﬁciis
3482 916 3700 975 ornati.

2041 999 2370 1058 Introducti
2416 1006 2620 1060 autem
2668 1009 2811 1061 sunt
2850 1005 3292 1078 perhonoriﬁca
3342 1005 3405 1064 in
3459 1007 3697 1078 urbem,

2042 1089 2401 1147 concionem
2428 1091 2721 1150 habentes
2749 1110 2994 1153 summa
3014 1112 3155 1153 cum
3182 1095 3702 1170 potestate.’l‘radi-

2043 1184 2138 1235 tus
2164 1179 2327 1237 enim
2356 1184 2448 1237 est
2476 1181 2593 1238 illis
2619 1183 2904 1256 populus,
2936 1184 3226 1243 traditum
3246 1185 3452 1244 altare.
3496 1186 3565 1243 Hi
3595 1186 3699 1243 Ni-

2044 1267 2307 1341 copolim
2336 1284 2530 1343 usque
2550 1272 2873 1344 progressi,
2907 1290 3047 1330 cum
3069 1274 3217 1331 nihil
3237 1275 3580 1348 potuissent
3609 1290 3707 1332 eo-

2042 1371 2182 1413 rum
2210 1371 2348 1430 qum
2374 1359 2781 1431 promiserant
2806 1361 3119 1434 perﬁcere,
3152 1364 3464 1436 quomodo
3516 1363 3706 1421 redie-

2041 1445 2180 1518 rint,
2208 1446 2544 1521 qualesque
2581 1449 2645 1507 in
2681 1449 2995 1509 redeundo
3034 1452 3148 1509 visi
3174 1452 3310 1522 sint,
3352 1458 3575 1511 norunt
3600 1454 3709 1527 qui

2046 1536 2389 1594 adfuerunt.
2429 1537 2515 1594 Ita
2561 1554 2803 1612 semper
2858 1541 3090 1615 proprii
3133 1542 3479 1615 compendii
3523 1559 3712 1600 causa

2048 1626 2258 1685 omnia
2284 1626 2483 1683 facere
2513 1626 3073 1701 deprehenduntur.
3097 1630 3272 1697 Quod
3297 1630 3347 1687 si
3374 1631 3579 1688 dicant
3601 1645 3710 1688 eos

332 1717 590 1789 ἔγγραφον
645 1718 741 1773 τὴν
792 1715 1088 1787 μετάνοιαν,
1133 1719 1225 1768 καὶ
1284 1715 1706 1789 ἁναθεματισμὸν
1743 1725 1836 1779 τῆς
1890 1716 1940 1771 ἓν

2069 1716 2397 1790 εθείριιίεεθ,
2427 1717 2846 1776 demonstrent
2882 1720 3104 1794 scripto
3133 1720 3556 1792 consignatam
3611 1736 3714 1779 eo.

337 1803 873 1857 Κωνσταντινουπόλει
898 1808 1146 1873 πίστεως,
1172 1808 1264 1857 καὶ
1307 1807 1586 1880 χωρισμὸν
1624 1814 1724 1859 τῶν
1753 1809 1941 1882 αἱρετι-

336 1900 459 1962 κῶν,
481 1897 668 1966 καὶμὴ
701 1892 1110 1957 ἐξαπατάτωσαν
1138 1897 1257 1956 τοὺς
1296 1892 1707 1969 ἀκεραιοτέρους.
1739 1901 1840 1950 Καὶ
1876 1900 1944 1965 τᾲ

337 1986 427 2055 μεν
464 1981 665 2037 ἕκείνων
686 1990 924 2038 τοιαῦτα.

406 2166 461 2218 4.
490 2160 662 2235 Ἡμεῖς
689 2158 770 2231 δὲ,
819 2160 1086 2235 ἀγαπητοὶ
1112 2158 1347 2236 ἀδελφοὶ,
1376 2166 1557 2238 μικροὶ
1592 2165 1684 2237 μεν
1722 2169 1812 2218 καὶ
1846 2184 1945 2220 τα-

340 2256 520 2321 πεινοὶ,
560 2254 610 2305 οἱ
657 2251 809 2305 αὐτοὶ
840 2248 900 2305 δι
930 2250 1009 2305 ἀεὶ
1046 2258 1110 2325 τῇ
1160 2259 1254 2304 τοῦ
1284 2260 1417 2306 Θεοῦ
1446 2254 1657 2329 χάριτι,
1698 2252 1948 2308 οὐδέποτε

338 2348 452 2403 ταῖς
505 2340 811 2414 μεταϐολαῖς
844 2350 944 2395 τῶν
1000 2342 1324 2416 πραφμάτων
1379 2338 1799 2416 συνδιετέθημεν.
1846 2348 1948 2399 Πί-

339 2451 450 2492 στις
487 2430 611 2505 παρ’
644 2433 767 2504 ἡμῖν
815 2430 911 2484 οὐκ
958 2430 1086 2489 ἄλλη
1118 2433 1209 2503 μὲν
1257 2428 1305 2483 ἐν
1331 2430 1615 2505 Σελευκείᾳ,
1647 2432 1774 2493 άλλη
1809 2429 1869 2486 δε
1897 2432 1949 2487 ἄν

339 2520 903 2591 Κωνσταντινουπόλει,
933 2525 1024 2573 καὶ
1053 2519 1180 2579 ἄλλη
1213 2519 1262 2573 ἐν
1313 2520 1520 2589 Ζὴλοις,
1561 2526 1652 2575 καὶ
1695 2525 1745 2575 ἓν
1806 2530 1952 2596 Λαμ-

337 2610 494 2681 ψάκῳ
545 2608 697 2677 ἄλλη,
750 2614 841 2663 καὶ
893 2608 975 2663 ἰπὶ
1021 2608 1217 2682 Ῥώμης
1251 2613 1367 2683 (58)
1415 2610 1563 2686 ἑτέρα
1595 2632 1607 2645 ·
1650 2616 1740 2665 καὶ
1777 2613 1808 2671 ἡ
1865 2619 1954 2665 νῦν

342 2702 711 2773 περιφερομένη
752 2699 811 2752 ού
870 2695 1120 2775 διάφορος
1171 2701 1315 2773 παρὰ
1364 2701 1453 2761 τὰς
1489 2704 1768 2775 προτέρας,
1828 2699 1956 2754 ἀλλὰ

345 2791 444 2858 μία
470 2791 561 2839 καὶ
603 2787 634 2845 ἡ
676 2786 807 2846 αύτὴ
852 2785 929 2840 ἀεί
969 2790 1103 2857 (59).
1134 2786 1221 2851 Ὠς
1263 2790 1365 2864 γὰρ
1419 2789 1773 2865 παρελάϐομεν
1812 2792 1957 2865 παρὰ

350 2882 438 2928 τοῦ
488 2878 708 2950 Κυρίου,
764 2877 899 2929 οὕτω
958 2874 1326 2949 βαπτιζόμεθα
1356 2893 1369 2908 ⁸
1434 2880 1503 2939 ὡς
1546 2877 1953 2951 -βαπτιζόμεθα,

348 2966 482 3017 οὕτω
520 2965 827 3037 πιστεύομεν
860 2984 874 2999 ·
929 2968 994 3027 ὡς
1054 2969 1387 3040 πιστεύομεν,
1439 2967 1575 3019 οὕτω
1612 2972 1704 3020 καὶ
1744 2964 1957 3030 605m-

2049 1823 2188 1866 rum
2217 1806 2653 1879 paenitentiam,
2680 1809 2862 1880 388
2882 1814 2941 1866 et
2965 1810 3546 1868 anathematismum
3570 1810 3713 1868 ﬁdei

2052 1896 2731 1968 Constantinopolitanae
2753 1903 2810 1955 et
2849 1899 3249 1957 secessionem
3280 1900 3360 1957 ab
3396 1894 3710 1967 hinreticis,

2051 2001 2165 2043 nec
2194 1984 2499 2057 decipiant
2522 1985 2941 2058 simpliciores.
2978 1992 3172 2061 Atque
3196 1987 3440 2047 illorum
3464 1989 3714 2062 quidem

2050 2091 2150 2134 res
2182 2074 2266 2131 sic
2295 2088 2358 2132 se
2386 2073 2630 2134 habent.

2124 2168 2179 2223 4.
2218 2168 2335 2221 Nos
2364 2169 2587 2229 autem.
2621 2164 2819 2225 dilecti
2856 2168 3087 2239 fratres,
3142 2173 3317 2244 parvi
3359 2170 3613 2245 quidem
3657 2170 3716 2225 et

2054 2252 2318 2312 humiles
2346 2270 2582 2322 sumus,
2613 2270 2858 2328 semper
2905 2261 3107 2317 tamen
3138 2259 3325 2318 iidem
3355 2260 3457 2317 Dei
3503 2257 3714 2330 gratia,

2055 2360 2170 2402 nec
2197 2358 2476 2416 unquam
2506 2359 2648 2400 cum
2677 2345 2862 2402 rebus
2921 2347 3223 2407 immutati
3268 2365 3505 2406 sumus.
3545 2346 3718 2404 Fides

2059 2434 2228 2507 apud
2255 2449 2523 2506 nos,non
2553 2434 2674 2491 alia
2706 2435 3010 2502 Seleucite,
3029 2438 3149 2496 alia
3179 2435 3720 2510 ConstantinOpoli,

2062 2523 2179 2583 alia
2207 2522 2375 2593 Zelis,
2420 2526 2478 2580 et
2524 2524 2841 2597 Lampsaci
2895 2526 3032 2595 alia,
3078 2533 3137 2585 et
3164 2531 3369 2586 Romae
3407 2527 3526 2603 alia
3564 2544 3575 2581 :
3608 2539 3723 2582 nec

2062 2628 2199 2686 quae
2228 2626 2390 2668 nunc
2418 2612 2854 2683 circumfertur,
2886 2631 2924 2672 a
2966 2617 3270 2689 prioribus
3315 2617 3575 2686 diversa,
3616 2612 3726 2672 sed

2063 2718 2188 2760 una
2213 2706 2270 2759 et
2288 2701 2504 2758 eadem
2528 2718 2787 2775 semper.
2816 2706 3346 2771 Quemadmodum
3366 2706 3529 2763 enim
3560 2717 3727 2762 acce~

2063 2791 2267 2865 pimus
2290 2807 2331 2848 a
2359 2791 2635 2859 Domino,
2650 2793 2734 2848 sic
2752 2791 3134 2866 baptizamur
3157 2812 3171 2864 ;
3198 2792 3728 2867 quemadmodum

2063 2880 2463 2953 baptizamur,
2495 2879 2579 2936 sic
2609 2880 2910 2938 credimus
2937 2901 2951 2938 :
2986 2883 3515 2955 quemadmodum
3534 2880 3729 2938 credi-

2066 2985 2228 3034 mus,
2260 2968 2344 3024 sic
2367 2974 2423 3024 et
2455 2967 2907 3039 gloriﬁcamus;
2946 2986 3144 3045 neque
3176 2976 3527 3046 separantes
3560 2985 3598 3027 a
3622 2972 3729 3025 Pa-

348 3061 535 3127 γοῦμιν
569 3070 582 3084 ⁸
624 3056 741 3107 οὔτε
776 3055 1098 3129 χωρίζοντες
1148 3059 1355 3130 Πατρός
1403 3061 1493 3109 καὶ
1537 3059 1662 3111 Υἰοῦ
1710 3059 1769 3111 τὸ
1808 3057 1954 3129 ἅγιον

2069 3063 2155 3116 tre
2183 3062 2240 3116 et
2268 3058 2411 3115 Filio
2442 3058 2727 3131 Spiritum
2760 3066 3061 3130 sanctum,
3093 3077 3294 3135 neque
3342 3060 3730 3134 praeferentes

351 3150 578 3216 Πνεῦμα,
639 3146 758 3196 οὔτε
821 3145 1143 3219 προτιθέντες
1219 3149 1443 3218 Πατρός,
1512 3147 1539 3204 ἡ
1611 3145 1955 3222 πρεσϐύτερον

348 3232 477 3286 εἶναι
514 3239 608 3285 τοῦ
648 3236 773 3286 Υὶοῦ
812 3236 870 3285 τό
896 3239 1108 3306 Πνεῦμα
1153 3233 1387 3306 λέγοντες
1414 3252 1426 3265 ·
1471 3238 1542 3297 ὡς
1586 3236 1642 3288 αἰ
1678 3245 1777 3289 τῶν
1820 3236 1958 3309 βλα-

353 3328 570 3394 σφήμων
626 3321 869 3394 γλῶσσαι
941 3324 1427 3385 κατασκευάζουσι.
1484 3329 1578 3386 Τίς
1649 3328 1750 3399 γὰρ
1826 3326 1958 3378 οὕτω

350 3410 629 3483 τολμηρός,
669 3410 741 3479 ὃς,
798 3415 893 3469 τὴν
934 3412 1047 3484 (60)
1096 3416 1418 3472 Δεσποτικήν
1465 3414 1836 3486 παρωσάμενος
1872 3433 1957 3489 νου

352 3501 622 3571 μοθεσὶαν,
678 3496 817 3553 ἰδίαν
864 3500 1030 3573 τολμᾲ
1066 3508 1176 3564 τοῖς
1234 3501 1454 3575 ὀνόμασι
1490 3503 1635 3565 τάξιν
1682 3501 1950 3571 ,ἐπινοείν;

353 3589 489 3644 Ἀλλ’
520 3593 638 3643 οὔτε
683 3594 897 3643 κτιστόν
936 3593 1144 3663 Αέγομεν
1176 3595 1234 3645 τὸ
1290 3599 1517 3665 Πνεῦμα,
1548 3596 1606 3645 τό
1658 3595 1790 3665 μετὰ
1844 3600 1958 3646 lla-

352 3682 475 3751 τρός
511 3683 602 3732 καὶ
650 3680 774 3732 Υἱοῦ
829 3684 1141 3753 τεταγμένον
1171 3702 1183 3714 ·
1244 3684 1361 3734 οὔτε
1412 3678 1656 3734 δουλικὸν
1694 3681 1960 3754 τολμῶμεν

358 3769 514 3821 εἰπεῖν
576 3772 637 3822 τό
694 3769 1024 3841 ἡγεμονικόν.
1078 3774 1181 3824 Καὶ
1224 3770 1356 3842 ὑμᾶς
1409 3770 1808 3845 παρακαλοῦμεν
1863 3790 1961 3845 με-

355 3862 646 3931 μνημένους
710 3866 805 3921 τῆς
858 3866 951 3911 τοῦ
1007 3863 1203 3933 Κυρίου
1259 3857 1496 3927 ἀπειλῆς,
1563 3868 1655 3914 τοῦ
1714 3861 1960 3930 εἰπόντος,

357 3954 514 4000 Πᾶσα
602 3946 840 4021 ἁμαρτία
907 3952 998 4000 καὶ
1073 3946 1392 4022 βλασφημία
1465 3948 1782 4022 ἀφεθήσεται
1854 3957 1965 4011 τοῖς

356 4035 651 4110 ἀνθρώποις
685 4057 697 4071 ·
758 4038 788 4095 ἡ
848 4032 908 4091 δὲ
965 4036 1038 4098 εἰς
1092 4041 1152 4091 τὸ
1211 4044 1421 4111 Πνεῦμα
1473 4041 1533 4092 τὸ
1591 4039 1741 4111 ἅγιον
1799 4039 1965 4114 βλασ-

357 4129 531 4200 φημία
616 4126 712 4179 οὐκ
787 4124 1126 4200 ἀφεθήσεται,

356 4220 475 4269 οὔτε
531 4214 580 4268 ἐν
652 4223 726 4287 τῷ
794 4216 1077 4289 μέλλοντι·

358 4414 474 4447 κετε
514 4393 563 4447 ἐν
617 4402 680 4468 τῇ
722 4400 923 4463 πίστει,
983 4395 1328 4470 περιϐλέψατε
1378 4397 1450 4459 εἰς
1503 4404 1596 4458 τὴν
1648 4400 1953 4473 οἰκουμένην

364 4577 457 4634 κός
489 4589 500 4601 ·
562 4575 591 4632 ἡ
648 4569 706 4628 δε
752 4573 906 4633 λοιπὴ
955 4582 1102 4628 πᾶσα
1146 4575 1461 4645 Ἐκκλησία,
1516 4579 1546 4635 ἡ
1609 4576 1709 4630 ἀπὸ
1747 4583 1981 4654 περάτων

363 4660 437 4724 εἰς
474 4666 674 4737 πέρατα
726 4660 979 4738 δεξαμένη
1027 4668 1085 4717 τό
1132 4665 1464 4737 Εὖαγγέλιον,
1521 4664 1605 4719 ἐπὶ
1656 4673 1747 4729 τῆς
1802 4669 1983 4739 ὑγιοῦς

439 4808 482 4842 9⁷
512 4806 665 4864 Psal.
699 4824 750 4874 ι,
784 4808 874 4863 14.
950 4808 998 4843 9⁸
1028 4807 1225 4866 Matth.
1259 4826 1359 4877 xu,
1390 4810 1479 4877 3i,
1509 4812 1596 4866 32.

438 4947 690 5027 (_5_5)_Kai.
728 4950 797 5002 οἱ.
827 4950 966 5021 Conj
978 4950 1179 5027 unctio
1209 4951 1420 5009 addita
1445 4967 1519 5009 ex
1554 4951 1734 5011 Coisl.
1765 4953 1966 5027 primo

366 5025 427 5077 et
453 5020 602 5093 Med.
639 5026 694 5076 et
718 5037 843 5076 uno
873 5020 1189 5093 ex’Regiis.

588 5091 1380 5173 ’AnapzeuaEqut.Mcdicaeus
1404 5094 1971 5173 ἑπαριθμεῖσθαιοΜοΧ

368 5164 700 5236 Vaticanus
718 5164 1054 5236 τιμιωτάτοις
1086 5167 1244 5236 αύτῷ.

444 5237 564 5310 (ii?)
584 5223 826 5310 Ἐπειδὴ.
849 5236 942 5310 Sic
969 5223 1117 5293 Med.
1139 5223 1203 5310 et'
1226 5237 1403 5294 Cois].
1429 5240 1663 5310 primus
1685 5255 1827 5294 cum
1850 5254 1974 5295 uno

371 5321 448 5361 ex
478 5307 692 5375 Regiis.
731 5307 875 5362 Editi
909 5308 1036 5362 ἐπεὶ.
1063 5308 1219 5365 Infra
1245 5307 1492 5366 eosdem
1523 5310 1763 5366 codices
1790 5311 1977 5366 secuti

372 5379 746 5451 mutavimus
774 5378 942 5451 quod
970 5386 1097 5451 erat
1122 5380 1182 5435 in
1204 5382 1396 5443 editis,
1423 5379 1503 5433 ἀεὶ
1532 5386 1709 5451 μέντοι
1737 5383 1974 5434 οἰαύτοί.

426 5449 713 5526 ,ςὸὃζᾚπι
737 5436 958 5526 ἰξὲ›μης.
984 5450 1102 5507 Sic.
1131 5451 1303 5526 Me_d.,
1328 5436 1455 5507 Vat.
1491 5436 1548 5508 et
1586 5469 1845 5526 unusex
1878 5456 1981 5510 Re-

330 5571 353 5583 ,_
378 5520 514 5597 giis.
549 5520 710 5597 .Editi
761 5520 845 5574 ἐπὶ
873 5522 1088 5597 Ἰζὼμῃ..
1122 5523 1296 5597 Cois].
1349 5530 1601 5597 uterque
1645 5525 1727 5597 ἐπὶ
1754 5523 1976 5596 Ῥώμην.

378 5589 512 5645 Mox
530 5588 698 5648 deest
723 5588 1128 5663 negatio'a'nte
1151 5591 1397 5670 διάφορος
1422 5595 1484 5652 in
1500 5588 1983 5669 “Coisl.utroque,

669 5681 911 5740 ΡΑτιιοι.
946 5685 1046 5742 Gn.
1080 5685 1279 5742 XXXII.

1205 4130 1324 4181 οὔτε
1397 4126 1446 4180 ἐν
1510 4136 1584 4200 τῷ
1657 4136 1746 4182 νῦν
1822 4131 1969 4184 αἰῶνι

1138 4216 1394 4290 φυλάξατε
1441 4219 1555 4291 (61)
1602 4218 1816 4282 ἑαυτούς
1870 4230 1971 4274 τῶν

359 4304 626 4380 βλαϐερῶν
684 4309 821 4358 κατὰ
881 4313 973 4359 τοῦ
1034 4310 1333 4380 Πνεύματος
1401 4305 1767 4382 διδαγμάτων.
1839 4316 1975 4370 Στή-

2068 3148 2242 3217 Patri,
2265 3151 2369 3205 aut
2396 3146 2799 3221 antiquiorem
2852 3150 2993 3208 Filio
3022 3150 3309 3225 Spiritum
3333 3149 3627 3217 dicentes,
3665 3150 3734 3204 ut

2066 3237 2557 3295 maledicentium
2575 3235 2800 3308 lingua
2819 3240 3195 3310 conﬁngunt.
3228 3239 3369 3307 Quis
3394 3237 3555 3296 enim
3576 3237 3732 3294 adeo

2067 3327 2421 3385 temerarius
2433 3327 2808 3385 Dominicam
2819 3328 3733 3403 reprobansinstitutionem,no-

2067 3416 2335 3473 minibus
2352 3416 2664 3489 proprium
2678 3417 2902 3475 audeat
2919 3418 3196 3475 ordinem
3218 3418 3556 3489 excogitare
3568 3417 3596 3472 ‘I
3618 3413 3735 3473 Sed

2066 3519 2179 3562 nec
2199 3508 2466 3561 creatum
2489 3504 3320 3581 dicimusSpiritum,quicum
3333 3509 3501 3563 Patre
3522 3508 3579 3562 et
3594 3502 3736 3561 Filio

2068 3595 2202 3666 conj
2213 3598 2430 3650 unctus
2455 3598 2691 3663 est,nec
2720 3596 2997 3653 servilem
3018 3597 3320 3653 audemus
3341 3595 3541 3653 dicere
3570 3610 3735 3669 eum,

2068 3685 2176 3756 qui
2203 3682 2559 3757 principalis
2608 3687 2698 3739 est
2721 3686 2793 3739 ³⁷.
2820 3688 2904 3741 Ac
2930 3701 3044 3742 vos
3068 3685 3469 3742 adhortamur
3504 3690 3568 3742 ut
3603 3699 3736 3740 me-

2069 3788 2269 3831 mores
2299 3771 2606 3829 minarum
2650 3773 2911 3843 Domini,
2942 3774 3049 3847 qui
3078 3774 3229 3831 dixit
3261 3791 3273 3829 :
3309 3773 3498 3831 Omne
3529 3787 3736 3843 ρεσεα-

2073 3869 2199 3919 tum
2232 3868 2288 3919 et
2313 3862 2685 3932 blasphemia
2715 3863 3058 3920 remittetur
3076 3862 3435 3921 hominibus:
3465 3862 3739 3934 blasphe-

2074 3954 2412 4010 miaautem
2436 3953 2497 4007 in
2519 3952 2817 4021 Spiritum
2839 3958 3116 4010 sanctum
3137 3968 3260 4010 non
3280 3955 3742 4020 remittetur-me-

2078 4057 2190 4115 que
2202 4044 2265 4098 z'n
2279 4041 2389 4098 hoc
2400 4040 2820 4112 seculo,neque
2833 4042 2895 4097 in
2906 4041 3198 4112 futuro“,
3213 4043 3476 4100 caveatis
3492 4058 3529 4100 a
3546 4042 3744 4116 perni-

2078 4131 2259 4189 ciosis
2291 4134 2502 4187 contra
2524 4129 2811 4203 Spiritum
2837 4130 3318 4191 doctrinis.State
3338 4132 3401 4189 in
3422 4131 3745 4203 ﬁde99,cir-

2082 4221 2371 4293 cumspici
2383 4225 2434 4277 te
2464 4220 2676 4277 orbem
2698 4225 2990 4278 terrarum
3002 4227 3077 4292 ,et
3104 4221 3301 4279 videte
3318 4223 3597 4293 exiguam
3610 4237 3744 4279 esse

2084 4314 2245 4370 hanc
2270 4315 2670 4383 partem,qute
2689 4311 2904 4367 morbo
2929 4310 3167 4368 laborat
3188 4331 3200 4381 ;
3220 4312 3518 4384 reliquam
3540 4318 3744 4367 autem

2093 4401 2437 4470 Ecclesium,
2487 4416 2624 4472 quae
2683 4416 2720 4456 a
2772 4401 3041 4457 terminis
3088 4418 3279 4474 usque
3337 4401 3418 4457 ad
3457 4403 3747 4458 terminos

656 4447 676 4468 ι’
803 4447 873 4449 "'
911 4447 923 4463 ι
988 4447 994 4449 ⁷
1030 4447 1127 4470 'l"'
1176 4447 1324 4468 'l""
1381 4447 1450 4459 ““¹
1512 4447 1587 4458 ““”’
1652 4447 1946 4473 ⁷““”⁷Γ’””’⁷

360 4489 454 4536 καὶ
504 4482 661 4553 ἴδετε,
722 4488 801 4538 ὅτι
839 4490 1024 4561 μικρόν
1064 4485 1180 4539 ἐστι
1208 4498 1363 4539 τοῦτο
1391 4492 1448 4540 τό
1476 4493 1630 4563 μέρος
1670 4493 1727 4542 τό
1760 4463 1979 4550 νενοσηί
2013 4447 2058 4501 D

2092 4488 2481 4558 Evangelium
2512 4488 2859 4561 suscepit,in
2882 4504 3032 4544 sana
3073 4489 3188 4546 hac
3211 4488 3434 4545 versari
3464 4493 3522 4544 et
3549 4490 3747 4545 incor—

2092 4584 2274 4651 rupta
2296 4578 2589 4633 doctrina.
2607 4580 2877 4643 Quorum
2898 4584 2954 4635 et
2981 4594 3093 4634 nos
3120 4594 3461 4650 precamur,
3488 4595 3565 4634 ne
3589 4577 3749 4635 exci-

2094 4669 2314 4725 damus
2334 4667 2784 4737 communione,
2811 4672 3167 4740 partemque
3187 4666 3502 4725 vobiscum
3530 4667 3753 4728 habea-

1677 4810 1725 4846 ⁹⁰
1753 4812 1775 4867 l
1810 4812 1945 4870 Cor.
1973 4827 2087 4880 xw,
2119 4812 2207 4868 t3.

2091 4956 2222 5010 Vat.
2255 4957 2312 5009 et
2341 4950 2583 5012 duobus
2619 4950 2835 5021 Regiis.

2166 5024 2276 5096 (59)
2316 5023 2375 5076 Ἡ
2408 5023 2535 5096 αήτὴ
2591 5022 2688 5078 ἀεί.
2714 5020 3032 5081 Postrema
3084 5038 3206 5081 vox
3243 5020 3452 5086 addita
3477 5043 3551 5085 ex
3579 5027 3752 5086 Cois].

2093 5094 2313 5173 primo,
2346 5094 2493 5173 Med.
2524 5099 2580 5149 et
2610 5111 2731 5150 uno
2762 5110 2836 5173 ex
2865 5095 3083 5167 Regiis.
3133 5096 3321 5154 Paulo
3368 5106 3506 5171 post
3551 5100 3756 5173 plures

2095 5168 2335 5241 Codices
2366 5168 2467 5218 απὸ
2506 5174 2599 5217 τοῦ
2645 5172 2861 5241 Κυρίου.

2168 5240 2278 5309 (60)
2308 5237 2423 5305 Ὃς,
2466 5243 2581 5295 τήν.
2618 5234 2903 5295 Sic'mss.
2955 5255 3199 5298 summo
3227 5256 3553 5298 consensu.
3605 5234 3758 5297 Editi

2099 5331 2165 5371 ως
2191 5330 2300 5368 την.

2172 5382 2281 5451 (61)
2314 5379 2593 5442 Φυλάξατε.
2620 5380 2768 5437 Editi
2794 5381 3029 5453 addunt
3054 5378 3162 5449 οὖν,
3187 5383 3354 5453 quod
3378 5382 3628 5439 deestin
3655 5395 3762 5453 sex

2098 5453 2603 5523 mss.Legendum
2635 5452 2869 5509 videtur
2896 5452 3118 5525 φυλάξαι
3154 5452 3387 5525 ἑαυτούς.
3411 5456 3540 5512 Mox
3584 5452 3758 5510 Coisl.

2103 5524 2338 5596 primus
2370 5540 2512 5581 cum
2543 5540 2666 5583 uno
2696 5541 2768 5581 ex
2805 5523 2997 5597 Regiis
3020 5523 3421 5601 περιϐλέψασοε.

3446 5686 3516 5741 30
