4148 6376
303 325 405 384 945

1249 324 1740 387 EPISTOLARUH
1775 329 2062 389 CLASSIS
2102 332 2166 388 ll.
2207 330 2422 392 EPIST.
2464 335 2702 393 CCLVII.

3572 343 3679 399 946

302 467 528 523 πεισμαι
583 450 709 527 γὰρ,
757 453 860 522 ὅτι,
909 450 995 506 ἐὰν
1051 452 1228 528 εὑρεθῇ
1265 456 1401 526 φωνή
1463 449 1792 509 δυσωποῦσα
1815 457 1902 508 τὸν

2024 471 2143 515 una
2171 472 2312 515 cum
2341 459 2668 518 tentatione
2715 462 2962 530 exitum,
3007 467 3074 520 ut
3111 463 3263 520 ferre
3305 465 3610 537 possimus
3632 468 3676 521 ³.

304 538 658 612 ἀγαθὸνζϐη,
691 540 785 595 οὐκ
813 541 882 604 εἰς
935 546 1143 617 μακρὰν
1199 547 1412 602 ποιήσει
1440 544 1507 596 τὰ
1553 541 1662 602 ἒλέη
1710 543 1910 598 αὐτοῦ’

2023 548 2244 604 Omnes
2262 548 2326 605 in
2352 549 2584 607 Christo
2612 550 2825 608 fratres
2853 552 3052 609 verbis
3081 553 3232 609 meis
3273 553 3548 611 salutate.

306 627 436 682 ἀλλὰ
464 631 673 705 παρέξει
711 633 838 704 ἡμῖν
867 631 1047 685 λοιπόν
1077 635 1172 684 σὺν
1210 639 1283 702 τῷ
1316 640 1592 709 πειρασμῷ
1620 637 1712 688 καὶ
1747 637 1843 694 τήν
1881 633 2116 707 ἔκϐασιν,
2144 643 2236 691 τοῦ
2268 634 2529 694 δύνασθαι
2556 639 2669 712 (88)
2698 641 3011 712 ὑπενεγκεῖν.
3043 646 3225 695 Πᾶσαν
3248 646 3342 700 τὴν
3380 640 3428 694 ἐν
3460 649 3678 714 Χριστῷ

306 715 635 796 ἀδελφότητα
659 722 979 777 ἀσπάσασθε
1005 720 1058 785 ἐξ
1084 724 1231 795 ἡμῶν
1263 723 1402 794 (89).

842 853 1183 902 ΕΠΙΣΤΟΛΗ
1209 847 1366 904 ΣΝΖ’.

2533 856 2870 914 EPISTOLA
2909 857 3178 918 CCLVlI'.

309 972 580 1053 Ostendit
610 974 720 1030 etsi
749 973 1094 1053 C_hr_z}tic_mi
1109 980 1408 1033 vocantur
1429 980 1863 1053 persecutores,
1895 990 2018 1032 non
2046 976 2272 1034 idcirco
2303 993 2505 1036 eorum
2525 983 2632 1053 qui
2654 988 2956 1040 vexantur
2985 984 3182 1040 minui
3200 983 3551 1051 mercedem,
3574 984 3680 1044 sed

378 1046 556 1129 etiam
588 1048 820 1129 aug-eri.
843 1047 1178 1129 .Hortatur,
1209 1053 1275 1129 ut
1304 1062 1412 1104 nec
1437 1049 1666 1105 exsiliis
1696 1048 2132 1120 episcoporum,
2159 1065 2267 1108 nec
2296 1046 2733 1111 nonnullorum
2761 1071 2791 1112 e
2818 1057 2980 1113 clero
3003 1056 3288 1129 perﬁdia,
3319 1070 3429 1114 nec
3458 1046 3678 1114 erran-

380 1118 528 1173 tium
565 1118 958 1176 multitudine
983 1125 1360 1177 moveantur.

359 1245 664 1307 Μονάζονσι
689 1245 805 1316 (90)
837 1246 1274 1304 καταπονηθεῖσιν
1303 1246 1403 1298 ύπὸ
1435 1253 1530 1299 τῶν
1558 1243 1859 1319 ’Λρειανῶν.

382 1367 447 1421 *Λ
476 1368 593 1422 κατ’
623 1367 844 1442 ἐμαυτὸν
873 1369 1220 1444 ἐφθεγξάμην,
1255 1368 1485 1432 ἀκούσας
1514 1375 1628 1445 περὶ
1659 1388 1752 1422 του
1791 1387 1910 1422 πει-

312 1465 523 1530 ρασμοῦ
552 1465 645 1511 τοῦ
682 1457 1000 1530 ἐπαχθέντος
1055 1460 1175 1532 ὑμῖν
1220 1461 1366 1532 παρά
1411 1468 1510 1512 τῶν
1566 1458 1771 1531 ἐχθρῶν
1818 1463 1910 1510 τοῦ

315 1554 473 1618 Θεοῦ,
497 1556 660 1601 ταῦτα
685 1544 753 1608 δὴ
788 1545 882 1602 διὰ
909 1551 1217 1624 γράμματος
1248 1549 1563 1622 ἀπαγγεῖλαι
1608 1552 1740 1624 πρὸς
1773 1548 1911 1621 ὑμᾶς

2291 1247 2390 1304 Ad
2413 1250 2736 1308 monachos
2761 1251 2836 1308 ab
2865 1252 3115 1310 Arionis
3139 1259 3405 1311 vexatos.

2096 1370 2238 1436 Quae
2268 1387 2510 1430 mecum
2565 1374 2697 1448 ipse
2736 1392 2871 1433 sum
2922 1376 3180 1449 loeutus,
3229 1377 3439 1436 audita
3488 1380 3676 1436 tenta-

2020 1456 2201 1528 tione,
2229 1477 2368 1534 quae
2401 1462 2576 1519 vobis
2622 1481 2660 1522 a
2704 1466 2806 1521 Dei
2862 1465 3136 1524 hostibus
3164 1466 3329 1524 illata
3358 1471 3466 1529 est.
3499 1483 3572 1525 ea
3619 1473 3677 1526 et

2017 1562 2126 1620 per
2152 1548 2374 1607 litteras
2395 1551 2567 1609 vobis
2590 1553 2931 1625 signiﬁcare
2948 1555 3310 1628 praeclarum
3327 1571 3461 1613 esse
3487 1556 3632 1613 duxi
3657 1573 3670 1611 :

311 1634 481 1697 καλῶς
511 1638 652 1708 ἔχειν
701 1635 937 1710 ἐνόμισα,
970 1640 1050 1690 ὅτι
1088 1637 1136 1690 ἐν
1179 1645 1345 1713 καιρῶ
1389 1639 1710 1711 νομιζομένῳ
1761 1637 1905 1713 εἰρη-

2024 1637 2260 1711 scilicet,
2294 1656 2368 1697 eo
2411 1645 2682 1716 tempore
2735 1644 2902 1717 quod
2939 1649 3228 1717 pacatum
3273 1646 3672 1712 existimatur,

311 1726 552 1778 νεύεσθαι
580 1727 872 1785 ἐκτήσασθε
903 1727 1107 1790 ἑαυτοῖς
1143 1732 1498 1802 μακαρισμὸν,
1532 1731 1619 1780 τόν
1650 1729 1776 1801 ὑπὲρ
1808 1735 1908 1780 τῶν

313 1813 642 1890 διωκομένων
667 1818 826 1872 ἕνεκεν
848 1826 940 1872 τοῦ
971 1819 1223 1893 ὀνόματος
1251 1826 1344 1872 τοῦ
1372 1826 1608 1894 Χριστοῦ
1633 1817 1909 1891 ἀποκείμε-

310 1926 414 1960 νον.
445 1907 521 1960 Ού
551 1909 652 1981 γὰρ
684 1905 864 1966 ἐπειδὴ
900 1913 1062 1982 ὄνομα
1102 1911 1361 1984 προσηνὲς
1411 1913 1502 1962 καὶ
1556 1913 1711 1968 ἤπιον
1758 1912 1910 1981 περί-

311 2016 480 2050 κειται
509 2003 614 2058 τοῖς
643 1998 711 2049 τά
737 2000 940 2072 πονηρὰ
983 1997 1370 2072 ἐργαζομένοις,
1417 2001 1603 2051 τούτου
1633 1999 1792 2051 ἕνεκεν
1823 2003 1912 2051 καὶ

313 2088 380 2139 τὰ
406 2088 695 2160 πράγματα
717 2089 946 2160 νομίζειν
966 2093 1076 2163 χρὴ
1110 2093 1181 2161 μη
1205 2087 1462 2162 πολεμίων
1491 2087 1638 2144 εἶναι.
1667 2086 1912 2142 Χαλεπῶ-

315 2195 458 2252 τερον
486 2178 588 2251 γὰρ
619 2181 777 2251 κρίνω
805 2175 903 2248 ἐγὼ
933 2181 1020 2230 τὸν
1049 2181 1194 2253 παρά
1221 2186 1323 2231 τῶν
1354 2177 1624 2251 ὁμοφύλων
1653 2177 1870 2250 πόλεμον
1896 2193 1910 2208 ⁸

317 2262 457 2319 διότι
483 2269 606 2328 τοὺς
632 2268 724 2339 μὲν
752 2271 1274 2342 προκεκηρυγμένους
1296 2265 1517 2343 ἐχθροὺς
1537 2271 1628 2319 καὶ
1654 2266 1916 2339 φυλάξασ-

316 2356 403 2410 θαι
421 2351 630 2430 ιον,
658 2362 768 2418 τοῖς
797 2352 858 2410 δὲ
887 2356 1323 2430 ἀναμεμιγμένοις
1351 2358 1477 2429 ἡμῖν
1527 2355 1724 2428 ἀνάγκη
1767 2352 1915 2409 ἐκδό-

313 2464 434 2525 ⁴ιόυς
466 2441 596 2498 εἶναι
623 2448 755 2518 πρὸς
775 2451 950 2499 πᾶσαν
988 2445 1199 2520 βλάβην
1224 2467 1236 2481 ·
1268 2446 1294 2498 ὂ
1323 2451 1412 2500 καὶ
1439 2447 1582 2520 ὑμεῖς
1607 2448 1915 2500 πεπόνθατε.

314 2530 695 2607 Ἐδιώχθησαν
721 2537 810 2608 μεν
830 2539 932 2609 γὰρ
964 2540 1054 2589 καὶ
1081 2539 1129 2589 οἱ
1165 2540 1378 2609 πατέρες
1425 2539 1570 2610 ἡμῶν
1607 2538 1742 2608 (9i),
1790 2534 1917 2588 ἀλλά

314 2626 460 2696 παρὰ
483 2631 583 2675 τῶν
633 2621 1177 2698 εἰδωλολατρούντων·
1227 2630 1317 2678 καὶ
1361 2623 1634 2701 διηρπάγη
1677 2625 1844 2678 αὐτῶν
1889 2626 1915 2677 ὁ

319 2710 462 2784 βίος,
491 2715 584 2764 καὶ
608 2708 742 2766 οἶκοι
758 2711 1141 2788 ἀνετράπησαν,
1167 2719 1256 2769 καὶ
1285 2714 1434 2769 αὐτοὶ
1456 2711 1912 2788 ἐφυγαδεύθησαν,

316 2803 461 2876 παρὰ
489 2811 587 2854 τῶν
610 2805 722 2872 (92)
751 2813 977 2878 φανερῶς
1000 2804 1352 2878 πολεμούντων
1391 2807 1517 2878 ἡμῖν
1545 2801 1639 2857 διὰ
1664 2807 1723 2858 τὸ
1755 2809 1917 2878 ὄνομα

315 2899 408 2944 τοῦ
455 2900 711 2967 Χριστοῦ.
742 2895 806 2946 Οἱ
858 2891 917 2947 δὲ
945 2902 1032 2947 νῦν
1080 2894 1412 2969 ἀναφανέντες
1445 2893 1669 2948 διῶκται
1693 2901 1916 2968 μισοῦσι

2017 1731 2389 1801 comparasti
2431 1731 2883 1806 vobismetipsis
2938 1734 3374 1791 beatitudinem
3433 1734 3528 1791 his
3569 1735 3676 1809 qui

2019 1819 2498 1891 persecutionem
2527 1837 2638 1893 pro
2684 1821 2896 1878 Christi
2941 1823 3189 1880 nomine
3216 1824 3549 1896 patiuntur,
3580 1840 3670 1880 re-

2019 1907 2301 1980 positam.
2329 1911 2459 1965 Non
2488 1910 2650 1966 enim
2679 1911 2824 1985 quia
2847 1927 3072 1968 nomen
3101 1911 3398 1969 blandum
3447 1916 3506 1970 et
3540 1913 3674 1969 lene

2019 1995 2114 2052 his
2163 1997 2268 2070 qui
2315 1999 2474 2055 male
2515 1998 2766 2068 faciunt,
2796 2001 3147 2074 impositum
3187 2006 3294 2072 est,
3325 2001 3550 2057 idcirco
3576 2017 3673 2057 res

2019 2084 2265 2142 hostiles
2312 2101 2436 2144 non
2483 2104 2616 2145 esse
2664 2089 3151 2147 existimandum.
3195 2093 3318 2160 Ego
3359 2090 3519 2146 enim
3549 2095 3676 2146 tru-

2023 2174 2316 2232 culentius
2342 2177 2549 2248 judico
2580 2194 2616 2235 a
2656 2179 2976 2236 tribulibus
3021 2179 3270 2249 bellum,
3302 2181 3448 2252 quia
3471 2180 3677 2236 hostes

2023 2264 2188 2338 prius
2209 2265 2593 2324 denuntiatos
2624 2269 2805 2325 etiam
2845 2268 3107 2339 effugere
3140 2268 3311 2325 facile
3345 2287 3359 2326 :
3393 2273 3453 2326 at
3475 2269 3546 2324 iis
3571 2269 3678 2342 qui

2023 2354 2346 2411 nobiseum
2375 2358 2864 2431 commiscentur,
2895 2374 3145 2415 necesse
3185 2362 3273 2415 est
3313 2357 3394 2415 ad
3431 2374 3679 2415 omnem

2023 2443 2310 2516 injuriam
2366 2446 2671 2518 expositos
2711 2463 2881 2517 esse;
2935 2447 3105 2520 quod
3162 2451 3218 2504 et
3267 2448 3470 2520 ipsum
3507 2446 3682 2503 vobis

2026 2533 2262 2590 accidit.
2321 2538 2471 2592 Nam
2533 2540 2591 2593 et
2644 2537 2907 2608 majores
2954 2538 3146 2594 nostri
3197 2537 3683 2610 persecutionem

2023 2614 2486 2697 perpessi'sunt,
2515 2626 2620 2682 sed
2647 2643 2683 2683 a
2735 2626 3198 2683 simulacrorum
3226 2627 3557 2683 cultoribus
3591 2643 3602 2683 :
3630 2631 3688 2684 et

2025 2712 2338 2770 facultates
2364 2729 2574 2772 eorum
2607 2715 2852 2788 direptae
2888 2721 3046 2784 sunt,
3083 2719 3138 2772 et
3163 2715 3323 2772 aedes
3351 2733 3596 2786 eversae,
3628 2718 3687 2770 et

2025 2803 2140 2876 ipsi
2161 2803 2349 2875 fugati
2380 2805 2458 2862 ab
2488 2805 2580 2872 iis,
2604 2807 2709 2878 qui
2746 2806 2976 2862 bellum
3004 2806 3180 2862 nobis
3207 2811 3412 2879 aperte
3439 2809 3686 2879 propter

2028 2892 2238 2950 Christi
2270 2909 2492 2951 nomen
2521 2895 2881 2952 inferebant.
2917 2895 3027 2962 Qui
3066 2911 3209 2951 vero
3239 2911 3404 2952 nunc
3443 2894 3685 2968 prodie-

313 2983 404 3054 μὲν
435 2983 573 3055 ἡμᾶς
604 2978 754 3036 οὐδὲν
784 2980 936 3042 ἧττον
977 2985 1005 3044 ἦ
1042 2982 1244 3054 ἐκεῖνοι,
1273 2985 1341 3046 εἰς
1372 2981 1431 3038 δὲ
1455 2989 1550 3044 τὴν
1588 2993 1688 3038 τῶν
1717 2984 1905 3038 πολλῶν

2024 2987 2166 3040 runt
2187 2989 2622 3056 persecutores,
2655 2985 2914 3041 oderunt
2942 2985 3188 3058 quidem
3241 3000 3350 3040 nos
3400 3000 3572 3057 aeque
3614 2999 3686 3040 ac

311 3070 516 3130 ἀπάτην
546 3076 604 3126 τὸ
633 3081 726 3126 τοῦ
755 3081 992 3150 Χριστοῦ
1016 3074 1398 3149 προϐάλλονται
1442 3078 1610 3143 ὅνονα,
1645 3076 1728 3128 ἱνα
1774 3071 1914 3148 μηδὲ

307 3166 401 3220 τὴν
433 3160 487 3214 ἐκ
515 3170 611 3226 τῆς
660 3163 937 3236 ὁμολογίας
993 3166 1331 3238 παραμυθίαν
1389 3166 1589 3236 ἔχωσιν
1629 3166 1678 3217 οἱ
1723 3161 1913 3217 διωκό-

307 3271 470 3324 μενοι,
497 3261 598 3306 τῶν
648 3253 846 3306 πολλῶν
896 3258 988 3308 καὶ
1046 3253 1415 3330 ἀκεραιοτέρων
1462 3252 1766 3308 ἀδικεῖσθαι
1818 3257 1908 3328 μὲν

307 3342 443 3414 ἡμᾶς
468 3341 872 3415 ὁμολογούντων,
905 3343 977 3406 εἰς
1007 3347 1292 3419 μαρτύριον
1320 3341 1378 3397 δὲ
1407 3345 1532 3416 ἡμῖν
1551 3347 1638 3396 τόν
1659 3346 1786 3420 ὑπὲρ
1814 3352 1910 3407 τῆς

309 3430 555 3495 ἀληθείας
604 3433 822 3485 θάνατον
884 3436 955 3506 μὴ
1007 3432 1368 3506 λογιζομένων.
1429 3437 1610 3509 Διόπερ
1665 3433 1768 3505 ἐγὼ
1821 3438 1908 3487 πέε-

305 3540 530 3594 πεισμαι
559 3521 774 3594 μείζονα
800 3523 922 3595 ὑμῖν
953 3524 1068 3594 (93)
1097 3523 1126 3582 ᾖ
1162 3529 1273 3586 τοῖς
1302 3525 1416 3576 τότε
1462 3530 1790 3597 μαρτυροῦσι
1818 3526 1906 3576 τὸν

306 3615 450 3688 παρά
504 3619 596 3665 τοῦ
655 3608 864 3666 δικαίου
921 3619 1104 3688 κριτοῦ
1159 3615 1350 3686 μισθὸν
1399 3611 1733 3685 ἀποκεῖσθαι,
1766 3616 1904 3690 εἴπερ

307 3700 489 3754 ἐκεῖνοι
512 3706 602 3754 καὶ
632 3705 727 3761 τὴν
769 3705 914 3778 παρά
959 3711 1061 3756 τῶν
1101 3700 1383 3776 ἀνθρώπων
1415 3699 1694 3775 ἀποδοχὴν
1725 3702 1907 3776 ὁμολο-

303 3795 560 3864 γουμένην
599 3787 764 3864 εἶχον,
792 3797 882 3844 καὶ
924 3795 1011 3844 τὸν
1043 3794 1189 3866 παρά
1215 3799 1308 3845 τοῦ
1339 3799 1473 3847 Θεοῦ
1522 3794 1712 3866 μισθὸν
1743 3789 1908 3855 ἐξεδέ-

304 3899 486 3951 χοντο,
519 3881 640 3954 ύμῖν
686 3877 746 3934 δὲ
794 3881 907 3953 (94)
956 3879 1034 3934 ἐπ’
1064 3884 1202 3942 ἴσοις
1245 3888 1353 3944 τοῖς
1400 3883 1804 3955 κατορθώμασιν
1849 3882 1905 3933 αἱ

302 3972 448 4044 παρά
491 3977 591 4022 τῶν
644 3968 778 4022 λαῶν
825 3973 976 4043 τιμαὶ
1019 3969 1125 4043 οὐχ
1173 3973 1548 4045 ὑπάρχουσινο
1600 3971 1733 4023 ὥστε
1773 3970 1905 4032 εἰκός

298 4057 694 4113 πολυπλασίονα
738 4056 1052 4114 ἀποκεῖσθαι
1103 4063 1152 4113 ἓν
1195 4067 1266 4132 τῷ
1318 4060 1552 4132 μέλλοντι
1601 4059 1749 4114 αἰῶνι
1802 4067 1903 4113 τῶν

298 4150 426 4226 ὑπὲρ
451 4157 544 4211 τῆς
573 4148 831 4214 εὐσεϐείας
859 4153 1025 4204 πόνων
1046 4153 1140 4211 τὴν
1167 4148 1524 4225 ἀντιμισθίαν.

370 4400 440 4458 ³1
472 4401 601 4458 Cor.
628 4417 687 4472 κ,
720 4401 806 4459 13.

2022 3071 2127 3141 illi,
2159 3072 2266 3128 sed
2297 3073 2375 3129 ad
2414 3073 2743 3130 multorum
2783 3074 3201 3147 deceptionem
3243 3073 3458 3129 Christi
3487 3077 3684 3128 osten-

2021 3161 2176 3218 dunt
2204 3177 2449 3225 nomen,
2484 3166 2546 3219 ut
2586 3179 2662 3219 ne
2694 3163 3091 3219 confessionis
3123 3163 3369 3235 quidem
3402 3162 3686 3218 solatium

2021 3251 2305 3318 habeant,
2343 3253 2448 3326 qui
2483 3257 2781 3309 vexantur
2814 3270 2826 3308 :
2857 3253 3059 3309 multis
3091 3269 3162 3308 ac
3213 3251 3684 3325 simplicioribus

2019 3340 2306 3413 injuriam
2338 3342 2587 3414 quidem
2619 3342 2793 3398 nobis
2815 3342 2947 3398 ﬁeri
2979 3341 3319 3409 fatentibus,
3349 3342 3488 3398 atin
3521 3357 3683 3396 mar-

2020 3431 2158 3502 tyrii
2195 3429 2328 3487 loco
2360 3430 2535 3486 nobis
2568 3431 2744 3503 392
2778 3435 3034 3486 mortem
3062 3445 3172 3503 pro
3197 3430 3446 3486 veritate
3468 3429 3682 3486 tolera-

2020 3522 2147 3576 tam
2201 3535 2325 3576 non
2381 3520 2842 3576 ascribentibus.
2893 3521 3271 3593 Quapropter
3314 3534 3680 3591 persuasum

2019 3609 2167 3666 mihi
2193 3613 2282 3666 est
2318 3609 2547 3680 majora
2578 3608 2770 3676 vobis,
2802 3625 2990 3681 quam
3022 3609 3094 3662 iis
3127 3608 3231 3680 qui
3274 3613 3417 3664 tunc
3455 3611 3680 3678 marty-

2015 3699 2175 3754 rium
2204 3698 2372 3771 passi
2401 3701 2563 3765 sunt,
2615 3714 2652 3754 a
2676 3697 2844 3769 justo
2883 3697 3087 3768 judice
3131 3697 3384 3768 prremia
3414 3695 3636 3751 servari
3662 3713 3676 3764 ;

2016 3787 2315 3861 siquidem
2346 3786 2429 3842 illi
2459 3791 2517 3843 et
2546 3786 2624 3844 ab
2670 3786 3020 3842 hominibus
3069 3790 3290 3842 certam
3323 3789 3380 3840 et
3409 3784 3678 3855 explora-

2015 3881 2140 3934 tam
2169 3876 2413 3932 laudem
2450 3875 2996 3948 consequebantur,
3028 3879 3086 3932 et
3122 3890 3158 3931 a
3185 3877 3303 3930 Deo
3334 3873 3677 3929 mercedem

2015 3967 2488 4040 exspectabant;
2534 3965 2708 4022 vobis
2740 3969 2942 4022 autem
2984 3965 3048 4020 in
3092 3964 3345 4037 paribus
3390 3963 3677 4036 praeclare

2014 4055 2190 4113 factis
2235 4057 2500 4112 honores
2541 4071 2576 4112 a
2622 4055 2866 4130 populis
2912 4071 3038 4111 non
3088 4054 3478 4123 deferuntur;
3513 4054 3675 4110 unde

2013 4161 2128 4219 par
2150 4149 2239 4201 est
2265 4143 2725 4217 multiplicatam
2762 4144 2974 4216 reponi
3012 4143 3074 4199 in
3103 4143 3306 4199 futuro
3345 4159 3477 4199 (evo
3503 4142 3672 4199 labo-

2013 4251 2150 4295 rum
2175 4250 2286 4310 pro
2314 4234 2534 4309 pietate
2556 4238 2978 4308 susceptorum
3007 4234 3581 4291 remunerationem.

372 4561 480 4637 (g7)
526 4564 621 4615 Τὸν
673 4562 869 4637 ἀγαθόν
913 4565 1062 4637 Θεὸν.
1111 4566 1281 4620 Deest
1316 4565 1628 4637 postrema
1667 4565 1897 4637 voxgin

2024 4559 2116 4616 ius
2141 4560 2504 4637 illaturlcum
2546 4572 2615 4615 ea
2659 4556 2904 4637 queen];
2944 4555 3240 4637 ftwreticis
3288 4554 3576 4637 infertur,
3610 4560 3667 4637 et

295 4633 572 4707 Medicago
597 4637 653 4691 et
682 4633 853 4707 Coisl.
881 4635 1098 4707 primo.
1126 4637 1266 4707 Reg.
1301 4633 1607 4691 secundus
1631 4639 1688 4692 et
1715 4635 1890 4692 Coisl.

292 4706 599 4763 secundus
627 4710 714 4778 τὸν
746 4706 941 4778 ἀγαθόν
975 4709 1190 4776 Κύριον.

361 4779 503 4852 (88)
530 4785 634 4831 Τοῦ
679 4775 962 4836 δύνασθαι.
1025 4778 1178 4835 Editi
1224 4777 1685 4852 adduntiguég,
1723 4777 1893 4852 quod

287 4848 461 4922 deest
487 4847 684 4922 ingsex
714 4866 884 4917 mss.,
915 4865 1038 4906 non
1069 4854 1274 4906 tamen
1302 4851 1360 4906 in
1392 4847 1566 4908 Coisl.
1601 4847 1815 4922 primo.

360 4921 476 4993 (89)
504 4919 589 4984 Ἐξ
617 4922 783 4993 ἡμῶν.
833 4924 960 4977 Non
1007 4922 1167 4978 male
1216 4922 1565 4978 Harlaeanus
1602 4919 1805 4978 ‘codex
1835 4924 1892 4978 et

287 4992 604 5066 Medicteus
632 4992 1206 5066 uaptﬁuo'ivtSedhin
1265 4993 1446 5049 simili
1500 4993 1888 5066 clausulase-

283 5064 528 5139 guentis
554 5063 1065 5139 epistolzelegitur
1090 5063 1143 5128 ἐξ
1170 5066 1315 5139 ἡμῶν
1345 5064 1630 5121 omnibus
1661 5064 1888 5121 codici-

279 5134 396 5192 bus
423 5134 955 5192 consentientibus.

354 5208 464 5278 (90)
492 5207 838 5279 Nesattium,
859 5210 979 5279 etc.
1018 5209 1104 5263 Ita
1133 5210 1248 5263 tres
1282 5206 1702 5279 antiquissimi
1729 5206 1889 5279 codi-

281 5277 400 5334 ces.
434 5278 680 5335 Addunt
719 5278 1035 5334 Medicoeus
1061 5282 1118 5334 et
1145 5277 1318 5335 Coisl.
1351 5277 1584 5350 prtinus
1619 5296 1630 5333 :
1667 5278 1887 5331 Εῦθαλεο

283 5353 448 5425 στάτη
481 5351 899 5425 πρός-ὑπομονὴν
929 5349 1264 5425 παράκλησις
1284 5349 1374 5403 καὶ
1407 5354 1686 5425 σύγκρισις
1715 5358 1803 5403 τοῦ
1833 5369 1887 5402 τε

280 5419 384 5473 ἀπό
414 5419 928 5495 τῶνέἰδωλολατρῶν
949 5419 1046 5495 καὶ.
1078 5429 1170 5474 τοῦ
1203 5419 1304 5474 ἀπὸ
1333 5419 1602 5495 αἱρετικῶν
1636 5420 1887 5494 ἐπαγομέ-

281 5509 371 5568 νου
404 5489 663 5568 διωγμοῦ,
695 5499 785 5547 καὶ
814 5489 896 5568 ὅτι
917 5493 976 5545 ού
997 5493 1184 5551 πλήθει
1215 5489 1459 5568 ὁριστέονΔ
1476 5498 1570 5568 τὴν
1599 5489 1885 5566 σωτηρίαν.

285 5563 756 5621 Praeclarissima
805 5565 888 5622 ad
953 5563 1312 5634 patientiam
1377 5563 1770 5635 adhortatio,
1832 5569 1888 5620 et

281 5636 658 5705 comparatio
667 5637 1097 5708 persecutionis
1111 5652 1151 5694 a
1160 5636 1626 5696 simulacrorum
1639 5637 1860 5694 cultori
1869 5665 1884 5676 -

2004 4632 2164 4702 quod
2183 4631 2573 4686 multitudine
2617 4624 2737 4685 non
2769 4628 3111 4702 deﬁnienda
3141 4628 3329 4682 salus.
3354 4624 3507 4680 Editi
3533 4629 3666 4699 Πρός

2003 4701 2319 4776 μονάζοντας
2352 4703 2452 4753 ὑπὸ
2483 4703 2756 4775 Ἀρειανὼν
2782 4701 3254 4776 καταπονηθέντας.

2075 4765 2656 4846 (91)7Πατέρεςγημῶν.
2708 4776 2797 4846 ita
2839 4776 2959 4846 tres
3007 4765 3394 4846 vetustissimi
3423 4766 3662 4823 codices

2001 4843 2140 4903 cum
2168 4845 2299 4900 aliis
2326 4843 2802 4918 p'lurib‘urlediti
2830 4845 3045 4918 πατέρες
3067 4843 3228 4918 ὑμῶν.

2073 4920 2186 4988 (92)
2208 4909 2359 4991 Παρά
2383 4925 2510 4970 τῶν.
2547 4914 2694 4970 Editi
2721 4909 3268 4986 prmmittunt'ulm,
3296 4909 3464 4984 quod
3495 4910 3663 4968 deest

1997 4989 2059 5046 in
2085 4989 2306 5045 novem
2334 5004 2479 5042 mss.

2072 5063 2184 5132 (93)
2217 5059 2448 5120 Μείζονα
2489 5059 2632 5132 ὑμῖν.
2685 5055 2880 5132 Coisl._
2909 5058 3185 5132 uterque,
3227 5053 3376 5112 Med.
3409 5057 3483 5132 _e_t
3514 5056 3656 5123 Reg.

1998 5125 2301 5188 secundus
2331 5125 2737 5200 Μείζοναὴμῐν.
2773 5126 2888 5184 Sed
2920 5125 3266 5183 llarlaeanus
3290 5134 3348 5182 et
3373 5125 3472 5182 alii
3514 5141 3658 5180 con-

1997 5205 2259 5260 sentiunt
2288 5218 2426 5258 cum
2447 5199 2639 5256 editis;

2069 5277 2183 5347 (94)
2209 5274 2355 5347 ΎριξνΔ
2502 5271 2654 5347 Editi
2696 5269 3068 5347 praemittunt
3099 5274 3212 5338 καί,
3245 5284 3431 5347 quam
3477 5282 3658 5322 vocu-

1994 5340 2120 5402 lam
2152 5340 2520 5410 sustulimus,
2554 5340 2714 5414 quia
2751 5340 2965 5396 melius
3013 5342 3184 5414 abest
3211 5340 3474 5414 ar'tribus
3504 5353 3651 5390 mss.

1996 5418 2106 5474 etsi
2135 5433 2256 5472 non
2284 5407 2727 5485 vetustissimis,
2767 5415 2898 5468 llaec
2951 5412 3206 5485 epistpla
3245 5413 3304 5485 in
3329 5407 3655 5485 _Harla:ano

1997 5489 2202 5545 codice
2235 5488 2318 5543 sic
2338 5485 2543 5542 ﬁnitur
2577 5503 2589 5542 :
2623 5481 3037 5558 ὁμολογουμένην
3079 5481 3223 5555 εἶχον
3264 5481 3340 5535 ἐπ’
3382 5483 3521 5538 ἴσοις
3547 5484 3658 5538 τοῖς

1995 5562 2422 5635 “NW-iram:

2069 5635 2088 5656 θ
2127 5627 2286 5690 Alias
2315 5630 2539 5700 CCCIII,
2563 5627 2786 5701 scripta
2815 5641 2978 5686 anno
3000 5629 3129 5684 376.
