4148 6382
353 331 458 388 949

351 473 483 528 ματι
494 495 511 520 ,
578 449 915 523 ἔπιτείνομεν,

352 546 564 616 ἔχοντες
613 545 918 614 συμφωνίαν
971 541 1046 594 ενί
1094 543 1157 613 γέ
1203 559 1307 594 τινι
1352 541 1556 602 πάντως
1609 537 1958 598 διεστήκασιν

354 631 444 686 ἀπ’
485 631 733 691 ἀλλήλων.
769 637 883 690 Πῶς
934 625 1023 682 οὖν
1071 634 1144 702 μὴ
1181 631 1520 702 θαυμάσομεν
1565 631 1651 682 τὸν
1698 628 1748 682 ἐν
1777 631 1957 681 τοιού-

351 742 461 784 τοις
497 724 774 797 πράγμασι
829 721 1065 794 καθαρὰν
1123 722 1214 771 καὶ
1270 716 1464 772 ἄδολον
1515 723 1609 778 τὴν
1663 722 1792 793 πρὸς
1837 721 1959 779 τοὺς

353 813 576 871 πλησίον
642 811 852 882 ἀγάπην
905 806 1346 882 ἐπιδεικνύμενον,
1398 813 1489 862 καὶ
1543 806 1638 862 διὰ
1694 813 1956 872 τοσαύτης

357 902 629 962 θαλάσσης
657 906 748 954 καὶ
802 901 1040 975 ἠπείρου,
1091 907 1183 960 τῆς
1230 902 1571 974 χωριζούσης
1618 901 1752 972 ἡμᾶς
1782 919 1956 972 σωμα-

354 999 531 1059 τικῶς,
583 995 678 1049 την
720 986 1070 1062 ἐνδεχομένην
1100 987 1389 1061 ἐπιμέλειαν
1420 996 1536 1050 ταῖς
1564 988 1773 1061 ψυχαῖς
1810 991 1957 1062 ἡμῶν

353 1081 702 1153 χαριζόμενον
725 1097 741 1145 ;

423 1174 477 1224 2.
519 1170 829 1236 Ἑθαύμασα
867 1165 928 1222 δέ
981 1185 1078 1221 σου
1115 1165 1344 1236 κάκεῖνο,
1402 1169 1485 1221 ὅτι
1515 1171 1605 1223 καὶ
1657 1169 1754 1227 τὴν
1806 1167 1856 1221 ἐν
1883 1177 1958 1240 τῷ

355 1259 596 1312 Ἐλαιῶνι
648 1265 750 1312 τῶν
812 1254 1044 1331 ἀδελφῶν
1120 1253 1404 1310 διάστασιν
1453 1257 1698 1331 λυπηρῶς
1771 1253 1954 1330 ἐδέξω,

355 1353 446 1402 καὶ
513 1347 693 1421 βούλει
758 1350 876 1400 τινὰ
952 1347 1128 1410 αὐτοῖς
1189 1347 1430 1419 γενέσθαι
1493 1349 1623 1420 πρὸς
1703 1345 1956 1410 ἀλλήλους

358 1436 748 1511 συμϐιϐασμόν.
805 1441 906 1492 Καὶ
966 1437 1048 1492 ὅτι
1114 1455 1174 1491 σε
1245 1433 1372 1490 οὐδὲ
1443 1437 1510 1490 τὰ
1580 1437 1959 1513 παρευρεθίντα

353 1527 456 1579 ὑπὸ
511 1535 685 1597 τινῶν,
754 1531 845 1580 καὶ
904 1526 1148 1600 ταραχὰς
1203 1525 1566 1599 ἆμποιήσαντα
1616 1535 1679 1600 τῇ
1742 1523 1958 1600 ἀδελφό-

352 1634 496 1684 τητι,
529 1614 814 1689 παρέλαθεν
853 1615 991 1685 (99),
1037 1613 1168 1667 ἀλλά
1209 1619 1299 1668 καὶ
1349 1618 1444 1673 την
1483 1613 1568 1668 ἰπὶ
1621 1618 1826 1679 τούτοῖς
1868 1621 1955 1690 με·

350 1724 540 1779 ριμναν
608 1701 848 1796 ὼιὸςέξω,
931 1709 1023 1757 καὶ
1092 1709 1260 1757 ταῦτα
1336 1699 1690 1777 ἀπεδεξάμην.
1765 1706 1956 1762 Ἐκεῖνο

1294 324 1784 384 EPISTOLARUH
1819 321 2108 384 CLASSIS
2146 323 2221 386 Ιῐ.
2257 328 2473 387 EPIST.
2515 327 2795 388 CCLVIII.

999 452 1092 506 καὶ
1155 451 1208 506 οἱ
1279 448 1332 503 ἓν
1411 455 1516 511 τοῖς
1588 449 1957 526 καιριωτάτοις

2070 452 2406 525 tendimus;
2436 457 2494 513 et
2519 455 2627 529 qui
2653 455 2718 512 in
2756 453 3083 529 pracipuis
3121 455 3424 528 capitibus
3451 457 3610 518 inter
3658 475 3730 522 se

3618 337 3733 396 950

2064 543 2468 614 consentiunt,
2497 544 2562 603 in
2591 560 2715 604 una
2744 543 2954 618 aliqua
2975 560 3039 602 re
3078 559 3328 618 prorsus
3358 546 3440 605 ab
3473 564 3536 605 se
3565 549 3726 608 invi-

2065 646 2200 689 cem
2228 632 2536 692 dissident.
2563 634 2883 700 Quomodo
2908 634 3091 705 igitur
3125 649 3269 692 eum
3298 651 3425 694 non
3458 638 3725 696 admire-

2065 735 2224 789 mur,
2255 721 2360 794 qui
2394 723 2457 780 in
2487 723 2589 780 tali
2614 739 2815 780 rerum
2849 726 3007 780 statu
3050 738 3275 796 purum
3322 739 3394 781 ac
3421 725 3727 784 sincerum

2067 824 2209 879 erga
2234 810 2444 868 fratres
2473 829 2745 869 amorem
2766 813 3047 883 ostendit,
3075 816 3134 872 et
3163 829 3237 870 ex
3264 817 3429 871 tanto
3455 816 3644 873 maris
3669 822 3729 876 et

2064 905 2256 968 terrae,
2275 902 2498 974 quibus
2513 918 2764 976 corpore
2786 903 3164 974 sejungimur
3182 903 3520 975 intervallo,
3532 921 3728 978 quan-

2064 994 2196 1047 tum
2220 992 2283 1048 in
2307 1008 2370 1050 se
2396 999 2509 1064 est,
2540 993 2885 1052 animarum
2913 997 3263 1052 nostrarum
3289 1009 3500 1053 curam
3533 996 3718 1054 susci-

2065 1079 2154 1153 pit
2171 1081 2199 1136 ?

2136 1174 2190 1228 2.
2223 1169 2376 1228 Illud
2403 1174 2608 1231 autem
2635 1172 2818 1232 etiam
2855 1172 2920 1230 in
2943 1174 3001 1231 te
3027 1171 3286 1233 miratus
3305 1174 3652 1250 sum,quod
3668 1179 3731 1239 et

2063 1257 2344 1330 fratrum,
2380 1261 2486 1333 qui
2513 1261 2575 1318 in
2614 1261 2854 1320 Eleeone
2885 1266 3046 1332 sunt,
3084 1263 3339 1322 moleste
3365 1264 3572 1323 tuleris
3600 1265 3728 1322 dis-

2068 1348 2436 1420 sensionem,
2475 1349 2746 1423 velisque
2785 1349 3059 1425 aliquam
3087 1351 3242 1425 ipsis
3289 1352 3421 1412 ﬁeri
3469 1353 3626 1412 inter
3661 1369 3728 1413 se

2065 1437 2570 1496 conciliationem.
2598 1438 2772 1505 Quod
2796 1445 3000 1498 autem
3029 1443 3085 1498 te
3111 1456 3238 1498 non
3262 1441 3568 1501 latuerunt
3584 1458 3726 1516 qum

2065 1541 2104 1583 a
2130 1526 2440 1584 nonnullis
2460 1527 2621 1584 male
2649 1528 3237 1602 excogitata,fratres
3262 1531 3728 1602 conturbamnt,

2066 1631 2139 1674 ac
2176 1616 2251 1673 de
2280 1617 2374 1674 his
2418 1633 2666 1691 quoque
2706 1618 3172 1677 sollicitudinem
3220 1622 3564 1694 suscepisti,
3594 1622 3728 1678 haec

2066 1706 2246 1764 etiam
2275 1707 2424 1763 mihi
2452 1708 2710 1780 probata
2744 1711 2907 1764 sunt.
2939 1707 3088 1764 Illud
3125 1725 3271 1766 vero
3296 1725 3422 1766 non
3459 1711 3592 1782 jam
3620 1713 3730 1768 tua

360 1789 417 1846 .ἳέ
466 1793 642 1846 οὐκέτι
691 1789 787 1854 τῆς
842 1801 937 1854 σῆς
994 1791 1212 1866 ἐνόμισα
1249 1789 1379 1846 εἶναι
1418 1798 1668 1856 συνέσεως
1697 1795 1863 1863 ἄξιον,
1896 1800 1955 1851 τό

2070 1796 2328 1867 iudicavi
2347 1813 2479 1854 esse
2499 1798 2822 1870 prudentia
2842 1797 3484 1872 dignum,quodnobis
3503 1800 3728 1856 harum

353 1884 479 1954 ἡμῖν
537 1886 628 1940 τὴν
682 1887 802 1956 περὶ
853 1889 956 1935 τῶν
1012 1882 1331 1940 τηλικούτων
1399 1878 1686 1957 διόρθωσιν
1752 1883 1955 1961 ἐπιτρέ-

353 1991 487 2042 πειν,
543 1972 836 2047 ἀνθρώποις
889 1975 1008 2026 οὔτε
1063 1974 1255 2047 χάριτι
1322 1979 1456 2026 Θεοῦ
1512 1971 1802 2045 ἀγομένοις,
1861 1972 1958 2032 διὰ

353 2066 414 2114 τό
468 2061 751 2136 ἁμαρτίαις
826 2061 1017 2134 συζῇν,
1073 2065 1191 2116 οὔτε
1266 2065 1386 2118 τινὰ
1448 2069 1784 2137 κεκτημένοις
1834 2070 1956 2140 περὶ

351 2154 475 2212 τοὺς
514 2151 695 2224 λόγους
754 2147 1000 2224 δύναμιν,
1038 2149 1134 2206 διὰ
1175 2155 1235 2206 τὸ
1273 2160 1374 2205 τῶν
1420 2155 1511 2225 μὲν
1549 2159 1785 2227 ματαίων
1817 2154 1954 2228 ἀγα-

351 2247 531 2304 πητῶς
573 2240 652 2312 (1)
712 2239 1024 2311 ἀποστῆναι,
1073 2249 1172 2294 τῶν
1217 2238 1277 2294 δὲ
1325 2250 1422 2304 τῆς
1474 2241 1715 2304 ἀληθείας
1753 2241 1956 2316 δογμά-

349 2347 451 2381 των
515 2333 675 2402 μήπω
728 2334 824 2389 τὴν
888 2336 1268 2405 προσήκουσαν
1319 2331 1423 2393 ἕξιν
1491 2330 1780 2386 ἀναλαϐεῖν.
1828 2335 1954 2389 Ἐπ-

351 2419 648 2492 εστείλαμεν
691 2417 781 2473 οὖν
838 2417 948 2480 ἤδη
998 2428 1109 2482 τοῖς
1157 2419 1452 2493 ἀγαπητοῖς
1499 2418 1741 2495 ἀδελφοῖς
1783 2426 1952 2497 ἡμῶν,

349 2515 456 2570 τοῖς
498 2507 637 2562 κατά
679 2512 768 2563 τὸν
798 2509 1074 2578 Ἐλαιῶνα,
1125 2507 1407 2583 Παλλαδίῳ
1459 2520 1532 2583 τῷ
1585 2514 1817 2588 ἡμετέρῳ
1867 2518 1956 2568 καὶ

352 2598 666 2670 Ἰννοκεντίῳ
696 2600 776 2670 (2)
804 2609 878 2671 τῷ
917 2599 1125 2672 Ἰταλῷ,
1174 2603 1310 2676 πρὸς
1345 2603 1413 2654 τὰ
1439 2601 1565 2675 παρ’
1605 2602 1776 2656 αὐτῶν
1827 2606 1954 2677 ἡμῖν

353 2686 742 2762 ἔπεσταλμένα·
796 2691 879 2743 ὅτε
911 2687 1063 2744 ούδὶν
1116 2687 1388 2764 δυνάμεθα
1431 2699 1494 2765 τῇ
1540 2695 1678 2746 κατά
1727 2697 1954 2747 Νίκαιαν

353 2780 533 2830 πίστει
610 2780 951 2853 προστιθέναι
1032 2781 1200 2852 ἡμεῖς,
1261 2777 1388 2834 οὐδε
1457 2784 1518 2834 τὸ
1587 2779 1952 2856 βραχύτατον,

354 2864 489 2924 πλὴν
541 2873 634 2928 τῆς
689 2867 759 2931 εἰς
802 2871 861 2922 τὸ
919 2875 1129 2942 Πνεῦμα
1167 2873 1228 2924 1'6
1286 2869 1438 2942 ἅγιον
1488 2866 1811 2944 δοξολογίας,
1861 2868 1958 2926 διὰ

355 2957 413 3008 1'6
473 2954 523 3008 ἐν
587 2954 906 3032 παραδρομῇ
959 2961 1080 3021 τοὺς
1135 2963 1360 3033 πατέρας
1415 2962 1564 3034 ἡμῶν
1617 2964 1806 3015 τούτου
1861 2968 1956 3016 τοῦ

351 3047 538 3118 μέρους
596 3045 986 3120 ἕπιμνησθῆναι
1015 3069 1030 3082 ο
1081 3051 1228 3102 οὔπω
1283 3055 1378 3103 τοῦ
1428 3051 1544 3102 κατ’
1603 3049 1731 3104 αὐτὸ
1782 3051 1956 3113 ζητη-

2063 1899 2266 1944 rerum
2298 1885 2791 1942 emendationem
2816 1887 3216 1956 commiseris,
3241 1887 3595 1945 hominibus
3621 1902 3730 1944 ne-

2064 1989 2184 2048 que
2214 1974 2411 2044 gratia
2440 1973 2544 2030 Dei
2565 1974 2787 2046 ductis,
2812 1977 2878 2030 ut
2904 1974 3011 2047 qui
3039 1974 3102 2031 in
3129 1975 3396 2048 peccatis
3425 1977 3727 2048 vivamus,

2063 2079 2178 2122 nec
2198 2063 2322 2122 ulla
2339 2063 2581 2120 dicendi
2599 2063 2888 2122 facultate
2917 2064 3204 2137 praeditis,
3217 2081 3289 2122 eo
3308 2067 3477 2139 quod
3497 2083 3536 2124 a
3550 2066 3729 2123 vanis

2062 2153 2312 2226 quidem
2341 2152 2596 2210 libenter
2617 2153 3071 2224 recesserimus,
3103 2154 3366 2212 veritatis
3394 2159 3598 2212 autem
3621 2155 3730 2213 do-

2064 2247 2341 2315 gmatum
2378 2242 2658 2299 nondum
2688 2243 2949 2300 assecuti
2985 2242 3274 2301 idoneum
3300 2261 3482 2303 usum
3512 2246 3727 2304 simus.

2062 2333 2200 2389 Jam
2237 2331 2417 2401 igitur
2439 2331 2875 2404 respondimus
2905 2331 3140 2392 dilectis
3177 2332 3464 2392 fratribus
3497 2335 3728 2392 nostris

2061 2409 2126 2478 in
2147 2421 2384 2479 Elaeone
2404 2421 3059 2492 degentibus,Palladio
3073 2426 3282 2480 nostro
3302 2427 3361 2480 et
3381 2425 3730 2484 Innocentio

2062 2511 2326 2580 Italo,ad
2351 2527 2424 2568 ea
2443 2527 2583 2584 quas
2603 2509 2786 2568 nobis
2814 2510 2895 2568 ab
2923 2511 3071 2585 ipsis
3094 2511 3339 2572 fuerunt
3355 2513 3597 2586 scripta,
3612 2529 3730 2571 nos

2063 2601 2291 2662 scilicet
2314 2599 2466 2658 nihil
2492 2616 2677 2674 posse
2705 2601 2961 2658 Nicmnee
2987 2600 3133 2660 ﬁdei
3161 2601 3444 2673 adjicere,
3480 2618 3559 2662 ne
3583 2603 3730 2662 bre-

2061 2691 2379 2754 Yissimum
2393 2690 2666 2764 quidem,
2681 2695 2933 2764 excepta
2954 2691 3208 2764 Spiritus
3225 2693 3416 2752 sancti
3436 2692 3733 2764 gloriﬁca-

2062 2782 2248 2853 tione,
2280 2786 2602 2855 propterea
2616 2781 2784 2853 quod
2807 2782 3074 2853 majores
3089 2783 3281 2841 nostri
3297 2783 3524 2840 cursim
3541 2783 3730 2856 hujus

2062 2871 2252 2946 partis
2287 2870 2694 2939 meminerint,
2725 2870 3004 2930 nondum
3037 2877 3183 2928 tunc
3209 2871 3287 2930 de
3315 2872 3536 2945 Spiritu
3560 2877 3730 2932 mota.

2062 2961 2418 3034 quaestione.
2442 2961 2586 3026 Quis
2616 2963 2823 3018 autem
2859 2959 3230 3018 adtexuntur
3256 2961 3400 3018 huic
3441 2961 3586 3018 ﬁdei
3613 2961 3728 3018 don

2064 3055 2272 3122 gmata
2295 3050 2371 3107 de
2396 3049 2638 3107 Domini
2667 3049 3108 3121 lncarnatione,
3147 3065 3222 3108 ea
3264 3054 3330 3107 ut
3378 3050 3594 3108 altiora
3621 3065 3730 3108 no~

347 3153 507 3206 ματος
558 3140 679 3189 τότε
728 3141 1085 3210 κεκινημένου.
1122 3140 1202 3192 Τὰ
1262 3135 1324 3192 δὲ
1368 3145 1822 3214 προσυφαινόμενα
1877 3141 1954 3215 (3)

2070 3144 2190 3198 stra
2207 3139 2621 3210 intelligentia,
2651 3154 2852 3212 neque
2876 3138 3387 3206 examinavimus,
3413 3155 3614 3213 neque
3632 3154 3729 3198 re-

349 3232 413 3296 τῇ
481 3229 661 3280 πίστει
717 3225 887 3300 ἒκείνη
946 3224 1195 3300 δόγματα
1250 3232 1371 3305 περὶ
1430 3236 1523 3290 τῆς
1583 3236 1678 3284 τοῦ
1755 3235 1954 3306 Κυρίου

2070 3231 2380 3304 cepimus:
2417 3229 2694 3293 scientes,
2722 3228 2829 3285 ubi
2865 3228 3314 3302 simplicitatem
3349 3229 3495 3286 ﬁdei
3538 3229 3727 3288 semel

350 3312 806 3389 ἕνανθρωπησεως,
864 3319 930 3378 ὡς
1005 3315 1273 3392 βαθύτερα
1326 3327 1424 3382 τῆς
1473 3321 1726 3394 ἡμετέρας
1795 3339 1955 3374 κατα-

2070 3319 2515 3390 sustulerimus,
2559 3318 2799 3376 nullum
2833 3319 2966 3391 jam
3009 3334 3364 3376 sermonum
3391 3319 3580 3378 ﬁnem
3607 3333 3725 3376 nos

350 3401 565 3474 λήψεως,
643 3408 761 3458 οὔτε
842 3404 1246 3480 ὶϐασανίσαμεν,
1320 3411 1439 3461 οὔτε
1501 3405 1900 3482 παρεδεξάμεθα
1929 3423 1944 3440 ⁸

2070 3425 2197 3468 esse
2234 3409 2611 3476 inventuros,
2644 3407 3118 3466 contradictione
3141 3422 3254 3465 nos
3285 3423 3530 3481 semper
3569 3408 3723 3465 ulte-

349 3489 568 3561 εἰδότες,
626 3496 727 3567 ὅτι,
795 3492 1009 3550 ἐπειδὰν
1078 3502 1174 3556 τὴν
1232 3497 1504 3556 ἁπλότητα
1568 3507 1667 3560 τῆς
1724 3504 1954 3561 πίστεως

2070 3499 2186 3556 rius
2212 3497 2586 3570 abripiente;
2627 3512 2700 3554 ac
2739 3496 3184 3569 simpliciorum
3210 3496 3451 3554 animas
3481 3501 3721 3554 contur-

348 3582 491 3646 ἅπαξ
536 3588 988 3660 παρακινήσομεν,
1051 3589 1170 3640 οὔτε
1216 3607 1270 3640 τι
1341 3587 1417 3659 (4)
1477 3592 1640 3664 πέρας
1702 3594 1804 3640 τῶν
1858 3587 1951 3642 λό-

2070 3588 2331 3658 baturos,
2355 3586 2529 3644 novis
2559 3589 2744 3642 rebus
2763 3585 3237 3643 introducendis.

349 3692 453 3742 γων
481 3674 792 3749 εὑρήσομεν,
820 3673 900 3728 ἀεὶ
927 3684 1020 3737 τῆς
1051 3675 1347 3749 ἀντιλογίας
1386 3677 1455 3738 εἰς
1485 3680 1544 3730 τὸ
1569 3677 1742 3731 πλεῖον
1770 3679 1906 3751 ἡμᾶς
1929 3680 2288 3754 προαγούσης,
2342 3681 2432 3729 καὶ
2459 3678 2556 3738 τὰς
2585 3675 2768 3747 ψυχὰς
2796 3683 2896 3729 τῶν
2951 3673 3323 3750 ἀκεραιοτέρων
3352 3677 3719 3752 παρατοιροίξο⁴

351 3781 439 3833 μεν
463 3763 541 3834 (ὅ)
571 3772 634 3837 τῇ
665 3773 1038 3839 παρεισαγωγῇ
1073 3775 1174 3819 τῶν
1207 3767 1531 3830 ξενιζόντων.

420 3855 471 3908 3.
503 3857 608 3911 Τὴν
648 3850 710 3908 δὲ
763 3857 900 3908 κατά
949 3856 1274 3928 Ἀντιόχειαν
1309 3856 1644 3930 Ἐκκλησίαν,
1691 3857 1822 3930 λέγω
1871 3855 1942 3917 δὴ

2123 3856 2178 3915 3.
2204 3854 2379 3922 Quod
2415 3856 2622 3912 autem
2649 3853 2863 3912 attinet
2903 3853 2985 3913 ad
3026 3853 3356 3912 Ecclesiam
3396 3854 3717 3912 Antioche—

348 3943 443 3999 τὴν
496 3951 570 4014 τῷ
635 3942 776 4015 αὐτῷ
835 3949 1128 4020 φρονήματι
1181 3944 1598 4018 συμϐαίνουσαν,
1653 3944 1765 4018 δῴη
1821 3950 1948 4000 ποτε

2070 3960 2221 4013 1am,
2245 3945 2411 4002 illam
2431 3943 2588 4010 dico,
2612 3960 2750 4016 quas
2779 3944 2842 4001 in
2863 3943 3080 4001 eadem
3099 3944 3374 4002 doctrina
3394 3944 3714 4012 consentit,

347 4033 376 4083 ὀ
435 4034 630 4106 Κύριος
696 4029 827 4086 ἰδεῖν
893 4034 1058 4093 αὐτὴν
1121 4035 1408 4108 ἡνωμένην.
1478 4033 1780 4090 Κινδυνεύει
1843 4039 1948 4111 γὰρ

2070 4036 2350 4106 :argiatur
2377 4034 2710 4106 aliquando
2735 4033 3030 4090 Dominus
3052 4038 3118 4092 ut
3139 4034 3320 4108 394
3339 4050 3477 4093 eam
3501 4035 3717 4094 videa-

348 4121 483 4180 αὕτη
540 4121 774 4194 μάλιστα
831 4120 1093 4196 δεδεχθαι
1130 4126 1225 4187 τὰς
1264 4123 1540 4187 ἐπιϐουλὰς
1576 4133 1670 4178 τοῦ
1726 4125 1948 4200 ἐχθροῦ,

2070 4141 2196 4181 mus
2211 4124 2343 4196 conj
2352 4123 2963 4180 unctam.Periculum
2974 4124 3137 4181 enim
3157 4130 3267 4196 est,
3281 4139 3358 4181 ne
3372 4125 3507 4198 ipsa
3525 4126 3718 4183 maxi-

344 4219 796 4283 μνησικακοῦντος
837 4215 970 4286 αὐτῇ
1031 4211 1127 4267 διὰ
1180 4217 1240 4267 τὸ
1289 4224 1494 4289 πρῶτον
1539 4221 1646 4277 τοῖς
1697 4217 1803 4269 ἐκεῖ
1853 4219 1950 4274 τὴν

2070 4231 2158 4272 me
2184 4216 2388 4286 pateat
2421 4212 2656 4271 insidiis
2692 4213 2940 4284 inimici,
2975 4213 3083 4288 qui
3111 4213 3167 4272 ei
3203 4219 3540 4285 succenset,
3569 4214 3718 4287 quia

419 4359 544 4432 (99)_
566 4356 883 4432 Παρέλαθεν.
940 4356 1092 4432 Editi
1127 4358 1499 4432 praemittunt
1535 4359 1616 4416 ού.
1664 4358 1781 4432 Sed
1818 4358 1950 4416 haec
1989 4345 2034 4400 Π
2062 4358 2500 4432 simpliciorum
2527 4356 2727 4432 animi
2742 4359 2916 4414 novis
2944 4358 3129 4415 rebus
3157 4358 3222 4432 in
3247 4357 3599 4432 symbolum
3626 4358 3717 4414 in-

348 4427 588 4502 negatio
616 4427 851 4502 melius
907 4429 1078 4502 abest
1128 4427 1172 4485 ξι
1218 4429 1531 4502 codicibus
1581 4431 1755 4499 Hed.,
1804 4433 1948 4502 Heg.
2058 4427 2898 4502 ductislmderenturﬁinime
2920 4435 3124 4502 autem
3144 4427 3715 4502 mirum,si,iquam-

352 4497 565 4573 primo,
599 4499 774 4556 Coisl.
799 4501 1092 4557 secundo.
1121 4501 1309 4558 Paris.
1351 4508 1408 4558 et
1434 4501 1622 4566 Bigot.
1702 4571 1711 4573 4
1742 4497 1747 4499 ’
1893 4497 1919 4502 ⁷
2057 4503 2146 4558 vis
2166 4501 2446 4557 Basilium
2462 4515 2644 4558 nemo
2659 4500 3449 4573 intelligendietexplicandi
3463 4497 3718 4570 dogma-

423 4571 496 4637 (1)
529 4571 860 4643 ’Λγαπητῶς.
908 4576 992 4628 Ita
1020 4588 1168 4629 mss.
1208 4587 1449 4629 novem.
1491 4573 1644 4630 Editi
1692 4571 1951 4645 ἀφαπητι-

2070 4575 2133 4645 tis
2159 4573 2324 4645 dono
2354 4576 2682 4643 superaret,
2725 4589 2975 4645 suarum
2995 4571 3203 4628 tamen
3238 4572 3458 4645 virium
3486 4587 3558 4645 ac
3588 4587 3714 4630 sum

351 4648 490 4716 nec.
532 4714 539 4716 _
599 4642 603 4643 ⁷
982 4713 992 4716 _
1032 4714 1043 4716 μ
1580 4713 1591 4716 _
1735 4642 1742 4645 ⁷
1805 4714 1817 4716 _
2059 4643 2360 4702 facultatis
2389 4642 2522 4716 esse
2549 4658 2672 4716 non
2700 4643 2978 4716 putabat,
3018 4647 3244 4716 attexta
3278 4642 3422 4698 ﬁdei
3459 4643 3714 4716 Nicaeum

422 4714 500 4785 (2)
530 4714 861 4789 ’Iwoxqrizp.
895 4713 1075 4772 Coisl.
1132 4717 1404 4789 utarque,
1461 4713 1643 4786 Harl,
1695 4714 1848 4774 Med.
1895 4718 1953 4772 et

352 4787 493 4854 Reg.
521 4785 823 4858 secundus
851 4785 1149 4858 Ἰνοκεντίῳ.

421 4862 503 4928 (3)
524 4861 602 4932 Τά
629 4856 688 4910 δὲ
708 4856 1187 4932 προσυφαιν-όμενα.
1207 4857 1382 4932 Quod
1403 4858 1486 4916 ait
1500 4858 1772 4932 Basilius,
1791 4873 1854 4915 se
1870 4861 1956 4915 at-

351 4933 515 4986 texta
542 4929 790 4986 Niceenec
817 4929 959 4986 ﬁdei
979 4929 1271 5000 degmata
1299 4931 1375 4986 de
1405 4930 1822 4987 incarnatione
1843 4945 1958 4986 nec

351 5000 760 5074 examinasse,
774 5017 883 5057 nec
897 5001 1294 5074 recepisse,id
1310 5002 1385 5074 de
1404 5003 1538 5074 ipso
1559 5001 1843 5074 dogmate
1862 5016 1958 5074 ac-

354 5073 473 5146 cipi
494 5089 616 5146 non
638 5072 837 5146 debet,
857 5072 1073 5146 sedda
1113 5073 1298 5129 modo
1319 5072 1622 5146 dogmatis
1647 5073 1734 5130 ita
1760 5073 1960 5146 expri-

355 5143 659 5217 mendi,ut
666 5143 924 5200 haeretici
941 5145 1181 5217 eludere
1201 5159 1323 5201 non
1333 5143 1961 5217 possintmamipsiim

355 5217 606 5290 quidem
627 5216 854 5284 dogma
867 5216 1192 5272 certissime
1217 5215 1458 5272 tenebat
1479 5215 1744 5279 Basilius,
1761 5215 1960 5288 neque

357 5289 436 5345 ad
453 5305 589 5344 eam
611 5303 738 5344 rem
760 5303 914 5358 opus
935 5287 1202 5343 habebat
1215 5287 1513 5344 examine.
1530 5287 1643 5342 Sed
1656 5302 1796 5343 cum
1811 5303 1960 5343 non-

357 5359 503 5416 nulli
522 5358 796 5415 formulse
819 5359 1071 5414 Nicaeum
1090 5358 1405 5430 aliquidde
1421 5358 1840 5430 lncaruatione
1861 5359 1964 5415 ad-

359 5431 566 5487 derent
578 5433 656 5486 ad
669 5428 1699 5502 comprimendosApollinaristas;id
1713 5430 1965 5502 Basilius

361 5516 472 5556 nec
488 5501 970 5572 ﬁexaminav’erat,
987 5518 1098 5558 nec
1119 5505 1446 5572 receperat,
1467 5505 1596 5557 tum
1620 5501 1764 5572 quia
1787 5501 1965 5572 altius

362 5571 748 5644 intelligentia
766 5588 880 5644 sua
894 5571 1024 5629 esse
1041 5571 1330 5637 ducebat;
1351 5574 1476 5644 tum
1493 5571 1966 5644 quiametuebat

365 5657 441 5698 ne
461 5641 644 5698 tinem
668 5658 792 5700 non
822 5643 1118 5701 haberent
1147 5642 1450 5714 ejusmodi
1482 5641 1867 5717 questiones,
1896 5657 1966 5699 ac

2061 4715 2137 4772 de
2157 4714 2572 4771 lncarnatione
2600 4714 2893 4784 dogmata
2917 4715 3285 4784 examinare.
3326 4715 3527 4784 Longe
3551 4715 3717 4784 enim

2062 4785 2486 4843 difﬁcillimum
2507 4783 2873 4842 sciebatesse
2887 4785 3214 4841 formulam
3233 4783 3375 4842 ﬁdei
3394 4783 3479 4842 ita
3495 4785 3719 4844 consti-

2061 4861 2357 4929 tuere,_ut,
2383 4857 2551 4929 quod
2575 4856 3257 4929 omninopnecessarium
3276 4871 3407 4913 esse
3425 4857 3505 4914 ad
3523 4857 3718 4928 legiti-

2063 4945 2230 5002 mam
2250 4927 2577 5002 formulam
2595 4929 2773 4984 docet
2787 4927 2891 4984 lib.
2915 4943 2934 4984 1
2952 4929 3017 4983 in
3035 4929 3317 5002 Eunom.,
3340 4943 3401 5002 p.
3424 4930 3548 5002 213,
3567 4927 3719 4988 nihil

2065 5001 2118 5056 ei
2147 4999 2320 5073 desit,
2361 5003 2418 5073 et
2463 4999 2881 5073 haereticorum
2903 5015 3020 5073 usu
3050 4999 3158 5057 teri
3184 4999 3309 5055 non
3339 4999 3556 5073 possit.
3598 5005 3719 5058 Nec

2067 5087 2208 5128 eum
2248 5069 2477 5126 latebat
2495 5070 2669 5142 ipsos
2684 5071 2866 5142 etiam
2889 5069 3390 5142 NicmnosiPatre—s
3413 5071 3715 5140 formulas,

2111 5158 2254 5215 nam
2280 5142 2480 5214 primo
2516 5141 2932 5215 Condiderant,
2963 5141 3195 5215 aliquid
3223 5141 3447 5202 addere
3473 5148 3718 5201 coactos

2096 5212 2628 5283 iussa—postquam
2657 5212 2824 5269 illam
2874 5213 2953 5270 ab
2991 5212 3414 5270 haereticorum
3466 5215 3718 5272 auribus

2068 5300 2190 5342 non
2219 5283 2542 5340 abhorrere
2572 5285 3148 5342 animadverterunt.

2140 5359 2218 5426 (4)
2246 5359 2380 5407 Οὔτε
2409 5374 2482 5410 τι.
2506 5355 2599 5411 Sic
2628 5371 2841 5412 omnes
2861 5373 3010 5414 mss.
3033 5356 3184 5412 Editi
3208 5358 3403 5412 οὐκέτι.

2141 5431 2220 5498 (5)
2250 5427 2842 5512 [ξαραςαραξομεν.ηἱῐᾶ
2883 5428 3069 5512 Harl?
3114 5431 3256 5512 Reg.
3301 5430 3560 5512 primus,
3606 5430 3721 5512 ga—

2071 5497 2209 5556 ris.’
2247 5502 2305 5556 et
2330 5497 2540 5573 piget.
2592 5497 2828 5570 Legitur
2867 5500 3169 5573 gapaisopsv
3201 5497 3722 5573 injlribuqaliis,

2073 5586 2294 5646 nempe
2316 5567 2490 5628 Coisl.
2511 5567 2768 5646 utroque
2795 5574 2854 5632 et
2866 5567 3054 5642 Regio
3073 5567 3365 5630 secundo.
3388 5567 3538 5628 Editi
3553 5567 3727 5646 παραξ-

2073 5642 2317 5715 τάξομεν.
