4148 6418
417 349 516 407 951

1805 350 1861 411 S.
1899 347 2153 410 BASILII
2187 347 2411 407 MAGNI

3678 347 3792 402 952

413 472 539 532 illic
565 473 832 548 primum
865 475 1338 536 Christianorum
1373 477 1566 550 viguit
1611 477 1954 552 appellatio.
1987 481 2069 533 Ac

2186 483 2284 528 τῶν
2332 480 2662 550 Χριστιανῶν
2711 473 3073 549 προσηγορίαν
3130 469 3628 544 ἄμπολιτεύσασθαι.
3681 474 3792 523 Καὶ

417 565 607 622 scissa
625 565 873 639 quidem
885 573 974 625 est
985 568 1232 625 haeresis
1253 572 1460 625 contra
1474 571 1698 625 rectam
1711 568 2044 624 doctrinam
2055 611 2070 635 ,
2099 595 2106 602 -

417 654 606 710 scissa
625 655 804 712 etiam
837 662 893 714 et
920 657 1055 729 ipsa
1085 664 1294 714 contra
1326 673 1390 714 se
1428 663 1591 714 recta
1627 657 1804 713 ﬁdes.
1828 660 1942 712 Nos
1963 672 2072 713 au-

415 748 561 816 tem,
595 745 740 818 quia
775 745 882 818 qui
923 747 1088 819 prior
1117 747 1428 804 veritatem
1481 747 1667 804 libere
1695 746 1984 818 defendit,
2016 749 2075 803 et

415 831 654 890 bonum
681 833 830 890 illud
859 839 1162 892 certamen
1201 836 1544 893 Constantio
1582 836 1917 908 imperante
1946 850 2074 891 cer-

417 922 586 989 tavit,
627 921 887 980 Meletius
933 929 1024 981 est
1053 925 1596 982 reverendissimus
1626 925 1948 998 episcopus
1973 942 1987 993 ;
2017 926 2076 980 et

415 1010 564 1085 quia
582 1026 724 1068 eum
755 1011 969 1070 habuit
1007 1013 1270 1071 Ecclesia
1297 1031 1438 1072 mea
1466 1013 2070 1084 communicatorem,

416 1114 788 1174 magnopere
809 1117 950 1158 eum
975 1101 1236 1173 diligens
1264 1103 1344 1160 ob
1369 1102 1585 1160 fortem
1617 1103 1784 1160 illam
1817 1118 1888 1159 ac
1923 1101 2072 1159 invi-

415 1195 577 1247 ctam
626 1189 1099 1262 dimicationem,
1120 1192 1346 1250 idcirco
1365 1193 1664 1251 habemus
1683 1193 1853 1250 illum
1873 1193 2073 1250 hacte-

413 1293 552 1350 nus,
585 1281 704 1336 Deo
741 1278 1059 1352 largiente,
1089 1282 1695 1352 communicatorem,
1729 1285 1787 1338 et
1813 1287 1990 1350 certe,
2021 1281 2074 1338 si

416 1369 571 1425 Deus
588 1367 862 1440 voluerit,
875 1369 1317 1429 habebimus.N
1323 1388 1424 1428 am
1441 1371 1891 1430 etbeatissimus
1909 1385 2075 1444 papa

414 1457 802 1527 Athanasius,
853 1473 996 1515 cum
1034 1460 1463 1518 Alexandriam
1497 1460 1780 1528 venisset,
1821 1459 2072 1516 omnino

411 1545 680 1619 Optabat,
693 1550 760 1604 ut
783 1546 903 1604 sibi
929 1564 1070 1604 cum
1087 1549 1224 1622 ipso
1245 1549 1595 1606 communio
1625 1548 2071 1617 conciliaretur;

413 1636 526 1692 sed
554 1635 786 1694 malitia
816 1637 1301 1695 consiliariorum
1328 1638 1391 1695 in
1431 1638 1596 1696 aliud
1627 1642 1866 1711 tempus
1886 1637 2074 1694 dilata

411 1739 625 1781 eorum
654 1725 1001 1797 conjunctio
1035 1743 1049 1783 :
1091 1727 1260 1800 quod
1306 1727 1540 1784 utinam
1579 1743 1702 1784 non
1749 1726 2068 1784 evenisset!

2181 571 2436 637 τέτμηται
2467 567 2556 637 μεν
2588 565 2617 622 ἠ
2665 565 2862 638 αἵρεσις
2911 565 3038 636 πρὸς
3079 565 3187 620 τηπ
3217 557 3524 636 ὁρθοδοξίαν
3549 578 3561 590 ·
3593 563 3793 631 τέτμη-

2178 675 2270 708 ται
2333 651 2392 706 δε
2445 658 2533 705 καὶ
2591 652 2720 711 αύτὴ
2766 655 2893 727 πρὸς
2949 652 3136 710 ἑαυτὴν
3197 653 3226 709 ἡ
3298 650 3538 724 ὀρθότης.
3605 649 3794 722 Ἡμεῖς

2183 741 2261 810 δὲ,
2299 741 2480 801 ἐπειδὴ
2523 747 2614 795 καὶ
2665 744 2691 794 ὁ
2735 751 2938 816 πρῶτος
2975 740 3474 816 παρρησιασάμενος
3517 740 3647 809 ὑπὲρ
3691 746 3791 799 τῆς

2183 833 2448 902 ἀληθείας,
2503 837 2592 885 καὶ
2648 835 2736 884 τὸν
2797 831 2952 884 καλὸν
3002 831 3190 884 ἐκεῖνον
3248 826 3543 890 διαθλήσας
3609 827 3792 900 ἀγῶνα

2182 923 2266 976 ἐπὶ
2326 931 2428 976 τῶν
2475 929 2669 996 καιρῶν
2717 925 3103 992 Κωνσταντίου,
3147 922 3172 973 ὀ
3224 916 3642 992 αἰδεσιμώτατος
3683 924 3794 971 Me-

2179 1011 2344 1074 λέτιός
2391 1011 2530 1064 ἐστιν
2576 1013 2602 1063 ὁ
2656 1010 2964 1076 ἐπίσκοπος,
3027 1014 3117 1063 καὶ
3183 1011 3340 1081 ἔσχεν
3389 1007 3543 1060 αὐτὸν
3595 1009 3626 1066 ἠ
3683 1005 3788 1079 ἐμὴ

2181 1101 2472 1159 Ἐκκλησία
2543 1103 2864 1165 κοινωνικὸν,
2945 1099 3411 1174 ύπεραγαπὴσασα
3470 1096 3626 1148 αὐτόν
3690 1093 3793 1149 διὰ

2179 1195 2274 1250 τὴν
2327 1190 2581 1263 καρτερὰν
2625 1187 2820 1245 ἐκείνην
2859 1191 2950 1240 καὶ
3006 1183 3274 1239 ἀνὲεδδοτον
3323 1188 3601 1237 ἔνστασιν-
3660 1187 3783 1255 ἔχο-

2179 1299 2270 1354 μεν
2327 1281 2406 1350 (6)
2472 1275 2627 1330 αὐτὸν
2688 1279 2986 1330 κοινωνικὸν
3044 1279 3209 1350 μέχρι
3272 1281 3365 1326 τοῦ
3414 1281 3502 1325 νῦν
3565 1280 3626 1346 τῇ
3685 1281 3779 1325 τοῦ

2183 1375 2318 1423 Θεοῦ
2349 1369 2559 1440 χάριτι,
2601 1371 2692 1418 καὶ
2743 1366 2918 1439 ἕξομέν
2969 1385 3050 1437 γε,
3103 1364 3189 1418 ἐὰν
3235 1365 3260 1417 ὁ
3301 1365 3432 1424 Θεὸς
3468 1362 3608 1436 θελῇ.
3641 1363 3784 1414 Ἐπεὶ

2179 1463 2270 1510 καὶ
2335 1459 2362 1510 ὁ
2431 1461 2828 1531 μακαριώτατος
2900 1457 3078 1517 παπ-ας
3145 1452 3486 1520 Ἀθανοίσιος,
3564 1451 3789 1510 ἐπιστὰς

2182 1545 2283 1601 ἀπὸ
2342 1542 2752 1619 Ἀλεξανδρείας,
2813 1545 2948 1597 πάνυ
3004 1542 3236 1596 ἐϐούλετο
3294 1541 3435 1613 αύτῷ
3490 1543 3586 1599 τὴν
3651 1542 3792 1615 πρὸς

2181 1636 2336 1690 αὐτὸν
2384 1639 2652 1689 κοινωνίαν
2708 1635 3158 1707 καταπραχθῆναι
3191 1652 3204 1667 ι
3257 1630 3385 1684 ἀλλὰ
3435 1634 3598 1702 κακίᾳ
3646 1649 3792 1702 συμ-

2182 1725 2376 1779 ϐούλων
2432 1724 2504 1786 εἰς
2565 1726 2732 1797 ἕτερον
2779 1727 2964 1797 καιρὸν
3007 1723 3290 1794 ὑπεμετέθη
3346 1719 3513 1773 αὐτῶν
3570 1721 3600 1776 ἠ
3665 1738 3793 1771 συν-

411 1814 644 1872 Nullius
675 1820 879 1874 autem
910 1832 983 1874 ex
1004 1817 1240 1890 his,qui
1267 1822 1482 1891 postea
1511 1817 1885 1887 introierunt,
1909 1833 2071 1874 com-

2186 1818 2337 1888 ἀφεια
2365 1828 2380 1846 ⁸
2415 1817 2484 1876 ὡς
2514 1813 2608 1866 ούκ
2653 1811 2874 1879 ὤφειλεῑ
2938 1819 3049 1866 Τῶν
3095 1807 3154 1863 δε
3205 1809 3496 1864 τελευταῖον
3551 1805 3791 1860 ἐπεισελ-

409 1903 771 1960 munionem
818 1920 1096 1978 unquam
1149 1907 1546 1964 admisimus:
1579 1923 1703 1964 non
1749 1906 1918 1980 quod
1968 1921 2075 1964 eos

405 1991 756 2064 judicemus
793 1992 1101 2065 indignos,
1136 1995 1242 2051 sed
1289 1995 1461 2068 quod
1511 1995 1660 2052 nihil
1705 1996 2068 2063 habeamus,

409 2080 572 2136 unde
591 2081 756 2139 hunc
785 2083 1472 2158 condemnemus.Atqui
1493 2085 1686 2141 multa
1701 2085 1950 2158 quidem
1967 2099 2072 2141 au~

407 2167 675 2226 divimus
698 2185 736 2227 a
756 2169 1064 2236 fratribus,
1087 2172 1194 2229 sed
1211 2172 1396 2230 ﬁdem
1418 2188 1543 2230 non
1563 2172 1974 2237 adhibuimus,
1999 2186 2072 2230 eo

407 2258 578 2334 quod
606 2274 814 2317 coram
850 2261 1311 2318 accusatoribus
1349 2276 1476 2319 non
1523 2265 1750 2319 starent
1779 2261 2070 2332 accusati,

409 2349 564 2405 sicut
591 2349 883 2423 scriptum
913 2354 1031 2408 est:
1063 2353 1187 2408 Lex
1208 2357 1419 2409 nostra
1441 2368 1564 2408 non
1599 2352 1846 2424 judicat
1886 2352 2072 2408 homi-

409 2452 566 2505 nem,
580 2439 704 2494 nist
715 2439 888 2508 prius
902 2455 1033 2497 eum
1045 2440 1311 2497 audierit
1331 2447 1384 2497 et
1403 2443 1632 2498 noverit
1657 2441 1803 2512 quid
1813 2442 2007 2512 faciat
2023 2442 2067 2497 ⁵.

409 2527 604 2592 Quare
624 2527 902 2584 nondum
921 2545 1283 2601 possumus,
1314 2529 1497 2588 frater
1518 2530 1962 2597 colendissime,
1986 2530 2072 2586 lit-

409 2618 569 2672 teras
593 2615 674 2672 ad
697 2615 831 2673 illos
861 2617 1027 2682 dare,
1073 2633 1272 2691 neque
1311 2619 1390 2676 ad
1420 2620 1537 2675 hoc
1567 2619 1703 2690 cogi
1750 2618 2069 2677 debemus.

410 2702 558 2760 lllud
585 2709 790 2762 autem
808 2706 1066 2780 paciﬁco
1083 2711 1187 2764 tuo
1203 2709 1408 2765 animo
1429 2709 1683 2782 dignum
1707 2708 1900 2772 fuerit,
1925 2723 2067 2780 non,

410 2807 604 2850 unum
626 2795 875 2867 quidem
906 2796 1296 2869 conjungere,
1325 2797 1492 2854 aliud
1529 2813 1674 2855 vero
1700 2798 2071 2869 disjungere,

412 2881 519 2938 sed
539 2881 618 2938 ad
646 2897 784 2939 eam
806 2885 942 2956 conj
954 2885 1320 2954 unctionem,
1360 2902 1501 2959 quae
1531 2887 1696 2959 prior
1722 2886 1964 2957 exstitit,
1999 2901 2074 2942 ea

411 2984 549 3042 quae
579 2975 721 3028 sunt
751 2977 1035 3045 separata
1057 2974 1365 3031 reducere.
1401 2976 1776 3048 Quapropter
1804 2974 2073 3047 primum

412 3058 662 3131 quidem
687 3075 957 3133 precare,
980 3061 1200 3119 deinde
1231 3063 1432 3132 etiam,
1473 3069 1774 3135 quantum
1805 3065 1866 3119 in
1895 3069 1951 3120 te
1994 3063 2072 3118 si-

417 3152 546 3205 tum
570 3149 699 3222 erit,
733 3151 1071 3220 exhortare,
1101 3157 1168 3208 ut
1214 3153 1488 3224 projecta
1517 3168 1588 3210 ex
1636 3152 1854 3208 animis
1884 3151 2073 3208 ambi-

416 3237 599 3307 tione,
617 3242 746 3295 tum
764 3238 844 3296 ad
859 3241 1046 3298 robur
1068 3241 1342 3298 Ecclesiae
1363 3241 1823 3308 restituendum,
1847 3246 1974 3298 tum
1997 3240 2077 3298 ad

417 3328 949 3400 comprimendum
981 3331 1368 3388 inimicorum
1407 3330 1675 3388 furorem
1713 3331 1867 3387 inter
1895 3348 1959 3387 se
1986 3346 2078 3387 re-

418 3415 835 3476 concilientur.
862 3418 1048 3475 Valde
1078 3424 1280 3476 autem
1321 3435 1529 3476 meum
1561 3420 1714 3480 illud
1740 3420 1922 3476 etiam
1953 3420 2079 3477 ani-

419 3519 594 3562 mum
629 3507 938 3579 recreavit,
969 3507 1138 3580 quod
1181 3508 1491 3579 diligentia
1533 3511 1636 3566 tua
1678 3509 1904 3565 caeteris
1933 3525 2082 3582 prae-

421 3594 581 3651 clare
603 3598 660 3652 et
686 3601 968 3653 accurate
988 3600 1256 3654 tractatis
1283 3598 1525 3670 adjecit,
1540 3602 1658 3656 tres
1686 3613 1931 3654 necesse
1947 3613 2080 3654 esse

422 3684 790 3757 hypostases
834 3685 1122 3744 conﬁteri.
1161 3689 1541 3760 Quapropter
1584 3688 1701 3745 hoc
1729 3688 1910 3744 etiam
1960 3704 1996 3744 a
2029 3692 2082 3744 te

424 3772 638 3832 fratres
687 3775 1041 3833 Antiocheni
1095 3776 1504 3834 edoceantur:
1557 3776 1826 3850 profecto
1879 3782 2082 3834 autem

419 3865 552 3936 jam
581 3863 776 3923 edocti
804 3870 962 3922 sunt.
982 3870 1132 3924 Nam
1156 3868 1285 3924 sine
1313 3867 1498 3924 dubio
1527 3882 1738 3924 eorum
1763 3867 2081 3941 amplexus

425 3970 552 4012 non
579 3971 744 4013 esses
772 3957 1418 4030 communionem,nisi
1442 3957 1706 4016 maxime
1727 3957 1836 4015 tibi
1864 3958 1939 4014 de
1967 3959 2084 4017 hoc

427 4045 624 4118 capite
654 4050 901 4104 cautum
939 4051 1119 4106 esset.

498 4225 556 4280 4.
589 4224 744 4280 Gens
792 4229 997 4283 autem
1042 4230 1485 4299 Magusaeorum
1521 4226 1608 4291 (id
1663 4226 1831 4300 quod
1886 4227 2086 4285 alteris

428 4311 580 4370 mihi
608 4312 818 4371 litteris
862 4315 1128 4373 indicare
1159 4319 1444 4387 gravatus
1495 4331 1621 4372 non
1665 4319 1754 4383 es)
1803 4315 2087 4390 frequens

429 4404 523 4458 est
547 4402 714 4474 apud
742 4418 877 4473 nos,
907 4419 1017 4478 per
1039 4420 1254 4462 omnes
1297 4404 1418 4462 fere
1451 4420 1632 4476 agros
1664 4421 1898 4478 sparsa,
1930 4406 2084 4463 colo-

429 4489 548 4548 niis
582 4491 701 4547 huc
725 4492 1097 4566 jampridem
1125 4493 1433 4567 Babylone
1467 4493 1769 4550 adductis.
1803 4495 1868 4550 Hi
1910 4499 2087 4551 utun-

2185 1907 2373 1958 θοντων
2421 1899 2629 1962 οὐδενὸς
2706 1898 2914 1954 οὐδέπω
2967 1904 3062 1958 τὴν
3115 1903 3384 1952 κοινωνίαν
3443 1898 3792 1973 προσηκάμε-

2183 1995 2249 2048 θα
2288 2009 2303 2024 ⁶
2364 1991 2460 2046 ούκ
2513 1990 2732 2052 ἐκείνους
2795 1994 3050 2063 κρίνοντες
3105 1987 3370 2057 ἀναξίους,
3425 1985 3553 2040 ἀλλά
3614 1983 3790 2058 μηδὲν

2182 2086 2384 2155 ἔχοντες
2455 2083 2642 2134 τούτου
2717 2083 3151 2151 καταγινώσκειν.
3219 2081 3404 2130 Καίτοι
3470 2075 3636 2130 πολΑά
3689 2076 3788 2146 μὲν

2180 2173 2480 2244 ἠκούσαμεν
2537 2173 2656 2243 περὶ
2716 2177 2817 2220 τῶν
2884 2163 3138 2239 ἀδελφῶν,
3206 2163 3313 2218 ἀλλ’
3378 2165 3438 2218 οὐ
3511 2164 3788 2238 προσηκά-
3867 2189 3880 2195 ο

2182 2262 2334 2334 μεθα,
2386 2256 2480 2312 διὰ
2546 2262 2606 2310 τὸ
2659 2262 2731 2331 μὴ
2796 2255 3242 2315 ἀντικαταστῆναι
3297 2261 3404 2316 τοῖς
3467 2258 3789 2326 κατηγόροις

2181 2353 2301 2412 τοὺς
2359 2347 2764 2420 ἕγκαλουμένους
2816 2349 2952 2399 κατά
3007 2350 3066 2399 τὸ
3122 2348 3502 2419 γεγραμμένον,
3554 2345 3636 2396 ὃτι
3689 2345 3782 2399 Μή

2181 2441 2207 2492 ὁ
2279 2442 2435 2511 νόμος
2490 2439 2636 2509 ἡμῶν
2697 2440 2860 2512 κρίνει
2915 2436 2990 2506 (7)
3057 2439 3144 2487 τὸν
3197 2435 3489 2508 ἄνθρωπον,
3557 2431 3642 2484 ἐὰν
3705 2435 3783 2504 μή

2181 2536 2384 2602 πρῶτον
2442 2528 2602 2580 αὐτοῦ
2660 2525 2884 2598 ἀκούσῃ,
2967 2529 3056 2578 καὶ
3117 2532 3218 2596 γνῷ
3287 2528 3337 2576 τί
3396 2529 3553 2580 ποιεῖ.
3617 2520 3788 2574 Ὠστε

2183 2622 2328 2671 οὔπω
2369 2614 2636 2690 δυνάμεθα
2683 2617 2857 2675 αὐτοῖς
2914 2613 3246 2680 ἐπιστέλλειν,
3297 2617 3575 2685 τιμιώτατε
3627 2607 3784 2663 ἀδελ-

2185 2710 2264 2780 φε,
2321 2707 2438 2760 οὔτε
2486 2704 2877 2778 ἀναγκάζεσθαι
2917 2703 2989 2766 εἰς
3040 2711 3194 2756 τοῦτο
3251 2701 3535 2774 ὀφείλομεν.
3580 2703 3788 2772 Πρέπον

2185 2793 2236 2850 δ’
2267 2795 2327 2848 ἂν
2368 2799 2444 2854 εἴη
2474 2803 2536 2868 τῇ
2570 2795 2802 2870 εἰρηνικῇ
2863 2812 2956 2846 σον
2996 2794 3240 2869 προθέσει
3292 2795 3364 2864 μὴ
3408 2794 3466 2844 τὸ
3512 2791 3602 2864 μὲν
3653 2808 3788 2842 συν-

2183 2888 2384 2954 άπτειν,
2413 2889 2472 2939 τὸ
2507 2881 2566 2938 δὲ
2597 2881 2852 2955 διασπᾷ-δ,
2897 2883 3024 2936 ἀλλὰ
3064 2890 3126 2955 τῇ
3181 2883 3607 2956 προϋπαρχούσῃ
3670 2879 3790 2931 ἐνώ-

2187 2995 2266 3028 σει
2313 2977 2381 3028 τὰ
2434 2977 2806 3049 κεχωρεσμένα
2870 2973 3172 3047 κροσάγειν.
3230 2970 3394 3024 Ὠστε
3446 2978 3652 3043 πρῶτον
3698 2970 3794 3040 μὲν

2185 3062 2349 3131 εὖξαι,
2421 3066 2600 3115 ἔπειτα
2662 3065 2773 3128 καὶ,
2830 3062 2928 3119 ὅση
2985 3058 3224 3134 δύναμις,
3275 3058 3662 3133 παρακάλεσον,
3712 3059 3795 3132 ῥί-

2186 3153 2390 3225 ψαντας
2441 3151 2633 3213 αύτούς
2689 3149 2745 3202 ἐκ
2809 3159 2910 3203 τῶν
2956 3150 3148 3223 ψυχῶν
3213 3152 3270 3203 τὸ
3339 3149 3627 3222 φιλότιμον,
3697 3151 3793 3200 καὶ

2187 3245 2314 3316 ὑπὲρ
2363 3249 2455 3294 τοῦ
2504 3236 2796 3293 ἀποδοῦναι
2835 3244 2930 3298 τὴν
2983 3239 3145 3312 ἰσχὺν
3192 3245 3255 3312 τῇ
3325 3237 3633 3310 Ἐκκλησία,
3701 3243 3796 3289 καὶ

2187 3330 2418 3383 καθελεῖν
2465 3333 2524 3382 τὸ
2574 3331 2825 3404 φρύαγμα
2875 3336 2974 3381 τῶν
3021 3327 3246 3401 ἐχθρῶν,
3282 3326 3548 3400 συμϐῆναι
3600 3325 3794 3388 αύτούς

2189 3423 2320 3496 πρὸς
2360 3419 2638 3482 ἀλλήλους.
2685 3419 2893 3480 Ἰκανῶς
2943 3414 3003 3471 δέ
3043 3436 3143 3489 μου
3200 3416 3407 3470 κάκεῖνο
3460 3420 3555 3476 τὴν
3601 3415 3794 3487 ψυχὴν

2189 3509 2528 3583 παρεκάλεσε,
2585 3511 2640 3560 τὸ
2708 3509 2988 3583 προστεθὲν
3034 3508 3180 3578 παρὰ
3220 3514 3317 3567 τῆς
3365 3512 3465 3567 σῆς
3525 3503 3795 3580 ἀκριϐείας

2191 3607 2297 3660 τοῖς
2359 3598 2557 3659 λοιποῖς
2608 3597 2774 3658 καλῶς
2827 3601 2918 3650 καὶ
2967 3595 3196 3671 ἀκριϐῶς
3255 3591 3614 3667 θεολογηθεῖσι
3663 3611 3676 3626 ·
3731 3597 3794 3645 τὸ

2193 3696 2327 3761 τρεῖς
2401 3687 2684 3759 ἀναγκαῖον
2746 3685 2877 3740 εἶναι
2945 3687 3040 3748 τὰς
3119 3685 3438 3748 ὑποστάσεις
3502 3682 3792 3757 ὁμολογεῖν.

2191 3776 2354 3830 ’Ὥστε
2383 3786 2536 3830 τοῦτο
2562 3781 2654 3830 καὶ
2705 3779 2753 3829 οἱ
2807 3778 2943 3829 κατά
2975 3776 3301 3846 Ἀντιόχειαν
3355 3769 3569 3847 ἀδελφοὶ
3620 3769 3796 3826 διδα-

2197 3869 2504 3920 σκέσθωσαν
2549 3868 2696 3941 παρὰ
2745 3872 2840 3918 σοῦ

2193 3958 2432 4030 χθησαν.
2462 3956 2536 4009 0-3
2575 3959 2674 4030 γὰρ
2729 3955 2789 4007 ἂν
2821 3955 2954 4008 εἵλου
3007 3955 3085 4026 (8)
3116 3949 3362 4011 δηλονότι
3390 3957 3486 4011 τὴν
3537 3955 3670 4026 πρὸς
3709 3951 3802 4004 αύ-

2194 4050 2318 4108 τούς
2364 4051 2658 4117 κοινωνίαν,
2714 4048 2786 4116 μὴ
2838 4050 2991 4097 τοῦτο
3039 4042 3208 4096 αὐτῶν
3256 4041 3488 4116 μάλιστα
3539 4047 3598 4094 τὸ
3647 4046 3801 4116 μέρος

2901 3881 2914 3895 ⁸
2972 3867 3180 3926 πάντως
3228 3861 3287 3917 δέ
3328 3883 3429 3916 που
3482 3867 3573 3916 καὶ
3614 3859 3799 3916 ἐδιδά-

2197 4134 2640 4208 ἀσφαλισάμενος.

2267 4228 2320 4281 4.
2349 4229 2418 4278 Τὸ
2451 4221 2509 4277 ὃε
2535 4231 2635 4276 τῶν
2664 4225 3018 4294 Μαγουσαίων
3049 4223 3198 4284 ἔθνος
3241 4221 3388 4294 (ὅπερ
3422 4216 3516 4274 διὰ
3557 4226 3650 4281 τῆς
3692 4219 3800 4272 ἑτέ-

2196 4333 2293 4390 ρας
2331 4312 2602 4372 ἐπιστολῆς
2661 4318 2896 4383 σημῆται
2939 4311 3018 4381 (9)
3071 4311 3198 4382 ἡμῖν
3249 4309 3604 4379 κατηξίωσας)
3669 4307 3799 4360 πολύ

2198 4408 2311 4456 ἐστι
2356 4402 2480 4478 παρ’
2531 4403 2656 4474 ἡμῖν
2689 4403 2826 4452 κατὰ
2866 4405 3042 4452 πᾶσαν
3086 4395 3285 4471 σχεδὸν
3341 4404 3434 4458 τὴν
3473 4403 3658 4474 χώραν
3706 4395 3799 4450 δι-

2197 4498 2540 4566 εσπαρμένον,
2574 4491 2802 4544 ἀποίκων
2858 4493 2914 4544 τὸ
2945 4489 3164 4542 παλαιὸν
3216 4491 3328 4560 (10)
3382 4489 3437 4541 ἐκ
3480 4497 3576 4550 τῆς
3629 4488 3798 4540 Βαϐυ-

431 4584 530 4638 tur
576 4559 880 4639 moribus-
905 4559 1342 4656 peculiaribus:
1389 4583 1559 4640 nulla
1604 4583 1750 4655 ipsis
1779 4599 1916 4640 cum
1952 4583 2077 4640 reli-

2195 4584 2373 4645 λωνίας
2438 4585 2563 4657 ἡμῖν
2639 4582 3081 4653 ἐπεισαχθέντων.
3157 4579 3220 4632 Οἱ
3288 4581 3455 4632 ἔθεσιν
3523 4575 3801 4640 ἰδιάζοντι

431 4670 571 4742 quis
633 4670 988 4729 hominibus
1052 4673 1328 4741 societas,
1378 4688 1490 4729 nec
1537 4671 1665 4729 ﬁeri
1723 4673 1843 4729 ullo
1902 4671 2087 4730 modo

430 4763 652 4831 potest,
707 4765 772 4819 ut
817 4777 959 4821 cum
1009 4761 1126 4821 illis
1171 4778 1369 4820 sermo
1415 4761 1732 4830 habeatur,
1786 4762 2083 4835 siquidem

505 4960 526 4996 ⁸
560 4963 726 5017 Joan.
760 4976 859 5029 vn,
897 4963 986 5019 51.

503 5177 582 5244 (6)
611 5175 860 5248 Ἕχομεν.
894 5175 980 5233 Ita
1011 5179 1124 5232 tres
1172 5190 1315 5231 mss.
1365 5174 1774 5231 vetustissimi.
1817 5173 1968 5231 Editi
1998 5181 2086 5228 και

433 5267 642 5303 εγομεν.

455 5269 810 5398 Αῗζῖθιὶρίνει.
861 5319 959 5398 Sic
1006 5317 1278 5398 plerique
1310 5317 1644 5398 mss.._E_(_liti
1685 5325 1866 5398 κρινεῖ.
1904 5317 2086 5398 Paulo

431 5388 591 5463 ante,
612 5388 906 5463 quamvis
945 5388 1323 5463 in'omn’ibus
1361 5388 1670 5463 codicibus
1693 5388 1928 5463 legatur
1969 5395 2084 5461 περὶ

431 5470 530 5534 τῶν
562 5459 816 5534 ἀδελφῶν,
843 5463 1039 5518 multa
1061 5461 1397 5517 audivimus
1429 5462 1515 5534 de
1533 5461 1859 5534 fratribus,
1881 5459 2083 5534 legen-

429 5531 577 5605 dum
604 5529 808 5590 tamen
838 5534 1264 5605 ’τωρωι-’παρα
1302 5541 1400 5584 τῶν
1449 5529 1702 5605 ἀδελφῶν.
1758 5532 1868 5605 Hic
1920 5529 2083 5605 enim

429 5601 682 5676 fratrum
699 5606 946 5660 nomine
967 5601 1342 5676 probabilius
1380 5607 1470 5659 est
1508 5601 1613 5660 eos
1637 5602 2086 5676 designari_,qui

430 5686 467 5728 a
497 5675 550 5728 S.
584 5673 787 5734 Meletii
816 5673 1087 5748 partibus
1116 5675 1376 5746 stabant,
1409 5689 1597 5748 quam
1627 5673 1733 5747 qui
1762 5689 1798 5732 a
1819 5673 2069 5734 Paulini.

2195 4677 2509 4746 κέχρηνται,
2565 4673 2781 4744 ἄμικτοι
2826 4675 2968 4732 ὄντες
3020 4669 3151 4743 πρὸς
3206 4671 3328 4729 τοὺς
3381 4666 3562 4727 ἄλλους
3604 4664 3802 4738 ἀνθρω-

2197 4781 2366 4826 πονς·
2429 4762 2564 4833 λόγῳ
2607 4758 2666 4815 δὲ
2714 4763 2840 4835 πρὸς
2877 4759 3070 4820 αὐτούς
3122 4758 3444 4831 κεχρῆσθαι,
3509 4758 3638 4809 καθο
3685 4758 3802 4824 (Η)

2270 5175 2344 5235 (8)
2377 5172 2472 5227 ’Ἂν
2514 5171 2666 5227 εἵλου.
2702 5171 2901 5228 Codex
2939 5169 3252 5228 Medicaeus
3284 5168 3421 5224 εῖλω.

2272 5250 2344 5313 g9)
2374 5251 2630 5317 Σημῆναι.
2666 5248 2750 5301 lta
2779 5249 2896 5300 tres
2937 5241 3324 5300 vetustissimi
3357 5239 3617 5296 codices.
3652 5238 3803 5295 Editi

2200 5337 2496 5471 σηὸοῶαίτὸ
2557 5386 2798 5442 παλαιόν.
2852 5389 2940 5444 ita
2988 5401 3139 5442 mss.
3197 5383 3487 5458 quinque.
3543 5383 3695 5440 Editl
3743 5403 3803 5450 το

2432 5532 2594 5605 navo.
2651 5530 2796 5589 Med.
2851 5531 2910 5587 et
2959 5527 3132 5588 Coisl.
3188 5527 3440 5600 primus,
3488 5528 3604 5581 καθ’
3656 5529 3798 5581 ὅσον.

2192 5603 2348 5663 Harl.
2389 5604 2509 5657 καθ’
2534 5605 2610 5662 ὃν,
