4148 6386
270 346 369 402 953
1248 337 1736 399 EPISTOIARUM
1772 338 1870 400 CL:

1988 341 2054 401 IS
2091 341 2162 401 II.
2203 340 2419 402 EPIST.
2458 341 2653 401 CCLX.

3529 346 3639 407 954

270 468 398 522 εἰσιν
443 464 801 540 ἐζωγρημένοι
852 465 954 518 ὑπό
1001 469 1096 518 τοῦ
1148 460 1399 519 διαϐόλου
1452 464 1526 527 εἰς
1566 467 1625 521 τὸ
1674 464 1867 521 ἐκείνου

1988 466 2209 527 diaboli
2244 467 2389 527 facti
2430 472 2570 526 sunt
2610 466 2841 541 praeda,
2866 469 2935 527 ut
2964 467 3124 527 illius
3164 469 3497 528 inserviant
3534 487 3638 530 vo-

269 556 484 631 θέλημα,
528 553 789 617 παντελῶς
833 552 977 607 ἔστιν
1029 550 1314 610 ἀδύνατον.
1357 557 1489 608 Οὔτε
1529 557 1631 631 γάρ
1688 554 1875 630 βιϐλία

270 649 383 700 ἔστι
432 643 556 721 παρ’
605 643 804 714 αὐτοῖς,
852 646 973 697 οὔτε
1020 639 1345 697 διδάσκαλοι
1392 640 1692 717 δογμάτων,
1745 644 1875 700 ἀλλά

269 738 373 789 ἔθει
419 734 591 807 ἀλόγῳ
634 736 1026 809 συντρέφονται,
1075 740 1204 796 παῖς
1251 735 1398 807 παρὰ
1442 736 1643 808 πατρὸς
1682 730 1873 788 διαδε-

269 829 487 899 χόμενοι
549 826 642 882 τὴν
701 821 965 881 ἀσέϐειαν.
1012 821 1193 884 Ἐκτός
1259 819 1327 883 δὴ
1393 826 1610 889 τούτων,
1667 823 1703 876 ἃ
1770 826 1872 878 ὑπὸ

269 917 471 967 πάντων
534 913 757 987 ὁρᾶται,
830 916 926 971 τὴν
997 913 1295 976 ζωοθυσίαν
1356 919 1740 988 παραιτοῦνται
1803 914 1873 977 ὡς

267 1006 497 1076 μίασμα,
547 999 621 1055 δι’
671 999 952 1076 ἀλλοτρίων
1007 1009 1203 1077 χειρῶν
1254 1004 1321 1055 τὰ
1365 1004 1499 1077 πρὸς
1547 1006 1637 1061 τὴν
1683 1005 1872 1078 χρείαν

269 1092 379 1155 ζῶα
424 1092 879 1164 κατασφάττοντες
923 1091 1079 1162 (12)’
1128 1091 1323 1164 γάμοις
1371 1090 1732 1165 ἐπιμαίνονται
1766 1082 1871 1145 παέ-

266 1184 544 1255 ρανόμοιςο
611 1184 703 1234 καὶ
766 1183 827 1234 τό
884 1188 990 1256 πῦρ
1056 1181 1312 1253 ἡγοῦνται
1366 1182 1513 1235 θεόν’
1572 1185 1664 1235 καὶ
1724 1184 1769 1234 εἰ
1817 1201 1872 1235 τι

266 1278 491 1326 τοιοῦτο.
554 1272 663 1333 Τὰς
725 1266 785 1325 δὲ
851 1269 908 1323 ἐκ
973 1276 1069 1324 τοῦ
1121 1268 1363 1345 Ἀϐραὰμ
1405 1269 1730 1343 γενεαλογίας
1776 1270 1871 1323 οὐ-

270 1356 379 1423 δεὶς
433 1362 559 1433 ἡμῖν
623 1362 788 1434 μέχρι
840 1366 935 1413 τοῦ
985 1363 1236 1433 παρόντος
1287 1367 1390 1412 τῶν
1444 1361 1627 1433 μάγων
1686 1358 1871 1432 ἐμυθο-

268 1448 488 1521 λόγησεν
515 1469 528 1483 ο
581 1447 709 1501 ἀλλὰ
772 1450 1039 1525 Ζαρνοῦοίν
1082 1469 1200 1502 τινα
1246 1448 1449 1511 ἑαυτοῖς
1487 1448 1732 1524 ἀρχηγὸν
1777 1455 1870 1502 τοῦ

266 1541 443 1609 γένους
495 1536 900 1610 ἐπιφημίζουσι.
958 1541 1140 1612 Διόπερ
1200 1533 1353 1592 οὐδὲν
1405 1541 1515 1611 ἔχω
1567 1537 1680 1610 (13)
1721 1535 1871 1593 πλέον

264 1623 496 1679 ἔπιστέλ)
508 1646 578 1680 ειν
609 1627 736 1704 ὑπὲρ
770 1627 939 1681 αὐτῶν
968 1635 1029 1700 τῇ
1061 1630 1333 1702 τιμιότητί
1365 1647 1480 1684 σου.

788 1757 1129 1808 ΕΠΙΣΤΟΑΗ
1170 1753 1340 1812 ΣΝΘ’.

1978 556 2217 616 luntati.
2244 560 2397 616 Nam
2426 572 2540 614 nec
2569 556 2706 614 libri
2734 556 2902 631 apud
2950 557 3107 629 illos,
3135 573 3249 617 nec
3277 557 3639 631 dogmatum

1979 648 2273 719 magistri,
2305 647 2412 705 sed
2443 647 2719 705 moribus
2746 647 2997 705 insulsis
3037 648 3449 719 instituuntur,
3474 649 3636 707 ﬁlius

1981 752 2020 794 a
2046 741 2216 810 patre
2252 736 2626 812 impietatem
2658 736 3049 812 excipientes.
3078 741 3212 796 Jam
3239 753 3384 796 vero
3420 741 3639 813 praeter

1978 825 2110 883 haec
2155 842 2294 900 qua
2323 826 2780 900 conspiciuntur
2824 826 2905 884 ab
2941 827 3250 899 omnibus,
3281 827 3639 886 animalium

1980 914 2212 973 eadem
2268 919 2629 975 aversantur
2677 919 2744 974 ut
2798 915 3329 990 inquinamentum
3352 960 3366 986 ,
3428 915 3639 975 alienis

1978 1004 2266 1062 manibus
2294 1004 2585 1064 animalia
2608 1004 2690 1063 ad
2718 1021 2865 1063 suos
2906 1022 3054 1064 usus
3081 1007 3429 1065 necessaria
3454 1007 3633 1081 395

1979 1097 2316 1152 mactantes
2339 1111 2352 1151 :
2376 1094 2602 1168 nuptiis
2628 1094 2938 1152 insaniunt
2965 1095 3308 1169 illegitimis,
3333 1111 3405 1155 ac
3432 1096 3637 1169 ignem

1978 1182 2164 1240 deum
2201 1198 2340 1242 esse
2384 1183 2794 1254 arbitrantur;
2825 1188 2884 1242 et
2913 1184 2964 1241 si
2992 1185 3162 1259 quod
3206 1185 3373 1244 aliud
3402 1185 3639 1243 institu-

1980 1275 2111 1330 tum
2148 1271 2473 1344 ejusmodi.
2507 1273 2800 1331 (laterum
2828 1289 3152 1345 magorum
3181 1274 3261 1333 ab
3288 1274 3637 1333 Abrahamo

1980 1360 2369 1433 genealogias
2405 1376 2589 1419 nemo
2630 1362 2923 1419 hactenus
2964 1362 3142 1421 nobis
3186 1363 3483 1421 narravit:
3528 1362 3638 1422 sed

1980 1449 2286 1506 Zarnuam
2326 1448 2663 1522 quemdam
2713 1451 2950 1521 generis
3006 1451 3100 1508 sui
3141 1455 3451 1509 auctorem
3502 1466 3637 1509 esse

1978 1537 2202 1597 ferunt.
2243 1539 2627 1613 Quapropter
2652 1538 2804 1598 nihil
2826 1540 3089 1616 amplius
3116 1540 3338 1612 habeo,
3365 1540 3534 1616 quod
3559 1541 3635 1600 de

1976 1627 2072 1686 his
2097 1627 2375 1700 dignitati
2400 1632 2520 1687 tuae
2550 1628 2834 1687 scribam.

2488 1756 2830 1813 EPISTULA
2870 1756 3113 1814 CCLIX‘.

261 1858 437 1917 Dolet
473 1859 745 1918 Basilius
790 1860 1211 1936 quod_pac_emg
1244 1862 1732 1936 conciliarenon
1780 1862 2062 1935 potuerit,
2098 1861 2202 1920 sed
2244 1866 2446 1936 tamen
2486 1861 2717 1919 nemini
2753 1868 3077 1921 succenset.
3107 1861 3246 1921 Non
3286 1863 3438 1936 petit
3470 1866 3538 1920 ut
3574 1878 3639 1927 se

849 1933 1058 1990 crebro
1086 1933 1350 1990 invisant
1376 1934 1703 1992 Palladius
1730 1933 1794 1993 et
1817 1936 2224 2006 Innocentius,
2254 1935 2359 1993 sed
2388 1941 2453 1990 ut
2475 1949 2590 2006 pro
2617 1949 2680 1992 se
2703 1940 3049 2006 precentur.

429 2053 709 2129 Παλλαδίῳ
738 2060 827 2110 καὶ
860 2056 1169 2131 ’ῐννοκεντίῳ
1198 2058 1519 2132 μονάζουσιν
1543 2061 1679 2133 (14).

333 2162 465 2234 Ἐγὼ
510 2168 672 2217 πόσον
729 2167 820 2238 μὶν
886 2166 1022 2239 ὑμᾶς
1082 2163 1306 2238 ἀγαπῶ,
1365 2165 1589 2230 εἰκάζειν
1645 2166 1869 2240 ὀφείλετε

262 2252 315 2318 ἐξ
365 2255 433 2306 ὧν
480 2257 618 2327 ἡμᾶς
677 2256 823 2308 αὐτοὶ
878 2254 1135 2328 ἀγαπᾶτε.
1197 2260 1299 2310 Καὶ
1358 2256 1567 2330 εἰρήνης
1618 2261 1709 2331 μὲν
1771 2257 1868 2312 ἕπ-

260 2346 501 2417 εθύμησα
567 2344 647 2397 ἀεὶ
698 2347 939 2416 γενισθαι
997 2344 1312 2419 βραϐευτὰς,
1367 2344 1750 2420 ἀποτυγχάνων
1808 2344 1869 2401 δε

257 2432 522 2507 λυποῡμαι
557 2439 669 2507 μέν.
711 2442 831 2498 Πῶς
867 2438 968 2510 γάρ
1008 2439 1108 2501 ο’3;
1152 2435 1227 2487 Οὐ
1278 2441 1380 2508 μὴν
1412 2437 1524 2509 (15)
1572 2439 1868 2512 ἑχθραίνειν

260 2519 494 2596 δύναμαί
552 2543 665 2577 τισι
714 2527 900 2577 τούτου
962 2545 1020 2597 γε
1075 2526 1258 2593 ἕνεκεν,
1320 2522 1494 2593 εἰδὼς,
1564 2528 1645 2579 ὄτι
1704 2526 1869 2581 πάλαι

263 2610 351 2685 ἀφ’
398 2614 547 2685 ἡμῶν
602 2614 738 2684 ἤρθη
787 2616 846 2666 τὸ
894 2622 991 2675 τῆς
1041 2613 1239 2687 εἰρήνης
1293 2614 1467 2669 καλὸν.
1518 2615 1579 2669 Εἰ
1635 2611 1695 2669 δὲ
1742 2616 1867 2690 παρ’

263 2699 439 2763 ἄλλοις
482 2702 512 2759 ἡ
566 2701 715 2754 αἰτία
767 2709 865 2763 τῆς
924 2699 1291 2769 διαστάσεως,
1345 2705 1625 2780 παράσχοι
1681 2710 1869 2778 Κύριος

264 2791 579 2843 παύσασθαι
612 2793 735 2853 τοὺς
777 2792 871 2854 τάς
902 2788 1263 2864 διχοστασίας
1304 2801 1605 2856 ποιοῦντας.
1638 2794 1715 2846 Οὐ
1753 2797 1870 2867 μέν·

264 2897 345 2931 τοι
392 2876 516 2932 οὐδὲ
562 2878 794 2943 ἐπιζητῶ
839 2888 1037 2953 συνεχῆ
1079 2882 1221 2954 ὑμῶν
1248 2887 1336 2941 τὴν
1376 2880 1664 2955 ἐπιδημίαν
1689 2904 1702 2917 ·
1736 2885 1870 2937 ὥστε

265 2970 452 3021 τούτου
481 2968 643 3021 ἕνεκεν
691 2968 831 3041 μηδὲ
862 2968 1235 3041 ἀπολογεῖσθαί
1264 2972 1379 3042 (16)
1410 2991 1524 3044 μοι.
1564 2968 1706 3025 Οἶδα
1742 2975 1865 3046 γὰρ,

264 3056 347 3111 ὅτι
402 3054 586 3132 ἄνδρες
636 3062 724 3111 τὸν
790 3064 1141 3132 πεπονημένον
1193 3059 1526 3134 προελόμενοι
1584 3060 1721 3135 βίον,
1780 3067 1870 3116 καὶ

263 3141 344 3198 ἀεὶ
397 3141 492 3198 διὰ
540 3154 640 3198 τῶν
697 3154 893 3221 χειρῶν
946 3145 1143 3209 ἑαυτοῖς
1191 3149 1257 3200 τὰ
1304 3146 1567 3220 ἀναγκαῖα
1615 3168 1872 3225 συμπορι-

265 3234 495 3308 ζόμενοι,
541 3234 702 3288 πολὺν
744 3233 1041 3309 ἀποδημεῖν
1081 3240 1273 3311 χρόνον
1320 3245 1422 3289 τῶν
1462 3234 1611 3290 ἰδίων
1658 3238 1718 3290 οὐ
1768 3235 1871 3291 δύ-

263 3342 468 3380 νανται.
514 3324 647 3377 Ἀλλ’
688 3327 914 3401 ὅπουπερ
969 3323 1030 3381 ἂν
1079 3321 1189 3395 ἦτε,
1237 3328 1502 3399 μέμνησθε
1550 3329 1732 3399 ἡμῶν·
1782 3332 1873 3381 καὶ

263 3415 629 3487 προσεύχεσθε
678 3416 806 3488 ὑπερ
861 3416 1010 3487 ἡμῶν
1058 3416 1192 3487 (t7),
1239 3417 1322 3468 ἱνα
1372 3416 1525 3469 αὐτοὶ
1574 3423 1701 3488 γοῦν
1747 3420 1874 3492 πρὸς

267 3500 481 3565 ἑαυτοὺς
519 3502 725 3576 εἰρήνην
779 3507 982 3576 ἔχωμεν
1033 3509 1126 3557 καὶ
1179 3508 1330 3579 πρὸς,
1373 3508 1461 3558 τόν
1518 3508 1668 3577 Θεὸν,
1711 3503 1873 3579 μηδε-

265 3597 393 3665 μιᾶς
430 3600 540 3655 τοῖς
576 3591 852 3668 λογισμοῖς
889 3595 1035 3667 ἡμῶν
1072 3602 1328 3671 παραχῆν
1368 3593 1691 3657 ἑνοικοὺσης.

838 3813 1175 3863 ΕΠΙΣΤΟΛΗ
1206 3808 1311 3866 ΣΞ.

2266 2058 2555 2117 Palladio
2584 2064 2640 2116 et
2668 2059 3019 2117 Innocentio
3041 2058 3353 2118 monachis

2054 2167 2362 2233 Quantum
2416 2180 2529 2236 ego
2576 2180 2684 2221 vos
2734 2165 3005 2236 diligam,
3056 2165 3354 2238 conjicere
3403 2165 3637 2224 debetis

1979 2271 2054 2313 ex
2080 2260 2281 2312 vestro
2310 2256 2373 2312 in
2404 2272 2501 2312 me
2531 2271 2759 2313 amore.
2800 2258 2868 2312 Et
2896 2255 3065 2329 pacis
3106 2255 3355 2329 quidem
3394 2270 3638 2330 semper

1978 2345 2187 2417 optavi
2229 2343 2580 2402 conciliator
2622 2359 2775 2413 esse,
2819 2344 2948 2412 sed,
2996 2360 3060 2400 re
3100 2345 3338 2413 infecta,
3386 2360 3635 2404 maereo.

1980 2433 2299 2501 Quomodo
2350 2433 2512 2491 enim
2556 2448 2682 2490 non
2723 2434 3091 2490 moererem?
3135 2433 3250 2491 Sed
3300 2437 3508 2491 tamen
3562 2449 3639 2492 ea

1979 2538 2167 2581 causa
2214 2538 2570 2580 succensere
2614 2522 2844 2579 nemini
2888 2538 3181 2596 possum;
3222 2522 3448 2596 quippe
3494 2537 3637 2580 cum

1980 2611 2171 2669 sciam
2197 2612 2368 2684 pacis
2396 2612 2633 2669 bonum
2658 2612 2788 2684 jam
2815 2610 2961 2668 olim
2990 2627 3028 2669 a
3050 2611 3227 2669 nobis
3256 2627 3387 2669 esse
3433 2610 3638 2670 subla-

1978 2704 2127 2758 tum.
2158 2700 2333 2767 Quod
2362 2701 2412 2756 si
2450 2700 2512 2757 in
2556 2699 2688 2757 aliis
2731 2715 2917 2757 causa
2960 2700 3182 2757 residet
3216 2698 3635 2772 dissensionis,

1978 2789 2129 2847 faxit
2160 2789 2449 2847 Dominus
2498 2792 2564 2845 ut
2612 2788 3008 2845 dissidiorum
3045 2792 3322 2846 auctores
3350 2788 3637 2861 conquie-

1981 2884 2173 2936 scant.
2228 2883 2358 2936 Non
2415 2893 2561 2936 sane
2617 2894 2654 2936 a
2707 2878 2883 2936 vobis
2935 2882 3104 2952 peto,
3153 2883 3222 2935 ut
3275 2894 3374 2936 me
3424 2878 3636 2936 crebro

1980 2968 2378 3026 conveniatis.
2421 2970 2614 3034 Quare
2644 2983 2768 3024 non
2810 2971 2903 3025 est
2930 2984 3037 3025 cur
3064 2983 3136 3025 ea
3164 2966 3240 3024 de
3280 2983 3346 3025 re
3383 2982 3636 3025 causam

1980 3059 2149 3131 apud
2190 3074 2289 3115 me
2319 3057 2555 3115 dicatis.
2592 3058 2741 3115 Novi
2782 3058 2943 3115 enim
2967 3059 3270 3129 homines,
3303 3073 3637 3132 pauperem

1983 3147 2299 3221 amplexos
2329 3148 2537 3220 vitam,
2563 3163 2634 3204 ac
2665 3163 2908 3221 semper
2934 3148 3060 3205 suis
3089 3147 3379 3206 manibus
3404 3147 3516 3204 sibi
3534 3162 3637 3205 ne-

1981 3237 2243 3294 cessaria
2272 3241 2723 3310 comparantes,
2752 3237 2937 3309 longo
2967 3237 3339 3310 peregrinari
3366 3241 3637 3309 tempore

1983 3342 2021 3383 a
2044 3326 2168 3381 suis
2192 3325 2427 3382 aedibus
2456 3341 2580 3383 non
2610 3341 2816 3398 posse.
2845 3326 2962 3385 Sed
2991 3326 3336 3398 ubicunque
3362 3325 3635 3383 locorum

1981 3416 2231 3489 fueritis,
2273 3416 2463 3474 nostri
2495 3420 2898 3473 mementote:
2941 3432 3012 3473 ac
3058 3431 3171 3490 pro
3210 3415 3390 3474 nobis
3430 3430 3639 3489 preca-

1981 3505 2154 3569 mini,
2178 3509 2243 3563 ut
2276 3521 2389 3562 nos
2422 3505 2635 3562 saltem
2660 3505 2984 3563 nobiscum
3024 3505 3146 3578 ipsi
3168 3519 3385 3578 pacem
3409 3503 3636 3562 habea-

1982 3611 2122 3652 mus
2147 3600 2206 3653 et
2227 3612 2368 3653 cum
2400 3598 2538 3664 Deo,
2569 3595 2740 3653 nulla
2762 3594 3228 3667 cogitationibus
3253 3594 3472 3653 nostris
3499 3609 3636 3668 per-

1980 3684 2318 3744 turbatione
2345 3684 2660 3743 insidente.

2502 3810 2839 3868 EPISTOLA
2877 3810 3116 3867 CCLX“.

262 3914 505 3988 Rogata
527 3912 756 3987 Optimi
766 3914 1049 3989 pluribus
1074 3916 1344 3989 explicat
1361 3915 1631 3989 Basilius
1652 3915 1815 3972 illud
1832 3915 2203 3989 Scriptura:
2224 3915 2432 3974 Omnis
2452 3916 2557 3989 qui
2587 3915 2873 3989 occiderit
2896 3915 3059 3989 Cain,
3085 3917 3317 3989 septem
3341 3912 3637 3973 vindictas

766 3985 1065 4057 exsolvet;
1094 3993 1220 4043 tum
1248 3988 1426 4045 etiam
1457 3988 1741 4045 Lamechi
1764 3988 1848 4046 ad
1872 3985 2090 4047 uxores
2121 3988 2320 4059 verba,
2349 3994 2403 4046 et
2432 3985 2721 4045 Simeonis
2744 3988 2826 4045 ad
2851 3988 3135 4045 Mariam.

788 4111 1024 4184 Ὀπτίμῳ
1054 4110 1348 4185 ἐπισκόπῳ.

340 4224 391 4277 1.
434 4221 537 4273 Καὶ
590 4217 755 4281 ἄλλως
786 4217 900 4290 (18)
952 4222 1042 4292 μὲν
1088 4214 1253 4281 ἡδέως
1301 4220 1431 4296 ὁρῶν
1476 4222 1598 4283 τοὺς
1643 4218 1871 4293 ἀγαθοὺς

337 4398 451 4469 (12)
480 4400 969 4473 ματασφάττοντες.
1002 4397 1270 4473 CodicesA
1287 4398 1564 4455 nonnulli
1596 4401 1869 4473 κατασφά-

267 4468 458 4531 ξοντες.
479 4468 1100 4525 Βδεὶιίίῠειττειῐὶουθω
1120 4468 1485 4527 conﬁrmant
1504 4468 1870 4528 Bardesanes

269 4540 439 4613 apud
468 4539 811 4613 Eusebium,
842 4541 1041 4613 Prwg.
1064 4542 1361 4608 evangel.,
1402 4540 1507 4595 lib.
1539 4558 1618 4609 γι,
1645 4557 1705 4613 p.
1738 4546 1866 4608 275,

2535 4112 2769 4183 Optimo
2791 4114 3086 4187 episcopo.

2056 4226 2107 4276 1.
2147 4222 2296 4278 Cum
2318 4222 2375 4279 et
2395 4218 2546 4278 alias
2563 4219 2824 4278 libenter
2841 4220 3086 4278 videam
3104 4219 3369 4293 optimos
3388 4233 3637 4292 pueros,

1978 4398 2170 4472 cibus.
2203 4397 2355 4472 Editi
2392 4405 2669 4472 μοναχοξς.
2705 4399 2846 4454 Tres
2868 4397 3153 4472 _co_dices,
3183 4411 3405 4472 nempe
3452 4394 3634 4472 Harl.,

1979 4471 2155 4603 Coiin
2186 4467 2423 4541 primus
2466 4467 2823 4527 et’Clarom.
2867 4468 3095 4526 habent
3130 4467 3501 4543 πρεσϐυτέροις
3544 4470 3636 4518 καὶ

1977 4559 2108 4612 μονα
2148 4560 2320 4599 ουσιν,
2925 4610 2934 4612 _
3013 4610 3020 4612 _
3098 4610 3107 4612 _
3230 4608 3268 4612 __
3431 4607 3486 4612 ῖ-

270 4607 477 4693 etipse
502 4607 872 4693 Epiphanius
892 4610 953 4666 in
970 4607 1354 4693 Expositione
1372 4607 1721 4693 cathol.
1746 4607 1868 4693 Prif
1900 4609 1945 4665 D
1978 4607 1987 4612 ’
2016 4612 2166 4693 ’,(15)
2202 4612 2277 4693 Οό
2308 4614 2695 4693 μργριὲιςτθβ
2724 4610 3113 4693 vetustissimi
3138 4608 3394 4666 codices.
3430 4607 3632 4665 Plures

269 4681 409 4741 mu’s
439 4681 689 4739 testatur
714 4682 1269 4754 legemesseapud
1292 4683 1504 4738 Persas
1538 4681 1782 4754 utﬁlias
1812 4687 1870 4739 et

268 4754 572 4826 matresin
591 4753 1045 4826 matrimonium
1072 4752 1323 4826 ducant;
1342 4768 1540 4826 neque
1560 4752 1704 4826 idin
1731 4753 1870 4826 Per-

271 4827 399 4884 side
438 4825 637 4883 solum
674 4824 824 4892 ﬁeri,
855 4824 963 4880 sed
1008 4825 1189 4880 etiam
1217 4824 1520 4898 quotquot
1542 4839 1587 4898 _e
1625 4824 1871 4898 Perside

268 4899 627 4969 migrarunt,
653 4912 806 4969 quos
822 4898 1160 4969 Magusaeos
1187 4894 1426 4969 vocant,
1448 4895 1743 4969 iisdemin
1764 4894 1870 4951 ﬂa-

270 4966 428 5041 gitiis
449 4966 717 5037 manere,
734 4972 789 5041 et
810 4967 946 5022 ﬁliis
967 4967 1144 5041 quasi
1171 4966 1432 5041 patriam
1460 4966 1869 5041 haareditatem

268 5037 383 5100 hos
404 5056 602 5098 mores
626 5038 880 5096 tradere.
905 5037 1082 5094 Ad’dit
1103 5037 1327 5093 multos
1350 5039 1642 5094 hactenus
1665 5040 1869 5105 Magu-

269 5130 424 5189 saaos
444 5111 692 5189 reperiri
712 5109 1031 5189 immedia,
1055 5112 1327 5189 Egypto,
1348 5109 1646 5189 Phrygia,
1678 5113 1736 5165 et
1761 5109 1870 5189 Ga:

267 5184 434 5242 latia.
461 5179 599 5240 Vide
620 5184 836 5256 p.250.
857 5179 1228 5256 Epiphanius
1246 5181 1330 5256 ait
1348 5179 1679 5250 Magusteos
1703 5179 1870 5256 apud

269 5259 478 5312 Persas
521 5250 850 5311 simulacra
896 5250 1198 5311 detestari.
1226 5251 1333 5307 sed
1377 5268 1449 5308 ea
1492 5256 1696 5307 tamen
1721 5250 1867 5307 ado-

267 5341 426 5393 rare,
457 5325 760 5399 siquidem
791 5322 1049 5399 adorant
1076 5323 1302 5399 ignem,
1331 5322 1520 5399 solem
1548 5327 1602 5378 et
1631 5322 1868 5399 lunam.

346 5390 455 5467 (131
495 5390 670 5470 Ἐχω.
705 5393 885 5470 Coisl.
915 5390 1339 5470 primu‘szizow.
1374 5393 1603 5470 Ibidem
1633 5393 1777 5470 editi
1793 5401 1864 5470 ,τῇ

273 5464 673 5541 τιμιότητί’σου
714 5468 841 5541 ὑπὲρ
894 5464 1084 5541 αὐτων.
1128 5467 1269 5541 Tres
1291 5464 1561 5541 __coc_lices
1588 5464 1868 5541 vetustisf

277 5534 437 5627 simi,
472 5544 556 5627 ,ut.
579 5540 644 5595 in
689 5534 873 5603 textu,
920 5537 1037 5594 nisi
1079 5536 1247 5610 quod
1290 5535 1639 5593 Harlaeanus
1684 5534 1871 5593 habet

271 5628 397 5685 περι
425 5629 618 5667 αυτων,

347 5681 461 5754 (14)
499 5678 847 5742 Μονάζουσιν.
877 5678 971 5741 Sic
1005 5679 1221 5752 legitur
1243 5678 1307 5738 in
1336 5692 1440 5737 sex
1468 5677 1687 5738 nostris
1709 5676 1870 5737 codi-

1979 4679 2079 4738 alii
2108 4679 2166 4755 οὗ
2197 4679 2411 4755 pitu-Adi.
2442 4683 2593 4755 Εᾷὶῐὶ
2621 4683 2681 4735 οὐ
2710 4685 2800 4755 μὲν
2827 4679 2909 4740 δέ.

2051 4754 2165 4823 (l6)
2196 4749 2356 4826 Μηδὲ
2388 4749 2779 4826 ἀπολογεῖσθαι.
2803 4756 2884 4810 Ita
2909 4755 3029 4809 tres
3056 4749 3449 4809 vetustissimi
3474 4749 3635 4807 codi-

1978 4838 2097 4879 ces.
2131 4824 2282 4897 Editi
2313 4829 2385 4897 μὴ
2419 4824 2777 4897 ἀπολογεῖσθε.

2049 4897 2164 4967 (17)
2185 4892 2350 4970 ξΥπὲρ
2391 4898 2557 4970 ἡμῶν.
2588 4892 2757 4970 Haec
2780 4894 3002 4952 desunt
3030 4893 3091 4951 in
3119 4893 3426 4967 Vaticano,
3457 4892 3630 4952 Coisl.

1976 4965 2246 5023 secundo
2276 4965 2334 5024 et
2358 4965 2502 5037 Reg.
2534 4966 2825 5023 secundo.

2049 5038 2162 5108 (18)
2201 5043 2301 5092 Καὶ
2326 5034 2509 5100 ἄλλαῖς.
2545 5041 2681 5094 Post
2706 5037 2838 5094 haec
2861 5036 3046 5108 verba
3068 5034 3421 5093 addidimus
3444 5052 3631 5093 vocu-

1974 5106 2100 5164 lam
2128 5123 2199 5164 ex
2235 5109 2545 5166 codicibus
2576 5108 2732 5164 Harl.
2765 5113 2822 5165 et
2847 5107 2998 5164 Med.
3039 5112 3099 5164 et
3134 5123 3257 5164 uno
3296 5124 3369 5164 ex
3415 5108 3631 5177 Regiis.

1977 5179 2580 5253 lbidemﬁarlzeanus
2609 5178 2800 5236 codex
2826 5178 3029 5252 prima
3053 5195 3257 5253 manu
3271 5181 3395 5253 ὁρῶ,
3414 5184 3472 5235 et
3492 5182 3637 5253 post

1976 5265 2050 5334 ea:
2077 5248 2260 5334 ἐπειδὴ
2400 5256 2489 5304 καὶ
2518 5252 2661 5334 ,μετὰ
2692 5248 3152 5334 γραμςαάτων..τᾷἶί
3191 5248 3633 5334 alitisquae]?!

1981 5322 2234 5379 libenter
2263 5324 2453 5391 video,
2477 5322 2614 5388 et‘c.,
2643 5322 2707 5379 at
2729 5322 2847 5379 'ubi
2873 5337 3008 5379 cum
3036 5323 3252 5380 litteris
3282 5322 3459 5391 etiam
3490 5322 3631 5374 tuis.

1977 5392 2131 5470 Ed_iti
2145 5390 2338 5470 saucii-1
2370 5389 2548 5448 δὲκαὶ
2571 5396 3077 5470 μιτάῄγραμμάτων.
3105 5396 3276 5470 D_eest
3302 5389 3508 5470 prima
3528 5403 3632 5443 VO-

1978 5415 2131 5450 .DUIU.
2156 5415 2338 5452 επειοη
2370 5415 2430 5448 σε
2459 5415 2548 5447 και
2571 5415 2701 5465 μετα
2928 5415 3077 5446 ατων.
3105 5415 3276 5450 υϐϐδῑ
3304 5415 3500 5468 prima
3535 5415 3629 5443 VU‘

1977 5464 2114 5522 cula
2141 5464 2203 5537 in
2233 5465 2503 5537 quinque
2531 5463 2833 5537 veteribus
2873 5415 3064 5533 fibris,
3100 5463 3289 5520 altera
3316 5462 3379 5517 in
3418 5457 3629 5516 tribus.

2047 5535 2271 5609 TVAlias‘
2290 5535 2597 5594 CLXXXIV.
2633 5536 2865 5609 Scripta
2888 5550 3050 5593 anno
3078 5538 3203 5609 377.

2049 5608 2092 5630 "
2130 5606 2292 5665 Alias
2316 5609 2608 5667 CCCXVII.
2640 5606 2876 5681 Scripta
2902 5620 3064 5666 anno
3093 5607 3218 5663 377.
