4148 6368
503 322 610 380 965

1885 315 1945 376 S.
1985 312 2238 372 BASILII
2269 314 2493 378 HAG!“

504 449 637 504 tum
681 444 827 519 quia
870 444 1111 503 illorum
1161 459 1366 504 mores
1413 445 1572 504 ultra
1625 445 1863 503 etatem
1919 438 2155 514 egregie

2269 439 2467 507 παῖδας
2497 444 2591 502 διά
2617 467 2675 504 τε
2699 449 2761 504 τὸ
2796 450 2926 527 ὕπερ
2971 454 3070 512 τὴν
3104 451 3313 512 ἡλικίαν
3348 460 3452 507 τῶν
3487 453 3629 516 ἠθῶν
3674 458 3884 512 εὐστα-

505 535 849 610 compositi,
889 539 1018 592 tum
1059 540 1306 609 propter
1346 552 1558 595 eorum
1603 551 1743 593 cum
1791 539 1901 592 tua
1940 533 2160 606 pietate

505 624 1036 694 necessitudinem,
1063 640 1131 680 ex
1159 640 1284 698 qua
1327 625 1507 684 etiam
1553 624 1762 695 magni
1808 620 2039 695 aliquid
2080 620 2160 677 ab

507 714 593 770 eis
637 717 979 786 exspectare
1023 713 1196 780 licet;
1237 719 1563 788 postquam
1601 729 1743 770 cum
1780 711 1990 769 litteris
2040 709 2158 768 tuis

504 804 629 860 vidi
663 819 768 859 eos
797 802 876 860 ad
917 819 1015 858 me
1045 803 1370 871 venientes,
1402 804 1707 877 duplicavi
1735 803 1798 860 in
1825 802 1959 859 illos
1990 816 2161 858 amo-

504 908 654 949 rem.
690 891 800 948 Ubi
837 896 1038 948 autem
1067 891 1184 963 legi
1217 892 1556 965 epistolam,
1585 909 1655 950 ac
1694 895 1758 949 in
1781 907 1855 948 ea
1880 889 2160 964 perspexi

506 997 646 1037 cum
675 980 993 1053 providam
1023 981 1209 1037 animi
1257 981 1344 1038 tui
1384 982 1460 1038 de
1497 981 1772 1038 Ecclesiis
1817 978 2158 1037 sollicitudi-

505 1086 665 1139 nem,
725 1075 855 1126 tum
907 1070 1180 1140 legendae
1235 1073 1555 1144 Scripturae
1597 1071 1818 1128 divinm
1850 1070 2155 1136 studium;

504 1161 728 1231 gratias
765 1161 858 1231 egi
902 1161 1177 1233 Domino,
1227 1177 1298 1218 ac
1342 1161 1510 1219 bona
1553 1165 1835 1234 precatus
1885 1176 2021 1216 sum
2061 1158 2157 1214 his

502 1248 609 1322 qui
651 1248 799 1305 tales
828 1249 1005 1306 nobis
1034 1249 1372 1308 aﬂ‘erebant
1411 1251 1656 1319 litteras,
1686 1251 1986 1324 imprimis
2017 1263 2158 1306 vero

501 1339 612 1412 ipsi
642 1339 746 1410 illi,
779 1339 886 1414 qui
913 1340 1090 1396 nobis
1122 1340 1380 1415 scripsit.

574 1522 629 1574 2.
689 1518 1058 1588 Quaesivisti,
1107 1519 1571 1579 celeberrimum
1624 1519 1774 1577 illud
1823 1519 2052 1577 dictum
2103 1521 2162 1575 et

503 1607 671 1681 apud
701 1623 916 1664 omnes
961 1608 1268 1682 susdeque
1311 1612 1640 1679 versatum,
1684 1625 1874 1683 quam
1917 1609 2162 1667 solutio-

504 1711 645 1752 nem
673 1697 852 1769 396
882 1695 1147 1755 habeat:
1181 1713 1402 1771 nempe
1426 1699 1612 1756 illud:
1646 1700 1845 1756 Omnis
1875 1701 1981 1771 qui
2007 1700 2160 1756 occi-

503 1785 664 1854 derit
709 1787 885 1858 Cain,
915 1792 1134 1857 septem
1183 1788 1481 1846 vindictas
1509 1789 1696 1847 solvet
1715 1790 1761 1848 ⁶.
1793 1791 1929 1846 Haec
1953 1793 2158 1846 autem
2197 1781 2238 1835 Β

501 1871 989 1942 interrogatione,
1021 1874 1289 1946 primum
1315 1877 1566 1950 quidem
1601 1878 1869 1951 teipsum
1907 1877 2156 1935 demon-

502 1961 667 2016 strati
714 1960 778 2017 id
832 1962 1002 2035 quod
1051 1964 1272 2021 Paulus
1325 1967 1613 2040 praecepit
1662 1967 2010 2024 Timotheo"
2058 1983 2156 2024 ac-

501 2053 705 2106 curate
766 2063 1008 2108 servare
1066 2051 1274 2126 (liquet
1327 2055 1490 2112 enim
1551 2060 1609 2112 te
1663 2059 1959 2114 attentum
2023 2072 2157 2114 esse

497 2137 802 2212 lectioni);
833 2139 1054 2199 deinde
1094 2158 1241 2200 vero
1288 2148 1346 2201 et
1387 2159 1525 2214 nos,
1551 2145 1660 2219 qui
1706 2160 1880 2202 senes
1922 2162 2155 2212 sumus,

500 2231 560 2284 et
604 2228 738 2299 jam
789 2231 1199 2287 emarcuimus
1249 2236 1307 2289 et
1346 2237 1620 2305 tempore
1671 2240 1729 2291 et
1753 2234 2158 2291 imbecillitate

502 2317 795 2388 corporis,
843 2323 902 2375 et
950 2319 1334 2378 multitudine
1381 2321 1800 2392 afﬂictionum,
1845 2338 1984 2396 quas
2027 2323 2160 2396 plu~

499 2404 672 2461 rimas
700 2405 764 2462 in
791 2417 906 2463 nos
939 2407 1250 2465 concitatae
1277 2409 1466 2467 vitam
1508 2415 1779 2468 nostram
1807 2427 2160 2485 praegrava-

500 2497 662 2562 runt,
709 2497 914 2551 tamen
963 2497 1330 2568 exsuscitati,
1380 2514 1452 2555 ac
1503 2498 1740 2556 fervens
1794 2502 2006 2574 spiritu
2046 2517 2160 2558 nos

502 2580 913 2653 frigescentes,
939 2587 1237 2658 tanquam
1264 2585 1512 2645 latentia
1545 2589 1609 2645 in
1651 2589 1821 2646 lustri
1846 2590 2158 2658 animalia,

502 2669 582 2727 ad
611 2671 977 2729 mediocrem
1001 2674 1376 2745 vigilantiam
1402 2681 1461 2734 et
1483 2677 1723 2735 vitalem
1746 2679 2158 2752 operationem

498 2774 768 2818 revocas.
789 2765 984 2834 Atque
1011 2763 1163 2820 illud
1190 2765 1440 2838 quidem
1468 2766 1697 2824 dictum
1727 2772 1785 2825 et
1812 2768 2160 2842 simpliciter

499 2847 588 2904 sic
616 2848 861 2922 intelligi
891 2854 1108 2923 potest,
1138 2856 1196 2911 et
1226 2853 1454 2911 variam
1483 2856 1755 2928 accipere
1779 2856 2158 2929 explanatio-

496 2951 662 2994 nem.
695 2939 1031 3012 Simplicior
1061 2945 1266 2998 autem
1295 2947 1352 3001 et
1379 2959 1517 3016 quas
1543 2944 1787 3002 cuilibet
1818 2946 2010 3018 possit
2045 2962 2159 3005 sua

497 3031 715 3099 sponte
735 3044 1049 3086 occurrere
1072 3032 1389 3102 sententia,
1409 3033 1540 3089 haec
1567 3037 1684 3090 est:
1708 3037 1985 3108 oportere
2012 3035 2156 3092 Cain

2273 533 2358 596 θὶς
2401 540 2494 590 καὶ
2539 535 2636 593 διὰ
2683 543 2744 593 τὸ
2782 545 2916 616 πρὸς
2957 547 3052 602 τὴν
3093 547 3192 603 σὴν
3238 543 3504 598 εὐλάϐειαν
3541 537 3752 618 οἰκεῖον,
3785 547 3883 622 ἀφ’

2268 623 2332 676 οὗ
2368 643 2420 676 τι
2461 631 2550 680 καὶ
2592 629 2728 701 μέγα
2772 628 3078 706 προσδοκᾷν
3124 635 3262 686 ἔστιν
3301 632 3378 686 ἔπ’
3427 634 3638 697 αὐτοῖς·
3685 635 3877 698 ἐπειδὴ

2267 720 2358 768 καὶ
2412 719 2543 789 μετὰ
2588 723 2906 794 γραμμάτων
2963 732 3066 775 σῶν
3115 719 3254 776 εἶδον
3306 723 3491 785 αὐτοὺς
3554 731 3880 800 προσιόντας

2268 824 2396 876 μοι,
2460 803 2821 863 ἐδιπλασίασα
2871 813 2930 864 τὸ
2982 811 3060 865 ἐπ’
3127 813 3307 875 αὐτοῖς
3352 813 3581 890 φίλτρον.
3629 814 3756 869 Ὀτε
3812 815 3882 871 δὲ

2269 892 2490 964 ἀνέγνων
2552 900 2648 954 τὴν
2708 898 3025 970 ἐπιστολὴν,
3083 905 3175 954 καὶ
3233 899 3372 954 εἶδον
3430 901 3479 953 ἐν
3535 904 3668 976 αὐτῇ
3738 906 3879 978 ὁμοῦ

2267 985 2358 1054 μὲν
2412 988 2470 1036 τὸ
2526 992 2644 1062 περὶ
2696 990 2789 1050 τὰς
2847 989 3160 1052 Ἐκκλησίας
3209 993 3322 1064 (l9)
3380 996 3724 1068 προνοητικὸν
3782 1004 3879 1057 τῆς

2269 1081 2363 1133 σῆς
2414 1069 2714 1145 διαθέσεως,
2747 1079 2878 1148 ὁμοῦ
2923 1075 2982 1130 δὲ
3029 1084 3086 1131 τὸ
3131 1086 3248 1154 περὶ
3291 1084 3387 1138 τὴν
3431 1081 3726 1154 ἀνάγνωσιν
3771 1093 3878 1136 τῶν

2269 1163 2415 1214 θείων
2482 1170 2693 1238 Γραφῶν
2764 1165 3034 1239 ἐπιμελὲς,
3092 1169 3479 1244 ηὐχαρίστησα
3537 1178 3611 1242 τῷ
3671 1178 3874 1245 Κυρίῳ,

2265 1255 2355 1302 καὶ
2404 1251 2712 1326 ἐπηυξάμην
2741 1258 2807 1307 τὰ
2849 1254 3024 1328 ἀγαθὰ
3052 1265 3162 1320 τοῖς
3210 1262 3274 1311 τὰ
3320 1260 3538 1313 τοιαῦτα
3585 1262 3712 1334 ἡμῖν
3745 1258 3866 1316 δια-

2266 1341 2551 1413 κομίζουσι
2597 1346 2924 1419 γράμματα,
2974 1351 3064 1400 καὶ
3119 1351 3221 1422 πρό
3269 1367 3328 1421 γε
3384 1350 3553 1403 αὐτῶν
3609 1351 3754 1424 αὐτῷ
3801 1360 3881 1424 τῷ

2265 1430 2532 1506 γράψαντι
2559 1435 2706 1506 ἡμῖν.

2338 1523 2394 1578 2.
2455 1522 2814 1588 Ἐπεζήτησας
2887 1529 2947 1580 τὸ
3013 1527 3432 1605 πολύθρύλλητον
3507 1529 3711 1604 ἓκεῖνο,
3780 1537 3882 1586 καὶ

2265 1612 2411 1684 παρὰ
2467 1617 2628 1664 πᾶσιν
2693 1615 2800 1667 ἄνω
2863 1621 2956 1670 καὶ
3019 1621 3164 1672 κάτω
3225 1623 3621 1694 περιφερόμενον
3683 1621 3875 1697 ῥητὸν,

2265 1703 2384 1752 τίνα
2436 1704 2531 1759 τὴν
2583 1701 2732 1755 λύσιν
2791 1707 2936 1778 ἔχει·
2988 1709 3067 1778 τό,
3128 1714 3233 1770 Πᾶς
3288 1710 3316 1764 ὁ
3373 1708 3680 1773 ἀποκτείνας
3739 1713 3877 1764 Κάῐν

2268 1788 2398 1842 ἑπτὰ
2461 1787 2807 1868 ἐκδικούμενα
2861 1796 3172 1871 παραλύσει.
3233 1801 3331 1852 Διά
3377 1801 3562 1852 τούτου
3619 1796 3682 1853 δὲ
3741 1805 3878 1866 τέως

2267 1881 2356 1952 μὲν
2387 1879 2542 1944 αὐτὸς
2590 1887 2807 1936 σεαυτὸν
2839 1889 3190 1956 συνέστησας,
3221 1890 3280 1940 τὸ
3310 1895 3402 1940 τοῦ
3444 1891 3699 1962 Τιμοθέου
3730 1890 3875 1961 (20),

2266 1966 2293 2018 ὃ
2366 1965 2667 2042 παρέδωκεν
2733 1973 2875 2043 αὐτῷ
2942 1974 3144 2037 Παῦλος
3169 2018 3184 2044 ,
3252 1974 3482 2051 ἀκριϐῶς
3545 1977 3879 2051 φυλάττοντα

3763 335 3888 392 956

2268 2052 2453 2126 (δῆλος
2497 2060 2600 2133 γὰρ
2646 2056 2696 2112 εἶ
2726 2065 3006 2135 προσέχων
3053 2071 3116 2136 τῇ
3168 2063 3516 2136 ἁναγνὼσει)·
3559 2069 3736 2120 ἔπειτα
3777 2072 3877 2122 καὶ
3924 2056 3943 2067 ’

2266 2148 2406 2218 ἡμᾶς
2462 2151 2584 2209 τοὺς
2633 2153 2900 2223 γέροντας,
2932 2158 3023 2206 καὶ
3072 2158 3452 2228 νεναρκηκότας
3503 2151 3613 2214 ἤδη
3666 2161 3877 2230 καὶτῷ

2266 2239 2447 2308 χρόνῳ
2487 2242 2579 2290 καὶ
2606 2245 2670 2310 τῇ
2721 2237 2962 2312 ἀσθενείᾳ
2989 2248 3083 2294 τοῦ
3129 2251 3389 2315 σῶματος,
3433 2248 3524 2297 καὶ
3569 2251 3642 2315 τῷ
3679 2244 3878 2304 πλήθει

2266 2333 2367 2376 τῶν
2423 2325 2664 2398 θλίψεων,
2705 2329 2760 2380 αἱ
2814 2329 3000 2384 πολλαὶ
3050 2339 3139 2385 νῦν
3194 2337 3313 2407 περὶ
3356 2335 3492 2406 ἡμᾶς
3547 2337 3873 2408 κινηθεῖσαι,

2267 2412 2530 2489 ἐϐάρησαν
2568 2417 2684 2488 (21)
2727 2421 2873 2491 ἡμῶν
2927 2425 3023 2480 τὴν
3084 2421 3243 2493 ζωὴν,
3304 2425 3441 2496 ὅμως
3492 2421 3874 2486 διανέστησας.

2267 2508 2356 2556 καὶ
2405 2505 2530 2564 ζέων
2587 2514 2659 2578 τῷ
2713 2511 2970 2581 πνεύματι
3015 2510 3439 2585 κατεψυγμένους
3478 2514 3639 2586 ἡμᾶς,
3687 2515 3755 2574 ὡς
3803 2516 3878 2567 τὰ

2267 2593 2556 2664 φωλεύοντα
2611 2603 2714 2649 τῶν
2773 2601 2952 2668 ζώων,
3008 2599 3078 2661 εἰς
3132 2599 3446 2676 ἐγρήγορσιν
3506 2608 3721 2677 μετρίαν
3777 2608 3877 2656 καὶ

2265 2683 2496 2745 ζωτικὴν
2548 2684 2802 2760 ίνέργειαν
2854 2687 3122 2762 ἐπανάγεις
3169 2694 3305 2763 (22).
3355 2691 3512 2746 "Ea-rs
3569 2689 3621 2746 δ’
3671 2689 3762 2746 οὖν
3809 2696 3878 2747 τὸ

2262 2773 2423 2846 ῥητὸν
2487 2780 2578 2828 καὶ
2643 2774 2817 2840 ἁπλῶς
2884 2778 3021 2832 οὕτω
3078 2781 3331 2840 νοηθῆναι
3395 2777 3680 2855 δυνάμενον
3703 2827 3719 2852 ,
3776 2789 3875 2836 καὶ

2262 2862 2498 2916 ποικίλον
2545 2860 2890 2928 ἇπιδέξασθαι
2927 2868 3042 2940 (23)
3087 2867 3256 2940 λόγον.
3303 2869 3364 2924 Ἡ
3395 2872 3486 2943 μὶν
3527 2867 3618 2923 οὖν
3665 2870 3873 2924 ἄπλου-

2266 2955 2426 3026 στέρα
2467 2972 2556 3006 και
2591 2959 2748 3007 παντὶ
2795 2951 3056 3030 δυναμένη
3102 2955 3159 3010 ἔκ
3195 2965 3289 3011 τοῦ
3339 2963 3636 3035 προχείρου
3691 2979 3875 3036 παρα-

2266 3049 2456 3101 στῆναι
2499 3039 2711 3098 διάνοια
2751 3043 2885 3104 αὕτη
2921 3048 3102 3099 ἐστίν’
3149 3048 3232 3101 ὅτι
3269 3045 3355 3102 δεῖ
3399 3052 3487 3102 τὸν
3525 3051 3656 3104 Κάίν
3700 3048 3872 3103 ἑπτα-

496 3115 951 3188 septemplicem
971 3117 1118 3176 dare
1137 3134 1385 3191 poenam
1409 3124 1818 3193 peccatorum.
1840 3125 1971 3179 Non
1993 3123 2155 3180 enim

2264 3130 2524 3186 πλασίονα
2587 3130 2880 3187 ἀποδοῦναι
2937 3136 3048 3208 (24)
3111 3140 3208 3197 τὴν
3271 3142 3530 3213 τιμωρίαν
3593 3140 3720 3214 ὑπερ
3799 3139 3872 3192 ὧν

497 3207 590 3260 est
604 3204 749 3275 justi
774 3206 1017 3278 judicis,
1040 3223 1220 3281 pares
1251 3210 1504 3280 paribus
1525 3215 1784 3268 statuere
1807 3213 2152 3271 mercedes:

499 3292 608 3348 sed
639 3309 884 3351 necesse
921 3301 1010 3352 est
1036 3302 1104 3352 ut
1133 3297 1278 3354 mali
1305 3299 1577 3372 inceptor
1615 3301 1980 3359 cumulatius
2007 3318 2150 3376 per-

499 3381 696 3438 solvat
718 3381 943 3452 debita,
967 3385 1014 3440 si
1044 3385 1231 3443 modo
1255 3391 1313 3444 et
1343 3388 1477 3460 ipse
1506 3389 1719 3446 melior
1747 3405 1822 3447 ex
1847 3391 2155 3465 suppliciis

500 3469 738 3526 futurus
781 3471 874 3536 sit,
917 3476 975 3530 et
1010 3473 1160 3531 alios
1206 3475 1484 3533 meliores
1531 3478 1799 3535 facturus
1849 3481 2152 3553 exemplo.

502 3559 805 3623 Quoniam
860 3561 1044 3631 igitur
1084 3565 1374 3622 statutum
1421 3571 1532 3632 est,
1577 3571 1644 3625 ut
1698 3570 2154 3642 septemplicem

503 3647 644 3703 Cain
664 3648 996 3724 adimpleat
1023 3657 1410 3725 peccatorum
1437 3672 1704 3731 poenam,
1737 3658 2045 3728 dissolvet,
2067 3659 2154 3716 in-

498 3738 648 3810 quit,
680 3738 744 3794 id
773 3740 940 3820 quod
981 3742 1188 3799 divino
1224 3743 1456 3816 judicio
1495 3747 1573 3803 de
1597 3763 1668 3804 eo
1708 3747 2018 3805 decretum
2043 3755 2152 3820 est,

499 3826 605 3899 qui
633 3842 774 3886 eum
803 3818 1054 3887 occidet.
1086 3834 1220 3888 Haec
1248 3837 1339 3891 est
1372 3836 1666 3896 sententia
1693 3853 1809 3896 sua
1837 3842 2051 3911 sponte
2067 3818 2152 3896 ei:

498 3915 696 3986 prima
719 3915 970 3976 lectione
997 3919 1175 3978 nobis
1201 3936 1546 3984 occurrens.

565 4184 618 4238 3.
661 4181 777 4240 Sed
819 4183 966 4257 quia
1011 4186 1165 4243 solet
1191 4189 1500 4261 profunda
1547 4195 1802 4252 scrutari
1829 4195 2150 4255 hominum

493 4269 717 4327 laboris
734 4275 1071 4330 amantium
1092 4277 1355 4349 animus,
1369 4281 1584 4352 quaerit
1595 4285 1906 4355 quomodo
1922 4286 2153 4357 justitia

495 4359 559 4415 in
583 4361 955 4433 septemplici
980 4365 1404 4437 adimpleatur,
1426 4373 1484 4425 et
1501 4371 1650 4444 quid
1674 4372 1792 4428 sint
1815 4377 1882 4425 τὰ
1908 4372 2153 4428 ἑκδικού-

2264 3221 2513 3294 ἥμαρτεν.
2547 3221 2624 3274 Οὐ
2651 3224 2756 3295 γάρ
2799 3223 2914 3277 ἐστι
2944 3220 3156 3279 δικαίου
3199 3233 3384 3300 κριτοῦ
3423 3231 3541 3289 ἶσας
3580 3231 3715 3303 πρὸς
3740 3231 3872 3291 ἴσας

2262 3309 2458 3381 ὁρίζειν
2486 3329 2582 3373 τας
2628 3309 2925 3376 ἀντιδόσεις
2949 3315 3060 3386 (25)
3085 3335 3099 3348 ·
3133 3313 3243 3368 ἀλλ’
3281 3315 3506 3389 ἀνάγκη,
3537 3319 3625 3370 τὸν
3661 3321 3870 3392 κατάρ-

2263 3399 2425 3461 ξαντα
2477 3401 2645 3454 κακοῦ
2701 3406 2834 3474 μετὰ
2877 3405 3188 3479 προσθήκης
3236 3404 3488 3462 ἁποτίσαι
3535 3409 3605 3461 τὰ
3660 3407 3866 3481 ὀφειλό-

2261 3507 2411 3560 μενα,
2463 3489 2509 3543 εἰ
2562 3490 2737 3563 μελλοι
2802 3492 2960 3556 αὐτὸς
3019 3512 3075 3547 τε
3135 3493 3351 3568 βελτίων
3413 3497 3533 3560 ταῖς
3589 3503 3872 3574 τιμωρίαις

2259 3581 2599 3649 γενήσεσθαι,
2647 3585 2738 3633 καὶ
2789 3585 2912 3644 τοὺς
2954 3583 3163 3644 λοιποὺς
3217 3589 3670 3661 σωφρονοστέρους
3709 3593 3871 3645 ποιή-

2264 3685 2372 3719 σειν
2406 3669 2522 3739 (26)
2566 3677 2640 3741 τῷ
2690 3667 3058 3744 ὑποδείγματι.
3104 3673 3328 3741 Οὐκοῦν,
3379 3672 3561 3734 ἐπειδὴ
3616 3679 3872 3729 τέτακται

2262 3755 2473 3817 ἑπτάκις
2529 3757 2912 3834 ἀποπληρῶσαι
2966 3765 3064 3820 τὴν
3121 3758 3279 3822 δίκην
3329 3772 3430 3816 τῶν
3482 3766 3869 3839 ἡμαρτημένων

2259 3848 2347 3896 τὸν
2395 3847 2544 3918 Κάιν,
2581 3848 2896 3922 παραλύσει,
2945 3851 3097 3924 φησὶ,
3127 3859 3282 3905 τοῦτο
3321 3855 3377 3905 τὸ
3424 3855 3527 3908 ὑπό
3572 3863 3669 3916 τῆς
3720 3857 3867 3919 θείας

2259 3939 2481 4008 κρίσεως
2541 3935 2622 3990 ἐπ’
2681 3938 2822 4009 αὐτῷ
2880 3935 3212 4013 δεδογμένον,
3237 3943 3264 3994 6
3320 3941 3622 4004 ἀποκτείνας
3681 3944 3868 4000 αὐτόν.

2260 4024 2428 4085 Οὗτός
2471 4023 2611 4077 ἐστιν
2649 4027 2676 4078 6
2718 4034 2836 4090 νοῦς
2879 4029 2906 4080 6
2955 4028 3179 4082 ἐντεῦθεν
3209 4029 3312 4083 ἀπὸ
3343 4040 3438 4092 τῆς
3485 4037 3700 4104 πρώτης
3729 4030 3866 4086 ἂνα-

2256 4119 2494 4183 γνώσεως
2521 4117 2647 4182 ἡμῖν
2671 4121 3035 4190 προσπίπτων.

2331 4205 2384 4258 3.
2426 4199 2639 4262 Ἐπειδὴ
2682 4201 2742 4258 δὲ
2783 4205 2990 4279 ἕρευνᾷν
3035 4211 3230 4280 πέφυκε
3269 4211 3337 4262 τὰ
3384 4209 3527 4282 βάθη
3575 4217 3678 4264 τῶν
3721 4211 3868 4285 φιλο-

2257 4296 2557 4366 πονωτέρων
2609 4295 2640 4350 ἡ
2697 4290 2926 4362 διάνοια,
2978 4295 3233 4365 ἐπιζητεῖ,
3281 4302 3340 4351 τὸ
3390 4297 3598 4353 δίκαιον
3641 4309 3757 4364 πῶς
3813 4303 3868 4355 ἐν

2257 4387 2332 4450 τῷ
2389 4381 2604 4442 ἑπτάκις
2660 4382 3079 4458 ἀποπληροῦται,
3132 4392 3223 4439 καὶ
3259 4393 3310 4440 τί
3369 4391 3434 4440 τὰ
3490 4387 3863 4464 ἑκδικούμενα,

497 4467 642 4520 μενοι,
681 4453 884 4507 utrum
921 4459 1173 4525 peccata
1201 4460 1452 4529 septem,
1480 4475 1560 4515 an
1584 4476 1776 4518 unum
1806 4473 2148 4537 peccatum,

2264 4473 2473 4544 πότερον
2522 4474 2590 4523 τὰ
2643 4471 3008 4546 ἁμαρτηθέντα
3061 4474 3191 4528 ἑπτά
3251 4476 3413 4546 ἐστιν,
3469 4479 3497 4538 ᾖ
3563 4479 3613 4532 ἓν
3659 4483 3750 4553 μὲν
3803 4485 3868 4533 τὸ

497 4540 555 4594 et
579 4542 811 4610 septem
830 4556 941 4613 pro
963 4558 1086 4599 uno
1107 4545 1442 4618 supplicia?
1463 4550 1711 4622 Semper
1731 4552 1980 4624 quidem
2004 4555 2151 4611 Scri-

492 4633 674 4698 ptura
693 4633 1113 4690 remissionem
1129 4641 1515 4716 peccatorum
1534 4655 1791 4699 numero
1810 4646 2150 4716 septenario

493 4715 725 4773 deﬁnit.
759 4720 1018 4787 Quoties,
1047 4723 1257 4797 inquit,
1286 4715 1558 4794 peccabit
1599 4729 1663 4784 in
1707 4746 1799 4786 me
1841 4715 2062 4802 frater,
2092 4740 2150 4790 et

493 4807 796 4864 remittam
824 4810 925 4866 illi
956 4811 1183 4880 (Petrus
1230 4819 1321 4871 est
1354 4814 1459 4888 qui
1489 4814 1618 4873 haec
1657 4819 1912 4877 Domino
1940 4820 2148 4890 dicit)?

563 4929 586 4962 ⁶
625 4929 770 4988 Gen.
799 4945 876 4998 1v,
914 4939 998 4990 l5.
1073 4937 1094 4969 ⁷
1136 4937 1333 4993 lTim.
1367 4954 1443 5006 iv,
1479 4943 1565 4996 t3.

531 5052 675 5147 119)
713 5059 842 5129 Περὶ
877 5060 967 5118 τὰς
997 5059 1330 5124 Ἐκκλησίας·
1364 5061 1463 5122 Sic
1480 5079 1633 5122 mss.
1659 5071 1817 5124 octo.
1850 5067 2001 5127 Editi
2028 5077 2145 5147 περὶ

490 5139 677 5265 τηῗρο)
716 5199 998 5270 Τιμοθέου,
1065 5203 1203 5259 Post
1252 5204 1412 5260 hanc
1466 5223 1676 5265 vocem
1721 5210 1955 5267 addunt
2005 5213 2146 5270 editi

490 5275 673 5340 ποιῶν,
695 5269 860 5339 quod
885 5269 1097 5327 melius
1118 5275 1306 5330 multo
1327 5277 1539 5335 deesse
1567 5281 1764 5337 visum
1790 5286 1881 5339 est
1910 5283 1970 5339 in
2000 5269 2148 5340 duo;

489 5335 614 5416 {ius
651 5335 871 5416 Regiis,
920 5340 1105 5411 Bigot.
1151 5345 1360 5416 altero,
1408 5351 1579 5407 Coisl.
1609 5335 1989 5412 ’sééiizidb'ét
2005 5335 2148 5413 —u—n_o

493 5407 854 5468 Colbcrtino.

717 5482 1033 5566 ξξξϐάρησᾱν.
1067 5485 1245 5566 Coisl.
1265 5489 1501 5566 primus
1530 5493 1799 5566 ἐϐάρυναν.

563 5554 1047 5627 (mxumam-ys“.
1113 5561 1196 5615 lta
1259 5554 1376 5616 (res
1436 5554 1822 5622 vetustissimi
1887 5570 2146 5627 codices.

495 5621 645 5682 Editi
664 5621 1013 5694 ἐπανήγανες.

2260 4558 2570 4634 ἁμάρτημα,
2619 4562 2750 4616 ἑπτὰ
2802 4559 2862 4618 δὲ
2913 4563 2996 4620 ἐπὶ
3057 4572 3129 4635 τῷ
3189 4565 3262 4620 ἐνὶ
3313 4569 3369 4620 αἱ
3422 4567 3698 4638 κολάσειςς
3755 4569 3868 4625 Ἀεὶ

2258 4651 2349 4720 μὲν
2403 4646 2492 4703 οὖν
2537 4653 2568 4709 η
2621 4657 2797 4724 Γραφὴ
2839 4656 2926 4705 τὸν
2971 4662 3066 4714 τῆς
3113 4653 3340 4728 ἀφέσεως
3393 4665 3493 4710 τῶν
3538 4657 3868 4732 ἁμαρτημά-

2258 4757 2358 4789 των
2408 4737 2629 4812 ἀριθμόν
2676 4740 2726 4791 ἐν
2769 4749 2875 4802 τοῖς
2916 4743 3048 4796 ἐπτὰ
3095 4747 3403 4819 περιορίζει.
3455 4750 3688 4808 Ποσάκις
3724 4750 3865 4820 (27),

2260 4830 2460 4898 φησὶν,
2523 4829 2820 4903 ἁμαρτήσει
2885 4831 2955 4892 εἰς
3023 4831 3109 4904 ἐμὲ
3184 4836 3211 4884 6
3274 4831 3497 4908 ἀδελφός
3562 4857 3704 4916 ppu,
3773 4843 3868 4891 καὶ

2327 5077 2442 5147 (23)
2487 5073 2893 5139 Ἐπιδέξασθαι.
2951 5080 3233 5147 Nonnulli
3294 5081 3535 5139 codices
3591 5079 3869 5146 ἐπιδείξα-

2257 5150 2402 5202 σθαι.
2424 5146 2695 5212 Quidam
2723 5150 2822 5206 alii
2850 5146 3252 5213 ὑποδείξασθαι.

2327 5217 3114 5299 (2A4)L'A1:06‘_ogy0_u.ﬁltaHarl.
3140 5232 3196 5281 et
3228 5225 3402 5284 Cois].
3427 5226 3683 5299 primus.
3711 5231 3872 5287 Med.

2256 5287 2598 5345 ἀποδιδόναι.
2629 5291 2777 5348 Editi
2808 5290 3013 5350 δοῦναι.

2331 5363 2443 5447 (2ξ)
2489 5359 2829 5447 Ἀντιᾷὀσεις.
2863 5370 2946 5420 Ita
2963 5364 3136 5447 _llar_l.
3165 5369 3224 5422 et
3250 5367 3426 5425 Coisl.
3453 5370 3690 5443 primus
3723 5385 3872 5431 cum

2261 5433 2591 5502 Anglicano
2624 5437 2680 5488 et
2705 5451 2830 5492 uno
2862 5452 2934 5492 ex
2963 5439 3180 5507 Regiis.

2333 5507 2443 5591 (2p)
2495 5511 2760 5562 Ποιὴσιιν.
2816 5509 2977 5565 Multi
3030 5508 3272 5567 codices
3336 5512 3443 5569 sed
3499 5515 3873 5574 recentiores

2261 5595 2424 5627 ποιειν
2435 5618 2448 5630 ο

2332 5651 2449 5716 (‘27)
2492 5652 2744 5710 Ποσάκις.
2795 5651 2944 5707 Editi
2999 5651 3234 5710 addunt
3280 5658 3404 5729 γὰρ,
3454 5669 3590 5728 quae
3646 5660 3872 5718 vocula
