4148 6436
307 373 416 433 957

1296 371 1800 431 EPISTOLARUM
1830 369 2117 430 CLASSIS
2143 369 2216 429 Π.
2244 371 2460 431 EPIST.
2489 369 2704 433 CCLX.

3581 377 3689 437 958

309 500 497 574 ἀφήσω
527 497 706 569 αὐτῷς
738 498 820 572 (⁸0
858 499 1055 572 Πέτρος
1084 497 1201 583 item
1240 496 1402 570 λέγων
1424 504 1500 569 τῷ
1537 497 1760 570 Κυρίῳ.)
1783 495 1916 558 Ἕως

2036 493 2182 583 Num
2201 510 2387 567 usque
2407 496 2620 566 septies
2641 500 2669 552 .9
2717 492 2942 554 Deinde
2993 509 3362 572 responsum
3402 501 3640 559 Domini
3668 516 3686 559 :

309 589 556 658 ἑπτάκιςς
618 585 743 642 Εἶτα
789 586 1070 661 ἀπόκρισις
1115 593 1212 640 τοῦ
1254 591 1488 659 Κυρίου·
1543 586 1622 638 Οὐ
1667 585 1800 656 λέγω
1831 603 1917 637 σοι

310 679 400 740 ἕως
439 679 669 742 ἔπτάκις,
717 676 823 728 ἀλλ’
859 676 956 736 ἔως
1007 673 1451 749 ἑϐδομηκοντάκις
1499 674 1650 732 ἑπτά.
1700 674 1777 726 Οὔ
1814 675 1915 748 γὰρ

313 768 390 820 ἐπ’
421 767 574 820 ἄλλον
622 767 842 840 ἀριθμὸν
899 764 1087 838 μετέϐη
1141 767 1168 818 ὁ
1220 768 1432 839 Κύριος,
1465 763 1593 816 ἀλλὰ
1647 767 1736 816 τὸν
1787 763 1918 816 ἐπτὰ

313 857 762 922 πολυπλασιάσας,
787 854 838 908 ἐν
862 855 1006 925 αὐτῷ
1056 858 1144 908 τόν
1192 857 1310 928 ὅρον
1362 857 1504 907 ἔθετο
1545 862 1637 915 τῆς
1669 853 1914 925 ἀφέσεως.

317 950 420 1000 Καὶ
461 943 496 998 ὃ
500 948 532 997 ι’
557 945 685 998 ἑπτα
740 947 832 1018 μὲν
889 943 1012 996 ἐτῶν
1049 946 1073 996 ὁ
1111 943 1344 1017 Ἐϐραῖος
1397 942 1642 996 ἀπελύετο
1667 952 1758 1003 τῆς
1790 939 1916 994 δου-

312 1035 478 1097 λείας·
513 1034 643 1087 ἐπτά
673 1030 732 1087 δὲ
776 1030 1073 1106 ἑϐδομάδες
1129 1033 1250 1085 ἐτῶν
1294 1036 1381 1085 τόν
1429 1033 1717 1104 ὀνομαστόν
1751 1031 1917 1089 ἰωϐη-

312 1123 456 1176 λαῖον
487 1122 690 1176 ἐποίουν
717 1123 769 1175 ἐν
798 1129 906 1184 τοῖς
942 1123 1125 1191 πάλαι,
1157 1125 1206 1175 ἓν
1234 1120 1273 1193 ᾧ
1293 1121 1606 1184 ἐσαϐϐάτιζε
1636 1125 1725 1193 μεν
1757 1123 1786 1178 ἠ
1820 1128 1913 1191 γῆ,

313 1221 482 1286 χρεῶν
532 1209 591 1266 δε
633 1214 768 1271 ἦσαν
827 1211 1110 1279 ἀποκοπαὶ,
1163 1209 1402 1272 δουλείας
1469 1209 1768 1281 ἀπαλλαγὴ,
1825 1215 1915 1262 καὶ

313 1307 468 1356 οἱονεὶ
495 1307 600 1363 νέος
629 1303 820 1355 ἄνωθεν
867 1305 1157 1356 καθίστατο
1211 1302 1345 1374 βίος,
1377 1303 1427 1353 ἓν
1479 1309 1551 1371 τῷ
1581 1297 1915 1373 ἐϐδοματικῷ

315 1391 523 1466 ἀριθμῷ
551 1399 642 1444 τοῦ
671 1391 896 1444 παλαιοῦ
933 1396 1124 1468 τρόπον
1153 1394 1271 1444 τινὰ
1305 1395 1399 1448 τὴν
1430 1389 1720 1442 συντέλειαν
1749 1386 1916 1459 δεχο-

314 1484 489 1551 μένου.
523 1486 701 1532 Ταῦτα
731 1477 792 1533 δὲ
828 1483 980 1533 τύποι
1025 1487 1118 1532 τοῦ
1163 1480 1348 1542 αἰῶνος
1375 1481 1584 1545 τούτου,
1617 1478 1668 1538 ὃς
1699 1474 1794 1529 διὰ
1815 1485 1916 1529 τῶν

314 1567 446 1620 ἐπτά
470 1571 675 1641 ἡμερῶν
705 1567 1148 1642 ἀνακυκλούμινος
1197 1571 1336 1641 ἡμᾶς
1378 1571 1703 1642 παρατρέχει
1727 1587 1740 1599 ·
1783 1565 1831 1617 ἐν

309 1662 548 1726 γίνονται
599 1659 654 1708 αἱ
697 1666 798 1709 τῶν
845 1662 1202 1732 μετριωτέρων
1231 1656 1624 1730 ἁμαρτημάτων
1671 1654 1916 1723 ἐκτίσεις,

312 1748 449 1798 κατὰ
475 1751 571 1804 τὴν
601 1745 959 1822 φιλάνθρωπον
1005 1745 1299 1818 ἐπιμέλειαν
1329 1753 1422 1798 τοῦ
1475 1744 1676 1817 ἀγαθοῦ
1721 1748 1918 1797 Δεσπό-

2020 582 2157 639 Νοη
2180 583 2315 639 dico
2365 584 2476 640 tibi
2503 600 2691 656 usque
2727 587 2957 656 septies,
2984 586 3090 644 sed
3117 601 3305 658 usque
3348 592 3688 661 septuagies

2021 672 2232 740 septies
2254 671 2295 725 ⁸.
2329 674 2456 729 Non
2488 673 2649 729 enim
2697 673 2778 730 ad
2824 673 3012 732 alium
3060 691 3387 731 numerum
3418 677 3690 734 transivit

2024 762 2335 827 Dominus,
2384 762 2494 818 sed
2553 765 2963 835 septenarium
3008 763 3449 837 multiplicans,
3494 767 3556 822 in
3586 766 3689 824 illo

2022 851 2276 907 modum
2298 852 2605 909 constituit
2627 855 3025 911 remissionis.
3050 858 3191 911 Post
3213 859 3456 928 septem
3494 872 3690 913 annos

2023 939 2304 996 Hebraeus
2334 940 2702 998 liberabatur
2731 959 2768 1000 a
2807 945 3091 1000 servitute
3109 946 3155 1000 θ.
3184 945 3426 1016 Septem
3459 945 3690 1002 hebdo-

2023 1029 2234 1082 mades
2257 1045 2554 1085 annorum
2579 1031 3036 1088 celeberrimum
3052 1031 3369 1104 jubilaeum
3392 1033 3538 1090 olim
3565 1031 3690 1089 etii-

2022 1116 2343 1187 ciebant'”,
2393 1135 2516 1191 quo
2560 1121 2888 1177 sabbatum
2941 1127 3100 1178 terra
3136 1123 3446 1191 servabat,
3483 1122 3692 1179 debita

2020 1207 2537 1278 rescindebantur,
2569 1210 2724 1266 servi
2771 1210 2835 1267 in
2857 1211 3193 1268 libertatem
3234 1211 3689 1276 asserebantur,

2021 1310 2092 1350 ac
2123 1293 2301 1350 veluti
2329 1312 2551 1352 novum
2576 1297 2651 1352 de
2684 1299 2917 1369 integro
2951 1299 3431 1356 constituebatur
3461 1315 3687 1369 aevum,

2019 1388 2218 1439 vetere
2249 1399 2356 1455 per
2383 1387 2792 1456 septenarium
2825 1403 3152 1444 numerum
3198 1387 3471 1460 quodam
3502 1388 3688 1444 modo

2021 1471 2201 1528 ﬁnem
2229 1473 2578 1545 accipiente.
2625 1477 2759 1532 Haec
2802 1481 3006 1533 autem
3051 1477 3266 1547 ﬁgurae
3307 1480 3480 1534 erant
3504 1477 3690 1548 hujus

2021 1561 2244 1626 saeculi,
2271 1563 2437 1635 quod
2462 1579 2566 1635 per
2596 1569 2827 1637 septem
2860 1565 2988 1621 dies
3017 1565 3362 1622 revolutum
3391 1566 3687 1638 praeterit;

2022 1650 2084 1706 in
2109 1667 2234 1724 quo
2261 1653 2660 1711 mediocrium
2690 1661 3078 1727 peccatorum
3119 1671 3317 1728 paenae
3346 1655 3686 1718 solvuntur,

2023 1741 2360 1798 secundum
2389 1743 2722 1813 benignam
2770 1744 2962 1800 divini
3007 1745 3201 1802 nostri
3233 1745 3466 1801 Domini
3495 1743 3692 1818 provi-

311 1853 429 1902 του,
464 1838 535 1896 ὡς
564 1840 636 1907 μὴ
667 1843 742 1906 τῷ
790 1835 1059 1909 ἁπεροὲντῳ
1084 1835 1234 1888 αἰῶνι
1278 1832 1648 1910 παραδοθῆναι
1686 1837 1824 1906 ἡμᾶς
1852 1833 1918 1894 εἰς

2036 1828 2314 1900 ientiam,
2347 1837 2413 1887 ut
2434 1847 2512 1888 ne
2539 1833 2776 1890 inﬁnito
2809 1833 3034 1890 saeculo
3079 1834 3394 1893 tradamur
3421 1834 3501 1891 ad
3542 1849 3691 1905 sup-

315 1923 553 1979 κόλασιν.
584 1928 654 1978 Τὸ
684 1929 774 1997 μὲν
795 1921 882 1977 οὖν
920 1925 1137 1988 ἑπτάκις
1167 1923 1261 1978 διὰ
1290 1930 1384 1984 τὴν
1431 1928 1562 1998 πρὸς
1605 1926 1692 1976 τὸν
1721 1927 1919 1995 κόσμον

315 2020 501 2066 τοῦτον
531 2019 854 2085 συγγένειαν,
885 2017 956 2075 ὡς
1002 2022 1103 2066 τῶν
1143 2014 1473 2088 φιλοκόσμων
1519 2013 1800 2087 ἀνθρώπων
1829 2011 1917 2064 ἀπ’

318 2103 490 2156 αὐτῶν
512 2103 814 2175 ὀφειλόντων
836 2103 1065 2178 μάλιστα
1095 2105 1442 2178 ζημιοῦσθαι,
1461 2105 1528 2156 ὧν
1549 2105 1708 2157 ἕνεκεν
1729 2102 1920 2155 εἴλοντο

319 2195 698 2265 πονηρεύεσθαι
754 2194 889 2264 (28).
950 2191 1328 2267 Ἐκδικούμενα
1375 2190 1453 2263 δὲ,
1514 2197 1614 2247 εἴτε
1663 2195 1732 2244 τὰ
1777 2194 1921 2264 παρὰ

315 2289 411 2334 τοῦ
440 2285 555 2351 (29)
588 2285 718 2335 Κάὶν
764 2285 1110 2356 ἡμαρτημένα
1136 2282 1324 2354 λέγοις,
1360 2283 1594 2355 εὑρήσεις
1625 2281 1755 2335 ἑπτά
1777 2302 1790 2315 ·
1821 2283 1922 2333 εἴτε

316 2373 384 2422 τα
427 2374 572 2444 παρὰ
607 2378 701 2423 τοῦ
755 2379 938 2445 κριτοῦ
993 2372 1072 2424 ἐπ’
1122 2372 1263 2442 αὐτῷ
1318 2371 1617 2443 ἐπαχθέντα
1665 2370 1797 2439 (30),
1833 2375 1922 2421 καὶ

315 2461 479 2522 οὕτως
501 2460 595 2512 οὐκ
635 2460 893 2533 ἀποτεύξῃ
927 2469 1024 2522 τῆς
1062 2461 1277 2524 ἐννοίας.
1309 2462 1393 2513 Ἐν
1419 2466 1508 2534 μὲν
1531 2459 1620 2514 οὖν
1645 2468 1750 2521 τοῖς
1780 2462 1923 2531 παρά

316 2556 408 2602 τοῦ
441 2552 569 2602 Κάῐν
599 2549 993 2622 τετολμημένοις
1031 2559 1233 2624 πρῶτον
1288 2551 1577 2624 ἁμάρτημα
1625 2553 1808 2623 φθόνος
1838 2549 1923 2600 ἐπὶ

315 2646 378 2710 τῇ
411 2645 735 2710 προτιμώσει
782 2647 874 2692 τοῦ
914 2640 1109 2693 Ἀϐελ·
1163 2638 1402 2714 δεύτερον
1460 2637 1635 2710 δόλος,
1692 2639 1803 2711 μεθ’
1861 2639 1921 2691 οὗ

321 2724 571 2797 διελέχθη
603 2737 676 2799 τῷ
709 2724 936 2800 ἀδελφῷ,
969 2731 1155 2783 εἰπών·
1204 2731 1483 2804 Διέλθωμεν
1516 2731 1586 2792 εἰς
1625 2734 1682 2783 τό
1704 2725 1884 2782 πεδίον
1907 2745 1919 2758 °

321 2820 497 2889 τρίτον
527 2821 697 2887 φόνος,
729 2819 1008 2891 προσθήκη
1057 2826 1149 2872 τοῦ
1203 2828 1366 2873 κακοῦ
1388 2837 1404 2854 ⁶
1435 2827 1695 2893 τέταρτον,
1723 2821 1804 2871 ὅτι
1832 2823 1922 2869 καὶ

325 2901 552 2977 ἀδελφοῦ
608 2911 778 2978 φόνος,
822 2908 1015 2978 μείζων
1043 2911 1074 2966 ἡ
1108 2908 1358 2975 ζέπίτασις
1384 2928 1398 2940 ·
1429 2916 1684 2982 πέμπτον,
1725 2911 1804 2960 ὅτι
1834 2911 1924 2958 καὶ

324 3001 526 3067 πρῶτος
578 2999 773 3066 φονεὺς,
821 2998 848 3048 ό
911 3000 1059 3063 Κάιν,
1114 3004 1337 3072 πονηρὸν
1388 2995 1688 3072 ὑπόδειγμα
1715 3006 1790 3067 τῷ
1822 2995 1924 3068 βίῳ

321 3083 617 3135 καταλιπών
641 3100 660 3117 ο
691 3086 834 3138 ἕκτον
875 3083 1139 3159 ἀδίκημα,
1167 3090 1248 3140 ὅτι
1284 3096 1496 3160 ’γονεῦσι
1528 3090 1712 3150 πένθος
1751 3087 1924 3142 ἐποίη-

2025 1918 2295 1991 plicium.
2319 1921 2470 1976 Illud
2501 1922 2700 1993 igitur,
2732 1926 2968 1994 septies,
2998 1927 3245 1996 propter
3267 1923 3450 1994 hujus
3473 1921 3691 1979 mundi

2026 2024 2299 2066 amorem
2323 2011 2552 2067 dictum
2583 2017 2689 2083 est,
2724 2029 2796 2069 eo
2825 2013 2995 2085 quod
3037 2014 3252 2070 mundi
3282 2017 3586 2069 amatores
3617 2028 3693 2068 ex

2025 2098 2122 2154 his
2133 2098 2394 2156 debeant
2407 2100 2673 2157 maxime
2692 2102 2915 2174 puniri,
2935 2118 3198 2175 quorum
3216 2117 3406 2158 causa
3425 2099 3692 2174 improbi

2026 2202 2158 2243 esse
2183 2188 2519 2245 voluerunt.
2566 2192 2709 2256 Quae
2765 2195 2970 2248 autem
3007 2191 3291 2248 dicuntur
3321 2187 3690 2264 ἓκδικούμενα,

2027 2279 2151 2332 sive
2191 2278 2463 2336 admissa
2508 2295 2545 2336 a
2591 2279 2737 2337 Cain
2766 2281 2938 2353 397
2975 2285 3228 2353 peccata
3255 2281 3576 2352 intelligas,
3603 2280 3692 2336 in-

2027 2367 2233 2422 venies
2253 2372 2482 2440 septem
2506 2385 2520 2424 :
2541 2368 2665 2425 sive
2686 2385 2898 2441 pinnas
2928 2370 3011 2425 illi
3032 2387 3069 2426 a
3088 2371 3292 2441 judice
3313 2370 3688 2439 constitutas,

2027 2471 2104 2511 ne
2135 2455 2218 2512 sic
2247 2456 2495 2529 quidem
2543 2473 2579 2514 a
2621 2459 2917 2515 sententia
2960 2458 3294 2515 aberrabis.
3324 2461 3387 2514 In
3413 2459 3484 2514 iis
3513 2456 3694 2528 igitur

2027 2562 2166 2619 quae
2193 2546 2336 2602 Cain
2380 2549 2762 2621 perpetravit,
2791 2549 3060 2621 primum
3097 2552 3439 2622 peccatum,
3465 2546 3696 2603 invidia

2026 2635 2109 2692 ob
2138 2636 2452 2708 praelatum
2483 2638 2730 2695 Abelem
2756 2658 2768 2694 :
2795 2639 3156 2707 secundum,
3176 2639 3378 2706 dolus,
3405 2653 3528 2710 quo
3549 2636 3693 2694 allo-

2029 2730 2200 2782 cutus
2237 2730 2330 2781 est
2372 2726 2639 2792 fratrem,
2687 2727 2917 2794 dicens,
2977 2729 3379 2786 Transeamus
3422 2729 3487 2783 in
3525 2742 3688 2784 cam-

2023 2817 2225 2884 pum“
2254 2831 2267 2879 ;
2301 2815 2563 2879 tertium,
2599 2815 2813 2877 credes.
2849 2815 2994 2873 mali
3035 2817 3346 2886 accessio;
3378 2821 3689 2889 quartum,

2028 2904 2212 2960 etiam
2240 2903 2438 2959 fratris
2467 2905 2680 2971 caedes,
2720 2905 3004 2962 intentior
3031 2905 3352 2978 iniquitas;
3384 2905 3687 2977 quintum,

2029 2993 2194 3065 quod
2244 2993 2479 3065 primus
2523 2994 2831 3050 homicida
2863 2995 3028 3063 Cain,
3061 2994 3292 3052 malum
3341 2992 3690 3066 exemplum

2033 3081 2257 3138 saeculo
2276 3083 2657 3156 relinquens;
2710 3089 2969 3148 sextum,
3006 3084 3175 3157 quod
3223 3083 3576 3156 parentibus
3604 3082 3691 3139 lu-

326 3190 410 3224 σεν
461 3172 610 3240 (31)·
662 3171 886 3247 ἕϐδομον
920 3217 933 3241 ,
1011 3179 1092 3229 ὅτι
1139 3185 1254 3246 Θεῷ
1303 3177 1560 3248 ἐψεύσατο
1589 3199 1600 3211 ·
1650 3176 1923 3250 ἐρωτηθεὶς

2036 3175 2194 3227 ctum
2224 3173 2476 3227 incussit
2502 3190 2515 3238 ;
2550 3172 2896 3244 septimum.
2919 3172 3088 3246 quod
3119 3175 3238 3229 Deo
3265 3172 3547 3228 mentitus
3569 3176 3690 3238 est;

320 3265 440 3335 γὰρ,
472 3267 580 3314 Ποῦ
609 3262 765 3317 Ἅϐελ
794 3266 820 3316 ό
851 3261 1068 3338 ἁδελφός
1103 3285 1199 3319 σου
1223 3281 1236 3330 ;
1273 3264 1428 3335 εἶπεν,
1454 3267 1565 3319 Οὐκ
1591 3263 1738 3322 οἶδα.
1762 3265 1925 3319 Ἑπτὰ

320 3347 410 3402 οὖν
440 3353 505 3402 τὰ
535 3348 878 3426 ἐκδικούμενα
931 3355 1211 3428 παρελύετο
1242 3355 1290 3408 ἐν
1341 3364 1412 3425 τῷ
1464 3355 1799 3428 ἀναιρεθῆναι
1837 3359 1926 3406 τὸν

325 3442 474 3491 Κάῖν.
510 3438 722 3499 Ἐπειδὴ
752 3444 855 3514 γὰρ
887 3439 1021 3496 εἶπεν
1077 3446 1105 3495 ό
1151 3448 1356 3519 Κύριος,
1405 3447 1485 3497 ὅτι
1517 3445 1924 3515 Ἐπικατάρατος

321 3532 354 3586 ὴ
382 3536 474 3600 γῆ,
529 3531 557 3587 ἦ
615 3533 770 3600 ἓχανε
820 3529 1075 3594 δέξασθαι
1125 3538 1183 3586 τό
1230 3535 1362 3606 αἷμα
1405 3543 1498 3586 τοῦ
1528 3532 1754 3604 ἀδελφοῦ
1788 3552 1884 3585 σου
1911 3552 1921 3562 ·

321 3625 433 3684 καὶ,
494 3625 681 3671 Στένων
724 3625 813 3672 καὶ
866 3626 1064 3695 τρέμων
1127 3625 1221 3696 ἔσῃ
1271 3623 1353 3676 ἐπὶ
1389 3630 1486 3684 τῆς
1532 3632 1632 3694 γῆς
1662 3644 1674 3656 ⁸
1719 3626 1745 3674 ὁ
1798 3626 1927 3675 Κάίν

323 3711 482 3777 φησίν
502 3728 514 3740 ·
547 3708 607 3761 Εἰ
636 3707 898 3771 ἐκϐάλλεις
936 3730 998 3782 με
1044 3715 1270 3786 σήμερον
1302 3711 1404 3765 ἀπὸ
1433 3721 1522 3773 τῆς
1552 3721 1648 3783 γῆς
1679 3713 1808 3779 (32),
1842 3716 1928 3763 καὶ

329 3795 429 3846 ἀπὸ
458 3803 549 3848 τοῦ
577 3803 862 3871 προσώπου
898 3817 992 3851 σου
1013 3799 1371 3874 κρυϐήσομαι,
1403 3807 1492 3854 και
1523 3805 1711 3874 ἔσομαι
1741 3806 1928 3853 στένων

328 3889 418 3935 καὶ
446 3891 640 3958 τρέμων
664 3886 748 3938 ἐπὶ
775 3897 865 3948 τῆς
892 3896 995 3958 γῆς
1018 3905 1031 3918 ’
1061 3894 1148 3940 καὶ
1173 3895 1270 3949 πᾶς
1295 3892 1322 3940 ό
1347 3891 1602 3964 εὑρίσκων
1625 3910 1687 3963 με
1714 3890 1929 3942 ἀποκτε-

327 3982 402 4026 νεῖ
429 3993 510 4046 με.
543 3978 678 4048 Πρὸς
710 3973 771 4028 δὲ
794 3984 948 4028 τοῦτο
985 3980 1012 4028 ό
1047 3983 1237 4051 Κύριός
1269 3998 1454 4050 φησιν·
1491 3981 1615 4051 Οὐχ
1634 3984 1770 4032 οὕτω
1791 3996 1804 4009 '
1827 3987 1930 4039 πᾶς

328 4066 354 4114 ό
383 4062 688 4125 ἀποκτείνας
714 4067 841 4118 Κοίῐν
867 4067 996 4118 ἑπτὰ
1017 4063 1361 4140 ἐκδικούμενα
1377 4069 1687 4140 παραλύσει.
1714 4066 1926 4127 Ἐπειδὴ

325 4156 430 4224 γὰρ
470 4153 701 4226 ἐνόμισεν
746 4154 998 4216 εὐάλωτος
1033 4152 1163 4208 εἶναι
1191 4163 1347 4209 παντὶ
1387 4160 1412 4209 ό
1449 4159 1597 4225 Κάιν,
1627 4155 1721 4210 διὰ
1751 4163 1809 4208 τό
1836 4165 1930 4215 τὴν

327 4243 413 4293 ἐπὶ
442 4251 534 4302 τῆς
558 4250 656 4313 γῆς
688 4244 799 4312 (33)
831 4242 1113 4315 ἀσφάλειαν
1142 4251 1211 4316 μὴ
1241 4249 1384 4317 ἔχειν
1412 4247 1806 4321 (ἐπικατάρατος
1829 4251 1930 4321 ’γὰρ

330 4332 356 4386 ἡ
393 4337 456 4400 γῆ
491 4330 579 4384 ἀπ’
602 4332 806 4400 αὐτοῦς,
832 4338 922 4386 καὶ
960 4342 1054 4396 τῆς
1105 4333 1207 4387 ἀπὸ
1239 4343 1374 4388 Θεοῦ
1403 4335 1654 4409 βοηθείας
1682 4340 1930 4411 ἠρημῶσ-

329 4421 438 4480 θαι,
479 4421 808 4494 ὀργισθέντος
864 4422 1005 4493 αὐτῷ
1059 4423 1144 4476 ἐπὶ
1188 4433 1259 4494 τῷ
1321 4430 1475 4497 φόνῳ,
1526 4429 1591 4485 ὡς
1641 4428 1760 4479 οὔτε
1826 4425 1928 4478 ἀπὸ

2032 3261 2433 3330 interrogatus
2456 3262 2663 3316 enim:
2706 3263 2818 3319 Ubi
2865 3263 3016 3318 Abel
3059 3264 3266 3332 frater
3312 3265 3499 3318 tuus?
3543 3259 3696 3316 dixit

2035 3350 2246 3406 Nescio
2267 3352 2331 3405 ¹².
2367 3353 2606 3422 Septem
2626 3350 2806 3421 igitur
2834 3348 3180 3424 ἑκδικούμενα
3203 3349 3695 3408 dissolvebantur

2033 3438 2094 3493 in
2143 3439 2310 3494 Caini
2352 3455 2519 3494 nece.
2577 3441 2728 3496 Cum
2775 3441 2938 3496 enim
2983 3439 3234 3496 dixisset
3265 3440 3319 3495 ei
3359 3438 3689 3496 Dominus:

2034 3527 2364 3584 Maledicta
2394 3535 2580 3597 terra,
2614 3545 2748 3600 qua?
2801 3533 3042 3599 aperuit
3094 3545 3157 3586 os
3203 3546 3376 3587 suum
3424 3531 3696 3599 accipere

2035 3621 2389 3687 sanguinem
2416 3619 2634 3688 fratris
2661 3623 2790 3684 tui;
2823 3623 2880 3675 et
2909 3635 2921 3674 :
2957 3620 3203 3676 Gemens
3227 3626 3282 3676 et
3309 3625 3559 3676 tremens
3579 3618 3697 3675 eris

2035 3723 2217 3776 super
2245 3715 2513 3778 terram;
2560 3707 2708 3764 dixit
2761 3707 2950 3765 Cain:
2984 3708 3049 3764 Si
3077 3710 3244 3779 ejicis
3273 3723 3366 3765 me
3412 3707 3586 3765 hodie
3622 3705 3696 3763 de

2038 3802 2224 3861 terra,
2258 3804 2315 3852 et
2340 3812 2378 3852 a
2399 3798 2560 3866 facie
2606 3804 2712 3854 tua
2749 3797 3109 3865 abscondar,
3137 3804 3193 3854 et
3231 3812 3332 3854 ero
3378 3811 3614 3866 gemens
3639 3803 3695 3850 et

2038 3893 2297 3942 tremens
2320 3901 2504 3956 super
2529 3892 2757 3943 terram
2782 3905 2796 3954 ;
2830 3891 2884 3944 et
2908 3889 3099 3943 omnis
3127 3888 3232 3960 qui
3257 3888 3551 3943 invenerit
3580 3899 3693 3952 me,

2037 3977 2266 4032 occidet
2312 3992 2423 4031 me.
2475 3977 2565 4032 Ad
2612 3976 2726 4032 hoc
2785 3981 2989 4054 autem
3014 3977 3163 4033 dixit
3192 3975 3482 4033 Dominus
3511 3992 3524 4029 :
3556 3975 3694 4031 Non

2039 4068 2120 4120 sic
2146 4081 2168 4120 .'
2196 4067 2301 4137 qui
2338 4067 2614 4122 occiderit
2660 4067 2836 4129 Cain,
2883 4071 3104 4136 septem
3155 4066 3456 4123 vindictas
3505 4065 3694 4121 exsat-

2038 4157 2212 4211 vet's.
2249 4156 2546 4220 Quoniam
2603 4157 2766 4213 enim
2829 4155 3082 4212 credidit
3131 4156 3277 4213 Cain
3329 4170 3393 4212 se
3441 4153 3612 4211 facile
3658 4168 3696 4209 a

2036 4245 2309 4317 quolibet
2334 4250 2581 4318 captum
2629 4246 2721 4312 iri,
2752 4261 2825 4302 eo
2870 4246 3039 4319 quod
3078 4246 3461 4302 securitatem
3514 4257 3698 4315 super

2037 4343 2262 4392 terram
2290 4351 2411 4391 non
2441 4336 2688 4392 haberet
2708 4335 3054 4407 (maledicta
3081 4336 3245 4392 enim
3267 4341 3424 4392 terra
3453 4338 3699 4406 propter

2038 4424 2230 4487 illum)
2261 4429 2318 4480 et
2345 4441 2381 4481 a
2411 4426 2510 4480 Dei
2541 4425 2764 4481 auxilio
2788 4425 3060 4481 desertus
3083 4429 3264 4490 esset,
3292 4422 3396 4496 qui
3422 4423 3477 4478 ei
3505 4422 3695 4478 iratus

328 4515 464 4576 γῆς,
513 4514 630 4564 οὔτε
687 4511 775 4562 ἀπ’
833 4511 1054 4585 οὐρανοῦ
1119 4512 1439 4582 ἀντιλήψεως
1505 4516 1644 4585 αὐτῷ
1694 4516 1923 4588 λειπομέ-

2039 4521 2165 4570 erat
2207 4515 2287 4569 ob
2331 4514 2597 4580 caedem;
2629 4519 2693 4569 ut
2742 4529 2940 4585 neque
2970 4528 3002 4567 e
3041 4515 3218 4577 terra,
3248 4527 3447 4584 neque
3480 4527 3512 4566 e
3542 4510 3695 4566 coelo

327 4615 415 4656 νης
439 4614 450 4625 ‘
479 4597 685 4669 Ἐσται,
715 4605 866 4670 φησὶ,
895 4606 994 4662 πᾶς
1043 4601 1070 4652 ό
1114 4602 1368 4674 εὑρίσκων
1413 4623 1494 4674 με,
1531 4603 1798 4656 ἀποκτενεῖ
1823 4624 1884 4674 με
1913 4627 1922 4637 ·

402 4778 423 4811 ⁸
456 4778 662 4835 Matth.
694 4794 847 4850 ιιι-ιιι,
879 4783 972 4844 2t,
997 4782 1088 4837 22.

331 4853 414 4916 14,
448 4853 529 4904 l5.

1166 4781 1186 4813 θ
1219 4781 1385 4836 Deut.
1423 4796 1518 4848 xv,
1554 4785 1634 4835 12.

327 5027 495 5086 deest
520 5029 581 5085 in
613 5029 805 5087 tribus
829 5029 1252 5086 vetustissimis
1284 5029 1599 5087 codicibus
1624 5049 1636 5086 :
1665 5029 1833 5086 deest
1850 5045 1938 5087 se-

331 5116 527 5173 quens
543 5101 817 5173 "verbum
833 5102 894 5156 in
919 5100 1194 5173 pluribus
1217 5101 1672 5158 recentioribus.
1706 5100 1936 5158 ibidem

333 5169 451 5245 (res
479 5171 663 5245 iidem
687 5169 938 5245 codices
973 5169 1194 5245 ἁδελφός
1239 5192 1360 5244 μον.
1396 5175 1607 5229 Deerat
1630 5174 1844 5230 vocula
1873 5173 1935 5229 in

336 5243 467 5300 aliis
497 5248 552 5301 et
579 5244 641 5300 in
666 5244 864 5301 editis.

407 5313 1173 5391 (_28)_novrzpswiao"0_ut._Editi_
1312 5318 1712 5391 πονηρεύεσθαι.
1766 5315 1939 5370 Deest

335 5386 626 5459 articulus
659 5386 722 5443 in
770 5386 1082 5442 codicibus
1130 5386 1311 5453 Harl.,
1345 5386 1519 5443 Cois].
1575 5395 1828 5459 utroque
1880 5391 1938 5441 et

337 5456 578 5512 duobus
602 5459 818 5528 Regiis.

337 5530 523 5667 prta?)
552 5527 840 5600 Πειρατοῦ.
879 5531 964 5586 Ita
993 5528 1172 5594 “811.,
1208 5527 1380 5584 Coisl.
1415 5533 1666 5600 uterque
1694 5534 1751 5585 et
1795 5532 1931 5599 Reg.

411 5613 428 5650 1
498 5613 589 5654 us.

411 5613 589 5654 imus.

1718 4781 1762 4814 ¹θ
1805 4782 1939 4837 Lev.
1973 4797 2103 4850 xxv,
2144 4786 2224 4836 10.

2036 4604 2236 4659 relicta
2263 4603 2341 4658 illi
2381 4618 2496 4675 ope
2529 4619 2542 4659 :
2579 4604 2738 4672 Erit,
2774 4603 2992 4676 inquit,
3022 4605 3214 4660 omnis
3243 4604 3349 4674 qui
3397 4602 3694 4658 invenerit

2309 4784 2347 4816 ¹¹
2383 4781 2527 4838 Gen.
2566 4798 2641 4848 IV,
2671 4783 2722 4836 8.
2824 4781 2868 4814 "
2897 4776 3044 4838 ibid.
3077 4782 3130 4835 9.
3227 4778 3274 4814 ¹³
3303 4776 3447 4836 ibid.
3489 4783 3572 4846 11,
3610 4781 3695 4843 t2,

2115 5034 2229 5099 (30)
2261 5030 2613 5101 Ἐπαχθέντα,
2661 5029 2756 5086 Sic
2814 5029 2932 5085 tres
2977 5027 3366 5086 vetustissimi
3428 5028 3696 5087 codices.

2213 5103 2520 5195 Χὁρὲσθεντα.

2115 5176 2229 5243 (3t)
2253 5169 2552 5244 Ἐποίησεν,
2587 5173 2680 5244 ita
2729 5169 2908 5234 Harl.,
2938 5170 3113 5244 Cois].
3143 5177 3396 5244 uterque
3425 5174 3482 5228 et
3535 5186 3698 5228 unus

2043 5241 2364 5316 ex'Regiis.
2399 5243 2547 5316 Editi
2579 5241 2891 5316 ἐνεποίησεν.
2937 5242 3165 5298 Ibidem
3195 5241 3549 5316 eorumdem
3580 5257 3697 5316 co—

2042 5313 2260 5458 dicunt;
2266 5315 2612 5371 auctoritate
2632 5314 3091 5370 emendavimus
3111 5315 3279 5388 quod
3300 5320 3426 5370 erat
3442 5314 3506 5368 in
3526 5313 3700 5369 editis

2046 5392 2174 5441 Θεὸν
2200 5407 2219 5438 ε
2268 5391 2476 5441 εύσατο.

2046 5392 2174 5441 Θεὸν
2200 5391 2476 5441 ἐψεύσατο.

2115 5455 2486 5530 (3’2)’“Απὸγτῆς
2514 5466 2630 5528 γῆς.
2656 5461 2738 5530 Ita
2761 5461 2879 5513 tres
2902 5456 3283 5513 vetustissimi
3298 5455 3534 5512 codices
3557 5468 3696 5509 cum

2045 5527 2320 5614 pluribus
2346 5529 2497 5614 aliis.
2523 5527 3118 5614 Εόὶῐὶηᾲπο-προσωπου
3149 5536 3237 5587 τῆς
3264 5535 3385 5614 ’γῇςέ

2117 5604 2229 5671 (33)
2261 5601 2375 5654 Ἐπὶ
2401 5610 2490 5661 τῆς
2515 5609 2632 5671 γῆς.
2665 5600 2757 5656 Sic
2783 5593 2956 5657 Coisl.
2998 5600 3231 5671 primus
3268 5593 3326 5652 et
3365 5593 3518 5650 Harl.
3543 5596 3700 5661 Qua-

2048 5679 2181 5729 tuor
2209 5672 2308 5728 alii
2337 5673 2391 5724 ἐκ
2420 5681 2513 5733 τῆς
2541 5681 2607 5743 γῆ
2621 5693 2660 5733 ς.
2695 5672 2845 5728 Editi
2874 5671 2976 5724 ἀπὸ
3007 5679 3101 5729 τῆς
3129 5677 3250 5741 γῆς.
