4148 6418
474 344 582 402 959

1827 343 1884 400 S.
1936 340 2184 400 BASlLll
2222 340 2440 400 MAGNI

3736 342 3866 398 960

475 482 586 541 me,
614 466 842 526 occidet
864 480 978 525 me.
1015 467 1289 540 Arguens
1334 465 1493 525 illius
1522 479 1786 525 errorem
1826 466 2130 540 Scriptura

2246 463 2442 537 ἰλέγχει
2470 462 2579 536 (34)
2603 461 2764 517 αὐτοῦ
2781 465 2840 517 τὸ
2864 462 3076 537 σφάλμα
3100 462 3126 518 ό
3155 461 3304 536 λόγος
3323 461 3500 535 λέγων,
3525 460 3650 535 Οὐχ
3678 464 3858 532 οὕτω,

476 554 638 628 dicit,
667 556 808 612 Non
834 555 938 625 sic,
972 554 1035 612 id
1055 560 1167 627 est,
1198 570 1324 614 non
1343 555 1655 614 occideris.
1681 557 1938 612 Lucrum
1968 556 2130 612 enim

475 661 644 704 mors
670 649 758 703 est
777 645 870 702 his
897 644 1000 718 qui
1020 645 1372 718 puniuntur,
1395 645 1760 703 solutionem
1781 643 2036 703 aﬂ‘erens
2056 660 2130 702 ex

478 734 788 792 molestiis.
823 734 938 792 Sed
967 733 1316 807 produceris
1373 735 1436 791 in
1481 734 1626 804 vita,
1658 739 1724 790 ut
1752 749 1861 807 pro
1903 733 2132 790 meritis

476 828 863 899 peccatorum
891 825 1300 898 rependentur
1347 823 1455 882 tibi
1484 823 1800 898 supplicia.
1834 823 2132 890 Quoniam

477 913 658 984 igitur
685 912 834 970 illud
875 909 1242 987 ἓκδικούμενον
1291 912 1517 986 duplici
1545 929 1727 970 sensu
1763 912 2131 984 intelligitur,

477 1017 698 1076 nempe
727 1006 1068 1075 peccatum,
1089 1002 1186 1060 cui
1212 1001 1476 1060 vindicta
1503 1002 1809 1075 inﬂigitur,
1833 1006 1887 1060 et
1907 1001 2132 1060 modus

479 1091 775 1166 supplicii,
806 1107 914 1164 per
941 1091 1108 1165 quod
1127 1091 1397 1149 vindicta
1421 1111 1435 1162 ;
1457 1092 1777 1150 videamus
1806 1107 1885 1150 an
1902 1095 2133 1165 septem

481 1179 918 1253 suppliciorum
961 1179 1131 1239 modi
1175 1180 1384 1239 inflicti
1437 1181 1659 1240 fuerint
1712 1181 1788 1249 ei,
1819 1181 1925 1254 qui
1973 1180 2133 1238 male

476 1269 720 1328 fecerat.

547 1360 602 1414 ι.
633 1359 872 1431 Septem
892 1357 1141 1432 quidem
1151 1361 1400 1434 peccata
1421 1359 1586 1416 Caini
1598 1358 1872 1434 superior
1891 1374 2134 1418 enume-

475 1446 633 1506 ravit
659 1447 871 1506 oratio.
916 1451 1084 1506 Nunc
1135 1452 1338 1506 autem
1389 1449 1716 1522 quaerimus
1759 1465 1839 1506 an
1887 1452 2138 1522 septena

477 1535 614 1608 sint,
643 1551 782 1609 qua;
829 1536 946 1610 ipsi
992 1537 1074 1594 ad
1115 1536 1484 1610 supplicium
1523 1537 1888 1606 inferuntur;
1921 1553 1993 1594 ac
2048 1537 2136 1594 sic

479 1623 857 1682 disserimus.
886 1627 1276 1696 Interrogavit
1302 1626 1593 1684 Dominus
1617 1627 1660 1664 ιι
1695 1645 1708 1684 :
1740 1628 1852 1685 Ubi
1872 1630 1956 1684 est
1982 1627 2138 1684 Abel

473 1714 681 1785 frater
699 1718 839 1771 tuus
858 1717 887 1772 ?
914 1716 1081 1788 quod
1101 1715 1352 1789 quidem
1381 1731 1506 1774 non
1525 1716 1754 1774 discere
1782 1717 2014 1787 volens,
2031 1715 2139 1773 sed

2236 557 2528 620 τουτέστιν,
2569 551 2663 606 οὐκ
2693 552 3034 628 ἀναιρεθήση.
3089 548 3287 626 Κίρδος
3314 553 3417 625 γὰρ
3473 557 3583 614 τοῖς
3612 549 3862 613 κολαζο-

2237 647 2411 718 μένοις
2435 644 2462 696 ό
2493 645 2727 714 θάνατος,
2748 640 3052 714 ἀπαλλαγήν
3076 647 3237 716 φέρων
3261 649 3361 694 τῶν
3389 641 3655 715 λυπηρῶν.
3686 641 3863 695 Ἀλλὰ

2237 734 2591 807 παραταθήση
2629 740 2702 804 τῷ
2743 730 2867 805 βίῳ,
2901 733 2984 784 ἱνα
3007 731 3123 785 κατ’
3153 729 3302 795 ἀξίαν
3327 739 3426 784 τῶν
3462 732 3860 804 ἡμαρτημένων

2241 823 2590 896 ἀντιμετρηθῇ
2643 840 2725 874 σοι
2754 823 2821 874 τὰ
2867 820 3214 894 κολαστήρια,
3248 816 3462 878 Ἐπειδὴ
3513 816 3573 873 δὲ
3609 823 3669 873 τό
3702 816 3862 873 ἐκδι-

2241 914 2486 984 κούμενον
2530 907 2700 983 διχῶς
2750 916 2964 978 νοεῖται,
3008 913 3067 962 τό
3124 928 3179 963 τε
3225 908 3544 982 ἁμαρτηθεν,
3600 908 3677 981 ἐφ’
3719 910 3761 978 ᾧ
3813 911 3853 969 ἠ

2240 997 2542 1068 ἐκδίκησις,
2573 1004 2665 1053 καὶ
2693 1001 2720 1053 6
2773 1002 2961 1075 τρόπος
2991 1007 3088 1062 τῆς
3115 998 3397 1067 κολάσεως,
3427 994 3484 1052 δι
3514 998 3576 1051 οὗ
3627 999 3659 1057 ἡ
3692 997 3858 1053 ἐκδί-

2240 1105 2430 1151 κησις·
2479 1085 2677 1163 ἴδωμεν
2725 1088 2770 1143 εἰ
2819 1087 2948 1142 ἑπτὰ
2983 1092 3170 1163 τρόποι
3219 1086 3656 1162 βασανιστηρίων
3712 1087 3856 1149 ἐπη-

2241 1181 2510 1252 νέχθησαν
2539 1179 2653 1250 (35)
2680 1185 2754 1250 τῷ
2782 1181 3242 1254 πονηρευσαμένῳ.

2313 1359 2368 1416 4.
2425 1359 2504 1412 Τὰ
2568 1358 2661 1429 μὲν
2722 1352 2812 1410 οὖν
2866 1355 2998 1410 ἑπτὰ
3042 1354 3397 1432 ἁμαρτήματα
3453 1361 3549 1409 τοῦ
3611 1356 3742 1410 Κάῐν
3799 1355 3855 1408 ἐν

2241 1453 2346 1509 τοῖς
2363 1451 2584 1500 κατόπιν
2614 1446 2641 1499 6
2689 1444 2837 1517 λόγος
2867 1443 3299 1520 ἀπηριθμήσατο.
3332 1451 3440 1498 Νῦν
3481 1440 3542 1499 δὲ
3596 1448 3860 1518 ζητοῦμεν

2245 1538 2289 1590 εἰ
2339 1536 2469 1590 ἑπτά
2518 1533 2630 1589 ἔστι
2684 1538 2752 1589 τὰ
2796 1534 2870 1598 εἰς
2923 1533 3139 1588 κόλασιν
3188 1533 3330 1606 αὐτῷ
3387 1533 3704 1608 ἐπαγόμεναι,
3759 1538 3861 1587 καί

2246 1645 2409 1699 φαμεν
2436 1625 2601 1687 οὕτως
2651 1624 2782 1696 (36).
2830 1625 2978 1678 Μετὰ
3022 1627 3116 1682 τήν
3146 1630 3332 1676 πεῦσιν
3361 1631 3455 1676 τοῦ
3487 1628 3710 1697 Κυρίου,
3739 1629 3860 1677 Ποῦ

2247 1714 2404 1770 ’Ἅϐελ
2453 1715 2480 1768 6
2530 1711 2750 1787 ἁδελφός
2795 1732 2935 1782 σου;
2993 1715 3057 1774 ἣν
3111 1713 3243 1786 οὐχὶ
3278 1715 3462 1788 μαθεῖν
3517 1713 3860 1788 βουλόμενος,

479 1804 849 1876 paenitentiae
895 1803 980 1862 illi
1034 1805 1417 1862 occasionem
1481 1805 1781 1880 praebens,
1839 1807 2135 1878 benignus

2249 1803 2377 1857 ἀλλὰ
2405 1808 2681 1878 μετανοίας
2709 1802 2848 1875 αὐτῷ
2901 1801 3138 1877 ἀφορμήν
3177 1807 3556 1878 παρεχόμενος,
3599 1804 3626 1856 ό
3676 1803 3862 1876 φιλάνο

482 1891 773 1950 Dominus
809 1893 1104 1967 quaesivit,
1164 1897 1230 1951 ut
1277 1894 1700 1952 demonstrant
1750 1895 1885 1968 ipsa
1928 1895 2136 1956 verba.

480 1982 808 2052 Postquam
837 1981 1000 2038 enim
1038 1981 1284 2052 negavit
1326 1982 1444 2055 ille,
1477 1982 1594 2040 cito
1641 1985 1858 2055 arguit,
1889 1983 2137 2042 dicens:

481 2069 608 2125 Vox
636 2070 954 2139 sanguinis
993 2071 1216 2140 fratris
1266 2071 1361 2127 tui
1404 2071 1630 2129 clamat
1668 2072 1752 2129 ad
1784 2087 1894 2130 me.
1946 2074 2142 2139 Quare

481 2156 651 2227 illud,
674 2157 786 2216 Ubi
803 2159 949 2215 estA
961 2159 1053 2217 bet
1070 2160 1424 2231 fratertuus
1441 2160 1469 2216 ‘I
1494 2162 1878 2218 occasionem
1891 2162 1942 2218 ei
1955 2161 2144 2220 dabat

481 2245 890 2319 persentiendi
911 2247 1164 2320 peccati,
1196 2263 1320 2305 non
1347 2250 1467 2306 Deo
1496 2249 1904 2320 cognitionem
1931 2249 2142 2308 affere-

479 2334 606 2393 bat.
641 2338 793 2393 Nam
826 2336 876 2392 si
918 2336 1210 2394 caruisset
1238 2337 1606 2410 inspectione
1632 2339 1756 2409 Dei,
1787 2343 2143 2412 praetextum

479 2423 815 2497 habuisset,
850 2429 917 2482 ut
942 2425 1282 2494 derelictus,
1331 2442 1444 2485 nec
1491 2427 1613 2485 ullo
1640 2428 1966 2487 instructus
1995 2445 2149 2503 pree-

481 2513 636 2571 sidio
690 2514 769 2570 ad
825 2515 1264 2588 paenitentiam.
1310 2519 1478 2574 Nunc
1532 2520 1735 2574 autem
1784 2519 2067 2592 apparuit
2092 2503 2146 2575 ei

481 2602 776 2669 medicus,
800 2608 867 2661 ut
893 2603 974 2661 ad
999 2621 1141 2661 eum
1169 2610 1432 2677 aegrotus
1462 2606 1793 2677 confugiat.
1816 2607 1915 2663 llle
1940 2613 2145 2665 autem

480 2707 606 2749 non
632 2691 818 2750 modo
842 2693 1021 2768 398
1046 2694 1367 2752 abscondit
1396 2694 1591 2766 ulcus,
1631 2696 1739 2752 sed
1769 2696 1935 2754 aliud
1973 2697 2143 2755 insu-

479 2795 590 2854 per
635 2782 832 2848 efficit,
864 2783 1015 2840 caedi
1061 2784 1452 2841 mendacium
1501 2785 1868 2856 adjungens,
1895 2787 2135 2844 Nescio.

477 2871 641 2928 Num
669 2877 862 2930 custos
887 2874 1114 2944 fratris
1138 2874 1256 2932 mei
1289 2889 1423 2931 sum
1454 2890 1560 2947 ego
1582 2879 1607 2930 .9
1653 2875 1799 2932 Inde
1838 2876 1968 2948 jam
1995 2892 2144 2932 cnu-

479 2975 648 3017 mera
667 2961 983 3034 supplicia.
1014 2963 1340 3021 Maledicta
1364 2969 1530 3020 terra
1558 2971 1810 3034 propter
1838 2971 1912 3022 te.
1947 2967 2143 3023 Unum

479 3050 862 3123 supplicium.
890 3051 1245 3122 Operaberis
1278 3058 1527 3110 terram.
1550 3051 1726 3110 Aliud
1750 3054 2120 3128 supplicium

2251 1895 2454 1968 θρωπος
2506 1895 2774 1955 Δεσπότης
2837 1896 3173 1966 προσήγαγεν
3206 1935 3222 1961 ,
3285 1895 3356 1955 ὡς
3404 1889 3560 1951 δηλοί
3604 1891 3742 1946 αὗτὰ
3786 1894 3865 1946 16:

2247 1983 2482 2058 ῥήματα.
2544 1983 2930 2056 Ἀρνησαμίνου
2993 1984 3095 2056 γὰρ
3147 1979 3328 2052 αὐτοῦ,
3399 1986 3572 2054 ταχὺν
3625 1988 3867 2036 ποιεῖται

2249 2076 2337 2127 τόν
2393 2071 2632 2145 ἔλεγχον,
2690 2071 2873 2124 εἰπών’
2930 2075 3074 2129 Φωνὴ
3126 2071 3348 2142 αἵματος
3376 2078 3470 2126 τοῦ
3500 2067 3725 2144 ἀδελφοῦ
3757 2091 3864 2125 σου

2253 2161 2359 2237 βοᾷ
2420 2166 2552 2236 πρὸς
2598 2165 2680 2234 μέ.
2711 2159 2870 2214 Ὠστε
2915 2162 2998 2228 τό,
3039 2167 3148 2214 Ποῦ
3177 2159 3335 2214 ’Ἀϐελ
3382 2161 3410 2214 6
3468 2157 3688 2234 ἁδελφός
3721 2176 3863 2229 σου;

2252 2254 2428 2324 ἐκείνῳ
2457 2249 2695 2326 ἀφορμήν
2725 2246 2912 2303 ἐδίδου
2960 2256 3056 2312 τῆς
3114 2251 3505 2312 συναισθήσεως
3545 2257 3639 2304 τοῦ
3686 2251 3870 2324 ἡμαρ-

2253 2345 2498 2414 τημένου,
2539 2340 2598 2393 οὐ
2656 2347 2730 2410 τῷ
2779 2346 2893 2410 Θεῷ
2943 2337 3134 2412 ἐγίνετο
3181 2335 3538 2403 διδασκαλίας
3587 2340 3865 2415 πρόξενον.

2255 2431 2317 2484 Εἰ
2340 2432 2442 2505 γὰρ
2492 2433 2563 2504 μή
2618 2431 2802 2501 ἔτυχεν
2833 2427 3126 2491 ἐπισκοπῆς
3178 2435 3335 2498 Θεοῦ,
3385 2426 3528 2502 εἶχεν
3557 2428 3618 2482 ἂν
3646 2433 3868 2504 πρόφα-

2257 2538 2339 2574 σιν
2370 2522 2435 2581 ὡς
2482 2517 3019 2591 ἐγκαταλελειμμένος,
3050 2521 3142 2570 καὶ
3177 2513 3430 2590 οὐδεμίαν
3477 2517 3646 2571 λαϐὼν
3699 2517 3872 2594 ἀφορ-

2255 2612 2358 2684 μήν
2417 2608 2483 2671 εἰς
2530 2611 2824 2682 μετάνοιαν.
2865 2614 2973 2661 Νῦν
3013 2605 3074 2661 δὲ
3121 2607 3342 2680 ἐπεφάνη
3396 2608 3541 2680 αὐτῷ
3579 2609 3606 2661 6
3655 2607 3866 2684 ἱατρός,

2255 2701 2339 2752 ἶνα
2365 2700 2647 2774 προσφύγη
2701 2697 2843 2763 αὐτῷ
2873 2698 2986 2769 (37)
3036 2698 3062 2750 6
3101 2695 3349 2753 ἀσθενῶν.
3381 2696 3440 2749 Ὀ
3501 2693 3560 2751 δὲ
3615 2697 3676 2751 οὐ
3705 2703 3874 2770 μόνον

2253 2787 2314 2842 οὐ
2345 2787 2474 2860 (37‘)
2509 2791 2727 2861 κρύπτει
2745 2788 2805 2840 τό
2834 2785 2998 2850 ἕλκος,
3034 2784 3166 2838 ἁλλά
3193 2791 3284 2840 καὶ
3312 2786 3483 2862 ἕτερον
3513 2785 3875 2863 προσεξεργάο

2256 2877 2423 2945 ζεται,
2454 2884 2526 2948 τῷ
2553 2880 2688 2950 φόνῳ
2712 2880 2771 2929 τό
2806 2872 3005 2947 ψεῦδος
3033 2875 3418 2940 ἐπισυνάπτων,
3452 2875 3562 2929 Οὐκ
3586 2873 3738 2934 οἶδα.
3775 2882 3869 2937 Μή

2255 2966 2421 3041 φύλαξ
2465 2973 2558 3019 τοῦ
2616 2962 2843 3038 ἀδελφοῦ
2899 2984 3000 3037 μου
3070 2963 3176 3038 εἰμὶ
3232 2964 3364 3038 ἐγὼς
3435 2965 3694 3020 Ἐντευθεν
3759 2964 3874 3019 λοι-

2254 3075 2350 3110 πον
2405 3053 2616 3130 ἀρίθμει
2678 3055 2791 3126 (38)
2857 3057 2952 3118 τὰς
3019 3058 3296 3128 τιμωρίας.
3349 3055 3765 3129 Ἐπικατάρατος
3831 3056 3866 3115 ἡ

477 3139 815 3198 Necessitas
837 3141 999 3198 enim
1021 3157 1247 3199 arcana
1267 3141 1552 3216 quaedam
1579 3141 1864 3215 imposita
1891 3143 1976 3200 illi
1996 3147 2135 3214 erat,

2257 3152 2322 3216 γῆ
2380 3143 2482 3198 ἀπὸ
2541 3151 2656 3197 σοῦ.
2712 3147 2824 3198 Μία
2872 3142 3110 3207 κόλασις.
3145 3143 3306 3216 Ἐργᾷ
3335 3147 3427 3203 τήν
3471 3151 3593 3217 γῆν.
3641 3148 3873 3218 Δευτέρα

479 3227 559 3285 ad
585 3245 741 3303 opus
771 3231 1151 3302 agriculturae
1176 3245 1425 3302 urgens,
1459 3231 1543 3288 ita
1566 3235 1630 3288 ut
1657 3247 1734 3289 ne
1763 3231 1987 3290 volenti
2017 3233 2144 3307 qui.

476 3316 618 3374 dem
630 3318 1353 3395 1iceretrequiescere,sed
1366 3336 1606 3394 semper
1618 3319 1983 3380 cruciaretur
2000 3338 2143 3380 cum

476 3406 723 3465 inimica
757 3424 868 3466 sua
906 3414 1086 3480 terra,
1107 3424 1298 3484 quam
1328 3408 1716 3468 maledictam
1746 3412 1878 3486 ipse
1919 3411 2034 3469 sibi
2063 3411 2146 3470 fe-

476 3501 658 3566 cerat,
691 3497 967 3571 polluens
989 3514 1125 3556 eam
1150 3498 1415 3557 fraterno
1447 3500 1762 3571 sanguine.
1789 3502 2144 3572 Operaberis

475 3598 620 3655 ergo
651 3591 900 3644 terram.
931 3589 1122 3645 Grave
1157 3587 1547 3660 supplicium,
1573 3604 1712 3644 cum
1742 3589 1835 3660 iis,
1866 3590 1973 3662 qui
2005 3591 2143 3648 odio

473 3673 722 3744 habent,
745 3676 984 3748 degere,
1012 3676 1295 3734 comitem
1316 3676 1542 3734 habere
1563 3677 1826 3748 hostem,
1856 3679 2144 3753 implaca-

471 3762 658 3820 bilem
686 3765 1022 3825 inimicum.
1057 3765 1418 3837 Operaberis
1461 3772 1724 3836 terram;
1773 3767 1889 3825 hoc
1923 3773 2030 3835 est,
2054 3769 2141 3826 in-

475 3856 674 3910 tentus
698 3855 780 3912 ad
817 3871 1004 3929 opera
1033 3854 1442 3927 agriculturae,
1485 3855 1723 3914 nullum
1771 3861 2011 3932 tempus
2051 3874 2140 3915 re-

473 3943 695 4011 mittes,
745 3959 858 4001 nec
911 3949 1086 4002 nocte
1128 3961 1241 4002 nec
1295 3945 1392 4003 die
1440 3946 1674 4004 solutus
1719 3963 1756 4004 a
1801 3947 2134 4019 laboribus,

475 4033 584 4090 sed
607 4032 858 4091 domino
887 4034 1160 4108 quodam
1191 4035 1411 4092 acerbo
1458 4035 1870 4094 molestiorem
1898 4037 2134 4095 habens

474 4135 766 4178 arcanam
790 4123 1232 4188 necessitatem,
1259 4123 1338 4180 ad
1369 4139 1557 4198 opera
1579 4129 1636 4182 te
1663 4125 2031 4183 incitantem.
2053 4127 2136 4183 Et

473 4226 598 4268 non
625 4211 872 4282 adiiciet
909 4215 1061 4271 dare
1101 4214 1387 4272 virtutem
1434 4230 1630 4274 suam.
1663 4218 1857 4289 Atque
1899 4217 2134 4275 etiamsi

2255 3233 2415 3292 αὕτη.
2473 3232 2698 3306 Ἀνάγκη
2756 3234 2858 3306 γὰρ
2903 3252 2984 3296 τις
3030 3231 3258 3308 ἄῤῥητος
3318 3231 3460 3304 αὐτῷ
3528 3233 3865 3302 συνέζευκτο,

2255 3325 2388 3398 πρὸς
2431 3325 2491 3377 16
2539 3325 2686 3399 ἔργον
2742 3329 2840 3385 τῆς
2891 3331 2988 3395 γῆς
3043 3322 3200 3375 αὐτὸν
3250 3325 3666 3394 κατεπείγουσα·
3727 3324 3864 3376 ὥστε

2253 3409 2396 3486 μηδὲ
2451 3411 2749 3486 βουλομένῳ
2789 3410 2930 3484 αὐτῷ
2978 3409 3164 3474 ἐξεῖναι
3222 3409 3606 3481 ἀναπαύεσθαι,
3639 3409 3748 3464 ἀλλ’
3779 3410 3856 3464 ἀεὶ

2253 3502 2408 3554 αὐτόν
2463 3499 3051 3576 προσταλαιπωρεῖσθαι
3088 3507 3150 3572 τῇ
3208 3499 3380 3574 ἐχθρᾲ
3435 3498 3598 3553 αὐτοῦ
3645 3507 3736 3573 γῇ,
3796 3501 3859 3560 ἦν

2252 3589 2633 3666 ἐπικατάρατον
2681 3588 2840 3652 αὐτὸς
2878 3587 3045 3660 ἐαυτῷ
3096 3589 3210 3660 (39)
3255 3589 3490 3656 ἐποίησε,
3547 3591 3740 3663 μιάνας
3765 3588 3861 3641 αὖ-

2249 3684 2344 3739 τὴν
2396 3675 2657 3752 ἀδελφικῷ
2714 3679 2922 3752 αἵματι.
2989 3676 3148 3750 Ἐργᾴ
3222 3673 3310 3730 οὖν
3367 3681 3462 3738 τὴν
3518 3687 3639 3751 γῆν.
3702 3683 3856 3738 Δεινὴ

2247 3773 2496 3844 τιμωρία,
2543 3770 2573 3826 ἡ
2617 3769 2748 3840 μετὰ
2792 3774 2892 3820 τῶν
2944 3769 3237 3840 μισούντων
3290 3762 3552 3840 διαγωγή,
3614 3769 3860 3821 σύνοικον

2246 3861 2389 3931 ἔχειν
2453 3856 2726 3930 πολέμιον,
2770 3857 3042 3909 ἄπαυστον
3088 3855 3280 3932 ἐχθρόν
3338 3859 3474 3929 (40).
3551 3857 3712 3933 Ἐργᾲ
3757 3861 3859 3917 τήν

2245 3956 2384 4020 γῆν·
2433 3952 2692 4015 τουτέστι,
2750 3950 3174 4020 κατατεινόμενος
3221 3953 3332 4010 τοῖς
3372 3949 3544 4022 ἔργοις
3595 3953 3707 4010 τοῖς
3733 3966 3860 4018 γεη-

2242 4044 2493 4107 πονικοῖς,
2549 4032 2738 4090 οὐδένα
2784 4040 2977 4110 χρόνον
3026 4033 3259 4102 ἀνήσεις,
3315 4037 3432 4089 οὔτε
3488 4037 3676 4098 νυκτός
3737 4037 3858 4090 οὔτε

2243 4127 2442 4201 ἡμέρας
2503 4125 2803 4200 ἐκλυόμενος
2869 4125 2926 4179 ἑκ
2961 4133 3059 4178 τῶν
3110 4129 3278 4179 πόνων
3307 4167 3322 4194 ,
3393 4123 3522 4178 ἀλλὰ
3586 4122 3856 4179 δεσπότου

2241 4219 2382 4278 τινός
2431 4223 2620 4292 πικροῦ
2667 4213 3037 4288 χαλεπωτέραν
3078 4217 3216 4288 ἔχων
3270 4219 3366 4274 τήν
3421 4213 3648 4289 ἇρῥητον
3695 4213 3854 4288 ἀνάγ-

473 4298 624 4357 illud
652 4315 777 4358 non
821 4301 1231 4359 intermissum
1287 4319 1444 4376 opus
1501 4303 1764 4376 aliquem
1819 4303 2134 4364 habuisset

2246 4323 2358 4374 κην,
2390 4304 2475 4359 ἐπὶ
2501 4307 2568 4358 τὰ
2616 4307 2744 4380 ἔργα
2790 4322 2848 4358 σε
2878 4300 2912 4358 δ
2919 4307 3271 4380 ιεγείρόυσαν.
3312 4308 3415 4359 Καὶ
3445 4303 3505 4356 οὐ
3547 4305 3852 4377 προσθήσει

472 4387 779 4456 fructum;
825 4389 956 4463 ipse
998 4389 1173 4449 labor
1215 4407 1342 4449 non
1387 4391 1710 4449 mediocris
1752 4392 1966 4451 fuisset
2001 4409 2129 4451 cru-

547 4585 594 4621 “
624 4584 768 4644 Gen.
793 4586 870 4653 iv,
901 4589 933 4644 9
955 4601 1091 4660 sqq.

545 4780 946 4856 (3i)_’Els‘7xu.
992 4780 1144 4856 Editi
1197 4781 1401 4856 ἐλέγχει
1455 4779 1534 4854 δὲ,
1591 4783 1698 4840 sed
1745 4784 1874 4842 haec
1911 4784 2128 4844 vocula

472 4850 648 4925 deest
666 4852 728 4908 in
747 4850 982 4925 septem
1013 4850 1502 4912 codicibus'mss.

541 4924 656 5001 (35)
744 4924 1172 4998 Ἐπηνέχθησαν.
1266 4927 1421 4984 Harl.
1498 4930 1557 4984 et
1634 4925 1811 4984 Cois].
1893 4927 2128 5001 primus

474 4991 813 5065 ἐπήχθησαν.
928 4991 940 4998 ’
954 4991 971 4997 ⁷
1894 4991 1900 5021 τ

546 5068 662 5136 (36)
692 5070 890 5129 Οὕτως.
935 5066 1022 5124 Ita
1068 5070 1184 5124 tres
1234 5069 1622 5127 vetustissimi
1668 5070 1925 5127 codices.
1978 5070 2130 5127 Editi

473 5135 631 5216 οὕτωΖ
663 5138 803 5216 ΜρδῑΔ
843 5138 1056 5216 iid_e_m_
1078 5140 1316 5196 codices
1369 5138 1593 5216 ἁδελφός
1642 5145 1737 5216 σου
1787 5140 1924 5195 ἐστιν
1954 5157 1967 5208 ;
2000 5142 2129 5216 οὐχι

472 5207 675 5279 potest».
706 5210 885 5279 Totus
917 5209 1013 5265 hic
1040 5209 1209 5267 locus
1252 5228 1375 5268 non
1413 5207 1558 5270 satis
1591 5214 1868 5270 astrictus
1907 5207 1996 5269 εει
2026 5207 2128 5270 :id

470 5277 639 5348 quod
671 5278 882 5361 Basilio
904 5295 1348 5361 nonnunquam
1371 5285 1618 5361 accidit;
1643 5301 1787 5361 nam
1821 5289 1884 5361 ut
1914 5284 2128 5341 verbo-

470 5354 1006 5428 rum_constructi_o
1031 5354 1447 5428 perspiciatur,
1474 5357 1845 5428 cogitatione
1862 5357 2124 5428 interpo-

470 5420 675 5499 nenda
694 5426 784 5478 est
801 5420 1482 5499 quaedamparenthesis
1510 5420 1588 5484 ab
1615 5428 1665 5482 is
1688 5427 1884 5499 verbis
1916 5428 1976 5487 iw
1998 5420 2127 5499 o'zix‘:

471 5439 675 5478 nenda
694 5439 784 5478 es:
801 5439 1083 5494 quasdam
1104 5439 1482 5550 Parentnems
1510 5439 1588 5484 an
1615 5445 1665 5482 18
1688 5439 1884 5484 verbis
1916 5439 1976 5487 iw
1998 5439 2126 5499 ουχὶ

471 5492 674 5582 erue;
727 5509 918 5582 usque
961 5495 1042 5580 ed
1060 5494 1099 5582 ,ί
1127 5495 1269 5582 19'9.
1297 5494 1356 5582 δὲ
1384 5498 1442 5582 ei
1473 5501 1648 5581 μδνρνν
1675 5498 1776 5582 re!
1820 5499 1999 5582 etiam
2023 5499 2126 5582 illa

489 5566 727 5644 Εντεῦθεν
755 5563 932 5644 λοιπὸν
964 5564 1195 5641 ἀριθμεῖ.
1235 5567 1350 5644 Sed
1371 5563 1526 5644 haec
1572 5563 1643 5626 in
1671 5568 2123 5643 interpretando

471 5637 910 5704 perspicuitatis
940 5637 1127 5697 causa
1147 5638 1550 5711 negleximus.

2240 4389 2426 4448 δοῦναι
2463 4397 2557 4454 τήν
2589 4392 2751 4468 ἰσχὺν
2802 4393 2933 4453 αὐτῆ
2946 4413 2994 4456 ς.
3047 4396 3232 4448 Καίτοι
3262 4393 3307 4448 εἰ
3354 4395 3446 4447 καὶ
3491 4395 3551 4447 τὸ
3576 4401 3668 4456 τῆς
3695 4393 3849 4466 ἐργα-

2306 4790 2415 4862 (37)
2457 4789 2628 4862 Αὐτῷ.
2688 4787 2879 4847 Multis
2928 4787 2993 4845 in
3039 4786 3352 4846 codicibus
3402 4786 3841 4845 recentioribus

2233 4860 2425 4917 deest.

2306 4934 2460 5006 (37‘),
2489 4931 2718 5006 Habent
2749 4930 2932 4987 iidem
2962 4931 3202 4988 codices
3229 4931 3289 4985 οὗ
3318 4934 3471 5006 μόνον
3517 4933 3736 5006 κρύπτει
3781 4936 3844 4989 et

2236 5003 2321 5059 sic
2349 5003 2490 5076 legit
2515 5004 2827 5075 interpres.

2306 5072 2707 5150 (38i’Aptoturi.
2738 5078 2823 5150 ita
2847 5077 2966 5150 tres
2989 5073 3666 5150 vetustissimicodices.
3688 5072 3841 5150 Editi

2236 5125 2542 5225 ᾀπξρῖδ
2572 5125 2968 5225 χιιι-ξάεῶ
3006 5125 3666 5225 νέιτῖξιίδιῑξέέιιῑῑ,ξξ,ξκξ.·
3687 5125 3840 5202 iam

2237 5216 2455 5292 ξργάσῃζ
2472 5216 2702 5292 βοάσω
2725 5216 2880 5272 infra
2900 5217 3161 5292 occurrit
3181 5217 3436 5274 varietas
3464 5216 3537 5272 in'
3557 5216 3672 5273 hac
3693 5231 3839 5273 voce

2233 5287 2388 5346 inter
2411 5287 2610 5345 editos
2641 5293 2697 5344 et
2728 5304 2870 5343 mss.
2905 5287 3164 5344 codices.

2306 5361 2420 5431 (39)
2450 5360 2616 5422 Αὐτός
2641 5359 2827 5431 ἑαυτῷ,
2859 5361 3034 5414 Deest
3059 5359 3257 5431 prima
3272 5373 3392 5431 vox
3419 5357 3483 5431 in
3515 5357 3735 5431 multis
3750 5372 3840 5414 re-

2234 5429 2598 5503 centiOribus
2619 5430 2955 5487 codicibus.
2985 5429 3167 5487 Paulo
3187 5433 3326 5503 post
3353 5429 3537 5487 iidem
3566 5445 3693 5487 non
3723 5429 3838 5486 ha-

2229 5502 2376 5560 bent
2406 5503 2566 5561 αὐτήν
2589 5507 2732 5574 post
2755 5503 2965 5575 μιάνας.

2324 5575 2414 5646 40)
2440 5571 2684 5648 Ἐχθρόν.
2715 5571 2828 5648 Pro
2871 5573 3190 5648 hac__voce
3240 5571 3458 5644 legitur
3481 5575 3540 5626 τὸ
3569 5577 3728 5646 μίσος
3771 5571 3836 5630 in

2227 5643 2421 5705 tribus
2447 5643 2864 5704 vetustissimis
2891 5643 3224 5703 codicibus.
