4148 6372
266 279 378 338 965

1261 266 1747 328 EPISTOLARUI
1779 263 2067 326 CLASSIS
2094 262 2166 326 Π.
2205 265 2422 328 EPIST.
2455 271 2650 336 CCLX.

3533 271 3646 341 966

271 400 502 462 δυνατός
535 399 647 472 εἰμι
673 411 692 430 ι
732 397 764 449 ὁ
792 396 953 456 αὐτὸς
991 398 1083 446 καὶ
1115 391 1331 447 ἀσθενεῖ
1362 398 1453 446 καὶ
1493 390 1739 465 δύναται,
1770 391 1874 446 ἁλλ¹

1993 395 2110 463 est,
2139 391 2250 448 sed
2276 392 2622 454 inﬁrmatur
2648 396 2897 470 quidem
2928 407 3132 471 carne,
3167 404 3387 474 potens
3417 407 3509 463 est
3537 419 3650 464 au-

271 492 480 546 ἀσθενετ
507 490 601 562 μεν
636 493 702 559 τῇ
743 487 926 557 σαρκὶ,
961 480 1183 543 δυνατὸς
1211 478 1275 536 δί
1310 481 1424 536 ἐστι
1467 491 1544 555 τῷ
1592 485 1873 556 πνεύματι.

266 582 427 634 οὕτω
475 583 568 632 καὶ
623 577 651 629 ὁ
684 577 873 650 Κύριος
912 572 1043 645 οὐχὶ
1080 578 1192 634 τοῖς
1247 574 1340 644 μεν
1381 579 1476 625 τοῦ
1527 577 1736 626 πίπτειν
1787 574 1886 633 τὰς

270 670 516 744 ἀφορμὰς
567 669 817 739 παρέχει,
851 669 965 724 τοῖς
1019 657 1082 714 δὲ
1130 668 1225 714 τοῦ
1273 660 1618 716 ἀνίστασθαι.
1658 660 1726 714 Οἱ
1779 664 1880 736 γὰρ

269 766 549 819 πίπτοντες
578 754 680 809 ἀπὸ
718 759 816 816 τῆς
857 753 1111 818 στάσεως,
1153 756 1205 804 ἐν
1331 769 1458 805 ποτε
1503 748 1663 818 ἦσαν,
1718 769 1882 804 κατα-

271 854 551 903 πίπτουσι.
593 843 754 904 Δῆλον
805 837 866 895 δὲ
893 840 978 894 ὅτι
1029 835 1280 893 οὐδέποτε
1329 845 1514 899 στήκει
1541 840 1653 912 (56)
1692 841 1719 892 ό
1751 840 1879 892 ἄπι-

267 953 416 1009 στος,
457 935 540 990 ἀεὶ
591 936 772 1007 χαμαὶ
811 933 1118 1005 συρόμενος,
1151 931 1285 1002 μετὰ
1331 929 1428 982 τοῦ
1456 933 1641 1001 ὄφεως,
1751 947 1880 981 συνο

268 1032 469 1082 ἐπεται.
498 1023 613 1079 Οὐκ
640 1025 759 1096 ἔχει
805 1017 896 1074 οὖν
948 1020 1064 1072 ὅθεν
1099 1023 1261 1086 πίση,
1315 1015 1409 1072 διὰ
1449 1021 1510 1072 τὸ
1548 1017 1877 1094 προκαταϐε-

265 1115 501 1175 ϐλῆσθαι
553 1120 619 1186 τῇ
692 1110 941 1182 ἀπιστίᾳ.
997 1107 1162 1161 Ὥστε
1216 1113 1397 1181 πρώτη
1463 1107 1733 1184 εὐεργεσία
1785 1111 1875 1160 τὸν

267 1210 538 1263 στήκοντα
589 1208 654 1274 τῇ
721 1200 958 1273 ἁμαρτίᾳ
1023 1203 1200 1250 πεσεῖν
1263 1201 1356 1249 καὶ
1412 1195 1709 1266 ἀποθανεῖν,
1763 1194 1878 1249 εἶτα

269 1295 438 1354 ζῆσαι
484 1292 596 1357 (57)
650 1298 714 1362 τῇ
779 1285 1095 1358 δικαιοσύνῃ
1146 1290 1238 1338 καὶ
1285 1285 1598 1352 ἀναστῆναι,
1654 1292 1753 1347 τῆς
1801 1284 1877 1347 είς

271 1383 504 1456 Χριστὸν
567 1384 793 1440 πίστεως
845 1377 959 1450 (58)
1011 1375 1250 1448 ἑκάτερον
1316 1370 1440 1446 ἡμῖν
1493 1377 1874 1450 χαριζομένης.

274 1474 512 1524 Πιπτέτω
555 1471 624 1522 τὰ
666 1472 906 1542 χείρονα,
948 1467 1031 1517 ἶνα
1085 1463 1217 1534 λάϐῃ
1275 1468 1458 1536 καιρὸν
1499 1467 1569 1516 τὰ
1635 1462 1878 1536 βελτίονα

273 1564 408 1632 πρὸς
466 1563 562 1616 τήν
621 1556 934 1609 ἀνάστασιν.
987 1553 1105 1605 Ἐὰν
1152 1557 1224 1624 μή
1270 1559 1406 1625 πέσῃ
1457 1555 1489 1611 ή
1545 1556 1779 1624 πορνεία,
1840 1556 1872 1611 ή

270 1650 584 1720 σωφροσύνη
641 1645 741 1698 οὐκ
785 1643 1086 1698 ἀνίσταται,
1135 1643 1251 1695 Ἐὰν
1301 1647 1374 1714 μή
1429 1643 1460 1700 ἠ
1512 1640 1700 1714 ἀλογία
1756 1661 1877 1694 συν»

267 1737 444 1810 τριϐῇ,
508 1738 567 1789 τὸ
634 1734 938 1807 λογιστικὸν
1001 1730 1050 1782 ἐν
1104 1733 1231 1802 ἡμῖν
1286 1731 1402 1802 (59)
1473 1731 1569 1783 οὐκ
1635 1729 1870 1788 ἀνθήσει.

267 1827 451 1888 Οὕτως
498 1822 588 1878 οὖν
627 1827 700 1886 εἱς
737 1829 940 1875 πτῶσιν
996 1824 1088 1873 καὶ
1145 1819 1436 1872 ἀνάστασιν
1490 1818 1689 1872 πολλῶν
1735 1820 1872 1891 (60).

339 1919 394 1971 8.
463 1915 552 1978 Εἰς
615 1909 674 1966 δὲ
739 1917 957 1984 σημεῖον
1027 1910 1436 1982 ἀντιλεγόμενον.
1507 1915 1708 1984 Κυρίως
1778 1929 1876 1966 σή-

269 2012 411 2075 μεῐον
463 2007 684 2075 ἔγνωμεν
735 2002 881 2076 παρὰ
939 2007 1001 2072 τῇ
1061 2005 1236 2074 Γραφῇ
1291 2002 1380 2050 τὸν
1444 2002 1670 2074 σταυρὸν
1737 1999 1875 2072 εἰρη-

271 2097 440 2165 μένον.
499 2091 695 2149 ”Εθήκε
765 2092 886 2164 γὰρ,
964 2094 1118 2160 φησι,
1188 2095 1383 2148 Μωσῆς
1445 2091 1532 2140 τὸν
1602 2092 1713 2158 ὄφιν
1789 2087 1877 2139 ἐπὶ

275 2187 500 2255 σημείου
530 2203 543 2215 ο
597 2185 890 2245 τουτέστιν,
945 2179 1030 2230 ἐπὶ
1093 2185 1346 2250 σταυροῦ·
1398 2176 1465 2230 Ἢ
1508 2184 1720 2248 σημεῖον
1762 2175 1878 2228 ἐστι

271 2277 328 2323 τὸ
376 2267 679 2344 παραδόξου
719 2273 858 2331 τινὸς
885 2274 975 2320 καὶ
1014 2267 1241 2339 ἀφανοῦς
1279 2270 1587 2339 πράγματος
1618 2262 1877 2319 ἐνδεικτι-

272 2367 360 2412 κόν
411 2377 426 2390 ⁸
486 2361 746 2435 ὁρώμενον
795 2360 939 2430 παρὰ
993 2365 1093 2408 τῶν
1146 2355 1537 2426 ἁπλουστέρων,
1604 2358 1876 2426 νοούμενον

271 2447 331 2504 δὲ
382 2452 527 2524 παρά
571 2456 673 2500 τῶν
716 2447 974 2521 ἔντρεχῶν
1009 2446 1125 2516 (61)
1154 2450 1247 2501 τήν
1304 2441 1562 2501 διάνοιαν.
1611 2444 1749 2497 Ἐπεὶ
1787 2440 1876 2496 οὖν

274 2540 336 2593 οὐ
395 2540 652 2591 παύονται
720 2537 1147 2608 ζυγομαχοῦντες
1204 2539 1321 2606 περὶ
1391 2543 1481 2594 τῆς
1550 2535 1878 2608 ἐνανθρωπή·

272 2647 402 2690 σεως
441 2633 533 2679 τοῦ
590 2629 829 2697 Κυρίουσ
883 2628 931 2677 οἱ
971 2627 1061 2694 μεν
1107 2621 1431 2694 ἀνειληφέναι
1482 2630 1655 2694 σῶμα,
1710 2624 1758 2673 οὶ
1817 2618 1876 2674 δὲ

271 2716 549 2788 ἀσώματον
579 2714 740 2766 αὐτοῦ
786 2717 881 2772 τήν
928 2709 1216 2785 ἐπιδημίαν
1272 2713 1588 2782 γεγενῆσθαι
1641 2707 1873 2784 διοριζο-

273 2824 420 2878 μενοι
455 2819 470 2834 °
532 2810 621 2856 καὶ
650 2806 699 2856 οἱ
752 2805 843 2876 μὲν
875 2804 1110 2860 παθητὸν
1154 2802 1444 2874 ἐσχηκέναι
1482 2805 1541 2852 τὸ
1600 2808 1771 2871 σῶμα,
1825 2802 1874 2851 οἱ

275 2892 336 2948 δὲ
376 2897 643 2967 φαντασίᾳ
690 2896 797 2946 τινὶ
844 2896 939 2950 τήν
990 2887 1085 2944 διὰ
1126 2897 1369 2964 σώματος
1398 2889 1694 2962 οἰκονομίαν
1742 2889 1872 2947 πλή-

272 2990 397 3056 ροῦν
430 3000 444 3013 ·
498 2988 590 3036 καὶ
647 2981 792 3035 ἄλλοι
844 2985 1031 3054 χοῑκόν
1087 2982 1219 3052 (62),
1277 2980 1422 3033 ἄλλοι
1462 2975 1522 3033 δὲ
1569 2979 1872 3052 ἐπουρανιον

273 3080 470 3146 σῶμα⁶
521 3077 609 3126 καὶ
665 3072 715 3124 οἱ
767 3075 856 3144 μὲν
911 3075 1222 3144 προαιώνιον
1268 3074 1364 3128 τήν
1421 3069 1662 3141 ὕπαρξιν,
1709 3069 1759 3120 οἱ
1812 3064 1873 3122 δὲ

266 3159 372 3214 ἀπὸ
401 3165 607 3234 Μαρίας
639 3165 730 3219 τήν
760 3158 929 3234 ἀργήν
967 3163 1254 3232 ἐσχηκέναι
1296 3179 1308 3192 ·
1345 3155 1440 3211 διὰ
1465 3165 1620 3210 τοῦτο
1653 3155 1740 3219 Εἰς
1773 3176 1870 3215 σή-

265 3257 412 3324 μείον
446 3249 537 3302 ἀντ
545 3250 856 3323 ιλεγόμενον.

339 3343 401 3398 9.
433 3339 714 3412 Ῥομφαίαν
751 3335 811 3391 δὲ
857 3338 993 3409 λέγει
1039 3342 1127 3389 τὸν
1177 3336 1330 3408 λόγον
1380 3340 1469 3389 τὸν
1508 3340 1868 3410 πειραστικόν,

266 3433 356 3481 τὸν
407 3430 642 3503 κριτικὸν
683 3433 783 3478 τῶν
812 3425 1163 3499 ἐνθυμήσεων,
1205 3429 1292 3476 τὸν
1331 3421 1690 3496 διικνούμενον
1735 3424 1872 3495 ἄχρι

263 3523 530 3591 μερισμοῦ
582 3516 772 3589 ψυχῆς
825 3535 882 3568 τε
927 3521 1019 3568 καὶ
1056 3517 1348 3587 πνεύματος
1396 3513 1530 3585 (63),
1585 3513 1762 3588 ἁρμῶν
1818 3531 1873 3565 τε

262 3611 357 3661 καὶ
385 3606 603 3681 μυελῶν,
663 3609 756 3658 καὶ
810 3607 1044 3679 κριτικὸν
1088 3602 1420 3676 ἐνθυμήσεων
1468 3603 1604 3672 (64),
1653 3597 1868 3660 Ἐπειδὴ

263 3701 440 3750 τοίνυν
470 3702 622 3748 πᾶσα
642 3694 800 3768 ψυχή
835 3697 981 3769 παρὰ
1003 3696 1091 3746 τὸν
1119 3695 1301 3765 καιρὸν
1357 3694 1448 3744 τοὺ
1477 3693 1678 3753 πάθους
1718 3692 1872 3743 οἱονεὶ

268 3781 536 3859 διακρίσει
565 3789 671 3838 τινὶ
709 3782 1042 3853 ὑπεϐάλλετο,
1096 3784 1233 3835 κατὰ
1261 3787 1354 3840 τήν
1399 3787 1492 3834 τοῦ
1540 3785 1736 3853 Κυρίου
1771 3799 1876 3852 φω-

266 3880 394 3947 νήν,
459 3875 721 3943 εἰπόντος,
798 3873 877 3927 ὃτι
943 3874 1134 3932 Πάντες
1211 3867 1740 3928 σκανδαλισθήσεσθε
1822 3866 1871 3921 ἐν

264 3965 384 4039 ἐμοί
409 3983 425 3998 ⁸
456 3966 770 4039 προφητεύει
807 3964 834 4016 ὁ
863 3966 1069 4036 Συμεὼν
1111 3964 1203 4014 καὶ
1244 3963 1362 4034 περὶ
1419 3959 1583 4021 αὐτῆς
1635 3966 1727 4018 τῆς
1759 3965 1875 4013 Μα-

260 4059 407 4131 ρίας,
439 4055 522 4109 ὅτι
574 4060 893 4128 παρεστῶσα
944 4059 1020 4124 τῷ
1076 4059 1309 4125 σταυρῷ,
1361 4052 1452 4103 καὶ
1508 4047 1780 4121 βλέπουσα
1805 4052 1874 4103 τὰ

260 4148 530 4218 γινόμενα,
583 4148 675 4197 καὶ
730 4140 1002 4195 ἀκούουσα
1044 4149 1146 4193 τῶν
1194 4147 1392 4214 φωνῶν,
1450 4140 1582 4212 μετὰ
1623 4142 1717 4197 τήν
1777 4145 1870 4191 τοῦ

263 4233 499 4309 Γαϐριὴλ
544 4235 854 4308 μαρτυρίαν,
896 4232 1028 4303 μετὰ
1074 4234 1170 4289 τήν
1217 4227 1510 4304 ἀπόρῥητον
1539 4235 1735 4300 γνῶσιν
1772 4235 1872 4290 τῆς

259 4325 406 4386 θείας
451 4321 772 4396 συλλήψεως,
824 4323 958 4396 μετὰ
1011 4325 1106 4379 τήν
1158 4318 1388 4393 μεγάλην
1431 4325 1532 4371 τῶν
1587 4318 1866 4391 θαυμάτων

941 4445 992 4481 ³³
1021 4443 1198 4501 Hebr.
1229 4460 1305 4512 ιγ,
1343 4447 1432 4501 i2.

1900 3116 1944 3169 C

339 4449 389 4485 ²²
420 4451 593 4506 Num.
621 4464 743 4518 xxx,
775 4449 831 4506 8.

341 4591 455 4663 (56)
485 4597 685 4650 Στήκει.
717 4592 855 4647 Tres
899 4589 1138 4663 codices
1183 4601 1309 4644 non
1335 4584 1860 4663 vetustissimi_ha-
1891 4587 1936 4640 D

261 4656 412 4720 bent
435 4656 689 4724 εἱστήκει.
723 4667 789 4719 in
814 4661 1031 4718 iisdem
1059 4660 1280 4717 desunt
1307 4657 1493 4731 paulo
1539 4661 1680 4730 post
1735 4656 1869 4712 haec

258 4735 457 4792 verba
481 4736 520 4786 ὦ
552 4739 848 4790 συνέπεται.

337 4808 452 4876 (57)
481 4793 610 4860 Εἶτα
639 4807 826 4868 ζῆσαι.
868 4803 1259 4876 consentiunt
1294 4801 1358 4858 in
1408 4800 1525 4858 hac
1573 4798 1870 4872 scriptura

258 4883 496 4957 veteres
521 4878 676 4957 libri.
713 4877 866 4957 Edi_ti
887 4875 998 4957 εἶτα
1019 4879 1075 4928 τὸ
1107 4875 1169 4936 ζῆ
1181 4894 1292 4930 σαι.
1389 4943 1400 4954 .
1561 4941 1576 4957 1
1663 4941 1675 4952 _
1814 4945 1824 4957 '

335 4950 453 5021 (58)
501 4955 754 5011 Πίστεως.
805 4951 918 5021 Pro
961 4947 1096 5021 hac
1129 4941 1680 5021 voce‘rnirorjeg‘i
1729 4945 1869 5021 7vo'i-_

260 5013 396 5099 ma;
497 5021 692 5099 tribus
715 5017 1133 5099 vetustissimis
1160 5016 1492 5099 codicibus.
1518 5013 1711 5099 Paulo
1731 5017 1870 5099 post

257 5093 439 5150 multi
469 5093 710 5151 codices
739 5092 1102 5149 recentiores
1142 5092 1210 5143 τὰ
1255 5087 1447 5161 βελτίω
1489 5087 1562 5150 εἰς
1605 5090 1701 5146 τὴν
1747 5087 1868 5138 ανά-

262 5183 475 5218 στασιν.

335 5237 453 5316 (59)
491 5239 582 5316 TE:
600 5235 905 5316 lozto'rtgcov
946 5233 996 5286 ἒν
1054 5235 1204 5316 ἡμῖν,
1247 5234 1346 5316 ita
1392 5230 1554 5316 Idar'l.
1595 5233 1662 5316 et.
1687 5228 1863 5316 Coi‘sl.

257 5301 519 5377 primus.
547 5301 696 5364 Ediﬁ
722 5311 781 5360 τὸ
815 5301 1114 5377 λογιστικὸν
1148 5310 1207 5356 τὸ
1237 5301 1285 5354 ἐν
1325 5304 1470 5377 ἡμῖν.
1509 5301 1741 5377 Legitur
1783 5301 1868 5352 λο-

259 5372 409 5453 ἧωιόν
430 5379 492 5434 in
519 5380 795 5453 quinque
825 5372 1136 5453 codicibus
1166 5390 1289 5430 non
1312 5372 1767 5453 antiquissimis.

335 5451 449 5525 (60)
534 5443 949 5525 ΪΙολλῷνηλΕις
1028 5443 1087 5525 δε
1156 5452 1404 5525 σημεῖον..
1446 5443 1860 5525 ἐιντιλεγομενον,

255 5513 379 5577 etc.
414 5513 938 5596 Consentientibus
992 5513 1296 5596 veteribus
1333 5515 1512 5596 libris
1779 5513 1866 5570 lo-

261 5607 408 5653 cum
439 5593 815 5655 sanavimus.
840 5589 1223 5666 Legebantur
1250 5587 1414 5649 enim
1441 5587 1506 5646 in
1529 5585 1703 5647 editis
1731 5585 1866 5644 haec

1992 483 2116 538 tem
2173 482 2409 555 spiritu.
2455 487 2544 543 Ita
2596 491 2655 544 et
2689 487 2984 544 Dominus
3044 503 3442 564 nequaquam
3515 494 3652 553 aliis

1991 570 2243 643 quidem
2269 573 2530 632 cadendi
2573 591 2795 636 causas
2835 577 3082 651 prabet,
3116 578 3250 635 aliis
3277 595 3423 638 vero
3451 597 3652 641 resur-

1991 659 2359 731 gendi.Nam
2381 661 2488 735 qui
2517 664 2764 732 cadunt,
2783 680 2858 722 ex
2878 670 3057 736 statu,
3085 666 3150 725 in
3169 682 3295 741 quo
3314 668 3650 741 aliquando

1986 751 2182 818 erant,
2214 749 2465 808 cadunt.
2497 753 2710 826 Liquet
2741 759 2948 812 autem
2983 771 3305 829 nunquam
3331 762 3490 821 stare
3517 760 3651 818 inﬁ-

1984 836 2208 908 delem,
2240 841 2306 895 ut
2332 841 2439 913 qui
2479 857 2720 915 semper
2753 842 2927 901 humi
2965 849 3142 918 rapat
3181 861 3322 903 cum
3368 853 3651 921 serpente

1985 941 2174 1000 quem
2201 933 2559 990 assectatur.
2597 935 2730 990 Non
2774 933 2962 991 habet
3005 933 3188 1007 igitur
3223 936 3389 996 unde
3442 939 3641 1012 cadat,

1982 1016 2115 1087 jam
2179 1018 2592 1092 praecipitatus
2668 1021 3042 1080 inﬁdelitate.
3114 1025 3311 1090 Quare
3374 1027 3643 1100 primum

1987 1103 2350 1164 beneﬁcium
2403 1113 2515 1180 est,
2572 1114 2641 1168 ut
2693 1111 2802 1185 qui
2857 1115 2977 1170 stat
3023 1113 3086 1169 in
3141 1118 3411 1186 peccato,
3464 1118 3648 1177 cadat

1985 1197 2046 1250 et
2090 1194 2405 1267 moriatur,
2455 1197 2676 1256 deinde
2737 1199 2902 1258 vivat
2947 1200 3190 1273 justitiaa
3237 1207 3296 1259 et
3343 1211 3643 1278 resurgat,

1985 1287 2315 1356 utrumque
2365 1285 2487 1342 ﬁde
2522 1287 2585 1343 in
2636 1288 2938 1346 Christum
2966 1290 3146 1351 nobis
3181 1289 3498 1362 largiente.
3535 1296 3644 1354 Ca-

1985 1371 2134 1428 dant
2175 1374 2409 1445 pejora,
2467 1379 2533 1432 ut
2577 1375 2783 1434 locum
2836 1377 3106 1436 habeant
3141 1379 3396 1439 meliora
3444 1399 3646 1443 resur-

1986 1460 2189 1530 gendi.
2246 1462 2368 1518 Nisi
2416 1463 2596 1521 cadat
2649 1464 2989 1534 fornicatio,
3053 1470 3455 1542 temperantia
3516 1487 3645 1530 non

1985 1553 2277 1621 resurget.
2328 1551 2449 1608 Nisi
2507 1552 2571 1609 id
2622 1553 2793 1627 quod
2843 1569 2883 1612 a
2926 1555 3159 1613 ratione
3206 1557 3472 1616 alienum
3532 1566 3645 1627 est,

1986 1640 2352 1710 conteratur,
2393 1639 2458 1696 id
2503 1641 2674 1713 quod
2725 1642 3017 1701 rationale
3068 1648 3160 1702 est
3191 1645 3256 1702 in
3292 1647 3470 1704 nobis
3519 1663 3646 1706 non

1986 1725 2243 1783 ﬂorebit.
2284 1728 2378 1784 Sic
2421 1727 2602 1801 igitur
2649 1729 2710 1788 in
2753 1731 2995 1789 ruinam
3034 1737 3094 1790 et
3142 1736 3646 1796 resurrectionem

1984 1814 2338 1871 multorum.

2059 1907 2113 1958 8.
2146 1904 2219 1958 In
2258 1904 2498 1975 signum
2532 1908 2738 1964 autem
2768 1910 2868 1965 cui
2896 1911 3369 1970 contradicemr.
3405 1915 3647 1987 Proprie

1985 1993 2225 2062 signum
2269 1993 2551 2050 novimus
2593 1995 2656 2052 in
2705 1997 3010 2070 Scriptura
3046 2015 3287 2056 crucem
3328 2002 3643 2075 appellari.

1984 2081 2196 2138 Posuit
2240 2083 2422 2152 enim,
2472 2083 2684 2156 inquit,
2739 2085 2930 2144 Moses
2977 2096 3279 2160 serpentes
3330 2106 3513 2162 super
3571 2093 3647 2148 si-

1985 2186 2173 2241 gnum
2196 2173 2268 2240 ”,
2299 2171 2363 2227 id
2392 2177 2498 2244 est,
2542 2189 2728 2246 super
2758 2190 3020 2232 crucem.
3046 2177 3148 2233 Vel
3173 2179 3415 2248 signum
3441 2185 3532 2236 est
3550 2181 3643 2237 in-

1985 2260 2244 2331 opinatae
2276 2261 2596 2332 cujusdam
2639 2268 2697 2319 et
2743 2264 3024 2321 obscurae
3069 2267 3156 2321 rei
3201 2266 3527 2324 indicium:
3572 2285 3646 2327 ac

1986 2347 2222 2404 videtur
2247 2349 2495 2421 quidem
2513 2367 2550 2408 a
2566 2351 3052 2424 simplicioribus,
3070 2353 3419 2426 intelligitur
3440 2362 3645 2416 autem

1986 2437 2065 2492 ab
2093 2437 2188 2492 his
2214 2438 2318 2510 qui
2338 2443 2539 2495 mente
2565 2442 3120 2515 suntperspicaces.
3147 2444 3446 2510 Quoniam
3466 2446 3647 2516 igitur

1985 2540 2113 2582 non
2142 2532 2385 2584 cessant
2415 2527 2739 2599 digladiari
2779 2531 2856 2587 de
2899 2534 3321 2590 Incarnatione
3362 2536 3641 2594 Domini:

1986 2614 2085 2670 alii
2135 2616 2387 2688 quidem
2433 2633 2574 2674 eum
2615 2633 2836 2692 corpus
2888 2623 3312 2694 assumpsisse,
3353 2621 3454 2680 alii
3501 2640 3647 2684 vero

1982 2704 2414 2777 incorporeum
2441 2706 2599 2762 illius
2629 2707 2967 2765 adventum
2995 2709 3181 2767 fuisse
3210 2711 3643 2770 decernentes:

1982 2793 2084 2850 alii
2109 2793 2397 2867 passibile
2427 2811 2650 2868 corpus
2670 2795 2983 2866 habuisse,
3017 2798 3115 2856 alii
3143 2801 3343 2872 specie
3371 2802 3644 2874 quadam

1983 2897 2342 2955 corpoream
2370 2882 2890 2956 dispensationem
2919 2886 3348 2960 adimplevisse
3370 2906 3384 2945 :
3407 2889 3508 2946 alii
3535 2895 3645 2948 ter-

1982 2975 2192 3038 restre,
2225 2970 2325 3028 alii
2358 2970 2600 3028 cmleste
2649 2987 2910 3046 corpus:
2963 2974 3062 3030 alii
3108 2990 3252 3032 eum
3295 2975 3374 3033 ab
3417 2981 3644 3036 aeterno

1982 3060 2432 3133 praeexstitisse,
2480 3059 2579 3119 alii
2624 3076 2699 3118 ex
2746 3064 2928 3118 Maria
2976 3062 3216 3120 initium
3275 3066 3583 3140 accepisse
3623 3085 3639 3125 :

1979 3153 2303 3225 propterea
2324 3151 2396 3207 In
2425 3153 2666 3223 signum
2691 3153 2794 3209 cui
2809 3154 3277 3211 contradicetur.

2052 3335 2105 3387 9.
2135 3329 2412 3388 Gladium
2441 3335 2646 3389 autem
2674 3331 2817 3388 dicit
2848 3347 3190 3390 sermonem
3217 3335 3487 3392 tentandi
3513 3336 3638 3394 vim

1980 3419 2308 3476 habentem
2334 3423 2392 3476 et
2419 3420 2804 3477 discernendi
2847 3422 3259 3493 cogitationes,
3299 3423 3642 3497 pertingen-

1981 3515 2104 3567 tem
2142 3527 2338 3584 usque
2367 3510 2446 3568 ad
2479 3511 2842 3568 divisionem
2875 3512 3095 3570 anima;
3125 3517 3183 3569 et
3221 3514 3487 3586 spiritus,
3538 3530 3639 3573 ar-

1982 3606 2154 3657 tuum
2184 3615 2429 3673 quoque
2460 3605 2517 3658 et
2561 3601 2969 3659 medullarum
2991 3604 3062 3659 ²⁸.
3113 3603 3415 3670 Quoniam
3460 3605 3643 3676 igitur

1983 3689 2184 3745 omnis
2231 3689 2437 3746 anima
2483 3690 2792 3762 passionis
2844 3694 3115 3763 tempore
3163 3691 3407 3748 cuidam
3452 3693 3642 3751 veluti

1983 3778 2345 3836 dubitationi
2359 3778 2490 3849 subj
2500 3782 2631 3835 ecta
2644 3779 2774 3846 fuit,
2791 3780 3130 3835 secundum
3147 3780 3386 3836 Domini
3399 3797 3639 3850 vocem,

1981 3867 2268 3924 dicentis:
2293 3867 2502 3923 Omnes
2527 3867 3092 3925 scandalizabz’mini
3115 3869 3178 3925 in
3207 3884 3301 3926 me
3315 3869 3394 3936 ²ι;
3424 3866 3637 3926 vatici-

1981 3960 2160 4013 natur
2200 3955 2444 4012 Simeon
2473 3959 2531 4012 et
2565 3956 2635 4012 de
2664 3954 2804 4028 ipsa
2839 3956 3041 4025 Maria,
3081 3961 3318 4014 astante
3356 3959 3538 4030 cruci,
3582 3964 3642 4019 et

1978 4045 2221 4101 vidente
2243 4059 2380 4117 quae
2418 4044 2804 4116 gerebantur,
2842 4050 2900 4102 et
2927 4061 3107 4102 voces
3148 4047 3466 4118 audiente;
3497 4055 3642 4121 post

1979 4135 2271 4192 Gabrielis
2296 4135 2730 4206 testimonium,
2768 4139 2911 4209 post
2938 4152 3227 4194 arcanam
3249 4137 3468 4195 divinae
3497 4155 3640 4197 con-

1978 4225 2274 4300 ceptionis
2326 4225 2754 4298 cognitionem,
2835 4231 2972 4299 post
3030 4225 3295 4300 plurima
3369 4227 3640 4289 exhibita

1975 4314 2295 4380 miracula,
2326 4314 2456 4385 erit,
2501 4314 2717 4388 inquit,
2747 4314 3036 4387 quaedam
3073 4318 3134 4374 et
3177 4315 3338 4375 circa
3363 4315 3637 4376 animam

1541 4443 1592 4480 ²⁴
1622 4441 1823 4500 Matth.
1853 4457 2016 4511 xxvi,
2045 4444 2135 4498 31.

1980 4583 2164 4655 verba
2182 4581 2636 4655 postsiprms'vov.
2677 4578 2862 4655 Paulo
2905 4585 3045 4655 post
3087 4579 3306 4655 legitur
3340 4581 3404 4636 in
3445 4579 3632 4653 pluri-

1976 4653 2092 4711 bus
2120 4649 2554 4710 recentioribus
2591 4649 2971 4709 codicibus—6
3005 4656 3218 4724 σημεῖόν
3263 4649 3399 4721 ἐστι,
3446 4649 3634 4722 super

1977 4741 2236 4795 crucem,
2266 4739 2398 4795 quae
2421 4725 2658 4795 signum
2687 4729 2790 4780 est.

2051 4798 2158 4868 (61)
2198 4792 2350 4868 Παρὰ
2403 4792 2501 4847 τῶν
2559 4793 2829 4868 ἔντρεχῷν.
2881 4796 2991 4850 Pro
3045 4793 3140 4849 his
3193 4792 3451 4868 vocibus
3489 4794 3633 4868 legie

1976 4865 2072 4942 tur
2123 4865 2185 4923 in
2222 4865 2486 4940 quatuor
2537 4865 2849 4925 codicibus
2896 4879 3021 4921 non
3068 4865 3456 4923 vetustissimi
3506 4867 3631 4942 παρ’

1977 4958 2145 4992 αυτ-ων
2154 4981 2170 4998 ο

2047 5012 2160 5082 (62)
2193 5007 2468 5082 Katomot
2494 5012 2706 5082 χοῐκόν.
2752 5009 2930 5066 Deest
2969 5007 3315 5078 conjunctio
3357 5008 3422 5068 in
3457 5009 3634 5069 Medi-

1976 5079 2099 5140 can
2124 5079 2182 5138 et
2211 5079 2383 5136 (loisl.
2413 5079 2632 5151 primo.

2049 5157 2160 5222 (63)
2216 5156 2317 5204 Καὶ
2366 5149 2686 5223 πνεύματος,
2737 5150 2802 5206 In
2852 5149 3152 5218 Medicam,
3207 5150 3387 5220 Harl,
3447 5151 3630 5223 Coisl.

1973 5225 2172 5298 primo
2200 5228 2255 5278 et
2280 5225 2417 5290 Reg.
2448 5222 2647 5298 primo
2673 5222 2888 5293 legitur
2912 5227 3014 5298 aut
3038 5229 3293 5296 σώματος,
3339 5239 3523 5296 usque
3550 5222 3634 5279 ad

1975 5296 2325 5353 diuisionem
2347 5296 2564 5350 animae
2594 5302 2650 5351 et
2681 5296 2973 5364 corporis.

2045 5371 2155 5446 (ρᾴ)
2198 5370 2561 5446 Καί-κριτικὸν
2589 5365 2938 5446 ἐνθυμήσεων.
2971 5369 3108 5446 Hinc
3130 5365 3367 5446 desunt
3393 5365 3455 5420 in
3483 5378 3634 5446 non-

1971 5434 2156 5569 (lin-llis
2185 5434 2497 5496 codicibus
2516 5434 2970 5510 recentioribus,
3004 5442 3062 5497 et
3085 5437 3366 5496 videntur
3408 5434 3631 5493 redun~

2017 5526 2140 5569 are.

2017 5526 2140 5573 are.
