4148 6380
313 353 414 408 973

855 447 1189 524 mmo/ur

1280 335 1770 393 EPISTOLARUM
1808 319 2088 392 cuser
2120 334 2187 396 ιι.
2223 321 2441 390 EPIST.
2467 335 2714 392 CCLXII.

3580 338 3690 393 976

2557 447 2895 516 EPISTOLA
2944 459 3214 516 comma

317 583 460 638 Cum
490 581 572 636 ad
596 580 894 635 Basiliam
934 574 1212 633 Urbicius
1243 588 1364 628 non
1398 572 1526 626 sine
1559 572 1773 640 aliqua
1802 568 2124 625 timiditate
2156 575 2211 625 et
2237 569 2626 625 excusatione
2671 569 2997 638 senpisset,
3021 569 3198 639 jubet
3245 583 3376 624 eum
3421 569 3691 626 Basilius

391 652 548 708 hanc
588 651 969 708 timiditatem
1001 648 1234 717 ejicere,
1299 648 1689 717 rogatqueut
1736 656 1891 717 saepe
1921 641 2003 696 ad
2030 656 2092 717 se
2128 642 2388 717 scribat.
2409 642 2740 717 etquinam
2773 642 2835 717 in
2866 641 3288 717 suaEc-ctesia
3321 642 3458 695 sani
3486 644 3604 694 sint
3635 642 3701 696 in

388 725 508 793 ﬁde
533 725 785 777 nuntiet.
828 713 1129 775 Audierat
1161 717 1315 793 enim
1346 714 1685 793 nonnuttos
1719 713 1942 793 aliis,
1962 713 2068 793 qui
2105 728 2238 768 cum
2261 713 2516 793 _Uroicio
2542 715 2739 793 erant,
2765 713 2953 793 Deam
3072 727 3315 768 carnem
3331 727 3694 793 conversum

389 782 631 865 'ﬁngere.
657 795 891 848 Horum
919 803 1188 847 errorem
1216 787 1473 842 breviter
1501 786 1604 854 ref
1603 786 1754 850 etlit,
1796 783 2220 854 Urbiciumque
2251 784 2556 853 hortatur,
2582 788 2650 840 ut
2689 784 3096 840 ecclesiastica
3131 783 3547 840 emendatione
3574 782 3702 839 haec

393 870 668 937 impietas
699 879 820 921 non
852 867 1081 919 careat.

751 969 1016 1045 Οὖρϐικίῳ
1056 966 1336 1040 μονάζοντι
1368 964 1500 1034 (83).

399 1063 448 1118 l.
484 1063 663 1116 Καλῶν
729 1059 981 1119 ἐποίησας
1041 1053 1340 1116 ἐπιστείλας
1391 1056 1538 1126 ἡμῖν·
1589 1050 1788 1115 ἔδειξας
1827 1054 1928 1124 γὰρ

325 1153 384 1204 οῦ
436 1155 624 1224 μικρὸν
673 1154 760 1203 τὸν
828 1150 1030 1223 καρπὸν
1084 1152 1176 1204 τῆς
1551 1147 1641 1194 καὶ
1695 1148 1932 1213 συνεχῶς

326 1247 462 1295 ποίει
501 1249 675 1294 τοῦτο.
710 1245 794 1298 Μὴ
836 1243 1010 1312 μέντοι
1065 1239 1287 1307 νομίσῃς
1335 1232 1619 1304 ἀπολογίας
1670 1252 1756 1284 σοι
1800 1229 1932 1298 δεῖν,

328 1334 449 1385 ὅταν
489 1333 612 1403 ἡμῖν
667 1329 990 1400 iniuratm.
1035 1324 1354 1398 Γνωρίζομεν
1401 1325 1500 1394 γὰρ
1564 1322 1800 1387 ἑαυτοὺς,
1845 1327 1935 1375 καὶ

331 1416 568 1492 οἴδαμεν,
609 1419 690 1470 ὅτι
741 1421 898 1470 παντὶ
951 1413 1204 1488 ἀνορωπῳ
1243 1414 1374 1485 πρὸς
1420 1413 1614 1471 πάντας
1657 1411 1936 1483 ὁμοτιμίας

335 1511 514 1568 ἰσότης
562 1508 678 1560 ἐστὶ
717 1509 828 1576 (84)
883 1507 1020 1556 κατὰ
1067 1507 1160 1561 τὴν
1201 1503 1378 1573 φύσιν·
1439 1501 1700 1575 ὑπεροχαὶ
1770 1497 1828 1553 δὲ
1888 1499 1936 1552 ἕν

331 1601 455 1671 ἡμῖν
501 1597 558 1649 οῦ
589 1599 722 1648 κατά
784 1598 946 1666 γένος,
1005 1587 1131 1644 οὐδὲ
1180 1591 1315 1642 κατὰ
1361 1609 1666 1664 περιουσιαν
1724 1593 1939 1664 χρημά-

330 1709 451 1758 των,
483 1683 609 1738 οὐδὲ
662 1687 796 1736 κατὰ
848 1687 942 1740 τὴν
990 1688 1080 1734 τοῦ
1131 1687 1368 1752 σώματος
1408 1684 1762 1746 κατασκευὴν,
1814 1678 1942 1732 ἀλλὰ

332 1779 465 1829 κατὰ
517 1779 608 1832 τήν
665 1775 934 1847 ὑπεροχὴν
985 1777 1077 1823 τοῦ
1119 1769 1278 1842 φοϐον
1332 1775 1422 1820 τοῦ
1480 1771 1612 1840 πρὸς
1657 1770 1743 1820 τὸν
1789 1770 1939 1824 Θεὸν.

331 1865 516 1931 Ὥστε,
576 1868 629 1916 τί
683 1863 866 1914 κωλύει
945 1879 1023 1925 σε,
1091 1860 1263 1912 πλεῖον
1319 1859 1434 1926 (85)
1493 1856 1808 1929 φοϐούμενον
1855 1861 1942 1911 τὸν

335 1958 620 2022 Δεσπότην,
690 1955 906 2024 μείζονα
958 1951 1106 2022 ἡμῶν
1172 1947 1303 2000 εἶναι
1384 1945 1495 1999 κατ’
1565 1947 1690 1999 αὐτὸ
1751 1955 1939 2013 τοῦτο;

339 2051 572 2116 Συνεχῶς
628 2042 716 2094 οὖν
763 2044 888 2113 ἡμῖν
941 2038 1224 2105 ἐπίστελλε,
1285 2042 1375 2090 καὶ
1451 2038 1694 2109 γνώρίζι,
1748 2046 1853 2099 πῶς
1909 2041 1940 2095 ἡ

339 2138 456 2206 περὶ
520 2135 576 2184 σε
628 2128 940 2202 ἀδελφότης,
1001 2133 1088 2182 καὶ
1146 2132 1279 2188 τίνες
1335 2135 1436 2179 τῶν
1501 2134 1590 2187 τῆς
1630 2127 1944 2188 Ἐκκλησίας

340 2231 427 2282 τῆς
447 2221 563 2274 καθ’
595 2222 730 2292 ὑμᾶς
778 2219 890 2290 (86)
930 2221 1278 2289 ὑγιαίνουσιν·
1342 2217 1426 2268 ἶνα
1468 2213 1685 2289 εἰδῶμεν
1718 2217 1794 2278 οἷς
1831 2223 1941 2290 χρὴ

2580 962 2818 1018 Urbicio
2853 963 3165 1020 monacho.

2119 1056 2163 1104 Ι.
2193 1052 2366 1107 Recte
2397 1050 2605 1120 fecisti,
2638 1052 2805 1125 quod
2848 1052 2927 1108 ad
2967 1068 3064 1108 me
3117 1051 3426 1124 scripseris
3462 1069 3475 1108 :
3505 1055 3702 1108 osten-

2040 1137 2176 1194 disti
2209 1139 2370 1194 enim
2393 1140 2652 1196 fructum
2679 1157 2803 1197 non
2833 1141 3123 1211 exiguum
3155 1140 3488 1210 charitatis,
3521 1139 3704 1214 idque

2042 1227 2221 1283 velim
2254 1228 2595 1301 frequenter
2624 1229 2835 1286 facias.
2871 1233 2986 1286 Nec
3016 1235 3190 1302 putes
3222 1230 3328 1286 tibi
3369 1247 3527 1302 opus
3575 1245 3708 1286 esse

2042 1317 2454 1386 excusatione,
2487 1334 2628 1374 cum
2659 1319 2736 1375 ad
2769 1334 2867 1374 me
2894 1319 3228 1391 scripseris.
3269 1322 3420 1375 Nam
3449 1334 3547 1374 me
3575 1319 3709 1391 ipse

2045 1405 2204 1472 novi,
2238 1409 2296 1460 et
2327 1406 2450 1462 scio
2477 1407 2812 1479 quemlibet
2839 1407 3150 1463 hominem
3180 1407 3466 1463 omnibus
3496 1423 3709 1480 parem

2045 1510 2175 1551 esse
2189 1493 2417 1551 honore
2449 1495 2788 1553 secundum
2817 1500 3102 1552 naturam
3127 1512 3140 1550 :
3173 1497 3582 1567 praestantiam
3607 1512 3712 1552 au-

2045 1587 2168 1640 tem
2205 1584 2269 1640 in
2299 1584 2497 1655 nobis,
2525 1600 2651 1642 non
2699 1602 2772 1641 ex
2803 1601 3046 1656 genere,
3079 1601 3277 1657 neque
3316 1602 3391 1642 ex
3424 1586 3713 1658 pecunia-

2046 1689 2184 1730 rum
2233 1674 2432 1747 copia,
2459 1690 2658 1747 neque
2689 1691 2762 1732 ex
2807 1675 3073 1747 corporis
3107 1674 3551 1741 constitutione,
3602 1674 3714 1731 sed

2049 1779 2120 1819 ex
2179 1764 2580 1821 excellentiori
2612 1765 2840 1822 timoris
2869 1765 2970 1821 Dei
3002 1765 3197 1836 gradu
3223 1763 3544 1837 proﬁcisci.
3574 1768 3714 1822 Pro-

2049 1853 2211 1924 inde,
2233 1855 2381 1926 quid
2402 1855 2654 1927 impedit
2673 1857 3004 1926 quominus
3030 1856 3352 1911 Dominum
3374 1856 3570 1926 magis
3593 1872 3717 1913 me-

2050 1948 2248 2013 tuens,
2271 1945 2469 2015 major
2491 1960 2588 2001 me
2613 1944 2674 2000 in
2704 1945 2820 2000 hoc
2849 1946 2984 2017 ipso
3015 1944 3136 2000 sis?
3161 1944 3363 2001 Scribe
3394 1945 3574 2016 igitur
3603 1961 3714 2001 no-

2051 2034 2145 2089 bis
2168 2035 2428 2102 assidue,
2463 2051 2533 2092 ac
2558 2035 2834 2106 signiﬁca
2862 2035 3012 2108 quid
3046 2051 3251 2090 rerum
3281 2039 3425 2106 agat
3457 2035 3716 2092 fratrum

2052 2123 2156 2195 qui
2188 2129 2386 2180 tecum
2432 2129 2572 2181 sunt
2612 2131 2966 2193 conventus,
2997 2129 3055 2180 et
3109 2125 3365 2196 quinam
3417 2125 3480 2180 in
3511 2130 3715 2182 vestra

2056 2211 2314 2268 Ecclesia
2357 2213 2488 2268 sani
2519 2213 2670 2281 sint;
2705 2219 2769 2269 ut
2818 2213 3006 2269 sciam
3047 2213 3272 2285 quibus
3321 2213 3713 2270 scribendum

338 2314 568 2385 γράφειν,
600 2315 690 2361 καὶ
746 2314 888 2360 τίσιν
933 2307 1362 2359 ἐπαναπαύεσθαι
1393 2327 1404 2339 ο
1470 2306 1608 2360 Ἐπεὶ
1663 2303 1723 2359 δὲ
1773 2310 1935 2359 ἀκούω

2056 2301 2150 2369 sit,
2174 2303 2309 2357 etin
2341 2302 2565 2374 quibus
2590 2302 3128 2375 acquiescendum.
3166 2302 3281 2358 Sed
3331 2303 3478 2375 quia
3529 2303 3714 2360 audio

337 2404 481 2462 τινας
525 2399 651 2452 εἶναι
709 2403 832 2460 τοὺς
888 2401 947 2450 τὸ
1006 2397 1145 2457 εὗθὲς
1185 2400 1304 2469 περὶ
1355 2404 1446 2457 τῆς
1509 2395 1946 2469 ὲνανθρωπησεως

338 2497 428 2543 τοῦ
499 2492 692 2562 Κυρίου
756 2484 937 2558 δόγμα
1003 2485 1050 2538 ἐν
1119 2481 1461 2557 διαστρόφοις
1513 2484 1809 2556 ὑπολήψεσι
1848 2506 1946 2538 πα-

339 2582 785 2653 ραχαράσσοντας
831 2575 964 2646 (87),
1006 2573 1290 2648 παρακαλῶ
1334 2573 1522 2634 αὐτοὺς
1571 2569 1664 2625 διὰ
1719 2583 1814 2635 τῆς
1844 2584 1943 2638 σῆς

342 2668 552 2740 ἀγάπης
574 2665 916 2737 ἀποσχέσθαι
937 2671 998 2722 τῆ
1012 2683 1032 2723 ς
1052 2662 1246 2715 ἀτόπου
1273 2661 1468 2723 ἐκείνης
1489 2661 1702 2730 byomg,
1717 2664 1779 2720 ἣν
1800 2663 1941 2734 ἐχειν

341 2760 472 2818 τινες
496 2757 620 2827 ἡμῖν
641 2753 1101 2824 καταγγίλλονται,
1124 2755 1188 2812 ὡς
1217 2751 1378 2804 αὐτοῦ
1399 2759 1490 2804 τοῦ
1513 2760 1648 2804 Θεοῦ
1669 2753 1743 2813 εἰς
1769 2756 1942 2828 σάρκα

343 2849 638 2920 τραπέντος,
670 2846 758 2894 καὶ
803 2841 930 2912 οὐχὶ
956 2841 1360 2915 προσλαϐόντος,
1396 2837 1490 2893 dii:
1515 2849 1608 2902 τῆς
1638 2841 1794 2913 ἀιγίας
1824 2843 1938 2913 (88)

338 2938 546 3008 Μαρίας
589 2935 648 2984 τὸ
692 2938 784 2984 τοῦ
833 2928 1010 3003 Ἀδὰμ
1040 2934 1275 3005 φύραμα,
1329 2929 1436 2982 ἀλλ’
1464 2930 1624 2982 αὑτοῦ
1663 2938 1725 3002 τῇ
1773 2931 1938 3004 οἰκείᾳ

337 3025 542 3080 θεότητι
574 3023 640 3082 εἰς
677 3026 771 3079 τὴν
801 3020 982 3078 ὑλικην
1010 3023 1164 3092 φύσιν
1190 3019 1610 3092 μεταϐληθέντος.

402 3118 454 3168 2.
487 3117 651 3165 Τοῦτο
711 3106 770 3163 δὲ
821 3112 876 3162 τὸ
929 3111 1122 3162 ἄτοπον
1179 3108 1380 3180 ἐλέγξαι
1420 3113 1510 3161 καὶ
1561 3112 1696 3161 πάνυ
1726 3107 1932 3184 ῥᾴδιον,

332 3201 466 3257 Ἀλλ’
517 3197 699 3259 ἐπειδὴ
747 3199 961 3252 αὐτόθεν
1017 3200 1130 3270 ἔχει
1168 3201 1226 3250 τὸ
1266 3197 1473 3271 ἐναργὴς
1503 3201 1535 3256 ἡ
1597 3197 1933 3272 βλασφημίαι

328 3291 526 3363 νομίζω
587 3297 661 3358 τῷ
701 3287 1001 3360 φοϐουμένῳ
1068 3291 1153 3340 τὸν
1215 3289 1402 3360 Κύριον
1444 3285 1617 3360 ἀρκεῖν
1653 3294 1742 3340 καὶ
1772 3293 1934 3360 μόνην

327 3387 421 3439 τὴν
460 3381 774 3450 ὑπόμνησιν.
824 3377 885 3430 Εἰ
923 3379 1024 3450 γὰρ
1079 3375 1299 3450 ἐτράπη,
1333 3381 1422 3428 καὶ
1454 3375 1736 3434 ἠλὶοιὼθη.
1767 3385 1934 3430 Τοῦτο

329 3468 394 3524 δὲ
433 3467 585 3526 ἀπείη
639 3471 728 3520 καὶ
776 3467 937 3538 λέγειν
1003 3472 1092 3518 καὶ
1140 3466 1342 3531 ἐννοεῖν,
1393 3473 1484 3518 τοῦ
1516 3473 1649 3519 Θεοῦ
1682 3466 1928 3528 εἰπόντος’

331 3562 466 3631 Ἐγὼ
521 3558 644 3630 εἰμι,
707 3561 795 3608 καὶ
861 3555 955 3608 οῦκ
1021 3556 1331 3628 ἠλλοίωμαι.
1410 3554 1642 3622 Ἔπειτα,
1702 3564 1810 3619 πῶς
1860 3557 1932 3619 εὶς

2054 2391 2379 2447 nonnullos
2405 2407 2558 2459 esse,
2590 2391 2696 2463 qui
2720 2396 2947 2447 rectam
2978 2391 3054 2448 de
3085 2390 3266 2463 404
3295 2392 3716 2448 lncarnatione

2056 2481 2294 2537 Domini
2328 2481 2667 2537 doctrinam
2727 2482 3022 2553 perversis
3068 2480 3456 2554 opinionibus
3494 2482 3714 2555 deprav

2055 2574 2232 2634 vent;
2258 2569 2547 2626 adhortor
2575 2586 2680 2625 eos
2712 2585 2821 2641 per
2840 2575 3008 2626 tuam
3039 2570 3414 2640 charitatem,
3443 2574 3510 2627 ut
3534 2569 3714 2628 absti-

2052 2663 2237 2714 neant
2267 2658 2534 2715 absurda
2560 2658 2658 2715 illa
2688 2660 2992 2730 opinione,
3017 2673 3205 2730 quam
3228 2659 3480 2732 quidam
3511 2664 3712 2717 tenere

2051 2747 2228 2803 nobis
2253 2748 2628 2817 nuntiantur,
2663 2751 2848 2804 Deum
2872 2749 3073 2820 ipsum
3105 2749 3166 2804 in
3197 2764 3440 2804 carnem
3464 2765 3712 2806 conver—

2051 2854 2188 2892 sum
2219 2836 2427 2902 fuisse,
2459 2852 2571 2893 nec
2600 2838 3008 2910 assumpsisse
3037 2838 3254 2894 Adami
3286 2854 3578 2907 massam,
3603 2856 3710 2912 per

2050 2932 2326 2983 sanctam
2355 2927 2620 2995 Mariam,
2649 2928 2754 2984 sed
2788 2927 2995 3000 ipsum
3031 2927 3093 2983 in
3123 2943 3236 2984 sua
3261 2928 3452 3000 ipsius
3489 2929 3708 2986 divini-

2046 3021 2166 3073 tate
2193 3017 2251 3072 in
2279 3016 2650 3072 materialem
2680 3023 2960 3073 naturam
2986 3017 3172 3073 fuisse
3210 3022 3705 3077 transmutatum.

2115 3110 2170 3160 2.
2197 3105 2548 3162 Absurdum
2573 3105 2721 3162 illud
2751 3111 3164 3162 commentum
3213 3107 3526 3164 confutare
3578 3125 3706 3165 om-

2044 3196 2190 3251 nino
2211 3194 2404 3251 facile.
2434 3195 2548 3250 Sed
2574 3195 2717 3268 quia
2741 3212 2852 3252 sua
2881 3200 3094 3268 sponte
3132 3195 3497 3252 evidentiam
3522 3197 3706 3255 habet

2042 3285 2445 3356 blasphemia,
2475 3285 2733 3341 arbitror
2761 3285 3084 3340 Dominum
3117 3286 3345 3342 timenti
3375 3286 3520 3342 satis
3545 3303 3700 3355 esse,

2043 3373 2137 3430 vel
2157 3373 2351 3430 solam
2368 3373 2869 3431 admonitionem.
2890 3374 2947 3430 Si
2969 3375 3131 3430 enim
3152 3390 3498 3443 conversus,
3517 3377 3700 3434 etiam

2041 3470 2336 3520 mutatus.
2365 3463 2535 3520 Absit
2563 3469 2764 3520 autem
2793 3470 2859 3521 ut
2901 3464 2964 3520 id
3003 3469 3109 3522 aut
3136 3465 3435 3534 dicamus,
3469 3471 3573 3523 aut
3602 3483 3699 3524 co-

2041 3555 2318 3624 gitemus,
2354 3569 2494 3610 cum
2546 3556 2701 3610 Deus
2741 3555 2940 3612 dicat:
2975 3555 3106 3626 Ego
3144 3571 3297 3625 sum,
3329 3563 3385 3613 et
3409 3572 3533 3614 non
3571 3574 3697 3614 mu-

328 3653 465 3720 ἡμᾶς
520 3643 670 3704 διέϐη
713 3647 743 3704 ἡ
784 3653 876 3706 τῆς
915 3644 1348 3720 ἑνανθρωπήσεως
1411 3643 1648 3716 captiua,
1674 3644 1718 3697 εἰ
1765 3651 1835 3717 μὴ
1872 3649 1930 3698 τὸ

2053 3651 2129 3700 tor
2155 3646 2198 3680 ³¹
2227 3646 2239 3699 ι
2271 3644 2516 3711 Deinde,
2548 3645 2863 3716 quomodo
2902 3645 2980 3701 ad
3010 3661 3123 3701 nos
3163 3645 3376 3702 transit
3408 3650 3696 3704 Incarna-

329 3742 576 3811 ἡμέτερον
649 3744 822 3808 σῶμα,
912 3743 975 3807 τῇ
1061 3737 1266 3793 θεότητι
1357 3736 1631 3806 συναφθὲν,
1700 3743 1929 3806 κρεῖττον

328 3828 525 3899 ἐγένετο
573 3834 668 3887 τῆς
707 3833 799 3878 τοῦ
850 3827 1071 3877 θανάτου
1129 3829 1498 3898 ἑπικρατείας;
1543 3823 1618 3875 Οὐ
1649 3825 1748 3898 γὰρ
1797 3844 1924 3897 τρα-

327 3923 440 3977 πεὶς
485 3917 598 3988 (89)
641 3915 827 3968 οἰκεῖον
898 3917 1232 3973 ὑπεσνησατο
1284 3921 1456 3985 σῶμα,
1512 3915 1655 3984 ὅπερ,
1712 3933 1928 3985 παχυν-

325 4009 507 4068 οείσης
556 4005 699 4075 αὐτῷ
750 4013 845 4066 τῆς
895 4005 1069 4064 θεῑκῆς
1111 4007 1333 4076 φύσεως,
1389 4004 1614 4061 ὑπέστη.
1656 4010 1771 4064 Πῶς
1803 4000 1862 4055 δε
1893 4005 1922 4061 ἡ

321 4096 676 4169 ἀπερίληπτος
728 4097 908 4156 Θεότης
976 4093 1042 4154 εἰς
1099 4101 1291 4166 μικροῦ
1344 4098 1588 4164 σώματος
1642 4094 1796 4164 ὄγκον
1844 4112 1926 4146 πε-

318 4187 598 4262 ριεγράφη,
661 4186 798 4258 εἴπερ
880 4183 1076 4258 ἐτράπη
1152 4189 1302 4235 πᾶσα
1360 4184 1390 4241 ἠ
1451 4189 1543 4234 τοῦ
1609 4189 1930 4252 Μονογενοῦς

321 4279 519 4348 φύσιςς
561 4273 720 4328 Ἀλλὰ
755 4279 910 4326 τοῦτο
949 4276 1039 4344 μὲν
1071 4269 1261 4326 οὐδένα
1307 4274 1542 4344 ἠγοῦμαι
1568 4277 1686 4323 νοῦν
1716 4273 1928 4343 ἔχοντα,

326 4370 418 4418 καὶ
465 4369 551 4418 τὸν
603 4364 758 4436 φοϐον
810 4371 904 4416 τοῦ
967 4370 1101 4418 Θεοῦ
1177 4367 1505 4436 κεκτημένον,
1563 4365 1795 4434 πάσχειν
1871 4365 1930 4414 τὸ

339 4454 351 4469 ν
379 4453 389 4468 1

328 4453 672 4528 ἀρρώστημα.
733 4450 948 4512 Ἐπειδὴ
1007 4449 1068 4507 δὲ
1134 4449 1284 4510 ἦλθεν
1332 4453 1403 4516 εἰς
1457 4451 1546 4524 ἐμὲ
1587 4453 1617 4509 ἠ
1652 4453 1931 4523 «priameia

406 4597 448 4631 ³³
490 4595 736 4654 Malach.
759 4613 839 4668 ιιι,
867 4599 921 4652 6.

556 4741 823 4816 Ουρεικιῳ
868 4743 1168 4816 μονάζοντι..
1227 4739 1325 4816 δὶς
1372 4745 1491 4816 tres
1547 4737 1934 4816 vetustissimi

330 4809 590 4870 codices.
635 4809 804 4869 'Editi'
848 4809 987 4867 cum
1018 4810 1261 4866 duobus
1294 4811 1492 4881 Regiis
1527 4814 1584 4866 et
1633 4809 1806 4866 Coisl.
1841 4826 1933 4864 se-

330 4885 534 4942 cundo
577 4884 860 4955 addunt:
913 4882 1034 4955 ’Ότι
1082 4883 1176 4934 οὐκ
1215 4881 1410 4955 ἐτράπη
1445 4881 1517 4955 εἰς
1544 4890 1716 4955 Δσῶμα
1753 4883 1778 4933 ὁ
1811 4885 1935 4942 Θεὸς

331 4962 523 5029 Λόγος,
567 4954 675 5007 ἀλλ’
720 4958 935 5029 ’ᾖνωσεν
995 4953 1158 5024 ἐαυτῷ
1212 4950 1278 5006 τό
1325 4962 1418 5007 τοῦ
1469 4950 1650 5029 ’Δδὰμ
1698 4956 1931 5028 φύραμα.

2039 3735 2215 3791 tionis
2258 3734 2508 3802 fructus,
2542 3735 2594 3790 si
2628 3749 2752 3790 non
2796 3750 3017 3806 corpus
3063 3739 3338 3792 nostrum
3393 3735 3695 3793 divmitati

2037 3826 2454 3896 conjunctum,
2509 3824 2721 3880 mortis
2775 3824 3158 3880 dominatum
3216 3826 3567 3897 superavit?
3635 3827 3695 3883 Si

2037 3915 2198 3971 enim
2243 3929 2572 3969 conversus
2601 3917 2710 3980 est,
2739 3913 3053 3986 proprium
3103 3914 3404 3970 constituit
3449 3930 3693 3988 corpus,

2036 4003 2203 4077 quod
2245 4001 2540 4069 videlicet,
2573 4002 2828 4059 densata
2867 4003 2929 4058 in
2974 4003 3112 4075 ipso
3141 4003 3380 4073 deitate,
3410 4004 3691 4061 substitit.

2040 4093 2358 4160 Quomodo
2375 4097 2578 4148 autem
2591 4093 3219 4165 incomprehensibilis
3233 4094 3516 4151 divinitas
3527 4096 3698 4169 parvi

2038 4183 2308 4256 corporis
2329 4183 2485 4240 mole
2502 4183 2950 4256 circumscripta
2966 4187 3079 4253 est,
3095 4183 3145 4239 si
3166 4200 3387 4257 nempe
3406 4201 3698 4243 conversa

2039 4279 2132 4332 est
2181 4278 2307 4331 tota
2352 4273 2647 4345 Unigeniti
2683 4276 2942 4332 natura?
2983 4272 3208 4330 Verum
3245 4275 3362 4330 hoc
3389 4275 3695 4331 neminem

2040 4364 2318 4430 arbitror,
2341 4364 2528 4420 modo
2565 4368 2765 4420 mente
2807 4363 3099 4435 praeditus
3131 4364 3221 4434 sit,
3259 4363 3480 4435 Deique
3522 4364 3696 4419 timo-

2041 4469 2170 4512 rem
2218 4453 2459 4523 habeat,
2492 4452 2710 4511 morbo
2753 4453 3052 4516 laborare.
3096 4452 3212 4510 Sed
3239 4451 3385 4525 quia
3425 4452 3588 4512 venit
3617 4451 3699 4511 ad

2043 4737 2224 4815 nullis
2249 4736 2562 4794 codicibus
2583 4738 3018 4815 recentioribus
3045 4737 3260 4810 legitur
3291 4739 3418 4797 sine
3442 4738 3577 4815 conj
3589 4757 3699 4803 uno

2043 4811 2237 4867 ctione
2262 4815 2389 4871 τίνες
2417 4820 2516 4862 τῶν
2544 4811 2776 4873 τὴςκαθ’
2806 4814 2962 4884 ὑμᾶς.

2115 4885 2230 4954 (87)
2270 4881 3134 4954 Παραχαράσσοντας,’παρακαλῶ
3187 4882 3392 4944 αὐτούς.
3428 4885 3513 4941 Ita
3563 4891 3702 4944 octo

2045 4969 2224 5022 mss.,
2256 4963 2506 5025 excepto
2537 4954 2703 5025 quod
2729 4954 2790 5009 in
2843 4954 3120 5012 Medicaeo
3177 4960 3235 5010 et
3279 4955 3590 5015 Harleeano
3618 4958 3702 5015 le-

331 5025 689 5107 ραριίηρειιε
704 5026 1240 5107 _Veroum_non_con
1250 5041 1486 5082 versum
1505 5028 1580 5084 sit
1601 5027 1664 5081 in
1694 5025 1932 5099 corpus,

2053 5031 2222 5107 gatur
2234 5025 2871 5107 ‘o§g_irap‘axa).o'iv.hlidit.i
2915 5027 3435 5107 napaxapciaaovratt
3487 5031 3703 5107 αὐτοὺς,

328 5101 434 5159 sed
461 5100 573 5156 sibi
605 5098 866 5154 univerit
895 5097 1122 5154 Adami
1153 5113 1435 5154 massam.

404 5200 513 5280 (Βᾷ)
553 5196 864 5280 Ὀμοτιμίας
897 5194 1104 5280 Λίἰσότης
1169 5193 1334 5280 ἔστί...
1364 5197 1451 5277 ita
1516 5194 1706 5280 Harl,”
1754 5193 1935 5280 βοά,

333 5267 506 5326 Coisl.
539 5267 774 5342 primus
805 5271 860 5324 et
892 5267 1152 5324 Clarom.
1189 5267 1335 5323 Editi
1366 5268 1615 5339 ὁμοτιμία
1652 5267 1782 5322 ἐστί.

345 5441 360 5458 ν
405 5369 518 5457 (85)
559 5367 760 5421 mare».
806 5364 988 5438 Harl.,
1021 5364 1278 5421 Colbert.
1311 5369 1368 5425 et
1417 5364 1672 5422 Clarom.
1705 5363 1940 5425 addunt

379 5457 482 5495 ιιων
491 5482 504 5495 .

379 5459 504 5495 ιιων.

335 5459 386 5616 ἢ.
565 5536 697 5616 Τῆςὶ
733 5528 850 5582 καθ’
917 5528 1076 5610 ὑμᾶς.
1143 5526 1287 5584 Male
1337 5525 1405 5616 in
1453 5526 1780 5616 editisvr‘ﬁg'
1822 5527 1940 5578 καθ’

345 5601 506 5682 iugis,
537 5601 702 5672 quod
727 5616 849 5658 non
883 5601 1085 5657 minus
1122 5603 1353 5681 pugnat
1381 5616 1521 5679 curn
1552 5601 1816 5731 antiauis
1845 5613 1941 5678 θρα

343 5671 601 5738 dioibus,
631 5687 817 5744 quam
849 5688 988 5730 cum
1019 5671 1220 5741 Basﬂn
1251 5675 1563 5734 sententia.
1597 5667 1683 5730 lbl
1729 5685 1826 5726 em
1879 5684 1941 5725 in

2046 5096 2160 5166 διά,
2194 5100 2303 5166 etc,
2340 5095 2573 5152 Ibidem
2600 5096 2817 5167 legitur
2844 5097 2910 5154 in
2938 5095 3252 5158 codicibus
3276 5100 3435 5160 Harl.
3464 5106 3520 5158 et
3550 5102 3702 5158 Med.

2044 5188 2172 5243 προς
2189 5173 2290 5243 ,τὴν
2323 5169 2512 5243 siem;

2120 5241 2232 5311 (88)
2259 5239 2462 5310 Ἀγίας.
2489 5240 2663 5296 Deest
2691 5254 2764 5297 ea
2791 5256 2909 5297 vox
2941 5239 3004 5296 in
3052 5240 3241 5298 tribus
3275 5259 3422 5302 mss.
3447 5259 3573 5301 non
3601 5259 3706 5301 ve-

2044 5311 2410 5370 tustissimis.

2122 5383 2236 5454 (89)
2277 5382 2352 5434 0-3
2393 5384 2493 5458 γὰρ
2548 5387 2785 5456 τραπείς.
2836 5384 3182 5455 Legendum
3212 5385 3464 5458 videtur.
3498 5385 3559 5439 Εἰ
3603 5387 3706 5458 γὰρ

2050 5459 2284 5530 τραπείς,
2337 5455 2427 5530 vel
2465 5454 2655 5530 "Oja‘cp
2681 5454 3315 5530 spans_ig_.fifostremam
3346 5454 3709 5530 scripturam

2052 5525 2114 5582 in
2169 5525 2297 5582 solo
2351 5525 2720 5582 invenimus'
2751 5527 3112 5585 Coisliniano
3158 5525 3486 5584 secundo.‘
3506 5527 3711 5588 Cteteri

2050 5597 2431 5656 consentiunt
2455 5615 2594 5654 cum
2619 5598 2814 5655 editis.

2123 5671 2144 5695 ’
2172 5668 2331 5733 Alias
2356 5670 2666 5734 CCCXLIV.
2698 5670 2930 5744 Scripta
2955 5671 3114 5736 circa
3142 5683 3374 5757 annum
3402 5671 3539 5755 Q71,
