4146 6384
361 400 466 457 977

1328 398 1816 457 EPISTOLARUM
1844 396 2130 456 CLASSIS
2154 401 2220 456 ll.
2249 397 2467 457 EPIST.
2495 400 2767 458 CCLXllI.

3626 360 3732 460 918

360 523 629 601 προϐάτου
684 522 1141 600 περιϐεϐλημένοι,
1198 527 1290 578 καὶ
1339 528 1432 583 τὴν
1498 522 1793 596 ἐπιφάνειαν
1845 525 1958 597 ἣμε-

2077 539 2149 581 ac
2172 523 2436 597 speciem
2454 523 2746 581 blandam
2762 540 2885 599 prae
2910 541 2972 582 se
2992 525 3189 583 ferunt
3220 541 3291 583 ac
3322 527 3539 594 lenem,
3569 526 3730 582 intus

360 633 450 689 ρον
498 612 911 690 προϐαλλόμενοι
942 619 1034 667 καὶ
1076 621 1318 689 πραεῖαν,
1361 610 1565 667 ἔνδοθεν
1616 609 1676 666 δὲ
1717 615 1967 688 σπαράσ-

364 723 536 764 σοντες
579 700 801 777 ἁρειδῶς
831 706 899 757 τὰ
947 710 1040 756 τοῦ
1073 710 1310 778 Χριστοῦ
1347 708 1587 775 ποίμνια,
1642 706 1732 755 καὶ
1782 699 1876 755 διὰ
1908 707 1966 755 τό

365 791 418 857 ἐξ
473 795 619 866 ἡμῶν
686 794 1008 869 ὡρμῆσθαι,
1076 791 1292 854 εὐκόλως
1357 790 1688 865 ἐμϐάλλοντες
1765 790 1968 865 βλάϐην

365 889 469 943 τοῖς
521 880 893 955 ἁπλουστέροις
922 903 935 915 ·
983 876 1127 934 οὗτοί
1167 881 1300 934 εἰσιν
1348 883 1397 933 οἱ
1434 880 1660 953 χαλεποὶ
1706 884 1796 933 καὶ
1839 877 1968 934 δυσ-

364 971 637 1044 φύλακτοι.
694 971 798 1034 Οὖς
848 970 1091 1044 ἀξιοῦμεν
1156 972 1302 1043 παρὰ
1355 979 1451 1033 τῆς
1517 970 1763 1043 ὑμετέρας
1819 967 1969 1044 ἀκρι-

364 1059 506 1123 ϐείας
552 1063 681 1135 πρὸς
729 1063 909 1124 πάσας
949 1063 1043 1122 τὰς
1100 1061 1239 1112 κατὰ
1308 1064 1402 1118 τὴν
1450 1059 1724 1117 Ἀνατολὴν
1755 1059 1969 1117 Ἐκκλη-

366 1153 483 1211 σίας
551 1146 1020 1224 δημοσιευθῆναι·
1074 1150 1175 1221 ἵνα,
1232 1149 1262 1208 ἦ
1320 1145 1796 1222 ὁρθοποδήσαντες,
1843 1167 1969 1219 γνη-

363 1243 489 1300 σίως
533 1237 634 1292 ὦσι
683 1244 777 1292 σὺν
829 1241 974 1314 ἡμῖν,
1016 1243 1046 1298 ἦ
1087 1242 1323 1311 μένοντες
1369 1237 1454 1290 ἐπὶ
1491 1246 1582 1299 τῆς
1620 1234 1969 1312 διαστροφῆς,

364 1326 413 1381 ἄν
454 1328 660 1391 ἑαυτοῖς
698 1332 876 1402 μόνοις
917 1333 1012 1387 τὴν
1057 1326 1260 1401 βλάϐην
1307 1330 1479 1400 ἔχωσι
1504 1369 1519 1394 ,
1558 1331 1630 1401 μὴ
1691 1323 1971 1400 δυνάμενοι

366 1413 424 1468 ἐκ
454 1424 546 1479 τῆς
577 1415 871 1489 ἀφυλάκτου
909 1421 1181 1479 κοινωνίας
1219 1424 1315 1478 τῆς
1369 1412 1509 1477 ἰδίας
1548 1420 1706 1468 νόσου
1744 1412 1970 1489 μεταδι-

367 1500 521 1558 δόναι
566 1506 680 1577 (97)
741 1512 853 1568 τοῖς
900 1505 1327 1567 πλησιάζουσιν.
1379 1506 1610 1576 Ἀνάγκη
1663 1500 1723 1557 δὲ
1781 1506 1972 1557 τούτων

364 1593 617 1666 ὀνομαστὶ
661 1597 984 1668 μνησθῆναι,
1041 1596 1124 1647 ἵνα
1169 1599 1260 1647 καὶ
1315 1593 1466 1647 αὐτοὶ
1520 1597 1809 1669 γνωρίσητε
1851 1597 1972 1656 τοὺς

363 1685 610 1759 ταραχὰς
648 1683 775 1757 παρ’
814 1684 940 1757 ἡμῖν
979 1686 1095 1755 (98)
1150 1682 1547 1758 ἐργαζομένους,
1580 1688 1672 1736 καὶ
1709 1690 1820 1744 ταῖς
1860 1681 1974 1735 Ἐκ-

362 1771 606 1834 κλησίαις
671 1775 818 1847 ἡμῶν
892 1776 1107 1849 φανερὸν
1154 1778 1527 1832 καταστήσας-ε
1575 1773 1714 1845 (99).
1771 1772 1828 1825 Ὀ
1880 1770 1971 1846 μέν

2076 630 2221 671 vero
2251 614 2547 672 dilaniant
2575 615 2895 672 crudeliter
2926 617 3136 673 Christi
3165 631 3434 686 gregem,
3467 621 3524 671 et
3553 632 3733 689 prop~

2079 708 2246 761 terea
2271 705 2440 778 quod
2471 722 2543 762 ex
2569 705 2746 761 nobis
2790 706 2977 762 exorti
3010 711 3170 773 sunt,
3192 705 3363 762 facile
3406 705 3730 777 perniciem

2080 793 2341 850 inferunt
2387 794 2895 868 simplicioribus;
2946 795 3008 851 hi
3041 801 3198 860 sunt,
3250 794 3353 866 qui
3393 793 3731 849 molestiam

2080 883 2386 950 exhibent,
2425 900 2495 939 ac
2542 900 2700 957 aegre
2748 884 2923 940 vitari
2967 888 3238 958 possunt.
3288 884 3408 939 Hos
3445 890 3734 953 rogamus

2080 976 2147 1028 ut
2199 977 2399 1029 vestra
2459 973 2767 1043 diligentia
2824 973 3110 1029 omnibus
3158 972 3410 1029 Orientis
3465 970 3735 1027 Ecclesiis

2081 1059 2412 1129 denuntiet,
2446 1067 2530 1130 ut,
2588 1067 2691 1118 aut
2744 1067 2969 1119 rectam
3016 1062 3180 1118 viam
3226 1062 3478 1131 ingressi
3506 1062 3736 1116 sincere

2079 1156 2396 1207 versentur
2442 1151 2782 1216 nobiscum,
2834 1156 2958 1214 aut,
3016 1150 3065 1206 si
3111 1152 3173 1207 in
3204 1167 3314 1207 sua
3342 1154 3740 1223 permaneant

2080 1240 2467 1313 perversitate
2502 1284 2517 1311 ,
2585 1240 2883 1297 damnum
2949 1242 3106 1299 intra
3171 1257 3233 1296 se
3309 1240 3471 1298 solos
3554 1239 3740 1295 conti-

2080 1332 2312 1397 neant,
2398 1344 2511 1385 nec
2574 1330 2809 1403 possint
2870 1346 2944 1386 ex
3004 1330 3244 1387 incauta
3310 1330 3740 1386 communione

2083 1418 2370 1475 morbum
2443 1434 2624 1475 suum
2699 1435 2840 1475 cum
2898 1419 3192 1492 proximis
3259 1419 3739 1476 communicare.

2084 1509 2341 1565 Necesse
2382 1511 2472 1564 est
2518 1513 2721 1565 autem
2765 1509 2988 1565 horum
3034 1508 3399 1565 nominatim
3431 1508 3743 1564 meminis-

2085 1612 2171 1665 se,
2228 1601 2295 1654 ut
2338 1602 2396 1655 et
2439 1597 2554 1670 ipsi
2602 1598 2985 1667 cognoscatis
3028 1612 3130 1653 eos
3186 1597 3294 1670 qui
3341 1596 3549 1653 turbas
3573 1596 3742 1669 apud

2084 1701 2197 1743 nos
2263 1691 2553 1759 movent,
2623 1702 2855 1760 eosque
2920 1687 3142 1743 nostris
3209 1686 3486 1743 Ecclesiis
3552 1685 3745 1742 mani-

2083 1775 2269 1833 festos
2324 1776 2519 1834 facite.
2568 1779 2719 1833 Nam
2776 1792 2974 1832 sermo
3025 1780 3229 1833 noster
3286 1780 3608 1848 suspectus
3658 1779 3747 1832 est

361 1864 465 1936 γὰρ
514 1862 641 1936 παρ’
680 1865 828 1936 ἡμῶν
865 1862 1019 1934 λόγος
1065 1863 1298 1924 ὕποπτός
1337 1861 1452 1917 ἐστι
1487 1868 1598 1923 τοῖς
1643 1860 1871 1931 πολλοῖς,
1903 1863 1958 1913 ὡς

2085 1864 2402 1938 pluribus,
2468 1865 2645 1938 quasi
2729 1864 2878 1921 forte
2948 1864 3029 1922 ob
3109 1865 3380 1938 privatas
3437 1864 3742 1937 quasdam

363 1952 513 2023 τάχα
553 1947 646 2004 διά
682 1971 829 2015 τινας
885 1949 1161 2015 ἰδιωτικὰς
1204 1952 1517 2026 φιλονεικίας
1563 1956 1658 2010 τὴν
1710 1951 1971 2027 μικροψυο

363 2043 495 2111 χίαν
540 2043 669 2115 πρὸς
715 2041 906 2102 αὐτοὺς
949 2039 1193 2114 ἑλομένων
1218 2063 1231 2076 ·
1268 2044 1417 2115 ὑμεῖς
1468 2037 1548 2110 δὲ,
1608 2041 1730 2095 ὃσον
1768 2044 1972 2118 μακρὰν

366 2127 537 2181 αὐτῶν
588 2128 661 2202 (1)
722 2127 1079 2202 ἀπῳκισμένοι
1138 2133 1428 2202 τυγχάνετε
1452 2171 1466 2198 ,
1533 2133 1767 2202 τοσούτῳ
1822 2130 1972 2184 πλέον

364 2219 510 2290 παρὰ
556 2225 666 2280 τοῖς
720 2217 868 2281 λαοῖς
920 2222 979 2272 τὸ
1026 2217 1330 2283 ἀξιόπιστον
1387 2221 1555 2292 ἔχετε,
1595 2223 1728 2294 πρός
1773 2227 1844 2290 τῷ
1884 2223 1974 2271 καὶ

361 2310 457 2364 τὴν
512 2309 655 2383 παρ’ὀι
700 2315 794 2361 τοῦ
833 2314 966 2361 Θεοῦ
1000 2309 1075 2379 (2)
1122 2311 1283 2384 χάριν
1334 2310 1672 2381 συναίρεσθαι
1728 2310 1849 2382 ὑμῖν
1909 2329 1974 2370 εις

360 2399 455 2453 τὴν
510 2396 638 2470 ὑπὲρ
690 2405 792 2450 τῶν
851 2402 1311 2472 καταπονουμένων
1360 2397 1670 2471 ἐπιμέλειαν.
1737 2397 1852 2453 Ἐὰν
1915 2395 1974 2452 δὲ

358 2488 449 2536 καὶ
510 2490 801 2559 συμφώνως
846 2486 1068 2548 πλείονες
1117 2488 1249 2560 όμοῡ
1297 2489 1363 2540 τὰ
1414 2487 1551 2540 αὐτὰ
1590 2484 1971 2561 δογματίσητε,

360 2568 545 2644 δῆλον,
603 2575 685 2627 ὅτι
730 2577 788 2628 τὸ
835 2573 1037 2639 πλῆθος
1092 2583 1193 2629 τῶν
1238 2573 1675 2649 δογματισάντων
1734 2574 1971 2652 ἀναντίρ-

360 2663 542 2738 ρητον,
595 2671 732 2718 πᾶσι
772 2669 870 2724 τὴν
922 2662 1247 2741 παραδοχὴν
1291 2669 1677 2721 κατασκευάσει
1723 2674 1817 2720 τοῦ
1871 2664 1969 2721 δό-

360 2771 584 2824 γματος.

434 2844 487 2897 3.
521 2840 674 2896 Ἐστι
727 2847 899 2897 τοίνυν
948 2841 1020 2906 εἷς
1070 2852 1169 2898 τῶν
1215 2845 1408 2906 πολλὴν
1458 2848 1586 2920 ἡμῖν
1636 2865 1967 2900 κατασκευα-

364 2929 556 2990 ζόντων
601 2931 677 3003 (3)
743 2931 910 2991 λύπην
965 2933 1256 2997 Εὐστάθιος
1316 2936 1344 2988 ό
1400 2934 1457 2988 ἐκ
1513 2944 1610 2999 τῆς
1662 2935 1967 2998 Σεϐαστείας

359 3026 456 3078 τῆν
497 3023 633 3073 κατὰ
674 3025 770 3081 τὴν
824 3024 1018 3098 μικρὰν
1083 3023 1397 3100 Ἀρμενίαν·
1448 3025 1532 3096 ὃς,
1584 3025 1749 3079 πάλαι
1797 3028 1967 3098 μαθη-

359 3110 558 3171 τευθεὶς
608 3119 679 3181 τῷ
737 3110 960 3185 Ἀρείῳ,
1026 3117 1116 3166 καί⁵
1166 3112 1250 3167 ὅτε
1301 3114 1377 3186 (4)
1438 3115 1673 3188 ἤκμαζεν
1730 3114 1824 3169 ἀπὶ
1874 3122 1966 3178 τῆς

2085 1954 2419 2013 simultates
2453 1954 2587 2012 exili
2637 1957 2695 2012 et
2743 1954 2962 2026 jejuno
3016 1954 3077 2010 in
3116 1954 3250 2010 illos
3284 1955 3489 2010 animo
3519 1954 3738 2011 simus.

2084 2045 2200 2101 Vos
2241 2061 2383 2101 vero
2441 2049 2673 2118 quanto
2722 2044 2803 2100 ob
2856 2043 2971 2100 illis
3007 2043 3250 2114 longius
3292 2043 3527 2114 degitis,
3578 2049 3747 2101 tanto

2083 2133 2383 2204 majorem
2441 2134 2607 2207 apud
2649 2133 2910 2206 populos
2967 2133 3204 2190 habetis
3268 2133 3690 2189 auctoritatem
3724 2177 3739 2202 ,

2083 2227 2491 2296 praeterquam
2521 2222 2689 2296 quod
2711 2222 2812 2278 Dei
2833 2223 3015 2279 etiam
3036 2222 3232 2293 gratia
3249 2238 3358 2278 vos
3380 2221 3634 2292 adjuvat
3661 2222 3742 2279 ad

2084 2312 2563 2369 succurrendum
2610 2311 2684 2367 iis
2724 2311 2829 2384 qui
2866 2315 3192 2368 vexantur.
3241 2310 3415 2377 Quod
3464 2311 3513 2366 si
3561 2312 3740 2368 etiam

2085 2400 2373 2458 concordi
2412 2401 2618 2457 animo
2649 2400 2855 2473 plures
2895 2399 3077 2456 simul
3120 2399 3333 2456 eadem
3378 2399 3735 2472 decernetis,

2080 2491 2476 2564 perspicuum
2518 2494 2609 2546 est
2643 2489 3095 2546 multitudinem
3125 2488 3580 2546 decernentium
3609 2504 3743 2546 om-

2079 2580 2258 2635 nibus
2284 2595 2740 2653 pcrsuasuram,
2768 2583 2834 2637 ut
2871 2578 3178 2636 decretum
3212 2578 3360 2635 citra
3389 2582 3740 2634 controver-

2079 2668 2234 2725 siam
2254 2667 2603 2743 suscipiant.

2148 2847 2202 2900 3.
2249 2846 2349 2900 Est
2383 2842 2588 2916 itaque
2635 2857 2795 2899 unus
2835 2857 2907 2898 ex
2952 2841 3045 2911 iis,
3100 2841 3207 2914 qui
3253 2840 3432 2898 nobis
3475 2841 3737 2898 multum

2076 2933 2362 2990 exhibent
2424 2932 2752 3001 molestiae,
2807 2932 3154 2988 Eustathius
3206 2946 3279 2988 ex
3342 2931 3616 2990 Sebastia
3671 2931 3735 2988 in

2075 3022 2308 3079 minore
2337 3022 2645 3092 Armenia,
2688 3021 2794 3095 qui
2831 3021 2976 3079 olim
3032 3021 3284 3078 edoctus
3333 3021 3412 3077 ab
3458 3020 3617 3088 Ario,
3678 3024 3738 3077 et

2075 3128 2214 3169 cum
2244 3112 2296 3169 is
2325 3111 2570 3169 ﬂoreret
2590 3111 2968 3168 Alexandriae
3000 3126 3224 3184 pravas
3253 3110 3314 3166 in
3343 3110 3731 3179 Unigenitum

356 3195 786 3273 Ἀλεξανδρείας,
852 3204 946 3264 τὰς
1001 3205 1234 3278 πονηρὰς
1299 3205 1434 3257 κατὰ
1489 3211 1584 3257 τοῦ
1643 3211 1958 3277 Μονογενοῦς

2077 3205 2432 3258 construens
2472 3200 2915 3274 blasphemias,
2953 3216 3096 3257 eum
3125 3204 3389 3268 secutus,
3424 3199 3605 3272 406
3648 3202 3732 3254 at-

357 3289 619 3350 συντιθεὶς
667 3287 1041 3363 βλασφημίας,
1101 3289 1403 3345 ἀκολυυθῶν
1461 3291 1655 3366 ἐκείνῳ,
1706 3297 1798 3346 καὶ
1853 3301 1962 3357 τοῖς

353 3378 738 3447 γνησιωτάτοις
824 3379 987 3432 αὐτοῦ
1075 3388 1176 3433 τῶν
1269 3383 1516 3454 μαθητῶν
1588 3382 1960 3458 ἐναριθμούμε-

351 3485 438 3530 νος
468 3468 560 3539 (5),
617 3466 799 3530 ἐπειδὴ
850 3469 1130 3530 ἐπανῆλθεν
1173 3472 1244 3535 εἰς
1281 3477 1378 3533 τὴν
1426 3473 1631 3539 ἑαυτοῦ,
1676 3481 1750 3526 τῶ
1779 3493 1957 3547 μακα-

345 3559 589 3633 ριωτάτῳ
643 3558 912 3633 ἐπίσκόπῳ
970 3562 1047 3633 (6)
1107 3561 1399 3636 Ἑρμογένει
1450 3563 1521 3634 τῷ
1592 3568 1912 3637 Καισαρείας
1937 3602 1953 3630 ,

346 3651 576 3721 κρίνοντι
618 3651 776 3701 αὐτόν
831 3649 915 3703 ἐπὶ
967 3658 1031 3724 τῇ
1087 3649 1398 3725 κακοδοξίᾳ,
1459 3652 1736 3726 ὁμολογίαν
1792 3649 1957 3707 ἔδωκε

347 3739 576 3800 πίστεως
624 3738 835 3810 ὑγιοῦς.
873 3743 976 3792 Καὶ
1019 3739 1155 3793 οὕτω
1210 3745 1305 3800 τὴν
1347 3746 1673 3817 χειροτονίαν
1720 3741 1808 3795 ὑπ’
1863 3742 1955 3795 αὐ-

349 3831 443 3877 τοῦ
501 3822 775 3901 δεξάμενος
817 3828 919 3900 (7),
961 3831 1093 3902 μετὰ
1137 3835 1231 3889 τὴν
1280 3829 1475 3884 ἐκείνου
1531 3837 1782 3905 κοίμησιν
1824 3834 1951 3905 πρὸς

347 3917 437 3966 τόν
488 3914 572 3969 ἐπὶ
626 3924 719 3978 τῆς
755 3918 1337 3981 Κωνσταντινουπόλεως
1373 3920 1623 3973 Εὐσέϐιόν
1676 3917 1898 3996 ἔδραμεν
1930 3965 1946 3991 ,

344 3999 554 4067 οὐδενός
601 4005 810 4059 ἔλαττον
852 4010 945 4060 καὶ
995 4007 1149 4061 αὐτὸν
1204 4011 1263 4061 τό
1303 4004 1555 4070 δυσσεϐὲς
1619 4005 1798 4082 δόγμα
1855 4016 1947 4062 τοῦ

345 4092 551 4167 Ἀρείου
608 4094 964 4169 πρεσϐεύοντα
996 4137 1009 4151 .
1068 4097 1197 4149 Εἶτα
1256 4095 1445 4150 ἐκεῖθεν
1512 4093 1605 4150 διὰ
1667 4097 1783 4159 οἵας
1850 4094 1945 4156 δή-

343 4201 470 4236 ποτε
513 4184 593 4253 (8)
647 4182 821 4248 αἰτίας
868 4184 1177 4254 ἀπελαθεὶς,
1219 4185 1379 4239 ἐλθὼν
1433 4195 1547 4250 τοῖς
1591 4184 1675 4240 ἐπί
1710 4195 1806 4250 τῆς
1846 4207 1944 4241 πα-

340 4269 523 4348 τρίδος
587 4272 953 4346 ἀπελογήσατο
1012 4276 1166 4329 πάλιν
1191 4293 1204 4308 ’
1253 4280 1314 4330 τό
1367 4279 1460 4350 μεν
1516 4274 1775 4341 δυσσεϐὲς
1836 4277 1943 4332 ἐπι-

342 4366 693 4435 κρυπτόμενος
739 4368 1017 4437 φρόνημα,
1069 4365 1319 4441 ῥημάτων
1377 4363 1438 4420 δέ
1491 4385 1609 4420 τινα
1683 4367 1941 4441 ὀρθότητα

2070 3307 2190 3365 que
2226 3290 2384 3347 inter
2410 3290 2909 3362 germanissimos
2944 3290 3104 3346 illius
3141 3289 3473 3361 discipulos
3511 3305 3727 3345 nume-

2065 3384 2264 3449 ratus,
2310 3382 2714 3452 posteaquam
2741 3378 2918 3435 rediit
2944 3378 3007 3435 in
3050 3379 3332 3451 patriam,
3370 3377 3726 3434 beatissimo

2068 3470 2353 3526 Caesareas
2384 3468 2673 3541 episcopo
2702 3468 3081 3541 Hermogeni,
3114 3467 3317 3541 ipsum
3355 3467 3437 3523 ob
3465 3482 3722 3539 pravam

2063 3557 2428 3614 doctrinam’
2460 3557 2930 3629 condemnanti,
2972 3557 3418 3613 confessionem
3441 3571 3609 3613 sanie
3650 3555 3722 3612 ﬁ-

2062 3646 2161 3704 dei
2200 3646 2438 3704 obtulit.
2476 3635 2671 3718 Atqué
2717 3648 2800 3703 ita
2852 3645 2931 3703 ab
2991 3646 3130 3718 ipso
3183 3647 3531 3716 ordinatus,
3581 3650 3722 3718 post

2059 3735 2219 3794 illius
2250 3735 2676 3792 dormitionem
2707 3735 2911 3792 statim
2951 3735 3031 3791 ad
3074 3734 3400 3791 Eusebium
3431 3737 3719 3791 Constan-

2058 3824 2524 3899 tinopolitanum
2558 3824 2836 3892 accurrit,
2870 3824 2973 3896 qui
3022 3828 3080 3881 et
3121 3823 3250 3896 ipse
3292 3822 3522 3879 nemini
3562 3837 3713 3878 con-

2057 3914 2312 3972 cedebat
2348 3913 2412 3970 in
2458 3913 2652 3985 impio
2694 3911 2813 3969 Arii
2860 3912 3149 3983 dogmate
3197 3913 3444 3968 tuendo.
3490 3911 3712 3968 Deinde

2054 4005 2197 4063 hinc
2237 4004 2316 4060 ob
2355 4003 2590 4076 aliquas
2637 4018 2899 4075 causas,
2947 4018 3333 4076 quaecunque
3388 4001 3504 4058 illae
3551 4001 3706 4072 sint,

2054 4099 2362 4169 expulsus,
2395 4109 2533 4150 cum
2578 4093 2659 4149 ad
2706 4109 2849 4149 suos
2899 4093 3226 4166 populares
3273 4093 3575 4160 venisset,
3606 4092 3708 4148 ite-

2051 4201 2189 4243 rum
2237 4200 2402 4241 sesse
2459 4183 2756 4256 purgavit,
2806 4183 3062 4257 impiam
3100 4182 3350 4256 quidem
3394 4183 3706 4239 occultans

2051 4274 2409 4332 sententiam
2443 4289 2457 4340 ;
2496 4273 2560 4330 in
2598 4273 2800 4329 verbis
2834 4278 3039 4330 autem
3068 4273 3214 4329 recti
3245 4273 3478 4345 aliquid
3521 4276 3580 4328 et
3606 4288 3703 4328 ac-

2049 4364 2238 4422 curati
2271 4380 2397 4437 prae
2426 4379 2491 4419 se
2526 4362 2745 4419 ferens.
2768 4364 3197 4435 Episcopatum
3228 4362 3378 4419 forte
3408 4362 3664 4433 adeptus
3686 4400 3700 4426 ,

343 4449 753 4525 προϐαλλόμενος
807 4455 899 4524 (9).
952 4458 1055 4507 Καὶ
1107 4459 1286 4526 τυχὼν
1351 4463 1443 4517 τῆς
1503 4454 1817 4527 ἐπισκοπῆς,
1872 4457 1939 4518 ὡς

2077 4457 2205 4512 Ilico
2253 4453 2620 4527 comperitur
2675 4453 3254 4510 anathematismum
3305 4449 3704 4507 consubstan-

344 4592 944 4717 a.£31’,,“"“"“"6m
996 4596 1174 4654 COiSI'
1225 4596 1459 4670 Primus
1498 4600 1556 4656 et
1599 4598 1750 4656 Med.
1780 4618 1940 4672 μετα.

382 4683 550 4717 ουναι.

415 4738 523 4812 (98.)
564 4739 696 4812 Παρ¹
740 4740 889 4812 ἡμῖν.
944 4738 1094 4812 Editi
1131 4739 1367 4796 addunt
1408 4745 1500 4795 καὶ
1535 4744 1601 4794 τὰ
1644 4738 1935 4798 σκάνδαλα.

343 4808 517 4874 Quod
542 4808 1026 4867 additamentum
1050 4810 1217 4868 deest
1238 4812 1300 4867 in
1325 4816 1458 4869 octo
1491 4829 1637 4868 mss.

412 4881 528 4948 (99)
568 4884 794 4957 φανερὸν.
815 4887 1207 4957 καταστήσατλε.
1238 4883 1484 4939 Videtur
1509 4884 1710 4957 prima
1739 4883 1939 4956 specie

341 4952 680 5027 accuratior
697 4952 1003 5027 editorum
1039 4954 1238 5027 lectio“
1257 4952 1934 5027 φανεροὺξκαταστῆσητε.

343 5022 458 5079 Sed
481 5028 683 5079 tamen
702 5023 1011 5080 discedere
1032 5040 1155 5081 non
1181 5022 1322 5083 libet
1336 5022 1415 5082 ab
1437 5027 1785 5083 auctoritate
1804 5031 1938 5083 octo

340 5099 609 5170 veterum
638 5094 952 5170 librorum,
976 5112 1116 5151 cum
1155 5098 1485 5170 praesertim
1516 5113 1726 5170 eorum
1752 5099 1940 5170 scrip-

342 5168 497 5234 tura,
525 5182 715 5239 quam
745 5167 815 5239 in
834 5172 998 5239 textu
1036 5167 1374 5239 posuimus,
1407 5169 1732 5225 commodo
1759 5167 1940 5225 sensu

342 5251 467 5313 non
514 5243 734 5313 careat.
794 5238 1053 5313 Legitur
1083 5238 1264 5293 etiam
1305 5244 1534 5313 yet-acpbe
1572 5241 1632 5295 in
1682 5240 1942 5313 editione

345 5308 574 5377 Hagan.
613 5308 839 5364 Ibidem
869 5308 1180 5366 Medicinas
1210 5308 1402 5365 codex
1432 5308 1571 5367 cum
1610 5310 1799 5367 tribus
1837 5314 1943 5368 Re-

346 5378 459 5453 giis
488 5379 826 5441 Ἐκκλησίαις
856 5381 1022 5453 ὑμῶν.
1074 5380 1189 5436 Sed
1233 5383 1428 5449 magis
1460 5380 1657 5452 placet
1700 5382 1945 5452 vulgata

348 5449 660 5532 scriptura.
684 5449 1069 5532 Supifa'enim
1101 5457 1391 5532 rogantur
1416 5449 1846 5532 Occidentales,
1882 5458 1948 5532 ut

350 5521 649 5587 ejusmodi
680 5521 955 5579 homines
977 5521 1230 5579 Orientis
1257 5521 1533 5579 Ecclesiis
1570 5521 1944 5580 denuntient.

425 5590 504 5671 (Ι)
540 5597 758 5671 nigra-clear
790 5594 986 5671 αὑτῷν.
1027 5593 1206 5651 Coisl.
1238 5594 1474 5671 primus
1496 5594 1722 5671 et_Med.
1746 5599 1949 5671 μακρὰν

351 5659 546 5738 αυτοῖς.
573 5659 799 5738 ibidem
822 5659 964 5723 editi
989 5659 1261 5738 τοσοῇτονῖ
1291 5664 1462 5721 Coisl.
1488 5666 1719 5738 primus
1746 5659 1806 5721 et
1832 5659 1951 5724 tres

347 5732 447 5793 alii
474 5738 541 5792 ut
567 5733 629 5792 in
659 5739 842 5795 textu.
867 5738 998 5795 Mox
1025 5735 1265 5795 codices
1301 5732 1577 5793 nonnulli
1605 5739 1737 5812 πρὸς
1765 5740 1843 5795 τό.

2143 4597 2199 4667 2)
2240 4598 2393 4670 Παρὰ
2416 4603 2507 4648 τοῦ
2539 4602 2695 4670 Θεοῦ.
2728 4597 2901 4670 Deest
2937 4593 3278 4670 praepositio
3307 4591 3575 4670 in‘goisl.
3613 4597 3664 4648 t.

2143 4600 2199 4667 2)
2240 4600 2393 4670 Παρὰ
2416 4603 2507 4648 τοῦ
2539 4602 2695 4650 Θεοῦ.
2728 4600 2901 4651 Deest
2937 4600 3278 4668 praepositio
3307 4600 3369 4649 in
3401 4600 3575 4649 Coisl.
3613 4600 3664 4648 1.

2120 4600 2769 4741 (3)Κατασκευαζόντων.
2830 4668 2916 4723 Ita
2973 4682 3120 4723 mss.
3164 4669 3321 4721 octo.
3364 4664 3512 4722 Editi
3535 4681 3700 4737 παρα-

2048 4740 2424 4801 πευαζὸντων.

2118 4814 2199 4885 (4)
2238 4816 2343 4885 Καὶ
2372 4810 2476 4885 an.
2508 4808 2864 4885 Conjunctio
2889 4806 3097 4885 addita
3126 4822 3201 4863 ex
3229 4821 3502 4885 s_ex.r_ns_s.

2118 4878 2197 4956 (ὅ)
2236 4878 2722 4957 Ἐναριθμούμενός.
2764 4883 2853 4957 rlta
2882 4883 3018 4935 octo
3051 4896 3198 4957 _rp_ss.
3242 4878 3391 4957 Edjti
3431 4879 3480 4932 ἐν
3522 4885 3698 4943 τοῖς...

2049 4949 2454 5031 ἁρὶθμούμενοςξ
2476 4949 2725 5032 excepta
2754 4956 2956 5007 tamen
2997 4949 3255 5007 editione
3293 4951 3531 5023 Hagan.
3561 4968 3698 5026 quae

2047 5029 2188 5084 cum
2219 5042 2365 5081 mss.
2396 5029 2711 5079 consentit.

2121 5100 2197 5170 (6)
2232 5098 2558 5170 Ἐπισκόπῳ.
2579 5096 2754 5170 peest
2774 5107 2857 5170 ea
2883 5108 3014 5170 vo_x_
3031 5092 3095 5149 in
3119 5093 3652 5170 codiccrltledicteo.

2240 5164 2534 5247 Δεξάμενος.
2578 5165 2682 5220 Hic
2709 5164 2860 5247 editi
2897 5165 3131 5247 addunt
3170 5167 3489 5247 Ευστάθιος,
3535 5165 3703 5247 quod

2049 5236 2265 5296 melius
2311 5236 2485 5294 abest
2534 5253 2572 5309 _a
2613 5236 2923 5309 codicibus
2973 5236 3127 5309 Harl.
3169 5242 3228 5295 et
3276 5237 3451 5294 Coisl.
3484 5236 3701 5309 primo.

2055 5309 2239 5369 Paulo
2261 5315 2399 5380 post
2428 5307 2740 5380 Medicinas
2761 5308 2952 5364 codex
2981 5307 3031 5380 ἐν
3063 5307 3623 5363 Κωνσταντινουπίόλει.

2126 5381 2204 5452 (8)
2246 5377 2340 5452 riui;
2368 5381 2486 5452 οἵας
2522 5377 2736 5437 δήποτε.
2782 5380 2866 5452 Ita
2915 5379 3060 5435 Med.
3118 5385 3176 5436 et
3226 5381 3401 5452 Coisl.
3445 5380 3703 5452 primus.

2056 5448 2206 5509 Editi
2254 5449 2328 5505 δι’
2358 5452 2415 5513 ἃς
2458 5448 2676 5510 δήποτε.
2710 5450 2896 5522 Paulo
2934 5456 3075 5522 post
3102 5453 3163 5506 in
3194 5450 3369 5522 Coisl.
3411 5448 3608 5520 primo
3651 5452 3711 5504 et

2057 5523 2189 5582 aliis
2217 5522 2522 5579 nonnullis
2553 5522 2769 5592 legitur
2790 5521 3176 5593 ἀπελογήσατο,
3197 5521 3351 5593 πάλιν
3377 5525 3455 5593 τό,
3496 5524 3606 5575 etc.

2131 5598 2208 5667 (9)
2250 5589 2683 5667 Πρρϐαλλόμενᾱς.
2736 5589 3019 5667 lta_mss.
3066 5589 3184 5647 sex.
3235 5589 3711 5667 _Editi_7rpoc6al-

2061 5661 2526 5739 Musaeo-Paule
2545 5670 2684 5738 post
2712 5664 2852 5721 editi
2883 5669 3115 5736 φαίνεται
3140 5661 3366 5734 γράψαι.
3402 5661 3515 5717 Sex
3563 5676 3710 5716 mss.

2064 5737 2217 5796 utin
2247 5740 2430 5796 textu.
