  <div class='ocr_page' id='page_1' title='image "/cluster/home/n/w/nwhite01/storage/ocr_20150623/32:no.4/coo.31924054869296/499.png"; bbox 0 0 4146 6388; ppageno 0'>
   <div class='ocr_carea' id='block_1_1' title="bbox 447 344 552 402">
    <p class='ocr_par' dir='ltr' id='par_1_1' title="bbox 447 344 552 402">
     <span class='ocr_line' id='line_1_1' title="bbox 447 344 552 402; baseline -0.019 0"><span class='ocrx_word' id='word_1_1' title='bbox 447 344 552 402; x_wconf 77' lang='grc'><strong>979</strong></span> 
     </span>
    </p>
   </div>
   <div class='ocr_carea' id='block_1_2' title="bbox 1827 338 2430 402">
    <p class='ocr_par' dir='ltr' id='par_1_2' title="bbox 1827 338 2430 402">
     <span class='ocr_line' id='line_1_2' title="bbox 1827 338 2430 402; baseline 0.003 -2"><span class='ocrx_word' id='word_1_2' title='bbox 1827 346 1885 400; x_wconf 82' lang='grc'><strong>8.</strong></span> <span class='ocrx_word' id='word_1_3' title='bbox 1925 338 2176 400; x_wconf 76' lang='lat' dir='ltr'><strong>BASlLIi</strong></span> <span class='ocrx_word' id='word_1_4' title='bbox 2213 344 2430 402; x_wconf 73' lang='lat' dir='ltr'><strong>MAGNI</strong></span> 
     </span>
    </p>
   </div>
   <div class='ocr_carea' id='block_1_3' title="bbox 3708 345 3825 400">
    <p class='ocr_par' dir='ltr' id='par_1_3' title="bbox 3708 345 3825 400">
     <span class='ocr_line' id='line_1_3' title="bbox 3708 345 3825 400; baseline -0.017 0"><span class='ocrx_word' id='word_1_5' title='bbox 3708 345 3825 400; x_wconf 79' lang='lat'><strong>980</strong></span> 
     </span>
    </p>
   </div>
   <div class='ocr_carea' id='block_1_4' title="bbox 448 466 2112 542">
    <p class='ocr_par' dir='ltr' id='par_1_4' title="bbox 448 467 2101 542">
     <span class='ocr_line' id='line_1_4' title="bbox 448 467 2101 542; baseline -0.002 -16"><span class='ocrx_word' id='word_1_6' title='bbox 448 467 608 526; x_wconf 86' lang='lat' dir='ltr'><strong>tialis</strong></span> <span class='ocrx_word' id='word_1_7' title='bbox 653 469 966 542; x_wconf 78' lang='lat' dir='ltr'><strong>scripsisse</strong></span> <span class='ocrx_word' id='word_1_8' title='bbox 992 471 1053 526; x_wconf 90' lang='lat' dir='ltr'><strong>in</strong></span> <span class='ocrx_word' id='word_1_9' title='bbox 1080 472 1401 542; x_wconf 81' lang='lat' dir='ltr'><strong>Ancyrana</strong></span> <span class='ocrx_word' id='word_1_10' title='bbox 1439 469 1697 541; x_wconf 79' lang='lat' dir='ltr'><strong>synodo,</strong></span> <span class='ocrx_word' id='word_1_11' title='bbox 1727 482 1863 540; x_wconf 75' lang='lat' dir='ltr'><strong>quae</strong></span> <span class='ocrx_word' id='word_1_12' title='bbox 1907 467 1986 524; x_wconf 89' lang='lat' dir='ltr'><strong>ab</strong></span> <span class='ocrx_word' id='word_1_13' title='bbox 2017 467 2101 540; x_wconf 90' lang='lat' dir='ltr'><strong>ip-</strong></span> 
     </span>
    </p>
   </div>
   <div class='ocr_carea' id='block_1_5' title="bbox 2223 466 3823 542">
    <p class='ocr_par' dir='ltr' id='par_1_5' title="bbox 2223 466 3823 542">
     <span class='ocr_line' id='line_1_5' title="bbox 2223 466 3823 542; baseline -0.001 -24"><span class='ocrx_word' id='word_1_14' title='bbox 2223 467 2420 538; x_wconf 74' lang='grc' dir='ltr'>ἕτυχεν,</span> <span class='ocrx_word' id='word_1_15' title='bbox 2478 468 2625 542; x_wconf 71' lang='grc' dir='ltr'>εὐθὺς</span> <span class='ocrx_word' id='word_1_16' title='bbox 2681 469 2914 539; x_wconf 70' lang='grc' dir='ltr'>φαίνεται</span> <span class='ocrx_word' id='word_1_17' title='bbox 2970 469 3183 541; x_wconf 69' lang='grc' dir='ltr'>γράψας</span> <span class='ocrx_word' id='word_1_18' title='bbox 3239 466 3662 540; x_wconf 74' lang='grc' dir='ltr'>ἀναθεματισμον</span> <span class='ocrx_word' id='word_1_19' title='bbox 3720 471 3823 519; x_wconf 85' lang='grc' dir='ltr'>τοῦ</span> 
     </span>
    </p>
   </div>
   <div class='ocr_carea' id='block_1_6' title="bbox 447 557 2100 615">
    <p class='ocr_par' dir='ltr' id='par_1_6' title="bbox 447 557 2100 615">
     <span class='ocr_line' id='line_1_6' title="bbox 447 557 2100 615; baseline -0.002 -1"><span class='ocrx_word' id='word_1_20' title='bbox 447 558 530 614; x_wconf 87' lang='lat' dir='ltr'><strong>sis</strong></span> <span class='ocrx_word' id='word_1_21' title='bbox 557 558 921 614; x_wconf 87' lang='lat' dir='ltr'><strong>habebatur.</strong></span> <span class='ocrx_word' id='word_1_22' title='bbox 956 560 1100 615; x_wconf 85' lang='lat' dir='ltr'><strong>Hinc</strong></span> <span class='ocrx_word' id='word_1_23' title='bbox 1131 565 1334 615; x_wconf 88' lang='lat' dir='ltr'><strong>autem</strong></span> <span class='ocrx_word' id='word_1_24' title='bbox 1374 575 1512 614; x_wconf 89' lang='lat' dir='ltr'><strong>cum</strong></span> <span class='ocrx_word' id='word_1_25' title='bbox 1541 557 1872 614; x_wconf 80' lang='lat' dir='ltr'><strong>Seleuciam</strong></span> <span class='ocrx_word' id='word_1_26' title='bbox 1901 557 2100 611; x_wconf 87' lang='lat' dir='ltr'><strong>venis-</strong></span> 
     </span>
    </p>
   </div>
   <div class='ocr_carea' id='block_1_7' title="bbox 446 645 2098 719">
    <p class='ocr_par' dir='ltr' id='par_1_7' title="bbox 446 645 2098 719">
     <span class='ocr_line' id='line_1_7' title="bbox 446 645 2098 719; baseline -0.002 -16"><span class='ocrx_word' id='word_1_27' title='bbox 446 654 554 719; x_wconf 88' lang='lat' dir='ltr'><strong>set,</strong></span> <span class='ocrx_word' id='word_1_28' title='bbox 585 663 658 703; x_wconf 89' lang='lat' dir='ltr'><strong>ea</strong></span> <span class='ocrx_word' id='word_1_29' title='bbox 684 648 870 718; x_wconf 82' lang='lat' dir='ltr'><strong>gessit</strong></span> <span class='ocrx_word' id='word_1_30' title='bbox 898 665 1038 703; x_wconf 92' lang='lat' dir='ltr'><strong>cum</strong></span> <span class='ocrx_word' id='word_1_31' title='bbox 1066 665 1188 704; x_wconf 69' lang='lat' dir='ltr'><strong>sua:</strong></span> <span class='ocrx_word' id='word_1_32' title='bbox 1217 648 1524 704; x_wconf 75' lang='lat' dir='ltr'><strong>sententiae</strong></span> <span class='ocrx_word' id='word_1_33' title='bbox 1559 645 1936 702; x_wconf 86' lang='lat' dir='ltr'><strong>consortibus</strong></span> <span class='ocrx_word' id='word_1_34' title='bbox 1962 662 2098 718; x_wconf 64' lang='lat' dir='ltr'><strong>qua</strong></span> 
     </span>
    </p>
   </div>
   <div class='ocr_carea' id='block_1_8' title="bbox 443 735 2099 808">
    <p class='ocr_par' dir='ltr' id='par_1_8' title="bbox 443 735 2099 808">
     <span class='ocr_line' id='line_1_8' title="bbox 443 735 2099 808; baseline -0.002 -15"><span class='ocrx_word' id='word_1_35' title='bbox 443 753 660 794; x_wconf 90' lang='lat' dir='ltr'><strong>omnes</strong></span> <span class='ocrx_word' id='word_1_36' title='bbox 689 743 933 794; x_wconf 89' lang='lat' dir='ltr'><strong>norunt.</strong></span> <span class='ocrx_word' id='word_1_37' title='bbox 962 736 1480 808; x_wconf 76' lang='lat' dir='ltr'><strong>Constantinopoli</strong></span> <span class='ocrx_word' id='word_1_38' title='bbox 1526 739 1730 791; x_wconf 89' lang='lat' dir='ltr'><strong>autem</strong></span> <span class='ocrx_word' id='word_1_39' title='bbox 1766 735 1982 791; x_wconf 82' lang='lat' dir='ltr'><strong>iterum</strong></span> <span class='ocrx_word' id='word_1_40' title='bbox 2010 750 2099 790; x_wconf 87' lang='lat' dir='ltr'><strong>as-</strong></span> 
     </span>
    </p>
   </div>
   <div class='ocr_carea' id='block_1_9' title="bbox 445 823 2096 898">
    <p class='ocr_par' dir='ltr' id='par_1_9' title="bbox 445 823 2096 898">
     <span class='ocr_line' id='line_1_9' title="bbox 445 823 2096 898; baseline 0.001 -18"><span class='ocrx_word' id='word_1_41' title='bbox 445 842 661 882; x_wconf 86' lang='lat' dir='ltr'><strong>sensus</strong></span> <span class='ocrx_word' id='word_1_42' title='bbox 693 830 782 881; x_wconf 93' lang='lat' dir='ltr'><strong>est</strong></span> <span class='ocrx_word' id='word_1_43' title='bbox 809 826 880 882; x_wconf 91' lang='lat' dir='ltr'><strong>iis</strong></span> <span class='ocrx_word' id='word_1_44' title='bbox 907 843 1044 898; x_wconf 68' lang='lat' dir='ltr'><strong>qua:</strong></span> <span class='ocrx_word' id='word_1_45' title='bbox 1073 826 1150 882; x_wconf 92' lang='lat' dir='ltr'><strong>ab</strong></span> <span class='ocrx_word' id='word_1_46' title='bbox 1175 825 1468 882; x_wconf 63' lang='lat' dir='ltr'><strong>haereticis</strong></span> <span class='ocrx_word' id='word_1_47' title='bbox 1490 824 1805 897; x_wconf 88' lang='lat' dir='ltr'><strong>proposita</strong></span> <span class='ocrx_word' id='word_1_48' title='bbox 1835 823 2096 881; x_wconf 81' lang='lat' dir='ltr'><strong>fuerunt.</strong></span> 
     </span>
    </p>
   </div>
   <div class='ocr_carea' id='block_1_10' title="bbox 441 915 2099 988">
    <p class='ocr_par' dir='ltr' id='par_1_10' title="bbox 441 915 2099 988">
     <span class='ocr_line' id='line_1_10' title="bbox 441 915 2099 988; baseline -0.001 -17"><span class='ocrx_word' id='word_1_49' title='bbox 441 919 638 988; x_wconf 82' lang='lat' dir='ltr'><strong>Atque</strong></span> <span class='ocrx_word' id='word_1_50' title='bbox 713 915 796 971; x_wconf 86' lang='lat' dir='ltr'><strong>ita</strong></span> <span class='ocrx_word' id='word_1_51' title='bbox 866 930 939 970; x_wconf 86' lang='lat' dir='ltr'><strong>ex</strong></span> <span class='ocrx_word' id='word_1_52' title='bbox 1007 915 1362 986; x_wconf 86' lang='lat' dir='ltr'><strong>episcopatu</strong></span> <span class='ocrx_word' id='word_1_53' title='bbox 1427 915 1700 986; x_wconf 86' lang='lat' dir='ltr'><strong>ejectus,</strong></span> <span class='ocrx_word' id='word_1_54' title='bbox 1776 917 2099 986; x_wconf 82' lang='lat' dir='ltr'><strong>propterea</strong></span> 
     </span>
    </p>
   </div>
   <div class='ocr_carea' id='block_1_11' title="bbox 438 1001 2096 1076">
    <p class='ocr_par' dir='ltr' id='par_1_11' title="bbox 438 1001 2096 1076">
     <span class='ocr_line' id='line_1_11' title="bbox 438 1001 2096 1076; baseline -0.001 -17"><span class='ocrx_word' id='word_1_55' title='bbox 438 1003 608 1076; x_wconf 90' lang='lat' dir='ltr'><strong>quod</strong></span> <span class='ocrx_word' id='word_1_56' title='bbox 648 1007 825 1060; x_wconf 84' lang='lat' dir='ltr'><strong>antea</strong></span> <span class='ocrx_word' id='word_1_57' title='bbox 867 1004 1136 1060; x_wconf 68' lang='lat' dir='ltr'><strong>Melitinze</strong></span> <span class='ocrx_word' id='word_1_58' title='bbox 1187 1002 1502 1076; x_wconf 87' lang='lat' dir='ltr'><strong>depositus</strong></span> <span class='ocrx_word' id='word_1_59' title='bbox 1549 1007 1726 1070; x_wconf 88' lang='lat' dir='ltr'><strong>esset,</strong></span> <span class='ocrx_word' id='word_1_60' title='bbox 1775 1003 1934 1059; x_wconf 91' lang='lat' dir='ltr'><strong>hanc</strong></span> <span class='ocrx_word' id='word_1_61' title='bbox 1983 1001 2096 1057; x_wconf 90' lang='lat' dir='ltr'><strong>sibi</strong></span> 
     </span>
    </p>
   </div>
   <div class='ocr_carea' id='block_1_12' title="bbox 435 1091 2093 1165">
    <p class='ocr_par' dir='ltr' id='par_1_12' title="bbox 435 1091 2093 1165">
     <span class='ocr_line' id='line_1_12' title="bbox 435 1091 2093 1165; baseline -0.001 -16"><span class='ocrx_word' id='word_1_62' title='bbox 435 1092 825 1150; x_wconf 89' lang='lat' dir='ltr'><strong>restitutionis</strong></span> <span class='ocrx_word' id='word_1_63' title='bbox 854 1093 1017 1148; x_wconf 87' lang='lat' dir='ltr'><strong>viam</strong></span> <span class='ocrx_word' id='word_1_64' title='bbox 1047 1092 1291 1165; x_wconf 82' lang='lat' dir='ltr'><strong>invenit,</strong></span> <span class='ocrx_word' id='word_1_65' title='bbox 1329 1098 1395 1149; x_wconf 89' lang='lat' dir='ltr'><strong>ut</strong></span> <span class='ocrx_word' id='word_1_66' title='bbox 1424 1093 1505 1150; x_wconf 90' lang='lat' dir='ltr'><strong>ad</strong></span> <span class='ocrx_word' id='word_1_67' title='bbox 1549 1109 1661 1149; x_wconf 87' lang='lat' dir='ltr'><strong>vos</strong></span> <span class='ocrx_word' id='word_1_68' title='bbox 1693 1108 1755 1148; x_wconf 90' lang='lat' dir='ltr'><strong>se</strong></span> <span class='ocrx_word' id='word_1_69' title='bbox 1782 1091 2093 1148; x_wconf 87' lang='lat' dir='ltr'><strong>conferret.</strong></span> 
     </span>
    </p>
   </div>
   <div class='ocr_carea' id='block_1_13' title="bbox 437 1175 2091 1255">
    <p class='ocr_par' dir='ltr' id='par_1_13' title="bbox 437 1175 2091 1255">
     <span class='ocr_line' id='line_1_13' title="bbox 437 1175 2091 1255; baseline -0.002 -19"><span class='ocrx_word' id='word_1_70' title='bbox 437 1175 728 1246; x_wconf 58' lang='lat' dir='ltr'><strong>Quaenam</strong></span> <span class='ocrx_word' id='word_1_71' title='bbox 786 1185 990 1236; x_wconf 88' lang='lat' dir='ltr'><strong>autem</strong></span> <span class='ocrx_word' id='word_1_72' title='bbox 1035 1182 1085 1236; x_wconf 92' lang='lat' dir='ltr'><strong>ei</strong></span> <span class='ocrx_word' id='word_1_73' title='bbox 1123 1182 1436 1255; x_wconf 84' lang='lat' dir='ltr'><strong>proposita</strong></span> <span class='ocrx_word' id='word_1_74' title='bbox 1474 1182 1692 1238; x_wconf 81' lang='lat' dir='ltr'><strong>fuerint</strong></span> <span class='ocrx_word' id='word_1_75' title='bbox 1738 1197 1775 1237; x_wconf 89' lang='lat' dir='ltr'><strong>a</strong></span> <span class='ocrx_word' id='word_1_76' title='bbox 1817 1179 2091 1236; x_wconf 83' lang='lat' dir='ltr'><strong>beatissi-</strong></span> 
     </span>
    </p>
   </div>
   <div class='ocr_carea' id='block_1_14' title="bbox 435 1269 2092 1344">
    <p class='ocr_par' dir='ltr' id='par_1_14' title="bbox 435 1269 2092 1344">
     <span class='ocr_line' id='line_1_14' title="bbox 435 1269 2092 1344; baseline -0.002 -18"><span class='ocrx_word' id='word_1_77' title='bbox 435 1286 540 1327; x_wconf 91' lang='lat' dir='ltr'><strong>mo</strong></span> <span class='ocrx_word' id='word_1_78' title='bbox 571 1269 858 1343; x_wconf 87' lang='lat' dir='ltr'><strong>episcopo</strong></span> <span class='ocrx_word' id='word_1_79' title='bbox 887 1270 1140 1341; x_wconf 90' lang='lat' dir='ltr'><strong>Liberio,</strong></span> <span class='ocrx_word' id='word_1_80' title='bbox 1180 1275 1239 1326; x_wconf 87' lang='lat' dir='ltr'><strong>et</strong></span> <span class='ocrx_word' id='word_1_81' title='bbox 1267 1271 1639 1344; x_wconf 84' lang='lat' dir='ltr'><strong>quibusnam</strong></span> <span class='ocrx_word' id='word_1_82' title='bbox 1669 1285 1958 1326; x_wconf 88' lang='lat' dir='ltr'><strong>assensus</strong></span> <span class='ocrx_word' id='word_1_83' title='bbox 1999 1270 2092 1332; x_wconf 91' lang='lat' dir='ltr'><strong>sit,</strong></span> 
     </span>
    </p>
   </div>
   <div class='ocr_carea' id='block_1_15' title="bbox 434 1359 2095 1433">
    <p class='ocr_par' dir='ltr' id='par_1_15' title="bbox 434 1359 2095 1433">
     <span class='ocr_line' id='line_1_15' title="bbox 434 1359 2095 1433; baseline -0.001 -17"><span class='ocrx_word' id='word_1_84' title='bbox 434 1360 812 1429; x_wconf 79' lang='lat' dir='ltr'><strong>ignoramus,</strong></span> <span class='ocrx_word' id='word_1_85' title='bbox 846 1359 962 1416; x_wconf 90' lang='lat' dir='ltr'><strong>nisi</strong></span> <span class='ocrx_word' id='word_1_86' title='bbox 1000 1361 1168 1433; x_wconf 91' lang='lat' dir='ltr'><strong>quod</strong></span> <span class='ocrx_word' id='word_1_87' title='bbox 1199 1360 1516 1433; x_wconf 87' lang='lat' dir='ltr'><strong>epistolam</strong></span> <span class='ocrx_word' id='word_1_88' title='bbox 1553 1360 1766 1428; x_wconf 85' lang='lat' dir='ltr'><strong>attulit,</strong></span> <span class='ocrx_word' id='word_1_89' title='bbox 1786 1375 1923 1432; x_wconf 65' lang='lat' dir='ltr'><strong>quae</strong></span> <span class='ocrx_word' id='word_1_90' title='bbox 1955 1375 2095 1415; x_wconf 90' lang='lat' dir='ltr'><strong>eum</strong></span> 
     </span>
    </p>
   </div>
   <div class='ocr_carea' id='block_1_16' title="bbox 434 1448 2096 1522">
    <p class='ocr_par' dir='ltr' id='par_1_16' title="bbox 434 1448 2096 1522">
     <span class='ocr_line' id='line_1_16' title="bbox 434 1448 2096 1522; baseline -0.002 -16"><span class='ocrx_word' id='word_1_91' title='bbox 434 1449 830 1519; x_wconf 88' lang='lat' dir='ltr'><strong>restituebat,</strong></span> <span class='ocrx_word' id='word_1_92' title='bbox 881 1465 1074 1522; x_wconf 89' lang='lat' dir='ltr'><strong>eaque</strong></span> <span class='ocrx_word' id='word_1_93' title='bbox 1118 1453 1362 1506; x_wconf 88' lang='lat' dir='ltr'><strong>ostensa</strong></span> <span class='ocrx_word' id='word_1_94' title='bbox 1402 1449 1656 1505; x_wconf 89' lang='lat' dir='ltr'><strong>concilio</strong></span> <span class='ocrx_word' id='word_1_95' title='bbox 1692 1448 1990 1520; x_wconf 80' lang='lat' dir='ltr'><strong>Tyanensi</strong></span> <span class='ocrx_word' id='word_1_96' title='bbox 2032 1448 2096 1504; x_wconf 91' lang='lat' dir='ltr'><strong>in</strong></span> 
     </span>
    </p>
   </div>
   <div class='ocr_carea' id='block_1_17' title="bbox 435 1537 2096 1610">
    <p class='ocr_par' dir='ltr' id='par_1_17' title="bbox 435 1537 2096 1610">
     <span class='ocr_line' id='line_1_17' title="bbox 435 1537 2096 1610; baseline -0.001 -15"><span class='ocrx_word' id='word_1_97' title='bbox 435 1555 618 1595; x_wconf 86' lang='lat' dir='ltr'><strong>suum</strong></span> <span class='ocrx_word' id='word_1_98' title='bbox 659 1537 862 1594; x_wconf 88' lang='lat' dir='ltr'><strong>locum</strong></span> <span class='ocrx_word' id='word_1_99' title='bbox 895 1539 1198 1594; x_wconf 89' lang='lat' dir='ltr'><strong>restitutus</strong></span> <span class='ocrx_word' id='word_1_100' title='bbox 1243 1544 1352 1595; x_wconf 90' lang='lat' dir='ltr'><strong>est.</strong></span> <span class='ocrx_word' id='word_1_101' title='bbox 1402 1538 1506 1595; x_wconf 84' lang='lat' dir='ltr'><strong>Hic</strong></span> <span class='ocrx_word' id='word_1_102' title='bbox 1546 1553 1709 1594; x_wconf 89' lang='lat' dir='ltr'><strong>nunc</strong></span> <span class='ocrx_word' id='word_1_103' title='bbox 1766 1537 2096 1610; x_wconf 84' lang='lat' dir='ltr'><strong>depopula-</strong></span> 
     </span>
    </p>
   </div>
   <div class='ocr_carea' id='block_1_18' title="bbox 431 1627 2094 1700">
    <p class='ocr_par' dir='ltr' id='par_1_18' title="bbox 431 1627 2094 1700">
     <span class='ocr_line' id='line_1_18' title="bbox 431 1627 2094 1700; baseline -0.001 -16"><span class='ocrx_word' id='word_1_104' title='bbox 431 1631 533 1685; x_wconf 92' lang='lat' dir='ltr'><strong>tur</strong></span> <span class='ocrx_word' id='word_1_105' title='bbox 585 1627 774 1683; x_wconf 86' lang='lat' dir='ltr'><strong>ﬁdem</strong></span> <span class='ocrx_word' id='word_1_106' title='bbox 831 1627 1019 1698; x_wconf 88' lang='lat' dir='ltr'><strong>illam,</strong></span> <span class='ocrx_word' id='word_1_107' title='bbox 1059 1627 1141 1684; x_wconf 89' lang='lat' dir='ltr'><strong>ob</strong></span> <span class='ocrx_word' id='word_1_108' title='bbox 1187 1644 1375 1700; x_wconf 90' lang='lat' dir='ltr'><strong>quam</strong></span> <span class='ocrx_word' id='word_1_109' title='bbox 1417 1633 1736 1699; x_wconf 88' lang='lat' dir='ltr'><strong>susceptus</strong></span> <span class='ocrx_word' id='word_1_110' title='bbox 1768 1631 1879 1694; x_wconf 90' lang='lat' dir='ltr'><strong>est,</strong></span> <span class='ocrx_word' id='word_1_111' title='bbox 1913 1631 2094 1700; x_wconf 91' lang='lat' dir='ltr'><strong>atque</strong></span> 
     </span>
    </p>
   </div>
   <div class='ocr_carea' id='block_1_19' title="bbox 433 1717 2093 1791">
    <p class='ocr_par' dir='ltr' id='par_1_19' title="bbox 433 1717 2093 1791">
     <span class='ocr_line' id='line_1_19' title="bbox 433 1717 2093 1791; baseline -0.001 -17"><span class='ocrx_word' id='word_1_112' title='bbox 433 1734 560 1774; x_wconf 90' lang='lat' dir='ltr'><strong>una</strong></span> <span class='ocrx_word' id='word_1_113' title='bbox 590 1734 730 1774; x_wconf 92' lang='lat' dir='ltr'><strong>cum</strong></span> <span class='ocrx_word' id='word_1_114' title='bbox 769 1717 846 1774; x_wconf 89' lang='lat' dir='ltr'><strong>iis</strong></span> <span class='ocrx_word' id='word_1_115' title='bbox 875 1722 984 1788; x_wconf 90' lang='lat' dir='ltr'><strong>est,</strong></span> <span class='ocrx_word' id='word_1_116' title='bbox 1016 1718 1120 1791; x_wconf 87' lang='lat' dir='ltr'><strong>qui</strong></span> <span class='ocrx_word' id='word_1_117' title='bbox 1151 1718 1662 1774; x_wconf 88' lang='lat' dir='ltr'><strong>consubstantiale</strong></span> <span class='ocrx_word' id='word_1_118' title='bbox 1693 1717 2093 1775; x_wconf 88' lang='lat' dir='ltr'><strong>anathemati-</strong></span> 
     </span>
    </p>
   </div>
   <div class='ocr_carea' id='block_1_20' title="bbox 2210 554 3824 633">
    <p class='ocr_par' dir='ltr' id='par_1_20' title="bbox 2210 554 3824 633">
     <span class='ocr_line' id='line_1_20' title="bbox 2210 554 3824 633; baseline 0.001 -27"><span class='ocrx_word' id='word_1_119' title='bbox 2210 556 2535 628; x_wconf 85' lang='grc' dir='ltr'>όμοουσίου,</span> <span class='ocrx_word' id='word_1_120' title='bbox 2591 554 2640 607; x_wconf 73' lang='grc' dir='ltr'>ἓν</span> <span class='ocrx_word' id='word_1_121' title='bbox 2685 563 2756 608; x_wconf 82' lang='grc' dir='ltr'>τῶ</span> <span class='ocrx_word' id='word_1_122' title='bbox 2821 558 2954 608; x_wconf 84' lang='grc' dir='ltr'>κατὰ</span> <span class='ocrx_word' id='word_1_123' title='bbox 3001 560 3252 633; x_wconf 79' lang='grc' dir='ltr'>’Δγκύραν</span> <span class='ocrx_word' id='word_1_124' title='bbox 3309 561 3562 629; x_wconf 74' lang='grc' dir='ltr'>γενομένῳ</span> <span class='ocrx_word' id='word_1_125' title='bbox 3635 555 3824 618; x_wconf 74' lang='grc' dir='ltr'>αὐτοῖς</span> 
     </span>
    </p>
   </div>
   <div class='ocr_carea' id='block_1_21' title="bbox 2213 641 3825 716">
    <p class='ocr_par' dir='ltr' id='par_1_21' title="bbox 2213 641 3825 716">
     <span class='ocr_line' id='line_1_21' title="bbox 2213 641 3825 716; baseline 0 -20"><span class='ocrx_word' id='word_1_126' title='bbox 2213 643 2471 716; x_wconf 83' lang='grc' dir='ltr'>συλλόγῳ,</span> <span class='ocrx_word' id='word_1_127' title='bbox 2520 643 2767 697; x_wconf 79' lang='grc' dir='ltr'>Κάκεῖθεν</span> <span class='ocrx_word' id='word_1_128' title='bbox 2825 646 2911 698; x_wconf 80' lang='grc' dir='ltr'><strong>ἐπὶ</strong></span> <span class='ocrx_word' id='word_1_129' title='bbox 2977 651 3072 704; x_wconf 74' lang='grc' dir='ltr'>τὴν</span> <span class='ocrx_word' id='word_1_130' title='bbox 3141 647 3429 699; x_wconf 81' lang='grc' dir='ltr'>Σελεύκειαν</span> <span class='ocrx_word' id='word_1_131' title='bbox 3489 645 3668 714; x_wconf 78' lang='grc' dir='ltr'>ἐλθὼν,</span> <span class='ocrx_word' id='word_1_132' title='bbox 3731 641 3825 696; x_wconf 74' lang='grc' dir='ltr'><strong>δέ-</strong></span> 
     </span>
    </p>
   </div>
   <div class='ocr_carea' id='block_1_22' title="bbox 2210 730 3826 808">
    <p class='ocr_par' dir='ltr' id='par_1_22' title="bbox 2210 730 3826 808">
     <span class='ocr_line' id='line_1_22' title="bbox 2210 730 3826 808; baseline 0 -22"><span class='ocrx_word' id='word_1_133' title='bbox 2210 730 2374 806; x_wconf 84' lang='grc' dir='ltr'>δρακε</span> <span class='ocrx_word' id='word_1_134' title='bbox 2398 733 2505 806; x_wconf 84' lang='grc'><strong>(10)</strong></span> <span class='ocrx_word' id='word_1_135' title='bbox 2537 736 2667 806; x_wconf 74' lang='grc' dir='ltr'>μετά</span> <span class='ocrx_word' id='word_1_136' title='bbox 2715 743 2814 786; x_wconf 86' lang='grc' dir='ltr'>τῶν</span> <span class='ocrx_word' id='word_1_137' title='bbox 2856 734 3043 788; x_wconf 82' lang='grc' dir='ltr'>ἑαυτοῦ</span> <span class='ocrx_word' id='word_1_138' title='bbox 3093 732 3360 808; x_wconf 81' lang='grc' dir='ltr'>ὁμοδόξων</span> <span class='ocrx_word' id='word_1_139' title='bbox 3395 734 3430 786; x_wconf 83' lang='grc' dir='ltr'><em>ἃ</em></span> <span class='ocrx_word' id='word_1_140' title='bbox 3466 737 3654 796; x_wconf 80' lang='grc' dir='ltr'>πάντες</span> <span class='ocrx_word' id='word_1_141' title='bbox 3696 737 3826 787; x_wconf 85' lang='grc' dir='ltr'>ἶσα-</span> 
     </span>
    </p>
   </div>
   <div class='ocr_carea' id='block_1_23' title="bbox 2210 821 3822 897">
    <p class='ocr_par' dir='ltr' id='par_1_23' title="bbox 2210 821 3822 897">
     <span class='ocr_line' id='line_1_23' title="bbox 2210 821 3822 897; baseline -0.001 -22"><span class='ocrx_word' id='word_1_142' title='bbox 2210 842 2313 876; x_wconf 88' lang='grc' dir='ltr'>σιν.</span> <span class='ocrx_word' id='word_1_143' title='bbox 2365 823 2450 875; x_wconf 89' lang='grc' dir='ltr'><strong>Ἐν</strong></span> <span class='ocrx_word' id='word_1_144' title='bbox 2509 821 2568 876; x_wconf 72' lang='grc' dir='ltr'><strong>δὲ</strong></span> <span class='ocrx_word' id='word_1_145' title='bbox 2624 832 2687 897; x_wconf 72' lang='grc' dir='ltr'><strong>τῇ</strong></span> <span class='ocrx_word' id='word_1_146' title='bbox 2745 825 3286 878; x_wconf 83' lang='grc' dir='ltr'>Κωνσταντινουπόλει</span> <span class='ocrx_word' id='word_1_147' title='bbox 3355 827 3592 877; x_wconf 79' lang='grc' dir='ltr'><strong>συνέθετο</strong></span> <span class='ocrx_word' id='word_1_148' title='bbox 3657 823 3822 876; x_wconf 75' lang='grc' dir='ltr'>πάλιν</span> 
     </span>
    </p>
   </div>
   <div class='ocr_carea' id='block_1_24' title="bbox 2207 909 3827 988">
    <p class='ocr_par' dir='ltr' id='par_1_24' title="bbox 2207 909 3827 988">
     <span class='ocr_line' id='line_1_24' title="bbox 2207 909 3827 988; baseline -0.033 17"><span class='ocrx_word' id='word_1_149' title='bbox 2207 918 2318 972; x_wconf 65' lang='grc' dir='ltr'><strong>τοῖς</strong></span> <span class='ocrx_word' id='word_1_150' title='bbox 2374 909 2475 964; x_wconf 65' lang='grc' dir='ltr'><strong>ἀπὸ</strong></span> <span class='ocrx_word' id='word_1_151' title='bbox 2524 919 2624 963; x_wconf 71' lang='grc' dir='ltr'>τῶν</span> <span class='ocrx_word' id='word_1_152' title='bbox 2672 914 2942 986; x_wconf 63' lang='grc' dir='ltr'>αίρπικῶν</span> <span class='ocrx_word' id='word_1_153' title='bbox 2993 916 3329 988; x_wconf 77' lang='grc' dir='ltr'>προταθεῖσι.</span> <span class='ocrx_word' id='word_1_154' title='bbox 3367 917 3469 966; x_wconf 79' lang='grc' dir='ltr'><strong>Καὶ</strong></span> <span class='ocrx_word' id='word_1_155' title='bbox 3513 911 3680 974; x_wconf 78' lang='grc' dir='ltr'>οὕτως</span> <span class='ocrx_word' id='word_1_156' title='bbox 3721 910 3827 964; x_wconf 73' lang='grc' dir='ltr'><strong>ἀπ-</strong></span> 
     </span>
    </p>
   </div>
   <div class='ocr_carea' id='block_1_25' title="bbox 2207 999 3826 1075">
    <p class='ocr_par' dir='ltr' id='par_1_25' title="bbox 2207 999 3826 1075">
     <span class='ocr_line' id='line_1_25' title="bbox 2207 999 3826 1075; baseline 0.002 -23"><span class='ocrx_word' id='word_1_157' title='bbox 2207 999 2404 1062; x_wconf 86' lang='grc' dir='ltr'>ελαοεὶς</span> <span class='ocrx_word' id='word_1_158' title='bbox 2455 1009 2548 1061; x_wconf 84' lang='grc' dir='ltr'>τῆς</span> <span class='ocrx_word' id='word_1_159' title='bbox 2601 1000 2913 1072; x_wconf 79' lang='grc' dir='ltr'>ἐπισκοπῆς,</span> <span class='ocrx_word' id='word_1_160' title='bbox 2969 999 3061 1054; x_wconf 67' lang='grc' dir='ltr'><strong>διὰ</strong></span> <span class='ocrx_word' id='word_1_161' title='bbox 3109 1006 3167 1056; x_wconf 86' lang='grc' dir='ltr'><strong>τό</strong></span> <span class='ocrx_word' id='word_1_162' title='bbox 3222 1001 3270 1054; x_wconf 82' lang='grc' dir='ltr'>ἐν</span> <span class='ocrx_word' id='word_1_163' title='bbox 3314 999 3375 1075; x_wconf 72' lang='grc' dir='ltr'><strong>τῇ</strong></span> <span class='ocrx_word' id='word_1_164' title='bbox 3420 1001 3666 1074; x_wconf 73' lang='grc' dir='ltr'>Μελιτινῇ</span> <span class='ocrx_word' id='word_1_165' title='bbox 3699 1002 3826 1071; x_wconf 77' lang='grc' dir='ltr'><strong>(Η)</strong></span> 
     </span>
    </p>
   </div>
   <div class='ocr_carea' id='block_1_26' title="bbox 2203 1087 3826 1164">
    <p class='ocr_par' dir='ltr' id='par_1_26' title="bbox 2203 1087 3826 1164">
     <span class='ocr_line' id='line_1_26' title="bbox 2203 1087 3826 1164; baseline 0 -22"><span class='ocrx_word' id='word_1_166' title='bbox 2203 1091 2695 1164; x_wconf 67' lang='grc' dir='ltr'>προκαθῃρῆσοαι,</span> <span class='ocrx_word' id='word_1_167' title='bbox 2773 1087 2898 1143; x_wconf 74' lang='grc' dir='ltr'><strong>όὸὀν</strong></span> <span class='ocrx_word' id='word_1_168' title='bbox 2972 1091 3134 1162; x_wconf 81' lang='grc' dir='ltr'>ἐαυτῷ</span> <span class='ocrx_word' id='word_1_169' title='bbox 3201 1099 3297 1164; x_wconf 75' lang='grc' dir='ltr'>τῇς</span> <span class='ocrx_word' id='word_1_170' title='bbox 3375 1090 3826 1152; x_wconf 82' lang='grc' dir='ltr'>ἁποκατατοίσεως</span> 
     </span>
    </p>
   </div>
   <div class='ocr_carea' id='block_1_27' title="bbox 2207 1179 3823 1253">
    <p class='ocr_par' dir='ltr' id='par_1_27' title="bbox 2207 1179 3823 1253">
     <span class='ocr_line' id='line_1_27' title="bbox 2207 1179 3823 1253; baseline 0.001 -22"><span class='ocrx_word' id='word_1_171' title='bbox 2207 1181 2453 1236; x_wconf 69' lang='grc' dir='ltr'>ἐπενόησε</span> <span class='ocrx_word' id='word_1_172' title='bbox 2492 1183 2587 1236; x_wconf 78' lang='grc' dir='ltr'>τὴν</span> <span class='ocrx_word' id='word_1_173' title='bbox 2618 1181 2683 1240; x_wconf 87' lang='grc' dir='ltr'>ὡς</span> <span class='ocrx_word' id='word_1_174' title='bbox 2725 1181 2862 1253; x_wconf 77' lang='grc' dir='ltr'>ὑμᾶς</span> <span class='ocrx_word' id='word_1_175' title='bbox 2901 1179 3102 1253; x_wconf 73' lang='grc' dir='ltr'>ἄφιξιν.</span> <span class='ocrx_word' id='word_1_176' title='bbox 3156 1186 3258 1234; x_wconf 82' lang='grc' dir='ltr'><strong>Καὶ</strong></span> <span class='ocrx_word' id='word_1_177' title='bbox 3307 1185 3421 1232; x_wconf 88' lang='grc' dir='ltr'>τίνα</span> <span class='ocrx_word' id='word_1_178' title='bbox 3460 1184 3549 1253; x_wconf 83' lang='grc' dir='ltr'>μέν</span> <span class='ocrx_word' id='word_1_179' title='bbox 3593 1179 3741 1232; x_wconf 80' lang='grc' dir='ltr'>ἐστιν</span> <span class='ocrx_word' id='word_1_180' title='bbox 3788 1181 3823 1232; x_wconf 82' lang='grc' dir='ltr'><em>ἃ</em></span> 
     </span>
    </p>
   </div>
   <div class='ocr_carea' id='block_1_28' title="bbox 2204 1267 3814 1344">
    <p class='ocr_par' dir='ltr' id='par_1_28' title="bbox 2204 1267 3814 1344">
     <span class='ocr_line' id='line_1_28' title="bbox 2204 1267 3814 1344; baseline 0 -25"><span class='ocrx_word' id='word_1_181' title='bbox 2204 1270 2467 1341; x_wconf 79' lang='grc' dir='ltr'>προετάοη</span> <span class='ocrx_word' id='word_1_182' title='bbox 2515 1267 2656 1340; x_wconf 69' lang='grc' dir='ltr'>αὐτῷ</span> <span class='ocrx_word' id='word_1_183' title='bbox 2711 1271 2858 1343; x_wconf 75' lang='grc' dir='ltr'>παρὰ</span> <span class='ocrx_word' id='word_1_184' title='bbox 2917 1277 3010 1322; x_wconf 80' lang='grc' dir='ltr'>τοῦ</span> <span class='ocrx_word' id='word_1_185' title='bbox 3063 1272 3467 1344; x_wconf 71' lang='grc' dir='ltr'>μακαριωτάτου</span> <span class='ocrx_word' id='word_1_186' title='bbox 3522 1267 3814 1320; x_wconf 75' lang='grc' dir='ltr'><strong>ἐπισκόπου</strong></span> 
     </span>
    </p>
   </div>
   <div class='ocr_carea' id='block_1_29' title="bbox 2206 1354 3824 1432">
    <p class='ocr_par' dir='ltr' id='par_1_29' title="bbox 2206 1354 3824 1432">
     <span class='ocr_line' id='line_1_29' title="bbox 2206 1354 3824 1432; baseline 0 -24"><span class='ocrx_word' id='word_1_187' title='bbox 2206 1355 2471 1432; x_wconf 75' lang='grc' dir='ltr'>Λιϐερίου,</span> <span class='ocrx_word' id='word_1_188' title='bbox 2503 1361 2619 1409; x_wconf 90' lang='grc' dir='ltr'>τίνα</span> <span class='ocrx_word' id='word_1_189' title='bbox 2663 1354 2723 1410; x_wconf 67' lang='grc' dir='ltr'><strong>δὲ</strong></span> <span class='ocrx_word' id='word_1_190' title='bbox 2765 1358 2800 1409; x_wconf 82' lang='grc' dir='ltr'><em>ἃ</em></span> <span class='ocrx_word' id='word_1_191' title='bbox 2839 1358 2994 1421; x_wconf 68' lang='grc' dir='ltr'>αὐτὸς</span> <span class='ocrx_word' id='word_1_192' title='bbox 3038 1361 3295 1426; x_wconf 65' lang='grc' dir='ltr'>συνέθετο,</span> <span class='ocrx_word' id='word_1_193' title='bbox 3330 1357 3635 1430; x_wconf 75' lang='grc' dir='ltr'>ἀγνοοῦμεν,</span> <span class='ocrx_word' id='word_1_194' title='bbox 3683 1356 3824 1415; x_wconf 74' lang='grc' dir='ltr'>πλὴν</span> 
     </span>
    </p>
   </div>
   <div class='ocr_carea' id='block_1_30' title="bbox 2207 1445 3827 1519">
    <p class='ocr_par' dir='ltr' id='par_1_30' title="bbox 2207 1445 3827 1519">
     <span class='ocr_line' id='line_1_30' title="bbox 2207 1445 3827 1519; baseline -0.001 -21"><span class='ocrx_word' id='word_1_195' title='bbox 2207 1447 2288 1498; x_wconf 84' lang='grc' dir='ltr'>ὅτι</span> <span class='ocrx_word' id='word_1_196' title='bbox 2348 1445 2626 1505; x_wconf 73' lang='grc' dir='ltr'>ἐπιστολὴν</span> <span class='ocrx_word' id='word_1_197' title='bbox 2694 1445 2931 1519; x_wconf 77' lang='grc' dir='ltr'><strong>ἐκόμισεν</strong></span> <span class='ocrx_word' id='word_1_198' title='bbox 2996 1445 3442 1500; x_wconf 80' lang='grc' dir='ltr'>ἀποκαθιστῶσαν</span> <span class='ocrx_word' id='word_1_199' title='bbox 3499 1447 3696 1515; x_wconf 59' lang='grc' dir='ltr'>αὐτὸν,</span> <span class='ocrx_word' id='word_1_200' title='bbox 3762 1445 3827 1503; x_wconf 64' lang='grc' dir='ltr'>ἣν</span> 
     </span>
    </p>
   </div>
   <div class='ocr_carea' id='block_1_31' title="bbox 2207 1531 3827 1608">
    <p class='ocr_par' dir='ltr' id='par_1_31' title="bbox 2207 1531 3827 1608">
     <span class='ocr_line' id='line_1_31' title="bbox 2207 1531 3827 1608; baseline -0.001 -21"><span class='ocrx_word' id='word_1_201' title='bbox 2207 1531 2469 1598; x_wconf 75' lang='grc' dir='ltr'><strong>ἐπιδείξας</strong></span> <span class='ocrx_word' id='word_1_202' title='bbox 2526 1543 2588 1608; x_wconf 72' lang='grc' dir='ltr'><strong>τῇ</strong></span> <span class='ocrx_word' id='word_1_203' title='bbox 2631 1555 2769 1588; x_wconf 87' lang='grc' dir='ltr'>κατα</span> <span class='ocrx_word' id='word_1_204' title='bbox 2822 1539 2998 1588; x_wconf 81' lang='grc' dir='ltr'>Τύανα</span> <span class='ocrx_word' id='word_1_205' title='bbox 3060 1533 3305 1608; x_wconf 72' lang='grc' dir='ltr'>συνόδῳ,</span> <span class='ocrx_word' id='word_1_206' title='bbox 3361 1535 3693 1592; x_wconf 72' lang='grc' dir='ltr'><strong>ἀποκατέστη</strong></span> <span class='ocrx_word' id='word_1_207' title='bbox 3747 1542 3827 1605; x_wconf 79' lang='grc' dir='ltr'>τῷ</span> 
     </span>
    </p>
   </div>
   <div class='ocr_carea' id='block_1_32' title="bbox 3291 1580 3305 1608">
    <p class='ocr_par' dir='ltr' id='par_1_32' title="bbox 3291 1580 3305 1608">
     <span class='ocr_line' id='line_1_32' title="bbox 3291 1580 3305 1608; baseline 0 0"><span class='ocrx_word' id='word_1_208' title='bbox 3291 1580 3305 1608; x_wconf 66' lang='grc' dir='ltr'><strong>ν</strong></span> 
     </span>
    </p>
   </div>
   <div class='ocr_carea' id='block_1_33' title="bbox 3795 1621 3822 1639">
    <p class='ocr_par' dir='ltr' id='par_1_33' title="bbox 3795 1621 3822 1639">
     <span class='ocr_line' id='line_1_33' title="bbox 3795 1621 3822 1639; baseline 0 0"><span class='ocrx_word' id='word_1_209' title='bbox 3795 1621 3822 1639; x_wconf 63' lang='grc' dir='ltr'><strong><em>τ</em></strong></span> 
     </span>
    </p>
   </div>
   <div class='ocr_carea' id='block_1_34' title="bbox 2205 1624 3823 1700">
    <p class='ocr_par' dir='ltr' id='par_1_34' title="bbox 2205 1624 3823 1700">
     <span class='ocr_line' id='line_1_34' title="bbox 2205 1624 3823 1700; baseline 0.001 -26"><span class='ocrx_word' id='word_1_210' title='bbox 2205 1627 2348 1696; x_wconf 84' lang='grc' dir='ltr'><strong>τόπῳ</strong></span> <span class='ocrx_word' id='word_1_211' title='bbox 2380 1665 2394 1677; x_wconf 92' lang='grc'><strong>.</strong></span> <span class='ocrx_word' id='word_1_212' title='bbox 2435 1624 2596 1686; x_wconf 74' lang='grc' dir='ltr'>Οὗτος</span> <span class='ocrx_word' id='word_1_213' title='bbox 2658 1633 2745 1676; x_wconf 76' lang='grc' dir='ltr'>νῦν</span> <span class='ocrx_word' id='word_1_214' title='bbox 2797 1627 2983 1700; x_wconf 79' lang='grc' dir='ltr'><strong>πορθεῖ</strong></span> <span class='ocrx_word' id='word_1_215' title='bbox 3034 1629 3128 1684; x_wconf 77' lang='grc' dir='ltr'>τὴν</span> <span class='ocrx_word' id='word_1_216' title='bbox 3182 1630 3359 1677; x_wconf 81' lang='grc' dir='ltr'>πίστιν</span> <span class='ocrx_word' id='word_1_217' title='bbox 3400 1624 3618 1688; x_wconf 84' lang='grc' dir='ltr'>ἐκείνην,</span> <span class='ocrx_word' id='word_1_218' title='bbox 3666 1624 3747 1697; x_wconf 41' lang='grc' dir='ltr'>ἐγ</span> 
     </span>
    </p>
   </div>
   <div class='ocr_carea' id='block_1_35' title="bbox 2206 1711 3826 1787">
    <p class='ocr_par' dir='ltr' id='par_1_35' title="bbox 2206 1711 3826 1787">
     <span class='ocr_line' id='line_1_35' title="bbox 2206 1711 3826 1787; baseline -0.001 -22"><span class='ocrx_word' id='word_1_219' title='bbox 2206 1711 2427 1785; x_wconf 77' lang='grc' dir='ltr'><strong>ἐδέχθη,</strong></span> <span class='ocrx_word' id='word_1_220' title='bbox 2481 1718 2570 1766; x_wconf 85' lang='grc' dir='ltr'>καὶ</span> <span class='ocrx_word' id='word_1_221' title='bbox 2611 1721 2725 1776; x_wconf 87' lang='grc' dir='ltr'><strong>τοίς</strong></span> <span class='ocrx_word' id='word_1_222' title='bbox 2767 1713 3216 1787; x_wconf 77' lang='grc' dir='ltr'>ἂναθεματίζουσι</span> <span class='ocrx_word' id='word_1_223' title='bbox 3258 1717 3317 1766; x_wconf 88' lang='grc' dir='ltr'><strong>τό</strong></span> <span class='ocrx_word' id='word_1_224' title='bbox 3363 1715 3644 1786; x_wconf 84' lang='grc' dir='ltr'>όμοούσιον</span> <span class='ocrx_word' id='word_1_225' title='bbox 3699 1716 3826 1764; x_wconf 68' lang='grc' dir='ltr'>σύν-</span> 
     </span>
    </p>
   </div>
   <div class='ocr_carea' id='block_1_36' title="bbox 431 1803 2112 1880">
    <p class='ocr_par' dir='ltr' id='par_1_36' title="bbox 431 1807 2093 1880">
     <span class='ocr_line' id='line_1_36' title="bbox 431 1807 2093 1880; baseline -0.001 -16"><span class='ocrx_word' id='word_1_226' title='bbox 431 1812 590 1875; x_wconf 86' lang='lat' dir='ltr'><strong>zant,</strong></span> <span class='ocrx_word' id='word_1_227' title='bbox 631 1823 819 1880; x_wconf 86' lang='lat' dir='ltr'><strong>seque</strong></span> <span class='ocrx_word' id='word_1_228' title='bbox 843 1808 1063 1864; x_wconf 90' lang='lat' dir='ltr'><strong>ducem</strong></span> <span class='ocrx_word' id='word_1_229' title='bbox 1101 1808 1332 1880; x_wconf 67' lang='lat' dir='ltr'><strong>praebet</strong></span> <span class='ocrx_word' id='word_1_230' title='bbox 1360 1807 1603 1864; x_wconf 74' lang='lat' dir='ltr'><strong>haeresis</strong></span> <span class='ocrx_word' id='word_1_231' title='bbox 1631 1811 2093 1864; x_wconf 89' lang='lat' dir='ltr'><strong>Pneumatoma-</strong></span> 
     </span>
    </p>
   </div>
   <div class='ocr_carea' id='block_1_37' title="bbox 2223 1803 3826 1880">
    <p class='ocr_par' dir='ltr' id='par_1_37' title="bbox 2223 1803 3826 1880">
     <span class='ocr_line' id='line_1_37' title="bbox 2223 1803 3826 1880; baseline -0.002 -25"><span class='ocrx_word' id='word_1_232' title='bbox 2223 1823 2339 1870; x_wconf 77' lang='lat'><strong>:0&#39;1:,</strong></span> <span class='ocrx_word' id='word_1_233' title='bbox 2388 1809 2478 1856; x_wconf 83' lang='grc' dir='ltr'>καὶ</span> <span class='ocrx_word' id='word_1_234' title='bbox 2533 1807 2909 1880; x_wconf 72' lang='grc' dir='ltr'>πρωτοστάτης</span> <span class='ocrx_word' id='word_1_235' title='bbox 2965 1803 3077 1858; x_wconf 82' lang='grc' dir='ltr'>ἐστὶ</span> <span class='ocrx_word' id='word_1_236' title='bbox 3135 1812 3232 1866; x_wconf 83' lang='grc' dir='ltr'>τῆς</span> <span class='ocrx_word' id='word_1_237' title='bbox 3293 1812 3393 1856; x_wconf 87' lang='grc' dir='ltr'>τῶν</span> <span class='ocrx_word' id='word_1_238' title='bbox 3441 1806 3826 1878; x_wconf 65' lang='grc' dir='ltr'>πνευματομα-</span> 
     </span>
    </p>
   </div>
   <div class='ocr_carea' id='block_1_38' title="bbox 431 1895 2096 1967">
    <p class='ocr_par' dir='ltr' id='par_1_38' title="bbox 431 1895 2096 1967">
     <span class='ocr_line' id='line_1_38' title="bbox 431 1895 2096 1967; baseline -0.001 -14"><span class='ocrx_word' id='word_1_239' title='bbox 431 1897 707 1953; x_wconf 86' lang='lat' dir='ltr'><strong>chorum.</strong></span> <span class='ocrx_word' id='word_1_240' title='bbox 758 1897 1058 1962; x_wconf 87' lang='lat' dir='ltr'><strong>Quoniam</strong></span> <span class='ocrx_word' id='word_1_241' title='bbox 1098 1897 1279 1967; x_wconf 83' lang='lat' dir='ltr'><strong>igitur</strong></span> <span class='ocrx_word' id='word_1_242' title='bbox 1307 1897 1485 1954; x_wconf 90' lang='lat' dir='ltr'><strong>istinc</strong></span> <span class='ocrx_word' id='word_1_243' title='bbox 1531 1897 1730 1953; x_wconf 85' lang='lat' dir='ltr'><strong>evenit</strong></span> <span class='ocrx_word' id='word_1_244' title='bbox 1782 1897 1865 1952; x_wconf 89' lang='lat' dir='ltr'><strong>illi</strong></span> <span class='ocrx_word' id='word_1_245' title='bbox 1911 1895 2096 1952; x_wconf 85' lang='lat' dir='ltr'><strong>facul-</strong></span> 
     </span>
    </p>
   </div>
   <div class='ocr_carea' id='block_1_39' title="bbox 429 1985 2098 2058">
    <p class='ocr_par' dir='ltr' id='par_1_39' title="bbox 429 1985 2098 2058">
     <span class='ocr_line' id='line_1_39' title="bbox 429 1985 2098 2058; baseline 0.001 -16"><span class='ocrx_word' id='word_1_246' title='bbox 429 1990 526 2042; x_wconf 86' lang='lat' dir='ltr'><strong>tas</strong></span> <span class='ocrx_word' id='word_1_247' title='bbox 572 1986 834 2042; x_wconf 83' lang='lat' dir='ltr'><strong>laedendi</strong></span> <span class='ocrx_word' id='word_1_248' title='bbox 886 1987 1198 2058; x_wconf 88' lang='lat' dir='ltr'><strong>Ecclesias,</strong></span> <span class='ocrx_word' id='word_1_249' title='bbox 1249 2003 1318 2043; x_wconf 91' lang='lat' dir='ltr'><strong>ac</strong></span> <span class='ocrx_word' id='word_1_250' title='bbox 1369 1987 1513 2043; x_wconf 90' lang='lat' dir='ltr'><strong>data</strong></span> <span class='ocrx_word' id='word_1_251' title='bbox 1564 2003 1601 2043; x_wconf 89' lang='lat' dir='ltr'><strong>a</strong></span> <span class='ocrx_word' id='word_1_252' title='bbox 1647 1987 1824 2042; x_wconf 89' lang='lat' dir='ltr'><strong>vobis</strong></span> <span class='ocrx_word' id='word_1_253' title='bbox 1869 1985 2098 2043; x_wconf 87' lang='lat' dir='ltr'><strong>ﬁducia</strong></span> 
     </span>
    </p>
   </div>
   <div class='ocr_carea' id='block_1_40' title="bbox 436 2075 2099 2139">
    <p class='ocr_par' dir='ltr' id='par_1_40' title="bbox 436 2075 2099 2139">
     <span class='ocr_line' id='line_1_40' title="bbox 436 2075 2099 2139; baseline 0 -7"><span class='ocrx_word' id='word_1_254' title='bbox 436 2075 622 2132; x_wconf 88' lang='lat' dir='ltr'><strong>utitur</strong></span> <span class='ocrx_word' id='word_1_255' title='bbox 677 2075 758 2132; x_wconf 89' lang='lat' dir='ltr'><strong>ad</strong></span> <span class='ocrx_word' id='word_1_256' title='bbox 817 2075 1281 2132; x_wconf 86' lang='lat' dir='ltr'><strong>subversionem</strong></span> <span class='ocrx_word' id='word_1_257' title='bbox 1329 2076 1684 2139; x_wconf 89' lang='lat' dir='ltr'><strong>multorum,</strong></span> <span class='ocrx_word' id='word_1_258' title='bbox 1716 2091 1964 2132; x_wconf 88' lang='lat' dir='ltr'><strong>necesse</strong></span> <span class='ocrx_word' id='word_1_259' title='bbox 2006 2079 2099 2132; x_wconf 90' lang='lat' dir='ltr'><strong>est</strong></span> 
     </span>
    </p>
   </div>
   <div class='ocr_carea' id='block_1_41' title="bbox 432 2164 2096 2239">
    <p class='ocr_par' dir='ltr' id='par_1_41' title="bbox 432 2164 2096 2239">
     <span class='ocr_line' id='line_1_41' title="bbox 432 2164 2096 2239; baseline -0.002 -17"><span class='ocrx_word' id='word_1_260' title='bbox 432 2165 612 2223; x_wconf 89' lang='lat' dir='ltr'><strong>istinc</strong></span> <span class='ocrx_word' id='word_1_261' title='bbox 635 2181 880 2238; x_wconf 91' lang='lat' dir='ltr'><strong>quoque</strong></span> <span class='ocrx_word' id='word_1_262' title='bbox 903 2165 1110 2222; x_wconf 89' lang='lat' dir='ltr'><strong>venire</strong></span> <span class='ocrx_word' id='word_1_263' title='bbox 1141 2170 1199 2221; x_wconf 88' lang='lat' dir='ltr'><strong>et</strong></span> <span class='ocrx_word' id='word_1_264' title='bbox 1223 2165 1734 2237; x_wconf 88' lang='lat' dir='ltr'><strong>emendationem,</strong></span> <span class='ocrx_word' id='word_1_265' title='bbox 1765 2181 1836 2220; x_wconf 90' lang='lat' dir='ltr'><strong>ac</strong></span> <span class='ocrx_word' id='word_1_266' title='bbox 1866 2180 1974 2239; x_wconf 91' lang='lat' dir='ltr'><strong>per</strong></span> <span class='ocrx_word' id='word_1_267' title='bbox 2002 2164 2096 2220; x_wconf 86' lang='lat' dir='ltr'><strong>lit-</strong></span> 
     </span>
    </p>
   </div>
   <div class='ocr_carea' id='block_1_42' title="bbox 435 2253 2099 2329">
    <p class='ocr_par' dir='ltr' id='par_1_42' title="bbox 435 2253 2099 2329">
     <span class='ocr_line' id='line_1_42' title="bbox 435 2253 2099 2329; baseline -0.003 -16"><span class='ocrx_word' id='word_1_268' title='bbox 435 2259 596 2313; x_wconf 80' lang='lat' dir='ltr'><strong>teras</strong></span> <span class='ocrx_word' id='word_1_269' title='bbox 638 2256 914 2312; x_wconf 84' lang='lat' dir='ltr'><strong>Ecclesiis</strong></span> <span class='ocrx_word' id='word_1_270' title='bbox 943 2254 1292 2327; x_wconf 86' lang='lat' dir='ltr'><strong>signiﬁcari,</strong></span> <span class='ocrx_word' id='word_1_271' title='bbox 1337 2255 1708 2329; x_wconf 88' lang='lat' dir='ltr'><strong>quibusnam</strong></span> <span class='ocrx_word' id='word_1_272' title='bbox 1743 2253 2099 2310; x_wconf 79' lang='lat' dir='ltr'><strong>conditioni-</strong></span> 
     </span>
    </p>
   </div>
   <div class='ocr_carea' id='block_1_43' title="bbox 435 2344 2099 2417">
    <p class='ocr_par' dir='ltr' id='par_1_43' title="bbox 435 2344 2099 2417">
     <span class='ocr_line' id='line_1_43' title="bbox 435 2344 2099 2417; baseline -0.002 -16"><span class='ocrx_word' id='word_1_273' title='bbox 435 2344 553 2401; x_wconf 86' lang='lat' dir='ltr'><strong>bus</strong></span> <span class='ocrx_word' id='word_1_274' title='bbox 596 2349 913 2417; x_wconf 89' lang='lat' dir='ltr'><strong>susceptus</strong></span> <span class='ocrx_word' id='word_1_275' title='bbox 945 2345 1037 2415; x_wconf 88' lang='lat' dir='ltr'><strong>sit,</strong></span> <span class='ocrx_word' id='word_1_276' title='bbox 1082 2348 1139 2400; x_wconf 90' lang='lat' dir='ltr'><strong>et</strong></span> <span class='ocrx_word' id='word_1_277' title='bbox 1181 2344 1495 2416; x_wconf 91' lang='lat' dir='ltr'><strong>quomodo</strong></span> <span class='ocrx_word' id='word_1_278' title='bbox 1529 2358 1693 2400; x_wconf 89' lang='lat' dir='ltr'><strong>nunc</strong></span> <span class='ocrx_word' id='word_1_279' title='bbox 1741 2344 2099 2399; x_wconf 85' lang='lat' dir='ltr'><strong>immutatus</strong></span> 
     </span>
    </p>
   </div>
   <div class='ocr_carea' id='block_1_44' title="bbox 438 2432 2104 2490">
    <p class='ocr_par' dir='ltr' id='par_1_44' title="bbox 438 2432 2104 2490">
     <span class='ocr_line' id='line_1_44' title="bbox 438 2432 2104 2490; baseline -0.002 0"><span class='ocrx_word' id='word_1_280' title='bbox 438 2434 672 2490; x_wconf 89' lang='lat' dir='ltr'><strong>irritum</strong></span> <span class='ocrx_word' id='word_1_281' title='bbox 705 2433 886 2490; x_wconf 82' lang='lat' dir='ltr'><strong>iaciat</strong></span> <span class='ocrx_word' id='word_1_282' title='bbox 917 2432 1281 2490; x_wconf 85' lang='lat' dir='ltr'><strong>beneficium</strong></span> <span class='ocrx_word' id='word_1_283' title='bbox 1309 2433 1423 2488; x_wconf 91' lang='lat' dir='ltr'><strong>sibi</strong></span> <span class='ocrx_word' id='word_1_284' title='bbox 1468 2449 1830 2488; x_wconf 87' lang='lat' dir='ltr'><strong>concessum</strong></span> <span class='ocrx_word' id='word_1_285' title='bbox 1862 2449 1898 2489; x_wconf 88' lang='lat' dir='ltr'><strong>a</strong></span> <span class='ocrx_word' id='word_1_286' title='bbox 1923 2432 2104 2489; x_wconf 84' lang='lat' dir='ltr'><strong>Patri-</strong></span> 
     </span>
    </p>
   </div>
   <div class='ocr_carea' id='block_1_45' title="bbox 439 2524 1082 2598">
    <p class='ocr_par' dir='ltr' id='par_1_45' title="bbox 439 2524 1082 2598">
     <span class='ocr_line' id='line_1_45' title="bbox 439 2524 1082 2598; baseline -0.005 -16"><span class='ocrx_word' id='word_1_287' title='bbox 439 2524 555 2582; x_wconf 87' lang='lat' dir='ltr'><strong>bus</strong></span> <span class='ocrx_word' id='word_1_288' title='bbox 584 2524 688 2598; x_wconf 90' lang='lat' dir='ltr'><strong>qui</strong></span> <span class='ocrx_word' id='word_1_289' title='bbox 719 2529 863 2581; x_wconf 91' lang='lat' dir='ltr'><strong>tunc</strong></span> <span class='ocrx_word' id='word_1_290' title='bbox 892 2527 1082 2580; x_wconf 80' lang='lat' dir='ltr'><strong>erant.</strong></span> 
     </span>
    </p>
   </div>
   <div class='ocr_carea' id='block_1_46' title="bbox 512 2650 2103 2725">
    <p class='ocr_par' dir='ltr' id='par_1_46' title="bbox 512 2650 2103 2725">
     <span class='ocr_line' id='line_1_46' title="bbox 512 2650 2103 2725; baseline -0.001 -16"><span class='ocrx_word' id='word_1_291' title='bbox 512 2657 568 2709; x_wconf 71' lang='grc'><strong>4.</strong></span> <span class='ocrx_word' id='word_1_292' title='bbox 613 2651 925 2710; x_wconf 89' lang='lat' dir='ltr'><strong>Secundus</strong></span> <span class='ocrx_word' id='word_1_293' title='bbox 961 2654 1104 2724; x_wconf 90' lang='lat' dir='ltr'><strong>post</strong></span> <span class='ocrx_word' id='word_1_294' title='bbox 1139 2651 1341 2723; x_wconf 89' lang='lat' dir='ltr'><strong>ipsum</strong></span> <span class='ocrx_word' id='word_1_295' title='bbox 1387 2654 1475 2707; x_wconf 82' lang='lat' dir='ltr'><strong>est</strong></span> <span class='ocrx_word' id='word_1_296' title='bbox 1517 2650 1898 2725; x_wconf 81' lang='lat' dir='ltr'><strong>Apolinarius</strong></span> <span class='ocrx_word' id='word_1_297' title='bbox 1923 2693 1936 2720; x_wconf 94' lang='lat'><strong>,</strong></span> <span class='ocrx_word' id='word_1_298' title='bbox 1977 2667 2103 2707; x_wconf 91' lang='lat' dir='ltr'><strong>non</strong></span> 
     </span>
    </p>
   </div>
   <div class='ocr_carea' id='block_1_47' title="bbox 445 2740 2104 2815">
    <p class='ocr_par' dir='ltr' id='par_1_47' title="bbox 445 2740 2104 2815">
     <span class='ocr_line' id='line_1_47' title="bbox 445 2740 2104 2815; baseline -0.003 -15"><span class='ocrx_word' id='word_1_299' title='bbox 445 2758 667 2815; x_wconf 88' lang='lat' dir='ltr'><strong>parum</strong></span> <span class='ocrx_word' id='word_1_300' title='bbox 713 2746 772 2798; x_wconf 93' lang='lat' dir='ltr'><strong>et</strong></span> <span class='ocrx_word' id='word_1_301' title='bbox 820 2742 950 2815; x_wconf 92' lang='lat' dir='ltr'><strong>ipse</strong></span> <span class='ocrx_word' id='word_1_302' title='bbox 989 2741 1285 2797; x_wconf 89' lang='lat' dir='ltr'><strong>Ecclesias</strong></span> <span class='ocrx_word' id='word_1_303' title='bbox 1319 2741 1703 2799; x_wconf 87' lang='lat' dir='ltr'><strong>contristans.</strong></span> <span class='ocrx_word' id='word_1_304' title='bbox 1744 2743 1891 2797; x_wconf 88' lang='lat' dir='ltr'><strong>Cum</strong></span> <span class='ocrx_word' id='word_1_305' title='bbox 1943 2740 2104 2796; x_wconf 89' lang='lat' dir='ltr'><strong>enim</strong></span> 
     </span>
    </p>
   </div>
   <div class='ocr_carea' id='block_1_48' title="bbox 447 2831 2106 2901">
    <p class='ocr_par' dir='ltr' id='par_1_48' title="bbox 447 2831 2106 2901">
     <span class='ocr_line' id='line_1_48' title="bbox 447 2831 2106 2901; baseline -0.002 -13"><span class='ocrx_word' id='word_1_306' title='bbox 447 2831 752 2888; x_wconf 84' lang='lat' dir='ltr'><strong>scribendi</strong></span> <span class='ocrx_word' id='word_1_307' title='bbox 790 2831 1070 2889; x_wconf 83' lang='lat' dir='ltr'><strong>facilitate</strong></span> <span class='ocrx_word' id='word_1_308' title='bbox 1118 2831 1328 2901; x_wconf 86' lang='lat' dir='ltr'><strong>lingua</strong></span> <span class='ocrx_word' id='word_1_309' title='bbox 1370 2831 1426 2888; x_wconf 90' lang='lat' dir='ltr'><strong>ei</strong></span> <span class='ocrx_word' id='word_1_310' title='bbox 1466 2832 1546 2888; x_wconf 90' lang='lat' dir='ltr'><strong>ab</strong></span> <span class='ocrx_word' id='word_1_311' title='bbox 1576 2847 1757 2888; x_wconf 89' lang='lat' dir='ltr'><strong>omne</strong></span> <span class='ocrx_word' id='word_1_312' title='bbox 1789 2845 2106 2900; x_wconf 87' lang='lat' dir='ltr'><strong>argumen-</strong></span> 
     </span>
    </p>
   </div>
   <div class='ocr_carea' id='block_1_49' title="bbox 447 2919 2108 2994">
    <p class='ocr_par' dir='ltr' id='par_1_49' title="bbox 447 2919 2108 2994">
     <span class='ocr_line' id='line_1_49' title="bbox 447 2919 2108 2994; baseline -0.003 -16"><span class='ocrx_word' id='word_1_313' title='bbox 447 2925 580 2978; x_wconf 87' lang='lat' dir='ltr'><strong>tum</strong></span> <span class='ocrx_word' id='word_1_314' title='bbox 604 2925 891 2994; x_wconf 88' lang='lat' dir='ltr'><strong>prompta</strong></span> <span class='ocrx_word' id='word_1_315' title='bbox 921 2921 1017 2992; x_wconf 87' lang='lat' dir='ltr'><strong>sit,</strong></span> <span class='ocrx_word' id='word_1_316' title='bbox 1046 2920 1299 2993; x_wconf 78' lang='lat' dir='ltr'><strong>reple-vit</strong></span> <span class='ocrx_word' id='word_1_317' title='bbox 1326 2920 1564 2992; x_wconf 87' lang='lat' dir='ltr'><strong>scriptis</strong></span> <span class='ocrx_word' id='word_1_318' title='bbox 1589 2921 1714 2976; x_wconf 90' lang='lat' dir='ltr'><strong>suis</strong></span> <span class='ocrx_word' id='word_1_319' title='bbox 1751 2919 1962 2976; x_wconf 89' lang='lat' dir='ltr'><strong>orbem</strong></span> <span class='ocrx_word' id='word_1_320' title='bbox 1991 2923 2108 2974; x_wconf 88' lang='lat' dir='ltr'><strong>ter-</strong></span> 
     </span>
    </p>
   </div>
   <div class='ocr_carea' id='block_1_50' title="bbox 449 3008 2106 3082">
    <p class='ocr_par' dir='ltr' id='par_1_50' title="bbox 449 3008 2106 3082">
     <span class='ocr_line' id='line_1_50' title="bbox 449 3008 2106 3082; baseline -0.002 -14"><span class='ocrx_word' id='word_1_321' title='bbox 449 3027 680 3078; x_wconf 84' lang='lat' dir='ltr'><strong>rarum,</strong></span> <span class='ocrx_word' id='word_1_322' title='bbox 729 3014 1079 3082; x_wconf 89' lang='lat' dir='ltr'><strong>contempta</strong></span> <span class='ocrx_word' id='word_1_323' title='bbox 1116 3009 1541 3082; x_wconf 84' lang='lat' dir='ltr'><strong>objurgatione</strong></span> <span class='ocrx_word' id='word_1_324' title='bbox 1573 3009 1761 3077; x_wconf 90' lang='lat' dir='ltr'><strong>illius,</strong></span> <span class='ocrx_word' id='word_1_325' title='bbox 1793 3009 1898 3081; x_wconf 91' lang='lat' dir='ltr'><strong>qui</strong></span> <span class='ocrx_word' id='word_1_326' title='bbox 1927 3008 2106 3064; x_wconf 89' lang='lat' dir='ltr'><strong>dicit:</strong></span> 
     </span>
    </p>
   </div>
   <div class='ocr_carea' id='block_1_51' title="bbox 453 3100 1425 3172">
    <p class='ocr_par' dir='ltr' id='par_1_51' title="bbox 453 3100 1425 3172">
     <span class='ocr_line' id='line_1_51' title="bbox 453 3100 1425 3172; baseline -0.005 -13"><span class='ocrx_word' id='word_1_327' title='bbox 453 3101 617 3158; x_wconf 86' lang='lat' dir='ltr'><strong>Cave</strong></span> <span class='ocrx_word' id='word_1_328' title='bbox 631 3102 841 3172; x_wconf 79' lang='lat' dir='ltr'><strong>facere</strong></span> <span class='ocrx_word' id='word_1_329' title='bbox 865 3101 1050 3156; x_wconf 81' lang='lat' dir='ltr'><strong>libros</strong></span> <span class='ocrx_word' id='word_1_330' title='bbox 1080 3100 1302 3156; x_wconf 80' lang='lat' dir='ltr'><strong>multos</strong></span> <span class='ocrx_word' id='word_1_331' title='bbox 1325 3101 1373 3135; x_wconf 78' lang='grc'><strong>⁸³</strong></span> <span class='ocrx_word' id='word_1_332' title='bbox 1412 3116 1425 3154; x_wconf 90' lang='lat'><strong>:</strong></span> 
     </span>
    </p>
   </div>
   <div class='ocr_carea' id='block_1_52' title="bbox 1466 3097 2112 3171">
    <p class='ocr_par' dir='ltr' id='par_1_52' title="bbox 1466 3097 2112 3171">
     <span class='ocr_line' id='line_1_52' title="bbox 1466 3097 2112 3171; baseline -0.003 -17"><span class='ocrx_word' id='word_1_333' title='bbox 1466 3099 1548 3156; x_wconf 87' lang='lat' dir='ltr'><strong>ita</strong></span> <span class='ocrx_word' id='word_1_334' title='bbox 1568 3115 1815 3171; x_wconf 89' lang='lat' dir='ltr'><strong>quoque</strong></span> <span class='ocrx_word' id='word_1_335' title='bbox 1844 3097 2112 3171; x_wconf 84' lang='lat' dir='ltr'><strong>profecto</strong></span> 
     </span>
    </p>
   </div>
   <div class='ocr_carea' id='block_1_53' title="bbox 2204 1890 3826 1966">
    <p class='ocr_par' dir='ltr' id='par_1_53' title="bbox 2204 1890 3826 1966">
     <span class='ocr_line' id='line_1_53' title="bbox 2204 1890 3826 1966; baseline -0.001 -22"><span class='ocrx_word' id='word_1_336' title='bbox 2204 1913 2318 1965; x_wconf 84' lang='grc' dir='ltr'><strong>χων</strong></span> <span class='ocrx_word' id='word_1_337' title='bbox 2367 1893 2637 1966; x_wconf 82' lang='grc' dir='ltr'>αἱρέσεως.</span> <span class='ocrx_word' id='word_1_338' title='bbox 2695 1893 2856 1946; x_wconf 83' lang='grc' dir='ltr'>Ἐπεὶ</span> <span class='ocrx_word' id='word_1_339' title='bbox 2914 1890 3001 1946; x_wconf 76' lang='grc' dir='ltr'><strong>οὖν</strong></span> <span class='ocrx_word' id='word_1_340' title='bbox 3065 1893 3278 1946; x_wconf 68' lang='grc' dir='ltr'>αὐτόθεν</span> <span class='ocrx_word' id='word_1_341' title='bbox 3330 1897 3533 1966; x_wconf 83' lang='grc' dir='ltr'>γέγονεν</span> <span class='ocrx_word' id='word_1_342' title='bbox 3590 1892 3733 1963; x_wconf 64' lang='grc' dir='ltr'>αὐτῷ</span> <span class='ocrx_word' id='word_1_343' title='bbox 3789 1894 3826 1949; x_wconf 77' lang='grc' dir='ltr'>ἡ</span> 
     </span>
    </p>
   </div>
   <div class='ocr_carea' id='block_1_54' title="bbox 2207 1979 3830 2054">
    <p class='ocr_par' dir='ltr' id='par_1_54' title="bbox 2207 1979 3830 2054">
     <span class='ocr_line' id='line_1_54' title="bbox 2207 1979 3830 2054; baseline -0.001 -20"><span class='ocrx_word' id='word_1_344' title='bbox 2207 1979 2428 2054; x_wconf 77' lang='grc' dir='ltr'>δύναμις</span> <span class='ocrx_word' id='word_1_345' title='bbox 2477 1990 2570 2035; x_wconf 83' lang='grc' dir='ltr'>τοῦ</span> <span class='ocrx_word' id='word_1_346' title='bbox 2630 1980 2830 2036; x_wconf 74' lang='grc' dir='ltr'>ἀδικεῖν</span> <span class='ocrx_word' id='word_1_347' title='bbox 2891 1985 2986 2044; x_wconf 83' lang='grc' dir='ltr'><strong>τὰς</strong></span> <span class='ocrx_word' id='word_1_348' title='bbox 3035 1983 3386 2053; x_wconf 84' lang='grc' dir='ltr'>Ἐκκλησίας,</span> <span class='ocrx_word' id='word_1_349' title='bbox 3435 1987 3526 2034; x_wconf 89' lang='grc' dir='ltr'>καὶ</span> <span class='ocrx_word' id='word_1_350' title='bbox 3581 1989 3642 2054; x_wconf 71' lang='grc' dir='ltr'><strong>τῇ</strong></span> <span class='ocrx_word' id='word_1_351' title='bbox 3688 1983 3830 2054; x_wconf 76' lang='grc' dir='ltr'>παρ’</span> 
     </span>
    </p>
   </div>
   <div class='ocr_carea' id='block_1_55' title="bbox 2206 2069 3832 2148">
    <p class='ocr_par' dir='ltr' id='par_1_55' title="bbox 2206 2069 3832 2148">
     <span class='ocr_line' id='line_1_55' title="bbox 2206 2069 3832 2148; baseline 0 -26"><span class='ocrx_word' id='word_1_352' title='bbox 2206 2071 2350 2144; x_wconf 79' lang='grc' dir='ltr'>ὑμῶν</span> <span class='ocrx_word' id='word_1_353' title='bbox 2396 2069 2650 2145; x_wconf 77' lang='grc' dir='ltr'><strong>δεδομένῃ</strong></span> <span class='ocrx_word' id='word_1_354' title='bbox 2704 2073 2844 2143; x_wconf 72' lang='grc' dir='ltr'><strong>αὐτῷ</strong></span> <span class='ocrx_word' id='word_1_355' title='bbox 2909 2073 3184 2148; x_wconf 69' lang='grc' dir='ltr'>παρρησία</span> <span class='ocrx_word' id='word_1_356' title='bbox 3233 2075 3496 2144; x_wconf 78' lang='grc' dir='ltr'>κέχρηται</span> <span class='ocrx_word' id='word_1_357' title='bbox 3544 2071 3616 2132; x_wconf 87' lang='grc' dir='ltr'><strong>εἰς</strong></span> <span class='ocrx_word' id='word_1_358' title='bbox 3660 2090 3832 2122; x_wconf 87' lang='grc' dir='ltr'>κατα-</span> 
     </span>
    </p>
   </div>
   <div class='ocr_carea' id='block_1_56' title="bbox 2210 2159 3831 2234">
    <p class='ocr_par' dir='ltr' id='par_1_56' title="bbox 2210 2159 3831 2234">
     <span class='ocr_line' id='line_1_56' title="bbox 2210 2159 3831 2234; baseline -0.001 -22"><span class='ocrx_word' id='word_1_359' title='bbox 2210 2165 2433 2234; x_wconf 66' lang='grc' dir='ltr'>στροφὴν</span> <span class='ocrx_word' id='word_1_360' title='bbox 2492 2169 2590 2213; x_wconf 83' lang='grc' dir='ltr'>τῶν</span> <span class='ocrx_word' id='word_1_361' title='bbox 2649 2161 2845 2214; x_wconf 85' lang='grc' dir='ltr'>πολλῶν</span> <span class='ocrx_word' id='word_1_362' title='bbox 2875 2205 2890 2232; x_wconf 91' lang='grc'><strong>,</strong></span> <span class='ocrx_word' id='word_1_363' title='bbox 2960 2159 3159 2232; x_wconf 79' lang='grc' dir='ltr'>ἀνάγκη</span> <span class='ocrx_word' id='word_1_364' title='bbox 3217 2161 3430 2212; x_wconf 67' lang='grc' dir='ltr'>αὐτόθεν</span> <span class='ocrx_word' id='word_1_365' title='bbox 3497 2159 3656 2212; x_wconf 58' lang='lat' dir='ltr'><strong>{Meis</strong></span> <span class='ocrx_word' id='word_1_366' title='bbox 3730 2164 3831 2211; x_wconf 84' lang='grc' dir='ltr'>καὶ</span> 
     </span>
    </p>
   </div>
   <div class='ocr_carea' id='block_1_57' title="bbox 2207 2245 3828 2324">
    <p class='ocr_par' dir='ltr' id='par_1_57' title="bbox 2207 2245 3828 2324">
     <span class='ocr_line' id='line_1_57' title="bbox 2207 2245 3828 2324; baseline -0.001 -24"><span class='ocrx_word' id='word_1_367' title='bbox 2207 2253 2303 2306; x_wconf 79' lang='grc' dir='ltr'>τὴν</span> <span class='ocrx_word' id='word_1_368' title='bbox 2354 2245 2682 2324; x_wconf 72' lang='grc' dir='ltr'>διόρθωσιν,</span> <span class='ocrx_word' id='word_1_369' title='bbox 2742 2255 2832 2302; x_wconf 86' lang='grc' dir='ltr'>καὶ</span> <span class='ocrx_word' id='word_1_370' title='bbox 2883 2250 3230 2309; x_wconf 77' lang='grc' dir='ltr'>ἐπισταλῆναι</span> <span class='ocrx_word' id='word_1_371' title='bbox 3281 2257 3391 2310; x_wconf 86' lang='grc' dir='ltr'>ταῖς</span> <span class='ocrx_word' id='word_1_372' title='bbox 3442 2248 3828 2315; x_wconf 83' lang='grc' dir='ltr'>Ἐκκλησιαις,</span> 
     </span>
    </p>
   </div>
   <div class='ocr_carea' id='block_1_58' title="bbox 2210 2335 3830 2410">
    <p class='ocr_par' dir='ltr' id='par_1_58' title="bbox 2210 2335 3830 2410">
     <span class='ocr_line' id='line_1_58' title="bbox 2210 2335 3830 2410; baseline -0.001 -21"><span class='ocrx_word' id='word_1_373' title='bbox 2210 2342 2327 2390; x_wconf 88' lang='grc' dir='ltr'>τίνα</span> <span class='ocrx_word' id='word_1_374' title='bbox 2363 2343 2453 2410; x_wconf 85' lang='grc' dir='ltr'>μέν</span> <span class='ocrx_word' id='word_1_375' title='bbox 2502 2339 2641 2390; x_wconf 88' lang='grc' dir='ltr'>ἐστιν</span> <span class='ocrx_word' id='word_1_376' title='bbox 2674 2339 2749 2410; x_wconf 72' lang='grc' dir='ltr'><strong>ἐφ’</strong></span> <span class='ocrx_word' id='word_1_377' title='bbox 2781 2339 2857 2401; x_wconf 81' lang='grc' dir='ltr'>οἱς</span> <span class='ocrx_word' id='word_1_378' title='bbox 2908 2336 3133 2403; x_wconf 69' lang='grc' dir='ltr'>ἐδέχθη,</span> <span class='ocrx_word' id='word_1_379' title='bbox 3167 2347 3274 2401; x_wconf 83' lang='grc' dir='ltr'>πῶς</span> <span class='ocrx_word' id='word_1_380' title='bbox 3319 2335 3377 2391; x_wconf 74' lang='grc' dir='ltr'><strong>δὲ</strong></span> <span class='ocrx_word' id='word_1_381' title='bbox 3420 2346 3507 2389; x_wconf 81' lang='grc' dir='ltr'>νῦν</span> <span class='ocrx_word' id='word_1_382' title='bbox 3555 2336 3830 2410; x_wconf 67' lang='grc' dir='ltr'>μεταϐλη-</span> 
     </span>
    </p>
   </div>
   <div class='ocr_carea' id='block_1_59' title="bbox 2213 2423 3834 2502">
    <p class='ocr_par' dir='ltr' id='par_1_59' title="bbox 2213 2423 3834 2502">
     <span class='ocr_line' id='line_1_59' title="bbox 2213 2423 3834 2502; baseline -0.001 -23"><span class='ocrx_word' id='word_1_383' title='bbox 2213 2429 2320 2490; x_wconf 86' lang='grc' dir='ltr'>Οεὶς</span> <span class='ocrx_word' id='word_1_384' title='bbox 2377 2428 2563 2502; x_wconf 69' lang='grc' dir='ltr'>ἀκυροῖ</span> <span class='ocrx_word' id='word_1_385' title='bbox 2610 2433 2704 2487; x_wconf 74' lang='grc' dir='ltr'>τήν</span> <span class='ocrx_word' id='word_1_386' title='bbox 2755 2431 2919 2501; x_wconf 76' lang='grc' dir='ltr'>χάριν</span> <span class='ocrx_word' id='word_1_387' title='bbox 2967 2433 3062 2486; x_wconf 71' lang='grc' dir='ltr'>τὴν</span> <span class='ocrx_word' id='word_1_388' title='bbox 3110 2425 3356 2500; x_wconf 73' lang='grc' dir='ltr'>δοθεῖσαν</span> <span class='ocrx_word' id='word_1_389' title='bbox 3397 2426 3538 2498; x_wconf 68' lang='grc' dir='ltr'>αὐτῷ</span> <span class='ocrx_word' id='word_1_390' title='bbox 3580 2423 3675 2479; x_wconf 72' lang='grc' dir='ltr'><strong>διὰ</strong></span> <span class='ocrx_word' id='word_1_391' title='bbox 3721 2435 3834 2478; x_wconf 71' lang='grc' dir='ltr'>τῶν</span> 
     </span>
    </p>
   </div>
   <div class='ocr_carea' id='block_1_60' title="bbox 2212 2504 3515 2594">
    <p class='ocr_par' dir='ltr' id='par_1_60' title="bbox 2212 2521 2625 2594">
     <span class='ocr_line' id='line_1_60' title="bbox 2212 2521 2625 2594; baseline 0 -24"><span class='ocrx_word' id='word_1_392' title='bbox 2212 2521 2330 2571; x_wconf 82' lang='grc' dir='ltr'>τότε</span> <span class='ocrx_word' id='word_1_393' title='bbox 2360 2524 2625 2594; x_wconf 83' lang='grc' dir='ltr'>Πατέρων.</span> 
     </span>
    </p>
   </div>
   <div class='ocr_carea' id='block_1_61' title="bbox 2284 2642 3834 2718">
    <p class='ocr_par' dir='ltr' id='par_1_61' title="bbox 2284 2642 3834 2718">
     <span class='ocr_line' id='line_1_61' title="bbox 2284 2642 3834 2718; baseline -0.003 -20"><span class='ocrx_word' id='word_1_394' title='bbox 2284 2645 2338 2698; x_wconf 87' lang='grc'><strong>4.</strong></span> <span class='ocrx_word' id='word_1_395' title='bbox 2397 2646 2634 2718; x_wconf 79' lang='grc' dir='ltr'><strong>Δεύτερος</strong></span> <span class='ocrx_word' id='word_1_396' title='bbox 2685 2647 2796 2717; x_wconf 86' lang='grc' dir='ltr'>μετ’</span> <span class='ocrx_word' id='word_1_397' title='bbox 2872 2646 3030 2698; x_wconf 76' lang='grc' dir='ltr'>αὐτόν</span> <span class='ocrx_word' id='word_1_398' title='bbox 3088 2643 3229 2698; x_wconf 77' lang='grc' dir='ltr'>ἐστιν</span> <span class='ocrx_word' id='word_1_399' title='bbox 3291 2643 3649 2718; x_wconf 77' lang='grc' dir='ltr'>’Δπολινάριος</span> <span class='ocrx_word' id='word_1_400' title='bbox 3680 2681 3695 2707; x_wconf 89' lang='grc'><strong>,</strong></span> <span class='ocrx_word' id='word_1_401' title='bbox 3768 2642 3834 2694; x_wconf 74' lang='grc' dir='ltr'>οὗ</span> 
     </span>
    </p>
   </div>
   <div class='ocr_carea' id='block_1_62' title="bbox 2215 2731 3831 2806">
    <p class='ocr_par' dir='ltr' id='par_1_62' title="bbox 2215 2731 3831 2806">
     <span class='ocr_line' id='line_1_62' title="bbox 2215 2731 3831 2806; baseline -0.001 -22"><span class='ocrx_word' id='word_1_402' title='bbox 2215 2731 2412 2805; x_wconf 72' lang='grc' dir='ltr'>μιϐρῶς</span> <span class='ocrx_word' id='word_1_403' title='bbox 2462 2737 2552 2785; x_wconf 84' lang='grc' dir='ltr'>καὶ</span> <span class='ocrx_word' id='word_1_404' title='bbox 2601 2733 2753 2794; x_wconf 72' lang='grc' dir='ltr'>αὐτὸς</span> <span class='ocrx_word' id='word_1_405' title='bbox 2807 2735 2898 2795; x_wconf 76' lang='grc' dir='ltr'><strong>τὰς</strong></span> <span class='ocrx_word' id='word_1_406' title='bbox 2954 2733 3268 2795; x_wconf 86' lang='grc' dir='ltr'>Ἐκκλησίας</span> <span class='ocrx_word' id='word_1_407' title='bbox 3331 2731 3676 2806; x_wconf 82' lang='grc' dir='ltr'>παραλυπών.</span> <span class='ocrx_word' id='word_1_408' title='bbox 3749 2737 3831 2803; x_wconf 69' lang='grc' dir='ltr'><strong>Τῇ</strong></span> 
     </span>
    </p>
   </div>
   <div class='ocr_carea' id='block_1_63' title="bbox 2215 2819 3837 2898">
    <p class='ocr_par' dir='ltr' id='par_1_63' title="bbox 2215 2819 3837 2898">
     <span class='ocr_line' id='line_1_63' title="bbox 2215 2819 3837 2898; baseline 0.001 -25"><span class='ocrx_word' id='word_1_409' title='bbox 2215 2824 2317 2894; x_wconf 83' lang='grc' dir='ltr'><strong>γὰρ</strong></span> <span class='ocrx_word' id='word_1_410' title='bbox 2348 2829 2440 2874; x_wconf 79' lang='grc' dir='ltr'>τοῦ</span> <span class='ocrx_word' id='word_1_411' title='bbox 2480 2824 2696 2895; x_wconf 73' lang='grc' dir='ltr'>γράφειν</span> <span class='ocrx_word' id='word_1_412' title='bbox 2742 2823 2950 2894; x_wconf 67' lang='grc' dir='ltr'>εὐκολίᾳ</span> <span class='ocrx_word' id='word_1_413' title='bbox 2991 2825 3123 2898; x_wconf 86' lang='grc' dir='ltr'>πρὸς</span> <span class='ocrx_word' id='word_1_414' title='bbox 3170 2829 3344 2876; x_wconf 81' lang='grc' dir='ltr'>πᾶσαν</span> <span class='ocrx_word' id='word_1_415' title='bbox 3391 2824 3639 2874; x_wconf 80' lang='grc' dir='ltr'>ὑπόθεσιν</span> <span class='ocrx_word' id='word_1_416' title='bbox 3688 2819 3837 2892; x_wconf 67' lang='grc' dir='ltr'>ἒχων</span> 
     </span>
    </p>
   </div>
   <div class='ocr_carea' id='block_1_64' title="bbox 2220 2910 3840 2986">
    <p class='ocr_par' dir='ltr' id='par_1_64' title="bbox 2220 2910 3840 2986">
     <span class='ocr_line' id='line_1_64' title="bbox 2220 2910 3840 2986; baseline -0.001 -22"><span class='ocrx_word' id='word_1_417' title='bbox 2220 2910 2485 2986; x_wconf 78' lang='grc' dir='ltr'>ἀρκοῦσαν</span> <span class='ocrx_word' id='word_1_418' title='bbox 2533 2919 2676 2984; x_wconf 80' lang='grc' dir='ltr'>αὑτῷ</span> <span class='ocrx_word' id='word_1_419' title='bbox 2740 2917 2837 2971; x_wconf 72' lang='grc' dir='ltr'>τὴν</span> <span class='ocrx_word' id='word_1_420' title='bbox 2904 2913 3190 2985; x_wconf 71' lang='grc' dir='ltr'>γλῶσσαν,</span> <span class='ocrx_word' id='word_1_421' title='bbox 3259 2911 3504 2970; x_wconf 75' lang='grc' dir='ltr'>ἐνέπλησε</span> <span class='ocrx_word' id='word_1_422' title='bbox 3573 2913 3661 2983; x_wconf 69' lang='grc' dir='ltr'>μὲν</span> <span class='ocrx_word' id='word_1_423' title='bbox 3731 2917 3840 2963; x_wconf 82' lang='grc' dir='ltr'><strong>τῶν</strong></span> 
     </span>
    </p>
   </div>
   <div class='ocr_carea' id='block_1_65' title="bbox 2221 3001 3843 3077">
    <p class='ocr_par' dir='ltr' id='par_1_65' title="bbox 2221 3001 3843 3077">
     <span class='ocr_line' id='line_1_65' title="bbox 2221 3001 3843 3077; baseline -0.001 -23"><span class='ocrx_word' id='word_1_424' title='bbox 2221 3001 2407 3054; x_wconf 75' lang='grc' dir='ltr'>ἑαυτοῦ</span> <span class='ocrx_word' id='word_1_425' title='bbox 2471 3004 2845 3074; x_wconf 74' lang='grc' dir='ltr'><strong>συνταγμάτων</strong></span> <span class='ocrx_word' id='word_1_426' title='bbox 2919 3006 3015 3060; x_wconf 70' lang='grc' dir='ltr'>τήν</span> <span class='ocrx_word' id='word_1_427' title='bbox 3083 3001 3428 3077; x_wconf 76' lang='grc' dir='ltr'>οἰκουμένην,</span> <span class='ocrx_word' id='word_1_428' title='bbox 3490 3003 3843 3074; x_wconf 77' lang='grc' dir='ltr'><strong>παρακούσας</strong></span> 
     </span>
    </p>
   </div>
   <div class='ocr_carea' id='block_1_66' title="bbox 2221 3089 3844 3163">
    <p class='ocr_par' dir='ltr' id='par_1_66' title="bbox 2221 3089 3844 3163">
     <span class='ocr_line' id='line_1_66' title="bbox 2221 3089 3844 3163; baseline 0.001 -21"><span class='ocrx_word' id='word_1_429' title='bbox 2221 3098 2314 3142; x_wconf 89' lang='lat'><strong>1&#39;05</strong></span> <span class='ocrx_word' id='word_1_430' title='bbox 2377 3090 2703 3163; x_wconf 76' lang='grc' dir='ltr'>ἐγκλήματος</span> <span class='ocrx_word' id='word_1_431' title='bbox 2771 3099 2864 3144; x_wconf 81' lang='grc' dir='ltr'>τοῦ</span> <span class='ocrx_word' id='word_1_432' title='bbox 2922 3093 3038 3162; x_wconf 81' lang='grc'><strong>(12)</strong></span> <span class='ocrx_word' id='word_1_433' title='bbox 3114 3091 3393 3162; x_wconf 82' lang='grc' dir='ltr'>λέγοντος,</span> <span class='ocrx_word' id='word_1_434' title='bbox 3454 3092 3540 3144; x_wconf 83' lang='grc' dir='ltr'>ὅτι</span> <span class='ocrx_word' id='word_1_435' title='bbox 3603 3089 3844 3152; x_wconf 77' lang='grc' dir='ltr'>Φύλαξαί</span> 
     </span>
    </p>
   </div>
   <div class='ocr_carea' id='block_1_67' title="bbox 452 3175 2112 3262">
    <p class='ocr_par' dir='ltr' id='par_1_67' title="bbox 452 3187 2112 3262">
     <span class='ocr_line' id='line_1_67' title="bbox 452 3187 2112 3262; baseline -0.004 -14"><span class='ocrx_word' id='word_1_436' title='bbox 452 3191 518 3248; x_wconf 90' lang='lat' dir='ltr'><strong>in</strong></span> <span class='ocrx_word' id='word_1_437' title='bbox 564 3190 950 3248; x_wconf 86' lang='lat' dir='ltr'><strong>multitudine</strong></span> <span class='ocrx_word' id='word_1_438' title='bbox 1007 3195 1260 3262; x_wconf 86' lang='lat' dir='ltr'><strong>peccata</strong></span> <span class='ocrx_word' id='word_1_439' title='bbox 1322 3189 1515 3246; x_wconf 87' lang='lat' dir='ltr'><strong>multa</strong></span> <span class='ocrx_word' id='word_1_440' title='bbox 1580 3194 1740 3246; x_wconf 88' lang='lat' dir='ltr'><strong>sunt.</strong></span> <span class='ocrx_word' id='word_1_441' title='bbox 1797 3187 2112 3254; x_wconf 87' lang='lat' dir='ltr'><strong>Quomodo</strong></span> 
     </span>
    </p>
   </div>
   <div class='ocr_carea' id='block_1_68' title="bbox 2223 3175 3832 3262">
    <p class='ocr_par' dir='ltr' id='par_1_68' title="bbox 2223 3175 3832 3252">
     <span class='ocr_line' id='line_1_68' title="bbox 2223 3175 3832 3252; baseline -0.002 -19"><span class='ocrx_word' id='word_1_442' title='bbox 2223 3187 2446 3238; x_wconf 75' lang='grc' dir='ltr'>ποιῆσαι</span> <span class='ocrx_word' id='word_1_443' title='bbox 2494 3179 2676 3252; x_wconf 78' lang='grc' dir='ltr'>βιϐλία</span> <span class='ocrx_word' id='word_1_444' title='bbox 2737 3181 2938 3234; x_wconf 79' lang='grc' dir='ltr'>πολλοί·</span> <span class='ocrx_word' id='word_1_445' title='bbox 2985 3180 3036 3233; x_wconf 77' lang='grc' dir='ltr'>ἐν</span> <span class='ocrx_word' id='word_1_446' title='bbox 3088 3177 3148 3234; x_wconf 70' lang='grc' dir='ltr'><strong>δὲ</strong></span> <span class='ocrx_word' id='word_1_447' title='bbox 3205 3189 3278 3251; x_wconf 81' lang='grc' dir='ltr'>τῷ</span> <span class='ocrx_word' id='word_1_448' title='bbox 3335 3178 3522 3237; x_wconf 73' lang='grc' dir='ltr'>πλήθει</span> <span class='ocrx_word' id='word_1_449' title='bbox 3579 3175 3832 3238; x_wconf 77' lang='grc' dir='ltr'>δηλονότι</span> 
     </span>
    </p>
   </div>
   <div class='ocr_carea' id='block_1_69' title="bbox 455 3277 2115 3352">
    <p class='ocr_par' dir='ltr' id='par_1_69' title="bbox 455 3277 2115 3352">
     <span class='ocr_line' id='line_1_69' title="bbox 455 3277 2115 3352; baseline -0.003 -15"><span class='ocrx_word' id='word_1_450' title='bbox 455 3283 619 3337; x_wconf 85' lang='lat' dir='ltr'><strong>enim</strong></span> <span class='ocrx_word' id='word_1_451' title='bbox 659 3279 852 3352; x_wconf 87' lang='lat' dir='ltr'><strong>possit</strong></span> <span class='ocrx_word' id='word_1_452' title='bbox 899 3279 961 3336; x_wconf 93' lang='lat' dir='ltr'><strong>in</strong></span> <span class='ocrx_word' id='word_1_453' title='bbox 1009 3277 1392 3351; x_wconf 89' lang='lat' dir='ltr'><strong>multiloquio</strong></span> <span class='ocrx_word' id='word_1_454' title='bbox 1441 3279 1489 3314; x_wconf 76' lang='grc'><strong>³³</strong></span> <span class='ocrx_word' id='word_1_455' title='bbox 1527 3281 1844 3351; x_wconf 87' lang='lat' dir='ltr'><strong>peccatum</strong></span> <span class='ocrx_word' id='word_1_456' title='bbox 1888 3277 2115 3332; x_wconf 81' lang='lat' dir='ltr'><strong>vitari?</strong></span> 
     </span>
    </p>
   </div>
   <div class='ocr_carea' id='block_1_70' title="bbox 455 3367 2117 3440">
    <p class='ocr_par' dir='ltr' id='par_1_70' title="bbox 455 3367 2117 3440">
     <span class='ocr_line' id='line_1_70' title="bbox 455 3367 2117 3440; baseline -0.002 -14"><span class='ocrx_word' id='word_1_457' title='bbox 455 3369 623 3426; x_wconf 80' lang='lat' dir='ltr'><strong>Illius</strong></span> <span class='ocrx_word' id='word_1_458' title='bbox 652 3367 838 3438; x_wconf 84' lang='lat' dir='ltr'><strong>igitur</strong></span> <span class='ocrx_word' id='word_1_459' title='bbox 879 3368 955 3424; x_wconf 91' lang='lat' dir='ltr'><strong>de</strong></span> <span class='ocrx_word' id='word_1_460' title='bbox 1007 3367 1309 3436; x_wconf 84' lang='lat' dir='ltr'><strong>theologia</strong></span> <span class='ocrx_word' id='word_1_461' title='bbox 1359 3367 1822 3440; x_wconf 85' lang='lat' dir='ltr'><strong>disputationes,</strong></span> <span class='ocrx_word' id='word_1_462' title='bbox 1854 3382 1979 3422; x_wconf 90' lang='lat' dir='ltr'><strong>non</strong></span> <span class='ocrx_word' id='word_1_463' title='bbox 2016 3381 2117 3438; x_wconf 88' lang='lat' dir='ltr'><strong>pe-</strong></span> 
     </span>
    </p>
   </div>
   <div class='ocr_carea' id='block_1_71' title="bbox 457 3455 2113 3529">
    <p class='ocr_par' dir='ltr' id='par_1_71' title="bbox 457 3455 2113 3529">
     <span class='ocr_line' id='line_1_71' title="bbox 457 3455 2113 3529; baseline -0.003 -15"><span class='ocrx_word' id='word_1_464' title='bbox 457 3456 582 3514; x_wconf 89' lang='lat' dir='ltr'><strong>titis</strong></span> <span class='ocrx_word' id='word_1_465' title='bbox 619 3473 652 3511; x_wconf 92' lang='lat' dir='ltr'><strong>e</strong></span> <span class='ocrx_word' id='word_1_466' title='bbox 690 3456 998 3528; x_wconf 89' lang='lat' dir='ltr'><strong>Scriptura</strong></span> <span class='ocrx_word' id='word_1_467' title='bbox 1025 3455 1514 3529; x_wconf 88' lang='lat' dir='ltr'><strong>probationibus,</strong></span> <span class='ocrx_word' id='word_1_468' title='bbox 1549 3455 1658 3511; x_wconf 90' lang='lat' dir='ltr'><strong>sed</strong></span> <span class='ocrx_word' id='word_1_469' title='bbox 1693 3455 1976 3513; x_wconf 86' lang='lat' dir='ltr'><strong>humanis</strong></span> <span class='ocrx_word' id='word_1_470' title='bbox 2009 3470 2113 3510; x_wconf 90' lang='lat' dir='ltr'><strong>ar-</strong></span> 
     </span>
    </p>
   </div>
   <div class='ocr_carea' id='block_1_72' title="bbox 461 3544 2118 3619">
    <p class='ocr_par' dir='ltr' id='par_1_72' title="bbox 461 3544 2118 3619">
     <span class='ocr_line' id='line_1_72' title="bbox 461 3544 2118 3619; baseline -0.001 -18"><span class='ocrx_word' id='word_1_471' title='bbox 461 3545 769 3615; x_wconf 83' lang='lat' dir='ltr'><strong>gumentis</strong></span> <span class='ocrx_word' id='word_1_472' title='bbox 813 3547 1104 3602; x_wconf 89' lang='lat' dir='ltr'><strong>nituntur.</strong></span> <span class='ocrx_word' id='word_1_473' title='bbox 1137 3547 1287 3601; x_wconf 89' lang='lat' dir='ltr'><strong>Sunt</strong></span> <span class='ocrx_word' id='word_1_474' title='bbox 1331 3544 1660 3619; x_wconf 58' lang='lat' dir='ltr'><strong>autemjlli</strong></span> <span class='ocrx_word' id='word_1_475' title='bbox 1707 3550 1764 3602; x_wconf 89' lang='lat' dir='ltr'><strong>et</strong></span> <span class='ocrx_word' id='word_1_476' title='bbox 1799 3545 1877 3601; x_wconf 92' lang='lat' dir='ltr'><strong>de</strong></span> <span class='ocrx_word' id='word_1_477' title='bbox 1922 3559 2118 3601; x_wconf 88' lang='lat' dir='ltr'><strong>resur-</strong></span> 
     </span>
    </p>
   </div>
   <div class='ocr_carea' id='block_1_73' title="bbox 459 3624 2122 3707">
    <p class='ocr_par' dir='ltr' id='par_1_73' title="bbox 459 3624 2122 3707">
     <span class='ocr_line' id='line_1_73' title="bbox 459 3624 2122 3707; baseline -0.001 -15"><span class='ocrx_word' id='word_1_478' title='bbox 459 3635 730 3692; x_wconf 88' lang='lat' dir='ltr'><strong>rectione</strong></span> <span class='ocrx_word' id='word_1_479' title='bbox 791 3634 1276 3691; x_wconf 87' lang='lat' dir='ltr'><strong>elucubrationes</strong></span> <span class='ocrx_word' id='word_1_480' title='bbox 1333 3624 1612 3691; x_wconf 74' lang='lat' dir='ltr'><strong>fabuiose</strong></span> <span class='ocrx_word' id='word_1_481' title='bbox 1680 3635 1913 3707; x_wconf 65' lang='lat' dir='ltr'><strong>scriptae</strong></span> <span class='ocrx_word' id='word_1_482' title='bbox 1942 3677 1956 3699; x_wconf 89' lang='lat'><strong>,</strong></span> <span class='ocrx_word' id='word_1_483' title='bbox 2025 3633 2122 3690; x_wconf 84' lang='lat' dir='ltr'><strong>vel</strong></span> 
     </span>
    </p>
   </div>
   <div class='ocr_carea' id='block_1_74' title="bbox 467 3723 2124 3796">
    <p class='ocr_par' dir='ltr' id='par_1_74' title="bbox 467 3723 2124 3796">
     <span class='ocr_line' id='line_1_74' title="bbox 467 3723 2124 3796; baseline -0.001 -15"><span class='ocrx_word' id='word_1_484' title='bbox 467 3724 670 3796; x_wconf 88' lang='lat' dir='ltr'><strong>potius</strong></span> <span class='ocrx_word' id='word_1_485' title='bbox 705 3724 950 3780; x_wconf 86' lang='lat' dir='ltr'><strong>Judaice</strong></span> <span class='ocrx_word' id='word_1_486' title='bbox 977 3742 990 3780; x_wconf 91' lang='lat'><strong>:</strong></span> <span class='ocrx_word' id='word_1_487' title='bbox 1014 3724 1075 3780; x_wconf 89' lang='lat' dir='ltr'><strong>in</strong></span> <span class='ocrx_word' id='word_1_488' title='bbox 1102 3725 1326 3796; x_wconf 90' lang='lat' dir='ltr'><strong>quibus</strong></span> <span class='ocrx_word' id='word_1_489' title='bbox 1361 3724 1444 3781; x_wconf 86' lang='lat' dir='ltr'><strong>ait</strong></span> <span class='ocrx_word' id='word_1_490' title='bbox 1471 3740 1585 3781; x_wconf 89' lang='lat' dir='ltr'><strong>nos</strong></span> <span class='ocrx_word' id='word_1_491' title='bbox 1614 3741 1826 3780; x_wconf 90' lang='lat' dir='ltr'><strong>rursus</strong></span> <span class='ocrx_word' id='word_1_492' title='bbox 1855 3724 1934 3780; x_wconf 87' lang='lat' dir='ltr'><strong>ad</strong></span> <span class='ocrx_word' id='word_1_493' title='bbox 1965 3723 2124 3794; x_wconf 85' lang='lat' dir='ltr'><strong>lega-</strong></span> 
     </span>
    </p>
   </div>
   <div class='ocr_carea' id='block_1_75' title="bbox 465 3813 2124 3885">
    <p class='ocr_par' dir='ltr' id='par_1_75' title="bbox 465 3813 2124 3885">
     <span class='ocr_line' id='line_1_75' title="bbox 465 3813 2124 3885; baseline -0.002 -14"><span class='ocrx_word' id='word_1_494' title='bbox 465 3813 589 3872; x_wconf 87' lang='lat' dir='ltr'><strong>lem</strong></span> <span class='ocrx_word' id='word_1_495' title='bbox 635 3828 985 3870; x_wconf 86' lang='lat' dir='ltr'><strong>reversuros</strong></span> <span class='ocrx_word' id='word_1_496' title='bbox 1031 3813 1292 3884; x_wconf 89' lang='lat' dir='ltr'><strong>cultum,</strong></span> <span class='ocrx_word' id='word_1_497' title='bbox 1331 3829 1661 3885; x_wconf 87' lang='lat' dir='ltr'><strong>rursusque</strong></span> <span class='ocrx_word' id='word_1_498' title='bbox 1702 3813 2124 3869; x_wconf 87' lang='lat' dir='ltr'><strong>circumcisum</strong></span> 
     </span>
    </p>
   </div>
   <div class='ocr_carea' id='block_1_76' title="bbox 468 3902 2130 3976">
    <p class='ocr_par' dir='ltr' id='par_1_76' title="bbox 468 3902 2130 3976">
     <span class='ocr_line' id='line_1_76' title="bbox 468 3902 2130 3976; baseline -0.002 -16"><span class='ocrx_word' id='word_1_499' title='bbox 468 3903 565 3970; x_wconf 87' lang='lat' dir='ltr'><strong>iri,</strong></span> <span class='ocrx_word' id='word_1_500' title='bbox 596 3907 655 3960; x_wconf 87' lang='lat' dir='ltr'><strong>et</strong></span> <span class='ocrx_word' id='word_1_501' title='bbox 699 3902 966 3960; x_wconf 85' lang='lat' dir='ltr'><strong>Sabbata</strong></span> <span class='ocrx_word' id='word_1_502' title='bbox 1013 3902 1461 3967; x_wconf 84' lang='lat' dir='ltr'><strong>observaturos,</strong></span> <span class='ocrx_word' id='word_1_503' title='bbox 1508 3903 1710 3976; x_wconf 84' lang='lat' dir='ltr'><strong>adque</strong></span> <span class='ocrx_word' id='word_1_504' title='bbox 1747 3902 2130 3960; x_wconf 86' lang='lat' dir='ltr'><strong>abstenturos</strong></span> 
     </span>
    </p>
   </div>
   <div class='ocr_carea' id='block_1_77' title="bbox 473 3992 2131 4061">
    <p class='ocr_par' dir='ltr' id='par_1_77' title="bbox 473 3992 2131 4061">
     <span class='ocr_line' id='line_1_77' title="bbox 473 3992 2131 4061; baseline -0.002 -11"><span class='ocrx_word' id='word_1_505' title='bbox 473 4009 512 4050; x_wconf 85' lang='lat' dir='ltr'><strong>a</strong></span> <span class='ocrx_word' id='word_1_506' title='bbox 540 3992 716 4061; x_wconf 91' lang='lat' dir='ltr'><strong>cibis,</strong></span> <span class='ocrx_word' id='word_1_507' title='bbox 743 3997 802 4048; x_wconf 91' lang='lat' dir='ltr'><strong>et</strong></span> <span class='ocrx_word' id='word_1_508' title='bbox 829 3992 1110 4049; x_wconf 81' lang='lat' dir='ltr'><strong>victimas</strong></span> <span class='ocrx_word' id='word_1_509' title='bbox 1144 3992 1459 4049; x_wconf 85' lang='lat' dir='ltr'><strong>oblaturos</strong></span> <span class='ocrx_word' id='word_1_510' title='bbox 1498 3995 1640 4060; x_wconf 89' lang='lat' dir='ltr'><strong>Deo,</strong></span> <span class='ocrx_word' id='word_1_511' title='bbox 1675 3999 1731 4049; x_wconf 87' lang='lat' dir='ltr'><strong>et</strong></span> <span class='ocrx_word' id='word_1_512' title='bbox 1769 3992 2131 4049; x_wconf 88' lang='lat' dir='ltr'><strong>adoraturos</strong></span> 
     </span>
    </p>
   </div>
   <div class='ocr_carea' id='block_1_78' title="bbox 473 4081 2132 4155">
    <p class='ocr_par' dir='ltr' id='par_1_78' title="bbox 473 4081 2132 4155">
     <span class='ocr_line' id='line_1_78' title="bbox 473 4081 2132 4155; baseline -0.001 -17"><span class='ocrx_word' id='word_1_513' title='bbox 473 4081 872 4154; x_wconf 82' lang='lat' dir='ltr'><strong>Jerosolymis</strong></span> <span class='ocrx_word' id='word_1_514' title='bbox 905 4081 1078 4154; x_wconf 69' lang='grc'><strong>407</strong></span> <span class='ocrx_word' id='word_1_515' title='bbox 1114 4083 1178 4138; x_wconf 90' lang='lat' dir='ltr'><strong>in</strong></span> <span class='ocrx_word' id='word_1_516' title='bbox 1212 4082 1461 4155; x_wconf 84' lang='lat' dir='ltr'><strong>templo,</strong></span> <span class='ocrx_word' id='word_1_517' title='bbox 1493 4098 1564 4139; x_wconf 89' lang='lat' dir='ltr'><strong>ac</strong></span> <span class='ocrx_word' id='word_1_518' title='bbox 1594 4082 1845 4138; x_wconf 90' lang='lat' dir='ltr'><strong>omnino</strong></span> <span class='ocrx_word' id='word_1_519' title='bbox 1887 4081 2132 4137; x_wconf 70' lang='lat' dir='ltr'><strong>Judaaos</strong></span> 
     </span>
    </p>
   </div>
   <div class='ocr_carea' id='block_1_79' title="bbox 477 4170 2132 4244">
    <p class='ocr_par' dir='ltr' id='par_1_79' title="bbox 477 4170 2132 4244">
     <span class='ocr_line' id='line_1_79' title="bbox 477 4170 2132 4244; baseline -0.002 -15"><span class='ocrx_word' id='word_1_520' title='bbox 477 4189 553 4229; x_wconf 82' lang='lat' dir='ltr'><strong>ex</strong></span> <span class='ocrx_word' id='word_1_521' title='bbox 582 4172 932 4228; x_wconf 88' lang='lat' dir='ltr'><strong>Christianis</strong></span> <span class='ocrx_word' id='word_1_522' title='bbox 959 4172 1213 4228; x_wconf 85' lang='lat' dir='ltr'><strong>futuros.</strong></span> <span class='ocrx_word' id='word_1_523' title='bbox 1247 4171 1478 4237; x_wconf 85' lang='lat' dir='ltr'><strong>Quibus</strong></span> <span class='ocrx_word' id='word_1_524' title='bbox 1509 4172 1807 4244; x_wconf 88' lang='lat' dir='ltr'><strong>quidnam</strong></span> <span class='ocrx_word' id='word_1_525' title='bbox 1833 4171 2028 4241; x_wconf 86' lang='lat' dir='ltr'><strong>magis</strong></span> <span class='ocrx_word' id='word_1_526' title='bbox 2054 4170 2132 4227; x_wconf 86' lang='lat' dir='ltr'><strong>ri-</strong></span> 
     </span>
    </p>
   </div>
   <div class='ocr_carea' id='block_1_80' title="bbox 477 4248 2133 4332">
    <p class='ocr_par' dir='ltr' id='par_1_80' title="bbox 477 4248 2133 4332">
     <span class='ocr_line' id='line_1_80' title="bbox 477 4248 2133 4332; baseline -0.001 -15"><span class='ocrx_word' id='word_1_527' title='bbox 477 4248 748 4318; x_wconf 81' lang='lat' dir='ltr'><strong>diculum</strong></span> <span class='ocrx_word' id='word_1_528' title='bbox 780 4277 910 4316; x_wconf 86' lang='lat' dir='ltr'><strong>esse</strong></span> <span class='ocrx_word' id='word_1_529' title='bbox 947 4261 1156 4332; x_wconf 90' lang='lat' dir='ltr'><strong>possit,</strong></span> <span class='ocrx_word' id='word_1_530' title='bbox 1202 4265 1307 4316; x_wconf 89' lang='lat' dir='ltr'><strong>aut</strong></span> <span class='ocrx_word' id='word_1_531' title='bbox 1353 4260 1433 4316; x_wconf 89' lang='lat' dir='ltr'><strong>ab</strong></span> <span class='ocrx_word' id='word_1_532' title='bbox 1457 4259 1806 4331; x_wconf 80' lang='lat' dir='ltr'><strong>evangelica</strong></span> <span class='ocrx_word' id='word_1_533' title='bbox 1848 4259 2133 4328; x_wconf 80' lang='lat' dir='ltr'><strong>dogmate</strong></span> 
     </span>
    </p>
   </div>
   <div class='ocr_carea' id='block_1_81' title="bbox 479 4348 2134 4422">
    <p class='ocr_par' dir='ltr' id='par_1_81' title="bbox 479 4348 2134 4422">
     <span class='ocr_line' id='line_1_81' title="bbox 479 4348 2134 4422; baseline -0.003 -14"><span class='ocrx_word' id='word_1_534' title='bbox 479 4351 678 4422; x_wconf 86' lang='lat' dir='ltr'><strong>magis</strong></span> <span class='ocrx_word' id='word_1_535' title='bbox 709 4349 1018 4406; x_wconf 78' lang='lat' dir='ltr'><strong>alienum?</strong></span> <span class='ocrx_word' id='word_1_536' title='bbox 1061 4350 1283 4406; x_wconf 88' lang='lat' dir='ltr'><strong>Deinde</strong></span> <span class='ocrx_word' id='word_1_537' title='bbox 1322 4365 1396 4406; x_wconf 90' lang='lat' dir='ltr'><strong>ea</strong></span> <span class='ocrx_word' id='word_1_538' title='bbox 1425 4352 1610 4406; x_wconf 86' lang='lat' dir='ltr'><strong>etiam</strong></span> <span class='ocrx_word' id='word_1_539' title='bbox 1643 4365 1781 4420; x_wconf 69' lang='lat' dir='ltr'><strong>quae</strong></span> <span class='ocrx_word' id='word_1_540' title='bbox 1825 4348 1901 4404; x_wconf 89' lang='lat' dir='ltr'><strong>de</strong></span> <span class='ocrx_word' id='word_1_541' title='bbox 1939 4351 2134 4404; x_wconf 88' lang='lat' dir='ltr'><strong>lncar-</strong></span> 
     </span>
    </p>
   </div>
   <div class='ocr_carea' id='block_1_82' title="bbox 478 4438 2136 4510">
    <p class='ocr_par' dir='ltr' id='par_1_82' title="bbox 478 4438 2136 4510">
     <span class='ocr_line' id='line_1_82' title="bbox 478 4438 2136 4510; baseline -0.002 -13"><span class='ocrx_word' id='word_1_542' title='bbox 478 4441 640 4498; x_wconf 89' lang='lat' dir='ltr'><strong>tione</strong></span> <span class='ocrx_word' id='word_1_543' title='bbox 665 4439 928 4508; x_wconf 85' lang='lat' dir='ltr'><strong>tradidit,</strong></span> <span class='ocrx_word' id='word_1_544' title='bbox 959 4443 1192 4496; x_wconf 87' lang='lat' dir='ltr'><strong>tantam</strong></span> <span class='ocrx_word' id='word_1_545' title='bbox 1220 4438 1548 4495; x_wconf 87' lang='lat' dir='ltr'><strong>intulerunt</strong></span> <span class='ocrx_word' id='word_1_546' title='bbox 1582 4438 1869 4495; x_wconf 84' lang='lat' dir='ltr'><strong>fratribus</strong></span> <span class='ocrx_word' id='word_1_547' title='bbox 1901 4443 2136 4510; x_wconf 86' lang='lat' dir='ltr'><strong>pertur-</strong></span> 
     </span>
    </p>
   </div>
   <div class='ocr_carea' id='block_1_83' title="bbox 2222 3265 3837 3344">
    <p class='ocr_par' dir='ltr' id='par_1_83' title="bbox 2222 3265 3837 3344">
     <span class='ocr_line' id='line_1_83' title="bbox 2222 3265 3837 3344; baseline -0.001 -22"><span class='ocrx_word' id='word_1_548' title='bbox 2222 3268 2386 3322; x_wconf 77' lang='grc' dir='ltr'>πολλὰ</span> <span class='ocrx_word' id='word_1_549' title='bbox 2414 3273 2501 3321; x_wconf 86' lang='grc' dir='ltr'>καὶ</span> <span class='ocrx_word' id='word_1_550' title='bbox 2539 3272 2862 3344; x_wconf 74' lang='grc' dir='ltr'>ἡμάρτηται.</span> <span class='ocrx_word' id='word_1_551' title='bbox 2909 3277 3023 3330; x_wconf 85' lang='grc' dir='ltr'><strong>Πῶς</strong></span> <span class='ocrx_word' id='word_1_552' title='bbox 3047 3271 3149 3342; x_wconf 83' lang='grc' dir='ltr'><strong>γὰρ</strong></span> <span class='ocrx_word' id='word_1_553' title='bbox 3182 3265 3405 3322; x_wconf 71' lang='grc' dir='ltr'>δυνατόν</span> <span class='ocrx_word' id='word_1_554' title='bbox 3431 3269 3486 3321; x_wconf 81' lang='grc' dir='ltr'>ἐκ</span> <span class='ocrx_word' id='word_1_555' title='bbox 3515 3267 3837 3338; x_wconf 72' lang='grc' dir='ltr'>πολυλογίας</span> 
     </span>
    </p>
   </div>
   <div class='ocr_carea' id='block_1_84' title="bbox 2226 3357 3838 3432">
    <p class='ocr_par' dir='ltr' id='par_1_84' title="bbox 2226 3357 3838 3432">
     <span class='ocr_line' id='line_1_84' title="bbox 2226 3357 3838 3432; baseline -0.001 -21"><span class='ocrx_word' id='word_1_556' title='bbox 2226 3357 2466 3430; x_wconf 72' lang='grc' dir='ltr'><strong>ἐκφυγεῖν</strong></span> <span class='ocrx_word' id='word_1_557' title='bbox 2509 3358 2773 3432; x_wconf 76' lang='grc' dir='ltr'>ἁμαρτίαν</span> <span class='ocrx_word' id='word_1_558' title='bbox 2801 3377 2816 3428; x_wconf 89' lang='grc'>;</span> <span class='ocrx_word' id='word_1_559' title='bbox 2849 3358 3004 3412; x_wconf 79' lang='grc' dir='ltr'>Ἐστι</span> <span class='ocrx_word' id='word_1_560' title='bbox 3162 3359 3250 3411; x_wconf 78' lang='grc' dir='ltr'>οὖν</span> <span class='ocrx_word' id='word_1_561' title='bbox 3281 3359 3442 3410; x_wconf 70' lang='grc' dir='ltr'>αὐτοῦ</span> <span class='ocrx_word' id='word_1_562' title='bbox 3494 3362 3586 3410; x_wconf 81' lang='grc' dir='ltr'>καὶ</span> <span class='ocrx_word' id='word_1_563' title='bbox 3637 3360 3705 3410; x_wconf 74' lang='grc' dir='ltr'>τὰ</span> <span class='ocrx_word' id='word_1_564' title='bbox 3747 3366 3838 3422; x_wconf 67' lang='grc' dir='ltr'>τῆς</span> 
     </span>
    </p>
   </div>
   <div class='ocr_carea' id='block_1_85' title="bbox 2231 3453 3842 3531">
    <p class='ocr_par' dir='ltr' id='par_1_85' title="bbox 2231 3453 3842 3531">
     <span class='ocr_line' id='line_1_85' title="bbox 2231 3453 3842 3531; baseline -0.001 -24"><span class='ocrx_word' id='word_1_565' title='bbox 2231 3455 2501 3527; x_wconf 70' lang='grc' dir='ltr'>θεολογίας</span> <span class='ocrx_word' id='word_1_566' title='bbox 2531 3455 2625 3509; x_wconf 70' lang='grc' dir='ltr'>οὐκ</span> <span class='ocrx_word' id='word_1_567' title='bbox 2650 3456 2707 3509; x_wconf 84' lang='grc' dir='ltr'>ἑκ</span> <span class='ocrx_word' id='word_1_568' title='bbox 2725 3464 2994 3531; x_wconf 76' lang='grc' dir='ltr'>γραφικῶν</span> <span class='ocrx_word' id='word_1_569' title='bbox 3037 3453 3376 3522; x_wconf 77' lang='grc' dir='ltr'>ἀποδείξεων,</span> <span class='ocrx_word' id='word_1_570' title='bbox 3408 3454 3515 3506; x_wconf 71' lang='grc' dir='ltr'>ἀλλ’</span> <span class='ocrx_word' id='word_1_571' title='bbox 3553 3453 3604 3517; x_wconf 84' lang='grc' dir='ltr'><strong>ἐξ</strong></span> <span class='ocrx_word' id='word_1_572' title='bbox 3639 3453 3842 3530; x_wconf 76' lang='grc' dir='ltr'>ἀνθρω-</span> 
     </span>
    </p>
   </div>
   <div class='ocr_carea' id='block_1_86' title="bbox 2227 3538 3848 3617">
    <p class='ocr_par' dir='ltr' id='par_1_86' title="bbox 2227 3538 3848 3617">
     <span class='ocr_line' id='line_1_86' title="bbox 2227 3538 3848 3617; baseline -0.001 -22"><span class='ocrx_word' id='word_1_573' title='bbox 2227 3547 2389 3596; x_wconf 80' lang='grc' dir='ltr'>πίνων</span> <span class='ocrx_word' id='word_1_574' title='bbox 2417 3544 2662 3617; x_wconf 80' lang='grc' dir='ltr'>ἀφορμῶν</span> <span class='ocrx_word' id='word_1_575' title='bbox 2685 3547 2800 3615; x_wconf 87' lang='grc'><strong>(13)</strong></span> <span class='ocrx_word' id='word_1_576' title='bbox 2839 3550 2934 3604; x_wconf 69' lang='grc' dir='ltr'>τὴν</span> <span class='ocrx_word' id='word_1_577' title='bbox 2977 3549 3306 3602; x_wconf 63' lang='grc' dir='ltr'>κατασκευὴν</span> <span class='ocrx_word' id='word_1_578' title='bbox 3348 3544 3543 3615; x_wconf 70' lang='grc' dir='ltr'>ἔχοντα</span> <span class='ocrx_word' id='word_1_579' title='bbox 3569 3565 3582 3576; x_wconf 92' lang='grc'><strong>·</strong></span> <span class='ocrx_word' id='word_1_580' title='bbox 3615 3542 3728 3596; x_wconf 76' lang='grc' dir='ltr'>ἔστι</span> <span class='ocrx_word' id='word_1_581' title='bbox 3783 3538 3848 3594; x_wconf 70' lang='grc' dir='ltr'><strong>δέ</strong></span> 
     </span>
    </p>
   </div>
   <div class='ocr_carea' id='block_1_87' title="bbox 2230 3633 3841 3711">
    <p class='ocr_par' dir='ltr' id='par_1_87' title="bbox 2230 3633 3841 3711">
     <span class='ocr_line' id='line_1_87' title="bbox 2230 3633 3841 3711; baseline -0.001 -25"><span class='ocrx_word' id='word_1_582' title='bbox 2230 3633 2373 3706; x_wconf 73' lang='grc' dir='ltr'>αὐτῷ</span> <span class='ocrx_word' id='word_1_583' title='bbox 2416 3640 2505 3688; x_wconf 86' lang='grc' dir='ltr'>καὶ</span> <span class='ocrx_word' id='word_1_584' title='bbox 2546 3639 2613 3688; x_wconf 79' lang='grc' dir='ltr'>τὰ</span> <span class='ocrx_word' id='word_1_585' title='bbox 2660 3641 2776 3711; x_wconf 83' lang='grc' dir='ltr'>περὶ</span> <span class='ocrx_word' id='word_1_586' title='bbox 2831 3636 3172 3698; x_wconf 78' lang='grc' dir='ltr'>ἀναστάσεως</span> <span class='ocrx_word' id='word_1_587' title='bbox 3219 3637 3449 3708; x_wconf 82' lang='grc' dir='ltr'>μυθικῶς</span> <span class='ocrx_word' id='word_1_588' title='bbox 3504 3638 3841 3706; x_wconf 76' lang='grc' dir='ltr'>συγκείμενα,</span> 
     </span>
    </p>
   </div>
   <div class='ocr_carea' id='block_1_88' title="bbox 2234 3721 3849 3797">
    <p class='ocr_par' dir='ltr' id='par_1_88' title="bbox 2234 3721 3849 3797">
     <span class='ocr_line' id='line_1_88' title="bbox 2234 3721 3849 3797; baseline -0.001 -22"><span class='ocrx_word' id='word_1_589' title='bbox 2234 3723 2422 3795; x_wconf 85' lang='grc' dir='ltr'>μᾶλλον</span> <span class='ocrx_word' id='word_1_590' title='bbox 2467 3722 2528 3778; x_wconf 69' lang='grc' dir='ltr'><strong>δὲ</strong></span> <span class='ocrx_word' id='word_1_591' title='bbox 2571 3721 2878 3787; x_wconf 75' lang='grc' dir='ltr'>Ἰουὸαἶκῶς</span> <span class='ocrx_word' id='word_1_592' title='bbox 2915 3746 2928 3759; x_wconf 90' lang='grc'><strong>·</strong></span> <span class='ocrx_word' id='word_1_593' title='bbox 2968 3725 3017 3777; x_wconf 87' lang='grc' dir='ltr'>ἐν</span> <span class='ocrx_word' id='word_1_594' title='bbox 3056 3731 3129 3786; x_wconf 84' lang='grc' dir='ltr'>οἷς</span> <span class='ocrx_word' id='word_1_595' title='bbox 3178 3743 3310 3797; x_wconf 75' lang='grc' dir='ltr'>φησι</span> <span class='ocrx_word' id='word_1_596' title='bbox 3353 3724 3508 3778; x_wconf 78' lang='grc' dir='ltr'>πάλιν</span> <span class='ocrx_word' id='word_1_597' title='bbox 3549 3726 3686 3797; x_wconf 82' lang='grc' dir='ltr'>ἡμᾶς</span> <span class='ocrx_word' id='word_1_598' title='bbox 3710 3725 3849 3794; x_wconf 81' lang='grc' dir='ltr'>πρὸς</span> 
     </span>
    </p>
   </div>
   <div class='ocr_carea' id='block_1_89' title="bbox 2235 3811 3850 3888">
    <p class='ocr_par' dir='ltr' id='par_1_89' title="bbox 2235 3811 3850 3888">
     <span class='ocr_line' id='line_1_89' title="bbox 2235 3811 3850 3888; baseline -0.002 -22"><span class='ocrx_word' id='word_1_599' title='bbox 2235 3818 2330 3872; x_wconf 83' lang='grc' dir='ltr'>τὴν</span> <span class='ocrx_word' id='word_1_600' title='bbox 2387 3819 2603 3887; x_wconf 76' lang='grc' dir='ltr'>νομικὴν</span> <span class='ocrx_word' id='word_1_601' title='bbox 2660 3817 2996 3888; x_wconf 73' lang='grc' dir='ltr'>ὑποστρέφειν</span> <span class='ocrx_word' id='word_1_602' title='bbox 3054 3816 3167 3885; x_wconf 70' lang='grc'><strong>(14)</strong></span> <span class='ocrx_word' id='word_1_603' title='bbox 3212 3815 3491 3887; x_wconf 76' lang='grc' dir='ltr'>λατρείαν,</span> <span class='ocrx_word' id='word_1_604' title='bbox 3540 3817 3629 3866; x_wconf 84' lang='grc' dir='ltr'>καὶ</span> <span class='ocrx_word' id='word_1_605' title='bbox 3686 3811 3850 3864; x_wconf 75' lang='grc' dir='ltr'>πάλιν</span> 
     </span>
    </p>
   </div>
   <div class='ocr_carea' id='block_1_90' title="bbox 2239 3901 3852 3979">
    <p class='ocr_par' dir='ltr' id='par_1_90' title="bbox 2239 3901 3852 3979">
     <span class='ocr_line' id='line_1_90' title="bbox 2239 3901 3852 3979; baseline -0.001 -23"><span class='ocrx_word' id='word_1_606' title='bbox 2239 3905 2380 3976; x_wconf 78' lang='grc' dir='ltr'>ἡμᾶς</span> <span class='ocrx_word' id='word_1_607' title='bbox 2433 3907 2946 3979; x_wconf 77' lang='grc' dir='ltr'>περιτμηθήσεσθαι,</span> <span class='ocrx_word' id='word_1_608' title='bbox 3007 3910 3097 3957; x_wconf 83' lang='grc' dir='ltr'>καὶ</span> <span class='ocrx_word' id='word_1_609' title='bbox 3152 3904 3525 3972; x_wconf 76' lang='grc' dir='ltr'>σαϐϐατίζειν,</span> <span class='ocrx_word' id='word_1_610' title='bbox 3571 3908 3660 3955; x_wconf 87' lang='grc' dir='ltr'>καὶ</span> <span class='ocrx_word' id='word_1_611' title='bbox 3705 3901 3852 3975; x_wconf 81' lang='grc' dir='ltr'>βρω-</span> 
     </span>
    </p>
   </div>
   <div class='ocr_carea' id='block_1_91' title="bbox 2240 3993 3856 4069">
    <p class='ocr_par' dir='ltr' id='par_1_91' title="bbox 2240 3993 3856 4069">
     <span class='ocr_line' id='line_1_91' title="bbox 2240 3993 3856 4069; baseline -0.002 -22"><span class='ocrx_word' id='word_1_612' title='bbox 2240 3997 2418 4064; x_wconf 79' lang='grc' dir='ltr'>μάτων</span> <span class='ocrx_word' id='word_1_613' title='bbox 2475 3993 2808 4066; x_wconf 77' lang='grc' dir='ltr'>ἀπέχεσθαι,</span> <span class='ocrx_word' id='word_1_614' title='bbox 2845 3998 2934 4046; x_wconf 87' lang='grc' dir='ltr'>καὶ</span> <span class='ocrx_word' id='word_1_615' title='bbox 2988 3996 3177 4056; x_wconf 82' lang='grc' dir='ltr'>Θυσιας</span> <span class='ocrx_word' id='word_1_616' title='bbox 3230 3997 3538 4069; x_wconf 85' lang='grc' dir='ltr'>προσοίσειν</span> <span class='ocrx_word' id='word_1_617' title='bbox 3578 3999 3711 4062; x_wconf 83' lang='grc' dir='ltr'>Θεῷ,</span> <span class='ocrx_word' id='word_1_618' title='bbox 3757 3997 3856 4043; x_wconf 82' lang='grc' dir='ltr'>καὶ</span> 
     </span>
    </p>
   </div>
   <div class='ocr_carea' id='block_1_92' title="bbox 2240 4080 3853 4158">
    <p class='ocr_par' dir='ltr' id='par_1_92' title="bbox 2240 4080 3853 4158">
     <span class='ocr_line' id='line_1_92' title="bbox 2240 4080 3853 4158; baseline -0.004 -21"><span class='ocrx_word' id='word_1_619' title='bbox 2240 4089 2626 4158; x_wconf 77' lang='grc' dir='ltr'>προσκυνήσειν</span> <span class='ocrx_word' id='word_1_620' title='bbox 2693 4083 2742 4136; x_wconf 82' lang='grc' dir='ltr'>ἐν</span> <span class='ocrx_word' id='word_1_621' title='bbox 2807 4082 3186 4156; x_wconf 80' lang='grc' dir='ltr'>Ἱεροσολύμοις</span> <span class='ocrx_word' id='word_1_622' title='bbox 3233 4080 3318 4135; x_wconf 75' lang='grc' dir='ltr'><strong>ἐπὶ</strong></span> <span class='ocrx_word' id='word_1_623' title='bbox 3377 4089 3474 4134; x_wconf 81' lang='grc' dir='ltr'>τοῦ</span> <span class='ocrx_word' id='word_1_624' title='bbox 3530 4089 3697 4138; x_wconf 81' lang='grc' dir='ltr'>ναοῦ.</span> <span class='ocrx_word' id='word_1_625' title='bbox 3759 4086 3853 4132; x_wconf 88' lang='grc' dir='ltr'>καὶ</span> 
     </span>
    </p>
   </div>
   <div class='ocr_carea' id='block_1_93' title="bbox 2241 4169 3854 4245">
    <p class='ocr_par' dir='ltr' id='par_1_93' title="bbox 2241 4169 3854 4245">
     <span class='ocr_line' id='line_1_93' title="bbox 2241 4169 3854 4245; baseline -0.004 -19"><span class='ocrx_word' id='word_1_626' title='bbox 2241 4172 2371 4234; x_wconf 87' lang='grc' dir='ltr'><strong>ὅλως</strong></span> <span class='ocrx_word' id='word_1_627' title='bbox 2409 4171 2510 4224; x_wconf 82' lang='grc' dir='ltr'>ἀπὸ</span> <span class='ocrx_word' id='word_1_628' title='bbox 2560 4180 2889 4245; x_wconf 77' lang='grc' dir='ltr'>Χριστιανῶν</span> <span class='ocrx_word' id='word_1_629' title='bbox 2933 4169 3227 4232; x_wconf 75' lang='grc' dir='ltr'>Ἰουδαίους</span> <span class='ocrx_word' id='word_1_630' title='bbox 3273 4172 3616 4243; x_wconf 74' lang='grc' dir='ltr'>γενήσεσθαι.</span> <span class='ocrx_word' id='word_1_631' title='bbox 3647 4169 3745 4221; x_wconf 63' lang='grc' dir='ltr'>Ὠν</span> <span class='ocrx_word' id='word_1_632' title='bbox 3800 4175 3854 4220; x_wconf 90' lang='grc' dir='ltr'><strong>τί</strong></span> 
     </span>
    </p>
   </div>
   <div class='ocr_carea' id='block_1_94' title="bbox 2240 4257 3842 4335">
    <p class='ocr_par' dir='ltr' id='par_1_94' title="bbox 2240 4257 3842 4335">
     <span class='ocr_line' id='line_1_94' title="bbox 2240 4257 3842 4335; baseline -0.003 -20"><span class='ocrx_word' id='word_1_633' title='bbox 2240 4265 2304 4316; x_wconf 78' lang='grc' dir='ltr'>ἄν</span> <span class='ocrx_word' id='word_1_634' title='bbox 2361 4267 2560 4334; x_wconf 78' lang='grc' dir='ltr'>γένοιτο</span> <span class='ocrx_word' id='word_1_635' title='bbox 2622 4260 3144 4335; x_wconf 72' lang='grc' dir='ltr'>καταγελαστότερον,</span> <span class='ocrx_word' id='word_1_636' title='bbox 3199 4260 3387 4333; x_wconf 79' lang='grc' dir='ltr'>μᾶλλον</span> <span class='ocrx_word' id='word_1_637' title='bbox 3437 4257 3497 4312; x_wconf 67' lang='lat'><strong>6“:</strong></span> <span class='ocrx_word' id='word_1_638' title='bbox 3549 4257 3842 4332; x_wconf 77' lang='grc' dir='ltr'>ἀλλοτριω-</span> 
     </span>
    </p>
   </div>
   <div class='ocr_carea' id='block_1_95' title="bbox 2240 4347 3860 4428">
    <p class='ocr_par' dir='ltr' id='par_1_95' title="bbox 2240 4347 3860 4428">
     <span class='ocr_line' id='line_1_95' title="bbox 2240 4347 3860 4428; baseline -0.004 -22"><span class='ocrx_word' id='word_1_639' title='bbox 2240 4373 2386 4428; x_wconf 83' lang='grc' dir='ltr'>τερον</span> <span class='ocrx_word' id='word_1_640' title='bbox 2434 4359 2525 4404; x_wconf 80' lang='grc' dir='ltr'>τοῦ</span> <span class='ocrx_word' id='word_1_641' title='bbox 2580 4350 2912 4423; x_wconf 75' lang='grc' dir='ltr'>εὐαγγελικοῦ</span> <span class='ocrx_word' id='word_1_642' title='bbox 2963 4347 3262 4422; x_wconf 81' lang='grc' dir='ltr'>δόγματος;</span> <span class='ocrx_word' id='word_1_643' title='bbox 3311 4347 3437 4403; x_wconf 82' lang='grc' dir='ltr'>Εἶτα</span> <span class='ocrx_word' id='word_1_644' title='bbox 3485 4354 3574 4402; x_wconf 80' lang='grc' dir='ltr'>καὶ</span> <span class='ocrx_word' id='word_1_645' title='bbox 3621 4351 3689 4400; x_wconf 72' lang='grc' dir='ltr'>τὰ</span> <span class='ocrx_word' id='word_1_646' title='bbox 3725 4353 3860 4420; x_wconf 82' lang='grc' dir='ltr'>περὶ</span> 
     </span>
    </p>
   </div>
   <div class='ocr_carea' id='block_1_96' title="bbox 2244 4436 3858 4516">
    <p class='ocr_par' dir='ltr' id='par_1_96' title="bbox 2244 4436 3858 4516">
     <span class='ocr_line' id='line_1_96' title="bbox 2244 4436 3858 4516; baseline -0.004 -21"><span class='ocrx_word' id='word_1_647' title='bbox 2244 4447 2558 4516; x_wconf 82' lang='grc' dir='ltr'>σαρκώσεως</span> <span class='ocrx_word' id='word_1_648' title='bbox 2596 4443 2858 4498; x_wconf 81' lang='grc' dir='ltr'>τοσαύτην</span> <span class='ocrx_word' id='word_1_649' title='bbox 2903 4438 3117 4496; x_wconf 73' lang='grc' dir='ltr'>ἐποιησε</span> <span class='ocrx_word' id='word_1_650' title='bbox 3155 4447 3216 4511; x_wconf 74' lang='grc' dir='ltr'>τῇ</span> <span class='ocrx_word' id='word_1_651' title='bbox 3262 4436 3572 4510; x_wconf 69' lang='grc' dir='ltr'>ἀδελφότητι</span> <span class='ocrx_word' id='word_1_652' title='bbox 3622 4441 3717 4495; x_wconf 80' lang='grc' dir='ltr'>τὴν</span> <span class='ocrx_word' id='word_1_653' title='bbox 3764 4457 3858 4490; x_wconf 79' lang='grc' dir='ltr'>τα-</span> 
     </span>
    </p>
   </div>
   <div class='ocr_carea' id='block_1_97' title="bbox 479 4526 2112 4606">
    <p class='ocr_par' dir='ltr' id='par_1_97' title="bbox 479 4528 2106 4602">
     <span class='ocr_line' id='line_1_97' title="bbox 479 4528 2106 4602; baseline -0.002 -15"><span class='ocrx_word' id='word_1_654' title='bbox 479 4531 792 4588; x_wconf 89' lang='lat' dir='ltr'><strong>bationem</strong></span> <span class='ocrx_word' id='word_1_655' title='bbox 821 4573 836 4597; x_wconf 85' lang='lat'><strong>,</strong></span> <span class='ocrx_word' id='word_1_656' title='bbox 868 4533 932 4585; x_wconf 90' lang='lat' dir='ltr'><strong>ut</strong></span> <span class='ocrx_word' id='word_1_657' title='bbox 955 4530 1084 4602; x_wconf 90' lang='lat' dir='ltr'><strong>jam</strong></span> <span class='ocrx_word' id='word_1_658' title='bbox 1114 4529 1294 4601; x_wconf 91' lang='lat' dir='ltr'><strong>pauci</strong></span> <span class='ocrx_word' id='word_1_659' title='bbox 1329 4545 1402 4584; x_wconf 85' lang='lat' dir='ltr'><strong>ex</strong></span> <span class='ocrx_word' id='word_1_660' title='bbox 1440 4528 1512 4583; x_wconf 92' lang='lat' dir='ltr'><strong>iis</strong></span> <span class='ocrx_word' id='word_1_661' title='bbox 1541 4529 1646 4601; x_wconf 89' lang='lat' dir='ltr'><strong>qui</strong></span> <span class='ocrx_word' id='word_1_662' title='bbox 1691 4528 1983 4598; x_wconf 89' lang='lat' dir='ltr'><strong>legerunt,</strong></span> <span class='ocrx_word' id='word_1_663' title='bbox 2015 4529 2106 4600; x_wconf 90' lang='lat' dir='ltr'><strong>pri</strong></span> 
     </span>
    </p>
   </div>
   <div class='ocr_carea' id='block_1_98' title="bbox 2223 4526 3860 4606">
    <p class='ocr_par' dir='ltr' id='par_1_98' title="bbox 2242 4526 3860 4606">
     <span class='ocr_line' id='line_1_98' title="bbox 2242 4526 3860 4606; baseline -0.004 -24"><span class='ocrx_word' id='word_1_664' title='bbox 2242 4535 2440 4606; x_wconf 79' lang='grc' dir='ltr'>ραχὴν,</span> <span class='ocrx_word' id='word_1_665' title='bbox 2495 4531 2630 4580; x_wconf 79' lang='grc' dir='ltr'>ὥστε</span> <span class='ocrx_word' id='word_1_666' title='bbox 2679 4528 2844 4600; x_wconf 78' lang='grc' dir='ltr'>ὀλίγοι</span> <span class='ocrx_word' id='word_1_667' title='bbox 2901 4527 3078 4580; x_wconf 77' lang='grc' dir='ltr'>λοιπὸν</span> <span class='ocrx_word' id='word_1_668' title='bbox 3143 4535 3239 4580; x_wconf 86' lang='grc' dir='ltr'>τῶν</span> <span class='ocrx_word' id='word_1_669' title='bbox 3289 4526 3712 4597; x_wconf 80' lang='grc' dir='ltr'>ἐντετυχηκότων</span> <span class='ocrx_word' id='word_1_670' title='bbox 3769 4528 3860 4576; x_wconf 78' lang='grc' dir='ltr'>τὸν</span> 
     </span>
    </p>
   </div>
   <div class='ocr_carea' id='block_1_99' title="bbox 484 4616 2135 4693">
    <p class='ocr_par' dir='ltr' id='par_1_99' title="bbox 484 4616 2135 4693">
     <span class='ocr_line' id='line_1_99' title="bbox 484 4616 2135 4693; baseline -0.002 -17"><span class='ocrx_word' id='word_1_671' title='bbox 484 4635 652 4676; x_wconf 90' lang='lat' dir='ltr'><strong>scam</strong></span> <span class='ocrx_word' id='word_1_672' title='bbox 690 4619 925 4693; x_wconf 80' lang='lat' dir='ltr'><strong>pietatis</strong></span> <span class='ocrx_word' id='word_1_673' title='bbox 955 4619 1216 4674; x_wconf 88' lang='lat' dir='ltr'><strong>formam</strong></span> <span class='ocrx_word' id='word_1_674' title='bbox 1249 4621 1606 4674; x_wconf 87' lang='lat' dir='ltr'><strong>conservent</strong></span> <span class='ocrx_word' id='word_1_675' title='bbox 1639 4635 1650 4672; x_wconf 92' lang='lat'>:</span> <span class='ocrx_word' id='word_1_676' title='bbox 1697 4623 1925 4686; x_wconf 88' lang='lat' dir='ltr'><strong>contra,</strong></span> <span class='ocrx_word' id='word_1_677' title='bbox 1965 4616 2135 4691; x_wconf 83' lang='lat' dir='ltr'><strong>pleri-</strong></span> 
     </span>
    </p>
   </div>
   <div class='ocr_carea' id='block_1_100' title="bbox 481 4705 2134 4781">
    <p class='ocr_par' dir='ltr' id='par_1_100' title="bbox 481 4705 2134 4781">
     <span class='ocr_line' id='line_1_100' title="bbox 481 4705 2134 4781; baseline -0.002 -17"><span class='ocrx_word' id='word_1_678' title='bbox 481 4725 603 4781; x_wconf 89' lang='lat' dir='ltr'><strong>que</strong></span> <span class='ocrx_word' id='word_1_679' title='bbox 633 4708 1003 4765; x_wconf 86' lang='lat' dir='ltr'><strong>novitatibus</strong></span> <span class='ocrx_word' id='word_1_680' title='bbox 1035 4707 1269 4775; x_wconf 88' lang='lat' dir='ltr'><strong>intenti,</strong></span> <span class='ocrx_word' id='word_1_681' title='bbox 1301 4705 1378 4762; x_wconf 89' lang='lat' dir='ltr'><strong>ad</strong></span> <span class='ocrx_word' id='word_1_682' title='bbox 1411 4707 1775 4778; x_wconf 64' lang='lat' dir='ltr'><strong>quaestiones</strong></span> <span class='ocrx_word' id='word_1_683' title='bbox 1805 4713 1860 4763; x_wconf 90' lang='lat' dir='ltr'><strong>et</strong></span> <span class='ocrx_word' id='word_1_684' title='bbox 1891 4707 1970 4762; x_wconf 93' lang='lat' dir='ltr'><strong>ad</strong></span> <span class='ocrx_word' id='word_1_685' title='bbox 2000 4722 2134 4779; x_wconf 88' lang='lat' dir='ltr'><strong>per-</strong></span> 
     </span>
    </p>
   </div>
   <div class='ocr_carea' id='block_1_101' title="bbox 484 4795 2138 4870">
    <p class='ocr_par' dir='ltr' id='par_1_101' title="bbox 484 4795 2138 4870">
     <span class='ocr_line' id='line_1_101' title="bbox 484 4795 2138 4870; baseline -0.002 -16"><span class='ocrx_word' id='word_1_686' title='bbox 484 4799 710 4854; x_wconf 89' lang='lat' dir='ltr'><strong>tinaces</strong></span> <span class='ocrx_word' id='word_1_687' title='bbox 751 4797 1054 4855; x_wconf 89' lang='lat' dir='ltr'><strong>inutilium</strong></span> <span class='ocrx_word' id='word_1_688' title='bbox 1096 4797 1318 4855; x_wconf 88' lang='lat' dir='ltr'><strong>horum</strong></span> <span class='ocrx_word' id='word_1_689' title='bbox 1359 4795 1687 4853; x_wconf 83' lang='lat' dir='ltr'><strong>verborum</strong></span> <span class='ocrx_word' id='word_1_690' title='bbox 1737 4797 2138 4870; x_wconf 83' lang='lat' dir='ltr'><strong>investigatio-</strong></span> 
     </span>
    </p>
   </div>
   <div class='ocr_carea' id='block_1_102' title="bbox 485 4886 980 4944">
    <p class='ocr_par' dir='ltr' id='par_1_102' title="bbox 485 4886 980 4944">
     <span class='ocr_line' id='line_1_102' title="bbox 485 4886 980 4944; baseline -0.008 0"><span class='ocrx_word' id='word_1_691' title='bbox 485 4903 594 4944; x_wconf 89' lang='lat' dir='ltr'><strong>nes</strong></span> <span class='ocrx_word' id='word_1_692' title='bbox 612 4886 980 4942; x_wconf 81' lang='lat' dir='ltr'><strong>deﬂexerint.</strong></span> 
     </span>
    </p>
   </div>
   <div class='ocr_carea' id='block_1_103' title="bbox 562 5063 1605 5136">
    <p class='ocr_par' dir='ltr' id='par_1_103' title="bbox 562 5063 1605 5136">
     <span class='ocr_line' id='line_1_103' title="bbox 562 5063 1605 5136; baseline 0.003 -19"><span class='ocrx_word' id='word_1_693' title='bbox 562 5065 610 5100; x_wconf 73' lang='grc'><strong>³³</strong></span> <span class='ocrx_word' id='word_1_694' title='bbox 635 5063 825 5136; x_wconf 80' lang='lat' dir='ltr'><strong>Eccle.</strong></span> <span class='ocrx_word' id='word_1_695' title='bbox 857 5080 960 5134; x_wconf 69' lang='grc' dir='ltr'>ΧΠ,</span> <span class='ocrx_word' id='word_1_696' title='bbox 988 5070 1072 5121; x_wconf 80' lang='lat' dir='ltr'><strong>t2.</strong></span> <span class='ocrx_word' id='word_1_697' title='bbox 1149 5066 1197 5100; x_wconf 82' lang='grc'><strong>⁸³</strong></span> <span class='ocrx_word' id='word_1_698' title='bbox 1219 5065 1389 5122; x_wconf 86' lang='lat' dir='ltr'><strong>Prov.</strong></span> <span class='ocrx_word' id='word_1_699' title='bbox 1424 5081 1482 5130; x_wconf 86' lang='lat' dir='ltr'><strong>x,</strong></span> <span class='ocrx_word' id='word_1_700' title='bbox 1523 5068 1605 5121; x_wconf 82' lang='grc'><strong>19.</strong></span> 
     </span>
    </p>
   </div>
   <div class='ocr_carea' id='block_1_104' title="bbox 555 5237 2140 5316">
    <p class='ocr_par' dir='ltr' id='par_1_104' title="bbox 555 5237 2140 5316">
     <span class='ocr_line' id='line_1_104' title="bbox 555 5237 2140 5316; baseline -0.002 -17"><span class='ocrx_word' id='word_1_701' title='bbox 555 5243 676 5316; x_wconf 79' lang='lat'><strong>(10)</strong></span> <span class='ocrx_word' id='word_1_702' title='bbox 717 5237 965 5316; x_wconf 60' lang='lat' dir='ltr'><strong>Aéd‘paxs.</strong></span> <span class='ocrx_word' id='word_1_703' title='bbox 1024 5243 1134 5296; x_wconf 80' lang='lat' dir='ltr'><strong>Sex</strong></span> <span class='ocrx_word' id='word_1_704' title='bbox 1166 5241 1404 5316; x_wconf 79' lang='lat' dir='ltr'><strong>codices</strong></span> <span class='ocrx_word' id='word_1_705' title='bbox 1459 5258 1618 5316; x_wconf 74' lang='lat' dir='ltr'><strong>mss.</strong></span> <span class='ocrx_word' id='word_1_706' title='bbox 1666 5241 1910 5316; x_wconf 66' lang='grc' dir='ltr'>ἔγραψεν.</span> <span class='ocrx_word' id='word_1_707' title='bbox 1968 5242 2140 5296; x_wconf 82' lang='lat' dir='ltr'><strong>Coisl.</strong></span> 
     </span>
    </p>
   </div>
   <div class='ocr_carea' id='block_1_105' title="bbox 480 5311 1757 5386">
    <p class='ocr_par' dir='ltr' id='par_1_105' title="bbox 480 5311 1757 5386">
     <span class='ocr_line' id='line_1_105' title="bbox 480 5311 1757 5386; baseline 0 -17"><span class='ocrx_word' id='word_1_708' title='bbox 480 5311 716 5386; x_wconf 89' lang='lat' dir='ltr'><strong>primus</strong></span> <span class='ocrx_word' id='word_1_709' title='bbox 737 5317 797 5386; x_wconf 82' lang='lat' dir='ltr'><strong>et</strong></span> <span class='ocrx_word' id='word_1_710' title='bbox 817 5311 962 5368; x_wconf 85' lang='lat' dir='ltr'><strong>Med.</strong></span> <span class='ocrx_word' id='word_1_711' title='bbox 994 5313 1329 5386; x_wconf 72' lang='lat' dir='ltr'><strong>cumeditis</strong></span> <span class='ocrx_word' id='word_1_712' title='bbox 1353 5311 1757 5386; x_wconf 79' lang='lat' dir='ltr'><strong>consentiunt.</strong></span> 
     </span>
    </p>
   </div>
   <div class='ocr_carea' id='block_1_106' title="bbox 482 5383 2138 5507">
    <p class='ocr_par' dir='ltr' id='par_1_106' title="bbox 482 5383 2138 5507">
     <span class='ocr_line' id='line_1_106' title="bbox 482 5383 2138 5507; baseline -0.001 -68"><span class='ocrx_word' id='word_1_713' title='bbox 482 5383 512 5507; x_wconf 36' lang='grc' dir='ltr'><strong><em>ᾇ</em></strong></span> <span class='ocrx_word' id='word_1_714' title='bbox 555 5386 670 5474; x_wconf 34' lang='grc'><strong>(111)</strong></span> <span class='ocrx_word' id='word_1_715' title='bbox 707 5383 978 5456; x_wconf 73' lang='grc' dir='ltr'>Μελιτινῇ.</span> <span class='ocrx_word' id='word_1_716' title='bbox 1035 5383 1352 5439; x_wconf 71' lang='lat' dir='ltr'><strong>Medicaeus</strong></span> <span class='ocrx_word' id='word_1_717' title='bbox 1397 5400 1535 5439; x_wconf 90' lang='lat' dir='ltr'><strong>cum</strong></span> <span class='ocrx_word' id='word_1_718' title='bbox 1581 5385 1769 5439; x_wconf 89' lang='lat' dir='ltr'><strong>tribus</strong></span> <span class='ocrx_word' id='word_1_719' title='bbox 1813 5385 2010 5457; x_wconf 82' lang='lat' dir='ltr'><strong>Regiis</strong></span> <span class='ocrx_word' id='word_1_720' title='bbox 2041 5393 2138 5438; x_wconf 85' lang='grc' dir='ltr'><strong>Με-</strong></span> 
     </span>
     <span class='ocr_line' id='line_1_107' title="bbox 519 5476 679 5507; baseline 0 0"><span class='ocrx_word' id='word_1_721' title='bbox 519 5476 679 5507; x_wconf 68' lang='grc' dir='ltr'>ιτῑνη.</span> 
     </span>
    </p>
   </div>
   <div class='ocr_carea' id='block_1_107' title="bbox 524 5476 2137 5598">
    <p class='ocr_par' dir='ltr' id='par_1_107' title="bbox 524 5476 2137 5598">
     <span class='ocr_line' id='line_1_108' title="bbox 524 5476 679 5514; baseline 0.013 -6"><span class='ocrx_word' id='word_1_722' title='bbox 524 5476 622 5514; x_wconf 69' lang='grc' dir='ltr'>ιτην</span> <span class='ocrx_word' id='word_1_723' title='bbox 667 5499 679 5510; x_wconf 87' lang='grc'><strong>.</strong></span> 
     </span>
     <span class='ocr_line' id='line_1_109' title="bbox 530 5476 2137 5598; baseline -0.001 -13"><span class='ocrx_word' id='word_1_724' title='bbox 555 5476 803 5597; x_wconf 53' lang='lat' dir='ltr'><strong>(12p)Toﬁ</strong></span> <span class='ocrx_word' id='word_1_725' title='bbox 859 5525 1187 5598; x_wconf 64' lang='grc' dir='ltr'>ἐγκλήματος</span> <span class='ocrx_word' id='word_1_726' title='bbox 1239 5531 1349 5595; x_wconf 79' lang='grc' dir='ltr'>τοῦ,</span> <span class='ocrx_word' id='word_1_727' title='bbox 1380 5529 1490 5598; x_wconf 87' lang='lat' dir='ltr'><strong>etc.</strong></span> <span class='ocrx_word' id='word_1_728' title='bbox 1552 5530 1637 5582; x_wconf 84' lang='lat' dir='ltr'><strong>Ita</strong></span> <span class='ocrx_word' id='word_1_729' title='bbox 1684 5543 1830 5598; x_wconf 87' lang='lat' dir='ltr'><strong>mss.</strong></span> <span class='ocrx_word' id='word_1_730' title='bbox 1885 5533 2137 5598; x_wconf 87' lang='lat' dir='ltr'><strong>septem.</strong></span> 
     </span>
    </p>
   </div>
   <div class='ocr_carea' id='block_1_108' title="bbox 481 5596 2138 5736">
    <p class='ocr_par' dir='ltr' id='par_1_108' title="bbox 481 5596 2138 5736">
     <span class='ocr_line' id='line_1_110' title="bbox 481 5596 2138 5716; baseline 0.001 -67"><span class='ocrx_word' id='word_1_731' title='bbox 481 5597 643 5716; x_wconf 45' lang='lat' dir='ltr'><strong>ﬁdius</strong></span> <span class='ocrx_word' id='word_1_732' title='bbox 669 5597 855 5654; x_wconf 77' lang='lat' dir='ltr'><strong>habet</strong></span> <span class='ocrx_word' id='word_1_733' title='bbox 891 5596 991 5649; x_wconf 76' lang='grc' dir='ltr'>τοῦ</span> <span class='ocrx_word' id='word_1_734' title='bbox 1023 5596 1356 5666; x_wconf 76' lang='grc' dir='ltr'>ἐντάλματος.</span> <span class='ocrx_word' id='word_1_735' title='bbox 1394 5597 1541 5653; x_wconf 77' lang='lat' dir='ltr'><strong>Editi</strong></span> <span class='ocrx_word' id='word_1_736' title='bbox 1584 5605 1675 5648; x_wconf 78' lang='grc' dir='ltr'>τοῦ</span> <span class='ocrx_word' id='word_1_737' title='bbox 1721 5596 2138 5655; x_wconf 73' lang='grc' dir='ltr'>Ἐκκλησιαστοῦ</span> 
     </span>
     <span class='ocr_line' id='line_1_111' title="bbox 515 5685 734 5736; baseline 0.018 -18"><span class='ocrx_word' id='word_1_738' title='bbox 515 5685 734 5736; x_wconf 79' lang='grc' dir='ltr'>ιγοντος.</span> 
     </span>
    </p>
   </div>
   <div class='ocr_carea' id='block_1_109' title="bbox 2245 4610 3860 4696">
    <p class='ocr_par' dir='ltr' id='par_1_109' title="bbox 2245 4610 3860 4696">
     <span class='ocr_line' id='line_1_112' title="bbox 2245 4610 3860 4696; baseline -0.003 -25"><span class='ocrx_word' id='word_1_739' title='bbox 2245 4620 2471 4696; x_wconf 82' lang='grc' dir='ltr'>ἀρχαῖον</span> <span class='ocrx_word' id='word_1_740' title='bbox 2510 4626 2600 4679; x_wconf 83' lang='grc' dir='ltr'>τῆς</span> <span class='ocrx_word' id='word_1_741' title='bbox 2643 4616 2902 4677; x_wconf 68' lang='grc' dir='ltr'>εὐσεϐείας</span> <span class='ocrx_word' id='word_1_742' title='bbox 2941 4613 3277 4677; x_wconf 72' lang='grc' dir='ltr'>διασώζουσι</span> <span class='ocrx_word' id='word_1_743' title='bbox 3318 4623 3670 4689; x_wconf 76' lang='grc' dir='ltr'>χαρακτῆρα·</span> <span class='ocrx_word' id='word_1_744' title='bbox 3713 4615 3765 4665; x_wconf 79' lang='lat' dir='ltr'><strong>oi</strong></span> <span class='ocrx_word' id='word_1_745' title='bbox 3798 4610 3860 4666; x_wconf 70' lang='grc' dir='ltr'><strong>δὲ</strong></span> 
     </span>
    </p>
   </div>
   <div class='ocr_carea' id='block_1_110' title="bbox 2245 4700 3860 4777">
    <p class='ocr_par' dir='ltr' id='par_1_110' title="bbox 2245 4700 3860 4777">
     <span class='ocr_line' id='line_1_113' title="bbox 2245 4700 3860 4777; baseline -0.006 -15"><span class='ocrx_word' id='word_1_746' title='bbox 2245 4707 2423 4762; x_wconf 82' lang='grc' dir='ltr'>πολλοὶ</span> <span class='ocrx_word' id='word_1_747' title='bbox 2445 4751 2461 4777; x_wconf 88' lang='grc'><strong>,</strong></span> <span class='ocrx_word' id='word_1_748' title='bbox 2502 4713 2616 4769; x_wconf 84' lang='grc' dir='ltr'>ταῖς</span> <span class='ocrx_word' id='word_1_749' title='bbox 2654 4710 3013 4777; x_wconf 84' lang='grc' dir='ltr'>καινοτομίαις</span> <span class='ocrx_word' id='word_1_750' title='bbox 3061 4708 3408 4776; x_wconf 78' lang='grc' dir='ltr'>προσέονχτες</span> <span class='ocrx_word' id='word_1_751' title='bbox 3433 4745 3446 4768; x_wconf 92' lang='grc'><strong>,</strong></span> <span class='ocrx_word' id='word_1_752' title='bbox 3497 4700 3860 4776; x_wconf 63' lang='grc' dir='ltr'><strong>ἐξετράπη-τσο</strong></span> 
     </span>
    </p>
   </div>
   <div class='ocr_carea' id='block_1_111' title="bbox 2249 4789 3862 4866">
    <p class='ocr_par' dir='ltr' id='par_1_111' title="bbox 2249 4789 3862 4866">
     <span class='ocr_line' id='line_1_114' title="bbox 2249 4789 3862 4866; baseline -0.006 -16"><span class='ocrx_word' id='word_1_753' title='bbox 2249 4803 2316 4858; x_wconf 87' lang='grc' dir='ltr'><strong>είς</strong></span> <span class='ocrx_word' id='word_1_754' title='bbox 2381 4797 2633 4858; x_wconf 77' lang='grc' dir='ltr'>ζητήσεις</span> <span class='ocrx_word' id='word_1_755' title='bbox 2689 4802 2777 4848; x_wconf 83' lang='grc' dir='ltr'>καὶ</span> <span class='ocrx_word' id='word_1_756' title='bbox 2835 4794 3152 4866; x_wconf 78' lang='grc' dir='ltr'>φιλονείκους</span> <span class='ocrx_word' id='word_1_757' title='bbox 3200 4793 3490 4866; x_wconf 76' lang='grc' dir='ltr'>ἐφευρέσεις</span> <span class='ocrx_word' id='word_1_758' title='bbox 3536 4799 3634 4844; x_wconf 81' lang='grc' dir='ltr'>τῶν</span> <span class='ocrx_word' id='word_1_759' title='bbox 3689 4789 3862 4862; x_wconf 47' lang='lat' dir='ltr'><strong>suae;</strong></span> 
     </span>
    </p>
   </div>
   <div class='ocr_carea' id='block_1_112' title="bbox 2249 4885 2902 4958">
    <p class='ocr_par' dir='ltr' id='par_1_112' title="bbox 2249 4885 2902 4958">
     <span class='ocr_line' id='line_1_115' title="bbox 2249 4885 2902 4958; baseline -0.008 -20"><span class='ocrx_word' id='word_1_760' title='bbox 2249 4887 2348 4938; x_wconf 80' lang='grc' dir='ltr'>λῶν</span> <span class='ocrx_word' id='word_1_761' title='bbox 2397 4888 2587 4937; x_wconf 78' lang='grc' dir='ltr'>τούτων</span> <span class='ocrx_word' id='word_1_762' title='bbox 2636 4885 2902 4958; x_wconf 75' lang='grc' dir='ltr'>ῥημάτων,</span> 
     </span>
    </p>
   </div>
   <div class='ocr_carea' id='block_1_113' title="bbox 2325 5235 3866 5314">
    <p class='ocr_par' dir='ltr' id='par_1_113' title="bbox 2325 5235 3866 5314">
     <span class='ocr_line' id='line_1_116' title="bbox 2325 5235 3866 5314; baseline -0.003 -18"><span class='ocrx_word' id='word_1_763' title='bbox 2325 5243 2434 5314; x_wconf 59' lang='lat' dir='ltr'><strong>(ti)</strong></span> <span class='ocrx_word' id='word_1_764' title='bbox 2477 5247 2749 5314; x_wconf 75' lang='grc' dir='ltr'>Αφορμῶν.</span> <span class='ocrx_word' id='word_1_765' title='bbox 2785 5239 2956 5295; x_wconf 85' lang='lat' dir='ltr'><strong>Cois].</strong></span> <span class='ocrx_word' id='word_1_766' title='bbox 2984 5237 3290 5293; x_wconf 88' lang='lat' dir='ltr'><strong>secundus</strong></span> <span class='ocrx_word' id='word_1_767' title='bbox 3311 5240 3368 5292; x_wconf 90' lang='lat' dir='ltr'><strong>et</strong></span> <span class='ocrx_word' id='word_1_768' title='bbox 3394 5235 3611 5306; x_wconf 82' lang='lat' dir='ltr'><strong>Regius</strong></span> <span class='ocrx_word' id='word_1_769' title='bbox 3641 5251 3866 5292; x_wconf 82' lang='lat' dir='ltr'><strong>secun-</strong></span> 
     </span>
    </p>
   </div>
   <div class='ocr_carea' id='block_1_114' title="bbox 2253 5313 2674 5384">
    <p class='ocr_par' dir='ltr' id='par_1_114' title="bbox 2253 5313 2674 5384">
     <span class='ocr_line' id='line_1_117' title="bbox 2253 5313 2674 5384; baseline -0.012 -15"><span class='ocrx_word' id='word_1_770' title='bbox 2253 5313 2368 5369; x_wconf 89' lang='lat' dir='ltr'><strong>dus</strong></span> <span class='ocrx_word' id='word_1_771' title='bbox 2391 5313 2674 5384; x_wconf 81' lang='grc' dir='ltr'>λογισμῶν.</span> 
     </span>
    </p>
   </div>
   <div class='ocr_carea' id='block_1_115' title="bbox 2326 5382 3863 5456">
    <p class='ocr_par' dir='ltr' id='par_1_115' title="bbox 2326 5382 3863 5456">
     <span class='ocr_line' id='line_1_118' title="bbox 2326 5382 3863 5456; baseline -0.004 -17"><span class='ocrx_word' id='word_1_772' title='bbox 2326 5382 2844 5456; x_wconf 54' lang='grc' dir='ltr'>(14)’Υποστρέφειν,</span> <span class='ocrx_word' id='word_1_773' title='bbox 2891 5385 2974 5437; x_wconf 83' lang='lat' dir='ltr'><strong>ita</strong></span> <span class='ocrx_word' id='word_1_774' title='bbox 3013 5384 3454 5456; x_wconf 76' lang='lat' dir='ltr'><strong>septem_1nss.,</strong></span> <span class='ocrx_word' id='word_1_775' title='bbox 3482 5382 3863 5456; x_wconf 75' lang='lat' dir='ltr'><strong>quorum_ta—</strong></span> 
     </span>
    </p>
   </div>
   <div class='ocr_carea' id='block_1_116' title="bbox 2251 5449 3862 5526">
    <p class='ocr_par' dir='ltr' id='par_1_116' title="bbox 2251 5449 3862 5526">
     <span class='ocr_line' id='line_1_119' title="bbox 2251 5449 3862 5526; baseline -0.004 -14"><span class='ocrx_word' id='word_1_776' title='bbox 2251 5449 2392 5512; x_wconf 82' lang='lat' dir='ltr'><strong>men</strong></span> <span class='ocrx_word' id='word_1_777' title='bbox 2421 5449 2547 5509; x_wconf 77' lang='lat' dir='ltr'><strong>duo</strong></span> <span class='ocrx_word' id='word_1_778' title='bbox 2574 5449 2798 5526; x_wconf 79' lang='lat' dir='ltr'><strong>habent</strong></span> <span class='ocrx_word' id='word_1_779' title='bbox 2824 5449 3299 5526; x_wconf 38' lang='grc' dir='ltr'>ἀποστρέφεινηδὶο</span> <span class='ocrx_word' id='word_1_780' title='bbox 3331 5453 3510 5526; x_wconf 85' lang='lat' dir='ltr'><strong>etiam</strong></span> <span class='ocrx_word' id='word_1_781' title='bbox 3537 5449 3862 5526; x_wconf 57' lang='lat' dir='ltr'><strong>editioﬁgt-</strong></span> 
     </span>
    </p>
   </div>
   <div class='ocr_carea' id='block_1_117' title="bbox 2253 5520 3861 5596">
    <p class='ocr_par' dir='ltr' id='par_1_117' title="bbox 2253 5520 3861 5596">
     <span class='ocr_line' id='line_1_120' title="bbox 2253 5520 3861 5596; baseline -0.005 -13"><span class='ocrx_word' id='word_1_782' title='bbox 2253 5526 2602 5596; x_wconf 80' lang='lat' dir='ltr'><strong>ganoensis.</strong></span> <span class='ocrx_word' id='word_1_783' title='bbox 2623 5525 2767 5581; x_wconf 79' lang='lat' dir='ltr'><strong>Aliae</strong></span> <span class='ocrx_word' id='word_1_784' title='bbox 2781 5541 2924 5580; x_wconf 81' lang='lat' dir='ltr'><strong>vero</strong></span> <span class='ocrx_word' id='word_1_785' title='bbox 2941 5520 3503 5596; x_wconf 52' lang='grc' dir='ltr'>ὑποστρέψεινᾟίιυιο</span> <span class='ocrx_word' id='word_1_786' title='bbox 3525 5525 3659 5596; x_wconf 65' lang='lat' dir='ltr'><strong>post</strong></span> <span class='ocrx_word' id='word_1_787' title='bbox 3675 5520 3861 5596; x_wconf 76' lang='lat' dir='ltr'><strong>editio</strong></span> 
     </span>
    </p>
   </div>
   <div class='ocr_carea' id='block_1_118' title="bbox 2257 5591 3861 5670">
    <p class='ocr_par' dir='ltr' id='par_1_118' title="bbox 2257 5591 3861 5670">
     <span class='ocr_line' id='line_1_121' title="bbox 2257 5591 3861 5670; baseline -0.004 -19"><span class='ocrx_word' id='word_1_788' title='bbox 2257 5591 2968 5670; x_wconf 16' lang='lat' dir='ltr'><strong>Parisiensis,maceriam.</strong></span> <span class='ocrx_word' id='word_1_789' title='bbox 2997 5591 3225 5670; x_wconf 53' lang='lat' dir='ltr'><strong>_Vet&#39;utie</strong></span> <span class='ocrx_word' id='word_1_790' title='bbox 3255 5593 3569 5670; x_wconf 68' lang='lat' dir='ltr'><strong>editiones,</strong></span> <span class='ocrx_word' id='word_1_791' title='bbox 3605 5591 3766 5670; x_wconf 74' lang='lat' dir='ltr'><strong>Harl.</strong></span> <span class='ocrx_word' id='word_1_792' title='bbox 3801 5597 3861 5647; x_wconf 86' lang='lat' dir='ltr'><strong>et</strong></span> 
     </span>
    </p>
   </div>
   <div class='ocr_carea' id='block_1_119' title="bbox 2255 5664 3853 5738">
    <p class='ocr_par' dir='ltr' id='par_1_119' title="bbox 2255 5664 3853 5738">
     <span class='ocr_line' id='line_1_122' title="bbox 2255 5664 3853 5738; baseline -0.003 -17"><span class='ocrx_word' id='word_1_793' title='bbox 2255 5673 2376 5726; x_wconf 81' lang='lat' dir='ltr'><strong>Vat.</strong></span> <span class='ocrx_word' id='word_1_794' title='bbox 2394 5685 2532 5724; x_wconf 91' lang='lat' dir='ltr'><strong>cum</strong></span> <span class='ocrx_word' id='word_1_795' title='bbox 2558 5664 2743 5724; x_wconf 85' lang='lat' dir='ltr'><strong>tribus</strong></span> <span class='ocrx_word' id='word_1_796' title='bbox 2764 5664 2893 5724; x_wconf 74' lang='lat' dir='ltr'><strong>aliis</strong></span> <span class='ocrx_word' id='word_1_797' title='bbox 2909 5670 2972 5721; x_wconf 91' lang='lat' dir='ltr'><strong>ut</strong></span> <span class='ocrx_word' id='word_1_798' title='bbox 2994 5666 3053 5722; x_wconf 88' lang='lat' dir='ltr'><strong>in</strong></span> <span class='ocrx_word' id='word_1_799' title='bbox 3074 5669 3257 5721; x_wconf 80' lang='lat' dir='ltr'><strong>textu.</strong></span> <span class='ocrx_word' id='word_1_800' title='bbox 3281 5667 3406 5719; x_wconf 90' lang='lat' dir='ltr'><strong>Duo</strong></span> <span class='ocrx_word' id='word_1_801' title='bbox 3426 5664 3526 5738; x_wconf 81' lang='lat' dir='ltr'><strong>atii</strong></span> <span class='ocrx_word' id='word_1_802' title='bbox 3546 5664 3853 5737; x_wconf 72' lang='grc' dir='ltr'>προσάγειν.</span> 
     </span>
    </p>
   </div>
  </div>
