4146 6406
320 370 418 424 981

392 496 446 547 5.
497 488 556 541 Ὁ
606 486 784 560 μέντοι
838 483 1117 546 Παυλῖνος,
1173 481 1219 535 εἰ
1275 484 1368 554 μέν
1409 501 1462 534 τι
1507 485 1598 534 καὶ
1653 485 1774 556 περὶ
1832 482 2007 548 τὴνΑ

317 581 648 653 χειροτονίαν
708 572 1028 645 ἐπιλήψιμον
1082 573 1218 644 ἔχει,
1249 570 1399 622 αὐτοὶ
1430 571 1490 622 ἄν
1533 573 1745 622 εἴποιτε·
1789 571 1929 642 ἡμᾶς

319 667 381 724 δὲ
437 669 608 735 λυπεῖ,
659 670 770 727 τοῖς
826 661 1129 738 Μαρκέλλου
1199 661 1607 735 προσπεπονθὼς
1660 657 1771 730 (15)
1832 656 1928 711 δο-

317 778 512 833 γμασι,
543 760 633 809 καὶ
661 757 785 816 τοὺς
827 751 1246 812 ἀκολουθοῦντας
1297 749 1438 820 αὐτῷ
1490 745 1802 822 ἀδιακρίτως
1859 747 1932 812 εἰς

319 853 416 914 τὴν
444 848 712 899 κοινωνίαν
761 840 950 895 ἑαυτοῦ
980 842 1337 913 προσιέμενος.
1392 834 1587 891 Οἴδατε
1640 833 1719 909 δὲ,
1776 833 1931 890 ἀδελ-

322 941 408 1011 φοὶ
449 940 781 1008 τιμιώτατοι,
826 932 909 984 ὅτι
950 930 1126 989 πάσης
1172 929 1319 1002 ἡμῶν
1348 935 1446 990 τῆς
1483 923 1696 989 ἐλπίδος
1738 926 1933 985 ἀθέτη-

324 1046 408 1089 σιν
431 1027 548 1097 ἔχει
584 1025 644 1076 τὸ
682 1018 986 1096 Μαρκελλου
1017 1013 1216 1090 δόγμα,
1261 1017 1382 1070 οὗτε
1409 1019 1528 1071 Υίὸν
1568 1014 1616 1070 ἐν
1651 1013 1770 1088 ὶδίᾳ
1797 1017 1934 1069 ὑπο-

325 1117 512 1168 στάσει
575 1111 881 1185 ὁμολογοῦν,
950 1106 1081 1160 ἀλλὰ
1140 1107 1521 1180 προενεχθέντα
1552 1147 1568 1173 ,
1625 1108 1716 1158 καὶ
1779 1104 1934 1157 πάλιν

323 1201 730 1278 ὑποστρέψαντα
767 1200 840 1262 εἰς
903 1200 990 1250 τὸν
1056 1197 1169 1249 ὃθεν
1235 1195 1510 1269 προῆλθεν,
1543 1195 1661 1247 οὔτε
1683 1196 1768 1248 τὸν
1831 1201 1937 1247 Πα-

323 1293 582 1367 ράκλητον
647 1287 797 1353 ἰδίως
856 1289 1205 1360 ὑφεστηκέναι
1263 1291 1599 1358 συγχωροῦν
1660 1283 1795 1337 ὥστε
1841 1283 1937 1337 οὐκ

325 1383 388 1435 οῐν
433 1402 512 1442 τις
560 1380 789 1455 ἁμάρτοι
841 1380 1270 1449 Χριστιανισμοῦ
1328 1376 1418 1446 μὲν
1487 1373 1746 1436 παντελῶς
1784 1372 1938 1425 ἁλλο-

325 1476 474 1546 τρίαν
532 1469 827 1542 ἀποφαίνων
875 1470 970 1525 τὴν
1033 1465 1257 1538 αἰρεσῖν,
1318 1458 1654 1536 Ἰουδαισμόν
1704 1459 1763 1516 δὲ
1808 1483 1940 1538 παρ-

326 1562 639 1635 εφθαρμένον
696 1557 858 1615 αὐτὴν
915 1555 1339 1630 προσαγορεύων.
1410 1553 1614 1605 Τούτων
1685 1555 1781 1610 τὴν
1830 1550 1940 1604 ἑπι-

325 1649 531 1723 μέλειαν
578 1648 823 1718 γενέσθαι
877 1644 1004 1719 παρ’
1069 1644 1212 1716 ὑμῶν
1291 1641 1664 1714 ἐπιζητοῦμεν.
1739 1645 1942 1694 Γένοιτο

326 1736 377 1792 δ’
409 1739 493 1804 ἄν,
553 1736 598 1796 εἰ
635 1733 926 1806 ἐπιστεῖλαι
965 1731 1329 1796 καταξιώσητε
1382 1731 1583 1793 πάσαις
1635 1737 1750 1792 ταῖς
1805 1732 1943 1784 κατὰ

1217 356 1714 414 EPISTOLARUM
1759 357 2050 414 CLASSIS
2109 357 2177 414 ll.
2242 355 2469 413 EPIST.
2525 356 2790 413 CCLXIV.

3594 365 3701 420 982

2110 487 2163 540 5.
2193 481 2482 538 Paulinus
2514 484 2720 538 autem
2761 484 2966 540 utrum
3017 484 3250 557 aliquid
3286 489 3344 543 et
3399 488 3558 544 circa
3601 503 3704 543 or-

2041 571 2413 627 dinationem
2441 571 2896 643 reprehensioni
2929 573 3266 630 obnoxium
3310 575 3554 643 habeat,
3587 577 3704 649 ipsi

2039 661 2325 717 dixeritis.
2348 665 2467 716 Nos
2498 676 2643 716 sane
2669 677 2929 726 maerore
2973 663 3179 731 afﬁcit,
3230 664 3402 736 quod
3451 665 3514 721 in
3560 669 3705 722 Mar-

2039 750 2171 807 celli
2198 751 2488 822 dogmata
2513 750 2871 823 propendet,
2903 768 2973 808 ac
3006 751 3168 808 illius
3215 757 3541 810 sectatores
3574 755 3707 812 sine

2039 839 2385 896 discrimine
2405 839 2484 895 ad
2517 855 2696 895 suam
2726 841 3224 898 communionem
3250 841 3530 900 admittit.
3577 843 3705 899 Sci-

2039 930 2115 986 tis
2143 929 2326 995 enim,
2357 929 2571 987 fratres
2608 930 2873 986 maxime
2903 932 3159 1004 colendi,
3216 949 3390 1005 spem
3433 937 3709 992 nostram

2041 1035 2289 1077 omnem
2349 1021 2551 1090 everti
2603 1020 2857 1077 Marcelli
2921 1021 3228 1093 dogmate,
3281 1023 3450 1096 quod
3499 1040 3702 1097 neque

2045 1109 2256 1166 Filium
2314 1111 2377 1165 in
2415 1109 2662 1182 propria
2689 1109 3006 1183 hypostasi
3055 1111 3392 1182 conﬁtetur,
3439 1113 3547 1169 sed
3575 1129 3714 1186 pro-

2042 1198 2236 1255 latum
2292 1214 2466 1264 esse,
2520 1201 2578 1255 et
2624 1214 2832 1254 rursus
2893 1216 3204 1257 reversum
3253 1202 3334 1258 ad
3391 1218 3576 1272 eum,
3635 1218 3712 1260 ex

2045 1303 2169 1362 quo
2198 1291 2594 1360 processerat,
2655 1303 2853 1360 neque
2902 1289 3277 1346 Paracletum
3323 1291 3709 1364 hypostasim

2047 1379 2361 1451 propriam
2405 1376 2632 1434 habere
2683 1377 2995 1435 concedit:
3047 1395 3237 1450 quare
3286 1397 3414 1437 non
3465 1381 3713 1439 aberra-

2050 1468 2216 1538 verit,
2248 1466 2354 1539 qui
2407 1481 2443 1523 a
2489 1465 2944 1522 Christianismo
2998 1468 3238 1540 penitus
3304 1469 3566 1526 alienam
3595 1471 3716 1526 hae-

2047 1556 2230 1613 resim
2254 1555 2604 1630 pronuntiet
2633 1598 2648 1624 ,
2695 1570 2766 1610 ac
2813 1555 3195 1612 Judaismum
3247 1563 3598 1630 corruptum
3649 1558 3714 1614 il-

2048 1645 2175 1702 lam
2221 1644 2504 1717 appellet.
2554 1647 2594 1699 A
2656 1643 2830 1700 vobis
2887 1647 2954 1700 ut
3000 1644 3222 1700 horum
3262 1662 3475 1703 curam
3533 1648 3718 1703 susci-

2049 1735 2230 1808 piatis
2261 1734 2693 1803 efﬂagitamus.
2719 1733 3063 1806 Suscipietis
3084 1738 3314 1804 autem,
3350 1737 3399 1791 si
3429 1736 3718 1792 omnibus

323 1833 420 1887 τὴν
478 1824 756 1882 Ἀνατολὴν
809 1822 1167 1888 Ἐκκλησίαις,
1231 1823 1354 1882 τοὺς
1381 1827 1551 1872 ταῦτα
1587 1823 1943 1894 παραχαράσ-

2056 1823 2306 1882 Orientis
2354 1822 2632 1878 Ecclesiis
2685 1823 2946 1880 scribere
2997 1838 3124 1878 non
3196 1825 3553 1896 gravemini,
3615 1840 3720 1881 eos

331 1936 540 1983 σοντας,
588 1919 633 1967 εὶ
683 1916 773 1986 μὲν
833 1908 1151 1986 διορθοῖντο,
1200 1906 1330 1962 εἶλαι
1385 1911 1738 1972 κοινωνικούς·
1788 1909 1831 1962 εἰ
1881 1905 1943 1963 δὲ

329 2005 583 2078 ἐπιμένειν
669 2002 964 2076 φιλονείκως
1045 1998 1319 2074 βούλοιντο
1382 2005 1497 2060 ταῖς
1563 2003 1940 2072 καινοτομίαις,

331 2094 666 2168 χωρίζεσθαι
717 2090 808 2144 ἀπ’
854 2090 1044 2145 αὐτῶν.
1100 2093 1200 2142 Καὶ
1243 2089 1324 2141 ὃτι
1353 2089 1444 2161 μὲν
1501 2086 1610 2142 ἔδει
1639 2090 1778 2161 ἡμᾶς
1817 2109 1942 2141 συν-

334 2182 638 2260 εδρεύοντας
686 2183 818 2256 μετὰ
873 2188 967 2242 τῆς
1019 2181 1266 2254 ὑμετέρας
1318 2183 1618 2254 φρονήσεως
1693 2178 1744 2232 ἐν
1791 2187 1936 2253 κοινῇ

335 2273 517 2346 σκέψει
547 2275 614 2325 τὰ
658 2275 778 2346 περὶ
804 2272 1000 2323 τούτων
1040 2265 1328 2338 διαλαϐεῖν,
1371 2265 1494 2328 οὐδέ
1539 2269 1689 2322 αὐτοὶ
1716 2267 1942 2341 ἀγνοοῦ-

328 2383 440 2436 μεν·
511 2360 619 2412 ἀλλ’
685 2356 867 2417 ἐπειδὴ
936 2359 962 2410 ὁ
1027 2361 1209 2433 καιρὸς
1271 2357 1364 2409 οὐκ
1427 2354 1681 2410 ἐνδίδωσι
1745 2361 1942 2411 καὶτὸ

329 2450 712 2522 ἀναϐάλλεσθαι
760 2447 1035 2524 βλαϐερὸν,
1075 2455 1167 2515 τῆς
1211 2445 1299 2518 ἀπ’
1344 2454 1483 2517 ατῶν
1725 2446 1933 2520 βλάϐης

329 2541 688 2616 ἓρῥιξωμένης,
769 2536 1067 2609 ἀναγκαίως
1139 2533 1514 2608 ἀπεστείλαμεν
1595 2539 1714 2598 τοὺς
1795 2534 1946 2590 ἀδελ..

331 2633 478 2706 φούςο
534 2629 621 2682 ἳνα
666 2630 770 2696 ᾆσα
813 2631 904 2694 καὶ
963 2631 1060 2693 τὴν
1089 2625 1144 2678 ἐκ
1172 2633 1263 2678 τοῦ
1314 2628 1622 2701 γράμματος
1682 2624 1946 2680 διδασκα-

331 2721 445 2784 λίαν
503 2718 778 2794 παρέλαθε,
827 2723 997 2768 ταῦτα
1071 2715 1194 2792 παρ’
1265 2714 1459 2782 ἑαυτῶν
1509 2712 1941 2784 ἀναδιδάξαντες,

334 2813 624 2874 κινήσωσιν
678 2808 820 2879 ὑμῶν
870 2810 965 2870 τὴν
1026 2803 1289 2878 εὐλάϐειαν
1347 2803 1518 2868 εἰςτό
1561 2807 1945 2878 παρασχέσθαι

338 2881 434 2970 τὴν
488 2897 903 2970 ἑπιζμτουμίνην
958 2893 1207 2968 βοήθειαν
1243 2900 1362 2966 ταῖς
1390 2899 1484 2947 τοῦ
1538 2902 1671 2948 Θεοῦ
1726 2895 1943 2954 Ἐκκλη-

339 2990 501 3059 σίαις.

883 3079 1210 3127 ΕΠΙΣΤΟΔΠ
1249 3074 1387 3126 ΣΞΔ.

2050 1913 2158 1987 qui
2185 1913 2317 1968 haec
2347 1911 2704 1984 depravant,
2749 1911 2799 1967 si
2852 1912 3253 1982 corrigantur,
3303 1913 3716 1971 admittendos

2051 2003 2132 2060 ad
2161 2001 2658 2058 communionem
2685 2023 2700 2068 ;
2725 2000 2820 2057 sin
2862 2005 3067 2057 autem
3116 2002 3500 2074 pertinaciter
3541 2003 3719 2060 novi-

2053 2092 2275 2149 tatibus
2323 2091 2734 2148 adhaerescere
2777 2089 3215 2162 voluerint,'_ab
3276 2091 3553 2150 Ecclesiis
3613 2092 3722 2149 ab-

2052 2180 2442 2250 scindendos,
2505 2183 2688 2252 atque
2736 2179 2800 2235 id
2851 2179 3102 2251 quidem
3154 2180 3379 2238 factum
3447 2198 3484 2239 a
3533 2181 3722 2239 nobis

2052 2270 2414 2344 oportuisse,
2448 2271 2514 2323 ut
2536 2283 2660 2324 una
2685 2284 2826 2323 cum
2882 2273 3084 2325 vestra
3128 2269 3455 2341 prudentia
3505 2271 3724 2326 seden-

2053 2365 2169 2427 tes,
2190 2357 2504 2414 communi
2540 2356 2976 2414 deliberatione
3004 2357 3080 2413 de
3107 2357 3202 2413 his
3246 2374 3592 2428 ageremus,
3639 2376 3720 2417 ne

2053 2448 2169 2522 ipsi
2209 2446 2459 2519 quidem
2520 2445 2902 2516 ignoramus.
2960 2445 3078 2502 Sed
3132 2448 3428 2518 quoniam
3478 2452 3720 2520 tempus

2053 2554 2180 2595 non
2203 2536 2514 2609 permittit,
2546 2539 2603 2592 et
2631 2535 2840 2592 dilatio
2885 2536 3140 2592 exitiosa
3169 2541 3279 2600 est,
3311 2536 3478 2592 illato
3514 2537 3593 2593 ab
3624 2538 3722 2611 ip-

2054 2629 2136 2684 sis
2162 2628 2390 2683 damno
2419 2624 2624 2680 radice
2655 2629 2892 2695 agente,
2945 2626 3290 2682 necessario
3343 2627 3458 2682 hos
3511 2626 3730 2684 fratres

2054 2715 2352 2779 misimus,
2377 2718 2442 2770 ut
2462 2718 2517 2768 et
2547 2729 2934 2786 quaecunque
2970 2712 3306 2769 litterarum
3350 2714 3726 2773 documenta.

2053 2806 2430 2876 effugerunt,
2469 2802 2600 2858 haec
2625 2817 2733 2875 per
2761 2819 2823 2858 se
2866 2803 2989 2874 ipsi
3029 2803 3376 2873 edocentes,
3435 2805 3728 2876 pietatem

2053 2898 2318 2951 vestram
2364 2891 2612 2948 incitent
2641 2891 2722 2947 ad
2779 2890 3108 2964 expetitum
3157 2892 3259 2948 Dei
3308 2892 3584 2949 Ecclesiis
3637 2893 3722 2951 fe-

2052 2983 2314 3040 rendum
2345 2979 2664 3048 auxilium,

2533 3070 2877 3127 EPISTOLA
2916 3071 3209 3128 CCLXIV".

331 3201 594 3260 Bursam
627 3197 1140 3267 Basilius,oblata
1167 3200 1482 3256 occasione
1509 3199 1797 3255 Domnim'
1825 3205 1884 3256 et
1907 3201 2202 3256 sociorum
2223 3197 2621 3268 ejus,salutat
2652 3201 2709 3252 et
2730 3197 3019 3253 hortatur
3039 3201 3107 3251 ut
3132 3202 3262 3254 oret
3277 3211 3392 3267 pro
3412 3197 3688 3255 Ecclesia

819 3271 921 3328 cui
937 3272 1178 3343 quidem
1208 3277 1415 3340 sperat
1445 3272 1711 3327 Basilius
1735 3287 1948 3342 pacem
1974 3272 2183 3327 datum
2209 3271 2312 3337 iri,
2346 3270 2469 3325 nisi
2487 3269 2929 3338 appropinquet
2951 3268 3227 3337 defectio.

514 3371 714 3443 Βάρσῇ,
747 3367 1016 3441 ἕπτσκὸπῳ
1043 3365 1320 3436 Ἐδέσσης,
1353 3369 1403 3421 ἐν
1434 3367 1610 3444 ἑξορίᾳ
1641 3373 1770 3426 ὄντι.

403 3484 489 3549 Τῷ
538 3477 606 3541 ὠς
664 3475 869 3539 ἀληθῶς
925 3475 1302 3549 θεοφιλεστάτῳ
1380 3480 1471 3528 καὶ⁹
1542 3477 1724 3539 πάσης
1769 3473 1954 3538 αἰδοῦς

329 3573 424 3621 καὶ
455 3575 610 3641 τιμῆς
637 3565 764 3639 ἀξίῳ
804 3565 1074 3637 ἓπισκὸπῳ
1120 3573 1296 3640 Βαρσῃ
1354 3565 1622 3629 Βασίλειος
1675 3565 1724 3618 ἐν
1775 3571 1952 3640 Κυρίῳ

331 3661 564 3732 χαίρειν.
620 3655 947 3731 Ἐρχομένων
998 3663 1099 3706 τῶν
1157 3657 1533 3726 γνησιωτάτων
1575 3651 1807 3728 ἀδελφῶν
1853 3663 1950 3707 τῶν

331 3752 452 3821 περὶ
509 3752 748 3818 Δομνῐνον
796 3744 910 3817 (17)
967 3747 1099 3818 πρὸς
1154 3749 1250 3804 τὴν
1281 3743 1549 3796 εὖλάϐειάν
1608 3763 1726 3814 σου,
1780 3741 1950 3808 ἡδέως

332 3840 431 3895 τὴν
458 3835 693 3911 ἀφορμὴν
720 3843 821 3888 τῶν
871 3834 1202 3908 γραμμάτων
1263 3829 1572 3906 ἇδεξάμεθα,
1629 3839 1725 3887 καὶ
1783 3853 1950 3907 προσ-

334 3929 648 4000 αγορεύομέν
697 3943 755 3976 σε
803 3921 878 3977 δι’
928 3923 1116 3981 αὐτῶν,
1172 3923 1457 3995 εὐχόμενοι
1523 3931 1597 3995 τῷ
1642 3923 1777 3996 ἁγίῳ
1833 3931 1948 3995 Θεῷ

333 4021 500 4090 μέχρι
522 4017 777 4069 τοσούτου
805 4011 1143 4086 φυλαχθῆναι
1195 4012 1308 4085 (18)
1336 4019 1400 4084 τῇ
1465 4015 1572 4085 ζωῇ
1605 4015 1794 4086 ταύτῃ,
1860 4018 1949 4086 μέ-

331 4125 459 4180 χρις
503 4105 565 4158 οὗ
601 4103 999 4176 καταξιωθῶμεν
1054 4097 1183 4154 ἰδεῖν
1239 4119 1318 4168 σε,
1362 4105 1454 4153 καὶ
1511 4100 1809 4154 ἀπολαῦσαι
1850 4109 1951 4154 τῶν

330 4196 387 4250 ἐν
442 4199 528 4248 σοὶ
584 4194 958 4269 χαρισμάτων.
1016 4195 1185 4245 Μόνον
1232 4191 1418 4263 εὔχου,
1457 4190 1768 4266 παρακαλῶ,
1816 4192 1899 4244 ἶνα
1923 4193 1950 4244 ὁ

331 4288 528 4360 Κύριος
557 4288 629 4358 μὴ
691 4278 920 4358 παραδῷ
970 4283 1107 4354 ἡμᾶς
1161 4280 1234 4342 εἰς
1283 4281 1428 4342 τέλος
1471 4287 1578 4342 τοῖς
1621 4279 1832 4356 ἐχθροῖς
1854 4289 1948 4334 τοῦ

333 4381 566 4451 σταυροῦ
604 4380 698 4426 τοῦ
741 4377 998 4447 Χριστοῦ,
1043 4371 1174 4424 ἀλλὰ
1221 4371 1421 4446 φυλάξῃ
1457 4371 1567 4444 (19)
1618 4374 1715 4433 τὰς
1762 4371 1948 4425 ἑαυτοῦ

330 4463 640 4525 Ἐκκλησίας
679 4467 844 4536 μέχρι
884 4468 977 4514 τοῦ
1020 4468 1207 4535 καιροῦ
1253 4469 1345 4522 τῆς
1396 4461 1618 4534 εἰρήνης,
1668 4461 1733 4520 ἦν
1791 4461 1949 4514 αὐτὸς

335 4548 476 4605 οἶδεν
529 4553 554 4605 ὀ
611 4549 816 4614 δίκαιος
869 4554 1052 4623 κριτὴς
1097 4553 1224 4603 πότε
1283 4547 1574 4605 ἀποδώσει.
1646 4547 1946 4603 Ἀποδὼσει

405 4676 522 4748 (l5)
549 4676 984 4752 Προσπετξονθςὸς.
1005 4672 1272 4752 ItaHarl.
1306 4672 1644 4752 cumCoisl.
1671 4672 1939 4752 secundo

1983 3370 2023 3425 C

2278 3370 2500 3437 Barsze,
2559 3366 2796 3422 Edessa:
2834 3382 3131 3436 epzscopo,
3177 3368 3508 3424 exsulanti.

2136 3478 2278 3532 Vere
2323 3473 2788 3545 religiosissimo
2845 3474 3135 3547 omnique
3171 3474 3510 3532 reverentia
3536 3477 3594 3532 et
3621 3475 3729 3533 ho-

2059 3581 2208 3621 nore
2236 3565 2424 3635 digno
2473 3563 2764 3635 episcopo
2823 3565 3019 3618 Barsae
3079 3563 3329 3619 Basilius
3355 3564 3419 3620 in
3467 3567 3725 3621 Domino

2063 3653 2342 3710 salutem.
2377 3655 2524 3708 Cum
2554 3652 3036 3725 proficisceretur
3081 3653 3579 3720 germanissimus
3607 3653 3726 3712 fra-

2057 3746 2149 3800 ter
2178 3741 2513 3799 Domninus
2560 3740 2642 3796 ad
2678 3744 2848 3796 tuam
2898 3741 3205 3813 pietatem,
3250 3741 3506 3797 libenter
3555 3758 3725 3800 occa-

2061 3833 2295 3888 sionem
2349 3829 2654 3909 scribendi
2684 3829 3050 3900 excepimus,
3084 3833 3267 3901 teque
3299 3845 3406 3902 per
3431 3829 3602 3886 illum
3631 3847 3724 3888 sa-

2056 3921 2343 3987 lutamus,
2378 3922 2568 3975 Deum
2599 3923 2881 3975 sanctum
2925 3923 3262 3990 precantes,
3293 3922 3361 3974 ut
3381 3918 3591 3975 tandiu
3619 3936 3723 3977 cu-

2057 4009 2392 4068 stodiamur
2446 4009 2510 4064 in
2547 4009 2666 4064 hac
2706 4008 2852 4076 vita,
2901 4007 3097 4064 donec
3134 4007 3305 4077 digni
3358 4008 3717 4080 habeamur,

2056 4099 2162 4172 qui
2192 4104 2248 4156 te
2285 4099 2634 4167 videamus,
2661 4113 2734 4154 ac
2759 4097 2960 4166 donis,
3000 4113 3138 4169 quae
3161 4098 3332 4194 inﬁte
3377 4101 3536 4167 sunt,
3585 4114 3721 4171 per-

2056 4188 2650 4248 fruamur.-Tantum
2701 4203 2971 4261 precare,
3020 4187 3297 4258 obsecro,
3329 4192 3395 4244 ut
3425 4188 3718 4245 Dominus

2059 4281 2240 4355 408
2268 4296 2392 4337 non
2421 4281 2746 4336 tradatnos
2770 4279 2832 4334 in
2853 4283 3213 4352 perpetuum
3231 4278 3490 4335 inimicis
3521 4279 3716 4336 crucis

2058 4371 2288 4435 Christi,
2350 4369 2456 4426 sed
2515 4369 2815 4425 custodiat
2866 4368 3161 4425 Ecclesias
3209 4385 3351 4425 suas
3398 4384 3594 4440 usque
3633 4369 3715 4424 ad

2056 4465 2296 4533 tempus
2313 4460 2506 4531 pacis,
2518 4475 2706 4531 quam
2723 4458 2890 4514 novit
2906 4458 3035 4528 ipse
3043 4458 3240 4528 justus
3251 4457 3271 4527 j
3283 4457 3442 4513 udex
3461 4456 3713 4528 quando

2058 4549 2135 4605 sit
2173 4548 2541 4606 redditurus.
2600 4547 2828 4603 Reddet
2874 4547 3056 4612 enim,
3084 4561 3197 4602 nec
3251 4561 3365 4602 nos
3419 4549 3711 4618 perpetuo

2049 4672 2254 4746 plures
2283 4671 2678 4746 mitterentur,
2712 4687 2873 4746 unus
2903 4674 3107 4746 tamen
3134 4669 3565 4746 nominaretur.
3599 4671 3711 4725 Do-

332 4737 679 4821 etfqu'atu'or
698 4737 1011 4821 codicibus
1039 4737 1287 4821 _R_egiis.
1317 4745 1629 4821 Medicmus
1662 4747 1720 4821 e_t
1761 4743 1936 4801 Coisl.
1976 4747 2019 4802 D
2051 4737 2460 4821 ininoautem
2477 4737 3032 4821 a1i_quem_adfu_isse
3045 4741 3329 4821 comitem
3340 4740 3710 4821 conﬁcimus

329 4815 566 4892 primus
620 4819 1008 4892 προπεπονθώς.
1039 4817 1191 4873 Editi
1236 4819 1516 4892 πεποιθώς.
1570 4815 1753 4872 Paulo
1805 4821 1944 4892 post

333 4887 478 4946 éditi
504 4887 774 4962 κοινωνίαν
823 4889 985 4941 αὐτοῦ
1031 4893 1331 4962 προέμενος.
1389 4890 1534 4962 Octo
1576 4887 1834 4962 mss._ut

330 4961 645 5044 textu._Sic
672 4961 855 5044 etiam
885 4959 1280 5035 emendatum
1306 4965 1395 5036 est
1424 4961 1485 5038 in
1532 4959 1802 5032 secunda
1821 4959 1940 5024 edi-

334 5031 494 5100 tione
521 5031 860 5096 Parisiensi.
1027 5031 1032 5035 ’
1345 5031 1347 5034 ’
1386 5031 1391 5036 ’
1451 5034 1458 5038 ’

340 5105 344 5109 ”
406 5106 516 5177 (16)
547 5102 772 5177 Τῆςᾼᾷτε
804 5103 994 5177 αὐτῶν.
1022 5104 1108 5177 Ita
1127 5106 1354 5159 veteres
1376 5101 1512 5158 libri
1526 5117 1768 5158 summo
1799 5117 1942 5159 con-

333 5175 535 5232 sensu.
572 5175 726 5234 Editi
753 5182 850 5238 τῆς
880 5175 971 5226 ὑπ’
1001 5175 1190 5229 αὐτῶν.

405 5249 518 5321 ςιτ)
541 5249 653 5300 Τῶν
697 5252 815 5321 περὶ
871 5252 1129 5321 Δομνῖνον.
1187 5243 1499 5321 Existimat
1547 5243 1944 5321 Combetisius

333 5313 527 5376 solum
566 5313 892 5375 Dominum
933 5313 1275 5385 sichonoris
1295 5315 1811 5383 causanominari,
1833 5331 1946 5371 nec

334 5389 490 5445 ullos
516 5388 821 5458 designari
842 5389 1116 5444 comites.
1143 5392 1334 5458 Atque
1352 5387 1409 5440 id
1429 5386 1677 5458 quidem
1692 5387 1946 5443 libenter

336 5458 992 5520 assentiordoctissimo
1006 5459 1155 5530 viro,
1171 5458 1365 5514 solum
1383 5458 1481 5530 hic
1495 5459 1816 5530 Dominum
1840 5475 1946 5514 no-

339 5530 592 5597 minari;
617 5548 738 5596 non
770 5531 994 5588 idcirco
1022 5536 1246 5593 tamen,
1276 5529 1443 5597 quod
1473 5529 1653 5585 sociis
1695 5534 1941 5595 careret,

339 5599 448 5680 sed
479 5602 624 5680 quia
650 5603 734 5674 illi
753 5603 1056 5680 praecipue
1073 5600 1269 5657 honor
1287 5599 1654 5680 habebath
1671 5599 1944 5680 Sic_enim

335 5670 468 5729 ﬂeri
497 5669 690 5730 solere
732 5669 1196 5752 observavimus
1244 5669 1323 5746 ad
1353 5671 1524 5748 epist.
1555 5671 1680 5741 243,
1713 5675 1781 5744 ut
1804 5685 1944 5750 cum

2051 4833 2125 4872 ex
2151 4816 2324 4887 epist.
2357 4819 2460 4869 267
2490 4811 2878 4870 ad'eumdem
2905 4815 3172 4887 Barsam,
3203 4811 3309 4867 ubi
3339 4811 3591 4868 Basilius
3620 4811 3708 4869 la-

2050 4882 2210 4943 tores
2267 4886 2602 4942 litterarum
2659 4900 2909 4939 suarum
2975 4882 3190 4938 fratres
3243 4888 3707 4950 commemorat,

2048 4958 2209 5015 hanc
2239 4958 2436 5029 ipsam
2467 4955 2786 5029 epistolam
2813 4954 3400 5029 in_dicans._Aitenim
3419 4970 3483 5029 se
3509 4957 3708 5029 Barsaa

2049 5045 2176 5087 non
2203 5025 2365 5100 saepe
2391 5025 2638 5100 quidem
2661 5026 2993 5100 scripsisse,
3020 5025 3126 5080 sed
3141 5031 3348 5100 tamen
3372 5025 3707 5098 scripsisse:

2049 5101 2274 5175 quibus
2292 5095 2496 5175 verbis
2527 5098 2707 5175 unica
2734 5095 3085 5168 (lesignatur
3109 5095 3381 5175 epistola.

2123 5173 2234 5244 (18)
2269 5170 2629 5244 Υυλαχθῆναι.
2663 5173 2750 5226 lta
2800 5166 2953 5244 mss.
3013 5166 3266 5244 septem.
3319 5169 3473 5225 Edlti
3523 5166 3712 5244 διαφυ-

2049 5238 2336 5315 λαχθῆναι.
2395 5238 2576 5296 Paulo
2612 5243 2766 5315 post
2808 5239 2950 5296 editi
2977 5238 3521 5313 xafaﬁrorrpoaamm;
3575 5238 3709 5294 ἰδεῖν

2055 5313 2301 5380 σείοοώ
2332 5329 2480 5368 mss.
2508 5317 2572 5367 ut
2608 5313 2670 5367 in
2702 5317 2889 5367 textu.

2125 5387 2238 5453 (19)
2264 5384 2543 5457 summa,
2577 5385 2669 5439 Sic
2725 5383 2878 5457 Vat,
2907 5383 3117 5457 iCoisl.
3165 5384 3524 5457 uterqueﬁet
3560 5384 3709 5457 Beg.

2053 5451 2357 5590 secugldus
2387 5451 2464 5511 ac'
2489 5455 2672 5525 Bigot.
2702 5455 2869 5512 alter.
2891 5456 3158 5520 Quatuor
3174 5454 3272 5510 alii
3296 5451 3529 5524 ςὶυλάξει.
3560 5451 3712 5506 Editi

2056 5550 2121 5590 φυ
2146 5549 2188 5580 ,α
2225 5548 2294 5583 οι.

2092 5548 2294 5583 υλαςοι.

2056 5550 2326 5656 φυέῗξῆἒίε
2350 5599 2657 5655 CCCXXVL
2681 5598 2912 5671 Scripta
2942 5597 3100 5653 circa
3130 5608 3361 5650 annum
3387 5596 3511 5649 377.
