4146 6392
499 357 604 412 983

1887 352 1945 409 S.
1994 350 2248 409 BASILII
2295 353 2517 408 MAGNI

3759 361 3888 416 984-

495 481 748 536 deseret.
804 480 919 536 Sed
950 481 1476 554 quemadmodum
1519 478 1792 535 lsraelitis
1829 493 2022 533 annos
2063 493 2129 532 se

2257 479 2379 548 γὰρ,
2449 480 2538 529 καὶ
2586 476 2680 529 οὐκ
2738 477 3096 549 ἐγκαταλείψει
3163 479 3303 552 ἡμᾶς
3363 479 3430 541 εἰς
3493 483 3552 533 τὸ
3624 481 3888 546 παντελές

493 571 813 644 ptuaginta
856 571 1174 642 prtestituit
1210 587 1317 643 pro
1363 569 1619 642 peccatis
1669 569 1745 623 ad
1787 567 2148 639 captivitatis

492 675 742 734 poenam
764 660 811 694 3‘
837 676 850 726 ;
879 659 960 714 ita
980 659 1129 715 forte
1161 665 1217 716 et
1245 675 1356 714 nos
1386 659 1770 730 omnipotens
1790 673 1895 729 per
1925 661 2146 712 statum

492 749 743 823 aliquod
785 753 1023 821 tempus
1055 748 1309 804 traditos
1344 747 1673 819 aliquando
1716 746 2040 815 revocabit,
2075 762 2146 801 ac

489 837 553 895 in
597 837 911 911 pristinam
962 853 1176 909 pacem
1233 837 1526 905 restituet;
1572 835 1687 892 nisi
1735 836 1884 892 forte
1930 851 2145 908 appro-

489 927 747 1000 pinquat
768 917 1042 992 defectio,
1077 931 1132 982 et
1155 942 1291 999 quae
1322 941 1486 981 nunc
1514 926 1685 995 ﬁunt,
1727 924 1978 981 exordia
2004 929 2145 981 sunt

487 1017 796 1089 ingressus
841 1015 1209 1073 Antichristi.
1274 1014 1448 1081 Quod
1505 1014 1753 1087 quidem
1817 1015 1867 1070 si
1919 1016 2001 1072 ita
2045 1015 2136 1086 sit,

483 1118 730 1178 precare
770 1107 836 1160 ut
871 1107 976 1160 aut
1029 1119 1335 1161 aerumnas
1387 1103 1640 1170 auferat,
1691 1108 1796 1161 aut
1836 1121 1949 1160 nos
1990 1106 2143 1162 inter

481 1209 789 1250 aerumnas
828 1192 1084 1249 invictos
1141 1194 1340 1250 bonus
1389 1193 1484 1250 ille
1518 1193 1836 1250 custodiat.
1885 1195 2139 1252 Omnem

480 1281 652 1340 illum
701 1286 946 1352 emtum,
978 1283 1084 1357 qui
1112 1283 1351 1356 pietatis
1404 1288 1519 1340 tuae
1571 1283 2005 1340 consuetudine
2053 1285 2141 1341 di-

478 1388 635 1445 gnus
677 1371 922 1429 habitus
991 1376 1099 1439 est,
1141 1387 1248 1446 per
1297 1377 1354 1430 te
1430 1373 1792 1431 salutamus.
1853 1373 2137 1432 Pietatem

477 1467 644 1520 tuam
673 1477 909 1531 omnes,
936 1463 1042 1534 qui
1063 1463 1387 1519 nobiscum
1419 1467 1584 1534 sunt,
1607 1463 1887 1519 salutant.
1921 1463 2136 1520 Valens

475 1569 547 1610 ac
575 1551 750 1609 laetus
803 1552 864 1609 in
903 1552 1184 1619 Domino,
1220 1556 1277 1609 et
1322 1569 1432 1625 pro
1465 1565 1561 1609 me
1581 1552 1804 1625 (orans,
1865 1553 2135 1611 Ecclesiae

475 1643 580 1702 Dei
610 1643 891 1714 serveris,
921 1642 1122 1701 Sancti
1151 1642 1365 1716 gratia.

984 1893 1321 1950 EPISTOLA
1361 1894 1623 1953 CCLXV'.

2259 564 2396 618 Ἀλλ’
2430 567 2602 640 ὥσπερ
2651 574 2758 628 τοῖς
2810 567 3168 642 Ἰσραηλίταις
3217 574 3306 626 την
3360 567 3887 643 ἐϐδομηκονταετίαν

2257 657 2442 728 ὥρισεν
2488 657 2614 729 ὑπὲρ
2664 665 2762 708 τῶν
2823 659 3212 730 ἁμαρτημάτων
3261 658 3329 719 εἰς
3378 664 3470 717 τὴν
3522 668 3620 722 τῆς
3667 661 3890 733 αἰχμα-

2255 743 2450 805 λωσίας
2502 743 2818 814 καταδίκην,
2871 747 3005 798 οὕτω
3055 749 3204 818 τάχα
3246 753 3335 800 καὶ
3375 749 3514 820 ἡμᾶς
3561 750 3587 800 ὁ
3641 747 3887 814 δυνατὸς

2252 837 2430 906 χρόνῳ
2488 839 2590 886 τινὶ
2656 837 2926 909 ὡρισμένῳ
2982 833 3255 909 παραδοὺς
3324 836 3696 892 ἀνακαλέσεταί
3743 860 3884 895 ποτε

2252 927 2342 974 καὶ
2371 925 2804 983 ἀποκαταστήσει
2851 925 2919 985 εἰς
2963 929 3057 984 τὴν
3106 925 3161 989 ἐξ
3213 924 3391 1000 ἀρχῆς
3435 926 3662 1002 εἰρήνην·
3709 933 3753 982 εὶ
3795 934 3876 1003 μὴ

2251 1012 2356 1087 ἄρα
2385 1010 2542 1085 ἐγγύς
2585 1016 2686 1066 πού
2727 1013 2868 1066 ἐστιν
2917 1016 2946 1072 ἡ
2983 1013 3302 1083 ἀποστασία,
3362 1021 3452 1069 καὶ
3481 1019 3546 1069 τά
3586 1025 3676 1070 νῦν
3730 1024 3881 1090 γινό-

2250 1119 2378 1171 μενα
2424 1104 2678 1176 προοίμιά
2736 1101 2850 1154 ἐστι
2905 1111 3000 1166 τῆς
3067 1099 3279 1156 εἰσόδου
3327 1111 3420 1157 τοῦ
3460 1105 3872 1180 Ἀντιχρίστου.

2248 1187 2410 1264 Ὀπερ
2462 1187 2521 1244 δὲ
2557 1191 2644 1244 ἐὰν
2691 1188 2745 1265 ᾖ,
2793 1196 3098 1265 προσεύχου
3148 1197 3233 1246 ἵνα
3290 1194 3320 1253 ἡ
3357 1195 3452 1256 τὰς
3503 1194 3708 1267 θλίψεις
3737 1216 3869 1271 πεφ-

2249 1281 2452 1351 ενέγκῃ,
2487 1279 2516 1338 ἦ
2550 1281 2691 1352 ἡμᾶς
2717 1279 3034 1344 ἀπταίστους
3073 1278 3108 1334 ὃ
3115 1283 3168 1335 ιὰ
3204 1291 3304 1335 τῶν
3355 1283 3574 1354 θλίψεων
3606 1285 3632 1336 ό
3665 1283 3865 1357 ἁγαθός

2251 1363 2612 1426 διασώσηται.
2647 1377 2829 1423 Πᾶσαν
2867 1375 2963 1430 τὴν
3014 1369 3264 1424 συνοδίαν
3303 1377 3397 1431 τὴν
3443 1373 3871 1436 καταξιωθεῖσαν

2250 1464 2478 1510 συνεῖναι
2521 1466 2583 1530 τῇ
2625 1458 2864 1533 εὐλαϐείᾳ
2925 1479 3018 1512 σου
3069 1461 3418 1534 ἀσπαζόμεθα
3464 1459 3556 1514 διὰ
3591 1470 3716 1518 σοῦ.
3754 1468 3871 1522 Τὴν

2249 1550 2346 1604 σὴν
2387 1545 2651 1600 εὐλάϐειαν
2696 1551 2745 1601 οἰ
2800 1553 2893 1602 σὺν
2928 1551 3052 1622 ἡμῖν
3107 1551 3296 1613 πάντες
3351 1555 3867 1626 προσαγορεύουσιν.

2245 1631 2557 1708 Ἐρρωμένος
2601 1641 2690 1689 καὶ
2721 1638 2945 1711 εὑθυμος
2973 1636 3021 1690 ἐν
3051 1643 3249 1712 Κυρίῳ,
3281 1639 3699 1713 ὑπερευχόμενός
3730 1662 3865 1714 μου,

2247 1722 2568 1794 φυλαχθείης
2607 1726 2724 1796 (20)
2765 1734 2828 1800 τῇ
2867 1734 2958 1780 τοῦ
3000 1734 3134 1781 Θεοῦ
3194 1727 3482 1801 Ἐκκλησία
3517 1731 3706 1804 χάριτι
3743 1732 3866 1802 (21)

2162 1843 2204 1896 Β
2244 1819 2335 1864 τοῦ
2367 1812 2576 1886 ’Λγίου.

2783 1909 3114 1959 ΕΠΙΣΤΟΑΗ
3171 1905 3319 1961 ΣΞΗ.

468 1993 737 2051 Βαςιιίυε
763 1993 1001 2074 ρναιίαεΔ
1021 1994 1146 2074 agit
1191 1993 1334 2062 Deo,
1360 1993 1527 2074 Quod
1556 1994 1676 2074 _iis_,_
1696 1994 1864 2074 apud
1913 2011 2059 2074 quos
2080 1999 2366 2074 exsulant
2396 2001 2784 2074 confessores,
2815 2004 3051 2058 auxilia
3082 2003 3164 2059 ad
3189 2004 3446 2060 salutem
3470 2005 3864 2074 providerit:

535 2081 712 2136 seque
731 2070 1040 2134 perspecto
1065 2065 1312 2120 illorum
1341 2065 1489 2137 ﬁdei
1512 2066 1709 2121 studio
1735 2065 2064 2124 adductum
2097 2085 2219 2127 esse
2247 2073 2353 2137 ait,
2382 2079 2448 2127 ut

2521 2075 2800 2129 iaconum
2825 2074 3142 2144 Elpidium
3192 2091 3327 2130 cum
3360 2077 3584 2132 litteris
3627 2078 3710 2133 ad
3758 2093 3864 2134 eos

528 2135 812 2216 mitteret.
834 2137 1074 2216 Liaudal
1096 2151 1192 2216 eos
1221 2135 1375 2216 quod
1397 2136 1825 2216 damnaverint
1852 2140 2325 2211 Apollinarium,
2342 2135 2519 2212 cujus
2544 2151 2599 2199 et
2619 2135 3344 2215 nefarias'nzolitiones,et
3367 2149 3577 2216 impios
3609 2149 3682 2205 de
3727 2149 3863 2204 Tri-

529 2209 738 2272 nilate,
771 2209 1285 2264 deIncarnatione
1305 2213 1358 2262 et
1394 2209 1889 2276 promissionibus
1914 2225 2146 2268 errores
2186 2209 2463 2270 recenset.
2502 2217 2615 2272 Sed

2647 2218 2923 2286 queritur
2960 2218 3121 2288 quod
3157 2218 3442 2274 Marcelli
3482 2219 3768 2288 discipuli
3820 2234 3862 2278 a

531 2279 1230 2364 confesso'rilgusfecepli
1243 2280 1481 2364 fuerint
1511 2280 1644 2364 sine
1671 2279 2152 2340 Occidentalium
2177 2291 2230 2340 et
2261 2287 2524 2343 aliarum
2557 2279 3298 2345 Ecclesiarum'consensu.
3332 2290 3502 2346 Scire
3526 2279 3688 2360 cupit
3724 2294 3862 2364 qui-

533 2351 639 2406 bus
659 2351 1098 2407 conditionibus
1132 2356 1357 2419 recepti
1386 2352 1639 2410 fuerint.

459 2449 742 2520 Eulogio,
772 2449 1152 2518 Alexandro,
1194 2453 1246 2504 el
1297 2448 1799 2517 Harpocrationi,
1851 2451 2126 2522 {Egypti

959 2539 1252 2610 episcopis
1297 2539 1627 2595 exsulibus.

535 2635 584 2685 1.
618 2630 896 2699 Magnam
921 2627 984 2684 in
1005 2627 1291 2684 omnibus
1321 2628 1656 2700 reperimus
1673 2628 1822 2684 boni
1849 2631 1948 2685 Dei
1981 2646 2126 2702 erga

461 2734 603 2776 suas
626 2717 916 2774 Ecclesias
949 2717 1426 2790 providentiam;
1460 2717 1541 2774 ita
1582 2722 1646 2774 ut
1692 2734 1828 2790 quas
1872 2718 2123 2775 molesta

461 2824 597 2867 esse
627 2807 927 2875 videntur,
945 2823 1054 2864 nec
1081 2807 1331 2864 omnino
1359 2822 1426 2863 ex
1453 2808 1748 2865 sententia
1776 2814 2122 2878 occurrunt,

461 2914 535 2956 ea
563 2899 743 2954 etiam
766 2897 843 2954 ad
865 2897 1196 2953 multorum
1228 2896 1544 2953 utilitatem
1593 2897 2024 2969 dispensentur
2061 2899 2124 2954 in

461 2986 871 3046 occultissima
894 2986 997 3043 Dei
1027 2987 1347 3058 sapientia,
1381 2990 1438 3042 et
1474 2985 1934 3060 indeprehensis
1966 2988 2124 3043 illius

2237 2453 2469 2525 Εὐλογίῳ
2495 2459 2584 2507 καὶ
2607 2454 2934 2529 Ἀλεξάνδρῳ
2958 2463 3047 2510 καὶ
3075 2458 3506 2533 Ἀρποκρατίωνι,
3541 2458 3860 2523 ἐπισκόποις

2632 2545 2899 2617 Αἰγύπτου
2935 2547 3051 2618 (22)
3085 2546 3454 2622 ἒξορισθεῖσιν.

2310 2635 2362 2690 ’1.
2404 2634 2648 2706 Μεγάλην
2693 2634 2741 2687 ἐν
2789 2641 2951 2688 πᾶσιν
2997 2638 3302 2710 εὑρίσκομεν
3332 2645 3424 2690 τοῦ
3470 2637 3669 2710 ἀγαθοῦ
3712 2646 3858 2692 Θεοῦ

2235 2727 2327 2781 την
2353 2728 2470 2797 περὶ
2500 2727 2594 2787 τὰς
2638 2724 2952 2788 Ἐκκλησίας
3001 2726 3160 2780 αὐτοῦ
3209 2727 3526 2800 οἰκονομίαν,
3581 2730 3714 2781 ὥστε
3757 2734 3858 2782 καὶ

2233 2813 2298 2863 τὰ
2342 2808 2600 2864 δοκοῦντα
2645 2820 2775 2866 εἶναι
2837 2816 3145 2888 σκυθρωπὰ,
3203 2820 3297 2869 καὶ
3353 2820 3426 2888 μὴ
3486 2817 3655 2873 πάντη
3712 2819 3860 2870 κατὰ

2237 2899 2492 2973 βούλησιν
2570 2900 2878 2957 ἀπαντῶντα
2911 2945 2924 2967 ,
2992 2909 3081 2958 καὶ
3140 2912 3306 2958 ταῦτα
3359 2904 3440 2957 ἐπ’
3489 2905 3704 2978 ὠφελείᾳ
3751 2915 3860 2959 τῶν

2236 2989 2432 3042 πολλῶν
2482 2991 2891 3064 οἰκονομεῖσθαι,
2935 2992 2983 3045 ἐν
3036 3001 3096 3066 τῇ
3160 2991 3514 3070 δυσθεωρὴτῳ
3563 3003 3656 3046 τοῦ
3717 3003 3862 3048 Θεοῦ

455 3076 696 3149 justitiae
719 3074 983 3148 judiciis.
1017 3078 1162 3132 Ecce
1190 3075 1350 3130 enim
1375 3078 1431 3132 et
1452 3074 1838 3131 dilectionem
1863 3081 2125 3132 vestram

2240 3084 2414 3151 σοφία,
2460 3085 2550 3132 καὶ
2588 3088 2699 3143 τοῖς
2739 3079 3156 3154 ἀνεξιχνιάστοις
3205 3083 3367 3136 αὐτοῦ
3420 3091 3516 3146 τῆς
3565 3081 3860 3137 δικαιοσύ-

462 3183 536 3224 ex
564 3166 801 3239 [Egypti
827 3165 976 3222 locis
1007 3165 1276 3222 excitans
1297 3165 1608 3233 Dominus,
1638 3165 1698 3220 in
1720 3166 1922 3221 media
1949 3167 2128 3222 Palas-

463 3256 621 3312 stina
650 3254 973 3324 constituit,
1005 3254 1086 3311 ad
1115 3254 1462 3326 exemplum
1485 3253 1714 3327 antiqui
1730 3256 2126 3328 lsrael,quem

463 3344 840 3417 captivumin
851 3343 1233 3415 Assyriorum
1259 3347 1480 3399 terram
1499 3343 1835 3414 abducens,
1852 3345 2130 3401 exstinxit

463 3433 581 3490 illic
611 3432 1075 3488 simulacrorum
1114 3431 1344 3488 cultum
1372 3448 1482 3504 per
1515 3434 1875 3502 isanctorum
1907 3433 2130 3490 adven-

465 3528 617 3579 tum.
649 3525 854 3593 Itaque
885 3525 940 3577 et
965 3536 1129 3576 nunc
1169 3521 1253 3578 ita
1300 3520 1529 3578 factum
1562 3521 1928 3586 invenimus,
1987 3539 2128 3579 cum

465 3614 822 3683 reputamus
853 3610 1201 3680 Dominum,
1250 3611 1399 3666 dum
1440 3615 1706 3666 vestrum
1755 3627 1866 3684 pro
1909 3611 2128 3684 pietate

466 3704 772 3756 certamen
796 3701 857 3756 in
880 3699 1082 3756 medio
1112 3700 1414 3773 proponit,
1442 3699 1620 3755 vobis
1642 3699 1891 3772 quidem
1921 3701 2128 3758 exs-ilio

467 3789 736 3847 stadium
763 3789 1076 3862 aperuisse
1095 3789 1415 3846 beatorum
1429 3789 1828 3845 certaminum
1846 3809 1858 3858 ;
1875 3790 1946 3846 iis
1962 3806 2122 3860 vero,

465 3879 690 3953 quibus
741 3884 1006 3936 vestrum
1036 3878 1191 3935 illud
1235 3879 1524 3935 eximium
1569 3880 1952 3952 propositum
1990 3886 2128 3936 ante

468 3967 679 4025 oculos
693 3972 983 4034 versatur,
999 3967 1313 4024 manifesta
1325 3969 1402 4024 ad
1420 3967 1676 4023 salutem
1690 3967 1972 4038 largitum
1996 3985 2128 4026 esse

467 4051 770 4124 exempla.
784 4054 930 4108 Cum
942 4052 1121 4122 igitur
1135 4053 1236 4108 Dei
1257 4051 1849 4123 gratiadidicerimus
1861 4059 2128 4110 vestrum

467 4144 644 4200 rectae
673 4140 808 4196 ﬁdei
834 4140 1126 4208 studium,
1159 4140 1548 4196 didicerimus
1582 4143 1639 4195 et
1663 4139 2128 4198 sollicitudinem

469 4246 614 4303 erga
625 4230 857 4300 fratres,
878 4242 1111 4302 vosque
1127 4245 1251 4286 non
1273 4228 1672 4301 perfunctorie
1700 4234 1806 4286 aut
1827 4230 2129 4301 negligen-

468 4326 557 4378 ter
585 4336 721 4393 qua:
749 4319 827 4376 ad
856 4333 1248 4375 communem
1294 4318 1610 4374 utilitatem
1664 4323 1939 4391 spectant
1969 4325 2025 4376 et
2049 4320 2129 4376 ad

2235 3186 2324 3228 νης
2381 3171 2655 3241 κρίμασιν.
2704 3166 2845 3223 Ἰδού
2901 3174 3000 3245 γὰρ
3047 3176 3139 3224 καὶ
3187 3176 3281 3230 τὴν
3334 3173 3584 3246 ὑμετέραν
3641 3172 3864 3245 ἀγάπην

2239 3257 2294 3309 ἐκ
2343 3267 2444 3309 τῶν
2491 3259 2608 3311 κατ’
2647 3262 2912 3330 Λῖγυπτον
2962 3265 3132 3314 τόπων
3190 3261 3498 3324 ἀναστήσας
3556 3264 3581 3315 ό
3643 3267 3857 3338 Κύριος,

2237 3347 2308 3406 εἰς
2336 3350 2501 3419 μέσην
2558 3347 2767 3420 ἀγαγὼν
2825 3353 2920 3408 τὴν
2975 3349 3332 3409 Παλαιστίνην
3382 3347 3659 3425 ἱδρύσατο,
3716 3356 3853 3405 κατὰ

2235 3441 2462 3508 μίμησιν
2494 3445 2584 3490 τοῦ
2615 3438 2778 3491 πάλαι
2810 3439 3045 3516 Ἰσραὴλ,
3099 3441 3152 3492 ὂν
3193 3437 3288 3494 διὰ
3337 3449 3429 3503 τῆς
3475 3441 3858 3515 αἰχμαλωσίας

2237 3524 2450 3598 ἀγαγὼν
2493 3529 2564 3589 εἰς
2614 3531 2706 3586 τὴν
2749 3529 3050 3602 Ἀσσυρίων
3102 3537 3219 3601 γῆν,
3273 3529 3456 3582 ἔσϐεσε
3497 3534 3593 3589 τὴν
3646 3530 3757 3584 ἐκεῖ
3811 3532 3860 3584 εἰ

2237 3610 2615 3690 δωλολατρείαν
2658 3613 2753 3669 διὰ
2787 3626 2877 3678 τῆς
2927 3627 3026 3670 τῶν
3070 3618 3233 3689 ἀγίων
3277 3615 3582 3692 ἐπιδημίας,
3632 3625 3729 3673 Καὶ
3761 3627 3860 3672 νῦν

2235 3708 2406 3756 τοίνυν
2467 3706 2628 3766 οὕτως
2682 3705 3008 3780 εὑρίσκομεν,
3064 3706 3414 3780 λογιζόμενοι,
3460 3712 3542 3760 ὅτι
3592 3712 3677 3762 τόν
3719 3710 3857 3785 ὑπὲρ

2234 3801 2332 3855 τῆς
2409 3792 2666 3854 εὐσεϐείας
2751 3789 2904 3848 ἆθλον
2974 3796 3116 3868 ῦμων
3172 3797 3284 3866 (23)
3360 3797 3768 3871 προϐαλλόμενος
3829 3801 3860 3852 ὁ

2239 3885 2446 3955 Κύριος,
2480 3884 2601 3954 ὑμῖν
2635 3886 2726 3955 μὲν
2755 3881 2849 3937 διὰ
2895 3893 2986 3946 τῆς
3027 3883 3226 3958 ἐξορίας
3287 3884 3506 3940 στάδιον
3537 3887 3708 3950 ἤνοιξε
3752 3895 3861 3940 τῶν

2236 3975 2505 4045 μακαρίων
2551 3970 2928 4046 ἀγωνισμάτων
2957 4016 2970 4043 ,
3053 3981 3166 4037 τοῖς
3249 3971 3309 4028 δὲ
3369 3977 3862 4049 περιτυγχάνουσιν

2236 4061 2380 4133 ὑμῶν
2437 4069 2499 4133 τῇ
2550 4059 2720 4134 ἀγαθῇ
2771 4067 3074 4136 προαιρέσει
3125 4061 3311 4137 ἐναργῆ
3362 4067 3428 4118 τὰ
3485 4069 3617 4140 πρὸς
3681 4085 3863 4124 σωτη-

2235 4153 2353 4223 ρίαν
2396 4147 2690 4225 ἐχαρίσατο
2720 4149 3110 4224 ὑποδείγματα.
3165 4153 3306 4207 Ἐπεὶ
3351 4149 3438 4206 οὖν
3475 4162 3538 4227 τῇ
3587 4162 3678 4207 τοῦ
3720 4163 3861 4209 Θεου

2238 4240 2428 4311 χάριτι
2484 4237 2739 4312 ἐμάθομεν
2785 4242 2926 4312 ὑμῶν
2980 4245 3073 4299 τὴν
3138 4242 3402 4317 ὀρθότητα
3457 4252 3554 4306 τῆς
3605 4248 3858 4313 πίστεως,

2239 4324 2495 4400 ἐμάθομεν
2536 4325 2596 4381 δὲ
2651 4332 2709 4380 τὸ
2755 4334 2874 4402 περὶ
2927 4334 3022 4389 τὴν
3080 4326 3410 4403 ἀδελφότητα
3462 4331 3717 4405 ἐπιμελὲς,
3766 4339 3862 4386 καὶ

3053 3981 3166 4037 τοῖς

471 4411 731 4467 salutem
760 4408 1104 4466 necessaria
1127 4413 1285 4475 sunt,
1319 4407 1624 4478 exhibere,
1659 4408 1768 4463 sed
1798 4409 1848 4464 si
1878 4409 2026 4481 quid
2049 4409 2128 4467 ad

2240 4416 2321 4468 ὅτι
2381 4415 2439 4468 οῦ
2502 4417 2801 4492 παρέργωςῖ
2839 4415 2963 4471 οὐδὲ
3019 4419 3353 4492 ἠμελημένως
3405 4424 3705 4497 παρέχεσθε
3738 4425 3859 4494 (24)

471 4500 876 4557 Eeclesiarum
906 4497 1372 4555 aediﬁcationem
1389 4497 1713 4570 conducat,
1733 4498 1989 4556 libenter
2004 4517 2129 4555 sus-

471 4590 722 4663 cipere;
783 4603 1024 4661 aequum
1084 4603 1215 4643 esse
1263 4587 1615 4660 putavimus
1649 4631 1664 4657 ,
1715 4591 1781 4644 ut
1842 4588 1904 4643 in
1952 4588 2130 4644 bonae

470 4685 683 4736 vestras
721 4679 911 4752 partis
937 4677 1283 4734 veniremus
1335 4677 1862 4747 communionem,
1902 4693 2133 4751 nosque

543 4825 592 4859 ⁸³
620 4827 835 4882 Jerem.
867 4839 1006 4889 xxv,
1045 4827 1128 4883 12.

542 4970 564 4994 '
601 4969 765 5025 Alias
791 4970 1052 5026 CCXCIII.
1088 4969 1317 5040 Scripta
1339 4983 1500 5025 anno
1520 4968 1648 5040 377.

542 5041 656 5112 (20)
711 5039 1060 5112 Φυλαχθείης.
1116 5037 1232 5112 Sie—
1253 5045 1371 5096 tres
1425 5037 1832 5110 antiquissimi
1886 5037 2126 5096 codices

468 5117 528 5169 et
550 5109 742 5184 'Bigot.
774 5109 940 5166 διιόν.
976 5113 1127 5166 Edili
1155 5109 1597 5184 dtapu‘mxﬁi‘aé

541 5183 655 5253 (21)
706 5185 900 5255 Χάριτι
942 5191 1033 5235 τοῦ
1090 5182 1266 5255 ἀγίουξ
1318 5182 1428 5241 Sic.
1480 5199 1628 5237 mss.
1675 5183 1931 5253 septem.
1974 5182 2126 5239 Editi

467 5256 658 5328 χάριτι
681 5255 843 5306 αὐτοῦ
859 5298 870 5310 .

539 5323 652 5396 ('22)
721 5326 1156 5396 Αἰγύπτουμῐίίι
1230 5328 1344 5379 tres
1400 5323 1782 5396 vetustissimi
1851 5323 2112 5381 codices.

467 5398 618 5453 Editi
648 5395 976 5469 Αἰγυπτίοις.
1006 5395 1230 5452 Ibidem
1256 5399 1393 5469 Heg,
1424 5395 1752 5469 secundus,
1798 5396 1976 5469 Coisl,
2034 5414 2122 5451 se-

467 5469 702 5524 cundus
720 5465 778 5524 et
819 5470 1001 5525 Paris.
1051 5469 1277 5524 habent
1305 5465 1786 5537 Ἀδελφοκρατίωνι,
1819 5468 1984 5538 quod
2017 5484 2119 5524 no-

469 5555 606 5593 men
633 5541 842 5596 inscite
867 5542 1104 5596 videtur
1130 5555 1320 5595 unum
1351 5554 1422 5592 ex
1453 5538 1695 5593 duobus
1715 5553 1846 5592 esse
1868 5539 2114 5604 factum,

469 5608 531 5683 id
581 5617 672 5665 est
717 5629 790 5683 ex
858 5609 1111 5683 Ἀδελφίῳ
1175 5615 1232 5665 et
1276 5609 1912 5683 ’A‘oroxpatimvt._i\:tlm
1963 5611 2117 5683 inter

467 5678 581 5736 hos
602 5682 838 5738 exsules
866 5678 1184 5755 episcopos
1220 5678 1569 5738 numeratur
1597 5679 1924 5752 Adelphius
1949 5682 2115 5753 apud

2238 4507 2303 4557 τὰ
2343 4505 2621 4578 κοινωφελῆ
2670 4511 2760 4559 καὶ
2812 4505 3074 4580 ἀναγκαῖα
3115 4513 3248 4582 πρός
3296 4515 3580 4586 σωτηρίων,
3650 4509 3760 4563 ἀλλ’
3809 4515 3859 4564 εἰ

2238 4613 2292 4648 τι
2347 4598 2481 4668 πρὸς
2527 4593 2814 4670 οἰκοδομὴν
2863 4606 2961 4651 τῶν
3013 4598 3333 4658 Ἐκκλησιῶν
3395 4598 3614 4676 ἐνεργεῖν
3665 4620 3859 4675 προαι-

2238 4687 2434 4758 ρεῖσθε·
2506 4683 2712 4740 δίκαιον
2775 4686 3122 4761 ἐλογισάμεθα
3152 4691 3266 4758 (25)
3330 4694 3566 4744 κοινωνοὶ
3609 4693 3858 4764 γενέσθαι

2239 4971 2639 5045 Epiphanium
2683 4988 2820 5028 eum
2877 4973 3155 5045 pluribus
3203 4973 3337 5030 aliis
3394 4975 3606 5032 haeres.
3667 4994 3851 5036 Lxxn.

2240 5043 2576 5121 Simplicior
2603 5045 2764 5121 Regii
2788 5043 2990 5121 *priimi
3025 5045 3251 5121 titulus,
3304 5047 3642 5109 Ἐπισκόποις
3688 5050 3827 5121 Λίγυ

2233 5114 2404 5176 πτίοις
2421 5114 2530 5186 ἐξορ
2541 5119 2763 5168 ισθεῑσιν
2775 5114 3086 5186 Episcopis
3097 5119 3415 5188 Λῧρῃῃιίἱε
3428 5122 3682 5176 exsulari
3692 5114 3858 5178 (illius

2305 5189 2773 5262 (23)¥TLUJ;W.Hlt_aj
2813 5189 2976 5262 Harl.
3019 5193 3074 5244 et
3132 5189 3303 5245 Coisl.
3379 5191 3636 5262 primus.
3694 5193 3853 5250 Editi

2233 5244 2374 5331 ὑμίν.
2400 5244 2598 5312 Codex
2620 5259 2933 5314 Mediczeus
2956 5261 3121 5331 ἡμῶν.

2304 5328 2396 5398 (24
2425 5332 2752 5404 Παρέχεσθε.
2787 5328 3018 5401 Legitur
3069 5332 3131 5386 in
3187 5337 3452 5404 quatuor
3499 5334 3851 5392 recentiori-

2227 5397 2694 5476 buscodicibus
2721 5397 3069 5476 παρέρχεσθε.

2299 5472 2425 5544 (25)-
2453 5471 2861 5544 Ἐλογισάμεῢῖκζ
2886 5471 2971 5529 ita
2995 5479 3111 5529 tres
3136 5473 3528 5529 vetustissimi
3578 5477 3844 5534 codices.

2224 5541 2374 5597 Etllil
2391 5541 2734 5617 ἐνομίσαμεν,
2761 5545 3019 5617 Eosdem
3040 5545 3483 5617 codicespaulo
3504 5551 3843 5617 postsecuti

2225 5614 2590 5687 mutavimus
2611 5614 2778 5687 Quod
2796 5621 2922 5671 erat
2948 5617 3007 5670 in
3032 5617 3204 5672 editis
3223 5614 3488 5687 ’EL-Jé‘m
3504 5614 3596 5672 τόν
3619 5618 3839 5674 συνδιά-

2222 5701 2387 5740 κονον.
2413 5685 2650 5743 Ibidem
2664 5687 2855 5745 codex
2875 5687 3196 5745 Medicaeus
3227 5686 3526 5745 ἀπέστειλα.
