4146 6406
317 394 420 449 985

1241 384 1732 444 EPISTOLARUM
1770 352 2050 442 CLASSIS
2087 386 2155 442 ιι.
2196 385 2408 443 EPIST.
2449 387 2691 445 CCLXV.

3576 394 3680 449 986

293 492 404 581 ’τῆς
434 516 638 591 ἀγαθῆς
676 510 896 591 μερίδος
932 512 1219 587 ύμῶν,’καὶ
1267 510 1501 585 συνάψαι
1553 510 1768 574 ἑαυτοὺς
1825 507 1914 562 διὰ

2031 510 2211 586 409
2246 528 2353 587 per
2405 513 2725 588 epistolam
2756 531 2898 573 cum
2946 518 3147 573 vestra
3173 515 3390 589 pietate
3428 516 3681 587 conjun~

308 614 401 660 τοῦ
462 609 771 681 γράμματος
827 611 891 677 τῇ
951 604 1177 678 ὑμετέρᾳ
1232 600 1488 674 εὐλαϐείᾳ.
1540 600 1714 675 Οῦπερ
1774 600 1920 654 ἕνεκα

312 695 680 769 ἀπεστείλαμεν
727 700 818 746 και
868 695 958 745 τὸν
1014 693 1378 745 ποθεινότατον
1444 693 1557 743 υἱὸν
1623 692 1767 764 ἡμῶν
1827 694 1919 742 καὶ

313 783 657 840 συνδιάκονον
714 778 1006 851 Ἐλπίδιον,
1037 781 1170 855 ὁμοῦ
1209 783 1299 854 μεν
1338 784 1433 839 τὴν
1485 778 1761 838 ἐπιστολὴν
1802 776 1918 833 δια-

312 877 617 949 κομίζοντα,
650 875 784 947 ὁμοῦ
815 868 877 926 δὲ
913 875 1004 924 καὶ
1033 871 1161 947 παρ’
1213 869 1398 922 ἑαυτοῦ
1438 867 1722 943 δυνάμενον
1754 868 1920 941 ἀπαγ-

310 954 478 1039 γεῖλαι
506 962 627 1039 ύμῖν
681 965 783 1017 ὅσα
833 964 928 1022 τὴν
984 957 1040 1013 ἐκ
1090 965 1184 1013 τοῦ
1213 960 1522 1037 γράμματος
1554 958 1747 1034 ἐκφύγῃ
1799 961 1917 1031 (26)

313 1050 687 1110 διδασκαλίαν.

380 1149 438 1203 2.
475 1143 723 1198 Μάλιστα
776 1137 837 1195 δε
892 1142 1028 1215 ἡμᾶς
1081 1137 1341 1215 ἐπέρρωσε
1400 1141 1528 1215 πρὸς
1579 1142 1673 1199 τὴν
1730 1137 1916 1192 ἐπιθυ-

306 1238 433 1309 μίαν
471 1241 569 1296 τῆς
600 1235 882 1306 συναφείας
914 1231 1059 1304 ὑμῶν
1101 1230 1132 1287 ἡ
1178 1226 1307 1287 ἀκοή
1353 1235 1445 1281 τοῦ
1482 1232 1602 1301 περὶ
1630 1232 1725 1288 τὴν
1756 1227 1916 1303 ὀρθό-

308 1343 445 1382 τητα
500 1320 662 1384 ζήλου
721 1329 812 1381 τῆς
870 1317 1130 1379 εὐσεϐείας
1205 1317 1368 1390 ὐμῶνο
1410 1317 1488 1370 ὅτι
1561 1316 1679 1370 οὒτε
1730 1316 1917 1376 πλήθει

312 1412 686 1485 συνταγμάτων
717 1452 733 1479 ,
799 1412 934 1463 ὀὔτε
1017 1406 1256 1480 ποικιλίᾳ
1328 1406 1690 1480 ξσοφισμείτων
1782 1425 1916 1482 παρ-

312 1500 512 1572 ηνέχθη
563 1498 706 1573 ὐμῶν
744 1501 804 1553 τὸ
834 1497 1048 1574 στερρὸν
1086 1505 1177 1558 τῆς
1215 1493 1465 1571 καρδίας·
1518 1495 1625 1549 ἀλλ’
1666 1494 1916 1569 ἐπέγνωτε

307 1590 401 1661 μὲν
462 1591 587 1651 τοὺς
642 1590 783 1641 κατὰ
834 1595 935 1641 τῶν
1002 1585 1361 1640 ἆποστολικῶν
1417 1582 1696 1660 δογμάτων
1745 1604 1916 1639 καινο-

305 1685 611 1751 τομοῦντας,
682 1685 854 1752 σιωπῇ
911 1673 971 1731 δὲ
1039 1684 1334 1751 κατασχεῖν
1394 1681 1489 1736 τὴν
1551 1675 1914 1752 ἐνεργουμένην

304 1766 433 1841 παρ’
486 1767 656 1820 αὐτῶν
723 1765 929 1841 βλάϐην
986 1766 1046 1820 οὐ
1108 1763 1486 1831 κατεδέξασθε.
1561 1772 1662 1821 Καὶ
1712 1770 1812 1844 γὰρ
1843 1775 1913 1839 τῷ

305 1859 413 1910 ὄντι
441 1855 633 1916 πολλὴν
690 1859 900 1931 εὕρομεν
961 1855 1128 1915 λύπην
1157 1858 1302 1931 παρὰ
1348 1861 1481 1909 πᾶσι
1546 1863 1657 1920 τοῖς
1697 1854 1914 1931 ἀντεχο-

303 1950 478 2019 μένοις
534 1953 627 2007 τῆς
690 1952 782 1999 τοῦ
843 1948 1039 2019 Κυρίου
1102 1945 1311 2018 εἰρήνης
1362 1943 1446 1998 ἐπὶ
1509 1952 1623 2010 ταῖς
1678 1966 1911 2024 νεωτερο-

303 2039 503 2098 ποιίαις
553 2041 666 2096 ταῖς
728 2030 1095 2096 παντοδαπαῖς
1136 2033 1504 2110 Ἀπολιναρίου
1561 2042 1654 2089 τοῦ
1703 2033 1911 2090 Λαοδι-

306 2127 449 2185 κέωςο
499 2125 550 2185 ὃς
586 2126 820 2196 τοσούτῳ
875 2122 1025 2177 πλέον
1075 2121 1327 2182 ἐλύπησεν
1378 2125 1539 2197 ἡμᾶς,
1589 2126 1695 2198 ὅσῳ
1734 2122 1910 2189 ἔδοξεν

308 2212 437 2265 εἶναι
495 2211 550 2276 ἐξ
606 2211 753 2285 ἡμῶν
810 2212 1009 2282 (28)τὸ
1060 2211 1114 2276 ἐξ
1166 2211 1362 2285 ἀρχῆς.
1393 2216 1463 2266 Τό
1501 2216 1591 2286 μεν
1620 2216 1720 2287 γὰρ
1766 2216 1911 2290 παρὰ

305 2307 521 2374 φανεροῦ
597 2300 846 2373 πολεμίου
922 2302 1105 2353 παθεῖν
1194 2321 1269 2365 τι,
1322 2300 1417 2353 κᾶν
1477 2302 1768 2377 ὑπερϐάλλῃ
1837 2311 1910 2376 τῷ

1952 1866 1991 1921 Β

302 2389 540 2462 ἀλγεινῶ,
576 2395 799 2466 φορητόν
847 2395 955 2453 πώς
1009 2389 1123 2443 ἐστι
1169 2398 1242 2463 τῷ
1291 2396 1741 2466 καταπονουμένῳ,
1774 2397 1908 2448 καθ-

301 2484 370 2542 ὼς
441 2483 784 2555 γέγραπται,
873 2481 953 2533 ὅτι
1018 2480 1081 2534 Εἰ
1159 2482 1185 2533 ὁ
1260 2479 1456 2555 ἐχθρὸς
1547 2479 1784 2536 ὠνείδισέ
1846 2503 1909 2556 με

299 2569 574 2642 ὑπήνεγκα
636 2570 698 2622 ἄν
733 2584 746 2599 ⁸

304 2659 507 2733 βλάϐης
540 2662 679 2722 τινὸς
734 2661 1070 2735 πειραθῆναι,
1108 2667 1261 2714 τοῦτο
1309 2657 1575 2737 δύσφορον
1628 2662 1907 2731 παντελῶς,

300 2753 391 2801 καὶ
429 2745 681 2821 οὐδεμίαν
713 2750 836 2821 ἔχον
884 2751 1244 2824 παραμυθίαν,
1289 2749 1381 2803 Ὃν
1424 2753 1524 2828 γὰρ
1584 2748 1906 2827 προσεδοκὴ-

304 2856 467 2910 σαμεν
519 2842 884 2896 συνασπιστὴν
939 2838 1068 2902 ἕξειν
1118 2839 1232 2909 (28)
1263 2848 1359 2903 τῆς
1412 2838 1677 2908 ἀληθείας,
1727 2848 1909 2894 τοῦτον

301 2926 513 3001 εὕρομεν
538 2932 625 2978 νῦν
656 2925 705 2979 ἐν
753 2924 961 2989 πολλοῖς
1005 2925 1360 3000 ἐμποδίζοντα
1410 2936 1515 2990 τοῖς
1573 2930 1908 3011 σωζομένοις⁷

304 3017 476 3070 ἑκτοῦ
527 3015 807 3091 περιέλκειν
845 3015 1016 3069 αὐτῶν
1064 3019 1152 3069 τὸν
1218 3024 1338 3071 νοῦν
1388 3022 1479 3072 καὶ
1536 3016 1910 3090 ἁποσπᾷνοτῆς

297 3105 579 3168 εὐθύτητος
639 3112 740 3158 τῶν
811 3101 1105 3179 δογμάτων.
1170 3111 1233 3160 Τί
1280 3109 1383 3181 γὰρ
1450 3107 1499 3161 ἐν
1556 3110 1723 3183 ἔργοις
1782 3110 1909 3183 παρ’

295 3194 459 3247 αὐτοῦ
505 3192 767 3270 τολμηρὸν
823 3198 913 3248 καὶ
944 3196 1130 3268 θερμὸν
1182 3196 1277 3248 οὐκ
1330 3196 1575 3271 ἐπράχθη
1611 3215 1625 3266 ;
1676 3201 1742 3251 Τί
1772 3194 1831 3251 δὲ
1863 3197 1912 3251 ἓν
1940 3215 1981 3271 C

295 3283 474 3356 λόγοις
520 3283 580 3336 οὐ
631 3286 1000 3360 παρεπενοήθη
1060 3289 1297 3360 νεώτερον
1353 3290 1444 3339 καὶ
1501 3284 1912 3340 ἐπικεκινδυνευ-

296 3376 483 3445 μένον;
514 3371 589 3425 Οὐ
646 3378 796 3426 πᾶσα
852 3376 943 3446 μεν
991 3372 1280 3433 Ἐκκλησία
1305 3374 1362 3448 ἐφ
1390 3374 1577 3434 ἑαυτὴν
1634 3375 1907 3450 ἐμερίσθη,

297 3461 534 3535 μάλιστα
573 3457 632 3514 δί
674 3469 791 3526 ταῖς
848 3462 951 3515 ὐπό
1003 3471 1103 3516 τῶν
1149 3463 1261 3536 (29)
1304 3460 1599 3539 ὄρθοδόξων
1654 3464 1910 3540 κυϐερνω-

297 3554 475 3624 μέναις
527 3549 944 3625 ἐπιπεμφθέντων
983 3552 1107 3626 παρ’
1161 3552 1320 3606 αὐτοῦ
1374 3556 1502 3626 πρὸς
1574 3557 1634 3606 τὸ
1688 3558 1907 3626 σχίσαι,

297 3644 392 3693 καὶ
448 3637 594 3693 ἰδίαν
668 3642 784 3694 τινὰ
838 3646 1297 3715 παρασυναγωγὴν
1379 3639 1700 3711 ἐκδικῆσαι;
1763 3642 1910 3715 Οὐχὶ

301 3728 516 3802 γελᾶται
568 3732 629 3783 τὸ
684 3734 823 3802 μέγα
868 3739 963 3793 τῆς
1017 3729 1276 3792 εὐσεϐείας
1325 3737 1642 3805 μυστήριον,
1676 3734 1742 3794 ὡς
1788 3733 1907 3785 ἄνευ

300 3818 430 3871 λαοῦ
476 3823 566 3872 καὶ
604 3818 802 3895 κλήρου
831 3817 1131 3873 ἐπισκόπων
1178 3825 1617 3896 περιερχομένων,
1664 3826 1752 3875 καὶ
1790 3825 1907 3874 ὅνο-

300 3927 379 3980 μα
429 3907 581 3979 ψιλὸν
618 3912 1012 3983 περιφερὸντων,
1072 3905 1223 3962 οὐδὲν
1281 3906 1340 3963 δε
1391 3912 1783 3985 κατορθούντων
1842 3910 1908 3971 εἰς

807 2573 865 2622 τὸ
920 2565 979 2622 δε
1030 2569 1155 2644 παρ’
1215 2569 1497 2643 ὁμοψύχου
1554 2576 1644 2626 καὶ
1718 2571 1907 2626 οἰκείου

296 4004 569 4072 προκοπήν
620 4007 713 4052 τοῦ
770 3998 1093 4072 Εὐαγγελίου
1165 4008 1261 4062 τῆς
1317 4000 1526 4073 εἰρήνης
1586 4006 1677 4054 καὶ
1737 4021 1906 4060 σωτη-

294 4093 417 4164 ρίας
438 4089 589 4160 (30);
622 4088 768 4160 Οὐχὶ
803 4090 853 4142 οἱ
881 4092 999 4162 περὶ
1038 4094 1131 4142 τοῦ
1185 4096 1319 4143 Θεοῦ
1361 4088 1507 4162 λόγοι
1548 4089 1758 4165 πλήρεις
1781 4091 1906 4167 παρ’

296 4178 442 4246 αὐτῷ
474 4177 604 4231 εἰσιν
652 4175 851 4231 ἀσεϐῶν
894 4173 1193 4251 δογμάτων,
1225 4187 1322 4240 τῆς
1379 4178 1607 4241 παλαιᾶς
1666 4178 1909 4242 ἀσεϐείας

294 4275 389 4323 τοῦ
427 4271 808 4341 ματαιόφρονος
865 4266 1137 4320 Σαϐελλίου
1192 4265 1266 4321 δι’
1325 4268 1486 4322 αὐτοῦ
1540 4276 1627 4322 νῦν
1695 4268 1909 4323 ἀνανεω-

300 4360 484 4420 θείσης
522 4355 570 4409 ἒν
600 4363 712 4419 τοῖς
769 4359 1167 4430 συντάγμασιη
1213 4357 1272 4410 Εἰ
1316 4360 1417 4434 γὰρ
1458 4359 1494 4410 ἂ
1540 4363 1909 4433 περιφέρουσιν

298 4446 353 4499 οἱ
407 4443 741 4517 Σεϐαστηνοὶ,
769 4449 840 4519 μὴ
895 4444 1303 4518 συμπέπλασται
1349 4447 1474 4521 παρ’
1522 4444 1749 4521 ἐχθρῶν,
1784 4447 1912 4501 ἀλλὰ

300 4532 422 4587 κατ’
482 4533 722 4594 ἀλήθειαν
771 4533 928 4588 αὐτοῦ
995 4534 1099 4587 εἰσι
1152 4539 1480 4611 συγγραφαὶ,
1535 4532 1786 4609 οὐδεμίαν
1840 4536 1910 4600 εἰς
1942 4567 1988 4622 D

303 4620 544 4677 ἀσέϐειαν
594 4623 882 4698 ὑπερϐολὴν
945 4622 1300 4697 καταλέλοιπε,
1350 4628 1438 4678 τὸν
1495 4623 1652 4677 αὐτὸν
1708 4630 1914 4701 Πατέρα

300 4711 464 4786 λέγων
524 4716 613 4767 καὶ
673 4715 793 4767 Υἰόν
859 4716 949 4766 καὶ
1008 4719 1220 4787 Πνεῦμα
1275 4712 1407 4786 (31),
1472 4717 1563 4767 καὶ
1600 4712 1733 4767 ἄλλα
1795 4716 1914 4768 τινὰ

377 4855 425 4892 ³⁸
465 4855 623 4914 Psal.
647 4871 763 4927 1.1V,
803 4860 889 4914 i3.

376 5000 488 5073 (26)
545 4998 1090 5073 Ἀπριθίγεῖλαιμτθμμῖνν
1143 5001 1313 5073 ὅσαοη
1370 5000 1588 5073 ἐκφύγῃ·
1642 5000 1751 5073 δία,
1792 5003 1912 5056 tres

303 5071 489 5128 iidem
525 5068 785 5127 codices.
820 5068 1308 5143 Εάίῑῖἀναγγεῖλαι
1337 5068 1459 5143 υμῖν
1489 5068 1685 5127 ὅσον...
1721 5068 1914 5125 διαπέ-

306 5162 485 5216 φευγε,
514 5144 748 5216 Legitur
770 5144 878 5216 ῥσα
902 5143 962 5198 in
990 5129 1260 5216 secunda
1285 5129 1544 5216 editione
1574 5143 1912 5216 lfarisiensi.

380 5211 495 5286 (27)
547 5214 699 5269 Εἶναι
757 5213 810 5277 ἐξ
847 5215 1017 5286 ἡμῶν.
1078 5213 1233 5270 Harl.
1285 5221 1341 5270 et
1370 5215 1517 5271 Med.
1560 5211 1690 5267 sim
1743 5216 1910 5286 ἡμῶν.

305 5285 536 5341 Ibidem
592 5293 710 5344 tres
763 5284 1156 5341 vetustissimi
1215 5286 1452 5342 codices
1487 5294 1736 5338 τοσοῦτον
1764 5284 1914 5338 τελέην

306 5356 578 5423 aenum,
613 5361 756 5411 ὅσον.
786 5358 895 5413 Sed
922 5373 1016 5412 res
1043 5357 1189 5413 tanti
1217 5372 1341 5412 non
1381 5356 1638 5425 videtur,
1668 5363 1731 5412 ut
1775 5372 1915 5412 con-

307 5432 537 5484 textum
571 5434 897 5486 mutemus.

548 5498 741 5562 Ἐξειν.
782 5498 983 5572 Ορὶδίη
1026 5499 1259 5572 primus
1317 5501 1508 5572 515w._
1542 5498 1774 5572 Ibidem
1798 5506 1913 5572 Δνῦν

313 5566 662 5651 addidimus
704 5587 778 5651 ex
831 5566 1534 5651 Cpisl.'_utroque"Ilarl.
1579 5575 1636 5625 et
1673 5568 1915 5651 duobus

312 5639 535 5764 gegiis.
574 5641 761 5700 Paulo
786 5647 923 5700 ante
953 5641 1133 5700 Coisl.
1161 5639 1397 5713 primus
1428 5640 1523 5693 κᾶν
1563 5639 1826 5714 υπερϐάλῃ
1854 5644 1913 5692 τὸ

377 5729 560 5764 νεινον.

377 5729 560 5784 γεινον.

2029 618 2328 673 geremus.
2363 606 2743 679 Quapropter
2771 606 3050 662 misimus
3095 606 3274 664 etiam
3301 606 3682 664 desideratis-

2029 693 2250 751 simum
2308 695 2497 751 ﬁlium
2536 700 2811 756 nostrum
2856 696 3153 771 Elpidium
3210 695 3678 768 condiaconum,

2026 783 2129 856 qui
2157 782 2474 858 epistolam
2505 783 2809 858 perferret,
2835 789 2889 842 et
2919 802 3027 859 per
3065 802 3127 842 se
3148 785 3282 858 ipse
3310 788 3504 858 potest
3529 800 3682 840 nun-

2026 872 2174 929 tiare
2205 873 2403 945 vobis,
2442 890 2845 949 quacunque;
2876 875 3209 933 litterarum
3229 874 3549 948 effugerint
3576 873 3681 931 do-

2027 966 2333 1020 cumenta.

2094 1144 2149 1197 2.
2188 1140 2339 1201 Illud
2363 1145 2566 1200 autem
2592 1143 2973 1216 melmaxime
2997 1142 3338 1218 impulit,’ut
3358 1142 3681 1201 vobiscum

2026 1232 2316 1303 conjungi
2344 1248 2651 1305 cuperem,
2676 1233 2844 1308 quod
2879 1238 3144 1291 vestrum
3185 1238 3359 1290 rectas
3388 1233 3678 1290 doctrinas

2025 1322 2292 1380 studium
2319 1324 2398 1379 ad
2419 1339 2588 1381 meas
2621 1340 2794 1381 aures
2814 1325 3121 1398 pervenit:
3148 1325 3376 1398 quippe
3402 1340 3543 1381 cum
3567 1338 3679 1380 nec

2023 1411 2315 1470 librorum
2338 1412 2741 1481 multitudine,
2775 1429 2886 1470 nec
2913 1414 3360 1486 sophismatum
3390 1413 3680 1471 varietate

2024 1506 2227 1559 emota
2256 1503 2331 1561 sit
2369 1503 2570 1561 cordis
2599 1503 2779 1559 \estri
2802 1501 3056 1559 ﬁrmitas
3085 1502 3193 1559 sed
3221 1518 3324 1559 eos
3363 1503 3680 1573 agnoveri-

2023 1591 2121 1663 tis,
2151 1592 2253 1666 qui
2287 1596 2497 1650 contra
2543 1591 2836 1663 dogmata
2863 1590 3201 1665 apostolica
3235 1592 3565 1648 novitatem
3592 1591 3680 1647 in-

2023 1680 2278 1751 ducunt,
2300 1695 2415 1737 nec
2445 1680 2679 1739 silentio
2704 1681 3011 1737 continere
3040 1680 3336 1737 damnum
3365 1679 3444 1736 ab
3471 1679 3587 1736 illis
3609 1679 3680 1735 il-

2020 1768 2212 1826 latum
2235 1770 2576 1843 potueritis.
2600 1772 2749 1826 Nam
2784 1784 2991 1826 revera
3020 1784 3316 1840 magnum
3343 1768 3680 1842 reperimus

2020 1859 2292 1916 dolorem
2331 1859 2393 1916 in
2423 1860 2709 1917 omnibus
2738 1858 2977 1916 Domini
3000 1875 3074 1933 pa
3087 1874 3217 1915 cem
3246 1857 3413 1915 cordi
3451 1857 3679 1915 haben-

2020 1947 2203 2017 tibus,
2234 1964 2304 2004 ex
2335 1948 2678 2020 omnigenis
2705 1947 3033 2020 Apolinarii
3065 1946 3380 2004 Laodiceni
3406 1946 3682 2005 novitati-

2018 2036 2134 2093 bus
2167 2055 2179 2093 :
2213 2037 2318 2111 qui
2358 2053 2429 2094 eo
2458 2037 2655 2108 magis
2681 2052 2795 2093 nos
2828 2036 3056 2104 aﬂlixit,
3087 2035 3255 2108 quod
3294 2051 3367 2091 ex
3396 2035 3574 2091 nobis
3598 2035 3678 2092 ab

2018 2126 2188 2183 initio
2211 2142 2341 2184 esse
2373 2126 2709 2183 videbatur.
2732 2125 2972 2198 Aliquid
2998 2125 3159 2181 enim
3190 2124 3270 2181 ab
3289 2124 3463 2181 hoste
3487 2125 3679 2181 mani-

2020 2215 2173 2272 festo
2212 2216 2359 2289 pati,
2408 2216 2650 2272 etiamsi
2697 2215 2760 2272 id
2800 2216 2874 2272 sit
2899 2214 3418 2281 molestissimum,
3450 2230 3545 2270 res
3589 2217 3681 2271 est

2018 2309 2220 2362 tamen
2241 2305 2703 2378 quodammodo
2723 2304 3052 2363 tolerabilis
3077 2303 3344 2376 patienti,
3366 2302 3521 2359 sicut
3538 2302 3678 2358 scri-

2016 2398 2189 2468 ptum
2218 2398 2310 2451 est
2338 2411 2351 2450 :
2383 2396 2452 2451 Si
2477 2396 2756 2451 inimicus
2773 2394 3013 2464 probris
3041 2408 3133 2449 me
3152 2393 3476 2471 .a/Teczsset,
3502 2395 3678 2449 susti-

2016 2485 2277 2542 nuissem
2298 2485 2504 2555 utique
2534 2485 2606 2549 85.
2641 2484 2755 2540 Sed
2801 2483 2882 2540 ab
2927 2481 3200 2538 unanimi
3235 2484 3293 2536 et
3337 2481 3680 2539 necessario

2017 2572 2248 2646 aliquid
2274 2575 2550 2646 accipere
2596 2572 2960 2641 detrimenti,
2993 2571 3056 2627 id
3094 2570 3347 2627 omnino
3382 2569 3461 2626 ad
3490 2569 3679 2626 feren-

2017 2662 2165 2719 dum
2215 2661 2482 2732 difﬁcile,
2508 2677 2620 2718 nec
2666 2659 2855 2718 ullam
2899 2660 3135 2718 habens
3182 2659 3678 2717 consolationem.

2019 2751 2209 2816 Quem
2249 2751 2411 2807 enim
2443 2755 2980 2823 expectaveramus
3015 2750 3246 2807 socium
3278 2747 3456 2804 nobis
3493 2748 3555 2804 in
3580 2748 3681 2804 de-

2018 2838 2293 2896 fensione
2315 2839 2585 2896 veritatis
2626 2840 2914 2906 futurum,
2953 2854 3094 2895 eum
3120 2853 3284 2894 nunc
3335 2837 3681 2893 invenimus

2017 2928 2081 2985 in
2110 2928 2314 2985 multis
2351 2929 2695 2985 obstantem
2739 2926 2835 2983 his
2861 2927 2968 3000 qui
2994 2926 3322 2989 salvantur,
3354 2925 3502 2982 dum
3553 2924 3683 2981 illo-

2018 3033 2157 3075 rum
2191 3017 2440 3075 abducit
2467 3022 2759 3084 mentem,
2795 3022 2853 3073 et
2880 3015 3077 3072 avellit
3103 3032 3139 3073 a
3167 3015 3345 3073 rectis
3382 3015 3683 3087 dogmati-

2019 3106 2158 3164 bus.
2213 3107 2369 3174 Quid
2407 3107 2569 3164 enim
2599 3107 2661 3164 in
2700 3105 3041 3163 actionibus
3081 3104 3159 3161 ab
3189 3120 3261 3160 eo
3299 3119 3425 3160 non
3468 3104 3681 3159 callide

2021 3198 2078 3253 et
2096 3194 2386 3252 audacter
2405 3198 2819 3269 perpetratum
2840 3194 2869 3249 ?
2892 3192 3047 3260 Quid
3070 3192 3133 3248 in
3153 3191 3534 3248 sermonibus
3556 3206 3679 3248 non

2015 3285 2359 3357 juveniliter
2387 3291 2445 3342 et
2484 3284 2822 3358 periculose
2875 3282 3272 3354 excogitatum
3292 3281 3320 3338 ?
3350 3284 3557 3338 Nonne
3579 3282 3680 3336 Ερ-

2020 3374 2202 3431 clesia
2230 3375 2429 3432 omnis
2458 3374 2612 3432 inter
2641 3389 2705 3430 se
2734 3372 2931 3431 divisa
2954 3377 3066 3439 est,
3097 3370 3433 3444 praesertim
3456 3385 3528 3425 ex
3557 3384 3678 3442 quo

2017 3463 2080 3520 in
2107 3463 2475 3535 gubernatas
2503 3463 2582 3520 ab
2612 3461 2964 3520 orthodoxis
2989 3461 3282 3517 Ecclesias
3312 3457 3680 3531 immisitqui

2020 3554 2320 3621 scindant,
2372 3559 2430 3612 et
2480 3554 2824 3624 illegitimos
2870 3556 3204 3608 conventus
3252 3549 3528 3624 proprios
3568 3548 3682 3604 sibi

2016 3644 2368 3701 vindicent?
2389 3647 2597 3700 Nonne
2626 3643 2855 3699 ridetur
2876 3656 3172 3712 magnum
3188 3639 3425 3713 pietatis
3448 3641 3681 3709 myste-

2018 3733 2196 3803 rium,
2228 3733 2528 3807 episcopis
2559 3732 2686 3789 sine
2711 3730 2941 3805 populo
2972 3746 3042 3787 ac
3073 3729 3232 3786 clero
3278 3725 3681 3784 obambulan-

2020 3822 2203 3892 tibus,
2260 3838 2332 3879 ac
2382 3837 2608 3878 nomen
2656 3821 2893 3877 nudum
2949 3816 3527 3883 circumferentibus,
3567 3829 3680 3871 nec

2017 3911 2356 3983 quidquam
2383 3908 2962 3983 adfpromovendum
2985 3907 3154 3980 pacis
3175 3911 3233 3964 et
3250 3904 3461 3962 salutis
3484 3907 3680 3960 Evan-

2017 4000 2242 4071 gelium
2286 3999 2698 4057 facientibus?
2742 4002 2953 4055 Nonne
2992 3997 3149 4052 illius
3179 3996 3255 4053 de
3299 3998 3418 4052 Deo
3449 4009 3679 4050 sermo-

2015 4105 2123 4146 nes
2152 4089 2315 4162 pleni
2338 4093 2481 4146 sunt
2508 4088 2709 4161 impiis
2739 4086 3154 4159 dogmatibus,
3192 4085 3442 4158 antiqua
3469 4083 3681 4140 insulsi

2020 4179 2256 4236 Sabellii
2281 4179 2590 4251 impietate
2609 4193 2774 4235 nunc
2800 4176 2879 4233 ab
2909 4192 2980 4233 eo
3005 4176 3066 4232 in
3094 4175 3327 4248 scriptis
3357 4173 3681 4231 renovata?

2019 4272 2169 4327 Nam
2220 4268 2272 4325 si
2328 4285 2465 4341 quae
2513 4266 2946 4324 circumferunt
2994 4264 3324 4334 Sebasteni,
3369 4263 3512 4320 ﬁcta
3555 4277 3680 4318 non

2019 4363 2160 4416 sunt
2185 4358 2263 4416 ab
2319 4357 2600 4425 inimicis,
2634 4356 2743 4413 sed
2799 4370 2940 4411 vere
2992 4354 3184 4427 ipsius
3243 4352 3467 4425 scripta
3517 4356 3678 4420 sunt,

2018 4448 2255 4505 nullum
2312 4446 2639 4519 impietatis
2715 4443 3078 4516 superandus
3152 4442 3356 4497 locum
3419 4438 3679 4511 reliquit,

2020 4536 2307 4595 eumdem
2339 4536 2546 4591 dicens
2589 4534 2823 4590 Patrem
2858 4537 2916 4589 et
2958 4531 3168 4607 Filium
3197 4534 3255 4585 et
3285 4528 3591 4602 Spiritum,
3626 4531 3683 4584 et

2022 4625 2169 4683 alias
2199 4624 2508 4696 quasdam
2538 4622 2947 4679 tenebricosas
2976 4619 3339 4692 impietates,
3371 4632 3526 4689 quas
3568 4631 3682 4672 nos

2020 4729 2099 4773 ne
2120 4713 2372 4772 auribus
2394 4712 2643 4787 quidem
2666 4709 3038 4779 admisimus,
3070 4707 3297 4781 quippe
3323 4721 3460 4763 cum
3481 4720 3681 4780 prece-

2097 4999 2208 5067 (29)
2237 4998 2360 5052 ’Υπὸ
2388 5005 2509 5050 τῶν.
2543 5000 2630 5053 Ita
2652 4999 2769 5067 tres
2815 4993 3212 5067 vetustissimi
3242 4992 3498 5049 codices.
3532 4991 3683 5050 Editi

2022 5072 2166 5146 παρά
2193 5065 2324 5123 τῶν.
2359 5069 2585 5146 Ibidem
2615 5066 2786 5146 Cois].
2812 5066 3046 5146 primus
3184 5065 3390 5146 ἑαυςῆςε

2096 5136 2188 5211 (3O
2229 5146 2330 5194 Καὶ
2362 5144 2643 5211 σωτηρίας.
2703 5136 2833 5193 ΙΙωό
2864 5136 3202 5211 Αόεειωιςίῐι
3250 5136 3412 5211 Harl.
3447 5140 3503 5191 et
3531 5136 3678 5192 Med.

2024 5190 2249 5271 ln‘aliis
2277 5190 2586 5267 nonnullis
2611 5190 2836 5282 desunt
2855 5190 2995 5282 lucc
3026 5190 3209 5282 verba
3236 5190 3573 5282 εερῆφῆςξαὶζ

2096 5286 2212 5353 (31)
2278 5287 2378 5336 Καὶ
2432 5280 2868 5354 ΙΙνεῦμα.μΕ(1ίίἰ
2912 5279 3159 5354 addunt
3215 5279 3305 5333 καὶ
3360 5280 3514 5354 ποξλιν
3564 5279 3682 5329 Υἱόν

2023 5349 2113 5408 καί
2138 5358 2364 5428 Πατέρα,
2400 5369 2537 5428 (μειβ
2563 5349 2774 5428 melius
2805 5350 3005 5428 multo
3034 5350 3258 5428 absunt
3282 5368 3341 5428 a_
3365 5349 3558 5428 tribus
3586 5364 3684 5401 ve-

2024 5420 2375 5485 tustissimis
2404 5420 2719 5480 codicibus
2750 5428 2806 5478 et
2848 5424 3027 5488 Bigot.
3067 5421 3293 5477 Ibidem
3326 5420 3584 5485 legimus
3611 5433 3684 5472 ex

2024 5497 2231 5554 codice
2275 5500 2589 5552 Harlinano
2634 5498 2872 5547 σκοτεινά
2911 5493 3237 5565 ἀσεϐήματα.
3276 5490 3424 5545 Illud
3480 5491 3683 5565 autem

2023 5573 2141 5621 τινὰ
2178 5568 2673 5640 deprompsimus
2700 5582 2771 5621 ex
2802 5566 3017 5640 eodem
3064 5557 3271 5640 codice
3302 5566 3473 5640 athe};
3496 5557 3679 5640 ‘Coisl.

2023 5629 2337 5712 primofin
2386 5629 2509 5712 quo
2547 5637 2764 5712 legitur
2791 5642 2881 5689 καὶ
2929 5635 3059 5712 afuat
3100 5635 3219 5712 Ξενάε
3250 5629 3409 5712 ᾁσεϐῆ
3445 5630 3679 5712 ῥήματα,

2023 5698 2079 5770 et
2105 5698 2541 5781 alia'qua’clam
2587 5698 2776 5778 ῧηρία
2834 5707 3039 5765 verba.
3097 5703 3405 5775 Scriptura
3445 5698 3685 5756 "codicis
