4146 6374
518 325 621 387 987

1892 319 1950 376 S.
1989 315 2241 388 BASlLlI
2286 314 2514 375 MAGNl

3791 320 3909 375 988

510 461 649 504 mur
676 447 743 504 ut
759 446 990 503 nullam
1011 449 1247 520 partem
1276 461 1416 503 cum
1460 447 1532 502 iis
1563 445 1669 519 qui
1714 445 1801 500 sic
1838 443 2171 518 loquuntur

2293 444 2533 496 σκοτεινὰ
2582 442 2914 516 ἀσεϐήματα,
2944 441 2978 495 ἃ
3028 443 3175 516 ἡμεῖς
3203 441 3327 498 οὐδὲ
3375 448 3485 506 ταῖς
3524 444 3709 508 ἀκοαῖς
3745 445 3915 518 ἠμῶὐ

510 536 872 592 habeamus.
916 539 1124 592 Nonne
1153 536 1492 592 doctrinam
1545 533 1858 590 confundit
1890 539 2172 588 incarna-

521 625 740 682 tionis?
769 641 970 690 nonne
1003 625 1189 681 dubia
1208 625 1410 680 multis
1439 624 1597 680 facta
1618 629 1709 680 est
1738 623 2041 680 salutifera
2064 625 2175 678 Do—

519 715 671 772 mini
699 715 887 771 nostri
917 713 1284 788 dispensatio
1315 731 1388 770 ex
1426 713 1731 769 lutulentis
1761 718 1818 770 et
1847 711 2179 769 tenebrico-

524 804 605 860 sis
637 803 796 860 illius
821 803 896 859 de
926 803 1340 860 Incarnatione
1373 803 1802 876 quaestionibus
1821 803 1850 858 ?
1877 803 2020 868 Quae.
2051 816 2178 857 om-

524 893 631 949 nia
654 897 718 949 ut
743 892 1099 962 colligantur
1127 897 1185 948 et
1230 891 1526 962 arguendi
1558 891 1736 964 410
1769 907 1956 948 causa
1990 906 2180 962 expo-

524 985 765 1053 nantur,
798 982 979 1052 longo
1025 988 1292 1054 tempore
1319 986 1377 1038 et
1409 997 1687 1037 sermone
1716 997 1872 1054 opus
1901 984 2012 1036 est.
2047 983 2180 1035 Pro-

523 1071 885 1126 missionum
916 1075 1118 1127 autem
1157 1070 1494 1128 doctrinam
1532 1071 1672 1142 quis
1712 1071 1796 1126 sic
1843 1069 2182 1126 obliteravit

523 1174 594 1216 ac
641 1158 877 1227 delevit,
910 1164 977 1216 ut
1021 1159 1178 1216 illius
1217 1159 1511 1216 fabulosae
1541 1159 1761 1230 nugae?
1791 1159 1901 1226 Qui
1929 1160 2177 1234 quidem

518 1248 762 1305 beatam
843 1265 1014 1322 spem
1093 1249 1426 1322 repositam
1484 1249 1600 1319 his,
1666 1250 1772 1323 qui
1841 1251 2177 1307 secundum

521 1338 732 1396 Christi
764 1338 1153 1408 Evangelium
1181 1339 1452 1406 vixerint,
1477 1339 1557 1395 ita
1587 1339 1814 1395 exiliter
1835 1345 1890 1396 et
1919 1339 2179 1396 demisse

521 1443 710 1484 ausus
740 1433 828 1484 est
857 1429 1253 1502 interpretari,
1291 1434 1351 1486 ut
1393 1429 1472 1486 ad
1502 1428 1742 1486 fabulas
1789 1430 1976 1487 aniles
2002 1436 2059 1487 et
2084 1433 2179 1487 Ju-

519 1517 697 1573 daica
722 1523 1069 1574 commenta
1116 1518 1411 1575 deﬂectat.
1443 1521 1648 1574 Denuo
1678 1519 1990 1592 pollicetur
2036 1525 2180 1577 tem-

518 1605 602 1679 pli
627 1606 1126 1663 instaurationem
1144 1611 1200 1663 et
1220 1607 1412 1664 cultus
1435 1607 1643 1680 legalis
1668 1609 2175 1682 observationem,

517 1694 870 1768 pontificem
903 1697 1174 1768 typicum
1215 1702 1352 1770 post
1391 1713 1603 1754 verum
1637 1698 1983 1770 pontificem
2014 1699 2179 1764 victi-

2289 528 2679 605 κατεδεξάμεθα
2762 529 3167 606 παραδέξασθαι
3222 536 3357 605 (32),
3399 535 3674 608 εὐχόμενοι
3725 531 3914 608 μηδε-

2290 627 2413 696 μίαν
2469 619 2665 695 μερίδα
2729 623 2872 694 ἔχειν
2944 627 3076 698 πρὸς
3141 628 3258 686 τοὺς
3324 624 3491 677 ἐκεῖνα
3554 627 3621 676 τὰ
3679 625 3916 700 ῥήματα

2289 709 2688 783 φθεγξαμένους.
2752 710 2898 783 Οὐχὶ
2972 716 3301 786 συγκέχυται
3354 713 3478 788 παρ’
3539 713 3682 786 αὐτῷ
3733 716 3759 766 ό
3799 722 3912 776 τῆς

2289 800 2726 874 ἐνανθρωπήσεως
2789 800 2977 874 λόγοςς
3035 802 3131 855 οὐκ
3194 803 3478 877 ἀμφίϐολος
3549 808 3732 876 γέγονε
3787 811 3910 866 τοῖς

2287 888 2496 950 πολλοῖς
2525 891 2554 948 ἠ
2620 894 2879 966 σωτήριος
2929 899 3020 943 τοῦ
3071 897 3266 968 Κυρίου
3319 894 3464 967 ἡμῶν
3516 893 3793 966 οἰκονομία
3840 893 3911 946 ἐκ

2286 986 2386 1031 τῶν
2447 978 2660 1054 θολερῶν
2714 979 2874 1032 αὐτοῦ
2929 986 3018 1034 καὶ
3076 991 3349 1035 σκοτεινῶν
3412 987 3531 1058 περὶ
3582 987 3908 1057 σαρκώσεως

2291 1067 2655 1142 ζητημάτων;
2696 1069 2761 1123 Ἃ
2804 1072 2974 1124 πάντα
3029 1079 3343 1145 συναγαγεῖν
3407 1077 3497 1125 καὶ
3552 1072 3627 1136 εἰς
3676 1073 3907 1146 ἔλεγχον

2289 1166 2626 1217 καταστῆσαι
2682 1167 2887 1234 μακροῦ
2941 1164 3032 1213 καὶ
3097 1165 3294 1234 χρόνου
3350 1166 3440 1214 καὶ
3504 1162 3660 1235 λόγου
3699 1158 3897 1219 δεῖται.

2287 1249 2385 1299 Τόν
2418 1243 2477 1300 δὲ
2506 1256 2605 1300 τῶν
2659 1247 2973 1320 ἐπαγγελιῶν
3024 1253 3181 1302 τόπον
3210 1255 3290 1312 τίς
3321 1251 3482 1314 οὕτως
3527 1252 3755 1324 ἠφάνισε
3783 1255 3888 1324 (33)

2288 1339 2378 1387 καὶ
2436 1334 2767 1412 ἠμαύρωσεν,
2807 1340 2871 1398 ὡς
2920 1338 2950 1397 ἡ
2988 1341 3174 1392 τούτου
3231 1341 3548 1412 μυθοποιίας
3579 1339 3677 1404 ’ος
3714 1360 3773 1413 γε
3804 1346 3896 1400 τὴν

2287 1429 2550 1498 μακαρίαν
2618 1421 2828 1492 ἐλπίδα,
2878 1431 2972 1486 τὴν
3027 1425 3369 1500 ἀποκειμένην
3426 1437 3533 1490 τοῖς
3584 1429 3907 1482 πολιτευσα-

2288 1517 2461 1587 μένοις
2514 1515 2627 1584 (34)
2683 1516 2821 1566 κατὰ
2857 1517 2914 1568 τὸ
2977 1515 3288 1590 Εύαγγέλιον
3326 1525 3417 1571 τοῦ
3466 1525 3728 1591 Χριστοῦ,
3760 1521 3908 1571 οὕτω

2288 1611 2538 1664 ταπεινῶς
2620 1607 2710 1656 καὶ
2794 1605 3109 1680 ὲρῥιμμένως
3164 1604 3444 1681 ἐτόλμησεν
3501 1606 3906 1681 ἐξηγήσασθαι,

2289 1690 2424 1742 ὥστε
2476 1690 2550 1753 εἰς
2577 1687 2839 1766 γραώδεις
2891 1695 3004 1764 (35)
3052 1696 3252 1768 μύθους
3297 1701 3386 1749 καὶ
3423 1695 3611 1769 λόγους
3658 1693 3908 1750 Ἰουδαῖ-

520 1800 654 1840 mas
683 1801 793 1858 pro
823 1785 1085 1856 peccatis
1124 1791 1265 1858 post
1293 1790 1533 1858 Agnum
1568 1787 1667 1844 Dei
1715 1789 1820 1862 qui
1859 1793 2171 1861 peccatum

2289 1783 2408 1840 κούς
2439 1779 2780 1854 ἐκτραπῆναιο
2820 1780 3044 1856 ”Ανωθεν
3085 1783 3454 1857 ἐπαγγέλλεται
3481 1787 3596 1857 (36)
3623 1794 3716 1840 τοῦ
3766 1793 3904 1839 ναοῦ

519 1874 733 1930 mundi
761 1874 993 1945 tollit”,
1019 1874 1392 1948 baptismata
1408 1877 1575 1933 varia
1597 1882 1734 1950 post
1759 1878 2002 1934 unicum
2030 1877 2178 1952 bap-

519 1963 717 2030 tisma,
751 1968 803 2020 et
829 1964 1104 2034 juvencae
1152 1966 1401 2031 cineres,
1433 1967 1655 2038 quibus
1687 1973 2043 2042 aspergatur
2074 1971 2179 2024 Ec-

519 2053 722 2121 clesia,
754 2070 890 2127 quae
921 2053 1000 2110 ob
1030 2054 1214 2112 ﬁdem
1254 2056 1317 2112 in
1363 2057 1660 2114 Christum
1689 2073 1812 2114 non
1837 2058 2024 2114 habet
2051 2074 2179 2114 ma-

515 2142 716 2198 culam
748 2159 860 2199 nec
885 2159 1103 2212 rugam
1133 2161 1244 2202 nec
1294 2147 1633 2220 quidquam
1665 2146 1965 2217 ejusmodi
1988 2147 2031 2181 ³⁷
2057 2164 2069 2202 :
2093 2146 2177 2210 le-

516 2247 640 2303 pra;
690 2233 1193 2304 expurgationem
1249 2240 1384 2307 post
1439 2235 1890 2307 resurrectionis
1951 2240 2178 2293 statum

512 2321 926 2392 perpessionis
953 2327 1281 2393 expertem,
1313 2323 1614 2396 zelotypizn
1644 2323 2032 2396 oblationem,
2073 2326 2176 2384 ubi

515 2423 714 2480 neque
744 2409 1200 2470 matrimonium
1234 2413 1616 2479 contrahunt,
1642 2429 1839 2495 neque
1869 2414 2177 2500 connubio

508 2499 878 2568 junguntur;
909 2516 1101 2572 panes
1125 2502 1574 2575 propositionis,
1598 2493 1982 2578 post-panem
2008 2493 2178 2562 illum

515 2588 618 2659 qui
667 2587 743 2643 de
791 2589 940 2645 crelo
975 2589 1303 2650 ,descendit
1335 2610 1348 2648 :
1381 2591 1660 2649 lucernas
1706 2594 2006 2666 ardentes,
2043 2600 2177 2672 post

515 2693 728 2734 verum
759 2678 984 2736 lumen.
1020 2683 1087 2736 Et
1113 2681 1177 2737 in
1216 2699 1481 2754 summa,
1513 2684 1563 2740 si
1605 2685 2036 2748 mandatorum
2080 2685 2179 2745 lex

519 2769 580 2826 in
605 2768 994 2839 dogmatibus
1030 2771 1256 2836 abolita
1286 2777 1392 2844 est,
1421 2775 1627 2848 palam
1658 2780 1745 2832 est
1774 2781 1917 2844 tunc
1963 2777 2178 2835 Christi

519 2858 809 2929 dogmata
860 2860 923 2916 in
974 2863 1289 2936 pra-ceptis
1337 2863 1636 2933 legalibus
1665 2865 2048 2939 antiquatum
2080 2866 2175 2922 iri.

522 2947 608 3003 0b
634 2948 764 3003 haec
794 2949 992 3020 pudor
1023 2954 1079 3006 et
1106 2952 1473 3011 verecundia
1516 2953 1719 3010 vultus
1749 2959 1987 3014 nostros
2036 2971 2177 3028 ope-

517 3035 656 3103 ruit,
691 3040 748 3092 et
795 3038 1032 3096 tristitia
1077 3040 1400 3100 vehemens
1430 3043 1616 3099 corda
1651 3047 1862 3100 nostra
1886 3044 2172 3116 opplevit.

2289 1873 2383 1926 τὴν
2427 1868 2727 1938 ἀνανέωσιν,
2773 1875 2863 1923 καὶ
2900 1880 2993 1934 τῆς
3022 1882 3236 1948 νομικῆς
3287 1873 3528 1950 λατρείας
3578 1880 3674 1934 τήν
3719 1896 3907 1950 παρα-

2290 1964 2537 2033 τήρησιν,
2596 1963 2686 2011 καὶ
2749 1958 2906 2012 πάλιν
2991 1961 3242 2038 ἀρχιερέα
3311 1969 3531 2017 τυπικόν
3609 1968 3740 2038 μετὰ
3806 1969 3905 2018 τόν

2290 2046 2531 2105 ἀληθινόν
2590 2047 2864 2124 ἀρχιερέα,
2912 2051 3002 2102 καὶ
3053 2053 3238 2104 θυσίαν
3292 2055 3407 2125 (37)
3447 2056 3574 2130 ὑπὲρ
3623 2053 3904 2128 ἁμαρτιῶν

2289 2139 2420 2210 μετὰ
2448 2140 2535 2188 τόν
2577 2135 2735 2210 ἀμνὸν
2773 2146 2865 2191 τοῦ
2893 2146 3026 2192 Θεοῦ
3068 2143 3155 2193 τὸν
3202 2145 3416 2216 αἴροντα
3443 2144 3555 2216 (38)
3587 2147 3680 2203 την
3720 2144 3906 2220 ἁμαρ-

2287 2223 2403 2278 τίαν
2449 2232 2541 2278 τοῦ
2571 2229 2796 2302 κόσμου’
2864 2233 2956 2280 καὶ
3012 2227 3362 2304 βαπτίσματα
3409 2234 3599 2306 μερικὰ
3643 2237 3777 2306 μετὰ
3833 2237 3902 2305 τᾷ

2288 2314 2336 2372 ἓν
2370 2314 2673 2388 βάπτισμα,
2706 2320 2797 2369 καὶ
2849 2315 3048 2371 σποδὸν
3099 2316 3371 2394 δαμάλεως
3416 2323 3767 2398 ῥαντίζουσαν
3799 2330 3905 2384 τὴν

2289 2403 2601 2462 Ἐκκλησίαν
2657 2409 2752 2462 τὴν
2818 2405 2912 2458 οὒκ
2974 2409 3205 2480 ἔχουσαν
3269 2406 3364 2471 διὰ
3391 2419 3487 2474 τῆς
3537 2412 3610 2476 εἰς
3657 2417 3906 2490 Χριστὸν

2286 2497 2527 2559 πίστεως¹
2560 2493 2742 2547 σπῖλον
2791 2494 2821 2554 ἢ
2865 2492 3082 2571 ῥυτίδα,
3140 2502 3172 2557 ἦ
3228 2519 3281 2552 τι
3331 2509 3434 2558 τῶν
3486 2505 3753 2555 τοιούτων
3805 2509 3906 2573 καὶ

2287 2584 2617 2658 καθαρισμὸν
2681 2583 2868 2660 λέπρας
2934 2589 3064 2660 μετα
3135 2593 3228 2647 την
3291 2588 3544 2644 ἀπάθειαν
3615 2601 3712 2656 τῆς
3775 2593 3907 2650 ἀνα-

2289 2673 2570 2746 στάσεως·
2631 2678 2721 2729 καὶ
2769 2674 3089 2738 ζηλοτυπίας
3142 2682 3468 2756 προσφορὰν,
3510 2683 3591 2736 ὅτε
3641 2686 3756 2752 οὔτε
3800 2705 3907 2758 γα-

2286 2769 2500 2836 μοῦσιν,
2566 2765 2684 2816 οὔτε
2746 2769 3137 2839 γαμίσκονταιο
3207 2770 3356 2844 ἄρτοι
3421 2773 3537 2840 (39)
3597 2775 3906 2846 προθέσεως

2286 2853 2418 2923 μετὰ
2466 2854 2551 2904 τὸν
2592 2853 2745 2925 οἶρτον
2787 2856 2874 2905 τὸν
2906 2853 2971 2906 ἐκ·
3006 2863 3095 2908 τοῦ
3117 2855 3379 2933 τούρανοῦ·
3417 2859 3605 2932 λύχνοι
3624 2867 3905 2937 καιόμενοι

2285 2942 2417 3022 μετὰ
2472 2943 2528 2994 τὸ
2569 2950 2674 3014 φῶς
2713 2944 2773 2994 τὸ
2826 2940 3105 3002 ἀληθινόν·
3137 2952 3226 3000 καὶ
3273 2948 3398 3010 ὅλως
3436 2950 3480 3003 εἰ
3530 2959 3619 3003 νῦν
3665 2952 3692 3004 ὁ
3740 2959 3905 3028 νόμος

2284 3039 2385 3084 τῶν
2424 3031 2633 3084 ἐντολῶν
2674 3031 2722 3084 ἐν
2756 3029 2991 3106 δόγμασι
3031 3027 3386 3113 κατήργηται,
3417 3037 3609 3115 δ’ἥλονλ
3656 3045 3738 3097 ὅτι
3779 3051 3902 3101 τότε

520 3126 895 3199 Quapropter
930 3128 1219 3185 adhortor
1260 3147 1366 3187 vos
1395 3136 1690 3205 tanquam
1717 3133 1988 3190 medicos
2016 3134 2171 3206 peri-

2290 3121 2490 3196 (40)τὰ
2539 3117 2782 3194 δόγματα
2843 3131 2936 3175 τοῦ
2993 3131 3228 3200 Χριστοῦ
3282 3128 3330 3182 ἐν
3387 3138 3497 3194 τοῖς
3532 3141 3770 3206 νομικοῖς
3824 3136 3889 3189 ἐν-

2341 3209 2372 3226 n
2621 3207 2633 3224 ²
2797 3213 2851 3226 Α,
3088 3215 3140 3226 ο-
3186 3220 3195 3226 .
3325 3219 3336 3226 ο
3549 3221 3561 3226 -
3666 3224 3672 3226 Α

519 3217 635 3277 tos,
661 3220 718 3272 et
747 3218 1003 3274 scientes
1034 3218 1097 3276 in
1125 3219 1367 3282 lenitate
1399 3222 1634 3280 erudire
1689 3238 1792 3278 eos
1826 3224 1930 3296 qui
1964 3223 2177 3280 adver-

519 3308 749 3371 santur,
791 3310 856 3361 ut
891 3307 1061 3364 illum
1091 3310 1393 3366 conemini
1419 3311 1498 3376 ad
1527 3316 1759 3380 rectum
1781 3311 2054 3376 Ecclesiae
2085 3329 2176 3371 or-

518 3392 724 3454 dinem
753 3397 1061 3466 reducere,
1086 3399 1261 3471 eique
1289 3401 1677 3473 persuadere,
1704 3407 1770 3460 ut
1807 3408 2178 3468 commenta-

519 3481 754 3538 tionum
789 3500 1039 3542 suarum
1076 3486 1506 3560 loquacitatem
1536 3496 1884 3548 contemnat
1915 3492 2175 3561 (etenim

519 3570 895 3627 conﬁrmavit
922 3574 1105 3630 verba
1126 3577 1427 3648 proverbii
1451 3595 1463 3633 :
1488 3579 1625 3636 Non
1648 3584 1733 3636 est
1762 3580 1825 3636 in
1851 3581 2042 3636 multo
2059 3597 2177 3637 ser-

517 3675 692 3715 mone
708 3669 1020 3729 peccatum
1043 3665 1306 3735 eﬂ’ugere
1327 3667 1393 3735 ³⁸)
1421 3686 1434 3735 ;
1465 3667 1640 3740 eique
1662 3667 1888 3726 fortiter
1906 3673 2081 3728 rectae
2106 3669 2176 3726 ﬁ-

517 3746 614 3814 dei
643 3747 935 3819 dogmata
955 3755 1328 3826 proponatis,
1349 3760 1413 3811 ut
1434 3755 1589 3812 illius
1611 3758 1953 3816 emendatio
1984 3758 2173 3814 mani-

517 3835 669 3893 festa
697 3838 822 3908 ﬁat,
846 3855 915 3896 ac
945 3842 1230 3899 fratribus
1253 3845 1593 3910 innotescat
1619 3847 1780 3904 illius
1803 3849 2169 3920 poenitentia.

2286 3209 2546 3282 τάλμασιν
2611 3207 3031 3283 ἀκυρωθὴσεται.
3088 3215 3204 3286 Ἐπὶ
3249 3219 3454 3284 τούτοις
3508 3221 3745 3295 αἰσχύνη

2286 3304 2376 3351 καὶ
2442 3299 2659 3374 ἐντροπὴ
2714 3300 2963 3374 ἐκάλυψεν
3012 3306 3158 3378 ἡμῶν
3205 3308 3273 3360 τὰ
3313 3313 3590 3382 πρόσωπα·
3640 3310 3778 3372 λύπη
3831 3311 3891 3368 δὲ

2287 3385 2479 3461 βαρεῖα
2531 3389 2866 3463 πεπλήρωκεν
2920 3394 3066 3466 ἡμῶν
3121 3397 3217 3457 τὰς
3272 3393 3522 3473 καρδίας.
3581 3403 3669 3454 Διὸ
3714 3423 3886 3478 παρα-

2284 3475 2538 3551 καλοῦμεν
2595 3479 2752 3552 ὑμᾶς,
2795 3483 2864 3543 ὡς
2917 3479 3273 3556 ἐπιστήμονας
3324 3487 3534 3561 ἰατροὺς
3587 3496 3676 3544 καὶ
3733 3489 3893 3545 δεδι-

2285 3572 2576 3650 ὃαγμένους
2607 3575 2655 3629 ἓν
2709 3581 2970 3652 πραῦτητι
3155 3581 3423 3639 παιδεύειν
3474 3592 3595 3653 τοὺς
3647 3587 3893 3651 ἀντιδιατ-

2283 3667 2616 3738 τιθεμένους,
2683 3671 2998 3740 πειραθῆναι
3080 3673 3236 3728 αὑτὸν
3323 3673 3667 3752 ἕπαναγαγείν
3749 3685 3894 3754 πρὸς

2282 3758 2376 3812 τὴν
2438 3754 2677 3818 εὐταξίαν
2763 3766 2854 3821 τῆς
2919 3759 3252 3830 ’βκκλησίας,
3319 3769 3407 3818 καὶ
3477 3774 3660 3820 πεῖσαι
3727 3768 3891 3832 αὐτὸν

2281 3854 2677 3920 καταφρονῆσαι
2758 3856 2850 3910 τῆς
2932 3850 3257 3925 πολυφωνίας
3315 3863 3417 3908 τῶν
3507 3861 3890 3932 συνταγμάτων

517 3925 816 4025 (ἐϐεϐαίωσε
859 3933 960 4005 γὰρ
1026 3935 1112 3986 τόν
1154 3941 1244 3995 τῆς
1289 3941 1576 4011 παροιμίας
1635 3937 1807 4010 λόγον,
1873 3943 1953 3992 ὅτι
2008 3938 2118 3991 Οὐκ
2169 3939 2312 3991 ἔστιν
2365 3935 2421 3988 ἐκ
2475 3935 2789 4009 πολυλογίας
2844 3937 3078 4014 ἐκφυγεῖν
3133 3944 3244 4016 (4-2)
3295 3946 3610 4023 ἅμαρτίαν)⁹
3654 3925 3889 4025 ἇερῥῶς

517 4009 577 4066 δε
627 4015 768 4086 αὐτῷ
819 4018 1122 4092 προϐάλλειν
1174 4037 1241 4075 τα
1293 4033 1383 4084 τῆς
1413 4022 1721 4100 ὀρθοδοξίας
1772 4023 2038 4101 δόγματα,
2068 4028 2150 4080 ἵνα
2201 4023 2437 4084 κάκείνου
2483 4027 2512 4090 ἡ
2555 4024 2911 4101 ἐπανόρθωσις
2957 4035 3149 4106 φανερὰ
3185 4037 3419 4108 γένηται,
3447 4041 3538 4092 καὶ
3583 4047 3690 4103 τοῖς
3731 4037 3890 4097 ἁδελ-

515 4110 630 4173 φοῖς
660 4104 820 4158 αὐτοῦ
843 4112 1110 4184 γνωρισθῇ
1154 4113 1183 4169 ἡ
1227 4113 1555 4185 μεταμέλεια.
2062 4183 2070 4196 ι

585 4199 642 4252 3.
692 4199 809 4253 Nec
839 4199 950 4255 abs
978 4216 1042 4264 re
1081 4201 1260 4258 fuerit
1287 4202 1362 4262 de
1404 4206 1657 4262 Marcelli
1689 4208 2000 4282 discipulis
2040 4211 2168 4284 pie-

511 4286 696 4342 tatem
723 4293 990 4345 vestram
1017 4306 1423 4362 commonere,
1446 4299 1512 4352 ut
1531 4295 1674 4352 nihil
1705 4297 2166 4371 inconsiderate,

510 4373 660 4430 nihil
696 4374 870 4432 facile
913 4377 987 4434 de
1027 4379 1144 4434 illis
1187 4382 1482 4438 statuatis.
1539 4385 1654 4440 Sed
1695 4402 1835 4440 cum
1863 4387 1942 4443 ob
1980 4387 2168 4461 impia

582 4499 630 4536 3°
668 4497 850 4559 Joan.
890 4505 1048 4572 1,29.
1127 4503 1174 4539 ⁸⁷
1215 4505 1426 4578 Ephes,
1454 4524 1508 4571 v,
1540 4512 1629 4576 27,
1707 4512 1754 4546 ⁸⁸
1797 4514 1967 4568 Prov.
1991 4529 2049 4581 Χ,
2079 4520 2164 4571 19.

509 4625 805 4706 Harlaeani
833 4644 904 4683 eo
927 4629 1127 4706 magis
1156 4630 1369 4706 arrisit,
1395 4633 1559 4706 quod
1587 4634 1640 4690 ei
1669 4634 1829 4693 favet
1855 4638 2163 4704 Medicaeus

507 4711 649 4773 cum
674 4698 873 4773 tribus
891 4695 1386 4773 aliisfinquibu's
1412 4695 1653 4773 'legitur
1707 4701 1950 4761 σκοτεινὰ
1997 4707 2157 4770 ἀσεϐῆ

505 4767 739 4853 ῥήματα.
774 4771 1041 4853 Editjfal
1063 4767 1470 4853 ρῖλλοξησκοτεινά
1496 4767 1590 4828 καὶ
1615 4776 1776 4838 ἀσεϐῆ
1817 4781 2051 4853 ῥήματα.

579 4838 690 4929 (βξ)
733 4838 1162 4929 Παραδέξοισραι.
1193 4845 1355 4929 Hanc
1392 4863 1622 4929 vocem,
1658 4865 1793 4929 quae
1817 4838 2164 4929 'nécessaria

555 4911 757 4986 uidem
787 4911 912 4967 non
965 4915 1217 4986 videtur,
1253 4917 1357 4971 sed
1398 4921 1600 4974 tamen
1632 4911 1776 4976 nihil
1828 4928 2021 4986 nocet,
2056 4925 2164 4978 acl-

554 4980 776 5052 idimus
805 4999 873 5037 ex
906 4985 1090 5039 tribus
1120 4980 1541 5044 vetustissimis
1592 4991 1904 5048 codicibus
1948 4980 2164 5052 et'toti-

507 5049 811 5138 deligati-is
839 5069 961 5138 non
986 5057 1068 5111 ita
1085 5058 1378 5138 antiquis.

583 5123 998 5196 (_33)_’H?dna'a,
1045 5133 1155 5182 etc.
1191 5123 1282 5183 Sic
1333 5136 1449 5186 tres
1478 5132 1870 5191 vetustissimi
1902 5135 2162 5193 codices.

506 5193 652 5274 Ed‘iti
674 5193 980 5274 ‘ﬁyarlpmcs
1009 5202 1098 5248 καὶ
1130 5199 1349 5270 ἠφάνισε
1387 5203 1695 5274 μυθολογία.

579 5265 691 5336 (34)
734 5265 1228 5341 Πολιτευσαμένοίς.
1284 5265 1458 5329 Coisl.
1519 5265 1751 5347 primus
1825 5277 2164 5353 πολιτευομέ-

506 5355 632 5395 νοις,

721 5405 998 5484 Γραωδεις.
1027 5411 1108 5466 ita
1157 5426 1304 5466 mss.
1354 5416 1592 5473 codices
1625 5433 1757 5478 sex.
1824 5419 1975 5495 Editi
2015 5442 2164 5498 γραι-

507 5497 684 5532 ωοεις.

717 5551 940 5628 ᾊνωθεν
981 5551 1371 5628 ἐπαγγέλλεθαι.
1419 5558 1665 5620 Codices
1724 5559 1882 5628 Harl.
1912 5567 1970 5626 et
2016 5564 2164 5627 Med.

506 5623 595 5668 καὶ
631 5620 820 5672 ἄνωθεν
851 5620 1281 5694 ἐπαγγέλλεσθαι.
1315 5620 1318 5622 ⁷
1727 5620 1734 5628 ’
1849 5620 1852 5622 ⁷
1957 5620 1965 5634 ⁷

2351 4208 2402 4262 3.
2447 4203 2666 4277 εῦλογον
2699 4204 2759 4259 δὲ
2788 4213 2877 4261 καὶ
2926 4215 3045 4285 περὶ
3089 4219 3190 4271 τῶν
3228 4216 3364 4274 κατὰ
3410 4217 3709 4292 Μάρκελλον
3757 4219 3887 4274 ﬁat-0'

2273 4302 2475 4371 μνῆσαι
2532 4295 2645 4364 (43)
2685 4300 2781 4355 τὴν
2839 4298 3106 4354 εὐλάϐειαν
3154 4303 3317 4376 ὑμῶν,
3348 4305 3432 4358 ἵνα
3483 4305 3653 4380 μηδὲν
3701 4308 3889 4385 ἆπερι-
3969 4359 3972 4363 .

2277 4387 2532 4452 σκέπτως,
2574 4382 2704 4458 μηδ’
2743 4387 2965 4451 εὐκόλως
3015 4395 3136 4466 περὶ
3187 4393 3360 4451 αὐτῶν
3406 4403 3706 4457 τυπώσητε.
3746 4382 3894 4454 Ἀλλ’

2342 4638 2456 4722 (37)
2499 4641 2599 4708 Καὶ
2625 4637 2832 4714 θυσίαν,
2865 4642 2952 4698 Ita
2980 4657 3086 4718 se;
3116 4659 3264 4722 mss,
3299 4645 3564 4706 codices.
3603 4649 3752 4720 Εᾶίιὶ
3783 4658 3883 4722 καὶ

2273 4707 2478 4768 θυσίας.

2343 4780 2452 4856 (38)
2491 4783 2602 4856 Τὸν*
2620 4781 2834 4854 αἴροντα
2884 4786 2966 4839 Ita
3019 4787 3136 4842 tres
3183 4789 3574 4850 vetustissimi
3603 4793 3885 4856 codices.

2272 4850 2425 4924 Ed‘iti
2443 4855 2541 4924 re}:
2568 4850 2788 4924 οἰραντα,

2319 4920 2457 5006 ,(39)
2497 4920 2702 5009 "Apfw.
2754 4922 2846 5009 Sic
2895 4925 3123 5009 habent
3169 4933 3554 5009 omnes_ed_iti
3583 4939 3653 5009 _et
3687 4953 3885 5009 mss.,

2271 4992 2386 5067 pisi
2412 4992 2579 5066 quod
2604 4994 2664 5050 in
2697 4992 2902 5051 codice
2945 5014 3059 5054 ms.
3097 4995 3348 5067 insignis
3375 5003 3652 5064 Ecclesiae
3686 4992 3885 5067 Paris:

2271 5063 2699 5146 legit‘llrfiprouq
2727 5071 2785 5122 et
2816 5068 2997 5146 paulo
3030 5077 3168 5146 post
3193 5063 3440 5146 λύχνους,

2344 5135 2857 5218 (40))(ατήργηταὶ,
2887 5135 3066 5218 ᾂῆλοῦ,
3096 5135 3341 5218 ὅτιγτότε.
3367 5135 3452 5202 Ita
3475 5149 3693 5218 Regius
3720 5155 3886 5209 uter-

2273 5223 2413 5290 que.
2458 5209 3021 5290 Coisl,‘n‘secunilus._
3054 5209 3254 5288 Paris.
3289 5224 3347 5274 et
3401 5209 3597 5290 Bigot”.
3637 5222 3789 5280 Editi
3821 5245 3886 5279 ου

2272 5278 2624 5352 κατήργηται,
2655 5278 2838 5350 δῆλον,
2870 5283 2950 5334 ὅτι
2973 5284 3089 5338 οὒτε
3118 5292 3252 5344 τότε.

2347 5355 2457 5418 (41)
2502 5353 2799 5423 "peditum.
2833 5354 2986 5410 Harl.
3023 5363 3080 5413 et
3108 5361 3254 5415 Med.
3288 5360 3337 5413 ἐν
3359 5366 3642 5422 πραότη-ι.

2287 5493 2297 5503 ν
2349 5424 2463 5509 (4:2,)
2493 5423 2786 5497 Ἐκφυγεῖν.
2845 5425 3020 5484 Coisl.
3087 5431 3320 5502 primus
3380 5431 3679 5508 διαφυγεῖν.
3723 5439 3882 5496 Med.

2277 5513 2558 5568 εκφευγειν.

2349 5569 2464 5648 (⁸43)
2518 5574 2863 5648 Ὑτξομνῆσαι..
2923 5572 3192 5648 Quatuor
3262 5575 3502 5634 codices
3553 5593 3676 5644 non
3727 5581 3883 5639 anti-

2274 5637 2550 5710 quissimi
2579 5637 3000 5714 ὕπομνησθῆναι,
