4146 6406
286 308 391 371 989

1248 302 1733 366 EPISTOLARUH
1762 300 2049 363 CLASSIS
2084 306 2151 365 Π.
2192 308 2411 367 EPIST.
2449 307 2687 367 CCLXV.

3550 322 3656 379 990

285 431 469 507 ᾇπερ.δῆ
507 431 789 509 δογμάτων
820 435 984 491 ἕνεκεν
1014 432 1215 487 ἀσεϐῶν
1246 432 1424 497 ἐξῆλθε
1452 440 1543 493 τῆς
1578 430 1890 495 Ἐκκλησιας

2006 431 2293 502 dogmata
2319 433 2524 497 exierit
2543 434 2641 493 ille
2678 451 2753 493 ex
2792 437 3076 508 Ecclesia,
3107 454 3354 503 necesse
3379 445 3471 500 est
3496 442 3655 503 illius

285 525 399 599 (44)
430 523 639 593 ἐκεῖνος,
674 527 797 585 τοὺς
829 523 1111 594 ἑπομένους
1143 523 1282 594 αότῷ
1305 520 1608 594 ἀναγκαῖον,
1637 520 1893 593 ἀναθεμα-

281 618 534 676 τίσαντας
611 612 808 672 ἐκείνην
866 617 963 675 τὴν
1033 615 1235 688 αἳρεσιν
1305 613 1440 665 οὕτω
1518 608 1726 672 δεκτοὺς
1781 612 1890 682 (45)

281 706 525 777 ’γενέσθαι
571 712 636 778 τῇ·
687 708 965 776 κοινωνίᾳ,
1016 703 1077 755 ἶν’
1125 706 1174 757 οἱ
1223 705 1348 776 ἡμῖν
1394 705 1772 775 συναπτόμενοι
1821 700 1891 756 δι’

279 795 428 867 ὑμῶν
475 796 622 870 παρὰ
670 795 850 856 πάσης
904 790 1149 866 δεχθῶσι
1194 800 1292 856 τῆς
1334 788 1705 864 ἆδελφότητος·
1747 794 1891 846 Ἐπεὶ

279 890 372 936 νῦν
426 903 487 956 γε
551 882 610 936 οὐ
680 888 867 959 μετρία
937 886 1171 954 κατέσχε
1238 881 1374 940 λύπη
1451 885 1572 944 τοὺς
1631 881 1889 952 πολλοὺς,

283 972 671 1041 ἀκούσαντας,
756 973 838 1025 ὅτι
912 974 1364 1047 παραγενομένους
1428 972 1560 1045 πρὸς
1614 974 1708 1029 τὴν
1771 972 1890 1043 ὑμε-

276 1065 433 1137 τέραν
510 1066 794 1135 τιμιότητα
847 1065 937 1115 καὶ
990 1062 1382 1134 προσήκασθε,

279 1150 460 1213 αὐτοῖς
508 1149 955 1214 ἐκκλησιαστικῆς
983 1146 1335 1223 μετεδώκατε.
1397 1153 1641 1221 Καίτοιγε
1697 1146 1890 1202 εἰδέναι

276 1240 420 1313 ὑμᾶς
470 1239 657 1313 ἐχρῆν,
702 1243 783 1293 ὅτι
828 1248 892 1314 τῇ
932 1247 1026 1293 τοῦ
1073 1246 1209 1292 Θεοῦ
1238 1241 1428 1313 χάριτι
1456 1238 1575 1291 οὒτε
1615 1240 1752 1291 κατὰ
1792 1242 1889 1296 τὴν

277 1327 565 1388 Ἀνατολήν
624 1333 774 1403 μόνοι
827 1327 964 1397 ἐστὲ,
1020 1327 1150 1381 ἀλλὰ
1197 1331 1288 1380 καὶ
1335 1326 1552 1389 πολλοὺς
1594 1328 1741 1399 ἔχετε
1792 1335 1888 1389 τῆς

283 1418 480 1471 ἔαυτῶν
550 1415 799 1494 μερίδος,
859 1421 910 1471 οἶ
972 1422 1067 1477 τὴν
1122 1424 1219 1471 τῶν
1284 1421 1526 1492 Πατέρων
1583 1412 1888 1470 ἐκδικοῦσιν

282 1503 634 1580 ὀρθοδοξίαν,
664 1515 765 1560 τῶν
812 1508 950 1560 κατὰ
978 1510 1204 1563 Νίκαιαν
1235 1510 1294 1558 τὸ
1344 1506 1545 1566 εὐσεϐὲς
1590 1502 1769 1578 δόγμα
1794 1513 1887 1567 τῆς

275 1601 513 1658 πίστεως
568 1595 869 1669 ἔκθεμένωνο
903 1601 994 1650 καὶ
1034 1598 1086 1649 οἱ
1137 1603 1228 1656 τῆς
1281 1598 1488 1656 Δύσεως
1538 1595 1727 1656 πάντες
1757 1597 1886 1667 σύμ-

277 1705 440 1758 φωνοι
490 1687 611 1759 ὑμῖν
653 1705 709 1739 τε
757 1689 849 1739 καὶ
905 1687 1030 1759 ἡμῖν
1081 1686 1463 1757 τυγχάνουσιν·
1496 1681 1565 1735 ὧν
1618 1681 1886 1757 δεξάμενοι

1468 1064 1558 1113 καὶ
1626 1079 1807 1112 κοινων
1815 1064 1891 1121 ίας

2000 527 2346 593 sectatores,
2372 524 2880 585 anathematizata
2897 529 3000 586 illa
3022 530 3256 599 heresi,
3275 531 3359 588 sic
3385 533 3465 589 ad
3494 549 3657 589 com-

1998 613 2357 669 munionem
2401 614 2677 679 admitti,
2710 622 2774 672 ut
2823 619 2929 691 qui
2984 619 3160 681 nobis
3204 620 3509 691 conjuncti
3548 636 3657 695 per

1998 717 2108 758 vos
2129 703 2370 775 fuerint,
2395 704 2473 760 ab
2500 705 2668 761 omni
2690 707 3058 779 recipiantur
3079 710 3462 766 fraternitate.
3488 714 3658 767 Nunc

2001 791 2162 846 enim
2189 793 2471 865 pluribus
2512 809 2633 850 non
2681 795 3001 853 mediocris
3038 798 3215 855 dolor
3243 798 3529 868 inﬂictus,
3549 798 3659 855 ubi

1999 880 2322 937 audierunt
2352 898 2455 938 eos
2484 882 2563 938 ad
2594 887 2859 940 vestram
2903 887 3316 959 praestantiam
3349 887 3461 961 41
3480 890 3523 958 1
3556 903 3658 944 ac-

2000 968 2302 1039 cedentes,
2334 976 2391 1028 ct
2417 972 2719 1028 admissos
2750 988 2882 1030 esse
2913 991 2950 1031 a
2973 976 3170 1047 vobis,
3192 980 3248 1033 et
3273 976 3657 1033 communio-

1998 1058 2092 1114 nis
2144 1059 2564 1117 ecclesiasticze
2611 1061 2803 1118 factos
2854 1079 2985 1121 esse
3033 1065 3374 1138 participes.
3426 1070 3509 1121 Ac
3546 1081 3658 1121 vos

1997 1146 2247 1218 quidem
2300 1163 2416 1219 par
2471 1152 2601 1204 erat
2650 1149 3002 1221 intelligere,
3045 1152 3149 1208 Dei
3199 1153 3395 1223 gratia
3429 1169 3544 1209 nec
3583 1153 3648 1209 in

1999 1235 2235 1292 Oriente
2261 1236 2421 1292 solos
2442 1253 2555 1292 vos
2583 1255 2734 1307 esse,
2771 1240 2878 1295 sed
2897 1246 2954 1297 ct
2977 1241 3200 1300 multos
3232 1241 3459 1298 habere
3487 1258 3651 1298 com-

1997 1324 2425 1389 municatorcs,
2461 1326 2705 1382 Patrum
2738 1328 2999 1399 illorum,
3032 1331 3138 1402 qui
3166 1331 3374 1387 Νἱοεεω
3400 1331 3569 1404 pium
3589 1330 3658 1386 ﬁ-

1996 1412 2093 1468 dei
2114 1413 2341 1483 dogma
2366 1421 2795 1487 exposuerunt,
2822 1423 2984 1474 recte
3012 1418 3154 1475 ﬁdei
3179 1419 3527 1476 defensores
3552 1439 3565 1489 ;
3599 1423 3658 1477 et

1996 1501 2058 1557 in
2090 1503 2410 1559 Occidente
2450 1520 2662 1560 omnes
2693 1506 3010 1563 vobiscum
3053 1524 3125 1564 ac
3162 1509 3488 1565 nobiscum
3514 1525 3657 1566 con-

1998 1593 2217 1649 sentire
2248 1610 2261 1648 :
2285 1609 2547 1665 quorum
2576 1593 2720 1650 ﬁdei
2749 1600 2984 1651 tomum
3006 1603 3323 1668 acceptum
3353 1598 3517 1670 apud
3541 1614 3657 1654 nos

1996 1682 2393 1749 custodimus,
2434 1686 2492 1738 et
2530 1699 2747 1741 sanam
2786 1685 3062 1757 ipsorum
3100 1685 3440 1743 doctrinam
3464 1687 3656 1759 sequi-

272 1782 375 1837 τῆς
398 1779 625 1837 πίστεως
659 1777 750 1828 τὸν
778 1778 935 1847 τόμον
979 1777 1171 1847 ἔχομεν
1213 1775 1336 1849 παρ’
1387 1773 1606 1843 ἑαυτοῖς,
1649 1773 1886 1847 ἑπόμενοι

2006 1787 2156 1827 mur.
2202 1771 2462 1829 Decebat
2488 1772 2691 1845 igitur,
2742 1774 3049 1847 omnibus,
3083 1775 3189 1848 qui
3228 1775 3291 1831 in
3338 1776 3554 1832 eadem
3584 1792 3657 1832 ac

275 1864 447 1927 αὐτῶν
471 1870 531 1936 τῇ
565 1864 878 1936 ὑγιαινούσῃ
911 1866 1027 1933 (46)
1053 1859 1401 1935 διδασκαλίᾳ.
1431 1859 1577 1916 Ἔδει
1622 1859 1709 1914 οὖν
1760 1864 1886 1916 πάν-

275 1972 378 2013 τας
405 1951 858 2027 πληροφορεῖσθαι
885 1956 1011 2015 τοὺς
1040 1950 1090 2004 ἓν
1120 1959 1184 2024 τῇ
1220 1952 1351 2024 αὐτῇ
1390 1956 1642 2024 συναφείᾳ
1681 1954 1886 2023 τυγχά-

273 2060 461 2102 νοντας
503 2040 664 2113 ὓμῖν,
723 2042 807 2093 ἵνα
848 2045 940 2095 καὶ
994 2043 1062 2095 τὰ
1108 2045 1355 2114 γινόμενα
1411 2041 1600 2115 μᾶλλον
1655 2040 1884 2114 βεϐαιω-

280 2131 347 2202 θῇ
383 2129 492 2200 (47)
542 2128 593 2182 ἐν
643 2137 706 2202 τῇ
757 2128 1001 2183 πλειόνων
1060 2132 1461 2202 συγκαταθέσει,
1492 2135 1581 2182 καὶ
1624 2132 1654 2188 ἡ
1707 2130 1881 2204 εἰρήνη

276 2222 355 2288 μὴ
432 2213 707 2287 διεσπᾶτο,
768 2217 817 2273 ἄν
881 2227 946 2291 τῇ
998 2238 1149 2271 τινων
1200 2219 1493 2295 προσλήψει
1548 2219 1728 2296 ἑτέρων
1790 2218 1884 2293 ἁφ-

275 2310 589 2379 ισταμένων.
624 2311 797 2369 Οὕτως
832 2304 920 2360 οὖν
978 2305 1039 2366 ἦν
1084 2312 1279 2383 πρέπον
1329 2307 1722 2382 βουλεύσασθαι
1750 2310 1884 2395 ὑμᾶς

274 2395 537 2470 στιϐαρῶς
591 2401 683 2450 καὶ
728 2398 910 2473 πράως
973 2401 1093 2470 περὶ
1156 2400 1480 2471 πραγμάτων
1526 2401 1727 2461 πάσαις
1769 2406 1885 2460 ταῖς

270 2487 414 2539 κατὰ
459 2489 553 2546 τὴν
609 2485 915 2559 οἰκουμένην
976 2486 1314 2548 Ἐκκλησιαις
1384 2483 1748 2560 διαφερόντων.
1808 2486 1885 2539 Οὐ

275 2577 380 2651 γὰρ
425 2576 452 2629 ὁ
505 2578 650 2647 ταχύ
699 2595 754 2629 τι
793 2572 1125 2648 δογματίσας
1162 2575 1446 2639 ἐπαινετὸς,
1481 2576 1589 2629 ἀλλ’
1619 2579 1645 2630 ὁ
1682 2581 1886 2650 παγίως

279 2670 375 2727 καὶ
455 2664 754 2724 ἀσαλεύτως
818 2666 1015 2718 ἕκαστα
1078 2671 1391 2735 κανονὶσας,
1461 2669 1597 2720 ὥστε
1650 2673 1741 2720 καὶ
1814 2667 1885 2729 εἰς

281 2756 374 2813 τὸν
429 2755 562 2826 μετὰ
626 2760 797 2807 ταῦτα
859 2758 1050 2828 χρόνον
1107 2753 1475 2828 ἐξεταζομένην
1516 2759 1610 2813 τὴν
1676 2760 1885 2828 γνώμην

290 2837 650 2916 δοκιμωτέραν
697 2843 1013 2913 φαίνεσθαι,
1068 2842 1214 2904 οὗτος
1267 2842 1557 2906 ἀπόδεκτος
1610 2850 1697 2897 και
1743 2846 1886 2920 παρὰ

290 2938 405 3003 θεῷ
433 2935 523 2983 καὶ
552 2930 864 3005 ἀνθρώποις,
916 2934 982 2993 ὡς
1019 2931 1301 3006 οἰκονομῶν
1344 2937 1468 2996 τοὺς
1505 2933 1694 3006 λόγους
1722 2934 1886 2987 αὐτοῦ

288 3019 338 3073 ἄν
360 3024 550 3095 κρίσει.
585 3026 780 3088 Ταῦτα,
814 3022 917 3074 ὅσα
953 3017 1139 3074 ἐδίδου
1183 3024 1309 3095 ἡμῖν
1356 3024 1387 3081 ἠ
1441 3019 1534 3076 διὰ
1570 3030 1663 3075 τοῦ
1709 3024 1886 3098 γράμ-

1993 1875 2103 1915 vos
2137 1860 2567 1916 communione
2596 1866 2755 1929 sunt,
2779 1862 3072 1929 satisﬁeri,
3107 1868 3173 1920 ut
3197 1880 3291 1919 res
3316 1868 3501 1936 gesta:
3532 1881 3659 1921 ma-

1994 1948 2083 2019 gis
2121 1948 2439 2005 ﬁrmentur
2481 1965 2555 2006 ex
2608 1950 2940 2008 multorum
2989 1968 3293 2009 consensu
3319 1998 3335 2023 ,
3382 1969 3495 2009 nec
3534 1969 3659 2027 pax

1993 2037 2323 2106 scindatur,
2347 2038 2476 2094 aliis
2508 2039 2978 2096 abscedentibus
3006 2041 3157 2097 dum
3190 2042 3291 2098 alii
3330 2042 3659 2100 admittun-

1993 2131 2108 2183 tur.
2140 2127 2231 2183 Sic
2269 2128 2454 2196 igitur
2482 2128 2738 2185 decebat
2762 2129 3091 2187 concilium
3122 2146 3160 2187 a
3187 2131 3364 2187 vobis
3397 2131 3659 2200 graviter

1992 2232 2065 2273 ac
2096 2215 2309 2272 leniter
2337 2216 2476 2272 iniri
2500 2216 2575 2272 de
2605 2218 2786 2274 rebus
2814 2219 2894 2275 ad
2920 2235 3135 2275 omnes
3162 2220 3330 2276 orbis
3363 2224 3657 2277 terrarum

1994 2307 2286 2363 Ecclesias
2309 2308 2750 2379 spectantibus.
2773 2312 2901 2365 Non
2929 2310 3091 2366 enim
3124 2311 3229 2381 qui
3265 2311 3381 2367 cito
3421 2310 3657 2383 aliquid

1993 2396 2280 2463 decernit,
2307 2396 2656 2455 laudandus
2681 2402 2791 2465 est;
2818 2398 2926 2454 sed
2956 2398 3256 2471 quiﬁrma
3286 2404 3343 2455 et
3361 2399 3659 2457 immobili

1992 2500 2209 2543 norma
2237 2485 2445 2542 omnia
2467 2487 2792 2556 constituit,
2813 2487 2967 2544 adeo
2988 2491 3053 2544 ut
3078 2488 3432 2546 examinata
3455 2489 3660 2545 subse-

1993 2576 2201 2648 quenti
2235 2580 2507 2647 tempore
2553 2578 2852 2633 sententia
2886 2577 3198 2649 probatior
3228 2582 3286 2633 et
3336 2579 3662 2651 spectatior

1993 2664 2118 2731 ﬁat,
2139 2664 2191 2719 is
2220 2665 2341 2719 Deo
2372 2675 2430 2720 et
2451 2664 2806 2721 hominibus
2841 2671 3129 2738 acceptus
3159 2670 3270 2731 est,
3300 2672 3369 2723 ut
3397 2667 3503 2740 qui
3534 2683 3658 2724 ser-

1993 2769 2210 2810 mones
2260 2769 2404 2809 suos
2460 2754 2748 2826 disponat
2797 2755 2860 2810 in
2907 2755 3138 2826 judicio
3176 2757 3248 2814 3°.
3290 2756 3391 2812 His
3437 2756 3659 2827 verbis,

1993 2846 2292 2915 quantum
2323 2857 2431 2914 per
2467 2842 2695 2899 litteras
2725 2843 2990 2916 colloqui
3042 2845 3194 2901 mihi
3240 2845 3432 2910 licuit,
3471 2845 3661 2917 pieta-

1994 2935 2118 2987 tem
2146 2934 2411 2987 vestram
2449 2931 2829 3003 compcllavi.
2881 2932 3048 2989 Faxit
3090 2938 3296 2990 autem
3337 2934 3659 3003 Dominus,

1996 3026 2063 3078 ut
2089 3037 2202 3077 nos
2232 3027 2447 3077 mutuo
2482 3022 2815 3093 aliquando
2851 3022 2915 3078 in
2946 3038 3139 3079 unum
3177 3024 3656 3081 conveniamus:

286 3129 445 3182 ματος
511 3109 691 3182 ὁμιλία
721 3153 737 3179 ,
813 3110 1314 3185 προσεφθεσγξάμεθα
1384 3115 1528 3185 ὑμῶν
1601 3118 1695 3172 τὴν
1769 3113 1889 3166 εύλοὶ

2006 3114 2065 3167 ut
2096 3109 2307 3167 omnia
2342 3111 2421 3166 ad
2450 3110 2856 3167 Ecclesiarum
2893 3112 3004 3167 Dei
3048 3113 3520 3169 concinnitatem
3551 3130 3660 3170 vo-

287 3193 450 3255 ϐειαν.
483 3200 774 3272 Παράσχοι
819 3195 880 3252 δὲ
931 3201 959 3252 ό
1012 3204 1200 3274 Κύριος
1245 3206 1336 3254 καὶ
1380 3201 1455 3264 εἰς
1521 3206 1711 3255 ταυτὸν
1752 3203 1891 3268 ἡμᾶς

288 3283 528 3349 ἀλλιῦοις
572 3290 815 3359 γενέσθαι
860 3291 989 3342 ποτέ
1014 3310 1026 3322 ·
1070 3290 1173 3355 ἵνα,
1233 3292 1407 3343 πάντα
1460 3295 1592 3364 πρὸς
1642 3311 1893 3367 καταρτι-

292 3377 426 3447 σμὸν
465 3384 565 3428 τῶν
620 3375 941 3437 Ἐκκλησιῶν
998 3387 1090 3431 τοῦ
1140 3387 1275 3433 Θεοῦ
1329 3380 1442 3453 μεθ’
1495 3382 1637 3453 ὑμῶν
1692 3381 1895 3433 οἰκονο-

290 3470 571 3537 μήσαντες,
598 3465 711 3539 μεθ’
746 3468 889 3540 ὑμῶν
923 3464 1194 3540 δεξώμεθα
1230 3472 1320 3521 τὸν
1374 3471 1567 3542 μισθόν
1614 3473 1702 3522 τόν
1748 3472 1895 3528 ἡτοι-

292 3558 557 3627 μασμένον
603 3558 748 3630 παρὰ
791 3564 883 3610 τοῦ
929 3553 1143 3610 δικαίου
1191 3566 1374 3633 κριτοῦ
1415 3564 1521 3621 τοῖς
1558 3566 1772 3621 πιστοῖς
1807 3565 1898 3613 καὶ

293 3648 568 3717 φρονίμοις
621 3646 934 3719 οἰκονόμοις.
983 3651 1119 3708 Τέως
1150 3644 1209 3701 δὲ
1237 3655 1326 3700 νῦν
1362 3649 1726 3711 καταξιώσατε
1771 3650 1897 3721 ἡμῖν

295 3732 605 3793 ἀποστεῖλαι
668 3737 760 3796 τὰς
834 3738 1157 3811 προτάσεις,
1215 3736 1292 3809 ἐφ’
1347 3735 1427 3797 αἶς
1477 3735 1726 3801 ἐδέξασθε
1776 3743 1898 3801 τοὺς

295 3824 621 3896 Μαρκῦλου,
656 3824 818 3879 ἐκεῖνο
851 3822 1079 3895 εἰδοτες,
1122 3828 1204 3880 ὅτι
1245 3826 1340 3880 κᾶν
1371 3830 1506 3880 πάνυ
1535 3830 1594 3880 τὸ
1623 3829 1742 3881 καθ’
1771 3828 1895 3882 ἐαυ-

370 4001 416 4039 ⁸⁰
437 4001 590 4061 Psal.
623 4018 737 4073 cxx,
759 4007 813 4060 ὅ.

366 4180 482 4250 (44)
505 4180 716 4244 Ἐξῆλθε
751 4190 842 4244 τῆς
873 4182 1195 4246 Ἐκκλεσιας.
1230 4184 1438 4240 Mirum
1468 4184 1530 4240 id
1567 4184 1802 4241 videtur
1827 4201 1899 4242 ac

291 4251 497 4325 prima
527 4253 726 4328 specie
754 4254 1188 4328 vixrcredibile,
1209 4256 1549 4312 Marcellum
1579 4257 1658 4312 ob
1678 4257 1901 4328 impios

293 4339 527 4395 errores
557 4340 629 4380 ex
661 4325 923 4397 Ecclesia
951 4326 1185 4382 cxiisse.
1233 4331 1383 4383 Nam
1426 4330 1483 4385 S.
1528 4325 1901 4397 Athanasius

295 4400 665 4472 suspectum
689 4395 1166 4472 illumquidem,
1208 4399 1318 4453 sed
1350 4405 1547 4455 tamen
1570 4405 1899 4472 purgatum

1999 3200 2237 3256 biscum
2266 3200 2719 3268 constituentes,
2748 3202 3070 3257 vobiscum
3101 3202 3470 3273 recipiamus
3504 3218 3661 3259 mer-

2003 3289 2208 3345 cedem
2264 3293 2668 3361 prmparatam
2702 3306 2738 3345 a
2760 3290 2925 3360 justo
2960 3290 3165 3360 judice
3202 3290 3487 3347 ﬁdelibus
3520 3308 3661 3363 pru-

2003 3377 2410 3450 dentibusque
2431 3378 2956 3450 dispensatoribus
2977 3379 2988 3433 l
3007 3383 3173 3436 Nunc
3198 3380 3438 3436 interim
3459 3380 3664 3451 digne-

2005 3465 2155 3523 mini
2184 3466 2263 3521 ad
2297 3482 2393 3522 me
2430 3467 2881 3539 propositiones
2913 3467 3167 3538 mittere,
3200 3468 3426 3540 quibus
3453 3484 3660 3525 assen-

2004 3555 2215 3612 tientes
2242 3555 2496 3612 Marcelli
2544 3556 2876 3629 discipulos
2923 3558 3275 3630 recepistis;
3316 3558 3486 3615 haud
3513 3557 3665 3615 illud

2005 3645 2373 3716 ignorantes,
2403 3646 2642 3701 etiamsi
2670 3646 2923 3703 omnino
2964 3646 3027 3702 id
3072 3647 3240 3719 quod
3268 3648 3330 3703 in
3358 3647 3538 3703 vobis
3578 3647 3662 3703 si-

2005 3740 2137 3792 tum
2164 3738 2274 3802 est,
2315 3740 2546 3792 sartum
2574 3740 2919 3807 tectumque
2952 3736 3266 3807 preestetis,
3292 3752 3416 3793 non
3454 3741 3663 3793 tamen

2005 3839 2116 3881 vos
2158 3839 2288 3881 rem
2330 3824 2479 3881 tanti
2518 3824 2807 3881 momenti
2838 3824 3291 3898 vobismetipsis
3336 3825 3663 3883 attribuere

2008 4185 2213 4254 casset
2232 4180 2623 4254 Athanasius,
2656 4196 2811 4254 opus
2839 4180 3193 4238 habuissent
3218 4181 3377 4254 illius
3403 4181 3665 4251 discipu-

2009 4254 2081 4333 li__
2075 4253 2451 4333 confessione
2480 4253 2623 4308 ﬁdei
2652 4253 2731 4309 ad
2760 4253 3664 4333 impetranda_m_conf_essorum

2010 4324 2433 4398 Egyptiornm
2461 4325 2955 4398 communionem
2975 4341 3112 4381 :nec
3132 4328 3334 4398 Petrus
3353 4324 3666 4383 Athanasii

2014 4394 2328 4453 successor
2357 4412 2621 4451 canones
2637 4395 2912 4459 violatos,
2937 4411 3226 4450 concessa
3249 4394 3364 4450 illis
3394 4408 3666 4449 commu-

301 4464 706 4551 iiabuitLteste
724 4464 1311 4551 Epiphania-haeres.
1330 4464 1586 4551 Lirxu..p.'
1601 4474 1731 4551 .837.
1760 4471 1902 4527 Hinc
1938 4492 1981 4548 ι)
2011 4469 2679 4551 nio_ne,quereret‘ur,ut
2698 4466 2979 4551 videmus
3007 4465 3335 4549 inepistola
3363 4464 3661 4551 sequenti2

298 4534 464 4613 illius
492 4534 1352 4613 discipuli'commun‘icatorias
1373 4534 1700 4613 beatissimi
1728 4558 1906 4613 papae

304 4606 622 4684 Athanasii
634 4609 857 4667 litteras
870 4610 1265 4667 ostenderunt
1278 4606 1905 4684 confessoribnsliigy-

297 4677 460 4754 ptiis,
503 4678 987 4754 ibid.ipag.__8’+3.
1020 4684 1300 4754 Testatur
1335 4683 1496 4739 idem
1531 4677 1904 4754 Epiphanius

298 4748 473 4806 varia
498 4765 627 4806 esse
651 4748 1092 4808 catholicorum
1113 4752 1187 4808 de
1208 4753 1475 4809 Marcello
1497 4748 1744 4821 judicia,
1773 4752 1903 4809 aliis

296 4822 930 4899 eum-accusantibus,
978 4823 1108 4899 aliis
1148 4824 1609 4899 defendentibus
1632 4869 1645 4892 ,
1682 4828 1898 4899 p.834.

294 4891 583 4971 Paulinus
608 4894 737 4965 ejus
769 4895 1102 4971 discipulos
1125 4896 1252 4971 sine
1279 4896 1624 4971 discrimine
1655 4891 1899 4971 rccipie-

292 4963 419 5050 bat,
440 4968 516 5046 .ut
546 4963 610 5045 in
630 4963 1537 5050 superioreepistola‘vidimus:
1576 4970 1720 5050 Ipse
1741 4963 1899 5024 Basi-

291 5034 411 5109 lius
436 5036 495 5090 in
519 5035 688 5108 epist.
706 5034 1057 5109 69_queritu_r
1069 5038 1236 5109 quod
1255 5054 1394 5094 eum
1412 5034 1663 5095 Ecclesia
1684 5042 1898 5095 Roma-

290 5108 457 5181 nalin
475 5106 971 5181 communionem
983 5106 1059 5165 ab
1072 5106 1236 5164 initio
1248 5110 1899 5181 suscepisset.0uomo-

290 5176 393 5233 do‘
410 5194 553 5248 ergo
574 5178 790 5253 exiisse
815 5179 1037 5253 dieitur
1057 5196 1128 5234 ex
1158 5176 1548 5253 Ecclesia'qui
1577 5186 1660 5253 tot
1681 5181 1898 5238 habuit

291 5250 841 5305 communicatores
864 5251 891 5305 ?
929 5251 1043 5306 Sed
1070 5258 1270 5315 tamen
1303 5255 1359 5308 Ξ.
1394 5250 1589 5307 Basilii
1622 5253 1893 5307 testimo-

290 5319 462 5393 nium
499 5337 783 5393 cumisua
815 5327 1029 5393 sponte
1060 5322 1266 5387 magni
1309 5328 1397 5379 est
1427 5324 1717 5380 momenti
1750 5332 1895 5382 (non

292 5392 457 5465 enim
471 5391 602 5465 utin
622 5391 1028 5465 dijudicandis
1043 5393 1294 5449 Marcelli
1313 5393 1422 5448 seri
1435 5394 1651 5464 ptis,ita
1669 5396 1728 5451 in
1741 5395 1896 5465 ejus-

295 5461 461 5516 modi
478 5463 637 5519 facto
653 5463 918 5535 proclive
941 5464 1052 5519 fuit
1072 5465 1313 5535 errare),
1330 5461 1454 5519 turn
1470 5465 1646 5520 etiam
1670 5461 1787 5521 hoc
1802 5482 1892 5521 ar-

295 5537 583 5609 gumento
600 5534 1191 5609 conﬁrmatur_quod
1217 5535 1583 5609 Athanasius
1606 5538 1894 5609 extremis

295 5600 435 5657 vita:
456 5618 576 5658 sum
594 5606 768 5661 annis
788 5600 1129 5662 Marcellum
1152 5623 1188 5662 a
1212 5607 1641 5663 communione
1672 5623 1781 5662 sua
1808 5600 1895 5665 re-

292 5672 574 5730 moverit.
595 5677 797 5749 Neque
812 5678 994 5747 enim,
1010 5677 1061 5733 si
1074 5693 1315 5750 semper
1329 5693 1466 5734 cum
1480 5692 1550 5733 eo
1562 5678 1896 5735 communi-

2015 4541 2062 4593 si
2083 4536 2405 4609 Egyptum
2430 4538 2583 4593 inter
2606 4553 2676 4593 ac
2708 4537 3048 4593 Marcellum
3076 4536 3331 4609 ejusque
3349 4536 3579 4609 clerum
3606 4539 3666 4589 et

2057 4607 2252 4667 lebein
2278 4624 2399 4667 non
2424 4609 2633 4664 fuisset
2659 4613 2838 4679 rupta
2858 4607 3241 4679 communio;
3258 4607 3503 4662 Videtur
3521 4620 3666 4679 ergo

2067 4680 2322 4759 arcellus
2353 4678 2680 4759 sub_fin_em
2721 4675 2855 4733 vitae
2897 4677 3123 4759 aliquid
3161 4692 3466 4759 peccasse,
3496 4675 3667 4748 quod

2010 4749 2410 4807 Anathasium
2428 4750 2507 4804 ab
2537 4747 3127 4820 ejusrcommunione
3152 4747 3459 4803 discedere
3486 4747 3664 4820 coge-

2009 4828 2099 4878 ret
2130 4841 2142 4878 :
2178 4826 2235 4877 et
2264 4838 2403 4876 cum
2437 4818 2804 4891 jamdudum
2846 4835 2883 4876 a
2920 4824 3043 4891 toto
3072 4819 3193 4875 fere
3225 4820 3460 4875 Oriente
3490 4818 3683 4874 dam-‘

2008 4899 2185 4950 natus
2220 4897 2400 4951 esset.
2442 4890 2668 4947 amissa
2715 4890 3027 4947 Athanasii
3054 4890 3503 4957 communione,
3531 4906 3665 4961 quae

2008 4965 2255 5021 unicum
2286 4963 2406 5019 fere
2434 4962 2593 5017 illius
2630 4960 2929 5030 refugium
2972 4965 3116 5024 erat,
3140 4961 3411 5017 desertus
3432 4961 3510 5016 ab
3536 4960 3666 5017 om-

2005 5036 2186 5092 nibus
2216 5035 2404 5089 videri
2433 5032 2787 5102 debuit,nec
2823 5031 2875 5088 ei
2906 5048 3067 5103 nova
3095 5032 3432 5103 ignominia
3459 5038 3668 5089 notato

2003 5105 2291 5180 prodesse
2323 5109 2559 5180 poterat
2590 5119 2878 5160 concessa
2917 5102 3061 5160 olim
3096 5102 3139 5160 a
3170 5107 3445 5161 Romana
3474 5103 3666 5160 Eccle-

2001 5175 2091 5236 sia
2118 5175 2490 5232 communio.

2078 5253 2191 5314 (45)
2233 5249 2384 5300 Οὕτω
2424 5243 2657 5308 δεκτούς.
2692 5249 2807 5303 Has
2838 5261 3021 5304 voces
3054 5245 3404 5304 addidimus
3437 5260 3507 5301 ex
3531 5246 3669 5299 octo

2002 5337 2151 5379 ωδε.

2075 5390 2188 5463 (46)
2232 5397 2305 5463 τῇ
2339 5390 2675 5463 ὑγιαινούσῃ.
2698 5391 2785 5444 tta
2814 5393 2931 5446 tres
2968 5388 3363 5445 vetustissimi
3395 5383 3665 5441 codices.

2002 5448 2428 5574 Είίίΐίστῇξδέιε-ἰ.
2627 5448 2638 5463 Ι
3255 5529 3265 5539 .
3300 5528 3310 5538 ⁸
3545 5526 3555 5537 1

2074 5534 2187 5574 (ἐιτῖ
2234 5533 2495 5574 Πε.τιη.ιθῆ
2557 5534 2632 5574 [in
2682 5530 2818 5574 "an
2892 5534 2947 5574 nt
2979 5531 3104 5574 Μρά
3163 5530 3310 5574 Fdlh
3345 5524 3555 5574 ἐϐεϐαια

2074 5534 2187 5604 (4⁸7)
2221 5523 2522 5604 Ἰξεξαιωθῄ
2554 5534 2640 5587 [ta
2682 5530 2843 5604 Harl,
2892 5534 2949 5588 et
2979 5531 3128 5604 Med.
3163 5528 3314 5584 Εᾶὶῐί
3345 5523 3662 5604 ἐϐεϐαιώθη.

2002 5599 2233 5676 Ibidem
2264 5602 2405 5676 editi
2518 5611 2579 5676 τῇ
2611 5611 2719 5676 τῶνΔ
2737 5602 2935 5655 πολλῶν
2960 5609 3019 5657 et
3049 5599 3084 5653 δ
3088 5606 3361 5653 ἱέσπαστο.
3394 5599 3536 5671 Tres
3562 5603 3668 5649 ve-

2003 5673 2321 5753 tustissimi
2347 5673 2583 5732 codices
2611 5677 2679 5730 ut
2705 5673 2768 5739 in
2800 5677 2983 5731 textu.
