4146 6374
569 354 672 407 995

1943 347 1998 401 s.
2043 314 2292 404 BAsiui
2328 349 2546 404 mam
3862 353 3953 407 99

561 479 658 531 cto
678 491 754 531 ne
778 472 854 530 ad
867 473 1083 530 horam
1104 472 1352 546 quidem
1372 473 1825 530 admisissemus
1841 486 2049 527 eorum
2063 488 2215 527 com-

2336 473 2538 544 άιῖισειαν²
2595 472 2638 524 εὶ
2695 473 2987 534 σκάζοντας
3037 473 3222 531 αύτούς
3283 478 3400 547 περὶ
3439 478 3534 530 τὴν
3579 479 3766 525 πίστιν
3812 475 3997 549 εὖρος

560 565 935 634 munionem,
962 562 1012 618 si
1041 562 1178 619 illos
1222 561 1283 617 in
1308 561 1426 617 ﬁde
1457 559 1868 617 claudicantes
1896 559 2229 632 deprchen-

562 647 885 709 dissemus.
921 652 1055 728 Sed,
1091 652 1142 707 si
1175 651 1491 718 videbitur,
1526 649 1873 705 omittamus
1905 652 2225 722 prmtcrita,

560 743 777 799 futuris
823 749 1025 798 autem
1056 739 1291 797 initium
1325 739 1572 812 aliquod
1628 738 1842 794 demus
1874 739 2222 812 paciﬁcum.

561 835 712 888 Nam
739 815 914 888 nobis
939 828 1197 886 invicem
1241 828 1586 898 indigemus
1624 845 1834 884 omnes
1887 829 2226 884 secundum

561 921 975 977 membrorum
1001 920 1368 988 societatem,
1400 923 1455 974 et
1480 917 1746 973 maxime
1777 918 2058 990 praesenti
2080 924 2229 974 tem-

561 1027 729 1082 pore,
764 1026 887 1082 quo
921 1007 1174 1065 Orientis
1205 1007 1482 1063 Ecclesiae
1521 1008 1600 1064 ad
1631 1023 1742 1062 nos
1772 1007 2118 1078 respiciunt,
2154 1022 2228 1062 ac

558 1107 761 1155 vestra
789 1097 1037 1170 quidem
1068 1097 1181 1152 illis
1212 1096 1540 1152 concordia
1577 1096 1815 1152 roboris
1844 1101 1901 1152 et
1929 1096 2227 1153 ﬁrmitatis

561 1189 669 1244 erit
705 1187 980 1252 occasio;
1025 1187 1133 1241 sed
1183 1186 1233 1242 si
1258 1202 1364 1242 vos
1394 1185 1654 1241 sentiant
1674 1191 1886 1241 mutua
1915 1185 2227 1258 aliquasu-

558 1276 826 1350 spicione
855 1275 1157 1345 laborare,
1189 1275 1563 1330 resolventur
1575 1290 1646 1330 ac
1665 1289 1889 1329 manus
1906 1273 2224 1338 remittent,

557 1367 886 1439 quominus
909 1365 1209 1421 obsistant
1234 1363 1376 1420 fidei
1404 1363 1706 1419 hostibus.

1045 1474 1387 1529 EPlSTOLA
1426 1473 1746 1528 CCLXVll'.

2336 581 2445 634 μεν.
2493 560 2669 624 Ἀλλὰ,
2718 561 2760 614 εἰ
2820 558 2985 629 δοκεῖ,
3039 565 3104 613 τὰ
3146 560 3470 634 παρελθόντα
3527 560 3788 634 ἐάσωμεν,
3847 571 3990 628 τοῖς

2338 647 2396 703 δὲ
2423 650 2598 722 ἑφεξῆς
2631 649 2804 725 ἀρχήν
2835 671 2953 703 τινα
3000 647 3169 723 δῶμεν
3215 651 3500 725 εἰρηνικήν.
3533 652 3825 724 Χρῄζομεν
3854 658 3990 726 γὰρ

2335 737 2562 797 ἀλλήλων
2617 742 2802 801 πάντες
2847 744 2982 791 κατα
3028 744 3122 797 τὴν
3178 748 3276 790 τῶν
3324 740 3486 812 μελῶν
3531 746 3836 809 κοινωνίαν,
3871 747 3988 796 καὶ

2335 829 2567 901 μάλιστα
2605 837 2712 896 νῦν,
2746 829 2830 881 ὅτε
2888 830 2943 880 αἱ
2981 836 3074 890 τῆς
3126 827 3404 890 Ἀνάτολῆς
3459 828 3777 886 Ἐκκλησίαι
3832 835 3986 904 πρὸς

2335 921 2605 990 ἡμᾶς(59)
2661 916 3034 987 ἀποϐλέπουσι,
3090 921 3175 970 καὶ
3232 921 3325 975 τὴν
3373 921 3464 989 με)
3524 920 3784 993 ὑμετέραν
3831 922 3983 994 ὁμό-

2334 1026 2474 1058 νοιαν
2505 1005 2740 1079 ἀφορμὴν
2791 1006 2862 1068 εἰς
2912 1009 3202 1080 στηριγμόν
3245 1011 3335 1058 καὶ
3385 1005 3712 1079 βεϐαιότητα
3742 1008 3980 1080 λήψον-

2335 1115 2441 1148 ται·
2507 1094 2594 1147 ἐὰν
2651 1091 2711 1147 δὲ
2759 1096 3046 1147 αἴσθωνται
3103 1097 3234 1166 ὑμᾶς
3295 1093 3343 1146 ἐν
3402 1095 3607 1167 ὑποψίᾳ
3657 1102 3764 1148 τινὶ
3825 1104 3975 1170 πρὸς

2337 1183 2586 1246 ἀλλήλους
2614 1180 2760 1255 εἶναι⁵
2813 1182 3188 1242 ἐκλυθήσονται
3229 1189 3320 1235 καὶ
3363 1190 3700 1259 παρήσουσιν
3754 1186 3967 1240 ἑαυτῶν

2335 1277 2426 1333 τὰς
2453 1281 2662 1346 χεῖρας,
2707 1277 2834 1344 πρὸς
2871 1277 2929 1325 τὸ
2979 1278 3050 1345 μὴ
3099 1271 3357 1346 ἀνταίρειν
3400 1293 3506 1335 τοις
3553 1274 3828 1348 πολεμίοις
3852 1286 3957 1339 τῆς

2336 1367 2583 1424 πίστεως.

2863 1475 3204 1523 ΕΠΙΣΤΟΛΙΙ
3258 1469 3408 1525 ΣΞΖ’.

562 1581 833 1638 Basilius
854 1581 1034 1650 gravi
1053 1579 1320 1648 corporis
1349 1579 1725 1647 infirmitate,
1759 1579 2073 1650 quominus
2122 1581 2368 1635 Barsam
2397 1577 2669 1650 invisatL
2683 1576 3186 1650 et_Ecctesiaru_m
3219 1590 3367 1632 cura
3394 1577 3691 1650 detentus,
3717 1579 3974 1637 deside-

629 1654 721 1708 rio
740 1668 845 1708 suo
857 1647 983 1720 'per
1022 1647 1257 1707 litteras
1277 1652 1594 1720 satisfacit,
1622 1647 1872 1721 eumcue
1892 1656 2064 1722 rogat
2084 1656 2152 1706 ut
2169 1667 2281 1722 pro
2310 1665 2371 1706 se
2400 1655 2457 1704 et
2483 1664 2594 1718 pro
2616 1647 2890 1704 Ecclesia
2919 1654 3084 1717 oret;
3104 1647 3233 1719 jam
3263 1663 3324 1704 se
3361 1648 3442 1704 ad
3470 1663 3605 1706 eum
3633 1652 3978 1722 scripsisse

629 1724 936 1790 dectarat,
961 1729 1016 1778 et
1042 1723 1319 1793 quaedam
1359 1723 1543 1777 mittit
1567 1723 1951 1779 munuscula.

794 1833 1010 1896 Barsa’,
1045 1831 1315 1898 episcopo
1346 1828 1608 1896 Edessa,
1655 1829 1986 1884 exsulanti.

634 1936 925 2008 Equidem
947 1951 1060 2007 pro
1085 1949 1223 1990 mea
1243 1934 1302 1988 in
1332 1939 1498 1990 tuam
1530 1934 1816 2005 pietatem
1857 1935 2047 1991 animi
2076 1935 2228 1992 affe-

558 2024 753 2080 ctione
785 2029 1134 2095 exoptarem
1151 2039 1358 2079 coram
1380 2023 1615 2092 adesse,
1646 2029 1702 2079 et
1721 2040 1928 2080 veram
1950 2028 2118 2080 tuam
2139 2025 2227 2080 di-

555 2114 874 2169 lectionem
898 2129 1004 2184 per
1029 2129 1126 2168 me
1146 2113 1277 2184 ipse
1311 2112 1619 2184 amplecti,
1651 2129 1722 2168 ac
1756 2113 2077 2168 Dominum
2099 2114 2223 2184 glo-

555 2202 810 2271 riﬁcare,
833 2202 938 2274 qui
967 2201 1028 2256 in
1045 2206 1102 2257 te
1130 2202 1554 2270 magniﬁcatus
1575 2206 1684 2270 est,
1709 2217 1779 2256 ac
1808 2203 2225 2259 venerandam

555 2296 727 2349 tuam
759 2295 1130 2347 senectutem
1161 2290 1446 2363 omnibus
1477 2291 1799 2346 Dominum
1837 2291 1899 2346 in
1928 2294 2224 2348 terrarum

557 2380 704 2437 orbe
727 2379 1383 2436 timentibusillustrem
1415 2395 1486 2434 ac
1499 2379 1895 2450 conspicuam
1927 2381 2219 2453 praistitit.

565 2469 680 2527 Sed
701 2470 849 2541 quia
870 2475 926 2524 et
959 2469 1154 2538 gravis
1184 2468 1454 2540 corporis
1485 2468 1801 2524 inﬁrmitas
1832 2485 1929 2524 me
1953 2468 2218 2538 afﬂictat,

553 2563 612 2613 et
639 2557 1038 2612 Ecclesiarum
1059 2573 1204 2613 cura
1229 2573 1352 2612 non
1383 2556 1741 2613 enarrabilis
1783 2558 1929 2614 mihi
1978 2558 2220 2614 incum-

552 2645 640 2702 bit
663 2661 777 2702 nec
800 2646 862 2701 in
895 2662 1033 2702 mea
1061 2646 1241 2701 situm
1272 2650 1363 2702 est
1382 2651 1698 2718 potestate,
1745 2652 1812 2702 ut
1868 2663 1992 2720 quo
2037 2649 2218 2704 velim

551 2735 921 2808 proﬁciscar,
969 2740 1025 2791 et
1051 2735 1411 2806 congrediar
1437 2735 1808 2806 quibuscum
1847 2735 2057 2806 cupio;
2111 2749 2219 2806 per

550 2823 773 2880 litteras
809 2823 970 2879 lenio
1017 2839 1224 2880 meum
1263 2823 1460 2891 bonis,
1512 2839 1650 2896 quae
1680 2825 1742 2879 in
1782 2829 1838 2880 te
1895 2828 2054 2886 sunt,
2088 2839 2219 2895 per-

551 2913 790 2969 fruendi
847 2913 1215 2969 desiderium
1273 2929 1344 2969 ac
1397 2913 1683 2969 eximiam
1738 2919 1907 2969 tuam
1935 2914 2218 2985 pietatem

553 3003 864 3073 adhortor,
900 3007 964 3059 ut
993 3019 1104 3076 pro
1135 3019 1231 3059 me
1245 3020 1314 3059 ac
1337 3003 1600 3059 Ecclesia
1617 3003 1901 3074 preceris,
1934 3007 1999 3058 ut
2021 3003 2218 3058 Domi-

549 3108 668 3148 nus
697 3093 801 3148 det
829 3093 1006 3148 nobis
1038 3093 1166 3149 sine
1203 3093 1539 3148 offensione
1597 3092 1912 3148 decurrere
1953 3092 2215 3164 reliquos

2505 1827 2708 1901 Βάρση,
2740 1824 3009 1897 ἐπιονιὸπῳ
3040 1822 3316 1894 Ἐδέσσης,
3350 1827 3399 1878 ἐν
3430 1828 3604 1904 ἐξορίᾳ
3641 1833 3777 1886 ὄντι,

2410 1934 2540 2004 Ἐγὼ
2596 1941 2687 1992 τῆς
2743 1929 3025 1993 διαθέσεως
3082 1935 3171 2005 μὲν
3225 1934 3404 2002 ἕνεκεν,
3466 1936 3525 1996 ἧς
3568 1939 3837 2011 ἓχωπερὶ
3863 1943 3976 1996 τὴν

2338 2028 2429 2081 σὴν
2479 2022 2788 2090 θεοσέϐειαν,
2840 2021 3126 2094 ἐπεθύμουν
3180 2023 3338 2085 αὐτὸς
3396 2027 3812 2098 παραγενέσθαι,
3868 2033 3973 2080 καὶ

2337 2107 2411 2162 δι’
2460 2109 2683 2182 ἐμαυτοῦ
2741 2111 3163 2184 περιπτύξασθαί
3218 2131 3313 2164 σου
3372 2118 3460 2170 την
3514 2112 3766 2173 ἀληθινὴν
3815 2115 3969 2186 ἀγοί..

2333 2219 2458 2264 πην,
2525 2205 2616 2252 καὶ
2673 2197 2900 2263 δοξάσαι
2942 2204 3030 2251 τόν
3086 2203 3274 2276 Κύριον
3331 2205 3419 2254 τὸν
3467 2201 3516 2254 ἐν
3567 2209 3651 2256 σοὶ
3690 2205 3967 2276 μεγαλυν-

2337 2290 2504 2352 θέντα,
2552 2294 2641 2342 καὶ
2681 2294 2740 2341 τὸ
2785 2293 2956 2361 τίμιόν
2999 2309 3094 2342 σου
3141 2298 3309 2362 γῆρας
3356 2296 3628 2364 περιφανὲς
3677 2301 3966 2353 κατακτή-

2334 2397 2496 2430 σαντα
2533 2385 2667 2431 πᾶσι
2712 2398 2818 2440 τοις
2863 2378 2911 2430 ἐν
2951 2386 3012 2450 τῇ
3064 2379 3338 2452 οἰκουμένῃ
3392 2380 3729 2454 φοϐουμένοις
3762 2383 3960 2436 αὐτόν·

2331 2464 2510 2527 ἐπειδὴ
2566 2465 2627 2521 δὲ
2671 2474 2760 2520 καὶ
2817 2467 3058 2521 ἀσθένεια
3107 2477 3199 2521 τοῦ
3251 2476 3486 2542 σώματος
3539 2470 3729 2548 βᾶρεία
3784 2485 3960 2527 κατα-

2327 2565 2471 2609 πονεῖ
2521 2577 2600 2630 με,
2649 2562 2737 2610 καὶ
2786 2563 2992 2631 φροντὶς
3029 2558 3350 2616 Ἐκκλησιῶν
3381 2558 3640 2613 ἐπίκειταί
3679 2582 3774 2634 μοι
3807 2563 3956 2634 ἀμύ-

2330 2648 2502 2710 θητος,
2534 2652 2624 2698 καὶ
2673 2647 2769 2699 ούκ
2812 2647 2921 2718 εἰμί
2967 2645 3194 2718 ἐμαυτοῦ
3241 2651 3415 2721 κύριος
3467 2653 3598 2722 πρὸς
3641 2654 3700 2703 τὸ
3733 2649 3953 2710 ἀποδη-

2326 2743 2437 2806 μεῖν
2488 2737 2616 2788 ὅπου
2666 2734 2947 2808 βουλομαι,
3000 2741 3091 2789 καὶ
3145 2741 3523 2809 συντυγχάνειν
3555 2737 3627 2800 οἷς
3676 2739 3953 2813 ἐπιθυμῶ,

2328 2821 2422 2877 διὰ
2459 2832 2548 2877 τοῦ
2601 2827 2911 2897 γράμματος
2958 2823 3207 2877 ἀναπαύω
3250 2830 3338 2878 τὸν
3391 2829 3550 2881 πόθον
3604 2828 3658 2879 ὃν
3709 2831 3826 2900 ἔχω
3860 2830 3952 2884 ἐπὶ

2325 2919 2387 2984 τῇ
2422 2913 2709 2966 ἀπολαύσει
2739 2923 2838 2965 τῶν
2890 2913 2940 2965 ἐν
3001 2919 3084 2967 σοι
3142 2915 3332 2984 καλῶν,
3373 2923 3463 2968 καὶ
3509 2919 3805 2991 παρακαλῶ
3851 2927 3952 2979 τήν

2325 3001 2711 3074 ἀνυπέρϐλητόν
2748 3023 2842 3054 σου
2897 3002 3164 3055 εὐλάϐειαν
3203 3007 3459 3076 εὔχεσθαι
3496 3009 3624 3080 ὑπὲρ
3670 3005 3803 3079 ἐμου
3858 3017 3946 3063 καὶ

2323 3099 2414 3150 τῆς
2443 3089 2776 3157 Ἐκκλησίας,
2825 3094 2906 3143 ῖνα
2946 3093 2972 3143 ὁ
3023 3095 3215 3166 Κύριος
3261 3090 3340 3166 δῷ
3398 3097 3524 3168 ἡμῖν
3584 3095 3935 3170 ἀπροσκόπως

550 3181 678 3237 dies
705 3185 811 3237 aut
835 3181 1017 3237 horas
1039 3181 1543 3253 peregrinationis
1585 3186 1824 3251 nostrae,
1857 3196 1929 3236 ac
1975 3185 2215 3253 praestet

2326 3179 2591 3253 παρελθεῖν
2630 3182 2719 3240 τὰς
2763 3180 3091 3253 λυπουμένας
3144 3183 3339 3255 ἡμέρας
3399 3185 3427 3242 ἣ
3486 3186 3625 3259 ὧρας
3673 3194 3770 3247 τῆς
3813 3207 3945 3261 παρ-

549 3272 752 3339 etiam,
785 3274 850 3326 ut
878 3271 1197 3327 videamus
1229 3287 1446 3343 pacem
1473 3270 1876 3326 Ecclesiarum
1926 3270 2134 3343 ipsius,
2160 3275 2218 3328 et

548 3366 681 3416 tum
707 3361 780 3415 de
803 3359 1051 3432 reliquis
1083 3361 1200 3416 tuis
1228 3360 1660 3416 comministris
1691 3376 1763 3416 ac
1785 3359 2213 3416 commilitoni-

547 3450 664 3505 bus
695 3449 1020 3505 audiamus
1051 3466 1122 3505 ea
1143 3465 1280 3522 qua:
1312 3465 1653 3521 precamur,
1704 3454 1834 3506 tum
1883 3449 1958 3506 de
1997 3450 2210 3522 teipso,

547 3554 686 3611 quae
711 3538 807 3594 die
827 3554 898 3594 ac
929 3545 1104 3595 nocte
1132 3539 1342 3610 populi
1370 3539 1480 3595 tibi
1531 3538 1758 3595 subditi
1803 3539 2135 3609 efﬂagitant
2175 3557 2214 3598 a

549 3626 806 3683 Domino
831 3627 1095 3699 justitiae.
1132 3628 1290 3684 Scito
1318 3633 1523 3684 autem
1552 3643 1650 3684 me
1681 3627 1861 3700 414
1891 3644 2016 3684 non
2048 3645 2214 3700 saepe

547 3717 795 3790 quidem
828 3718 1161 3789 scripsisse,
1201 3733 1314 3773 nec
1342 3718 1576 3790 quoties
1605 3734 1719 3790 par
1747 3718 1959 3787 fuerat,
1992 3719 2098 3774 sed
2127 3725 2213 3775 ta-

545 3823 689 3862 men
721 3807 1034 3878 scripsisse
1065 3807 1143 3864 ad
1174 3812 1340 3862 tuam
1362 3807 1665 3879 pietatem.
1691 3813 1773 3863 Ac
1799 3808 1949 3864 forte
1967 3824 2089 3864 non
2110 3824 2215 3880 p0-

546 3900 790 3953 tuerunt
817 3912 1056 3952 servare
1112 3897 1504 3953 salutationes
1555 3912 1745 3968 meas,
1800 3897 1906 3969 qui
1943 3897 2212 3954 ministe-

544 3985 704 4040 rium
724 3983 1056 4040 litterarum
1078 3989 1471 4057 susceperant
1501 3985 1730 4042 fratres.
1750 3986 1863 4041 Sed
1882 4001 2045 4042 nunc
2071 4003 2212 4042 cum

547 4075 724 4145 copia
744 4075 816 4130 sit
843 4075 993 4130 mihi
1015 4075 1427 4146 quorumdam
1455 4092 1486 4130 e
1516 4075 1736 4130 nostris
1757 4075 1836 4131 ad
1866 4081 2033 4132 tuam
2051 4080 2212 4148 :prm-

547 4163 831 4220 stantiam
860 4164 1392 4236 proﬁciscentium,
1427 4167 1486 4219 et
1519 4164 1742 4221 litteras
1792 4165 1878 4220 eis
1935 4165 2212 4222 commisi

542 4251 819 4320 libenter,
852 4256 908 4308 et
935 4252 1076 4308 misi
1104 4251 1421 4321 nonnulla,
1440 4268 1577 4324 quae
1599 4251 1852 4322 dignare
1873 4270 1909 4310 a
1939 4271 2075 4310 mea
2103 4254 2212 4310 hu-

544 4340 792 4397 militate
835 4340 1142 4413 suscipere
1172 4341 1299 4396 sine
1330 4340 1594 4408 fastidio,
1617 4357 1689 4397 ac
1729 4341 1877 4398 mihi
1931 4342 2208 4416 exemplo

543 4433 713 4487 Isaac
733 4431 1090 4503 patriarchae
1116 4431 1470 4487 benedicere
1491 4433 1559 4486 ‘0.
1585 4432 1759 4497 Quod
1777 4432 1829 4487 si
1855 4433 2005 4506 quid
2026 4433 2208 4489 etiam

2322 3267 2612 3342 επιδημίας
2658 3273 2824 3343 ἡμῶν·
2880 3273 3159 3346 παράσχοι
3213 3269 3273 3325 δὲ
3329 3276 3454 3346 ἡμῖν
3511 3279 3602 3327 καὶ
3660 3273 3794 3329 ἰδεῖν
3841 3283 3943 3335 τὴν

2321 3358 2527 3430 εἰρήνην
2571 3367 2670 3410 τῶν
2710 3352 3030 3417 Ἐκκλησιῶν
3077 3362 3260 3428 αὐτοῦ,
3311 3374 3402 3415 καί
3442 3362 3671 3417 ἀκοῦσαι
3714 3372 3830 3438 περί
3872 3385 3932 3418 τε

2320 3455 2420 3499 τῶν
2449 3447 2639 3500 λοιπῶν
2691 3448 3103 3525 συλλειτουργῶν
3157 3470 3252 3503 σου
3295 3456 3386 3504 καὶ
3432 3460 3532 3504 τῶν
3593 3454 3936 3513 συναθλητῶν

2320 3537 2353 3588 ἃ
2419 3537 2702 3610 εὐχόμεθα,
2762 3544 2851 3591 καί
2895 3545 3016 3612 περὶ
3057 3549 3154 3593 σου
3193 3541 3373 3608 αὑτοῦ,
3407 3541 3652 3604 ἂνυκτὸς
3682 3547 3798 3613 (60)
3839 3549 3936 3597 καὶ

2320 3629 2517 3699 ἡμέρας
2545 3629 2594 3679 οἱ
2641 3629 2742 3681 ὑπὸ
2771 3632 2830 3680 σε
2859 3627 2976 3680 λαοὶ
3002 3629 3229 3689 ζητοῦσι
3266 3633 3412 3702 παρὰ
3445 3639 3538 3684 τοῦ
3585 3637 3779 3705 Κυρίου
3830 3642 3938 3696 τῆς

2320 3711 2685 3777 δικαιοσύνης.
2735 3721 2961 3769 Γίνωσκε
3018 3714 3098 3786 δὲ,
3158 3720 3240 3770 ὃτι
3289 3718 3535 3780 πολλάκις
3587 3724 3675 3792 μὲν
3705 3720 3800 3773 οῦκ
3842 3721 3936 3774 ἐπ-

2321 3803 2636 3876 εστείλαμεν,
2714 3803 2838 3858 οὐδὲ
2911 3807 3093 3866 ὁσάκις
3160 3806 3480 3880 ὀφειλόμενον
3548 3806 3631 3878 ἦν,
3699 3809 3936 3864 ἐπεστεί-

2318 3892 2474 3964 λαμεν
2525 3890 2585 3946 δὲ
2639 3895 2778 3966 ὅμως
2834 3902 2895 3966 τῇ
2967 3895 3233 3968 θεοσεϐείᾳ
3283 3917 3404 3952 σου.
3466 3903 3568 3952 Καὶ
3633 3901 3782 3971 τάχα
3836 3900 3937 3952 οὐκ

2319 3978 2664 4041 ἠδυνήθησαν
2711 3980 2981 4036 διασῶσαι
3018 3988 3107 4045 τὰς
3145 3991 3508 4061 προσηγορίας
3558 3989 3707 4061 ἡμῶν
3759 3990 3810 4040 οἱ
3849 4009 3939 4042 πι-

2321 4073 2611 4133 στευθέντες
2668 4077 2761 4131 τὴν
2820 4070 3090 4126 διακονίαν
3143 4083 3244 4126 τῶν
3301 4078 3626 4150 γραμμάτων
3685 4073 3934 4150 ἀδελφοί.

2320 4160 2474 4213 Ἀλλὰ
2530 4169 2640 4231 νῦν,
2684 4160 2864 4220 ἐπειδὴ
2925 4161 3248 4236 ἐπετύχομεν
3297 4167 3558 4238 ἡμετέρων
3615 4174 3716 4218 τῶν
3777 4163 3932 4220 ὁδοι-

2317 4253 2612 4322 πορούντων
2667 4253 2798 4324 πρὸς
2858 4256 2952 4309 τὴν
3009 4258 3106 4310 σὴν
3155 4257 3456 4326 τιμιότητα,
3508 4259 3600 4307 καὶ
3655 4258 3724 4308 τὰ
3749 4258 3930 4328 γράμ-

2316 4357 2459 4409 ματα
2523 4339 2693 4401 αὐτοῖς
2745 4339 3134 4415 ἐνεχειρίσαμεν
3185 4345 3488 4417 προθύμως,
3535 4348 3626 4396 καί
3678 4341 3928 4398 ἀπεστεί-

2317 4425 2474 4500 λαμέν
2523 4430 2636 4500 (61)
2703 4450 2838 4499 τινα,
2893 4430 2929 4483 ἂ
2981 4432 3307 4495 καταξίωσον
3359 4429 3724 4496 ὑποδέξασθαι
3778 4438 3928 4506 παρὰ

543 4523 610 4576 ut
631 4521 909 4591 occupati
925 4520 1320 4593 animumque
1335 4536 1617 4578 curarum
1635 4520 2015 4577 multitudine
2027 4521 2206 4578 obru-

2326 4525 2408 4578 τῆς
2465 4520 2717 4593 ἡμετέρας
2774 4525 3128 4581 ταπεινώσεως
3171 4519 3593 4595 ἀνυπερηφάνως,
3645 4529 3735 4576 καὶ
3785 4522 3928 4576 τύλο-

543 4613 673 4664 tum
701 4609 1017 4677 habentes,
1041 4610 1244 4666 decori
1276 4610 1675 4680 negleximus,
1707 4611 1856 4667 mihi
1883 4628 1959 4667 ne
2011 4612 2204 4683 impu-

543 4697 781 4768 taveris,
808 4714 1005 4770 neque
1038 4698 1319 4754 afticiaris
1351 4698 1582 4754 tristitia
1607 4715 1619 4753 :
1655 4698 1762 4753 sed
1791 4704 1962 4755 tuam
1993 4699 2053 4755 in
2072 4715 2204 4756 om-

543 4787 725 4842 nibus
750 4787 1178 4859 perfectionem
1202 4787 1440 4843 imitare
1465 4805 1478 4843 :
1512 4791 1578 4843 ut
1607 4792 1664 4843 et
1712 4803 1826 4845 nos
1857 4789 2071 4845 virtute
2098 4797 2206 4846 tua

544 4875 947 4948 perfruamur,
975 4876 1501 4950 quemadmodum
1531 4880 1588 4934 et
1616 4876 1832 4950 reliqui
1853 4880 2202 4936 omnes.Sa-

615 5072 662 5108 ⁸ο
693 5073 836 5129 Gen.
863 5089 1041 5141 xxvu,
1063 5077 1152 5130 27.

610 5288 633 5309 '
683 5283 844 5366 Alias
897 5285 1231 5366 C‘CQXLXVII.
1279 5287 1510 5366 Scripta
1587 5287 1826 5348 videtur
1881 5306 2044 5350 anno
2093 5297 2197 5352 37':

539 5361 813 5421 exeunte,
848 5362 950 5412 aut
980 5361 1082 5412 378
1111 5361 1374 5415 ineunte.

607 5431 717 5507 (59)
797 5431 946 5507 [Labr
981 5430 1136 5507 ἡμᾶς.
1171 5429 1378 5507 μευ-1.,
1435 5431 1606 5507 Cois].
1678 5434 1931 5504 primus,
1975 5437 2195 5507 Regius

534 5499 787 5577 primus,
821 5499 1027 5577 Paris;
1063 5505 1118 5555 et
1169 5499 1514 5577 Βὶεοιζπρός
1545 5499 1702 5577 ἡμεῖςῖ
1745 5499 2194 5577 ιηίτει’ΒθεΪερυ

537 5569 774 5651 cundus
800 5573 856 5626 et
877 5569 1047 5628 Coisl.
1087 5572 1390 5629 secundus
1425 5569 1526 5631 ’τὴν
1565 5569 1838 5651 ἡμετέραν,
1870 5583 1929 5638 et
1962 5569 2193 5633 αῖὲθων-

536 5653 623 5693 “rw.
660 5646 689 5695 ἡ
695 5646 816 5710 μᾶς.

2314 4616 2482 4678 γῆσαι
2519 4610 2659 4680 ἡμᾶς
2713 4612 2848 4662 κατὰ
2899 4615 3126 4684 μίμησιν
3171 4618 3262 4663 τοῦ
3319 4615 3660 4687 πατριάρχου
3712 4612 3920 4671 Ἰσαάκ.

2315 4697 2373 4750 Εἰ
2443 4693 2502 4750 δέ
2551 4717 2620 4770 τι,
2678 4703 2766 4750 καὶ
2811 4701 2882 4761 ὡς
2937 4698 3340 4773 ἀσχολούμενοι,
3399 4706 3490 4753 καὶ
3537 4703 3638 4754 ὑπὸ
3685 4701 3923 4766 πλήθους

2315 4783 2598 4861 φροντίδων
2637 4791 2724 4840 τὸν
2779 4796 2896 4840 νοῦν
2937 4787 3293 4862 βαπτισμένον
3341 4793 3572 4861 ἔχοντες,
3602 4787 3922 4865 παρείδομῶρ

2313 4884 2414 4927 τῶν
2467 4879 2783 4950 πρεπόντων,
2843 4881 2912 4948 μη
2975 4877 3162 4950 λογίση
3239 4881 3386 4951 ἡμῖν,
3454 4875 3596 4952 μηδέ
3660 4879 3918 4945 λυπηθῇς·

2383 5293 2492 5366 (60)
2535 5293 2599 5366 Ἃ
2637 5296 2842 5357 νυκτός.
2877 5295 3028 5352 Editi
3057 5297 3092 5349 ἃ
3133 5299 3222 5350 καὶ
3272 5301 3485 5360 νυκτός.
3543 5299 3720 5356 Deest

2304 5359 2535 5488 yenatio
2552 5365 2612 5421 in
2633 5366 2937 5440 plerisque
2960 5369 3299 5426 mss.Paulo
3321 5359 3459 5427 ante
3480 5367 3905 5444 (Ιοίειφι-ὶίιὶῖιῖ

2308 5456 2341 5488 α
2379 5453 2562 5488 λητων.

2308 5453 2562 5494 αυλητων.

2377 5511 2492 5577 (61)
2531 5509 2949 5584 Ἀπεστείλαμεν.
2993 5511 3269 5584 Quinque
3315 5511 3555 5570 codices
3603 5511 3910 5584 ima-rtka

2303 5584 2718 5713 Ezeguatuor
2743 5581 3058 5654 ἐστείλαμεν.
3090 5581 3220 5641 M03:
3249 5584 3442 5642 codex
3469 5584 3786 5668 Medicam:
3817 5581 3906 5642 δὲὲ

2337 5654 2518 5708 ασθαα

3587 6351 3614 6356 ...
3696 6347 3740 6354 -..
3825 6349 3844 6354 ι
3918 6349 3938 6356 -,.
3999 6349 4067 6362 μή..
