4146 6376
379 295 516 351 1009

1305 281 1790 340 EPISTOLARUM
1829 275 2111 337 CLASSIS
2150 279 2219 334 II.
2257 275 2472 336 EPIST.
2516 273 2804 332 CCLXXV.

3610 267 3751 325 1010

374 417 644 492 γίζεσθαι,
703 414 793 469 τὸν
851 408 1271 486 αἰδεσιμώτατον
1316 404 1536 480 ἀδελφὸν
1588 407 1736 479 ἡμῶν
1791 404 1977 481 Ἥραν,

2098 401 2588 460 colendissimum
2609 399 2853 456 fratrem
2872 400 3148 455 nostrum
3170 399 3602 467 Heram,quem
3623 406 3749 450 non

375 509 430 562 ὃν
470 507 528 561 οὐ
579 506 718 559 κατὰ
769 504 1048 562 συνήθειάν
1100 519 1216 555 τινα
1258 495 1478 571 ἀδελφὸν
1532 498 1680 569 ἡμῶν
1719 513 1984 570 προσαγο-

376 600 609 674 ρεύομεν,
657 593 788 647 ἄλλὰ
832 593 968 646 κατὰ
1019 589 1398 666 ἀκριϐεστάτην
1438 591 1527 640 καὶ
1547 583 1798 659 οὐδεμίαν
1829 587 1982 656 ἔχου-

379 707 476 741 σαν
506 688 584 756 (8)
614 682 902 759 ὑπερϐολὴν
955 689 1053 743 τῆς
1102 677 1270 753 φιλίας
1328 675 1585 747 διάθεσιν,
1630 682 1857 728 συνιστώ
1886 694 1980 726 σου

377 785 440 852 τῇ
500 778 750 849 ὑπερφυεί
813 772 1192 842 καλοκαγαθίᾳ,
1244 773 1335 820 καὶ
1364 766 1648 840 παρακαλῶ
1678 767 1878 825 οἰκείως
1904 764 1979 834 {9)

377 886 432 920 τε
462 865 617 918 αὐτὸν
674 863 988 927 θεάσασθαι,
1041 864 1133 912 καὶ
1189 863 1283 916 τὴν
1329 859 1465 910 κατὰ
1504 853 1726 928 δύναμίν
1769 875 1853 907 σοι
1881 874 1979 906 πα-

375 956 683 1030 ρασχέσθαι
738 951 880 1023 αὐτῷ
930 953 1264 1024 προστασίαν
1313 946 1360 999 ἐν
1417 947 1494 1009 οἷς
1551 945 1612 998 ἂν
1661 943 1846 1003 δέηται
1889 953 1982 1007 τῆς

376 1044 717 1119 μεγαλονοίας
771 1061 886 1095 σου·
939 1041 1076 1091 ὥστε
1123 1057 1186 1110 με
1223 1043 1334 1098 τοῖς
1371 1035 1580 1097 πολλοῖς
1619 1037 1696 1095 οἷς
1739 1031 1847 1093 ἤδη
1898 1053 1980 1088 τε-

377 1136 596 1206 τύχηκα
628 1134 889 1208 παρὰλσοὶ
920 1128 1136 1202 ἀγαθοῖς
1160 1131 1251 1182 καὶ
1275 1128 1472 1185 ταύτην
1493 1127 1634 1198 ἔχειν
1660 1129 1755 1184 τήν
1781 1124 1980 1200 εὐεργε-

381 1241 501 1278 σιαν
527 1221 747 1296 συναριθ
751 1226 884 1295 μεῖν.

913 1346 1252 1398 ΕΙΙΙΣΤΟΛΗ
1292 1340 1447 1401 ΣΟΔ’.

2094 509 2167 550 ex
2195 492 2467 566 quadam
2497 489 2936 547 consuetudine
2963 487 3208 544 fratrem
3240 485 3498 558 appello,
3535 483 3640 539 sed
3675 497 3750 538 ex

2094 581 2567 647 accuratissima,
2600 584 2655 635 et
2683 595 2808 650 qua
2838 577 3035 648 major
3073 592 3203 631 esse
3236 591 3354 630 non
3384 573 3576 646 possit
3603 569 3749 627 ami-

2093 673 2243 728 citiae
2269 671 2602 748 affectione,
2630 685 2887 724 summae
2909 672 3026 722 tua;
3049 664 3333 739 probitati
3359 663 3745 724 commendo,

2093 778 2164 820 ac
2193 778 2362 833 rogo,
2404 766 2467 816 ut
2509 765 2565 816 et
2607 759 2774 814 illum
2824 775 2942 814 non
2992 773 3165 811 secus
3216 771 3287 810 ac
3333 751 3748 810 necessarium

2095 857 2264 909 tuum
2296 850 2654 924 conspicias,
2700 849 2874 921 eique
2922 864 3032 919 pro
3078 845 3307 900 viribus
3345 841 3746 916 patrocinium

2092 941 2435 1014 impendas,
2463 941 2684 1013 quibus
2710 939 2771 994 in
2794 937 2973 993 rebus
2995 952 3152 1007 opus
3184 936 3234 990 ei
3270 932 3445 988 fuerit
3467 937 3569 985 tua
3598 946 3747 1000 pru-

2091 1031 2315 1100 dentia;
2339 1031 2492 1087 adeo
2521 1035 2583 1086 ut
2607 1029 2758 1084 inter
2784 1026 2989 1097 multa,
3025 1042 3161 1098 quae
3188 1024 3315 1094 jam
3345 1022 3419 1077 de
3442 1037 3537 1075 me
3571 1019 3747 1075 meri-

2091 1126 2188 1180 tus
2210 1137 2292 1189 es,
2325 1121 2441 1177 hoc
2471 1119 2652 1181 etiam
2680 1116 3045 1175 beneﬁcium
3074 1129 3393 1170 numerare
3422 1109 3672 1185 possim.

2458 1335 2638 1410 420
2678 1334 2920 1391 EPlSTO
2931 1333 3019 1389 LA
3057 1331 3388 1388 CCLXXIV'.

454 1487 848 1549 Commendat
875 1485 1147 1544 Himerio
1176 1483 1446 1542 eumdem
1474 1483 1724 1550 Heram,
1750 1497 1922 1557 quem
1943 1481 2019 1539 ab
2049 1481 2317 1553 infantia
2343 1493 2529 1553 usque
2552 1478 2635 1536 ad
2662 1480 3022 1535 senectutem
3052 1475 3311 1530 amicum
3352 1469 3671 1527 habuerat.

833 1621 1036 1695 Ἱμερίῳ
1066 1619 1179 1692 (10)
1219 1623 1521 1696 μαγίστρῳ.

2607 1601 2883 1669 Himerio
2915 1606 3226 1678 magistro.

446 1748 508 1803 Ἦ
545 1751 679 1825 πρὸς
715 1750 803 1801 τὸν
860 1743 1279 1820 αἰδεσιμώτατον
1333 1740 1553 1817 ἀδελφὸν
1608 1743 1774 1819 Ἦραν
1841 1743 1977 1818 φιλία

2163 1742 2364 1800 Meam
2395 1757 2532 1797 cum
2555 1738 2736 1796 fratre
2775 1732 3206 1792 colendissimo
3237 1730 3389 1784 Hera
3418 1723 3746 1780 amicitiam

377 1860 470 1915 μοι
507 1844 598 1893 καὶ
652 1838 922 1904 συνήθεια,
973 1837 1054 1889 ὅτι
1107 1834 1165 1888 ἔκ
1217 1837 1352 1888 πάνυ
1414 1831 1610 1896 παιδὸς
1661 1839 1754 1894 τὴν
1808 1832 1985 1909 ἀρχὴν

379 1928 548 1998 ἔλαϐε,
604 1933 696 1980 καὶ
746 1931 911 2002 μέχρι
961 1932 1139 2002 γήρως
1198 1929 1581 2001 συμπαρέμεινε
1618 1925 1732 1996 (11)
1785 1933 1847 1998 τῇ
1895 1931 1985 1978 τοῦ

382 2026 518 2072 Θεοῦ
568 2019 778 2094 χάριτι,
831 2020 1021 2078 παντὸς
1070 2017 1276 2089 ἄμεινον
1320 2019 1410 2068 καὶ
1463 2014 1622 2078 αὐτὸς
1675 2012 1982 2069 ἐπίστασαι.

383 2104 584 2181 Σχεδὸν
621 2109 723 2180 γὰρ
775 2110 866 2160 καὶ
923 2110 1018 2166 τὴν
1073 2113 1167 2168 τῆς
1226 2114 1324 2168 σῆς
1377 2105 1725 2178 μεγαλοφυὶας
1775 2103 1985 2177 ἀγάπην

383 2196 437 2260 ἐξ
488 2195 680 2251 ἐκείνου
727 2197 853 2269 ἡμῖν
910 2196 936 2248 ὁ
990 2197 1175 2269 Κύριος
1227 2193 1540 2270 ἐχαρίσατο,
1610 2193 1662 2258 ἐξ
1717 2195 1836 2247 ὅτου
1893 2198 1985 2248 καὶ

381 2290 477 2344 τὴν
531 2288 659 2360 πρὸς
715 2283 966 2348 ἀλλήλους
1021 2286 1148 2358 ἡμῖν
1195 2292 1389 2357 γνῶσιν
1441 2283 1799 2356 προεξένησεν.
1842 2282 1986 2336 Ἐπεὶ

381 2371 470 2428 οὖν
499 2371 670 2428 δεῖται
706 2381 802 2437 τῆς
841 2376 986 2447 παρὰ
1043 2379 1138 2426 σοῦ
1185 2378 1538 2446 προστασίας,
1585 2371 1872 2447 παρακαλῶ
1929 2391 1986 2425 σε

378 2470 470 2518 καὶ
507 2467 845 2534 καθικετεύω,
885 2473 948 2538 τῇ
991 2483 1047 2517 τε
1092 2462 1300 2538 ἀρχαίᾳ
1342 2464 1454 2535 (12)
1502 2468 1620 2539 περὶ
1667 2465 1807 2536 ἡμᾶς
1860 2460 1986 2517 δια-

384 2556 523 2608 θέσει
565 2554 938 2629 χαριζόμενον,
982 2558 1073 2607 καὶ
1130 2562 1190 2626 τῇ
1248 2560 1337 2606 νῦν
1389 2555 1738 2626 κατασχούσῃ
1783 2551 1982 2626 ἀνάγκῃ

379 2647 711 2719 προσχόντα,
763 2644 924 2704 οὕτως
970 2643 1348 2696 οἰκειώσασθαι
1403 2645 1470 2695 τὰ
1515 2644 1631 2694 κατ’
1660 2641 1815 2694 αὑτὸν
1854 2644 1984 2716 πράο

379 2753 581 2806 γματα,
613 2734 747 2786 ὥστε
770 2729 1037 2806 μηδεμιᾶς
1056 2733 1212 2785 αὐτὸν
1233 2731 1403 2808 ἐτέρας
1431 2734 1760 2807 προστασίας
1792 2727 1825 2783 δ
1830 2732 1984 2790 εηθῆ-

381 2842 487 2890 ναι,
521 2820 626 2874 ἀλλ’
651 2821 939 2875 ἐπανελθεῖν
975 2826 1101 2896 πρὸς
1145 2823 1284 2894 ἡμᾶς
1324 2823 1493 2874 πάντα
1522 2819 1982 2892 καταπραξάμενον

378 2914 446 2965 τὰ
475 2911 589 2964 κατ’
622 2911 804 2985 εὐχάς·
837 2913 972 2973 ὥστε
995 2920 1107 2973 ταῖς
1135 2911 1347 2974 πολλαῖς
1377 2901 1465 2974 αἶς
1485 2912 1808 2982 πεπόνθαμεν
1838 2911 1982 2981 παρὰ

380 3008 476 3054 σοῦ
505 3001 848 3076 εὐεργεσίαις,
897 3006 987 3054 καὶ
1033 3003 1229 3061 ταύτην
1275 3003 1415 3074 ἡμᾶς
1445 3002 1585 3072 ἔχειν
1619 2999 1976 3072 συναριθμεῖν,

376 3085 435 3151 ἧς
472 3091 568 3142 οὐκ
597 3090 657 3142 ἂν
704 3091 920 3164 μείζονα
968 3091 1193 3159 ἑαυτοῖς,
1238 3087 1363 3144 οὐδὲ
1405 3088 1596 3164 μᾶλλον
1626 3090 1752 3162 ἡμῖν
1793 3083 1980 3161 διαφέ-

370 3198 568 3255 ρουσαν
598 3179 920 3255 εὑρίσκοντες
948 3180 1300 3254 οἰκειούμεθα.

907 3311 1244 3360 ΕΗΙΣΤΟΛΗ
1283 3302 1440 3360 ΣΟΕ’.

2091 1836 2150 1890 et
2178 1830 2679 1889 consuetudinem
2710 1843 2746 1884 a
2775 1840 2964 1899 puero
2988 1835 3235 1894 prorsus
3259 1815 3560 1887 incepisse
3589 1817 3644 1868 et
3670 1812 3748 1868 ad

2091 1926 2460 1979 senectutem
2490 1933 2682 1992 usque
2722 1916 2825 1972 Dei
2871 1913 3034 1970 dono
3079 1921 3517 1984 perseverasse,
3565 1918 3747 1958 nemo

2090 2016 2179 2070 est
2207 2013 2314 2085 qui
2344 2008 2558 2068 melius
2587 1991 2773 2080 quam
2803 2010 2867 2061 tu
2909 1997 3304 2076 perspexerit.
3351 1997 3555 2050 Ferme
3586 1991 3747 2047 enim

2091 2105 2149 2158 et
2168 2082 2285 2158 tute
2325 2095 2842 2168 magnanimitatis
2880 2089 3208 2149 amicitiam
3239 2085 3316 2142 ab
3346 2082 3446 2139 illo
3477 2087 3748 2152 tempore

2089 2190 2268 2248 nobis
2326 2189 2616 2246 Dominus
2660 2184 2911 2254 largitus
2961 2185 3071 2250 est,
3115 2193 3188 2233 ex
3226 2189 3350 2248 quo
3378 2172 3557 2227 etiam
3596 2169 3749 2224 inter

2089 2295 2225 2348 nos,
2269 2294 2342 2334 eo
2384 2277 2669 2342 donante,
2713 2269 3132 2343 cognovimus.
3183 2265 3330 2319 Cum
3359 2259 3537 2332 igitur
3567 2257 3619 2313 ei
3642 2261 3747 2312 tuo

2090 2366 2425 2442 patrocinio
2446 2380 2603 2438 opus
2635 2363 2728 2426 sit,
2762 2361 3047 2417 adhortor
3089 2361 3144 2410 te
3183 2369 3254 2409 ac
3279 2365 3449 2420 rogo,
3481 2351 3549 2442 ut
3579 2351 3749 2402 etveo

2089 2437 2199 2516 teri
2227 2461 2445 2514 nostrae
2476 2451 2752 2510 amicitiae
2774 2447 3005 2521 aliquid
3027 2444 3320 2510 tribuens,
3339 2443 3397 2494 et
3425 2437 3503 2494 ad
3525 2450 3748 2506 urgen-

2090 2553 2211 2603 tem
2243 2562 2404 2602 nunc
2433 2541 2853 2599 necessitatem
2884 2540 3164 2600 attentus,
3207 2532 3291 2587 ita
3319 2527 3562 2598 negotia
3589 2523 3746 2579 illius

2089 2643 2197 2693 tua
2225 2636 2435 2704 facias,
2491 2637 2556 2689 ut
2604 2631 2770 2687 nullo
2829 2627 2945 2684 alio
2992 2620 3330 2698 patrocinio
3377 2619 3582 2688 egeat:
3639 2611 3748 2668 sed

2089 2725 2374 2782 omnibus
2399 2740 2471 2779 ex
2499 2721 2790 2778 sententia
2820 2711 3123 2782 confectis,
3147 2711 3225 2768 ad
3251 2725 3363 2765 nos
3391 2707 3744 2762 revertatur:

2089 2815 2244 2872 adeo
2274 2819 2338 2869 ut
2366 2814 2518 2870 inter
2542 2811 2733 2867 multa
2752 2805 3047 2865 beneﬁcia
3066 2819 3204 2876 quae
3233 2805 3294 2856 tu
3317 2799 3379 2854 in
3405 2812 3502 2852 me
3530 2799 3730 2849 contu.

2087 2903 2230 2972 listi,
2279 2902 2428 2959 illud
2484 2901 2667 2957 etiam
2720 2911 2944 2971 queam
2993 2905 3336 2958 numerare,
3376 2901 3500 2958 quo
3540 2882 3743 2952 majus

2089 2993 2276 3063 aliud,
2308 2997 2413 3050 aut
2438 2989 2604 3066 quod
2624 2987 2819 3058 magis
2842 3001 2979 3042 mea
2998 2983 3234 3053 referat,
3253 2976 3400 3034 mihi
3421 2973 3744 3032 attribuere

2088 3099 2160 3144 ac
2181 3083 2487 3141 vindicare
2517 3095 2640 3138 non
2666 3077 2922 3152 possim.

2566 3295 2904 3354 EPISTOLA
2941 3288 3267 3348 CCLXXV“.

895 3440 1102 3498 Eidem
1130 3441 1310 3500 Herae
1335 3440 1744 3512 patrocinium
1782 3438 2074 3510 implorat
2110 3435 2399 3494 adversus
2435 3433 2823 3492 inimicorum
2860 3425 3220 3486 calumnias.

799 3583 1192 3660 ’Δνεπίγραφος,
1226 3589 1345 3661 περὶ
1386 3592 1544 3661 Ἥρα.

445 3707 730 3784 Προέλαϐες
775 3710 869 3772 τὰς
910 3709 1032 3783 παρ’
1077 3711 1224 3784 ἡμῶν
1255 3711 1368 3781 (13)
1419 3708 1782 3786 παρακλήσεις
1819 3706 1868 3761 ἐν
1906 3713 1970 3781 τῇ

371 3800 503 3870 πρὸς
555 3801 642 3851 τὸν
689 3795 1110 3872 αἰδεσιμώτατον
1167 3797 1387 3874 ἀδελφὸν
1440 3801 1554 3872 (14)
1609 3801 1756 3873 ἡμῶν
1806 3803 1972 3872 Ἥραν

374 3880 628 3952 διαθέσει,
675 3892 766 3940 καὶ
819 3891 1037 3960 γέγονας
1093 3887 1233 3960 αὐτῷ
1300 3888 1465 3961 εὐχῆς
1517 3887 1738 3961 ἀμείνων
1778 3895 1878 3940 τῶν
1916 3905 1972 3940 τε

367 3983 531 4047 τιμῶν
573 3982 690 4038 ταῖς
743 3975 1048 4050 ὑπερϐολαῖς
1103 3974 1184 4038 αἶς
1237 3983 1304 4039 εἰς
1352 3979 1508 4030 αὐτὸν
1565 3974 1810 4039 ἐπεδείξω
1857 3974 1972 4047 (15)

365 4069 456 4117 καὶ
498 4071 615 4128 ταῖς
665 4064 738 4138 ἐφ’
783 4065 1006 4119 ἑκάστου
1060 4075 1246 4143 καιροῦ
1293 4071 1668 4142 προστασίαις.
1698 4065 1877 4138 Ὀμως
1908 4061 1968 4118 δὲ

363 4158 454 4207 καὶ
498 4155 664 4227 ἡμεῖς,
717 4151 899 4214 ἐπειδὴ
957 4163 1132 4230 σιωπῇ
1189 4160 1353 4231 φέρειν
1406 4159 1473 4209 τὰ
1518 4155 1633 4210 κατ’
1693 4154 1848 4207 αὐτὸν
1907 4154 1965 4208 οὗ

367 4238 657 4317 δυνάμεθα,
691 4243 1091 4318 παρακαλοῡμέν
1155 4264 1251 4299 σου
1303 4251 1397 4305 τὴν
1451 4244 1830 4320 ἀνυπέρϐλητον
1869 4263 1966 4296 .τι-

363 4339 590 4406 μιότητα
644 4338 735 4386 καὶ
785 4335 858 4396 εὶς
904 4337 1158 4410 ἡμετέραν
1206 4338 1369 4413 χάριν
1425 4339 1732 4412 προσθεῖναι
1792 4342 1855 4408 τῇ
1901 4335 1968 4397 εἰς

365 4426 454 4476 τὸν
483 4420 654 4498 ἄνδρα
682 4421 917 4500 σπουδῇ,
962 4431 1053 4479 καὶ
1091 4424 1400 4499 ἀποπέμψαι
1431 4426 1585 4479 αὐτὸν
1631 4433 1692 4499 τῇ
1743 4422 1970 4500 πατρίδι

2429 3575 2571 3635 Sine
2597 3573 3011 3644 inscriptione,
3057 3583 3170 3641 pro
3199 3566 3387 3622 Hera.

2152 3703 2507 3764 Prtevertisti
2525 3717 2733 3776 preces
2754 3714 2921 3756 meas
2942 3700 3044 3753 tua
3067 3709 3211 3763 erga
3239 3684 3740 3746 colendissimum

2081 3797 2326 3855 fratrem
2358 3772 2634 3850 nostrum
2655 3791 2870 3846 Heram
2903 3785 3088 3842 animi
3121 3779 3456 3850 affectione,
3491 3791 3562 3831 ac
3590 3772 3738 3828 libe-

2078 3887 2266 3945 ralius
2289 3901 2428 3942 cum
2455 3899 2526 3939 eo
2555 3881 2754 3951 egisti,
2777 3893 2962 3952 quam
2981 3873 3207 3947 precati
3231 3870 3574 3934 fuissemus,
3597 3877 3737 3918 cum

2078 3976 2316 4034 eximiis
2346 3972 2682 4031 honoribus
2710 3985 2866 4041 quos
2897 3965 2950 4022 ei
2980 3961 3264 4027 habuisti,
3297 3963 3426 4015 tum
3453 3955 3736 4025 suscepto

2074 4062 2534 4138 illius,quolibet
2553 4048 3340 4133 tempore,patrocinio.8ed
3365 4053 3569 4138 tamen
3594 4058 3736 4138 cum

2073 4174 2169 4214 res
2199 4156 2356 4213 illius
2385 4153 2619 4210 silentio
2649 4149 2946 4224 praeterire
2985 4161 3110 4202 non
3147 4139 3401 4216 possim,
3449 4134 3734 4193 eximiam

2075 4252 2246 4304 tuam
2268 4244 2618 4315 dignitatem
2635 4223 2806 4310 rogo,
2823 4242 2886 4296 ut
2902 4241 2957 4293 et
2977 4249 3116 4291 mea
3132 4247 3318 4289 causa
3332 4235 3434 4285 tuo
3455 4226 3515 4282 in
3538 4223 3736 4279 virum

2077 4336 2280 4392 studio
2309 4332 2538 4406 aliquid
2567 4330 3054 4399 addas,eumque
3074 4321 3457 4378 inimicorum
3483 4326 3732 4368 suorum

2077 4405 2816 4494 calumniisisuperiorem
2859 4417 2920 4472 in
2972 4412 3235 4486 patriam
3272 4405 3578 4470 remittas;
3609 4416 3734 4457 non

367 4515 638 4586 κρείττονα
698 4522 796 4577 τῆς
841 4517 985 4587 παρὰ
1043 4524 1145 4568 τῶν
1203 4517 1408 4591 ἐχθρῶν
1473 4516 1633 4568 αὑτοῦ
1699 4513 1964 4588 ἐπηρείας·

2098 4515 2238 4570 enim
2265 4528 2426 4568 nunc
2451 4490 2539 4567 est
2563 4512 2731 4565 extra
2755 4504 2996 4564 invidiae
3018 4501 3155 4566 tela,
3188 4497 3390 4554 multis
3421 4491 3576 4549 illius
3601 4490 3733 4546 vitae

371 4597 478 4653 ἐπεὶ
523 4607 610 4654 νῦν
657 4621 717 4676 γε
763 4603 858 4657 οὐκ
921 4603 1017 4668 ἔξω
1069 4601 1181 4658 ἐστὶ
1213 4602 1377 4677 βελῶν
1406 4611 1500 4658 τοῦ
1528 4606 1737 4678 φθόνου,
1770 4603 1968 4658 πολλῶν

443 4796 521 4885 (8)
557 4794 850 4885 ςιξχουσαν,
881 4799 1038 4885 Rditi
1065 4798 1237 4885 nunc
1264 4800 1468 4885 locum
1498 4800 1583 4885 sic
1630 4798 1964 4885 exhibent:

368 4865 473 4922 Καὶ
503 4865 774 4955 ρῦδεμίαν
813 4869 1114 4955 ’ὑπερβολὴν
1166 4881 1273 4955 τῆς.
1318 4873 1491 4955 ρςλίας
1548 4870 1798 4955 διάθεσιν.
1839 4874 1967 4945 ὑπερ

367 4941 654 5024 εχομένηνζ
677 4941 850 5024 Gai-sl.
885 4941 1116 5024 primus
1141 4941 1537 5024 et‘ltiedicaaus
1565 4943 1712 5024 nibil
1741 4941 1970 5024 disere-

365 5019 516 5137 Eant
545 5013 624 5069 ab
667 5013 863 5079 editis,
889 5013 1011 5070 nisi
1055 5014 1224 5087 quod
1252 5016 1516 5073 habent:
1567 5021 1657 5068 καὶ
1681 5024 1777 5078 τῆς
1804 5015 1971 5087 φιλίας

409 5086 608 5137 ιαθεσιν
633 5087 1040 5137 ὑπεοεγὸιιενον.
1071 5085 1468 5137 Combeﬂsius
1498 5090 1564 5137 ut
1595 5087 1791 5137 lucem
1822 5087 1971 5137 affe-

409 5086 1040 5167 ιάθξσινρπερεχὸμενον.
1071 5085 1468 5167 Qombeﬂsius
1498 5090 1572 5167 ut.
1595 5087 1792 5167 lucem
1810 5085 1972 5142 affe-

366 5161 482 5238 rat,
509 5156 1063 5238 μείς-παρεχομένην,
1079 5159 1194 5238 Sed
1214 5163 1339 5238 tota
1360 5174 1453 5214 res
1479 5159 1751 5238 enitescit
1781 5173 1978 5238 exnco-

368 5225 604 5302 dieidus
636 5225 819 5298 Regio
836 5225 1128 5302 secundo,
1153 5229 1329 5302 Coisl.
1354 5229 1639 5299 secundo,
1656 5246 1728 5286 ex
1748 5229 1973 5302 quibus

373 5271 1004 5385 adgu'sot'xo‘uaa‘v.
1016 5305 1079 5385 et
1092 5271 1429 5385 delegimus
1457 5271 1864 5382 ﬁntptizgi3;x

448 5369 525 5454 (9)
565 5369 928 5454 Οἰκέαεςξεὶρ
956 5370 1196 5454 hiemet
1223 5372 1400 5454 Coisl.
1423 5369 1657 5454 primus
1680 5369 1821 5454 cum
1846 5371 1978 5454 aliis

378 5438 638 5520 duobus.
673 5442 824 5520 Editi
860 5442 1086 5520 οἰκεῖονἱ
1121 5445 1251 5520 mox
1292 5438 1541 5520 Regi—usq
1570 5443 1875 5500 secundus
1921 5447 1978 5500 et

383 5509 554 5565 Coisl.
583 5515 887 5570 secundus
913 5516 991 5578 οἷς
1015 5510 1123 5574 ἤδη
1155 5509 1557 5578 πέπονθίπαρὰ
1587 5521 1703 5572 σοῦ.

455 5580 567 5651 (ιο)
601 5567 1043 5661 magna:
1062 5567 1299 5660 psmn.
1329 5567 1388 5645 ei
1419 5567 1702 5644 cum;
1729 5583 1976 5660 «εμερεῳ.

2075 4601 2564 4677 tranquillitatem
2583 4595 2938 4672 perturbare
2957 4586 3504 4650 conantibus.Quos
3523 4585 3735 4637 contra

2149 4799 2258 4871 (11)
2297 4798 2704 4871 Συμπαρέμ-εινε.
2729 4790 2879 4871 Med.
2907 4790 2964 4845 et
2991 4788 3119 4843 Vat.
3135 4798 3274 4840 cum
3299 4785 3443 4853 Reg.
3464 4776 3732 4836 secundo

2076 4873 2134 4928 et
2158 4867 2344 4926 Coisl.
2369 4867 2639 4924 secundo
2663 4867 2955 4938 παρέμεινε·
3025 4931 3036 4938 _
3124 4932 3152 4938 _
3340 4923 3352 4936 .

2301 4941 2554 5029 ’Λρχοείῳ
2580 4924 2755 5029 Βθθτξὶ
2779 4924 2849 4990 ea
2876 4949 2997 5014 vo;
3021 4931 3085 4988 in
3115 4924 3478 5029 gois‘liniano
3499 4924 3725 5029 primo.

2150 5001 2259 5083 (13)
2302 5001 2631 5086 Πάῥξὴξξῷνὶ
2690 5005 3038 5086 Ἐζῐςθθλροξὶίὶο
3096 5001 3312 5086 addita‘
3353 5013 3438 5086 ex.
3473 5003 3736 5086 quatuor

2079 5069 2227 5142 mss.
2247 5069 2697 5153 'nempe‘Med.,_
2717 5069 2873 5153 γαίη
2904 5079 3045 5153 Reg:
3086 5070 3358 5153 secundo
3388 5074 3445 5126 et
3476 5069 3733 5153 Claro‘m.

2151 5139 2266 5225 ut)
2305 5139 2572 5225 Ἀδὲλφόν.
2604 5139 2774 5208 Coisl.
2820 5139 3124 5204 secundus
3154 5150 3212 5202 et
3244 5146 3380 5214 Reg.
3432 5139 3736 5197 secundus

2081 5229 2139 5284 et
2163 5226 2400 5282 Clarom
2427 5224 2629 5295 éjraipov
2644 5264 2659 5278 .

2152 5297 2268 5367 (15)
2306 5289 2619 5367 Ἐπεδείξξωτ
2651 5297 2736 5351 Ita
2774 5290 2947 5350 Coisl.
2979 5295 3229 5364 uterque
3267 5291 3324 5344 et
3351 5289 3493 5356 Reg.
3527 5297 3738 5340 secun-

2082 5364 2224 5426 dlts.
2251 5364 2402 5424 Editi
2425 5364 2700 5431 ἁπεδείξω.

2156 5441 2196 5566 :1
2201 5439 2379 5566 gilius
2408 5440 2711 5496 CCCCXVI.
2727 5436 2958 5511 Scripta
2977 5435 3192 5493 eodem
3212 5435 3481 5500 tempore
3504 5442 3575 5483 ac
3596 5439 3740 5498 pra-

2086 5527 2330 5571 CCGCDS.

2158 5585 2203 5608 “
2240 5582 2402 5641 Alias
2434 5582 2683 5641 CCXVII.
2731 5580 2962 5654 Scripta
2992 5575 3206 5636 eodem
3231 5577 3526 5642 tempore.
