4146 6374
278 284 415 357 ιοιπ

1188 281 1676 339 EPISTOLABUM
1715 280 1994 340 CLASSIS
2032 283 2101 339 II.
2142 264 2358 342 EPIST.
2402 284 2737 343 CCLXXXII.

3510 268 3649 347 {ore

269 409 473 469 ἱκεσίας
522 408 832 482 προσάγειν,
892 402 1136 465 ἀλλ”οὗν
1195 408 1226 465 ἡ
1279 408 1712 482 προϋπάρχουσα
1762 412 1883 481 περὶ

2001 408 2359 481 supplicare,
2385 412 2590 468 tamen
2614 410 2812 468 honor
2840 422 3023 484 quem
3053 427 3091 469 a
3117 412 3176 469 te
3205 412 3461 487 praecepi
3493 413 3648 472 timi-

270 499 410 572 ἡμᾶς
455 500 601 573 παρὰ
656 505 753 550 σοῦ
792 502 917 570 τιμὴ
973 496 1271 570 ἀφαιρεῖται
1321 504 1418 558 τῆς
1462 493 1693 569 καρδίας
1737 499 1883 567 ἡμῶν

271 590 332 639 τὸ
378 583 571 655 δειλὸν,
618 592 709 639 καὶ
766 585 1195 662 καταθαρῥοῦμεν
1242 584 1553 639 ἐπιστέλλειν
1604 587 1732 661 ὑπὲρ
1791 588 1886 641 ἄν-

281 678 520 750 θρώπων,
561 676 763 730 οἰκείων
802 679 892 749 μὲν
924 678 1051 747 ἡμῖν
1089 677 1225 728 κατά
1262 679 1427 747 γένος,
1460 684 1615 748 τιμῆς
1646 672 1705 729 δὲ
1732 674 1886 740 ἀξίων

281 763 407 819 ὀδιά
443 771 536 825 την
582 762 841 829 δεξότητα
865 773 966 818 τῶν
1008 764 1169 824 ἠθῶν.
1196 764 1255 817 Ὀ
1285 769 1455 817 τοίνυν
1484 769 1578 823 τὴν
1609 763 1888 825 ἐπιστολὴν

281 858 427 928 ἡμῶν
465 858 660 915 ταύτην
692 852 969 916 ἐπιδιδούς
998 855 1110 928 (39)
1153 853 1203 907 ἐν
1242 856 1359 907 υἱοῦ
1389 874 1481 927 μοι
1521 854 1663 919 τάξει
1689 857 1886 908 καθέσ-

279 965 454 1005 τηκεν.
485 944 627 999 Ἐπεὶ
656 942 745 998 οὖν
777 941 949 999 δεῖται
977 948 1137 1018 μόνης
1166 952 1257 1007 τῆς
1296 947 1441 1019 παρά
1485 952 1579 998 σοῦ
1628 944 1888 1017 εὐμενείας

282 1035 354 1113 εἰς
398 1038 457 1088 τὸ
508 1036 752 1108 γενέσθαι
795 1034 937 1107 αύτῳ
993 1036 1081 1093 τὰ.
1108 1034 1514 1107 ἐπιζητούμενα,
1560 1034 1885 1097 και-ἀξίωσον

282 1119 539 1189 δέξασθαί
567 1143 668 1198 μου
697 1126 758 1177 τὸ
786 1125 1031 1199 γράμμα,
1063 1121 1090 1176 ὃ
1118 1120 1229 1176 ἀνθ’
1260 1126 1524 1199 ἱκετηρίας
1569 1129 1887 1199 προτείνεται

280 1232 367 1268 σοι
417 1215 443 1267 ὁ
490 1218 897 1290 προειρημένος·
928 1218 1019 1267 καὶ
1059 1209 1245 1266 δοῦναι
1274 1213 1416 1285 αύτῷ
1459 1217 1639 1289 καιρὸν
1685 1211 1885 1287 διηγή-

281 1305 482 1356 σασθαι
531 1305 600 1356 τὰ
641 1304 762 1357 καθ’
809 1303 991 1357 ἑαυτὸν
1042 1304 1180 1377 (40),
1230 1306 1321 1356 καὶ
1369 1300 1722 1377 διαλεχθῆναι
1776 1310 1888 1365 τοῖς

280 1389 589 1467 δυναμένοις
640 1393 783 1465 αύτῷ
842 1402 1190 1468 συνεργῆσαι,
1244 1393 1328 1446 ἶνα
1380 1400 1454 1465 τῷ
1510 1394 1886 1468 προστάγματί

280 1501 376 1535 σου
434 1487 636 1556 ταχέως
704 1487 847 1557 τύχῃ
910 1491 1009 1536 τῶν
1077 1478 1556 1557 σπουδαζομένων,
1620 1487 1712 1539 καὶ
1770 1482 1883 1557 ἐμοὶ

279 1570 487 1646 ὑπάρξῃ
529 1572 970 1626 καλλωπίσασθαι
1000 1572 1111 1646 (41)
1144 1574 1225 1626 ὅτι
1266 1592 1357 1645 μοι
1401 1568 1620 1626 δέδοται
1655 1580 1884 1635 τοιοῦτος

1994 499 2246 558 ditatem
2290 516 2321 557 e
2370 515 2507 557 meo
2539 500 2720 557 corde
2762 500 3022 573 expellit,
3049 517 3122 561 ac
3163 500 3416 560 ﬁdenter
3463 503 3543 561 ad
3589 508 3647 561 te

1995 589 2194 647 scribo
2214 605 2325 662 pro
2349 589 2691 651 hominibus
2713 590 2861 647 mihi
2887 591 3134 663 quidem
3163 607 3377 662 genere
3405 594 3647 666 propin-

1993 679 2151 752 quis,
2193 678 2301 735 sed
2341 679 2572 735 honore
2615 680 2813 749 dignis
2843 680 2924 737 ob
2970 696 3213 737 morum
3258 681 3643 754 probitatem.

1993 772 2199 841 Itaque
2238 768 2343 841 qui
2378 769 2537 825 hanc
2584 775 2855 826 nostram
2903 768 3099 826 reddit
3127 770 3468 843 epistolam.
3498 772 3647 829 mihi

1990 856 2125 914 loco
2169 857 2273 914 ﬁlii
2317 862 2426 915 est.
2458 860 2607 915 Cum
2633 873 2778 928 ergo
2818 858 2948 916 sola
2992 867 3093 916 tua
3131 859 3557 919 benevolentia
3592 861 3647 918 ei

1992 962 2150 1020 opus
2178 947 2273 1014 sit,
2303 947 2427 1004 voti
2460 951 2527 1005 ut
2569 965 2820 1021 compos
2862 948 2987 1017 ﬁat,
3018 949 3245 1008 litteras
3285 966 3453 1007 meas
3491 967 3648 1025 quas

1991 1036 2099 1097 tibi
2128 1037 2220 1094 vir
2248 1041 2644 1108 memoratus,
2675 1038 2859 1096 veluti
2896 1039 3213 1113 quoddam
3246 1039 3645 1114 supplicantis

1988 1125 2225 1196 insigne
2244 1126 2436 1191 offert.
2452 1126 2717 1199 digneris
2738 1128 3032 1201 accipere,
3046 1128 3222 1202 eique
3241 1134 3484 1203 tempus
3507 1146 3650 1188 con-

1991 1215 2205 1273 cedere
2250 1230 2347 1271 res
2376 1231 2519 1273 suas
2564 1217 2912 1283 enarrandi,
2942 1221 3000 1274 et
3031 1234 3172 1275 cuin
3213 1219 3285 1275 iis
3329 1219 3436 1293 qui
3473 1218 3646 1277 illum

1986 1306 2198 1378 juvare
2237 1308 2493 1377 possunt
2530 1303 2941 1378 colloquendi,
2992 1311 3075 1376 ut,
3110 1305 3362 1378 jubente
3410 1311 3487 1377 te,
3528 1309 3644 1371 cito

1991 1398 2201 1468 optata
2223 1398 2651 1468 consequatur,
2682 1410 2753 1452 ac
2783 1395 2934 1452 mihi
2962 1394 3204 1467 gloriari
3250 1397 3448 1466 liceat,
3476 1399 3646 1473 quod

1990 1483 2094 1540 Dei
2123 1482 2286 1539 dono
2308 1483 2489 1539 datus
2510 1483 2585 1539 sit
2612 1483 2760 1540 mihi
2781 1488 3099 1556 patronus,
3119 1486 3226 1560 qui
3244 1502 3414 1543 meos
3441 1504 3641 1547 neces-

1991 1571 2203 1639 sarios,
2229 1571 2510 1645 proprios
2539 1571 2843 1645 supplices
2886 1589 2957 1630 ac
2986 1573 3273 1647 perfugas
3299 1591 3429 1632 esse
3458 1577 3641 1636 ducit.

278 1662 423 1734 παρά
467 1668 557 1723 τῆς
601 1663 823 1737 χάριτος
873 1669 968 1716 τοῦ
1021 1668 1154 1716 Θεοῦ
1196 1663 1539 1736 προστάτης,
1596 1660 1649 1724 ὃς
1692 1681 1815 1725 τους
1875 1659 1989 1735 ἐμοὶ
2036 1665 2391 1738 προσήκοντας
2452 1657 2624 1724 ἰδίους
2686 1663 2893 1734 ἡγεῖται
2941 1663 3114 1725 ἱκέτας
3163 1667 3255 1717 καὶ
3308 1667 3644 1739 πρόσφυγας.

814 1790 1155 1842 ΕΠΙΣΤΟΛΗ
1195 1786 1357 1842 ΣΠΑ’.

2455 1787 2793 1844 EPISTOLA
2845 1788 3127 1846 CCLXXXI
3140 1788 3182 1844 ⁸.

1089 1896 1285 1967 Rogat
1322 1899 1392 1952 ut
1427 1894 1751 1953 Helladius
1782 1894 2222 1968 peraequatom
2257 1908 2506 1953 munere
2545 1894 2851 1954 liberetur.

806 2016 1065 2094 Μοδέστῳ
1101 2021 1352 2096 ὑπάρχῳ.

352 2130 637 2202 Μίμνημαι
662 2136 757 2190 τῆς
783 2128 1019 2203 μεγάλης
1049 2149 1145 2184 σου
1172 2138 1350 2203 τιμῆς,
1384 2131 1467 2185 ὅτι
1494 2139 1583 2204 μοι
1613 2130 1725 2203 (42)
1751 2132 1883 2204 μετὰ

280 2223 381 2268 τῶν
427 2215 593 2270 ἀλλων
639 2215 838 2281 ἔδωκας
866 2222 1043 2273 καὶτὸ
1076 2221 1285 2293 θαρσεῖν
1331 2218 1644 2274 ἕπιστέλλειν
1675 2238 1770 2273 σου
1814 2226 1877 2292 τῇ

275 2305 624 2381 μηαλοφυῖᾳ.
653 2312 936 2382 Κέχρημαι
977 2314 1149 2363 τοίνῦν
1175 2318 1239 2383 τῇ
1275 2306 1467 2386 δωρεᾷ,
1498 2314 1590 2364 καὶ
1636 2309 1882 2381 ἀπολαύω

273 2402 369 2457 τῆς
400 2395 895 2471 φιλανθρωποτάτης
932 2400 1175 2477 χάριτος,
1224 2400 1353 2472 ὁμοῦ
1525 2398 1745 2473 ἐμαυτὸν
1793 2398 1881 2452 εύ-

275 2488 501 2557 φραίνων
522 2486 577 2538 ἑκ
598 2493 691 2538 τοῦ
719 2483 1055 2561 διαλέγεσθαι
1081 2485 1243 2566 ἀνδρὶ.
1266 2491 1521 2561 τοσούτῳ,
1543 2491 1673 2563 ὁμοῦ
1705 2485 1765 2542 δὲ
1792 2491 1883 2541 καὶ

274 2580 338 2646 τῇ
384 2582 451 2647 σῇ
492 2574 1012 2653 μεγαλονοίακαιρόν
1043 2574 1286 2641 ἐνδιδοὺς
1313 2580 1576 2651 σεμνύνειν
1605 2580 1737 2652 ἂμᾶς
1764 2584 1883 2640 ταῖς

280 2662 641 2737 ἀποκρίσεσιν.
672 2664 814 2719 Ἐπεὶ
844 2664 903 2720 δὲ
932 2668 1172 2720 ἱκέτευσα
1194 2669 1307 2740 (43)
1332 2672 1429 2727 τὴν
1462 2672 1554 2727 σὴν
1583 2670 1885 2743 ἡμερότητα

282 2753 411 2827 ὑπὲρ
459 2760 552 2805 τοῦ
600 2752 806 2828 ἑταίρου
852 2757 997 2828 ἡμῶν
1043 2752 1315 2809 Ἐλλαδίου
1361 2764 1455 2810 τοῦ
1510 2759 1882 2833 πρωτεύοντος,

285 2843 441 2910 ὥστε,
472 2851 568 2905 τῆς
594 2841 685 2897 ἒπῖ
720 2851 784 2917 τῇ
818 2842 1057 2907 ἐξισώσει
1101 2843 1376 2920 φροντίδος
1425 2846 1581 2900 αὐτὸν
1625 2844 1884 2915 ἀνεθέντα,

287 2930 339 2984 ἄν
378 2937 487 2994 τοῖς
523 2934 805 3008 πράγμασι
839 2943 933 2998 τῆς
980 2933 1236 3010 πατρίδος
1270 2938 1418 3010 ἡμῶν
1468 2937 1888 3009 συγχωρηθῆναι

282 3022 526 3092 μοχθεῖν,
556 3027 649 3075 καί
704 3042 837 3086 τινος
880 3024 1116 3098 εὐμενοῦς
1166 3028 1414 3100 νεύματος
1464 3025 1715 3093 ἠξιώθην,
1759 3024 1888 3078 ἀνα-

285 3116 499 3184 νεοῦμαι
554 3116 650 3171 τὴν
713 3112 871 3171 αὐτὴν
931 3112 1233 3188 πρεσϐείαν,
1299 3118 1391 3168 καί
1457 3132 1515 3168 σε
1573 3115 1889 3167 καθικετεύω

282 3202 723 3273 καταπεμφθῆναι
764 3205 1088 3278 πρόσταγμα
1123 3210 1197 3275 τῷ
1225 3205 1449 3279 ἄρχοντι
1492 3212 1584 3267 τῆς
1626 3201 1890 3279 ἐπαρχίας

287 3299 650 3367 συγχωρῆσαι
679 3290 821 3363 αύτῷ
851 3296 948 3352 τὴν
977 3290 1279 3366 ἐνόχλησιν.

819 3422 1159 3472 ΕΠΙΣΤΟΛΗ
1199 3418 1354 3475 ΣΠΒ’.

2508 2020 2775 2080 Modesto
2810 2023 3119 2094 prmfecto.

2062 2129 2302 2187 Memini
2339 2129 2548 2200 magni
2584 2129 2835 2187 honoris
2870 2146 2909 2188 a
2950 2134 3007 2188 te
3049 2130 3263 2201 delati,
3309 2146 3449 2189 cum
3499 2132 3650 2190 mihi

1989 2218 2145 2276 inter
2187 2218 2307 2277 alia
2352 2219 2643 2277 ﬁduciam
2670 2220 3159 2290 magnanimitati
3195 2224 3316 2278 tuae
3343 2220 3650 2280 scribendi

1988 2308 2229 2366 dedisti.
2262 2312 2405 2366 Utor
2435 2308 2620 2379 igitur
2663 2308 2848 2379 dono,
2880 2325 2951 2365 ac
2988 2309 3286 2368 beneﬁcio
3329 2310 3661 2368 humanis-o

1992 2398 2147 2455 simo
2193 2398 2393 2467 fruor;
2427 2414 2567 2454 cum
2599 2398 2728 2470 ipse
2761 2398 3058 2469 gaudens,
3091 2399 3255 2472 quod
3295 2415 3435 2456 cum
3478 2404 3648 2459 tanto

1989 2487 2121 2545 viro
2169 2486 2512 2561 colloquar,
2564 2491 2694 2544 tum
2750 2488 2931 2545 etiam
2989 2488 3479 2559 magnanimitati
3530 2492 3649 2546 tuae

1991 2577 2375 2634 occasionem
2400 2593 2498 2633 me
2530 2576 2838 2649 responsis
2874 2576 3244 2634 honestandi
3272 2577 3647 2635 ministrans.

1994 2668 2142 2724 Cum
2187 2672 2392 2723 autem
2422 2667 2556 2738 jam
2598 2672 2715 2723 tuae
2758 2666 3090 2723 clementiae
3124 2682 3231 2739 pro
3276 2666 3469 2724 sodali
3510 2683 3651 2724 meo

1994 2755 2263 2812 Helladio
2304 2755 2626 2828 principali
2664 2755 3151 2828 supplicaverim,
3187 2759 3252 2813 ut
3288 2755 3652 2829 exaequandi

1996 2860 2143 2901 cura
2188 2843 2440 2900 liberato
2487 2845 2760 2902 laborem
2803 2845 2865 2901 in
2906 2859 3004 2900 res
3051 2845 3259 2918 patrias
3284 2850 3508 2902 nostrae
3537 2846 3651 2903 im-

1995 2933 2262 3007 pendere
2289 2932 2470 3008 424
2498 2933 2694 3003 liceat,
2726 2950 2989 3006 cumque
3031 2949 3131 2990 me
3174 2933 3475 2991 benevolo
3502 2949 3652 3007 quo-

1998 3024 2146 3080 dam
2187 3027 2341 3082 nutu
2380 3024 2668 3097 dignatus
2715 3024 2821 3094 sis,
2847 3039 3057 3097 preces
3104 3023 3355 3081 easdem
3398 3039 3652 3095 renovo,

1999 3113 2387 3188 obtestorque
2439 3114 2803 3171 mandatum
2847 3113 2928 3171 ad
2979 3113 3306 3187 provinciae
3360 3117 3654 3171 rectorem

2000 3202 2225 3276 mittas,
2258 3207 2324 3261 ut
2352 3202 2405 3261 ei
2432 3203 2593 3262 hanc
2622 3202 2964 3261 molestiam
2991 3202 3313 3261 condonet.

2448 3419 2786 3477 EPISTOLA
2824 3420 3133 3477 CCLXXXII
3144 3420 3209 3475 “.

280 3522 513 3581 Invitat
549 3522 634 3583 ad
669 3524 1072 3585 celebritatem
1111 3533 1479 3600 martyrum,
1510 3541 1632 3583 non
1687 3525 1816 3584 sine
1851 3529 2147 3595 peracuta
2179 3526 2659 3654 reprethensione,
2694 3526 2856 3599 quod
2890 3542 3013 3583 non
3054 3518 3315 3583 vocatus
3337 3529 3651 3599 queratur,

1028 3624 1033 3627 -
1548 3609 1793 3654 vocatus
1829 3612 1970 3654 vero
2005 3613 2128 3654 non
2164 3612 2339 3654 venia
2374 3642 2388 3654 .

1028 3624 1033 3627 '
1548 3609 1793 3656 vocatus
1829 3612 1970 3656 vero
2005 3613 2128 3655 non
2164 3609 2388 3656 veniat.

768 3727 908 3802 Πρὸς
944 3724 1226 3779 ἐπίσκοπον
1265 3725 1398 3793 (44).

363 3832 449 3887 Μὴ
520 3829 827 3905 καλούμενος
901 3832 1163 3906 ἐγκαλεῖς,
1228 3838 1321 3887 καὶ
1398 3832 1711 3906 καλούμενος
1784 3830 1892 3903 οὐχ

291 3918 589 3983 ύπακούεις.
638 3921 723 3976 Ἐκ
780 3920 841 3977 δὲ
898 3932 995 3977 τῶν
1042 3919 1297 4000 δευτέρων
1352 3920 1511 3986 δῆλος
1569 3919 1618 3975 εἶ
1668 3926 1760 3977 καὶ
1825 3928 1887 3993 τῇ

288 4012 519 4085 προτέρᾳ
560 4010 742 4083 σκέψει
784 4014 1350 4088 μάτην-χρησάμενος.
1394 4012 1469 4065 Ού
1507 4014 1608 4087 γὰρ
1642 4009 1702 4063 ἀν
1752 4007 1888 4078 ἧκες,

288 4097 345 4151 ἐκ
391 4108 492 4152 τῶν
540 4100 772 4171 εἰκότων,
819 4098 944 4156 οὐδὲ
991 4106 1106 4155 τότε
1157 4102 1386 4164 κληθείς.
1435 4102 1754 4156 Ἐπάκουσον
1804 4095 1891 4152 οὖν

287 4189 512 4243 καλοῦσι
546 4198 656 4259 νῦν,
703 4195 796 4245 καὶ
834 4196 939 4264 μὴν
984 4196 1106 4266 γένη
1160 4192 1319 4245 πάλιν
1369 4190 1657 4264 ἀγνώμων
1702 4185 1889 4261 εἰδὼς,

287 4281 357 4342 ὡς
420 4279 715 4354 ἐγκλήματι
778 4283 1182 4356 προστιθέμενον
1240 4282 1479 4355 ἔγκλημα
1539 4279 1748 4355 βεϐαιοῖ
1803 4284 1893 4333 καὶ

288 4375 601 4444 πιστοτέραν
650 4369 927 4446 ἐργάζεται
977 4377 1070 4423 τοῦ
1124 4376 1379 4447 προτέρου
1425 4375 1520 4430 τὴν
1572 4374 1892 4445 κατηγορίαν

292 4460 353 4509 τὸ
399 4454 659 4534 δεύτερον.
707 4460 819 4513 Ἀεὶ
867 4456 927 4514 δέ
974 4479 1032 4514 σε
1067 4464 1159 4513 καὶ
1201 4463 1346 4533 ἡμῶν
1394 4457 1682 4532 ἀνέχεσθαι
1716 4478 1893 4531 παρα-

292 4545 467 4599 καλῶ*
516 4547 560 4600 εἰ
606 4545 667 4602 δι
703 4551 849 4623 ἡμῶν
897 4549 992 4602 ούκ
1049 4548 1245 4622 ἀνέχῃ,
1292 4548 1399 4602 ἀλλ’
1438 4552 1498 4601 οὺ
1546 4556 1645 4601 τῶν
1692 4550 1894 4623 μαρτύ-

293 4655 396 4712 ρων
446 4635 705 4711 ἀμελῆσαι
749 4635 993 4692 δίκαιον·
1035 4639 1102 4690 ὧν
1150 4646 1266 4701 ταῖς
1308 4643 1509 4711 μνείαις
1565 4624 1901 4695 κοινωνήσων

294 4725 450 4801 καλῇ.
501 4729 597 4789 Δὸς
643 4724 730 4780 οὖν
776 4736 979 4803 πρῶτον
1172 4726 1498 4804 ἀμφοτέροις,
1542 4725 1586 4780 εἰ
1634 4722 1694 4779 δὲ
1740 4732 1894 4778 τοῦτο

295 4835 383 4871 σοι
410 4820 485 4890 μὴ
520 4811 665 4870 δοκεῖ
695 4817 831 4890 (45),
860 4823 971 4881 τοῖς
993 4823 1121 4891 γοῦν
1144 4821 1470 4893 τιμιωτέροις
1500 4820 1594 4875 τήν
1625 4815 1807 4890 χάριν.

362 5178 476 5249 (39)
517 5172 849 5238 Ἐπιδιδούς.
880 5174 1053 5231 Cois].
1081 5173 1393 5249 secundus
1406 5170 1621 5249 ἐπιδούς

363 5243 481 5320 (40)
516 5252 593 5302 Τά
620 5250 741 5302 καθ’
772 5249 974 5320 ἑαυτὸν.
1001 5249 1087 5302 Ita
1117 5262 1262 5301 mss.
1292 5246 1440 5302 Editi
1471 5248 1539 5297 τὰ
1567 5243 1685 5298 καθ’
1716 5244 1892 5320 αύτρν.

516 5320 746 5395 Ὑπάρξῃ
797 5318 1559 5395 καλλωπίσασθαιμιίαγηίΐθβ
1614 5316 1896 5372 vetustis-

291 5387 732 5470 simiﬁqdicés.’
751 5391 905 5470 E(l_iti
931 5392 1151 5470 ύπάρχῃ
1184 5387 1627 5470 καλλωπίζεσθαι.

512 5462 634 5536 ῗΟτι
664 5484 774 5536 μοι.
808 5461 982 5520 Coisl.
1017 5459 1251 5536 primth
1276 5463 1334 5516 et
1362 5459 1510 5536 Med.
1539 5461 1624 5536 ὅτι
1648 5478 1731 5531 με.

298 5601 311 5617 ο
362 5525 480 5617 (43)
516 5525 754 5589 Ἐπεῖδὲ
795 5525 1055 5589 ἱκέτευσα.
1100 5529 1275 5591 Coisl.
1322 5532 1557 5603 primus
1605 5525 1788 5588 ἐπειδὴ
1837 5525 1898 5582 δὲ

296 5619 460 5655 ικετευ
468 5620 537 5656 σα
549 5647 562 5662 .

2574 3722 2677 3779 Ad
2711 3723 3073 3793 episcopum.

2072 3834 2203 3889 Non
2240 3836 2493 3889 vocatus
2523 3832 2795 3906 quirites,
2827 3837 3079 3889 vocatus
3121 3847 3266 3890 vero
3315 3846 3443 3890 non
3483 3830 3658 3888 obse-

2000 3921 2225 3994 queris.
2264 3922 2473 3995 Liquet
2514 3927 2716 3979 autem
2748 3938 2822 3979 ex
2847 3921 3129 3978 secundis
3160 3925 3214 3978 te
3253 3921 3317 3977 in
3352 3920 3657 3995 prioribus

2000 4010 2169 4067 inani
2208 4015 2498 4083 praetextu
2531 4028 2712 4067 usum
2741 4026 2899 4066 esse.
2940 4013 3143 4083 Neque
3169 4010 3332 4067 enim
3358 4010 3654 4079 venisses,

2002 4101 2069 4154 ut
2112 4098 2353 4155 credere
2401 4114 2514 4171 par
2539 4102 2645 4167 est,
2678 4099 2914 4156 etiamsi
2956 4103 3210 4156 vocatus
3235 4102 3378 4156 tunc
3415 4098 3655 4153 fuisses.

2004 4188 2368 4262 Obtempera
2410 4189 2593 4260 igitur
2634 4205 2797 4245 nunc
2830 4188 3206 4256 vocantibus,
3239 4193 3297 4245 et
3322 4204 3399 4243 ne
3442 4187 3656 4243 iterum

2000 4278 2116 4335 ﬁas
2156 4279 2430 4352 iniquus,
2472 4295 2614 4336 cum
2652 4278 2842 4351 probe
2898 4278 3086 4347 scias,
3123 4278 3351 4335 crimen
3409 4276 3658 4332 crimine

2001 4366 2325 4425 accedente
2355 4366 2723 4433 conﬁrmari,
2745 4371 2802 4424 et
2830 4366 3097 4424 secunda
3127 4366 3307 4439 culpa
3342 4364 3659 4421 certiorem

2002 4457 2131 4513 ﬁeri
2180 4457 2626 4513 accusationem
2656 4456 2897 4529 prioris.
2929 4460 3003 4512 Te
3041 4460 3244 4512 autem
3288 4468 3527 4526 semper
3554 4450 3658 4508 ad-

2001 4548 2229 4617 hortor,
2265 4562 2363 4602 mc
2412 4551 2478 4602 ut
2522 4547 2819 4619 patienter
2860 4546 3059 4602 feras:
3105 4544 3271 4618 quod
3314 4544 3364 4599 si
3407 4558 3503 4599 me
3530 4556 3656 4597 non

2003 4635 2123 4691 fers
2160 4635 2476 4708 patienter,
2510 4635 2721 4691 saltem
2752 4650 2998 4708 aequum
3036 4634 3236 4696 fuerit,
3268 4637 3334 4688 ut
3361 4635 3658 4704 martyres

2003 4739 2396 4798 nequaquam
2454 4727 2848 4793 contemnas,
2905 4738 3169 4796 quorum
3226 4725 3293 4777 ut
3350 4718 3661 4777 memoriis

2005 4813 2420 4870 communices
2466 4811 2803 4871 advocaris.
2843 4814 2958 4868 Fac
2996 4811 3178 4882 igitur
3216 4810 3281 4867 in
3322 4809 3535 4883 primis
3580 4807 3660 4866 ab

2008 4904 2292 4975 utrisque,
2327 4904 2419 4959 sin
2457 4902 2574 4959 hoc
2616 4901 2725 4959 tibi
2761 4901 2959 4956 visum
2992 4916 3117 4957 non
3151 4899 3347 4972 fuerit,
3377 4898 3594 4957 saltem
3624 4914 3663 4956 a

2003 4990 2531 5066 praestantioribus
2564 4991 2821 5062 gratiam
2850 4989 3042 5047 ineas.

2231 5172 2367 5245 Πρὸς
2399 5168 2707 5245 ἐπίσκοπον.
2750 5168 2907 5245 Harl.
2932 5172 3021 5245 Aet
3073 5167 3332 5245 Clarom.
3390 5165 3660 5245 ἑπισκὸπῳ

2005 5237 2302 5315 καλουμῆῲ
2369 5242 2436 5301 εἰς
2495 5237 2757 5313 σύνοδον,
2819 5242 3088 5311 Epicopo
3152 5240 3236 5298 ad
3299 5242 3659 5296 conventum

2005 5323 2235 5373 υοεαιο.
3334 5340 3351 5346 δ

2078 5389 2193 5455 (45)
2232 5390 2315 5443 Μὴ
2347 5381 2511 5439 δοκεῖ.
2544 5382 2699 5442 Harl.
2728 5387 2799 5456 μὴ
2837 5379 2990 5456 δοκῇ.
3149 5452 3159 5456 _

2076 5452 2296 5536 illi?”
2329 5457 2689 5536 εβέιὲἔέδῖἓὲἕς
2723 5452 2952 5536 Scripta
2976 5456 3038 5536 in
3066 5452 3438 5536 εΡίβοοΡδίίΒῖ

2078 5529 2121 5551 ⁸*
2157 5527 2320 5587 Alias
2353 5529 2701 5586 CCCXXXVI.
2734 5522 2967 5600 Scripta
2992 5527 3056 5583 in
3084 5522 3455 5595 episcopatu.
