  <div class='ocr_page' id='page_1' title='image "/cluster/home/n/w/nwhite01/storage/ocr_20150623/32:no.4/coo.31924054869296/520.png"; bbox 0 0 4146 6402; ppageno 0'>
   <div class='ocr_carea' id='block_1_1' title="bbox 246 297 383 369">
    <p class='ocr_par' dir='ltr' id='par_1_1' title="bbox 246 297 383 369">
     <span class='ocr_line' id='line_1_1' title="bbox 246 297 383 369; baseline 0 -11"><span class='ocrx_word' id='word_1_1' title='bbox 246 297 383 369; x_wconf 71' lang='grc' dir='ltr'>ιοει</span> 
     </span>
    </p>
   </div>
   <div class='ocr_carea' id='block_1_2' title="bbox 785 430 1318 487">
    <p class='ocr_par' dir='ltr' id='par_1_2' title="bbox 785 430 1318 487">
     <span class='ocr_line' id='line_1_2' title="bbox 785 430 1318 487; baseline 0 0"><span class='ocrx_word' id='word_1_2' title='bbox 785 435 1128 487; x_wconf 77' lang='grc' dir='ltr'><strong>ΕΠΙΣΤΟΛΗ</strong></span> <span class='ocrx_word' id='word_1_3' title='bbox 1157 430 1318 487; x_wconf 65' lang='grc' dir='ltr'><strong>ΖΗΕ.</strong></span> 
     </span>
    </p>
   </div>
   <div class='ocr_carea' id='block_1_3' title="bbox 1174 308 2731 371">
    <p class='ocr_par' dir='ltr' id='par_1_3' title="bbox 1174 308 2731 371">
     <span class='ocr_line' id='line_1_3' title="bbox 1174 308 2731 371; baseline 0.004 -7"><span class='ocrx_word' id='word_1_4' title='bbox 1174 308 1661 369; x_wconf 70' lang='grc' dir='ltr'><strong>ΕΡΙὸΤΟιΑΒΠΙ</strong></span> <span class='ocrx_word' id='word_1_5' title='bbox 1697 310 1978 371; x_wconf 70' lang='grc' dir='ltr'>ειεεειε</span> <span class='ocrx_word' id='word_1_6' title='bbox 2017 313 2084 370; x_wconf 82' lang='lat' dir='ltr'><strong>ll.</strong></span> <span class='ocrx_word' id='word_1_7' title='bbox 2122 312 2338 371; x_wconf 85' lang='lat' dir='ltr'><strong>EPIST.</strong></span> <span class='ocrx_word' id='word_1_8' title='bbox 2377 310 2731 370; x_wconf 79' lang='lat' dir='ltr'><strong>CCLXXXVI.</strong></span> 
     </span>
    </p>
   </div>
   <div class='ocr_carea' id='block_1_4' title="bbox 3483 310 3623 369">
    <p class='ocr_par' dir='ltr' id='par_1_4' title="bbox 3483 310 3623 369">
     <span class='ocr_line' id='line_1_4' title="bbox 3483 310 3623 369; baseline 0.014 -2"><span class='ocrx_word' id='word_1_9' title='bbox 3483 310 3623 369; x_wconf 66' lang='lat'><strong>£022</strong></span> 
     </span>
    </p>
   </div>
   <div class='ocr_carea' id='block_1_5' title="bbox 2414 435 3152 496">
    <p class='ocr_par' dir='ltr' id='par_1_5' title="bbox 2414 435 3152 496">
     <span class='ocr_line' id='line_1_5' title="bbox 2414 435 3152 496; baseline -0.005 -2"><span class='ocrx_word' id='word_1_10' title='bbox 2414 438 2754 495; x_wconf 75' lang='lat' dir='ltr'><strong>EPISTULA</strong></span> <span class='ocrx_word' id='word_1_11' title='bbox 2789 435 3152 496; x_wconf 76' lang='lat' dir='ltr'><strong>CCLXXXV‘.</strong></span> 
     </span>
    </p>
   </div>
   <div class='ocr_carea' id='block_1_6' title="bbox 826 555 3050 634">
    <p class='ocr_par' dir='ltr' id='par_1_6' title="bbox 826 555 3050 634">
     <span class='ocr_line' id='line_1_6' title="bbox 826 555 3050 634; baseline 0.001 -21"><span class='ocrx_word' id='word_1_12' title='bbox 826 555 1216 615; x_wconf 78' lang='lat' dir='ltr'><strong>Commendat</strong></span> <span class='ocrx_word' id='word_1_13' title='bbox 1237 557 1522 616; x_wconf 61' lang='lat' dir='ltr'><strong>Ecclesiae</strong></span> <span class='ocrx_word' id='word_1_14' title='bbox 1537 560 1934 630; x_wconf 79' lang='lat' dir='ltr'><strong>possessiones</strong></span> <span class='ocrx_word' id='word_1_15' title='bbox 1958 576 2089 634; x_wconf 65' lang='lat' dir='ltr'><strong>quae</strong></span> <span class='ocrx_word' id='word_1_16' title='bbox 2108 563 2309 619; x_wconf 78' lang='lat' dir='ltr'><strong>nimiis</strong></span> <span class='ocrx_word' id='word_1_17' title='bbox 2339 562 2582 623; x_wconf 78' lang='lat' dir='ltr'><strong>tributis</strong></span> <span class='ocrx_word' id='word_1_18' title='bbox 2603 561 3050 634; x_wconf 80' lang='lat' dir='ltr'><strong>premebantur.</strong></span> 
     </span>
    </p>
   </div>
   <div class='ocr_carea' id='block_1_7' title="bbox 320 696 1781 777">
    <p class='ocr_par' dir='ltr' id='par_1_7' title="bbox 320 696 1781 777">
     <span class='ocr_line' id='line_1_7' title="bbox 320 696 1781 777; baseline 0.002 -22"><span class='ocrx_word' id='word_1_19' title='bbox 320 701 720 775; x_wconf 72' lang='grc' dir='ltr'>’Δνεπίγραφος,</span> <span class='ocrx_word' id='word_1_20' title='bbox 751 696 840 752; x_wconf 71' lang='grc' dir='ltr'><strong>ἰπὶ</strong></span> <span class='ocrx_word' id='word_1_21' title='bbox 873 705 939 772; x_wconf 80' lang='grc' dir='ltr'>τῇ</span> <span class='ocrx_word' id='word_1_22' title='bbox 971 705 1068 762; x_wconf 72' lang='grc' dir='ltr'>τῆς</span> <span class='ocrx_word' id='word_1_23' title='bbox 1109 698 1423 762; x_wconf 83' lang='grc' dir='ltr'>Ἐκκλησίας</span> <span class='ocrx_word' id='word_1_24' title='bbox 1457 706 1781 777; x_wconf 81' lang='grc' dir='ltr'><strong>προστασίᾳ.</strong></span> 
     </span>
    </p>
   </div>
   <div class='ocr_carea' id='block_1_8' title="bbox 321 820 1855 901">
    <p class='ocr_par' dir='ltr' id='par_1_8' title="bbox 321 820 1855 901">
     <span class='ocr_line' id='line_1_8' title="bbox 321 820 1855 901; baseline 0.002 -23"><span class='ocrx_word' id='word_1_25' title='bbox 321 825 382 878; x_wconf 78' lang='lat'><strong>&#39;0</strong></span> <span class='ocrx_word' id='word_1_26' title='bbox 404 830 497 886; x_wconf 84' lang='grc' dir='ltr'>τῆς</span> <span class='ocrx_word' id='word_1_27' title='bbox 527 821 841 886; x_wconf 82' lang='grc' dir='ltr'>Ἐκκλησίας</span> <span class='ocrx_word' id='word_1_28' title='bbox 871 826 1178 898; x_wconf 75' lang='grc' dir='ltr'><strong>φροντίζων,</strong></span> <span class='ocrx_word' id='word_1_29' title='bbox 1217 828 1310 878; x_wconf 80' lang='grc' dir='ltr'><strong>καὶ</strong></span> <span class='ocrx_word' id='word_1_30' title='bbox 1358 820 1453 879; x_wconf 81' lang='grc' dir='ltr'><strong>διὰ</strong></span> <span class='ocrx_word' id='word_1_31' title='bbox 1496 828 1680 901; x_wconf 79' lang='grc' dir='ltr'>χειρός</span> <span class='ocrx_word' id='word_1_32' title='bbox 1717 829 1855 901; x_wconf 68' lang='grc' dir='ltr'>ἔχων</span> 
     </span>
    </p>
   </div>
   <div class='ocr_carea' id='block_1_9' title="bbox 245 911 1857 986">
    <p class='ocr_par' dir='ltr' id='par_1_9' title="bbox 245 911 1857 986">
     <span class='ocr_line' id='line_1_9' title="bbox 245 911 1857 986; baseline -0.004 -18"><span class='ocrx_word' id='word_1_33' title='bbox 245 922 353 968; x_wconf 77' lang='grc' dir='ltr'>τῶν</span> <span class='ocrx_word' id='word_1_34' title='bbox 381 919 611 973; x_wconf 76' lang='grc' dir='ltr'><strong>κτήσεων</strong></span> <span class='ocrx_word' id='word_1_35' title='bbox 637 917 735 971; x_wconf 81' lang='grc' dir='ltr'>τὴν</span> <span class='ocrx_word' id='word_1_36' title='bbox 763 911 1079 986; x_wconf 74' lang='grc' dir='ltr'>ἕπιμέλειαν,</span> <span class='ocrx_word' id='word_1_37' title='bbox 1111 913 1266 976; x_wconf 86' lang='grc' dir='ltr'>αύτός</span> <span class='ocrx_word' id='word_1_38' title='bbox 1294 914 1437 968; x_wconf 68' lang='grc' dir='ltr'>ἐστιν</span> <span class='ocrx_word' id='word_1_39' title='bbox 1457 917 1484 967; x_wconf 93' lang='grc' dir='ltr'><strong>ό</strong></span> <span class='ocrx_word' id='word_1_40' title='bbox 1512 920 1602 975; x_wconf 81' lang='grc' dir='ltr'>τὴν</span> <span class='ocrx_word' id='word_1_41' title='bbox 1640 916 1857 972; x_wconf 74' lang='grc' dir='ltr'>ἄπιστα-</span> 
     </span>
    </p>
   </div>
   <div class='ocr_carea' id='block_1_10' title="bbox 244 998 1855 1075">
    <p class='ocr_par' dir='ltr' id='par_1_10' title="bbox 244 998 1855 1075">
     <span class='ocr_line' id='line_1_10' title="bbox 244 998 1855 1075; baseline 0.002 -20"><span class='ocrx_word' id='word_1_42' title='bbox 244 1003 345 1062; x_wconf 74' lang='grc' dir='ltr'>λὴν</span> <span class='ocrx_word' id='word_1_43' title='bbox 374 998 649 1065; x_wconf 71' lang='grc' dir='ltr'>ἄπιδιδούς</span> <span class='ocrx_word' id='word_1_44' title='bbox 704 1020 791 1055; x_wconf 87' lang='grc' dir='ltr'><strong>σοι</strong></span> <span class='ocrx_word' id='word_1_45' title='bbox 835 1005 1056 1070; x_wconf 78' lang='grc' dir='ltr'>ταύτην,</span> <span class='ocrx_word' id='word_1_46' title='bbox 1087 1003 1115 1055; x_wconf 84' lang='grc' dir='ltr'><strong>ὁ</strong></span> <span class='ocrx_word' id='word_1_47' title='bbox 1167 1002 1442 1075; x_wconf 74' lang='grc' dir='ltr'>ἀγαπητός</span> <span class='ocrx_word' id='word_1_48' title='bbox 1469 1007 1582 1067; x_wconf 85' lang='grc' dir='ltr'>υἱὸς</span> <span class='ocrx_word' id='word_1_49' title='bbox 1621 1008 1646 1060; x_wconf 86' lang='grc' dir='ltr'>ὁ</span> <span class='ocrx_word' id='word_1_50' title='bbox 1687 1003 1855 1065; x_wconf 83' lang='grc' dir='ltr'>δεῖνα.</span> 
     </span>
    </p>
   </div>
   <div class='ocr_carea' id='block_1_11' title="bbox 242 1090 1857 1169">
    <p class='ocr_par' dir='ltr' id='par_1_11' title="bbox 242 1090 1857 1169">
     <span class='ocr_line' id='line_1_11' title="bbox 242 1090 1857 1169; baseline 0.002 -23"><span class='ocrx_word' id='word_1_51' title='bbox 242 1094 430 1163; x_wconf 80' lang='grc' dir='ltr'>Τούτῳ</span> <span class='ocrx_word' id='word_1_52' title='bbox 475 1090 825 1161; x_wconf 81' lang='grc' dir='ltr'>καταξίωσον,</span> <span class='ocrx_word' id='word_1_53' title='bbox 850 1096 971 1165; x_wconf 86' lang='grc' dir='ltr'><strong>περὶ</strong></span> <span class='ocrx_word' id='word_1_54' title='bbox 1022 1091 1092 1143; x_wconf 78' lang='grc' dir='ltr'>ὧν</span> <span class='ocrx_word' id='word_1_55' title='bbox 1145 1090 1385 1167; x_wconf 74' lang='grc' dir='ltr'><strong>ἀναφέρει</strong></span> <span class='ocrx_word' id='word_1_56' title='bbox 1540 1100 1857 1169; x_wconf 79' lang='grc' dir='ltr'>κοσμιότητί</span> 
     </span>
    </p>
   </div>
   <div class='ocr_carea' id='block_1_12' title="bbox 249 1176 1855 1257">
    <p class='ocr_par' dir='ltr' id='par_1_12' title="bbox 249 1176 1855 1257">
     <span class='ocr_line' id='line_1_12' title="bbox 249 1176 1855 1257; baseline 0.004 -24"><span class='ocrx_word' id='word_1_57' title='bbox 249 1198 372 1247; x_wconf 85' lang='grc' dir='ltr'>σου,</span> <span class='ocrx_word' id='word_1_58' title='bbox 403 1176 587 1234; x_wconf 83' lang='grc' dir='ltr'>δοῦναι</span> <span class='ocrx_word' id='word_1_59' title='bbox 604 1184 698 1234; x_wconf 82' lang='grc' dir='ltr'><strong>καί</strong></span> <span class='ocrx_word' id='word_1_60' title='bbox 722 1181 885 1253; x_wconf 72' lang='grc' dir='ltr'>λόγου</span> <span class='ocrx_word' id='word_1_61' title='bbox 917 1179 1242 1256; x_wconf 85' lang='grc' dir='ltr'>παρῥησίαν,</span> <span class='ocrx_word' id='word_1_62' title='bbox 1275 1187 1367 1235; x_wconf 84' lang='grc' dir='ltr'>καὶ</span> <span class='ocrx_word' id='word_1_63' title='bbox 1406 1189 1526 1257; x_wconf 84' lang='grc' dir='ltr'>περὶ</span> <span class='ocrx_word' id='word_1_64' title='bbox 1563 1185 1633 1236; x_wconf 82' lang='grc' dir='ltr'>ὧν</span> <span class='ocrx_word' id='word_1_65' title='bbox 1681 1182 1855 1240; x_wconf 77' lang='grc' dir='ltr'>διαϐε-</span> 
     </span>
    </p>
   </div>
   <div class='ocr_carea' id='block_1_13' title="bbox 246 1268 1850 1349">
    <p class='ocr_par' dir='ltr' id='par_1_13' title="bbox 246 1268 1850 1349">
     <span class='ocr_line' id='line_1_13' title="bbox 246 1268 1850 1349; baseline 0.003 -26"><span class='ocrx_word' id='word_1_66' title='bbox 246 1268 496 1323; x_wconf 78' lang='grc' dir='ltr'>ϐαιοῦται</span> <span class='ocrx_word' id='word_1_67' title='bbox 523 1272 638 1341; x_wconf 79' lang='lat'><strong>(52)</strong></span> <span class='ocrx_word' id='word_1_68' title='bbox 664 1278 926 1345; x_wconf 77' lang='grc' dir='ltr'><strong>προσχεῖν</strong></span> <span class='ocrx_word' id='word_1_69' title='bbox 951 1291 966 1305; x_wconf 80' lang='grc' dir='ltr'><strong>ο</strong></span> <span class='ocrx_word' id='word_1_70' title='bbox 1002 1271 1087 1324; x_wconf 82' lang='grc' dir='ltr'>ἶνα</span> <span class='ocrx_word' id='word_1_71' title='bbox 1123 1269 1225 1324; x_wconf 81' lang='grc' dir='ltr'>ἀπὸ</span> <span class='ocrx_word' id='word_1_72' title='bbox 1253 1278 1380 1344; x_wconf 75' lang='grc' dir='ltr'>γοῦν</span> <span class='ocrx_word' id='word_1_73' title='bbox 1408 1279 1501 1325; x_wconf 84' lang='grc' dir='ltr'>τοῦ</span> <span class='ocrx_word' id='word_1_74' title='bbox 1529 1280 1618 1325; x_wconf 81' lang='grc' dir='ltr'>νῦν</span> <span class='ocrx_word' id='word_1_75' title='bbox 1649 1270 1850 1349; x_wconf 79' lang='grc' dir='ltr'>δυνηθῇ</span> 
     </span>
    </p>
   </div>
   <div class='ocr_carea' id='block_1_14' title="bbox 246 1358 1854 1437">
    <p class='ocr_par' dir='ltr' id='par_1_14' title="bbox 246 1358 1854 1437">
     <span class='ocr_line' id='line_1_14' title="bbox 246 1358 1854 1437; baseline 0.019 -33"><span class='ocrx_word' id='word_1_76' title='bbox 246 1361 283 1418; x_wconf 78' lang='grc' dir='ltr'>ἡ</span> <span class='ocrx_word' id='word_1_77' title='bbox 318 1358 609 1417; x_wconf 73' lang='grc' dir='ltr'>Ἐκκλησία</span> <span class='ocrx_word' id='word_1_78' title='bbox 650 1359 837 1419; x_wconf 67' lang='grc' dir='ltr'>ἑαυτὴν</span> <span class='ocrx_word' id='word_1_79' title='bbox 885 1359 1176 1429; x_wconf 76' lang='grc' dir='ltr'>ἀναλαϐεῖν,</span> <span class='ocrx_word' id='word_1_80' title='bbox 1225 1365 1317 1414; x_wconf 76' lang='grc' dir='ltr'>καὶ</span> <span class='ocrx_word' id='word_1_81' title='bbox 1362 1370 1454 1423; x_wconf 81' lang='grc' dir='ltr'><strong>τῆς</strong></span> <span class='ocrx_word' id='word_1_82' title='bbox 1499 1361 1854 1437; x_wconf 73' lang='grc' dir='ltr'><strong>πολυκεφάλου</strong></span> 
     </span>
    </p>
   </div>
   <div class='ocr_carea' id='block_1_15' title="bbox 247 1445 1856 1526">
    <p class='ocr_par' dir='ltr' id='par_1_15' title="bbox 247 1445 1856 1526">
     <span class='ocr_line' id='line_1_15' title="bbox 247 1445 1856 1526; baseline 0.004 -26"><span class='ocrx_word' id='word_1_83' title='bbox 247 1450 452 1511; x_wconf 79' lang='grc' dir='ltr'><strong>ταύτης</strong></span> <span class='ocrx_word' id='word_1_84' title='bbox 476 1445 642 1522; x_wconf 80' lang='grc' dir='ltr'><strong>ὕδρας</strong></span> <span class='ocrx_word' id='word_1_85' title='bbox 669 1447 1295 1522; x_wconf 70' lang='grc' dir='ltr'>ἀπαλ).αγῆναι.Τοιαύτη</span> <span class='ocrx_word' id='word_1_86' title='bbox 1316 1453 1416 1524; x_wconf 79' lang='grc' dir='ltr'>γὰρ</span> <span class='ocrx_word' id='word_1_87' title='bbox 1443 1452 1475 1510; x_wconf 82' lang='grc' dir='ltr'><strong>ἠ</strong></span> <span class='ocrx_word' id='word_1_88' title='bbox 1506 1452 1605 1504; x_wconf 83' lang='grc' dir='ltr'>τῶν</span> <span class='ocrx_word' id='word_1_89' title='bbox 1625 1461 1856 1526; x_wconf 81' lang='grc' dir='ltr'><strong>πτωχῶν</strong></span> 
     </span>
    </p>
   </div>
   <div class='ocr_carea' id='block_1_16' title="bbox 247 1536 1857 1614">
    <p class='ocr_par' dir='ltr' id='par_1_16' title="bbox 247 1536 1857 1614">
     <span class='ocr_line' id='line_1_16' title="bbox 247 1536 1857 1614; baseline 0.004 -25"><span class='ocrx_word' id='word_1_90' title='bbox 247 1544 464 1604; x_wconf 74' lang='grc' dir='ltr'>κτῆσις,</span> <span class='ocrx_word' id='word_1_91' title='bbox 496 1539 632 1591; x_wconf 78' lang='grc' dir='ltr'>ὥστε</span> <span class='ocrx_word' id='word_1_92' title='bbox 654 1539 736 1591; x_wconf 79' lang='grc' dir='ltr'>ἀεὶ</span> <span class='ocrx_word' id='word_1_93' title='bbox 764 1539 906 1611; x_wconf 77' lang='grc' dir='ltr'><strong>ἡμᾶς</strong></span> <span class='ocrx_word' id='word_1_94' title='bbox 938 1538 1175 1600; x_wconf 73' lang='grc' dir='ltr'>ζητῆσαι</span> <span class='ocrx_word' id='word_1_95' title='bbox 1202 1544 1291 1592; x_wconf 82' lang='grc' dir='ltr'>τὸν</span> <span class='ocrx_word' id='word_1_96' title='bbox 1329 1536 1720 1614; x_wconf 76' lang='grc' dir='ltr'>ὑποδεχόμενον</span> <span class='ocrx_word' id='word_1_97' title='bbox 1754 1542 1857 1595; x_wconf 76' lang='grc' dir='ltr'>αύ-</span> 
     </span>
    </p>
   </div>
   <div class='ocr_carea' id='block_1_17' title="bbox 244 1621 1849 1703">
    <p class='ocr_par' dir='ltr' id='par_1_17' title="bbox 244 1621 1849 1703">
     <span class='ocr_line' id='line_1_17' title="bbox 244 1621 1849 1703; baseline 0.005 -25"><span class='ocrx_word' id='word_1_98' title='bbox 244 1630 366 1694; x_wconf 72' lang='grc' dir='ltr'>τῆν,</span> <span class='ocrx_word' id='word_1_99' title='bbox 399 1621 494 1679; x_wconf 77' lang='grc' dir='ltr'><strong>διὰ</strong></span> <span class='ocrx_word' id='word_1_100' title='bbox 517 1626 580 1679; x_wconf 86' lang='grc' dir='ltr'>τὸ</span> <span class='ocrx_word' id='word_1_101' title='bbox 625 1627 1065 1701; x_wconf 75' lang='grc' dir='ltr'>προσαναλίσκειν</span> <span class='ocrx_word' id='word_1_102' title='bbox 1089 1628 1281 1703; x_wconf 78' lang='grc' dir='ltr'>μᾶλλον</span> <span class='ocrx_word' id='word_1_103' title='bbox 1318 1632 1413 1688; x_wconf 80' lang='grc' dir='ltr'>τὴν</span> <span class='ocrx_word' id='word_1_104' title='bbox 1448 1630 1779 1699; x_wconf 76' lang='grc' dir='ltr'><strong>Ἐκκλησίαν,</strong></span> <span class='ocrx_word' id='word_1_105' title='bbox 1817 1636 1849 1693; x_wconf 71' lang='grc' dir='ltr'><em>ἦ</em></span> 
     </span>
    </p>
   </div>
   <div class='ocr_carea' id='block_1_18' title="bbox 246 1715 1349 1792">
    <p class='ocr_par' dir='ltr' id='par_1_18' title="bbox 246 1715 1349 1792">
     <span class='ocr_line' id='line_1_18' title="bbox 246 1715 1349 1792; baseline 0.007 -25"><span class='ocrx_word' id='word_1_106' title='bbox 246 1733 368 1768; x_wconf 86' lang='grc' dir='ltr'>τινα</span> <span class='ocrx_word' id='word_1_107' title='bbox 389 1718 594 1788; x_wconf 80' lang='grc' dir='ltr'>καρπὸν</span> <span class='ocrx_word' id='word_1_108' title='bbox 621 1718 764 1789; x_wconf 69' lang='grc' dir='ltr'>ἔχειν</span> <span class='ocrx_word' id='word_1_109' title='bbox 792 1715 897 1769; x_wconf 73' lang='grc' dir='ltr'><strong>διπό</strong></span> <span class='ocrx_word' id='word_1_110' title='bbox 922 1724 1024 1772; x_wconf 75' lang='grc' dir='ltr'>τῶν</span> <span class='ocrx_word' id='word_1_111' title='bbox 1052 1724 1349 1792; x_wconf 75' lang='grc' dir='ltr'>κτημᾶτων.</span> 
     </span>
    </p>
   </div>
   <div class='ocr_carea' id='block_1_19' title="bbox 783 1848 1316 1925">
    <p class='ocr_par' dir='ltr' id='par_1_19' title="bbox 783 1848 1316 1925">
     <span class='ocr_line' id='line_1_19' title="bbox 783 1848 1316 1925; baseline 0.006 -9"><span class='ocrx_word' id='word_1_112' title='bbox 783 1865 1123 1918; x_wconf 81' lang='grc' dir='ltr'><strong>ΕΠΙΣΤΟΛΗ</strong></span> <span class='ocrx_word' id='word_1_113' title='bbox 1161 1848 1316 1925; x_wconf 63' lang='lat' dir='ltr'><strong>ms:</strong></span> 
     </span>
    </p>
   </div>
   <div class='ocr_carea' id='block_1_20' title="bbox 1881 700 3621 785">
    <p class='ocr_par' dir='ltr' id='par_1_20' title="bbox 1881 700 3621 785">
     <span class='ocr_line' id='line_1_20' title="bbox 1881 700 3621 785; baseline -0.003 -23"><span class='ocrx_word' id='word_1_114' title='bbox 1881 706 1931 785; x_wconf 70' lang='lat' dir='ltr'><strong>A_</strong></span> <span class='ocrx_word' id='word_1_115' title='bbox 1958 705 2096 764; x_wconf 83' lang='lat' dir='ltr'><strong>Sine</strong></span> <span class='ocrx_word' id='word_1_116' title='bbox 2104 707 2516 778; x_wconf 77' lang='lat' dir='ltr'><strong>inscriptione,</strong></span> <span class='ocrx_word' id='word_1_117' title='bbox 2530 712 2599 763; x_wconf 87' lang='lat' dir='ltr'><strong>ut</strong></span> <span class='ocrx_word' id='word_1_118' title='bbox 2605 705 3017 778; x_wconf 76' lang='lat' dir='ltr'><strong>patrocinium</strong></span> <span class='ocrx_word' id='word_1_119' title='bbox 3031 703 3308 763; x_wconf 61' lang='lat' dir='ltr'><strong>Ecclesia</strong></span> <span class='ocrx_word' id='word_1_120' title='bbox 3320 700 3621 760; x_wconf 82' lang='lat' dir='ltr'><strong>conciliet.</strong></span> 
     </span>
    </p>
   </div>
   <div class='ocr_carea' id='block_1_21' title="bbox 2038 824 3621 904">
    <p class='ocr_par' dir='ltr' id='par_1_21' title="bbox 2038 824 3621 904">
     <span class='ocr_line' id='line_1_21' title="bbox 2038 824 3621 904; baseline -0.004 -16"><span class='ocrx_word' id='word_1_121' title='bbox 2038 831 2151 897; x_wconf 85' lang='lat' dir='ltr'><strong>Qui</strong></span> <span class='ocrx_word' id='word_1_122' title='bbox 2180 831 2454 889; x_wconf 66' lang='lat' dir='ltr'><strong>Ecclesiae</strong></span> <span class='ocrx_word' id='word_1_123' title='bbox 2480 847 2690 889; x_wconf 87' lang='lat' dir='ltr'><strong>curam</strong></span> <span class='ocrx_word' id='word_1_124' title='bbox 2719 830 2889 903; x_wconf 84' lang='lat' dir='ltr'><strong>gerit,</strong></span> <span class='ocrx_word' id='word_1_125' title='bbox 2910 828 3131 904; x_wconf 79' lang='lat' dir='ltr'><strong>cuique</strong></span> <span class='ocrx_word' id='word_1_126' title='bbox 3167 824 3621 902; x_wconf 86' lang='lat' dir='ltr'><strong>possessionum</strong></span> 
     </span>
    </p>
   </div>
   <div class='ocr_carea' id='block_1_22' title="bbox 1965 913 3621 993">
    <p class='ocr_par' dir='ltr' id='par_1_22' title="bbox 1965 913 3621 993">
     <span class='ocr_line' id='line_1_22' title="bbox 1965 913 3621 993; baseline -0.002 -18"><span class='ocrx_word' id='word_1_127' title='bbox 1965 918 2409 978; x_wconf 73' lang='lat' dir='ltr'><strong>administratio</strong></span> <span class='ocrx_word' id='word_1_128' title='bbox 2451 921 2799 991; x_wconf 90' lang='lat' dir='ltr'><strong>commissa,</strong></span> <span class='ocrx_word' id='word_1_129' title='bbox 2856 920 2985 993; x_wconf 89' lang='lat' dir='ltr'><strong>ipse</strong></span> <span class='ocrx_word' id='word_1_130' title='bbox 3032 922 3144 989; x_wconf 87' lang='lat' dir='ltr'><strong>est,</strong></span> <span class='ocrx_word' id='word_1_131' title='bbox 3175 918 3281 991; x_wconf 85' lang='lat' dir='ltr'><strong>qui</strong></span> <span class='ocrx_word' id='word_1_132' title='bbox 3321 916 3481 973; x_wconf 88' lang='lat' dir='ltr'><strong>hanc</strong></span> <span class='ocrx_word' id='word_1_133' title='bbox 3514 913 3621 971; x_wconf 82' lang='lat' dir='ltr'><strong>tibi</strong></span> 
     </span>
    </p>
   </div>
   <div class='ocr_carea' id='block_1_23' title="bbox 1963 1004 3619 1083">
    <p class='ocr_par' dir='ltr' id='par_1_23' title="bbox 1963 1004 3619 1083">
     <span class='ocr_line' id='line_1_23' title="bbox 1963 1004 3619 1083; baseline -0.003 -18"><span class='ocrx_word' id='word_1_134' title='bbox 1963 1009 2146 1066; x_wconf 83' lang='lat' dir='ltr'><strong>tradit</strong></span> <span class='ocrx_word' id='word_1_135' title='bbox 2168 1010 2508 1083; x_wconf 84' lang='lat' dir='ltr'><strong>epistolam,</strong></span> <span class='ocrx_word' id='word_1_136' title='bbox 2540 1010 2793 1067; x_wconf 88' lang='lat' dir='ltr'><strong>dilectus</strong></span> <span class='ocrx_word' id='word_1_137' title='bbox 2820 1009 2918 1067; x_wconf 88' lang='lat' dir='ltr'><strong>ille</strong></span> <span class='ocrx_word' id='word_1_138' title='bbox 2946 1009 3127 1066; x_wconf 82' lang='lat' dir='ltr'><strong>ﬁlius.</strong></span> <span class='ocrx_word' id='word_1_139' title='bbox 3164 1008 3309 1065; x_wconf 85' lang='lat' dir='ltr'><strong>Huic</strong></span> <span class='ocrx_word' id='word_1_140' title='bbox 3350 1004 3619 1077; x_wconf 79' lang='lat' dir='ltr'><strong>digneris</strong></span> 
     </span>
    </p>
   </div>
   <div class='ocr_carea' id='block_1_24' title="bbox 1963 1097 3619 1171">
    <p class='ocr_par' dir='ltr' id='par_1_24' title="bbox 1963 1097 3619 1171">
     <span class='ocr_line' id='line_1_24' title="bbox 1963 1097 3619 1171; baseline -0.003 -17"><span class='ocrx_word' id='word_1_141' title='bbox 1963 1099 2189 1170; x_wconf 82' lang='lat' dir='ltr'><strong>quibus</strong></span> <span class='ocrx_word' id='word_1_142' title='bbox 2215 1100 2291 1157; x_wconf 89' lang='lat' dir='ltr'><strong>de</strong></span> <span class='ocrx_word' id='word_1_143' title='bbox 2309 1101 2493 1157; x_wconf 88' lang='lat' dir='ltr'><strong>rebus</strong></span> <span class='ocrx_word' id='word_1_144' title='bbox 2522 1100 2602 1158; x_wconf 90' lang='lat' dir='ltr'><strong>ad</strong></span> <span class='ocrx_word' id='word_1_145' title='bbox 2629 1105 2799 1158; x_wconf 89' lang='lat' dir='ltr'><strong>tuam</strong></span> <span class='ocrx_word' id='word_1_146' title='bbox 2828 1099 3184 1171; x_wconf 84' lang='lat' dir='ltr'><strong>dignitatem</strong></span> <span class='ocrx_word' id='word_1_147' title='bbox 3221 1097 3457 1163; x_wconf 80' lang='lat' dir='ltr'><strong>referet,</strong></span> <span class='ocrx_word' id='word_1_148' title='bbox 3486 1099 3619 1152; x_wconf 90' lang='lat' dir='ltr'><strong>tum</strong></span> 
     </span>
    </p>
   </div>
   <div class='ocr_carea' id='block_1_25' title="bbox 1962 1185 3619 1260">
    <p class='ocr_par' dir='ltr' id='par_1_25' title="bbox 1962 1185 3619 1260">
     <span class='ocr_line' id='line_1_25' title="bbox 1962 1185 3619 1260; baseline -0.003 -16"><span class='ocrx_word' id='word_1_149' title='bbox 1962 1186 2254 1260; x_wconf 83' lang='lat' dir='ltr'><strong>loquendi</strong></span> <span class='ocrx_word' id='word_1_150' title='bbox 2279 1189 2616 1247; x_wconf 87' lang='lat' dir='ltr'><strong>libertatem</strong></span> <span class='ocrx_word' id='word_1_151' title='bbox 2651 1190 2816 1257; x_wconf 88' lang='lat' dir='ltr'><strong>dare,</strong></span> <span class='ocrx_word' id='word_1_152' title='bbox 2848 1194 2978 1246; x_wconf 87' lang='lat' dir='ltr'><strong>tum</strong></span> <span class='ocrx_word' id='word_1_153' title='bbox 3025 1185 3395 1245; x_wconf 83' lang='lat' dir='ltr'><strong>asseveranti</strong></span> <span class='ocrx_word' id='word_1_154' title='bbox 3441 1198 3619 1241; x_wconf 84' lang='lat' dir='ltr'><strong>aures</strong></span> 
     </span>
    </p>
   </div>
   <div class='ocr_carea' id='block_1_26' title="bbox 1965 1272 3621 1350">
    <p class='ocr_par' dir='ltr' id='par_1_26' title="bbox 1965 1272 3621 1350">
     <span class='ocr_line' id='line_1_26' title="bbox 1965 1272 3621 1350; baseline -0.003 -17"><span class='ocrx_word' id='word_1_155' title='bbox 1965 1277 2233 1350; x_wconf 68' lang='lat' dir='ltr'><strong>praebere</strong></span> <span class='ocrx_word' id='word_1_156' title='bbox 2265 1295 2281 1335; x_wconf 89' lang='lat'><strong>:</strong></span> <span class='ocrx_word' id='word_1_157' title='bbox 2310 1283 2377 1335; x_wconf 90' lang='lat' dir='ltr'><strong>ut</strong></span> <span class='ocrx_word' id='word_1_158' title='bbox 2404 1279 2617 1335; x_wconf 84' lang='lat' dir='ltr'><strong>saltem</strong></span> <span class='ocrx_word' id='word_1_159' title='bbox 2642 1294 2805 1334; x_wconf 91' lang='lat' dir='ltr'><strong>nunc</strong></span> <span class='ocrx_word' id='word_1_160' title='bbox 2831 1294 3100 1335; x_wconf 85' lang='lat' dir='ltr'><strong>recreare</strong></span> <span class='ocrx_word' id='word_1_161' title='bbox 3125 1293 3188 1333; x_wconf 90' lang='lat' dir='ltr'><strong>se</strong></span> <span class='ocrx_word' id='word_1_162' title='bbox 3212 1275 3406 1350; x_wconf 85' lang='lat' dir='ltr'><strong>possit</strong></span> <span class='ocrx_word' id='word_1_163' title='bbox 3427 1272 3621 1329; x_wconf 88' lang='lat' dir='ltr'><strong>Eccle-</strong></span> 
     </span>
    </p>
   </div>
   <div class='ocr_carea' id='block_1_27' title="bbox 1962 1362 3617 1440">
    <p class='ocr_par' dir='ltr' id='par_1_27' title="bbox 1962 1362 3617 1440">
     <span class='ocr_line' id='line_1_27' title="bbox 1962 1362 3617 1440; baseline -0.002 -16"><span class='ocrx_word' id='word_1_164' title='bbox 1962 1368 2070 1431; x_wconf 88' lang='lat' dir='ltr'><strong>sia,</strong></span> <span class='ocrx_word' id='word_1_165' title='bbox 2104 1372 2161 1424; x_wconf 92' lang='lat' dir='ltr'><strong>et</strong></span> <span class='ocrx_word' id='word_1_166' title='bbox 2190 1369 2269 1425; x_wconf 89' lang='lat' dir='ltr'><strong>ab</strong></span> <span class='ocrx_word' id='word_1_167' title='bbox 2293 1368 2394 1425; x_wconf 90' lang='lat' dir='ltr'><strong>illa</strong></span> <span class='ocrx_word' id='word_1_168' title='bbox 2424 1368 2752 1425; x_wconf 89' lang='lat' dir='ltr'><strong>multorum</strong></span> <span class='ocrx_word' id='word_1_169' title='bbox 2797 1368 3064 1440; x_wconf 89' lang='lat' dir='ltr'><strong>capitum</strong></span> <span class='ocrx_word' id='word_1_170' title='bbox 3101 1366 3298 1440; x_wconf 85' lang='lat' dir='ltr'><strong>hydra</strong></span> <span class='ocrx_word' id='word_1_171' title='bbox 3351 1362 3617 1421; x_wconf 83' lang='lat' dir='ltr'><strong>liberari.</strong></span> 
     </span>
    </p>
   </div>
   <div class='ocr_carea' id='block_1_28' title="bbox 1961 1456 3622 1531">
    <p class='ocr_par' dir='ltr' id='par_1_28' title="bbox 1961 1456 3622 1531">
     <span class='ocr_line' id='line_1_28' title="bbox 1961 1456 3622 1531; baseline -0.002 -18"><span class='ocrx_word' id='word_1_172' title='bbox 1961 1459 2293 1530; x_wconf 89' lang='lat' dir='ltr'><strong>Pauperem</strong></span> <span class='ocrx_word' id='word_1_173' title='bbox 2318 1458 2480 1514; x_wconf 89' lang='lat' dir='ltr'><strong>enim</strong></span> <span class='ocrx_word' id='word_1_174' title='bbox 2511 1458 2813 1531; x_wconf 89' lang='lat' dir='ltr'><strong>possessio</strong></span> <span class='ocrx_word' id='word_1_175' title='bbox 2835 1463 2922 1514; x_wconf 86' lang='lat' dir='ltr'><strong>est</strong></span> <span class='ocrx_word' id='word_1_176' title='bbox 2943 1456 3268 1529; x_wconf 85' lang='lat' dir='ltr'><strong>ejusmodi,</strong></span> <span class='ocrx_word' id='word_1_177' title='bbox 3294 1458 3359 1511; x_wconf 89' lang='lat' dir='ltr'><strong>ut</strong></span> <span class='ocrx_word' id='word_1_178' title='bbox 3379 1467 3622 1526; x_wconf 86' lang='lat' dir='ltr'><strong>semper</strong></span> 
     </span>
    </p>
   </div>
   <div class='ocr_carea' id='block_1_29' title="bbox 1961 1542 3621 1619">
    <p class='ocr_par' dir='ltr' id='par_1_29' title="bbox 1961 1542 3621 1619">
     <span class='ocr_line' id='line_1_29' title="bbox 1961 1542 3621 1619; baseline -0.001 -18"><span class='ocrx_word' id='word_1_179' title='bbox 1961 1561 2328 1619; x_wconf 75' lang='lat' dir='ltr'><strong>quaeramus,</strong></span> <span class='ocrx_word' id='word_1_180' title='bbox 2360 1547 2465 1619; x_wconf 90' lang='lat' dir='ltr'><strong>qui</strong></span> <span class='ocrx_word' id='word_1_181' title='bbox 2495 1564 2633 1604; x_wconf 90' lang='lat' dir='ltr'><strong>eam</strong></span> <span class='ocrx_word' id='word_1_182' title='bbox 2663 1546 2990 1619; x_wconf 85' lang='lat' dir='ltr'><strong>suscipiat;</strong></span> <span class='ocrx_word' id='word_1_183' title='bbox 3022 1561 3096 1602; x_wconf 88' lang='lat' dir='ltr'><strong>eo</strong></span> <span class='ocrx_word' id='word_1_184' title='bbox 3143 1543 3311 1618; x_wconf 89' lang='lat' dir='ltr'><strong>quod</strong></span> <span class='ocrx_word' id='word_1_185' title='bbox 3360 1542 3621 1600; x_wconf 81' lang='lat' dir='ltr'><strong>Ecclesia</strong></span> 
     </span>
    </p>
   </div>
   <div class='ocr_carea' id='block_1_30' title="bbox 1962 1634 3619 1709">
    <p class='ocr_par' dir='ltr' id='par_1_30' title="bbox 1962 1634 3619 1709">
     <span class='ocr_line' id='line_1_30' title="bbox 1962 1634 3619 1709; baseline -0.002 -21"><span class='ocrx_word' id='word_1_186' title='bbox 1962 1650 2144 1691; x_wconf 89' lang='lat' dir='ltr'><strong>suum</strong></span> <span class='ocrx_word' id='word_1_187' title='bbox 2174 1634 2423 1709; x_wconf 84' lang='lat' dir='ltr'><strong>insuper</strong></span> <span class='ocrx_word' id='word_1_188' title='bbox 2447 1636 2645 1709; x_wconf 87' lang='lat' dir='ltr'><strong>potius</strong></span> <span class='ocrx_word' id='word_1_189' title='bbox 2684 1636 2992 1703; x_wconf 87' lang='lat' dir='ltr'><strong>absumat,</strong></span> <span class='ocrx_word' id='word_1_190' title='bbox 3022 1649 3213 1707; x_wconf 89' lang='lat' dir='ltr'><strong>quam</strong></span> <span class='ocrx_word' id='word_1_191' title='bbox 3266 1648 3341 1689; x_wconf 79' lang='lat' dir='ltr'><strong>ex</strong></span> <span class='ocrx_word' id='word_1_192' title='bbox 3372 1644 3619 1705; x_wconf 82' lang='lat' dir='ltr'><strong>posses-</strong></span> 
     </span>
    </p>
   </div>
   <div class='ocr_carea' id='block_1_31' title="bbox 1960 1721 3246 1800">
    <p class='ocr_par' dir='ltr' id='par_1_31' title="bbox 1960 1721 3246 1800">
     <span class='ocr_line' id='line_1_31' title="bbox 1960 1721 3246 1800; baseline -0.002 -20"><span class='ocrx_word' id='word_1_193' title='bbox 1960 1723 2235 1781; x_wconf 85' lang='lat' dir='ltr'><strong>sionibus</strong></span> <span class='ocrx_word' id='word_1_194' title='bbox 2258 1725 2487 1800; x_wconf 87' lang='lat' dir='ltr'><strong>aliquid</strong></span> <span class='ocrx_word' id='word_1_195' title='bbox 2515 1725 2806 1799; x_wconf 88' lang='lat' dir='ltr'><strong>percipiat</strong></span> <span class='ocrx_word' id='word_1_196' title='bbox 2834 1721 3246 1781; x_wconf 84' lang='lat' dir='ltr'><strong>emolumenti.</strong></span> 
     </span>
    </p>
   </div>
   <div class='ocr_carea' id='block_1_32' title="bbox 2396 1863 3189 1926">
    <p class='ocr_par' dir='ltr' id='par_1_32' title="bbox 2396 1863 3189 1926">
     <span class='ocr_line' id='line_1_32' title="bbox 2396 1863 3189 1926; baseline -0.005 -1"><span class='ocrx_word' id='word_1_197' title='bbox 2396 1868 2732 1926; x_wconf 84' lang='lat' dir='ltr'><strong>EPlSTOLA</strong></span> <span class='ocrx_word' id='word_1_198' title='bbox 2780 1866 3093 1923; x_wconf 80' lang='lat' dir='ltr'><strong>CCLXXXV</strong></span> <span class='ocrx_word' id='word_1_199' title='bbox 3096 1863 3189 1922; x_wconf 80' lang='lat'><strong>1“.</strong></span> 
     </span>
    </p>
   </div>
   <div class='ocr_carea' id='block_1_33' title="bbox 244 1982 3619 2063">
    <p class='ocr_par' dir='ltr' id='par_1_33' title="bbox 244 1982 3619 2063">
     <span class='ocr_line' id='line_1_33' title="bbox 244 1982 3619 2063; baseline 0.001 -22"><span class='ocrx_word' id='word_1_200' title='bbox 244 1982 570 2055; x_wconf 69' lang='lat' dir='ltr'><strong>Signiﬁcat</strong></span> <span class='ocrx_word' id='word_1_201' title='bbox 589 1984 847 2043; x_wconf 75' lang='lat' dir='ltr'><strong>Basilius</strong></span> <span class='ocrx_word' id='word_1_202' title='bbox 862 1986 1037 2057; x_wconf 84' lang='lat' dir='ltr'><strong>fures</strong></span> <span class='ocrx_word' id='word_1_203' title='bbox 1064 1987 1130 2044; x_wconf 82' lang='lat' dir='ltr'><strong>in</strong></span> <span class='ocrx_word' id='word_1_204' title='bbox 1158 1988 1408 2046; x_wconf 83' lang='lat' dir='ltr'><strong>ecclesia</strong></span> <span class='ocrx_word' id='word_1_205' title='bbox 1437 1990 1891 2060; x_wconf 76' lang='lat' dir='ltr'><strong>comprehensos</strong></span> <span class='ocrx_word' id='word_1_206' title='bbox 1912 2005 1951 2050; x_wconf 88' lang='lat' dir='ltr'><strong>a</strong></span> <span class='ocrx_word' id='word_1_207' title='bbox 1979 2005 2040 2048; x_wconf 83' lang='lat' dir='ltr'><strong>se</strong></span> <span class='ocrx_word' id='word_1_208' title='bbox 2046 1991 2329 2063; x_wconf 81' lang='lat' dir='ltr'><strong>judicari</strong></span> <span class='ocrx_word' id='word_1_209' title='bbox 2348 1992 2578 2061; x_wconf 84' lang='lat' dir='ltr'><strong>debere,</strong></span> <span class='ocrx_word' id='word_1_210' title='bbox 2598 2007 2671 2050; x_wconf 86' lang='lat' dir='ltr'><strong>ac</strong></span> <span class='ocrx_word' id='word_1_211' title='bbox 2698 1990 2998 2049; x_wconf 83' lang='lat' dir='ltr'><strong>immerito</strong></span> <span class='ocrx_word' id='word_1_212' title='bbox 3019 1986 3619 2047; x_wconf 78' lang='lat' dir='ltr'><strong>Commentariensem</strong></span> 
     </span>
    </p>
   </div>
   <div class='ocr_carea' id='block_1_34' title="bbox 1373 2079 2487 2154">
    <p class='ocr_par' dir='ltr' id='par_1_34' title="bbox 1373 2079 2487 2154">
     <span class='ocr_line' id='line_1_34' title="bbox 1373 2079 2487 2154; baseline 0.002 -18"><span class='ocrx_word' id='word_1_213' title='bbox 1373 2079 1493 2136; x_wconf 83' lang='lat' dir='ltr'><strong>sibi</strong></span> <span class='ocrx_word' id='word_1_214' title='bbox 1511 2095 1716 2138; x_wconf 82' lang='lat' dir='ltr'><strong>eorum</strong></span> <span class='ocrx_word' id='word_1_215' title='bbox 1745 2083 2144 2153; x_wconf 78' lang='lat' dir='ltr'><strong>receptionem</strong></span> <span class='ocrx_word' id='word_1_216' title='bbox 2172 2095 2487 2154; x_wconf 78' lang='lat' dir='ltr'><strong>arrogare.</strong></span> 
     </span>
    </p>
   </div>
   <div class='ocr_carea' id='block_1_35' title="bbox 843 2206 1271 2276">
    <p class='ocr_par' dir='ltr' id='par_1_35' title="bbox 843 2206 1271 2276">
     <span class='ocr_line' id='line_1_35' title="bbox 843 2206 1271 2276; baseline 0.005 -21"><span class='ocrx_word' id='word_1_217' title='bbox 843 2206 1271 2276; x_wconf 73' lang='grc' dir='ltr'>Κομενταρησίῳ.</span> 
     </span>
    </p>
   </div>
   <div class='ocr_carea' id='block_1_36' title="bbox 323 2318 1853 2403">
    <p class='ocr_par' dir='ltr' id='par_1_36' title="bbox 323 2318 1853 2403">
     <span class='ocr_line' id='line_1_36' title="bbox 323 2318 1853 2403; baseline 0.006 -27"><span class='ocrx_word' id='word_1_218' title='bbox 323 2318 538 2381; x_wconf 81' lang='grc' dir='ltr'>Ἐπειδή</span> <span class='ocrx_word' id='word_1_219' title='bbox 565 2342 700 2386; x_wconf 87' lang='grc' dir='ltr'>τινες</span> <span class='ocrx_word' id='word_1_220' title='bbox 730 2323 781 2377; x_wconf 79' lang='grc' dir='ltr'>ἓν</span> <span class='ocrx_word' id='word_1_221' title='bbox 804 2332 868 2398; x_wconf 74' lang='grc' dir='ltr'>τῇ</span> <span class='ocrx_word' id='word_1_222' title='bbox 894 2323 1103 2400; x_wconf 75' lang='grc' dir='ltr'>συνόδῳ</span> <span class='ocrx_word' id='word_1_223' title='bbox 1148 2327 1262 2399; x_wconf 83' lang='lat'><strong>(53)</strong></span> <span class='ocrx_word' id='word_1_224' title='bbox 1289 2324 1395 2403; x_wconf 75' lang='grc' dir='ltr'><em>τῇδ</em></span> <span class='ocrx_word' id='word_1_225' title='bbox 1399 2348 1421 2384; x_wconf 94' lang='grc' dir='ltr'><strong>ε</strong></span> <span class='ocrx_word' id='word_1_226' title='bbox 1455 2329 1853 2403; x_wconf 72' lang='grc' dir='ltr'>συνελήφθησαν</span> 
     </span>
    </p>
   </div>
   <div class='ocr_carea' id='block_1_37' title="bbox 243 2413 1853 2497">
    <p class='ocr_par' dir='ltr' id='par_1_37' title="bbox 243 2413 1853 2497">
     <span class='ocr_line' id='line_1_37' title="bbox 243 2413 1853 2497; baseline 0.006 -32"><span class='ocrx_word' id='word_1_227' title='bbox 243 2420 351 2465; x_wconf 86' lang='grc' dir='ltr'>τῶν</span> <span class='ocrx_word' id='word_1_228' title='bbox 379 2414 445 2465; x_wconf 83' lang='grc' dir='ltr'>τὰ</span> <span class='ocrx_word' id='word_1_229' title='bbox 478 2416 682 2488; x_wconf 87' lang='grc' dir='ltr'>πονηρά</span> <span class='ocrx_word' id='word_1_230' title='bbox 708 2413 1086 2490; x_wconf 73' lang='grc' dir='ltr'>ἐργαζομένων,</span> <span class='ocrx_word' id='word_1_231' title='bbox 1125 2423 1214 2473; x_wconf 88' lang='grc' dir='ltr'><strong>καί</strong></span> <span class='ocrx_word' id='word_1_232' title='bbox 1238 2418 1550 2473; x_wconf 78' lang='grc' dir='ltr'>κλεπτόντων</span> <span class='ocrx_word' id='word_1_233' title='bbox 1591 2424 1736 2497; x_wconf 86' lang='grc' dir='ltr'><strong>παρά</strong></span> <span class='ocrx_word' id='word_1_234' title='bbox 1762 2427 1853 2481; x_wconf 85' lang='grc' dir='ltr'>τήν</span> 
     </span>
    </p>
   </div>
   <div class='ocr_carea' id='block_1_38' title="bbox 246 2500 1851 2585">
    <p class='ocr_par' dir='ltr' id='par_1_38' title="bbox 246 2500 1851 2585">
     <span class='ocr_line' id='line_1_38' title="bbox 246 2500 1851 2585; baseline 0.005 -31"><span class='ocrx_word' id='word_1_235' title='bbox 246 2500 456 2561; x_wconf 79' lang='grc' dir='ltr'>ἐντολὴν</span> <span class='ocrx_word' id='word_1_236' title='bbox 481 2510 580 2556; x_wconf 85' lang='grc' dir='ltr'>τοῦ</span> <span class='ocrx_word' id='word_1_237' title='bbox 614 2509 809 2581; x_wconf 78' lang='grc' dir='ltr'>Κυρίου</span> <span class='ocrx_word' id='word_1_238' title='bbox 842 2507 1026 2578; x_wconf 81' lang='grc' dir='ltr'>ἱμάτια</span> <span class='ocrx_word' id='word_1_239' title='bbox 1050 2505 1223 2568; x_wconf 72' lang='grc' dir='ltr'>εὐτελῆ</span> <span class='ocrx_word' id='word_1_240' title='bbox 1266 2518 1497 2582; x_wconf 85' lang='grc' dir='ltr'>πτωχῶν</span> <span class='ocrx_word' id='word_1_241' title='bbox 1548 2507 1851 2585; x_wconf 76' lang='grc' dir='ltr'>ἀνθρώπων,</span> 
     </span>
    </p>
   </div>
   <div class='ocr_carea' id='block_1_39' title="bbox 244 2587 1853 2674">
    <p class='ocr_par' dir='ltr' id='par_1_39' title="bbox 244 2587 1853 2674">
     <span class='ocr_line' id='line_1_39' title="bbox 244 2587 1853 2674; baseline 0.006 -31"><span class='ocrx_word' id='word_1_242' title='bbox 244 2590 336 2653; x_wconf 77' lang='grc' dir='ltr'>οὓς</span> <span class='ocrx_word' id='word_1_243' title='bbox 366 2587 566 2645; x_wconf 77' lang='grc' dir='ltr'>ἂνδύειν</span> <span class='ocrx_word' id='word_1_244' title='bbox 593 2592 784 2665; x_wconf 77' lang='grc' dir='ltr'>μᾶλλον</span> <span class='ocrx_word' id='word_1_245' title='bbox 814 2592 980 2670; x_wconf 76' lang='grc' dir='ltr'>ἐχρῆν</span> <span class='ocrx_word' id='word_1_246' title='bbox 1007 2596 1038 2657; x_wconf 82' lang='grc' dir='ltr'><strong>ἣ</strong></span> <span class='ocrx_word' id='word_1_247' title='bbox 1072 2594 1325 2650; x_wconf 73' lang='grc' dir='ltr'>ἀποδύειν</span> <span class='ocrx_word' id='word_1_248' title='bbox 1356 2619 1370 2633; x_wconf 80' lang='grc' dir='ltr'><strong>ο</strong></span> <span class='ocrx_word' id='word_1_249' title='bbox 1406 2598 1742 2653; x_wconf 80' lang='grc' dir='ltr'>συνελάϐοντο</span> <span class='ocrx_word' id='word_1_250' title='bbox 1761 2601 1853 2674; x_wconf 64' lang='grc' dir='ltr'><strong>μὲν</strong></span> 
     </span>
    </p>
   </div>
   <div class='ocr_carea' id='block_1_40' title="bbox 246 2680 1853 2759">
    <p class='ocr_par' dir='ltr' id='par_1_40' title="bbox 246 2680 1853 2759">
     <span class='ocr_line' id='line_1_40' title="bbox 246 2680 1853 2759; baseline 0.007 -27"><span class='ocrx_word' id='word_1_251' title='bbox 246 2680 438 2741; x_wconf 84' lang='grc' dir='ltr'>αύτούς</span> <span class='ocrx_word' id='word_1_252' title='bbox 467 2682 516 2733; x_wconf 86' lang='grc' dir='ltr'>οἱ</span> <span class='ocrx_word' id='word_1_253' title='bbox 540 2689 635 2745; x_wconf 84' lang='grc' dir='ltr'>τῆς</span> <span class='ocrx_word' id='word_1_254' title='bbox 666 2682 906 2747; x_wconf 75' lang='grc' dir='ltr'><strong>εὐταξίας</strong></span> <span class='ocrx_word' id='word_1_255' title='bbox 935 2683 1293 2759; x_wconf 74' lang='grc' dir='ltr'><strong>ἐπιμελόμενοι</strong></span> <span class='ocrx_word' id='word_1_256' title='bbox 1339 2696 1436 2751; x_wconf 83' lang='grc' dir='ltr'>τῆς</span> <span class='ocrx_word' id='word_1_257' title='bbox 1482 2687 1853 2748; x_wconf 76' lang='grc' dir='ltr'>ἐκκλησιαστι-</span> 
     </span>
    </p>
   </div>
   <div class='ocr_carea' id='block_1_41' title="bbox 246 2769 1851 2851">
    <p class='ocr_par' dir='ltr' id='par_1_41' title="bbox 246 2769 1851 2851">
     <span class='ocr_line' id='line_1_41' title="bbox 246 2769 1851 2851; baseline 0.006 -29"><span class='ocrx_word' id='word_1_258' title='bbox 246 2776 370 2831; x_wconf 79' lang='grc' dir='ltr'>κῆς.</span> <span class='ocrx_word' id='word_1_259' title='bbox 401 2773 620 2842; x_wconf 81' lang='grc' dir='ltr'>νομίσας</span> <span class='ocrx_word' id='word_1_260' title='bbox 648 2772 762 2843; x_wconf 71' lang='grc'><strong>(54)</strong></span> <span class='ocrx_word' id='word_1_261' title='bbox 794 2769 855 2827; x_wconf 69' lang='grc' dir='ltr'><strong>δὲ</strong></span> <span class='ocrx_word' id='word_1_262' title='bbox 878 2773 1019 2845; x_wconf 78' lang='grc' dir='ltr'>αύτῷ</span> <span class='ocrx_word' id='word_1_263' title='bbox 1050 2794 1136 2829; x_wconf 91' lang='grc' dir='ltr'><strong>σοι</strong></span> <span class='ocrx_word' id='word_1_264' title='bbox 1166 2773 1449 2851; x_wconf 69' lang='grc' dir='ltr'>διαφέρειν,</span> <span class='ocrx_word' id='word_1_265' title='bbox 1482 2780 1552 2839; x_wconf 83' lang='grc' dir='ltr'>ὡς</span> <span class='ocrx_word' id='word_1_266' title='bbox 1578 2780 1645 2831; x_wconf 80' lang='grc' dir='ltr'>τὰ</span> <span class='ocrx_word' id='word_1_267' title='bbox 1677 2775 1851 2851; x_wconf 79' lang='grc' dir='ltr'>δημό-</span> 
     </span>
    </p>
   </div>
   <div class='ocr_carea' id='block_1_42' title="bbox 212 2860 1851 2947">
    <p class='ocr_par' dir='ltr' id='par_1_42' title="bbox 250 2860 1851 2941">
     <span class='ocr_line' id='line_1_42' title="bbox 250 2860 1851 2941; baseline 0.007 -30"><span class='ocrx_word' id='word_1_268' title='bbox 250 2877 348 2911; x_wconf 87' lang='grc' dir='ltr'>σιοι</span> <span class='ocrx_word' id='word_1_269' title='bbox 375 2860 678 2930; x_wconf 80' lang='grc' dir='ltr'>πράττοντι,</span> <span class='ocrx_word' id='word_1_270' title='bbox 716 2865 806 2921; x_wconf 74' lang='grc' dir='ltr'>τήν</span> <span class='ocrx_word' id='word_1_271' title='bbox 832 2871 931 2916; x_wconf 85' lang='grc' dir='ltr'><strong>τῶν</strong></span> <span class='ocrx_word' id='word_1_272' title='bbox 960 2867 1206 2921; x_wconf 86' lang='grc' dir='ltr'>τοιούτων</span> <span class='ocrx_word' id='word_1_273' title='bbox 1253 2864 1535 2941; x_wconf 74' lang='grc' dir='ltr'>ὑποδοχὴν</span> <span class='ocrx_word' id='word_1_274' title='bbox 1566 2868 1698 2941; x_wconf 79' lang='grc'><strong>(55),</strong></span> <span class='ocrx_word' id='word_1_275' title='bbox 1731 2867 1851 2922; x_wconf 80' lang='grc' dir='ltr'><strong>ἐπέ-</strong></span> 
     </span>
    </p>
   </div>
   <div class='ocr_carea' id='block_1_43' title="bbox 250 2947 1854 3032">
    <p class='ocr_par' dir='ltr' id='par_1_43' title="bbox 250 2947 1854 3032">
     <span class='ocr_line' id='line_1_43' title="bbox 250 2947 1854 3032; baseline 0.007 -31"><span class='ocrx_word' id='word_1_276' title='bbox 250 2947 433 3001; x_wconf 82' lang='grc' dir='ltr'>στειλά</span> <span class='ocrx_word' id='word_1_277' title='bbox 458 2968 563 3019; x_wconf 92' lang='grc' dir='ltr'>σοι,</span> <span class='ocrx_word' id='word_1_278' title='bbox 589 2955 877 3027; x_wconf 80' lang='grc' dir='ltr'>γνωρίζων,</span> <span class='ocrx_word' id='word_1_279' title='bbox 896 2954 977 3007; x_wconf 88' lang='grc' dir='ltr'>ὅτι</span> <span class='ocrx_word' id='word_1_280' title='bbox 995 2957 1062 3008; x_wconf 79' lang='grc' dir='ltr'>τὰ</span> <span class='ocrx_word' id='word_1_281' title='bbox 1090 2954 1138 3011; x_wconf 75' lang='grc' dir='ltr'>ἐν</span> <span class='ocrx_word' id='word_1_282' title='bbox 1160 2963 1277 3020; x_wconf 87' lang='grc' dir='ltr'>ταῖς</span> <span class='ocrx_word' id='word_1_283' title='bbox 1301 2956 1601 3021; x_wconf 73' lang='grc' dir='ltr'>ἐκκλησίαις</span> <span class='ocrx_word' id='word_1_284' title='bbox 1622 2957 1854 3032; x_wconf 77' lang='grc' dir='ltr'>ἁμαρτα-</span> 
     </span>
    </p>
   </div>
   <div class='ocr_carea' id='block_1_44' title="bbox 246 3037 1852 3122">
    <p class='ocr_par' dir='ltr' id='par_1_44' title="bbox 246 3037 1852 3122">
     <span class='ocr_line' id='line_1_44' title="bbox 246 3037 1852 3122; baseline 0.008 -34"><span class='ocrx_word' id='word_1_285' title='bbox 246 3039 437 3110; x_wconf 77' lang='grc' dir='ltr'>νόμενα</span> <span class='ocrx_word' id='word_1_286' title='bbox 466 3037 551 3111; x_wconf 74' lang='grc' dir='ltr'><strong>ὑφ’</strong></span> <span class='ocrx_word' id='word_1_287' title='bbox 579 3040 725 3114; x_wconf 78' lang='grc' dir='ltr'><strong>ἡμῶν</strong></span> <span class='ocrx_word' id='word_1_288' title='bbox 756 3043 866 3114; x_wconf 78' lang='lat'><strong>(56)</strong></span> <span class='ocrx_word' id='word_1_289' title='bbox 896 3048 1155 3118; x_wconf 78' lang='grc' dir='ltr'>προσήκει</span> <span class='ocrx_word' id='word_1_290' title='bbox 1182 3054 1280 3109; x_wconf 82' lang='grc' dir='ltr'>τῆς</span> <span class='ocrx_word' id='word_1_291' title='bbox 1306 3048 1607 3122; x_wconf 79' lang='grc' dir='ltr'>πρεπούσης</span> <span class='ocrx_word' id='word_1_292' title='bbox 1636 3049 1852 3121; x_wconf 79' lang='grc' dir='ltr'>τυγχά-</span> 
     </span>
    </p>
   </div>
   <div class='ocr_carea' id='block_1_45' title="bbox 242 3123 1854 3214">
    <p class='ocr_par' dir='ltr' id='par_1_45' title="bbox 242 3123 1854 3214">
     <span class='ocr_line' id='line_1_45' title="bbox 242 3123 1854 3214; baseline 0.008 -36"><span class='ocrx_word' id='word_1_293' title='bbox 242 3145 350 3179; x_wconf 89' lang='grc' dir='ltr'>νειν</span> <span class='ocrx_word' id='word_1_294' title='bbox 378 3123 729 3200; x_wconf 76' lang='grc' dir='ltr'>διορθώσεως,</span> <span class='ocrx_word' id='word_1_295' title='bbox 785 3127 1048 3196; x_wconf 81' lang='grc' dir='ltr'>δικαστὰς</span> <span class='ocrx_word' id='word_1_296' title='bbox 1092 3130 1151 3189; x_wconf 68' lang='grc' dir='ltr'><strong>δὲ</strong></span> <span class='ocrx_word' id='word_1_297' title='bbox 1180 3138 1298 3210; x_wconf 79' lang='grc' dir='ltr'>περὶ</span> <span class='ocrx_word' id='word_1_298' title='bbox 1327 3137 1524 3189; x_wconf 89' lang='grc' dir='ltr'>τούτων</span> <span class='ocrx_word' id='word_1_299' title='bbox 1574 3140 1647 3211; x_wconf 80' lang='grc' dir='ltr'><strong><em>μὴ</em></strong></span> <span class='ocrx_word' id='word_1_300' title='bbox 1687 3157 1854 3214; x_wconf 83' lang='grc' dir='ltr'>παρε-</span> 
     </span>
    </p>
   </div>
   <div class='ocr_carea' id='block_1_46' title="bbox 244 3215 1853 3296">
    <p class='ocr_par' dir='ltr' id='par_1_46' title="bbox 244 3215 1853 3296">
     <span class='ocr_line' id='line_1_46' title="bbox 244 3215 1853 3296; baseline 0.008 -29"><span class='ocrx_word' id='word_1_301' title='bbox 244 3215 579 3288; x_wconf 81' lang='grc' dir='ltr'>νοχλεῖσθαι.</span> <span class='ocrx_word' id='word_1_302' title='bbox 605 3220 701 3273; x_wconf 79' lang='grc' dir='ltr'><strong>Διὰ</strong></span> <span class='ocrx_word' id='word_1_303' title='bbox 727 3228 880 3274; x_wconf 74' lang='grc' dir='ltr'>τοῦτο</span> <span class='ocrx_word' id='word_1_304' title='bbox 905 3228 995 3275; x_wconf 83' lang='grc' dir='ltr'>καὶ</span> <span class='ocrx_word' id='word_1_305' title='bbox 1036 3225 1103 3276; x_wconf 84' lang='grc' dir='ltr'>τὰ</span> <span class='ocrx_word' id='word_1_306' title='bbox 1135 3231 1269 3277; x_wconf 75' lang='grc' dir='ltr'>σῦλα</span> <span class='ocrx_word' id='word_1_307' title='bbox 1298 3224 1489 3296; x_wconf 66' lang='grc' dir='ltr'>αὐτῶν,</span> <span class='ocrx_word' id='word_1_308' title='bbox 1521 3225 1556 3278; x_wconf 83' lang='grc' dir='ltr'><strong>ά</strong></span> <span class='ocrx_word' id='word_1_309' title='bbox 1594 3223 1749 3286; x_wconf 77' lang='grc' dir='ltr'>δηλοῖ</span> <span class='ocrx_word' id='word_1_310' title='bbox 1792 3229 1853 3280; x_wconf 83' lang='grc' dir='ltr'><strong>τό</strong></span> 
     </span>
    </p>
   </div>
   <div class='ocr_carea' id='block_1_47' title="bbox 245 3308 1855 3391">
    <p class='ocr_par' dir='ltr' id='par_1_47' title="bbox 245 3308 1855 3391">
     <span class='ocr_line' id='line_1_47' title="bbox 245 3308 1855 3391; baseline 0.007 -33"><span class='ocrx_word' id='word_1_311' title='bbox 245 3308 395 3389; x_wconf 71' lang='grc' dir='ltr'>παρα</span> <span class='ocrx_word' id='word_1_312' title='bbox 421 3311 506 3360; x_wconf 83' lang='grc' dir='ltr'><strong>σοὶ</strong></span> <span class='ocrx_word' id='word_1_313' title='bbox 533 3311 786 3381; x_wconf 75' lang='grc' dir='ltr'>κείμενον,</span> <span class='ocrx_word' id='word_1_314' title='bbox 819 3314 910 3364; x_wconf 79' lang='grc' dir='ltr'>καὶ</span> <span class='ocrx_word' id='word_1_315' title='bbox 939 3313 969 3372; x_wconf 75' lang='grc' dir='ltr'>ἡ</span> <span class='ocrx_word' id='word_1_316' title='bbox 1002 3310 1087 3365; x_wconf 82' lang='grc' dir='ltr'><strong>ἐπὶ</strong></span> <span class='ocrx_word' id='word_1_317' title='bbox 1114 3315 1319 3367; x_wconf 87' lang='grc' dir='ltr'>πάντων</span> <span class='ocrx_word' id='word_1_318' title='bbox 1348 3323 1448 3367; x_wconf 87' lang='grc' dir='ltr'>τῶν</span> <span class='ocrx_word' id='word_1_319' title='bbox 1487 3320 1754 3391; x_wconf 75' lang='grc' dir='ltr'>παρόντων</span> <span class='ocrx_word' id='word_1_320' title='bbox 1774 3336 1855 3389; x_wconf 74' lang='grc' dir='ltr'><strong>γε·</strong></span> 
     </span>
    </p>
   </div>
   <div class='ocr_carea' id='block_1_48' title="bbox 247 3395 1855 3481">
    <p class='ocr_par' dir='ltr' id='par_1_48' title="bbox 247 3395 1855 3481">
     <span class='ocr_line' id='line_1_48' title="bbox 247 3395 1855 3481; baseline 0.008 -35"><span class='ocrx_word' id='word_1_321' title='bbox 247 3399 435 3469; x_wconf 82' lang='grc' dir='ltr'>νομένη</span> <span class='ocrx_word' id='word_1_322' title='bbox 474 3395 791 3481; x_wconf 63' lang='grc' dir='ltr'>ἀντιγραφή,</span> <span class='ocrx_word' id='word_1_323' title='bbox 813 3397 1183 3474; x_wconf 78' lang='grc' dir='ltr'>ὑποδεχθῆναι</span> <span class='ocrx_word' id='word_1_324' title='bbox 1218 3404 1536 3480; x_wconf 81' lang='grc' dir='ltr'>προσέταξα,</span> <span class='ocrx_word' id='word_1_325' title='bbox 1564 3409 1654 3458; x_wconf 82' lang='grc' dir='ltr'>καὶ</span> <span class='ocrx_word' id='word_1_326' title='bbox 1678 3407 1745 3458; x_wconf 82' lang='grc' dir='ltr'><strong>τὰ</strong></span> 
     </span>
    </p>
   </div>
   <div class='ocr_carea' id='block_1_49' title="bbox 246 3487 1855 3566">
    <p class='ocr_par' dir='ltr' id='par_1_49' title="bbox 246 3487 1855 3566">
     <span class='ocr_line' id='line_1_49' title="bbox 246 3487 1855 3566; baseline 0.008 -30"><span class='ocrx_word' id='word_1_327' title='bbox 246 3487 599 3558; x_wconf 65' lang='grc' dir='ltr'>ταμιωθῆναι</span> <span class='ocrx_word' id='word_1_328' title='bbox 626 3495 735 3551; x_wconf 84' lang='grc' dir='ltr'>τοῖς</span> <span class='ocrx_word' id='word_1_329' title='bbox 766 3488 1157 3566; x_wconf 76' lang='grc' dir='ltr'>ἐπερχομένοις,</span> <span class='ocrx_word' id='word_1_330' title='bbox 1187 3494 1253 3546; x_wconf 80' lang='grc' dir='ltr'><strong>τὰ</strong></span> <span class='ocrx_word' id='word_1_331' title='bbox 1301 3490 1361 3547; x_wconf 63' lang='grc' dir='ltr'><strong>δὲ</strong></span> <span class='ocrx_word' id='word_1_332' title='bbox 1400 3491 1720 3554; x_wconf 74' lang='grc' dir='ltr'>διαδοθῆναι</span> <span class='ocrx_word' id='word_1_333' title='bbox 1747 3502 1855 3557; x_wconf 89' lang='grc' dir='ltr'>τοῖς</span> 
     </span>
    </p>
   </div>
   <div class='ocr_carea' id='block_1_50' title="bbox 248 3561 1926 3657">
    <p class='ocr_par' dir='ltr' id='par_1_50' title="bbox 248 3561 1926 3657">
     <span class='ocr_line' id='line_1_50' title="bbox 248 3561 1926 3657; baseline 0.007 -31"><span class='ocrx_word' id='word_1_334' title='bbox 248 3581 487 3649; x_wconf 84' lang='grc' dir='ltr'>παροῦσι</span> <span class='ocrx_word' id='word_1_335' title='bbox 510 3596 523 3611; x_wconf 81' lang='grc'><em>’</em></span> <span class='ocrx_word' id='word_1_336' title='bbox 557 3580 675 3640; x_wconf 80' lang='grc' dir='ltr'>τοὺς</span> <span class='ocrx_word' id='word_1_337' title='bbox 702 3574 762 3631; x_wconf 65' lang='grc' dir='ltr'><strong>ὁδέ</strong></span> <span class='ocrx_word' id='word_1_338' title='bbox 792 3577 1094 3656; x_wconf 81' lang='grc' dir='ltr'>ἀνθρώπους</span> <span class='ocrx_word' id='word_1_339' title='bbox 1116 3579 1429 3655; x_wconf 69' lang='grc' dir='ltr'>ἐπιστρέψαι</span> <span class='ocrx_word' id='word_1_340' title='bbox 1458 3585 1507 3636; x_wconf 76' lang='grc' dir='ltr'>ἓν</span> <span class='ocrx_word' id='word_1_341' title='bbox 1528 3580 1747 3657; x_wconf 73' lang='grc' dir='ltr'>παιδείᾳ</span> <span class='ocrx_word' id='word_1_342' title='bbox 1765 3588 1856 3637; x_wconf 82' lang='grc' dir='ltr'>καὶ</span> <span class='ocrx_word' id='word_1_343' title='bbox 1885 3561 1926 3616; x_wconf 80' lang='lat' dir='ltr'>c</span> 
     </span>
    </p>
   </div>
   <div class='ocr_carea' id='block_1_51' title="bbox 248 3665 1859 3746">
    <p class='ocr_par' dir='ltr' id='par_1_51' title="bbox 248 3665 1859 3746">
     <span class='ocr_line' id='line_1_51' title="bbox 248 3665 1859 3746; baseline 0.006 -31"><span class='ocrx_word' id='word_1_344' title='bbox 248 3665 503 3737; x_wconf 80' lang='grc' dir='ltr'>νουθεσίᾳ</span> <span class='ocrx_word' id='word_1_345' title='bbox 546 3671 764 3742; x_wconf 73' lang='grc' dir='ltr'>Κυρίου,</span> <span class='ocrx_word' id='word_1_346' title='bbox 797 3666 887 3731; x_wconf 77' lang='grc' dir='ltr'>οὓς</span> <span class='ocrx_word' id='word_1_347' title='bbox 929 3665 1078 3743; x_wconf 81' lang='grc' dir='ltr'>οἶμαι</span> <span class='ocrx_word' id='word_1_348' title='bbox 1107 3668 1157 3723; x_wconf 76' lang='grc' dir='ltr'>ἕν</span> <span class='ocrx_word' id='word_1_349' title='bbox 1199 3679 1273 3743; x_wconf 82' lang='grc' dir='ltr'>τῷ</span> <span class='ocrx_word' id='word_1_350' title='bbox 1326 3669 1541 3746; x_wconf 77' lang='grc' dir='ltr'>ὀνόματι</span> <span class='ocrx_word' id='word_1_351' title='bbox 1583 3680 1675 3727; x_wconf 85' lang='grc' dir='ltr'>τοῦ</span> <span class='ocrx_word' id='word_1_352' title='bbox 1724 3680 1859 3727; x_wconf 85' lang='grc' dir='ltr'>Θεοῦ</span> 
     </span>
    </p>
   </div>
   <div class='ocr_carea' id='block_1_52' title="bbox 256 3751 1859 3836">
    <p class='ocr_par' dir='ltr' id='par_1_52' title="bbox 256 3751 1859 3836">
     <span class='ocr_line' id='line_1_52' title="bbox 256 3751 1859 3836; baseline 0.007 -32"><span class='ocrx_word' id='word_1_353' title='bbox 256 3751 497 3826; x_wconf 75' lang='grc' dir='ltr'>βελτίους</span> <span class='ocrx_word' id='word_1_354' title='bbox 522 3760 763 3815; x_wconf 80' lang='grc' dir='ltr'>ποιήσειν</span> <span class='ocrx_word' id='word_1_355' title='bbox 787 3762 916 3834; x_wconf 80' lang='grc' dir='ltr'>πρὸς</span> <span class='ocrx_word' id='word_1_356' title='bbox 942 3762 1002 3812; x_wconf 86' lang='grc' dir='ltr'>τὸ</span> <span class='ocrx_word' id='word_1_357' title='bbox 1033 3758 1179 3834; x_wconf 78' lang='grc' dir='ltr'><strong>ἔφεξῆ</strong></span> <span class='ocrx_word' id='word_1_358' title='bbox 1191 3783 1231 3825; x_wconf 90' lang='grc' dir='ltr'>ς.</span> <span class='ocrx_word' id='word_1_359' title='bbox 1257 3758 1323 3816; x_wconf 83' lang='grc' dir='ltr'><strong>Ἀ</strong></span> <span class='ocrx_word' id='word_1_360' title='bbox 1352 3764 1454 3836; x_wconf 75' lang='grc' dir='ltr'>γὰρ</span> <span class='ocrx_word' id='word_1_361' title='bbox 1488 3764 1543 3815; x_wconf 84' lang='grc' dir='ltr'><strong>αἱ</strong></span> <span class='ocrx_word' id='word_1_362' title='bbox 1570 3771 1670 3815; x_wconf 86' lang='grc' dir='ltr'>τῶν</span> <span class='ocrx_word' id='word_1_363' title='bbox 1702 3758 1859 3817; x_wconf 78' lang='grc' dir='ltr'>δικα-</span> 
     </span>
    </p>
   </div>
   <div class='ocr_carea' id='block_1_53' title="bbox 257 3844 1860 3925">
    <p class='ocr_par' dir='ltr' id='par_1_53' title="bbox 257 3844 1860 3925">
     <span class='ocr_line' id='line_1_53' title="bbox 257 3844 1860 3925; baseline 0.007 -32"><span class='ocrx_word' id='word_1_364' title='bbox 257 3846 485 3917; x_wconf 86' lang='grc' dir='ltr'>στηρίων</span> <span class='ocrx_word' id='word_1_365' title='bbox 514 3844 712 3918; x_wconf 72' lang='grc' dir='ltr'>πληγαὶ</span> <span class='ocrx_word' id='word_1_366' title='bbox 754 3847 849 3901; x_wconf 83' lang='grc' dir='ltr'><strong>ούκ</strong></span> <span class='ocrx_word' id='word_1_367' title='bbox 901 3846 1212 3925; x_wconf 81' lang='grc' dir='ltr'>ἐργάζονται</span> <span class='ocrx_word' id='word_1_368' title='bbox 1240 3854 1376 3919; x_wconf 61' lang='lat' dir='ltr'><strong>(57L</strong></span> <span class='ocrx_word' id='word_1_369' title='bbox 1432 3860 1600 3905; x_wconf 79' lang='grc' dir='ltr'>ταῦτα</span> <span class='ocrx_word' id='word_1_370' title='bbox 1636 3854 1860 3925; x_wconf 73' lang='grc' dir='ltr'>ἔγνωμεν</span> 
     </span>
    </p>
   </div>
   <div class='ocr_carea' id='block_1_54' title="bbox 249 3931 1858 4018">
    <p class='ocr_par' dir='ltr' id='par_1_54' title="bbox 249 3931 1858 4018">
     <span class='ocr_line' id='line_1_54' title="bbox 249 3931 1858 4018; baseline 0.006 -32"><span class='ocrx_word' id='word_1_371' title='bbox 249 3931 504 3996; x_wconf 78' lang='grc' dir='ltr'>πολλάκις</span> <span class='ocrx_word' id='word_1_372' title='bbox 532 3937 598 3988; x_wconf 83' lang='grc' dir='ltr'><strong>τὰ</strong></span> <span class='ocrx_word' id='word_1_373' title='bbox 625 3935 817 4015; x_wconf 70' lang='grc' dir='ltr'>φοϐερά</span> <span class='ocrx_word' id='word_1_374' title='bbox 862 3942 1095 4014; x_wconf 84' lang='grc' dir='ltr'>κρίματα</span> <span class='ocrx_word' id='word_1_375' title='bbox 1131 3947 1225 3993; x_wconf 87' lang='grc' dir='ltr'>τοῦ</span> <span class='ocrx_word' id='word_1_376' title='bbox 1258 3945 1453 4017; x_wconf 77' lang='grc' dir='ltr'>Κυρίου</span> <span class='ocrx_word' id='word_1_377' title='bbox 1479 3944 1858 4018; x_wconf 76' lang='grc' dir='ltr'>κατορθοῦντα·</span> 
     </span>
    </p>
   </div>
   <div class='ocr_carea' id='block_1_55' title="bbox 252 4018 1859 4105">
    <p class='ocr_par' dir='ltr' id='par_1_55' title="bbox 252 4018 1859 4105">
     <span class='ocr_line' id='line_1_55' title="bbox 252 4018 1859 4105; baseline 0.006 -31"><span class='ocrx_word' id='word_1_378' title='bbox 252 4020 321 4078; x_wconf 85' lang='grc' dir='ltr'>Εἰ</span> <span class='ocrx_word' id='word_1_379' title='bbox 348 4018 407 4076; x_wconf 70' lang='grc' dir='ltr'><strong>δὲ</strong></span> <span class='ocrx_word' id='word_1_380' title='bbox 448 4019 597 4079; x_wconf 83' lang='grc' dir='ltr'>δοκεῖ</span> <span class='ocrx_word' id='word_1_381' title='bbox 632 4044 719 4079; x_wconf 92' lang='grc' dir='ltr'><strong>σοι</strong></span> <span class='ocrx_word' id='word_1_382' title='bbox 768 4032 860 4083; x_wconf 86' lang='grc' dir='ltr'>καὶ</span> <span class='ocrx_word' id='word_1_383' title='bbox 903 4033 1024 4104; x_wconf 80' lang='grc' dir='ltr'>περὶ</span> <span class='ocrx_word' id='word_1_384' title='bbox 1051 4030 1247 4082; x_wconf 86' lang='grc' dir='ltr'>τούτων</span> <span class='ocrx_word' id='word_1_385' title='bbox 1277 4027 1559 4103; x_wconf 72' lang='grc' dir='ltr'>ἀνενεγκεῖν</span> <span class='ocrx_word' id='word_1_386' title='bbox 1587 4039 1660 4103; x_wconf 86' lang='grc' dir='ltr'>τῷ</span> <span class='ocrx_word' id='word_1_387' title='bbox 1684 4035 1859 4105; x_wconf 80' lang='grc' dir='ltr'>κόμη-</span> 
     </span>
    </p>
   </div>
   <div class='ocr_carea' id='block_1_56' title="bbox 250 4111 1859 4193">
    <p class='ocr_par' dir='ltr' id='par_1_56' title="bbox 250 4111 1859 4193">
     <span class='ocr_line' id='line_1_56' title="bbox 250 4111 1859 4193; baseline 0.005 -30"><span class='ocrx_word' id='word_1_388' title='bbox 250 4129 302 4163; x_wconf 90' lang='grc' dir='ltr'><strong>τι</strong></span> <span class='ocrx_word' id='word_1_389' title='bbox 322 4111 456 4183; x_wconf 87' lang='grc'>(58),</span> <span class='ocrx_word' id='word_1_390' title='bbox 486 4121 737 4169; x_wconf 83' lang='grc' dir='ltr'>τοσοῦτον</span> <span class='ocrx_word' id='word_1_391' title='bbox 787 4115 1075 4192; x_wconf 68' lang='grc' dir='ltr'>θαρροῦμεν</span> <span class='ocrx_word' id='word_1_392' title='bbox 1116 4125 1226 4182; x_wconf 86' lang='grc' dir='ltr'>τοῖς</span> <span class='ocrx_word' id='word_1_393' title='bbox 1270 4114 1497 4182; x_wconf 79' lang='grc' dir='ltr'>δικαίοις</span> <span class='ocrx_word' id='word_1_394' title='bbox 1533 4122 1625 4173; x_wconf 83' lang='grc' dir='ltr'>καὶ</span> <span class='ocrx_word' id='word_1_395' title='bbox 1669 4127 1732 4193; x_wconf 75' lang='grc' dir='ltr'>τῇ</span> <span class='ocrx_word' id='word_1_396' title='bbox 1766 4125 1859 4173; x_wconf 82' lang='grc' dir='ltr'>τοῦ</span> 
     </span>
    </p>
   </div>
   <div class='ocr_carea' id='block_1_57' title="bbox 252 4195 1856 4283">
    <p class='ocr_par' dir='ltr' id='par_1_57' title="bbox 252 4195 1856 4283">
     <span class='ocr_line' id='line_1_57' title="bbox 252 4195 1856 4283; baseline 0.007 -31"><span class='ocrx_word' id='word_1_397' title='bbox 252 4195 442 4274; x_wconf 83' lang='grc' dir='ltr'>ἀνδρὸς</span> <span class='ocrx_word' id='word_1_398' title='bbox 465 4201 735 4277; x_wconf 83' lang='grc' dir='ltr'>ὀρθότητι,</span> <span class='ocrx_word' id='word_1_399' title='bbox 773 4206 855 4259; x_wconf 85' lang='grc' dir='ltr'>ὅτι</span> <span class='ocrx_word' id='word_1_400' title='bbox 880 4204 1215 4280; x_wconf 77' lang='grc' dir='ltr'>ἐπιτρέπομιν</span> <span class='ocrx_word' id='word_1_401' title='bbox 1266 4227 1351 4262; x_wconf 92' lang='grc' dir='ltr'><strong>σοι</strong></span> <span class='ocrx_word' id='word_1_402' title='bbox 1381 4214 1546 4263; x_wconf 87' lang='grc' dir='ltr'>ποιεῖν</span> <span class='ocrx_word' id='word_1_403' title='bbox 1589 4208 1615 4262; x_wconf 86' lang='grc' dir='ltr'><strong>ὃ</strong></span> <span class='ocrx_word' id='word_1_404' title='bbox 1655 4207 1856 4283; x_wconf 86' lang='grc' dir='ltr'>βούλει.</span> 
     </span>
    </p>
   </div>
   <div class='ocr_carea' id='block_1_58' title="bbox 257 4560 1861 4687">
    <p class='ocr_par' dir='ltr' id='par_1_58' title="bbox 257 4560 1861 4687">
     <span class='ocr_line' id='line_1_58' title="bbox 257 4560 1861 4687; baseline -0.005 -59"><span class='ocrx_word' id='word_1_405' title='bbox 257 4560 445 4687; x_wconf 45' lang='lat' dir='ltr'><strong>wgf.)</strong></span> <span class='ocrx_word' id='word_1_406' title='bbox 469 4560 890 4621; x_wconf 71' lang='grc' dir='ltr'>Διαϐεϐαιοῦται.</span> <span class='ocrx_word' id='word_1_407' title='bbox 937 4562 1036 4621; x_wconf 88' lang='lat' dir='ltr'><strong>Sic</strong></span> <span class='ocrx_word' id='word_1_408' title='bbox 1084 4578 1235 4625; x_wconf 82' lang='lat' dir='ltr'><strong>mss.</strong></span> <span class='ocrx_word' id='word_1_409' title='bbox 1282 4568 1426 4624; x_wconf 87' lang='lat' dir='ltr'><strong>tres.</strong></span> <span class='ocrx_word' id='word_1_410' title='bbox 1480 4565 1634 4624; x_wconf 80' lang='lat' dir='ltr'><strong>Editi</strong></span> <span class='ocrx_word' id='word_1_411' title='bbox 1682 4566 1861 4641; x_wconf 78' lang='grc' dir='ltr'>βεϐαι-</span> 
     </span>
    </p>
   </div>
   <div class='ocr_carea' id='block_1_59' title="bbox 336 4701 1859 4782">
    <p class='ocr_par' dir='ltr' id='par_1_59' title="bbox 336 4701 1859 4782">
     <span class='ocr_line' id='line_1_59' title="bbox 336 4701 1859 4782; baseline 0.005 -24"><span class='ocrx_word' id='word_1_412' title='bbox 336 4701 447 4782; x_wconf 51' lang='grc' dir='ltr'><strong>[Βῇ</strong></span> <span class='ocrx_word' id='word_1_413' title='bbox 473 4701 556 4757; x_wconf 86' lang='grc' dir='ltr'><strong>Ἐν</strong></span> <span class='ocrx_word' id='word_1_414' title='bbox 573 4710 638 4782; x_wconf 70' lang='grc' dir='ltr'>τῃ</span> <span class='ocrx_word' id='word_1_415' title='bbox 667 4703 876 4782; x_wconf 75' lang='grc' dir='ltr'>συνόδῳ</span> <span class='ocrx_word' id='word_1_416' title='bbox 902 4704 1055 4782; x_wconf 74' lang='grc' dir='ltr'>τῇδε.</span> <span class='ocrx_word' id='word_1_417' title='bbox 1083 4708 1373 4782; x_wconf 79' lang='lat' dir='ltr'><strong>Quamvis</strong></span> <span class='ocrx_word' id='word_1_418' title='bbox 1397 4708 1530 4766; x_wconf 69' lang='lat' dir='ltr'><strong>haec</strong></span> <span class='ocrx_word' id='word_1_419' title='bbox 1556 4706 1748 4782; x_wconf 70' lang='lat' dir='ltr'><strong>verba</strong></span> <span class='ocrx_word' id='word_1_420' title='bbox 1775 4708 1859 4765; x_wconf 88' lang='lat' dir='ltr'><strong>sic</strong></span> 
     </span>
    </p>
   </div>
   <div class='ocr_carea' id='block_1_60' title="bbox 252 4763 1863 4902">
    <p class='ocr_par' dir='ltr' id='par_1_60' title="bbox 252 4763 1863 4902">
     <span class='ocr_line' id='line_1_60' title="bbox 252 4763 1863 4854; baseline 0.006 -25"><span class='ocrx_word' id='word_1_421' title='bbox 252 4763 438 4830; x_wconf 37' lang='lat' dir='ltr'><strong>reddi,</strong></span> <span class='ocrx_word' id='word_1_422' title='bbox 458 4763 711 4847; x_wconf 78' lang='lat' dir='ltr'><strong>possint,</strong></span> <span class='ocrx_word' id='word_1_423' title='bbox 739 4779 805 4835; x_wconf 84' lang='lat' dir='ltr'><strong>in</strong></span> <span class='ocrx_word' id='word_1_424' title='bbox 834 4763 1285 4851; x_wconf 42' lang='grc' dir='ltr'>Ιιοσίσοηῦθηίιῖ,</span> <span class='ocrx_word' id='word_1_425' title='bbox 1317 4763 1379 4837; x_wconf 83' lang='lat' dir='ltr'><strong>id</strong></span> <span class='ocrx_word' id='word_1_426' title='bbox 1399 4763 1523 4845; x_wconf 62' lang='lat' dir='ltr'><strong>est,</strong></span> <span class='ocrx_word' id='word_1_427' title='bbox 1562 4763 1624 4836; x_wconf 90' lang='lat' dir='ltr'><strong>in</strong></span> <span class='ocrx_word' id='word_1_428' title='bbox 1637 4763 1863 4854; x_wconf 68' lang='lat' dir='ltr'><strong>aliquo</strong></span> 
     </span>
     <span class='ocr_line' id='line_1_61' title="bbox 252 4846 1858 4902; baseline 0.001 -1"><span class='ocrx_word' id='word_1_429' title='bbox 252 4849 594 4902; x_wconf 84' lang='lat' dir='ltr'><strong>martvrum</strong></span> <span class='ocrx_word' id='word_1_430' title='bbox 623 4846 796 4902; x_wconf 80' lang='lat' dir='ltr'><strong>festo.</strong></span> <span class='ocrx_word' id='word_1_431' title='bbox 836 4850 1072 4902; x_wconf 84' lang='lat' dir='ltr'><strong>videtur</strong></span> <span class='ocrx_word' id='word_1_432' title='bbox 1109 4856 1311 4902; x_wconf 78' lang='lat' dir='ltr'><strong>tamen</strong></span> <span class='ocrx_word' id='word_1_433' title='bbox 1365 4852 1613 4902; x_wconf 81' lang='lat' dir='ltr'><strong>Basilius</strong></span> <span class='ocrx_word' id='word_1_434' title='bbox 1656 4851 1858 4902; x_wconf 86' lang='lat' dir='ltr'><strong>insum</strong></span> 
     </span>
    </p>
   </div>
   <div class='ocr_carea' id='block_1_61' title="bbox 252 4862 486 4920">
    <p class='ocr_par' dir='ltr' id='par_1_61' title="bbox 252 4862 486 4920">
     <span class='ocr_line' id='line_1_62' title="bbox 252 4862 486 4920; baseline 0 -19"><span class='ocrx_word' id='word_1_435' title='bbox 252 4862 486 4920; x_wconf 76' lang='lat' dir='ltr'><strong>martyr</strong></span> 
     </span>
    </p>
   </div>
   <div class='ocr_carea' id='block_1_62' title="bbox 1889 2206 1932 2261">
    <p class='ocr_par' dir='ltr' id='par_1_62' title="bbox 1889 2206 1932 2261">
     <span class='ocr_line' id='line_1_63' title="bbox 1889 2206 1932 2261; baseline 0 0"><span class='ocrx_word' id='word_1_436' title='bbox 1889 2206 1932 2261; x_wconf 82' lang='grc' dir='ltr'><strong>Β</strong></span> 
     </span>
    </p>
   </div>
   <div class='ocr_carea' id='block_1_63' title="bbox 2511 2205 3062 2266">
    <p class='ocr_par' dir='ltr' id='par_1_63' title="bbox 2511 2205 3062 2266">
     <span class='ocr_line' id='line_1_64' title="bbox 2511 2205 3062 2266; baseline -0.009 0"><span class='ocrx_word' id='word_1_437' title='bbox 2511 2205 3062 2266; x_wconf 83' lang='lat' dir='ltr'><strong>Commentariensi.</strong></span> 
     </span>
    </p>
   </div>
   <div class='ocr_carea' id='block_1_64' title="bbox 2033 2326 3620 2402">
    <p class='ocr_par' dir='ltr' id='par_1_64' title="bbox 2033 2326 3620 2402">
     <span class='ocr_line' id='line_1_65' title="bbox 2033 2326 3620 2402; baseline 0 -17"><span class='ocrx_word' id='word_1_438' title='bbox 2033 2331 2184 2388; x_wconf 87' lang='lat' dir='ltr'><strong>Cum</strong></span> <span class='ocrx_word' id='word_1_439' title='bbox 2211 2330 2489 2389; x_wconf 87' lang='lat' dir='ltr'><strong>nonnulli</strong></span> <span class='ocrx_word' id='word_1_440' title='bbox 2512 2332 2578 2388; x_wconf 90' lang='lat' dir='ltr'><strong>in</strong></span> <span class='ocrx_word' id='word_1_441' title='bbox 2603 2331 2722 2389; x_wconf 88' lang='lat' dir='ltr'><strong>hac</strong></span> <span class='ocrx_word' id='word_1_442' title='bbox 2750 2330 3002 2388; x_wconf 81' lang='lat' dir='ltr'><strong>ecclesia</strong></span> <span class='ocrx_word' id='word_1_443' title='bbox 3049 2326 3473 2402; x_wconf 81' lang='lat' dir='ltr'><strong>comprehensi</strong></span> <span class='ocrx_word' id='word_1_444' title='bbox 3502 2326 3620 2385; x_wconf 87' lang='lat' dir='ltr'><strong>sint</strong></span> 
     </span>
    </p>
   </div>
   <div class='ocr_carea' id='block_1_65' title="bbox 1960 2416 3619 2494">
    <p class='ocr_par' dir='ltr' id='par_1_65' title="bbox 1960 2416 3619 2494">
     <span class='ocr_line' id='line_1_66' title="bbox 1960 2416 3619 2494; baseline -0.004 -17"><span class='ocrx_word' id='word_1_445' title='bbox 1960 2419 2246 2489; x_wconf 88' lang='lat' dir='ltr'><strong>maleﬁci,</strong></span> <span class='ocrx_word' id='word_1_446' title='bbox 2276 2420 2383 2494; x_wconf 91' lang='lat' dir='ltr'><strong>qui</strong></span> <span class='ocrx_word' id='word_1_447' title='bbox 2427 2419 2610 2478; x_wconf 83' lang='lat' dir='ltr'><strong>furati</strong></span> <span class='ocrx_word' id='word_1_448' title='bbox 2651 2424 2793 2477; x_wconf 88' lang='lat' dir='ltr'><strong>sunt</strong></span> <span class='ocrx_word' id='word_1_449' title='bbox 2838 2423 3052 2476; x_wconf 87' lang='lat' dir='ltr'><strong>contra</strong></span> <span class='ocrx_word' id='word_1_450' title='bbox 3106 2416 3362 2479; x_wconf 91' lang='lat' dir='ltr'><strong>Domini,</strong></span> <span class='ocrx_word' id='word_1_451' title='bbox 3394 2431 3619 2489; x_wconf 60' lang='lat' dir='ltr'><strong>praece-</strong></span> 
     </span>
    </p>
   </div>
   <div class='ocr_carea' id='block_1_66' title="bbox 1958 2504 3621 2583">
    <p class='ocr_par' dir='ltr' id='par_1_66' title="bbox 1958 2504 3621 2583">
     <span class='ocr_line' id='line_1_67' title="bbox 1958 2504 3621 2583; baseline -0.003 -17"><span class='ocrx_word' id='word_1_452' title='bbox 1958 2514 2135 2582; x_wconf 89' lang='lat' dir='ltr'><strong>ptum</strong></span> <span class='ocrx_word' id='word_1_453' title='bbox 2188 2509 2328 2568; x_wconf 85' lang='lat' dir='ltr'><strong>vilia</strong></span> <span class='ocrx_word' id='word_1_454' title='bbox 2355 2526 2703 2583; x_wconf 84' lang='lat' dir='ltr'><strong>pauperum</strong></span> <span class='ocrx_word' id='word_1_455' title='bbox 2753 2508 3135 2577; x_wconf 86' lang='lat' dir='ltr'><strong>vestimenta,</strong></span> <span class='ocrx_word' id='word_1_456' title='bbox 3179 2522 3338 2580; x_wconf 91' lang='lat' dir='ltr'><strong>quos</strong></span> <span class='ocrx_word' id='word_1_457' title='bbox 3369 2504 3621 2562; x_wconf 90' lang='lat' dir='ltr'><strong>induere</strong></span> 
     </span>
    </p>
   </div>
   <div class='ocr_carea' id='block_1_67' title="bbox 1958 2595 3621 2674">
    <p class='ocr_par' dir='ltr' id='par_1_67' title="bbox 1958 2595 3621 2674">
     <span class='ocr_line' id='line_1_68' title="bbox 1958 2595 3621 2674; baseline -0.004 -17"><span class='ocrx_word' id='word_1_458' title='bbox 1958 2600 2279 2673; x_wconf 87' lang='lat' dir='ltr'><strong>oportebat</strong></span> <span class='ocrx_word' id='word_1_459' title='bbox 2305 2600 2522 2669; x_wconf 82' lang='lat' dir='ltr'><strong>magis,</strong></span> <span class='ocrx_word' id='word_1_460' title='bbox 2553 2616 2742 2674; x_wconf 85' lang='lat' dir='ltr'><strong>quam</strong></span> <span class='ocrx_word' id='word_1_461' title='bbox 2782 2615 3039 2667; x_wconf 86' lang='lat' dir='ltr'><strong>exuere;</strong></span> <span class='ocrx_word' id='word_1_462' title='bbox 3082 2611 3345 2671; x_wconf 88' lang='lat' dir='ltr'><strong>cumque</strong></span> <span class='ocrx_word' id='word_1_463' title='bbox 3392 2596 3472 2653; x_wconf 86' lang='lat' dir='ltr'><strong>ab</strong></span> <span class='ocrx_word' id='word_1_464' title='bbox 3522 2595 3621 2668; x_wconf 90' lang='lat' dir='ltr'><strong>iis,</strong></span> 
     </span>
    </p>
   </div>
   <div class='ocr_carea' id='block_1_68' title="bbox 1958 2684 3619 2761">
    <p class='ocr_par' dir='ltr' id='par_1_68' title="bbox 1958 2684 3619 2761">
     <span class='ocr_line' id='line_1_69' title="bbox 1958 2684 3619 2761; baseline -0.003 -17"><span class='ocrx_word' id='word_1_465' title='bbox 1958 2688 2184 2761; x_wconf 89' lang='lat' dir='ltr'><strong>quibus</strong></span> <span class='ocrx_word' id='word_1_466' title='bbox 2229 2688 2369 2745; x_wconf 87' lang='lat' dir='ltr'><strong>recti</strong></span> <span class='ocrx_word' id='word_1_467' title='bbox 2418 2688 2482 2746; x_wconf 91' lang='lat' dir='ltr'><strong>in</strong></span> <span class='ocrx_word' id='word_1_468' title='bbox 2524 2688 2788 2745; x_wconf 87' lang='lat' dir='ltr'><strong>Ecclesia</strong></span> <span class='ocrx_word' id='word_1_469' title='bbox 2840 2687 3071 2745; x_wconf 91' lang='lat' dir='ltr'><strong>ordinis</strong></span> <span class='ocrx_word' id='word_1_470' title='bbox 3119 2702 3267 2744; x_wconf 86' lang='lat' dir='ltr'><strong>cura</strong></span> <span class='ocrx_word' id='word_1_471' title='bbox 3302 2684 3619 2756; x_wconf 81' lang='lat' dir='ltr'><strong>incumbit,</strong></span> 
     </span>
    </p>
   </div>
   <div class='ocr_carea' id='block_1_69' title="bbox 1960 2773 3617 2849">
    <p class='ocr_par' dir='ltr' id='par_1_69' title="bbox 1960 2773 3617 2849">
     <span class='ocr_line' id='line_1_70' title="bbox 1960 2773 3617 2849; baseline -0.004 -15"><span class='ocrx_word' id='word_1_472' title='bbox 1960 2778 2387 2849; x_wconf 85' lang='lat' dir='ltr'><strong>comprehensi</strong></span> <span class='ocrx_word' id='word_1_473' title='bbox 2438 2778 2675 2845; x_wconf 82' lang='lat' dir='ltr'><strong>iuerint,</strong></span> <span class='ocrx_word' id='word_1_474' title='bbox 2705 2777 2786 2835; x_wconf 86' lang='lat' dir='ltr'><strong>ad</strong></span> <span class='ocrx_word' id='word_1_475' title='bbox 2843 2781 2899 2835; x_wconf 85' lang='lat' dir='ltr'><strong>te</strong></span> <span class='ocrx_word' id='word_1_476' title='bbox 2927 2781 3128 2834; x_wconf 88' lang='lat' dir='ltr'><strong>autem</strong></span> <span class='ocrx_word' id='word_1_477' title='bbox 3161 2773 3617 2841; x_wconf 80' lang='lat' dir='ltr'><strong>existimaveris,</strong></span> 
     </span>
    </p>
   </div>
   <div class='ocr_carea' id='block_1_70' title="bbox 1959 2865 3620 2941">
    <p class='ocr_par' dir='ltr' id='par_1_70' title="bbox 1959 2865 3620 2941">
     <span class='ocr_line' id='line_1_71' title="bbox 1959 2865 3620 2941; baseline -0.004 -16"><span class='ocrx_word' id='word_1_478' title='bbox 1959 2872 2025 2925; x_wconf 93' lang='lat' dir='ltr'><strong>ut</strong></span> <span class='ocrx_word' id='word_1_479' title='bbox 2047 2866 2152 2941; x_wconf 92' lang='lat' dir='ltr'><strong>qui</strong></span> <span class='ocrx_word' id='word_1_480' title='bbox 2178 2883 2304 2923; x_wconf 89' lang='lat' dir='ltr'><strong>rem</strong></span> <span class='ocrx_word' id='word_1_481' title='bbox 2329 2867 2638 2940; x_wconf 88' lang='lat' dir='ltr'><strong>publicam</strong></span> <span class='ocrx_word' id='word_1_482' title='bbox 2673 2882 2868 2936; x_wconf 86' lang='lat' dir='ltr'><strong>geras,</strong></span> <span class='ocrx_word' id='word_1_483' title='bbox 2896 2865 3199 2939; x_wconf 86' lang='lat' dir='ltr'><strong>ejusmodi</strong></span> <span class='ocrx_word' id='word_1_484' title='bbox 3220 2878 3620 2938; x_wconf 88' lang='lat' dir='ltr'><strong>personarum</strong></span> 
     </span>
    </p>
   </div>
   <div class='ocr_carea' id='block_1_71' title="bbox 1959 2953 3621 3031">
    <p class='ocr_par' dir='ltr' id='par_1_71' title="bbox 1959 2953 3621 3031">
     <span class='ocr_line' id='line_1_72' title="bbox 1959 2953 3621 3031; baseline -0.003 -17"><span class='ocrx_word' id='word_1_485' title='bbox 1959 2957 2366 3030; x_wconf 88' lang='lat' dir='ltr'><strong>receptionem</strong></span> <span class='ocrx_word' id='word_1_486' title='bbox 2390 2955 2913 3031; x_wconf 81' lang='lat' dir='ltr'><strong>pertinere;dedi&#39;</strong></span> <span class='ocrx_word' id='word_1_487' title='bbox 2950 2955 3031 3013; x_wconf 85' lang='lat' dir='ltr'><strong>ad</strong></span> <span class='ocrx_word' id='word_1_488' title='bbox 3078 2959 3131 3011; x_wconf 90' lang='lat' dir='ltr'><strong>te</strong></span> <span class='ocrx_word' id='word_1_489' title='bbox 3180 2953 3427 3021; x_wconf 83' lang='lat' dir='ltr'><strong>litteras,</strong></span> <span class='ocrx_word' id='word_1_490' title='bbox 3472 2956 3534 3008; x_wconf 87' lang='lat' dir='ltr'><strong>ut</strong></span> <span class='ocrx_word' id='word_1_491' title='bbox 3562 2956 3621 3009; x_wconf 85' lang='lat' dir='ltr'><strong>te</strong></span> 
     </span>
    </p>
   </div>
   <div class='ocr_carea' id='block_1_72' title="bbox 1959 3044 3622 3120">
    <p class='ocr_par' dir='ltr' id='par_1_72' title="bbox 1959 3044 3622 3120">
     <span class='ocr_line' id='line_1_73' title="bbox 1959 3044 3622 3120; baseline -0.002 -17"><span class='ocrx_word' id='word_1_492' title='bbox 1959 3044 2223 3104; x_wconf 80' lang='lat' dir='ltr'><strong>facerem</strong></span> <span class='ocrx_word' id='word_1_493' title='bbox 2253 3047 2588 3117; x_wconf 87' lang='lat' dir='ltr'><strong>certiorem,</strong></span> <span class='ocrx_word' id='word_1_494' title='bbox 2619 3062 2756 3120; x_wconf 83' lang='lat' dir='ltr'><strong>quae</strong></span> <span class='ocrx_word' id='word_1_495' title='bbox 2782 3046 2842 3103; x_wconf 90' lang='lat' dir='ltr'><strong>in</strong></span> <span class='ocrx_word' id='word_1_496' title='bbox 2874 3044 3140 3102; x_wconf 89' lang='lat' dir='ltr'><strong>ecclesiis</strong></span> <span class='ocrx_word' id='word_1_497' title='bbox 3166 3046 3514 3118; x_wconf 84' lang='lat' dir='ltr'><strong>peccantur,</strong></span> <span class='ocrx_word' id='word_1_498' title='bbox 3548 3057 3622 3099; x_wconf 86' lang='lat' dir='ltr'><strong>ea</strong></span> 
     </span>
    </p>
   </div>
   <div class='ocr_carea' id='block_1_73' title="bbox 1962 3131 3618 3211">
    <p class='ocr_par' dir='ltr' id='par_1_73' title="bbox 1962 3131 3618 3211">
     <span class='ocr_line' id='line_1_74' title="bbox 1962 3131 3618 3211; baseline -0.005 -16"><span class='ocrx_word' id='word_1_499' title='bbox 1962 3153 1999 3195; x_wconf 86' lang='lat' dir='ltr'><strong>a</strong></span> <span class='ocrx_word' id='word_1_500' title='bbox 2027 3136 2230 3205; x_wconf 90' lang='lat' dir='ltr'><strong>nobis,</strong></span> <span class='ocrx_word' id='word_1_501' title='bbox 2262 3140 2327 3194; x_wconf 88' lang='lat' dir='ltr'><strong>ut</strong></span> <span class='ocrx_word' id='word_1_502' title='bbox 2354 3153 2465 3211; x_wconf 87' lang='lat' dir='ltr'><strong>par</strong></span> <span class='ocrx_word' id='word_1_503' title='bbox 2495 3141 2602 3207; x_wconf 89' lang='lat' dir='ltr'><strong>est,</strong></span> <span class='ocrx_word' id='word_1_504' title='bbox 2636 3135 2947 3194; x_wconf 87' lang='lat' dir='ltr'><strong>emendari</strong></span> <span class='ocrx_word' id='word_1_505' title='bbox 2977 3134 3219 3205; x_wconf 89' lang='lat' dir='ltr'><strong>debere,</strong></span> <span class='ocrx_word' id='word_1_506' title='bbox 3264 3149 3375 3189; x_wconf 89' lang='lat' dir='ltr'><strong>nec</strong></span> <span class='ocrx_word' id='word_1_507' title='bbox 3418 3132 3495 3189; x_wconf 92' lang='lat' dir='ltr'><strong>de</strong></span> <span class='ocrx_word' id='word_1_508' title='bbox 3521 3131 3618 3191; x_wconf 88' lang='lat' dir='ltr'><strong>his</strong></span> 
     </span>
    </p>
   </div>
   <div class='ocr_carea' id='block_1_74' title="bbox 1960 3224 3621 3300">
    <p class='ocr_par' dir='ltr' id='par_1_74' title="bbox 1960 3224 3621 3300">
     <span class='ocr_line' id='line_1_75' title="bbox 1960 3224 3621 3300; baseline -0.004 -16"><span class='ocrx_word' id='word_1_509' title='bbox 1960 3226 2144 3284; x_wconf 89' lang='lat' dir='ltr'><strong>rebus</strong></span> <span class='ocrx_word' id='word_1_510' title='bbox 2192 3225 2428 3300; x_wconf 65' lang='lat' dir='ltr'><strong>judice:</strong></span> <span class='ocrx_word' id='word_1_511' title='bbox 2493 3242 2623 3284; x_wconf 87' lang='lat' dir='ltr'><strong>esse</strong></span> <span class='ocrx_word' id='word_1_512' title='bbox 2681 3224 3174 3299; x_wconf 86' lang='lat' dir='ltr'><strong>interpellandos.</strong></span> <span class='ocrx_word' id='word_1_513' title='bbox 3243 3225 3621 3296; x_wconf 85' lang='lat' dir='ltr'><strong>Quapropter</strong></span> 
     </span>
    </p>
   </div>
   <div class='ocr_carea' id='block_1_75' title="bbox 1960 3308 3621 3391">
    <p class='ocr_par' dir='ltr' id='par_1_75' title="bbox 1960 3308 3621 3391">
     <span class='ocr_line' id='line_1_76' title="bbox 1960 3308 3621 3391; baseline -0.003 -21"><span class='ocrx_word' id='word_1_514' title='bbox 1960 3320 2158 3373; x_wconf 82' lang='lat' dir='ltr'><strong>vestes</strong></span> <span class='ocrx_word' id='word_1_515' title='bbox 2190 3316 2476 3387; x_wconf 83' lang='lat' dir='ltr'><strong>sacrilege</strong></span> <span class='ocrx_word' id='word_1_516' title='bbox 2507 3314 2844 3388; x_wconf 88' lang='lat' dir='ltr'><strong>subreptas,</strong></span> <span class='ocrx_word' id='word_1_517' title='bbox 2891 3330 3048 3391; x_wconf 88' lang='lat' dir='ltr'><strong>quas</strong></span> <span class='ocrx_word' id='word_1_518' title='bbox 3077 3313 3425 3387; x_wconf 88' lang='lat' dir='ltr'><strong>depositum</strong></span> <span class='ocrx_word' id='word_1_519' title='bbox 3453 3308 3621 3384; x_wconf 90' lang='lat' dir='ltr'><strong>apud</strong></span> 
     </span>
    </p>
   </div>
   <div class='ocr_carea' id='block_1_76' title="bbox 1962 3397 3622 3473">
    <p class='ocr_par' dir='ltr' id='par_1_76' title="bbox 1962 3397 3622 3473">
     <span class='ocr_line' id='line_1_77' title="bbox 1962 3397 3622 3473; baseline -0.007 -8"><span class='ocrx_word' id='word_1_520' title='bbox 1962 3403 2472 3473; x_wconf 79' lang='lat' dir='ltr'><strong>teinventarium,</strong></span> <span class='ocrx_word' id='word_1_521' title='bbox 2503 3404 2660 3462; x_wconf 87' lang='lat' dir='ltr'><strong>etin</strong></span> <span class='ocrx_word' id='word_1_522' title='bbox 2713 3402 2990 3463; x_wconf 90' lang='lat' dir='ltr'><strong>omnium</strong></span> <span class='ocrx_word' id='word_1_523' title='bbox 3046 3401 3377 3458; x_wconf 86' lang='lat' dir='ltr'><strong>astantium</strong></span> <span class='ocrx_word' id='word_1_524' title='bbox 3429 3397 3622 3454; x_wconf 91' lang='lat' dir='ltr'><strong>oculis</strong></span> 
     </span>
    </p>
   </div>
   <div class='ocr_carea' id='block_1_77' title="bbox 1962 3488 3623 3569">
    <p class='ocr_par' dir='ltr' id='par_1_77' title="bbox 1962 3488 3623 3569">
     <span class='ocr_line' id='line_1_78' title="bbox 1962 3488 3623 3569; baseline -0.004 -20"><span class='ocrx_word' id='word_1_525' title='bbox 1962 3493 2330 3567; x_wconf 80' lang='lat' dir='ltr'><strong>exscriptum</strong></span> <span class='ocrx_word' id='word_1_526' title='bbox 2359 3493 2668 3569; x_wconf 85' lang='lat' dir='ltr'><strong>exemplar</strong></span> <span class='ocrx_word' id='word_1_527' title='bbox 2697 3492 2985 3562; x_wconf 86' lang='lat' dir='ltr'><strong>declarat,</strong></span> <span class='ocrx_word' id='word_1_528' title='bbox 3014 3491 3201 3565; x_wconf 85' lang='lat' dir='ltr'><strong>recipi</strong></span> <span class='ocrx_word' id='word_1_529' title='bbox 3250 3488 3533 3565; x_wconf 72' lang='lat' dir='ltr'><strong>praecepi,</strong></span> <span class='ocrx_word' id='word_1_530' title='bbox 3564 3491 3623 3544; x_wconf 88' lang='lat' dir='ltr'><strong>et</strong></span> 
     </span>
    </p>
   </div>
   <div class='ocr_carea' id='block_1_78' title="bbox 1966 3575 3622 3658">
    <p class='ocr_par' dir='ltr' id='par_1_78' title="bbox 1966 3575 3622 3658">
     <span class='ocr_line' id='line_1_79' title="bbox 1966 3575 3622 3658; baseline -0.005 -19"><span class='ocrx_word' id='word_1_531' title='bbox 1966 3583 2116 3639; x_wconf 86' lang='lat' dir='ltr'><strong>alias</strong></span> <span class='ocrx_word' id='word_1_532' title='bbox 2140 3583 2390 3658; x_wconf 87' lang='lat' dir='ltr'><strong>quidem</strong></span> <span class='ocrx_word' id='word_1_533' title='bbox 2419 3582 2687 3639; x_wconf 85' lang='lat' dir='ltr'><strong>venturis</strong></span> <span class='ocrx_word' id='word_1_534' title='bbox 2736 3580 2984 3652; x_wconf 88' lang='lat' dir='ltr'><strong>servari,</strong></span> <span class='ocrx_word' id='word_1_535' title='bbox 3022 3580 3170 3638; x_wconf 85' lang='lat' dir='ltr'><strong>alias</strong></span> <span class='ocrx_word' id='word_1_536' title='bbox 3218 3595 3362 3636; x_wconf 88' lang='lat' dir='ltr'><strong>vero</strong></span> <span class='ocrx_word' id='word_1_537' title='bbox 3406 3577 3477 3634; x_wconf 90' lang='lat' dir='ltr'><strong>iis</strong></span> <span class='ocrx_word' id='word_1_538' title='bbox 3513 3575 3622 3650; x_wconf 87' lang='lat' dir='ltr'><strong>qui</strong></span> 
     </span>
    </p>
   </div>
   <div class='ocr_carea' id='block_1_79' title="bbox 1966 3665 3623 3747">
    <p class='ocr_par' dir='ltr' id='par_1_79' title="bbox 1966 3665 3623 3747">
     <span class='ocr_line' id='line_1_80' title="bbox 1966 3665 3623 3747; baseline -0.004 -17"><span class='ocrx_word' id='word_1_539' title='bbox 1966 3671 2220 3730; x_wconf 89' lang='lat' dir='ltr'><strong>aderant</strong></span> <span class='ocrx_word' id='word_1_540' title='bbox 2248 3673 2424 3742; x_wconf 90' lang='lat' dir='ltr'><strong>tradi,</strong></span> <span class='ocrx_word' id='word_1_541' title='bbox 2456 3672 2635 3747; x_wconf 71' lang='grc'><strong>426</strong></span> <span class='ocrx_word' id='word_1_542' title='bbox 2674 3672 2954 3731; x_wconf 87' lang='lat' dir='ltr'><strong>homines</strong></span> <span class='ocrx_word' id='word_1_543' title='bbox 3005 3686 3151 3726; x_wconf 86' lang='lat' dir='ltr'><strong>vero</strong></span> <span class='ocrx_word' id='word_1_544' title='bbox 3198 3670 3259 3727; x_wconf 92' lang='lat' dir='ltr'><strong>in</strong></span> <span class='ocrx_word' id='word_1_545' title='bbox 3302 3665 3623 3740; x_wconf 82' lang='lat' dir='ltr'><strong>disciplina</strong></span> 
     </span>
    </p>
   </div>
   <div class='ocr_carea' id='block_1_80' title="bbox 1967 3753 3621 3835">
    <p class='ocr_par' dir='ltr' id='par_1_80' title="bbox 1967 3753 3621 3835">
     <span class='ocr_line' id='line_1_81' title="bbox 1967 3753 3621 3835; baseline -0.006 -16"><span class='ocrx_word' id='word_1_546' title='bbox 1967 3766 2149 3835; x_wconf 87' lang='lat' dir='ltr'><strong>atque</strong></span> <span class='ocrx_word' id='word_1_547' title='bbox 2186 3761 2596 3819; x_wconf 87' lang='lat' dir='ltr'><strong>admonitione</strong></span> <span class='ocrx_word' id='word_1_548' title='bbox 2622 3760 2859 3817; x_wconf 91' lang='lat' dir='ltr'><strong>Domini</strong></span> <span class='ocrx_word' id='word_1_549' title='bbox 2888 3759 3142 3829; x_wconf 87' lang='lat' dir='ltr'><strong>corrigi;</strong></span> <span class='ocrx_word' id='word_1_550' title='bbox 3169 3774 3322 3831; x_wconf 91' lang='lat' dir='ltr'><strong>quos</strong></span> <span class='ocrx_word' id='word_1_551' title='bbox 3352 3770 3530 3828; x_wconf 89' lang='lat' dir='ltr'><strong>spero</strong></span> <span class='ocrx_word' id='word_1_552' title='bbox 3558 3753 3621 3810; x_wconf 90' lang='lat' dir='ltr'><strong>in</strong></span> 
     </span>
    </p>
   </div>
   <div class='ocr_carea' id='block_1_81' title="bbox 1965 3845 3620 3921">
    <p class='ocr_par' dir='ltr' id='par_1_81' title="bbox 1965 3845 3620 3921">
     <span class='ocr_line' id='line_1_82' title="bbox 1965 3845 3620 3921; baseline -0.006 -13"><span class='ocrx_word' id='word_1_553' title='bbox 1965 3852 2071 3909; x_wconf 88' lang='lat' dir='ltr'><strong>Dei</strong></span> <span class='ocrx_word' id='word_1_554' title='bbox 2121 3850 2367 3908; x_wconf 89' lang='lat' dir='ltr'><strong>nomine</strong></span> <span class='ocrx_word' id='word_1_555' title='bbox 2412 3850 2691 3907; x_wconf 90' lang='lat' dir='ltr'><strong>meliores</strong></span> <span class='ocrx_word' id='word_1_556' title='bbox 2730 3849 3016 3921; x_wconf 89' lang='lat' dir='ltr'><strong>deinceps</strong></span> <span class='ocrx_word' id='word_1_557' title='bbox 3076 3862 3174 3905; x_wconf 92' lang='lat' dir='ltr'><strong>me</strong></span> <span class='ocrx_word' id='word_1_558' title='bbox 3223 3845 3620 3902; x_wconf 86' lang='lat' dir='ltr'><strong>redditurum.</strong></span> 
     </span>
    </p>
   </div>
   <div class='ocr_carea' id='block_1_82' title="bbox 1966 3934 3625 4012">
    <p class='ocr_par' dir='ltr' id='par_1_82' title="bbox 1966 3934 3625 4012">
     <span class='ocr_line' id='line_1_83' title="bbox 1966 3934 3625 4012; baseline -0.005 -16"><span class='ocrx_word' id='word_1_559' title='bbox 1966 3941 2109 4007; x_wconf 70' lang='lat' dir='ltr'><strong>Qum</strong></span> <span class='ocrx_word' id='word_1_560' title='bbox 2153 3941 2316 3999; x_wconf 91' lang='lat' dir='ltr'><strong>enim</strong></span> <span class='ocrx_word' id='word_1_561' title='bbox 2363 3939 2760 3998; x_wconf 83' lang='lat' dir='ltr'><strong>tribunalium</strong></span> <span class='ocrx_word' id='word_1_562' title='bbox 2807 3937 3004 4012; x_wconf 59' lang='lat' dir='ltr'><strong>plaga</strong></span> <span class='ocrx_word' id='word_1_563' title='bbox 3054 3951 3181 3993; x_wconf 89' lang='lat' dir='ltr'><strong>non</strong></span> <span class='ocrx_word' id='word_1_564' title='bbox 3228 3934 3517 3998; x_wconf 79' lang='lat' dir='ltr'><strong>efﬁciunt,</strong></span> <span class='ocrx_word' id='word_1_565' title='bbox 3549 3946 3625 3988; x_wconf 84' lang='lat' dir='ltr'><strong>ea</strong></span> 
     </span>
    </p>
   </div>
   <div class='ocr_carea' id='block_1_83' title="bbox 1966 4019 3624 4105">
    <p class='ocr_par' dir='ltr' id='par_1_83' title="bbox 1966 4019 3624 4105">
     <span class='ocr_line' id='line_1_84' title="bbox 1966 4019 3624 4105; baseline -0.005 -19"><span class='ocrx_word' id='word_1_566' title='bbox 1966 4028 2325 4105; x_wconf 89' lang='lat' dir='ltr'><strong>plerumque</strong></span> <span class='ocrx_word' id='word_1_567' title='bbox 2373 4029 2658 4088; x_wconf 88' lang='lat' dir='ltr'><strong>novimus</strong></span> <span class='ocrx_word' id='word_1_568' title='bbox 2725 4026 3042 4085; x_wconf 86' lang='lat' dir='ltr'><strong>tremenda</strong></span> <span class='ocrx_word' id='word_1_569' title='bbox 3108 4023 3348 4081; x_wconf 89' lang='lat' dir='ltr'><strong>Domini</strong></span> <span class='ocrx_word' id='word_1_570' title='bbox 3390 4019 3624 4096; x_wconf 87' lang='lat' dir='ltr'><strong>judicia</strong></span> 
     </span>
    </p>
   </div>
   <div class='ocr_carea' id='block_1_84' title="bbox 1964 4109 3624 4192">
    <p class='ocr_par' dir='ltr' id='par_1_84' title="bbox 1964 4109 3624 4192">
     <span class='ocr_line' id='line_1_85' title="bbox 1964 4109 3624 4192; baseline -0.005 -18"><span class='ocrx_word' id='word_1_571' title='bbox 1964 4117 2277 4192; x_wconf 89' lang='lat' dir='ltr'><strong>perﬁcere.</strong></span> <span class='ocrx_word' id='word_1_572' title='bbox 2306 4118 2478 4187; x_wconf 85' lang='lat' dir='ltr'><strong>Quod</strong></span> <span class='ocrx_word' id='word_1_573' title='bbox 2508 4118 2558 4174; x_wconf 90' lang='lat' dir='ltr'><strong>si</strong></span> <span class='ocrx_word' id='word_1_574' title='bbox 2587 4117 2693 4175; x_wconf 85' lang='lat' dir='ltr'><strong>tibi</strong></span> <span class='ocrx_word' id='word_1_575' title='bbox 2732 4117 2933 4174; x_wconf 88' lang='lat' dir='ltr'><strong>visum</strong></span> <span class='ocrx_word' id='word_1_576' title='bbox 2975 4113 3147 4172; x_wconf 82' lang='lat' dir='ltr'><strong>fuerit</strong></span> <span class='ocrx_word' id='word_1_577' title='bbox 3176 4118 3234 4171; x_wconf 87' lang='lat' dir='ltr'><strong>et</strong></span> <span class='ocrx_word' id='word_1_578' title='bbox 3278 4111 3356 4170; x_wconf 91' lang='lat' dir='ltr'><strong>de</strong></span> <span class='ocrx_word' id='word_1_579' title='bbox 3398 4110 3495 4168; x_wconf 89' lang='lat' dir='ltr'><strong>his</strong></span> <span class='ocrx_word' id='word_1_580' title='bbox 3543 4109 3624 4167; x_wconf 89' lang='lat' dir='ltr'><strong>ad</strong></span> 
     </span>
    </p>
   </div>
   <div class='ocr_carea' id='block_1_85' title="bbox 1966 4199 3626 4279">
    <p class='ocr_par' dir='ltr' id='par_1_85' title="bbox 1966 4199 3626 4279">
     <span class='ocr_line' id='line_1_86' title="bbox 1966 4199 3626 4279; baseline -0.005 -14"><span class='ocrx_word' id='word_1_581' title='bbox 1966 4208 2262 4265; x_wconf 86' lang='lat' dir='ltr'><strong>Comitem</strong></span> <span class='ocrx_word' id='word_1_582' title='bbox 2318 4208 2557 4277; x_wconf 76' lang='lat' dir='ltr'><strong>referre,</strong></span> <span class='ocrx_word' id='word_1_583' title='bbox 2589 4207 2743 4265; x_wconf 87' lang='lat' dir='ltr'><strong>adeo</strong></span> <span class='ocrx_word' id='word_1_584' title='bbox 2777 4211 2836 4264; x_wconf 90' lang='lat' dir='ltr'><strong>et</strong></span> <span class='ocrx_word' id='word_1_585' title='bbox 2857 4205 2998 4279; x_wconf 88' lang='lat' dir='ltr'><strong>juri,</strong></span> <span class='ocrx_word' id='word_1_586' title='bbox 3043 4208 3103 4263; x_wconf 84' lang='lat' dir='ltr'><strong>et</strong></span> <span class='ocrx_word' id='word_1_587' title='bbox 3141 4202 3255 4262; x_wconf 84' lang='lat' dir='ltr'><strong>viri</strong></span> <span class='ocrx_word' id='word_1_588' title='bbox 3298 4199 3626 4275; x_wconf 82' lang='lat' dir='ltr'><strong>integritati</strong></span> 
     </span>
    </p>
   </div>
   <div class='ocr_carea' id='block_1_86' title="bbox 1966 4289 3623 4372">
    <p class='ocr_par' dir='ltr' id='par_1_86' title="bbox 1966 4289 3623 4372">
     <span class='ocr_line' id='line_1_87' title="bbox 1966 4289 3623 4372; baseline -0.004 -19"><span class='ocrx_word' id='word_1_589' title='bbox 1966 4297 2353 4372; x_wconf 88' lang='lat' dir='ltr'><strong>conﬁdimus,</strong></span> <span class='ocrx_word' id='word_1_590' title='bbox 2386 4302 2454 4358; x_wconf 87' lang='lat' dir='ltr'><strong>ut</strong></span> <span class='ocrx_word' id='word_1_591' title='bbox 2481 4314 2589 4371; x_wconf 90' lang='lat' dir='ltr'><strong>per</strong></span> <span class='ocrx_word' id='word_1_592' title='bbox 2614 4314 2716 4357; x_wconf 89' lang='lat' dir='ltr'><strong>me</strong></span> <span class='ocrx_word' id='word_1_593' title='bbox 2751 4297 2861 4356; x_wconf 86' lang='lat' dir='ltr'><strong>tibi</strong></span> <span class='ocrx_word' id='word_1_594' title='bbox 2891 4296 3068 4355; x_wconf 88' lang='lat' dir='ltr'><strong>liceat</strong></span> <span class='ocrx_word' id='word_1_595' title='bbox 3101 4295 3298 4355; x_wconf 85' lang='lat' dir='ltr'><strong>facere</strong></span> <span class='ocrx_word' id='word_1_596' title='bbox 3346 4290 3514 4367; x_wconf 86' lang='lat' dir='ltr'><strong>quod</strong></span> <span class='ocrx_word' id='word_1_597' title='bbox 3556 4289 3623 4347; x_wconf 89' lang='lat' dir='ltr'><strong>li-</strong></span> 
     </span>
    </p>
   </div>
   <div class='ocr_carea' id='block_1_87' title="bbox 1965 4386 2182 4446">
    <p class='ocr_par' dir='ltr' id='par_1_87' title="bbox 1965 4386 2182 4446">
     <span class='ocr_line' id='line_1_88' title="bbox 1965 4386 2182 4446; baseline 0.005 -3"><span class='ocrx_word' id='word_1_598' title='bbox 1965 4386 2182 4446; x_wconf 88' lang='lat' dir='ltr'><strong>buerit.</strong></span> 
     </span>
    </p>
   </div>
   <div class='ocr_carea' id='block_1_88' title="bbox 1964 4557 3626 4644">
    <p class='ocr_par' dir='ltr' id='par_1_88' title="bbox 1964 4557 3626 4644">
     <span class='ocr_line' id='line_1_89' title="bbox 1964 4557 3626 4644; baseline -0.004 -22"><span class='ocrx_word' id='word_1_599' title='bbox 1964 4578 2090 4644; x_wconf 79' lang='lat' dir='ltr'><strong>non</strong></span> <span class='ocrx_word' id='word_1_600' title='bbox 2116 4561 2244 4644; x_wconf 65' lang='lat' dir='ltr'><strong>alio</strong></span> <span class='ocrx_word' id='word_1_601' title='bbox 2270 4561 2529 4644; x_wconf 76' lang='lat' dir='ltr'><strong>consilio</strong></span> <span class='ocrx_word' id='word_1_602' title='bbox 2563 4562 2720 4644; x_wconf 75' lang='lat' dir='ltr'><strong>hanc</strong></span> <span class='ocrx_word' id='word_1_603' title='bbox 2747 4560 3069 4644; x_wconf 66' lang='lat' dir='ltr'><strong>epistolam</strong></span> <span class='ocrx_word' id='word_1_604' title='bbox 3121 4559 3350 4630; x_wconf 81' lang='lat' dir='ltr'><strong>scribit,</strong></span> <span class='ocrx_word' id='word_1_605' title='bbox 3397 4557 3516 4616; x_wconf 84' lang='lat' dir='ltr'><strong>nisi</strong></span> <span class='ocrx_word' id='word_1_606' title='bbox 3555 4560 3626 4616; x_wconf 83' lang='lat' dir='ltr'><strong>ut</strong></span> 
     </span>
    </p>
   </div>
   <div class='ocr_carea' id='block_1_89' title="bbox 1968 4632 3066 4705">
    <p class='ocr_par' dir='ltr' id='par_1_89' title="bbox 1968 4632 3066 4705">
     <span class='ocr_line' id='line_1_90' title="bbox 1968 4632 3066 4705; baseline -0.003 -13"><span class='ocrx_word' id='word_1_607' title='bbox 1968 4635 2084 4692; x_wconf 87' lang='lat' dir='ltr'><strong>sibi</strong></span> <span class='ocrx_word' id='word_1_608' title='bbox 2107 4634 2404 4705; x_wconf 79' lang='lat' dir='ltr'><strong>judicium</strong></span> <span class='ocrx_word' id='word_1_609' title='bbox 2427 4634 2608 4705; x_wconf 87' lang='lat' dir='ltr'><strong>hujus</strong></span> <span class='ocrx_word' id='word_1_610' title='bbox 2638 4634 2723 4689; x_wconf 90' lang='lat' dir='ltr'><strong>rei</strong></span> <span class='ocrx_word' id='word_1_611' title='bbox 2751 4632 3066 4690; x_wconf 86' lang='lat' dir='ltr'><strong>vindicet?</strong></span> 
     </span>
    </p>
   </div>
   <div class='ocr_carea' id='block_1_90' title="bbox 2039 4702 3624 4778">
    <p class='ocr_par' dir='ltr' id='par_1_90' title="bbox 2039 4702 3624 4778">
     <span class='ocr_line' id='line_1_91' title="bbox 2039 4702 3624 4778; baseline -0.005 -13"><span class='ocrx_word' id='word_1_612' title='bbox 2039 4702 2149 4778; x_wconf 71' lang='lat'><strong>(53)</strong></span> <span class='ocrx_word' id='word_1_613' title='bbox 2174 4702 2485 4777; x_wconf 78' lang='grc' dir='ltr'>Υποδοχήν.</span> <span class='ocrx_word' id='word_1_614' title='bbox 2510 4702 2616 4761; x_wconf 76' lang='grc' dir='ltr'>Ἀά</span> <span class='ocrx_word' id='word_1_615' title='bbox 2639 4706 3226 4778; x_wconf 77' lang='lat' dir='ltr'><strong>Commentariensem</strong></span> <span class='ocrx_word' id='word_1_616' title='bbox 3247 4703 3624 4778; x_wconf 76' lang='lat' dir='ltr'><strong>receptarum</strong></span> 
     </span>
    </p>
   </div>
   <div class='ocr_carea' id='block_1_91' title="bbox 1966 4773 3623 4849">
    <p class='ocr_par' dir='ltr' id='par_1_91' title="bbox 1966 4773 3623 4849">
     <span class='ocr_line' id='line_1_92' title="bbox 1966 4773 3623 4849; baseline -0.002 -16"><span class='ocrx_word' id='word_1_617' title='bbox 1966 4773 2693 4849; x_wconf 56' lang='lat' dir='ltr'><strong>personarum&#39;custodia</strong></span> <span class='ocrx_word' id='word_1_618' title='bbox 2766 4776 3245 4849; x_wconf 50' lang='lat' dir='ltr'><strong>observatioque</strong></span> <span class='ocrx_word' id='word_1_619' title='bbox 3296 4773 3623 4849; x_wconf 57' lang='lat' dir='ltr'><strong>perlimat,</strong></span> 
     </span>
    </p>
   </div>
   <div class='ocr_carea' id='block_1_92' title="bbox 490 4843 3622 4921">
    <p class='ocr_par' dir='ltr' id='par_1_92' title="bbox 490 4843 3622 4921">
     <span class='ocr_line' id='line_1_93' title="bbox 490 4843 3622 4921; baseline -0.001 -18"><span class='ocrx_word' id='word_1_620' title='bbox 490 4862 594 4903; x_wconf 92' lang='lat' dir='ltr'><strong>um</strong></span> <span class='ocrx_word' id='word_1_621' title='bbox 623 4846 796 4916; x_wconf 84' lang='lat' dir='ltr'><strong>festo,</strong></span> <span class='ocrx_word' id='word_1_622' title='bbox 836 4850 1072 4907; x_wconf 83' lang='lat' dir='ltr'><strong>videtur</strong></span> <span class='ocrx_word' id='word_1_623' title='bbox 1109 4843 1313 4909; x_wconf 78' lang='lat' dir='ltr'><strong>tamen</strong></span> <span class='ocrx_word' id='word_1_624' title='bbox 1364 4843 1613 4908; x_wconf 86' lang='lat' dir='ltr'><strong>Basilius</strong></span> <span class='ocrx_word' id='word_1_625' title='bbox 1656 4843 1859 4921; x_wconf 78' lang='lat' dir='ltr'><strong>ipsum</strong></span> <span class='ocrx_word' id='word_1_626' title='bbox 1894 4919 1913 4921; x_wconf 35' lang='grc' dir='ltr'><strong>Α</strong></span> <span class='ocrx_word' id='word_1_627' title='bbox 1967 4843 2051 4906; x_wconf 79' lang='lat' dir='ltr'><strong>ait</strong></span> <span class='ocrx_word' id='word_1_628' title='bbox 2075 4849 2172 4904; x_wconf 75' lang='lat' dir='ltr'><strong>lex</strong></span> <span class='ocrx_word' id='word_1_629' title='bbox 2195 4849 2339 4907; x_wconf 89' lang='lat' dir='ltr'><strong>data</strong></span> <span class='ocrx_word' id='word_1_630' title='bbox 2367 4862 2531 4905; x_wconf 88' lang='lat' dir='ltr'><strong>anno</strong></span> <span class='ocrx_word' id='word_1_631' title='bbox 2557 4852 2684 4919; x_wconf 73' lang='lat'><strong>37!,</strong></span> <span class='ocrx_word' id='word_1_632' title='bbox 2733 4847 2869 4903; x_wconf 91' lang='lat' dir='ltr'><strong>cod.</strong></span> <span class='ocrx_word' id='word_1_633' title='bbox 2915 4843 3141 4903; x_wconf 48' lang='lat' dir='ltr'><strong>Theod‘.</strong></span> <span class='ocrx_word' id='word_1_634' title='bbox 3186 4843 3293 4903; x_wconf 87' lang='lat' dir='ltr'><strong>lib.</strong></span> <span class='ocrx_word' id='word_1_635' title='bbox 3342 4860 3421 4906; x_wconf 82' lang='lat' dir='ltr'><strong>1x.</strong></span> <span class='ocrx_word' id='word_1_636' title='bbox 3446 4843 3533 4901; x_wconf 87' lang='lat' dir='ltr'><strong>tit.</strong></span> <span class='ocrx_word' id='word_1_637' title='bbox 3565 4846 3622 4914; x_wconf 82' lang='lat'><strong>3,</strong></span> 
     </span>
    </p>
   </div>
   <div class='ocr_carea' id='block_1_93' title="bbox 248 4917 2149 4993">
    <p class='ocr_par' dir='ltr' id='par_1_93' title="bbox 248 4917 2149 4993">
     <span class='ocr_line' id='line_1_94' title="bbox 248 4917 2149 4993; baseline 0.001 -19"><span class='ocrx_word' id='word_1_638' title='bbox 248 4917 479 4993; x_wconf 62' lang='lat' dir='ltr'><strong>locum,</strong></span> <span class='ocrx_word' id='word_1_639' title='bbox 536 4923 617 4993; x_wconf 71' lang='lat' dir='ltr'><strong>ut</strong></span> <span class='ocrx_word' id='word_1_640' title='bbox 646 4922 1182 4980; x_wconf 87' lang='lat' dir='ltr'><strong>Commentariensi</strong></span> <span class='ocrx_word' id='word_1_641' title='bbox 1227 4929 1461 4987; x_wconf 84' lang='lat' dir='ltr'><strong>notum.</strong></span> <span class='ocrx_word' id='word_1_642' title='bbox 1515 4917 1856 4993; x_wconf 76' lang='lat' dir='ltr'><strong>designare,</strong></span> <span class='ocrx_word' id='word_1_643' title='bbox 1889 4919 1934 4975; x_wconf 89' lang='lat' dir='ltr'><strong>D</strong></span> <span class='ocrx_word' id='word_1_644' title='bbox 1968 4935 2027 4993; x_wconf 92' lang='lat' dir='ltr'><strong>p.</strong></span> <span class='ocrx_word' id='word_1_645' title='bbox 2052 4924 2149 4993; x_wconf 10' lang='lat' dir='ltr'><strong>738A.</strong></span> 
     </span>
    </p>
   </div>
   <div class='ocr_carea' id='block_1_94' title="bbox 248 4989 1858 5066">
    <p class='ocr_par' dir='ltr' id='par_1_94' title="bbox 248 4989 1858 5066">
     <span class='ocr_line' id='line_1_95' title="bbox 248 4989 1858 5066; baseline 0.002 -21"><span class='ocrx_word' id='word_1_646' title='bbox 248 5004 375 5046; x_wconf 90' lang='lat' dir='ltr'><strong>non</strong></span> <span class='ocrx_word' id='word_1_647' title='bbox 398 4989 561 5066; x_wconf 59' lang='lat' dir='ltr'><strong>diem</strong></span> <span class='ocrx_word' id='word_1_648' title='bbox 593 4989 962 5066; x_wconf 74' lang='lat' dir='ltr'><strong>festum,qui</strong></span> <span class='ocrx_word' id='word_1_649' title='bbox 992 4994 1138 5066; x_wconf 83' lang='lat' dir='ltr'><strong>forte</strong></span> <span class='ocrx_word' id='word_1_650' title='bbox 1165 4994 1247 5051; x_wconf 89' lang='lat' dir='ltr'><strong>illi</strong></span> <span class='ocrx_word' id='word_1_651' title='bbox 1276 5011 1400 5052; x_wconf 90' lang='lat' dir='ltr'><strong>non</strong></span> <span class='ocrx_word' id='word_1_652' title='bbox 1426 5000 1548 5052; x_wconf 89' lang='lat' dir='ltr'><strong>tam</strong></span> <span class='ocrx_word' id='word_1_653' title='bbox 1579 4989 1858 5059; x_wconf 61' lang='lat' dir='ltr'><strong>cognitus</strong></span> 
     </span>
    </p>
   </div>
   <div class='ocr_carea' id='block_1_95' title="bbox 249 5062 1856 5190">
    <p class='ocr_par' dir='ltr' id='par_1_95' title="bbox 249 5062 1856 5190">
     <span class='ocr_line' id='line_1_96' title="bbox 249 5062 1856 5190; baseline 0.003 -73"><span class='ocrx_word' id='word_1_654' title='bbox 249 5067 395 5118; x_wconf 85' lang='lat' dir='ltr'><strong>erat.</strong></span> <span class='ocrx_word' id='word_1_655' title='bbox 423 5062 614 5190; x_wconf 53' lang='lat' dir='ltr'><strong>Potrgc;</strong></span> <span class='ocrx_word' id='word_1_656' title='bbox 624 5062 919 5190; x_wconf 67' lang='lat' dir='ltr'><strong>1ecclesias</strong></span> <span class='ocrx_word' id='word_1_657' title='bbox 940 5065 1142 5124; x_wconf 84' lang='lat' dir='ltr'><strong>vocari</strong></span> <span class='ocrx_word' id='word_1_658' title='bbox 1158 5067 1431 5139; x_wconf 86' lang='lat' dir='ltr'><strong>synodos</strong></span> <span class='ocrx_word' id='word_1_659' title='bbox 1454 5066 1856 5139; x_wconf 84' lang='lat' dir='ltr'><strong>perspicimus</strong></span> 
     </span>
     <span class='ocr_line' id='line_1_97' title="bbox 249 5147 671 5190; baseline 0.005 -2"><span class='ocrx_word' id='word_1_660' title='bbox 249 5147 324 5188; x_wconf 79' lang='lat' dir='ltr'><strong>ex</strong></span> <span class='ocrx_word' id='word_1_661' title='bbox 352 5149 480 5190; x_wconf 83' lang='lat' dir='ltr'><strong>ems</strong></span> <span class='ocrx_word' id='word_1_662' title='bbox 512 5177 525 5190; x_wconf 93' lang='lat'><strong>.</strong></span> <span class='ocrx_word' id='word_1_663' title='bbox 660 5178 671 5190; x_wconf 94' lang='lat'><strong>.</strong></span> 
     </span>
    </p>
   </div>
   <div class='ocr_carea' id='block_1_96' title="bbox 247 5147 671 5205">
    <p class='ocr_par' dir='ltr' id='par_1_96' title="bbox 247 5147 671 5205">
     <span class='ocr_line' id='line_1_98' title="bbox 247 5147 671 5205; baseline 0.007 -17"><span class='ocrx_word' id='word_1_664' title='bbox 247 5147 324 5188; x_wconf 81' lang='lat' dir='ltr'><strong>ex</strong></span> <span class='ocrx_word' id='word_1_665' title='bbox 352 5147 525 5205; x_wconf 74' lang='lat' dir='ltr'><strong>epist.</strong></span> <span class='ocrx_word' id='word_1_666' title='bbox 547 5147 671 5191; x_wconf 72' lang='lat'><strong>321.</strong></span> 
     </span>
    </p>
   </div>
   <div class='ocr_carea' id='block_1_97' title="bbox 324 5205 1858 5278">
    <p class='ocr_par' dir='ltr' id='par_1_97' title="bbox 324 5205 1858 5278">
     <span class='ocr_line' id='line_1_99' title="bbox 324 5205 1858 5278; baseline 0.003 -17"><span class='ocrx_word' id='word_1_667' title='bbox 324 5205 433 5278; x_wconf 70' lang='grc'><strong>(54)</strong></span> <span class='ocrx_word' id='word_1_668' title='bbox 467 5212 728 5278; x_wconf 79' lang='grc' dir='ltr'>Νομίσας.</span> <span class='ocrx_word' id='word_1_669' title='bbox 764 5206 1046 5278; x_wconf 89' lang='lat' dir='ltr'><strong>Quamvis</strong></span> <span class='ocrx_word' id='word_1_670' title='bbox 1076 5207 1137 5266; x_wconf 90' lang='lat' dir='ltr'><strong>in</strong></span> <span class='ocrx_word' id='word_1_671' title='bbox 1162 5208 1277 5265; x_wconf 87' lang='lat' dir='ltr'><strong>hac</strong></span> <span class='ocrx_word' id='word_1_672' title='bbox 1298 5223 1447 5265; x_wconf 88' lang='lat' dir='ltr'><strong>voce</strong></span> <span class='ocrx_word' id='word_1_673' title='bbox 1477 5207 1858 5266; x_wconf 83' lang='lat' dir='ltr'><strong>consentiant</strong></span> 
     </span>
    </p>
   </div>
   <div class='ocr_carea' id='block_1_98' title="bbox 247 5274 1855 5352">
    <p class='ocr_par' dir='ltr' id='par_1_98' title="bbox 247 5274 1855 5352">
     <span class='ocr_line' id='line_1_100' title="bbox 247 5274 1855 5352; baseline 0.004 -22"><span class='ocrx_word' id='word_1_674' title='bbox 247 5274 390 5352; x_wconf 77' lang='lat' dir='ltr'><strong>editi</strong></span> <span class='ocrx_word' id='word_1_675' title='bbox 414 5274 493 5352; x_wconf 64' lang='lat' dir='ltr'><strong>&#39;et</strong></span> <span class='ocrx_word' id='word_1_676' title='bbox 517 5274 665 5352; x_wconf 83' lang='lat' dir='ltr'><strong>mss.</strong></span> <span class='ocrx_word' id='word_1_677' title='bbox 696 5277 955 5352; x_wconf 79' lang='lat' dir='ltr'><strong>codices,</strong></span> <span class='ocrx_word' id='word_1_678' title='bbox 987 5279 1188 5352; x_wconf 85' lang='lat' dir='ltr'><strong>nullus</strong></span> <span class='ocrx_word' id='word_1_679' title='bbox 1210 5285 1413 5336; x_wconf 89' lang='lat' dir='ltr'><strong>tamen</strong></span> <span class='ocrx_word' id='word_1_680' title='bbox 1470 5280 1682 5352; x_wconf 88' lang='lat' dir='ltr'><strong>dubito</strong></span> <span class='ocrx_word' id='word_1_681' title='bbox 1706 5281 1855 5352; x_wconf 83' lang='lat' dir='ltr'><strong>quin</strong></span> 
     </span>
    </p>
   </div>
   <div class='ocr_carea' id='block_1_99' title="bbox 245 5345 1860 5423">
    <p class='ocr_par' dir='ltr' id='par_1_99' title="bbox 245 5345 1860 5423">
     <span class='ocr_line' id='line_1_101' title="bbox 245 5345 1860 5423; baseline -0.001 -15"><span class='ocrx_word' id='word_1_682' title='bbox 245 5345 573 5423; x_wconf 58' lang='lat' dir='ltr'><strong>[tegendum</strong></span> <span class='ocrx_word' id='word_1_683' title='bbox 600 5350 676 5405; x_wconf 79' lang='lat' dir='ltr'><strong>sit</strong></span> <span class='ocrx_word' id='word_1_684' title='bbox 700 5349 1057 5423; x_wconf 56' lang='lat' dir='ltr'><strong>évépgwags,_ut</strong></span> <span class='ocrx_word' id='word_1_685' title='bbox 1092 5350 1208 5423; x_wconf 83' lang='lat' dir='ltr'><strong>legi</strong></span> <span class='ocrx_word' id='word_1_686' title='bbox 1237 5352 1531 5423; x_wconf 88' lang='lat' dir='ltr'><strong>interpres</strong></span> <span class='ocrx_word' id='word_1_687' title='bbox 1561 5367 1630 5406; x_wconf 92' lang='lat' dir='ltr'><strong>ac</strong></span> <span class='ocrx_word' id='word_1_688' title='bbox 1660 5345 1860 5420; x_wconf 70' lang='lat' dir='ltr'><strong>legen-</strong></span> 
     </span>
    </p>
   </div>
   <div class='ocr_carea' id='block_1_100' title="bbox 245 5415 1856 5494">
    <p class='ocr_par' dir='ltr' id='par_1_100' title="bbox 245 5415 1856 5494">
     <span class='ocr_line' id='line_1_102' title="bbox 245 5415 1856 5494; baseline 0.001 -23"><span class='ocrx_word' id='word_1_689' title='bbox 245 5415 396 5471; x_wconf 90' lang='lat' dir='ltr'><strong>dum</strong></span> <span class='ocrx_word' id='word_1_690' title='bbox 427 5422 634 5494; x_wconf 75' lang='lat' dir='ltr'><strong>monet</strong></span> <span class='ocrx_word' id='word_1_691' title='bbox 656 5415 1277 5494; x_wconf 13' lang='lat' dir='ltr'><strong>pomb‘eﬁsius._N‘ami</strong></span> <span class='ocrx_word' id='word_1_692' title='bbox 1313 5425 1360 5477; x_wconf 86' lang='lat' dir='ltr'><strong>si</strong></span> <span class='ocrx_word' id='word_1_693' title='bbox 1394 5415 1679 5487; x_wconf 75' lang='lat' dir='ltr'><strong>legamus</strong></span> <span class='ocrx_word' id='word_1_694' title='bbox 1711 5415 1856 5494; x_wconf 59' lang='grc' dir='ltr'>νερςί-</span> 
     </span>
    </p>
   </div>
   <div class='ocr_carea' id='block_1_101' title="bbox 250 5489 1857 5568">
    <p class='ocr_par' dir='ltr' id='par_1_101' title="bbox 250 5489 1857 5568">
     <span class='ocr_line' id='line_1_103' title="bbox 250 5489 1857 5568; baseline 0.001 -21"><span class='ocrx_word' id='word_1_695' title='bbox 250 5489 869 5568; x_wconf 56' lang='lat' dir='ltr'><strong>gas,“referendum_id</strong></span> <span class='ocrx_word' id='word_1_696' title='bbox 897 5494 1006 5549; x_wconf 89' lang='lat' dir='ltr'><strong>erit</strong></span> <span class='ocrx_word' id='word_1_697' title='bbox 1033 5492 1113 5549; x_wconf 89' lang='lat' dir='ltr'><strong>ad</strong></span> <span class='ocrx_word' id='word_1_698' title='bbox 1130 5493 1434 5551; x_wconf 89' lang='lat' dir='ltr'><strong>Basilium.</strong></span> <span class='ocrx_word' id='word_1_699' title='bbox 1453 5497 1524 5549; x_wconf 79' lang='lat' dir='ltr'><strong>At</strong></span> <span class='ocrx_word' id='word_1_700' title='bbox 1540 5489 1857 5568; x_wconf 79' lang='lat' dir='ltr'><strong>quomodo</strong></span> 
     </span>
    </p>
   </div>
   <div class='ocr_carea' id='block_1_102' title="bbox 247 5555 1858 5638">
    <p class='ocr_par' dir='ltr' id='par_1_102' title="bbox 247 5555 1858 5638">
     <span class='ocr_line' id='line_1_104' title="bbox 247 5555 1858 5638; baseline 0.003 -21"><span class='ocrx_word' id='word_1_701' title='bbox 247 5555 509 5638; x_wconf 65' lang='lat' dir='ltr'><strong>§a8ilius</strong></span> <span class='ocrx_word' id='word_1_702' title='bbox 532 5560 839 5638; x_wconf 74' lang='lat' dir='ltr'><strong>ejusmodi</strong></span> <span class='ocrx_word' id='word_1_703' title='bbox 878 5579 1281 5638; x_wconf 87' lang='lat' dir='ltr'><strong>personarum</strong></span> <span class='ocrx_word' id='word_1_704' title='bbox 1328 5555 1737 5638; x_wconf 81' lang='lat' dir='ltr'><strong>receptionem</strong></span> <span class='ocrx_word' id='word_1_705' title='bbox 1776 5563 1858 5638; x_wconf 85' lang='lat' dir='ltr'><strong>ad</strong></span> 
     </span>
    </p>
   </div>
   <div class='ocr_carea' id='block_1_103' title="bbox 247 5629 1857 5709">
    <p class='ocr_par' dir='ltr' id='par_1_103' title="bbox 247 5629 1857 5709">
     <span class='ocr_line' id='line_1_105' title="bbox 247 5629 1857 5709; baseline 0.008 -26"><span class='ocrx_word' id='word_1_706' title='bbox 247 5629 901 5694; x_wconf 71' lang='lat' dir='ltr'><strong>Commentariensem&#39;</strong></span> <span class='ocrx_word' id='word_1_707' title='bbox 927 5637 1228 5709; x_wconf 83' lang='lat' dir='ltr'><strong>pertinere</strong></span> <span class='ocrx_word' id='word_1_708' title='bbox 1268 5629 1690 5706; x_wconf 71' lang='lat' dir='ltr'><strong>existin&#39;nasset,</strong></span> <span class='ocrx_word' id='word_1_709' title='bbox 1748 5635 1857 5709; x_wconf 83' lang='lat' dir='ltr'><strong>qui</strong></span> 
     </span>
    </p>
   </div>
   <div class='ocr_carea' id='block_1_104' title="bbox 2039 4988 3623 5063">
    <p class='ocr_par' dir='ltr' id='par_1_104' title="bbox 2039 4988 3623 5063">
     <span class='ocr_line' id='line_1_106' title="bbox 2039 4988 3623 5063; baseline -0.003 -16"><span class='ocrx_word' id='word_1_710' title='bbox 2039 4991 2155 5061; x_wconf 83' lang='lat'><strong>(56)</strong></span> <span class='ocrx_word' id='word_1_711' title='bbox 2182 4988 2293 5063; x_wconf 71' lang='grc' dir='ltr'><strong>Ὑφ’</strong></span> <span class='ocrx_word' id='word_1_712' title='bbox 2323 4990 2488 5063; x_wconf 74' lang='grc' dir='ltr'>ἡμῶν.</span> <span class='ocrx_word' id='word_1_713' title='bbox 2518 4992 2607 5047; x_wconf 87' lang='lat' dir='ltr'><strong>lta</strong></span> <span class='ocrx_word' id='word_1_714' title='bbox 2633 4988 2814 5046; x_wconf 89' lang='lat' dir='ltr'><strong>Coisl.</strong></span> <span class='ocrx_word' id='word_1_715' title='bbox 2846 4992 3099 5062; x_wconf 87' lang='lat' dir='ltr'><strong>uterque</strong></span> <span class='ocrx_word' id='word_1_716' title='bbox 3136 4990 3196 5045; x_wconf 87' lang='lat' dir='ltr'><strong>et</strong></span> <span class='ocrx_word' id='word_1_717' title='bbox 3218 4989 3363 5058; x_wconf 79' lang='lat' dir='ltr'><strong>Reg.</strong></span> <span class='ocrx_word' id='word_1_718' title='bbox 3403 5000 3623 5044; x_wconf 88' lang='lat' dir='ltr'><strong>secun-</strong></span> 
     </span>
    </p>
   </div>
   <div class='ocr_carea' id='block_1_105' title="bbox 1963 5062 2569 5134">
    <p class='ocr_par' dir='ltr' id='par_1_105' title="bbox 1963 5062 2569 5134">
     <span class='ocr_line' id='line_1_107' title="bbox 1963 5062 2569 5134; baseline -0.005 -16"><span class='ocrx_word' id='word_1_719' title='bbox 1963 5062 2099 5118; x_wconf 88' lang='lat' dir='ltr'><strong>dus.</strong></span> <span class='ocrx_word' id='word_1_720' title='bbox 2131 5062 2276 5118; x_wconf 73' lang='lat' dir='ltr'><strong>eam</strong></span> <span class='ocrx_word' id='word_1_721' title='bbox 2308 5062 2392 5134; x_wconf 66' lang='grc' dir='ltr'><strong>ὑφ’</strong></span> <span class='ocrx_word' id='word_1_722' title='bbox 2422 5062 2569 5134; x_wconf 77' lang='grc' dir='ltr'>ἡμῖν.</span> 
     </span>
    </p>
   </div>
   <div class='ocr_carea' id='block_1_106' title="bbox 2063 5130 3434 5206">
    <p class='ocr_par' dir='ltr' id='par_1_106' title="bbox 2063 5130 3434 5206">
     <span class='ocr_line' id='line_1_108' title="bbox 2063 5130 3434 5206; baseline -0.003 -19"><span class='ocrx_word' id='word_1_723' title='bbox 2063 5134 2151 5202; x_wconf 85' lang='lat'><strong>57)</strong></span> <span class='ocrx_word' id='word_1_724' title='bbox 2182 5130 2549 5206; x_wconf 52' lang='lat' dir='ltr'><strong>&#39;Epydtovrm.</strong></span> <span class='ocrx_word' id='word_1_725' title='bbox 2577 5131 2755 5206; x_wconf 82' lang='lat' dir='ltr'><strong>Coisl.</strong></span> <span class='ocrx_word' id='word_1_726' title='bbox 2780 5132 3016 5206; x_wconf 82' lang='lat' dir='ltr'><strong>primus</strong></span> <span class='ocrx_word' id='word_1_727' title='bbox 3040 5130 3434 5206; x_wconf 57' lang='grc' dir='ltr'><strong>ᾖξεργάςονταιῙ</strong></span> 
     </span>
    </p>
   </div>
   <div class='ocr_carea' id='block_1_107' title="bbox 2059 5200 3623 5275">
    <p class='ocr_par' dir='ltr' id='par_1_107' title="bbox 2059 5200 3623 5275">
     <span class='ocr_line' id='line_1_109' title="bbox 2059 5200 3623 5275; baseline -0.004 -13"><span class='ocrx_word' id='word_1_728' title='bbox 2059 5200 2143 5271; x_wconf 81' lang='lat'><strong>58)</strong></span> <span class='ocrx_word' id='word_1_729' title='bbox 2169 5200 2253 5275; x_wconf 74' lang='grc' dir='ltr'><strong>Τῷ</strong></span> <span class='ocrx_word' id='word_1_730' title='bbox 2277 5200 2495 5275; x_wconf 46' lang='grc' dir='ltr'>νεμητι.</span> <span class='ocrx_word' id='word_1_731' title='bbox 2521 5200 2808 5275; x_wconf 69' lang='lat' dir='ltr'><strong>comitem</strong></span> <span class='ocrx_word' id='word_1_732' title='bbox 2832 5203 3086 5259; x_wconf 87' lang='lat' dir='ltr'><strong>Orientis</strong></span> <span class='ocrx_word' id='word_1_733' title='bbox 3112 5200 3382 5272; x_wconf 81' lang='lat' dir='ltr'><strong>intelligit</strong></span> <span class='ocrx_word' id='word_1_734' title='bbox 3405 5200 3623 5275; x_wconf 82' lang='lat' dir='ltr'><strong>Gotho-</strong></span> 
     </span>
    </p>
   </div>
   <div class='ocr_carea' id='block_1_108' title="bbox 1962 5272 3622 5343">
    <p class='ocr_par' dir='ltr' id='par_1_108' title="bbox 1962 5272 3622 5343">
     <span class='ocr_line' id='line_1_110' title="bbox 1962 5272 3622 5343; baseline -0.005 -10"><span class='ocrx_word' id='word_1_735' title='bbox 1962 5272 2169 5333; x_wconf 85' lang='lat' dir='ltr'><strong>fredus</strong></span> <span class='ocrx_word' id='word_1_736' title='bbox 2196 5272 2255 5331; x_wconf 86' lang='lat' dir='ltr'><strong>in</strong></span> <span class='ocrx_word' id='word_1_737' title='bbox 2286 5272 2442 5332; x_wconf 68' lang='lat' dir='ltr'><strong>netis</strong></span> <span class='ocrx_word' id='word_1_738' title='bbox 2473 5275 2552 5330; x_wconf 86' lang='lat' dir='ltr'><strong>ad</strong></span> <span class='ocrx_word' id='word_1_739' title='bbox 2575 5274 2771 5343; x_wconf 85' lang='lat' dir='ltr'><strong>legem</strong></span> <span class='ocrx_word' id='word_1_740' title='bbox 2816 5275 3002 5330; x_wconf 89' lang='lat' dir='ltr'><strong>modo</strong></span> <span class='ocrx_word' id='word_1_741' title='bbox 3044 5276 3304 5331; x_wconf 86' lang='lat' dir='ltr'><strong>citatam.</strong></span> <span class='ocrx_word' id='word_1_742' title='bbox 3351 5272 3467 5329; x_wconf 90' lang='lat' dir='ltr'><strong>Sed</strong></span> <span class='ocrx_word' id='word_1_743' title='bbox 3496 5285 3622 5343; x_wconf 83' lang='lat' dir='ltr'><strong>non</strong></span> 
     </span>
    </p>
   </div>
   <div class='ocr_carea' id='block_1_109' title="bbox 1960 5342 3625 5430">
    <p class='ocr_par' dir='ltr' id='par_1_109' title="bbox 1960 5342 3625 5430">
     <span class='ocr_line' id='line_1_111' title="bbox 1960 5342 3625 5430; baseline -0.004 -26"><span class='ocrx_word' id='word_1_744' title='bbox 1960 5349 2137 5404; x_wconf 89' lang='lat' dir='ltr'><strong>video</strong></span> <span class='ocrx_word' id='word_1_745' title='bbox 2167 5362 2275 5429; x_wconf 77' lang='lat' dir='ltr'><strong>cur</strong></span> <span class='ocrx_word' id='word_1_746' title='bbox 2297 5342 3097 5430; x_wconf 31' lang='lat' dir='ltr'><strong>non‘potiusintelligendus</strong></span> <span class='ocrx_word' id='word_1_747' title='bbox 3108 5348 3183 5403; x_wconf 90' lang='lat' dir='ltr'><strong>sit</strong></span> <span class='ocrx_word' id='word_1_748' title='bbox 3205 5359 3410 5403; x_wconf 85' lang='lat' dir='ltr'><strong>comes</strong></span> <span class='ocrx_word' id='word_1_749' title='bbox 3430 5342 3625 5399; x_wconf 85' lang='lat' dir='ltr'><strong>Ponti-</strong></span> 
     </span>
    </p>
   </div>
   <div class='ocr_carea' id='block_1_110' title="bbox 1963 5416 3284 5572">
    <p class='ocr_par' dir='ltr' id='par_1_110' title="bbox 1963 5416 3284 5572">
     <span class='ocr_line' id='line_1_112' title="bbox 1963 5416 3100 5500; baseline -0.002 -25"><span class='ocrx_word' id='word_1_750' title='bbox 1963 5433 2069 5483; x_wconf 66' lang='lat' dir='ltr'><strong>cae,</strong></span> <span class='ocrx_word' id='word_1_751' title='bbox 2098 5419 2272 5499; x_wconf 76' lang='lat' dir='ltr'><strong>cujus</strong></span> <span class='ocrx_word' id='word_1_752' title='bbox 2292 5418 2351 5472; x_wconf 89' lang='lat' dir='ltr'><strong>in</strong></span> <span class='ocrx_word' id='word_1_753' title='bbox 2384 5416 2625 5472; x_wconf 85' lang='lat' dir='ltr'><strong>dioecesi</strong></span> <span class='ocrx_word' id='word_1_754' title='bbox 2647 5422 2774 5498; x_wconf 83' lang='lat' dir='ltr'><strong>erat</strong></span> <span class='ocrx_word' id='word_1_755' title='bbox 2804 5420 3100 5500; x_wconf 62' lang='lat' dir='ltr'><strong>gmsarea.</strong></span> 
     </span>
     <span class='ocr_line' id='line_1_113' title="bbox 2033 5489 3284 5572; baseline 0 0"><span class='ocrx_word' id='word_1_756' title='bbox 2033 5489 2242 5572; x_wconf 59' lang='lat' dir='ltr'><strong>1A1sz</strong></span> <span class='ocrx_word' id='word_1_757' title='bbox 2273 5489 2881 5572; x_wconf 58' lang='lat' dir='ltr'><strong>C.QX.XJ.¥:.§°’1P‘§!D</strong></span> <span class='ocrx_word' id='word_1_758' title='bbox 2911 5490 3284 5572; x_wconf 55' lang='lat' dir='ltr'><strong>suscepti“!-</strong></span> 
     </span>
    </p>
   </div>
   <div class='ocr_carea' id='block_1_111' title="bbox 2034 5559 3366 5635">
    <p class='ocr_par' dir='ltr' id='par_1_111' title="bbox 2034 5559 3366 5635">
     <span class='ocr_line' id='line_1_114' title="bbox 2034 5559 3366 5635; baseline -0.009 -14"><span class='ocrx_word' id='word_1_759' title='bbox 2034 5564 2078 5587; x_wconf 81' lang='lat'>“</span> <span class='ocrx_word' id='word_1_760' title='bbox 2103 5560 2266 5620; x_wconf 78' lang='lat' dir='ltr'><strong>Alias</strong></span> <span class='ocrx_word' id='word_1_761' title='bbox 2291 5561 2621 5619; x_wconf 83' lang='lat' dir='ltr'><strong>CCCCXVH.</strong></span> <span class='ocrx_word' id='word_1_762' title='bbox 2654 5559 2884 5635; x_wconf 74' lang='lat' dir='ltr'><strong>scripta</strong></span> <span class='ocrx_word' id='word_1_763' title='bbox 2907 5559 2970 5617; x_wconf 76' lang='lat' dir='ltr'><strong>ili</strong></span> <span class='ocrx_word' id='word_1_764' title='bbox 2995 5559 3366 5633; x_wconf 74' lang='lat' dir='ltr'><strong>episcopatu.</strong></span> 
     </span>
    </p>
   </div>
  </div>
