4146 6380
176 355 326 410 1025

1087 346 1576 406 EPISTOLARUM
1612 347 1918 408 CLASSIS.
1957 347 2024 405 Il.
2066 349 2284 407 EPIST.
2325 350 2682 409 CCLXXXIX.

3419 362 3556 417 1026

170 483 369 532 νωνίαν
407 480 657 552 χρήσεως
713 473 990 548 βιωτικῆς,
1039 473 1131 542 ὣς,
1181 471 1236 526 ix
1288 479 1382 527 τοῦ
1444 477 1538 547 μὴξ
1570 481 1837 528 συναναολ

1930 473 2094 532 ritam
2148 475 2574 548 pertinentium
2635 475 2983 536 societatem
3017 495 3031 536 :
3089 482 3156 536 ut
3183 495 3254 537 ex
3291 495 3361 539 eo
3391 485 3560 556 quod

175 569 478 643 μίγνυσθαι
516 567 658 639 ἡμᾶς
705 563 870 637 αύτῷ,
900 567 1114 636 γένηται
1169 562 1426 625 παντελῶς
1473 565 1795 639 κατάόρωμα

175 667 280 713 τοῦ
313 654 347 712 δ
353 655 585 711 ιαϐόλόυ.

724 729 1065 780 ΕΠΙΣΤΟΛΗ
1095 723 1262 782 ΣΠΘ’.

1905 577 2046 621 cum
2078 579 2150 621 eo
2187 580 2312 622 non
2339 566 2863 640 commisceamur,
2899 567 2972 625 sit
3025 584 3276 642 prorsus
3331 570 3561 630 diaboli

1905 652 2220 726 pabulam.

2343 727 2682 786 EPISTOLA
2722 729 3094 788 CCLXXXIX’.

180 838 470 898 Rationes
499 834 741 908 exponit
784 849 900 892 cur
917 832 1151 902 eripere
1170 849 1292 909 non
1305 834 1494 909 possit
1517 831 1808 909 hominem
1841 838 2176 909 nocentem,
2209 835 2315 906 qui
2335 851 2571 892 sacram
2601 837 2898 907 virginem
2919 839 3151 909 famoso
3180 838 3383 898 libello
3406 842 3562 901 lace-

872 911 1141 975 raverat,
1171 911 1226 962 et
1250 906 1470 976 legibus
1487 907 1740 976 punitus
1760 905 2098 962 calumnias
2121 907 2194 964 de
2214 905 2445 979 integro
2466 905 2886 967 renovaverat.

336 1035 709 1109 Ἀνεπίγραφος
739 1036 859 1107 περὶ
896 1034 1145 1103 γυναικὸς
1189 1034 1664 1104 καταπονουμένης.

265 1126 398 1199 Ἐγὼ
448 1128 566 1177 ἶσον
618 1125 912 1199 ἡμάρτημα
979 1124 1184 1196 κρένας,
1242 1125 1334 1174 καὶ
1394 1119 1799 1195 ἀνεπιτιμὼτους

192 1221 280 1287 εᾷν
331 1217 449 1274 τοὺς
497 1212 912 1287 ἁμαρτάνοντας,
978 1213 1069 1261 καὶ
1125 1207 1450 1284 ὑπερϐαίνειν
1503 1213 1560 1262 τό
1614 1213 1800 1283 μέτρον

190 1313 257 1379 τῇ
327 1307 557 1377 τιμωρίᾳ
616 1304 752 1373 (67),
791 1305 888 1359 τήν
955 1299 1069 1372 ἐμοὶ
1134 1297 1514 1352 ἕπιϐάλλουσαν
1577 1299 1804 1358 ἐπέθηκα

197 1391 355 1452 δίκην
383 1389 538 1464 τῷδε,
598 1389 832 1464 ἑξορίσας
870 1387 1026 1441 αὐτόν
1073 1395 1168 1452 τῆς
1208 1386 1652 1450 ίκκλησιαστικῆς
1689 1408 1800 1440 κοι-

196 1487 405 1545 νωνίας·
459 1485 551 1534 καὶ
608 1486 718 1540 τοῖς
770 1475 1108 1550 ἠδικημένοις
1156 1483 1430 1552 παρῄνεσα
1471 1483 1541 1552 μή
1590 1479 1802 1540 ἑαυτούς

197 1570 447 1638 ἐκδικεῖν,
490 1569 620 1622 ἀλλά
678 1575 752 1637 τῷ
798 1572 974 1642 Κυρίῳ
1033 1571 1129 1625 τήν
1192 1565 1546 1620 ἀνταπόδοσιν
1600 1567 1799 1641 ἐπιτρέ-

193 1661 318 1735 ψαι.
374 1659 556 1728 Ὥστε,
625 1660 756 1710 εἴτι
821 1655 992 1729 ὄφελος
1050 1657 1199 1728 ήμῶν
1264 1657 1376 1727 (68)
1429 1656 1802 1732 παραγγελμά-

2106 1031 2244 1088 Sine
2277 1033 2693 1103 inscriptione,
2721 1035 2794 1092 de
2825 1036 3073 1093 muliere
3097 1037 3353 1107 afﬂicta.

1977 1122 2099 1191 Ego
2127 1136 2240 1193 par
2269 1130 2586 1194 peccatum
2634 1140 2764 1180 esse
2801 1126 3086 1196 judicans
3126 1131 3185 1184 et
3227 1128 3560 1201 impunitos

1905 1208 2244 1282 relinquere
2293 1209 2739 1284 delinquentes,
2790 1217 2847 1268 et
2914 1215 3169 1272 modum
3229 1219 3564 1290 transgredi

1907 1297 2247 1370 plectendo,
2271 1315 2514 1371 ptenam
2531 1316 2668 1373 quae
2694 1301 2840 1358 mihi
2856 1305 3258 1376 competebat,
3274 1307 3416 1364 huic
3435 1309 3562 1366 viro

1907 1387 2118 1456 inﬂixi,
2148 1403 2360 1444 arcens
2383 1404 2522 1444 eum
2569 1406 2606 1445 a
2654 1392 3082 1448 communione
3131 1394 3562 1467 ecclesiastica;

1910 1481 1967 1532 et
2000 1493 2106 1533 eos
2134 1477 2238 1549 qui
2267 1477 2392 1533 laesi
2425 1482 2566 1534 sunt
2586 1478 2860 1536 hortatus
2890 1497 3048 1550 sum,
3089 1487 3157 1538 ut
3198 1499 3260 1540 se
3296 1485 3411 1558 ipsi
3439 1504 3564 1545 non

1908 1565 2357 1635 ulciscerentur,
2392 1567 2499 1623 sed
2528 1569 2782 1625 Domino
2813 1569 3102 1626 ultionem
3132 1575 3562 1644 permitterent.

1906 1656 2100 1722 Quare
2130 1656 2177 1710 si
2197 1671 2322 1728 qua
2350 1657 2742 1714 essetutilitas
2757 1673 3029 1715 mearum
3054 1659 3560 1732 admonitionum,

198 1771 318 1823 των,
370 1754 486 1802 τότε
541 1745 602 1799 ἂν
662 1747 951 1811 ἠκούσθην,
1009 1743 1181 1816 πολλῷ
1241 1743 1665 1820 ἀξιοπιστότερον
1722 1765 1801 1798 κε-

1933 1761 2051 1800 unc
2081 1744 2328 1801 fuissem
2359 1745 2701 1816 exauditus,
2730 1763 3007 1804 sermone
3033 1754 3210 1805 utens
3261 1751 3565 1822 ejusmodi

198 1844 465 1916 χρημίνος
521 1846 594 1909 τῷ
653 1835 791 1908 λόγῳ
838 1836 869 1896 ἣ
911 1837 1032 1888 ὅσον
1082 1833 1142 1887 ἀν
1188 1831 1436 1894 δυνηθείη
1479 1832 1805 1896 δυσωπῆσαι

199 1935 269 1984 τὰ
296 1931 609 2005 γράμματα.
650 1926 793 1980 Ἐπεὶ
830 1921 890 1978 δὶ
933 1928 1141 1984 ἤκουσα
1185 1923 1433 2000 ῥημάτων
1461 1925 1654 1985 πολλήν
1695 1925 1806 1997 (69)

205 2009 434 2094 ίχόντων
493 2016 793 2091 βαρύτητα,
846 2019 938 2069 καὶ
974 2019 1089 2068 τότε
1143 2016 1426 2088 ἡσύχασα,
1457 2019 1548 2068 καὶ
1594 2022 1682 2068 νῦν
1712 2015 1807 2068 ούκ

206 2107 359 2184 οἶμαι
408 2110 603 2182 πρέπον
655 2101 784 2158 εἶναί
812 2123 904 2178 μοι
938 2109 1057 2180 περὶ
1103 2112 1202 2157 τῶν
1239 2104 1406 2158 αὐτῶν
1446 2101 1807 2177 διαλέγεσθαι.

207 2203 340 2272 Ἐγὼ
395 2200 517 2270 γὰρ,
559 2199 740 2268 φησὶν,
774 2189 966 2270 ἀνδρὸς
996 2189 1287 2269 ὑπερεῖδον,
1336 2200 1426 2247 καὶ
1463 2192 1809 2256 παιδοποιίας

208 2292 301 2341 καὶ
323 2285 468 2360 βιου,
498 2289 582 2337 ἵνα
612 2283 720 2347 ἑνὸς
739 2285 923 2336 τούτου
947 2285 1192 2356 τύχοιμι,
1214 2291 1312 2345 τῆς
1347 2286 1490 2358 παρὰ
1532 2291 1666 2338 Θεοῦ
1691 2285 1806 2357 (70)

208 2373 624 2449 εὐδοκιμήσεως,
655 2376 746 2426 καὶ
774 2375 920 2448 παρά
947 2379 1057 2435 τοῖς
1109 2371 1402 2446 ἀνθρώποις
1434 2381 1528 2426 τοῦ
1551 2371 1811 2447 βελτίονος

209 2466 492 2530 ἀξιοῦσθαι
542 2463 719 2536 λόγου,
749 2458 962 2522 Ἐηειδή
1025 2461 1297 2538 ἅνθρωπος
1343 2461 1399 2515 ἐκ
1454 2460 1647 2524 παιδὸς
1693 2470 1811 2526 ταῖς

209 2555 565 2630 οἰκοφθορίαις
630 2551 1053 2626 ἐντεθραμμένος,
1108 2551 1507 2626 εἰσϐιασάμενός
1571 2573 1698 2607 ποτε
1743 2561 1806 2628 τῇ

210 2647 429 2705 συνήθει
485 2642 674 2696 ἑαυτοῦ
731 2637 975 2714 ἀναιδείᾳ
1028 2644 1257 2696 ἰνίπεσεν
1314 2644 1460 2716 ήμῶν
1513 2650 1586 2714 τῷ
1661 2647 1810 2716 οἴκῳ,

207 2740 304 2789 καὶ
359 2738 526 2807 μέχρι
578 2729 740 2803 ψιλῆς
779 2735 1071 2803 συντυχίας
1108 2731 1307 2803 ἐγένετο
1345 2735 1609 2806 γνώριμος
1661 2733 1809 2806 ἡμῖν,

207 2827 304 2877 καὶ
342 2821 528 2894 ἀγνοίᾳ
561 2829 663 2873 τῶν
714 2819 828 2873 κατ’
865 2819 1039 2890 αὐτόν,
1065 2824 1153 2874 καὶ
1195 2817 1345 2873 αἰδοῖ
1379 2840 1482 2874 τινι
1510 2817 1813 2894 ἀπαιδεύτῳ

208 2920 486 2986 προφανῶς
536 2911 692 2964 αὐτὸν
757 2909 1112 2984 αἰσχυνομένη
1177 2909 1380 2963 ἐλάσαιο
1435 2911 1508 2975 εἰς
1562 2918 1813 2964 τοσοῦτον

1911 1834 2016 1907 qui
2045 1833 2234 1890 multo
2261 1839 2416 1891 esset
2443 1823 2521 1890 ad
2543 1835 2728 1891 ﬁdem
2757 1835 3100 1894 faciendam
3139 1840 3357 1911 aptior,
3376 1857 3565 1914 quam

1910 1924 2118 1981 litterae
2148 1923 2227 1979 ad
2259 1923 2650 1980 ﬂectendum.
2693 1925 2808 1981 Sed
2863 1930 3192 2000 postquam
3231 1929 3418 1986 verba
3461 1947 3567 1987 au-

1911 2012 2035 2069 divi
2059 2011 2235 2068 valde
2259 2013 2486 2081 gravia,
2520 2017 2577 2069 et
2602 2017 2746 2069 tunc
2773 2013 2929 2084 silui,
2962 2019 3021 2071 et
3042 2031 3204 2072 nunc
3231 2016 3446 2075 decere
3468 2035 3566 2076 me

1912 2117 2037 2158 non
2067 2100 2326 2158 arbitror
2375 2101 2449 2157 de
2489 2101 2706 2158 iisdem
2750 2118 2948 2174 agere.
2984 2107 3107 2174 Ego
3137 2106 3320 2176 enim,
3347 2107 3562 2180 inquit,

1912 2191 2132 2260 virum,
2154 2189 2602 2264 liberorumque
2645 2193 3125 2264 procreationem
3173 2199 3230 2251 et
3275 2197 3566 2255 saeculum

1915 2280 2272 2352 contempsi,
2304 2281 2388 2336 rei
2413 2281 2594 2336 unius
2631 2283 3073 2354 consequendaa
3105 2300 3308 2355 causa,
3355 2291 3420 2344 ut
3447 2289 3568 2345 Deo

1914 2370 2175 2444 probata
2225 2385 2444 2436 essem,
2478 2375 2536 2426 et
2570 2369 2726 2427 bene
2755 2371 2922 2443 apud
2957 2373 3237 2429 homines
3268 2375 3568 2434 audirem.

1918 2459 2034 2518 Sed
2066 2462 2394 2532 postquam
2424 2459 2611 2516 homo
2636 2475 2673 2516 a
2701 2475 2890 2532 puero
2912 2461 2973 2516 in
2991 2464 3450 2536 corrumpendis
3467 2465 3573 2521 do-

1917 2550 2119 2608 mibus
2140 2547 3047 2622 institutus,solitaimpudentia
3070 2568 3202 2608 sese
3241 2553 3574 2612 obtrudens

1917 2639 1981 2696 in
2009 2639 2264 2695 domum
2289 2654 2492 2694 meam
2518 2638 2852 2710 aliquando
2877 2640 3110 2712 irrupit,
3156 2642 3428 2714 mihique
3476 2661 3574 2702 co-

1920 2729 2122 2800 gnitus
2144 2732 2378 2784 tantum
2399 2727 2510 2784 fuit
2527 2743 2596 2784 ex
2617 2727 2875 2801 simplici
2899 2729 3222 2802 colloquio,
3244 2747 3382 2803 quae
3404 2733 3576 2804 igno-

1917 2819 2147 2876 ratione
2177 2816 2334 2873 illius
2362 2833 2604 2873 morum
2635 2833 2708 2873 ac
2737 2818 3014 2890 imperito
3038 2819 3308 2891 quodam
3340 2823 3574 2894 pudore

1917 2908 2088 2965 illum
2114 2911 2318 2980 aperte
2337 2905 2793 2964 verecundabar
2811 2907 3135 2980 expellere;
3160 2925 3231 2965 eo
3250 2910 3578 2982 impietatis

205 3001 417 3065 ἐξῆλθεν
473 2999 713 3064 ἀσεϐείας
769 3004 859 3052 καὶ
923 2999 1135 3074 ὒϐρεως,
1200 3001 1336 3053 ῶστε
1391 2998 1656 3074 ἐμπλῆσαι
1722 3003 1812 3074 μὲν

1930 3013 1992 3056 ac
2030 2995 2410 3053 contumelia:
2432 2995 2692 3067 devenit,
2709 3000 2775 3051 ut
2795 2995 3097 3053 civitatem
3120 2995 3308 3056 totam
3328 2999 3386 3055 in
3387 3000 3576 3072 jurio-

201 3097 301 3150 τήν
350 3091 497 3145 πόλιν
548 3097 725 3143 πᾶσαν
756 3096 870 3143 ’τῶν
932 3088 1046 3142 κατ’
1087 3089 1212 3162 ἐμοῦ
1269 3089 1382 3163 (71)
1435 3089 1805 3164 βλασφημιῶν,

200 3183 584 3256 προγράμματι
638 3175 696 3233 δε
737 3175 984 3254 δημοσίῳ
1039 3178 1401 3250 στηλιτεῦσαι,
1441 3178 1693 3234 ἔκτεθέντι
1730 3178 1813 3232 ἐπὶ

202 3280 308 3326 τῶν
361 3271 634 3346 προθύρων
695 3275 788 3329 τῆς
845 3267 1144 3330 ἐκκλησίας.
1205 3268 1315 3341 Ἐφ’
1376 3270 1451 3332 οἷς
1491 3274 1584 3322 καὶ
1633 3274 1813 3342 τυχών

205 3381 351 3422 τινος
401 3362 546 3434 παρὰ
591 3366 694 3412 τῶν
757 3363 924 3431 νόμων
984 3355 1402 3430 ἀγανακτήσεως,
1451 3359 1606 3412 πάλιν
1657 3361 1815 3412 ἐπαν-

211 3451 372 3505 ελθὼν
417 3447 534 3521 (72)
570 3447 888 3502 ἀνενεώσατο
943 3449 1037 3509 τάς
1092 3447 1252 3501 αὐτοῦ
1285 3445 1650 3522 βλασφημίας.
1707 3449 1818 3501 Πά-

210 3541 295 3594 λιν
334 3547 434 3592 τῶν
465 3535 597 3613 ἐμῶν
645 3533 922 3611 λοιδοριῶν
968 3535 1172 3613 πλήρης
1212 3539 1242 3597 ἡ
1287 3539 1475 3613 ἀγορὰ,
1519 3539 1586 3590 τά
1623 3539 1821 3611 γυμνά-

220 3649 336 3696 σια,
372 3631 438 3681 τὰ
467 3630 675 3703 θέατρα,
710 3629 766 3680 αἰ
796 3626 960 3680 οἰκίαι
1000 3636 1100 3679 τῶν
1134 3623 1207 3678 δι’
1248 3628 1536 3700 ὁμοιότητα
1574 3634 1666 3680 τοῦ
1698 3625 1821 3700 βίου

224 3715 523 3791 δεχομένων
569 3718 746 3771 αὐτόν.
794 3721 898 3770 Καὶ
957 3713 1098 3790 μηδὲ
1141 3715 1224 3770 ἐπὶ
1279 3725 1384 3778 τοῖς
1417 3716 1653 3791 βελτίοσι
1695 3738 1825 3790 γνωο

221 3808 490 3882 ρίζεσθαι,
525 3805 573 3858 ἓν
629 3807 702 3868 οἷς
756 3806 1002 3880 εύπρεπὶς
1060 3802 1142 3873 ἦν,
1191 3805 1390 3881 ύπὴρξέ
1451 3826 1542 3879 μοι
1600 3804 1656 3858 ἐκ
1726 3814 1826 3858 τῶν

221 3897 548 3968 αἰσχίστων,
612 3893 705 3949 δία
740 3899 798 3948 τὸ
851 3897 998 3972 παρὰ
1045 3901 1180 3948 πᾶσι
1237 3904 1298 3968 τῇ
1353 3893 1626 3967 ἀκολάστῳ
1691 3893 1829 3967 γνώὲ

217 4007 293 4064 μή
320 3987 432 4059 (73)
468 3987 708 4058 γενέσθαι
737 3994 1014 4059 περιφανῆ.
1046 3986 1161 4039 Ἐπί
1191 3987 1420 4053 τούτοις,
1449 3989 1630 4057 φησὶν,
1666 3987 1715 4037 οἰ
1739 3986 1832 4057 μὶν

219 4073 444 4136 ἥδονται
490 4081 602 4136 ταῖς
650 4073 1036 4148 βλασφημίαις,
1070 4071 1165 4126 διὰ
1207 4078 1265 4127 τὸ
1293 4076 1446 4146 φύσει
1471 4075 1680 4149 χάίρειν
1713 4080 1830 4136 ταῖς

219 4163 510 4242 λοιδορίαις
552 4167 675 4227 τοὺς
728 4162 1053 4239 ἀνθρώπους·
1106 4166 1154 4216 οἰ
1194 4160 1254 4218 δί
1296 4165 1564 4235 ἄχθεσθαι
1616 4166 1707 4236 μὲν
1753 4161 1831 4214 λί-

224 4274 432 4328 γουσιν,
482 4253 540 4307 ού
587 4253 912 4325 συναλγοῦσι
971 4249 1048 4306 δί’
1101 4251 1246 4305 ἄλλοι
1292 4255 1564 4306 πείθονται
1621 4249 1830 4314 ἀληθεῖς

1921 3083 2003 3140 sis
2029 3084 2094 3140 in
2121 3100 2220 3140 me
2249 3085 2630 3141 sermonibus
2668 3084 2944 3157 repleret,
2976 3103 3196 3158 meque
3244 3087 3480 3146 famoso
3511 3090 3578 3146 1i-

1919 3173 2080 3230 bello
2135 3173 2324 3230 valvis
2371 3173 2640 3230 ecclesiae
2693 3174 2875 3230 afﬁxo
2922 3173 3294 3233 decantaret.
3324 3177 3412 3234 Ob
3442 3194 3579 3251 quas

1923 3262 2103 3320 etiam
2139 3261 2619 3332 indignationem
2650 3262 2920 3335 aliquam
2948 3279 2983 3320 ιι
3012 3263 3248 3334 legibus
3275 3271 3581 3338 expertus,

1926 3352 2146 3409 iterum
2196 3351 2434 3407 rediens
2473 3351 2800 3408 maledicta
2848 3369 2959 3409 sua
2987 3355 3320 3411 renovavit.
3355 3358 3584 3412 Rursus

1929 3441 2148 3498 referta
2195 3439 2480 3496 conviciis
2522 3439 2692 3510 meis,
2728 3439 2949 3509 forum,
2982 3443 3321 3512 gymnasia,
3355 3443 3589 3504 theatra

1933 3547 2004 3588 ac
2057 3529 2218 3586 aedes
2265 3545 2476 3586 eorum
2512 3529 2617 3603 qui
2660 3529 2829 3585 illum
2861 3529 2940 3586 ob
2965 3532 3100 3586 vitae
3132 3531 3588 3592 similitudinem

1935 3619 2248 3692 recipiunt.
2307 3622 2424 3676 Nec
2469 3619 2616 3675 mihi
2661 3620 3013 3691 turpissima
3065 3622 3338 3679 convicia
3378 3625 3592 3682 attule-

1935 3715 2093 3781 runt,
2125 3714 2189 3765 ut
2243 3725 2314 3764 ex
2366 3708 2719 3765 melioribus
2763 3709 2964 3777 rebus,
2996 3713 3062 3765 ut
3109 3711 3449 3781 oportebat,
3495 3729 3592 3770 co-

1938 3814 2278 3870 gnoscerer,
2317 3813 2388 3854 eo
2445 3799 2611 3871 quod
2659 3798 2824 3870 apud
2879 3815 3093 3854 omnes
3137 3800 3594 3872 intemperantis

1939 3889 2127 3945 animi
2156 3888 2315 3944 notis
2342 3887 2546 3942 inusta
2576 3887 2710 3942 sim.
2744 3889 2806 3941 In
2829 3886 2944 3956 bis,
2971 3887 3187 3959 inquit,
3220 3889 3318 3945 alii
3346 3889 3594 3962 quidem

1937 3977 2216 4034 laetantur
2245 3975 2596 4046 maledictis,
2625 3976 3112 4049 proptereaquod
3139 3982 3360 4034 natura
3393 3981 3599 4036 convi-

1940 4067 2047 4125 ciis
2099 4065 2369 4138 gaudent
2415 4066 2690 4123 homines
2722 4081 2735 4121 :
2787 4065 2885 4122 alii
2908 4082 3052 4123 vero
3085 4083 3147 4123 se
3176 4068 3478 4139 indignari
3511 4071 3598 4127 di-

1941 4161 2101 4226 cunt,
2133 4173 2259 4214 non
2285 4161 2490 4213 tamen
2537 4171 2780 4211 mecum
2814 4155 3046 4226 dolent;
3077 4157 3209 4214 aliis
3238 4174 3598 4230 persuasum

1941 4252 2030 4306 est
2081 4263 2225 4305 vera
2267 4262 2400 4303 esse
2443 4245 3051 4313 convicia;dubitant
3091 4247 3210 4316 alii,
3234 4249 3383 4306 dum
3423 4249 3476 4306 ei
3505 4254 3600 4306 to-

229 4340 360 4397 εἶναι
394 4346 491 4406 τάς
542 4339 830 4419 λοιδορίας
882 4340 1030 4394 ἄλλοι
1090 4340 1369 4414 ἀμφίϐολοί
1427 4341 1550 4413 εἰσι,
1587 4349 1661 4413 τῷ
1691 4341 1830 4400 πλή-

1943 4341 2053 4398 ties
2070 4338 2294 4411 juranti
2318 4338 2590 4394 animum
2614 4337 2951 4394 attendunt.
2979 4341 3108 4394 Non
3139 4343 3228 4394 est
3253 4344 3457 4396 autem
3494 4340 3602 4412 qui

237 4434 313 4485 θει
349 4440 449 4483 τῶν
501 4430 666 4504 ὅρκων
729 4430 890 4483 αὐτοῦ
937 4434 1308 4506 προσέχοντες.
1350 4429 1409 4483 Ὀ
1468 4427 1527 4483 δε
1569 4430 1834 4502 συναλγῶν

237 4519 332 4572 οὐκ
369 4521 529 4572 ἔστιν*
560 4518 666 4572 ἀλλ’
695 4524 852 4583 ὅντως
896 4529 984 4572 νῦν
1009 4527 1105 4583 τῆς
1135 4519 1355 4594 ἐρημίας
1410 4520 1651 4593 ᾐσθόμην
1696 4521 1833 4593 (74),

550 4668 803 4752 ¹τιμωρίᾳ.
840 4663 989 4752 Med.
1022 4667 1079 4720 et
1098 4666 1224 4720 Vat.
1376 4667 1654 4752 τιμωρίαν.

309 4734 424 4808 (68)
449 4734 637 4808 Ἢμῷν.
674 4734 810 4808 Duo
835 4735 1074 4792 codices
1105 4734 1465 4808 recentiores
1512 4734 1668 4808 ἒμῶν.
1705 4736 1839 4792 Mox

236 4805 411 4864 multi
440 4805 679 4879 codices
703 4816 774 4877 τῷ
803 4807 960 4879 λόγῳ,
985 4809 1126 4862 ὅσον.
1155 4807 1434 4863 Nonnulli
1460 4805 1550 4860 καί
1575 4809 1720 4879 ὅσον.

309 4880 426 4951 (59)
463 4879 606 4931 Ἐπεὶ
651 4875 778 4951 6ft...
829 4875 1043 4951 πολλὴν.
1093 4881 1198 4951 Ita
1229 4882 1369 4951 Reg.
1424 4878 1730 4951 secundus
1784 4880 1842 4936 et

237 4947 415 5007 Co‘isl.
448 4949 778 5006 secundus.
801 4949 912 5006 Alii
938 4955 996 5006 et
1022 4950 1160 5006 rditi
1191 4947 1478 5009 Ἐπειδὴ...
1509 4949 1730 5004 πολλῶν.

330 5025 424 5098 7_O)
456 5024 606 5098 Παρά
637 5029 772 5098 Θε-οῦ
804 5021 897 5077 Sic
927 5022 1075 5098 Med.
1107 5027 1165 5098 et
1201 5021 1374 5098 Coisl.
1404 5023 1657 5098 primus.
1686 5021 1837 5078 Edit.

232 5091 386 5168 παρὰ
408 5091 547 5164 Θεῷζ
580 5093 761 5168 Paulo
786 5098 924 5165 post
949 5091 1274 5168 legendum
1298 5091 1438 5168 ξΕπέὶ
1469 5091 1550 5168 δέ,

306 5163 422 5233 (7t)
479 5163 608 5218 Κατ’
649 5163 805 5237 inoo:
852 5168 936 5220 Ita
985 5164 1160 5237 Cois}.
1221 5165 1478 5237 primus.
1534 5163 1686 5220 Editi
1726 5163 1840 5217 κατ’

236 5233 487 5308 ἐμαυτοῦ.
522 5233 706 5292 Paulo
739 5240 878 5309 ante
908 5233 1243 5306 legendum
1283 5236 1662 5309 αἰσχυνομένη,
1711 5251 1843 5292 mu-

237 5306 382 5371 tato,
411 5317 479 5362 ut
506 5322 668 5380 sepe
699 5306 874 5374 alias,
913 5323 1189 5380 numero,
1222 5307 1320 5364 vel
1341 5306 1766 5380 αἰσχυνομέναις.

307 5377 790 5458 (7.2)’1ξπανελθῴψ
827 5381 906 5435 Ex
941 5379 1037 5435 his
1089 5384 1254 5452 patet
1304 5377 1614 5436 auctorem
1661 5377 1844 5435 libelli

243 5449 450 5503 exsilio
471 5451 854 5506 damnatum.

319 5519 656 5595 (minam
681 5521 870 5580 Mallet
899 5521 1293 5579 Combeﬂsius
1314 5521 1555 5595 γλώσσῃ-.
1581 5521 1695 5595 Sed
1720 5536 1846 5577 non

243 5588 452 5649 favent
472 5588 708 5650 codices
719 5609 892 5665 mss.,
904 5609 1017 5653 nec
1031 5609 1188 5668 opus
1198 5598 1287 5654 est
1299 5588 1517 5654 sanam
1525 5592 1846 5652 lectionem

1943 4429 2065 4486 mei
2113 4427 2606 4484 commiserescat
2646 4425 2796 4482 :sed
2838 4441 2978 4482 vere
3020 4441 3184 4481 nunc
3215 4427 3598 4484 solitudinem

1949 4518 2131 4587 sensi,
2167 4531 2386 4589 meque
2413 4515 2547 4588 ipsa
2574 4514 2774 4586 lugeo,
2821 4531 2947 4572 non
2994 4515 3264 4586 fratrem,
3296 4532 3420 4572 non
3457 4517 3603 4574 ami-

1950 4660 2294 4739 emendare.
2321 4658 2710 4739 Sub‘obsc-ura
2735 4661 2938 4739 autem
2963 4656 3144 4739 hujus
3163 4658 3280 4738 loci
3312 4661 3605 4739 sententia.

1951 4735 2037 4790 sic
2063 4730 2811 4803 videturexplicaripOSse
2843 4745 2856 4784 :
2886 4732 3018 4803 Erat
3039 4729 3150 4803 illa
3191 4729 3360 4803 virgo
3397 4731 3478 4788 ob
3514 4734 3604 4790 fa-

1949 4820 2158 4861 mosos
2185 4799 2417 4859 libellos
2437 4799 2720 4880 omnibus
2751 4801 3012 4880 cognita,
3035 4800 3117 4880 ita
3146 4805 3211 4855 ut
3239 4799 3311 4880 in
3329 4803 3605 4880 omnium

1950 4891 2248 4948 sermone_
2264 4877 2643 4948 versaretur._
2672 4875 2878 4948 ltaque
2908 4871 2956 4925 si
2987 4871 3314 4948 calumniae
3353 4891 3475 4930 non
3506 4877 3605 4948 ip-

1951 4964 2085 5004 sam
2127 4945 2503 5022 pudicitiam;
2541 4942 2650 4998 sed
2679 4941 2846 5022 aliud
2885 4941 3213 5022 quidpiam
3251 4941 3607 5022 oppugnajs.

1949 5023 2100 5090 sent,
2129 5013 2278 5073 illud
2301 5015 2512 5093 saltem
2534 5030 2606 5070 ex
2632 5013 2951 5093 calumniis
2982 5013 3312 5093 consecuta
3338 5013 3610 5093 ess'et,_ut

1949 5085 2095 5148 eam'
2116 5103 2328 5144 omnes
2367 5087 2822 5156 virginemgesse
2853 5085 3090 5156 scirent.
3120 5085 3236 5142 Sed
3253 5103 3392 5144 cum
3414 5085 3608 5146 male-

1950 5162 2107 5218 dicta
2126 5160 2188 5216 in
2209 5160 2408 5231 ipsam
2429 5154 2787 5231 pudicitiam
2813 5154 3314 5231 3rupi_ssent_,non
3333 5159 3464 5230 jam
3497 5177 3610 5217 sua

1950 5233 2114 5290 illam
2146 5226 2478 5300 virginitas,
2520 5232 2726 5298 utpote
2772 5226 3200 5300 incontinentis
3231 5226 3419 5286 animi
3451 5231 3610 5287 notis

1950 5271 2439 5377 inustamfapud
2463 5271 2742 5377 bomrines
2763 5298 3192 5377 commendare
3231 5302 3442 5377 potuit:

2023 5376 2138 5445 (⁸74)
2172 5369 2746 5445 ’ῐῐσοόμηηρυειῐυοτ
2774 5369 3011 5428 codices
3043 5369 3390 5442 ᾕσθηνῖναῑ.
3416 5372 3608 5442 ᾔσθην·

1952 5443 2730 5524 Res-secupﬂesiﬁerienro.
2799 5512 2809 5520 ,
2970 5511 2980 5524 .

2024 5503 2223 5574 '"Alias
2245 5503 2506 5574 CCXLIX.
2545 5512 2856 5586 Scriptajn
2883 5511 3260 5605 episcopatu.
