4146 6388
256 379 397 440 1029

1240 381 1728 440 EPISTOLARUM
1765 380 2052 440 CLASSIS
2089 381 2161 439 II.
2200 382 2420 441 EPIST.
2461 382 2660 442 CCXC.

3492 389 3631 443 1030

255 505 500 579 φίλτατος
527 505 555 558 ό
605 505 676 560 σοί
715 526 806 580 μοι
854 507 1146 582 γράμματα
1187 501 1462 582 διαφέρων.
1510 509 1636 580 Περὶ
1687 511 1862 580 μέντοι

1985 506 2199 564 litteras
2235 506 2426 564 affert.
2465 507 2632 574 Quod
2673 510 2877 565 autem
2914 507 3124 566 attinet
3160 508 3242 565 ad
3278 509 3629 567 electionem

254 603 354 668 τῇς
388 604 488 648 τῶν
539 601 979 671 προστησομένων
1036 605 1128 658 τῆς
1186 599 1484 672 συμμορίας
1536 598 1647 666 (80)
1713 596 1863 650 έκλο-

255 693 375 758 γῇς,
406 685 451 737 εἰ
479 688 570 758 μεν
610 683 904 760 ἀνθρώποις
941 686 1314 758 χαριζόμενος,
1362 689 1393 743 ἦ
1447 688 1672 748 ἱκεσίαις
1719 683 1864 739 ἐνδε-

258 771 404 842 δοὺς,
451 774 481 848 ᾖ
535 773 674 847 φόϐῳ
721 777 869 828 εἴκων
910 783 1046 828 ποιῶ
1084 795 1156 841 τι,
1189 781 1323 849 μήτε
1360 782 1526 827 ταῦτα
1558 776 1670 845 (81)
1702 781 1864 834 ποιή-

258 882 436 936 σαιμι.
476 863 553 915 Οὐ
595 865 697 938 γάρ
744 862 1035 937 οἰκονόμος,
1082 861 1211 916 ἀλλά
1249 863 1483 933 κάπηλος
1517 866 1726 937 ἔσομαι,
1770 869 1865 923 τήν

257 947 458 1026 δωρεὰν
499 959 595 1006 τοῦ
634 959 770 1006 Θεοῦ
807 955 940 1028 πρὸς
981 951 1341 1027 ἀνθρρωπίνας
1377 951 1550 1026 φιλίας
1589 949 1866 1026 διαμειϐό-

253 1059 431 1115 μενος.
470 1041 530 1095 Εἰ
561 1038 621 1095 δε
659 1044 715 1095 αἱ
745 1043 835 1115 μὲν
881 1038 1160 1116 διδόμεναι
1196 1037 1366 1116 ψῆφοι
1401 1045 1546 1119 παρὰ
1584 1041 1865 1116 ἀνθρώπων

255 1121 520 1198 δίδονται,
571 1129 627 1184 ix
672 1128 766 1193 τῇ
812 1132 994 1195 ἔξωθεν
1038 1131 1335 1205 ἐπιφανείας
1381 1140 1664 1208 μαρτυρεῖν
1712 1130 1865 1204 ἐχόν-

253 1239 378 1289 των,
422 1219 551 1294 ἅπερ
593 1219 655 1272 ἂν
693 1229 1057 1298 μαρτυρῶσιν,
1097 1223 1153 1275 αἱ
1199 1217 1260 1275 δε
1301 1226 1504 1298 κρίσεις
1540 1230 1641 1274 τῶν
1679 1219 1868 1280 ἐπιτη-

255 1303 531 1386 δειοτέρων
573 1317 648 1362 τῶ
684 1307 850 1363 εἰδότι
887 1313 954 1363 τὰ
997 1308 1270 1386 ἀπόρρητα
1312 1319 1413 1364 τῶν
1450 1305 1685 1387 καρδιῶν
1722 1314 1867 1386 παρὰ

253 1407 347 1460 τῆς
401 1401 656 1474 ἡμετέρας
717 1405 1076 1462 ταπεινώσεως
1140 1399 1522 1476 ἕπιτρέπονται·
1579 1402 1728 1473 τάχα
1793 1407 1865 1453 τῶ

253 1492 409 1543 παντὶ
459 1487 664 1561 βέλτιον
711 1491 1056 1562 καταθέμενον
1107 1493 1202 1548 τὴν
1249 1494 1564 1564 μαρτυρίαν,
1624 1485 1865 1552 σπονδῆς

253 1580 346 1652 μεν
393 1583 484 1631 καὶ
529 1575 861 1641 διαστάσεως
908 1581 1084 1641 πάσης
1140 1581 1316 1654 ὥσπερ
1371 1580 1571 1632 οἰκείων
1610 1580 1726 1651 (82)
1765 1589 1866 1632 τῶν

254 1669 688 1743 μαρτυρηθέντων
720 1665 1070 1741 ἀφίστασθαι,
1101 1671 1502 1743 προσεύχεσθαι
1542 1665 1602 1722 δε
1639 1677 1711 1721 τῶ
1751 1676 1865 1741 Θεῷ

253 1760 326 1830 μή
373 1755 546 1810 λαθεῖν
587 1758 646 1808 τὸ
696 1759 979 1830 συμφέρον.
1039 1756 1191 1809 Οὕτω
1235 1759 1338 1831 γὰρ
1375 1756 1550 1809 οὐκέτι
1595 1757 1866 1830 ἄνθρωπον

1973 613 2185 653 eorum
2228 598 2333 670 qui
2371 597 2550 670 pagis
2590 598 2958 670 praeﬁciendi
3002 603 3160 668 sunt,
3207 599 3259 653 si
3287 599 3434 672 quid
3473 605 3630 657 certe

1973 692 2076 743 aut
2124 689 2379 757 gratiam
2415 688 2581 760 apud
2628 687 2908 743 homines
2953 687 3166 753 iniens,
3207 692 3312 744 aut
3348 689 3630 761 precibus

1970 776 2314 847 indulgens,
2348 783 2452 834 aut
2484 777 2682 834 timori
2713 777 2934 833 cedens
2963 777 3158 834 fecero
3187 794 3201 845 ;
3241 778 3482 850 quidvis
3516 795 3632 851 po-

1970 866 2090 922 tius
2126 883 2315 939 quam
2354 866 2706 923 electionem
2741 882 3055 939 peragam.
3094 869 3223 922 Non
3255 866 3435 940 429
3470 868 3633 924 enim

1971 951 2360 1026 dispensator
2388 970 2512 1021 ero,
2545 953 2652 1010 sed
2682 971 2877 1028 caupo
2908 954 3194 1011 humanis
3227 956 3504 1011 amicitiis
3530 957 3636 1012 Dei

1972 1041 2202 1099 donum
2228 1048 2606 1116 permutans.
2643 1044 2815 1110 Quod
2849 1043 2899 1099 si
2927 1043 3071 1100 data
3101 1043 3391 1115 suffragia
3418 1045 3498 1101 ab
3527 1044 3636 1102 ho-

1971 1131 2239 1188 minibus
2285 1132 2528 1201 dantur,
2586 1133 2691 1206 qui
2749 1149 2822 1189 ex
2874 1132 3076 1206 specie
3129 1138 3378 1190 externa
3428 1133 3636 1191 testari

1972 1225 2252 1295 possunt,
2301 1238 2678 1296 quaecunque
2724 1226 3038 1291 testantur,
3086 1222 3188 1280 illa
3235 1228 3439 1280 autem
3477 1223 3638 1295 judi-

1973 1311 2087 1381 cia,
2132 1311 2387 1384 quinam
2437 1311 2635 1381 magis
2682 1311 2884 1368 idonei
2928 1312 3066 1380 sint,
3111 1313 3166 1368 ei
3204 1312 3309 1385 qui
3361 1315 3636 1372 cordium

1973 1416 2201 1456 arcana
2241 1400 2425 1467 novit,
2467 1417 2504 1457 a
2546 1406 2754 1457 nostra
2789 1401 3122 1458 humilitate
3164 1402 3636 1474 permittuntur;

1973 1489 2122 1546 illud
2147 1507 2292 1546 sane
2323 1489 2620 1546 universis
2648 1491 2834 1546 satius
2855 1489 3052 1559 fuerit,
3083 1490 3242 1547 dicto
3272 1492 3634 1559 testimonio,

1975 1599 2012 1638 a
2042 1579 2240 1637 studio
2281 1584 2337 1637 et
2378 1579 2759 1636 contentione
2799 1579 2968 1636 omni
3006 1595 3115 1652 pro
3148 1581 3220 1636 iis
3262 1581 3487 1654 quibus
3527 1581 3640 1640 da-

1973 1675 2102 1727 tum
2137 1674 2229 1727 est
2258 1669 2693 1736 testimonium,
2722 1669 2900 1743 quasi
2940 1685 3052 1742 pro
3086 1671 3464 1738 necessariis,
3498 1671 3638 1728 abs-

1974 1759 2162 1816 tinere
2211 1775 2227 1816 :
2299 1761 2488 1815 Deum
2553 1763 2758 1815 autem
2817 1759 3083 1832 precari,
3142 1763 3208 1816 ut
3271 1761 3439 1832 quod
3494 1759 3639 1816 utile

252 1853 348 1906 τῆς
411 1841 487 1918 ἐφ’
555 1843 776 1920 ίκάτερα
840 1842 1097 1907 ἰκϐάσεως
1161 1845 1536 1918 αἰτιασόμεθα,
1599 1844 1726 1899 ἀλλὰ
1793 1851 1865 1918 τῷ

1985 1847 2170 1919 luerit,
2201 1864 2325 1907 non
2352 1848 2556 1904 lateat.
2594 1847 2686 1904 Sic
2719 1847 2880 1904 enim
2907 1864 3030 1904 non
3048 1849 3178 1920 jam
3207 1848 3441 1905 homini
3462 1866 3640 1907 even-

254 1941 372 2006 Θεῷ
418 1937 512 1994 τὴν
559 1935 722 2008 χάριν
780 1941 880 1986 τῶν
927 1938 1206 2007 γενομένων
1254 1934 1522 2008 εἰσόμεθα.
1582 1938 1768 1988 Καίτοι
1823 1934 1867 1988 εἰ

252 2026 391 2078 κατὰ
445 2024 716 2097 ἄνθρωπον
766 2027 968 2096 γίνεται
1023 2031 1208 2095 ταῦτα,
1268 2020 1394 2077 οὐδὲ
1455 2028 1675 2096 γίνεται·
1739 2023 1868 2078 ἀλλὰ

255 2118 483 2188 μίμησις
531 2117 622 2186 μέν
671 2111 804 2184 ἐστι,
858 2121 951 2174 τῆς
1003 2111 1248 2175 ἀληθείας
1287 2109 1346 2166 δὲ
1393 2114 1508 2186 (83)
1556 2114 1866 2188 πάμπληθες

256 2201 611 2257 ἀπολείπεται.
662 2200 860 2274 Σκέψαι
914 2197 995 2266 δε,
1043 2204 1125 2254 ὅτι
1169 2199 1295 2255 οὐδὲ
1339 2207 1524 2276 μικρός
1572 2223 1655 2266 τις
1700 2225 1868 2276 παρα-

253 2295 456 2364 πέπηγε
510 2287 756 2353 κίνδυνος
808 2298 884 2362 τῷ
941 2289 997 2344 ἔκ
1063 2294 1251 2352 παντὸς
1311 2295 1506 2366 τρόπου
1568 2296 1627 2345 τὸ
1679 2293 1867 2346 ἑαυτοῦ

252 2391 524 2458 κρατῆσαι
575 2381 967 2456 φιλονεικοῦντι,
1027 2387 1098 2456 μή
1159 2401 1284 2436 ποτε
1335 2390 1436 2435 τῶν
1498 2381 1866 2460 ἁμαρτανομὲ-

251 2491 351 2525 νων
399 2469 475 2544 ἔφ’
524 2469 741 2534 ἑαυτοὺς
795 2470 1092 2544 ἕλκύσωμεν
1133 2474 1229 2530 τήν
1287 2468 1502 2546 μερίδα.
1545 2473 1718 2526 Πολλά
1761 2474 1864 2545 γὰρ

253 2559 316 2614 ἃν
364 2559 691 2634 ἀμαρτηθείη
756 2564 850 2613 καὶ
902 2562 1046 2635 παρὰ
1104 2568 1208 2612 τῶν
1273 2559 1368 2612 οὐκ
1433 2559 1495 2612 ἂν
1559 2557 1866 2636 προσδοκη-

257 2653 443 2705 θέντων
503 2647 619 2719 (84)
665 2651 812 2715 ποτε,
869 2644 963 2700 διὰ
1008 2650 1068 2700 τὸ
1121 2647 1330 2700 εὒκολον
1390 2655 1487 2710 τῆς
1544 2648 1868 2724 ἀνθρωπίνης

255 2741 482 2812 φύσεως.
532 2732 660 2788 Εἶτα
705 2729 821 2806 ἰδίᾳ
866 2737 958 2806 μεν
1004 2741 1112 2794 τοῖς
1169 2734 1332 2808 φίλοις
1389 2736 1869 2808 συμϐουλεύσάντες

252 2823 508 2884 πολλάκις
557 2823 625 2875 τὰ
684 2823 968 2897 κράτιστα,
1018 2819 1115 2874 κάν
1173 2821 1419 2876 ἀπίθανοι
1469 2820 1700 2898 δόξωμεν
1757 2833 1868 2890 τοῖς

257 2909 672 2987 βουλευομένοις,
716 2909 775 2963 οὗ
814 2911 1220 2985 χαλεπαίνομεν
1263 2911 1314 2965 ἓν
1364 2913 1443 2976 οἷς
1481 2909 1541 2967 δε
1591 2914 1649 2967 οὐ
1700 2914 1864 2989 βουλή

254 3001 562 3074 ἀνθρώπων,
607 2999 737 3054 ἀλλὰ
783 3005 958 3076 κρίσις
1007 2999 1123 3055 ἔστὶ
1173 3007 1329 3072 Θεοῦ,
1373 3005 1446 3077 μὴ
1506 3007 1597 3057 καί
1638 3013 1739 3057 τῶν
1776 3009 1870 3059 τοῦ

256 3097 392 3145 Θεοῦ
453 3091 722 3166 χριμάτων
787 3093 1191 3166 προτιμηθέντες
1259 3087 1743 3170 δυσχερανοῦμεν;
1810 3093 1873 3148 Εἰ

256 3182 348 3254 μεν
398 3175 486 3233 οὖν
523 3183 668 3256 παρὰ
705 3176 989 3256 ἀνθρώπων
1032 3175 1270 3249 δίδοται,
1313 3185 1365 3235 τί
1403 3187 1513 3256 χρή
1561 3182 1686 3260 παρ’
1723 3185 1872 3259 ἡμῶν

257 3269 461 3338 αἰτεῖνς
512 3267 620 3322 ἀλλ’
667 3267 797 3341 οὖχὶ
840 3269 998 3323 αὐτὸν
1040 3269 1166 3345 παρ’
1217 3269 1406 3324 εαυτοῦ
1453 3271 1781 3346 λαμϐάνεινς
1829 3273 1875 3328 εἰ

261 3354 323 3412 δι
349 3359 495 3430 παρὰ
533 3361 753 3433 Κυρίου,
796 3359 1052 3430 εὔχεσθαι
1091 3365 1379 3434 προσῆκεν,
1421 3358 1532 3413 ἀλλ’
1573 3361 1703 3435 οὐχὶ
1743 3361 1875 3436 ἀγα·-

256 3452 498 3500 νακτεῖν’
549 3449 636 3499 καὶ
674 3444 723 3500 ἕν
761 3451 824 3519 τῇ
869 3447 1028 3520 εὐχῇ,
1071 3451 1144 3519 μή
1185 3449 1245 3500 τὸ
1283 3443 1423 3500 ἴδιον
1464 3449 1663 3523 θελημα
1693 3451 1872 3520 αἰτεῖν,

263 3535 372 3589 ἀλλ’
465 3532 756 3611 ἕπιτρίπειν
845 3543 920 3608 τῷ
1013 3535 1373 3609 οἰκονομοῦντι
1461 3541 1521 3591 τὸ
1615 3544 1876 3614 συμφέρον

268 3633 384 3697 Θεῷ
413 3625 552 3697 (85).
591 3622 651 3677 Ὀ
692 3621 752 3678 δέ
793 3627 924 3687 Θεὸς
955 3625 980 3677 ὁ
1011 3625 1162 3697 ἅγιος
1193 3622 1458 3698 ἀπαγάγοι
1490 3633 1666 3681 πᾶσαν
1695 3638 1878 3706 πεῖραν

265 3713 512 3786 λυπηρῶν
559 3715 884 3787 πραγμάτων
929 3715 1033 3767 άπὸ
1076 3721 1170 3767 τοῦ
1210 3714 1354 3767 οἴκου
1387 3717 1529 3789 ὑμῶν
1553 3737 1568 3752 ο
1616 3723 1707 3772 καὶ
1737 3719 1878 3790 αὐτῷ

265 3819 324 3854 τε
381 3805 468 3854 σοὶ
519 3805 611 3854 καὶ
667 3808 802 3855 πᾶσι
859 3808 967 3864 τοῖς
1025 3808 1362 3876 προσήκουσί
1419 3824 1506 3858 σοι
1543 3807 1729 3861 ἄνοσον
1789 3812 1881 3862 καὶ

264 3887 466 3949 ἀϐλαϐῆ
500 3887 550 3943 ἕν
571 3892 718 3966 πάσῃ
751 3892 865 3964 (86)
896 3891 1108 3965 εὐθηνίᾳ
1135 3894 1222 3944 τὸν
1250 3891 1367 3966 βίον
1397 3891 1642 3970 ἐπιμετρή
1655 3916 1806 3953 σειεν.

1973 1943 2104 1996 tum
2151 1936 2213 1994 in
2265 1941 2584 2010 utramque
2623 1941 2858 2009 partem
2914 1937 3311 2002 ascribemus,
3360 1938 3468 1995 sed
3516 1942 3638 1997 Deo

1975 2028 2200 2100 gratias
2234 2026 2315 2083 ob
2352 2042 2423 2083 ea
2453 2041 2590 2098 quae
2629 2026 2939 2082 evenerint
2986 2026 3336 2084 referemus.
3377 2031 3459 2084 Ac
3497 2045 3640 2100 pro-

1973 2117 2128 2174 fecto
2170 2119 2222 2171 si
2259 2115 2390 2171 haec
2429 2115 2766 2171 secundum
2801 2115 3113 2173 hominem
3157 2116 3331 2186 ﬁunt,
3371 2131 3447 2173 ne
3485 2117 3642 2174 ﬁunt

1973 2205 2222 2280 quidem
2263 2222 2276 2260 :
2333 2203 2439 2260 sed
2481 2202 2734 2260 imitatio
2784 2203 3031 2276 quidem
3090 2208 3250 2269 sunt,
3306 2221 3344 2261 a
3388 2205 3641 2262 veritate

1973 2300 2176 2354 autem
2212 2293 2436 2350 absunt
2476 2291 2851 2364 longissime.
2890 2293 3042 2349 Illud
3081 2294 3262 2350 etiam
3297 2295 3638 2362 considera,

1975 2385 2050 2453 ei,
2080 2381 2186 2456 qui
2215 2385 2280 2437 ut
2312 2395 2426 2438 sua
2455 2381 2644 2453 ipsius
2679 2379 2972 2436 sententia
3005 2380 3228 2451 vincat,
3259 2381 3426 2438 omni
3454 2382 3640 2439 modo

1973 2472 2304 2542 contendit,
2343 2486 2468 2526 non
2511 2469 2640 2525 leve
2693 2469 3027 2542 periculum
3079 2471 3457 2544 propositum
3507 2488 3642 2528 esse

1973 2579 2051 2620 ne
2087 2566 2477 2634 peccatorum
2519 2563 2756 2628 partem
2799 2558 2880 2616 ad
2919 2575 3032 2615 nos
3065 2558 3398 2633 aliquando
3441 2561 3642 2618 traha-

1974 2668 2133 2706 mus.
2184 2649 2500 2704 Enimvero
2545 2648 2726 2704 etiam
2773 2647 2854 2704 ab
2905 2647 2978 2703 iis
3031 2664 3069 2705 ιι
3111 2648 3337 2721 quibus
3384 2649 3446 2705 id
3490 2666 3646 2707 nun-

1975 2754 2163 2812 quam
2206 2741 2640 2808 exspectasses,
2684 2735 2876 2793 multa
2920 2739 3250 2808 peccantur
3286 2737 3367 2794 ob
3409 2743 3644 2796 natura

1974 2825 2262 2883 humanae
2317 2823 2776 2898 proclivitatem.
2854 2824 3082 2880 Deinde
3149 2841 3294 2882 vero
3360 2825 3644 2896 privatim

1977 2915 2188 2973 amicis
2222 2913 2472 2971 consilia
2514 2913 2729 2970 dantes
2761 2929 2922 2986 saepe
2953 2912 3204 2986 optima,
3236 2913 3470 2970 etiamsi
3501 2929 3646 2971 con-

1979 3004 2313 3063 sulentibus
2362 3002 2511 3060 nihil
2557 3003 2878 3060 videamur
2924 3003 3122 3059 dicere
3174 3001 3343 3076 quod
3394 3019 3648 3076 persua-

1979 3095 2138 3166 deat,
2172 3108 2330 3164 aegre
2367 3108 2490 3148 non
2520 3091 2769 3148 ferimus
2802 3106 2816 3146 :
2868 3090 3094 3163 quibus
3136 3095 3339 3147 autem
3368 3091 3430 3147 in
3465 3091 3651 3148 rebus

1979 3199 2104 3240 non
2150 3179 2472 3237 hominum
2518 3179 2821 3251 voluntas,
2879 3177 2986 3234 sed
3030 3178 3132 3234 Dei
3177 3178 3479 3251 judicium
3536 3182 3647 3249 est,

1979 3288 2094 3330 nos
2128 3271 2309 3327 etiam
2348 3267 2450 3325 Dei
2494 3267 2738 3342 judiciis
2787 3283 2913 3324 non
2961 3267 3251 3340 anteponi
3289 3268 3646 3340 indignabi—

1981 3360 2166 3419 mur?
2209 3363 2415 3432 Itaque
2460 3359 2509 3414 si
2555 3359 2671 3414 hoc
2712 3357 2791 3414 ab
2833 3356 3187 3414 hominibus
3239 3357 3438 3426 datur,
3497 3357 3647 3432 quid

1981 3469 2140 3526 opus
2173 3454 2264 3506 est
2291 3465 2328 3505 a
2358 3448 2531 3506 nobis
2565 3449 2813 3522 petere?
2849 3461 3054 3505 nonne
3092 3449 3295 3520 potius
3329 3464 3442 3521 par
3470 3448 3648 3506 fuerit

1983 3541 2265 3615 quemvis
2303 3538 2419 3596 hoc
2462 3537 2665 3611 ipsum
2704 3552 2742 3593 a
2791 3537 3120 3610 semetipso
3170 3537 3444 3610 accipere
3475 3539 3502 3594 ?
3544 3539 3646 3596 Sin

1986 3636 2188 3687 autem
2226 3644 2262 3685 a
2299 3627 2555 3684 Domino
2593 3625 2789 3697 datur,
2831 3625 3067 3698 precari
3101 3625 3293 3695 decet,
3336 3642 3461 3682 non
3499 3643 3645 3684 vero

1985 3717 2309 3790 indignari.
2343 3718 2536 3789 Atque
2557 3715 2708 3771 inter
2735 3713 3111 3788 precandum
3141 3719 3348 3772 nostra
3367 3714 3645 3787 ipsorum

1985 3809 2268 3864 voluntas
2300 3803 2689 3877 exposcenda
2722 3818 2846 3858 non
2877 3808 2966 3858 est
2997 3819 3011 3857 :
3055 3803 3160 3858 sed
3189 3802 3358 3876 quod
3393 3803 3530 3860 utile
3556 3809 3647 3861 est

1988 3894 2462 3971 permittendum
2502 3891 2881 3965 dispensanti
2919 3893 3060 3947 Deo.
3097 3893 3253 3947 Deus
3277 3896 3479 3949 autem
3510 3909 3645 3950 san-

263 3981 398 4036 ctus
431 3995 679 4037 omnem
706 3997 911 4038 rerum
940 3981 1337 4039 molestarum
1369 3987 1802 4056 experientiam
1841 4002 1880 4044 a
1909 3991 2113 4044 vestra
2141 3984 2326 4040 domo
2371 3985 2593 4048 arceat,
2627 3985 2808 4053 atque
2848 3983 2976 4035 tum
3021 3979 3148 4047 tibi,
3194 3985 3325 4038 tum
3361 3982 3648 4040 omnibus

262 4063 382 4124 tuis
413 4070 772 4126 necessariis
799 4073 999 4128 morbi
1029 4076 1086 4128 et
1105 4069 1317 4128 damni
1342 4079 1649 4146 expertem
1670 4075 1731 4132 in
1757 4077 1926 4134 omni
1953 4074 2346 4152 prosperitate
2378 4071 2566 4127 vitam
2593 4069 2919 4143 impertiat.

338 4195 462 4272 (80).
494 4199 604 4256 Τῆς
639 4199 966 4272 συμμορίας.
1006 4195 1134 4252 Hac
1167 4211 1321 4272 voce
1364 4211 1489 4254 non
1529 4197 1884 4271 designatur

338 4214 462 4320 {big
495 4214 604 4256 ἰης
644 4214 966 4322 συμμρξιας.
1006 4214 1134 4252 nec
1171 4214 1321 4252 voce
1364 4214 1489 4254 non
1529 4214 1884 4271 designatur

261 4266 388 4321 tota
441 4266 704 4348 ‘imcesis,
729 4282 791 4321 se
855 4271 1052 4322 certus
1076 4266 1327 4348 quidam
1350 4282 1650 4348 pagorum
1675 4287 1884 4348 nume-

261 4349 370 4416 rus
406 4335 852 4416 cher-episcopo
889 4335 1278 4416 commissus,
1317 4335 1382 4395 u't
1407 4335 1573 4416 pfatet
1601 4359 1673 4416 ex
1703 4343 1880 4416 epist.

265 4407 394 4474 142,
539 4406 790 4487 Basilius
808 4409 1010 4487 siglog
1021 4410 1180 4487 uitur
1193 4408 1269 4466 de
1287 4406 1558 4487 quodam
1577 4406 1881 4487 chorépis-

267 4426 394 4474 ιη,
409 4426 508 4462 um
539 4426 790 4464 nasutus
808 4426 891 4464 διο
912 4426 1010 4533 ιοὲ
1021 4426 1180 4464 nitur
1193 4426 1269 4466 ae
1287 4426 1558 4481 quoaam
1577 4426 1881 4487 chorepis-

267 4492 458 4550 copo:
483 4479 840 4569 Ιςαταξιώσεις
861 4475 940 4568 δὲ,
983 4480 1227 4567 Ιηλονότι,
1245 4486 1339 4570 καὶ
1367 4490 1769 4570 πτωχοτροφίαγ
1791 4493 1883 4568 τῆς

272 4554 569 4626 συμμορίας
604 4561 702 4612 τῆς
741 4551 831 4602 ὑπ’
872 4550 1027 4603 αὐτὸν
1073 4550 1884 4626 ἐπισκέψασθαιξ’1)ῖ9ἠαὸϐνὶ8

269 4626 471 4677 autem
497 4628 550 4677 et
566 4637 909 4692 pauperum
925 4622 1166 4694 domum
1188 4623 1269 4679 ad
1279 4639 1468 4694 pagos
1485 4629 1538 4682 ei
1555 4630 1883 4684 commissos

259 4694 665 4771 pertinentem
688 4694 1067 4771 invisere._Ex
1083 4693 1422 4771 hacautem
1442 4697 1699 4770 epistola
1717 4705 1886 4771 patet

268 4764 744 4842 chorepiscopos
764 4781 887 4820 non
909 4765 988 4821 ad
1003 4765 1321 4842 arbitrium
1341 4764 1768 4842 episcoporum
1782 4770 1884 4825 de-

269 4833 500 4915 signari
521 4833 727 4892 solitos
747 4852 898 4904 esse,
917 4836 1021 4892 sed
1047 4853 1174 4892 rem
1191 4833 1464 4895 electioni
1486 4833 1882 4900 commissam

268 4904 481 4964 fuisse.
512 4907 684 4973 Quod
715 4908 965 4964 minime
998 4907 1244 4973 mirum,
1276 4925 1416 4965 cum
1452 4910 1568 4973 ipsi
1607 4913 1790 4969 etiam
1818 4913 1882 4969 in

363 4924 481 4964 888.
512 4924 684 4973 υυοα
715 4924 965 4964 minime
998 4924 1244 4976 mlrum,
1276 4925 1416 4965 cum
1452 4927 1568 4976 ψει
1607 4924 1790 4969 etiam
1818 4928 1882 4969 In

268 4929 481 4964 “11888.
512 4929 684 4973 υυοα
715 4929 965 4964 minime
998 4929 1244 4976 mirum,
1276 4929 1416 4965 cum
1452 4929 1568 4984 ψει
1607 4929 1790 4969 etlam
1818 4929 1882 4969 In

264 4977 444 5052 pagis
473 4978 806 5052 presbyteri
832 4983 889 5035 et
909 4978 1150 5052 diaconi
1176 4995 1298 5034 non
1325 4981 1454 5037 sine
1483 4982 1770 5040 electione
1792 5000 1883 5040 or-

267 5048 728 5123 dinare—nturmt
750 5055 914 5123 patet
939 5065 1012 5123 ex
1037 5049 1212 5123 epist.
1237 5053 1321 5123 54.
1352 5054 1489 5110 Erat
1518 5059 1719 5111 autem
1741 5055 1881 5112 cho-

270 5121 734 5202 ηρίεεξρροπυφ
757 5121 948 5202 sedes
993 5121 1216 5202 irrisui
1259 5122 1437 5202 alicui
1484 5125 1880 5202 aﬂ‘ixspaeo,

271 5191 371 5264 cui
418 5191 535 5249 alii
565 5193 709 5264 pagi
751 5191 1256 5250 attribuebantur.
1302 5195 1469 5251 Unde
1512 5191 1762 5253 Basilius
1782 5191 1882 5254 ’ἰή

272 5262 452 5336 epist.
505 5265 631 5337 188,
661 5262 811 5337 ίοᾶη.
841 5264 947 5337 ΑΟ,
988 5266 1198 5337 auctor
1235 5270 1324 5320 est
1361 5267 1788 5337 Amphilochio
1819 5272 1886 5326 ut

273 5333 492 5410 agrum
523 5333 738 5392 Mestias
767 5333 1390 5410 subjectumvasodis
1417 5333 1719 5410 subjiciat.

305 5352 492 5405 igrum
524 5352 738 5392 mesuae
767 5352 1109 5460 SUDiecwm
1146 5352 1390 5392 YaSOGlS
1417 5352 1719 5410 subjiciat.

305 5484 308 5486 γ
342 5406 464 5486 (βξ)
502 5413 651 5486 Μήτι
675 5416 860 5486 ταῦτα.
890 5412 973 5486 Διιι
991 5405 1171 5486 Harl,
1195 5407 1374 5486 coisl.
1397 5411 1708 5486 primus‘et
1729 5409 1880 5486 Med.

277 5474 429 5533 ιε.ᾶὶιὶ
441 5474 574 5551 μήτε
593 5476 1314 5551 murt.Vertendumputat
1327 5474 1741 5546 Co'mbetisius,
1758 5485 1885 5540 hac

278 5549 589 5624 nunquam
598 5552 874 5624 fecerim.
902 5549 1017 5624 Sed
1030 5555 1236 5624 nostra
1249 5549 1654 5624 interpretatio
1671 5556 1886 5611 confir-

276 5618 480 5709 metur
503 5639 575 5679 ex
597 5618 688 5678 his
710 5638 844 5709 quae
859 5618 1016 5709 infra
1035 5618 1489 5709 dicitﬁBas‘iliusi
1511 5627 1558 5681 A
1572 5628 1885 5709 (profecto

276 5692 334 5748 si
350 5691 483 5770 ego
499 5691 829 5770 secundum
848 5693 1338 5770 Mmiquﬁun},
1355 5711 1430 5752 ne
1446 5691 1858 5770 ﬁunt'quz'dem
1869 5738 1882 5755 .

348 5763 464 5837 (82)
506 5764 709 5845 Ὥσπερ
750 5763 979 5824 ctenim.
1028 5763 1243 5825 Nititur
1282 5764 1415 5825 hac
1447 5763 1749 5842 Scriptura
1773 5784 1884 5831 au-

1994 4199 2265 4256 ctoritate
2301 4194 2867 4268 antiquissimorum
2890 4193 3211 4268 _codicum,
3249 4194 3445 4265 Coisl.,
3495 4197 3646 4254 Med.

1994 4277 2174 4344 atque
2192 4271 2372 4344 etiam
2395 4263 2678 4344 Harllqui
2703 4265 2786 4344 sic
2804 4263 3020 4344 habuit
3043 4263 3474 4344 primamanu.
3498 4269 3650 4344 Editi

1993 4337 2786 4416 eg'qgr‘ep_oixei9v._Possent
2837 4337 3516 4416 autemiBasiliinverba
3563 4341 3650 4416 sic

1992 4408 2240 4483 intelligi
2289 4429 2304 4468 :
2354 4409 2794 4483 Abstinendum
2840 4423 2876 4464 ο
2923 4408 3432 4483 contentionibus,
3456 4412 3652 4483 quasi

1991 4500 2118 4541 non
2182 4479 2342 4540 unus
2417 4481 2671 4553 aliquis_
2709 4480 2863 4535 inter
2925 4495 3052 4546 eos,
3114 4480 3346 4553 quibus
3434 4479 3649 4539 datum

1991 4561 2082 4612 est
2103 4551 2538 4620 testimonium;
2570 4551 2676 4607 sed
2703 4565 2916 4606 omnes
2940 4551 3126 4606 nostri
3144 4551 3275 4608 ’sint
3301 4554 3645 4609 necessarii.

1994 4627 2110 4684 Sed
2139 4625 2334 4702 magis
2366 4623 2586 4702 arridet
2613 4639 2852 4702 sensus,
2879 4621 3155 4702 quemin
3193 4622 3645 4702 interpretando

1991 4699 2176 4753 secuti
2211 4692 2444 4751 sumus.
2480 4694 2757 4751 Similiter
2790 4692 3039 4765 Basilius
3071 4696 3133 4765 in
3161 4692 3429 4765 caput—iu
3455 4695 3642 4763 Isaia,

1988 4785 2132 4842 pag.
2157 4769 2282 4842 456,
2312 4769 2612 4840 vituperat
2639 4763 2943 4842 ejusmodi
2973 4763 3309 4842 electiones,
3338 4765 3647 4842 inquibus

1987 4836 2412 4918 unusquisque
2439 4836 2566 4918 non
2593 4837 2894 4918 virtutem,
2923 4836 3030 4890 sed
3054 4836 3565 4895 necessitudinem
3590 4844 3650 4896 et

1989 4911 2214 4987 causam
2224 4911 2573 4987 guinitatem
2596 4912 2866 4987 speijit._
2879 4979 2895 4987 _
2954 4974 2970 4987 ,
2982 4975 2994 4987 ,

2060 4984 2172 5053 (83)
2199 4974 2306 5044 Τῆς
2337 4981 2580 5042 ἀληθείας
2609 4974 2688 5053 δέ.
2725 4977 2815 5035 Sic
2846 4974 3161 5053 medicans
3191 4981 3249 5034 et
3269 4979 3643 5053 Harlieanus.

1987 5048 2414 5126 Εᾶἱίῖμίμησις
2461 5057 2568 5126 μέν-
2604 5049 2717 5126 ίστι
2762 5058 2856 5126 τῆς
2903 5048 3160 5126 ἀληθείας,
3219 5049 3379 5111 αὐτῆς
3437 5048 3496 5126 δὲ
3550 5061 3646 5116 τῆς

1989 5121 2263 5192 ἀληθείας,
2287 5131 2398 5180 etc.
2447 5121 2568 5180 Sed
2599 5122 2855 5197 imitatio
2896 5121 3134 5197 quidem
3166 5128 3310 5197 sunt
3355 5125 3648 5197 veritatis,

1988 5197 2066 5253 ab
2096 5191 2458 5264 ipsa’autem
2489 5195 2743 5261 veritate
2769 5191 2987 5248 absunt
3018 5193 3375 5264 longissime.

2062 5263 2698 5340 (84Α)Ῑ1ροσδοκηθέντων.
2740 5265 2880 5320 Tres
2919 5278 3069 5323 mss.
3103 5279 3230 5321 non
3257 5265 3647 5324 vetustissimi

1989 5335 2462 5412 προσδοκωμένων.

2027 5395 2176 5482 ⁸(85)
2206 5395 2288 5482 ,Τὸ⁸
2323 5411 2582 5482 συμφέρον
2619 5404 3029 5482 ee§._Begius
3066 5410 3317 5482 uterque
3365 5411 3423 5463 et
3468 5406 3642 5482 coisl.

1990 5477 2294 5560 secundus
2317 5477 2453 5560 cum
2480 5477 2735 5560 utroque
2766 5477 2956 5560 Bigot.
2986 5484 3100 5560 Θεῷ
3130 5481 3189 5528 τὸ
3219 5477 3645 5560 συμφέρον,“ῌ80

1987 5552 2244 5609 lectione
2292 5550 2938 5622 conﬁrmaturrnostra
2981 5550 3410 5622 interpretatio.
3464 5550 3646 5606 Aliter

1991 5622 2338 5700 enim‘reddi
2352 5619 3223 5700 potuisset,dispensant-{qupd
3239 5622 3388 5700 ytjle
3402 5623 3640 5700 estDeo.

2060 5696 2174 5769 (se)
2212 5696 2298 5769 τεν
2339 5691 2509 5769 πάσῃ,
2548 5697 2723 5753 Deest
2753 5691 3102 5766 praepositio
3132 5691 3197 5750 in
3239 5692 3436 5753 tribus
3476 5697 3644 5754 vetu-

1986 5766 2266 5836 summa
2293 5766 2628 5840 codicibus.
