4146 6422
518 312 656 374 1031
1905 308 1960 363 S.
2002 305 2250 364 BASILII
2285 306 2504 365 MAGNI
3753 315 3900 391 1032

1019 461 1354 519 EPISTULA
1394 422 1638 519 CCXCI‘.

2815 465 3154 516 ΕΙΙΙΣΤΟΛΗ
3195 445 3340 524 ΣΞΑᾏ

530 591 901 649 Timotheum
931 588 1437 657 chorepiscopum,
1461 587 1574 661 qui
1591 602 1665 661 ea:
1684 601 1912 661 summo
1928 585 2194 661 asceticas'
2224 585 2360 661 vita:
2377 583 2616 654 fervore
2640 585 2722 640 ad
2749 587 3070 644 saecularia
3093 589 3326 658 negot-ia
3351 588 3634 658 delapsus
3656 589 3899 661 fuerat,

1365 667 1446 715 ad
1474 659 1796 728 pristinam
1825 659 2108 727 pietatem
2134 657 2398 713 Basilius
2428 671 2707 714 revocare
2736 665 3017 714 conatur.
3171 657 3182 658 “
3489 657 3501 658 “
3657 657 3665 659 ⁷
3711 667 3713 669 ‘

961 784 1251 841 Timotheo
1293 764 1729 854 chorepiseopo.
2210 782 2257 836 Α

2210 782 2257 836 Α
2738 784 2970 854 Τιμοθέῳ
3009 787 3421 858 χωρεπισκόπῳ.

598 899 666 951 Et
711 892 967 950 scribere
1017 891 1225 947 omnia
1272 906 1654 963 quaecunque
1705 890 1918 958 sentio,
1976 906 2174 963 neque

2359 891 2458 940 Καὶ
2496 891 2553 940 τὸ
2592 890 2762 942 πάντα
2799 893 3034 966 γράφειν,
3075 894 3175 943 ὅσα
3215 899 3402 964 φρονῶ,
3443 895 3560 958 οὔτε
3596 901 3669 964 τῷ
3715 897 3891 969 μέτρῳ

526 983 789 1058 epistolae
828 980 1012 1038 modo
1053 980 1371 1037 convenire
1409 980 1608 1047 video,
1649 995 1846 1052 neque
1891 979 2040 1036 alias
2084 996 2163 1037 sa-

2283 985 2378 1038 τῆς
2435 976 2708 1039 ἐπιστολῆς
2761 981 2863 1052 όρῶ
2919 979 3222 1054 συμϐαῖνον,
3285 985 3403 1034 οὔτε
3469 983 3634 1046 ἄλλως
3693 988 3889 1059 πρέπον

523 1072 832 1131 lutationis
873 1069 1137 1143 speciem
1185 1069 1395 1125 decere
1431 1088 1443 1133 ;
1495 1074 1551 1125 et
1597 1068 1832 1125 silentio
1874 1068 2160 1142 praeterire

2283 1074 2355 1138 τῷ
2402 1075 2493 1128 τῆς
2538 1074 2896 1144 προσηγορίας
2947 1067 3111 1122 εἶὸει·
3163 1075 3252 1124 καὶ
3295 1074 3353 1124 τὸ
3401 1082 3572 1133 σιωπῆ
3615 1072 3886 1148 παρελθεῖν

522 1177 677 1236 pene
719 1158 1090 1232 impossibile
1133 1157 1281 1214 mihi
1321 1161 1426 1227 est,
1467 1159 1631 1230 justa
1667 1159 1731 1214 in
1773 1163 1827 1215 te
1861 1158 2159 1215 iracundia

2283 1165 2475 1231 μικροῦ
2519 1165 2609 1211 καὶ
2653 1155 2910 1212 ἀδύνατόν
2957 1161 3065 1230 (87)
3114 1161 3228 1214 ἐστί
3265 1182 3376 1234 μοι,
3407 1159 3596 1234 δικαίῳ
3637 1166 3781 1236 θυμῷ
3809 1169 3881 1233 τῷ

524 1249 704 1306 corde
748 1248 1032 1305 fervente.
1086 1247 1337 1304 Mediam
1381 1246 1562 1317 igitur
1603 1247 1760 1302 viam
1814 1247 2000 1311 inibo,
2058 1248 2161 1303 alia

2285 1249 2418 1299 κατὰ
2477 1254 2572 1299 σοῦ
2636 1248 3047 1322 φλεγμαινούσης
3111 1271 3201 1323 μοι
3267 1259 3356 1313 τῆς
3413 1249 3645 1328 καρδίας.
3695 1256 3874 1310 Μέσην

524 1337 769 1411 quidem
814 1335 1101 1405 scribens,
1142 1335 1259 1391 alia
1304 1337 1781 1408 praetermittens.
1828 1335 1971 1392 Volo
2015 1337 2161 1392 enin:

2286 1331 2372 1387 οὖν
2425 1333 2741 1412 βαδιοῦμαι,
2784 1341 2851 1391 τὰ
2893 1342 2982 1411 μὲν
3024 1342 3254 1414 γράφων,
3295 1344 3361 1393 τὰ
3402 1337 3460 1393 δὲ
3493 1346 3688 1414 παρείς.
3730 1343 3877 1394 Καθ-

525 1434 580 1485 te
619 1427 1077 1499 reprehendere,
1111 1426 1159 1480 si
1199 1425 1289 1481 fas
1327 1431 1434 1493 est,
1469 1427 1664 1482 amica
1701 1425 1940 1481 dicendi
1969 1443 2162 1499 aequa-

2288 1424 2528 1495 άψασθαι
2555 1430 2655 1502 γάρ
2692 1448 2784 1480 σου
2818 1427 3095 1501 βούλομαι,
3128 1430 3169 1481 εὶ
3211 1432 3352 1502 θέμις
3393 1429 3556 1500 ἐστὶν,
3601 1429 3647 1482 ἐν
3696 1430 3888 1500 ἰσηγο-

525 1518 774 1575 bilitate.
813 1515 1131 1582 Quomodo
1155 1513 1496 1571 Timotheus
1535 1515 1650 1581 ille,
1691 1531 1873 1590 quem
1913 1532 1948 1570 a
1984 1517 2162 1588 pueri

2287 1520 2378 1587 ρίᾳ
2421 1516 2620 1588 φιλικῆ.
2666 1517 2727 1571 Εἰ
2760 1521 3011 1590 Τιμόθεος
3044 1520 3252 1586 ἐκεῖνος,
3305 1521 3357 1571 όν
3399 1518 3456 1571 ἐκ
3494 1517 3689 1580 παιδὸς
3733 1515 3892 1571 οῖδα-

528 1609 608 1666 tia
645 1607 728 1663 ita
766 1623 898 1662 sese
931 1606 1008 1661 ad
1041 1610 1271 1662 rectam
1310 1611 1366 1662 et
1405 1605 1728 1661 asceticam
1770 1606 1953 1662 vitam
1992 1606 2165 1661 inten‘

2289 1622 2378 1675 μεν
2425 1613 2672 1658 τοσοῦτον
2721 1609 2848 1679 πρὸς
2898 1610 2990 1665 τὴν
3037 1607 3300 1682 ὀρθότητα
3338 1613 3428 1662 καὶ
3477 1613 3560 1660 τὸν
3615 1627 3895 1665 κατησκη-

529 1698 688 1754 disse
709 1696 1012 1763 novimus,
1035 1699 1101 1750 ut
1125 1694 1640 1751 immoderationis
1664 1695 1726 1749 in
1755 1695 1848 1749 his
1876 1694 2056 1750 rebus
2086 1711 2166 1751 ac-

2288 1697 2436 1767 μένον
2504 1693 2618 1766 βίον
2685 1703 2756 1765 τῷ
2822 1700 2950 1767 τόνῳ
3011 1703 3302 1768 χρώμενον,
3362 1700 3495 1760 ᾤστε
3557 1696 3896 1769 ἐγκαλεῖσθαι

529 1789 869 1852 cusaretur;
890 1783 1068 1856 43o
1091 1799 1253 1839 nunc
1275 1783 1352 1840 ab
1374 1799 1446 1840 ea
1465 1797 1526 1839 re
1546 1784 1719 1839 unice
1740 1784 2166 1840 consideranda

2287 1787 2382 1842 τὴν
2421 1782 2470 1836 ἐν
2509 1788 2707 1846 τούτοις
2753 1788 2865 1854 (88)
2912 1788 3179 1860 ἀμετρίαν,
3229 1788 3463 1848 ἀποστὰς
3501 1795 3589 1838 νῦν
3632 1794 3726 1839 τοῦ
3771 1806 3895 1838 σκο-

530 1873 869 1942 discedens,
899 1873 1046 1946 quid
1081 1873 1428 1928 faciendum
1463 1873 1554 1937 sit,
1597 1877 1661 1928 ut
1705 1889 1844 1928 cum
1885 1875 2003 1929 Deo
2043 1889 2167 1929 cont

2288 1881 2400 1926 πεῖν
2437 1875 2608 1926 πάντα
2644 1879 2832 1949 τρόπον
2866 1879 2897 1926 ὅ
2930 1895 2980 1927 τι
3018 1881 3127 1948 χρὴ
3172 1884 3420 1929 ποιοῦντα
3461 1885 3535 1947 τῷ
3571 1884 3684 1946 Θεῷ
3724 1895 3895 1948 προσ-

524 1965 877 2036 jungamur,
919 1961 1166 2034 respicis
1205 1961 1282 2017 ad
1327 1977 1397 2018 ea
1439 1979 1575 2035 quae
1606 1962 1681 2017 de
1720 1967 1774 2018 te
1813 1963 2013 2020 nescio
2045 1961 2161 2036 qui:

2291 1964 2635 2033 οικειοῦσθαι,
2691 1962 2990 2024 ἀποϐλέπεις
3037 1968 3166 2038 πρὸς
3208 1969 3388 2036 769115:
3443 1959 3575 2018 δεῖνι
3634 1962 3895 2018 δοκοῦντα

530 2053 850 2118 existimat,
905 2054 961 2107 et
1009 2067 1372 2124 suspensam
1430 2068 1503 2108 ex
1563 2051 1820 2108 aliorum
1887 2053 2167 2110 sententia

2289 2056 2406 2126 περὶ
2453 2061 2578 2117 σοῦ,
2621 2058 2711 2106 καὶ
2761 2062 2857 2115 τῆς
2906 2054 3086 2126 ἑτέρων
3139 2061 3345 2127 γνώμης
3399 2059 3491 2113 τὴν
3551 2056 3690 2116 ζωὴν
3748 2057 3892 2126 ἔχεις

527 2143 712 2199 vitam
753 2141 962 2207 habes,
1006 2145 1062 2196 et
1095 2141 1407 2214 quomodo
1437 2157 1548 2198 nec
1578 2141 1789 2199 amicis
1822 2142 2048 2198 inutilis
2079 2144 2157 2198 sis

2257 2140 2661 2216 ιέξηρτημένην,
2711 2147 2800 2195 καὶ
2851 2144 2988 2204 ὅπως
3035 2147 3108 2214 μή
3174 2143 3333 2215 φίλοις
3394 2144 3692 2217 ἄχρηστος,
3753 2139 3894 2215 μηδὲ

528 2247 642 2289 nec
670 2230 927 2287 inimicis
955 2229 1244 2285 ridiculus
1272 2229 1640 2301 consideras,
1673 2247 1744 2286 ac
1781 2231 2165 2301 ignominiam

2291 2229 2504 2306 ἐχθροῖς
2544 2228 2606 2305 ᾖς
2643 2231 3030 2304 καταγέλαστος
3069 2231 3283 2306 ἐνθυμῇ,
3323 2237 3414 2284 καὶ
3452 2237 3546 2292 τὴν
3585 2236 3731 2306 παρὰ
3773 2232 3894 2286 πολ·

533 2320 700 2393 apud
731 2319 952 2375 multos
981 2324 1045 2374 ut
1079 2335 1371 2390 magnum
1411 2319 1658 2392 aliquod
1696 2321 1926 2376 malum
1973 2320 2170 2378 formi-

2291 2318 2389 2372 λῶν
2432 2320 2716 2392 αἰσχύνην,
2758 2324 2828 2382 ὡς
2871 2318 3037 2374 δεινόν
3079 2341 3153 2389 τι,
3201 2320 3357 2395 φοϐῇ,
3405 2327 3497 2374 καὶ
3545 2321 3640 2374 ούκ
3689 2321 3895 2392 ἐννοεῖς,

534 2410 683 2478 das;
715 2423 828 2464 nec
857 2408 1086 2476 cogitas
1121 2411 1176 2464 te
1206 2408 1352 2464 dum
1384 2408 1444 2464 in
1473 2409 1566 2465 his
1602 2409 1783 2465 rebus
1817 2409 2171 2482 immoraris,

2292 2411 2373 2464 ὅτι
2411 2407 2460 2461 ἐν
2499 2411 2604 2482 ὅσῳ
2647 2415 2764 2486 περὶ
2809 2419 2977 2464 ταῦτα
3021 2410 3196 2486 τρίϐη,
3241 2405 3508 2473 λανθάνεις
3549 2417 3766 2465 σεαυτόν
3807 2422 3899 2474 τῆς

535 2496 980 2570 imprudentem
1010 2497 1384 2569 praecipuum
1415 2513 1484 2554 ac
1521 2497 1877 2571 primarium
1915 2499 2046 2555 vitae
2078 2515 2172 2570 ge-

2293 2505 2684 2572 προηγουμένης
2736 2503 2870 2564 ζωῆς
2917 2500 3157 2574 apem;
3214 2498 3335 2564 Ὀτι
3382 2503 3482 2576 γὰρ
3537 2501 3633 2554 ούκ
3672 2500 3903 2578 ἐγχωρεῖ

531 2601 648 2642 nus
676 2585 976 2656 negligere
1000 2585 1028 2642 ‘i
1074 2583 1271 2642 Plena;
1306 2587 1467 2642 enim
1503 2591 1642 2643 sunt
1678 2589 1988 2660 Scripturas
2029 2588 2168 2646 testi

2297 2589 2592 2665 ἀμφοτέρων
2658 2591 2789 2663 ὁμοῦ
2855 2593 3254 2663 περιγενέσθαι,
3319 2598 3419 2642 τῶν
3484 2610 3539 2643 τε
3608 2595 3743 2643 κατὰ
3813 2595 3897 2646 τόν

531 2675 774 2743 moniis,
821 2673 1043 2746 quibus
1080 2675 1407 2732 edocemur
1444 2692 1567 2732 non
1605 2693 1784 2750 posse
1821 2678 2002 2734 simul
2029 2682 2168 2736 utra

2293 2685 2490 2754 κόσμον
2526 2687 2706 2733 τοῦτον
2753 2683 3093 2754 πραγμάτων,
3139 2684 3228 2732 καὶ
3275 2687 3367 2741 τῆς
3410 2683 3549 2733 κατὰ
3589 2684 3718 2750 Θεὸν
3756 2681 3897 2734 πολι-

531 2782 651 2840 que
697 2765 954 2834 retineri,
1004 2766 1218 2822 mundi
1260 2767 1442 2837 hujus
1484 2768 1726 2838 negotia
1765 2772 1821 2825 et
1861 2769 2045 2826 vitam
2086 2787 2168 2826 se-

2292 2776 2453 2834 τείας,
2510 2770 2720 2846 πλήρεις
2757 2773 2848 2843 μὲν
2889 2771 2997 2840 (89)
3039 2772 3093 2821 αἱ
3125 2771 3260 2822 θεῖαι
3289 2775 3512 2843 Γραφαὶ,
3547 2771 3614 2822 ὧν
3645 2755 3895 2835 ἐδίδαξαν

528 2855 800 2911 cundum
856 2855 1043 2910 Deum
1090 2872 1104 2923 ;
1164 2854 1344 2928 plena
1395 2860 1487 2913 est
1542 2857 1722 2914 etiam
1772 2857 1909 2930 ipsa
1967 2863 2165 2917 natura

2292 2860 2469 2933 ἡμᾶς’
2517 2859 2723 2934 πλήρης
2767 2855 2828 2912 δὲ
2873 2863 2963 2910 καὶ
3021 2858 3150 2918 αύτὴ
3204 2859 3233 2917 ἡ
3289 2861 3442 2930 φύσις
3493 2867 3592 2911 τῶν
3645 2863 3893 2912 τοιούτων

528 2943 829 3016 ejusmodi
861 2942 1172 3016 exemplis.
1221 2948 1371 3001 Nam
1415 2945 1476 3001 in
1520 2947 1736 3003 mentis
1785 2947 2017 3004 actione
2057 2949 2165 3006 duc

2287 2946 2688 3022 ὑποδειγμάτων
2737 2946 2895 3000 ἐστίν.
2941 2947 3030 3001 ’Ἑν
3081 2967 3133 3001 τε
3187 2949 3289 3022 γὰρ
3342 2957 3406 3020 τῇ
3453 2950 3587 3001 κατά
3638 2952 3723 3000 τὸν
3771 2956 3890 3000 νοῦν

525 3032 700 3089 simul
740 3033 1001 3102 cogitare
1045 3033 1296 3089 omnino
1334 3050 1457 3090 non
1495 3051 1849 3107 possumus.
1888 3039 2077 3110 Atque
2116 3038 2162 3093 in

2287 3037 2513 3114 ἐνεργείᾳ
2559 3035 2657 3090 δύο
2698 3045 2889 3097 νοῆσαι
2926 3039 3062 3090 κατὰ
3111 3041 3299 3090 ταυτὸν
3356 3041 3591 3110 νοήματα
3630 3036 3881 3096 παντελῶς

521 3121 593 3178 iis
651 3139 787 3194 quae
843 3138 1030 3178 sensu
1080 3123 1512 3196 percipiuntur,
1572 3124 1708 3181 duae
1765 3142 1940 3182 voces
1998 3126 2153 3182 simu

2287 3124 2562 3202 ἀμήχανον
2587 3149 2601 3162 ·
2655 3127 2705 3180 ἓν
2748 3145 2803 3180 τε
2840 3134 2950 3187 ταῖς
2986 3128 3122 3180 κατὰ
3157 3129 3252 3185 τὴν
3293 3129 3536 3186 αἴσθησιν
3571 3124 3875 3195 ἀντιλήψεσι

523 3211 760 3268 emissae
800 3211 1048 3268 auribus
1079 3211 1214 3284 capi
1244 3212 1461 3268 eodem
1490 3218 1801 3270 momento
1832 3219 1888 3271 et
1918 3215 2154 3272 discern

2288 3215 2385 3271 δύο
2445 3219 2608 3290 φωνάς
2660 3219 2789 3290 ὁμοῦ
2841 3219 3281 3290 προστιπτούσας
3337 3225 3444 3279 ταῖς
3502 3214 3676 3276 ἀκοαῖς
3725 3211 3879 3286 δέχε-

522 3315 646 3358 non
679 3305 938 3372 possunt
973 3318 986 3370 ;
1035 3300 1219 3374 idque
1259 3318 1396 3358 cum
1431 3303 1552 3360 duo
1591 3303 1768 3360 nobis
1807 3305 1885 3361 ad
1923 3305 2159 3362 audien-

2290 3310 2414 3361 σθαι
2462 3306 2510 3360 ἐν
2548 3315 2722 3378 ταυτῷ
2771 3311 2861 3359 καὶ
2913 3302 3198 3380 διακρίνειν
3249 3302 3540 3359 ἀδύνατονο
3591 3310 3681 3357 καὶ
3731 3312 3883 3358 τοῦτο

524 3391 674 3446 dum
703 3395 938 3447 meatus
968 3391 1160 3464 aperti
1189 3393 1324 3448 sint.
1357 3391 1521 3448 Oculi
1550 3410 1816 3466 quoque,
1848 3395 1964 3451 nisi
1994 3395 2161 3453 amb:

2290 3394 2388 3450 δύο
2439 3395 2762 3450 ἀκουστικῶν
2808 3394 2980 3472 πόρων
3032 3398 3157 3469 ἡμῖν
3207 3395 3554 3469 ἀνεῳγμένων.
3600 3392 3889 3468 Ὀφθοιλμοὶ

525 3480 588 3536 in
614 3495 737 3536 una
763 3479 968 3553 aliqua
999 3497 1063 3537 re
1099 3481 1321 3537 visibili
1354 3482 1717 3554 defigantur,
1741 3501 1919 3541 suum
1956 3502 2162 3541 munus

2257 3503 2260 3553 ι
2292 3483 2370 3556 δὲ,
2412 3485 2495 3539 ἐὰν
2533 3490 2605 3559 μὴ
2650 3483 2930 3560 ἀμφότεροι
2967 3488 3097 3561 πρὸς
3136 3485 3184 3538 ἕν
3223 3505 3276 3536 τι
3315 3494 3415 3536 τῶν
3465 3485 3664 3560 ὁρατῶν
3704 3483 3894 3536 ἀποτα-

527 3575 806 3626 accurate
845 3569 1010 3625 obire
1052 3585 1175 3626 non
1225 3575 1474 3643 queunt.
1513 3576 1704 3646 Atque
1747 3575 1828 3631 ita
1871 3579 1960 3630 est
1998 3575 2061 3630 in
2096 3591 2164 3632 re

2293 3578 2472 3644 θῶσιν,
2515 3573 2730 3651 ἐνεργεῖν
2776 3577 2835 3627 τὸ
2885 3575 3077 3628 ἑαυτῶν
3115 3572 3342 3648 ἀκριϐῶς
3382 3573 3441 3626 ού
3489 3571 3757 3628 δύνανται.
3794 3576 3894 3625 Καὶ

528 3658 643 3714 bus
696 3658 1092 3715 naturalibus.
1149 3663 1282 3716 Jam
1338 3661 1781 3734 Scripturarum
1840 3664 2165 3721 testimonia

2292 3673 2460 3718 ταῦτα
2495 3668 2584 3738 μὲν
2623 3668 2688 3718 τὰ
2721 3667 2864 3740 παρὰ
2902 3673 2995 3725 τῆς
3035 3667 3230 3737 φύσεως
3254 3685 3266 3697 ·
3315 3666 3380 3716 τὰ
3418 3661 3478 3717 δὲ
3515 3663 3570 3716 ἐκ
3607 3673 3705 3716 τῶν
3754 3669 3896 3736 Γρα-

529 3747 636 3805 tibi
664 3747 881 3804 referre
911 3764 1034 3804 non
1062 3750 1264 3806 minus
1289 3749 1632 3821 ridiculum,
1660 3769 1848 3825 quam
1872 3759 2166 3824 noctuam

2293 3763 2396 3828 φῶν
2455 3774 2540 3807 σοι
2595 3750 2900 3825 διηγεῖσθαι
2954 3743 3071 3826 οὐχ
3115 3755 3270 3812 ἧττόν
3332 3752 3447 3808 ἐστι
3509 3753 3894 3826 καταγελαστον

528 3841 594 3894 ut
643 3837 832 3906 aiunt,
882 3838 1143 3895 Athenas
1189 3839 1363 3895 ferre.
1423 3840 1574 3906 Quid
1625 3841 1804 3912 igitur
1855 3843 2165 3899 miscemus

2292 3849 2322 3904 ἧ
2372 3844 2594 3916 γλαῦκα,
2643 3849 2801 3916 φησὶν
2847 3845 2977 3916 (90),
3032 3844 3326 3906 Ἀθηναίοις
3372 3845 3538 3914 οἴγειν.
3590 3846 3654 3896 Τί
3700 3839 3787 3894 οὖν
3831 3844 3897 3894 τὰ

527 3942 666 3999 quae
715 3926 955 3982 misceri
1009 3944 1133 3984 non
1190 3933 1463 4000 possunt,
1523 3929 1816 3987 tumultus
1879 3931 2076 3988 civiles
2129 3949 2160 3988 e

2293 3927 2493 4007 ἄμικτα
2523 3938 2774 4007 μίγνυμεν
2818 3949 2832 4000 ;
2876 3931 3126 4008 θορύϐους
3167 3932 3467 3995 πολιτικοὺς
3506 3937 3597 3984 καὶ
3636 3930 3898 3993 εὐσεϐείας

526 4014 762 4088 pietatis
796 4015 1306 4087 exercitationem,
1341 4034 1414 4074 ac
1452 4034 1578 4076 non
1617 4020 1818 4091 potius
1858 4037 1894 4077 a
1925 4021 2162 4078 tumulti

2294 4023 2573 4090 ἅσκησινς
2629 4021 2738 4074 ἀλλ’
2786 4019 2913 4094 οὐχὶ
2967 4019 3287 4084 ἀποστάντες
3335 4030 3434 4076 τῶν
3496 4021 3746 4096 θορύϐῶν,
3805 4024 3899 4073 καὶ

527 4103 666 4167 bus,
713 4108 772 4160 et
811 4120 848 4160 a
890 4105 1146 4173 negotiis
1199 4104 1477 4176 gerendis
1529 4110 1634 4164 aut
1684 4108 1784 4165 alii
1831 4109 2164 4167 exhibendi:

2292 4121 2384 4168 τοῦ
2448 4114 2734 4187 πράγματα
2799 4112 2913 4181 (91)
2990 4114 3129 4184 ἔχειν
3203 4116 3294 4164 καὶ
3358 4113 3610 4186 παρέχειν
3686 4111 3897 4184 ἑτέροις,

528 4191 898 4259 recedentes,
951 4192 1272 4250 nobiscum
1321 4194 1438 4266 ipsi
1489 4211 1851 4266 versamur;
1909 4203 1966 4254 et
2018 4215 2165 4272 quoc

2297 4205 2441 4276 ἡμῶν
2485 4201 2652 4254 αὐτῶν
2697 4202 2984 4274 γινόμεθα·
3029 4206 3120 4253 καὶ
3171 4201 3224 4252 ὃν
3272 4199 3433 4253 πάλαι
3475 4199 3767 4273 ὑπεθέμεθα
3803 4208 3899 4263 τῆς

533 4280 768 4338 dudum
788 4281 1416 4356 suscepimuspietatis
1432 4286 1831 4357 propositum,
1846 4303 2028 4360 opere
2050 4305 2170 4344 cont

2299 4291 2559 4353 εὐσεϐείας
2611 4293 2804 4345 σκοπὸν
2862 4289 3173 4364 βεϐαιοῦμεν
3214 4298 3284 4362 τῷ
3338 4292 3490 4366 ἔργῳ,
3551 4294 3642 4342 καὶ
3700 4287 3903 4342 δείκνυ-

531 4371 872 4440 ﬁrmamus,
894 4375 952 4428 et
977 4370 1330 4430 calumniari
1359 4373 1692 4432 volentibus
1719 4377 2094 4435 ostendimus
2115 4379 2164 4436 si

2288 4403 2387 4457 μεν
2429 4390 2540 4444 τοῖς
2587 4379 2888 4456 ἐπηρεάζειν
2913 4383 3050 4454 ,ἡμῖν
3091 4379 3450 4454 βουλομένοις,
3498 4384 3578 4432 ὅτι
3620 4379 3716 4432 οὐκ
3762 4383 3902 4433 ἔστιν

531 4465 662 4518 tum
690 4462 754 4517 in
786 4462 902 4518 illis
937 4477 1061 4518 non
1102 4479 1255 4533 esse,
1288 4469 1354 4520 ut
1380 4465 1723 4522 molestiam
1761 4467 1938 4524 nobis
1967 4474 2168 4527 creent

2289 4471 2377 4527 ἐπ’
2424 4473 2600 4532 αὐτοῖς
2633 4474 2693 4522 τό
2735 4469 2912 4523 λυπεῖν
2955 4472 3095 4541 ἡμᾶς
3148 4471 3270 4522 ὅταν
3321 4468 3580 4541 ἐθέλωσις
3628 4476 3796 4522 Τοῦτο
3847 4465 3905 4523 δί

535 4565 675 4607 cum
705 4551 1002 4608 voluerint
1025 4551 1055 4606 ?
1092 4553 1212 4608 Hoc
1242 4557 1444 4610 autem
1469 4551 1589 4622 ﬁet,
1626 4556 1731 4612 ubi
1764 4573 1876 4613 nos
1914 4558 1992 4614 ab
2023 4575 2166 4615 omn

2301 4565 2449 4615 ἔσται
2498 4558 2708 4615 ἐπειδὰν
2759 4562 2937 4622 πάσης
2985 4558 3148 4620 λαϐῆς
3190 4559 3481 4632 ἐλευθέρους
3523 4557 3741 4620 ἑαυτοὺς
3781 4557 3909 4612 ἀπο·

538 4655 687 4696 ansa
705 4639 927 4697 liberos
958 4639 1434 4698 exhibuerimus.
1472 4643 1540 4699 Et
1563 4645 1691 4701 haec
1717 4645 1964 4719 quidem
1993 4649 2175 4705 hacte-

2304 4649 2570 4724 δείξωμεν.
2625 4655 2726 4703 Καὶ
2764 4658 2933 4702 ταῦτα
2969 4651 3058 4722 μεν
3096 4649 3170 4722 εἰς.
3203 4656 3471 4703 τοσοῦτον.
3517 4651 3615 4707 Εἵη
3667 4646 3726 4702 δὲ
3767 4651 3907 4722 ἡμᾶς

533 4744 670 4784 nus.
723 4729 958 4785 Utinam
1007 4734 1208 4786 autem
1256 4735 1315 4786 et
1361 4730 1540 4788 simul
1579 4733 1908 4806 aliquando
1947 4752 2168 4806 congre

2301 4761 2424 4794 ποτε
2466 4745 2554 4793 καὶ
2598 4739 2647 4793 ἐν
2691 4747 2866 4809 ταυτῷ
2915 4741 3178 4810 γενέσθαι,
3224 4742 3312 4791 καὶ
3354 4737 3720 4813 ἀκριϐέστερον
3776 4739 3911 4806 βου-

535 4817 792 4889 diamur,
844 4823 902 4874 et
953 4818 1297 4889 diligentius
1341 4820 1744 4879 deliberemus
1798 4824 1873 4881 de
1927 4826 1998 4882 iis
2054 4843 2172 4898 qua

2270 4830 2594 4890 ,leﬁa'aa'em
2633 4832 2750 4903 περὶ
2791 4835 2891 4879 τῶν
2932 4831 3294 4903 συμφερόντων
3332 4833 3445 4887 ταῖς
3489 4825 3694 4899 ψυχαῖς
3737 4828 3907 4900 ἡμῶν,

534 4906 755 4962 nostris
822 4907 1143 4965 animabus
1191 4909 1562 4982 conducunt,
1619 4927 1696 4967 ne
1761 4913 1916 4970 inter
1980 4915 2171 4973 inane:

2302 4921 2388 4973 ἵνα
2419 4924 2490 4992 μὴ
2532 4916 2580 4970 ἓν
2619 4924 2680 4990 τῇ
2713 4921 2834 4992 περὶ
2869 4926 2970 4969 τῶν
3018 4921 3250 4988 ματαίων
3291 4911 3531 4992 φροντίδι
3569 4915 3912 4989 καταληφθῶ-

537 5008 714 5051 curas
774 4995 1321 5068 deprehendamur,
1393 5003 1735 5059 necessario
1791 5005 1952 5061 exitu
2017 5006 2174 5063 nobi:

2297 5029 2412 5082 μεν,
2472 5016 2562 5068 τῆς
2623 5005 2903 5079 ἀναγκαίας
2959 5001 3143 5069 ἐξόδου
3210 5003 3523 5066 ἐπελθούσης
3586 5007 3732 5078 ἡμῖν,
3788 5009 3909 5066 Τοῖς

539 5085 1016 5156 superveniente.
1081 5085 1371 5146 Caeterum
1429 5091 1503 5148 iis
1569 5108 1707 5165 quae
1770 5097 1876 5154 tua
1932 5095 2176 5154 charita:

2304 5095 2365 5152 δὲ
2413 5096 2756 5151 ἀποσταλεῖσι
2807 5098 2953 5169 παρὰ
2989 5104 3080 5156 τῆς
3147 5093 3356 5167 ἀγάπης
3421 5114 3515 5149 σου
3583 5095 3896 5164 ὑπερήσθην,

611 5207 1082 5300 :né‘lia‘sgCCXL.
1106 5213 1347 5300 §cripta
1366 5215 1429 5271 in
1454 5214 1831 5300 episcopatu.
1922 5291 1952 5300 κ
2146 5295 2154 5300 _

2305 5221 2446 5300 simi
2483 5219 2838 5300 πλήρης-μεν.
2877 5221 2907 5278 ἡ
2963 5221 3075 5273 θεία
3116 5218 3412 5300 Γραφῂᾖν
3461 5213 3903 5300 ἐμδὶὸαξενιὴμᾶς,

540 5353 552 5364 _
608 5275 1046 5368 (εῃιζΑὸξύγατον
1106 5284 1211 5368 Sic
1244 5275 1674 5368 ‘veteres‘librf
1730 5275 1856 5368 seu.
1913 5291 2177 5366 Corrupti

2306 5275 2493 5351 ﬁgulo
2531 5275 3052 5367 post-liarlteanus
3093 5275 3289 5347 codex
3315 5290 3397 5343 Ἐν
3436 5297 3499 5363 τῇ
3541 5275 3640 5363 γὰρ
3679 5291 3736 5343 et
3771 5275 3912 5340 κατὰ

537 5353 600 5410 in
631 5352 802 5408 editis
839 5352 1122 5409 ἀδυνάτου.
1166 5358 1295 5412 Mox
1333 5363 1452 5413 tres
1487 5361 1723 5416 codices
1777 5352 2163 5436 ᾠεγμαινούᾶη

847 5352 1122 5409 ἷιὸυνάτου.
1166 5358 1295 5412 Mox
1333 5363 1452 5413 tres
1487 5361 1723 5416 codices
1777 5352 2198 5436 φλεγμαινούσης
2305 5371 2484 5421 τουτὸ.

541 5444 782 5509 μογοκ.
1509 5500 1521 5509 .
1783 5431 1791 5434 ⁷
1873 5431 1912 5436 “’

2380 5439 2486 5509 (90)
2517 5443 2587 5494 (rm
2600 5441 2701 5492 σίν.
2735 5434 2910 5492 Coisl.
2935 5434 3169 5507 primus
3197 5437 3254 5489 et
3281 5432 3434 5509 alius
3455 5431 3714 5509 quidam
3736 5434 3915 5509 φασίν.

613 5495 728 5565 (88)
769 5495 852 5548 Ἐν
882 5500 1102 5559 τούτοις.
1145 5500 1280 5554 Tres
1318 5515 1464 5557 mss.
1502 5500 1587 5556 ἐπὶ
1614 5506 1838 5568 τούτοις.
1872 5509 2003 5565 Mox
2031 5508 2199 5566 deest

613 5587 630 5617 ν
660 5566 721 5622 in
753 5567 1051 5624 Medicago.

2379 5495 2489 5576 (91)
2533 5513 2633 5561 Καὶ
2673 5514 2762 5560 τοῦ
2793 5495 3099 5583 πράδματα.
3152 5509 3236 5561 Ita
3275 5495 3917 5585 Coisl.primus,'Reg.

2305 5577 2564 5636 primus.
2597 5578 2752 5636 Harl.
2790 5586 2847 5636 et
2872 5530 3129 5636 Ciarom.
3162 5575 3316 5635 Editi
3352 5578 3412 5635 et
3445 5573 3728 5634 nonnulh
3764 5591 3917 5634 mss.

542 5566 729 5655 νῠτεέξι,
753 5567 1051 5655 Medicago.
1082 5642 1094 5655 ‘
1192 5641 1229 5655 Α
1326 5644 1336 5655 _
1590 5644 1626 5655 ﬂ
1803 5566 1811 5568 “
2003 5650 2032 5655 Α
2130 5651 2140 5655 _
2305 5566 2564 5655 primus,
2597 5578 2752 5655 Harl.
2790 5566 2847 5640 ei
2872 5566 3129 5636 Clarom.
3162 5575 3316 5635 Editi
3352 5578 3412 5635 et
3445 5566 3734 5634 nonnulli
3764 5566 3920 5634 mss.

619 5637 732 5709 (89)
770 5639 992 5713 Πλήρεις
1030 5642 1140 5712 μέν.
1188 5641 1457 5710 Quatuor
1493 5644 1732 5705 codices
1761 5663 1888 5710 non
1911 5650 2203 5726 antiquis-

1188 5641 1457 5710 Quatuor
1493 5644 1732 5705 codices
1761 5663 1888 5710 non
1911 5650 2203 5726 antiquis-
2307 5637 2409 5706 ἶ-ῶν
2438 5637 2784 5726 πραγμάτων.
