4146 6396
375 253 514 312 1037

373 382 466 432 καὶ
525 376 878 452 προελθοῦσαν
938 376 1010 437 εἰς
1067 376 1239 450 ἀκμὴν
1277 377 1492 442 τελείαν,
1560 379 1650 428 καὶ
1711 373 1779 435 εἰς
1843 375 2056 448 καρ-Α

375 471 500 528 ποὺς
553 469 800 540 ὡραίους,
853 464 1344 538 συλλαμϐανομένης
1414 467 1560 537 ἡμῶν
1612 470 1728 525 ταῖς
1793 463 1981 535 εὐχαῖς

376 565 472 618 τῆς
546 557 792 629 ὑμετέρας
841 555 1194 628 φιλομαθειας.
1257 551 1326 606 Εὖ
1390 557 1491 628 γὰρ
1571 558 1687 606 ῖστε
1739 559 1828 606 καὶ
1895 557 1981 611 τὴν

378 645 632 720 ἡμετέραν
705 646 770 706 εἰς
811 647 941 717 ὑμᾶς
985 648 1204 712 εὔνοιαν,
1263 650 1350 696 καὶ
1387 649 1482 703 την
1511 651 1602 696 τοῦ
1634 650 1766 696 Θεοῦ
1799 662 1983 715 συνερ-

378 740 499 806 γίαν
544 743 657 796 ταῖς
711 735 982 808 ὑμετέραις
1029 733 1396 788 ἐναποκεσίθαι
1445 740 1701 808 γνώμαις,
1760 729 1827 784 ὧν
1859 735 1984 806 πρὸς

380 830 439 878 τό
516 822 633 878 δέον
735 826 1046 896 εὐθυμενων,
1130 828 1262 888 Θεὸς
1349 827 1600 898 συνεργὸς
1669 823 1986 895 καλούμενος

381 919 644 988 παρέσταῖ
693 919 782 966 καὶ
839 914 1087 980 οἰκλητος,
1145 918 1236 966 καὶ
1291 919 1395 978 πᾶς
1452 913 1685 984 φιλόθεος
1715 913 1985 987 οἰνθρωπος

379 1008 507 1079 πρὸς
561 1000 917 1056 διδασκαλίαν
996 1003 1430 1075 αὐτεπάγγελτος.
1489 1001 1763 1061 Ἀνίκητος
1817 1003 1919 1074 γάρ
1953 1001 1980 1057 ἡ

381 1095 650 1166 προθυμία
692 1101 792 1146 τῶν
846 1089 1125 1146 διδάσκειν
1190 1112 1242 1144 τι
1306 1097 1580 1166 χρήσιμον
1664 1087 1982 1163 δυναμένων,

381 1187 503 1234 ὅταν
535 1181 590 1234 αἰ
633 1191 732 1234 τῶν
774 1183 1135 1255 μανθανόντων
1187 1181 1367 1253 ψυχαὶ
1418 1184 1596 1241 πάσης
1628 1182 1987 1254 καθαρεύωσιν

379 1270 714 1333 ἀντιτυπίας.
765 1272 968 1324 Οὐκοῦν
1009 1267 1134 1324 οὐδὲ
1184 1276 1426 1343 σώματος
1476 1270 1660 1322 κωλύει
1686 1271 1984 1342 χωρισμός,

382 1368 475 1413 τοῦ
544 1357 1040 1435 δημιουργήσαντος
1102 1363 1238 1433 ἡμᾶς
1288 1357 1363 1412 δι’
1452 1358 1739 1431 ὑπερϐολὴν
1808 1361 1990 1430 σοφίας

381 1457 472 1503 καὶ
529 1450 912 1527 φιλανθρωπίας
971 1456 1043 1525 μὴ
1109 1454 1610 1526 συμπεριορίσαντος
1703 1456 1813 1509 τοῖς
1889 1453 1965 1500 σὼ

383 1560 519 1612 μασι
563 1545 655 1598 την
709 1537 965 1608 διάνοιαν,
1017 1545 1149 1612 μήτε
1201 1544 1304 1612 μὴν
1361 1547 1423 1611 τῇ
1457 1539 1655 1611 γλώττῃ
1691 1547 1788 1590 τῶν
1825 1537 1991 1608 λόγων

383 1635 479 1690 τὴν
512 1626 754 1704 δύναμιν·
808 1628 991 1692 δόντος
1029 1627 1089 1683 δέ
1138 1648 1190 1682 τι
1237 1629 1409 1682 πλεῖον
1448 1633 1537 1681 καὶ
1582 1629 1684 1680 ἀπὸ
1726 1635 1819 1680 τοῦ
1863 1630 1989 1700 χρό’

385 1741 475 1773 νου
518 1727 630 1781 τοῖς
681 1720 888 1793 ὠφελεῖν
942 1716 1270 1793 δυναμένοις,
1325 1719 1391 1780 ὡς
1441 1723 1511 1792 μὴ
1570 1721 1725 1792 μόνον
1768 1724 1871 1778 τοῖς
1897 1737 1993 1788 μα·
2027 1735 2063 1786 η

387 1813 516 1883 κράν
569 1806 928 1876 διεστηκόσιν,
988 1809 1115 1861 ἀλλά
1162 1805 1230 1866 δὴ
1296 1814 1383 1860 καὶ
1435 1816 1540 1868 τοῖς
1585 1807 1698 1860 λίαν
1730 1806 1995 1877 ὀψιγόνοις

387 1904 751 1974 παραπέμπειν
796 1896 1060 1952 δύνασθαι
1112 1903 1207 1957 τήν
1263 1894 1639 1950 διδασκαλίαν.
1680 1902 1781 1950 Καὶ
1811 1903 1994 1948 τοῦτον

390 1991 515 2061 ἡμῖν
558 1990 588 2046 ἡ
657 1995 812 2063 πεῖρα
865 1995 1152 2040 πιστοῦται
1203 1991 1290 2039 τὸν
1341 1987 1522 2058 λόγον*
1581 1988 1788 2061 ὶπείπερ
1845 1986 1896 2038 οἱ
1940 2003 1997 2037 τε

391 2077 596 2138 πολλοῖς
661 2083 908 2152 πρότερον
974 2080 1112 2130 ἔτεσι
1161 2080 1428 2148 γενόμενοι
1487 2071 1817 2128 διδάσκουσι
1873 2078 1994 2136 τοὺς

389 2174 554 2236 νέους,
623 2168 919 2239 σωζομένης
968 2165 1017 2218 ἐν
1095 2168 1380 2239 γράμμασι
1439 2173 1538 2226 τῆς
1605 2161 1986 2223 διδασκαλίας

392 2261 542 2330 ἡμεῖς
611 2260 1049 2330 τεκεχωρισμένοι
1118 2264 1370 2309 τοσοῦτον
1457 2262 1563 2316 τοῖς
1597 2260 1865 2328 ’σώμασι,
1929 2262 1991 2326 τῇ

392 2343 603 2421 διανοίᾳ
659 2351 908 2420 σύνεσμεν
950 2345 1050 2415 ἀεὶ,
1077 2351 1167 2398 καὶ
1195 2345 1618 2422 προσομιλοῦμεν
1647 2342 1866 2420 ράδίως,
1901 2353 1997 2406 τῆς

394 2433 752 2500 διδασκαλίας
800 2441 918 2490 οὔτε
968 2439 1068 2490 ὑπὸ
1120 2445 1221 2509 γῆς
1270 2439 1388 2489 οὗτε
1473 2436 1749 2495 θαλάσσης
1800 2434 1995 2488 κωλυο-

394 2532 564 2597 μένης,
597 2531 642 2579 εἶ
665 2531 744 2588 τίς
770 2525 912 2578 ἐστιν
950 2527 1072 2598 ὑμῖν
1092 2535 1190 2577 τῶν
1224 2522 1374 2578 ἰδίων
1403 2525 1599 2597 ψυχῶν
1624 2527 1855 2598 φροντίς.

954 2644 1291 2693 ΕΠΙΣΤΟΛΗ
1321 2624 1463 2699 25E.

543 2763 846 2818 Hortatur
874 2765 940 2816 ut
969 2762 1381 2819 ccenobitt'cam
1404 2763 1586 2820 vitam
1611 2762 2090 2832 amplectantur,

2041 2885 2083 2941 C

999 2886 1306 2948 Μονάζουσι

478 3007 739 3078 Ἠγοῦμαι
785 3006 876 3075 μὲν
925 2999 1196 3076 μηδεμιᾶς
1260 3002 1436 3076 ἐτέρας
1483 3002 1621 3075 ὑμᾶς
1657 3008 1720 3075 τῇ
1750 3007 1841 3054 τοῦ
1873 3005 2008 3055 Θεοῦ

407 3098 597 3172 χάριτι
637 3093 1012 3169 παρακλήσεως
1067 3089 1304 3163 δεῖσθαι,
1363 3095 1493 3165 μετὰ
1539 3095 1657 3154 τοὺς
1693 3091 1879 3164 λόγους
1923 3089 2009 3152 οὓς

410 3184 486 3241 δι’
544 3187 690 3258 ἡμῶν
763 3182 932 3235 αὐτῶν
1000 3183 1361 3256 ἐποιησάμεθα
1411 3185 1538 3258 πρὸς
1581 3183 1731 3256 ὑμᾶς,
1763 3200 2008 3256 παρακα-

408 3277 611 3338 λοῦντες
657 3275 793 3348 ὑμᾶς
849 3275 1048 3334 πάντας
1103 3278 1199 3332 τὴν
1246 3272 1330 3325 ἐπὶ
1379 3276 1438 3325 τό
1502 3272 1630 3325 αὐτὸ
1691 3277 1828 3335 ζωὴν
1848 3291 2008 3324 κατα-

410 3364 668 3429 δέξασθαι
722 3363 789 3424 είς
841 3368 1059 3436 μίμημα
1120 3370 1216 3425 τῆς
1300 3361 1657 3426 ἀποστολικῆς
1724 3361 2009 3430 πολιτείας,

408 3455 435 3508 ὃ
465 3460 556 3507 καὶ
574 3450 831 3516 ἐδέξασθε
868 3457 936 3512 ὡς
977 3451 1174 3523 ἀγαθόν
1221 3447 1485 3524 δίδαγμα,
1531 3456 1620 3503 καί
1673 3451 2014 3524 ηὑχαριστη-

413 3563 538 3598 σατι
595 3539 668 3595 δι’
721 3541 848 3594 αὐτὸ
896 3549 968 3613 τῷ
1038 3544 1239 3613 Κυρίῳ.
1294 3540 1435 3595 Ἐπεὶ
1491 3542 1580 3592 οὖν
1620 3541 1750 3612 οὐχὶ
1799 3541 2014 3615 ῥήματα

414 3635 476 3692 ἧν
531 3635 599 3684 τὰ
653 3646 780 3705 παρ’
843 3633 988 3703 ἡμῶν
1040 3629 1345 3696 λαληθέντα,
1402 3629 1531 3682 ἀλλὰ
1589 3626 1903 3702 διδάγματα
1946 3629 2014 3690 εἰς

415 3724 562 3796 ἔργον
611 3720 871 3796 προελθεῖν
925 3723 1002 3790 (8)
1046 3719 1313 3792 ὀφείλοντα
1356 3719 1442 3772 ἐπὶ
1489 3719 1704 3793 ὠφελείᾳ
1754 3722 1845 3793 μεν
1872 3721 2013 3792 ὑμῶν

417 3820 517 3862 τῶν
561 3811 906 3882 ἀνεχομένων,
965 3807 1042 3862 ἐπ’
1111 3807 1403 3862 ἀναπαύσει
1488 3805 1549 3862 δὲ
1608 3811 1835 3884 ἡμετέρᾳ
1915 3816 2016 3860 τῶν

417 3902 740 3972 υποθεμένων
792 3904 887 3957 την
940 3903 1174 3971 γνώμην,
1228 3898 1301 3961 εὶς
1339 3895 1497 3962 δόξαν
1538 3895 1597 3951 δὲ
1668 3902 1760 3951 καὶ
1811 3900 2018 3950 ἔπαινον

418 3997 510 4042 τοῦ
565 3995 828 4062 Χριστοῦ,
877 3984 937 4040 οὗ
989 3991 1049 4040 τὸ
1111 3988 1273 4059 ὄνομα
1319 3985 1652 4047 ἐπικέκληται
1727 3986 1804 4060 ἐφ’
1857 3989 2013 4060 ἡμᾶς·

419 4083 606 4133 τούτου
633 4081 794 4154 χάριν
823 4076 1107 4131 ἀπέστειλα
1129 4082 1218 4131 τὸν
1264 4079 1630 4131 ποθεινότατον
1682 4079 1713 4136 ἠ
1722 4085 1829 4151 μῶν
1860 4074 2020 4130 ἀδελ-

420 4175 532 4243 φόν,
589 4169 673 4221 ῖνα
731 4173 822 4221 καὶ
874 4172 934 4220 τὸ
987 4169 1255 4242 πρόθυμον
1300 4171 1556 4241 γνωρίσῃ,
1607 4172 1698 4220 καὶ
1726 4169 1785 4219 τὸ
1824 4169 2022 4240 νωθρὸν

420 4256 678 4335 διεγείρη,
722 4262 813 4310 καὶ
859 4260 918 4309 τὸ
985 4256 1260 4310 ἀντιτεῖνον
1318 4261 1530 4331 φανερὸν
1577 4258 1704 4330 ἡμῖν
1755 4260 2025 4314 καταστὴ-
2052 4243 2097 4297 D

422 4369 512 4421 ση.
547 4348 714 4405 Πολλὴ
744 4350 845 4422 γὰρ
868 4349 896 4405 ἡ
933 4344 1186 4420 ἐπιθυμία
1223 4351 1313 4399 καὶ
1381 4343 1511 4400 ἰδεῖν
1550 4347 1688 4420 ὑμᾶς
1758 4349 2022 4419 συνηγμέ-

421 4458 559 4504 νους,
609 4442 700 4489 καὶ
757 4436 984 4488 ἀκοῦσαι
1048 4440 1168 4512 περὶ
1234 4438 1399 4509 ὑμῶν,
1458 4437 1540 4489 ὃτι
1583 4435 1712 4508 οὑχὶ
1742 4439 1829 4488 τὸν
1861 4434 2028 4508 ἀμάρ-

420 4546 573 4600 τυρον
615 4525 851 4598 ἀγαπᾶτε
892 4523 1033 4598 βίον,
1091 4524 1220 4577 ἀλλά
1274 4525 1464 4598 μᾶλλον
1507 4521 1872 4596 καταδέχεσθε
1900 4528 2027 4578 πάν-

421 4637 500 4680 τες
557 4620 648 4668 καὶ
703 4614 921 4688 φύλακες
975 4623 1073 4677 τῆς
1124 4613 1358 4672 ἀλλήλων
1407 4613 1676 4689 ἀκριϐείας
1726 4610 1876 4681 εἶναι,
1936 4617 2027 4666 καὶ

425 4709 682 4782 μάρτυρες
737 4711 839 4757 τῶν
896 4705 1344 4779 κατορθουμένων.
1411 4704 1566 4756 Οὕτω
1638 4704 1741 4776 γὰρ
1804 4703 2028 4765 ἕκαστος

425 4797 626 4848 καὶτὸν
656 4793 730 4868 ἐφ’
763 4794 930 4866 ἑαυτῷ
955 4795 1147 4868 μισθὸν
1197 4793 1385 4847 τέλειον
1433 4792 1763 4866 ἀπολήψεται
1807 4793 1911 4864 (9),
1937 4797 2027 4845 καὶ

424 4889 513 4940 τόν
561 4883 645 4938 ἐπὶ
686 4891 747 4957 τῇ
788 4890 880 4936 τοῦ
929 4881 1155 4957 ἀδελφοῦ
1205 4891 1467 4957 προκοπῆ·
1526 4883 1584 4937 ὃν
1635 4887 1726 4936 καὶ
1778 4880 1916 4955 λόγῳ
1937 4885 2028 4934 καὶ

497 5010 548 5047 ⁸⁸
575 5011 792 5079 Jerem,
830 5027 941 5078 XIV,
970 5014 1023 5068 9.

501 5082 578 5154 (7)
610 5084 936 5144 Μονάξουσι.
971 5083 1065 5140 Sic
1089 5081 1277 5151 Harl.,
1308 5080 1492 5138 Coisl.
1514 5079 1789 5154 Aprimus
1814 5083 1872 5138 et
1922 5082 2034 5154 Be-

428 5151 567 5226 gius
589 5154 841 5226 primus.
875 5157 946 5210 At
986 5154 1203 5223 Regius
1233 5157 1368 5209 2897
1394 5157 1463 5226 _et
1490 5151 1677 5226 _Coisl.
1735 5152 2037 5226 secundus

429 5221 516 5282 §ic
543 5221 772 5283 habent
804 5242 818 5280 :
845 5229 983 5299 Πρὸς
1004 5221 1346 5299 μονάζοντας,
1382 5221 1456 5277 δι’
1483 5221 1543 5286 ἧς
1572 5222 1905 5299 ἐπιστηρίςει
1944 5222 2039 5275 αὖ·

431 5301 551 5381 τοὺς
588 5302 718 5372 πρὸς
743 5302 839 5356 τὴν
867 5295 915 5348 ἐν
942 5295 1158 5381 Χριστῷ
1178 5296 1442 5350 πολιτείαν
1485 5300 1576 5348 καὶ
1605 5295 2035 5352 πίστιν’Μοηα-

433 5368 562 5426 chz's
591 5367 734 5441 q'uos
766 5367 1085 5441 conﬁrmat
1113 5367 1177 5424 in
1220 5370 1347 5425 vita
1372 5367 1698 5424 secundum
1731 5367 2039 5441 Christum

434 5447 492 5498 et
529 5437 916 5512 inﬁdeﬁditi
943 5440 1179 5512 addunt
1197 5445 1286 5492 καί
1311 5458 1492 5512 φησιν,
1522 5441 1603 5512 ὅτι
1637 5441 1667 5498 ἡ
1691 5443 1868 5512 πίστις
1897 5437 2038 5490 ἐστὶν

434 5513 466 5570 ἠ
489 5509 742 5588 σῴζουσα
772 5509 867 5565 διὰ
897 5511 1105 5585 ἀγάπης
1126 5509 1577 5588 ἐνεργουμένηοΕἰ
1598 5512 1686 5568 ait
1708 5510 1888 5580 ﬁdem
1903 5524 2039 5582 qua

433 5586 635 5656 salvat
663 5600 794 5644 eam
825 5583 947 5644 esse
971 5599 1103 5657 qua
1125 5583 1252 5656 per
1277 5583 1640 5644 charitatem
1661 5589 1966 5655 operatur.

1315 249 1804 308 EPISTOLARUM
1839 247 2123 317 CLASSIS
2161 246 2256 310 III.
2290 246 2514 306 EPIST.
2555 247 2794 307 CCXCV.

3613 255 3752 328 1038.

2087 371 2559 442 incrementum,
2591 375 2988 447 maturosque
3013 373 3244 434 fructus
3271 379 3631 452 perductam
3660 385 3756 441 vi-

2090 462 2226 519 dere
2262 463 2563 536 cupimus,
2589 467 2795 519 vestro
2824 462 3104 522 discendi
3154 468 3354 526 studio
3375 477 3584 530 nostra
3610 477 3756 533 vota

2089 552 2439 624 adjuvante.
2471 550 2654 608 Probe
2681 553 2843 608 enim
2869 553 3028 610 scitis
3051 559 3107 612 et
3134 561 3404 616 nostram
3429 561 3492 616 in
3515 578 3627 619 vos
3648 563 3752 620 be-

2089 641 2517 701 nevolentiam.
2539 644 2595 697 et
2625 641 2727 697 Dei
2755 640 3047 698 auxilium
3078 643 3140 700 in
3170 647 3377 703 vestris
3406 649 3586 707 situm
3615 668 3751 709 esse

2090 729 2504 786 voluntatibus
2538 746 2552 784 :
2612 729 2836 802 quibus
2876 731 2957 787 ad
3004 731 3067 788 id
3096 735 3264 806 quod
3285 735 3455 794 decet
3483 738 3747 814 directis,

2095 821 2250 874 Deus
2275 818 2373 890 adj
2385 823 2518 874 utor
2546 823 2797 875 vocatus
2829 819 3021 877 aderit
3049 827 3106 878 et
3135 821 3474 893 invocatus;
3505 832 3562 884 et
3589 830 3751 903 quis-

2093 907 2232 980 quis
2263 911 2450 964 Deum
2482 907 2821 979 diligit,sua
2844 914 3061 982 sponte
3093 911 3174 969 ad
3204 913 3555 974 docendum
3587 935 3648 977 se
3665 919 3751 976 of-

2093 997 2259 1054 feret.
2308 999 2406 1053 Est
2469 997 2632 1053 enim
2672 997 2896 1055 invicta
2935 999 3212 1058 alacritas
3237 1018 3446 1061 eorum
3475 1007 3579 1080 qui
3608 1008 3752 1067 utile

2095 1085 2325 1159 aliquid
2347 1086 2562 1142 docere
2586 1091 3012 1160 possunt,cum
3035 1089 3398 1150 discentium
3426 1099 3751 1156 mentesab

2095 1176 2263 1232 omni
2276 1192 2441 1248 purae
2483 1181 2624 1232 sunt
2641 1175 2993 1234 obluctandi
3020 1179 3187 1236 vitio.
3203 1181 3411 1256 Itaque
3439 1200 3516 1243 ne
3541 1203 3754 1261 corpo-

2095 1266 2178 1322 ris
2226 1265 2472 1339 quidem
2516 1265 2840 1337 disjunctio
2889 1271 2981 1324 est
3007 1268 3490 1348 impedimento;
3522 1277 3751 1352 quippe

2096 1371 2237 1411 cum
2268 1354 2548 1410 Conditor
2575 1359 2798 1420 noster,
2824 1355 2904 1412 ob
2936 1358 3240 1431 sapientiae
3267 1377 3340 1418 ac
3366 1363 3754 1437 benignitatis

2097 1442 2604 1516 magnitudinem,
2635 1459 2746 1500 nec
2772 1446 3132 1517 corporibus
3156 1449 3607 1522 cogitationem,
3637 1459 3762 1514 nec'

2096 1533 2307 1604 lingua
2332 1531 2573 1589 dicendi
2601 1532 2946 1590 facultatem
2969 1535 3537 1614 circumscripserit;
3571 1547 3680 1603 sed
3695 1551 3756 1606 et

2100 1623 2178 1680 ab
2208 1623 2341 1694 ipso
2364 1626 2635 1695 tempore
2656 1622 2920 1696 amplius
2939 1625 3236 1697 quiddam
3252 1628 3342 1696 iis,
3365 1632 3472 1704 qui
3505 1636 3756 1707 prodes-

2101 1729 2164 1768 se
2221 1717 2497 1786 possunt,
2543 1711 2796 1783 largitus
2853 1713 2946 1776 sit,
2983 1715 3068 1772 ita
3087 1721 3296 1774 utnon
3329 1720 3528 1780 solum
3572 1724 3756 1800 longe

2101 1802 2348 1870 dissitis,
2377 1800 2482 1856 sed
2515 1801 2697 1858 etiam
2725 1817 2862 1859 sero
2883 1803 3222 1862 admodum
3267 1810 3592 1869 nascituris
3615 1815 3756 1874 doc-

2099 1891 2324 1948 trinam
2375 1890 2784 1948 transmittere
2832 1891 3090 1950 valeant.
3138 1898 3333 1970 Atque
3379 1900 3540 1959 hanc
3575 1905 3756 1965 nobis

2103 1979 2460 2036 sententiam
2489 1979 2810 2036 conﬁrmat
2823 1982 3190 2054 experientia
3215 2002 3230 2041 :
3253 1989 3758 2066 quandoquidem

2105 2069 2283 2142 433
2315 2072 2373 2124 et
2399 2068 2505 2140 qui
2529 2068 2732 2124 multis
2757 2073 2898 2125 ante
2927 2073 3106 2128 annis
3150 2075 3448 2150 vixerunt,
3479 2083 3764 2145 erudiunt

2099 2158 2394 2230 juniores,
2415 2161 2774 2214 conservata
2802 2158 2865 2214 in
2908 2160 3145 2233 scriptis
3196 2163 3472 2226 doctrina
3505 2186 3519 2224 :
3551 2175 3611 2229 et
3642 2189 3762 2232 nos

2107 2263 2358 2320 corpore
2377 2247 2461 2302 ita
2475 2245 2688 2314 dissiti,
2717 2247 2924 2304 animo
2957 2265 3200 2324 semper
3223 2253 3544 2327 adsumus,
3571 2277 3644 2320 ac
3670 2263 3763 2322 fa-

2108 2337 2216 2394 cile
2241 2335 2664 2427 colloquimur;
2695 2352 2836 2427 cum
2861 2337 3135 2398 doctrina
3161 2358 3358 2417 neque
3380 2351 3538 2406 terra
3564 2366 3768 2427 neque

2109 2427 2264 2484 mari
2293 2425 2708 2498 prohibeatur,
2739 2426 2791 2482 si
2821 2442 2945 2500 qua
2973 2430 3148 2488 vobis
3167 2437 3507 2496 vestrarum
3536 2425 3765 2502 anima-

2113 2533 2251 2575 rum
2289 2531 2436 2573 cura
2464 2531 2537 2573 ac
2564 2515 2925 2576 sollicitudo.

2653 2634 2996 2692 EPISTOLA
3026 2640 3287 2700 CCXCV'.

2113 2761 2480 2828 caveantque
2508 2771 2584 2814 ne
2611 2759 2743 2830 quis
2765 2773 2860 2816 eos
2897 2775 2936 2816 a
2961 2763 3212 2822 Patrum
3228 2766 3352 2835 ﬁde
3377 2769 3661 2832 abducat.

2776 2884 3114 2948 Monaclu's.

2183 2997 2450 3056 Arbitror
2473 2998 2760 3071 equidem
2786 3001 3017 3060 nullam
3037 3003 3220 3063 aliam
3255 3009 3432 3067 vobis
3450 3013 3552 3071 Dei
3579 3019 3778 3087 gratia

2115 3103 2272 3160 opus
2291 3103 2424 3181 esse
2439 3087 3098 3181 adhortationem,post
3120 3110 3228 3153 eos
3259 3113 3594 3174 sermones,
3615 3121 3778 3181 quos

2115 3192 2226 3252 per
2249 3193 2347 3234 me
2371 3177 2500 3250 ipse
2525 3177 2694 3250 apud
2721 3195 2831 3237 vos
2860 3181 3068 3255 habui,
3097 3199 3239 3242 cum
3263 3203 3370 3245 vos
3391 3205 3606 3250 omnes
3632 3177 3780 3254 hor-

2117 3271 2370 3337 tarer,ut
2387 3269 2576 3324 vitam
2597 3283 2987 3328 communem
3013 3273 3094 3330 ad
3113 3277 3461 3350 exemplum
3492 3285 3778 3356 apostolii

2118 3356 2374 3413 instituti
2402 3357 2934 3429 amplecteremini;
2959 3363 3128 3434 quod
3155 3369 3215 3422 et
3238 3370 3555 3442 accepistis
3582 3378 3650 3431 ut
3664 3374 3781 3433 bo-

2119 3463 2269 3505 num
2297 3447 2753 3518 documentum,
2781 3453 2839 3506 et
2865 3449 2941 3507 de
2965 3450 3082 3509 hoc
3110 3453 3245 3528 ipso
3297 3460 3482 3530 gratis
3519 3463 3780 3525 Domino

2120 3539 2513 3609 egistis.Cum
2543 3537 2725 3608 igitur
2739 3540 2929 3599 verba
2948 3557 3076 3599 non
3103 3544 3328 3606 fuerint
3355 3565 3492 3623 quae
3531 3569 3569 3611 a
3597 3555 3780 3613 nobis

2121 3629 2285 3686 dicta
2313 3633 2471 3697 sunt,
2495 3629 2602 3685 sed
2621 3629 2989 3690 documenta
3039 3634 3103 3690 in
3149 3651 3278 3694 rem
3307 3641 3676 3702 conferenda
3698 3646 3782 3704 ad

2122 3719 2438 3777 utilitatem
2456 3722 2740 3786 vestram,
2771 3720 2878 3792 qui
2903 3737 3002 3779 me
3028 3723 3429 3786 disserentem
3456 3733 3784 3803 pertulistis

2124 3814 2182 3866 et
2211 3807 2292 3864 ad
2319 3807 2795 3864 consolationem
2812 3813 3145 3884 meam,qui
3181 3813 3244 3870 id
3272 3815 3502 3875 dabam
3523 3822 3780 3896 consilii,

2125 3913 2197 3955 ac
2228 3896 2478 3952 tandem
2503 3897 2584 3952 ad
2634 3895 2892 3985 gloriam
2929 3903 2986 3956 et
3034 3899 3284 3982 laudem
3339 3906 3575 3976 Christi,
3604 3895 3782 3985 cujus

2125 4001 2351 4044 nomen
2365 4000 2550 4056 super
2562 4000 2677 4040 nos
2693 3984 3041 4043 invocatum
3068 3994 3157 4047 est
3178 3992 3410 4061 ‘5;hanc
3430 3995 3510 4054 ob
3532 3984 3784 4058 causam

2127 4074 2715 4132 desideratissimum
2744 4080 3020 4134 nOStrum
3048 4079 3293 4138 fratrem
3308 4084 3445 4141 misi
3474 4091 3787 4162 utetquod

2130 4163 2329 4221 alacre
2358 4167 2451 4219 est
2488 4167 2836 4233 cognoscat,
2875 4169 2932 4222 et
2967 4168 3136 4240 quod
3191 4170 3434 4242 pigrum
3463 4177 3698 4250 excitet,
3727 4183 3790 4237 et

2131 4253 2301 4328 quod
2345 4253 2676 4310 reluctatur
2717 4253 2896 4311 nobis
2933 4255 3341 4320 indicet.Nam
3396 4264 3790 4326 vehementer

2131 4343 2312 4417 cupio
2343 4347 2471 4399 tum
2492 4342 2696 4399 videre
2721 4360 2828 4399 vos
2844 4345 3241 4417 coadunatos,
3275 4355 3404 4410 tum
3433 4354 3495 4411 id
3515 4357 3592 4413 de
3613 4358 3790 4416 vobis

2132 4433 2343 4491 audire
2358 4447 2483 4489 non
2507 4433 2638 4504 jam
2669 4432 2845 4490 vobis
2891 4436 3143 4494 testibus
3198 4447 3506 4501 carentem
3549 4445 3791 4518 placere

2131 4522 2343 4590 vitam,
2377 4521 2483 4577 sed
2503 4520 2566 4576 id
2589 4521 2790 4593 potius
2811 4538 3024 4580 omnes
3049 4527 3352 4600 amplecti,
3389 4535 3455 4589 ut
3483 4537 3540 4589 et
3585 4540 3793 4596 custo-

2133 4611 2240 4668 des
2267 4610 2397 4667 sitis
2418 4614 2633 4666 vestrte
2663 4611 2818 4667 inter
2844 4629 2954 4670 vos
2978 4613 3301 4685 diligentiae
3330 4623 3387 4676 et
3434 4623 3612 4681 testes
3642 4639 3795 4697 prae-

2135 4700 2296 4757 clare
2324 4699 2643 4756 factorum.
2676 4700 2769 4756 Sic
2799 4700 2961 4758 enim
2992 4706 3416 4780 unusquisque
3461 4714 3520 4768 et
3561 4728 3675 4786 pro
3728 4731 3798 4772 se

2135 4789 2267 4862 ipse
2327 4789 2672 4846 mercedem
2709 4790 3040 4862 perfectum
3086 4795 3339 4868 accipiet
3367 4805 3424 4855 et
3451 4814 3564 4873 pro
3592 4801 3798 4863 fratris

2134 4894 2468 4954 progressu
2499 4895 2512 4946 ;
2535 4893 2723 4951 quam
2745 4879 2995 4953 quidem
3014 4897 3125 4956 par
3143 4888 3234 4942 est
3251 4889 3318 4943 ut
3339 4889 3512 4946 vobis
3540 4890 3799 4956 invicem

2215 5077 2292 5148 (8)
2313 5075 2729 5159 l'lpoclOsZikdta
2749 5075 3108 5159 Harl.,ited._,
3131 5083 3299 5159 Beg._
3316 5087 3595 5159 uterque,
3623 5087 3800 5159 Cois].

2145 5147 2452 5232 secundus
2481 5153 2539 5204 et
2562 5147 2754 5218 Bigot.
2774 5149 2965 5208 Habet
2993 5147 3175 5210 Coi'sl.
3207 5147 3446 5228 primus
3470 5147 3802 5232 προσελθεῖν.

2145 5219 2296 5276 Editi
2318 5221 2496 5273 ἐλθεῖν.

2219 5294 2292 5354 (9)
2336 5291 2738 5374 Ἀπολήψεταθι
2773 5295 2921 5374 Quo
2967 5311 3123 5374 mss:
3164 5296 3406 5374 λήψεται.
3449 5299 3639 5374 Paulo
3666 5306 3807 5374 post

2146 5367 2453 5445 tres_mss.
2485 5367 2869 5445 παρασχέσθαι
2897 5367 3054 5440 ὑμᾶς.
3091 5370 3209 5428 Sed
3237 5367 3394 5430 Harl.
3416 5377 3474 5430 et
3493 5367 3806 5434 Medium!

2148 5435 2318 5492 editis
2331 5435 2735 5494 consentiunt.

2220 5507 2244 5530 '
2270 5507 2430 5564 Alias
2460 5510 2705 5566 CCXCV.
