4146 6380
408 335 542 397 1041

1353 333 1840 394 EPISTOLARUM
1879 331 2172 394 CLASSIS
2210 335 2305 392 ιιι.
2344 333 2564 394 EPIST.
2605 333 2872 392 CCXCIX.

3615 329 3778 390 .1042

400 460 608 525 ἡλικίας
672 461 1046 536 πρεσϐυτικου,
1114 468 1206 518 καὶ
1259 460 1354 517 διὰ
1407 465 1466 517 τό
1523 469 1614 523 τῆς
1638 471 1987 535 πνευματικῆς

2112 465 2360 537 pr0pter
2387 463 2739 535 provectam
2773 462 3035 528 aetatem,
3059 459 3188 515 tum
3218 464 3465 531 propter
3490 454 3775 528 spiritua-

400 547 688 616 διαθέσεως
743 557 960 626 γνήσιον
1026 557 1115 614 τὴν
1184 552 1505 628 ἁσύγκριτόν
1561 572 1657 606 σου
1746 552 2002 624 εὐγένειαν

400 645 492 694 καὶ
544 639 593 694 ἐν
648 649 710 714 τῇ
769 650 1042 717 σωματικῇ
1103 648 1372 718 παρουσίᾳ
1422 641 1852 709 ἐπισκέπτεσθαι,
1911 646 2003 694 καὶ

399 728 638 792 ἀπούσης
670 731 784 804 (l9)
838 737 911 806 μὴ
961 731 1435 807 ἀπολιμπάνεσθαι,
1495 731 1626 785 ἀλλὰ
1680 734 1994 808 γράμμασιν

400 817 735 895 ἀποπληροῦν
809 825 869 874 τό
936 819 1128 891 ἐνδέον,
1187 819 1370 882 ἐπειδὴ
1465 823 1611 897 εὖρον
1699 826 2000 897 πρέπουσαν

402 905 643 964 διάκονόν
708 918 808 963 τῶν
873 914 1005 987 πρὸς
1057 917 1149 972 τὴν
1202 917 1295 972 σὴν
1347 916 1641 985 σεμνότητα
1677 914 2002 988 γραμμάτων

397 994 578 1065 τήνδε,
642 996 717 1053 δι’
769 999 933 1064 αὐτῆς
971 1005 1408 1078 προσφθέγγομαί
1463 1021 1541 1069 σε,
1595 1006 2001 1077 προηγουμένως

397 1097 680 1164 παρορμῶν
727 1088 810 1143 ἐπὶ
865 1094 924 1144 τὸ
974 1095 1121 1168 ἔργον
1166 1096 1225 1146 τό
1273 1100 1366 1146 τοῦ
1435 1097 1653 1168 Κυρίου,
1714 1092 1798 1144 ἳνα
1852 1111 1909 1145 σε
1975 1092 2002 1143 ὁ

397 1176 548 1248 ἅγιος
603 1181 734 1240 Θεὸς
805 1185 994 1252 τιμίως
1073 1185 1397 1255 παρενεγκὼν
1458 1185 1549 1242 τὰς
1638 1181 1832 1255 ἡμέρας
1910 1187 2002 1242 τῆς

395 1271 676 1340 παροικίας
707 1288 803 1322 σου
835 1268 882 1322 ἐν
913 1272 1058 1344 πάσῃ
1106 1270 1341 1344 εὐσεϐείᾳ
1396 1275 1489 1323 καὶ
1521 1271 1818 1343 σεμνότητι,
1847 1268 2001 1333 ἀξίαν

394 1359 486 1408 καὶ
546 1365 646 1409 τῶν
704 1357 988 1429 μελλόντων
1060 1357 1269 1432 ἀγαθῶν
1331 1363 1731 1418 καταστήσειεν.
1783 1357 2001 1412 Ἔπειτα

1073 1185 1397 1256 παρενεγκὼν
1458 1185 1549 1242 τὰς

397 1440 458 1497 δέ
504 1449 594 1499 καὶ
647 1450 740 1506 τὴν
801 1453 1180 1524 προειρημένην
1237 1452 1497 1523 θυγατέρα
1576 1449 1998 1523 παρακατατιθε-

393 1553 490 1606 μαι
543 1536 656 1607 (20)
712 1556 818 1602 σοι,
877 1539 960 1590 ἵνα
993 1540 1058 1600 ὡς
1117 1538 1247 1611 ἐμὴν
1293 1541 1383 1612 μεν
1443 1539 1723 1610 θυγατέρα,
1772 1545 1998 1600 σεαυτῆς

395 1618 456 1676 δὲ
513 1619 741 1698 ἀδελφὴν
795 1626 931 1679 οὕτω
981 1623 1128 1700 δέξῃ,
1191 1633 1281 1680 καὶ
1334 1632 1452 1702 περὶ
1496 1626 1564 1679 ὧν
1623 1625 1762 1700 ἀντῇ
1795 1626 1996 1699 εὐσχή-

392 1715 512 1784 μονί
547 1731 642 1767 σου
673 1719 762 1768 καὶ
790 1717 998 1791 καθαρᾷ
1031 1715 1185 1790 ψυχῇ
1231 1715 1661 1784 ἀνακοινὼσεται,
1703 1713 1994 1773 ἲὸιοπαθή·

396 1819 515 1875 σης,
565 1807 654 1856 καὶ
711 1801 958 1878 ἀντιλάϐῃ
1012 1806 1192 1872 αὐτῆς,
1247 1809 1312 1868 ὡς

389 1897 797 1966 προηγουμένως
859 1896 1066 1967 ἔχουσα
1107 1897 1193 1948 τὸν
1268 1897 1480 1969 μισθόν.
1511 1897 1688 1948 ἔπειτα
1714 1898 1805 1947 καὶ
1852 1895 1992 1967 ἡμας

391 1977 736 2036 ἀναπαύουσα
757 1985 879 2047 τοῦς
901 1982 950 2036 ἐν
988 1982 1320 2057 σπλάγχνοις
1349 1991 1588 2057 Χριστοῦ
1619 1987 1677 2036 τὸ
1710 1991 1806 2050 τῆς
1852 1981 1991 2056 ἀγά-

387 2087 488 2132 πης
510 2089 606 2125 σωι
624 2072 745 2143 (21)
774 2077 960 2148 μέτρον
1000 2072 1464 2149 ἀποπληροῦντας.

886 2148 1220 2219 ΕΟΙΣΤΟΑΗ
1271 2148 1428 2226 2511'.

2111 552 2186 610 lis
2242 551 2494 609 affectus
2567 550 2996 615 sinceritatem,
3059 545 3210 604 nulli
3292 543 3771 616 comparabilem

2112 646 2282 698 tuam
2320 641 2696 698 nobilitatem
2728 644 2784 696 et
2812 654 3065 712 corpore
3104 639 3460 710 praesentem
3490 633 3770 702 invisere,

2112 736 2170 786 et
2199 730 2434 788 absenti
2461 745 2586 786 non
2617 729 2846 796 deesse,
2889 727 2998 784 sed
3040 725 3267 787 litteris,
3296 723 3352 779 id
3383 721 3552 795 quod
3581 721 3766 788 deest,

2112 820 2429 894 supplere:
2462 820 2565 876 ubi
2607 823 2821 876 nactus
2855 835 2990 874 sum
3029 817 3315 872 idoneam
3363 813 3523 868 hanc
3564 811 3768 866 minis-

2112 914 2267 968 tram
2290 911 2624 966 litterarum
2657 909 2736 966 ad
2784 912 2952 965 tuam
2986 906 3338 978 gravitatem
3387 901 3770 975 perferenda-

2110 1016 2270 1070 rum,
2311 1016 2418 1073 per
2441 999 2639 1072 ipsam
2669 1001 2724 1054 te
2753 997 2969 1064 saluto,
3003 996 3064 1052 in
3095 993 3306 1069 primis
3334 991 3665 1048 adhortans
3685 989 3766 1046 ad

2109 1090 2347 1147 Domini
2371 1107 2545 1163 opus,
2573 1094 2637 1145 ut
2666 1093 2719 1144 te
2746 1091 2901 1144 Deus
2932 1089 3202 1154 sanctus,
3246 1099 3380 1139 cum
3409 1081 3639 1137 honore
3665 1079 3765 1136 de-

2109 1179 2336 1236 ducens
2361 1179 2489 1235 dies
2519 1176 2817 1235 incolatus
2867 1177 2952 1233 tui
3000 1176 3060 1231 in
3112 1173 3280 1231 omni
3323 1171 3540 1245 pietate
3581 1173 3763 1241 atque

2109 1269 2419 1339 gravitate,
2447 1268 2697 1338 dignam
2729 1267 2910 1323 etiam
2939 1264 3154 1321 futuris
3184 1261 3360 1319 bonis
3418 1259 3760 1316 constituat.

2107 1358 2331 1414 Deinde
2360 1373 2503 1413 vero
2529 1362 2584 1413 et
2604 1361 3004 1413 memoratam
3035 1353 3244 1424 ﬁliam,
3265 1349 3632 1408 commendo
3654 1347 3762 1404 tibi

2105 1452 2172 1504 ut
2190 1463 2326 1504 eam
2356 1448 2507 1504 sicut
2536 1462 2739 1503 meam
2770 1444 3020 1519 quidem
3048 1443 3260 1506 ﬁliam,
3285 1446 3452 1498 tuam
3499 1454 3640 1495 vero
3668 1453 3762 1494 so~

2104 1552 2305 1594 rorem
2337 1535 2633 1610 suscipias
2660 1555 2674 1604 ;
2704 1538 2763 1592 et
2790 1534 3012 1608 quibus
3062 1532 3138 1588 de
3192 1531 3375 1588 rebus
3438 1545 3578 1586 cum
3611 1543 3760 1600 prea-

2105 1625 2268 1683 clara
2291 1629 2395 1683 tua
2428 1641 2498 1682 ac
2530 1641 2685 1698 pura
2704 1624 2911 1681 anima
2941 1619 3419 1679 communicabit
3460 1622 3596 1675 tuas
3624 1633 3761 1690 pro-

2100 1716 2265 1792 prias
2283 1731 2417 1774 esse
2437 1715 2760 1787 existimes,
2796 1730 2867 1772 ac
2895 1729 3074 1787 opem
3105 1712 3282 1783 feras,
3314 1709 3580 1784 primum
3631 1706 3758 1780 qui-

1387 1808 1532 1879 παρά
1613 1813 1705 1858 τοῦ
1797 1808 1987 1880 Κυρίου

2103 1805 2241 1860 dem
2272 1820 2343 1861 ac
2373 1804 2668 1876 praecipue
2685 1809 2748 1859 ut
2777 1819 2814 1858 a
2844 1801 3098 1858 Domino
3130 1798 3472 1858 mercedem
3496 1795 3755 1862 habens;

2099 1892 2318 1950 deinde
2338 1893 2518 1950 etiam
2547 1896 2610 1948 ut
2639 1890 2815 1948 nobis
2836 1892 3190 1965 pergratum
3242 1885 3492 1950 faciens,
3521 1884 3626 1958 qui
3654 1883 3759 1941 tibi

2098 1983 2162 2039 in
2193 1981 2403 2039 Christi
2425 1980 2758 2040 visceribus
2803 1977 3109 2038 charitatis
3157 1990 3510 2035 mensuram
3560 1973 3756 2035 adim-

2098 2071 2358 2146 plemus.

2568 2161 2916 2221 EPISTOLA
2954 2158 3286 2217 CCXCVIII‘.

419 2285 666 2358 Refellit
687 2287 1004 2359 cujusdam
1054 2288 1312 2347 hominis
1341 2288 1570 2359 dolum,
1601 2289 1710 2361 qui
1733 2302 1901 2362 aquae
1926 2289 2044 2345 vim
2079 2287 2406 2360 quamdam
2435 2302 2685 2359 prorsus
2710 2285 3040 2344 absurdam
3065 2286 3256 2342 inesse
3281 2279 3711 2354 persuadebat.

725 2412 1118 2494 Ἀνεπίγραφος,
1142 2415 1222 2470 ἐπ’
1242 2413 1399 2491 ἀνδρὶ
1427 2415 1652 2473 εῦλαϐεῖ.

459 2537 580 2592 Ὀτι
637 2541 729 2612 μεν
761 2545 882 2615 περὶ
938 2542 1138 2595 πάντων
1191 2543 1463 2607 καταξιοῖς
1495 2542 1812 2616 συμϐούλοις
1870 2543 1996 2616 ἡμῖν

391 2629 481 2678 καὶ
536 2635 798 2688 κοινωνοῖς
849 2631 1240 2701 φροντισμάτων
1289 2633 1615 2705 κεχρῆσθαι,
1675 2637 1842 2691 ποιεῖς
1870 2633 1997 2702 πρέ-

2387 2413 2532 2471 Sine
2550 2413 2965 2485 inscriptione,
2998 2424 3184 2469 causa
3203 2409 3296 2480 pii
3316 2408 3458 2466 viri.

2180 2537 2354 2606 Quod
2377 2553 2474 2594 me
2503 2538 2753 2612 quidem
2784 2536 3051 2609 dignaris
3071 2536 3134 2592 in
3158 2533 3444 2592 omnibus
3487 2529 3760 2590 consilia-

2106 2629 2194 2685 rio
2225 2632 2588 2684 etcurarum
2638 2632 2916 2684 consorte
2963 2626 3068 2694 uti,
3099 2641 3232 2681 rem
3268 2627 3372 2681 tua
3424 2621 3762 2691 integritate

391 2731 487 2765 πον
530 2713 645 2783 (22)
698 2722 761 2787 τῇ
826 2723 1048 2768 σεαυτοῦ
1108 2715 1415 2775 τελειότητι⁸
1475 2723 1566 2770 καί
1607 2719 1712 2771 σεό
1745 2721 1872 2779 Θεὸς
1899 2727 1987 2780 τῆς

2106 2716 2358 2788 dignam
2386 2716 2554 2782 facis;
2586 2721 2766 2788 teque
2797 2719 2952 2772 Deus
2981 2720 3036 2771 et
3059 2730 3171 2787 pro
3199 2718 3306 2770 tuo
3329 2712 3391 2769 in
3412 2727 3510 2768 me
3531 2725 3758 2780 amore,

390 2817 445 2852 τε
473 2798 679 2872 ἀγάπης
724 2811 816 2864 τῆς
852 2807 970 2880 περὶ
1021 2804 1183 2878 ἡμας,
1244 2809 1332 2857 καὶ
1384 2813 1482 2869 τῆς
1537 2805 1839 2880 ἐπιμελείας
1896 2814 1995 2868 τῆς

390 2891 524 2942 κατὰ
578 2893 665 2944 τὸν
713 2891 832 2966 βίον
891 2891 1174 2966 ἀμείψαιτο
1230 2894 1366 2966 (23)’
1411 2896 1491 2947 ὅτι
1522 2891 1582 2949 δὲ
1622 2915 1716 2949 σου
1758 2895 1933 2966 ἥψατο
1959 2897 1989 2954 ἡ

387 2975 562 3038 ἀπάτη
616 2984 824 3047 τοῦτον,
880 2981 1180 3056 ἐθαύμασα,
1240 2988 1330 3037 καὶ
1380 2980 1540 3038 ὕδατί
1593 2985 1704 3058 (24)
1751 3005 1870 3040 τινα
1900 2981 1996 3038 δύ-

383 3089 536 3142 ναμιν
593 3070 777 3145 ἄλογον
838 3080 1081 3149 παρεῖναι
1126 3078 1498 3137 πεπίστευκας·
1538 3079 1630 3128 καὶ
1679 3083 1868 3143 ταῦτα,
1906 3073 1990 3127 οῦ-

385 3155 567 3232 δεμιας
608 3165 904 3239 μαρτυρίας
951 3161 1276 3236 βεϐαιοῦσης
1333 3167 1428 3224 τήν
1498 3169 1697 3238 φήμηνο
1785 3168 1989 3219 Οὔκουν

382 3245 495 3302 ἐστί
556 3269 637 3313 τις
687 3259 788 3304 τῶν
851 3249 1039 3306 ἐκεῖθεν
1081 3253 1139 3306 οῦ
1185 3256 1395 3328 μικρὸν,
1424 3252 1483 3307 οὗ
1504 3254 1684 3327 μεῖζον
1722 3253 1893 3307 λαϐὼν
1916 3255 1982 3308 eis

380 3337 440 3389 τὸ
507 3345 680 3410 σῶμα,
749 3336 816 3391 ὧν
860 3339 1068 3412 ἤλπισε,
1123 3345 1183 3394 τὸ
1239 3341 1426 3396 ἑαυτοῦ
1483 3340 1700 3416 ἀγαθόν’
1758 3343 1788 3403 ἣ
1825 3342 1868 3396 εί
1909 3349 1982 3418 μή

379 3443 484 3478 τινι
533 3424 634 3480 ἀπὸ
691 3434 784 3480 τοῦ
864 3429 1165 3502 αὐτομάτοῦ
1227 3435 1407 3503 γέγονε
1478 3433 1795 3506 παραμυθία
1877 3450 1979 3496 τις⁶

377 3513 534 3567 ὁποῖα
570 3515 683 3588 (‘25)
737 3520 829 3571 καὶ
897 3514 1221 3572 καθεύδουσι
1273 3523 1364 3573 καὶ
1419 3519 1550 3573 ἄλλα
1578 3523 1696 3573 τινὰ
1734 3523 1871 3574 κατά
1897 3525 1983 3574 τὸν

381 3603 501 3678 βίον
539 3603 832 3679 ἐνεργοῦσιν
862 3605 1192 3680 ἐπιγίνεσθαι
1218 3612 1460 3682 πέφυκεν.
1496 3609 1632 3662 Ἀλλ’
1664 3610 1690 3662 ὁ
1757 3609 1980 3684 ἀναιρῶν

377 3698 472 3752 τὴν
543 3693 754 3766 ἀγάπην
819 3699 887 3750 τὰ
935 3697 1212 3770 αὐτόματα
1273 3705 1334 3772 τῇ
1395 3706 1489 3752 τοῦ
1546 3696 1740 3762 ὕδατος
1829 3703 1981 3773 φύσει

375 3781 678 3855 λογίζέσθαι
726 3790 850 3849 τοῦς
935 3785 1324 3862 ἁπλουστέρους
1399 3789 1684 3847 ἀναπείθει.
1740 3789 1864 3844 Ὀτι
1920 3787 1980 3845 δὲ

375 3870 571 3936 ἀληθὴς
601 3877 746 3949 ἡμῶν
769 3878 794 3930 ό
815 3876 988 3951 λόγος,
1017 3877 1214 3942 ἓξεστιν
1248 3876 1302 3942 ἐξ
1349 3878 1510 3942 αὐτῆς
1536 3889 1633 3942 τῆς
1681 3885 1862 3956 πείρας
1920 3900 1979 3936 σε

375 3958 732 4037 διδαχθῆναι.

909 4061 1244 4111 Εηιετοιιι
1277 4041 1434 4120 259'.

2103 2808 2160 2860 et
2191 2820 2300 2876 pro
2331 2805 2464 2860 vitm
2485 2803 2873 2860 instituendas
2907 2803 3084 2877 435
3128 2800 3438 2871 diligentia.
3479 2813 3761 2855 remune-

2100 2896 2283 2950 retur.
2317 2892 2462 2949 Illud
2487 2898 2690 2950 autem
2707 2893 2962 2950 miratus
2995 2909 3131 2949 sum
3153 2890 3320 2964 quod
3352 2894 3405 2946 te
3443 2889 3628 2959 hujus
3652 2887 3761 2944 ho-

2100 2982 2284 3039 minis
2308 2982 2485 3039 dolus
2517 2983 2792 3054 attigerit,
2823 2987 2879 3038 et
2907 2998 3082 3055 aqum
3110 2980 3236 3038 vim
3264 2978 3604 3053 quamdam
3656 2976 3762 3032 ab-

2100 3071 2349 3130 surdam
2374 3072 2576 3129 inesse
2599 3071 2956 3140 credideris;
2985 3071 3191 3144 idque,
3223 3067 3388 3125 nullo
3415 3067 3759 3124 testimonio

2098 3162 2328 3219 famam
2356 3160 2771 3218 conﬁrmante.
2818 3164 3006 3219 Nemo
3058 3175 3204 3217 sane
3257 3162 3349 3215 est
3384 3173 3596 3215 eorum
3651 3156 3760 3228 qui

2095 3250 2214 3308 illic
2245 3251 2496 3323 degunt,
2537 3249 2644 3324 qui
2670 3254 2981 3323 speratum
3012 3248 3282 3322 corporis
3332 3246 3609 3304 levamen
3630 3260 3757 3302 ma-

2096 3356 2287 3412 gnum
2305 3341 2588 3398 minusve
2617 3347 2978 3397 consecutus
3008 3339 3118 3409 sit;
3151 3338 3268 3394 nisi
3313 3337 3450 3410 quis
3510 3351 3659 3392 casu
3698 3337 3758 3412 et

2094 3409 2336 3488 fortuito
2377 3429 2655 3487 nonnihil
2703 3429 3004 3503 acceperit
3057 3409 3416 3496 levaminis;
3467 3424 3648 3499 quale
3701 3409 3758 3479 et

2093 3517 2533 3576 dormientibus
2564 3518 2758 3576 etalia
2800 3518 3084 3593 quaedam
3135 3517 3198 3574 in
3249 3517 3376 3573 vita
3433 3513 3755 3588 agentibus

2092 3610 2363 3667 accidere
2390 3610 2558 3667 solet.
2591 3609 2706 3667 Sed
2725 3609 2830 3683 qui
2858 3625 2891 3666 e
2921 3609 3122 3668 medio
3153 3608 3299 3666 tollit
3319 3603 3754 3667 charitatem,is

2090 3701 2414 3775 persuadet
2441 3699 2927 3772 simplicioribus,
2951 3703 3017 3757 ut
3045 3715 3117 3757 ea
3146 3715 3277 3772 quae
3303 3696 3547 3755 fortuito
3575 3695 3752 3751 obve-

2089 3790 2281 3857 niunt,
2312 3793 2543 3846 naturae
2565 3804 2742 3862 aquae
2770 3788 3098 3844 ascribant.
3130 3788 3424 3843 Caeterum
3449 3800 3586 3858 quze
3611 3783 3748 3840 dico

2090 3895 2231 3939 vera
2259 3895 2411 3948 esse,
2436 3883 2634 3953 potest
2654 3894 2725 3935 ex
2753 3877 2890 3950 ipsa
2921 3877 3290 3951 experientia
3315 3876 3572 3936 discere.

2587 4059 2932 4118 EPlSTOLA
2960 4060 3278 4119 CGXCIX“.

362 4177 669 4237 Eximium
695 4179 893 4238 virum
919 4182 1026 4265 qui
1049 4196 1080 4238 e
1107 4183 1379 4265 potentia
1400 4183 1570 4265 ciuili
1593 4183 1676 4241 ad
1707 4187 2112 4265 tranquillam
2143 4187 2330 4265 vitam
2369 4183 3155 4265 recesserat,_hortatu_r,_u_t
3184 4183 3496 4242 censitoris
3519 4197 3743 4240 munus

928 4256 994 4310 in
1025 4255 1269 4325 regione
1294 4255 1687 4328 Iboritarum,
1717 4271 1820 4328 spe
1847 4255 2131 4318 mercedis
2159 4275 2198 4318 a
2219 4261 2340 4317 Deo
2369 4255 2815 4332 consequentiae,
2853 4258 3166 4328 suscipiat.

937 4381 1227 4456 Κηνσίτορι
1253 4379 1395 4452 (26).

438 4498 623 4556 Εέδότι
657 4521 749 4575 μοι
782 4504 1019 4578 ἔγραφες,
1067 4505 1149 4556 ὅτι
1199 4501 1475 4569 δυσκόλως
1536 4508 1679 4578 ἔχεις
1715 4508 1843 4580 πρὸς
1870 4515 1964 4567 τῆν

365 4599 466 4646 τῶν
493 4601 677 4646 κοινῶν
705 4613 798 4668 μοι
818 4592 1130 4666 ἐπιμέλειάν.
1174 4599 1275 4649 Καὶ
1295 4597 1396 4670 γὰρ
1459 4595 1682 4658 παλαιός
1739 4595 1854 4650 ἐστι
1883 4597 1966 4651 λό-

365 4701 479 4755 γος,
532 4684 649 4745 τοῦς
711 4681 898 4756 ἀρετῆς
948 4687 1420 4758 μεταποινομένους
1471 4689 1543 4758 μὴ
1604 4685 1719 4759 μεθ’
1765 4683 1965 4752 ἡδονῆς

366 4770 580 4834 ἐαυτοῦς
627 4770 914 4826 ἐπιϐάλλειν
961 4772 1181 4849 ἀρχαῖς.
1237 4775 1315 4828 Τὰ
1361 4776 1459 4848 γὰρ
1493 4781 1594 4828 τῶν
1627 4775 1964 4848 ἰατρευόντων

365 4858 502 4930 ἴδια,
553 4868 721 4915 ταῦτα
777 4863 881 4938 ὁρῶ
927 4867 1018 4917 καὶ
1081 4862 1354 4938 ἀρχόντων
1412 4867 1554 4918 ὄντα.
1614 4865 1813 4939 Ὀρῶσι
1859 4869 1962 4942 γὰρ

433 5003 553 5079 (19)Δ
574 5004 861 5066 Ἀπούσης.
894 5004 986 5060 Sic
1013 5005 1277 5079 Clarom.
1290 5005 1507 5062 melius
1557 5021 1748 5079 quam
1775 5007 1874 5064 alii
1903 5013 1960 5066 et

361 5077 502 5134 editi
526 5075 1104 5158 'énoecnpﬂocenim
1157 5078 1413 5158 verbum
1453 5075 1621 5150 apud
1673 5079 1961 5138 Basilium

358 5164 602 5220 semper
627 5149 768 5204 cum
794 5149 1052 5218 genitivo
1082 5149 1502 5220 conjunctum.

576 5222 1090 5296 Παρακατατίθεμαι.
1105 5220 1397 5296 ΑΟΙᾶιξοῌΙ,
1463 5224 1957 5296 παρακατατίθημι.

357 5290 706 5420 Pa'ulotpotst
735 5291 878 5349 editi
905 5290 1213 5366 ἀντνλάϐῃς.
1241 5292 1418 5350 Coisl.
1443 5290 1678 5365 primus
1718 5297 1772 5350 et
1806 5290 1955 5353 Med.

359 5381 400 5420 u
456 5380 516 5420 m
569 5380 642 5420 ex
672 5380 730 5419 ιι.

359 5370 426 5421 ut
456 5365 516 5420 in
544 5367 730 5420 textu.

433 5437 548 5508 (21)
574 5436 810 5507 Ἀγάπης
843 5438 1128 5492 σοι.ΗᾶΠο
1178 5434 1462 5493 voculam
1505 5434 1859 5494 addidimus
1890 5454 1964 5496 ex

365 5508 514 5565 Med.
528 5551 543 5577 ,
574 5509 704 5564 Vat.
737 5513 794 5564 et
810 5508 1065 5565 Calrom.

439 5580 554 5650 (22)
587 5583 811 5653 Πρέπον.
839 5579 1020 5640 Coisl.
1051 5577 1356 5638 secundus
1392 5581 1452 5639 et
1494 5581 1714 5652 Regius
1758 5596 1969 5640 secun-

368 5651 486 5710 dus
504 5651 820 5727 πρεπόντως.

2746 4383 3062 4441 Censitori.

2146 4506 2364 4566 Scienti
2393 4506 2542 4564 mihi
2573 4507 2863 4582 scripsisti
2893 4505 3323 4581 permolestam
3347 4505 3459 4562 tibi
3499 4521 3627 4562 esse
3653 4505 3737 4562 rei

2071 4597 2334 4670 publicae
2375 4596 2992 4656 administrationem.
3018 4596 3169 4652 Nam
3214 4596 3465 4668 antiqua
3497 4599 3738 4651 senten-

2074 4687 2155 4744 tia
2197 4691 2309 4759 est,
2349 4687 2582 4745 virtutis
2627 4688 2936 4746 studiosos
2993 4686 3164 4744 haud
3199 4686 3454 4743 libenter
3495 4686 3557 4742 in
3606 4701 3738 4743 ma-

2074 4776 2354 4848 gistratus
2384 4793 2516 4834 sese
2537 4777 2858 4850 conjicere.
2913 4779 3056 4844 Quae
3112 4776 3276 4832 enim
3332 4775 3733 4847 medicorum,

2071 4882 2146 4925 ea
2196 4868 2659 4942 magistratuum
2715 4882 2961 4941 quoque
3029 4867 3279 4940 propria
3329 4881 3464 4923 esse
3518 4866 3722 4958 video.

2143 5009 2257 5080 (23)
2289 5007 2622 5134 Ἀμείὲαιτο.
2655 5011 2801 5066 Cum
2822 5009 2940 5066 alio
2972 5009 3145 5066 Coisl.
3171 5009 3407 5082 primus
3430 5008 3730 5082 ἀμείψεται.

2143 5082 2254 5134 (24)
2288 5083 2438 5134 Καὶῦ
2482 5101 2589 5134 ατι.
2622 5080 2768 5134 Med.
2794 5081 2968 5134 Coisl.
3003 5081 3487 5134 secundus.Re2.
3525 5097 3730 5134 secun-

2141 5082 2254 5153 (24)
2288 5080 2589 5153 Καὶῦδατι,
2621 5080 2968 5153 Μθά.(ἶοὶ81.
3003 5080 3487 5152 secundtis,Reg.
3525 5080 3736 5137 secun-

2069 5149 2185 5226 dus
2213 5149 2255 5206 εἰ
2280 5149 2461 5210 ὕδατι.
2496 5155 2622 5226 Mox
2642 5152 2785 5209 editi
2814 5156 2959 5215 ὡςτὸ
2978 5161 3158 5226 σῶμα.
3189 5155 3324 5208 Mss.
3375 5149 3641 5226 quatuor
3667 5157 3735 5226 ut

2068 5224 2131 5281 in
2172 5227 2356 5280 textu.
2386 5224 2575 5297 Paulo
2593 5229 2733 5297 post
2762 5241 2837 5297 ex
2885 5223 3135 5297 totidem
3188 5240 3342 5280 mss.
3387 5223 3732 5280 emendavi-

2068 5311 2208 5353 mus
2239 5295 2406 5368 quod
2430 5295 2643 5352 vitiose
2674 5296 2881 5353 eratin
2912 5296 3088 5352 editis
3121 5300 3151 5356 ἦ
3181 5315 3233 5368 τε
3258 5301 3329 5368 μή
3355 5313 3479 5353 τινι.

2136 5364 2483 5437 (ἳὸΓΟποῖα.
2517 5369 2610 5422 Sic
2641 5384 2792 5423 mss.
2825 5373 2962 5424 tres.
2997 5367 3147 5424 Edili
3178 5364 3284 5423 οἷα.

2137 5435 2252 5510 (26)
2283 5444 2590 5512 Κηνσίτορι.
2625 5443 2710 5496 Ita
2740 5455 2983 5498 summo
3012 5455 3315 5498 consensu
3367 5453 3516 5494 mss.
3573 5435 3736 5494 codi-

2074 5526 2194 5568 ces.
2242 5510 2401 5584 Edilir
2428 5510 2737 5584 Κηνσίτορι.

2145 5584 2165 5606 '
2194 5581 2355 5639 Alias
2377 5583 2663 5641 CCXXXV.

2152 5655 2195 5679 “
2219 5653 2380 5714 Alias
2400 5655 2646 5712 CCCLIl.
