4146 6396
361 344 499 400 1045

1326 344 1821 406 EPISTOLARUM
1860 338 2143 401 CLASSlS
2182 344 2277 400 III.
2318 344 2534 402 EPIST.
2575 344 2728 402 CCC.

3598 346 3618 398 1
3631 348 3739 401 046

358 468 500 539 αὐτῷ
547 478 617 542 τῷ
663 472 805 526 ἄνθει
847 481 939 536 τῆς
982 475 1191 540 ἠλικιας
1226 475 1311 529 ἐπὶ
1346 475 1512 549 λόγων
1540 476 1792 542 ἄσκησιν,
1823 473 1955 525 ὑπο-

2073 468 2257 539 longo
2282 468 2381 525 illo
2411 485 2483 526 ac
2515 470 2665 526 tristi
2694 469 2903 526 silentii
2936 470 3337 527 conticentem
3357 473 3733 542 receperunt.

362 552 616 619 δέξασθαι
674 570 947 617 σιωπῶντα
1004 569 1098 623 τὴν
1163 568 1369 641 μακρὰν
1426 568 1619 622 ταύτην
1675 567 1765 615 καὶ
1805 559 1963 614 ἀπευ-

359 650 543 699 κταίαν
619 657 842 709 σιωπήν.
921 652 1076 707 Ἀλλὰ
1147 663 1311 708 ταῦτα
1382 659 1472 728 μὲν
1530 658 1594 715 ὡς
1660 651 1962 724 ἀνθρώπους

359 738 499 808 ἡμᾶς
555 738 701 800 εὐθὺς
747 739 989 800 ἐκίνησε·
1058 748 1144 797 καί
1210 741 1440 819 δάκρυον
1498 742 1774 815 ἕξεχέαμεν
1829 759 1961 814 προ-

361 828 523 893 πετὲς,
583 833 666 880 κοί
725 836 1012 904 στεναγμὸν
1064 832 1330 907 ἀφήκαμεν
1375 833 1430 886 ἐκ
1484 837 1651 905 μέσης
1696 838 1788 892 τῆς
1825 849 1962 905 καρ-

361 910 484 975 δίας
514 914 832 972 ἀπαίδευτον
852 941 865 954 ·
915 929 1008 974 τοῦ
1035 925 1237 985 πάθους
1264 923 1464 997 ἁθρόως
1493 922 1628 993 (36),
1679 922 1785 974 οἶόν
1825 939 1961 979 τινος

358 1003 587 1076 νεφέλης,
632 1010 721 1060 τὸν
790 1008 1041 1084 λογισμὸν
1098 1015 1246 1086 ἡμῶν
1283 1016 1652 1087 περισχόντος.
1708 1012 1843 1065 Ἐπεὶ
1901 1005 1962 1061 δὲ

358 1094 505 1165 ἡμῶν
570 1096 736 1150 αὐτῶν
800 1099 1095 1174 ἐγενόμεθα,
1164 1107 1253 1155 καὶ
1321 1100 1664 1175 διεελέχαμεν
1725 1107 1799 1171 τῷ
1863 1106 1958 1161 τῆς

355 1182 544 1255 Ψυχῆς
599 1185 845 1260 ὀφθαλμῷ
890 1194 1022 1265 πρὸς
1067 1196 1161 1250 τὴν
1210 1196 1365 1264 φύσιν
1418 1200 1518 1245 τῶν
1602 1189 1957 1264 ἀνθρωπίνων,

353 1280 427 1344 τῷ
481 1278 570 1345 μὲν
639 1282 814 1350 Κυριῳ
879 1278 1336 1353 ἀπελογησάμεθα,
1398 1280 1471 1353 ἐφ’
1522 1280 1600 1342 οἷς
1661 1280 1799 1331 κατὰ
1834 1297 1957 1330 συν-

352 1369 593 1437 αρπαγὴν
658 1368 688 1424 ἡ
751 1367 907 1439 ψυχή
975 1372 1121 1443 ἡμῶν
1180 1368 1386 1426 διετέθη
1426 1373 1558 1444 πρὸς
1613 1373 1670 1423 τὸ
1727 1366 1952 1441 συμϐὰν,

352 1452 571 1516 ἑαυτοὺς
618 1451 677 1508 δὲ
725 1455 1131 1533 ἐνουθετήσαμεν
1183 1466 1406 1534 μετρίως
1454 1466 1620 1533 φέρειν
1670 1465 1857 1524 ταῦτα,
1900 1455 1955 1509 ἔκ

351 1551 442 1604 τῆς
506 1544 731 1609 παλαιᾶς
795 1556 885 1601 τοῦ
952 1558 1086 1603 Θεοῦ
1152 1551 1461 1624 ἀποφάσεως
1522 1549 1956 1624 συγκληρωθέντα

350 1641 415 1705 τῇ
481 1637 584 1707 ζωῇ
650 1645 749 1689 τῶν
816 1637 1118 1714 ἀνθρώπων.
1193 1644 1419 1713 Οῖχεται
1481 1646 1602 1701 παῖς
1668 1639 1795 1692 αὐτὸ
1858 1644 1956 1697 τῆς

352 1723 556 1785 ἡλικίας
621 1726 761 1797 ἄγων
817 1732 876 1779 τὸ
943 1727 1224 1803 βιώσιμον,
1291 1726 1592 1803 διαπρέπων
1657 1727 1707 1781 ἕν
1768 1733 1956 1800 χοροῖς

2076 560 2191 615 Sed
2215 558 2344 615 haec
2374 575 2487 615 nos
2524 559 2793 633 quidem,
2851 564 3146 632 tanquam
3191 559 3488 631 homines,
3537 560 3739 617 statim

2072 654 2546 719 commoverunt,
2588 649 3073 723 illacrymatique
3126 666 3339 706 sumus
3388 650 3737 719 immodice,

2072 754 2142 794 ac
2155 738 2444 808 gemitum
2456 738 2772 795 emisimus
2787 755 2861 795 ex
2873 738 3077 795 medio
3090 738 3271 795 corde
3282 754 3406 795 non
3422 738 3737 805 decorum,

2069 843 2210 885 cum
2235 828 2435 886 subito
2463 843 2659 897 casus,
2687 828 2870 886 veluti
2888 829 3169 903 quaedam
3200 828 3419 897 nubes,
3438 828 3738 886 rationem

2070 922 2341 975 nostram
2370 923 2749 991 occupasset.
2781 920 2855 977 At
2881 919 2988 977 ubi
3008 918 3088 975 ad
3112 934 3226 975 nos
3253 918 3475 975 reversi
3496 933 3733 987 sumus,

2069 1023 2143 1065 ac
2201 1008 2578 1081 respeximus
2615 1009 2836 1065 mentis
2874 1008 3050 1065 oculo
3093 1007 3175 1065 ad
3211 1012 3493 1064 naturam
3527 1022 3734 1063 rerum

2069 1097 2502 1164 humanarum,
2524 1098 2767 1155 veniam
2786 1097 3035 1170 quidem
3053 1112 3087 1154 a
3107 1096 3362 1154 Domino
3381 1095 3729 1168 petivimus,

2066 1187 2236 1259 quod
2260 1188 2516 1260 abrepta
2537 1204 2711 1244 mens
2736 1192 2943 1245 nostra
2968 1187 3053 1242 sic
3084 1190 3370 1243 eventum
3394 1185 3567 1242 illum
3592 1201 3733 1242 sen-

2066 1276 2273 1345 sisset;
2303 1291 2415 1332 nos
2442 1276 2610 1348 ipsos
2649 1292 2789 1333 vero
2819 1276 3190 1345 monuimus,
3220 1278 3285 1330 ut
3318 1273 3627 1331 moderate
3656 1290 3730 1332 ea

2066 1364 2356 1433 feramus,
2388 1381 2527 1438 qua:
2556 1381 2631 1421 ex
2679 1366 2932 1438 antiqua
2979 1365 3084 1421 Dei
3118 1364 3415 1421 sententia
3441 1363 3727 1420 humanas

2064 1459 2294 1510 natura:
2322 1469 2455 1510 sors
2484 1454 2795 1511 exsistunt.
2842 1458 3104 1511 Mortuus
3152 1458 3243 1510 est
3290 1468 3440 1525 puer
3480 1452 3726 1508 vitalem

2062 1543 2261 1615 ipsam
2293 1548 2529 1601 aetatem
2576 1559 2790 1615 agens,
2821 1543 3021 1601 clarus
3048 1544 3109 1600 in
3139 1542 3469 1615 mqualium
3501 1541 3723 1608 choris,

2065 1634 2371 1703 magistris
2406 1636 2626 1692 charus
2658 1652 2672 1690 :
2707 1635 2964 1691 idoneus
2987 1635 3095 1708 qui
3120 1650 3206 1691 rex
3233 1633 3362 1690 solo
3392 1647 3726 1703 congressu

2062 1723 2156 1779 vel
2193 1723 2640 1781 ferocissimum
2679 1724 2759 1782 ad
2803 1723 3289 1781 benevolentiam
3314 1721 3722 1795 pertraheret;

351 1812 636 1884 ὁμηλίκων,
690 1819 926 1880 ποθεινὸς
976 1815 1342 1889 διδασκάλοις,
1404 1818 1505 1871 ἀπὸ
1551 1817 1707 1889 ψιλῆς
1743 1826 1837 1879 τῆς
1882 1816 1955 1869 έν·

2067 1817 2276 1869 acutus
2295 1813 2357 1868 in
2386 1812 2737 1886 disciplinis,
2768 1813 3012 1884 ingenio
3041 1814 3223 1884 mitis,
3264 1827 3451 1885 supra
3488 1814 3725 1867 aetatem

353 1901 568 1966 τεύξεως
629 1905 701 1965 εἰς
748 1910 947 1959 εὔνοιαν
990 1905 1276 1981 δυνάμενος
1338 1912 1429 1961 καὶ
1491 1910 1578 1961 τόν
1637 1906 1956 1981 ἀγριώτατον

353 1990 795 2047 ἐπισπάσασθαι·
852 1995 972 2058 ὀξὺς
1038 1997 1089 2050 ἕν
1148 2000 1451 2070 μαθήμασι,
1490 2002 1651 2072 πρᾶος
1688 2000 1747 2047 τὸ
1806 1991 1953 2065 ἦθος,

355 2083 481 2154 ὑπὲρ
547 2087 641 2141 την
699 2084 905 2143 ἠλικίαν
962 2086 1367 2159 κατεσταλμένος
1433 2089 1583 2158 (37)-
1652 2094 1741 2138 καὶ
1798 2084 1957 2138 πλείω

354 2173 545 2223 τούτων
603 2173 776 2241 εἰπὼν,
837 2174 1030 2228 ἐλάττω
1086 2178 1148 2229 ἄν
1199 2197 1276 2238 τις
1328 2180 1463 2230 εἴποι
1518 2184 1611 2239 τῆς
1672 2174 1952 2237 ἀληθείας·

354 2258 461 2311 ἀλλ’
492 2266 631 2334 ὅμως
679 2265 946 2337 ἅνθρωπος
999 2283 1125 2341 παρ’
1188 2265 1460 2340 ἀνθρώπου
1513 2270 1783 2338 γενόμενος
1821 2264 1955 2335 (38).

352 2350 415 2403 Ti
440 2357 610 2403 τοίνυν
639 2352 945 2424 λογίζεσθαι
997 2359 1084 2407 τὸν
1141 2360 1341 2429 πατέρα
1384 2362 1478 2408 τοῦ
1522 2358 1761 2408 τοιούτου
1795 2346 1957 2430 προσ-

352 2448 482 2507 ῆκες
539 2446 604 2496 Τί
650 2442 773 2495 ἄλλο
814 2464 873 2516 γε
915 2447 945 2503 ἧ
986 2444 1384 2518 ἀναμνησθῆναι
1409 2453 1501 2497 τοῦ
1526 2445 1712 2499 ἑαυτοῦ
1736 2448 1955 2518 πατρὸς,

351 2531 431 2581 ὅτι
468 2534 717 2599 redimire;
772 2538 835 2586 Τί
891 2535 979 2586 οὖν
1046 2538 1370 2607 θαυμαστὸν,
1430 2534 1484 2587 ἐκ
1544 2537 1732 2593 θνητοῦ
1784 2553 1958 2605 γεννη-

356 2621 523 2688 θέντα,
589 2622 776 2677 θνητοῦ
851 2625 1095 2690 γενέσθαι
1146 2628 1385 2696 πατέρος
1435 2626 1504 2675 Τὸ
1559 2621 1619 2675 δὲ
1656 2626 1756 2696 πρὸ
1797 2624 1957 2695 ὧρας,

354 2707 444 2753 καὶ
498 2707 617 2775 πρὶν
678 2706 992 2775 κορεσθῆναι
1047 2713 1139 2757 τοῦ
1202 2705 1346 2777 βίον,
1387 2710 1475 2758 καὶ
1512 2711 1632 2779 πρὶν
1672 2706 1738 2766 εἰς
1774 2710 1959 2779 μέτρον

356 2790 563 2852 ἡλικίας
595 2789 776 2860 ἐλθεῖν,
816 2797 905 2845 καὶ
935 2802 1157 2865 φανῆναι
1191 2801 1296 2854 τοῖς
1335 2794 1649 2867 ἀνθρώποις,
1699 2799 1789 2846 καὶ
1834 2791 1960 2846 δια-

359 2874 533 2951 δοχήν
588 2888 681 2933 τοῦ
740 2885 921 2953 γένους
984 2883 1322 2936 καταλιπείνο
1383 2890 1551 2936 ταῦτα
1606 2883 1699 2936 οὐκ
1739 2883 1962 2945 αὔξησις

358 2976 448 3021 τοῦ
514 2972 735 3039 πάθους,
797 2975 863 3034 ὡς
928 2973 1147 3046 ἐμαυτὸν
1215 2975 1394 3037 πείθω,
1460 2972 1589 3026 ἄλλα
1650 2974 1965 3047 παραμυθία

354 3066 447 3111 τοῦ
501 3065 769 3132 γεγονότος
835 3061 993 3119 ἇστίν.
1084 3063 1544 3136 Εὐχαριστεῖσθαι
1616 3062 1807 3135 ὀφείλει
1871 3067 1964 3115 τοῦ

2063 1906 2432 1975 temperatus
2471 1920 2486 1959 :
2528 1908 2587 1960 et
2627 1904 2681 1960 si
2724 1904 2863 1977 quis
2905 1903 3086 1976 plura
3126 1902 3360 1970 dixerit,
3408 1900 3724 1957 veritatem

2064 1995 2269 2047 tamen
2280 1991 2538 2049 dicendo
2551 2008 2674 2049 non
2687 1996 3048 2066 assequetur
3062 2010 3075 2049 :
3091 1991 3199 2048 sed
3218 1996 3423 2049 tamen
3441 1990 3629 2047 homo
3647 2004 3723 2045 ex

2064 2080 2313 2137 homine
2357 2083 2610 2151 genitus.
2661 2082 2818 2149 Quid
2858 2082 3039 2153 igitur
3088 2080 3222 2138 talis
3262 2079 3437 2153 pueri
3485 2081 3723 2151 patrem

2066 2170 2328 2239 cogitare
2347 2171 2558 2227 decet?
2598 2172 2750 2237 Quid
2778 2171 2966 2238 aliud,
2994 2171 3110 2227 nisi
3130 2174 3194 2226 ut
3213 2170 3305 2226 sui
3324 2169 3517 2241 ipsius
3539 2168 3726 2240 patris

2065 2260 2434 2329 recordetur,
2460 2261 2566 2333 qui
2605 2265 2880 2317 mortuus
2909 2260 3047 2317 est?
3087 2260 3242 2326 Quid
3269 2259 3451 2329 igitur
3477 2257 3723 2328 mirum,

2066 2364 2143 2404 ex
2169 2349 2409 2405 mortali
2430 2350 2721 2421 genitum,
2742 2349 3012 2406 mortalis
3035 2354 3271 2422 patrem
3300 2347 3527 2404 factum
3556 2344 3730 2402 esse?

2069 2437 2243 2503 Quod
2264 2443 2469 2495 autem
2497 2438 2841 2509 immature,
2866 2444 2924 2496 et
2952 2441 3315 2511 priusquam
3338 2436 3459 2493 vita
3488 2434 3734 2493 satiare—

2070 2532 2191 2595 tur;
2226 2528 2590 2600 priusquam
2632 2528 2712 2586 ad
2754 2529 2946 2586 aetatis
2976 2542 3329 2584 mensuram
3373 2525 3734 2598 perveniret,

2067 2620 2125 2671 et
2143 2615 2545 2673 innotescerct
2579 2617 2953 2684 hominibus,
2987 2633 3059 2673 ac
3090 2617 3324 2687 generis
3374 2613 3739 2688 relinqueret

2069 2705 2519 2762 successionem
2549 2724 2562 2763 :
2596 2722 2993 2779 nequaquam
3020 2706 3153 2762 haec
3182 2705 3410 2762 doloris
3440 2704 3739 2775 accessio,

2070 2796 2137 2848 ut
2182 2793 2330 2850 mihi
2373 2794 2506 2865 ipse
2558 2796 2921 2868 persuadeo,
2962 2795 3072 2851 sed
3105 2799 3356 2851 eventus
3399 2798 3539 2852 sunt
3590 2793 3745 2851 sola-

2072 2883 2461 2940 tium.Gratiee
2482 2884 2733 2955 agendae
2755 2888 2894 2940 sunt
2908 2883 3128 2941 divina
3155 2881 3744 2956 dispositioni,quod

2072 2987 2197 3028 non
2222 2972 2528 3045 reliquerit
2568 2973 2630 3029 in
2662 2977 2818 3030 terra
2859 2972 3085 3030 liberos
3119 2971 3323 3043 orbos,
3350 2987 3464 3028 nec
3491 2972 3747 3029 viduam

2080 3066 2186 3118 aut
2230 3062 2514 3118 aerumnis
2543 3062 2845 3119 diuturnis
2876 3060 3225 3129 obnoxiam,
3259 3065 3367 3117 aut
3388 3076 3533 3117 cum
3557 3060 3746 3119 altero

354 3156 489 3225 Θεοῦ
541 3152 571 3209 ἠ
619 3148 881 3220 διάταξίς,
928 3152 1011 3206 ὃτι
1049 3157 1120 3226 μὴ
1174 3153 1444 3207 κατελιπεν
1479 3154 1605 3227 ὑπὲρ
1635 3161 1738 3225 γῆς
1766 3153 1955 3225 ὀργανό

2083 3150 2212 3207 viro
2240 3150 2653 3209 habitaturam
2702 3155 2759 3207 et
2798 3151 3023 3209 liberos
3050 3150 3280 3223 priores
3308 3148 3744 3221 neglecturum.

350 3243 539 3292 τέκνα·
598 3242 678 3294 ὅτι
723 3246 795 3314 μὴ
840 3249 1067 3313 γυναῖκα
1107 3247 1286 3317 χήραν
1327 3241 1500 3313 θλίψει
1538 3247 1719 3317 μακρᾲ
1747 3238 1966 3295 ἔκδοτον

350 3329 565 3403 ἀφῆκεν,
613 3330 643 3389 ἣ
688 3328 844 3404 ἀνδρὶ
893 3332 1046 3407 ίτίρῳ
1092 3337 1537 3399 συνοικήσουσαν,
1572 3336 1663 3384 καὶ
1700 3338 1802 3385 τῶν
1832 3345 1971 3406 προ·

348 3424 506 3493 τίρων
561 3424 748 3472 τέκνων
805 3420 1298 3492 καταμελήσουσαν.
1358 3424 1429 3474 Τὸ
1483 3418 1564 3489 δε,
1605 3422 1688 3473 ὄτι
1727 3420 1787 3473 οὐ
1826 3440 1965 3493 παρη

349 3511 507 3567 ετάθη
562 3516 636 3578 τῷ
693 3508 795 3582 βίῳ
843 3512 1011 3581 τούτῳ
1045 3511 1076 3568 ἠ
1120 3510 1228 3571 ζωὴ
1279 3516 1373 3562 τοῦ
1428 3506 1643 3579 παιδὸς,
1676 3514 1759 3573 τίς
1798 3510 1965 3573 οὕτως

348 3596 619 3670 ἀγνώμων,
678 3600 743 3659 ὡς
803 3602 875 3671 μὴ
936 3601 996 3651 τὸ
1062 3602 1309 3671 μέγιστον
1373 3606 1473 3650 τῶν
1540 3597 1749 3669 ἀγαθῶν
1806 3605 1961 3651 τοῦτο

346 3687 571 3758 νομίζειν
625 3683 791 3753 εἷναις
844 3687 901 3741 Ἠ
945 3688 1048 3759 γὰρ
1103 3686 1186 3739 ἐπὶ
1232 3686 1403 3739 πλεῖον
1443 3685 1668 3739 ἐνταῦθα
1705 3683 1953 3760 διατριϐὴ

346 3775 589 3829 πλειόνων
628 3785 800 3828 κακῶν
852 3776 993 3830 ἐστιν
1038 3776 1269 3850 ἀφορμή.
1317 3777 1426 3830 Οὔκ
1477 3779 1695 3835 ἐποίησε
1753 3781 1951 3828 κακόνσ

346 3864 440 3917 οὐκ
472 3865 662 3940 ἔῤῥαψε
710 3863 860 3919 δόλον
910 3874 982 3936 τῷ
1030 3866 1253 3924 πλησίον
1280 3882 1292 3897 ’
1345 3866 1438 3918 οὐκ
1468 3866 1536 3927 εἰς
1563 3864 1799 3937 ἁκάγκην
1832 3863 1954 3925 ἦλθε

346 3959 625 4029 γρατρίαις
678 3957 788 4026 (39)
837 3964 1195 4028 καταμιγῆναι
1240 3960 1689 4031 πονηρευομίνων’
1742 3956 1836 4008 οὐκ
1879 3955 1953 4007 ἰν-

346 4044 542 4103 επλάκη
570 4053 674 4106 τοῖς
705 4047 815 4098 κατ’
870 4044 1062 4119 ἀγορὰν
1107 4052 1289 4107 κακοῖς
1313 4066 1327 4079 ·
1377 4046 1484 4117 οὐχ
1538 4047 1802 4118 ὑπέμεινεν
1833 4044 1953 4097 ἀνά-

342 4154 473 4205 γκην
530 4134 940 4210 ἁμαρτημάτων,
1006 4134 1065 4187 οὐ
1121 4132 1337 4205 ψεῦδος,
1393 4134 1489 4187 οὐκ
1552 4132 1947 4207 ἀγνωμοσύνην,

342 4224 402 4276 οὐ
433 4224 746 4295 πλεονεξίαν,
778 4225 835 4276 οὐ
875 4221 1201 4296 φιληδονίαν,
1232 4224 1291 4276 οὐ
1334 4227 1402 4277 τὰ
1437 4232 1534 4285 τῆς
1562 4228 1752 4298 σαρκὸς
1780 4226 1946 4290 πάθη,

342 4312 444 4367 ὃσα
488 4320 605 4375 ταῖς
648 4314 939 4386 ἀναγώγοις
985 4314 1194 4388 ψυχαῖς
1240 4313 1536 4386 ἐγγίνεσθαι
1564 4319 1822 4386 πέφυκεν
1864 4314 1950 4367 οὐ·

344 4400 506 4476 δεμιᾷ
543 4406 659 4476 (40)
698 4401 881 4463 κηλίδι
928 4406 1042 4475 (41)
1088 4409 1182 4463 τὴν
1220 4404 1406 4476 ψυχὴν
1457 4401 1655 4462 ἀπῆλθε
1692 4423 1943 4456 κατεστι-

2084 3239 2260 3305 Quod
2282 3244 2488 3297 autem
2516 3241 2636 3298 vita
2664 3240 2839 3313 pueri
2860 3239 3103 3311 longius
3129 3238 3193 3296 in
3220 3239 3338 3296 hoc
3367 3238 3588 3296 saculo
3608 3254 3748 3311 pro-

2079 3328 2262 3386 ducta
2289 3344 2415 3386 non
2451 3326 2597 3397 fuit;
2647 3329 2788 3403 quis
2833 3328 2990 3385 adeo
3033 3327 3541 3400 inconsideratus,
3579 3330 3647 3384 ut
3681 3327 3748 3385 id

2076 3419 2417 3475 maximum
2446 3417 2621 3492 437
2652 3418 2961 3476 bonorum
2986 3433 3116 3475 esse
3135 3433 3261 3475 non
3285 3418 3518 3490 judicet
3535 3417 3564 3473 ?
3594 3418 3750 3475 Lon-

2074 3509 2206 3580 gior
2226 3508 2387 3565 enim
2407 3508 2503 3564 hic
2525 3508 2946 3577 commoratio,
2961 3507 3264 3564 malorum
3285 3506 3553 3581 plurium
3572 3523 3747 3565 occa-

2071 3599 2160 3655 sio
2204 3604 2309 3655 est.
2366 3602 2496 3656 Non
2543 3598 2793 3656 admisit
2833 3597 3087 3669 malum,
3119 3612 3244 3654 non
3272 3597 3491 3654 struxit
3524 3596 3738 3654 dolum

2068 3690 2388 3763 proximo;
2427 3705 2554 3746 non
2595 3690 2659 3745 in
2704 3689 2767 3744 id
2794 3688 3166 3745 necessitatis
3195 3687 3378 3759 venit,
3411 3692 3479 3743 ut
3500 3688 3741 3761 iniquo-

2065 3793 2203 3835 rum
2252 3778 2517 3835 societati
2553 3777 3025 3845 admisceretur;
3075 3792 3201 3833 non
3255 3775 3603 3849 implicatus
3644 3781 3735 3834 est

2063 3866 2243 3923 malis
2272 3867 2614 3924 forensibus
2640 3885 2655 3935 ;
2686 3882 2810 3922 non
2840 3865 3128 3922 sustinuit
3153 3865 3574 3922 necessitatem
3594 3880 3734 3938 peo-

2062 3955 2263 4025 candi,
2294 3970 2420 4011 non
2449 3954 2860 4023 mendacium,
2883 3969 3010 4011 non
3036 3953 3226 4012 animi
3248 3954 3470 4025 ingrati
3488 3954 3726 4025 vitium,

2059 4060 2185 4102 non
2245 4046 2587 4115 avaritiam,
2651 4060 2779 4102 non
2842 4060 3119 4102 amorem
3154 4044 3566 4118 voluptatum,
3598 4060 3727 4103 non

2061 4134 2202 4192 vitia
2259 4135 2481 4205 carnis,
2546 4150 2953 4208 quaecumque
3014 4134 3236 4192 animis
3285 4133 3601 4192 dissolutis
3635 4134 3725 4192 in-

2058 4224 2227 4281 nasci
2257 4224 2484 4291 solent;
2515 4223 2684 4282 nulla
2717 4223 2963 4281 macula
2993 4224 3230 4281 inustus
3253 4224 3461 4281 animo
3501 4224 3724 4295 migra-

2058 4312 2164 4379 vit,
2196 4312 2307 4370 sed
2342 4330 2534 4387 purus
2566 4313 2862 4371 abscessit
2884 4313 2965 4369 ad
2985 4318 3211 4371 sortem
3229 4312 3562 4371 meliorem.
3589 4315 3721 4371 Non

2060 4402 2322 4458 contexit
2344 4407 2501 4458 terra
2533 4401 2836 4474 dilectum,
2862 4402 2973 4458 sed
3002 4400 3222 4459 ccelum
3244 4400 3525 4473 suscepit.
3559 4402 3719 4456 Deus

339 4498 540 4565 γμένος,
599 4493 727 4545 ἀλλὰ
777 4495 1007 4565 καθαρὸς
1068 4492 1376 4566 ἀνεχώρησε
1436 4496 1567 4566 πρὸς
1613 4497 1708 4551 τὴν
1758 4491 1947 4565 ἀμείνω

2067 4500 2163 4571 qui
2199 4516 2295 4555 res
2345 4505 2587 4557 nostras
2640 4500 3010 4569 moderatur,
3051 4500 3157 4572 qui
3213 4499 3536 4571 unicuique
3571 4502 3719 4555 tem-

340 4583 507 4645 λῆξιν.
563 4583 639 4635 Οὐ
686 4591 753 4655 γῆ
796 4581 1089 4658 κατέκρυψε
1131 4586 1218 4634 τὸν
1263 4581 1553 4653 ἀγαπητὸν,
1594 4579 1700 4633 ἀλλ’
1734 4582 1948 4655 οὐρανὸς

343 4668 649 4735 ὑπεδέξατο·
696 4676 823 4733 Θεὸς
879 4672 905 4724 ὁ
956 4675 1019 4724 τὰ
1065 4673 1290 4745 ἡμέτερα
1328 4670 1627 4744 οἰκονομῶν,
1661 4672 1688 4723 ὁ
1724 4673 1820 4734 τὰς
1846 4679 1947 4724 τῶν

340 4768 545 4836 χρόνων
600 4764 869 4835 ὁροθεσίας
919 4761 1124 4833 ἑκάστῳ
1175 4763 1482 4835 νομοθετῶν,
1531 4762 1557 4813 ὁ
1608 4759 1818 4833 ἀγαγὼν
1875 4761 1947 4823 εὶς

340 4857 432 4910 τὴν
500 4853 637 4912 ζωὴν
694 4855 910 4919 ταύτην,
979 4852 1130 4912 αὐτὸς
1190 4856 1280 4903 καὶ
1336 4855 1672 4923 μετέστησεν.
1713 4848 1946 4924 Ἐχομεν

344 4938 693 4995 διδασκάλων
734 4936 845 5013 (42)
880 4940 928 4993 ἐν
974 4948 1086 5000 ταῖς
1138 4939 1447 5015 ὑπερϐολαῖς
1494 4948 1593 4991 τῶν
1644 4948 1944 5015 συμφορῶν,

341 5037 438 5091 τὴν
486 5030 796 5106 περιϐόητον
860 5030 1056 5089 ἐκείνην
1117 5034 1288 5104 φωνὴν
1351 5038 1444 5083 τοῦ
1499 5029 1729 5103 μεγάλου
1795 5028 1946 5086 Ἰώϐ-

439 5250 532 5319 36)
569 5246 817 5320 Ἀθρόως.
852 5242 1011 5303 Harl.
1042 5247 1101 5320 et
1128 5241 1276 5301 Med.
1309 5242 1517 5320 ἁθρόον.

441 5313 522 5374 37’
551 5313 989 5389 Κατεσταλμίνος.
1053 5319 1196 5387 Reg.
1245 5313 1551 5372 secundus
1624 5317 1681 5372 et
1752 5314 1945 5386 Bigot.

342 5393 743 5463 καθεσταμένος.

414 5467 525 5534 (38)
569 5456 861 5534 Ῠενόμινος.
892 5463 977 5516 Ita
1019 5456 1375 5534 Med.,AHarl.
1398 5461 1456 5515 et
1485 5456 1661 5534 Coisl.
1690 5458 1948 5534 primus.

347 5530 495 5589 Editi
520 5530 775 5605 γενηθείς.
801 5532 966 5605 Reg._
991 5530 1295 5605 secundus
1323 5532 1605 5605 γεννηθείς.
1633 5530 1792 5605 Infra
1820 5545 1952 5605 eos-

346 5605 487 5662 dem
515 5600 753 5663 codices
785 5600 972 5660 secuti
1000 5600 1371 5659 mutavimus
1400 5601 1568 5675 quod
1597 5601 1803 5667 eratin
1829 5600 1955 5658 edi-

346 5676 424 5734 tis
456 5678 538 5730 ἐπὶ
569 5685 665 5749 ’γῆς
695 5680 753 5733 et
780 5684 877 5728 τῶν
906 5678 1167 5750 προτέρων
1196 5677 1399 5747 γάμων.

2056 4612 2276 4671 porum
2331 4598 2619 4656 terminos
2678 4598 3009 4671 praestituit,
3074 4597 3182 4670 qui
3218 4597 3281 4653 in
3332 4597 3492 4653 hanc
3529 4596 3718 4652 vitam

2057 4706 2219 4762 hunc
2254 4706 2608 4775 deduxerat,
2639 4707 2803 4764 idem
2832 4706 3016 4763 etiam
3046 4705 3367 4762 transtulit.
3406 4704 3717 4761 Habemus

2056 4814 2493 4872 documentum
2520 4815 2583 4873 in
2602 4813 2888 4873 maximis
2912 4812 3377 4881 calamitatibus,
3399 4810 3720 4870 celeberri-

2056 4930 2224 4971 mam
2260 4915 2427 4972 illam
2463 4915 2672 4986 magni
2725 4914 2864 4972 Jobi
2908 4929 3124 4972 vocem
3156 4932 3171 4971 :
3203 4914 3494 4971 Dominus
3527 4912 3717 4978 dedit,

2057 5015 2347 5071 Dominus
2370 5015 2621 5072 abstulit
2649 5029 2672 5070 ,ο
2694 5015 2849 5071 sicut
2884 5013 3146 5073 Domino
3184 5013 3378 5072 visum
3406 5018 3515 5082 est,
3538 5014 3629 5070 ita
3661 5016 3720 5069 et

2128 5238 2249 5313 (39)
2286 5236 2927 5313 seerpietcﬁediceps
2956 5235 3148 5313 codex
3172 5240 3422 5313 φρατρίᾳ,-

2282 5294 2724 5382 ΟέὶδεῇιιᾷξΕάῇιὶ
2751 5307 2986 5365 addunt
3012 5294 3461 5382 τούτωνξητίυίιιζ
3501 5303 3721 5382 harum

2057 5377 2262 5438 rerum
2288 5377 2547 5438 macula.
2565 5380 2681 5439 Sed
2699 5396 2773 5439 ea
2792 5396 2910 5438 vox
2928 5379 3145 5438 melius
3164 5380 3404 5437 videtur
3425 5377 3639 5435 deesse
3658 5377 3722 5434 in

2061 5452 2267 5512 codice
2299 5451 2637 5510 Harlaeano.

2158 5525 2249 5603 lit)
2282 5521 2501 5603 Κηλίδι.
2521 5524 2637 5603 __Sic
2658 5524 3112 5603 plerique__mss.
3138 5519 3300 5603 Editi
3322 5516 3582 5603 ualida."

2132 5592 2250 5723 $42)
2289 5592 2681 5652 Acé‘aaxdhovi
2710 5592 2994 5656 Nonnulli
3043 5594 3283 5655 codices
3361 5592 3724 5652 recentiores

2070 5666 2106 5723 δ
2111 5690 2126 5721 ι
2170 5669 2469 5723 ασκαλεῖον.

2111 5689 2158 5724 ιο
2170 5689 2469 5728 ασκαΑειον.
