4146 6384
310 306 336 360 1
347 305 455 362 049

1272 298 1759 359 EPISTOLARUM
1796 296 2082 358 CLASSIS
2122 297 2222 359 III.
2259 300 2476 360 EPIST.
2517 300 2715 360 CCCII.

3541 303 3682 365 1050

306 429 372 482 1'6
425 426 671 502 λυπηρῶς
714 427 933 501 ἐνεγκεῖν
986 429 1080 488 τὴν
1128 424 1398 490 διάζευξιν
1452 425 1513 479 ού
1564 428 1750 501 μικρόν
1801 423 1906 479 ἐστι

2019 427 2250 485 ratione
2277 425 2450 484 dolor
2477 442 2604 485 non
2643 442 2905 500 parvum
2936 427 3015 484 sit
3038 425 3143 484 Dei
3179 425 3433 497 donum,
3456 427 3552 486 his
3574 430 3683 504 qui

309 524 415 569 τῶν
452 516 508 570 ἐκ
563 523 697 572 Θεοῦ
755 514 961 595 δωρεῶν
1001 524 1109 579 τοῖς
1164 516 1495 590 εὐγνωμόνως
1540 515 1910 589 λογιζομένοις.

310 606 541 672 Πολλούς
597 609 700 684 γὰρ
761 610 982 682 ἔγνωμεν
1027 612 1124 667 τὴν
1166 604 1412 661 διάλυσιν
1469 614 1561 669 τῆς
1622 603 1913 664 ἀκαταλλή-

307 696 402 750 λου
432 696 546 770 (53)
586 701 938 760 συνοικήσεως
988 698 1162 773 ὥσπερ
1219 695 1419 771 βάρους
1469 695 1717 750 ἀπόθεσιν
1767 690 1916 759 δεξα-

305 788 514 859 μένους.
578 784 897 859 Ἀπόϐλεψον
951 791 1083 863 πρὸς
1145 790 1232 840 τόν
1292 784 1507 860 οὐρανόν
1560 792 1764 855 τοῦτον,
1823 787 1914 837 καὶ

303 877 396 928 τόν
453 874 596 934 ἣλιον
626 919 642 947 ,
702 879 790 928 καὶ
851 881 1026 930 πᾶσαν
1090 875 1408 952 περίσκεψαι
1460 879 1555 935 τὴν
1619 879 1793 927 κτίσιν
1863 874 1912 927 ἐν

302 962 502 1037 κύκλῳ,
534 965 617 1018 ὅτι
658 973 828 1019 ταῦτα
862 969 974 1038 μεν,
1004 972 1242 1020 τοσαῦτα
1287 969 1410 1019 ὄντα
1456 970 1547 1018 καὶ
1597 963 1907 1034 τηλικαῦτα,

299 1055 496 1130 μικρὸν
551 1052 768 1130 ὕστερον
810 1055 869 1109 ού
927 1060 1235 1129 φανήσεται·
1267 1059 1357 1108 καὶ
1390 1053 1445 1107 ἐκ
1473 1055 1678 1109 πάντων
1716 1054 1913 1107 τούτων

300 1140 467 1196 ἕκείνο
523 1145 805 1219 συνάγαγε,
838 1145 938 1215 ὅτι,
967 1148 1118 1219 μέρος
1163 1148 1296 1207 ὄντες
1350 1153 1446 1207 τῆς
1472 1143 1913 1206 ἀποθνησκούσης

298 1236 540 1304 κτίσεως,
589 1237 650 1287 1'6
715 1233 770 1287 ἐκ
819 1243 918 1300 τῆς
970 1244 1146 1297 κοινῆς
1210 1236 1412 1309 φύσεως
1478 1236 1591 1306 (54)
1642 1231 1911 1287 ἐπιϐάλλον

297 1321 433 1395 ἡμῖν
496 1318 898 1397 ὑπεδεξάμεθα·
939 1321 1047 1379 ἐπεὶ
1109 1328 1200 1377 καὶ
1266 1325 1293 1376 ὁ
1355 1325 1525 1396 γάμος
1592 1321 1746 1384 αὐτὸς
1816 1328 1911 1377 τοῦ

301 1410 661 1471 ἀποθνήσκειν
697 1411 811 1467 ἐστὶ
852 1416 1182 1490 παραμυθία.
1217 1418 1357 1467 Διότι
1406 1416 1507 1489 γὰρ
1559 1412 1627 1474 εἰς
1678 1415 1737 1465 τὸ
1775 1432 1911 1465 παν-

297 1500 444 1564 τελὲς
494 1506 807 1576 παραμένειν
862 1502 956 1556 ούκ
1012 1505 1148 1573 ἐνῆν,
1169 1511 1231 1577 τῇ
1289 1499 1528 1576 διαδοχῇ
1590 1507 1683 1554 τοῦ
1732 1504 1913 1573 γένους

293 1593 359 1645 τὸ
383 1593 515 1663 πρὸς
538 1594 626 1645 τόν
670 1591 789 1666 βίον
825 1588 1041 1667 διαρκὲς
1061 1593 1086 1645 ὁ
1118 1596 1446 1668 Δημιουργὸς
1494 1590 1902 1664 ἐμηχανήσατο.

297 1680 365 1734 Εἰ
423 1676 503 1746 δὲ,
561 1681 640 1734 ὅτι
698 1682 882 1735 θᾶττον
932 1690 1232 1758 προαπῆρεν
1288 1684 1457 1756 ἡμῶν,
1515 1678 1794 1754 ἀνιώμεθα,
1834 1683 1906 1753 μὴ

2019 531 2148 573 rem
2176 532 2354 590 aequo
2396 517 2603 574 animo
2627 520 2931 591 reputant.
2966 516 3116 575 Novi
3142 516 3302 573 enim
3323 518 3683 594 multos,qui

2018 610 2313 680 tanquam
2325 607 2523 664 oneris
2543 606 3004 680 depositionem,
3016 598 3383 663 matrimonii
3402 622 3527 665 non
3537 623 3680 666 con-

2020 696 2288 768 gruentis
2323 696 2781 755 dissolutionem
2812 696 3078 770 amplexi
3132 699 3290 754 sunt.
3322 697 3574 770 Respice
3616 698 3682 755 in

2020 786 2242 845 caelum
2287 790 2345 843 et
2391 787 2582 844 solem
2614 803 2628 843 :
2662 789 2719 843 et
2747 791 3052 844 creaturas
3104 802 3319 842 omnes
3372 786 3684 845 undelibet

2021 875 2328 947 collustra,
2359 876 2491 933 haec
2536 891 2673 950 quae
2711 879 2799 932 tot
2827 879 2884 933 et
2912 880 3078 933 tanta
3125 878 3287 944 sunt,
3316 874 3499 948 paulo
3543 880 3684 949 post

2018 982 2145 1024 non
2173 966 2646 1040 comparebunt;
2681 970 2860 1039 atque
2877 981 2951 1022 ex
2967 965 3061 1022 his
3082 965 3371 1022 omnibus
3387 964 3535 1022 illud
3564 965 3683 1023 col-

2018 1055 2157 1128 lige,
2184 1072 2318 1124 nos,
2345 1072 2485 1113 cum
2527 1055 2804 1128 periturae
2846 1058 3134 1113 creatura
3189 1070 3331 1128 pars
3372 1054 3585 1124 simus,
3616 1055 3682 1113 id

2018 1145 2187 1221 quod
2206 1145 2382 1202 nobis
2394 1161 2467 1201 ex
2477 1142 2790 1202 communi
2807 1148 3026 1203 natura
3041 1144 3342 1211 convenit,
3352 1144 3678 1217 accepisse;

2019 1235 2321 1309 siquidem
2347 1238 2404 1291 et
2423 1234 2776 1305 conjugium
2795 1234 2998 1308 ipsum
3021 1235 3234 1292 mortis
3266 1239 3355 1291 est
3381 1233 3678 1292 solamen.

2019 1328 2171 1383 Nam
2200 1325 2344 1398 quia
2364 1339 2605 1397 semper
2632 1339 2987 1396 permanere
3010 1340 3133 1381 non
3158 1324 3679 1394 dabatur,succes-

2022 1415 2189 1471 sione
2211 1413 2445 1485 generis
2474 1413 2935 1487 perpetuitatem
2964 1414 3102 1470 vitae
3125 1416 3370 1471 Creator
3392 1413 3682 1470 concilia-

2018 1504 2123 1562 vit.
2146 1501 2318 1570 Quod
2356 1501 2409 1558 si
2462 1501 2524 1558 id
2581 1501 2884 1572 angimur,
2917 1502 3086 1575 quod
3143 1502 3316 1560 citius
3371 1507 3509 1560 ante
3560 1516 3676 1558 nos

2019 1591 2336 1660 abierit,illi
2353 1607 2427 1648 ne
2441 1591 3019 1665 invideamus,quod
3039 1590 3329 1649 molestiis
3348 1592 3486 1650 vitae
3508 1589 3678 1650 haud

2017 1682 2275 1739 multum
2300 1680 2542 1754 oppleta
2566 1679 2873 1751 fuerit,sed
2902 1681 3095 1738 instar
3117 1680 3336 1738 ﬂorum
3358 1681 3678 1743 nitentium

299 1768 679 1845 βασκαίνωμεν
715 1779 777 1846 τῇ
826 1776 897 1845 μὴ
945 1770 1030 1825 ἐπὶ
1056 1771 1187 1826 πολὺ
1231 1780 1329 1825 τῶν
1360 1769 1605 1846 ὀχληρῶν
1660 1778 1753 1824 τοῦ
1784 1768 1906 1843 βίον

2019 1786 2127 1827 nos
2156 1786 2292 1829 eam
2323 1770 2522 1826 adhuc
2550 1768 2965 1826 desiderantes
2986 1769 3435 1843 reliquerit.Sed
3461 1775 3518 1829 te
3539 1777 3681 1831 ante

297 1856 725 1934 ἀναπλησθείσῃ,
759 1859 888 1914 ἀλλά
932 1863 1069 1914 κατά
1122 1865 1216 1921 τὴν
1262 1862 1426 1936 χάριν
1483 1865 1575 1920 τὴν
1603 1868 1701 1913 τῶν
1742 1859 1907 1915 ἀνθῶν

299 1952 381 2004 ἔτι
420 1950 707 2013 ποθοῦντας
733 1952 874 2024 ἡμᾶς
926 1950 1237 2025 ἐπιλιπούσῃ
1286 1949 1419 2022 (55).
1465 1953 1573 2025 Πρὸ
1612 1950 1815 2003 πάντων
1847 1947 1908 2004 δὲ

300 2058 363 2093 σε
397 2041 456 2093 τὸ
484 2047 577 2101 τῆς
629 2037 965 2104 ἀναστάσεως
1025 2037 1203 2112 δόγμα
1255 2040 1735 2113 ψυχαγωγησάτω,
1778 2047 1905 2114 Χρι-

301 2129 513 2182 στιανὸν
556 2131 695 2199 ὄντα,
721 2133 813 2183 καὶ
867 2128 946 2183 ἐπ’
1002 2126 1174 2184 ἐλπίδι
1232 2137 1332 2183 τῶν
1369 2128 1649 2202 μελλόντων
1697 2127 1905 2202 ἀγαθῶν

298 2222 396 2277 τὴν
452 2217 592 2280 ζωὴν
649 2215 981 2293 διεξάγόντα.
1014 2219 1191 2281 Ούτως
1246 2216 1333 2272 οὖν
1387 2216 1713 2273 διανοεῖσθαι
1741 2238 1906 2295 προσ-

298 2316 444 2377 ῆκεν,
483 2309 554 2372 ὡς
590 2304 714 2363 ὁδόν
766 2329 884 2363 τινα
936 2308 1301 2386 παρελθούσης
1347 2310 1480 2381 (56),
1516 2307 1576 2367 ἣν
1622 2313 1713 2361 καὶ
1766 2298 1907 2381 ἡμᾶς

301 2393 484 2457 δεήσει
544 2401 883 2474 πορεύεσθαι.
909 2399 972 2455 Εἰ
1002 2396 1082 2470 δὲ,
1122 2400 1203 2454 ὅτι
1239 2402 1340 2473 πρὸ
1386 2400 1555 2472 ἡμῶν,
1595 2397 1691 2452 οὐκ
1738 2396 1904 2477 ὀδυρ-

296 2495 409 2561 μῶν
433 2495 589 2541 τοῦτο
634 2489 799 2552 οἶξιον.
832 2492 1033 2566 Μικρὸν
1088 2492 1190 2564 γὰρ
1246 2488 1463 2563 ὓστερον
1490 2492 1657 2560 τυχὸν
1683 2491 1741 2541 τὸ
1770 2490 1904 2561 ἠμέ-

299 2595 446 2652 τερον
520 2577 882 2650 ίλεεινότερον,
956 2579 1018 2648 εἰ,
1097 2576 1180 2631 ἐπὶ
1252 2578 1423 2632 πλεῖον
1495 2578 1902 2652 παραταθέντες,

299 2665 504 2719 πλείοσι
575 2667 849 2738 γενοιμεθα
908 2671 1163 2739 τιμωρίας
1235 2667 1529 2739 ύπόχρεοι.
1593 2664 1751 2717 Ἀλλά
1812 2674 1905 2729 τῆς

2014 1858 2225 1918 omnia
2281 1859 2508 1915 recreet
2560 1857 3013 1914 resurrectionis
3062 1858 3332 1930 dogma,
3366 1859 3679 1919 hominem

2016 1948 2437 2013 Christianum,
2456 1946 2707 2020 atquein
2741 1945 3082 2004 futurorum
3110 1946 3417 2006 bonorum
3447 1965 3557 2024 spe
3583 1951 3680 2009 vi-

2013 2041 2272 2095 ventem.
2306 2038 2501 2103 Quare
2530 2051 2641 2108 par
2668 2035 2847 2093 fuerit
2873 2035 2949 2094 de
2978 2052 3052 2094 ea
3080 2036 3163 2093 ita
3188 2037 3474 2109 cogitare,
3499 2040 3680 2113 quasi

2012 2128 2173 2186 viam
2204 2126 2542 2202 quamdam
2569 2125 2909 2194 confecerit,
2936 2142 3127 2201 quam
3153 2130 3210 2183 et
3233 2142 3348 2184 nos
3375 2128 3680 2201 oportebit

2013 2216 2267 2289 ingredi.
2294 2215 2466 2284 Quod
2499 2216 2551 2271 si
2574 2215 2750 2272 nobis
2782 2215 3030 2286 prteivit,
3058 2215 3120 2272 id
3149 2216 3379 2287 gemitu
3416 2217 3676 2288 dignum

2011 2323 2137 2365 non
2157 2309 2266 2364 est.
2284 2308 2434 2362 Nam
2466 2303 2614 2361 forte
2637 2305 2820 2379 paulo
2859 2309 2998 2377 post
3026 2321 3157 2362 sors
3184 2309 3393 2363 nostra
3421 2307 3677 2365 misera-

2011 2396 2188 2455 bilior
2214 2395 2341 2463 erit,
2367 2396 2417 2451 si
2456 2393 2685 2451 diutius
2723 2393 2914 2462 dilati,
2937 2394 3214 2468 pluribus
3257 2394 3478 2452 ﬁamus
3527 2413 3676 2471 sup-

2011 2487 2207 2561 pliciis
2260 2483 2527 2541 obnoxii.
2582 2484 2838 2542 Proinde
2890 2485 3044 2543 ratio
3099 2488 3345 2553 nostra,
3396 2487 3677 2544 maeroris

2012 2590 2271 2633 excusso
2314 2589 2515 2644 onere,
2549 2573 2611 2630 id
2640 2578 2828 2644 curet,
2858 2573 3174 2648 quomodo
3220 2574 3433 2632 deceat
3464 2590 3580 2634 nos
3611 2574 3675 2634 in

2012 2669 2324 2736 posterum
2347 2662 2601 2720 Domino
2628 2664 2886 2735 placere.

299 2753 467 2813 λύπης
516 2757 575 2807 τό
616 2752 781 2829 βάρος
841 2753 867 2806 ὁ
918 2753 1173 2826 λογισμὸς
1209 2754 1355 2826 ἡμῶν
1414 2753 1847 2828 ἀποσεισάμενος,
1902 2756 1996 2813 τὴν
2042 2756 2161 2831 περὶ
2196 2757 2291 2806 τοῦ
2349 2759 2460 2816 πῶς
2515 2752 2655 2825 ἡμᾶς
2701 2759 2940 2827 προσῆκε
2982 2755 3114 2828 πρὸς
3151 2755 3213 2806 τὸ
3255 2753 3438 2827 ἑφεξῆς
3490 2753 3673 2830 εὐαρε-

304 2846 441 2896 στεῖν
478 2850 552 2916 τῷ
584 2844 765 2917 Κυρίῳ
795 2838 1050 2919 φροντίδα
1078 2840 1408 2915 μεταλαϐέτω
1438 2841 1572 2915 (57).

862 2972 1206 3024 ΕΠΙΣΤΟΛΗ
1245 2966 1358 3024 ΤΒ’.

2563 2964 2890 3023 EPISTOLA
2924 2966 3143 3023 CCCII‘.

1355 3093 1632 3152 Brisonis
1675 3092 1904 3150 mortui
1948 3106 2199 3151 uxorem
2240 3090 2612 3149 consolatur.

406 3222 547 3298 Πρὸς
567 3224 663 3283 τὴν
684 3222 946 3297 ὁμόζυγον
975 3225 1235 3299 Βρίσωνος
1263 3222 1374 3295 (58)
1402 3221 1837 3297 παραμυθητικήο

368 3362 530 3418 Ὀσον
582 3367 673 3438 μὲν
713 3363 1051 3439 ἐστενάξαμεν
1090 3364 1174 3420 ἐπὶ
1229 3372 1294 3439 τῇ
1329 3364 1546 3439 ἀγγελίᾳ
1573 3371 1665 3418 τοῦ
1703 3364 1906 3425 πάθους

299 3459 393 3507 τοῦ
420 3456 554 3507 κατά
598 3456 687 3508 τόν
738 3455 955 3529 ἄριστον
1010 3463 1110 3508 τῶν
1151 3451 1354 3528 ἀνδρῶν
1412 3459 1667 3529 Βρίσωνα,
1701 3457 1755 3506 τί
1790 3458 1901 3527 χρὴ

301 3548 393 3597 καὶ
437 3542 658 3616 λέγειν;
726 3545 936 3605 Πάντὼς
985 3546 1083 3619 γὰρ
1149 3540 1324 3606 οὐδεὶς
1396 3544 1557 3605 οὕτως
1634 3542 1746 3596 ἐστὶ
1793 3543 1906 3615 (59)

300 3634 501 3691 λιθίνην
550 3635 686 3706 ἔχων
732 3637 828 3692 τὴν
883 3630 1129 3708 καρδίαν,
1158 3632 1230 3701 ὃς,
1262 3634 1330 3695 εἰς
1378 3640 1559 3708 πεῖραν
1604 3631 1905 3706 ἀφικόμενος

300 3730 394 3776 τοῦ
437 3719 624 3796 ἀνδρὸς
663 3721 876 3794 ἐκείνου,
929 3720 1015 3776 εἶτ’
1069 3722 1298 3784 ἀκούσας
1362 3722 1519 3776 αὑτὸν
1576 3721 1777 3796 ἀθρόως
1849 3721 1905 3786 ἐξ

300 3810 583 3885 ἀνθρώπων
640 3810 1072 3888 ἀνηρπασμένον,
1136 3812 1283 3885 ούχὶ,
1349 3815 1415 3875 ὡς
1464 3817 1640 3873 κοινὴν
1710 3816 1903 3886 ζημίαν

298 3900 394 3954 τοῦ
424 3899 569 3974 βίου,
592 3905 686 3960 τὴν
723 3908 815 3954 τοῦ
867 3898 1054 3978 ἰψδρὸς
1112 3905 1358 3977 στέρησιν
1409 3900 1701 3974 ἐλογίσατο.
1732 3901 1903 3974 Ἰῐμῶν

301 3986 362 4044 δὲ
399 3990 551 4052 εὐθὺς
605 3995 701 4050 τὴν
754 3989 922 4050 λύπην
960 3992 990 4050 ἡ
1056 3989 1140 4044 ἐπὶ
1182 3995 1267 4045 σοὶ
1340 3996 1549 4067 φροντὶς
1607 3988 1899 4060 διεδέξατο,

297 4079 678 4154 λογιζομένων,
733 4080 833 4150 ὁτι,
897 4081 942 4134 εἰ
1010 4088 1118 4144 τοῖς
1185 4080 1361 4157 ποῤῥω
1422 4089 1517 4143 τῆς
1587 4082 1904 4147 οἰκειότητος

298 4171 435 4226 ούτω
473 4170 614 4247 βαρύ
668 4176 760 4225 καὶ
818 4168 1079 4246 δύσφορον
1096 4175 1156 4225 1'6
1210 4171 1435 4244 συμϐὰν,
1475 4158 1601 4235 ’πῶς
1641 4173 1774 4235 εἰκὸς
1802 4175 1903 4227 ὑπό

298 4267 393 4316 τοῦ
434 4261 632 4322 πάθους
683 4264 778 4320 τὴν
833 4265 931 4320 σὴν
987 4257 1293 4321 διατεθῆναι
1340 4260 1528 4334 ψυχὴν
1558 4305 1574 4335 ,
1630 4262 1767 4315 ούτω
1813 4265 1904 4336 μεν

299 4355 451 4428 ρύσει
515 4354 764 4425 χρηστήν
811 4347 1009 4423 οὖσαν,
1061 4356 1153 4404 καὶ
1228 4354 1359 4426 πρὸς
1421 4354 1515 4415 τὰς
1581 4355 1905 4426 συμπαθείας

301 4440 508 4495 εὔκολον
565 4438 661 4493 διὰ
708 4444 805 4500 τὴν
867 4447 962 4494 τοῦ
1011 4444 1205 4516 τρόπου
1263 4443 1604 4514 ἡμερότητα,
1653 4441 1789 4495 οὕτω
1847 4439 1907 4497 δὲ

299 4532 641 4604 ὑποκειμένην
670 4538 743 4602 τῷ
787 4532 964 4598 πάθει,
997 4533 1132 4584 ὥστε
1197 4531 1350 4584 οἱονεὶ
1404 4528 1727 4604 διχοτομίας
1766 4536 1907 4594 τινὸς

2377 3217 2567 3275 Uxori
2584 3217 2859 3274 Brisonis
2888 3218 3316 3276 consolatoria.

2085 3360 2823 3435 Quantumingemuerim,
2841 3363 3121 3420 nuntiato
3134 3361 3677 3436 optimihominum

2014 3448 2281 3506 Brisonis
2310 3466 2478 3521 casu,
2507 3450 2657 3524 quid
2677 3450 2771 3508 vel
2812 3451 3010 3508 dicere
3048 3452 3334 3510 attineat?
3354 3455 3504 3509 Nam
3533 3469 3680 3527 pro-

2013 3536 2169 3595 fecto
2198 3554 2380 3596 nemo
2400 3540 2481 3597 ita
2506 3539 2687 3597 corde
2703 3539 3038 3612 lapideo,ut
3061 3541 3257 3599 virum
3280 3541 3454 3599 illum
3471 3559 3678 3616 exper-

2013 3628 2108 3684 tus
2129 3644 2198 3685 ac
2219 3628 2436 3685 deinde
2457 3630 2711 3686 audiens
2729 3645 2801 3687 ex
2814 3630 3165 3688 hominibus
3187 3631 3383 3687 subito
3398 3636 3676 3704 ereptum

2012 3732 2162 3783 esse,
2189 3733 2312 3774 non
2360 3734 2684 3776 commune
2713 3719 2998 3776 humanae
3029 3721 3163 3776 vitae
3188 3720 3485 3778 damnum
3514 3721 3675 3778 illius

2006 3806 2306 3877 jacturam
2320 3807 2770 3865 existimaverit.
2796 3811 3105 3865 Moerorem
3121 3813 3323 3866 autem
3340 3825 3546 3866 meum
3557 3809 3677 3867 sol-

2011 3895 2259 3954 licitudo
2297 3897 2373 3954 de
2402 3901 2460 3955 te
2486 3897 2685 3955 statim
2716 3897 3117 3971 excepit,cum
3147 3899 3553 3971 cogitarem,si
3579 3900 3676 3957 his

2012 3988 2115 4058 qui
2146 4003 2271 4043 non
2305 3991 2447 4043 sunt
2479 3986 2773 4043 afﬁnitate
2809 3988 3136 4059 conjuncti,
3167 3988 3229 4044 id
3259 3988 3426 4061 quod
3459 3988 3679 4047 accidit

2015 4076 2169 4132 adeo
2192 4091 2375 4145 grave
2387 4080 2443 4132 et
2466 4076 2546 4132 ad
2566 4076 2993 4149 perferendum
3019 4076 3199 4151 £39
3225 4077 3488 4149 difﬁcile,
3515 4094 3674 4151 quo-

2013 4165 2199 4222 modo
2220 4165 2535 4223 verisimile
2555 4166 2630 4222 sit
2650 4162 2920 4224 animam
2943 4172 3106 4224 tuam
3126 4168 3189 4224 in
3205 4169 3321 4224 hoc
3334 4184 3481 4225 casu
3493 4168 3674 4238 afﬁci,

2013 4270 2150 4328 quae
2163 4258 2447 4312 etnatura
2474 4254 2629 4312 adeo
2641 4254 2908 4326 benigna
2932 4259 3022 4313 est
3043 4257 3188 4313 etad
3202 4258 3674 4315 commiseratio-

2012 4360 2122 4401 nes
2141 4348 2701 4418 propensapropter
2714 4360 2951 4401 morum
2973 4345 3489 4420 lenitatem,etipsi
3503 4347 3674 4405 casui
3702 4337 3711 4342 ’

2012 4434 2096 4490 ita
2125 4434 2418 4506 subjecta,
2447 4439 2512 4490 ut
2534 4434 2711 4490 veluti
2737 4433 3081 4507 bipertitam
3094 4436 3430 4509 quamdam
3452 4436 3671 4493 sectio-

2013 4540 2155 4582 nem
2184 4525 2246 4582 in
2293 4520 2567 4596 conjugis
2612 4524 2992 4598 separatione
3047 4525 3314 4582 senserit.
3347 4524 3577 4582 Etenim
3617 4526 3673 4583 si

299 4621 648 4675 κίσθάνεσθαι
676 4617 726 4672 ἐν
753 4628 825 4692 τῷ
875 4627 1136 4696 ⁸(ωρισμῷ
1184 4627 1276 4673 τοῦ
1325 4621 1604 4693 ὀμόζυγος.
1643 4624 1742 4675 Καὶ
1778 4624 1904 4696 γὰρ,

2019 4632 2244 4685 revera,
2273 4614 2609 4672 secundum
2660 4613 2896 4672 Domini
2952 4630 3295 4673 sermonem
3320 4659 3336 4685 ,
3361 4617 3492 4687 jam
3543 4631 3669 4674 non

297 4711 344 4768 εἰ
387 4718 462 4784 τῷ
499 4711 608 4765 ὄντι
671 4711 808 4763 κατὰ
858 4712 949 4763 τόν
995 4715 1089 4764 τοῦ
1149 4714 1344 4784 Κυρίου
1390 4708 1544 4783 λόγον
1589 4708 1759 4765 ούκέτι
1802 4710 1907 4766 εἰσὶ

369 4874 419 4911 ι’
456 4871 660 4931 Matth.
693 4886 813 4931 xxx.
851 4874 906 4929 6.

523 5030 928 5107 Ἀκαταλλήλου.
984 5032 1142 5090 Harl.
1175 5036 1233 5107 et
1274 5032 1422 5107 Med.
1481 5032 1596 5085 κατ’
1633 5032 1898 5107 ἀλλήλους.

289 5101 523 5177 ibidem
532 5103 703 5177 multi
725 5103 963 5177 codices
982 5105 1345 5161 recentiores
1367 5101 1901 5177 δεχομένουςῬᾶυῙΟ

288 5181 431 5251 post
457 5175 598 5251 editi
629 5175 812 5251 13.516?
836 5175 1229 5251 oﬁparvév.Tres
1256 5175 1899 5251 vetustis'simicodices

287 5247 355 5306 iit
378 5248 441 5304 in
472 5250 654 5305 textu.
673 5249 805 5320 Mox
834 5247 1050 5315 Regius
1076 5251 1346 5320 uterque,
1372 5247 1550 5304 Coisl.
1568 5249 1896 5320 secundus

287 5325 346 5377 et
383 5319 704 5377 Vaticanus
731 5317 787 5371 ἔκ
814 5320 1018 5372 πάντων
1044 5317 1260 5384 τούτων,
1289 5320 1418 5375 sine
1443 5318 1893 5389 conjunctione.

359 5392 474 5461 (54)
516 5394 744 5465 Φύσεως.
792 5390 1234 5465 Med._x1'ia'm;.
1294 5390 1483 5448 Paulo
1540 5397 1678 5465 post
1730 5391 1894 5450 idem

292 5476 430 5519 cum
463 5463 620 5520 Harl.
645 5467 787 5516 Διότι
813 5463 901 5516 ἕνα
920 5461 992 5525 εἰς
1020 5465 1102 5531 τὸ,
1125 5467 1236 5520 etc.

363 5534 476 5610 (_5_5)
516 5534 886 5610 'Enclttroﬁcy‘.
936 5535 1030 5610 Sic
1084 5533 1268 5594 iidem
1319 5537 1437 5594 tres
1488 5533 1894 5610 antiquissimi

292 5605 552 5665 codices.
576 5605 730 5666 Editi
759 5605 1111 5667 ἀπολιπούση.

2014 4708 2156 4764 sunt
2183 4704 2326 4777 duo,
2348 4704 2452 4762 sed
2482 4719 2608 4762 una
2636 4719 2779 4762 caro
2800 4705 2870 4775 ‘9,
2891 4702 3160 4778 profecto
3188 4704 3489 4779 separatio
3507 4705 3668 4778 ejus-

2108 5030 2198 5100 56)
2240 5028 2653 5104 Παρελθούσης.-
2666 5025 2823 5104 Harl.
2854 5025 3237 5104 προελθιζῦσῃς.

2105 5096 2195 5167 57)
2233 5096 2598 5155 Μεταλαϐέτω.
2632 5096 2718 5154 Ita
2745 5114 2849 5154 sex
2876 5096 3025 5171 mss.
3054 5099 3206 5155 Editi
3230 5096 3608 5171 μεταϐαλλέτω.

2104 5172 2195 5243 58)
2238 5176 2516 5247 Βρίσωνος.
2547 5169 3028 5247 Reg._s_e_cundus
3070 5175 3126 5227 et
3155 5169 3331 5247 Coisl.
3362 5171 3668 5228 secundus

2008 5239 2320 5317 Βρίσοίωνος.
2350 5242 2598 5317 Addunt
2651 5239 2792 5297 editi
2837 5244 3194 5317 χηρεύουσαν,
3229 5241 3494 5310 viduam,
3527 5257 3667 5314 quin

2004 5312 2123 5372 vox
2150 5315 2319 5372 deest
2345 5315 2407 5370 in
2431 5312 2735 5386 plerisque
2767 5312 2909 5386 mss.

2077 5388 2190 5459 (459)
2232 5387 2409 5459 Οὕτως
2435 5384 2730 5459 _ia'1'_i_.‘Sic_
2762 5384 2915 5459 Harl.
2951 5388 3008 5441 et
3054 5385 3201 5443 Med.
3236 5387 3411 5459 Deest
3439 5384 3554 5459 ἐστί
3590 5384 3661 5459 _in

2003 5454 2441 5532 editis.,Statim
2490 5454 2822 5532 eduram;
2879 5455 3267 5532 ἀθρόωςηΜεε.
3295 5457 3468 5512 αὐτόν.
3507 5455 3656 5515 Sub-

2000 5529 2143 5589 inde
2174 5530 2337 5589 Harl.
2366 5534 2423 5587 et
2447 5528 2595 5587 Med.
2627 5527 3028 5603 ἀναρπασθέντα
3056 5529 3162 5602 οὐχ
3187 5531 3275 5592 ὡς.

2072 5604 2096 5629 ’
2122 5603 2282 5663 Alias
2312 5603 2642 5662 CCCXLVII.
