4146 6378
266 344 407 401 1053

1213 343 1707 404 EPISTOLARUK
1745 346 2025 404 CLASSIS
2068 348 2160 402 Ill.
2202 346 2423 403 EPIST.
2465 345 2685 403 CCCVI.

3501 346 3640 402 1056

259 465 447 522 τοῖσδε
484 466 782 544 ἐπαγαγεῖν.
814 474 954 527 Ἐπεὶ
983 469 1071 526 οὖν
1111 477 1199 526 καὶ
1238 476 1297 525 τὸ
1343 476 1609 547 γινόμενον
1653 468 1861 542 ἄδικον,

1975 471 2203 529 tionem
2238 469 2561 529 indicares.
2593 471 2743 528 Cum
2780 470 2960 541 igitur
2986 469 3049 526 id
3077 471 3244 543 quod
3272 471 3498 530 factum
3522 473 3637 540 est,

264 562 360 611 καὶ
393 553 488 611 διὰ
516 567 671 613 τοῦτο
701 559 1014 635 ἀπαρέσκειν
1063 560 1260 634 ὀφεῖλον
1308 569 1370 634 τῇ
1420 564 1688 634 τιμιότητί
1745 581 1863 632 σου,

258 651 353 699 καὶ
379 649 505 721 ἡμῖν
534 647 766 722 λυπηρὸν
790 646 883 703 δια
920 656 1014 709 τὴν
1044 654 1175 726 πρὸς
1204 652 1324 714 τοὺς
1363 646 1716 723 ἠδικημένους
1740 651 1864 724 ἡμῖν

259 736 617 811 ὑπάρχουσαν
648 738 947 798 οἰκειότητα
978 762 991 773 ·
1021 738 1346 813 ἐσπεύσαμεν
1376 739 1741 815 παρακαλέσαι
1770 744 1865 798 τὴν

256 828 615 900 χρηστότητα
643 847 739 880 σου
769 832 840 901 μὴ
869 831 1024 882 ἐᾶσαι
1053 827 1311 904 προϐῆναι
1349 836 1458 892 τοῖς
1506 825 1708 882 ἀδικεῖν
1758 827 1866 882 ἔπι-

257 921 514 988 χειροῦσι
543 920 639 976 τὴν
668 917 937 993 ἐπήρειαν.

830 1143 1168 1193 ΕΠΙΣΤΟΛΗ
1207 1136 1299 1192 ΤΔ’

1972 561 2265 633 injustum
2296 559 2387 626 sit,
2422 564 2480 616 et
2500 559 2725 617 idcirco
2755 560 3071 633 displicere
3101 558 3332 617 debens
3362 560 3638 632 dignitati

1973 652 2109 719 tuae,
2153 652 2211 706 et
2257 649 2406 705 mihi
2452 649 2779 706 molestum
2828 653 3074 722 propter
3123 648 3638 707 necessitudinem

1972 739 2121 796 mihi
2151 755 2292 796 cum
2318 738 2391 795 iis
2420 738 2525 812 qui
2556 739 2681 796 laesi
2712 746 2852 796 sunt
2880 738 3383 809 intercedentem;
3422 754 3638 812 rogare

1971 829 2251 886 festinavi
2276 828 2710 902 benignitatem
2739 832 2929 901 tuam,
2956 832 3023 885 ut
3045 843 3121 884 ne
3141 829 3494 886 hominibus
3524 845 3636 887 no-

1973 935 2107 976 cere
2143 918 2485 975 volentibus
2528 918 2813 992 injuriam
2857 934 2930 975 ex
2969 918 3267 976 sententia
3308 918 3636 992 procedere

1971 1008 2242 1083 patiaris.

2490 1138 2825 1196 EPISTOLA
2865 1137 3064 1197 CCCW
3086 1142 3149 1195 ".

1112 1235 1505 1295 Commendat
1528 1235 1792 1307 aliquem
1823 1234 1898 1291 de
1925 1250 2040 1306 quo
2071 1239 2255 1292 antea
2281 1236 2492 1306 fuerat
2518 1239 2775 1295 locutus.

897 1335 1213 1411 Ἀϐουργίῳ.

320 1418 491 1483 Οὗτός
535 1420 676 1474 ἔστιν
721 1424 849 1497 ὑπὲρ
899 1424 959 1477 οὗ
1011 1429 1100 1479 καὶ
1153 1429 1401 1500 πρότερον
1451 1421 1731 1495 διελέχθην
1778 1441 1861 1475 σοι

246 1504 345 1561 διὰ
366 1515 462 1562 τοῦ
502 1507 775 1566 διακόνου.
801 1510 1020 1573 Ἐπειδὴ
1062 1510 1149 1567 οὖν
1193 1517 1333 1586 ἔχων
1378 1514 1472 1572 ἧκε
1514 1518 1609 1571 τὴν
1648 1511 1859 1565 ἐπιστο-

244 1597 342 1657 λὴν
369 1598 495 1673 παρ’
525 1601 694 1673 ἡμῶν,
726 1598 941 1656 ἀπέλθοι
972 1605 1110 1676 ἔχων
1141 1604 1175 1655 ἃ
1206 1602 1453 1676 βούλεται
1479 1601 1627 1678 παρά
1650 1608 1765 1656 σοῦ.

804 1752 1144 1802 ΕΠΙΣΤΟΛΙΙ
1190 1746 1304 1805 TE’.

2645 1338 2692 1391 Δ
2708 1338 2940 1391 buraz‘o.

2044 1422 2144 1478 Hic
2171 1428 2258 1479 est
2283 1422 2402 1494 ille,
2438 1425 2513 1482 de
2535 1336 3070 1498 qqurfiti‘l’iigztzcum
3102 1425 3284 1482 etiam
3315 1427 3492 1481 antea.
3524 1437 3632 1496 per

1968 1511 2299 1569 diaconum
2333 1528 2532 1570 sermo
2572 1514 2695 1570 fuit.
2724 1516 2870 1570 Cum
2903 1529 3047 1584 ergo
3077 1530 3114 1571 a
3146 1530 3245 1571 me
3269 1513 3377 1570 tibi
3403 1512 3629 1570 litteras

1968 1600 2215 1670 deferat,
2244 1617 2282 1658 a
2310 1606 2366 1659 te
2385 1602 2480 1659 liis
2509 1618 2645 1676 quae
2676 1602 2841 1676 cupit
2867 1602 3201 1676 impetratis
3228 1601 3521 1660 discedat.

2502 1748 2845 1804 EPISTOLA
2883 1744 3128 1804 CCCV“.

998 1846 1392 1902 Commendat
1421 1845 1631 1902 amicis
1658 1845 1783 1901 suis
1818 1842 2116 1899 hominem
2147 1842 2291 1901 bene
2316 1844 2391 1901 de
2413 1845 2539 1901 illis
2568 1846 2873 1901 meritum.

499 1939 898 2017 ’Δνεπίγραφος,
930 1940 1018 1995 επὶ
1047 1942 1304 2018 ἐναρέτοις,
1323 1939 1600 2016 ἀνδράσιν.

320 2113 464 2176 Ἤδη
513 2124 775 2194 γνώριμος
811 2121 933 2192 ὑμῖν
972 2122 1113 2173 ἐστιν
1164 2122 1192 2174 ὁ
1244 2117 1408 2188 δεῖνα,
1458 2123 1524 2182 ὡς
1565 2120 1702 2173 αὐτὰ
1744 2117 1850 2178 δη-

247 2204 332 2259 λοῖ
356 2208 420 2259 τὰ
449 2203 759 2282 διηγήματα
802 2216 893 2262 τοῦ
924 2207 1131 2283 ἀνδρὸς.
1184 2211 1298 2264 Ἐπὶ
1344 2211 1524 2271 πάσης
1564 2213 1666 2284 γὰρ
1714 2210 1851 2283 ὑμᾶς

241 2298 549 2369 προφάσεως
589 2300 703 2371 ἔχει
751 2301 781 2358 ἡ
821 2299 1043 2371 γλῶσσα
1081 2301 1265 2368 αὑτοῦ,
1300 2299 1348 2352 ἐν
1389 2297 1683 2374 ὀρθοδὸξων
1716 2306 1847 2372 μνή-

241 2404 340 2458 μῃ,
385 2385 436 2438 ἐν
489 2385 731 2447 ἀσκητῶν
786 2388 1059 2462 φιλοξενίᾳ,
1109 2388 1158 2442 ἐν
1204 2393 1350 2464 πάσῃ
1408 2388 1562 2464 ἀρετῇ
1610 2396 1850 2465 πρώτους

238 2474 380 2547 ὑμᾶς
430 2476 456 2526 ὀ
522 2475 653 2550 ἀνὴρ
710 2478 848 2549 ἄγει.
911 2477 1016 2530 Κᾶν
1061 2475 1403 2532 διδασκάλων
1471 2497 1548 2539 τις
1612 2480 1844 2551 μνησθῇ,

236 2563 338 2617 οὐκ
383 2562 625 2635 ἀνέχεται
688 2568 960 2637 προθεὶναι
1015 2568 1159 2638 ὑμῶν
1216 2568 1417 2641 ἐτέρους
1443 2590 1454 2600 ·
1512 2567 1597 2620 ἐὰν
1655 2566 1847 2640 ἀγωνι-

236 2655 375 2713 στὰς
417 2661 513 2713 τῆς
557 2649 839 2722 εὐσεϐείας,
883 2658 974 2704 καὶ
1023 2655 1235 2714 ἱκανοὺς
1270 2659 1328 2706 τὸ
1367 2658 1585 2707 πιθανὸν
1622 2663 1719 2715 τῆς
1759 2658 1848 2707 αἱ-

236 2743 429 2813 ρέσεως
486 2736 767 2811 διελέγξαι,
827 2740 922 2793 οὐκ
976 2742 1040 2793 ἄν
1095 2742 1260 2794 ἕλοιτο
1314 2744 1483 2816 ἕτερον
1541 2748 1640 2817 πρὸ
1706 2745 1848 2816 ὑμῶν

238 2828 559 2901 ἀριθμῆσαι,
595 2832 721 2903 πρὸς
749 2832 921 2884 πάντα
952 2832 1068 2903 (67)
1106 2831 1321 2903 ἄμαχον
1368 2834 1490 2906 {ante
1535 2839 1625 2885 καί
1672 2832 1849 2886 ἀναντ-

241 2921 536 2988 αγώνιστον
598 2923 692 2978 τὴν
756 2916 943 2992 ἀρετὴν
1009 2929 1309 2996 μαρτυρῶν.
1388 2926 1488 2975 Καὶ
1557 2921 1618 2973 οὐ
1690 2921 1849 2984 πολὺς

241 3005 386 3078 αὐτῷ
436 3012 592 3070 πόνος
638 3015 845 3080 πεῖσαι,
890 3016 1061 3062 ταῦτα
1122 3009 1342 3082 λέγοντι.
1411 3018 1682 3083 Διηγεῖται
1746 3013 1848 3086 γὰρ

238 3092 423 3158 ἀκοαῖς
456 3101 672 3170 μείζονα
709 3097 1064 3171 ἕπεσταμένων
1112 3098 1413 3173 ἀνθρώπων,
1476 3102 1507 3160 ἣ
1549 3101 1618 3153 ὧν
1665 3102 1728 3153 ἄν
1770 3121 1852 3164 τις

245 3188 519 3257 νομισθείη
555 3187 668 3260 μεθ’
708 3187 994 3262 ὑπερϐολῆς
1039 3186 1399 3261 ἀπαγγέλλειν.
1453 3189 1624 3253 Οὗτος
1677 3196 1850 3243 τοίνυν

1892 1944 1936 1997 Β
1963 1940 2111 1999 Sine
2136 1942 2549 2015 inscriptione,
2577 1957 2764 1999 causa
2788 1943 3053 1999 virorum
3078 1940 3480 2014 quorumdam
3507 1939 3629 1997 vir-

2551 2038 2678 2089 tute
2704 2033 3037 2090 clarorum.

2030 2118 2166 2176 Jam
2216 2123 2396 2177 notus
2433 2120 2604 2177 vobis
2642 2120 2738 2178 ille
2781 2125 2890 2190 est,
2943 2126 3008 2178 ut
3056 2119 3250 2193 ipsius
3299 2116 3630 2177 ostendunt

1956 2211 2349 2268 narrationes.
2395 2214 2545 2267 Nam
2585 2211 2665 2267 ad
2712 2227 2959 2268 omnem
2988 2226 3098 2267 vos
3138 2208 3525 2266 occasionem
3562 2207 3627 2264 in

1957 2314 2061 2355 ore
2080 2298 2293 2355 habet:
2327 2300 2389 2354 in
2417 2299 2895 2356 orthodoxorum
2917 2297 3354 2365 recordatione,
3376 2297 3439 2353 in
3459 2311 3628 2353 asce~

1956 2386 2030 2443 tis
2062 2387 2325 2460 hospitio
2361 2388 2730 2460 excipiendis
2758 2403 2829 2444 ac
2863 2388 2925 2444 in
2956 2386 3124 2443 omni
3153 2386 3366 2442 virtute
3393 2385 3628 2459 primas

1956 2476 2129 2533 vobis
2159 2476 2366 2534 defert.
2398 2478 2454 2534 Si
2483 2479 2621 2550 quis
2645 2476 2721 2534 de
2752 2477 3101 2535 doctoribus
3128 2476 3502 2532 mentionem
3530 2475 3628 2532 in-

1950 2566 2140 2637 jiciat,
2170 2582 2296 2623 non
2321 2567 2547 2639 patitur
2571 2567 2721 2624 alios
2750 2567 2926 2624 vobis
2957 2566 3245 2639 anteponi
3275 2582 3289 2620 :
3329 2564 3378 2621 si
3405 2564 3480 2621 de
3501 2563 3626 2637 pie—

1956 2654 2093 2711 tatis
2121 2656 2678 2726 propugnatoribus
2705 2660 2762 2711 et
2784 2656 2865 2713 ad
2890 2654 3298 2713 confutandas
3319 2653 3627 2711 haeretico-

1955 2756 2094 2797 rum
2110 2741 2522 2799 cavillationes
2539 2743 2800 2810 idoneis,
2825 2744 3011 2800 alium
3028 2747 3168 2800 ante
3178 2758 3288 2799 vos
3302 2756 3627 2799 numerare

1954 2830 2123 2898 nolit,
2164 2831 2576 2889 testimonium
2628 2832 2796 2889 vobis
2846 2832 3115 2890 tribuens
3153 2831 3405 2900 virtutis,
3433 2846 3626 2904 quam

1955 2934 2139 2976 nemo
2158 2920 2393 2977 vinci-re
2421 2924 2479 2977 et
2506 2936 2857 2994 expugnare
2878 2921 3089 2994 possit.
3112 2924 3230 2977 Nec
3257 2932 3524 2990 magnus
3542 2919 3626 2976 illi

1955 3007 2130 3066 labor
2148 3009 2278 3066 haec
2308 3009 2569 3067 dicendo
2599 3010 2990 3083 persuadere.
3024 3009 3313 3082 Loquitur
3328 3008 3491 3066 enim
3515 3023 3625 3066 au.

1956 3098 2125 3156 ribus
2167 3098 2509 3167 hominum,
2551 3101 2657 3174 qui
2697 3104 2922 3158 norunt
2958 3100 3215 3171 majora,
3255 3113 3447 3172 quam
3483 3114 3623 3173 quae

1956 3188 2094 3262 quis
2140 3204 2432 3247 enarrans
2475 3204 2846 3262 exaggerare
2884 3189 3181 3246 videatur.
3234 3188 3291 3245 Is
3326 3187 3509 3260 igitur
3543 3186 3624 3244 ad

241 3270 467 3326 ἐπανιὼν
514 3278 648 3350 πρὸς
683 3277 819 3349 ὑμᾶς
861 3276 1153 3352 γράμματα
1197 3277 1411 3349 ᾔτησεν,
1459 3278 1566 3350 οὐχ
1614 3280 1699 3331 ἵνα
1734 3278 1850 3332 ίαν-

1966 3292 2069 3334 708
2094 3277 2333 3335 rediens
2372 3278 2542 3351 petiit
2563 3278 2811 3345 litteras,
2840 3293 2966 3336 non
2991 3283 3057 3335 ut
3085 3293 3149 3333 se
3178 3292 3319 3335 mea
3344 3291 3533 3349 opera
3561 3276 3623 3332 in

239 3366 332 3416 τὸν
373 3365 495 3436 ὑμῖν
530 3364 775 3438 οἰκειώσῃ
821 3361 895 3418 δι’
943 3367 1115 3437 ἡμῶν,
1163 3363 1272 3418 ἀλλ’
1316 3368 1401 3420 ἱνα
1446 3366 1535 3439 ἐμὲ
1580 3368 1850 3441 εὐεργετή-

241 3471 337 3526 cy,
392 3460 486 3507 τοῦ
532 3455 1000 3527 προσφθέγξασθαι
1057 3462 1162 3515 τοῖς
1227 3454 1519 3527 ἀγαπητοῖς
1573 3477 1674 3530 μου
1734 3460 1844 3531 (68)

238 3539 474 3617 ἀφορμὴν
513 3547 954 3619 παρασχόμενος·
1005 3543 1060 3595 ὃν
1109 3544 1394 3616 ἀμείψαιτο
1439 3546 1466 3597 ὁ
1515 3549 1704 3621 Κύριος
1750 3555 1845 3609 τῆς

235 3629 444 3703 ἀγαθῆς
487 3638 869 3708 προαιρόσεως.
924 3637 1026 3686 Καὶ
1073 3633 1219 3704 ὑμεῖς
1254 3630 1315 3686 δὲ
1354 3635 1496 3704 αὑτῷ
1536 3635 1724 3708 εὐχαῖς
1755 3642 1845 3690 καὶ

235 3726 302 3791 τῇ
358 3718 530 3793 ἀγαθῇ
585 3722 729 3794 ὑμῶν
777 3726 894 3797 περὶ
944 3723 1145 3781 πάντας
1198 3727 1502 3796 προαιρέσει
1557 3730 1652 3785 τὴν
1709 3729 1846 3780 κατὰ

237 3804 463 3881 δύναμιν
507 3812 671 3885 χάριν
719 3808 1022 3883 διανείματε
1065 3811 1201 3882 (69).
1259 3818 1538 3885 Σημαίνετε
1584 3817 1708 3887 ἡμῖν
1754 3820 1843 3868 καὶ

235 3898 304 3948 τὰ
332 3905 432 3948 τῶν
455 3898 639 3960 Ἐκκλη
650 3909 774 3954 σιῶν
796 3901 934 3962 ὅπως
965 3904 1101 3971 ἔχει.

794 4028 1130 4078 ΕΠΙΣΤΟΛΗ
1169 4024 1286 4089 Τςί.

1957 3370 2218 3423 vestram
2256 3366 2725 3425 familiaritatem
2759 3368 3112 3437 insinuaret,
3153 3366 3262 3423 sed
3297 3370 3364 3423 ut
3397 3365 3624 3423 beneﬂ—

1954 3456 2114 3513 cium
2139 3457 2203 3513 in
2234 3473 2330 3514 me
2371 3457 2686 3530 conferret,
2727 3458 3112 3516 occasionem
3148 3456 3430 3529 prabens
3467 3454 3620 3514 salu-

1953 3545 2280 3603 tandorum
2319 3547 2652 3604 amicorum
2690 3564 2703 3603 :
2760 3548 2936 3619 cujus
2971 3550 3388 3603 remuneretur
3420 3544 3621 3602 Domi-

1953 3651 2070 3692 nus
2100 3635 2333 3693 bonam
2358 3636 2744 3694 voluntatem.
2773 3639 2888 3693 Vos
2918 3641 3124 3693 autem
3155 3635 3209 3693 ei
3246 3633 3532 3708 precibus
3563 3638 3623 3690 et

1952 3723 2118 3781 bona
2137 3729 2339 3782 vestra
2358 3740 2502 3796 erga
2528 3741 2742 3782 omnes
2771 3724 3088 3782 voluntate
3111 3724 3334 3796 gratias
3350 3738 3462 3795 pro
3480 3722 3619 3780 viri-

1946 3812 2070 3870 bus
2108 3814 2447 3886 persolvite.
2498 3815 2839 3886 Signiﬁcate
2878 3814 3062 3871 etiam
3108 3813 3287 3871 nobis
3323 3828 3448 3885 quo
3502 3812 3619 3868 sint

1949 3902 2085 3960 loco
2106 3919 2204 3960 res
2225 3904 2651 3962 Ecclesiarum.

2361 4024 2534 4099 44],
2582 4027 2922 4083 EPISTULA
2962 4024 3254 4083 CCCVl‘“.

235 4117 425 4190 Rogat
468 4127 535 4177 ut
574 4121 802 4179 civibus
838 4122 1283 4179 Alexandrinis
1326 4124 1658 4194 propinqui
1692 4139 1931 4194 corpus,
1964 4122 2253 4181 Sebastia’
2290 4126 2532 4183 mortui.
2564 4124 2807 4194 publica
2829 4122 3133 4181 'mandato
3170 4122 3617 4195 exportantium

941 4196 1245 4266 concedat,
1280 4202 1333 4251 et
1364 4196 1603 4267 aliquid
1629 4197 1883 4252 subsidii
1904 4210 1981 4254 ex
2015 4196 2257 4266 publico
2282 4211 2464 4252 cursu
2489 4198 2651 4266 ferri
2665 4197 2902 4266 jubeat.

662 4289 907 4363 Ἡγεμόνι
938 4291 1053 4362 (⁸70)
1079 4290 1411 4353 Σεϐαστείας.

254 4390 255 4393 ‘
307 4377 635 4452 Δίσθάνομαι
675 4385 772 4441 τῆς
813 4384 1115 4453 τιμιότητος
1155 4398 1250 4432 σου
1290 4377 1455 4441 ἡδέως
1493 4384 1588 4444 τὰς
1626 4380 1838 4436 ἐπιστο-

2432 4293 2789 4362 Principali
2815 4293 3117 4350 Sebastiz.

2021 4381 2290 4454 Intelligo
2315 4382 2669 4453 dignitatem
2696 4387 2869 4438 tuam
2906 4381 3163 4438 libenter
3191 4380 3417 4438 litteras
3444 4395 3616 4438 meas

231 4467 325 4531 ).ὰς
390 4470 536 4541 ἡμῶν
601 4473 968 4543 προσιεμένης,
1034 4474 1125 4521 καὶ
1193 4473 1289 4527 τὴν
1358 4469 1524 4522 αἰτίαν
1578 4471 1836 4545 γνωρίζω.

1965 4471 2245 4544 accipere,
2294 4487 2406 4528 nec
2444 4486 2695 4528 causam
2728 4472 2962 4542 ignoro.
3021 4475 3245 4528 Amans
3274 4471 3435 4527 enim
3464 4470 3617 4527 boni

229 4556 520 4627 Φιλάγαθος
570 4560 670 4632 ’γὰρ
733 4559 820 4625 ὢν,
891 4564 979 4611 καὶ
1044 4561 1173 4631 πρὸς
1242 4558 1472 4620 εὐποιίας
1532 4564 1838 4633 πρόχειρος,

230 4644 415 4706 ἐπειδὴ
469 4667 589 4700 τινα
642 4647 888 4702 ἑκάστοτε
938 4649 1064 4707 ὕλην
1119 4651 1462 4723 παρεχόμεθα
1516 4668 1601 4702 σοι
1660 4652 1840 4709 ἱκανὴν

227 4808 562 4883 trocinatur
610 4808 876 4883 Basilius,
903 4810 1254 4883 imperatas
1301 4808 1510 4873 fuisse,
1549 4810 1735 4883 idque
1775 4812 1839 4868 in

225 4879 437 4939 multae
467 4880 664 4954 magis
690 4881 959 4954 quamin
983 4879 1189 4954 tributi
1209 4880 1343 4954 loco
1369 4879 1716 4954 ;Asiquidém
1736 4899 1838 4939 eos

226 4967 434 5027 comes
450 4952 534 5007 rei
551 4951 798 5027 privatae
816 4951 985 5027 falsis
1006 4951 1527 5027 criminationibus
1550 4954 1839 5027 deceptus

226 5023 774 5097 damnaveratLSic
803 5024 982 5079 etiam
1010 5025 1327 5091 Gregorius
1350 5028 1499 5097 ANaz.
1530 5023 1715 5097 epist;
1738 5029 1837 5081 184

227 5095 575 5151 Nemesium
636 5094 875 5151 ﬂectere
930 5099 1202 5161 conatur,
1257 5095 1363 5161 qui
1423 5094 1837 5155 Valentiniano

226 5181 524 5240 equorum
549 5166 911 5240 multamob
929 5164 1176 5240 aliquod
1196 5164 1482 5240 delictum
1514 5167 1833 5240 inﬂixerat.

224 5234 344 5295 Nec
392 5236 612 5310 mirum
671 5241 760 5310 est
808 5236 871 5293 in
929 5234 1334 5310 Cappadocia,
1390 5252 1527 5309 quae
1568 5239 1833 5310 optimos

224 5325 416 5382 equos
446 5308 663 5379 alebat,
694 5306 1833 5382 ejusmodi'multasimpositas‘fuisse.

298 5378 408 5450 (67)
455 5378 957 5456 npbg_nairq.__lta
998 5378 1183 5456 Med._,
1238 5378 1409 5437 Coisl.
1468 5386 1720 5455 uterque
1778 5387 1834 5439 et

223 5444 726 5527 Regiise‘c'undus.
759 5451 906 5508 Editi
936 5456 1063 5527 πρὸς
1089 5444 1310 5513 πάντας.

297 5523 786 5598 (68)-Ἀγοιπητοῖς
830 5521 1144 5598 μου.’ΒΘξ,¹ἐ
1203 5521 1524 5598 secundus
1552 5527 1609 5579 et
1653 5522 1830 5598 Coisl.

223 5593 542 5668 secundus
556 5593 848 5668 ἀγαπητοῖς
870 5615 980 5668 μοι.
1006 5594 1188 5653 Paulo
1211 5599 1349 5668 post
1375 5594 1549 5653 Coisl.
1574 5594 1832 5667 primus,

222 5666 352 5724 Vat.
376 5670 434 5723 et
457 5665 713 5726 Clarom.
745 5665 1048 5740 ἀμείψεται.

1951 4575 2092 4616 cum
2119 4561 2223 4632 sis,
2258 4565 2313 4617 et
2333 4560 2412 4618 ad
2441 4560 2906 4617 beneﬁcentiam
2934 4574 3299 4633 propensus,
3319 4559 3614 4632 quoniam

1948 4649 2058 4707 tibi
2084 4650 2351 4723 aliquam
2376 4649 2636 4707 subinde
2656 4651 2971 4708 materiam
2999 4647 3468 4723 suppeditamus
3485 4647 3617 4705 ido-

2020 4812 2135 4881 (69)
2175 4817 2509 4884 Almanam.
2539 4813 2630 4884 ita
2667 4810 2840 4884 _Med.,
2874 4809 3050 4866 Coisl.
3092 4814 3365 4882 uterque,
3395 4810 3523 4867 Vat.
3554 4813 3615 4867 et

1948 4886 2090 4953 Reg.
2116 4879 2449 4955 secundus.
2470 4882 2624 4955 Editi
2653 4879 3023 4955 διανείμαντες.

2018 4950 2135 5023 (³70)
2180 4954 2461 5026 Ἠγιμόνι,
2496 4952 2640 5008 Vide
2678 4950 2853 5009 nota's
2888 4952 2983 5026 ad
3006 4952 3178 5026 epist.
3219 4954 3307 5026 67,
3360 4950 3465 5026 ubi
3490 4966 3611 5026 ea-

1946 5025 2086 5082 dem
2113 5023 2259 5081 voce
2286 5023 2409 5081 non
2430 5025 2649 5097 ducem
2679 5029 2783 5097 aut
2811 5023 3153 5097 praesidem,
3182 5024 3290 5079 sed
3312 5023 3614 5097 principa-

1945 5096 2065 5153 lem
2093 5112 2202 5169 seu
2228 5096 2695 5169 primumcuriaa
2719 5095 3026 5169 des—ignari
3055 5095 3487 5169 obse_rvamus_._
3504 5095 3612 5152 Ne-

1943 5185 2064 5240 que
2093 5164 2296 5224 obstat
2324 5168 2464 5224 huic
2494 5166 2965 5239 interpretationi
2992 5166 3255 5238 precatio
3294 5164 3511 5232 Basilii,
3544 5170 3611 5223 ut

1943 5238 2085 5311 viris
2116 5237 2227 5294 illis
2249 5236 2477 5311 aliquid
2510 5237 2767 5311 subsidii
2796 5254 2869 5294 ex
2901 5237 3357 5311 cprsupublico
3386 5251 3607 5311 conce-

1943 5309 2141 5366 datur.
2175 5314 2324 5367 Nam
2348 5307 2680 5367 curialium
2719 5308 3043 5365 nonnullas
3081 5307 3267 5365 fuisse
3305 5313 3506 5367 partes
3542 5307 3606 5362 in

1939 5380 2207 5450 regendo
2232 5397 2416 5436 cursu
2447 5380 2690 5452 publico
2720 5377 3414 5438 observatGothofredus
3436 5378 3499 5433 in
3516 5377 3602 5448 tit,

1943 5455 2023 5509 De
2055 5468 2234 5524 cursu
2254 5452 2527 5524 publico,
2553 5466 2695 5524 pag.
2724 5453 2850 5508 508.

2013 5525 2035 5545 "
2065 5523 2223 5579 Alias
2243 5523 2539 5579 CCCLVII.

1942 5604 1947 5609 ‘
2013 5596 2056 5615 ”
2087 5595 2248 5651 Alias
2277 5594 2570 5652 CCXXXII.

2013 5666 2081 5688 “"
2105 5665 2269 5724 Alias
2296 5666 2645 5725 CCCCXXIV.
