4146 6404
168 309 305 371 £037
1167 301 1662 368 EPISTOLARUM
1699 301 1831 365 CLA

1928 303 1985 366 IS
2013 306 2086 365 ΙΙΙ
2104 299 2327 366 EPIST.
2349 308 2542 370 CCCX.
3398 319 3535 385 1058

708 436 1048 492 ΕΠΙΣΤΟΛΗ
1084 431 1208 492 TH'.

2361 434 2698 494 EPISTOLA
2750 441 3048 505 CCCVIII‘.

1005 544 1316 614 Pauperes
1346 546 1402 600 et
1429 541 1690 614 afﬂictos
1713 539 1998 612 Capratis
2031 539 2264 598 incolas
2289 545 2687 606 commendat.

549 651 880 725 Δνεπίγραφο
889 669 930 714 ς,
959 651 1043 704 ἰπὶ
1071 653 1394 724 προστασίᾳ.
1795 652 1831 706 Α

2124 649 2266 708 Sine
2288 651 2698 730 inscriptione,
2727 663 3060 729 patrocinii
3080 679 3285 724 causa.

1950 760 2177 815 Etcum
2207 758 2420 816 fratres
2453 768 2652 821 essent
2681 781 2888 825 coram
2937 775 3043 829 tua
3085 772 3398 845 dignitate,
3431 789 3538 833 eo-

1877 864 2015 906 rum
2063 864 2252 906 causa
2283 850 2391 924 qui
2436 851 2640 911 locum
2673 859 2987 931 Capralem
3021 861 3313 935 incolunt,
3338 869 3539 923 tecum

1881 937 2214 996 collocutus
2263 957 2422 1010 sum,
2447 948 2505 1000 et
2540 960 2643 1002 eos
2672 962 2880 1006 coram
2921 955 3025 1009 tua
3054 953 3371 1014 clementia
3397 971 3540 1030 pro-

1881 1025 2049 1098 duxi,
2070 1027 2424 1102 obsecrans,
2446 1037 2508 1089 ut
2527 1037 2665 1090 ante
2681 1037 2891 1095 oculos
2914 1039 3147 1099 habens
3163 1025 3538 1117 promissam

1884 1131 1922 1173 a
1942 1115 2200 1174 Domino
2231 1120 2594 1195 mercedem,
2629 1131 2913 1199 protegas
2944 1145 3050 1187 eos
3069 1136 3133 1189 ut
3152 1115 3454 1206 pauperes
3468 1151 3540 1192 ac

1882 1205 1944 1262 in
1987 1206 2274 1295 omnibus
2318 1208 2594 1268 afﬂictos.
2649 1217 2714 1271 Et
2737 1232 2902 1274 nunc
2930 1235 3144 1278 rursus
3177 1205 3538 1295 perilitteras

1883 1294 2163 1352 eamdem
2184 1313 2410 1355 renovo
2435 1303 2865 1377 precationem,
2888 1309 3076 1367 Deum
3119 1294 3403 1371 sanctum
3428 1314 3542 1371 ob-

1885 1399 2152 1453 secrans,
2186 1389 2252 1442 ut
2277 1402 2415 1459 quae
2463 1405 2628 1447 nunc
2674 1393 2778 1450 tibi
2807 1396 2981 1454 adest
3023 1398 3260 1458 claritas
3287 1418 3357 1459 ac
3403 1403 3540 1460 vitae

171 1479 383 1551 κράνειαν
415 1479 508 1529 καὶ
551 1474 898 1552 λαμπρότητα
929 1482 1022 1529 τοῦ
1062 1473 1199 1550 βίου,
1230 1475 1646 1550 συντηρηθῆναι,
1689 1476 1778 1526 καὶ

1928 1471 2172 1545 plendor
2199 1483 2612 1547 conservetur,
2645 1487 2824 1555 atque
2853 1485 3035 1544 etiam
3065 1489 3296 1547 auctior
3323 1492 3450 1562 fiat,
3478 1497 3545 1550 ut

172 1563 258 1620 ἰπὶ
287 1565 505 1640 μείζονα
536 1562 716 1633 ἐλθεῖν,
769 1565 852 1619 ἵνα
891 1563 991 1618 ἀπὸ
1031 1565 1268 1638 μείζονος
1307 1561 1574 1638 δυνάμεως
1613 1562 1779 1617 πολυ-

1928 1579 1962 1618 x
1989 1562 2220 1635 majore
2241 1570 2538 1638 potestate
2587 1569 2983 1646 locupletiora
3007 1575 3069 1633 in
3112 1593 3224 1635 nos
3253 1561 3546 1638 beneficia

170 1655 449 1730 τελίστερα
482 1656 624 1728 ἡμᾶς
676 1656 805 1729 ἔχῃς
849 1653 1144 1731 εὐεργετεῖν.
1197 1654 1316 1709 Ὀτι
1359 1657 1462 1730 γὰρ
1515 1658 1614 1728 μία
1654 1655 1782 1727 ἡμῖν

1928 1652 2160 1711 onferre
2198 1657 2417 1727 possis.
2460 1657 2585 1716 Hoc
2628 1659 2790 1720 enim
2827 1663 3006 1722 nobis
3040 1682 3232 1724 unum
3279 1669 3342 1726 in
3391 1671 3546 1728 votis

174 1744 312 1820 εὐχή
345 1745 460 1815 (76)
500 1745 530 1804 ἠ
573 1748 767 1808 παντὸς
794 1751 886 1799 τοῦ
914 1748 1060 1798 οἴκου
1090 1745 1232 1819 ὑμῶν
1259 1747 1517 1820 σωτηρία,
1550 1745 1783 1817 ἠγοῦμαι

1928 1756 2046 1812 sse,
2078 1743 2258 1800 totius
2279 1750 2492 1804 vestrae
2522 1748 2744 1808 domus
2767 1753 3264 1830 incolumitatem,
3297 1773 3548 1831 persua-

175 1835 465 1891 πεπεῖσθαί
496 1852 575 1892 σε.

1929 1848 2032 1889 um
2058 1831 2165 1890 tibi
2196 1849 2331 1893 esse
2367 1837 2669 1897 existimo.

739 1945 1078 1997 ΕΠΙΣΤΟΛΗ
1116 1939 1241 1998 ΤΘ’.

2396 1945 2738 2005 EPISTOLA
2778 1948 3046 2009 CCCIX“.

180 2048 575 2112 Commendat
597 2063 794 2110 senem
819 2065 896 2108 ex
924 2050 1111 2108 divite
1132 2049 1614 2121 pauperrimum,
1637 2051 1693 2108 et
1715 2043 1906 2105 tribus
1936 2045 2138 2106 liberis
2165 2053 2500 2123 oneratum,
2528 2053 2601 2112 de
2620 2054 2831 2114 domus
2849 2073 2972 2116 sua
2996 2075 3176 2119 censu
3201 2063 3548 2124 sollicitum.

613 2156 960 2233 ’Δνεπίγραφο
969 2178 1012 2228 ς,
1052 2157 1136 2212 ἐπὶ
1176 2153 1354 2215 ἐνδεεῖ.
1823 2155 1865 2211 Β

242 760 344 812 Καὶ
371 758 646 832 παρούσης
664 766 759 821 τῆς
775 761 1078 831 τιμιότητός
1105 777 1200 812 σου
1231 766 1341 820 τοῖς
1364 753 1605 830 ἀδελφοῖς
1631 756 1767 830 (75),

170 855 271 903 τῶν
315 846 417 902 ἀπό
465 855 558 901 τοῦ
609 851 815 924 χωρίου
866 847 1182 922 Καπράλεως
1237 849 1417 920 ἕνεκεν,
1466 843 1771 919 διελέχθην,

169 943 264 994 καὶ
292 942 634 1013 προσήγαγον
681 937 871 1002 αὐτοὺς
915 946 978 1012 τῇ
1039 940 1319 1014 ύμερότητί
1365 957 1484 1008 σου,
1529 956 1773 1012 παρακα-

169 1027 326 1092 λέσας
371 1047 428 1081 σε
455 1030 650 1100 ἔχοντα
689 1030 790 1102 πρὸ
840 1026 1113 1101 ὀφθαλμῶν
1150 1032 1245 1088 τὴν
1271 1029 1417 1101 παρὰ
1453 1034 1546 1080 τοῦ
1579 1029 1774 1101 Κυρίου

171 1114 625 1191 μισθαποδοσίαν,
676 1119 1038 1192 προίστασθαι
1086 1117 1275 1186 αὐτῶν,
1315 1118 1387 1180 ὡς
1415 1120 1646 1176 πενήτων
1684 1119 1776 1169 καὶ

169 1210 634 1281 καταπονουμένων
689 1205 739 1260 ἐν
789 1207 979 1262 ἅπασι.
1041 1211 1142 1262 Καὶ
1187 1214 1275 1260 νῦν
1339 1206 1494 1260 πάλιν
1549 1201 1584 1260 δ
1590 1207 1644 1259 ιὰ
1683 1211 1774 1258 τοῦ

168 1299 484 1373 γράμματος
511 1301 608 1357 τὴν
635 1297 799 1356 αὐτὴν
845 1297 1163 1371 ἀνανεοῦμαι
1207 1296 1561 1370 παράκλησιν,
1613 1295 1806 1385 εὑχόη

169 1406 316 1462 μενος
345 1395 418 1459 τῷ
465 1385 599 1460 ἁγίῳ
642 1394 757 1458 Θεῷ
813 1391 905 1440 καὶ
946 1391 1041 1447 τὴν
1093 1389 1446 1462 ὑπάρχουσάν
1497 1405 1581 1440 σοι
1623 1403 1778 1460 περι-

2241 2159 2388 2218 Sine
2415 2161 2828 2238 inscriptione,
2850 2182 2967 2239 pro
2997 2183 3202 2241 egeno.

1967 2264 2304 2340 Vituperavi
2332 2283 2583 2340 prorsus
2623 2270 2787 2328 hunc
2820 2273 3065 2332 fratrem
3081 2276 3157 2333 de
3176 2277 3399 2336 domus
3427 2294 3550 2337 suae

1899 2369 2085 2412 censu
2123 2355 2470 2427 sollicitum,
2514 2359 2742 2434 quippe
2789 2379 2929 2420 cum
2950 2364 3012 2422 in
3041 2371 3426 2425 antecessum
3452 2384 3555 2426 ne-

1899 2445 2682 2507 cessariamimmunitatem
2702 2457 3030 2526 paupertas
3051 2455 3106 2512 ei
3129 2456 3371 2515 tribuat.
3402 2461 3554 2516 Nam

1899 2549 1938 2592 a
1955 2534 2076 2592 vita
2098 2534 2407 2608 opulenta,
2441 2537 2524 2595 ita
2551 2539 2807 2599 Domino
2830 2542 2912 2600 ad
2943 2544 3165 2601 animae
3190 2545 3383 2619 ipsius
3405 2546 3557 2604 utili-

1901 2627 2085 2680 tatem
2106 2625 2518 2698 dispensante,
2551 2643 2714 2686 nunc
2772 2630 2833 2687 in
2863 2637 3196 2691 extremam
3228 2641 3556 2706 egestatem

1900 2711 2180 2769 redactus
2222 2718 2331 2785 est,
2369 2714 2522 2771 adeo
2543 2721 2608 2773 ut
2645 2719 3038 2790 quotidianus
3064 2723 3243 2780 etiam
3274 2724 3463 2782 victus
3503 2724 3559 2782 ei

1901 2798 2005 2855 vix
2034 2804 2336 2872 suppetat,
2365 2805 2424 2859 et
2449 2803 2738 2861 exmultis
2765 2808 3106 2881 mancipiis,
3131 2826 3269 2883 quae
3298 2811 3466 2885 prius
3495 2812 3560 2868 in

1903 2903 2014 2946 sua
2042 2892 2334 2961 potestate
2352 2890 2670 2963 habuerat,
2689 2895 2835 2952 nuili
2853 2913 3104 2970 prorsus
3121 2899 3398 2974 imperet.
3413 2901 3560 2958 Huic

1904 2993 2126 3051 corpus
2147 2977 2342 3036 solum
2366 2987 2655 3055 superest,
2676 2983 2880 3057 idque,
2914 2991 2979 3044 ut
3007 2992 3065 3044 et
3083 2988 3216 3062 ipse
3245 2989 3433 3061 vides,
3463 2991 3561 3048 in-

1903 3067 2150 3125 ﬁrmum
2172 3073 2230 3126 et
2258 3070 2426 3127 senio
2447 3073 2808 3142 contectum,
2841 3080 2897 3133 et
2923 3075 3094 3134 liberi
3121 3083 3260 3148 tres,
3295 3081 3563 3138 accessio

191 3157 340 3232 ὁρᾷςο
381 3159 471 3210 καὶ
507 3152 693 3217 παῖδες
744 3161 903 3229 τρεῖς,
968 3156 1248 3229 προσθήκη
1300 3149 1586 3231 φροντίδων
1641 3147 1798 3229 ἀνδρὶ

1928 3175 2190 3217 :urarum
2210 3159 2337 3218 viro
2361 3160 2672 3234 indigenti.
2700 3167 2867 3222 Hunc
2885 3166 3068 3239 igitur
3087 3147 3250 3226 nihil
3275 3186 3433 3245 opus
3459 3172 3568 3228 ha-

192 3250 401 3304 πένητι.
473 3241 594 3298 ὀτι
665 3247 756 3318 μὶν
800 3240 891 3298 οὖν
939 3240 1092 3297 οὐδὲν
1149 3241 1318 3298 ἐδεῖτο
1388 3253 1480 3306 τῆς
1545 3246 1800 3319 ἡμετέρας

1928 3265 2050 3307 iere
2064 3250 2409 3323 precatione
2429 3268 2588 3323 mea,
2617 3269 2757 3310 cum
2785 3254 3071 3314 idoneam
3096 3240 3428 3317 habeat—ad
3456 3260 3564 3316 ﬂe-

194 3334 498 3408 πρεσϐείας,
551 3334 731 3392 ἱκανὴν
783 3336 920 3406 ἔχων
972 3337 1068 3393 τὴν
1113 3338 1292 3387 πενίαν
1331 3329 1656 3393 δυσωπῆσαι
1687 3334 1802 3404 (79)

1928 3339 2617 3415 :tendumpaupertatem
2629 3343 2710 3401 ob
2723 3361 2964 3404 morum
2978 3348 3260 3406 tuorumh
3271 3351 3570 3408 umanita-

202 3419 298 3477 δια
337 3427 396 3476 τὸ
432 3421 791 3496 φιλάνθρωπον
819 3429 912 3474 τοῦ
950 3425 1165 3495 τρόπου,
1215 3421 1438 3494 ἀκριϐῶς
1469 3423 1801 3494 ἠπιστάμην.

1928 3445 2054 3498 Lem,
2077 3434 2238 3486 certo
2252 3431 2541 3489 sciebam.
2556 3433 2670 3489 Sed
2682 3435 2827 3508 quia
2842 3436 3083 3494 difficile
3096 3443 3204 3510 est,
3224 3439 3570 3498 satisfacere

198 3511 344 3566 Ἐπεὶ
398 3508 458 3565 δὲ
503 3507 823 3585 δυσάρεστοι
874 3512 924 3564 οἱ
973 3510 1249 3579 αἰτοῦντες,
1309 3509 1567 3584 ἐφοϐήθην
1610 3516 1805 3585 μήποτε

1928 3519 2276 3593 petentibus,
2300 3521 2470 3578 timui
2489 3538 2566 3578 ne
2593 3507 2920 3583 cuiiofficio
2941 3526 2996 3583 ei
3017 3507 3222 3586 debito
3244 3530 3525 3588 deessem
3549 3548 3564 3601 ;

201 3599 484 3674 ἔλλιμπάνῃ
529 3600 642 3672 (80)
696 3619 748 3654 τι
802 3607 903 3654 τῶν
961 3599 1028 3660 εἰς
1089 3599 1244 3652 αὐτόν
1303 3599 1662 3674 ὀφειλομένων,
1715 3603 1806 3652 καὶ

1928 3613 2097 3682 atque
2117 3610 2271 3666 adeo
2302 3611 2532 3686 scripsi,
2561 3613 2752 3686 probe
2791 3615 2984 3672 sciens
3027 3617 3190 3674 diem
3223 3618 3416 3692 illum,
3445 3599 3570 3692 quo

203 3688 495 3758 ἐπέστειλα,
531 3684 703 3762 εἰδὼς,
739 3690 820 3742 ὅτι
856 3689 887 3748 ἠ
939 3690 1110 3765 ἡμέρα
1158 3689 1322 3760 αὐτῷ,
1381 3687 1430 3742 ἓν
1552 3689 1613 3741 ἂν
1669 3697 1808 3764 πρῶ-

1928 3705 2084 3758 tuam
2130 3684 2489 3773 gravitatem
2543 3684 2810 3777 primum
2859 3706 3089 3777 viderit,
3147 3708 3383 3766 initium
3432 3711 3570 3766 vitae

203 3798 293 3832 τον
323 3775 415 3852 ἴδῃ
451 3796 546 3832 σου
576 3781 671 3838 τήν
703 3781 1017 3852 σεμνότητα,
1065 3777 1208 3854 ἀρχὴ
1271 3779 1496 3851 εὐθύμου
1530 3777 1652 3852 βίου
1683 3781 1809 3853 πρὸς

1928 3791 2205 3864 :leinceps
2252 3791 2494 3850 lmtioris
2543 3775 2837 3865 futurum,
2878 3775 3271 3858 etmeliorem
3301 3799 3572 3874 aliquam

204 3871 294 3922 τὸν
345 3870 478 3942 μετὰ
532 3875 702 3922 ταῦτα
745 3872 937 3942 χρόνον
993 3873 1290 3940 γενήσεται,
1341 3874 1431 3922 καὶ
1485 3865 1648 3922 δώσει
1693 3887 1812 3923 τινα

1928 3879 2074 3938 iilius
2099 3896 2303 3938 rerum
2337 3883 2737 3941 mutationem
2762 3884 3108 3945 allaturum.

206 3955 450 4032 βελτίονα
477 3965 576 4012 τῶν
604 3959 929 4036 πραγμάτων
958 3956 1120 4010 αὐτοῦ
1144 3958 1256 4031 (81)
1282 3957 1597 4032 μεταϐολήν.

770 4070 1110 4121 ΕΠΙΣΤΟΛΗ
1149 4064 1249 4122 Τι’.

2313 4056 2492 4134 443
2549 4063 2889 4122 EPISTOLA
2918 4064 3182 4128 CCCX'“.

934 4173 1318 4232 Commendat
1363 4178 1650 4247 cognatos
1674 4187 1808 4232 suos
1836 4186 1910 4232 ac
1933 4175 2174 4229 caeteros
2198 4169 2577 4229 Ariarathice
2599 4173 2852 4231 incolas.

2210 4279 2348 4338 Sine
2401 4279 2814 4354 inscriptione,
2855 4299 2966 4353 pro
2996 4283 3292 4357 cognatis.

257 2265 401 2320 Πάνυ
451 2268 708 2339 κατέγνων
772 2272 870 2319 τοῦ
931 2261 1156 2339 ἀδελφοῦ
1217 2260 1376 2319 τοῦδε
1433 2263 1789 2341 φροντίζοντος

182 2355 272 2410 ἐπὶ
321 2362 384 2429 τῇ
447 2353 724 2431 ἀπογραφῇ
783 2362 876 2410 τοῦ
924 2358 1090 2410 οἷκου-
1142 2355 1197 2419 ὃς
1247 2373 1309 2428 γε
1343 2357 1452 2426 (77)
1518 2351 1790 2429 προλαϐὼν

181 2450 281 2506 τήν
324 2443 610 2518 ἀναγκαίαν
650 2443 878 2500 ἀτελειαν
935 2448 1050 2518 ἔχει
1111 2443 1212 2499 ἀπὸ
1277 2453 1374 2508 τῆς
1418 2447 1617 2506 πενίας.
1661 2443 1790 2496 Ἀπὸ

180 2537 287 2610 γὰρ
316 2533 439 2608 βίον
471 2534 716 2609 εὐπόρου,
779 2534 914 2588 οὕτω
961 2541 1054 2587 τοῦ
1104 2539 1300 2611 Κυρίου
1351 2532 1436 2587 ἐπὶ
1478 2537 1793 2607 συμφίροντι

181 2633 278 2687 τῆς
321 2623 507 2697 ψυχῆς
556 2622 718 2675 αὐτοῦ
769 2622 1226 2694 οἰκονομήσαντος,
1283 2629 1371 2674 νῦν
1399 2621 1466 2683 εἰς
1502 2631 1597 2682 τῆν
1627 2621 1795 2693 ἐσχά-

185 2733 284 2773 την
333 2715 512 2765 πενίαν
563 2711 905 2783 περιετράπη,
960 2710 1026 2769 ὡς
1080 2709 1227 2781 μόλις
1278 2712 1370 2780 μεν
1419 2713 1510 2761 καὶ
1566 2716 1661 2770 τῆς
1718 2707 1793 2780 ἐφ,

187 2804 388 2875 ἡμέραν
419 2797 534 2861 (78)
585 2804 783 2873 τροφῆς
833 2795 1087 2872 εὐπορεῖν,
1148 2792 1488 2872 ἀνδραπόδου
1539 2793 1599 2850 δὲ
1655 2791 1796 2869 μηδέ

191 2890 298 2950 ἑνὸς
352 2887 663 2961 κατάρχειν,
722 2883 824 2939 ἀπὸ
881 2883 1078 2938 πολλῶν
1131 2886 1199 2938 ὧν
1249 2887 1498 2959 πρότερον
1551 2885 1691 2958 είχεν
1747 2881 1796 2936 ἓν

190 2985 254 3051 τῇ
312 2975 498 3030 ἑαυτοῦ
547 2972 850 3048 δεσποτεία.
899 2976 1076 3048 Τούτῳ
1122 2978 1181 3028 τὸ
1233 2983 1386 3049 σῶμα
1421 2973 1798 3048 περιλελειπται

192 3069 368 3139 μόνον,
400 3069 491 3119 καὶ
520 3072 674 3119 τοῦτο
718 3063 926 3128 ἀσθενὲς
963 3068 1054 3118 καὶ
1110 3067 1353 3142 γηραιὸν,
1403 3066 1470 3128 ὡς
1512 3068 1604 3118 καὶ
1645 3062 1798 3125 αὐτὸς

568 4279 961 4356 ’Δνεπίγραγος,
1003 4282 1130 4356 ὑπὲρ
1173 4289 1456 4356 συγγενῶν.

279 4391 432 4464 Αὐτῷ
483 4409 574 4465 μοι
627 4385 1094 4465 περισπούδαστον
1151 4390 1214 4450 ἦν
1270 4397 1550 4464 συντυχεῖν
1599 4409 1695 4445 σου
1748 4397 1811 4465 τῇ

280 4571 552 4650 (75)][οἰς
616 4564 884 4650 ἀδελφοῖς.
942 4568 1167 4650 Mutata
1205 4567 1675 4650 interpungendi
1719 4583 1818 4650 ra-

207 4638 384 4699 tione
411 4640 611 4697 lucem
654 4638 796 4696 huic
850 4639 984 4696 loco
1009 4638 1222 4695 afferre
1247 4638 1518 4696 conatus
1533 4655 1689 4695 sum.
1724 4640 1819 4696 Sic

209 4713 373 4770 enim
431 4715 564 4785 erat
595 4710 657 4785 _in
699 4709 890 4785 editis,
921 4715 1045 4785 ⁸Καί
1084 4714 1368 4785 παρούσης
1396 4720 1493 4773 τῆς
1517 4715 1820 4784 τιμιότητός

211 4803 330 4852 σου,
358 4778 1139 4866 τοῖς-ἀδελφοῖς...,διελέχθηι
1160 4778 1336 4839 ὐηάθ
1355 4778 1672 4866 interpres,
1696 4798 1820 4866 ser-

206 4871 441 4915 monem
462 4853 646 4937 habui
657 4870 791 4937 cum
801 4853 1122 4937 fratripus,
1137 4868 1362 4937 eorum,
1395 4855 1500 4937 qui
1513 4853 1821 4937 ‘Cgpralis

209 4929 456 5001 regione
481 4925 602 4983 orti
612 4999 625 5001 4
633 4931 823 5001 sunt,
834 4926 1044 5001 gratia
1067 4941 1081 4980 :
1131 4924 1241 4981 sed
1260 4924 1418 4998 quos
1441 4925 1538 4982 hic
1570 4926 1820 4982 Basilius

211 4995 422 5081 fratres
443 4995 739 5081 appellat,
765 4995 955 5081 hi’alii
992 4995 1585 5081 essenon—possunt,
1629 5013 1821 5081 quam

211 5069 412 5128 selecti
435 5066 596 5126 cives
613 5066 1004 5140 Capralenses
1022 5083 1094 5123 ac
1107 5067 1182 5140 de
1201 5066 1383 5124 rebus
1397 5068 1606 5140 patrita
1623 5066 1819 5140 missi.

213 5147 410 5210 Quare
439 5137 833 5212 nequaquam
858 5137 1262 5212 histratribus
1292 5137 1820 5212 res—Capralenses

211 5209 706 5285 commendabat,
732 5209 838 5285 sed
854 5209 1055 5283 potius
1069 5209 1128 5285 ei
1137 5209 1230 5285 _ad
1251 5225 1435 5284 quem
1447 5209 1576 5285 haec
1598 5212 1822 5285 scripta

213 5283 487 5360 epistola.
521 5285 638 5360 Hos
667 5281 828 5360 enim
855 5279 1066 5360 coram
1091 5279 1196 5337 illo
1222 5279 1400 5360 antea
1421 5279 1739 5360 produxit;
1755 5288 1823 5341 ut

212 5352 290 5416 de
344 5355 528 5413 rebus
576 5352 1031 5426 Capralensium
1072 5352 1522 5426 ageretsniinc
1555 5355 1820 5426 eosdem

215 5443 357 5486 cum
397 5426 608 5484 litteris
658 5424 853 5482 mittit.
889 5425 1179 5480 Caeterum
1204 5424 1420 5482 clarior
1444 5424 1635 5482 multo
1663 5431 1819 5484 esset

216 5503 681 5570 totaverborum
708 5495 1069 5570 complexio,
1103 5496 1155 5551 si
1185 5495 1464 5554 deessent
1498 5497 1588 5554 he
1613 5514 1817 5569 voces,

215 5578 326 5633 τοῖς
354 5567 610 5644 ἀδελφοῖς.
635 5568 752 5627 Sed
789 5568 838 5627 si
852 5567 1260 5644 retineantur,
1275 5583 1400 5625 non
1428 5573 1576 5644 puto
1619 5567 1817 5643 aliter,

215 5660 293 5707 ac
309 5639 734 5719 interpretatus
760 5656 920 5714 sum,
945 5639 1140 5716 accipi
1165 5639 1406 5704 debere.

1997 4386 2131 4446 Mihi
2159 4387 2280 4461 ipsi
2300 4387 2636 4447 admodum
2691 4389 2754 4447 in
2784 4392 3004 4465 optatis
3033 4397 3162 4452 erat
3188 4410 3330 4452 cum
3361 4397 3464 4453 tua
3491 4393 3579 4454 fa-

1997 4568 2110 4644 (76)
2150 4566 2466 4644 Hybfﬁxiz.
2519 4568 2698 4629 Coisl.
2737 4570 3041 4628 secundus
3091 4575 3149 4630 et
3177 4575 3319 4644 Reg.
3372 4588 3584 4630 secun-

1929 4637 2044 4694 dus
2075 4637 2222 4711 iul-fw
2255 4637 2414 4711 stipi.

2003 4707 2253 4787 (77)':O;
2273 4707 2354 4787 γὲ,
2381 4712 2473 4768 Sic
2498 4713 2671 4783 Med.,
2698 4712 2872 4770 Coisl.
2910 4713 3146 4787 primus
3185 4720 3242 4774 et
3272 4717 3397 4774 Vat.
3430 4715 3583 4774 Editi

1851 4821 1894 4876 D
1931 4782 2355 4876 δσῖέλὲίῖἓοξὲο)

2001 4854 2122 4939 (Ἱξ)
2163 4852 2270 4939 Ἐφ’
2293 4856 2508 4939 ἡμέραν,
2543 4856 2686 4939 Εἴθεε
2720 4855 3024 4939 secundus
3057 4861 3128 4939 et.
3153 4857 3339 4939 Coisl._
3371 4874 3586 4939 secun-

1930 4923 2354 5048 gngmipoe.
2380 4923 2612 4984 Ibidem
2633 4923 2962 4985 Vaticanus
3019 4929 3211 4987 codex
3241 4927 3584 5008 ἀνδραπόδου

1971 5015 1992 5049 ε
2013 5015 2258 5068 μησενος.

2004 5070 2115 5142 (79)
2151 5074 2496 5128 Δυσωπῆσαι.
2547 5072 2687 5142 Reg.
2721 5070 3026 5130 secundus
3077 5075 3133 5130 et
3157 5071 3331 5132 Coisl.
3364 5089 3585 5132 secun-

1930 5137 2047 5196 dus
2087 5137 2310 5198 δυσωπῆ
2321 5144 2412 5192 σαί
2453 5159 2532 5194 σε·

2002 5211 2487 5290 (δῇ-Ἐλλιμπάνῃ.
2534 5211 2711 5270 Coisl.
2761 5214 3068 5274 secundus
3097 5219 3154 5274 et
3192 5218 3334 5290 Reg.
3378 5233 3590 5275 secun-

1930 5280 2046 5339 dtis
2077 5280 2422 5355 ἕλλιμπάνειν.

1999 5351 2674 5449 {81‘)156‘rlo‘12‘.vl‘tﬁngoisl.
2704 5355 2936 5430 prim-is
2969 5361 3027 5418 et
3071 5359 3207 5424 Vat.
3239 5359 3390 5419 Editi
3422 5359 3584 5432 αὐτῷ.

2062 5424 2225 5481 Alias
2256 5427 2574 5483 CCXXXIII.

2001 5499 2045 5519 “
2084 5497 2244 5554 Alias
2273 5499 2509 5554 CCXXX.

2002 5569 2069 5594 “¹
2107 5568 2268 5629 Alias
2298 5569 2635 5630 CCXXXVlI.
