4146 6382
235 286 368 342 106i

1159 284 1648 342 EPISTOLARUM
1685 283 1974 343 CLASSIS
2011 287 2104 342 ΙΙΙ.
2140 285 2355 344 EPIST.
2397 289 2662 346 CCCXIV.

3453 299 3592 356 1062

224 409 392 462 αὐτῶν
423 409 741 463 ἀπώσασθαι
769 415 863 470 τὴν
891 410 1156 486 ἐπήρειαν.
1180 410 1334 463 Οὕτω
1361 413 1464 486 γὰρ
1496 411 1828 483 ὠνομάζομεν

1969 413 2163 469 uriam
2187 413 2709 486 propulsaremus.
2743 417 2838 472 Sic
2867 418 3029 474 enim
3065 434 3195 476 rem
3240 422 3590 495 appellaba-

224 501 285 549 τὸ
319 504 560 574 πρᾶγμα.
594 499 752 552 Ἀλλὰ
774 508 862 552 νῦν
895 502 1016 574 ὁρᾶς
1043 502 1200 553 ὁποῖα
1218 503 1284 552 τὰ
1306 504 1560 575 παρόντα.
1586 505 1832 576 Παρέσχε

226 590 331 662 γάρ
367 607 452 640 σοι
482 589 508 640 ὁ
562 593 694 651 Θεὸς
737 589 975 662 ἀφορμὴν
1026 598 1119 642 τοῦ
1162 595 1248 648 τὴν
1306 590 1692 662 καλοκαγαθίαν
1735 599 1832 641 τῶν

227 681 433 751 τρόπων
462 677 527 738 εὶς
562 682 770 754 φανερὸν
797 678 1032 750 ἀγαγεῖν,
1082 684 1173 732 καὶ
1219 684 1375 732 παντὶ
1403 688 1475 750 τῷ
1506 680 1684 752 ἐφεξῆς
1730 679 1834 752 βίῳ

229 765 434 838 ἀγαθῆς
491 773 698 840 μνήμης
757 767 995 844 ἀφορμὰς
1055 768 1329 842 ἐναφεῖναι.
1387 770 1594 822 Ὀποῖαι
1644 772 1744 842 γὰρ
1773 769 1834 820 ἂν

229 853 362 909 ὦσιν
394 859 450 909 αἱ
481 855 827 930 ἀποτιμήσεις
859 855 1036 925 αὗται,
1067 867 1308 912 τοιαῦται
1331 864 1421 912 καὶ
1452 862 1506 910 αί
1545 858 1620 911 ἐπ’
1653 859 1836 920 αὐταῖς

229 953 436 1018 μνῆμαι
464 949 608 1022 παρὰ
635 955 734 999 τῶν
781 947 1144 1020 ἐπιγινομένων
1191 945 1552 1011 διασωξεσθαι
1603 952 1834 1022 πεφύκα-

230 1054 318 1087 σιν
339 1037 471 1107 (87).
516 1036 651 1090 Ἐπεὶ
706 1033 765 1090 δε
795 1034 920 1090 οὐδὲ
951 1038 1255 1110 εὐχομένοις
1309 1038 1564 1099 Γαλάταις
1611 1038 1836 1111 ὑπῆρξεν

225 1122 292 1175 ἂν
318 1124 801 1199 φιλανθρωποτέρου
842 1129 999 1187 ἤθους
1029 1127 1319 1200 ἐπιτυχεῖν,
1353 1126 1580 1199 ἀκριϐῶς
1610 1127 1708 1199 ἐγὼ
1751 1132 1837 1181 πέ-

223 1232 471 1285 πεισμαι.
503 1212 654 1286 Ἔχω
694 1211 753 1267 δὲ
782 1216 840 1267 οὐ
871 1216 1101 1276 Γαλάτας
1125 1220 1434 1292 μακαρίζειν
1464 1227 1561 1280 τῆς
1592 1226 1688 1280 σῆς
1716 1218 1834 1270 ἐπι-

225 1308 458 1365 στασίας
504 1310 680 1376 μόνον,
711 1304 840 1357 ἀλλὰ
882 1311 972 1358 καὶ
1019 1307 1178 1368 αὐτὸς
1235 1305 1455 1380 ἐμαυτόν
1510 1308 1664 1380 (88).’
1683 1307 1835 1360 Ἔστι

221 1395 329 1466 γὰρ
364 1391 526 1465 κάμοὶ
551 1391 692 1454 οἶκος
731 1392 779 1445 ἐν
821 1394 1068 1467 Γαλατίᾳ,
1103 1401 1192 1448 καὶ
1238 1396 1390 1448 οἱκων
1420 1415 1479 1469 γε
1531 1399 1556 1448 ὸ
1599 1396 1835 1470 λαμπρό-

223 1501 382 1542 τατος
415 1486 508 1534 σὺν
540 1490 675 1553 Θεῷ,
707 1482 779 1545 εἰς
809 1483 861 1536 ὃν
893 1484 938 1536 εἰ
966 1487 1191 1558 τύχοιμι
1220 1487 1364 1559 παρὰ
1415 1494 1508 1538 σοῦ
1538 1505 1676 1546 τινος
1708 1485 1837 1559 βοη-

228 1574 376 1633 θείας
407 1571 674 1644 (τεύξομαι
705 1569 765 1625 δε
795 1574 889 1634 ἕως
932 1573 993 1625 ἂν
1047 1576 1075 1632 ἡ
1124 1573 1268 1646 φιλία
1315 1579 1408 1633 τὴν
1449 1575 1642 1627 οἰκείαν
1677 1575 1838 1648 ἰσχὺν

229 1663 381 1733 ἔχῃ),
408 1661 639 1733 μεγάλην
671 1665 881 1735 εἵσομαι
910 1671 982 1734 τῷ
1015 1671 1128 1734 Θεῷ
1179 1669 1272 1721 τὴν
1302 1666 1485 1739 χάριν.
1520 1666 1579 1718 Εἰ
1627 1660 1713 1717 οὖν
1760 1685 1839 1726 τις

229 1750 386 1821 λογος
406 1751 550 1825 παρὰ
580 1758 642 1822 τῇ
772 1756 1040 1824 τιμιότητι
1071 1760 1161 1813 τῆς
1191 1752 1316 1825 ἐμῆς
1344 1753 1534 1825 φιλίας,
1563 1754 1840 1826 ὁμολογου-
1871 1771 1910 1824 Β

233 1844 392 1913 μένην
422 1843 538 1892 τινὰ
569 1840 810 1914 ὠφελειαν
840 1845 1222 1917 παρασχέσθαι
1251 1851 1322 1913 τῷ
1351 1843 1475 1914 οἴκῳ
1501 1852 1594 1895 τοῦ
1637 1846 1840 1918 Θαυμα-

236 1931 502 1983 σιωτάτου
533 1930 790 2004 ἄρχοντος
819 1931 1127 1984 Σουλπικίου
1152 1931 1284 2003 (89),
1311 1935 1456 2004 ἡμῶν
1487 1935 1648 1985 ἕνεκεν
1674 1955 1842 2006 παρα-

235 2019 460 2078 κλὴθητι
493 2041 506 2052 ·
535 2021 670 2072 ὥστε
717 2020 913 2092 ὑφελεῖν
945 2041 996 2073 τι
1035 2031 1131 2082 τῆς
1158 2029 1246 2073 νῦν
1295 2027 1456 2083 οὔσης
1509 2022 1838 2098 ἀπογραφῆς,

237 2109 470 2182 μάλιστα
495 2111 584 2182 μὲν
614 2107 898 2182 ἀξιόλογον,
931 2115 1021 2163 καὶ
1051 2119 1146 2171 τῆς
1178 2120 1276 2172 σῆς
1300 2111 1636 2184 μεγαλονοίας
1674 2113 1837 2184 ἄξιον,

237 2200 530 2270 προσθήσω
562 2195 642 2267 δὲ,
667 2201 748 2252 ὅτι
771 2204 861 2252 καὶ
890 2208 985 2262 τῆς
1011 2201 1263 2274 ἡμετέρας
1293 2201 1574 2277 πρεσϐείας
1602 2204 1709 2273 (90)
1744 2211 1842 2255 τῶν

237 2285 556 2358 ἀγαπώντων
590 2308 647 2341 σε
680 2309 692 2322 ·
728 2288 772 2342 εἰ
803 2285 862 2341 δὲ
887 2293 984 2361 μὴ,
1014 2287 1124 2341 ἀλλ’
1156 2293 1275 2343 ὅσον
1307 2292 1358 2342 οἶ
1411 2311 1463 2343 τε
1510 2296 1682 2364 καιροὶ
1731 2293 1841 2362 (91)

239 2385 614 2452 συγχωροῦσι,
641 2384 732 2431 καὶ
770 2381 800 2438 ἡ
833 2387 934 2431 τῶν
959 2383 1282 2452 πραγμάτων
1314 2377 1620 2453 ἐπιδέχεται
1647 2384 1803 2454 φύσις
1828 2403 1839 2414 ·

236 2469 443 2528 πάντως
472 2463 532 2520 δε
561 2467 778 2540 ὑφελεῖν,
809 2473 899 2522 καὶ
937 2473 1009 2541 μὴ
1056 2469 1210 2522 ἐᾶσαι
1245 2469 1329 2523 ἐπὶ
1359 2479 1456 2532 τῆς
1485 2475 1796 2531 ταυτότητος
1829 2492 1840 2504 ·

239 2557 378 2610 ὥστε
407 2557 548 2627 ἡμᾶς
576 2558 686 2627 (92)
715 2562 916 2630 μυρίων
962 2559 1031 2609 ὧν
1079 2561 1268 2631 ἔχομεν
1305 2562 1451 2633 παρὰ
1504 2568 1594 2612 τοῦ
1649 2559 1848 2631 ἀγαθοῦ

240 2645 506 2718 ἄρχοντος
552 2645 856 2716 εὐεργεσιῶν
898 2650 1022 2716 μίαν
1067 2649 1230 2720 χάριν
1273 2651 1466 2704 ταύτην
1497 2645 1592 2700 διὰ
1619 2657 1715 2710 τῆς
1749 2658 1850 2709 σῆς

250 2735 571 2803 σεμνότητος
602 2730 929 2788 ἀντεκτίσαι.

808 3037 1142 3088 ΕΠΙΣΤΟΛΗ
1172 3035 1308 3090 ΤΙΔ’.

1943 517 2100 556 mus.
2117 503 2223 559 Sec
2244 518 2407 558 nunc
2426 504 2593 561 vides
2615 505 2820 578 qualia
2841 507 2957 563 sint
2974 513 3320 579 praesentia.
3336 513 3595 571 Praebuit

1945 591 2101 644 enim
2131 590 2234 646 tibi
2263 595 2415 647 Dens
2439 595 2821 651 occasionem
2874 613 3116 654 morum
3146 599 3502 669 integritatis
3531 605 3593 660 in

1942 678 2139 734 lucem
2169 682 2566 752 proferendae,
2594 684 2821 756 totique
2858 689 3189 758 posteritati
3235 699 3595 761 argumenta

1943 767 2120 823 bonae
2151 771 2458 826 memoriae
2479 771 2880 844 relinquendi.
2913 776 3130 841 Quales
3160 779 3320 836 enim
3367 782 3595 840 descri-

1945 859 2179 931 ptiones
2210 876 2506 917 censuum
2548 863 2696 934 ipsae
2735 863 2973 930 fuerint,
2997 869 3133 923 talis
3170 871 3352 927 etiam
3385 889 3594 932 earum

1945 949 2281 1005 recordatio
2306 965 2342 1005 a
2371 951 2623 1022 posteris
2650 957 2994 1010 conservari
3025 957 3194 1015 solet.
3228 961 3366 1019 Mihi
3393 968 3597 1021 autem

1948 1037 2187 1093 Galatas
2216 1053 2293 1094 ne
2343 1040 2612 1112 optando
2664 1041 2911 1113 quidem
2967 1047 3235 1117 potuisse
3285 1051 3597 1123 ingenium

1943 1128 2274 1184 humanius
2303 1132 2574 1187 nancisci
2603 1133 2980 1206 exploratum
3008 1143 3065 1194 et
3090 1154 3451 1211 persuasum
3475 1150 3588 1202 est.

1945 1219 2061 1273 Nec
2088 1217 2323 1274 Galatas
2356 1219 2555 1276 solum
2583 1220 2796 1278 beatos
2860 1227 3188 1296 praedicare
3245 1247 3493 1303 possum
3524 1234 3600 1291 ob

1946 1311 2113 1363 tuam
2143 1307 2756 1380 administrationem,
2770 1313 2876 1368 sed
2897 1319 2955 1371 et
2979 1317 3097 1372 mei
3105 1335 3302 1390 psum.
3324 1325 3422 1378 Est
3437 1324 3601 1381 enim

1947 1397 2095 1451 mihi
2121 1397 2298 1453 etiam
2321 1398 2541 1455 domus
2558 1400 2619 1456 in
2638 1402 2892 1470 Galatia;
2919 1421 2989 1461 ac
3006 1405 3330 1467 domorum
3350 1414 3601 1486 quidem

1947 1485 2051 1540 Dei
2079 1485 2243 1542 dono
2271 1486 2451 1560 longe
2480 1488 2994 1564 splendidissima,
3039 1497 3103 1552 in
3131 1515 3318 1570 quam
3351 1504 3602 1575 quidem

1949 1575 1997 1629 si
2027 1575 2175 1630 mihi
2207 1575 2436 1648 aliquid
2461 1579 2728 1651 praesidii
2757 1586 3469 1657 concesseris(concedes
3491 1609 3602 1651 au-

1947 1669 2068 1720 tem
2095 1665 2368 1737 quandiu
2396 1667 2664 1725 amicitia
2689 1687 2798 1726 suo
2827 1673 3008 1730 stabit
3042 1676 3304 1750 robore),
3332 1682 3606 1753 ingentes

1951 1757 2070 1809 Deo
2102 1755 2324 1825 gratias
2371 1755 2690 1814 habiturus
2738 1777 2897 1818 sum.
2950 1764 3006 1820 Si
3054 1781 3179 1838 qua
3224 1768 3406 1839 igitur
3450 1774 3606 1831 ratio

1951 1842 2118 1914 apud
2146 1847 2313 1899 tuam
2345 1843 2702 1915 dignitatem
2739 1850 3019 1908 amicitiae
3066 1870 3238 1923 meae,
3289 1863 3355 1914 ut
3406 1866 3606 1920 ratum

1952 1933 2266 2006 quoddam
2298 1935 2660 1993 beneﬁcium
2689 1939 2920 1997 tribuas
2958 1942 3169 2000 domui
3217 1949 3608 2020 magistratus

1952 2023 2210 2078 maxime
2243 2023 2589 2080 admirandi
2621 2028 2885 2099 Sulpicii,
2913 2031 3007 2086 fac
3046 2050 3185 2090 mea
3226 2053 3415 2095 causa
3464 2056 3608 2097 exo-

1953 2112 2138 2168 reris:
2173 2111 2328 2167 adeo
2359 2119 2422 2169 ut
2459 2115 2532 2170 de
2561 2131 2749 2172 censu
2777 2122 3057 2189 praesenti
3097 2123 3325 2197 aliquid
3367 2128 3604 2198 demas,

1954 2199 2222 2257 maxime
2277 2201 2526 2273 quidem
2572 2206 2739 2276 quod
2796 2211 3192 2270 memorabile
3244 2217 3337 2286 sit,
3397 2223 3454 2274 et
3504 2224 3609 2276 tua

1955 2289 2456 2358 magnanimitate
2509 2291 2786 2365 dignum,
2827 2298 3054 2355 addam
3093 2303 3274 2359 etiam
3312 2310 3370 2362 et
3404 2313 3612 2366 nostra

1957 2380 2062 2452 qui
2100 2383 2155 2436 te
2194 2379 2499 2451 diligimus
2548 2384 2912 2454 precatione.
2966 2389 3065 2444 Sin
3121 2393 3347 2460 minus,
3397 2396 3610 2454 saltem

1957 2473 2258 2542 quantum
2307 2475 2584 2543 tempora
2638 2475 2996 2543 concedunt,
3039 2483 3096 2535 et
3149 2497 3350 2539 rerum
3394 2491 3614 2544 natura

1958 2561 2220 2632 patitur:
2270 2561 2520 2618 omnino
2569 2570 2772 2621 autem
2831 2566 3062 2640 aliquid
3124 2571 3358 2643 demas,
3398 2591 3511 2632 nec
3549 2577 3614 2634 in

1960 2649 2176 2705 eodem
2207 2652 2367 2703 statu
2415 2650 2761 2723 relinquas:
2805 2660 2869 2710 ut
2915 2672 3026 2728 pro
3067 2658 3615 2722 innumerabilibus

1959 2735 2290 2804 beneﬁciis,
2313 2753 2450 2809 quae
2481 2738 2560 2794 ab
2589 2743 2831 2811 egregio
2862 2743 2962 2801 illo
2991 2749 3348 2818 magistratu
3385 2755 3619 2826 accepi-

1962 2841 2123 2894 mus,
2161 2825 2320 2882 hanc
2374 2841 2564 2882 unam
2603 2830 2862 2899 gratiam
2920 2837 3026 2890 tua
3081 2839 3393 2906 gravitatis
3431 2825 3621 2916 opera

1963 2913 2318 2970 referamus.

2469 3041 2803 3101 EPISTOLA
2830 3047 3122 3107 CCCXIV'.

539 3175 737 3246 Rogat
761 3180 830 3231 ut
857 3192 970 3234 sua
991 3193 1175 3236 causa
1204 3193 1468 3238 amorem
1496 3195 1640 3253 erga
1662 3182 1946 3253 fratrem,
1978 3183 2086 3254 qui
2122 3182 2277 3240 hanc
2305 3185 2618 3254 epistolam
2646 3187 2903 3258 ferebat,
2934 3193 3326 3264 multiplicet.

691 3299 1088 3376 ’Δνεπίγραφος,
1122 3303 1204 3357 ἐπὶ
1235 3305 1432 3378 οἰκέτῃ.

335 3427 436 3476 Καὶ
486 3430 595 3485 πῶς
633 3423 837 3496 ἔμελλον
887 3425 987 3498 ἐγὼ
1017 3433 1338 3501 γραμμάτων
1386 3431 1580 3484 οἰκείαν
1626 3432 1862 3508 ἀφορμὴν

259 3510 614 3586 παρόψεσθαι.
646 3517 736 3565 καὶ
764 3518 836 3586 μὴ
867 3525 1140 3591 προσερεῖν
1173 3520 1281 3590 (93)
1305 3525 1397 3578 τὴν
1433 3526 1529 3579 σὴν
1559 3527 1862 3594 τιμιότητα,

259 3597 418 3653 τοῦδε
445 3604 571 3676 πρὸς
600 3602 737 3674 ὑμᾶς
762 3601 1134 3677 ἀφικνουμένου
1155 3623 1169 3673 ;
1194 3606 1290 3670 Ὃς
1319 3607 1522 3681 ἐξήρκει
1546 3614 1636 3683 μεν
1667 3617 1756 3664 καὶ
1777 3613 1862 3685 αφ’

265 3690 450 3742 ἑαυτοῦ
482 3689 639 3742 εἰπεῖν
668 3693 734 3743 τὰ
758 3693 1004 3766 ἡμέτερα,
1032 3701 1120 3746 καὶ
1153 3701 1246 3753 τὴν
1274 3708 1368 3760 τῆς
1417 3698 1689 3762 ἐπιστολῆς
1736 3701 1863 3754 ἀπο-

266 3777 546 3850 πληρῶσαι
578 3781 690 3851 (94)
720 3786 907 3853 χρείαν
941 3804 954 3816 ·
988 3783 1255 3844 ἠϐουλήθη
1304 3785 1363 3839 δὲ
1407 3795 1497 3840 καὶ
1541 3793 1864 3864 γραμμάτων

269 3863 508 3927 διάκονος
537 3871 794 3939 γενέσθαι,
829 3867 923 3922 διὰ
958 3875 1015 3923 τὸ
1048 3870 1255 3946 σφόδρα
1285 3878 1422 3949 ἡμᾶς
1448 3881 1675 3951 ἀγαπᾷν,
1704 3885 1792 3934 καὶ
1818 3881 1871 3944 ἐξ

269 3954 600 4027 ὅλης-ψυχῆς
623 3962 972 4032 προσκεῖσθαι
1017 3963 1159 4034 ἡμῖν.
1214 3971 1375 4018 Παντὶ
1425 3969 1534 4039 (95)
1575 3974 1750 4042 τρόπῳ
1779 3976 1870 4023 καὶ

266 4047 332 4097 τὰ
360 4046 584 4117 ὑμέτερα
617 4047 833 4121 ῥήματα
869 4048 1269 4122 ἐπικομίζεσθαι
1309 4053 1572 4129 βούλεται,
1612 4065 1702 4112 καὶ
1749 4063 1871 4133 ὑμῖν

269 4131 657 4194 διακονεῖσθαι,
681 4134 982 4210 Ἐδώκαμεν
1021 4138 1109 4193 οὖν
1147 4143 1290 4215 αὐτῷ
1327 4150 1422 4204 τὴν
1460 4145 1753 4217 ἐπιστολὴν,
1796 4147 1870 4202 δι’

269 4223 335 4285 ἧς
358 4232 559 4296 πρῶτον
591 4227 681 4298 μεν
711 4227 832 4298 ὑμῖν
864 4228 1130 4302 εὐχόμεθα
1175 4235 1346 4286 πάντα
1394 4238 1461 4287 τὰ
1499 4235 1692 4309 ἀγαθὰ,
1726 4240 1815 4293 άτε
1845 4242 1871 4293 ὁ

272 4311 387 4386 βίος
417 4314 560 4375 οὗτος
590 4315 727 4386 ἔχει,
759 4323 848 4371 καὶ
873 4319 974 4371 ὅσα
1011 4323 1099 4372 τὸν
1146 4320 1196 4373 ἓν
1225 4332 1338 4384 ταῖς
1388 4326 1496 4397 (96)
1544 4326 1873 4401 ἐπαγγελίαις

269 4407 604 4477 μακαρισμὸν
634 4403 951 4478 ἀποκείμενα
980 4409 1236 4480 φυλάσσει
1267 4433 1280 4446 ·
1311 4416 1488 4489 ἔπειτα
1523 4422 1613 4469 καὶ
1650 4415 1874 4492 δεόμεθα

269 4499 362 4545 τοῦ
392 4491 546 4565 ἁγίου
575 4500 708 4546 Θεοῦ
733 4495 977 4568 οἰκονομη
988 4500 1139 4557 θῆναι
1161 4497 1403 4574 δεύτερον
1424 4506 1548 4577 ἡμῖν
1572 4513 1666 4565 τήν
1690 4491 1876 4561 συντυ-

1895 3309 1935 3364 C

2291 3309 2434 3366 Sine
2469 3313 2882 3385 inscriptione,
2906 3331 3017 3385 pro
3039 3319 3300 3388 famulo.

2044 3436 2114 3490 Et
2137 3435 2448 3506 quomodo
2474 3451 2588 3507 ego
2618 3437 3015 3499 domesticam
3036 3445 3339 3503 scribendi
3361 3451 3626 3510 occasio-

1972 3540 2115 3580 nem
2144 3525 2533 3597 negligerem,
2561 3545 2673 3585 nec
2694 3535 2862 3587 tuam
2894 3533 3220 3593 salutarem
3243 3537 3622 3610 dignitatem,

1972 3613 2088 3670 hoc
2119 3615 2197 3670 ad
2228 3632 2337 3671 vos
2364 3617 2779 3688 proﬁciscente
2799 3620 2827 3675 ‘I
2859 3623 2968 3686 Qui
3015 3625 3264 3696 quidem
3313 3633 3370 3684 et
3412 3645 3521 3701 per
3562 3648 3628 3688 se

1973 3710 2177 3772 posset
2204 3710 2416 3761 nostra
2443 3723 2710 3777 narrare,
2731 3709 3187 3786 litterarumque
3217 3716 3410 3774 vicem
3436 3721 3629 3793 exple-

1975 3807 2038 3847 re
2064 3810 2076 3843 :
2107 3793 2301 3852 voluit
2328 3799 2533 3851 tamen
2561 3795 2785 3853 litteras
2806 3801 2988 3855 etiam
3018 3803 3298 3874 perferre,
3338 3822 3410 3862 eo
3462 3809 3630 3881 quod

1977 3897 2076 3936 me
2100 3882 2485 3940 vehementer
2505 3885 2736 3956 diligat,
2761 3903 2831 3943 ac
2859 3888 3008 3946 mihi
3029 3907 3102 3946 ex
3125 3895 3248 3950 toto
3275 3895 3482 3953 animo
3504 3898 3635 3954 afﬁ-

1976 3987 2092 4026 xus
2114 3971 2207 4027 sit.
2236 3971 2411 4044 Cupit
2440 3975 2691 4031 omnino
2718 3981 2772 4032 et
2805 3981 2974 4034 tuum
3003 3995 3367 4053 responsum
3391 3986 3633 4059 referre,

1981 4064 2038 4114 et
2062 4059 2170 4115 tibi
2194 4077 2370 4117 suam
2400 4078 2649 4134 operam
2679 4070 2989 4136 praestare.
3023 4072 3227 4143 Itaque
3256 4073 3310 4128 ei
3339 4073 3478 4131 dedi
3518 4077 3640 4150 epi-

1983 4150 2225 4219 stolam,
2248 4167 2372 4224 qua
2400 4152 2506 4208 tibi
2526 4155 2791 4226 primum
2815 4156 2983 4216 bona
3012 4161 3219 4219 omnia
3242 4179 3474 4238 precor,
3508 4171 3639 4225 tum

1981 4256 2118 4312 quae
2147 4241 2276 4298 haec
2309 4241 2429 4298 vita
2455 4243 2658 4315 habet,
2683 4249 2811 4302 tum
2842 4263 2978 4319 quae
3001 4251 3366 4321 promissam
3390 4255 3641 4313 beatitu-

1982 4328 2187 4384 dinem
2220 4331 2484 4403 reposita
2515 4339 2792 4389 servant:
2827 4335 3046 4394 deinde
3076 4339 3253 4396 etiam
3279 4344 3468 4398 Deum
3493 4360 3639 4402 san-

1985 4422 2147 4474 ctum
2176 4434 2348 4490 rogo,
2379 4425 2448 4476 ut
2475 4437 2547 4477 eo
2575 4421 2657 4478 ita
2677 4423 3071 4496 dispensante
3091 4427 3306 4484 iterum
3326 4432 3641 4490 vobiscum

1986 4509 2475 4579 congrediamur,
2505 4513 2655 4569 dum
2685 4513 2746 4568 in
2771 4518 2930 4573 terra
2960 4533 3294 4576 versamur.
3320 4523 3637 4592 Caeterum,

343 4671 800 4766 (ιφλτοιπαιξται...
826 4677 1137 4766 πεφύκασινΣ
1175 4680 1276 4766 Sic.
1323 4685 1851 4766 tres_vetustissim

1985 4687 2259 4766 inficetus
2287 4687 2580 4747 doctrina
2608 4691 2867 4748 Patrum
2905 4695 3147 4766 verique
3181 4711 3384 4753 eorum
3435 4715 3642 4758 sensus

271 4742 718 4837 codices."E(Liiti
731 4742 959 4837 Δτοιαύτη
995 4754 1092 4837 3ιαί
1115 4753 1160 4837 ἡ,
1199 4751 1276 4837 ἐπ’
1327 4754 1533 4837 αὐτοῖς⁸
1545 4757 1756 4837 μνήμῃ..
1779 4799 1791 4813 .
1815 4801 1828 4814 .
1852 4803 1865 4815 .

272 4817 484 4886 πέφυκε.
510 4814 756 4887 Habent
774 4818 956 4875 etiam
986 4819 1063 4874 ἐπ’
1098 4823 1282 4887 αὐταῖς
1305 4841 1412 4882 sex
1459 4814 1560 4884 alii
1599 4814 1866 4886 codices;

346 4885 782 4965 (ᾗβλΈμαυτόν.
842 4889 938 4947 Sic
989 4896 1107 4948 tres
1157 4885 1549 4954 vetustissimi
1602 4885 1865 4959 codices.

273 4955 426 5012 Editi
457 4955 638 5009 ἑαυτὸν
651 5000 664 5013 .

335 5028 458 5118 ’(89)
487 5029 820 5118 ξουλπικίου.
853 5031 942 5090 Ita
996 5035 1155 5092 Harl.
1214 5039 1416 5111 prima
1471 5057 1681 5099 manu.
1724 5043 1878 5102 Editi

274 5105 796 5245 ouégfiiﬁaeuag.
829 5173 1144 5234 Immorari
1190 5195 1314 5237 non
1347 5182 1514 5241 soleo
1561 5185 1624 5241 in
1670 5185 1878 5244 obser-

271 5241 492 5298 vandis
520 5241 912 5316 interpretum
943 5249 1152 5304 erratis
1177 5267 1192 5316 ;
1225 5253 1334 5308 sed
1363 5258 1567 5312 tamen
1595 5241 1713 5313 hoc
1741 5241 1876 5316 loco

272 5327 584 5402 apponam
603 5316 864 5402 speciem
885 5319 1233 5402 eruditionis
1252 5325 1521 5402 _Sc_ulteti,_
1530 5333 1595 5384 ut
1615 5329 1876 5402 quisque

271 5389 794 5466 videatquantum
814 5389 964 5466 huic
974 5390 1223 5466 _homini
1245 5389 1654 5456 tribuendum‘
1665 5402 1759 5457 sit.
1777 5389 1877 5458 Sic

272 5460 454 5524 igitur
476 5460 927 5532 interpretatur:
956 5463 1118 5531 Quod
1141 5467 1250 5522 ille
1275 5469 1350 5524 sit
1379 5483 1455 5526 ex
1490 5473 1696 5552 ordine
1739 5487 1874 5541 pre-

276 5525 650 5602 sbyterorum
679 5537 1039 5590 nostrorum.
1071 5536 1237 5592 Unde
1286 5539 1716 5600 Combeﬁsms:
1766 5546 1873 5602 Va-

273 5577 445 5678 pu'let
474 5602 592 5657 tiro
619 5604 728 5674 qui
752 5605 837 5660 sic
861 5605 1076 5665 deliret
1101 5624 1115 5664 :
1147 5577 1895 5682 aithZZZisaii‘cjuo'sic'

1985 4760 2229 4817 arbiter.

1960 4893 1968 4901 .
2199 4837 2408 4911 ᾗαιροίΪ
2445 4833 2538 4890 Sic
2567 4848 2790 4911 novem
2827 4851 2977 4911 mss.
3005 4836 3156 4894 Editi
3179 4843 3386 4911 χρόνοι.

2057 4833 2173 4972 (91)
2203 4837 2408 4904 Καιροί.
2445 4833 2538 4890 Sic
2567 4848 2790 4915 novem
2827 4851 2977 4916 mss.
3005 4836 3156 4894 Editi
3179 4843 3386 4967 χρόνοι.

2060 4902 2170 4996 ιὲἓὶ
2199 4900 3202 4996 Z95":ir&<-.C°Iel_-_Reeas.et.Me
3251 4953 3264 4967 -
3293 4915 3533 4996 esui:-

2199 4973 2610 5049 Mr‘ziirpocapsiv.
2661 4973 2910 5049 Negatio
2950 4979 3157 5038 addita
3198 4998 3272 5039 ex
3322 4973 3509 5044 Coisl;
3551 5004 3646 5046 se-

1988 5045 2191 5102 cundo
2217 5050 2275 5101 et
2295 5045 2437 5116 Reg.
2470 5045 2763 5104 Secundo;

2027 5117 2175 5240 λ(νξ)
2200 5117 2634 5193 Ἀποπληρῶσαι.
2667 5119 2849 5176 Iidem
2876 5121 3000 5179 duo
3029 5123 3270 5182 codices
3299 5142 3442 5185 cum
3474 5129 3635 5188 Med.

2060 5207 2282 5240 ηοωσαι.

2130 5207 2282 5243 ωσαι.

1986 5207 2172 5330 πλῗὲὅ)
2197 5259 2370 5332 Ἡμῖν.
2398 5263 2563 5313 Παντὶ
2611 5265 2804 5336 τρόπῳ.
2833 5264 3090 5337 Uterque
3119 5268 3299 5328 Coisl.
3334 5273 3459 5343 ἡμῖν
3488 5274 3645 5324 παντὶ

1994 5351 2178 5405 τροπῳ.

2059 5404 2172 5474 (96)
2197 5402 2344 5478 ξοσα
2371 5406 2458 5455 τὸν
2489 5403 2540 5456 ἐν
2569 5411 2701 5478 ταῖς,
2728 5408 2838 5478 etc.
2873 5409 3014 5478 Reg.
3041 5411 3345 5468 secundus
3377 5415 3433 5467 et
3465 5412 3643 5470 Coisl.

1988 5475 2292 5558 secundus
2322 5478 2552 5558 6011‘?ch
2581 5475 2630 5529 ἐν
2655 5483 2772 5538 ταῖς
2796 5475 3130 5552 ἐπαγγελίαις
3174 5486 3259 5534 τὸν
3305 5488 3645 5558 μακαρισμὸν

1988 5544 2322 5620 ἀποκείμενον
2355 5547 2630 5620 φυλάσσει.

2057 5619 2078 5640 "
2105 5618 2271 5677 Alias
2299 5618 2564 5677 CCXXXI.
