4146 6406
315 225 458 282 1065

1251 223 1742 288 EPISTOLARUM
1777 226 2063 288 CLASSIS
2100 230 2196 289 III.
2235 230 2454 289 EPIST.
2499 229 2748 289 CCCXX.

3540 243 3681 301 1066

310 350 446 422 μεθα
472 348 799 422 γράμμασιν,
845 350 951 422 οὐχ
1000 353 1197 409 ἣκιστα
1252 349 1311 406 δὲ
1363 358 1457 412 τὴν
1503 360 1774 427 παροῦσαν
1820 351 1916 409 διὰ

2031 356 2209 428 vices;
2229 357 2345 415 ista
2364 356 2686 430 imprimis,
2706 359 2953 433 propter
2962 358 3128 421 hunc
3147 360 3482 438 hominem,
3493 380 3681 440 quem

309 435 481 510 τόνδε,
535 437 588 490 ὃν
640 442 728 492 καὶ
784 443 1309 515 παρακατατιθέμεθά
1369 462 1472 512 σοι,
1528 449 1618 498 καὶ
1671 444 1913 518 ἀξιοῦμεν

308 526 483 581 λαϐεῖν
507 548 625 581 τινα
654 529 810 584 αὐτὸν
841 538 934 595 τῆς
981 539 1081 584 τῶν
1137 534 1460 609 γραμμάτων
1509 535 1655 607 ἡμῶν
1680 533 1754 607 (2)
1796 531 1913 589 δια·

307 622 485 682 κονίας
517 620 675 678 αἵσθη
685 638 790 679 σιν.

861 734 1198 784 ΕΠΙΣΤΟΛΗ
1223 730 1373 788 ΤΙΗ’.

2023 447 2132 505 tibi
2163 445 2527 504 commendo
2558 462 2631 504 ac
2650 461 2820 519 rogo,
2852 451 2919 504 ut
2948 464 3013 506 se
3040 465 3212 510 meas
3240 452 3321 512 ad
3349 458 3408 513 te
3451 452 3680 516 litteras

2022 550 2147 594 non
2170 535 2394 595 frustra
2414 534 2730 609 pertulisse
2759 535 2997 596 sentiat.

2381 712 2563 789 446
2606 716 2939 774 EPlSTOLA
2983 715 3317 778 cccxvur.

912 854 1109 927 Rogat
1141 861 1208 912 ut
1243 856 1554 927 epistolam
1581 856 1807 928 ferenti
1846 862 1899 916 et
1923 862 2036 913 sua
2067 850 2124 904 et
2143 842 2365 915 patriae
2388 846 2573 915 ρνοειε
2611 842 3067 901 commendatio.

522 977 819 1049 Βασιλείου,
847 977 1210 1055 ἀνεπίγραφος,
1225 982 1353 1056 ὑπὲρ
1374 987 1695 1057 πατριώτου.

374 1087 502 1146 Τοὺς
531 1084 590 1138 ἐκ
626 1093 720 1146 τῆν
758 1083 1018 1161 πατρίδος
1073 1090 1219 1162 ἡμῶν
1270 1089 1611 1163 ἀφικομένους
1662 1095 1909 1150 συνίστη-

304 1178 362 1228 σί
398 1194 483 1228 σοι
512 1174 640 1228 αὐτὸ
661 1183 756 1239 τῆς
794 1173 1050 1252 πατρίδος
1086 1175 1312 1232 δίκαιον·
1363 1180 1409 1232 εἰ
1456 1185 1547 1233 καὶ
1589 1182 1670 1234 ὅτι
1711 1188 1774 1254 τῇ
1814 1187 1908 1235 τοῦ

300 1268 499 1340 τρόπου
550 1269 889 1341 χρηστότητι
947 1269 1145 1331 πάντας
1211 1270 1312 1321 ὑπὸ
1369 1274 1465 1329 τὴν
1524 1269 1711 1323 ἑαυτοῦ
1763 1271 1909 1342 ἄγεις

302 1357 569 1430 πρόνοιαν,
620 1358 742 1417 τοὺς
787 1357 1028 1409 ὁπωσοῦν
1081 1353 1355 1431 δεομένους
1396 1362 1532 1421 τινὸς
1564 1358 1907 1431 ἀντιλήψεως.

307 1449 410 1498 Καὶ
460 1446 548 1517 τὸν
596 1442 964 1520 ἐγχειρίζοντα
1004 1451 1175 1500 τοίνυν
1229 1451 1316 1507 τὴν
1366 1448 1643 1508 ἐπιστολὴν
1700 1456 1762 1521 τῇ
1822 1467 1908 1501 κο-

284 1536 552 1606 ’σμιὸτητί
583 1553 700 1603 σου,
734 1537 820 1586 τὸν
874 1537 985 1587 υἱὸν
1022 1533 1202 1600 τοῦδε,
1261 1533 1432 1608 δέξαι,
1464 1542 1555 1591 καὶ
1583 1539 1651 1599 ὡς
1682 1542 1911 1611 πατριὼ-

304 1642 420 1688 την,
447 1627 538 1676 καὶ
566 1626 634 1686 ὡς
690 1620 928 1695 δεόμενον
969 1623 1302 1697 ἀντιλήψεως,
1352 1630 1440 1679 καὶ
1486 1630 1553 1689 ὡς
1592 1627 1716 1700 παρ’
1771 1628 1914 1699 ἡμῶν

307 1713 677 1785 συνιστάμενόν
738 1732 841 1766 σοι·
892 1717 982 1766 καὶ
1039 1712 1095 1767 ἐκ
1154 1717 1359 1768 πάντων
1423 1718 1614 1769 τούτων
1669 1715 1719 1769 ἓν
1772 1716 1913 1786 αὐτῷ

306 1801 609 1875 ὑπαρξάτω,
664 1810 847 1874 τυχεῖν
897 1810 992 1864 τῆς
1043 1800 1394 1877 ἐνδεχομένης
1443 1808 1588 1879 παρά
1636 1812 1732 1858 σοῦ
1787 1803 1915 1877 βοη-

2187 964 2424 1038 Basilii,
2461 979 2668 1023 carens
2700 964 2898 1035 titulo,
2940 980 3054 1037 pro
3079 972 3497 1029 conterraneo.

2087 1076 2203 1131 Eos
2240 1071 2347 1146 qui
2389 1087 2421 1129 e
2464 1071 2660 1146 patria
2695 1077 2909 1130 nostra
2946 1072 3294 1146 adveniunt,
3326 1076 3532 1151 ipsum
3567 1078 3678 1138 tibi

2016 1161 2409 1222 commendat
2418 1161 2629 1235 patriae
2642 1160 2771 1234 jus:
2796 1162 3032 1220 tametsi
3043 1179 3287 1222 morum
3304 1164 3678 1239 benignitate

2018 1257 2267 1309 cunctos
2292 1250 2397 1325 qui
2425 1251 2983 1326 quomodocunque
3013 1256 3116 1311 tuo
3139 1254 3365 1314 auxilio
3380 1256 3674 1330 indigent,

2019 1343 2133 1401 sub
2163 1348 2335 1399 tuam
2361 1339 2617 1398 adducis
2641 1340 3109 1414 providentiam.
3148 1346 3320 1401 Hunc
3343 1345 3549 1421 itaque
3569 1347 3678 1422 qui

2019 1433 2343 1507 epistolam
2364 1428 2631 1487 comitati
2660 1433 2777 1487 tute
2805 1430 3134 1488 traditurus
3161 1437 3270 1506 est,
3292 1433 3488 1493 ﬁlium
3515 1436 3677 1495 illius

2020 1521 2279 1594 suscipe,
2304 1525 2362 1576 et
2390 1524 2686 1592 tanquam
2713 1518 3095 1594 popularem,
3120 1526 3177 1578 et
3203 1527 3500 1597 tanquam
3541 1526 3678 1600 opis

2020 1609 2321 1681 indigum,
2348 1607 2611 1682 denique
2639 1612 2933 1681 tanquam
2969 1624 3078 1682 per
3096 1625 3211 1666 nos
3240 1611 3347 1668 tibi
3368 1629 3677 1672 commen-

2022 1699 2267 1757 datum:
2294 1704 2477 1771 atque
2515 1697 2588 1753 iis
2621 1713 2695 1754 ex
2719 1697 3009 1754 omnibus
3037 1715 3229 1757 unum
3250 1702 3568 1774 quoddam
3593 1704 3681 1763 illi

2022 1789 2353 1859 contingat,
2375 1791 2443 1843 ut
2487 1785 2713 1842 scilicet
2750 1786 3045 1845 auxilium
3075 1804 3112 1847 a
3142 1792 3196 1846 te
3225 1795 3524 1864 quantum
3547 1793 3681 1851 ﬁeri

312 1893 482 1953 ϐοείας
521 1896 594 1953 εἰς
620 1894 686 1944 τά
710 1896 1048 1967 προκείμενα.
1087 1893 1247 1952 Δῆλον
1279 1890 1360 1965 δε,
1400 1895 1482 1946 ὅτι
1511 1892 1596 1971 ἐπὶ
1638 1901 1745 1955 τοῖς
1787 1892 1915 1967 ἀγα-

2031 1876 2238 1950 poterit
2273 1878 2687 1949 consequatur
2709 1875 2773 1931 in
2801 1876 3061 1947 negotiis
3088 1878 3232 1937 suis.
3256 1879 3680 1954 Liquetautem

309 1983 419 2043 θοίς
444 1982 614 2055 ἔργοις
667 1981 722 2033 αἱ
778 1977 1179 2053 ἀνταποδόσεις,
1230 1982 1289 2035 οὗ
1341 1981 1466 2057 παρ’
1518 1984 1662 2055 ἡμῶν
1700 1990 1801 2037 τῶν
1830 2003 1915 2055 μισ

305 2077 462 2144 κρῶν,
490 2068 618 2123 ἀλλὰ
647 2072 792 2144 παρὰ
817 2077 910 2126 τοῦ
944 2074 1162 2146 Κυρίου,
1192 2078 1283 2126 τοῦ
1311 2073 1403 2133 τὰς
1434 2070 1633 2143 ἀγαθὰς
1662 2074 1912 2148 προαιρέ-

311 2178 412 2222 σεις
451 2157 811 2234 ἀμειϐομένου.

839 2344 1177 2395 ΕΠΙΣΤΟΛΗ
1224 2338 1374 2397 ΤῙΘ’.

2019 1966 2199 2025 bonis
2246 1964 2535 2040 operibus
2597 1970 2877 2038 paratam
2925 1982 3057 2024 esse
3101 1970 3693 2042 remunerationem,

2020 2072 2147 2114 non
2193 2072 2302 2131 per
2345 2071 2459 2113 nos
2485 2054 2738 2128 quidem
2791 2055 3046 2130 pusillos
3089 2057 3392 2132 homines,
3421 2061 3530 2118 sed
3574 2078 3681 2136 per

2020 2145 2371 2216 Dominum,
2411 2143 2847 2219 qui‘preeclaris
2886 2145 3181 2204 institutis
3213 2149 3559 2209 mercedem
3585 2167 3681 2210 re-

2019 2234 2249 2310 pendit.

2504 2320 2843 2391 EPISTOLA
2873 2333 3201 2393 cccmx".

949 2445 1338 2505 Commendat
1362 2446 1652 2519 hospitem
1676 2460 1839 2503 omni
1864 2443 2129 2503 subsidio
2154 2443 2218 2501 in
2241 2448 2410 2500 terra
2429 2446 2727 2500 extranea
2746 2446 3036 2513 egentem.

833 2557 1043 2624 Ομοὶως
1069 2553 1196 2628 ὑπὲρ
1231 2553 1397 2617 ξένου.

382 2676 530 2729 Κατά
568 2670 743 2736 πόδας
805 2684 903 2738 τῆς
955 2674 1341 2749 ἀναχωρήσεώς
1391 2697 1486 2731 σου
1544 2680 1734 2736 ἐπέστη
1789 2679 1913 2750 ἡμῖν

309 2766 335 2817 ὀ
367 2766 481 2824 υἱὸς
523 2764 670 2824 οὗτος
721 2763 747 2814 ὀ
794 2767 889 2821 την
941 2763 1219 2821 ἐπιστολήν
1261 2783 1345 2817 σοι
1373 2768 1569 2823 ταύτην
1601 2760 1912 2832 ἀποδιδοὺς,

308 2856 496 2928 χρείαν
525 2855 683 2924 ἔχων,
728 2854 795 2915 ὡς
849 2850 977 2924 ἀνὴρ
1026 2851 1076 2904 ἐν
1142 2850 1412 2927 ἀλλοδαπῇ
1470 2850 1688 2927 διάγων,
1736 2855 1914 2915 πάσης

308 2950 400 3003 τῆς
465 2943 608 3017 ποιρά
658 2949 758 2994 τῶν
823 2948 1156 3016 Χριστιανῶν
1215 2941 1545 3017 ὀφειλομένης
1586 2949 1697 3005 τοῖς
1753 2943 1914 3006 ξένοις

308 3033 672 3107 παραμυθίας.
721 3034 791 3085 Τό
853 3035 943 3105 μέν
1008 3031 1098 3085 οὖν
1149 3038 1372 3107 πρᾶγμα
1427 3032 1579 3095 οὗτος
1646 3052 1730 3085 σοι
1795 3031 1911 3105 ἒναρ

2484 2547 2780 2606 Similiter
2823 2563 2937 2619 pro
2963 2547 3215 2621 hospite.

2096 2677 2137 2730 Ε
2181 2673 2435 2744 vestigio
2491 2688 2770 2730 recessus
2807 2674 2895 2730 tui
2942 2675 3200 2732 accessit
3254 2675 3334 2733 ad
3375 2692 3475 2734 me
3524 2677 3685 2737 ﬁlius

2022 2763 2155 2833 iste,
2206 2761 2312 2834 qui
2360 2762 2522 2822 hanc
2569 2761 2894 2835 epistolam
2940 2762 3051 2819 tibi
3069 2763 3355 2836 porrigit:
3420 2765 3473 2822 is
3522 2767 3688 2826 velut

2021 2849 2292 2906 homoin
2340 2853 2500 2906 terra
2531 2853 2818 2906 extranea
2854 2850 3101 2924 degens,
3144 2852 3312 2909 omni
3358 2858 3493 2924 eget
3540 2855 3687 2913 sub-

2025 2938 2203 3009 sidio,
2248 2937 2418 3012 quod
2464 2937 2811 3011 hospitibus
2856 2938 3112 2997 debetur
3139 2956 3248 3014 per
3288 2941 3686 3004 Christianos.

2024 3032 2091 3085 Et
2114 3028 2425 3099 negotium
2455 3027 2706 3101 quidem
2752 3028 2888 3100 ipse
2915 3028 3020 3086 tibi
3050 3028 3271 3087 clarius
3330 3034 3636 3091 enarrabit
3667 3052 3682 3092 :

305 3091 548 3197 γέστερον
602 3117 942 3194 διηγήσεται·
1000 3125 1094 3180 τὴν
1154 3117 1214 3174 δὲ
1272 3120 1523 3194 βοήθειαν
1580 3122 1737 3183 αὐτὸς
1782 3141 1914 3196 παρ-

2031 3121 2088 3177 tu
2141 3133 2287 3175 vero
2336 3091 2630 3174 auxilium
2692 3117 2995 3190 praebebis
3040 3133 3153 3192 pro
3208 3120 3466 3191 viribus,
3497 3127 3683 3197 atque

308 3210 455 3278 έξεις,
486 3214 581 3270 τὴν
614 3230 700 3264 σοι
728 3213 866 3264 κατά
904 3207 1150 3284 δύναμιν,
1198 3216 1290 3264 καὶ
1322 3213 1612 3285 ἀναγκαίαν
1648 3218 1761 3275 τοῖς
1788 3230 1914 3286 προ-

306 3305 578 3375 κειμένοις.
625 3303 739 3355 Ἐἀν
796 3304 887 3374 μὲν
940 3299 1029 3356 οὖν
1086 3310 1227 3376 παρῇ
1280 3305 1306 3356 ὁ
1351 3303 1574 3376 ἡγεμὼν,
1635 3303 1787 3363 αὐτὸς
1837 3302 1908 3366 ξε-

306 3396 557 3463 ναγήσεις
602 3394 732 3464 πρὸς
775 3393 930 3443 αὐτὸν
982 3386 1243 3449 δηλονότι.
1318 3391 1462 3445 Ἐπεὶ
1491 3388 1586 3445 διὰ
1632 3399 1733 3444 τῶν
1761 3391 1911 3445 πολι-

305 3484 587 3553 τευομένων
612 3479 850 3553 παρέξεις
893 3479 1034 3551 αὐτῷ
1088 3482 1156 3533 re
1200 3477 1628 3553 σπουδαζόμενα,
1685 3481 1761 3534 Οὐ
1808 3483 1911 3554 γὰρ

306 3577 505 3643 μικρῶς
571 3589 663 3641 μοι
718 3569 858 3641 μέλει
922 3571 981 3621 τὸ
1056 3570 1228 3622 πάντα
1298 3569 1454 3623 αὐτὸν
1510 3572 1647 3623 κατά
1698 3576 1910 3643 γνώμην

306 3660 578 3731 πράξαντα
615 3657 922 3714 ἐπανελθεῖν.

860 3770 1200 3821 ΕΠΙΣΤΟΛΗ
1238 3765 1362 3824 TK'.

2020 3207 2433 3264 necessarium
2456 3204 2642 3262 rebus
2671 3206 3101 3279 praesentibus.
3152 3208 3210 3266 Si
3248 3211 3455 3284 itaque
3492 3211 3689 3272 aderit

2021 3312 2273 3371 praeses,
2330 3295 2459 3369 ipse
2504 3294 2784 3353 videlicet
2820 3295 2902 3353 ad
2947 3312 3088 3354 eum
3142 3296 3329 3356 duces
3352 3300 3682 3375 hospitem.

2019 3385 2275 3459 Alioqui,
2327 3402 2434 3458 per
2484 3401 2588 3443 eos
2647 3385 2754 3459 qui
2792 3385 3238 3459 rempublicam
3292 3394 3508 3461 gerunt
3535 3406 3686 3448 con-

2019 3477 2184 3534 ﬁcies
2215 3477 2265 3531 ei
2289 3492 2424 3549 quae
2478 3476 2717 3549 expetit.
2770 3478 2897 3534 Non
2923 3477 3087 3533 enim
3118 3479 3498 3536 mediocriter
3534 3481 3687 3538 mihi

2022 3582 2178 3623 curae
2204 3571 2311 3631 est,
2374 3571 2438 3623 ut
2468 3567 2725 3640 peractis
2756 3581 2829 3622 ex
2869 3564 3058 3625 animi
3079 3569 3377 3628 sententia
3397 3570 3686 3629 omnibus

2021 3660 2373 3715 revertatur.

2507 3766 2846 3823 EPISTOLA
2888 3765 3196 3823 CCCXX’".

311 3889 590 3948 Testatur
617 3904 750 3949 eum
779 3889 887 3963 qui
913 3891 995 3949 ad
1022 3890 1262 3962 negotia
1286 3889 1683 3963 procuranda
1711 3890 1928 3946 missus
1952 3890 2184 3961 fuerat,
2212 3889 2324 3963 etsi
2350 3902 2416 3945 re
2443 3889 2671 3963 infecta
2698 3887 2877 3963 redit,
2910 3903 3033 3945 non
3059 3892 3259 3947 tamen
3292 3889 3563 3962 pigritia.“
3581 3904 3684 3950 ac-

1118 3962 1475 4018 cusandum.
1497 3963 1669 4019 Scire
1695 3968 1829 4019 avet
1854 3977 1971 4034 quo
2000 3969 2130 4019 toco
2167 3962 2289 4018 sint
2317 3976 2412 4018 res
2445 3961 2881 4018 ecclesiasticos.

654 4088 1050 4161 Ἀνεπίγραφος,
1084 4084 1167 4140 ἐπὶ
1194 4091 1556 4162 προσηγορίᾳ.

380 4197 475 4250 Διά
511 4201 715 4271 μακροῦ
773 4197 897 4266 ἡμῖν
963 4194 1162 4269 ὑπῆρξε
1224 4202 1528 4267 προσειπεῖν
1591 4198 1686 4253 τὴν
1743 4193 1916 4266 τιμιό-

307 4289 443 4345 τητά
476 4305 593 4356 σου,
649 4293 720 4356 τῷ
772 4288 861 4338 τὸν
917 4283 1300 4358 ἀνακομίζοντος
1346 4289 1441 4347 τὰς
1483 4283 1789 4358 ἀποκρίσεις
1818 4303 1917 4337 πο-

306 4377 396 4430 λύν
451 4379 644 4451 χρόνον
701 4371 1041 4447 ἐνδιατρίψαι
1110 4382 1172 4446 τῇ
1234 4376 1479 4448 ἡμετέρᾳ,
1539 4379 1631 4426 καὶ
1688 4370 1920 4447 ἀνδράσι

308 4470 400 4520 καὶ
428 4467 711 4540 πράγμασι
750 4460 1195 4538 δυσχερεστέροις
1226 4464 1303 4534 (3)
1350 4469 1666 4538 περιπεσεῖν.
1703 4464 1919 4517 Ἐνιαυ-

2277 4083 2420 4142 Sine
2440 4083 2843 4156 inscriptione,
2868 4083 3186 4141 salutandi
3208 4088 3433 4157 gratia.

2100 4192 2306 4262 Longo
2337 4189 2645 4247 intervallo
2666 4189 2838 4246 nobis
2859 4191 3108 4262 contigit
3133 4196 3305 4249 tuam
3329 4193 3685 4265 dignitatem

2032 4281 2326 4347 salutare;
2371 4297 2442 4337 eo
2472 4280 2640 4353 quod
2669 4281 2775 4352 qui
2798 4295 3096 4354 respousa
3120 4282 3316 4351 refert,
3359 4283 3465 4340 diu
3492 4285 3555 4341 in
3584 4301 3685 4342 no-

2031 4376 2157 4429 stra
2206 4371 2452 4441 regione
2510 4375 2919 4427 commoratus
2962 4371 3054 4443 sit,
3104 4388 3177 4428 ac
3241 4377 3371 4429 tum
3422 4373 3483 4429 in
3525 4374 3684 4431 viros

2035 4461 2510 4528 morosissimos,
2527 4466 2652 4516 tum
2669 4461 2731 4515 in
2751 4461 2995 4531 negotia
3014 4461 3371 4519 difﬁcillima
3387 4463 3687 4522 inciderit.

308 4560 398 4610 τὸν
445 4556 547 4627 γὰρ
602 4552 715 4605 ὅλον
774 4551 1068 4613 ἀπεξενὼθη
1143 4558 1240 4612 τῆς
1299 4553 1624 4622 ἐνεγκούσης.
1672 4549 1916 4611 ’Δπάταις

2032 4554 2185 4608 Nam
2202 4566 2433 4607 annum
2456 4555 2649 4606 totum
2675 4550 2870 4606 abfuit
2887 4552 3098 4623 patria.
3121 4555 3174 4607 Is
3194 4551 3513 4609 hominum
3534 4552 3691 4610 dolis

310 4643 595 4718 ἀνθρώπων
644 4647 735 4696 καὶ
797 4639 1104 4695 διαλύσεσιν
1153 4642 1436 4712 ὑπαχθεὶς,
1490 4641 1535 4693 εἰ
1569 4647 1665 4701 τῆς
1727 4643 1926 4715 παρού⁶

311 4754 410 4796 σης
472 4732 614 4805 αὐτῷ
670 4736 988 4807 κακουργίας
1037 4735 1338 4804 κρατήσειε,
1396 4737 1489 4783 τοῦ
1531 4732 1721 4790 παντὸς
1757 4732 1926 4804 περιέ-

313 4824 534 4889 σεο-θαιέ⁹
579 4820 676 4892 ὀψε
730 4827 822 4874 τοῦ
883 4819 1161 4893 κεφαλαίου
1227 4826 1323 4881 τῆς
1387 4819 1583 4892 ζημίας
1644 4816 1921 4891 ἐπῄσθετο,

310 4912 361 4966 ἐν
408 4918 472 4984 τῇ
539 4911 676 4963 κοιτά
731 4911 917 4983 μικρὸν
978 4906 1148 4981 ἀπάτη
1205 4916 1297 4969 τῆς
1347 4907 1649 4969 αἰσθήσεως
1703 4905 1927 4959 κλεπτο-

311 5007 489 5077 μένης.
530 4999 674 5054 Ἐπεὶ
713 4995 801 5052 οὖν
845 4997 1098 5063 ἐπάνεισι,
1153 5005 1254 5051 τῶν
1309 5016 1366 5051 τε
1419 5003 1511 5051 τοῦ
1561 4995 1705 5069 ἀέρος
1761 4994 1926 5068 ὀχληο

385 5179 683 5252 (2))Ημῷν.
717 5174 893 5252 Cois].
932 5173 1174 5252 primus
1210 5176 1361 5248 ἡμῖν.
1384 5173 1568 5252 [aulo
1606 5171 1928 5252 antelegit

316 5244 853 5323 (ἶοὶήὺεὲὶείιιεπρρς
877 5244 1055 5323 πᾷσαν
1078 5244 1364 5323 πρόφασιν.
1401 5246 1515 5323 Sed
1537 5245 1740 5301 minus
1760 5244 1928 5302 intel-

312 5323 457 5397 lexit
481 5321 628 5397 illud
660 5318 999 5397 ἀμειϐόμεθμ,
1025 5318 1199 5390 (διῆρε
1219 5319 1348 5374 haec
1372 5318 1612 5397 videtur
1631 5332 1770 5397 esse
1796 5332 1930 5397 sen-

314 5394 503 5452 tentia
528 5413 540 5450 :
570 5387 723 5458 Quot
751 5387 1115 5448 occasiones
1132 5393 1480 5457 occurrunt,
1502 5387 1752 5447 totidem
1779 5387 1928 5444 scri-

318 5465 505 5526 bendi
528 5465 689 5521 vices
717 5477 971 5534 usurpo.

330 5548 335 5551 ‘
393 5538 470 5611 (3)
493 5529 959 5611 Δυσχερεστέρὸις.
1013 5532 1106 5590 Sic
1134 5536 1387 5608 uterque
1432 5530 1635 5603 Coisl.,
1691 5529 1843 5591 Med.
1874 5532 1931 5589 et

603 5644 848 5704 Panos.
888 5640 991 5699 Gn.
1036 5624 1229 5705 XXXII.

2035 4644 2095 4697 et
2139 4640 2649 4698 transactionibus
2703 4639 2765 4696 in
2794 4656 2932 4696 eam
2984 4656 3157 4713 spem
3181 4641 3468 4698 inductus
3510 4658 3597 4713 se,
3638 4642 3692 4700 si

2033 4735 2397 4802 praesentem
2440 4729 2772 4803 nequitiam
2824 4734 3152 4802 superaret,
3198 4730 3284 4785 rei
3315 4731 3497 4787 totius
3528 4747 3692 4788 sum-

2035 4834 2203 4875 mam
2257 4819 2667 4890 obtenturum,
2716 4833 2851 4874 sero
2897 4817 3110 4873 damni
3142 4823 3321 4892 caput
3356 4822 3689 4893 persensit:

2036 4923 2177 4963 cum
2216 4907 2385 4964 fraus
2414 4907 2704 4981 paulatim
2752 4906 3146 4979 progrediens
3175 4922 3421 4965 sensum
3449 4914 3693 4983 praeter-

2034 4993 2303 5068 fugisset.
2347 4999 2497 5055 Cum
2539 4996 2719 5069 igitur
2753 4994 2962 5053 redeat
2991 5000 3048 5053 et
3075 4995 3156 5053 ab
3193 4997 3349 5055 aeris
3405 4998 3696 5058 molestiis

2037 5177 2180 5247 Reg.
2230 5172 2556 5230 secundus.
2580 5170 2759 5247 _Editi
2802 5167 3286 5247 δυσχερεστάτοις.
3321 5174 3529 5233 Statim
3552 5173 3696 5233 editi

2041 5242 2268 5328 ἀπάταις
2330 5247 2457 5320 γὰρ,
2497 5242 2603 5300 sed
2642 5242 2860 5328 yocula
2915 5242 3189 5328 deest‘in
3230 5262 3378 5328 mss:
3410 5251 3692 5328 quatuor.

2038 5318 2246 5374 Plures
2271 5314 2475 5373 autem
2500 5330 2623 5371 non
2642 5314 2972 5371 habuimus
3002 5316 3064 5371 in
3092 5315 3253 5373 hanc
3279 5314 3619 5390 epistolam.

2111 5392 2131 5412 ‘
2158 5390 2241 5444 Ex
2273 5387 2829 5445 CoteleriiMonum.
2868 5386 2978 5444 Ec.
3008 5388 3110 5444 Gr.
3139 5395 3181 5445 t.
3216 5392 3282 5445 ll.
3314 5405 3376 5445 ι).
3405 5392 3495 5445 94.

2113 5394 2131 5412 ·
2159 5394 2541 5516 ἓοιειθξέ
2559 5394 2829 5460 Monum,
2868 5394 2978 5444 Ec.
3008 5394 3110 5444 Gr.
3139 5395 3181 5445 t.
3216 5394 3282 5462 ll,
3314 5405 3376 5462 p.
3405 5394 3495 5446 94.

2113 5462 2156 5484 "
2246 5477 2261 5515 ι
2315 5501 2352 5527 .,
2384 5474 2444 5527 p.
2530 5462 2571 5515 ‘.

2112 5532 2177 5557 '“
2210 5531 2370 5592 Alias
2388 5531 2611 5593 CCXXI.
2676 5608 2683 5613 κ

3335 5638 3407 5701 3ὶ
