4146 6416
457 255 590 310 1067

1831 253 1888 310 S.
1930 251 2181 310 BASILII
2220 252 2440 310 MAGNI

3685 255 3834 311 1068

448 381 507 433 et
525 377 604 434 ab
626 373 948 432 hominum
981 375 1258 447 nequitia
1312 375 1635 433 liberatus:
1671 375 2009 433 salutamus
2050 379 2108 433 te

2226 383 2322 449 ρῶν
2362 381 2452 428 καὶ
2511 383 2603 437 τῆς
2650 382 2752 428 τῶν
2827 373 3030 450 ἀνδρῶν
3115 378 3412 449 μεχθηρίας
3488 375 3836 450 ἀπαλλαγεὶς,

448 481 557 538 per
579 464 769 532 illum,
815 469 1095 536 rogantes
1137 469 1206 521 ut
1233 465 1423 521 nostri
1453 465 1800 520 memineris
1831 465 1894 521 in
1922 465 2112 537 preci-

449 554 568 612 bus
593 557 757 626 (nam
789 569 1040 626 precum
1063 554 1287 611 auxilio
1311 554 1490 612 valde
1509 554 1902 625 indigemus),
1931 554 2112 612 simul

451 644 636 701 etiam
688 643 1004 700 certiorem
1031 647 1087 700 te
1145 642 1322 711 facio,
1354 659 1510 716 quos
1538 643 1752 700 beatus
1778 646 2110 716 episcopus

452 733 657 790 debito
706 731 998 790 solvendo
1065 731 1362 790 obnoxios
1416 732 1744 806 reliquerat
1787 733 2110 807 (siquidem

452 823 518 879 in
550 838 661 881 suo
711 824 1071 880 testamento
1123 825 1180 880 et
1225 821 1413 878 debiti
1467 821 1606 880 fecit
1633 822 2024 894 mentionem,
2056 827 2115 881 et

454 910 619 968 unde
677 914 734 968 et
788 926 826 970 a
876 909 1099 983 quibus
1149 909 1300 966 illud
1353 909 1526 984 447
1581 910 1729 968 solvi
1767 913 2111 984 oporteret),

455 1016 562 1058 eos
601 999 811 1058 amicis
849 999 1362 1058 admonitionibus
1420 998 1635 1073 spretis
1690 1001 2114 1059 necessitatem

454 1088 851 1147 tribunalium
902 1092 1273 1160 exspectare.
1307 1089 1504 1156 Quare
1543 1089 1768 1146 sodalis
1812 1094 2018 1148 noster
2048 1106 2114 1147 re

457 1178 682 1236 infecta
719 1177 916 1245 rediit,
946 1183 1127 1250 atque
1180 1178 1314 1235 hinc
1359 1180 1495 1253 ipsa
1531 1180 1768 1249 rogavit
1811 1183 1878 1236 ut
1917 1179 1994 1237 de
2043 1195 2116 1236 eo

457 1271 836 1335 testaremur,
859 1281 935 1322 ne
983 1264 1260 1335 segnitiei
1310 1271 1415 1325 aut
1458 1266 1712 1339 pigritia:
1743 1267 1909 1341 apud
1947 1271 2118 1325 tuam

457 1355 817 1427 dignitatem
843 1355 1246 1412 incusaretur.
1273 1359 1354 1412 De
1373 1356 1468 1412 his
1485 1356 1797 1414 hactenus.
1823 1358 2116 1414 Caeterum

461 1446 664 1518 quoin
695 1449 854 1502 statu
885 1445 1005 1501 sint
1029 1461 1126 1502 res
1153 1445 1575 1515 Ecclesiarum,
1595 1451 1796 1504 utrum
1822 1447 2120 1504 conceda-

459 1540 560 1593 tur
603 1539 671 1592 ut
713 1533 778 1590 in
823 1533 1041 1591 eodem
1071 1538 1231 1592 statu
1280 1540 1701 1607 permaneant,
1758 1551 1836 1594 an
1857 1536 1918 1592 in
1944 1537 2120 1608 pejus

463 1627 736 1694 vergant,
776 1626 882 1680 aut
934 1638 1107 1694 spem
1153 1622 1424 1695 aliquam
1466 1623 1735 1680 habeant
1799 1625 2019 1681 futurae
2057 1625 2122 1682 in

463 1711 683 1768 melius
705 1711 1079 1778 mutationis,
1110 1727 1219 1784 per
1247 1711 1514 1785 aliquem
1540 1729 1571 1770 e
1595 1712 1794 1774 charis
1831 1713 2120 1774 fratribus

465 1801 783 1862 certiorem
808 1815 909 1861 me
928 1801 1125 1862 facere
1154 1801 1442 1876 digneris.

957 2107 1293 2164 EPISTOLA
1331 2109 1632 2167 CCCXXI“.

2221 465 2567 537 ἀσπαζόμεθα
2608 483 2664 516 σε
2713 461 2786 516 δι’
2844 472 3028 533 αυτοῦ,
3069 465 3488 538 παρακαλοῦντες
3527 471 3838 540 μεμνῆσθαι

2219 556 2365 626 ἡμῶν
2407 553 2487 606 ἐπὶ
2532 561 2631 607 τῶν
2683 562 2998 628 προσευχῶν
3047 554 3259 625 (πολλῆς
3309 557 3413 630 γὰρ
3472 563 3570 617 τῆς
3634 556 3690 608 ἐκ
3729 565 3837 610 τῶν

2220 642 2391 715 εὐχῶν
2437 641 2682 714 βοηθείας
2739 639 3009 714 δεόμεθα),
3073 648 3164 696 καὶ
3207 643 3319 711 ἅμα
3368 649 3713 718 σημαίνομεν,
3749 649 3838 700 ὅτι

2219 735 2269 785 οἱ
2315 734 2594 786 ὑπεύθυνοι
2639 731 3058 805 καταλειφθέντες
3111 736 3242 807 πρὸς
3295 738 3390 792 τὴν
3447 741 3542 787 τοῦ
3597 735 3836 810 ὀφλήμα-

2219 841 2303 883 τος
2367 825 2567 874 ἔκτισιν
2631 823 2778 894 παρὰ
2837 829 2929 874 τοῦ
3002 826 3267 897 μακαρίου
3339 821 3653 893 ἐπισκόπου,
3722 825 3834 880 ἐπι-

2220 913 2533 983 μνησθέντπ
2564 909 2612 962 ἐν
2654 918 2768 972 ταῖς
2816 907 3104 974 διαθήκαις
3148 911 3312 966 αὐτοῦ
3360 931 3417 966 τε
3476 920 3572 966 τοῦ
3615 920 3833 988 χρέους,

2219 1005 2311 1052 καὶ
2359 1001 2470 1053 ὅθεν
2521 1007 2783 1076 προσῆκεν
2853 998 3282 1072 ἐκτισθῆναιμε),
3340 1004 3431 1054 καὶ
3498 997 3596 1057 διὰ
3655 1010 3830 1074 τίνων,

2222 1087 2554 1163 ὑπεριδόντες
2605 1097 2706 1142 τῶν
2758 1088 2974 1162 φιλικῶν
3032 1091 3397 1163 ὑπομνήσεων,
3453 1093 3548 1155 τὰς
3608 1091 3662 1146 ἐκ
3727 1104 3830 1147 τῶν

2226 1175 2584 1251 δικαστηρίων
2659 1177 2888 1251 ἀνάγκας
2949 1175 3265 1252 ἐκδέχονται
3300 1222 3314 1237 .
3397 1184 3484 1234 Διό
3559 1184 3827 1257 ἄπρακτος

2224 1267 2504 1326 ἐπανῆλθεν
2554 1269 2581 1321 ὁ
2624 1267 2826 1340 ἑταῖρος
2886 1269 3057 1340 ἡμῶν,
3105 1273 3197 1320 καὶ
3257 1275 3426 1321 ταῦτα
3479 1270 3608 1323 αὐτά
3663 1273 3822 1336 ἠξίω-

2229 1379 2313 1411 σεν
2353 1358 2507 1410 αὐτὸν
2539 1358 2618 1429 (5)
2661 1357 2784 1430 παρ’
2827 1359 2974 1429 ἡμῶν
3032 1361 3460 1433 μαρτυρηθῆναι,
3505 1364 3572 1421 ὡς
3613 1367 3682 1433 μή
3735 1362 3828 1437 ἁρ-

2225 1453 2344 1520 γίας
2382 1443 2522 1520 μηδὲ
2568 1448 2834 1521 ῥᾳθυμίας
2882 1446 3117 1519 ἔγκλημα
3166 1454 3320 1520 σχεῖν
3366 1450 3510 1522 παρὰ
3559 1457 3620 1522 τῇ
3662 1457 3837 1522 τιμιό-

2225 1542 2347 1596 τητί
2369 1557 2490 1592 σου.
2525 1539 2810 1609 Ταῦτα
2839 1535 2914 1599 εἰς
2939 1543 3209 1592 τοσοῦτον.
3237 1539 3316 1590 Τὰ
3366 1533 3426 1590 δὲ
3471 1545 3571 1589 τῶν
3620 1535 3866 1599 Ἐκκλη-’

2229 1636 2354 1679 σιών
2386 1628 2524 1688 ὅπως
2580 1626 2712 1698 εχει,
2779 1628 2879 1680 εἴτε
2936 1633 3348 1701 συγκεχώρηται
3403 1631 3570 1699 μένειν
3617 1627 3702 1680 ἐπί
3739 1637 3844 1692 τῆς

2227 1718 2552 1789 ὁμοιότητος,
2597 1717 2696 1768 sire
2748 1719 2840 1766 καὶ
2893 1718 3022 1787 πρὸς
3067 1718 3126 1766 τὸ
3183 1723 3364 1790 χεῖρον
3412 1716 3758 1786 ἐκπέπτωκεν,
3803 1721 3834 1778 ἦ

2151 1788 2193 1844 Β
2229 1788 2349 1858 τίνα
2377 1807 2451 1868 (6)
2480 1800 2672 1858 ἐλπίδα
2706 1811 2802 1866 τῆς
2853 1802 2938 1856 ἐπὶ
2983 1807 3042 1857 τὸ
3097 1788 3300 1876 βέλτιον
3357 1807 3471 1877 ἔχει
3520 1805 3838 1878 μεταϐολῆς,

2229 1898 2485 1969 γνωρίσαι
2534 1895 2660 1967 ἡμῖν
2707 1888 2804 1948 διὰ
2851 1893 2992 1956 τινὸς
3018 1899 3120 1946 τῶν
3160 1897 3392 1966 γνησίων
3419 1890 3655 1969 ἀδελφῶν
3678 1915 3842 1952 κατα-

2231 1985 2439 2050 ξίωσον.

2763 2109 3101 2160 ΕΠΙΣΤΟΛΗ
3138 2105 3305 2161 ΤΚΑ’.

464 2196 697 2255 Auctor
728 2195 910 2269 huius
950 2197 1237 2266 epistolae,
1268 2213 1441 2269 quem
1470 2197 1823 2267 Gregorium
1863 2199 2312 2255 Nazianzenum
2333 2210 2453 2252 esse
2477 2209 2598 2269 non
2627 2193 2877 2269 obscure
2905 2195 3292 2269 perspicitur,
3348 2210 3469 2252 non
3499 2197 3628 2254 sine
3665 2198 3844 2254 solito

541 2270 742 2342 lepore
776 2265 1058 2342 Theclam
1080 2265 1365 2342 rogatfat
1386 2269 1478 2342 his
1503 2265 1610 2340 qui
1619 2270 1877 2326 ecclesiae
1903 2274 2251 2339 conseptum
2269 2265 2684 2336 exstruebant,
2705 2265 2916 2325 vinum
2942 2265 3302 2339 suppeditet,
3323 2273 3654 2340 propterea
3679 2269 3850 2342 quod

538 2341 852 2399 vehemens
876 2340 1028 2398 anni
1045 2340 1354 2410 praeteriti
1365 2341 1569 2412 frigus
1589 2342 1738 2399 vites
1764 2342 2127 2401 succiderat.

1165 2428 1430 2488 Thecla.

540 2517 843 2578 Praeterito
873 2531 1062 2590 anno,
1081 2519 1194 2576 etc.

2933 2427 3122 2500 Θὲκλῃ.

2300 2523 2371 2576 Τὸ
2398 2523 2770 2593 παριππεῦσαν
2801 2518 2936 2584 ἔτος,
2967 2536 3020 2571 κ.
3047 2536 3098 2574 τ.
3120 2515 3170 2572 λ.

1258 2606 1402 2665 Vide
1431 2609 1592 2666 inter
1619 2611 1675 2666 S.
1713 2609 1990 2683 Gregorii
2016 2609 2388 2670 Nazianzeni
2414 2607 2720 2680 epistolas,
2749 2607 2920 2675 epist.
2961 2605 3058 2662 57.

935 2694 1271 2752 EPISTOLA
1317 2697 1654 2755 CCCXXII“.

2760 2700 3098 2750 ΕΠΙΣΤΟΛΠ
3135 2693 3295 2751 ΤΚΒ’.

465 2786 784 2845 Rationem
821 2783 1022 2844 reddit
1046 2799 1155 2841 cur
1173 2799 1304 2842 sero
1315 2787 1672 2858 respondeat
1698 2805 1724 2848 ,ο
1746 2794 1924 2860 rogat
1951 2796 2017 2844 ut
2045 2794 2179 2872 post
2212 2789 2454 2916 londgarzz
2468 2786 2678 2845 hiemis
2707 2784 3039 2844 absentiam
3059 2785 3274 2844 saltem
3295 2785 3378 2844 ad
3395 2782 3656 2844 Pascha?
3682 2789 3838 2848 diem

1776 2877 1912 2916 cum
1942 2875 2201 2916 comitas
2228 2874 2296 2916 re
2339 2874 2409 2916 ea
2441 2902 2454 2916 .

1776 2877 1912 2918 cum
1942 2875 2201 2934 conjuge
2228 2874 2454 2918 redeat.

461 2946 609 3006 Sine
661 2945 1076 3016 inscriptione,
1106 2951 1176 3002 ut
1203 2961 1340 3005 cum
1367 2963 1560 3006 amico
1588 2949 1801 3006 Pacha
1839 2950 2116 3008 celebret.

535 3051 808 3125 Acceptis
853 3055 971 3110 tua:
1008 3051 1318 3124 dignitatis
1372 3054 1602 3124 litteris,
1654 3057 1899 3127 gavisus
1955 3073 2118 3128 sum,
2144 3083 2186 3140 ρ

462 3147 660 3215 utpar
695 3145 841 3210 erat,
872 3145 931 3198 et
957 3141 1214 3200 Domino
1245 3144 1470 3217 gratias
1499 3146 1614 3217 egi,
1649 3150 1832 3218 atque
1866 3151 2117 3220 paratus

463 3247 632 3289 eram
687 3230 1076 3304 respondere,
1123 3232 1173 3289 si
1227 3234 1363 3308 quis
1401 3239 1742 3307 opportune
1789 3234 1864 3293 de
1913 3235 2123 3292 rescri-

462 3321 668 3379 bendo
712 3319 1190 3379 submonuisset.
1243 3325 1395 3380 Nam
1459 3325 1769 3394 negotium
1819 3324 1991 3392 illud,
2045 3324 2122 3383 de

464 3426 591 3484 quo
620 3409 765 3467 mihi
810 3405 1243 3477 mandaveras,
1261 3414 1552 3485 temporis
1582 3429 1911 3486 progressu
1943 3414 2125 3472 abso-

465 3500 664 3557 lutum
692 3502 800 3555 est.
832 3501 962 3555 Non
986 3503 1116 3557 erat
1159 3499 1340 3573 448
1364 3505 1588 3566 autem,
1624 3507 1956 3575 antequam
1986 3519 2126 3560 con-

466 3588 764 3654 ﬁceretur,
809 3590 1006 3645 tutum
1034 3588 1376 3662 quidquam
1403 3591 1794 3663 respondere.
1845 3595 1978 3650 Haec
2005 3592 2128 3649 mei

467 3677 689 3737 silentii
738 3677 850 3734 fuit
906 3693 1127 3736 causa:
1167 3694 1293 3736 non
1357 3679 1521 3737 enim
1569 3682 1870 3754 segnities,
1926 3697 2127 3755 neque

469 3767 656 3824 ofﬁcii
707 3766 1030 3837 ignoratio.
1083 3767 1330 3825 Etiamsi
1358 3769 1523 3826 enim
1560 3770 1811 3828 omnino
1839 3771 2010 3844 piger
2037 3787 2127 3828 es-

471 3872 621 3929 sem,
645 3859 850 3913 tamen
877 3855 1022 3913 vitia
1072 3873 1212 3914 mea
1240 3873 1449 3915 coram
1474 3862 1578 3916 tua
1603 3859 1893 3930 dignitate
1925 3861 2127 3918 occul-

469 3951 600 4003 tare
627 3945 798 4002 omni
821 3943 1007 4002 modo
1035 3945 1426 4006 studuissem.
1457 3950 1628 4005 Nunc
1655 3965 1799 4006 vero
1828 3965 1954 4007 non
1981 3966 2125 4023 pos-

471 4050 614 4091 sum
667 4048 780 4104 ego
827 4034 916 4089 tui
959 4033 1254 4099 oblivisci,
1322 4051 1400 4092 ne
1454 4036 1813 4095 brevissimo
1877 4038 2126 4111 quidem

472 4121 762 4194 temporis
811 4121 1033 4194 spatio:
1063 4126 1168 4180 aut
1205 4128 1361 4180 certe
1412 4126 1720 4200 quispiam
1775 4143 1841 4184 se
1864 4128 1993 4200 ipse
2021 4144 2128 4202 po-

471 4211 593 4270 tius
641 4210 905 4282 ignoret:
931 4211 1040 4268 sed
1091 4212 1226 4269 vive
1278 4213 1563 4284 scribam,
1608 4215 1734 4272 sive
1796 4232 1945 4288 non,
1993 4218 2126 4274 inﬁ-

471 4315 622 4357 xum
674 4304 727 4358 te
756 4316 894 4357 meo
950 4299 1118 4358 cordi
1175 4301 1533 4360 circumfero
1557 4322 1570 4360 :
1598 4308 1658 4362 et
1682 4304 1931 4375 longam
1956 4306 2126 4364 illam

469 4390 688 4448 hiemis
732 4389 1069 4448 absentiam
1134 4390 1219 4449 ita
1248 4391 1500 4450 moleste
1554 4393 1704 4463 fero,
1741 4399 1807 4451 ut
1825 4410 2052 4468 precer,
2077 4395 2127 4453 si

2477 2947 2823 3020 ’Δνεπίγραφο
2833 2965 2872 3014 ς,
2891 2943 2976 2998 ἐπὶ
3005 2945 3134 3018 φίλῳ
3156 2947 3582 3018 συμπασχάσαι.

2298 3055 2576 3129 Δεξάμενος
2656 3054 2725 3106 τὰ
2821 3054 3112 3128 γράμματα
3197 3061 3295 3116 τῆς
3361 3061 3458 3114 σῆς
3531 3057 3823 3127 τιμιότητος

2228 3147 2420 3213 ἣσθην,
2469 3146 2541 3206 ὡς
2587 3145 2738 3211 εἰκὸς,
2795 3147 2888 3197 καὶ
2944 3142 3319 3215 εὖχαρίστησα
3380 3142 3454 3213 τῷ
3505 3148 3687 3216 Κυρίῳ,
3728 3147 3820 3195 καὶ

2227 3235 2506 3310 προθύμως
2551 3229 2697 3305 εἶχον
2754 3231 3220 3304 ἀντιφθέγξασθαι,
3271 3229 3356 3284 ἐάν
3414 3251 3490 3292 τις
3535 3234 3669 3284 κατά
3703 3250 3824 3284 και-

2228 3327 2318 3397 ρὸν
2389 3325 2510 3396 περὶ
2563 3321 2892 3394 ἀντι-γράφων
2957 3321 3242 3393 ὑπέμνησε·
3304 3323 3378 3376 τὸ
3451 3323 3551 3394 γὰρ
3611 3327 3833 3396 πρᾶγμα

2230 3415 2356 3488 ὑπὲρ
2383 3408 2442 3466 οὗ
2473 3410 2552 3485 (7)
2591 3409 2836 3474 ἐπέταξας
2863 3411 3010 3483 ἡμῖν,
3059 3413 3237 3484 χρόνῳ
3286 3408 3541 3483 ἐλάμϐανε
3589 3414 3685 3469 τὴν
3732 3429 3835 3462 κα·-

2230 3504 2514 3555 τοὶστασιν.
2569 3501 2682 3552 Οὐκ
2720 3498 2836 3558 ἐνῆν
2903 3494 2964 3552 δὲ
3019 3502 3120 3573 πρὸ
3172 3505 3266 3551 τοῦ
3321 3503 3543 3573 πέρατος
3610 3498 3837 3571 ἀσφαλες

2232 3588 2384 3644 οὐδὲν
2407 3588 2811 3661 ἀποκρίνασθαι.
2855 3589 2998 3645 Αὕτη
3037 3588 3070 3646 ἡ
3115 3587 3263 3640 αἰτία
3297 3596 3391 3648 τῆς
3429 3597 3636 3650 σιωπῆς
3665 3590 3836 3660 ἡμῶν·

2232 3681 2292 3734 οὐ
2339 3681 2442 3754 γὰρ
2491 3676 2560 3737 δὴ
2608 3679 2864 3753 ῥᾳθυμία,
2911 3673 3039 3730 οὐδὲ
3083 3677 3273 3749 ἄγνοια
3311 3683 3407 3730 τοῦ
3456 3681 3839 3754 προσήκοντος.

2230 3769 2293 3824 Εἰ
2344 3772 2446 3842 γὰρ
2511 3773 2602 3821 καὶ
2651 3767 2775 3828 ὅλως
2822 3763 2949 3839 ἦμεν
2986 3767 3065 3837 (8)
3128 3765 3378 3841 ῥᾴθυμοι,
3429 3763 3838 3840 ἐσπουδάσαμεν

2231 3861 2437 3921 πάντως
2488 3857 2575 3911 ἐπὶ
2633 3866 2732 3920 τῆς
2780 3865 2879 3917 σῆς
2928 3860 3228 3928 τιμίὸτητος
3259 3857 3556 3910 συσκιάσα.
3586 3859 3734 3929 ἡμῶν
3770 3858 3838 3910 τὰ

2232 3948 2590 4021 ἐλαττωματα.
2649 3952 2756 4000 Νῦν
2823 3943 2884 3999 δὲ
2943 3945 3040 4000 οὐκ
3088 3947 3230 3998 ἔστιν
3287 3947 3434 4018 ἡμῶν
3495 3945 3840 3999 ἐπιλαθέσθαι

2235 4058 2330 4093 σου
2360 4034 2485 4091 οὔδε
2509 4039 2568 4090 τὸ
2609 4035 2950 4110 βραχύτατον
3002 4035 3058 4106 (ἦ
3108 4039 3356 4109 πρότερον
3403 4036 3466 4088 οἶν
3530 4055 3612 4098 τις
3653 4035 3840 4090 ἑαυτὸν

2232 4126 2574 4200 ἀγνοήσειεν)·
2651 4124 2781 4178 ἀλλὰ
2852 4123 2947 4176 κᾶν
3017 4123 3413 4198 ἐπιστελλωμεν,
3467 4123 3562 4176 κᾶν
3624 4130 3723 4197 μὴ,
3787 4125 3840 4178 ἓν

2235 4214 2510 4291 ιδρυμένον
2545 4234 2604 4267 σε
2655 4221 2772 4274 ταῖς.
2810 4210 2952 4288 καρὸ
2959 4233 3058 4274 ιαις
3107 4211 3302 4266 ἑαυτῶν
3349 4216 3707 4287 περιφέρομεν,
3749 4219 3842 4267 καὶ

2232 4309 2358 4382 πρὸς
2381 4310 2476 4365 τὴν
2507 4307 2711 4378 μακρὰν
2744 4302 3016 4374 ἀπόλειψιν
3054 4308 3146 4355 τοῦ
3198 4309 3458 4376 χειμῶνος
3515 4303 3652 4355 οὕτω
3696 4300 3841 4356 δυσ-

2232 4393 2394 4456 κόλως
2440 4395 2649 4466 ἔχομεν,
2700 4393 2835 4444 ὥστε
2886 4391 3163 4463 εὔχεσθαι,
3214 4389 3259 4442 εἰ
3309 4393 3382 4462 μὴ
3432 4388 3573 4462 αὐτῷ
3619 4409 3708 4444 σοι
3758 4392 3842 4464 (9)

469 4482 776 4552 integrum
805 4480 913 4538 tibi
960 4481 1076 4554 ipsi
1103 4497 1230 4539 non
1260 4487 1348 4539 est
1383 4482 1464 4540 ob
1494 4499 1622 4554 eas,
1652 4462 1727 4541 de
1757 4462 1978 4558 quibus
2018 4501 2123 4543 au-

2235 4481 2478 4551 δυνατόν,
2535 4479 2629 4536 διὰ
2680 4483 2774 4544 τὰς
2824 4480 3142 4553 ἀκουομένας
3207 4478 3491 4552 ἀσχολίας,
3534 4479 3845 4534 καταλιπεῖν

469 4570 617 4641 divi,
647 4571 1102 4644 occupationes,
1140 4572 1394 4629 rusticos
1429 4573 1792 4648 relinquere,
1845 4575 1996 4633 mihi
2024 4591 2128 4634 oc-

470 4661 783 4718 casionem
832 4660 967 4717 dari
989 4661 1070 4719 ad
1095 4660 1231 4719 loca
1257 4661 1360 4720 illa
1404 4663 1708 4734 veniendi,
1739 4679 1810 4721 ac
1855 4680 2002 4723 vera
2023 4665 2128 4724 illa

469 4754 715 4806 tuorum
768 4763 1011 4806 morum
1064 4749 1402 4823 integritate
1454 4767 1526 4810 ac
1585 4755 1958 4811 ornamentis
2009 4755 2128 4812 tuis

467 4837 839 4911 perfruendi.
896 4839 1157 4897 Omnino
1239 4845 1445 4899 autem
1490 4841 1818 4900 salutarem
1881 4844 2126 4901 Pascha:

469 4926 635 5008 diem
686 4927 1007 4988 nobiscum
1059 4929 1378 4991 conaberis
1427 4931 1779 5006 transigere,
1833 4947 1960 4994 una
1983 4949 2126 4994 cum

540 5074 564 5094 "
584 5067 745 5125 Alias
766 5071 966 5127 CCXII.

539 5143 588 5166 "
610 5139 771 5197 Alias
808 5141 1103 5200 CCXXIII.

658 5211 1020 5296 ξΕκτιο-θῆναι.
1041 5215 1184 5296 Duo_
1194 5214 1445 5296 codices
1461 5214 1722 5274 ἐκτίσθαι.
1767 5217 1952 5280 Paulo
1981 5222 2125 5296 post

652 5282 723 5363 in
741 5283 912 5363 editis
941 5287 1137 5363 Erspoc:
1164 5289 1300 5363 Mss.
1333 5288 1553 5363 ἑταῖρος,

539 5362 542 5364 ⁷
563 5360 593 5413 5
650 5355 838 5411 Αὐτὸν.
863 5359 992 5413 Non
1017 5355 1176 5414 male
1201 5358 1370 5417 deest
1391 5355 1455 5416 in'
1475 5361 1682 5419 cobice
1702 5361 2009 5421 Vaticano.

536 5355 619 5499 is;
657 5425 723 5480 Ἦ
750 5431 887 5482 τίνα.
939 5428 1068 5483 Duo
1098 5427 1336 5488 codices
1382 5433 1481 5484 εἴτε
1509 5437 1643 5493 τίνα.
1699 5433 1930 5495 Ibidem
1981 5451 2009 5495 e

563 5425 619 5495 6)
657 5425 723 5480 Ἦ
750 5431 887 5482 τίνα.
939 5428 1068 5483 Duo
1098 5427 1336 5488 codices
1382 5433 1481 5484 εἴτε
1509 5437 1643 5493 τίνα.
1699 5433 1930 5495 Ibidem
1981 5433 2122 5495 editi

459 5515 568 5574 πίνω
607 5501 773 5561 ίσαις.
803 5499 1073 5564 Quatuor
1095 5515 1249 5558 mss.
1278 5506 1344 5559 ut
1371 5501 1434 5558 in
1456 5507 1647 5562 textu.

534 5518 616 5651 ὦ
650 5567 802 5650 Ὑπὲρ
825 5568 909 5646 οὗ.
948 5571 1077 5645 Duo
1104 5586 1278 5649 mea,
1312 5578 1433 5651 περὶ
1460 5571 1548 5641 οὗ.
1574 5578 1647 5643 Pa

595 5574 616 5642 )
650 5567 802 5650 Ὑπὲρ
825 5568 909 5646 οὗ.
948 5571 1077 5645 Duo
1104 5586 1278 5649 ωδε,
1312 5578 1433 5652 περὶ
1460 5571 1548 5641 οὗ.
1574 5574 1760 5646 Paulo
1810 5577 1952 5652 post
1999 5575 2122 5655 edi:

2232 4577 2353 4637 τοὺς
2383 4572 2674 4648 ἀγροίκους,
2717 4572 2846 4644 ἡμῖν
2893 4569 3196 4642 ἐγγενέσθαι
3239 4574 3502 4644 πρόφασιν
3555 4567 3843 4629 ἐπιστῆναι

2231 4671 2340 4727 τοῖς
2377 4667 2578 4732 τόποις,
2630 4666 2724 4714 καὶ
2772 4667 2870 4722 τῆς
2916 4657 3162 4719 ἀληθινῆς
3219 4657 3523 4720 εὐσταθείας
3576 4666 3679 4711 τῶν
3733 4668 3841 4712 σῶν

2232 4757 2435 4830 τρόπων
2471 4755 2562 4805 καὶ
2617 4759 2710 4812 τῆς
2750 4753 3096 4822 κοσμιότητος
3145 4747 3467 4804 ἀπολαῦσαι,
3516 4751 3728 4802 Πάντων
3777 4746 3841 4802 δὲ

2231 4847 2328 4902 τὴν
2360 4847 2619 4917 σωτήριον
2656 4841 2854 4913 ἡμέραν
2882 4845 2975 4892 τοῦ
3005 4839 3208 4910 Πάσχα
3258 4837 3373 4910 μεθ’
3415 4838 3562 4910 ἡμῶν
3610 4845 3834 4898 ποιῆσαι

2231 4933 2649 5011 προθυμηθήσῃ,
2705 4930 2838 5002 μετὰ
2887 4935 2984 4992 τῆς
3029 4928 3397 5001 κοσμιωτάτης
3445 4925 3675 5001 συμϐίου
3713 4945 3831 4996 σου,

2231 5076 2315 5133 tio
2342 5074 2557 5144 Paris.,
2602 5073 2696 5126 οὐκ
2715 5075 2822 5132 εῖην
2851 5067 2930 5126 δέ.
2961 5072 3094 5144 Mss.
3130 5072 3196 5126 ut
3241 5068 3529 5144 in__textu.
3569 5067 3844 5144 Subinde

2228 5153 2492 5221 quatuor
2512 5140 2770 5221 codices,
2802 5150 3009 5205 σιωπῆς
3037 5143 3205 5221 ἡμων.
3247 5140 3637 5221 βάίῇᾼσιςυπῆς
3683 5141 3839 5221 ᾖμεν.

2303 5220 2374 5290 (8)
2415 5218 2600 5290 Ἦμεν.
2623 5217 2798 5290 Deest
2825 5231 2896 5272 ea
2914 5211 3121 5290 ηοξ-ἴῃ
3141 5212 3297 5290 M_ed._
3319 5216 3374 5270 et
3405 5211 3580 5271 Coisl.
3611 5211 3840 5285 primo.

2230 5283 2708 5363 Duo'cod'ices,_si
2731 5289 2832 5363 γὰρ
2863 5290 2958 5363 και
2983 5285 3147 5346 ἄλλως
3173 5283 3342 5363 ἐσμέν.

2301 5363 2378 5432 (9)
2407 5361 2467 5415 Εἰ
2492 5365 2563 5433 μὴ
2787 5353 2890 5412 σοι.
2927 5360 3153 5433 Sanum
3181 5353 3386 5433 locum
3433 5353 3843 5433 Combeﬁsius

2230 5425 2583 5507 corrumpit,
2596 5425 2746 5487 dum
2765 5428 3091 5507 emendare
3103 5425 3284 5500 cupit.
3301 5427 3649 5507 ζβερηᾱιιω
3658 5429 3842 5507 putat

2231 5505 2276 5578 εἰ
2295 5507 2385 5578 μεν
2411 5495 2555 5578 αιῦτῷ
2569 5495 2686 5573 σοι,
2703 5495 3200 5578 repugnantibus
3215 5495 3531 5566 codicibus
3577 5495 3731 5563 ωέε.
3760 5505 3840 5571 ac

2226 5573 2365 5651 ipes
2390 5573 2576 5647 etiam
2612 5573 2936 5650 sententia.
