4146 6378
351 383 486 440 1073
1238 377 1726 436 EPISTOLARUM
1755 375 1927 434 CLAS

2082 375 2176 432 IIl.
2217 373 2436 433 EPIST.
2491 372 2817 432 CCCXXIX.
3577 378 3718 434 1074

350 507 564 566 τωνόί)
608 506 881 577 υπόθεσιν,
931 522 1018 558 τον
1057 499 1279 578 ἀδελφόν
1300 500 1453 558 τόνδε
1493 506 1753 577 γνωρίσας
1791 504 1927 574 ἡμῖν]

2057 503 2326 558 terarum
2349 499 2768 556 occasionem:
2799 499 2905 572 qui
2939 499 3086 556 mihi
3115 499 3278 556 hunc
3316 499 3559 557 fratrem
3607 516 3712 556 no~

344 599 434 649 τὸν
475 592 666 671 ἄνδρα,
802 595 938 646 κατὰ
984 598 1078 652 τὴν
1136 590 1385 646 ἐπάνοδον
1439 597 1532 651 τήν
1571 596 1698 666 πρὸς
1727 595 1927 651 fnum):

2058 595 2184 648 tam
2217 589 2371 650 fecit,
2402 589 2601 645 virum
2627 605 2846 662 nempe
2869 589 3060 659 illum,
3088 606 3211 663 quo
3234 589 3312 645 ad
3335 594 3504 646 tuam
3517 589 3708 658 digni-

343 689 628 759 τιμιότητα
691 684 1041 757 ἐχρησάμεθα
1103 691 1195 744 τῆς
1258 681 1517 758 ἐγγράφου
1575 683 1711 752 (32')
1746 685 1916 740 ταύτη

2057 683 2240 736 tatem
2267 682 2600 735 revertente
2629 679 2812 749 hujus
2842 695 2949 752 per
2991 679 3216 736 litteras
3277 679 3563 752 colloquii
3599 679 3712 734 mi-

345 774 552 848 ὁμιλίας
590 776 736 846 ἡμῶν
770 769 1018 845 διακόνῳ·
1079 773 1353 846 εὐχόμενοι
1390 780 1465 843 τῷ
1518 779 1652 844 Θεῷ,
1710 775 1794 824 ἐπὶ
1828 778 1927 844 μεῖ-

2055 768 2244 825 nistro
2274 785 2423 824 usus
2455 784 2590 824 sum
2625 785 2637 824 ε
2675 771 2860 824 Deum
2892 784 3132 838 rogans,
3157 773 3221 824 ut
3248 769 3446 838 magis
3479 783 3549 823 ac
3579 784 3706 823 ma-

347 864 436 925 ζόν
478 881 536 917 σε
571 865 896 939 περιφανείας
933 866 1024 914 καὶ
1083 858 1245 925 δόξης
1285 865 1554 936 προῖόντα,
1593 867 1808 933 κοσμεῖν
1855 880 1923 913 κα

2057 858 2146 929 gis
2193 857 2482 927 dignitate
2543 873 2614 912 ac
2661 857 2851 926 gloria
2913 873 3208 928 crescens,
3247 862 3303 913 et
3355 873 3488 924 nos,
3521 861 3576 912 et
3602 872 3709 928 pa—

343 953 486 1026 ἠμᾶς
522 956 613 1004 καὶ
668 955 763 1010 τὴν
819 947 1059 1027 πατρίδα
1108 957 1284 1004 πᾶσαν
1359 958 1420 1023 τῇ
1478 949 1644 1022 οἰκείᾳ
1723 957 1927 1002 σεαυτοξ

2054 946 2234 1002 triam
2276 963 2522 1002 omnem
2577 946 2826 1018 propria
2872 951 2976 1004 tua
3026 947 3238 1002 virtute
3291 945 3706 1002 exornes.Ad-

344 1040 500 1114 ἀρετῇ
556 1041 689 1112 (32⁸)
756 1039 1168 1114 Παρακαλοῦμεν
1237 1036 1297 1092 δέ
1354 1057 1412 1092 σε
1453 1040 1599 1114 παρὰ
1658 1040 1827 1091 πάντα
1857 1039 1927 1090 τὸ.

2052 1035 2262 1091 hortor
2281 1039 2484 1091 autem
2509 1039 2583 1105 te,
2615 1039 2682 1091 ut
2711 1051 2818 1108 per
2850 1039 3037 1092 totam
3069 1035 3254 1091 vitam
3289 1035 3389 1090 Dei
3420 1033 3707 1090 memine-

345 1128 462 1202 βίον
496 1130 795 1203 μεμνῆσθαι
825 1135 916 1182 τοῦ
959 1131 1236 1191 κτίσαντός
1290 1147 1348 1181 σε
1391 1135 1526 1181 Θεοῦ
1563 1132 1654 1180 καὶ
1681 1131 1927 1200 τιμήσαν·

2052 1125 2282 1196 ris.qui
2312 1129 2367 1181 te
2385 1124 2674 1191 condidit,
2708 1141 2778 1181 ac
2817 1125 3046 1181 honore
3079 1124 3411 1180 cumulavit
3440 1129 3500 1179 ut
3557 1140 3705 1194 prte-

338 1237 454 1282 τος.
495 1220 579 1271 ἵνα
605 1221 735 1292 πρὸς
765 1225 856 1272 τοῦ
883 1217 1006 1291 βίον
1035 1220 1224 1270 τούτου
1253 1217 1586 1292 λαμπρότητι
1625 1219 1699 1270 ἔτι
1729 1221 1818 1269 καὶ
1852 1224 1927 1274 τῆι

2053 1215 2141 1270 ter
2170 1213 2354 1284 hujus
2385 1214 2522 1268 vitae
2569 1213 2958 1286 splendorem
2995 1214 3198 1270 adhuc
3231 1214 3414 1269 etiam
3445 1212 3703 1284 gloriam

339 1308 474 1382 (3'2')
505 1307 746 1382 οὐρανίου
779 1303 936 1371 δόξης
967 1305 1215 1379 ἀξιωοῇς,
1247 1303 1306 1378 ᾖς
1372 1309 1529 1359 ἕνεκεν
1569 1307 1738 1358 πάντα
1794 1324 1944 1362 ποιηο

332 1409 440 1459 τέον
488 1406 634 1479 ἡμῖν,
674 1412 784 1467 τοῖς
828 1409 959 1483 πρός
999 1409 1094 1464 τὴν
1135 1409 1393 1480 πακαρίαν
1452 1401 1636 1458 ἓλπίδα
1678 1407 1772 1462 τήν
1803 1403 1943 1464 ζωὴν

2053 1301 2355 1360 οωΙθειθω
2387 1303 2814 1374 consequaris:
2865 1304 2946 1360 ob
3005 1319 3193 1376 quam
3259 1304 3456 1365 nobis,
3480 1303 3586 1374 qui
3623 1303 3703 1358 ad

2050 1391 2297 1448 beatam
2328 1407 2500 1464 spem
2530 1392 2719 1449 vitam
2748 1397 3022 1450 nostram
3053 1393 3391 1462 dirigimus,
3420 1391 3702 1448 facienda

331 1495 360 1552 ἠ
369 1502 476 1567 μῶν
498 1493 896 1551 ἀπευθῦνόυσιν.

2052 1485 2190 1538 sunt
2220 1481 2458 1538 omnia.

879 1631 1215 1681 ΕΠΙΣΤΟΛΗ
1235 1625 1406 1683 ΤΚΖ’.

2519 1624 2849 1683 EPISTOLA
2875 1625 3240 1683 CCCXXVII'.

348 1771 485 1828 Viro
509 1770 871 1841 praepotenti
895 1769 1039 1828 bene
1056 1774 1367 1841 precatur,
1412 1769 1483 1826 ob
1517 1766 1954 1896 honoremesibi
1993 1767 2070 1824 ab
2093 1767 2544 1895 z'lgothabitum.
2578 1769 2884 1825 Hortatur
2910 1775 2977 1824 ut
3007 1769 3090 1826 ad
3114 1767 3392 1825 Ecclesia
3413 1767 3701 1838 defensio‘

1761 1856 1802 1895 n
1840 1856 1896 1896 m
1925 1855 2126 1896 mcum
2171 1855 2206 1896 a
2249 1883 2261 1896 .

1761 1855 1896 1898 nem
1925 1855 2235 1897 zncumoat
2249 1883 2261 1896 .

2352 1964 2495 2020 Sine
2525 1965 2934 2034 inscriptione,
2967 1963 3402 2022 exhortatm‘ia.

2125 2074 2237 2128 Pro
2268 2086 2340 2128 eo
2369 2071 2537 2144 quod
2566 2073 2847 2144 praesenti
2898 2072 3048 2128 mihi
3081 2072 3380 2128 honorem
3409 2069 3705 2132 habuisti,

2053 2164 2110 2218 et
2130 2159 2396 2218 absentis
2417 2162 2765 2218 meminisse
2811 2162 3078 2232 dignaris
3125 2163 3229 2233 (ita
3259 2160 3421 2216 enim
3456 2160 3708 2216 auditio-

2051 2265 2126 2306 ne
2150 2251 2403 2323 accepi),
2425 2252 2977 2308 remunerationem
3001 2250 3390 2324 consequaris
3441 2265 3478 2304 a
3503 2248 3704 2304 Domi-

2049 2355 2132 2397 no
2161 2340 2624 2414 optimo:teque
2651 2341 2970 2398 videamus
3013 2341 3076 2397 in
3118 2355 3346 2411 magna
3412 2339 3514 2394 illa
3557 2339 3703 2410 justi

2043 2429 2259 2501 judicii
2289 2430 2391 2487 Dei
2423 2430 2613 2487 nostri
2636 2430 2732 2487 die
2754 2431 2834 2487 ob
2859 2431 3026 2488 bona
3060 2445 3246 2503 opera
3281 2428 3610 2502 probatum
3645 2433 3700 2484 et

2049 2522 2418 2592 spectatum:
2453 2524 2517 2575 ut
2545 2521 3069 2592 quemadmodum
3099 2521 3161 2575 in
3200 2519 3316 2575 hac
3363 2518 3485 2574 vita
3513 2516 3702 2575 incla-

2046 2608 2235 2675 ruisti,
2268 2608 2349 2664 ita
2379 2609 2558 2664 etiam
2599 2609 2984 2682 splendorem
3034 2610 3199 2682 apud
3257 2611 3563 2665 caelestem
3593 2623 3682 2663 re-

2047 2711 2187 2766 gem
2226 2697 2608 2769 adipiscaris.
2649 2699 3058 2754 Adhortamur
3085 2699 3265 2768 igitur
3289 2702 3343 2753 te
3389 2701 3527 2752 ante
3572 2712 3698 2752 om-

2044 2784 2165 2852 nia,
2215 2788 2282 2841 ut
2316 2784 2378 2841 in
2412 2785 2511 2842 Dei
2568 2786 2892 2844 Ecclesiam
2918 2788 3061 2858 jugo
3091 2788 3367 2843 conferas
3397 2787 3686 2842 studium.

2041 2872 2260 2932 deinde
2303 2875 2507 2944 etiam,
2555 2880 2622 2932 ut
2663 2876 3146 2934 benevolentiam
3202 2877 3264 2933 in
3317 2892 3429 2933 nos
3500 2876 3696 2932 adau—

2043 2977 2209 3033 geas,
2293 2980 2520 3038 meque
2579 2967 2998 3024 recordatione
3054 2966 3221 3023 omni
3286 2982 3358 3023 ac
3438 2965 3692 3039 patroci-

2038 3052 2142 3108 nio
2171 3052 2477 3126 dignatus,
2498 3054 2706 3112 litteris
2729 3056 2909 3112 etiam
2957 3057 3333 3125 cohonestes,
3381 3056 3467 3112 ita
3495 3059 3560 3112 ut
3587 3053 3694 3110 ubi

2036 3148 2416 3215 compertum
2442 3144 2551 3201 erit
2594 3161 2692 3202 me
2722 3145 2829 3202 tibi
2860 3145 3184 3202 molestum
3237 3162 3363 3202 non
3405 3161 3556 3213 esse,
3585 3161 3688 3201 au-

2035 3229 2216 3288 deam
2239 3233 2319 3290 ad
2334 3238 2501 3291 tuam
2523 3235 3092 3306 magnanimitatem
3115 3235 3381 3292 crebrius
3408 3233 3689 3291 scribere.

698 1966 1086 2040 ’Δνεπίγραφος,
1115 1963 1198 2018 ἐπὶ
1240 1962 1479 2037 παρακλή
1490 1982 1593 2017 σει·
1976 1965 2015 2018 Β

412 2077 545 2148 Υπέρ
602 2073 669 2126 ὧν
725 2077 987 2149 παρόντας
1041 2073 1182 2146 ἡμᾶς
1241 2069 1518 2138 ἐτίμησας,
1562 2075 1652 2123 καὶ
1710 2069 1942 2123 ἀπόντων

341 2165 641 2238 μεμνῆσθαι
698 2163 965 2228 καταξιοῖς
1024 2163 1136 2235 (33)
1195 2159 1342 2233 (ἦλθε
1395 2163 1496 2235 γὰρ
1566 2161 1637 2222 εἰς
1697 2162 1834 2234 ἡμας
1907 2163 1937 2220 ἡ

339 2253 515 2325 ἀκοὴ),
554 2255 698 2329 παρὰ
757 2260 849 2306 τοῦ
912 2251 1112 2324 ἀγαθοῦ
1170 2255 1433 2305 Δεσπότον
1491 2253 1691 2323 γένοιτό
1733 2268 1818 2303 σοι
1849 2249 1940 2302 ἁν-

335 2339 571 2406 τίδοσις·
610 2347 702 2396 καί
743 2362 799 2396 σε
858 2338 1058 2416 ἴδοιμεν
1106 2343 1220 2409 (34)
1255 2339 1302 2393 ἓν
1325 2347 1388 2414 τῇ
1413 2339 1610 2414 μεγάλῃ
1650 2341 1821 2415 ἡμέρᾳ
1844 2346 1941 2402 τῆς

334 2429 726 2510 δικαιοκρισίας
787 2439 880 2486 τοῦ
937 2439 1072 2486 Θεοῦ
1119 2433 1264 2505 ἡμῶν
1328 2429 1412 2484 ἐπὶ
1492 2433 1660 2504 ἔργοις
1724 2427 1940 2502 ἀγαθοῖς

334 2521 629 2596 εὐδόκιμονο
710 2524 793 2574 ἶνα
870 2524 1044 2597 ὥσπερ
1131 2531 1225 2582 τῆς
1318 2519 1541 2574 ἐνταῦθα
1607 2525 1937 2592 περιφανείας

332 2611 581 2679 ἠξίωσαι,
627 2610 763 2661 οὕτω
814 2612 904 2660 καὶ
962 2611 1105 2682 παρά
1149 2617 1223 2678 τῷ
1274 2607 1497 2678 οὐρανίῳ
1518 2606 1734 2678 βασιλεῖ
1753 2611 1934 2678 σεμνό-

284 2689 488 2758 ’τητος
541 2696 861 2767 ἀπολαύσῃς.
949 2695 1354 2770 Παρακαλοῦμεν
1434 2691 1520 2784 οξν
1610 2699 1936 2766 προηγουμέ-

330 2803 445 2854 νως,
475 2792 538 2858 τῇ
593 2782 878 2856 Ἐκκλησιᾳ
905 2790 995 2836 τοῦ
1032 2789 1165 2835 Θεοῦ
1188 2779 1384 2856 διαρκῆ
1419 2779 1802 2856 παρασχέσθαι
1839 2787 1934 2841 τὴν

333 2869 592 2934 σπουδήν·
659 2874 835 2926 ἔπειτα
889 2876 979 2926 καὶ
1020 2875 1080 2926 τὸ
1139 2871 1210 2934 εἰς
1247 2873 1387 2944 ἡμᾶς
1449 2871 1652 2944 εὐμενὲς
1701 2868 1934 2932 ἐπαυξῆ-

332 2983 444 3034 σαι,
473 2967 685 3037 μνήμης
722 2981 776 3015 τε
798 2963 978 3024 πάσης
1027 2966 1118 3014 καὶ
1154 2963 1482 3034 προστασίας
1510 2961 1646 3033 ἡμας
1668 2958 1930 3030 agnam,

332 3060 578 3127 σεμνῦναι
631 3054 768 3126 ἡμας
850 3056 942 3106 καὶ
1021 3053 1352 3125 γράμμασιν
1437 3053 1573 3110 ὦστε
1657 3047 1930 3113 ἀπόδειξιν

328 3143 466 3217 ἡμας
524 3143 763 3215 ἔχοντας,
831 3142 912 3194 ὅτι
1005 3141 1064 3193 οὗ
1120 3139 1326 3216 βαρύνη
1387 3141 1527 3214 ἡμας
1599 3136 1928 3192 ἐπιστέλλον-

320 3251 413 3293 τας
443 3231 578 3303 (35),
607 3234 983 3304 συνεχέστερόν
999 3249 1095 3284 σου
1135 3238 1197 3303 τῇ
1224 3229 1568 3303 μεγαλλονοίᾳ
1587 3227 1926 3302 καταθαρῥήο

322 3340 428 3376 σειν
440 3363 455 3378 .
1966 3319 2008 3376 C

841 3433 1181 3484 ΕΠΙΣΤΟΛΗ
1209 3428 1388 3482 TKH'.

2468 3431 2812 3489 EPISTOLA
2833 3431 3255 3490 CCCXXVIII".

1024 3552 1275 3610 Salutat
1295 3549 1769 3624 Hyperechium,
1795 3563 1972 3623 seque
2002 3549 2089 3608 ait
2130 3567 2254 3611 non
2285 3556 2500 3613 melius
2528 3558 2707 3614 solito
2739 3558 2964 3616 valere.

921 3677 1230 3753 ’Υπερεχίῳ.

387 3789 490 3840 Καὶ
543 3787 916 3860 προσαγορεύω
979 3789 1075 3846 τὴν
1118 3785 1397 3859 τιμῖότητά
1464 3805 1580 3858 σου,
1640 3787 1730 3839 καὶ
1752 3788 1916 3856 εὔχο-

314 3879 412 3948 μαί
433 3894 518 3928 σοι
557 3878 624 3928 τὰ
670 3877 864 3947 ἀγαθάο
907 3874 1127 3948 ἐμαυτὸν
1181 3872 1240 3928 δε
1297 3878 1615 3948 καταμηνύω
1671 3873 1914 3934 σπουδὴν

313 3965 492 4037 ἔχοντι
537 3966 742 4026 πάντως
782 3961 976 4018 εἰδέναι
1023 3966 1091 4017 τὰ
1137 3966 1260 4017 καθ’
1311 3966 1473 4038 ἡμας,
1507 3961 1674 4038 μηδὲν
1704 3965 1913 4038 ἄμεινον

313 4061 404 4115 τῆς
461 4056 711 4117 σνηθεὶας
791 4055 1090 4130 πράττοντα
1159 4054 1294 4127 (36).
1360 4060 1474 4108 Τῶν
1520 4057 1624 4130 γὰρ
1700 4050 1912 4125 δυσφη-

311 4146 538 4217 μοτίρων
563 4141 830 4218 φείδομαι,
862 4145 928 4204 ὡς
957 4141 1017 4195 ἂν
1040 4147 1112 4216 μὴ
1145 4145 1281 4196 πάνυ
1309 4142 1530 4203 λυποίην
1579 4146 1668 4198 τὸν
1694 4147 1760 4199 τὰ
1786 4143 1912 4220 βέλ-

309 4251 469 4287 τιστα
494 4234 620 4307 ἡμῖν
643 4236 1041 4306 συνευχόμενον.

844 4344 1183 4394 ΕΠΙΣΤΟΛΗ
1209 4345 1370 4394 ΤΚΘ.

2666 3683 3070 3754 Hyperechio.

2097 3788 2164 3844 Et
2193 3786 2391 3845 saluto
2422 3791 2589 3846 tuam
2619 3789 2998 3860 dignitatem,
3039 3788 3216 3846 ettibi
3245 3788 3401 3846 bene
3429 3803 3662 3861 precor.

2023 3879 2180 3935 Meas
2210 3883 2412 3936 autem
2427 3896 2524 3936 res
2557 3881 2711 3938 scire
2734 3881 2914 3936 etiam
2936 3883 3119 3954 atque
3135 3880 3316 3937 etiam
3349 3879 3680 3948 aventi,de-

2023 3965 2186 4024 claro
2216 3967 2433 4025 melius
2485 3969 2660 4026 solito
2711 3970 2860 4028 mihi
2899 3985 3023 4026 non
3055 3985 3210 4027 esse.
3266 3969 3460 4026 Nolim
3517 3968 3679 4024 enim

2022 4056 2268 4128 gravius
2312 4057 2654 4131 quidquam
2703 4058 2920 4131 dicere,
2975 4074 3053 4115 ne
3087 4075 3339 4132 prorsus
3368 4045 3530 4126 eum,
3571 4057 3679 4130 qui

2019 4146 2167 4205 mihi
2189 4147 2422 4220 optima
2447 4152 2751 4222 precatur,
2781 4149 3047 4206 afﬁciam
3075 4148 3330 4207 tristitia.

2363 4344 2537 4419 451
2584 4346 2925 4404 EPISTOLA
2958 4344 3332 4402 cccxx1xm

913 4463 1160 4521 Gratias
1180 4465 1306 4535 agit
1331 4464 1403 4522 ob
1438 4466 1630 4536 pisce:
1654 4467 1738 4525 ad
1760 4484 1822 4527 se
1861 4471 2093 4543 missos,
2127 4470 2234 4529 sed
2252 4471 2442 4528 multo
2466 4472 2661 4543 magis
2691 4471 2764 4528 ob
2797 4473 3056 4528 litteras.

985 4585 1145 4664 Φαλερ
1153 4591 1234 4660 ίῳ.

378 4711 522 4766 Πάνυ
553 4708 717 4774 ἡδέως
751 4711 996 4786 ίτέρφθην
1033 4719 1140 4774 τοῖς
1187 4717 1467 4786 ποταμίοις
1512 4714 1723 4788 ἰχθύσι,
1777 4738 1905 4791 μνη-

308 4806 606 4865 σικακήσας
659 4803 769 4875 (37)
813 4801 981 4854 αὐτῶν
1040 4807 1131 4862 την
1192 4807 1360 4876 φυγὴν
1418 4803 1479 4864 ἣν
1547 4807 1732 4878 ἔφυγον
1781 4809 1908 4862 61:0-

376 4927 866 5002 (3ηΠραγμοίτων.
915 4926 1452 5002 Commodissimum
1525 4933 1898 5002 negotiorum

303 4998 811 5075 expediendorum
875 5001 1271 5075 occasionem.
1329 4998 1671 5075 Legendu'm
1730 5008 1901 5075 putat

306 5070 724 5153 Combeﬁsius,
753 5073 1111 5153 γραμμαρ-ων..
1128 5071 1310 5153 Valde
1355 5070 1577 5153 arridet
1619 5070 1898 5153 haecsen-

304 5142 488 5215 tentia
519 5160 532 5209 ;
558 5142 666 5215 sed
693 5142 838 5215 quia
863 5142 1061 5197 nullus
1087 5143 1247 5198 favet
1265 5159 1378 5199 ms.
1413 5145 1602 5200 codex
1629 5145 1776 5202 nihil
1797 5163 1900 5204 au-

307 5214 355 5271 si
389 5229 602 5286 sumus
632 5214 692 5268 in
715 5213 868 5286 ipso
907 5218 1188 5270 contextu
1210 5220 1470 5271 mutare.

515 5285 844 5361 Ἰ-Ργγφοίςοοιν.⁵
866 5287 950 5340 lta
974 5301 1121 5361 IDES.
1155 5301 1390 5361 omnes.
1440 5285 1589 5361 Editi
1618 5287 1896 5361 ἐγγράφης.

379 5353 488 5430 (32)
519 5353 700 5408 natea.
720 5353 1001 5430 ’.η-ἀρετῇ.
1026 5359 1160 5430 nec
1185 5357 1394 5414 addita
1422 5373 1493 5414 ex
1526 5353 1898 5429 Med.,'Coisl.

303 5428 672 5501 primo,_Vat.
707 5433 765 5483 et
789 5426 1032 5501 duobus
1053 5427 1202 5483 aliis.
1510 5466 1550 5501 --

375 5500 489 5573 (32)
521 5497 636 5553 Ἒτι
655 5503 741 5553 καὶ
772 5506 885 5562 τῆς.
917 5499 1183 5557 Primam
1212 5515 1424 5557 vocem
1452 5499 1801 5558 addidimus
1829 5519 1901 5560 ex

304 5573 574 5644 quinque
598 5587 746 5644 mss.

376 5642 496 5716 (373)w
516 5642 910 5716 KaraEcoi;._I_ta
937 5646 1384 5716 mss.quatuor;
1415 5642 1578 5711 editi,
1595 5645 1898 5709 κατηξίονς.

376 5657 490 5716 (33)
517 5657 910 5705 nat-amotum
937 5657 1383 5771 mssqiuamor:
1415 5657 1898 5711 θαιιι,κατηξίονς.

302 5713 492 5774 Paulo
531 5717 668 5787 post
704 5713 1016 5772 Medicam:
1044 5729 1115 5773 co
1161 5730 1256 5785 ex,
1296 5714 1446 5774 ἦλθεν
1474 5719 1576 5789 γὰρ
1629 5718 1694 5779 ὡς
1737 5719 1898 5792 ἡμας.

2676 4596 2970 4654 Phalcrio.

2089 4721 2361 4779 Suaviter
2397 4722 2648 4779 omnino
2706 4722 3037 4779 delectatus
3114 4737 3255 4778 sum
3310 4719 3662 4780 ﬂuvialibus

2014 4809 2310 4883 piscibus,
2353 4809 2686 4884 fugamque
2747 4811 2908 4869 ultus
2971 4827 3109 4866 sum
3169 4826 3359 4883 quam
3424 4826 3667 4867 concre-

2079 4936 2192 5007 (34)
2223 4931 2479 5008 ”Ιδοιμεν.
2644 4935 2769 4992 duo
2793 4953 2937 4992 mss.
2990 4935 3156 5008 Editi,
3222 4933 3438 5010 ἴδωμεν.
3473 4935 3662 4995 Paulo

2005 5011 2148 5079 post
2175 5024 2318 5079 mss.
2349 5007 2484 5079 tres.
2509 5007 2750 5071 ἠξίωσεν.

2079 5078 2192 5149 (35)
2228 5077 2666 5150 Ἐπιστελλοντας,
2712 5077 2863 5135 Editi
2913 5078 3168 5150 addunt,
3207 5098 3312 5148 σοι,
3346 5077 3450 5134 sed
3499 5078 3667 5137 deest

2006 5148 2139 5222 haec
2163 5149 2381 5222 vocula
2418 5150 2478 5206 in
2521 5155 2784 5220 quatuor
2812 5168 2955 5208 mss.
3002 5148 3172 5207 Deest
3203 5152 3382 5207 etiam
3422 5153 3563 5222 ἡμας
3600 5151 3662 5206 in

2009 5219 2214 5276 codice
2243 5221 2547 5276 Vaticano.

2081 5293 2196 5369 (36}
2219 5293 2540 5369 llpaérrovrat.
2564 5296 2656 5348 lta
2691 5309 2835 5369 mss.
2869 5293 3037 5369 Editi,
3060 5296 3363 5369 πράττοντι.

2083 5363 2193 5433 (37)
2223 5362 2664 5438 Μνησικακήσας.
2709 5368 2840 5421 Haec
2871 5362 3188 5438 scriptura,
3225 5381 3360 5437 quae
3401 5363 3458 5419 in
3484 5362 3661 5418 editis

2009 5437 2067 5509 et
2084 5435 2396 5509 nonnullis
2419 5439 2782 5509 exstatmss.
2803 5453 2873 5492 ac
2905 5435 3046 5494 olim
3075 5435 3271 5509 prima
3318 5449 3665 5509 manuexs-

2009 5504 2125 5562 titit
2147 5505 2213 5582 in
2244 5506 2577 5582 Harlaeano,
2600 5504 3276 5582 displicetComb'eﬁsio,
3316 5505 3667 5578 legendum-

2082 5589 2099 5606 -
2127 5577 2287 5633 Alias
2307 5578 2549 5647 ccxxv,

2082 5649 2119 5669 "
2159 5648 2318 5704 Alias
2351 5651 2479 5706 CCC
2489 5649 2690 5709 LXVII.

2160 5720 2320 5779 Alias
2351 5721 2685 5779 CCLXXXII.
