4146 6384
286 388 422 446 i077

814 526 1154 582 ΕΠΙΣΤΟΛΗ
1181 519 1352 577 ΤΛΔ’.

1207 371 1693 434 EPISTOLARUM
1731 369 2016 431 CLASSIS
2043 367 2141 427 III.
2181 367 2395 428 EPIST.
2431 365 2759 427 CCCXXXV.

3514 365 3650 422 1078

2438 507 2784 568 EPISTOLA
2823 506 3204 566 CCCXXXIV'.

1307 641 1512 702 Multa
1541 640 1735 701 tradit
1759 641 2068 712 praecepta
2094 641 2254 697 recte
2290 634 2611 696 scribendi.

795 818 1140 894 Καλλιγράφῳ
1197 815 1334 889 (47).
1909 767 1960 822 Α

357 966 524 1056 Ὄρϐἇι
561 977 744 1054 γράφε,
797 977 890 1028 καὶ
936 977 1058 1046 χρῶ
1108 974 1220 1032 τοῖς
1273 968 1487 1040 στίχοις
1533 964 1738 1041 ὀρθῶςο
1794 961 1887 1015 καὶ

286 1053 429 1145 μήτε-
482 1053 777 1144 αἰωρείσθω
838 1065 970 1139 πρὸς
1022 1060 1154 1132 ὕψος
1208 1061 1238 1119 ἡ
1294 1061 1440 1132 χεὶρ,
1469 1059 1610 1145 μήτε
1655 1053 1888 1145 φερέσθω

282 1140 420 1215 κατὰ
463 1140 727 1233 κρημνῶν.
766 1151 920 1213 Μηδὲ
949 1151 1144 1226 βιάζου
1194 1152 1283 1202 τόν
1333 1147 1564 1219 κάλαμον
1600 1143 1727 1206 λοξὰ
1779 1140 1886 1233 βα-

284 1247 498 1316 δίζειν,
556 1229 730 1320 ὥσπερ
795 1247 884 1297 τόν
947 1241 1071 1315 παρ’
1149 1239 1378 1309 Αἰσώπῳ
1456 1237 1717 1309 καρκίνον·
1778 1229 1887 1283 ἀλλ’

284 1339 408 1393 εὐθύ
456 1342 644 1411 χώρει,
685 1334 861 1406 ὥσπερ
919 1330 1005 1384 ἰπὶ
1076 1330 1317 1400 στάθμης
1375 1320 1616 1398 βαδίζων
1666 1339 1890 1373 τεκτονι-

279 1436 380 1491 κῆς
432 1427 570 1499 (48),
611 1424 642 1483 ἢ
695 1428 974 1495 πανταχοῦ
1048 1418 1292 1492 φυλάττει
1355 1417 1414 1468 τὸ
1466 1415 1602 1479 ἴσον,
1648 1416 1740 1464 καὶ
1785 1415 1888 1462 πᾶν

283 1519 486 1591 ἀναιρεῖ
540 1517 600 1568 τὸ
648 1512 938 1586 ἀνώμαλον.
990 1511 1060 1570 Τό
1124 1509 1226 1580 γὰρ
1272 1503 1460 1572 λοξὸν,
1514 1500 1777 1575 ἀπρεπές·
1828 1501 1888 1550 τό

285 1605 346 1662 δὲ
402 1606 526 1660 εὐθὺ
560 1648 576 1675 ,
623 1605 838 1678 τερπνὸν
890 1605 1002 1660 τοῖς
1042 1599 1234 1671 ὁρῶσιν
1264 1636 1282 1666 ,
1339 1592 1438 1646 ούκ
1488 1589 1580 1644 ἰῶν
1631 1588 1889 1642 ἀνανεύειν

283 1701 376 1751 καὶ
429 1697 762 1762 κατανεύειν,
815 1689 988 1764 ὣσπερ
1046 1688 1110 1740 τὰ
1172 1683 1467 1753 κηλώνεια,
1527 1681 1648 1740 τοὺς
1703 1675 1891 1750 ὀφθαλ-

289 1790 420 1860 μούς
475 1791 576 1837 τῶν
641 1781 1098 1854 ἀναγινωσκόντων
1122 1791 1135 1806 ⁶
1202 1775 1378 1828 ὁποῖόν
1438 1790 1494 1822 τι
1542 1768 1702 1841 κάμοὶ
1760 1786 1893 1838 συμ-

291 1875 478 1933 ϐέϐηκε
537 1877 642 1932 τοῖς
713 1870 1023 1945 γράμμασιν
1088 1864 1361 1935 ἐντυχόντι
1411 1865 1518 1921 τοῖς
1571 1863 1722 1920 σοῖς.
1779 1861 1892 1909 Τῶν

289 1967 394 2040 γὰρ
454 1965 655 2034 στίχων
700 1962 943 2031 κειμένων
998 1949 1362 2028 κλιμακηδὸν,
1415 1951 1573 2008 ἡνίκα
1635 1943 1745 1999 ἔδει
1809 1961 1897 2015 με·

290 2055 548 2110 ταϐαίνειν
595 2051 671 2124 ἐφ’
736 2053 904 2125 ἕτερον
969 2046 1054 2118 ἀφ’
1118 2045 1290 2120 ἐτέρου
1352 2041 1508 2113 (49),
1568 2037 1765 2109 ἀνάγκη
1834 2032 1896 2095 ἦν

296 2145 534 2216 ἐξορθοῦν
587 2143 715 2216 πρὸς
757 2143 816 2192 τό
862 2137 1002 2199 τέλος
1051 2142 1145 2188 τοῦ
1181 2135 1492 2206 προσιόντος
1542 2129 1680 2200 (50).
1728 2127 1810 2180 Ἐν
1925 2126 1968 2182 Β

295 2232 550 2310 μηδαμοῦ
625 2233 936 2304 φαινομένης
999 2233 1094 2285 τῆν
1171 2222 1526 2289 ἀκολουθίας,
1594 2217 1901 2289 ἀνατρέχειν

291 2323 401 2378 ἔδει
455 2322 609 2376 πάλιν
669 2324 760 2372 καὶ
808 2323 904 2380 τὴς
952 2316 1098 2378 τάξιν
1159 2311 1457 2379 ἐπιζητεῖν,
1513 2302 1904 2366 ἀναποδίζοντα

291 2420 384 2468 καὶ
411 2415 764 2485 παρεπόμενον
808 2417 881 2479 τῷ
925 2405 1116 2459 αὔλακι
1128 2445 1148 2476 ,
1195 2404 1428 2477 καθάπερ
1475 2402 1564 2452 τὸν
1621 2400 1807 2456 Θησέα
1830 2401 1903 2465 τῷ

294 2509 429 2578 μίτῳ
458 2511 556 2563 τῆς
603 2495 888 2574 ’Δριάὸνης
919 2500 1050 2569 φασί
1077 2535 1092 2551 .
1139 2495 1308 2568 Γράφε
1351 2494 1524 2544 τοίνυν
1564 2487 1729 2561 ὀρθῶς
1758 2527 1773 2553 ,
1813 2487 1905 2536 καὶ

295 2599 367 2666 μὴ
395 2593 566 2647 πλάνοι
610 2592 698 2641 τὸν
753 2593 872 2640 νοῦν
914 2593 988 2654 τῷ
1033 2584 1237 2655 πλαγίῳ
1288 2585 1379 2639 καὶ
1406 2579 1538 2649 λοξῷ
1579 2584 1681 2630 τῶν
1709 2591 1903 2648 γραγοο

298 2686 479 2754 μένῶν.

838 2801 922 2849 ΕΠ
931 2798 1176 2848 ῙΣΤΟΛΗ
1205 2789 1370 2846 ΤΑΕ’.

2659 804 2961 863 Librario.

2063 958 2246 1015 Recta
2269 954 2488 1027 scribe,
2509 969 2581 1012 ac
2620 954 2799 1013 rectis
2852 956 3022 1014 utere
3063 951 3341 1012 versibus
3365 965 3480 1011 nec
3519 968 3653 1010 eve-

1992 1047 2173 1106 hatur
2195 1047 2258 1104 in
2277 1046 2468 1104 altum
2497 1060 2740 1116 manus,
2770 1058 2883 1102 nec
2907 1044 3136 1102 feratur
3179 1043 3244 1101 in
3295 1042 3650 1116 praecipitia.

1993 1140 2198 1209 Neque
2245 1149 2432 1206 cogas
2495 1134 2802 1192 calamum
2858 1133 3104 1206 oblique
3175 1133 3371 1190 instar
3447 1132 3656 1190 cancri

1993 1225 2251 1299 Esopici
2299 1223 2673 1297 procedere:
2707 1223 2814 1280 sed
2869 1227 3036 1282 recta
3094 1237 3302 1297 perge,
3353 1222 3514 1279 velut
3569 1221 3655 1280 ad

1994 1314 2290 1376 amussim
2313 1313 2708 1387 progrediens
2735 1312 3175 1385 fabrilem,quae
3199 1312 3428 1384 ubique
3456 1315 3656 1368 servat

1996 1403 2490 1478 aaqualitatem,et
2516 1402 2991 1474 inaaqualitatem
3012 1417 3260 1460 omnem
3281 1400 3449 1458 tollit.
3479 1399 3656 1466 Quod

1996 1494 2156 1552 enim
2206 1491 2548 1564 obliquum,
2597 1492 2952 1548 indecorum
3000 1495 3090 1548 est
3139 1507 3152 1547 :
3205 1489 3375 1563 quod
3449 1494 3655 1553 autem

1995 1588 2250 1647 rectum,
2277 1579 2621 1654 jucundum
2676 1579 3129 1654 aspicientibus,
3155 1595 3282 1638 non
3325 1578 3530 1635 sinens
3563 1577 3656 1633 le-

1997 1672 2268 1744 gentium
2311 1669 2521 1726 oculos
2546 1685 2791 1728 sursum
2837 1686 2908 1728 ac
2947 1669 3239 1727 deorsum
3275 1667 3471 1724 instar
3495 1665 3658 1724 tolle-

1997 1777 2232 1820 nonum
2259 1774 2604 1816 commeare
2632 1777 2646 1816 :
2681 1759 2862 1832 quale
2891 1763 2980 1816 est
3024 1757 3195 1832 quod
3249 1755 3401 1814 mihi
3441 1755 3661 1814 accidit

1999 1851 2223 1922 scripta
2268 1853 2373 1905 tua
2412 1848 2656 1918 legenti.
2703 1850 2849 1906 Cum
2901 1849 3065 1906 enim
3108 1863 3322 1904 versus
3369 1846 3434 1903 in
3483 1844 3659 1902 scalas

2001 1938 2257 1996 modum
2295 1935 2756 2008 disponerentur
2779 1954 2794 2006 ;
2817 1936 2924 1994 ubi
2964 1935 3040 1994 ab
3069 1935 3257 1993 altero
3286 1934 3370 1991 ad
3402 1933 3662 1990 alterum

2003 2032 2132 2088 erat
2154 2025 2614 2096 transeundum,
2643 2041 2894 2082 necesse
2921 2029 3051 2082 erat
3077 2025 3158 2082 ad
3184 2024 3372 2080 ﬁnem
3398 2021 3663 2096 proximi

2005 2130 2324 2187 assurgere
2358 2129 2372 2168 :
2403 2115 2467 2172 in
2504 2131 2629 2188 qua
2683 2115 2868 2173 series
2923 2131 3067 2172 cum
3103 2128 3427 2187 nunquam
3479 2126 3669 2184 appa—

2005 2210 2182 2274 reret,
2215 2208 2344 2262 erat
2388 2221 2598 2262 rursus
2649 2205 3112 2275 recurrendum,
3141 2202 3416 2275 ordoque
3467 2201 3669 2273 inqui-

2008 2296 2232 2356 rendus
2247 2295 2702 2365 retrocedendo,
2731 2294 3090 2366 sulcumque
3116 2291 3672 2364 sequendo,quem-

2012 2382 2352 2446 admodum
2416 2385 2708 2441 Theseum
2787 2383 3086 2440 Ariadnes
3149 2381 3324 2438 ﬁlum
3399 2383 3674 2435 secutum

2012 2477 2200 2534 fuisse
2249 2473 2468 2532 ferunt.
2503 2474 2706 2531 Scribe
2752 2472 2932 2544 igitur
2996 2475 3180 2542 recta,
3233 2485 3348 2526 nec
3407 2472 3676 2526 mentem

2012 2567 2370 2640 obliquitate
2396 2565 2753 2637 scriptorum
2782 2567 2963 2636 atque
2990 2560 3402 2635 inaequalitate
3428 2559 3492 2617 in
3521 2573 3681 2616 erro-

2015 2671 2144 2715 rem
2172 2655 2448 2713 inducas.

2483 2775 2826 2834 EPISTOLA
2857 2773 3215 2833 CCCXXXV‘.

307 2962 624 3036 Signiﬁcat
654 2958 920 3018 Basilius
943 2971 1005 3014 se
1029 2955 1519 3036 iiaenterpgnnes
1547 2940 2214 3036 {Jappadoccs‘ilibanio
2258 2937 2617 3036 erudiendos
2657 2937 3034 3036 missuruzn‘:
3069 2948 3234 2993 nunc
3269 2939 3471 2993 autem
3493 2931 3680 2990 mittit

939 3010 1199 3085 abbati”:
1228 3010 1687 3090 adolescentem,
1712 3017 1894 3075 amici
1921 3014 2134 3085 ﬁlium,
2163 3028 2336 3085 quem
2361 3012 2618 3068 Libanio
2639 3010 3040 3068 commendat.

833 3189 1096 3251 Βασίλειος
1133 3185 1391 3257 Λιϐανίῳ.

384 3338 719 3412 Αἰσχύνομαι
772 3334 892 3387 καθ’
930 3332 1018 3387 ἕνα
1056 3350 1142 3385 σοι
1187 3329 1469 3404 προσάγων
1519 3325 1638 3386 τοὺς
1689 3327 1912 3377 Καππα-

313 3426 491 3495 δόκας,
546 3427 675 3478 ἀλλὰ
727 3428 798 3497 μὴ
848 3424 1046 3483 πάντας
1104 3423 1225 3482 τοὺς
1265 3418 1312 3471 ἐν
1357 3417 1538 3487 ἡλικία
1590 3415 1798 3479 πείθων,
1829 3409 1912 3463 λό-

2558 3171 2816 3231 Basilius
2874 3170 3144 3230 Libanio.

2090 3318 2282 3377 Pudet
2295 3333 2394 3375 me
2410 3316 2518 3374 tibi
2548 3315 2943 3390 Cappadoces
2974 3312 3322 3385 singulatim
3352 3310 3678 3382 adducere,

2021 3424 2093 3466 ac
2140 3425 2267 3465 non
2314 3406 2601 3464 omnibus
2649 3404 3137 3461 adolescentibus
3179 3401 3569 3477 persuadere,
3614 3401 3684 3455 ut

311 3539 413 3590 γων
451 3521 540 3570 καὶ
581 3511 913 3573 παιδεύσεως
964 3512 1076 3583 (51)
1116 3507 1516 3571 ἀντιποιεῖσθαι,
1557 3507 1644 3554 καὶ
1697 3505 1782 3553 σοὶ
1833 3519 1911 3552 κε-

2020 3498 2223 3556 litteris
2262 3513 2333 3552 ac
2371 3495 2655 3552 doctrinae
2703 3494 2849 3550 dent
2895 3509 3164 3568 operam,
3199 3496 3376 3566 teque
3435 3491 3683 3547 utantur

311 3585 557 3684 χρῆσθαι
621 3613 717 3667 τῆς
787 3602 1060 3661 ἀσκήσεως
1146 3595 1481 3668 διδασκάλῳ.
1531 3591 1672 3647 Ἀλλ’
1729 3585 1909 3646 ἐπειδὴ

313 3700 518 3750 πάντων
583 3691 808 3754 εἰσάπαξ
867 3691 1160 3761 ἐπιτυχεῖν,
1209 3689 1277 3739 τὰ
1334 3686 1670 3754 προσήκοντα
1734 3683 1915 3751 σφίσιν

315 3787 492 3846 αὐτοῖς
551 3785 887 3859 αἱρουμένων,
911 3779 1017 3851 οὐχ
1055 3779 1160 3831 οἷόν
1198 3795 1253 3829 τε
1280 3792 1294 3806 ⁶
1336 3777 1452 3833 τούς
1508 3771 1752 3824 ἑκάστοτε
1797 3786 1914 3820 πει-

318 3877 557 3948 θομένους
610 3872 1019 3944 παραπέμπομέν
1075 3865 1191 3939 (52)
1243 3883 1347 3924 σοι,
1405 3867 1655 3914 τοσοῦτον
1738 3856 1920 3917 αὐτοῖς

315 3961 688 4038 χαριζόμενος,
730 3960 850 4012 ὅσον
900 3962 991 4010 καὶ
1037 3958 1087 4008 οἱ
1125 3959 1235 4016 τοῖς
1275 3951 1478 4023 διψῶσι
1534 3949 1920 4019 καθηγούμενοι

317 4057 449 4126 πρὸς
495 4055 588 4113 τὰς
640 4051 810 4120 πηγάς
868 4049 1003 4119 (53).
1058 4044 1116 4097 Ὀ
1165 4040 1224 4097 δὲ
1269 4051 1358 4094 νῦν
1414 4043 1668 4112 προσιών,
1733 4038 1919 4111 μικρὸν

317 4145 534 4216 ὕστερον
584 4141 770 4194 ἑαυτοῦ
837 4140 994 4190 ἕνεκεν
1053 4131 1543 4196 σπουδασθήσεται,
1583 4123 1794 4180 ἐπειδὰν
1837 4144 1922 4177 σοι

322 4235 658 4304 συγγένηται.
699 4234 807 4281 Νῦν
857 4224 915 4280 δὲ
950 4225 1052 4277 ἀπὸ
1089 4228 1284 4300 πατρός
1326 4220 1437 4273 ἐστι
1465 4223 1746 4291 γνώριμος,
1787 4219 1922 4289 μέγα

320 4321 404 4374 ἐπὶ
452 4321 698 4396 ὀρθότητι
738 4316 862 4391 βίου
913 4319 1003 4367 καὶ
1055 4310 1277 4386 δυνάμει
1331 4309 1572 4380 πολιτικῇ
1613 4306 1738 4379 παρ’
1795 4305 1920 4376 ἡμῖν

319 4395 565 4469 λαϐόντος
611 4411 772 4478 ὄνομα
805 4422 816 4435 ·
850 4404 904 4466 ὃς
960 4406 1051 4455 καὶ
1089 4401 1202 4474 ἐμοὶ
1413 4397 1481 4458 εἰς
1523 4399 1615 4454 τὴν
1646 4395 1811 4467 ἄκραν
1842 4413 1922 4466 φι-

319 4499 434 4552 λίαν
487 4499 796 4571 ἣρμοσται.
850 4493 949 4555 Ἴῐς
1003 4489 1336 4563 ἀμειϐόμενος
1383 4486 1561 4552 αὐτὸν,
1619 4492 1691 4554 τῷ
1741 4479 1924 4536 παιδὶ-

320 4590 516 4644 ταύτην
563 4590 656 4644 τὴν
685 4584 848 4656 χάριν
879 4575 1102 4651 δίδωμι,
1137 4598 1222 4630 σοι
1257 4583 1418 4628 ποιῶν
1456 4573 1612 4625 αύτὸν
1641 4576 1919 4644 γνώριμον’

323 4682 546 4752 πρᾶγμα
595 4677 846 4746 μεγίστης
903 4669 1064 4742 εὐχῆς
1124 4667 1268 4730 ἄξιον
1336 4671 1446 4726 τοῖς
1495 4661 1680 4735 ἀρετὴν
1738 4657 1925 4734 ἀνδρὸς

323 4769 515 4839 κρίνειν
544 4761 905 4833 ἐπισταμένοις
918 4804 930 4816 .

1957 4850 2003 4908 D

403 4977 515 5049 (47)
557 4974 920 5048 Καλλιγράφῳ.
962 4969 1148 5049 Addit
1181 4966 1352 5049 Harl.
1374 4962 1932 5049 στρεϐλούςΛποιοῦντι

330 5035 452 5113 τοηδς
483 5035 1054 5120 ἁτίχουςξὶοὶνέιιοεοε
1095 5039 1352 5120 facienti
1397 5035 1622 5094 versus.
1655 5035 1933 5108 Quinque

2020 3586 2460 3644 exercitationis
2512 3583 2827 3655 magistro.
2879 3583 2995 3640 Sed
3043 3583 3190 3656 quia
3238 3597 3452 3638 omnes
3499 3577 3684 3635 simul

2018 3673 2291 3734 nancisci
2322 3688 2448 3730 non
2471 3687 2802 3745 possumus
2829 3670 2912 3728 ita
2937 3669 3205 3740 affectos,
3227 3673 3294 3725 ut
3322 3665 3680 3724 convenien-

2022 3765 2099 3822 tia
2133 3763 2245 3820 sibi
2273 3762 2421 3835 ipsis
2445 3760 2703 3831 eligant;
2756 3759 2979 3832 quibus
3029 3757 3285 3814 subinde
3314 3754 3677 3829 persuadeo,

2025 3872 2128 3913 eos
2157 3855 2238 3911 ad
2259 3857 2316 3910 te
2337 3853 2532 3920 mitto,
2554 3855 2795 3908 tantum
2824 3849 2887 3905 in
2907 3865 3013 3905 eos
3041 3848 3354 3905 conferens
3378 3843 3677 3914 beneﬁcii,

2024 3949 2325 4019 quantum
2355 3941 2461 4015 qui
2497 3941 2759 3997 sitientes
2814 3939 2894 3996 ad
2945 3937 3143 3995 fontes
3184 3937 3514 3994 deducunt.
3568 3933 3682 4001 Qui

2027 4050 2167 4091 vero
2191 4047 2354 4090 nunc
2402 4035 2457 4087 te
2495 4030 2640 4099 adit,
2670 4028 2856 4102 paulo
2906 4032 3047 4100 post
3094 4043 3208 4084 sua
3252 4026 3442 4100 ipsius
3494 4039 3682 4081 causa

2023 4126 2092 4180 in
2133 4121 2324 4196 pretio
2358 4121 2487 4188 erit,
2517 4122 2845 4192 postquam
2885 4121 3088 4174 tecum
3142 4116 3321 4173 fuerit
3368 4118 3672 4172 versatus.

2027 4219 2196 4271 Nunc
2216 4216 2420 4269 autem
2449 4225 2523 4265 ex
2543 4212 2711 4281 patre
2739 4212 2923 4264 notus
2946 4210 3070 4273 est,
3110 4221 3409 4276 magnum
3436 4202 3682 4274 integri-

2027 4308 2148 4361 tate
2177 4301 2305 4358 vitaa
2330 4315 2402 4356 ac
2449 4298 2606 4354 civili
2632 4297 2902 4370 potentia
2927 4295 3094 4369 apud
3131 4312 3244 4353 nos
3270 4296 3532 4352 habente
3573 4307 3684 4350 no-

2027 4406 2190 4461 men,
2220 4388 2490 4460 mihique
2511 4402 2754 4443 summa
2788 4385 3056 4443 amicitia
3082 4384 3382 4440 devincto.
3415 4381 3528 4438 Pro
3557 4396 3686 4454 qua

2028 4485 2096 4538 ut
2117 4480 2288 4536 illum
2316 4490 2684 4542 remunerer,
2707 4475 2824 4531 hoc
2852 4473 2976 4530 ﬁlio
3003 4472 3368 4530 beneﬁcium
3393 4470 3687 4538 tribuo,ut

2028 4573 2232 4644 ipsum
2256 4567 2363 4624 tibi
2390 4565 2760 4638 discipulum
2788 4565 3010 4621 faciam
3038 4580 3052 4631 ;
3083 4579 3212 4619 rem
3234 4577 3378 4618 sane
3403 4559 3687 4617 maximis

2031 4658 2184 4716 votis
2203 4657 2454 4728 dignam
2483 4654 2650 4728 apud
2677 4670 2806 4724 eos,
2829 4652 2936 4726 qui
2958 4652 3034 4708 de
3063 4652 3172 4708 viri
3199 4651 3411 4708 virtute
3435 4648 3689 4706 scienter

2026 4746 2322 4820 judicant.

2037 4960 2228 5089 multi?
2261 4959 2478 5016 melius
2503 4957 2727 5015 absunt
2755 4954 2835 5012 ab
2858 4953 3146 5012 omnibus
3164 4953 3387 5012 nostris
3410 4964 3566 5027 mss.
3596 4962 3695 5009 co-

2037 5056 2054 5088 ι
2083 5049 2158 5089 lCl
2205 5048 2300 5089 us.
2601 5053 2606 5057 ’

2037 5048 2277 5089 mcmus
2288 5075 2300 5089 .
2601 5053 2606 5057 '

330 5097 850 5190 alii‘codices'irpbc
879 5097 1248 5190 καλλιγρ’άφονο
1286 5189 1303 5190 η
1389 5182 1434 5190 __
1605 5097 1697 5190 ni
1791 5097 1853 5190 ..-

2113 5108 2228 5172 (52)
2268 5104 2707 5190 [Ιαραπέμπομξν.
2734 5098 2828 5158 Sic
2852 5113 3006 5154 mss.
3037 5097 3277 5155 codices
3299 5109 3528 5170 magno
3557 5108 3698 5152 con-

403 5175 517 5262 (48)
546 5175 676 5243 (Ἐπὶ
709 5175 970 5260 aiatait-ag.
1004 5175 1355 5243 ,τἐκτονικῆς.
1388 5177 1670 5237 Nonnulli
1699 5177 1911 5233 codice:

2043 5175 2422 5262 sepusB.Editi
2441 5177 2876 5262 παραπέμπομαι.
2934 5256 2956 5262 Δ
3001 5241 3058 5262 Ψ
3172 5240 3292 5262 ,ΓΔ
3403 5184 3406 5185 ⁷

2118 5251 2224 5318 (53)
2265 5250 2400 5322 Πρός
2423 5238 2728 5316 τὰς’πηγᾶς.
2757 5238 3102 5315 Praepositio
3125 5240 3336 5300 addita
3375 5255 3450 5298 ex
3495 5238 3703 5297 codice

2045 5318 2384 5374 Harlaeano.

2099 5333 2384 5375 ariaeano.

2121 5393 2235 5468 (si)
2273 5389 2372 5468 ‘05
2396 5391 2486 5468 καὶ
2511 5386 2646 5468 Ego},
2669 5385 2843 5468 qoisl.
2869 5388 3122 5468 uterque
3141 5387 3201 5441 et
3225 5388 3372 5468 Reg:
3402 5379 3707 5468 secundus

2053 5468 2104 5526 ὃς
2132 5453 2312 5534 κάμοί.
2333 5453 2564 5534 Ibidem
2594 5459 2926 5534 Medicams,
2951 5453 3122 5534 Cois].
3149 5455 3452 5534 secundus
3481 5457 3539 5509 et
3561 5453 3705 5520 Reg.

2055 5527 2463 5604 secundusisi;
2491 5536 2585 5589 τὴν
2614 5532 2780 5604 ἄκραν
2805 5534 2894 5582 καὶ
2933 5529 3162 5602 μεγάλην
3193 5527 3381 5600 φιλίαν.

2131 5609 2150 5628 '
2181 5605 2345 5661 Alias
2363 5603 2604 5659 CLXXX.

2131 5677 2173 5699 "
2199 5677 2360 5734 Alias
2386 5675 2586 5732 CXLll.

336 5267 614 5337 στάθμη...
638 5268 928 5332 τεκτονικῇ.

348 5406 361 5418 ς
563 5329 888 5421 Ἐφ’Ίᾶ-ερρν
933 5329 1017 5402 ἀφ’
1066 5329 1260 5400 ἑτέρου.

339 5423 419 5480 αφ’
454 5426 627 5482 ετερου
657 5425 728 5466 εις
757 5423 946 5478 ετερον,
1278 5469 1284 5475 1

410 5482 520 5549 (50)
557 5485 661 5531 Τοῦ
689 5480 1018 5550 προσιόντος.
1046 5475 1135 5550 Ita
1147 5463 1706 5550 tresvetustissimi
1707 5463 1945 5550 codices

345 5535 678 5634 cu‘m'Reg.
721 5535 988 5605 secundo
1029 5548 1087 5602 et
1141 5539 1317 5599 Coisl.
1360 5537 1630 5594 secundo
1667 5535 1818 5592 Editi
1855 5542 1948 5586 τοῦ

347 5639 1085 5765 πρῖὲἒΐῖῗαιδεύσεωςΈᾶὶίί
1106 5684 1340 5744 addunt
1362 5687 1456 5744 τῆς
1479 5684 1545 5740 mi
1558 5699 1598 5766 ς,
1615 5694 1752 5756 quin
1766 5677 1956 5736 verba

1317 5326 1405 5381 Ita
1446 5337 1552 5378 sex
1606 5337 1756 5378 mss.
1787 5318 1942 5377 Editi
