4146 6436
491 393 628 456 10⁸79

825 516 1002 596 453
1047 521 1387 580 EPISTOLA
1428 516 1804 576 CCCXXXVI'.

1789 392 1849 448 S.
1893 389 2140 450 BASILII
2181 387 2406 446 MAGNI

3689 17 3714 44 τ·
3733 14 3742 18 ν
3759 10 4002 48 ῖτττεῖεῑετπ
4021 0 4061 36 "1

3723 392 3881 451 1080

2781 517 3117 569 ΕΠΙΣΤΟΛΠ
3155 514 3324 576 TAC'.

491 646 785 702 Declarat
820 647 1106 704 Libam'us
1131 647 1424 724 se_Basilii
1441 643 1831 724 adolescentis
1853 641 2153 724 virtutem.
2169 637 2537 724 admiratum
2558 653 2696 705 esse,
2722 647 2774 696 et
2803 641 2963 724 Celsi
2993 642 3278 724 fortuna:
3306 639 3622 724 laudasse,
3637 641 3800 724 quod
3818 644 3878 699 is

564 733 686 772 una
718 732 850 773 cum
864 720 1088 774 Basilio
1108 719 1380 774 Athenas
1400 721 1622 788 peteret
1652 713 1793 770 :ubi
1817 718 2013 788 autem
2049 709 2980 788 didicitjiasitium,reversumin
2993 709 3875 788 patriam,_pra;stqntissimum

564 790 702 843 vitae
721 803 906 859 genus
928 792 1275 866 amplexum
1307 781 1443 866 esse,
1468 793 1522 845 et
1551 789 1747 857 ipsum
1774 790 1829 842 et
1857 783 2234 866 Cappadoces
2258 781 2466 866 beatos
2485 785 2875 866 existimasse.
2909 785 3121 866 Basilii
3146 783 3354 866 laudes
3387 784 3460 840 de
3479 784 3697 866 Firmo
3727 802 3875 842 con-

562 855 786 928 ﬁrmat.
817 855 1042 929 Quaerit
1072 860 1217 934 quid
1245 861 1555 917 Firminus
1575 855 1780 914 rerum
1814 861 2000 926 agat:
2024 867 2274 934 eumque
2294 856 2524 923 partim
2562 855 2796 923 laudat,
2819 857 3049 925 partim
3079 856 3152 911 de
3180 855 3290 912 illo
3317 857 3614 927 queritur.

1027 967 1321 1024 Libanius
1359 966 1614 1024 Basilio.

572 1059 619 1111 t.
660 1055 1026 1128 Aliquandiu
1055 1060 1148 1114 est
1173 1056 1340 1130 quod
1369 1056 1448 1112 ad
1473 1070 1586 1111 nos
1618 1053 1947 1128 Cappadox
1995 1049 2153 1108 venit

498 1143 869 1203 adolescens.
899 1145 1162 1202 Primum
1182 1145 1299 1202 hoc
1322 1145 1557 1202 lucrum
1597 1143 1764 1218 quod
1790 1141 2144 1216 Cappadox.

499 1231 616 1289 Sed
640 1235 697 1289 et
721 1248 792 1288 ex
814 1233 1013 1306 prima
1031 1233 1258 1291 familia
1274 1233 1368 1290 ille
1389 1231 2015 1306 Cappadox.Alterum
2039 1229 2156 1285 hoc

497 1319 733 1378 lucrum
754 1325 862 1378 est.
871 1322 986 1379 Sed
1006 1328 1063 1380 et
1076 1322 1300 1380 litteras
1319 1321 1664 1380 admirandi
1684 1320 1874 1378 Basilii
1899 1318 2157 1376 atterens

499 1409 698 1467 nobis.
727 1413 858 1477 Qua
910 1411 1059 1484 quid
1096 1413 1297 1484 majus
1339 1413 1478 1485 quis
1524 1411 1777 1468 dixerit?
1807 1413 1928 1481 Ego
1971 1407 2154 1472 enim,

501 1514 686 1572 quem
711 1500 798 1556 tui
836 1500 1092 1558 oblitum
1124 1507 1322 1575 putas.
1338 1502 1518 1559 etiam
1542 1501 1686 1558 olim
1715 1498 2158 1556 adolescentem

501 1589 858 1647 reverebar:
882 1595 940 1648 et
963 1592 1362 1664 temperantia
1389 1607 1530 1649 cum
1558 1590 1804 1648 senibus
1833 1592 2160 1646 certantem

504 1676 736 1740 videns,
763 1677 948 1750 idque
976 1680 1038 1736 in
1059 1679 1162 1736 illa
1179 1680 1327 1737 urbe
1352 1697 1491 1754 quae
1510 1679 1920 1753 voluptatibus
1947 1679 2158 1744 scatet,

508 1770 566 1822 et
606 1765 1066 1839 disciplinarum
1092 1770 1222 1841 jam
1251 1774 1485 1844 partem
1528 1785 1809 1841 magnam
1867 1781 2162 1826 consecu-

507 1858 660 1911 tum.
683 1855 798 1912 Sed
835 1857 1127 1930 quoniam
1160 1859 1264 1915 tibi
1292 1859 1574 1916 visendas
1625 1875 1870 1933 quoque
1901 1858 2162 1914 Athenas

507 1943 757 2014 duxisti,
789 1945 972 2018 idque
995 1947 1160 2004 Celso
1188 1949 1570 2021 persuasisti;
1603 1948 1951 2020 gratulabar
1973 1947 2160 2012 Celso,

507 2036 676 2106 quod
703 2033 781 2091 ab
806 2034 1012 2093 animo
1031 2039 1132 2094 tuo
1157 2038 1464 2111 penderet.
1485 2041 1633 2096 Cum
1666 2043 1866 2096 autem
1891 2053 2164 2094 reversus

510 2137 693 2190 esses,
711 2122 1090 2198 patriamque
1114 2126 1426 2198 incoleres,
1440 2144 1680 2185 mecum
1701 2128 1830 2201 ipse
1859 2126 2160 2183 dicebam:

511 2211 666 2277 Quid
689 2226 854 2269 nunc
875 2214 1056 2271 nobis
1078 2215 1329 2274 Basilius
1360 2217 1590 2288 gerit,et
1613 2217 1780 2290 quod
1807 2218 1944 2272 vitae
1974 2231 2164 2286 genus

509 2299 827 2374 amplexus
851 2303 982 2359 est?
1012 2306 1167 2361 Num
1205 2305 1267 2361 in
1296 2305 1428 2363 foro
1454 2312 1750 2376 versatur,
1776 2310 2005 2362 veteres
2029 2305 2162 2360 illos

508 2389 778 2446 rhetores
822 2390 1132 2450 imitatus?
1169 2409 1246 2451 an
1273 2395 1542 2451 rhetores
1579 2395 2022 2452 fortunatorum
2057 2409 2162 2466 pa-

509 2480 672 2536 trum
694 2478 850 2537 ﬁlios
868 2480 1089 2540 efﬁcit?
1117 2485 1265 2542 Cum
1290 2488 1493 2542 autem
1530 2485 1802 2542 nonnulli
1841 2485 2161 2554 venissent,

509 2569 618 2642 qui
639 2570 989 2630 nuntiarent
1013 2577 1071 2630 te
1107 2573 1268 2630 viam
1321 2575 1502 2645 longe
1541 2575 1636 2632 his
1686 2575 2165 2648 praestantiorem

507 2657 853 2729 ingressum
882 2676 1034 2732 esse,
1063 2662 1300 2735 hocque
1330 2665 1528 2735 magis
1558 2664 2165 2738 spectare,quomodo

509 2747 631 2804 Deo
662 2749 896 2805 amicus
925 2751 1172 2818 evadas,
1203 2768 1392 2826 quam
1423 2754 1733 2827 quomodo
1765 2771 1982 2811 aurum
2009 2756 2168 2812 colli-

507 2851 654 2908 gas;
695 2841 832 2895 ette
857 2842 914 2895 et
938 2839 1332 2914 Cappadoces
1373 2843 1585 2900 beatos
1626 2845 2079 2917 praedicabam;
2111 2850 2166 2902 te

504 2925 775 2998 quidem,
803 2927 908 3000 qui
937 2928 1119 2986 talem
1150 2933 1206 2986 te
1235 2946 1373 2988 esse
1413 2931 1630 3001 velles;
1671 2931 1806 2989 illos
1857 2949 2022 3003 vero,
2062 2934 2168 3006 qui

505 3013 687 3070 talem
712 3020 963 3087 possent
984 3017 1176 3075 civem
1207 3020 1542 3077 ostendere.

579 3108 634 3159 2.
677 3105 943 3164 Firmum
965 3111 1168 3165 autem
1189 3108 1357 3165 illum
1379 3111 1606 3183 ubique
1636 3115 2012 3168 constantem
2037 3127 2169 3186 per-

505 3192 758 3250 durasse
789 3197 935 3252 satis
966 3197 1123 3267 scio;
1154 3197 1297 3254 hinc
1328 3199 1490 3256 enim
1515 3199 1568 3255 ei
1597 3199 1955 3273 eloquentiae
1984 3201 2170 3258 facul-

504 3284 756 3340 tas.Sed
775 3299 918 3342 cum
943 3285 1157 3343 laudes
1185 3287 1408 3344 multas
1441 3287 1696 3362 adeptus
1723 3289 1818 3361 sit,
1849 3290 2016 3347 haud
2045 3292 2169 3348 scio

503 3386 584 3428 an
614 3387 882 3445 unquam
923 3377 1145 3447 tantas,
1172 3379 1434 3448 quantas
1481 3393 1645 3434 nunc
1684 3394 1758 3435 ex
1807 3379 1920 3436 tuis
1962 3379 2172 3436 litteris

501 3458 786 3516 intellexi.
810 3460 982 3524 Quod
1005 3463 1166 3519 enim
1193 3467 1258 3519 tu
1283 3465 1476 3538 es,qui
1498 3466 1665 3523 dicas
1685 3467 1991 3524 neminem
2012 3467 2172 3524 illius

503 3546 762 3618 gloriam
785 3564 1139 3622 superasse:
1163 3568 1351 3624 quam
1377 3554 1493 3610 hoc
1509 3553 1589 3611 illi
1606 3554 2011 3614 honoriﬁcum
2037 3569 2172 3613 cen‘

505 3637 623 3693 seri
648 3637 869 3696 debet?
895 3641 1040 3696 Puto
1072 3646 1275 3699 autem
1295 3643 1408 3700 hos
1441 3649 1552 3702 ate
1575 3645 1741 3718 prius
1761 3647 1980 3702 missos
2012 3662 2166 3711 esse,

504 3742 694 3801 quam
724 3728 1052 3788 Firminum
1074 3731 1344 3802 videres;
1383 3749 1582 3807 neque
1613 3733 1774 3792 enim
1797 3735 1874 3792 de
1903 3735 2004 3792 illo
2021 3719 2170 3792 nihil

504 3816 862 3876 habuissent
906 3819 1135 3879 littera}.
1171 3823 1237 3878 Et
1277 3838 1441 3880 nunc
1469 3823 1618 3897 quid
1649 3841 1850 3880 rerum
1889 3825 2032 3894 agit,
2065 3830 2168 3882 aut

505 3908 656 3988 quid
698 3909 1024 3967 meditatur
1091 3910 1384 3968 Firminus
1415 3914 1444 3969 ‘I
1502 3913 1902 3972 Distineturne
1968 3915 2168 3972 adhuc

507 3996 857 4069 nuptiarum
871 3999 1219 4058 desideriis?
1241 4003 1430 4060 anilla
1445 4003 1814 4074 jamdudum
1833 4009 2165 4076 cessarunt,

508 4084 619 4141 sed
663 4089 837 4156 urget
890 4089 1058 4144 curia
1085 4105 1156 4146 ac
1204 4092 1454 4147 omnino
1478 4108 1723 4149 necesse
1754 4098 1843 4150 est
1871 4110 2114 4150 manere
2144 4098 2168 4149 .9

510 4188 591 4230 an
623 4177 714 4230 est
743 4190 882 4247 spes
911 4175 1114 4250 aliqua
1143 4177 1313 4235 illum
1338 4180 1541 4237 denuo
1567 4182 1902 4238 studiorum
1936 4183 2168 4240 socium

510 4260 683 4318 fore?
713 4264 818 4320 Det
845 4264 1025 4322 nobis
1083 4266 1332 4339 aliquod
1377 4283 1763 4341 responsum,
1797 4276 1975 4344 atque
2022 4272 2170 4328 illud

510 4351 784 4424 quidem,
812 4357 878 4410 ut
904 4345 1068 4427 opto,
1101 4357 1518 4414 commodum.
1550 4359 1666 4415 Sed
1690 4359 1738 4414 si
1766 4359 1915 4432 quid
1945 4360 2173 4418 creabit

509 4441 824 4505 molestias,
845 4443 1059 4501 saltem
1073 4461 1184 4502 nos
1199 4447 1558 4520 respiciendi
1572 4449 1648 4505 ad
1664 4452 1871 4521 portas
1897 4449 2170 4507 molestia

509 4529 808 4589 liberabit.
836 4531 952 4588 Sed
981 4532 1034 4589 si
1062 4533 1356 4590 Firminus
1409 4552 1574 4593 nunc
1625 4538 1870 4594 Athenis
1895 4527 2168 4595 versare-

512 4623 630 4692 tur,
650 4620 951 4694 quidnam
992 4623 1259 4682 facerent
1285 4626 1463 4682 vestri
1487 4626 1743 4684 curiales
1763 4629 1790 4684 ἱ)
1820 4631 1974 4684 Num
2002 4628 2167 4686 Sala-

582 4730 606 4751 ⁶
625 4727 788 4787 Alias
813 4730 1037 4788 CXLIII.

584 4801 696 4874 (ξε-ς)
731 4801 790 4874 ΪΟ
837 4800 1219 4864 Καππαδόκης.
1251 4806 1385 4860 lith
1413 4804 1634 4862 desunt
1673 4806 1816 4862 satis
1845 4808 2166 4865 commode

509 4873 574 4959 in
593 4871 790 4943 Regio
819 4875 1087 4931 secundo
1108 4879 1166 4932 et
1194 4875 1367 4932 Coisl.
1394 4877 1684 4934 secundo.
1703 4879 1830 4934 Mox
1852 4877 2165 4935 Medicaeus

507 4961 593 4996 οτι
619 4963 721 5006 τις.

579 5014 692 5090 (56)
727 5013 1012 5090 Ὠρμη-κεν.
1054 5018 1143 5090 Ita
1172 5021 1293 5074 tres
1339 5019 1728 5078 vetustissimi
1757 5020 1995 5078 codices
2023 5036 2162 5078 cum

506 5083 964 5164 [limitibus-aliis.
995 5088 1150 5164 Editi
1176 5091 1416 5164 ὥρμησεν
1429 5133 1441 5146 .

580 5160 1006 5236 (57)]Γρέπεται.
1038 5163 1165 5216 Non
1194 5160 1352 5220 male
1381 5162 1557 5220 Coisl.
1593 5163 1896 5220 secundus
1922 5167 1980 5222 et
2017 5167 2158 5236 Reg.

505 5231 1098 5303 secundusfpc'perue.

576 5300 692 5374 (58)
728 5296 1113 5374 Εύδάιμὸνισα.
1167 5303 1443 5362 Nonnulli
1489 5305 1728 5363 codices
1799 5307 2160 5364 recentiores

501 5370 878 5446 εὖδοιρὶόνησα.

573 5443 684 5517 (59)
725 5449 936 5519 Φιρμος.
961 5443 1054 5502 Sic
1078 5461 1222 5523 mss.
1254 5461 1496 5523 novem.
1539 5448 1689 5523 Editi
1715 5456 1978 5523 Φιρμῖνος.
2011 5449 2157 5506 Scri-

499 5517 976 5588 pturaveterum
1017 5517 1296 5574 codicum
1324 5518 1464 5574 hinc
1508 5520 1691 5576 etiam
1740 5517 2152 5587 confirmatur,

496 5586 666 5664 quod
684 5586 734 5642 is
753 5604 936 5661 quem
968 5593 1275 5664 tantopere
1302 5590 1656 5664 laudaverat
1683 5592 1931 5648 Basilius
1951 5594 2012 5649 in
2033 5586 2154 5664 epi-

497 5657 653 5714 s'tola
678 5657 810 5732 sua,
840 5657 1184 5732 necessario
1212 5662 1673 5731 distinguendus
1694 5679 1730 5720 θ.
1756 5665 2036 5732 Firmino,
2069 5657 2151 5720 de

495 5727 778 5799 quonihil
796 5729 1136 5792 habuerant
1161 5733 1361 5792 Basilii
1385 5727 1614 5793 litterae.
1650 5734 1803 5793 Illud
1829 5727 2054 5806 autem,
2081 5738 2150 5796 ὡς

2176 929 2224 979 Α

2775 961 3022 1026 Λιϐάνιος
3079 961 3347 1034 Βασιλείῳ.

2336 1049 2386 1104 1.
2429 1052 2524 1104 Διά
2559 1054 2757 1127 χρόνου
2809 1055 2940 1126 πρὸς
2987 1053 3123 1124 ἡμᾶς
3155 1048 3518 1116 Καππαδόκης
3569 1053 3682 1112 ἣκει
3737 1058 3872 1116 νέος.

2257 1139 2345 1193 Ἐν
2405 1148 2556 1192 τοῦτο
2612 1137 2818 1214 κέρδος,
2861 1143 2939 1195 ὅτι
2996 1138 3376 1202 Καππαδόκης.
3422 1141 3576 1196 Ἀλλὰ
3627 1146 3716 1196 καὶ
3767 1151 3870 1196 τοῦ

2261 1234 2471 1305 πρώτου
2517 1233 2693 1300 γένους
2746 1232 2895 1294 οὗτος
2943 1233 2969 1284 ὁ
3014 1228 3380 1293 Καππαδόκης
3431 1233 3558 1303 (55).
3615 1236 3862 1308 Δεύτερον

2261 1325 2416 1371 τοῦτο
2482 1316 2688 1395 κέρδος.
2747 1319 2902 1372 Ἀλλὰ
2966 1324 3054 1373 καὶ
3115 1323 3335 1395 γράμμα
3397 1328 3485 1374 τοῦ
3550 1323 3863 1395 θαυμαστοῦ

2266 1407 2537 1461 Βασιλείαν
2594 1410 2823 1481 κομιζων
2871 1411 3018 1482 ἡμῖν.
3066 1413 3224 1462 Τουτὶ
3271 1413 3382 1484 μὲν,
3437 1411 3556 1462 ὅτου
3606 1416 3682 1472 τίς
3727 1415 3873 1464 εἴποι

2265 1497 2480 1569 μεῖξονς
2529 1502 2659 1570 Ἐγὼ
2707 1500 2808 1571 γὰρ
2853 1499 2906 1551 ὃν
2957 1498 3290 1558 ἐπιλελῆσθαί
3350 1517 3444 1552 σου
3492 1503 3738 1572 νομίζεις,
3778 1504 3879 1553 καὶ

2266 1585 2429 1640 πάλαι
2470 1591 2578 1640 νέον
2631 1591 2754 1640 οντα
2802 1585 3045 1660 ᾐδούμην
3079 1609 3092 1623 ο
3146 1591 3454 1662 σωφροσύνῃ
3487 1608 3544 1642 τε
3593 1593 3726 1664 πρὸς
3755 1595 3883 1652 τοὺς

2266 1679 2506 1750 γέροντας
2550 1675 2899 1750 ἁμιλλώμενον
2949 1679 3100 1750 ὀρῶν,
3140 1683 3230 1731 καὶ
3290 1686 3460 1731 ταῦτα
3500 1676 3549 1730 ἐν
3588 1677 3755 1751 ἐκείνῃ
3812 1686 3878 1750 τῇ

2268 1764 2434 1834 πόλει,
2465 1773 2527 1838 τῇ
2556 1773 2673 1827 ταῖς
2711 1763 2929 1828 ἡδοναῖς
2969 1766 3210 1840 βρυούση
3234 1785 3249 1799 ·
3282 1773 3373 1820 καὶ
3402 1767 3564 1840 λόγων
3596 1765 3669 1826 ηδ
3675 1788 3706 1826 η
3761 1775 3886 1840 μοῖ-

2269 1873 2364 1928 ραν
2426 1860 2734 1929 κεκτημένον
2798 1857 3065 1930 μεγάλην.
3116 1854 3330 1916 Ἐπειδὴ
3393 1855 3452 1910 δὲ
3519 1857 3700 1929 ᾠήθης
3768 1854 3922 1910 δεῖν’

2270 1948 2360 1996 καὶ
2421 1947 2514 2006 τὰς
2582 1945 2806 2007 Ἀθήνας
2862 1942 3013 2016 ἰδεῖν,
3081 1951 3171 2000 καὶ
3231 1950 3318 2000 τὸν
3387 1946 3579 2000 Κέλσον
3653 1949 3882 2009 ἔπειθεςο

2273 2037 2588 2107 συνέχαιρον
2629 2044 2703 2106 τῷ
2763 2040 2960 2107 Κέλσῳ,
3002 2044 3098 2099 τῆς
3160 2045 3255 2097 σῆς
3296 2035 3624 2109 ἐξηρτημένῳ
3664 2036 3885 2108 ’θυχῇθ

2274 2121 2644 2185 Ἐπανήκοντος
2695 2121 2754 2178 δὲ
2833 2144 2927 2178 σου
2997 2131 3088 2179 καὶ
3157 2128 3372 2198 ἔχοντος
3445 2129 3539 2185 τὴν
3611 2123 3884 2200 πατρίδα,

2272 2211 2441 2284 ἔλεγον
2482 2217 2609 2288 πρὸς
2666 2213 2905 2287 ἐμαυτόν.
2941 2220 3005 2267 Τί
3059 2223 3146 2268 νῦν
3186 2219 3309 2288 ἡμῖν
3362 2216 3387 2267 ὁ
3429 2215 3692 2276 Βασίλειος
3753 2212 3886 2288 δρᾷ,

2194 2281 2234 2336 Β
2271 2306 2363 2354 καὶ
2393 2306 2521 2377 πρὸς
2569 2309 2688 2356 τίνα
2739 2303 2856 2378 βίον
2907 2306 3145 2378 ὥρμηκεν
3171 2306 3319 2377 (56);
3373 2304 3492 2379 ’Λρ’
3523 2303 3570 2356 ἐν
3621 2301 3920 2363 δικαστη-,

2272 2395 2403 2465 ρίοις
2462 2394 2858 2465 τρέπεται(57),
2913 2399 3031 2455 τοὺς
3083 2393 3337 2456 παλαιοὺς
3385 2395 3610 2468 ῥήτορας
3669 2392 3887 2464 ζηλῶν;

2274 2484 2304 2538 ἦ
2372 2481 2594 2556 ῥήτορας
2659 2479 2982 2556 εὐδαιμόνων
3038 2488 3271 2558 πατέρων
3321 2481 3678 2557 ἀπεργάζεται
3753 2491 3891 2535 παῖ-

2275 2567 2370 2631 δας
2424 2589 2438 2638 ;
2508 2571 2597 2633 Ὠς

2277 2679 2334 2714 σε
2396 2659 2566 2732 πολλῷ
2649 2667 2910 2731 τουτωνὶ,
2982 2671 3080 2714 τῶν
3167 2658 3303 2715 ὁδῶν

2677 2569 2735 2625 δὲ
2785 2575 2910 2632 ἧκόν
2988 2592 3122 2635 τινες
3199 2571 3602 2644 ἀπαγγέλλοντες
3688 2571 3890 2645 ἀμείνω

3385 2663 3723 2734 πορεύεο-θαι⁵
3796 2665 3890 2715 καὶ

2277 2757 2486 2803 σκοπεῖν
2529 2792 2543 2818 ,
2612 2750 2748 2813 ὃπῶς
2815 2753 2874 2803 οἶν
2946 2755 3115 2823 γένοιο
3174 2758 3287 2822 Θεῷ
3352 2750 3546 2824 μᾶλλον
3608 2751 3789 2823 φίλος,
3852 2755 3884 2810 ἦ

2277 2837 2530 2901 συλλέξεις
2558 2844 2786 2913 χρυσίον
2810 2881 2823 2906 ,
2857 2836 3205 2912 εύδαιμόνισα
3234 2839 3354 2909 (58)
3387 2843 3446 2891 σέ
3482 2857 3539 2890 τε
3579 2845 3668 2892 καὶ
3729 2846 3886 2892 Καπ-

2275 2923 2554 2990 παδόκας·
2619 2930 2676 2981 σε
2733 2931 2843 3000 μὲν,
2872 2936 3106 2981 τοιοῦτον
3166 2927 3478 3000 βουλόμενον
3521 2929 3650 2980 εἶναι
3679 2945 3691 2958 ·
3745 2927 3889 2982 ἐκεί-

2275 3034 2390 3077 νους
2423 3013 2502 3086 δὲ,
2530 3025 2764 3070 τοιοῦτον
2789 3014 3108 3091 δυναμένους
3135 3015 3170 3070 δ
3174 3037 3402 3070 εικνυναι
3430 3017 3666 3075 πολίτηνο

2347 3107 2401 3160 2.
2444 3109 2639 3179 Φίρμος
2678 3107 2790 3177 (59)
2834 3103 2895 3160 δὲ
2945 3105 3147 3178 ἐκεῖνος,
3177 3109 3244 3169 ὡς
3293 3114 3570 3178 πανταχοῦ
3627 3102 3879 3158 διετέλεσε

2277 3191 2599 3268 κρατῶν,εὖ
2627 3192 2751 3248 οἶδα
2781 3211 2793 3225 ⁸
2846 3195 3072 3249 ἐντεῦθεν
3131 3198 3234 3269 ’γαρ
3285 3197 3427 3268 αὐτῷ
3481 3203 3574 3248 τῶν
3626 3192 3789 3266 λόγων
3841 3195 3871 3251 ἡ

2281 3279 2502 3356 δύναμις
2534 3321 2547 3336 .
2592 3283 2795 3339 Πολλῶν
2838 3281 2897 3338 δὲ
2948 3285 3166 3338 ἐπαίνων
3225 3284 3526 3346 ἀπολαύσας
3553 3326 3566 3352 ,
3591 3282 3683 3336 οὐκ
3731 3279 3884 3352 οῖδα,

2279 3372 2362 3424 ὃτι
2407 3378 2615 3427 πώποτε
2674 3374 2988 3433 τηλικούτων
3017 3417 3032 3443 ,
3099 3375 3291 3433 ἡλίκων
3356 3381 3444 3427 νῦν
3498 3373 3547 3426 ἐν
3619 3378 3731 3435 τοῖς
3775 3379 3887 3434 σοῖς

2281 3459 2482 3520 ἀκήκοα
2531 3481 2852 3538 γραμμασι.
2911 3467 2980 3517 Τὸ
3028 3466 3129 3538 ’γὰρ
3171 3460 3375 3536 μηδένα
3437 3465 3499 3516 ἄν
3548 3467 3642 3522 τὴν
3691 3461 3887 3515 ἐκείνου

2281 3547 2440 3611 δόξαν
2487 3553 2870 3629 ὑπερϐαλέσθαι
2919 3557 2977 3607 σε
3030 3558 3118 3607 τὸν
3155 3553 3369 3627 λέγοντα
3425 3553 3594 3622 εἶναι,
3623 3558 3788 3606 πόσον
3834 3573 3888 3605 τι

2278 3646 2388 3716 χρὴ
2419 3647 2648 3716 νομίζειν
2677 3642 2887 3716 tacetve);
2929 3649 3102 3706 Δοκείς
3137 3640 3197 3697 δέ
3237 3663 3326 3717 μοι
3369 3648 3458 3696 καὶ
3510 3645 3725 3704 τούτους
3768 3643 3885 3713 (60)

2279 3724 2653 3786 ἀπεσταλκένάι
2707 3739 2830 3806 πρὶν
2877 3737 2907 3792 ἤ
2958 3737 3044 3785 τὸν
3093 3739 3336 3806 Φιρμῖνον
3379 3729 3509 3785 ἰδεῖν
3544 3749 3557 3761 '
3591 3731 3650 3784 ού
3689 3733 3790 3806 γὰρ
3823 3729 3885 3782 ἂν

2277 3821 2432 3873 αὐτὸν
2478 3823 2593 3893 (61)
2625 3822 2718 3874 ούκ
2763 3819 2876 3893 εἶχε
2919 3824 2984 3873 τὰ
3020 3824 3324 3896 γράμματα.
3373 3825 3472 3874 Καὶ
3511 3828 3600 3872 νῦν
3629 3825 3681 3872 τί
3724 3826 3884 3875 ποιεῖ,

2199 3631 2240 3687 C

2276 3916 2306 3970 ἧ
2351 3915 2404 3964 τί
2433 3910 2603 3984 μέλλει
2657 3917 2897 3985 Φιρμίνος
2929 3928 2943 3979 ;
2975 3910 3086 3963 Ἔτ’
3123 3913 3263 3963 ἔστιν
3315 3910 3362 3962 ἐν
3415 3918 3520 3971 τοῖς
3572 3919 3672 3962 τῶν
3701 3911 3885 3982 γάμων

2275 4004 2457 4063 πόθοις
2485 4002 2620 4071 (62),
2648 4004 2678 4059 ἦ
2713 4001 2881 4053 ἐκεῖνα
2911 4003 3000 4073 μὲν
3029 4000 3195 4052 πάλαι
3222 4001 3517 4066 πάπαυται,
3553 3999 3744 4072 βαρεῖα
3774 4001 3885 4071 (63)

2277 4087 2336 4142 δὲ
2365 4092 2394 4148 ἡ
2431 4089 2620 4164 βουλὴ,
2667 4095 2755 4142 καὶ
2803 4096 2950 4143 πᾶσα
3002 4088 3202 4162 ἀνάγκη
3256 4095 3459 4161 μένειν;
3489 4093 3519 4147 ἦ
3566 4093 3700 4151 τίνες
3755 4089 3888 4141 εἰσὶν

2276 4176 2498 4246 ἐλπίδες,
2549 4181 2615 4240 ὡς
2683 4175 2830 4240 αὖθις
2882 4182 3032 4232 ἔσται
3085 4179 3249 4250 λόγων
3307 4182 3594 4244 κοινωνὸς;
3638 4177 3886 4251 Ἀποκρι-

2275 4272 2454 4323 νοίσθω
2504 4290 2557 4322 τι
2586 4271 2749 4344 ἡμῖν’
2802 4275 2892 4322 καὶ
2945 4273 3020 4327 εἵη
3071 4273 3160 4343 μὲν
3209 4289 3259 4321 τι
3311 4272 3572 4342 χρηστόν.
3606 4268 3669 4321 Εἰ
3700 4265 3750 4320 δ’
3797 4266 3885 4321 οὖν

2276 4379 2328 4412 τι
2356 4363 2446 4412 καὶ
2492 4359 2738 4426 λυπήσει,
2765 4366 2857 4412 τοῦ
2891 4358 3095 4432 βλέπειν
3138 4378 3198 4431 ’γε
3250 4359 3390 4432 ἡμᾶς
3419 4362 3547 4433 πρὸς
3576 4361 3668 4420 τὰς
3716 4357 3885 4420 πύλας

2276 4447 2578 4512 ἀπαλλάξει.
2625 4449 2685 4503 Εἰ
2738 4445 2797 4502 δὲ
2848 4447 3109 4520 Ἀθήνῃσι
3152 4455 3240 4500 νῦν
3285 4449 3310 4499 ὁ
3360 4454 3603 4520 Φιρμῐνος
3651 4445 3882 4518 ἐτύγχα-

2274 4557 2351 4590 νεν
2407 4543 2494 4601 ὧν,
2541 4543 2592 4592 τί
2639 4540 2700 4590 ἄν
2753 4535 2917 4611 ἔδρων
2971 4540 3018 4590 οἱ
3069 4535 3400 4609 βουλεύοντες
3443 4535 3566 4610 παρ’
3611 4537 3776 4608 ὑμίν;
3811 4537 3876 4590 ἸΙ

2273 4633 2368 4686 τὴν
2416 4627 2727 4701 Σαλαμινίαν
2794 4630 3016 4700 ἔπεμπον
3069 4627 3130 4678 οἶν
3208 4625 3283 4680 ἐπ’
3338 4626 3532 4692 αύτ6ν;
3573 4625 3754 4700 Ὀρᾷς,
3796 4626 3878 4678 ὃτι

2273 4744 2551 4808 πανταχοῦ
2581 4733 2834 4788 διετέλεσε
2847 4743 3086 4813 κρατῶν,-
3103 4733 3278 4813 vertit
3301 4732 3724 4813 Combeiisius.
3740 4732 3877 4813 ubi-

2273 4823 2388 4880 que
2406 4806 2581 4880 ﬁrma
2606 4806 2894 4863 memoria
2921 4806 3697 4880 fuerit,veljfetinueritLac
3720 4806 3873 4880 vitu-

2273 4876 2444 4951 perat
2466 4879 2883 4951 interpretem,
2900 4877 3006 4948 qui
3037 4877 3129 4951 sic,
3149 4876 3494 4932 reddiderat
3525 4893 3538 4930 :
3563 4877 3869 4951 Eirminus

2198 4973 2240 5028 ι)
2273 4946 2751 5028 uero_ille,quam
2781 4946 2993 5028 ubique
3023 4947 3131 5003 tibi
3147 4952 3494 5005 constanter
3513 4946 3866 5005 adhaerendo

2267 5023 2538 5093 perdura
2547 5023 2695 5078 verit
2733 5021 2871 5077 scio.

2345 5096 2453 5163 (60)
2495 5093 2770 5163 Ἐκείνῳ...
2793 5097 2883 5145 καὶ
2943 5093 3176 5152 τούτους.
3205 5091 3300 5148 Sic
3343 5089 3613 5162 plerique
3637 5087 3876 5147 codices

2269 5179 2419 5222 mss.
2453 5164 2601 5220 Editi
2624 5163 2876 5222 ἐκεῖνον...
2919 5169 3106 5219 ταῦτα,

2343 5237 2452 5307 (61)
2495 5236 2569 5288 Οὐ
2615 5237 2717 5308 γὰρ
2745 5237 2806 5286 ἄν
2838 5233 3011 5308 αὐτον.
3048 5233 3245 5308 Hunc_
3269 5232 3472 5308 locum
3520 5232 3877 5308 sa_navimus

2268 5303 2491 5380 partim
2519 5303 2794 5380 omnium
2821 5305 3122 5380 codicum,
3141 5305 3251 5380 qui
3279 5303 3711 5380 habentwiro'v,
3738 5319 3875 5380 par:

2268 5375 2374 5451 tim
2405 5378 2698 5434 Harlmani
2719 5394 2853 5451 ope,
2883 5378 2944 5433 in
2975 5386 3116 5449 quo“
3139 5375 3354 5447 legitur
3383 5376 3441 5429 ού
3467 5378 3568 5448 γὰρ
3595 5377 3679 5432 ἄν.
3729 5375 3875 5434 Editi

2268 5447 2298 5509 ἧ
2334 5455 2432 5523 γὰρ
2469 5451 2530 5501 ἄν
2561 5447 2778 5530 0.670;..—
2833 5519 2850 5530 .
2985 5447 3032 5530 ξ.
3106 5518 3120 5530 ἴ
3445 5447 3482 5530 ,⁷
3541 5447 3548 5448 ί
3767 5519 3804 5530 Η

2337 5518 2448 5593 (62)
2490 5526 2697 5582 Πότοις.
2730 5519 2932 5577 Codex
2984 5518 3338 5593 Harlazanu-s
3393 5523 3588 5582 πότοις,
3623 5519 3872 5588 nuptia-

2265 5591 2438 5651 libus
2457 5595 2765 5660 conviviis,
2797 5593 3002 5663 sicque
3026 5591 3167 5659 legit
3196 5591 3505 5663 interpres.

2333 5666 2443 5739 (6A3)
2486 5659 2997 5739 Bapsza._l‘{onnulli
3031 5663 3269 5719 codices
3290 5659 3477 5739 βαρεῖ.
3519 5659 3706 5739 Paulo
3729 5667 3871 5734 post

2257 5736 2397 5793 editi
2417 5733 2580 5809 μένειι
2610 5735 2770 5792 Multi
2798 5733 3037 5792 codices
3065 5749 3213 5790 mss.
3241 5733 3385 5791 utin
3413 5736 3598 5792 textu.
