4146 6434
347 417 481 478 1081
1201 414 1692 476 EPISTOLARUM
1721 409 2007 473 CLASSIS
2042 410 2135 470 III.
2182 405 2403 468 EPIST.
2458 404 2866 467 CCCXXXVIII.
3582 401 3724 459 4082

342 549 436 598 καὶ
482 545 637 617 μόνον
687 540 790 596 ὑπὸ
827 548 928 595 τῶν
961 547 1065 596 σῶν
1113 540 1402 616 ὑϐρίζομαι
1446 539 1690 595 πολιτῶν.
1738 538 1815 591 Οὐ
1860 542 1962 611 μὴν

2084 537 2329 595 miniam
2359 535 2438 594 ad
2458 534 2661 609 ipsum
2684 529 3033 590 mitterent?
3056 527 3232 587 Vides
3254 541 3354 584 me
3374 542 3413 584 a
3439 524 3580 584 solis
3605 524 3721 582 tuis

343 619 507 708 ἔγωγε
550 640 644 687 τοῦ
689 631 851 706 φιλεῖν
906 636 997 686 καὶ
1064 630 1289 686 ἐπαινεῖν
1350 626 1711 691 Καππαδόκας
1751 629 1961 682 παῦσο-

2087 627 2305 684 :ivibus
2341 623 2562 697 injuria
2596 621 2774 680 afﬁci.
2802 624 3005 694 Neque
3032 623 3238 708 tamen
3263 631 3376 708 ego
3404 619 3724 708 propterea

342 705 463 798 μαιέ
526 722 633 777 ἀλλ’
690 705 919 795 εὔχομαι
989 723 1081 797 μὶν
1156 721 1349 785 αὐτοὺς
1418 719 1655 794 ἀμείνους
1720 719 1960 791 γενέσθαι

2085 716 2459 790 Sappadoees
2512 727 2719 770 amare
2768 726 2841 768 ac
2892 710 3143 767 laudare
3172 706 3471 765 desinam.
3503 705 3722 760 Verum

342 818 463 890 περὶ
520 811 628 887 ἐμὲ,
680 816 924 886 μένοντας
974 808 1035 865 δὲ
1086 811 1174 866 ἐπὶ
1229 819 1329 865 τῶν
1377 810 1549 865 αὐτῶν
1582 812 1732 864 οἴσω.
1767 814 1958 882 Φιρμῖ-

2079 804 2328 879 optarim
2356 802 2605 878 quidem
2633 800 2767 857 illos
2798 801 2859 890 in
2889 815 2987 890 me
3018 795 3351 890 ﬁsﬁliieri
3380 795 3716 867 mquiores:

345 882 433 965 νος
472 882 743 975 τῖε-μῆνας
808 903 934 975 ἡμῖν
981 904 1269 973 συνεγένετο
1322 904 1592 973 τέτταρας
1650 900 1848 970 ἡμέραν
1899 892 1959 948 δε

2082 892 2179 950 sed
2193 893 2241 949 si
2253 892 2435 949 iidem
2452 889 2918 965 permanserint,
2938 887 3127 944 feram
3137 929 3151 942 .
3175 882 3470 942 Firminus
3480 894 3719 937 menses

346 972 585 1066 ἡργησεν
636 972 915 1064 οὐδεμίαν.
980 992 1052 1045 Τὸ
1110 972 1173 1043 δί
1222 972 1606 1062 συνειλεγμένον
1635 989 1757 1040 ὅσον
1791 984 1954 1054 ἐστὶν,

2083 988 2327 1057 Ῑυοῐυοτ
2364 980 2531 1055 apud
2559 995 2673 1037 nos
2711 981 3122 1036 commoratus
3147 979 3274 1033 est:
3326 972 3489 1030 diem
3518 974 3720 1027 autem

346 1060 503 1142 αυτὸς
533 1083 674 1154 εῖσῇ,
725 1060 817 1133 καὶ
866 1082 997 1142 ἴσως
1049 1078 1109 1133 οὐ
1166 1078 1373 1153 μέμψῃ.
1415 1060 1553 1154 Πρὸς
1584 1074 1645 1131 δί
1700 1078 1760 1129 τό
1798 1072 1955 1129 πάλιν

2084 1072 2296 1129 iullam
2308 1071 2542 1128 otiosus
2554 1068 2866 1142 transegit.
2888 1069 2933 1134 Ο
2942 1070 3196 1124 uantum
3209 1067 3414 1121 autem
3427 1060 3542 1117 sibi
3560 1075 3721 1115 com-

347 1169 506 1224 αὐτὸν
545 1165 704 1244 δεῦρο
754 1165 1047 1229 δυνηθῆναι
1098 1167 1280 1236 ἐλθεῖν,
1332 1172 1450 1222 τίνα
1494 1170 1604 1240 χρὴ
1636 1183 1955 1240 προσπαρα-

2085 1161 2386 1233 )araverit,
2419 1160 2548 1234 ipse
2573 1173 2928 1230 cognosces,
2951 1160 3010 1214 et
3037 1155 3291 1212 fortasse
3312 1166 3434 1208 non
3461 1163 3722 1247 conque-

346 1259 519 1313 καλεῖν
570 1238 898 1332 σύμμαχον;
958 1261 1114 1334 Εἴπερ
1171 1260 1274 1332 γὰρ
1328 1254 1383 1311 εὖ
1431 1238 1708 1332 φρονοῦσιν
1737 1256 1787 1308 οἱ
1827 1238 1953 1328 βου-

2079 1250 2229 1307 reris.
2282 1252 2407 1306 Huc
2459 1252 2664 1306 autem
2719 1251 2786 1304 ut
2827 1246 2958 1319 ipse
2998 1245 3218 1302 iterum
3255 1238 3460 1298 venire
3507 1238 3716 1311 possit,

345 1348 573 1413 λεύοντες
613 1328 728 1420 (64)
755 1328 988 1425 -ζπρέποι
1038 1328 1095 1402 δ”
1245 1328 1546 1423 ⁷ὄινθριιιὶποις
1594 1340 1954 1417 πεπαιδευμέ-

2080 1340 2315 1414 [uiuam
2345 1338 2590 1411 adjutor
2624 1335 3023 1394 advocandus
3042 1334 3070 1390 ?
3095 1332 3413 1390 Enimvero
3464 1328 3517 1383 si
3559 1328 3717 1425 recte

348 1438 500 1509 νοις),
575 1413 869 1511 τιμήσουσῙι
926 1436 1042 1509 (65)
1106 1442 1212 1499 τοῖς
1261 1413 1548 1513 δευτέροις,
1602 1431 1785 1492 ἐπειδὴ
1846 1413 1953 1493 τοῖς

2082 1413 2240 1485 ientit
2262 1426 2432 1484 curia
2471 1426 2613 1498 (hoc
2642 1428 2846 1483 autem
2876 1421 3145 1481 decuerit
3196 1418 3479 1479 homines
3524 1413 3719 1513 erudi-

348 1532 576 1602 πρώτοις
596 1527 881 1587 ἐλύπησαν.

2080 1525 2201 1589 ;os),
2230 1514 2556 1573 honorabit
2600 1531 2698 1572 me
2725 1511 3194 1589 posterioribus:
3216 1502 3717 1583 quandoquidem

2062 1605 2366 1680 prioribus
2390 1604 2627 1663 tristitia
2655 1604 2872 1662 atfecit.

883 1717 1169 1773 ΕΠΙΣΤΟΛ
1181 1723 1222 1770 Η
1260 1714 1427 1773 ΤΛΖ’.
2482 1714 2520 1770 Ε

2482 1711 2828 1771 EPISTOLA
2870 1706 3297 1769 CCCXXXVII‘.

350 1824 558 1880 Alium
582 1822 987 1895 Cappadocem
1018 1823 1201 1880 mittit
1228 1823 1481 1880 Libanio
1507 1821 2199 1896 Βαδίζίιιελραεεῃῂιίωη
2218 1821 2715 1896 suum’appellat,
2742 1826 2948 1896 utpote
2974 1820 3039 1875 in
3077 1833 3147 1875 ea
3174 1814 3471 1896 dignitate
3504 1809 3722 1896 constif

425 1901 611 1961 tutus,
630 1887 762 1967 ιίιῖεε
786 1897 983 1966 ipsum
1015 1899 1277 1951 omnium
1304 1900 1539 1965 patrem
1571 1887 1891 1965 efﬁciebat.
1924 1887 2108 1952 Hunc
2139 1887 2546 1952 comitabatur
2574 1887 2733 1951 alius
2757 1887 3122 1961 adolescens,
3147 1887 3366 1945 nobilis
3409 1890 3464 1944 et
3495 1887 3622 1955 ipse
3648 1894 3722 1938 ac

423 1966 1054 2037 Basilii’necessarius,
1084 1966 1188 2023 sed
1216 1981 1336 2023 non
1359 1966 1542 2023 dives.

866 2055 1135 2118 Βασίλειος
1175 2054 1430 2127 Λιϐανίῳ.
1981 2057 2022 2111 Β

1981 2057 2022 2111 Β
2599 2054 2870 2112 Basilius
2906 2051 3180 2110 Libanio.

427 2141 568 2199 Ἰδού
608 2162 691 2198 σοι
746 2147 837 2198 καὶ
882 2144 1052 2219 ἔτερος
1104 2146 1220 2204 ἡκει
1274 2139 1661 2215 Καππαδόκης,
1691 2144 1802 2207 υἱός
1833 2142 1954 2217 ἕμὸς

2134 2147 2283 2202 Ecce
2311 2144 2417 2201 tibi
2447 2147 2505 2203 et
2533 2144 2686 2202 alius
2711 2143 2874 2201 venit
2905 2141 3256 2215 Cappadox,
3296 2151 3472 2194 meus
3508 2139 3565 2191 et
3588 2134 3719 2207 ipse

360 2233 644 2298 καὶαύτός·
683 2235 880 2297 πάντας
922 2234 1025 2308 γὰρ
1064 2235 1190 2308 ἡμῖν
1238 2234 1461 2288 εἰσποιεῖ
1485 2234 1599 2305 (66)
1653 2236 1713 2286 τὸ
1763 2242 1957 2307 σχῆμα

2081 2234 2258 2300 ilius;
2285 2249 2499 2291 omnes
2527 2235 2690 2291 enim
2710 2232 2891 2289 nobis
2921 2231 3173 2304 adoptat
3222 2226 3483 2298 dignitas
3512 2223 3613 2281 illa
3656 2222 3718 2279 in

359 2330 530 2390 τοῦτο,
562 2321 610 2377 ἐν
641 2325 680 2397 ᾧ
709 2331 799 2377 νῦν
845 2322 1018 2397 ἐσμεν.
1066 2323 1227 2377 Ὧστε
1255 2324 1392 2377 κατά
1439 2343 1499 2395 γε
1535 2330 1689 2376 τοῦτο
1738 2319 1958 2396 ἀδελφός
1988 2327 1996 2347 ¹

2083 2338 2192 2397 rua
2218 2337 2382 2379 nunc
2406 2338 2640 2379 sumus.
2683 2320 3093 2388 Quamobrem
3113 2318 3231 2374 hoc
3268 2314 3514 2373 nomine
3538 2311 3720 2370 frater

358 2412 418 2465 ἂν
501 2416 578 2472 εἴη
666 2420 760 2467 τοῦ
804 2412 1174 2488 προλαϐόντος,
1220 2418 1311 2467 καὶ
1356 2420 1453 2476 τῆς
1503 2413 1665 2476 αὐτῆς
1721 2409 1961 2475 σπουδῆς

2082 2413 2148 2469 sit
2197 2411 2355 2470 illius
2410 2412 2518 2486 qui
2549 2413 2715 2486 prius
2770 2411 2847 2469 ad
2897 2415 2952 2467 te
2981 2408 3166 2477 venit,
3214 2410 3273 2464 et
3314 2420 3459 2463 cura
3504 2401 3719 2460 eadem

358 2502 519 2571 ἄξιος,
553 2501 668 2576 ἐμοί
696 2522 750 2557 τε
782 2509 855 2574 τῷ
884 2508 1047 2577 πατρὶ
1092 2507 1182 2557 καὶ
1214 2508 1298 2557 σοὶ
1326 2510 1399 2574 τῷ
1449 2498 1782 2575 διδασκάλῳο
1823 2506 1958 2578 εἴπερ

2084 2501 2312 2573 iignus,
2342 2505 2469 2560 tam
2489 2501 2637 2560 mihi
2678 2500 2856 2575 patri,
2885 2515 3073 2574 quam
3102 2496 3210 2555 tibi
3254 2491 3647 2570 praeceptori;
3672 2489 3721 2546 si

357 2612 411 2645 τι
467 2592 596 2654 ὅλως
640 2590 790 2644 πλέον
838 2588 1060 2645 δυνατόν
1124 2595 1266 2664 ἔχειν
1312 2593 1425 2665 (67)
1477 2596 1595 2653 τοὺς
1649 2593 1770 2665 παρ’
1815 2593 1961 2664 ἡμῶν

2082 2590 2198 2647 fieri
2247 2590 2498 2648 omnino
2528 2595 2744 2665 potest,
2769 2595 2837 2648 ut
2878 2589 3108 2664 aliquid
3141 2585 3403 2660 amplius
3430 2582 3719 2651 habeant,

359 2680 694 2754 ἐρχομενους.
746 2680 909 2733 Τοῦτο
950 2676 1009 2732 δὲ
1060 2679 1211 2751 λέγω,
1271 2680 1378 2751 οὐχ
1424 2683 1490 2741 ὡς
1516 2681 1611 2733 οὐκ
1650 2680 1710 2732 ἂν
1738 2687 1830 2741 τῆς
1862 2687 1963 2740 σῆς

2084 2680 2174 2753 {ui
2194 2695 2233 2737 a
2268 2679 2447 2737 nobis
2478 2680 2745 2737 veniunt.
2776 2682 2897 2736 Hoc
2943 2683 3147 2737 autem
3177 2675 3335 2741 dico,
3388 2688 3516 2730 non
3552 2668 3721 2745 quod

360 2767 663 2839 λογιότητος
726 2765 899 2818 πλεῖόν
972 2786 1025 2819 τι
1098 2773 1210 2828 τοῖς
1276 2766 1518 2828 παλαιοῖς
1588 2775 1687 2820 τῶν
1748 2767 1959 2840 ἑταίρων

2083 2767 2355 2825 Facundia
2386 2774 2490 2826 tua
2540 2782 2664 2825 non
2705 2767 2843 2842 plus
2888 2766 3117 2840 aliquid
3156 2764 3367 2823 amicis
3419 2760 3720 2819 veteribus

356 2855 735 2928 χαριζομένης,
798 2853 909 2907 ἀλλ’
969 2855 1039 2915 ὡς
1092 2853 1317 2927 ἀφθόνου
1370 2861 1503 2908 πᾶσι
1565 2863 1658 2917 τῆς
1720 2854 1959 2927 ὠφελείας

2083 2857 2325 2927 ribuat;
2348 2857 2458 2914 sed
2503 2857 2672 2932 quod
2714 2857 3023 2915 uberrima
3052 2854 3275 2911 utilitas
3302 2857 3411 2909 tua
3433 2848 3720 2907 omnibus

358 2963 452 2997 σου
504 2948 866 3019 προκειμένης.
932 2944 1149 3018 ’Λρκοῦν
1213 2940 1264 2997 δ’
1330 2943 1393 2996 ἂν
1447 2947 1524 3002 εἴη
1573 2951 1647 3016 τῷ
1685 2949 1956 3019 νεανίσκῳ,

2088 2948 2382 3019 ποροεὶῐο.
2426 2947 2523 3006 sit.
2570 2947 2723 3005 Satis
2773 2950 2978 3004 autem
3024 2944 3201 3001 fuerit
3251 2939 3641 3009 adolescenti,
3675 2937 3725 2993 si

351 3034 453 3109 πρὸ
496 3041 586 3094 τῆς
637 3031 694 3085 ἐκ
733 3040 826 3086 τοῦ
863 3036 1062 3107 χρόνον
1106 3039 1304 3109 πείρας,
1356 3036 1408 3087 ἓν
1457 3042 1568 3097 τοῖς
1623 3034 1834 3095 οἰκείοις
1882 3055 1960 3090 τε·

2086 3040 2205 3094 inte
2227 3037 2517 3110 temporis
2562 3036 3043 3111 experimentum
3071 3036 3223 3091 inter
3248 3030 3569 3090 familiares
3610 3025 3723 3083 col-

347 3124 571 3195 τάχθαν
601 3122 656 3174 ὃν
705 3122 1043 3197 ἀποπέμψαιο
1090 3124 1238 3197 ἡμῖν,
1283 3124 1429 3187 ἄξιον
1466 3132 1566 3176 τῶν
1595 3143 1650 3178 τε
1698 3125 1960 3200 ἡμετέρων

2091 3130 2331 3183 ocetur:
2361 3142 2547 3200 quem
2577 3125 2659 3184 ad
2702 3141 2815 3183 nos
2848 3124 3117 3182 remittas
3140 3122 3339 3190 velim,
3380 3119 3637 3190 dignum
3666 3117 3724 3172 et

348 3212 520 3284 εὐχῶν
549 3216 760 3273 καὶτῆς
802 3220 999 3266 σαυτοῦ
1044 3210 1225 3281 δόξης,
1274 3213 1336 3273 ἡν
1382 3216 1525 3286 ἑχεις
1559 3212 1609 3266 ἐν
1635 3222 1741 3275 τοῖς
1759 3185 1957 3288 λόγοιςο

2087 3216 2288 3273 iostris
2315 3185 2486 3285 vo‘tis,
2503 3222 2560 3273 et
2584 3215 2777 3289 gloria
2794 3215 2910 3272 ista
2923 3218 3046 3282 tua,
3069 3228 3258 3287 quam
3288 3227 3352 3268 es
3377 3205 3724 3281 eloquentia

350 3300 636 3374 Ἐπάγεται
693 3298 753 3355 δὲ
799 3305 887 3355 καὶ
939 3302 1223 3362 ἡλικιώτην
1270 3307 1362 3363 τὴν
1412 3304 1533 3362 ἴσην
1592 3305 1785 3377 ἔχοντα
1839 3310 1959 3379 περὶ

2083 3310 2447 3365 :onsecutus.
2463 3307 2633 3364 Ducit
2651 3310 2855 3365 autem
2878 3320 3084 3362 secum
3102 3306 3159 3360 et
3181 3304 3578 3365 coaetaneum,
3593 3294 3720 3369 pari

347 3393 476 3452 τοὺς
530 3393 714 3462 λόγους
772 3387 1037 3454 σπουδὴν,
1106 3388 1428 3467 εὐπατρίδην
1487 3395 1581 3444 καὶ
1644 3392 1800 3445 αὐτὸν
1865 3398 1957 3446 καὶ

2086 3395 2395 3453 itterarum
2426 3395 2625 3453 studio
2658 3395 3005 3469 praeditum,
3040 3393 3316 3467 etipsum
3354 3402 3602 3463 quoque
3649 3400 3723 3441 ex

349 3480 475 3552 ἡμῖν
528 3478 735 3532 οἰκεῖον·
773 3478 827 3532 ὃν
871 3476 1024 3533 οὐδὲν
1062 3480 1272 3535 ἔλαττον
1310 3480 1437 3544 ἕξειν
1474 3483 1806 3555 πιστεύομεν,
1858 3482 1956 3536 κᾶν

2081 3484 2253 3542 1obili
2286 3484 2517 3542 familia
2534 3489 2927 3560 prognatum,
2957 3482 3255 3556 nobisque
3278 3475 3718 3537 necessarium:

348 3567 590 3622 πλεῖστον
618 3576 719 3622 τῶν
745 3568 909 3622 ἄλλων
947 3576 1060 3632 τοῖς
1108 3574 1389 3647 χρήμασιν
1421 3569 1774 3628 ἀπολείποιτο.

2084 3588 2247 3647 [uem
2270 3574 2439 3633 nulla
2457 3574 2881 3633 reinferiorem
2907 3572 3033 3632 fore
3054 3570 3458 3638 conﬁdimus;
3482 3563 3721 3664 etiamsi

2064 3661 2399 3735 plurimum
2433 3664 2511 3722 ab
2529 3664 2663 3721 aliis
2694 3664 2956 3737 pecunia
2987 3665 3329 3735 superetur.

879 3754 1220 3804 ΕΠΙΣΤΟΛΗ
1259 3749 1433 3807 ΤΛΗ’.
2482 3757 2516 3810 Ε

2482 3756 2821 3812 EPISTOLA
2851 3751 3301 3811 CCCXXXVIll“.

348 3835 585 3917 Gratias
610 3837 738 3908 agit
763 3836 1052 3917 Libanius
1074 3839 1241 3917 guod
1264 3839 1645 3910 Cappadoces
1673 3839 1755 3898 ad
1782 3855 1843 3898 se
1868 3840 2071 3901 mittat
2106 3843 2397 3917 Basilius.
2420 3843 2661 3917 Narrat
2690 3858 2750 3899 se
2766 3841 3229 3917 le‘cta_priv_atim
3269 3838 3447 3917 illius
3464 3834 3721 3917 epistola

415 3909 638 3985 victum
664 3925 725 3965 se
752 3910 829 3985 ao
848 3925 914 3966 eo
935 3907 1280 3985 confessum
1304 3907 1444 3985 esse,
1476 3918 1531 3969 et
1556 3927 1689 3968 cum
1708 3918 1918 3985 postea
1940 3914 2207 3971 eamdem
2238 3915 2503 3985 Alypius
2534 3929 2737 3971 coram
2762 3907 3040 3985 pluribus
3061 3911 3369 3985 honoratis
3384 3909 3529 3985 viris
3549 3907 3721 3985 legis:

412 3984 521 4045 sel,
557 3995 760 4037 omnes
806 3978 1329 4058 Basiliopalmam
1364 3978 1684 4058 detulisse.
1709 3978 2008 4042 ‘Declarat
2043 4001 2108 4043 se
2134 4001 2256 4042 non
2304 3978 2524 4042 curare
2562 3978 3005 4058 quam'divites
3035 3984 3155 4039 sint
3193 3981 3499 4050 discipuli,
3535 3978 3638 4035 sed
3666 3980 3719 4033 et

413 4064 649 4121 egenos,
680 4052 854 4109 modo
883 4054 1142 4109 studiosi
1160 4055 1303 4122 sint,
1337 4054 1625 4112 divitibus
1655 4060 2040 4126 antepenore.
2570 4052 2589 4058 ⁷
3366 4088 3367 4091 η

862 4140 1111 4205 Λιϐάνιος
1144 4141 1419 4216 Βασιλείῳ.
1984 4152 2029 4207 D

1984 4152 2029 4207 D
2600 4145 2889 4203 Libanius
2942 4145 3183 4202 Basilio.

407 4225 568 4291 Οἶδα,
627 4230 708 4282 ὅτι
758 4229 1007 4293 πολλάκις
1063 4239 1218 4285 τοῦτο
1273 4232 1518 4306 γράψεις,
1569 4235 1649 4299 τό,
1695 4228 1837 4286 ’ἰδού
1869 4252 1956 4296 σοι

2141 4234 2273 4294 Scio
2305 4238 2360 4293 te
2380 4236 2498 4292 hoc
2521 4235 2732 4293 crebro
2757 4235 3162 4309 scripturum:
3199 4236 3347 4290 Ecce
3368 4230 3543 4289 tibiet
3567 4227 3722 4287 alius

298 4321 425 4370 ’καὶ
468 4317 637 4394 ἔτερος
697 4321 812 4378 ἡκει
876 4318 1258 4383 Καππαδόκης.
1328 4321 1555 4383 Πολλοὺς
1597 4324 1720 4398 γὰρ,
1784 4319 1931 4395 οἶμαι

2085 4324 2227 4381 renit
2254 4324 2611 4397 Cappadox.
2637 4324 2844 4381 Multos
2888 4339 3178 4396 namque,
3223 4325 3394 4394 puto,
3425 4320 3722 4376 missurus

331 4406 576 4479 πέμψας’
633 4406 713 4461 ἀεὶ
770 4411 862 4481 μὶν
911 4414 1003 4462 καὶ
1045 4418 1324 4484 πανταχοῦ
1354 4418 1462 4473 τοῖς
1519 4410 1797 4485 ἐγκωμίοις
1844 4419 1956 4477 τοῖς

2082 4428 2165 4483 es;
2198 4429 2439 4488 semper
2462 4416 2522 4471 et
2546 4414 2776 4488 ubique
2804 4429 2904 4471 me
2927 4413 3214 4471 laudibus
3235 4412 3512 4481 efferens,
3539 4412 3719 4480 atque

332 4494 451 4547 κατ’
503 4494 628 4570 ἐμοῦ
676 4503 963 4573 χρώμενος,
1020 4503 1192 4572 τούτῳ
1242 4497 1302 4553 δὲ
1352 4501 1493 4572 αὐτῷ
1565 4505 1656 4554 καὶ
1729 4506 1955 4579 πατέρας

2081 4504 2326 4577 nocipso
2345 4507 2402 4560 et
2416 4510 2613 4577 patres
2626 4509 2682 4561 et
2701 4520 2925 4576 pueros
2946 4518 3306 4578 provocans.
3338 4497 3568 4573 Atquid
3582 4511 3718 4554 eve-

332 4590 489 4636 κινῶν
527 4590 619 4638 καὶ
658 4583 878 4650 παῖδας.
928 4587 1066 4642 Ἀλλ’
1115 4590 1142 4641 ὅ
1191 4608 1249 4661 γε
1295 4587 1490 4661 ἐγένετο
1538 4595 1657 4664 περὶ
1702 4594 1797 4650 τὴν
1839 4591 1953 4644 ἐπι-

2080 4591 2151 4648 nit
2180 4591 2241 4647 in
2262 4591 2580 4665 epistolam
2625 4597 2796 4649 tuam
2844 4591 3184 4665 pulchram,
3225 4605 3351 4647 non
3393 4586 3717 4661 pulchrum

337 4672 527 4732 στολήν
576 4694 672 4728 σου
725 4679 819 4734 τὴν
872 4676 1054 4749 καλὴν,
1116 4677 1174 4731 οὐ
1226 4677 1384 4731 καλὸν
1444 4687 1740 4738 σιωπῆσαι.
1811 4686 1954 4756 Παρ-

2080 4679 2240 4737 Fuerit
2259 4680 2495 4737 silentio
2517 4681 2843 4755 praeterire.
2875 4681 3238 4737 Assidebant
3265 4678 3412 4736 mihi
3432 4693 3507 4734 ex
3525 4676 3717 4733 hono-

334 4765 586 4823 εκάθηντό
629 4785 722 4839 μοι
764 4774 866 4819 τῶν
914 4765 964 4819 ἓν
1018 4766 1163 4843 ἀρχῇ
1210 4772 1559 4841 γεγενημένων
1602 4768 1749 4821 ἄλλοι
1777 4789 1830 4823 τε
1861 4770 1955 4823 οὐκ

2080 4769 2228 4840 ratis,
2260 4785 2400 4826 cum
2426 4769 2525 4827 alii
2551 4785 2676 4827 non
2708 4770 2906 4844 pauci,
2933 4773 3060 4827 tum
3081 4769 3261 4838 longe
3286 4766 3555 4839 optimus
3582 4763 3717 4836 Aly-

335 4853 523 4927 όλίγοι,
579 4860 669 4909 καὶ
726 4857 752 4909 ὁ
813 4858 986 4910 πάντα
1049 4858 1271 4934 ἄριστος
1334 4857 1586 4921 Ἀλόπιος
1644 4858 1954 4934 Ἱεροκλέους

2079 4858 2202 4932 pius
2232 4859 2514 4916 Hieroclis
2543 4858 2701 4916 illius
2733 4858 3154 4917 consobrinus.
3189 4860 3262 4914 Ut
3304 4870 3448 4928 ergo
3496 4854 3716 4928 episto-

334 4942 542 5015 ἀνεψιὸς
588 4942 804 5001 ἐκείνου.
871 4944 960 5007 Ὠς
1028 4953 1117 4999 οῦν
1175 4944 1368 5001 ἔδοσαν
1435 4948 1485 5001 οἱ
1560 4950 1793 5023 φέροντες
1855 4940 1950 5010 τὴν

2079 4964 2186 5005 ηοω
2215 4948 2625 5016 reddiderunt,
2651 4948 2759 5023 qui
2788 4948 3145 5017 attulerant;
3175 4946 3410 5005 silentio
3440 4948 3561 5005 tota
3582 4958 3716 5018 per-

331 5031 631 5105 ἐπιστολὴν,
668 5041 792 5107 σιγῇ
841 5031 937 5088 διὰ
990 5036 1172 5099 πάσης
1210 5035 1390 5105 ἐλθὼν,
1419 5038 1765 5110 Νενικήμεθα,
1801 5039 1946 5112 ἔφην,

2076 5041 2232 5105 ecta,
2265 5037 2473 5094 ridens
2499 5037 2676 5095 simul
2707 5041 2763 5094 et
2792 5037 3065 5108 gaudens
3091 5037 3252 5094 dixi:
3287 5035 3434 5093 Victi
3478 5049 3713 5090 sumus.

330 5119 551 5196 μειδιῶν
578 5141 632 5177 τε
661 5123 773 5197 ἅμα
818 5128 906 5177 καὶ
953 5130 1180 5201 χαίρων.
1243 5130 1346 5179 Καὶ
1405 5130 1523 5179 τίνα
1564 5129 1628 5179 σὺ
1674 5131 1948 5190 νενίκησαι

2084 5126 2517 5197 nterrogabant
2542 5132 2746 5184 autem
2786 5126 2898 5183 illi:
2934 5129 3064 5194 Qua
3109 5126 3301 5183 victus
3331 5141 3396 5182 es
3424 5124 3718 5182 victoria?

331 5215 519 5283 νίκηνς
574 5210 781 5285 ἡροντο·
834 5216 921 5266 καὶ
984 5221 1097 5278 πῶς
1174 5212 1269 5267 οῦκ
1342 5212 1516 5287 ἀλγεῖς
1571 5219 1942 5289 νενικημένοῆ

2076 5217 2437 5290 :tquomodo
2458 5216 2649 5273 victus
2661 5230 2784 5274 non
2815 5215 3240 5274 doles?Victus
3268 5231 3424 5284 sum,
3455 5213 3713 5279 aiebam,

408 5371 521 5498 $64)
560 5371 912 5437 Βουλεύοντες.
964 5373 1120 5432 Harl.
1183 5373 1485 5448 βουλευταί.
1530 5375 1757 5433 Ibidem
1792 5392 1942 5435 non-

408 5460 417 5498 ι
442 5443 481 5498 li
511 5444 774 5498 codices.
806 5450 1010 5498 πρέπει.

2126 5378 2237 5450 (67)
2275 5377 2445 5438 Ὀλως
2486 5375 2635 5431 πλέον
2699 5374 2919 5430 δυνατόν
2978 5380 3142 5451 ἔχειν.
3208 5377 3300 5434 Sic
3355 5379 3474 5432 tres
3542 5375 3711 5429 vetu-

2074 5449 2294 5498 itissimi
2325 5448 2581 5498 codices-
2607 5452 2744 5498 Tres
2771 5448 2881 5498 alii.
2898 5449 3047 5498 πλέον
3096 5446 3317 5498 δυνατὸν
3363 5449 3524 5498 ἔγειν.
3558 5443 3709 5498 Editi

335 5443 495 5521 nulli
507 5444 774 5521 codices,
806 5450 1010 5521 πρέπει.
1183 5443 1194 5448 ’
1289 5517 1305 5521 _
1594 5518 1603 5521 _
1641 5519 1655 5521 _

2071 5443 2297 5505 :ti'ssi'mi
2325 5448 2581 5521 codices.
2607 5452 2744 5521 Tres
2771 5448 2882 5505 alii.
2898 5443 3047 5503 πλέὸν
3096 5446 3524 5521 δυνατὸνλὲχειν.
3558 5443 3708 5521 Editi

408 5517 521 5587 (65)
555 5517 879 5596 Ttpniaouai.
908 5520 1047 5596 Reg,
1081 5517 1385 5596 secundus
1411 5522 1468 5576 et
1506 5518 1680 5577 Coisl.
1732 5536 1944 5577 secun-

2069 5523 2193 5596 εἴπερ
2222 5540 2275 5596 τι
2299 5520 2449 5596 πλέον
2479 5523 2618 5596 ἔχειν
2676 5518 2921 5596 δυνατόν.
2949 5524 3078 5579 Mox
3108 5520 3252 5578 editi
3296 5517 3445 5573 πλέον
3472 5536 3544 5572 τι.
3568 5519 3706 5573 Tres

339 5582 457 5661 dus
485 5582 777 5661 τιμήσουσί
807 5607 890 5661 με.
932 5582 1042 5647 Alli
1061 5589 1339 5647 nonnulli
1377 5596 1664 5659 τιμήσουσί
1696 5611 1774 5648 σε.

1458 5596 1664 5650 ιήσουσί
1696 5611 1774 5648 σε.
2051 5582 2443 5650 vetustissimi
2464 5582 2705 5650 codices
2726 5597 2790 5650 ut
2823 5593 2887 5649 in
2914 5598 3095 5651 textu.

413 5658 713 5736 (66)”.Ἠμῑν
763 5658 1005 5719 εἰσποιεῖ.
1055 5660 1232 5721 Coisl.
1278 5658 1513 5736 primus
1559 5668 1616 5721 et
1651 5662 1781 5721 Med
1826 5663 1936 5723 ha-

932 5668 1005 5719 ιεῑ.
1055 5660 1232 5721 Coisl.
1278 5658 1513 5736 primus
1559 5668 1616 5721 et
1651 5662 1781 5721 Med
1826 5663 1936 5723 ha-
2124 5662 2326 5736 fAlias
2350 5665 2569 5720 CXLIV.

339 5727 514 5801 bent,
534 5727 693 5804 ἡμᾶς.
1280 5727 1301 5736 ·
1442 5816 1443 5819 γ

1280 5727 1301 5736 ’
1442 5816 1443 5819 η
2123 5734 2168 5760 "
2196 5734 2359 5793 Alias
2383 5735 2577 5793 CXLV.
