4146 6412
239 282 383 340 1089

1190 273 1677 335 EPISTOLARUI
1714 271 2003 332 CLASSIS
2041 272 2142 331 III.
2188 272 2407 334 EPIST.
2446 274 2732 333 CCCLXV.

3475 282 3615 340 1090

239 409 570 480 κεκτημένος,
600 404 715 460 εἶτα
749 410 930 477 σιγῶν,
963 398 1181 462 εὔδηλον
1219 404 1287 465 ὡς
1318 400 1584 478 ὑπεροψίᾳ
1638 401 1669 459 ἢ
1708 399 1842 473 λήθῃ

1966 402 2163 458 autem
2185 397 2291 473 qui
2313 398 2604 472 possidet,
2626 404 2685 458 et
2717 402 2921 458 tamen
2950 401 3101 471 silet,
3119 403 3499 478 perspicuum
3524 409 3618 465 est

240 504 399 551 τοῦτο
428 501 583 551 ποιεῖ,
618 494 750 567 Ἐγὼ
781 490 841 547 δέ
864 513 959 547 σου
997 497 1092 553 τήν
1143 495 1346 551 σιωπήν
1397 488 1689 564 ἀμείψομαι
1717 508 1842 562 προ-

244 593 464 661 σρήσει.
495 592 657 658 Χαῖρε
677 588 868 653 τοίνυν,
901 588 1204 656 τιμιώτατε,
1226 586 1316 635 καὶ
1340 582 1507 656 γράφε
1537 580 1581 634 εἰ
1611 578 1843 654 βούλοιο·

240 681 339 731 καὶ
367 679 437 750 μή
469 677 653 749 γράφε,
679 674 723 728 εἰ
748 680 903 727 τοῦτο
933 691 1019 726 σοι
1046 670 1345 747 προσφιλές.

774 893 1111 945 ΕΠΙΣΤΟΛΗ
1148 884 1323 944 ΤΜΕ.

1955 504 2095 547 eum
2124 492 2229 547 aut
2259 504 2332 545 ex
2361 493 2713 563 contemptu
2743 495 2848 548 aut
2877 508 2951 549 ex
2976 491 3278 551 oblivione
3302 494 3419 551 hoc
3452 496 3613 553 face-

1954 594 2039 636 re.
2062 581 2184 650 Ego
2205 583 2407 636 autem
2431 579 2663 637 silentio
2685 584 2787 638 tuo
2810 580 3239 640 salutationem
3255 588 3609 657 rependam.

1959 667 2131 726 Salve
2162 668 2383 740 itaque,
2412 668 2503 724 vir
2529 668 2826 741 imprimis
2872 670 3142 740 colende,
3202 677 3259 730 et
3311 673 3505 731 scribe
3563 674 3614 733 si

1956 756 2249 816 volueris:
2283 762 2340 815 et
2367 773 2443 815 ne
2473 758 2727 831 scribas,
2756 759 2820 816 id
2850 760 2900 817 si
2930 761 3037 817 tibi
3067 760 3149 819 ita
3178 762 3489 836 placuerit.

2439 885 2779 943 EPISTULA
2818 886 3124 944 CCCXLV'.

240 1018 432 1075 Nunc
454 1017 725 1088 primum
750 1016 1036 1073 Libanius
1066 1015 1269 1072 scribit
1299 1010 1830 1071 Basilio.Meminit
1855 1024 1918 1067 se
1936 1009 2078 1065 olim
2102 1009 2273 1066 illius
2311 1009 2545 1081 eloquio
2571 1009 2750 1067 valde
2785 1010 3277 1083 delectatum,sed
3288 1018 3485 1071 tamen
3499 1015 3610 1072 ali-

239 1106 491 1180 quando
502 1107 794 1179 injuriam
824 1105 900 1163 ab
920 1120 985 1163 eo
1007 1104 1320 1176 accepisse,
1341 1101 1501 1176 quod
1516 1101 1657 1159 sein
1679 1098 2053 1171 profundum
2065 1098 2373 1155 Homerici
2378 1098 2613 1168 furoris
2634 1105 2883 1171 rogatus
2904 1101 3288 1161 introducere
3305 1103 3613 1162 noluisset.

760 1228 1010 1292 At6dvto;
1050 1227 1298 1301 Βασιλείῳ
1311 1269 1325 1284 .

322 1354 526 1410 Μᾶλλον
555 1356 637 1409 ὅτι
665 1358 737 1429 μή
791 1354 954 1410 πάλαι
994 1372 1079 1408 σοι
1133 1355 1348 1428 γράφειν
1391 1351 1653 1426 ἠρξάμην,
1705 1346 1852 1421 οἶμαι

245 1465 343 1520 μοι
400 1441 509 1498 δεῖν
571 1443 875 1516 ἀπολογίας,
924 1445 955 1505 ᾗ
1015 1450 1103 1496 νῦν
1158 1446 1545 1517 παραιτήσεως,
1602 1440 1684 1492 ὅτι
1729 1443 1852 1489 τοῦ·

243 1556 306 1589 το
340 1535 452 1608 (90)
478 1542 643 1588 ποιεῖν
669 1533 932 1608 ἠρξάμην,
964 1532 1097 1605 Ἐγὼ
1127 1534 1229 1608 γὰρ
1261 1530 1465 1603 ἐκεῖνος,
1499 1530 1526 1581 ό
1559 1529 1849 1604 προσθέων,

246 1626 405 1679 ὁπότε
461 1628 693 1698 φανείης,
746 1628 838 1677 καὶ
883 1625 953 1685 ὡς
1003 1619 1206 1681 ἣδιστα
1247 1622 1459 1692 ὑπέχων
1497 1620 1565 1671 τὰ
1616 1614 1725 1671 ὦτα
1776 1623 1848 1687 τῷ

2496 1222 2785 1281 Libanius
2822 1224 3073 1282 Basilio.

2032 1344 2217 1415 Magis
2244 1343 2502 1402 arbitror
2530 1346 2680 1403 mihi
2698 1363 2854 1421 opus
2883 1364 3012 1404 esse
3032 1350 3615 1425 excusationc,quod

1959 1448 2084 1489 non
2104 1434 2249 1490 olim
2272 1434 2352 1490 ad
2372 1440 2429 1491 te
2452 1435 2709 1492 scribere
2730 1435 3095 1509 incccperim,
3111 1456 3297 1512 quam
3324 1457 3486 1497 nunc
3514 1457 3611 1497 re-

1959 1523 2289 1594 cusatione,
2321 1524 2488 1598 quod
2510 1525 2767 1582 scribere
2811 1526 3115 1599 incipiam.
3175 1533 3294 1599 Ego
3323 1531 3484 1587 enim
3516 1531 3613 1589 ille

1960 1614 2229 1685 sum,qui
2249 1614 2665 1685 accurrebam,
2682 1614 2863 1688 458
2884 1616 3121 1689 quoties
3141 1618 3202 1673 in
3225 1625 3615 1692 conspectum

244 1715 471 1790 ῥεύματι
537 1721 632 1776 τῆς
690 1712 943 1785 γλώττης,
985 1715 1075 1765 καὶ
1136 1710 1368 1783 λέγοντος
1433 1708 1845 1799 εὐφραινόμενος,

1966 1702 2252 1774 prodires,
2274 1708 2331 1760 et
2352 1720 2539 1776 quam
2564 1705 2914 1761 suavissime
2934 1722 3112 1762 aures
3132 1708 3484 1780 praebebam
3504 1709 3616 1765 lin-

245 1809 340 1857 καὶ
399 1803 549 1877 μόλις
606 1801 1075 1875 ἀπαλλαττόμενος,
1114 1806 1205 1854 καὶ
1270 1802 1402 1875 πρὸς
1456 1802 1578 1860 τοὺς
1616 1796 1849 1871 ἑταίρους

244 1893 425 1967 λέγων,
469 1896 537 1956 ὡς
578 1893 745 1955 Οὗτος
802 1891 929 1969 ἀνήρ
986 1893 1221 1963 τοσούτῳ
1277 1888 1499 1941 καλλίων
1556 1894 1657 1939 τῶν
1696 1884 1850 1957 Ἀχε-

243 1982 381 2054 λῴου
423 1985 737 2056 θυγατέρων,
778 1984 886 2054 ὅσῳ
940 1980 1106 2053 θέλγει
1161 1982 1252 2053 μῖεν
1306 1980 1439 2051 ᾗπερ
1496 1976 1606 2049 (91)
1639 1977 1847 2043 ἓκεῐναι,

248 2071 473 2145 βλάπτει
512 2068 571 2125 δε
629 2072 735 2144 ούχ
782 2072 957 2143 ὧσπερ
1015 2068 1229 2123 ἐκεῖναι.
1285 2072 1387 2121 Καὶ
1442 2070 1628 2139 μικρόν
1683 2082 1744 2135 γε
1790 2066 1849 2116 τὸ

247 2166 320 2234 μὴ
384 2159 631 2234 βλάπτειν
664 2182 678 2196 ο
719 2159 829 2214 ἀλλ’
880 2162 964 2213 ότι
1017 2161 1085 2213 τὰ
1146 2154 1304 2212 τοῦδε
1358 2155 1486 2230 μέλη
1553 2151 1740 2230 κέδρος
1776 2158 1850 2223 τῷ

251 2247 538 2324 δεξαμένῳ.
586 2254 684 2305 Τὸν
723 2250 811 2304 οὖν
850 2250 1013 2314 οὕτως
1052 2250 1244 2321 ἔχοντά
1292 2265 1355 2321 με
1408 2250 1637 2319 γνώμης,
1698 2246 1851 2315 νομί-

249 2340 410 2401 ζοντα
448 2338 508 2395 δὲ
543 2344 634 2393 καὶ
675 2339 958 2413 φιλεῖσθαι,
996 2338 1160 2411 λέγειν
1200 2334 1259 2391 δε
1317 2333 1575 2390 δοκοῦντα
1628 2338 1700 2407 μή
1768 2351 1852 2385 το-

247 2428 381 2502 λμᾷν
419 2429 751 2498 ἐπιστέλλειν,
794 2428 1033 2501 έσχάτης
1084 2427 1293 2502 ἀργίας,
1343 2430 1433 2479 καὶ
1489 2424 1632 2478 τοῦτ’
1670 2424 1730 2475 οἷν
1770 2426 1848 2481 εἴη

249 2519 361 2594 ἅμα
400 2521 713 2594 ζημιοῦντος
752 2520 906 2571 αύτόν
946 2522 1086 2590 (92).
1144 2517 1304 2578 Δῆλον
1340 2518 1462 2591 γὰρ,
1520 2516 1590 2576 ὡς
1652 2512 1848 2586 oliui-{ni

250 2629 351 2682 μου
390 2614 484 2668 τήν
524 2606 801 2665 ἐπιστολήν
839 2611 934 2665 τὴν
992 2607 1184 2679 μικρὰν
1221 2611 1311 2658 καὶ
1350 2604 1547 2676 φαύλην
1599 2602 1729 2673 καλῇ
1801 2619 1855 2654 τε

249 2702 339 2750 καὶ
377 2696 598 2769 μεγάλη,
665 2698 753 2745 καὶ
793 2693 990 2766 φυλάξῃ
1035 2690 1232 2760 δήπου,
1273 2697 1344 2764 μή
1387 2710 1450 2763 με
1488 2696 1576 2743 καὶ
1616 2687 1851 2764 δεύτερον

250 2782 472 2857 ἆδικῇς.
522 2780 686 2855 Οἶμαι
724 2784 823 2856 γὰρ
866 2782 978 2853 (93)
1036 2780 1254 2843 πολλοὺς
1291 2778 1590 2852 βοήσεσθαι
1628 2781 1753 2853 πρὸς
1791 2781 1849 2829 τό

246 2874 395 2947 ῥῆμα
448 2876 538 2926 καὶ
593 2872 1011 2947 περιστήσεσθαι
1065 2872 1197 2946 πρὸς
1234 2871 1300 2923 τὰ
1344 2869 1631 2943 πράγματα
1667 2886 1851 2941 κεκρα-

246 2968 404 3035 γότας
446 2983 460 2996 ·
501 2959 773 3023 Εασίλειος
811 2956 1038 3019 ἠδίκηκέ
1074 2978 1128 3011 τι
1181 2957 1278 3011 κᾶν
1338 2960 1559 3032 σμικρόν
1602 2973 1617 3024 ;
1665 2954 1851 3009 οὐκοῦν

246 3056 339 3104 καὶ
378 3050 591 3121 Αἰακός,
654 3054 743 3103 καὶ
794 3054 989 3119 Μίνως,
1043 3052 1135 3101 καὶ
1179 3049 1206 3101 ό
1260 3049 1441 3101 τούτου
1482 3043 1541 3100 δε
1596 3042 1840 3119 ἁδελφός.

246 3140 378 3213 Ἐγὼ
410 3137 470 3193 δέ
510 3158 568 3193 σε
604 3139 668 3213 τῇ
734 3142 822 3212 μὲν
861 3137 989 3213 άλλη
1032 3141 1349 3198 νενικηκέναι
1390 3144 1658 3211 συγχωρῶ
1700 3156 1714 3169 ·
1770 3140 1849 3198 τίς

249 3226 309 3283 δε
350 3226 477 3282 ἰδών
513 3232 569 3283 τέ
610 3247 687 3298 σε,
728 3233 819 3281 καὶ
858 3227 916 3281 ού
957 3230 1174 3300 φθονῶνβ
1200 3244 1214 3295 ;
1241 3227 1326 3282 Ἐν
1368 3223 1427 3281 δέ
1464 3232 1516 3280 τί
1557 3246 1642 3280 σοι
1680 3226 1849 3301 ἡμαρ-

248 3319 445 3377 τῆσθαι
499 3319 630 3390 πρὸς
669 3318 823 3389 ημᾶς,
866 3317 962 3368 κεῖν
1031 3335 1089 3370 σε
1147 3314 1285 3369 τοῦτ’
1342 3315 1639 3388 ἀναμνήσω,
1709 3315 1853 3367 πεῖθε

248 3412 369 3470 τοὺς
410 3404 828 3478 ἀγανακτοῦντας
864 3410 937 3477 μὴ
992 3403 1143 3478 βοᾲν.
1200 3402 1391 3467 Οὐδείς
1433 3424 1517 3457 σοι
1553 3403 1852 3479 προσελθὼν

249 3501 340 3548 καὶ
377 3497 538 3567 χάριν
605 3492 912 3565 ἐπαγγείλας
953 3494 1081 3565 (94),
1138 3493 1200 3552 ἦν
1241 3490 1424 3545 δοῦναι
1461 3494 1678 3567 ῥᾷστον,
1731 3490 1853 3543 ἀτυ-

250 3589 359 3657 χής
399 3581 647 3643 ἀπῆλθεν.
679 3583 802 3655 Εἰμὶ
839 3587 1011 3634 τοίνυν
1051 3584 1161 3654 (95)
1182 3590 1282 3634 τῶν
1322 3584 1483 3655 χάριν
1524 3581 1852 3639 αἰτησάντων

249 3678 361 3746 μεν,
429 3673 487 3727 ού
549 3671 803 3726 λαϐόντων
868 3669 948 3730 δε.
1012 3677 1076 3726 Ti
1133 3669 1221 3725 οὖν
1260 3677 1462 3745 grew;
1507 3672 1763 3733 Πολλάκις
1800 3669 1849 3723 έν

250 3767 552 3838 στρατηγίῳ
592 3763 703 3833 (96)
764 3781 849 3815 σοι
915 3765 1307 3835 συγγενόμενος,
1377 3760 1675 3820 ἠϐουλήθην
1736 3762 1847 3830 (97)

248 3848 342 3905 διὰ
378 3860 470 3913 τῆς
510 3860 609 3912 σῆς
650 3855 835 3923 σοφίας
874 3854 945 3911 εὶς
982 3853 1041 3903 τὸ
1084 3850 1246 3923 βάθος
1274 3858 1366 3912 τῆς
1393 3850 1626 3926 Ὀμήρου
1657 3854 1849 3923 μανίας

245 3940 507 3996 εἰσελθεῖν.
549 3940 610 3994 Εἰ
649 3936 708 3993 δὲ
743 3943 801 3993 τὸ
838 3946 941 3993 πᾶν
979 3939 1039 3993 ού
1101 3936 1342 4007 δυνατόν,
1388 3944 1453 3993 σύ
1517 3937 1577 3993 δε
1629 3939 1737 3993 ἀλλ’
1778 3939 1849 4003 εἷς

240 4050 391 4105 μερος
429 4032 565 4101 ἡμᾶς
604 4030 851 4102 εἰσάγαγε
905 4036 998 4082 τοῦ
1049 4029 1266 4103 κλήρου.
1307 4034 1511 4102 Μέρους
1569 4026 1629 4082 δε
1668 4028 1847 4082 ἐπεθύ-

240 4140 391 4192 μουν,
424 4118 472 4171 ἐν
590 4128 689 4173 τῶν
727 4119 975 4179 Ἑλλήνων
1014 4128 1188 4181 κακῶς
1224 4124 1575 4194 πεπραχότων
1617 4121 1750 4192 (98),
1792 4120 1846 4171 ὃν

243 4209 455 4284 ὕϐρισεν
511 4208 846 4282 Ἀγαμέμνων
899 4208 1172 4282 ἐθεράπευε
1241 4205 1451 4281 δώροις.
1511 4208 1670 4262 Ταῦτ’
1720 4208 1847 4281 ἐμοῦ

243 4297 493 4369 λέγοντος,
549 4298 737 4369 ἐγέλας,
780 4297 1051 4371 ἀρνεῖσθαι
1080 4302 1171 4371 μὲν
1210 4298 1304 4350 ούκ
1349 4302 1507 4371 ἔχων,
1550 4302 1615 4360 ὡς
1653 4298 1747 4351 οῦκ
1786 4298 1845 4350 ἆν

247 4384 431 4440 δύναιο
471 4385 770 4460 βουληθεὶς,
810 4383 1161 4460 δωρήσασθαι
1209 4384 1268 4440 δε
1310 4387 1405 4439 οὐκ
1454 4387 1653 4445 ἐθέλων.
1710 4387 1848 4463 ’Δρά

249 4496 334 4531 σοι
358 4481 451 4531 καὶ
490 4484 595 4538 τοῖς
624 4474 1029 4549 ἀγανακτοῦσιν,
1062 4478 1143 4529 ὅτι
1180 4495 1238 4529 σε
1285 4479 1409 4549 ἔφην
1466 4474 1691 4550 ἀδικεῖν,
1732 4475 1850 4532 ἁδι-

320 4654 436 4725 (90)
461 4652 583 4705 Ὀτι
606 4660 775 4707 τοῦτο.
796 4652 904 4725 8ἱο
925 4669 1078 4711 mss.
1110 4669 1232 4710 sex.
1267 4654 1418 4711 Editi
1449 4657 1533 4708 ὅτε
1564 4664 1737 4713 τοῦτο.

320 4724 437 4800 (9t)
465 4730 657 4799 Ἥπερ.
688 4724 937 4800 Qodices
966 4732 1081 4800 tres
1106 4728 1262 4800 ἤπερ,
1290 4728 1480 4797 magis
1498 4744 1677 4799 quam
1700 4730 1847 4788 illae.

244 4792 435 4882 Paulo
462 4792 775 4882 ,ροεῇθάἱά
805 4795 909 4882 ἀλλ’
933 4792 1041 4855 ἤδη
1061 4799 1150 4882 τά.
1338 4792 1474 4882 octo
1496 4792 1559 4882 ut
1586 4800 1846 4882 intextu.

317 4866 729 4945 (92)_rEaxci'mg
751 4866 953 4945 ἀργίας,
988 4873 1079 4945 καὶ
1108 4872 1249 4945 τοῦ-τ’
1279 4870 1338 4945 ἆν
1370 4872 1601 4945 εἵη-οἶμα
1633 4874 1849 4945 ζημιοῦτ

242 4938 566 5017 ντοςῌαύτόν.
604 4938 1144 5017 lf‘ortglégendum,
1189 4941 1429 5017 ἐσχάτης
1454 4938 1670 5017 ἀργείας
1701 4938 1847 4996 ’τοῦτ’

245 5011 307 5064 ἆν
340 5015 441 5080 εἴη,
474 5016 564 5083 καὶ
592 5010 704 5083 ἅμα
734 5011 1044 5082 ζημιοῦντος
1075 5010 1424 5070 αύτόνξΕοιΤ.

274 5079 636 5171 ,(93)“Οἷμαι’
650 5083 771 5153 γάρ.
802 5079 889 5138 ita
918 5082 1156 5139 codices
1209 5101 1357 5141 mss.
1410 5089 1665 5159 septem.
1697 5085 1849 5143 Editi

243 5174 393 5211 οιμαι
427 5169 486 5207 σε
499 5198 512 5211 .

294 5176 393 5227 μαι
427 5176 512 5211 σε.

313 5227 428 5297 (94)
455 5227 622 5299 Χάριν
656 5222 984 5299 Eum/ytaeus.
1016 5228 1157 5299 Reg.
1192 5227 1513 5299 secundus
1551 5231 1609 5286 et
1656 5228 1839 5286 Coisl.

244 5295 553 5369 secundus
583 5295 913 5369 ἀπαγγεῡας
931 5295 1233 5369 [melius].

318 5370 430 5440 (95)
462 5368 583 5445 Εἰμὶ
612 5372 803 5445 τοίνυν.
837 5367 987 5423 Editi
1016 5367 1253 5445 addunt
1276 5369 1537 5445 ἐγὼηεθά
1560 5370 1676 5429 hoc
1714 5388 1851 5445 pro-

247 5424 472 5496 no‘men
503 5424 669 5496 deest
697 5440 757 5495 in
789 5445 1023 5511 septem
1054 5424 1271 5497 nostris
1306 5424 1849 5501 codicibustPat—ilo

248 5516 387 5594 post
424 5527 535 5594 pro
576 5516 787 5594 μανίας,
816 5510 1434 5594 Ιᾴεεξ-[ιάιξῐημαντείαω
1458 5513 1527 5594 id
1555 5518 1662 5583 est,
1694 5516 1853 5594 divi:

250 5564 537 5657 siccas;
565 5564 1852 5661 smmi”camisia,‘szdiregagazm

1959 1806 2093 1863 guee
2119 1791 2371 1863 fluentis,
2394 1798 2570 1865 teque
2608 1792 2844 1851 dicente
2878 1795 3244 1866 delectabar,
3276 1798 3498 1871 vixque
3530 1814 3617 1855 se-

1958 1881 2271 1953 cedebam,
2295 1887 2476 1955 atque
2498 1881 2577 1939 ad
2604 1883 2843 1939 sodales
2869 1884 3183 1942 dicebam:
3217 1886 3318 1942 Hic
3344 1888 3431 1944 vir
3448 1893 3617 1946 tanto

1956 1971 2338 2042 praestantior
2367 1971 2609 2029 Acheloi
2637 1972 2900 2041 ﬁliabus,
2950 1980 3182 2047 quanto
3230 1976 3453 2034 mulcet
3482 1977 3614 2050 qui-

1957 2058 2099 2116 dem
2122 2064 2189 2117 ut
2212 2060 2346 2130 illae,
2362 2077 2473 2117 nec
2499 2066 2701 2119 tamen
2724 2067 2787 2119 ut
2804 2062 2919 2119 illae
2938 2062 3119 2120 ltedit.
3135 2067 3202 2121 Et
3221 2080 3367 2122 sane
3394 2082 3616 2138 parum

1961 2153 2051 2205 est
2074 2166 2198 2207 non
2218 2149 2457 2218 laedere,
2472 2151 2596 2208 imo
2621 2151 2780 2208 illius
2801 2153 3113 2211 cantilenae
3138 2155 3303 2212 lucro
3334 2161 3475 2213 sunt
3502 2172 3616 2213 au-

1958 2237 2163 2295 dienti.
2184 2241 2331 2296 Cum
2351 2240 2529 2310 igitur
2548 2241 2631 2297 ita
2654 2241 2747 2297 sin
2770 2243 2975 2298 animo
2998 2242 3267 2312 affectus,
3290 2260 3509 2317 meque
3532 2246 3618 2301 di-

1958 2324 2061 2397 ligi
2083 2327 2420 2384 existimem
2442 2332 2501 2385 et
2516 2328 2755 2385 dicendi
2775 2329 3057 2388 facultate
3078 2332 3369 2403 praeditus
3386 2333 3616 2403 videar,

1963 2416 2223 2474 scribere
2244 2434 2367 2475 non
2390 2419 2611 2475 audere
2628 2424 2909 2476 extremae
2940 2422 3168 2477 inertiae
3202 2421 3397 2493 fuerit,
3418 2422 3619 2479 simul-

1962 2520 2083 2577 que
2124 2505 2388 2563 hominis
2435 2506 2665 2579 sibiipsi
2712 2507 3009 2565 damnum
3037 2509 3371 2567 inferentis.
3414 2511 3621 2585 Liquet

1962 2595 2123 2650 enim
2150 2595 2368 2664 fore,ut
2387 2612 2589 2653 meam
2611 2598 2927 2669 epistolam
2948 2614 3206 2670 parvam
3227 2604 3284 2657 et
3303 2600 3482 2656 vilem
3504 2618 3619 2674 pu-

1960 2683 2129 2740 lchra
2148 2688 2204 2739 et
2230 2684 2447 2754 grandi
2468 2687 3339 2761 remunereris,caveasque,ne
3355 2690 3503 2745 mihi
3519 2692 3621 2747 ite-

1960 2787 2097 2827 rum
2111 2772 2168 2827 in
2172 2774 2190 2843 j
2202 2773 2395 2829 uriam
2410 2773 2911 2847 facias.Equidem
2924 2776 3181 2833 arbitror
3198 2778 3409 2834 multos
3426 2779 3621 2837 excla-

1960 2864 2233 2916 maturos
2253 2876 2385 2916 esse
2402 2862 2481 2917 ad
2500 2861 2618 2918 hoc
2628 2862 2967 2933 verbum,et
2984 2863 3058 2920 ad
3075 2880 3170 2919 res
3188 2865 3354 2937 ipsas
3372 2881 3621 2923 concur-

1964 2965 2163 3016 suros,
2187 2949 2583 3007 vociferantes
2607 2966 2621 3017 ;
2647 2951 2979 3008 Basiliusne
2995 2951 3282 3023 injuriam
3300 2954 3395 3010 vel
3425 2954 3619 3013 levem

1957 3037 2193 3095 intulit?
2216 3042 2368 3109 Ergo
2389 3043 2447 3095 et
2473 3042 2769 3108 Eacus,et
2792 3040 3060 3108 Minos,et
3083 3041 3265 3113 hujus
3276 3043 3475 3100 frater.
3493 3046 3616 3115 Ego

1960 3133 2163 3187 autem
2180 3133 2235 3185 te
2259 3128 2322 3184 in
2351 3128 2597 3203 reliquis
2620 3129 2870 3203 quidem
2892 3131 3181 3187 victorem
3204 3132 3386 3189 fuisse
3409 3149 3617 3191 conce-

1959 3216 2075 3286 do;
2107 3217 2243 3290 quis
2265 3217 2426 3274 enim
2452 3223 2506 3274 te
2548 3217 2716 3287 vidit,
2741 3223 2799 3276 et
2819 3234 2944 3275 non
2973 3218 3234 3275 invidit?
3266 3220 3382 3278 Sed
3412 3226 3617 3279 tamen

1959 3322 2152 3363 unum
2182 3307 2243 3363 in
2273 3323 2385 3363 nos
2407 3308 2688 3380 peccasti.
2732 3311 2811 3365 De
2827 3324 2949 3381 quo
2969 3309 3220 3382 quidem
3244 3310 3293 3366 si
3321 3316 3373 3367 te
3405 3312 3617 3369 admo-

1961 3412 2161 3464 neam,
2181 3396 2481 3469 persuade
2497 3396 2957 3467 indignantibus
2986 3403 3051 3454 ut
3088 3414 3163 3454 ne
3183 3400 3607 3459 vociferentur.

1961 3488 2147 3542 Nemo
2165 3491 2251 3542 est
2272 3488 2376 3559 qui
2412 3491 2465 3542 te
2492 3487 2859 3543 conveniens
2907 3503 2976 3544 ac
2996 3487 3359 3545 beneﬁcium
3384 3496 3616 3564 petens,

1961 3576 2129 3649 quod
2154 3576 2284 3631 dari
2309 3576 2478 3633 facile
2506 3577 2710 3649 possit,
2750 3577 2873 3633 voti
2911 3593 3165 3651 compos
3214 3595 3339 3636 non
3368 3580 3608 3639 abierit.

1960 3665 2138 3738 Atqui
2165 3680 2277 3736 ego
2304 3682 2375 3721 ex
2397 3682 2609 3722 eorum
2654 3682 2911 3723 numero
2942 3683 3099 3735 sum,
3118 3669 3223 3740 qui
3251 3669 3617 3727 beneficium

1960 3755 2257 3826 petierunt
2280 3755 2551 3827 quidem,
2578 3754 2686 3811 sed
2713 3771 2838 3812 non
2865 3762 3245 3829 acceperunt.
3264 3758 3417 3823 Quid
3436 3758 3620 3831 igitur

1959 3843 2301 3916 postulavi?
2326 3846 2543 3900 Tecum
2574 3844 2635 3899 in
2667 3842 2927 3916 pretorio
2966 3860 3106 3900 cum
3133 3861 3292 3918 saepe
3322 3862 3614 3919 versarer,

1959 3932 2163 4005 optavi
2185 3937 2249 3988 ut
2266 3933 2571 4005 sapientiae
2586 3938 2703 3989 tua:
2724 3933 2911 4004 opein
2932 3934 3304 4005 profundum
3320 3937 3618 3992 Homerici

1957 4022 2175 4079 furoris
2201 4024 2525 4079 introirem.
2543 4023 2715 4089 Quod
2738 4024 2804 4089 si,
2830 4022 3090 4092 aiebam,
3114 4028 3304 4081 totum
3326 4025 3389 4083 id
3412 4026 3617 4100 perﬁci

1957 4127 2081 4168 non
2110 4118 2323 4185 potest,
2353 4118 2413 4169 at
2435 4116 2496 4168 tu
2530 4118 2733 4169 tamen
2763 4113 2825 4168 in
2854 4117 3087 4186 partem
3140 4116 3319 4172 sortis
3368 4132 3480 4173 nos
3524 4118 3616 4173 in-

1960 4202 2266 4259 troducas.
2300 4202 2816 4274 Concupiscebam
2846 4208 3047 4258 autem
3073 4210 3306 4276 partem
3337 4204 3527 4274 illam,
3553 4206 3619 4264 in

1960 4306 2083 4358 qua
2111 4308 2249 4347 cum
2282 4292 2463 4347 Graeci
2504 4292 2745 4347 fortuna
2794 4291 3053 4348 adversa
3107 4298 3433 4364 uterentur,
3464 4300 3617 4366 Aga-

1960 4396 2252 4439 memnon
2272 4381 2435 4436 hunc
2454 4380 2675 4453 ipsum,
2690 4396 2873 4453 quem
2895 4383 3261 4439 contumelia
3313 4382 3614 4440 affecerat.

1880 4444 1925 4501 D
1962 4469 2315 4526 muneribus
2342 4444 2624 4542 placavit.
2651 4444 2787 4527 Haec
2817 4470 3051 4527 dicente
3076 4487 3198 4544 me,
3223 4470 3486 4541 ridebas,
3514 4487 3617 4530 ne-

1960 4647 2199 4703 codices
2231 4662 2465 4714 omnes,
2489 4662 2601 4703 nec
2631 4647 2790 4704 favet
2820 4647 2940 4706 ulla
2967 4647 3142 4705 ratio.

2035 4719 2146 4799 (96)
2180 4718 2261 4801 Ἐν
2300 4724 2633 4801 στρατηγίῳ.
2675 4720 2955 4801 δίο-ξηεε.
3006 4719 3150 4801 duo.
3211 4720 3401 4801 Editio
3454 4720 3618 4801 Basi-

1959 4789 2178 4865 leensis
2206 4795 2261 4845 et
2293 4789 2467 4847 Coisl.
2502 4789 2752 4865 primus,
2784 4791 2978 4865 Harl”
3004 4790 3166 4865 Med.
3206 4799 3261 4847 et
3309 4795 3456 4862 Reg.
3497 4792 3619 4865 pri-

1960 4878 2099 4918 mus
2212 4861 2556 4936 στρατηγίου.
2594 4862 3001 4936 EditioParis,
3034 4861 3081 4913 ἐν
3115 4861 3433 4934 στατηγείῳί.

2034 4934 2146 5002 (97)
2180 4932 2525 5006 ἸῼΙϐὸυλὴθηκ
2559 4937 2645 4989 lta
2673 4932 2911 5006 codices
2940 4950 3085 5006 mss.
3119 4932 3348 5006 septem
3379 4932 3453 5006 let
3493 4935 3616 4993 edi-

1961 5004 2041 5062 tio
2075 5003 2456 5060 Basileensis.
2499 5009 2568 5060 At
2597 5004 2941 5060 Parisiensis
2970 5001 3220 5064 ἐδεήθην.
3262 5004 3445 5062 Paulo
3478 5010 3618 5064 post

1960 5076 2141 5132 editio
2168 5076 2381 5131 cadem
2413 5076 2471 5128 ού
2495 5072 2738 5141 δυνατόν,
2772 5078 2919 5147 ἔφην,
2947 5075 3053 5131 εθά
3068 5080 3450 5203 postremum
3466 5072 3617 5137 illud

1960 5146 2215 5203 verbum
2245 5147 2412 5203 deest
2432 5148 2491 5202 in
2519 5150 2747 5203 sentem
2777 5163 2927 5203 mss.
2955 5151 3014 5202 et
3034 5163 3063 5203 e
3112 5148 3177 5203 it.
3211 5148 3391 5203 Basil.

1959 5146 2215 5203 verbum
2245 5147 2412 5203 deest
2432 5148 2491 5202 in
2519 5150 2747 5217 septem
2777 5163 2927 5204 mss.
2955 5151 3014 5202 et
3034 5146 3177 5205 edit.
3211 5148 3391 5205 Basil.

2170 5222 2546 5295 Πεπραχότων.
2564 5219 2651 5273 lta
2670 5233 2878 5295 omnes
2902 5235 3057 5295 mss.
3079 5219 3230 5295 Editi
3251 5223 3614 5295 πεπραγὸτων,

1961 5289 2194 5363 Ibidem
2218 5289 2433 5363 editiay
2455 5289 2683 5363 ὕϐρισεν,
2698 5289 2865 5345 deest
2885 5290 3101 5363 vocula
3117 5291 3176 5346 in
3198 5289 3613 5362 nove'm'mss.,

1962 5362 2068 5416 sed
2092 5367 2294 5416 tamen
2320 5360 2556 5417 videtur
2584 5360 2662 5415 ad
2712 5362 3069 5417 sententiam
3111 5363 3472 5418 necessaria.
3506 5360 3614 5423 Ha;

1959 5432 2233 5562 bentAsﬁzx
2264 5433 2501 5563 cgldlilces
2528 5434 2843 5508 θεραπεύων,
2873 5433 3186 5495 Eadiceeus
3218 5435 3507 5510 θεραπεύει.

1964 5546 1971 5553 .
2034 5506 2053 5528 ’⁵
2186 5520 2253 5563 as
2426 5544 2439 5562 .

1964 5546 1971 5553 ο
2034 5506 2053 5528 ’⁵
2092 5504 2253 5566 Alias
2282 5504 2439 5563 CLII.
