4146 6398
265 289 282 342 1
301 287 402 342 693

1224 267 1705 338 EPISTOLARUM
1733 279 2015 336 CLASSIS
2042 260 2145 334 in.
2179 279 2395 336 EPIST.
2428 277 2649 337 eccm.

3480 275 3619 341 1094

261 429 416 484 ροντα
445 411 769 481 ὑποσκιρτᾷν
800 409 1153 480 παρεκίνησας
1189 418 1201 470 ;
1235 405 1370 476 Ἐγὼ
1423 400 1482 456 δέ
1515 423 1600 456 σοι
1629 410 1700 456 τῶ
1747 410 1860 464 ταῖς

1994 402 2054 458 'is
2085 405 2114 457 ?
2141 405 2423 472 Egovero
2483 401 2592 459 tibi
2633 402 2696 460 in
2751 401 3294 460 declamationibus
3331 421 3629 479 pompam

262 499 490 571 μελέταις
548 496 929 570 ἐμπομπεύοντι
984 495 1296 566 ἰσαρίθμους
1373 500 1482 553 τοῖς
1536 493 1584 545 ἐν
1664 501 1863 566 Θερμο-

262 589 448 650 πύλαις
496 586 896 658 ἀγωνιζομένοις
950 590 1297 659 στρατιώταις
1363 589 1668 658 στρωτῆρας
1725 602 1865 657 χρη.

267 678 457 736 σθῆναι
480 675 806 748 προσέταξα,
839 675 1064 734 ἅπαντας
1092 671 1355 744 εὐμήκεις,
1375 676 1465 726 καὶ
1497 675 1630 725 κατὰ
1657 674 1745 724 τόν
1773 675 1863 724 σόν

264 765 522 841 Ὅμηρον,
551 760 937 836 δολιχοσκίους
985 763 1081 834 (9),
1107 761 1192 821 οὓς
1221 761 1247 814 ὁ
1294 763 1428 836 ἱερὸς
1474 759 1717 834 Ἀλφαῐος
1747 761 1862 834 (10)

266 854 722 912 ἀποκαταστήσειν
751 851 1220 924 κατεπηγγείλατο.

792 979 1138 1034 ΕΠΙΣΤΟΛΗ
1165 974 1345 1032 ΤΜΘ’.

1973 491 2216 548 ducenti
2247 495 2330 547 tot
2347 492 2510 563 tigna
2531 491 2909 548 commodari
2932 492 3106 563 jussi,
3132 493 3301 565 quod
3330 494 3546 550 milites
3567 494 3630 550 in

1973 579 2388 653 Thermopylis
2419 596 2788 652 pugnavere,
2813 581 3052 651 singula
3066 581 3304 654 prolixa
3328 587 3384 638 et
3413 597 3626 639 secun-

1973 668 2122 726 dum
2145 674 2315 726 tuum
2336 671 2678 736 Homerum,
2708 670 2991 726 umbram
3021 669 3268 743 longam
3289 670 3628 729 efﬁcientia:

1974 759 2405 834 quaaAlphaeus
2431 775 2602 820 sacer
2622 775 2686 819 se
2731 759 3111 820 redditurum
3158 776 3292 821 esse
3319 759 3623 836 promisit.

2431 976 2774 1034 EPISTOLA
2828 976 3152 1034 CCCXLIX'.

401 1107 652 1163 locatur
687 1105 972 1162 Libanius
1011 1106 1072 1158 in
1103 1101 1572 1172 Cappadociam,
1604 1115 1781 1174 seque
1831 1099 2162 1172 discipulos
2191 1098 2528 1170 Capadoces
2557 1105 3110 1158 transmutat-arum
3143 1101 3482 1170 promittit.

794 1228 1042 1290 Λιϐάνιος
1066 1226 1339 1298 Βασιλείῳ,

334 1319 408 1371 Οὐ
437 1322 642 1391 παύσῃ,
703 1318 956 1384 Βασίλειε,
991 1321 1078 1370 τόν
1141 1319 1272 1390 ἱερόν
1316 1323 1494 1368 τοῦτον
1531 1335 1628 1367 των
1650 1324 1861 1387 μουσῶν

265 1412 423 1466 σηκὸν
463 1411 652 1481 μεστόν
678 1416 838 1460 ποιῶν
873 1403 1260 1476 Καππαδοκῶν,
1295 1410 1384 1456 καὶ
1404 1411 1572 1456 ταῦτα
1632 1404 1862 1464 ἀπόζον-

264 1517 361 1549 των
398 1507 578 1572 γριτῆς
635 1502 726 1550 καὶ
753 1501 934 1569 χιόνος
967 1498 1081 1564 (11)
1127 1500 1218 1547 καὶ
1273 1503 1372 1546 τῶν
1413 1492 1600 1546 ἐκεῖθεν
1648 1492 1859 1560 inuidia;

267 1594 468 1660 Μικροῡ
527 1584 586 1640 δὲ
643 1606 707 1659 με
762 1591 853 1639 καὶ
894 1581 1258 1642 Καππαδόκην
1309 1585 1520 1649 ἔθηκαν,
1554 1582 1633 1635 ἀεί
1665 1602 1755 1654 μοι
1780 1586 1859 1649 τὸ,

2517 1225 2801 1280 Libanius
2855 1225 3094 1281 Basilio.

2049 1318 2177 1370 Non
2205 1314 2464 1380 desines,
2511 1314 2704 1383 Basili,
2747 1329 2989 1370 sacrum
3039 1314 3156 1371 hoc
3185 1330 3501 1371 musarum
3527 1314 3632 1371 do-

1976 1403 2268 1460 micilium
2297 1401 2528 1474 replere
2548 1403 3032 1474 Cappadocibus,
3090 1403 3282 1475 iisque
3338 1405 3530 1476 griten
3551 1402 3640 1459 ni-

1976 1508 2239 1564 vemque
2261 1497 2317 1547 et
2334 1491 2716 1547 caeteraillius
2738 1491 3000 1561 regionis
3011 1491 3175 1547 bona
3195 1487 3642 1549 redolentibus?

1980 1585 2170 1652 Prope
2200 1585 2402 1637 autem
2421 1580 2644 1636 factum
2664 1584 2772 1644 est,
2800 1584 2863 1635 ut
2883 1596 2980 1635 me
3011 1579 3191 1636 etiam
3218 1582 3642 1653 Cappadocem

264 1684 541 1749 προσκυνῶ
583 1695 639 1728 as
671 1676 802 1746 (12),
830 1671 1208 1749 προσᾴὸοντες.
1243 1676 1326 1726 Δεῖ
1380 1668 1439 1725 δὲ
1480 1674 1616 1743 ὅμως
1648 1669 1865 1743 ἀνέχεσσ

1994 1668 2301 1738 affecerint,
2334 1685 2575 1741 semper
2630 1668 2779 1725 mihi
2817 1668 2989 1736 illud,
3037 1677 3315 1743 προσκυνῶ
3375 1689 3450 1740 σε,
3485 1670 3640 1726 occi-

269 1768 374 1834 οαι,
427 1764 700 1817 Βασιλείου
765 1765 1074 1825 κελεύοντος.
1131 1762 1272 1817 Ἰσθι
1327 1767 1521 1833 τοίνυν,
1567 1763 1750 1822 ώςτῆς
1775 1763 1866 1833 μὲν

268 1860 450 1929 χώρας
477 1858 594 1916 τοὺς
631 1857 854 1928 τρόπους
884 1851 1211 1926 ἐξακρίϐιίζω
1238 1853 1376 1923 (13),
1400 1856 1495 1908 τὴν
1524 1846 1582 1902 δὲ
1609 1850 1866 1920 εὐγένειαν

268 1949 355 1996 καὶ
393 1947 452 1996 τὸ
483 1942 694 2017 ἐμμελὲς
723 1948 820 2006 τὴς
848 1943 972 2015 ἐμῆς
1017 1941 1312 2002 Καλλιόπης
1366 1940 1716 2012 μεταμφιάσω
1745 1943 1868 2001 τοὺς

267 2029 367 2087 ἄνὸ
369 2053 486 2108 ρας,
518 2033 582 2087 ἶν’
607 2032 802 2107 ὀφθεῖεν
823 2035 946 2106 ὑμῖν
971 2031 1086 2085 ἀντὶ
1116 2037 1331 2104 φασσών
1361 2032 1686 2104 περιστεραί.

817 2214 1162 2270 ΕΠΙΣΤΟΛΗ
1186 2209 1309 2267 ΤΝ’.

1980 1763 2213 1814 nentes.
2242 1763 2519 1814 Attamen
2547 1757 2864 1814 ferendum
2885 1762 2996 1825 cst,
3013 1757 3228 1814 Basilio
3264 1758 3345 1814 ita
3365 1757 3636 1829 jubente.

1985 1846 2142 1904 Scito
2167 1847 2366 1918 igitur,
2394 1863 2493 1902 me
2522 1847 2784 1918 regionis
2805 1846 3056 1919 quidem
3076 1863 3279 1903 mores
3325 1845 3642 1919 diligenter

1982 1937 2368 2005 investigare,
2395 1939 2558 1993 viros
2572 1952 2716 1993 vero
2756 1936 2836 1992 ad
2856 1952 3008 1993 meae
3040 1936 3332 2010 Calliopes
3353 1937 3639 1996 nobilita-

1986 2032 2105 2084 tem
2132 2030 2312 2098 atque
2339 2026 2806 2084 concinnitatem
2852 2029 3415 2096 transmutaturum,
3444 2030 3509 2083 ut
3537 2043 3641 2086 νο-

1983 2115 2080 2174 bis
2106 2131 2218 2189 pro
2238 2115 2547 2190 palumbis
2566 2114 2863 2171 columbae
2886 2115 3026 2172 facti
3058 2132 3192 2173 esse
3221 2116 3562 2177 videantur.

2417 2204 2597 2278 460
2626 2205 2964 2265 EPISTOLA
2995 2204 3207 2265 CCCL'.

1264 2337 1602 2410 Respondet
1641 2337 1903 2396 Basilius
1933 2333 2199 2407 epistolae
2212 2330 2599 2405 praecedenti.

729 2463 995 2527 Βασίλειος
1021 2463 1252 2535 Λιϐανίῳ
1282 2463 1418 2534 (14).

335 2572 560 2626 Λεῖυταί
600 2591 686 2625 σοι
740 2574 800 2623 τὸ
851 2568 1146 2642 δύσθυμον.
1204 2576 1372 2624 Τοῦτο
1438 2573 1541 2644 γὰρ
1582 2572 1717 2622 ἔστω
1776 2580 1868 2630 τῆς

266 2661 546 2722 ἐπιστολῆς
574 2664 633 2713 τὸ
687 2664 983 2732 προοίμιον.
1043 2663 1110 2711 Συ
1161 2654 1220 2709 δὲ
1266 2665 1473 2710 σκῶπτε
1528 2662 1618 2708 καὶ
1644 2655 1870 2728 διάσυρε

267 2753 334 2802 τὰ
391 2751 636 2823 ἡμέτερα,
699 2749 798 2800 εἴτε
861 2746 1041 2817 γελῶν,
1114 2748 1213 2797 εἴτε
1280 2741 1621 2805 σπουδάζων.
1681 2750 1744 2798 Τί
1807 2743 1869 2796 δὲ

269 2840 451 2910 χιόνος
521 2837 551 2896 ἡ
625 2842 807 2908 γριτῆς
874 2834 1285 2906 ἑμνημόνευσας,
1373 2836 1538 2906 παρόν
1615 2831 1866 2905 ἐντρυφᾷν

2434 2512 2440 2518 .
2533 2456 2788 2514 Basilius
2816 2456 3087 2514 Libanio.

2054 2565 2274 2623 Sedata
2303 2568 2393 2620 est
2436 2563 2626 2621 animi
2669 2563 2757 2619 tui
2805 2564 3122 2634 aegritudo.
3172 2567 3294 2622 Hoc
3341 2566 3504 2622 enim
3563 2567 3644 2624 sit

1979 2654 2248 2725 epistolae
2300 2651 2642 2708 exordium.
2685 2654 2770 2706 Tu
2816 2667 2961 2709 vero
3007 2653 3189 2710 irride
3224 2658 3280 2710 et
3300 2653 3516 2713 vellica
3544 2671 3642 2711 res

1979 2746 2243 2808 nostras,
2277 2741 2401 2796 sive
2428 2740 2664 2810 jocans,
2689 2741 2812 2795 sive
2839 2741 3020 2797 serio.
3053 2741 3209 2806 Quid
3249 2747 3455 2799 autem
3483 2743 3641 2800 nivis

1979 2831 2072 2887 vel
2094 2830 2260 2900 gritas
2289 2829 2662 2885 mentionem
2683 2828 2894 2896 fecisti,
2928 2846 3068 2887 cum
3087 2830 3293 2887 liceret
3323 2831 3430 2887 tibi
3460 2831 3638 2888 dicte-

269 2928 415 2998 ἡμῶν
480 2933 589 2988 τοῖς
663 2930 976 2997 σκώμμασιν
1025 2924 1161 2992 (15);
1213 2923 1348 2993 Ἐγὼ
1406 2919 1484 2988 δὲ,
1554 2918 1594 2973 ὦ
1652 2920 1865 2974 meum

1994 2920 2082 2975 riis
2120 2919 2182 2974 in
2212 2935 2324 2975 nos
2355 2917 2668 2988 indulgere
2693 2918 2720 2971 ‘?
2751 2920 2874 2988 Ego
2913 2923 3139 2986 autem,
3163 2935 3200 2976 o
3257 2920 3486 2987 Libani,
3529 2921 3636 2979 tibi

269 3019 354 3067 ἵνα
380 3034 465 3068 σοι
485 3019 575 3067 καὶ
614 3014 812 3068 πλατὺν
843 3018 1044 3071 κινήσω
1098 3016 1186 3064 τόν
1225 3011 1449 3084 γέλωτα,
1489 3011 1590 3064 ὑπὸ
1634 3030 1869 3085 παραπε-

269 3107 504 3177 τάσματι
533 3104 920 3177 καλυπτόμενος
943 3107 1144 3175 χιόνος,
1179 3106 1274 3160 τὴν
1306 3100 1584 3161 ἐπιστολὴν
1641 3100 1866 3177 ἔγραψα,

267 3195 330 3252 ἣν
358 3191 633 3268 ὃεξαμενος
654 3193 837 3267 ψαύων
869 3194 984 3264 (16)
1021 3197 1204 3267 χερσὶ,
1243 3197 1421 3265 γνώσῃ
1457 3195 1526 3253 ὡς
1579 3192 1772 3264 κρυερα
1789 3210 1869 3253 τις

266 3283 398 3342 αὐτὴ
432 3291 522 3338 καὶ
577 3288 664 3337 τὸν
693 3283 974 3354 πέμψαντα
1027 3285 1421 3358 χαρακτηρίζει
1482 3279 1864 3353 ἐμφωλεύοντες,

267 3378 357 3425 καὶ
381 3379 452 3445 μὴ
487 3370 770 3446 δυνάμενον
792 3371 886 3435 ἔξω
920 3379 1021 3424 τῶν
1054 3367 1333 3442 δωματίων
1365 3371 1476 3442 (17)
1529 3373 1867 3443 προκύπτειν,

265 3464 472 3533 Τάφους
493 3465 597 3536 γὰρ
637 3466 757 3524 τοὺς
805 3464 982 3522 οἰκους
1033 3461 1352 3531 κεκτήμεθα,
1409 3463 1599 3533 μέχρις
1632 3456 1868 3512 ἐπιλαϐοι

265 3553 324 3603 τὸ
347 3553 460 3625 ἔαρ,
491 3556 581 3603 καὶ
625 3554 838 3623 νεκροὺς
892 3551 1033 3620 ἡμᾶς
1099 3552 1244 3608 ὄντας
1290 3550 1420 3621 πρὸς
1448 3546 1587 3608 ζωὴν
1617 3546 1868 3620 ἐπανάξῃ,

266 3640 419 3695 πάλιν
436 3643 495 3696 τὸ
524 3638 676 3713 εἶναι,
705 3643 880 3715 ὥσπερ
904 3645 1100 3713 φυτοῖς,
1121 3636 1496 3713 χαριζόμενον.

788 3789 1127 3840 ΕΠΙΣΤΟΛΗ
1155 3783 1332 3839 ΤΝΑ⁹.

1980 3013 2046 3065 ut
2071 3010 2262 3065 risum
2283 3023 2578 3078 magnum
2598 3023 2900 3076 moveam,
2915 3008 3076 3064 hanc
3103 3008 3235 3065 velo
3250 3009 3428 3066 niveo
3444 3015 3638 3069 tectus

1980 3098 2295 3172 epistolam
2335 3097 2700 3170 conscripsi:
2756 3113 2957 3182 quam
3013 3113 3154 3154 cum
3205 3099 3533 3171 acceperis,
3566 3116 3640 3157 ac

1981 3205 2172 3246 manu
2199 3187 2543 3258 contigeris,
2567 3186 2784 3243 senties
2805 3203 2993 3259 quam
3043 3187 3120 3243 sit
3171 3187 3390 3260 gelida,
3422 3205 3640 3262 quam-

1980 3293 2100 3351 que
2130 3277 2502 3333 referateum
2523 3292 2560 3333 a
2583 3292 2706 3348 quo
2763 3275 2953 3332 missa
2982 3281 3090 3346 est,
3121 3276 3476 3348 latitantem,
3525 3295 3641 3336 nec

1982 3371 2153 3424 extra
2170 3365 2330 3421 aedes
2358 3365 2702 3438 prospicere
2730 3367 3056 3422 valentem.
3099 3365 3433 3438 Sepulchra
3475 3367 3641 3424 enim

1983 3460 2128 3512 sunt
2149 3455 2306 3511 sedes
2341 3459 2582 3522 nostrae,
2615 3454 2810 3510 donec
2838 3470 2941 3510 ver
2970 3456 3345 3527 successerit,
3381 3461 3439 3514 et
3477 3473 3642 3516 mor-

1982 3552 2121 3603 tuos
2145 3562 2257 3602 nos
2280 3545 2361 3602 ad
2408 3544 2597 3601 vitam
2639 3543 2967 3613 reduxerit,
3008 3561 3219 3602 rursus
3274 3545 3474 3620 nobis,
3495 3563 3645 3622 que.

1980 3634 2388 3695 madmodum
2417 3633 2658 3708 plantis,
2679 3633 2944 3706 largiens
2964 3640 3031 3692 ut
3051 3633 3263 3693 simus.

2492 3779 2833 3835 EPISTOLA
2863 3778 3126 3841 CCCLI".

268 3910 584 3971 Libanium
648 3916 826 3984 rogat
875 3910 1132 3969 Basilius
1188 3914 1256 3966 ut
1298 3907 1380 3968 ad
1424 3921 1486 3966 se
1516 3907 1720 3965 mittat
1771 3907 2129 4034 oratito'ngm,
2163 3918 2339 4033 guam
2387 3902 2461 3960 de
2507 3901 2746 3961 homine
2773 3918 3001 3961 moroso
3026 3918 3262 3966 summa
3289 3904 3642 3966 celebritate

1677 3993 1922 4035 pronun
1955 3992 2012 4035 ια
2057 3991 2160 4035 era
2195 4017 2209 4034 .

1673 3992 2209 4050 pronuntiaverat.

783 4106 1054 4166 Βασίλειος
1094 4103 1350 4176 Λιϐανίῳ.

340 4232 527 4285 Πολλοὶ
551 4237 924 4307 περιτυχόντες
966 4234 1090 4304 ἡμῖν
1148 4239 1248 4283 τῶν
1293 4229 1478 4280 αὐτόθι
1535 4228 1670 4298 (18),
1714 4227 1869 4280 ἐθαύ-

2534 4098 2788 4156 Basilius
2808 4098 3084 4158 Libanio.

2054 4224 2212 4283 Multi
2241 4239 2454 4280 eorum
2483 4224 2587 4296 qui
2648 4224 2826 4281 istinc
2887 4224 2966 4281 ad
3006 4240 3119 4281 nos
3163 4225 3439 4296 veniunt,
3475 4230 3642 4284 tuam

267 4325 443 4394 μασάν
485 4341 580 4375 σου
627 4327 720 4382 τὴν
759 4322 806 4375 ἐν
859 4329 966 4383 τοῖς
1030 4320 1199 4393 λόγοις
1249 4318 1456 4393 ἀρετὴν.
1498 4315 1716 4389 ’Ἐλεγον
1763 4320 1865 4392 γὰρ

1994 4313 2108 4372 vim
2133 4313 2378 4370 dicendi
2406 4313 2609 4371 mirati
2641 4317 2805 4370 sunt.
2844 4317 3175 4372 Narrarunt
3224 4315 3390 4371 enim
3443 4316 3642 4388 speci-

341 4447 416 4518 (9)
445 4445 1078 4519 Δολιχοσκιους.ΗΟῐΠΘΓ
1100 4444 1313 4519 Ῑιιὶίιίίἰ
1342 4449 1399 4509 Γ,
1423 4444 1706 4519 νΣ-346-ςξ1

340 4512 736 4593 (10)Ἀ).ῷαῖος.
764 4518 874 4593 δίοΔ
896 4521 1036 4593 Reg.
1089 4514 1432 4593 secundus.-
1450 4516 1590 4593 ‘Non
1618 4512 1865 4593 illepide

270 4583 481 4646 auctor
515 4583 783 4661 epistolae
839 4583 1092 4661 ﬂuvium
1144 4583 1462 4661 obstringit
1505 4583 1866 4661 restituendi

318 4652 595 4730 romisso,
625 4666 690 4717 ut
714 4660 973 4733 gratuito
1002 4675 1047 4733 aq
1069 4674 1135 4733 se
1155 4657 1285 4733 dari
1302 4652 1605 4733 ostendat.
1632 4654 1867 4733 Habent

318 4678 595 4730 I‘OIIllSSO,
625 4678 690 4717 ιη
714 4678 973 4733 graIUIIO
1002 4678 1038 4714 a
1069 4678 1135 4712 se
1155 4678 1285 4714 (lari
1307 4678 1605 4733 osicuuut.
1632 4678 1867 4710 naucut

271 4678 453 4790 Eoisl.
484 4733 714 4805 primus
746 4736 796 4788 et
823 4731 1000 4805 Meda
1028 4731 1052 4782 ὁ
1095 4730 1226 4804 ἱερὸν
1278 4725 1340 4805 δ’
1381 4730 1867 4805 αποκ-αταστήσειν.

271 4797 541 4877 Quatuor
584 4803 758 4877 aliis
791 4805 939 4877 ξῗερόςΔ
979 4797 1426 4877 ἀποκατασήσειν.
1485 4798 1638 4877 Harl.
1673 4797 1866 4877 ἱερὸς

269 4866 578 4948 liuet-(£6109
610 4875 761 4948 Editi
791 4866 981 4948 όῖερός
1010 4874 1248 4948 Δονοὲτος,
1288 4873 1538 4948 eseepta
1563 4866 1866 4948 Basileen—

271 4949 322 5004 si
341 4947 624 5030 editione
651 4938 1037 5030 primag’quae
1071 4943 1254 5028 habet
1285 4938 1598 5003 Εὐστᾶθιος.
1637 4938 1867 4998 Vatica-

269 5035 407 5087 nus,
433 5019 539 5090 οὐχ
566 5015 804 5092 Ὅμηρος
831 5015 879 5070 δ’
902 5015 1382 5092 ὖποκατᾳστὴσειν.

343 5081 456 5162 (1.1)
487 5081 677 5164 Ῡριτῆς
714 5081 811 5141 καὶ
839 5093 1042 5164 χιόνος.
1078 5087 1172 5146 Sic
1206 5102 1354 5145 mss.
1405 5085 1669 5158 Septem.
1689 5081 1866 5152 Edltl,

266 5171 450 5240 γριτῆς
479 5166 569 5214 καὶ
589 5167 805 5234 χιόνων,
967 5235 1007 5240 __
1226 5232 1235 5240 Ι
1694 5223 1736 5240 ν

344 5223 453 5308 (12)
507 5223 792 5308 Προνσκυνῶ
859 5249 917 5286 σε
967 5235 1053 5290 Ita
1109 5232 1343 5304 septem
1393 5242 1542 5285 mss.
1600 5223 1862 5282 codices.

267 5306 418 5362 Editl
442 5306 722 5362 προσκυνῶ
746 5323 850 5360 σοι,
1276 5308 1283 5313 “

343 5353 1172 5452 (ᾧ)ίῗέέακριὲἆξώέᾉΟ-αἱιιφιθ
1198 5371 1435 5452 codices
1483 5367 1862 5452 εὲακριϐάζων.

267 5440 817 5575 ξέἂῆίὲξὲκριξώσω.
845 5440 1036 5507 Habet
1065 5440 1248 5506 etiam
1281 5443 1466 5503 editio
1504 5440 1865 5501 Baslileensis

267 5540 445 5575 quat
484 5542 616 5575 αηων

262 5519 616 5595 ἐξακριϐάξιιίν

340 5583 456 5670 (14)
491 5583 748 5670 Λιϐᾳνίῳ.
799 5590 986 5656 Addit
1038 5588 1220 5663 Harl,
1276 5589 1411 5667 πρὸς
1471 5587 1564 5651 τὰς
1628 5583 1870 5662 ἐκεῖ-ερας

1979 4439 2275 4512 ἐπιστολόις.
2310 4440 2390 4495 ad
2419 4444 2739 4512 utramque
2759 4439 3118 4512 epistolam,
3153 4455 3372 4512 nempe
3403 4440 3551 4512 quia
3579 4441 3642 4496 in

1979 4455 2275 4498 επιστολας.
2310 4455 2388 4495 aa
2419 4455 2739 4510 utramque
2759 4455 3071 4507 episwlam
3104 4483 3118 4508 ,
3153 4455 3372 4567 nempe
3403 4456 3551 4512 quia
3579 4455 3639 4496 1n

1978 4511 2096 4567 hoc
2126 4511 2333 4583 codice
2363 4515 2502 4566 ante
2565 4511 2842 4583 ultimam
2889 4510 3207 4583 epistolam
3257 4513 3375 4568 aia
3400 4511 3639 4582 legitur,

1978 4598 2176 4704 quamo
2193 4581 2375 4707 paul?
2401 4584 2537 4653 post
2566 4581 2955 4654 apponimus,
3003 4598 3262 4656 quaeque
3293 4583 3376 4640 sic
3405 4581 3635 4657 incipit,

1978 4672 2032 4705 τι
2070 4673 2144 4704 πα
2184 4674 2273 4707 ων.
2302 4669 2330 4707 e
2362 4668 2414 4707 c.

1978 4672 2032 4705 τι
2070 4668 2273 4709 παυων.
2302 4668 2414 4709 etc.

2054 4696 2356 4796 (15)’[1μῶν
2428 4720 2539 4786 τοῖς
2593 4730 2932 4796 σκώμμασιν.
2998 4723 3158 4785 Harl.
3214 4732 3325 4788 τοῖς
3370 4727 3643 4802 ἡμετέροις

1983 4814 2302 4867 σκώμμασιν
2314 4836 2326 4848 .

2053 4869 2166 4938 (16)
2194 4870 2397 4921 Ψαύων.
2430 4869 2512 4923 Ita
2532 4871 2653 4938 tres
2670 4867 3065 4925 vetustissimi
3093 4867 3334 4926 codices
3361 4885 3504 4926 cum
3524 4872 3643 4930 An-

1981 4937 2244 5010 glicano.
2277 4937 2430 4994 Εάὶῐί
2461 4944 2550 4991 καὶ
2578 4937 2787 5009 ψαύων.

2051 5011 2166 5081 (17)
2213 5012 2685 5081 Δωματίων.Βθε.
2744 5011 3046 5067 secundus
3077 5015 3134 5068 et
3182 5011 3360 5070 Coisl.
3425 5029 3644 5070 secun-

1979 5079 2104 5207 (tiust
2125 5079 2413 5154 δωματίου.
2438 5079 2800 5154 Paulo‘post
2820 5082 2965 5140 editi
3012 5082 3273 5149 ἐπανοίξει.
3325 5087 3464 5143 Mss.
3495 5085 3647 5144 utin

2005 5168 2079 5207 ex
2109 5169 2166 5206 u.

2005 5168 2166 5208 CXII].

2049 5225 2296 5293 “8)wa
2327 5222 2533 5296 αὐτόθι.
2570 5224 2714 5296 Reg.
2743 5224 3048 5284 secundus
3104 5229 3164 5288 et
3209 5226 3390 5288 Coisl.
3427 5242 3642 5287 secun-

1979 5294 2098 5352 dus
2148 5302 2248 5346 τῶν
2289 5295 2526 5354 αὐτόθεν.

2050 5365 2068 5384 '
2097 5365 2260 5421 Alias
2277 5368 2454 5423 CLVI.

2055 5440 2095 5507 ς
2127 5437 2288 5494 Alias
2320 5438 2518 5492 CLVII.

2076 5507 2112 5526 "
2138 5507 2299 5576 Alias
2320 5511 2548 5572 CLVIII.
