4146 6418
366 251 507 308 ιοθγ
1260 253 1746 314 EPISTOLARUM
1783 255 2066 320 CLASSIS
2101 261 2197 320 ιιι.
2237 262 2450 323 EPIST.
2494 267 2816 328 eccum.
3603 283 3740 339 1093

368 374 476 436 ζειν
504 376 636 448 μετὰ
693 373 921 450 σοϐαροῦ
968 383 1061 430 τοῦ
1118 374 1480 452 βαδίσματος,
1513 381 1599 434 οἶά
1644 401 1722 443 τις
1774 380 1978 448 ἀλαζὼν

2104 388 2276 460 carbo
2302 404 2510 461 gressu
2547 393 2845 467 incedere,
2872 399 3059 457 instar
3084 404 3350 460 nominis
3371 406 3741 477 jactantioris

365 469 490 531 τοὺς
545 466 742 529 πάντας
803 475 1139 543 περιφρονῶν.
1206 468 1348 523 Ἐπεὶ
1410 465 1496 524 οὖν
1561 476 1652 526 καὶ
1710 477 1795 526 σοὶ
1844 476 1980 527 κατὰ

2102 491 2299 568 amnes
2329 484 2789 541 contemnentis.
2826 488 3123 554 Quoniam
3152 491 3331 563 igitur
3366 465 3424 551 et
3447 494 3575 568 ipse
3604 512 3739 553 ora-

369 557 533 630 μέθης
587 554 739 628 λόγος
797 560 1106 629 πεπόνηται,
1174 557 1473 633 βουλόμεθα
1535 565 1702 635 τούτῳ
1758 582 1977 640 περιτυ-

2101 565 2310 625 ;ἱοοθω
2337 574 2547 629 contra
2567 571 2914 634 ebrietatem
2936 577 3428 651 elaborasti,eam
3452 554 3738 641 volumus

372 651 508 718 χιῖν.
553 644 708 698 Ἀλλά
770 646 973 720 κομψὸν
1023 651 1113 720 μέν
1174 668 1225 702 τι
1288 648 1453 722 λέγειν
1491 650 1585 704 οὐκ
1624 650 1808 706 ἐθὲλωο
1849 653 1876 705 ό
1917 649 1977 706 δὲ

2104 671 2297 745 egere.
2364 659 2592 717 Interea
2648 667 2850 721 tamen
2907 667 3091 742 lepidi
3143 644 3482 745 quidquam
3544 673 3740 731 dicere

372 732 522 808 λόγος
553 728 720 808 ὀφθεὶς
749 730 962 799 διδάξει
1002 756 1066 812 με
1120 740 1214 800 τὴν
1257 746 1350 794 τοῦ
1396 737 1559 815 λέγειν
1598 740 1712 814 (24)
1758 744 1973 815 τέχνην.

2101 744 2223 802 mlo
2258 764 2270 803 :
2304 747 2410 804 sed
2436 748 2570 823 ipsa
2599 768 2697 808 me
2727 756 2943 827 oratio,
2966 728 3091 815 .ubi
3129 728 3266 818 eam
3297 728 3520 829 iidero,
3547 769 3738 821 artem

2083 834 2325 895 dicendi
2361 838 2618 898 docebit.

909 957 1246 1008 ΕΠΙΣΤΟΛΗ
1284 954 1448 1012 ΤΝΕ.

2600 969 2935 1028 EPISTOLA
2974 974 3239 1034 CCCLV".

1208 1056 1215 1065 ’
1335 1081 1624 1140 Libanius
1661 1084 1899 1142 Basilio
1919 1084 2152 1158 primas
2180 1087 2533 1161 eloquentia:
2557 1092 2773 1164 (te/ert.

887 1203 1134 1268 Λιϐάνιος
1176 1205 1446 1280 Βασιλείῳ,

2617 1219 2909 1279 Libanius
2950 1224 3204 1282 Basilio.

440 1309 596 1384 Ἀρα,
639 1310 890 1380 Bato-0.3a,
930 1316 1002 1386 μὴ
1045 1314 1139 1376 τὰς
1176 1314 1396 1376 Ἀθήνας
1434 1314 1608 1386 οἰκεῖς,
1674 1321 1765 1370 καὶ
1828 1316 1975 1376 λε’ληο

2152 1318 2480 1379 Athenisne
2513 1324 2774 1397 habitas,
2815 1329 3012 1396 Basili,
3047 1334 3106 1388 et
3156 1332 3241 1388 tui
3291 1331 3480 1404 ipsius
3520 1334 3742 1392 oblitus

371 1399 460 1459 θας
522 1403 775 1468 σεαυτόν;
845 1401 920 1453 Οὐ
980 1403 1081 1476 γὰρ
1146 1410 1246 1455 τῶν
1310 1407 1612 1479 Καισαρέων
1675 1407 1724 1459 οἱ
1783 1402 1972 1467 παῖδας

2106 1409 2192 1465 ιεῖ
2224 1412 2351 1466 Non
2378 1413 2542 1469 enim
2567 1416 3023 1475 Caesariensium
3060 1419 3165 1476 ﬁlii
3208 1399 3337 1477 haec
3383 1423 3596 1480 audire
3635 1441 3743 1498 po-

368 1493 536 1540 ταῡτα
593 1484 797 1542 ἀκούειν
845 1485 1127 1548 ἠδύναντο.
1164 1488 1223 1543 Ἠ
1280 1490 1488 1563 γλῶττα
1542 1494 1643 1568 γάρ
1701 1513 1792 1567 μοι
1844 1496 1971 1546 τού-

2105 1505 2346 1559 uerunt.
2377 1504 2501 1559 Mea
2539 1504 2699 1561 enim
2742 1506 2952 1578 lingua
2994 1509 3090 1565 his
3139 1516 3384 1568 assueta
3412 1528 3537 1569 non
3572 1484 3742 1571 erat:

370 1594 471 1628 των
526 1574 648 1639 ἐθὰς
712 1577 805 1629 οὐκ
845 1575 943 1636 ἧνο
1014 1577 1124 1632 ἀλλ’
1179 1582 1403 1654 ὡσπερεί
1458 1600 1575 1634 τινα
1612 1585 1840 1657 κρημνὸν
1882 1579 1972 1636 δι-

2377 1555 2500 1559 ,νη
2545 1555 2699 1561 -___
2742 1555 2952 1578 --ηομ-
2994 1555 3089 1565 ..--
3139 1555 3384 1568 ..--.......
3412 1555 3537 1569 ..νη
3573 1555 3700 1571 νων
3728 1557 3742 1570 .

2109 1589 2193 1644 ιθά
2216 1590 2452 1648 velutin
2486 1593 2776 1667 praacipiti
2797 1596 3066 1668 quodam
3088 1597 3223 1655 loco
3244 1600 3606 1671 incederem,
3644 1619 3746 1660 vo-

371 1660 656 1734 οδεύοντος,
714 1665 978 1739 πληγεῖσα
1026 1676 1089 1742 τῇ
1152 1678 1252 1722 τῶν
1318 1669 1581 1744 ὀνομάτων
1642 1677 1974 1745 καινοτομίᾳ,

2113 1695 2228 1734 ιιιω
2249 1660 2515 1737 novitate
2553 1660 2854 1754 perculsa,
2888 1689 2945 1742 et
2968 1686 3118 1743 mihi
3150 1688 3306 1761 patri
3330 1660 3610 1746 dicebat':
3644 1693 3750 1748 Pa-

373 1751 490 1826 ῧμοί
516 1774 572 1809 τε
601 1763 673 1827 τῷ
700 1761 858 1830 πατρὶ
887 1756 1024 1830 ἔλεγε
1052 1778 1065 1792 ο
1127 1760 1319 1832 Πάτερ,
1368 1760 1462 1812 οὐκ
1502 1756 1769 1824 ἐδίδαξας·
1810 1760 1980 1835 Ὀμη-

2113 1782 2195 1833 er,
2222 1766 2338 1825 ista
2366 1784 2489 1824 non
2528 1769 2784 1829 docuisti
2814 1790 2827 1828 :
2862 1766 3165 1831 Homerus
3202 1781 3295 1833 est
3339 1776 3436 1833 hic
3482 1776 3593 1847 vir,
3625 1779 3750 1835 imo

370 1861 477 1914 ρος,
534 1840 683 1907 οὗτος
742 1843 893 1919 ἀνὴρ,
963 1845 1091 1898 ἀλλὰ
1146 1847 1381 1916 Πλάτων,
1425 1848 1532 1902 ἀλλ’
1592 1849 1976 1923 Ἀριστοτέλης,

2115 1855 2272 1920 ’lato,
2313 1858 2436 1914 imo
2502 1859 2867 1932 Aristoteles,
2928 1863 3051 1921 imo
3116 1866 3378 1928 Susario.
3438 1867 3544 1940 qui
3604 1867 3752 1924 nihil

373 1929 500 1985 ἀλλὰ
542 1939 839 2008 Σουσαρὶων
878 1934 989 2007 (25)
1054 1937 1081 1992 ό
1145 1938 1212 1989 τὰ
1249 1938 1417 1991 πάντα
1480 1940 1835 2011 ἐπιστάμενος.
1879 1945 1981 1994 Καὶ

2111 1948 2405 2016 gnoravit.
2461 1953 2652 2023 Atque
2717 1929 2860 2006 haec
2886 1953 3137 2025 quidem
3193 1954 3424 2026 lingua.
3457 1929 3547 2013 .Tu
3586 1973 3746 2030 vero,

374 2027 542 2073 ταῦτα
578 2024 668 2097 μὶν
725 2024 755 2082 ἠ
816 2022 1040 2096 γλῶττα.
1103 2027 1162 2080 Σὶ
1211 2022 1270 2080 δε
1322 2029 1424 2095 εἴη,
1464 2026 1718 2094 Βασίλειε,
1758 2035 1980 2082 τοιαῦτα

1792 2035 1980 2082 omni?“
2087 2039 2294 2109 Basili,
2320 2039 2500 2096 velim
2525 2022 2775 2097 laudare
2801 2022 3125 2115 mevpossis
3155 2043 3235 2101 ob
3267 2022 3428 2104 talia.

374 2110 514 2185 ἡμᾶς
543 2110 784 2169 ἐπαινεῖν.

844 2226 845 2231 ‘
900 2243 1238 2294 EHIZTOAH
1277 2241 1439 2306 TNg'.
2570 2239 2903 2297 EPISTOLA
2941 2240 3267 2300 CCCLVI

618 2362 952 2435 Respondet
977 2366 1252 2425 Basilius
1280 2367 1552 2439 epistolae
1575 2367 1960 2439 praecedenti,
1992 2383 2166 2442 seque
2202 2367 2567 2439 discipulum
2592 2367 2965 2437 piscatorum
3008 2381 3128 2424 esse
3150 2369 3494 2438 proﬁtetur.

890 2490 1159 2555 Βασίλειος
1197 2491 1452 2566 Λιϐανίῳ.

2646 2492 2902 2548 Basilius
2941 2492 3211 2548 Libanio.

438 2600 747 2668 Δεχομένοις
809 2598 901 2669 μὶν
965 2599 1091 2670 ἡμῖν
1138 2597 1172 2650 ἄ
1226 2601 1461 2673 γράφεις,
1501 2599 1686 2673 χαρὰ-
1730 2599 1983 2655 ἀπαιτου-

2132 2632 2133 2635 η
2163 2603 2307 2667 Qum
2347 2599 2580 2670 scribis,
2632 2599 2862 2671 accipio
2908 2599 3159 2672 quidem
3195 2598 3370 2656 laetus
3404 2616 3418 2656 :
3450 2600 3557 2657 sed
3599 2600 3748 2658 dum

364 2689 535 2758 μένοις
596 2681 654 2737 δέ
711 2689 839 2757 πρὸς
904 2686 940 2737 ἄ
1019 2687 1230 2761 γράφεις
1312 2687 1742 2760 ἆντεπιστέλλειν,
1819 2689 1958 2761 ἀγών

2110 2689 2302 2759 exigis,
2343 2693 2410 2744 ut
2442 2688 2521 2744 ad
2573 2703 2642 2744 ea
2679 2703 2817 2759 quae
2856 2688 3170 2759 scripsisti,
3217 2688 3569 2755 rescribam,
3610 2706 3747 2747 sum

364 2777 430 2830 Ti
475 2774 576 2847 γάρ
630 2774 692 2825 ἄν
741 2776 970 2847 εἴποιμεν
1025 2778 1153 2846 πρὸς
1199 2775 1360 2838 οὕτως
1404 2775 1779 2839 ἂττικίξουσαν
1816 2777 1982 2851 γλῶτ-

2109 2778 2326 2835 tnxius.
2359 2777 2512 2844 Quid
2538 2776 2700 2832 enim
2720 2776 2800 2832 ad
2826 2775 3099 2845 linguam
3132 2776 3286 2833 adeo
3313 2777 3746 2837 atticissantem

366 2876 481 2932 ταν,
545 2860 678 2922 πλὴν
734 2862 813 2918 ὅτι
878 2861 1060 2920 ἁλιέων
1125 2862 1231 2938 εἰμὶ
1293 2866 1553 2944 μαθητὴς,
1613 2865 1850 2945 ὁμολογῶ
1886 2881 1981 2921 και

2109 2867 2364 2932 lixerim,
2395 2865 2509 2922 nisi
2539 2881 2636 2921 me
2664 2864 3033 2939 piscatorum
3060 2880 3188 2921 esse
3219 2864 3584 2938 discipulum
3609 2883 3746 2941 pro-

369 2950 496 3026 φιλῶ
523 2969 537 3021 ;

2086 2955 2239 3015 ﬁteri
2267 2972 2339 3014 ac
2364 2954 2648 3026 gaudere.

895 3084 1235 3139 ΕΠΙΣΤΟΑΗ
1275 3080 1437 3139 ΤΝΖ’.
2433 3080 2532 3157 ιε

2433 3080 2611 3157 462
2646 3080 2988 3137 EPlSTOLA
3028 3080 3398 3137 CCCLVII‘“.

630 3206 819 3278 Rogat
849 3206 1148 3264 Basiliam
1177 3207 1470 3266 Libanius
1496 3212 1564 3265 ut
1587 3209 1703 3268 sibi
1726 3224 2038 3269 maerorem
2068 3208 2264 3266 solvat
2293 3222 2364 3265 ex
2384 3207 2594 3280 aliqua
2623 3206 2793 3262 illius
2822 3205 3068 3275 epistola
3095 3211 3463 3276 conceptum.

885 3330 1134 3394 Λιϐάνιος
1172 3331 1444 3407 Βασιλείῳ.
2003 3336 2043 3391 C

2003 3336 2043 3391 C
2640 3332 2927 3389 Libanz‘us
2953 3331 3195 3388 Basilio.

434 3441 498 3492 Τί
548 3441 725 3492 παθὼν
774 3438 1040 3503 Βασίλειος
1088 3434 1442 3516 ἐδυσχέρανεν
1480 3444 1538 3496 τὸ
1597 3444 1836 3519 γράμμα,
1879 3450 1976 3506 τῆς

2155 3440 2308 3508 Quid
2337 3456 2557 3513 passus
2589 3438 2839 3497 Basilius
2868 3438 3120 3495 moleste
3146 3437 3280 3495 tulit
3322 3438 3571 3508 litteras,
3613 3439 3745 3512 phi-

365 3527 669 3602 φιλοσοφίας
733 3532 791 3583 τὸ
852 3535 1166 3605 γνώρισμα;
1235 3534 1450 3595 Παίζειν
1504 3531 1630 3606 παρ’
1688 3533 1829 3605 ὑμῶν
1869 3528 1975 3584 ἐδι-

2105 3531 2374 3605 osophias
2400 3529 2744 3604 specimen?
2771 3528 2996 3585 Ludere
3018 3543 3056 3585 a
3078 3526 3251 3584 vobis
3271 3527 3467 3584 edocti
3489 3544 3704 3585 sumus
3728 3547 3741 3585 :

367 3615 679 3693 ὃάχθημεν·
750 3617 859 3672 ἀλλ’
915 3622 1053 3694 ὅμως
1106 3621 1174 3671 τὰ
1214 3625 1431 3693 παίγνια
1473 3622 1654 3695 σεμνὰ,
1693 3626 1784 3674 καὶ
1822 3623 1976 3675 οἱονεὶ

2107 3626 2504 3678 rerumtamen
2546 3619 2780 3676 ludicra
2822 3617 3031 3689 gravia
3080 3622 3240 3688 sunt,
3273 3633 3344 3674 ac
3372 3617 3555 3675 veluti
3584 3619 3744 3675 cani-

364 3707 523 3783 πο).ιᾷ
576 3712 858 3783 πρέποντα.
927 3710 1081 3766 Ἀλλά
1144 3715 1277 3788 πρὸς
1339 3720 1435 3775 τῆς
1474 3710 1644 3784 φιλίας
1686 3710 1815 3771 αὐτῆ
1830 3732 1850 3772 ς
1887 3715 1977 3764 καὶ

2109 3712 2226 3768 iem
2276 3710 2568 3766 decentia.
2605 3709 2721 3766 Sed
2754 3724 2862 3781 per
2890 3707 3221 3764 amicitiam
3250 3707 3448 3780 ipsam
3475 3723 3745 3764 commu-

366 3806 467 3850 τῶν
519 3807 700 3851 κοινῶν
763 3797 1070 3876 διατριϐῶν,
1108 3801 1266 3856 λῦσόν
1322 3822 1414 3877 μοι
1475 3806 1569 3861 τὴν
1625 3798 1872 3873 ἀθυμίαν,
1915 3802 1976 3860 ἦν

2111 3815 2313 3873 tesque
2335 3798 2598 3867 scholas,
2629 3797 2773 3854 mihi
2802 3796 2966 3853 solve
2995 3811 3341 3864 maerorem,
3363 3812 3548 3869 quem
3569 3812 3748 3869 pepe-

367 3905 459 3960 μοι
505 3889 667 3940 ἔτεκεν
707 3890 738 3949 ἡ
792 3889 1062 3953 ἐπιστολὴ.
1110 3932 1124 3948 .
1169 3934 1182 3948 .
1229 3936 1243 3950 .
1289 3936 1301 3949 .
1347 3931 1362 3945 .
1408 3935 1422 3949 .
1467 3935 1480 3950 .
1528 3929 1542 3946 .
1589 3932 1603 3949 .
1647 3931 1661 3945 .
1707 3932 1720 3947 .
1765 3932 1780 3946 .
1824 3884 1977 3944 οὐδὲν

2109 3890 2160 3946 ’ἱὶ
2188 3888 2338 3945 mihi
2372 3888 2645 3963 epistola,
2692 3903 2746 3944 a.
2794 3928 2806 3944 .
2853 3927 2869 3946 .
2911 3924 2926 3941 .
2972 3927 2986 3942 .
3032 3924 3046 3947 ι
3091 3927 3107 3944 .
3147 3901 3541 3960 nequaquam
3580 3885 3746 3943 diffe-

370 3974 713 4060 διαφέρουσα.

605 4000 713 4037 ισα.
2085 3993 2242 4036 rens.

904 4113 1242 4164 ΕΠΙΣΤΟΛΗ
1281 4107 1451 4164 ΤΝΙΓ.
2518 4105 2541 4157 I

2518 4078 2853 4158 EPISTOLA
2893 4083 3313 4159 scema-“2

367 4231 539 4291 Dolet
568 4233 858 4291 Libanius
883 4236 1045 4306 quod
1062 4250 1180 4292 non
1196 4235 1273 4292 sit
1295 4249 1429 4291 cum
1455 4235 1715 4307 Basilio;
1736 4232 2095 4305 gratulatur
2115 4229 2273 4305 quod
2285 4230 2578 4301 juvenum
2605 4242 2809 4285 curam
2834 4226 3123 4284 suadente
3143 4226 3377 4283 Alcime
3398 4225 3750 4329 susceperit.

899 4359 1145 4422 Λιϐἁνιος
1180 4359 1457 4433 Βασιλείῳ.

2646 4354 2935 4411 Libanius
2962 4352 3204 4408 Basilio.

440 4465 509 4519 Ὠ
562 4470 766 4542 χρόνων
833 4465 1054 4534 ἐκείνων,
1125 4467 1173 4520 ἓν
1240 4470 1317 4530 οἷς
1357 4470 1424 4521 τὰ
1459 4469 1632 4521 πάντα
1669 4464 1796 4540 ἦμεν
1837 4464 1983 4526 ἀλλή-

2167 4465 2210 4520 Ο
2245 4467 2518 4535 tempora
2547 4461 2669 4531 illa,
2701 4460 2923 4534 quibus
2953 4463 3170 4516 cuncta
3198 4456 3458 4514 invicem
3491 4470 3753 4513 eramus.

370 4555 512 4619 λοιςί
568 4564 677 4611 Νῦν
744 4553 1077 4630 διῳκίσμεθα
1127 4564 1363 4632 πικρῶς·
1435 4559 1583 4630 ὑμεῖς
1630 4559 1720 4628 μὲν
1778 4559 1983 4627 ἔχοντες

2151 4570 2265 4610 unc
2309 4552 2525 4609 acerbe
2568 4550 2823 4622 sejuncti
2870 4566 3082 4606 sumus
3118 4567 3131 4606 :
3161 4564 3270 4603 vos
3312 4546 3560 4620 quidem
3583 4543 3758 4601 vobis

375 4644 663 4710 ἀλλή)ους·
732 4646 835 4719 ἐγὼ
894 4643 953 4700 δὲ
1015 4645 1123 4700 ἀνθ’
1187 4648 1331 4719 ὑμῶν
1387 4647 1489 4698 οἶοί
1545 4664 1638 4721 περ
1696 4646 1846 4718 ὑμεῖς
1899 4645 1974 4698 οὐ·

2119 4647 2308 4698 nutuo
2330 4641 2498 4714 potiti
2522 4659 2535 4710 ;
2564 4656 2677 4712 ego
2707 4655 2851 4696 vero
2871 4654 2980 4712 pro
3000 4637 3175 4696 vobis
3197 4636 3504 4694 neminem
3522 4633 3756 4690 habens

378 4731 522 4794 δὲνα.
562 4738 660 4790 Τόν
710 4732 769 4789 δὲ
821 4734 1073 4809 Ἀλκιμον
1121 4734 1293 4788 ἀκούω
1344 4737 1411 4788 τὰ
1447 4739 1568 4788 νέων
1608 4733 1658 4786 ἐν
1694 4739 1837 4810 γήρᾳ
1873 4734 1987 4787 τολ-

2122 4732 2277 4788 vestri
2299 4730 2576 4787 similem.
2600 4733 2780 4787 Porro
2812 4727 3110 4785 Alcimum
3143 4726 3328 4784 audio
3353 4740 3447 4781 res
3463 4725 3759 4795 juvenum

377 4830 499 4898 μᾴν,
559 4828 818 4901 καὶπρὸς
871 4828 964 4884 τὴν
1020 4825 1220 4899 Ῥώμην
1280 4827 1550 4893 πέτεσθαι,
1589 4826 1865 4897 περιθέντα
1904 4842 1988 4877 σοι

2123 4836 2162 4878 n
2194 4824 2497 4877 senectute
2528 4818 2772 4886 audere,
2806 4822 2864 4875 et
2905 4817 2985 4874 ad
3028 4819 3282 4874 Romam
3314 4814 3540 4881 volare,
3588 4817 3760 4887 post-

378 4917 466 4968 τόν
524 4922 617 4968 τοῦ
676 4921 903 4969 συνεῖναι
949 4921 1056 4977 τοῖς
1110 4911 1422 4989 παιδαρίοις
1466 4918 1646 4969 πόνον.
1695 4916 1762 4966 Συ
1803 4910 1883 4982 δὲ,
1924 4915 1991 4966 τά

2124 4926 2289 4984 [nam
2318 4926 2460 4966 eum
2501 4908 2775 4965 laborem
2802 4906 2910 4964 tibi
2950 4906 3261 4979 imposuit,
3296 4908 3361 4962 ut
3388 4919 3530 4959 eum
3559 4906 3761 4977 pueris

379 5026 437 5059 τε
492 5005 621 5058 ἀλλα
680 5008 846 5080 πρᾶός
905 5025 1002 5072 τις,
1060 5010 1151 5058 καὶ
1206 5012 1361 5060 τοῦτο
1401 5008 1563 5067 οἴσεις
1602 5003 1661 5056 οὐ
1699 5002 1943 5076 χαλεπῶς
1975 5020 1989 5034 ο

2128 5016 2377 5057 naneas.
2408 5002 2491 5055 Tu
2514 5015 2678 5066 vero,
2709 5014 2849 5054 cum
2875 4996 3034 5053 circa
3064 4995 3182 5053 alia
3208 5009 3455 5068 quoque
3481 5007 3765 5051 mansue-

376 5095 491 5152 ,ἐπεὶ
519 5099 610 5149 καὶ
641 5096 764 5169 ἡμῖν
803 5101 894 5148 τοῦ
934 5093 1141 5169 γράψαι
1177 5099 1424 5170 πρότερον
1477 5093 1571 5147 οὐκ
1624 5095 1782 5166 ἔσχες
1836 5091 1993 5165 χαλε-

2132 5107 2203 5147 us
2233 5091 2337 5160 sis,
2358 5090 2475 5146 hoc
2499 5089 2684 5145 etiam
2713 5104 2837 5145 non
2859 5102 3018 5159 aegre
3047 5086 3235 5155 feres;
3262 5083 3764 5160 quandoquidem

375 5194 512 5250 πῶς.
2106 5196 2219 5237 nec
2250 5178 2576 5236 molestum
2609 5177 2715 5234 tibi
2740 5177 2871 5248 fuit,
2899 5180 2963 5235 ut
3009 5175 3089 5234 ad
3112 5191 3226 5234 nos
3253 5175 3421 5250 prior
3449 5171 3765 5231 scriberes.

460 5329 574 5403 (24)
612 5333 716 5381 Τοῦ
742 5326 917 5399 λείαν.
946 5326 1038 5403 S_i_c
1065 5342 1209 5403 mss.
1233 5330 1486 5403 septem.
1513 5324 1667 5403 Editi
1692 5331 1784 5403 τοι]
1804 5324 1988 5397 λόγου.

1022 5341 1038 5381 3
1065 5342 1209 5403 mss.
1233 5330 1486 5403 septem.
1513 5324 1667 5403 Editi
1692 5331 1784 5403 τοι]
1804 5324 1988 5397 λόγου.
2183 5322 2659 5403 ξῖλλέὶειεὴεμξέιηε

461 5387 928 5529 ἰὲᾓϋῑονὲἷςξῖῗ.
962 5396 1274 5455 Medicaeus
1300 5387 1502 5455 codex
1533 5387 1884 5474 Σουδαρίων.”
2183 5393 2662 5523 :Zdiizﬁgotelcrii
2708 5391 3079 5457 Monument.
3113 5393 3220 5452 Ec.
3268 5392 3370 5449 Gr.
3407 5393 3447 5447 t.
3482 5390 3548 5459 ll,
3589 5400 3651 5459 p.
3681 5387 3770 5441 96.

465 5474 487 5496 ⁰
609 5488 678 5530 as
894 5512 907 5527 .
2441 5506 2454 5534 τ

750 5580 996 5643 Pauci.
1035 5578 1136 5635 Gn.
1180 5575 1379 5641 XXXII.

3437 5569 3505 5627 35
