4146 6370
469 215 608 275 1099

673 301 684 311 ’
961 341 1302 397 EPISTOLA
1341 338 1640 396 occur.

1828 211 1886 270 S.
1930 212 2180 272 BASILII
2220 211 2442 274 MAGNI

3700 213 3838 274 1100

2758 341 3095 392 ΕΠΙΣΤΟΛΗ
3134 343 3221 394 TN
3226 336 3304 394 ϐ’.

464 465 784 522 Silentium
819 463 1070 519 Libanio
1102 463 1450 533 exprobrat,
1490 462 1767 530 Basilius,
1801 475 1976 532 seque
2004 460 2089 515 ait
2118 460 2372 515 libenter
2405 459 2486 515 ad
2533 476 2665 515 eum
2709 461 3076 531 volaturam,
3108 462 3162 517 si
3183 462 3430 533 ticeret;
3475 463 3581 518 sed
3613 477 3750 518 cum
3784 464 3846 519 id

1682 548 1804 588 non
1838 535 2034 598 liceat,
2061 547 2359 588 sermones
2388 534 2640 588 mittere.

1025 659 1273 714 Basilius
1305 658 1572 713 Libanio.

535 768 620 821 Tu
647 766 892 838 quidem
938 767 1038 836 qui
1073 767 1410 820 universam
1456 769 1725 818 veterum
1772 767 1961 817 artem
2015 765 2120 818 tua

465 856 526 911 in
557 860 756 911 mente
783 854 1149 921 conclusisti,
1172 854 1377 910 tandiu
1405 854 1562 920 siles,
1583 853 1735 907 adeo
1760 857 1821 906 ut
1849 868 1922 906 ne
1952 851 2011 905 in
2033 850 2117 906 lit-

464 945 602 1001 teris
646 945 893 1017 quidem
943 943 1172 1016 aliquid
1217 943 1363 998 lucri
1405 943 1705 998 concedas
1755 941 1949 998 nobis.
1997 944 2118 1010 Ego

462 1050 624 1103 vero,
657 1034 704 1089 si
734 1039 864 1089 tuta
892 1033 1043 1088 foret
1085 1032 1305 1087 Daedali
1337 1049 1456 1102 ars,
1489 1032 1567 1088 ad
1592 1038 1645 1088 te
1677 1030 2000 1092 venissem,
2031 1030 2118 1088 fa-

464 1123 704 1180 bricatis
728 1123 873 1178 Icari
909 1122 1038 1177 alis.
1082 1127 1359 1177 Attamen
1383 1122 1676 1195 quoniam
1704 1136 1822 1175 non
1857 1123 1992 1176 licet
2029 1135 2119 1174 cc-

460 1227 592 1268 ram
623 1212 732 1267 soli
763 1212 1168 1279 committere;
1201 1227 1312 1283 pro
1341 1210 1541 1266 Icariis
1575 1211 1704 1280 alis,
1738 1211 1907 1266 mitto
1940 1209 2014 1264 ad
2065 1213 2118 1262 te

459 1316 790 1366 sermones,
815 1302 918 1373 qui
950 1301 1275 1356 ostendant
1304 1301 1632 1355 amicitiam
1657 1306 1946 1356 nostram.
1984 1298 2119 1352 Haec

457 1395 549 1445 est
570 1394 772 1446 autem
799 1394 1014 1445 natura
1041 1404 1415 1456 sermonum,
1447 1394 1511 1443 ut
1537 1389 1755 1444 animae
1787 1388 2118 1444 insidentes

458 1494 696 1534 amores
752 1477 1105 1534 manifestos
1146 1476 1389 1534 faciant.
1447 1482 1636 1549 Atque
1683 1479 1812 1533 haec
1870 1476 2117 1550 quidem

459 1583 787 1623 sermones.
846 1570 929 1623 Tu
998 1582 1136 1622 vero
1206 1566 1530 1622 adduxeris
1591 1582 1694 1621 eos
1753 1579 2117 1639 quocunque

457 1657 659 1726 voles;
695 1661 872 1730 atque
921 1657 1101 1712 tantis
1149 1655 1375 1711 viribus
1424 1656 1733 1728 praeditus,
1779 1661 1964 1712 taces.
2001 1654 2115 1709 Ve-

454 1759 593 1800 rum
619 1745 699 1801 ad
718 1762 829 1802 nos
855 1761 1098 1820 quoque
1121 1760 1460 1801 sermonum
1481 1744 1678 1801 fontes
1714 1743 1983 1814 transfer,
2010 1741 2116 1817 qui

456 1833 563 1907 qui
588 1850 661 1890 ex
691 1850 793 1892 ore
822 1839 926 1891 tuo
948 1834 1278 1907 proﬂuunt.

972 1960 1310 2016 EPISTOLA
1351 1959 1571 2016 CCCLX

2151 659 2199 710 Α

2766 655 3029 716 Βασίλειος
3076 655 3304 729 Λιϐανιῳ

2300 765 2365 813 Συ
2423 765 2511 834 μὲν
2552 762 2670 820 ὅλην
2719 766 2812 820 τὴν
2862 771 2959 814 τῶν
3015 763 3248 815 παλαιῶν
3299 768 3492 836 τέχνην
3523 763 3572 816 ἐν
3613 774 3675 838 τῇ
3721 785 3842 818 σαυ-

2226 858 2316 902 τοῦ
2382 851 2726 911 κατακλείσας
2795 847 3023 923 διανοίᾳ,
3087 859 3334 904 τοσοῦτον
3394 857 3676 924 σιγᾷς,’ὡς
3713 851 3842 926 μηδ’

2227 938 2274 991 ἐν
2314 940 2613 999 ἐπιστολαῖς
2665 942 2789 1012 ἡμῖν
2840 936 3052 992 διδόναι
3110 960 3160 992 τι
3227 937 3542 1014 κερδαίνειν.
3589 943 3718 1014 Ἐγὼ
3760 941 3838 1012 δὲ,

2229 1032 2366 1103 εἰπερ
2435 1026 2494 1086 ἦν
2557 1027 2777 1101 ἀσφαλὲς
2843 1031 2872 1086 ἡ
2935 1026 3026 1080 τοῦ
3090 1025 3424 1082 διδασκάλου
3479 1032 3595 1097 (26)
3653 1038 3838 1103 τέχνη,

2229 1115 2382 1175 ἦλθον
2449 1119 2509 1168 ἄν
2574 1119 2717 1191 παρὰ
2786 1121 2888 1186 σοὶ,
2955 1121 3298 1190 ποιησόμενος
3360 1119 3565 1192 Ἰκάρου
3629 1125 3830 1192 πτερόν.

2228 1205 2364 1258 Ἀλλ’
2418 1207 2556 1277 ὅμως
2622 1202 2804 1262 ἐπειδή
2875 1205 2968 1256 οὐκ
3008 1208 3120 1257 ἔστι
3159 1214 3445 1258 πιστεῦσαι
3483 1208 3606 1279 ἡλίῳ
3644 1213 3820 1281 κηρόν,

2229 1294 2342 1346 ἀντὶ
2405 1302 2506 1346 τῶν
2575 1294 2779 1368 Ἰκάρου
2846 1302 3060 1366 πτερῶν,
3123 1293 3409 1347 ἐπιστέλλω
3469 1315 3550 1348 σοι
3622 1297 3833 1368 λόγους,

2228 1381 2528 1445 δεικνύντας
2593 1388 2690 1440 τὴν
2755 1386 3004 1457 ἡμετέραν
3060 1383 3257 1455 φιλίαν.
3324 1387 3483 1445 Φύσις
3539 1383 3596 1437 δέ
3651 1385 3838 1456 λόγων,

2227 1476 2502 1546 μηνύουσα
2547 1476 2664 1532 τοῦς
2729 1476 2862 1524 κατά
2909 1472 3096 1544 ψυχὴν
3148 1475 3364 1545 ἔρωτας,
3427 1479 3528 1527 Καὶ
3557 1482 3724 1526 ταῦτα
3751 1478 3840 1545 μὶν

2228 1565 2276 1614 οἱ
2313 1562 2476 1632 λόγοι.
2537 1566 2600 1614 Σὺ
2669 1561 2860 1622 αὐτοὺς
2924 1562 3070 1631 ἄγοις
3111 1563 3240 1613 ὅπου
3281 1561 3460 1634 βούλει
3491 1581 3502 1592 ’
3565 1569 3654 1614 καὶ
3693 1562 3842 1620 τηλι··

2227 1659 2411 1703 κοῦτον
2462 1653 2654 1726 κράτος
2717 1655 3046 1722 κεκτημένος,
3109 1657 3332 1722 σιωπᾷς.
3378 1651 3535 1702 Ἀλλὰ
3580 1654 3843 1723 μετάστη-

2231 1760 2319 1793 σον
2359 1744 2448 1791 καὶ
2499 1737 2575 1811 ἐφ’
2628 1741 2767 1812 ἡμᾶς
2795 1743 2888 1800 τὰς
2935 1737 3036 1790 ἀπὸ
3079 1747 3171 1791 τοῦ
3205 1744 3468 1812 στόματός
3497 1759 3591 1793 σου
3621 1750 3723 1792 τῶν
3759 1740 3846 1792 λό-

2229 1851 2333 1902 γων
2363 1831 2560 1902 πηγάς.

2789 1959 3126 2008 ΕΠΙΣΤΟΛΗ
3165 1953 3279 2007 ΤΞ.

745 2085 831 2140 De
858 2089 1070 2141 sancta
1111 2085 1407 2140 Trinitate
1433 2089 1484 2140 et
1518 2086 1966 2150 Incarnatione,
1997 2087 2344 2139 sanctorum
2376 2079 2772 2147 invocatione,
2811 2093 3134 2149 eorumque
3165 2077 3549 2148 imaginibus.

658 2209 759 2264 Ea:
788 2209 1042 2278 epistola
1071 2209 1152 2264 ad
1179 2211 1497 2266 Julianum
1527 2209 1901 2279 Apostatam.

525 2388 868 2445 Secundum
901 2387 1356 2443 immaculatum
1392 2387 1575 2443 ﬁdem
1618 2388 2106 2458 Christianorum,

450 2495 639 2552 quam
671 2478 958 2532 divinitus
990 2493 1198 2532 sumus
1231 2477 1416 2532 sortiti
1457 2478 1765 2543 conﬁteor,
1827 2482 1879 2532 et
1930 2481 2111 2531 testor

451 2584 549 2624 me
571 2566 810 2622 credere
831 2566 891 2621 in
924 2583 1114 2620 unum
1149 2569 1333 2621 Deum
1357 2569 1588 2622 Patrem
1609 2567 2105 2638 omnipotentem,

452 2659 640 2712 Deum
661 2659 915 2724 Patrem,
948 2658 1129 2710 Deum
1156 2655 1388 2723 Filium,
1423 2658 1609 2710 Deum
1643 2656 1924 2728 Spiritum
1974 2671 2108 2710 san-

450 2750 613 2802 ctum
643 2761 656 2799 :
682 2759 871 2799 unum
903 2747 1110 2810 Deum,
1143 2743 1253 2799 tria
1279 2744 1466 2799 adoro
1497 2751 1554 2799 et
1593 2745 1880 2813 gloriﬁco.
1912 2744 2106 2800 Conﬁ-

447 2839 577 2892 teor
602 2841 803 2891 autem
824 2840 879 2890 et
903 2835 1024 2890 Filii
1042 2836 1101 2889 in
1128 2851 1306 2890 carne
1333 2834 1869 2908 dispensationem,
1897 2840 1953 2891 et
2007 2836 2104 2891 Dei

450 2926 803 2982 Genitricem
855 2929 1128 2980 sanctam
1181 2925 1443 2990 Mariam,
1496 2939 1630 2996 quas
1674 2925 1842 2980 illum
1897 2939 2105 2980 secun-

448 3017 596 3072 dum
625 3032 869 3072 carnem
897 3015 1145 3086 peperit.
1191 3016 1463 3088 Suscipio
1501 3021 1703 3073 autem
1757 3021 1814 3071 et
1864 3021 2106 3072 sanctos

444 3105 771 3177 apostolos,
807 3105 1132 3178 prophetas
1163 3109 1220 3160 et
1251 3115 1547 3176 martyres
1573 3121 1584 3169 ;
1619 3110 1675 3160 et
1702 3105 1780 3160 ad
1808 3105 2104 3177 supplica-

447 3194 693 3262 tionem,
726 3211 861 3266 quae
891 3194 957 3249 ﬁt
989 3197 1126 3260 Deo,
1149 3195 1261 3248 hos
1291 3194 1530 3262 invoco,
1552 3197 1614 3248 ut
1634 3211 1741 3265 per
1761 3211 1881 3265 eos,
1909 3195 1968 3249 id
1992 3200 2102 3260 est,

445 3283 944 3340 interventionem
994 3298 1223 3353 eorum,
1280 3283 1575 3355 propitius
1630 3282 1804 3354 463
1842 3285 1988 3340 mihi
2032 3287 2106 3343 sit

445 3373 789 3430 misericors
850 3375 1023 3438 Deus,
1073 3377 1130 3428 et
1180 3372 1533 3428 delictorum
1578 3373 1725 3428 mihi
1770 3374 2103 3447 redemptio

445 3462 570 3530 ﬁat,
603 3467 661 3519 et
705 3462 1098 3518 condonetur.
1145 3462 1309 3517 Unde
1353 3467 1408 3517 et
1467 3463 1842 3520 characteres
1888 3466 2102 3535 imagi-

445 3568 596 3609 num
617 3568 826 3608 eorum
850 3552 1081 3608 honoro
1113 3557 1168 3607 et
1191 3551 1428 3607 osculor
1449 3552 1684 3620 eximie,
1709 3570 1846 3609 cuin
1875 3555 1967 3610 has
1990 3560 2104 3612 tra-

444 3641 582 3698 ditae
633 3642 748 3698 sint
789 3660 826 3698 a
871 3642 1095 3698 sanctis
1127 3639 1432 3713 apostolis,
1469 3658 1576 3698 nec
1618 3643 1733 3699 sint
1760 3645 2100 3714 prohibita,

440 3731 566 3790 imo
593 3733 656 3790 in
677 3731 962 3790 omnibus
993 3731 1259 3790 ecclesiis
1280 3732 1498 3788 nostris
1522 3732 1774 3804 depictas
1805 3735 1940 3792 sint.

910 3929 1249 3987 EPISTOLA
1289 3930 1627 3986 CCCLXV“.

2147 2209 2186 2260 Β
2230 2205 2318 2258 Ἐκ
2358 2212 2451 2266 τῆς
2493 2202 2768 2264 ἐπιστολῆς
2816 2202 2975 2256 αὐτοῦ
3027 2205 3156 2276 πρὸς
3200 2202 3475 2261 Ἰουλιανόν
3527 2205 3615 2254 τὸν
3671 2223 3847 2278 παρα-

2937 2290 3120 2348 ϐάτην.

2295 2382 2440 2432 Κατὰ
2492 2385 2584 2438 την
2649 2381 2816 2432 θεόθεν
2884 2377 3361 2454 ἑπικεκληρωμένην
3427 2381 3553 2451 ἡμῖν
3617 2377 3850 2452 ἀμώμη-

2217 2490 2300 2522 τον
2367 2474 2546 2522 πίστιν
2613 2477 2736 2520 τῶν·
2774 2477 3103 2541 Χριστιανῶν
3142 2467 3379 2539 ὁμολογῶ
3419 2474 3507 2520 καὶ
3552 2471 3848 2540 συντίθημι

2217 2562 2480 2612 πιστεύειν
2537 2558 2610 2618 εἰς
2663 2558 2748 2612 ἕνα
2810 2560 2940 2612 Θεὸν
3000 2561 3206 2632 Πατέρα
3247 2559 3665 2631 παντοκράτορα,
3704 2561 3843 2609 Θεὸν

2216 2652 2301 2702 τὸν
2342 2652 2567 2721 Πατέρα,
2639 2651 2769 2702 Θεὸν
2834 2650 2920 2700 τὸν
2980 2649 3120 2714 Υίὸν,
3191 2649 3319 2698 Θεὸν
3385 2650 3442 2698 τό
3510 2652 3724 2720 Πνεῦμα
3776 2651 3840 2706 τὸ

2216 2740 2405 2809 ἅγιονο
2475 2740 2562 2793 ἕνα
2620 2739 2769 2798 Θεὸν,
2834 2738 2902 2796 τὰ,
2965 2741 3086 2810 τρία
3150 2743 3428 2810 προσκυνῶ
3467 2740 3555 2788 καὶ
3597 2733 3834 2799 δοξάζω.

2214 2827 2478 2902 Ὀμολογῶ
2527 2824 2586 2882 δὲ
2633 2831 2722 2884 καὶ
2777 2830 2872 2884 τὴν
2927 2833 3017 2878 τοῦ
3065 2827 3188 2880 Υἱοῦ
3217 2828 3465 2896 ἕνσαρκον
3503 2825 3834 2898 οἰκονομίαν,

2213 2923 2303 2969 καὶ
2359 2921 2610 2968 Θεοτόκον
2659 2919 2753 2972 τὴν
2801 2916 2935 2965 κατὰ
2972 2917 3142 2986 σάρκα
3181 2920 3432 2964 τεκοῦσαν
3475 2913 3629 2964 αὐτὸν
3673 2911 3833 2984 ἁγίαν

2214 3013 2442 3076 Μαρίαν.
2510 2997 2866 3077 Δέχομαιλδε
2931 3008 3020 3055 καὶ
3085 3007 3201 3078 τοὺς
3266 3001 3444 3073 ἁγίους
3484 3001 3829 3073 ἀποστόλους,

2213 3101 2498 3172 προφήτας,
2568 3099 2658 3146 καὶ
2722 3094 3013 3167 μάρτυρας,
3081 3098 3170 3144 καὶ
3229 3091 3301 3154 εἰς
3357 3097 3451 3150 τὴν
3508 3095 3639 3166 πρός
3695 3097 3828 3145 Θεὸν

2217 3189 2415 3238 ἱκεσίαν
2455 3187 2666 3243 τούτους
2722 3181 3088 3254 ἐπικαλοῦμαι,
3129 3188 3221 3233 τοῦ
3289 3178 3365 3234 δι’
3431 3181 3615 3243 αὐτῶν,
3659 3183 3824 3252 ἦγουν

2216 3272 2310 3326 διὰ
2357 3283 2451 3335 τῆς
2496 3277 2758 3346 μεσιτείας
2811 3271 2998 3334 αὐτῶν,
3044 3270 3185 3323 ἰλεὼν
3216 3289 3308 3345 μοι
3339 3273 3574 3341 γενέσθαι
3609 3272 3692 3320 τὸν
3733 3290 3814 3341 γιο

2212 3364 2510 3438 λάνθρωπον
2578 3365 2727 3427 Θεὸν,
2795 3365 2885 3412 καὶ
2949 3359 3131 3431 λύτρον
3191 3379 3281 3431 μοι
3330 3368 3428 3410 τῶν
3478 3361 3818 3430 πταισμάτων

2211 3455 2452 3527 γενέσθαι
2491 3457 2580 3504 καὶ
2634 3447 2897 3508 δοθῆναι·
2968 3450 3078 3500 ὅθεν
3141 3453 3227 3500 καὶ
3295 3452 3416 3510 τοῦς
3478 3456 3826 3523 χαρακτῆρας

2212 3554 2311 3597 τῶν
2366 3544 2591 3596 εἰκόνων
2633 3541 2798 3593 αὐτῶν
2857 3548 2991 3611 τιμῶ
3051 3543 3142 3590 καὶ
3190 3546 3487 3612 προσκυνῶ,
3531 3538 3645 3589 κατ’
3687 3536 3828 3600 ἐξαί-

2208 3652 2354 3710 ρετον
2419 3635 2610 3684 τούτων
2677 3625 3112 3704 παραδεδομένων
3171 3626 3224 3679 ἐκ
3286 3635 3386 3677 τῶν
3469 3626 3630 3698 ἁγίων
3695 3625 3829 3678 ἀπο·

2215 3722 2427 3792 στόλων,
2469 3726 2559 3774 καὶ
2611 3719 2706 3772 οῦκ
2737 3719 3190 3790 ἀπηγορευμένων,
3242 3715 3344 3768 ἀλλ’
3384 3717 3432 3767 ἐν
3474 3719 3669 3778 πάσαις
3707 3724 3833 3780 ταῖς

2212 3811 2514 3874 ἐκκλησίαις
2543 3813 2688 3883 ἡμῶν
2708 3811 2901 3861 τούτων
2926 3805 3387 3881 ἀνιστορονμίνων.

2750 3938 3086 3985 ΕΠΙΣΤΟΛΗ
3124 3930 3285 3984 ΤΞΑΖ

444 4058 872 4125 Apolinarium
904 4056 1166 4110 consulit
1202 4069 1412 4111 auctor
1443 4057 1696 4123 epistolae
1725 4059 1796 4114 de
1836 4061 1979 4115 usis:
2019 4067 2072 4117 et
2116 4063 2463 4118 substantia
2504 4059 2805 4116 vocabulis
2831 4075 2902 4115 ac
2936 4058 3014 4114 de
3053 4055 3587 4120 consubstantiali;
3615 4071 3688 4111 ac
3713 4049 3837 4111 sibi

517 4129 709 4204 simile
744 4128 870 4182 sine
914 4128 1262 4204 discrimine
1284 4128 1522 4197 fatetur
1566 4131 1756 4199 magis
1806 4131 2045 4199 placere
2089 4149 2269 4204 quam
2301 4132 2836 4190 consubstantiale.
2872 4129 3226 4198 Gregorium
3257 4127 3521 4183 sodalem
3554 4142 3686 4182 cum
3719 4143 3834 4197 pa-

515 4199 778 4254 rentibus
810 4214 930 4254 esse
958 4200 1222 4253 nuntiat.

1087 4323 1453 4390 Apolinario.

515 4413 768 4468 Domino
817 4428 951 4467 meo
1000 4411 1505 4468 reverendissimo
1527 4412 1892 4484 Apolinario,
1946 4415 2100 4471 Basi-

439 4502 578 4558 lius.
611 4506 797 4557 Antea
824 4502 1070 4574 quidem
1112 4501 1191 4556 ad
1231 4507 1285 4556 te
1329 4501 1402 4556 de
1459 4501 1605 4557 locis
1657 4505 2100 4576 Scripturarum

441 4591 715 4646 obscuris
783 4590 1158 4660 scripsimus,
1212 4594 1269 4643 et
1321 4589 1514 4656 gavisi
1557 4606 1768 4646 sumus
1831 4599 1956 4648 tum
2022 4592 2098 4648 de

438 4679 940 4752 responsionibus
971 4679 1108 4742 tuis,
1141 4685 1269 4733 tum
1301 4678 1376 4732 de
1409 4680 1740 4749 promissis.
1766 4684 1933 4736 Nunc
1955 4698 2096 4738 vero

438 4769 638 4839 major
689 4768 866 4822 nobis
893 4768 1052 4821 circa
1079 4767 1314 4836 majora
1364 4783 1509 4822 cura
1529 4767 1844 4837 incumbit,
1879 4772 1941 4824 in
1971 4786 2096 4842 qua

439 4857 624 4913 alium
663 4856 967 4912 neminem
1009 4855 1161 4910 inter
1216 4855 1397 4924 hujus
1463 4858 1752 4928 temporis
1819 4858 2096 4916 homines

433 4947 752 5014 habemus,
787 4945 1087 5014 ejusmodi
1145 4951 1490 5001 consortem
1539 4951 1595 5001 et
1653 4947 2092 5018 auxiliatorem,

434 5036 512 5092 ad
543 5050 727 5107 quem
756 5049 1157 5101 recurramus,
1191 5035 1436 5105 qnalem
1471 5038 1524 5090 te
1546 5035 1723 5090 nobis
1747 5038 1901 5091 Deus
1932 5036 2098 5094 dedit

429 5129 488 5181 et
543 5123 792 5178 scientia
865 5138 1266 5193 sermoneque
1341 5130 1713 5193 accuratum,
1793 5125 2095 5197 simulque

427 5230 678 5272 accessu
707 5211 963 5266 facilem.
1010 5213 1156 5266 Cum
1213 5228 1354 5280 ergo
1406 5212 1443 5266 ii
1490 5213 1593 5284 qui
1644 5218 1862 5269 cuncta
1883 5216 2097 5285 permi-

435 5307 622 5368 scent,
665 5317 736 5356 ac
768 5298 1146 5355 sermonibus
1185 5300 1742 5372 queestionibusque
1770 5302 1978 5358 orbem
2010 5319 2096 5358 re-

504 5429 522 5447 '
555 5423 938 5499 Ex-Cotelerii
966 5423 1333 5478 Monument.
1363 5424 1533 5478 Eccl.
1571 5425 1672 5479 Gr.
1705 5429 1743 5480 t.
1794 5427 1864 5497 Il,
1911 5443 1972 5499 p.
2001 5434 2092 5488 97.

492 5500 533 5519 “
565 5496 727 5556 Alias
758 5495 913 5552 CCV.

2836 4324 3201 4398 ’Δπολιναρίῳ.

2278 4426 2362 4488 Τῷ
2415 4415 2645 4490 δεσπότῃ
2697 4436 2796 4488 μου
2855 4413 3258 4486 αἰδεσιμωτάτῳ
3301 4412 3665 4484 ’Δπολιναρίῳ,
3728 4420 3831 4465 Βα-

2212 4507 2416 4568 σίλειος.
2462 4511 2713 4580 Πρότερον
2753 4509 2842 4576 μέν
2905 4522 2987 4556 σοι
3038 4506 3158 4576 περὶ
3205 4511 3303 4554 τῶν
3347 4501 3394 4552 ἐν
3434 4507 3546 4562 ταῖς
3590 4507 3831 4573 Ι¹ραφαίς

2209 4597 2421 4668 ἀσαφῶν
2505 4593 2882 4665 ἐπεστέλλομεν,
2962 4596 3051 4644 καὶ
3128 4591 3536 4666 ηὐφραινόμεθα,
3619 4591 3691 4649 οἷς
3771 4610 3828 4645 τε

2206 4689 2446 4758 ἔπεμπες,
2480 4685 2558 4745 οἷς
2613 4703 2666 4736 τε
2723 4685 3012 4754 ὑπισχνοῦ.
3059 4687 3165 4732 Νῦν
3207 4676 3265 4732 δὲ
3304 4679 3493 4750 μείζων
3525 4679 3650 4750 ἡμῖν
3689 4679 3821 4752 ὑπὲρ

2205 4776 2452 4847 μειζόνων
2485 4776 2512 4832 η
2550 4777 2756 4847 φροντὶς
2793 4769 3193 4844 προσελήλυθεν,
3237 4767 3308 4828 εἰς
3355 4770 3416 4826 ἣν
3466 4764 3654 4819 οὐδένα
3705 4767 3824 4820 ἓτε-

2205 4884 2292 4938 ρον
2323 4867 2511 4935 ἔχομεν
2551 4865 2598 4913 ἐν
2656 4869 2760 4920 τοῖς
2806 4868 2892 4912 νῦν
2943 4857 3256 4931 ἀνθρώποις,
3296 4864 3529 4908 τοιοῦτον
3577 4860 3817 4907 κοινωνόν

2207 4957 2294 5006 καὶ
2329 4954 2633 5024 προστάτην
2681 4948 3113 5012 ἐπικαλέσασθαι,
3160 4948 3336 4998 ὁποῖόν
3381 4965 3438 4997 σε
3475 4949 3565 4998 καὶ
3604 4944 3652 4997 ἐν
3687 4948 3815 5015 γνὼ-

2207 5061 2288 5095 σει
2325 5046 2415 5094 καὶ
2479 5040 2527 5094 ἐν
2592 5039 2729 5110 λόγῳ
2787 5036 2975 5112 ἀκριϐῆ
3037 5055 3092 5089 τε
3149 5036 3277 5108 ὁμοῦ
3318 5039 3403 5086 καὶ
3441 5034 3750 5108 εὐπρόσιτον
3792 5034 3820 5086 ὁ

2207 5135 2336 5193 Θεὸς
2387 5133 2512 5203 ἡμῖν
2561 5125 2894 5203 ἐδωρήσατο.
2938 5125 3078 5179 Ἐπεὶ
3119 5120 3207 5175 οὖν
3248 5125 3296 5176 οἱ
3341 5123 3509 5175 πάντα
3549 5124 3824 5196 φύροντες,

2204 5224 2290 5271 καὶ
2352 5219 2517 5290 λόγων
2575 5222 2664 5269 καὶ
2728 5217 3040 5287 ζητημάτων
3103 5218 3197 5271 τὴν
3254 5212 3558 5285 οἰκουμένην
3622 5210 3829 5283 ἐμπλή-

2207 5327 2408 5376 σαντες,
2442 5310 2498 5359 τὸ
2527 5314 2624 5368 τῆς
2654 5305 2840 5367 οὐσίας
2869 5309 3050 5375 ὄνομα,
3103 5303 3174 5362 ὡς
3217 5299 3483 5376 ἀλλότριον
3514 5307 3613 5352 τῶν
3668 5301 3826 5353 θείων

2276 5433 2341 5453 “"
2375 5434 2458 5486 Ex
2487 5431 2753 5499 Monum.
2786 5428 2957 5484 Eccl.
2994 5425 3096 5481 Gr.
3130 5428 3170 5482 t.
3206 5423 3273 5496 Il,
3304 5441 3365 5499 p.
3397 5426 3490 5480 84.

2274 5502 2387 5575 (26)
2420 5505 2573 5561 Fort.
2607 5496 2893 5558 Δαιδάλου.
2927 5499 3204 5556 Cornua.
