4146 6368
480 253 614 305 1103

1842 243 1901 300 8.
1951 238 2204 298 BASILII
2251 240 2471 298 MAGNI

3697 261 3842 315 1104

477 378 775 448 quantum
795 388 1008 429 omnes
1038 372 1314 429 homines
1341 371 1534 428 Adam
1570 385 1807 437 sumus,
1837 368 1942 440 qui
1968 382 2128 423 unus

2243 371 2416 439 εκείνῳ
2445 384 2457 398 ·
2489 371 2627 423 καθὰ
2679 375 2769 424 καὶ
2811 375 2898 425 τόν
2951 377 3069 427 Υἱόν
3106 375 3268 449 λέγεις
3316 379 3486 443 καλῶς
3516 389 3670 434 τοῦτο
3713 381 3846 437 εἶναι

477 464 711 529 simus;
745 467 802 518 et
832 462 1040 530 David,
1069 461 1303 517 Davidis
1335 461 1514 527 tilius,
1545 459 1652 531 qui
1684 458 1846 513 idem
1885 455 1960 511 sit
1988 471 2129 512 cum

477 554 613 610 illo:
649 553 801 608 sicut
843 555 897 608 et
932 551 1145 607 Filium
1177 554 1332 606 recte
1372 549 1588 606 asseris
1631 547 1694 603 id
1743 561 1872 604 esse
1919 559 2130 600 secun-

479 644 628 728 dum
658 640 1082 710 substantiam,
1114 639 1280 712 quod
1311 645 1398 695 est
1423 640 1615 693 Pater.
1646 635 1825 691 Aliter
1865 634 2025 690 enim
2050 631 2132 689 Fi-

479 724 595 790 lius
625 747 750 789 non
783 735 941 786 esset
995 731 1170 795 Deus,
1205 744 1346 784 cum
1394 728 1458 782 in
1496 725 1772 782 confesso
1821 724 1896 780 sit
1942 737 2133 778 unum

482 839 612 879 esse
662 837 732 878 ac
781 819 977 876 solum
1015 819 1203 873 Deum
1262 821 1530 874 Patrem:
1577 830 1698 888 quo
1750 817 1926 887 pacto
1972 827 2132 867 unus

482 913 696 979 Adam,
727 910 1046 967 hominum
1077 906 1314 979 generis
1362 907 1684 980 princeps;
1717 910 1774 962 et
1815 919 1976 960 unus
2028 906 2137 958 Da-

479 1002 606 1072 vid,
634 1000 779 1072 regii
827 999 1060 1070 generis
1091 1002 1322 1054 auctor.
1376 1001 1568 1068 Atque
1615 996 1717 1063 ita,
1760 1010 1953 1050 unum
2000 1007 2136 1048 esse

484 1107 674 1162 genus
721 1088 1189 1162 superpositum,
1227 1090 1331 1142 aut
1362 1101 1547 1142 unam
1579 1085 1899 1141 materiam
1935 1081 2134 1152 subje-

481 1187 663 1247 ctam,
716 1179 779 1234 in
831 1179 1002 1233 Patre
1060 1181 1118 1232 et
1175 1174 1350 1241 Filio,
1405 1190 1443 1231 a
1496 1173 1771 1245 cogitatis
1811 1171 2134 1238 auferetur,

482 1286 622 1326 cum
643 1266 1041 1342 principalem
1067 1264 1577 1336 assumpserimus
1602 1262 2028 1335 proprietatem
2043 1275 2138 1315 su-

481 1358 678 1432 premi
703 1355 1005 1430 principii,
1040 1358 1099 1410 et
1145 1368 1368 1425 genera
1411 1369 1484 1407 ex
1519 1367 1810 1422 generum
1857 1346 2141 1423 principi-

481 1449 620 1512 bus,
684 1447 764 1502 ad
819 1443 1191 1514 unigenitam
1249 1441 1482 1514 prolem
1539 1458 1607 1496 ex
1657 1455 1779 1496 uno
1843 1441 2139 1514 principio

482 1539 796 1595 orientem.
823 1538 973 1590 Nam
1001 1531 1382 1603 aliquatenus
1415 1534 1650 1586 tantum
1691 1529 1995 1599 ejusmodi
2043 1547 2138 1586 res

483 1628 548 1684 in
587 1623 1044 1682 similitudinem
1090 1619 1362 1676 veniunt.
1407 1619 1706 1685 Quoniam
1753 1634 1948 1691 neque
1987 1619 2141 1677 Ada~

2243 459 2379 509 κατόι
2419 463 2513 516 τὴν
2557 459 2762 528 οὐσίαν,
2802 464 2923 538 ὅπερ
2978 466 3003 516 ό
3044 471 3245 540 Πατὴρ.
3309 465 3450 521 Ούδε
3505 473 3609 543 γὰρ
3667 472 3850 546 ἑτέρως

2244 543 2304 597 ἂν
2349 543 2410 604 ἧν
2469 550 2599 609 Θεὸς
2648 551 2672 600 ό
2717 553 2858 619 Υἱός,
2913 552 3017 614 ἑνός
3082 555 3496 630 ὁμολογουμένου
3549 567 3641 613 καί
3687 567 3848 634 μόνου

2245 643 2378 688 Θεοῦ
2417 644 2509 688 τοῦ
2555 643 2752 712 Πατρός
2781 655 2794 670 ·
2845 642 2913 704 ὥς
2957 662 3057 695 που
3097 649 3187 697 καὶ
3226 643 3297 708 εἷς
3346 645 3545 722 Ἀδὰμ,
3590 652 3616 702 ὁ
3649 650 3848 726 ἀνθρώ-

2244 743 2352 813 πων
2380 727 2666 799 γενάρχης,
2712 733 2802 781 καὶ
2833 731 2905 792 εἷς
2943 729 3132 804 Δαϐὶδ,
3165 735 3191 785 ό
3237 743 3329 788 τοῦ
3362 736 3638 809 βασιλείου
3668 745 3850 813 γένους

2248 811 2567 888 ἀρχηγέτης.
2616 820 2791 890 Ταύτῃ
2847 823 2906 890 γέ
2955 840 3038 873 τοι
3075 827 3165 875 καὶ
3223 823 3270 876 ἓν
3313 823 3442 879 εἶναι
3494 833 3638 896 γένος
3677 811 3850 883 ὑπὲρ.

2246 906 2494 974 κείμενον,
2527 903 2557 962 ἢ
2597 910 2724 977 μίαν
2776 907 2901 966 ὑλην
2952 911 3312 984 ὑποκειμένην,
3375 914 3459 968 ἐπὶ
3512 920 3716 984 Πατρός
3754 889 3846 972 καὶ

2247 993 2392 1059 Υἱοῡ,
2453 997 2910 1068 περιαιρεθήσεται
2966 1007 3068 1050 τῶν
3115 1002 3386 1072 ὑπονοιῶν,
3441 1006 3564 1058 ὅταν
3759 1028 3844 1080 γε-

2245 1079 2507 1152 ναρχικὴν
2545 1082 2922 1158 παραλάϐωμεν
2964 1084 3206 1147 ἰδιότητα
3234 1100 3330 1154 τῆς
3360 1090 3601 1147 ἀνωτάτω
3641 1079 3838 1170 ἀρχῆς,

2246 1172 2429 1221 καὶτὰ
2475 1169 2530 1222 ἐκ
2568 1180 2668 1224 τῶν
2715 1183 2986 1250 γεναρχῶν
3037 1182 3182 1248 γένη,
3230 1183 3355 1254 πρὸς
3393 1185 3450 1234 τό
3495 1181 3545 1235 ἐκ
3588 1192 3682 1248 τῆς
3709 1191 3840 1258 μιᾶς

2249 1265 2421 1333 ἀρχῆς
2471 1265 2738 1332 μονογενὲς
2790 1267 3056 1338 γέννημα’
3089 1273 3310 1342 μετρίως
3351 1272 3448 1345 γὰρ
3500 1275 3565 1324 τὰ
3616 1283 3840 1327 τοιαῦτα

2251 1349 2321 1411 εἰς
2363 1351 2613 1422 ὁμοίωσιν
2651 1354 2885 1425 ἔρχεται.
2923 1358 3064 1408 Καθό
3105 1355 3246 1429 μηδὲ
3283 1367 3374 1411 τοῦ
3416 1357 3611 1434 Ἀδὰμ,
3639 1367 3701 1424 ὡς
3734 1367 3846 1417 θεο-

2249 1439 2503 1506 πλαστου,
2545 1446 2634 1494 καὶ
2681 1445 2846 1515 ημῶν,
2903 1446 2969 1505 ὡς
3024 1445 3542 1520 ἁνθρωπογεννήτων,
3593 1451 3642 1504 ἓν
3694 1455 3853 1528 ὑπέρ-

2249 1548 2417 1581 κειται
2445 1533 2592 1601 γένος
2623 1547 2636 1560 ⁸
2687 1529 2795 1582 ἀλλ’
2828 1533 2986 1595 αὑτὸς
3015 1532 3296 1610 ἀνθρώπων
3334 1536 3480 1612 ἀρχή
3518 1554 3533 1570 ⁸
3575 1545 3709 1613 μήτε
3752 1541 3851 1601 ὕλη

2251 1623 2396 1676 κοινὴ
2439 1619 2596 1671 αὑτοῦ
2634 1638 2689 1672 τε
2730 1625 2820 1673 καὶ
2874 1624 3043 1694 ἡμῶν,
3077 1622 3184 1675 ἀλλ’
3225 1625 3377 1694 αὑτός
3434 1629 3463 1686 ἡ
3513 1630 3717 1682 πάντων
3759 1629 3856 1682 ἀν-

483 1732 610 1786 mo,
649 1718 715 1770 ut
762 1728 868 1785 per
903 1715 1090 1767 Deum
1131 1709 1391 1778 condito,
1435 1712 1494 1764 et
1531 1707 1728 1775 nobis,
1764 1713 1826 1763 ut
1869 1724 1977 1780 per
2031 1710 2128 1765 ho-

2254 1709 2469 1780 θρώπων
2519 1709 2782 1770 ὑπόθεσις.
2817 1716 2963 1769 Μήτι
3011 1718 3115 1784 μην
3163 1723 3257 1768 τοῦ
3287 1714 3476 1789 Δαϐὶδ,
3517 1727 3730 1774 καὶτοῦ
3769 1727 3857 1795 γέ-

483 1805 679 1861 mines
728 1801 961 1873 genitis,
1021 1813 1214 1854 unum
1272 1797 1700 1870 superponitur
1746 1813 1972 1866 genus;
2035 1799 2140 1854 sed

485 1894 614 1966 ipse
656 1895 745 1947 est
789 1889 1109 1946 hominum
1158 1886 1520 1959 principium
1563 1905 1574 1942 :
1634 1901 1832 1958 neque
1889 1886 2141 1944 materia

485 1981 828 2040 communis
866 1983 956 2035 est
984 1976 1066 2032 illi
1111 1975 1469 2044 nobiscum;
1527 1974 1633 2030 sed
1682 1974 1811 2048 ipse
1855 1981 1942 2031 est
1991 1991 2138 2032 cun-

483 2079 716 2129 ctorum
739 2070 1060 2126 hominum
1081 2064 1773 2136 fundamentum.Neque
1795 2064 1975 2120 etiam
1997 2080 2141 2135 erga

481 2161 774 2218 Davidem
821 2173 892 2214 ac
936 2171 1127 2226 genus
1182 2170 1254 2210 ex
1296 2154 1518 2209 Davide
1561 2159 1783 2220 ortum,
1821 2153 1884 2208 id
1927 2154 2140 2226 praeiu-

481 2253 781 2322 telligitur,
811 2249 872 2304 in
914 2249 1215 2318 quantum
1250 2249 1338 2299 est
1369 2243 1597 2298 David:
1640 2237 2139 2315 quandoquidem

479 2341 724 2398 Davidis
789 2336 1148 2410 proprietas,
1210 2348 1247 2388 a
1310 2331 1538 2387 Davide
1609 2331 1836 2403 incipit,
1897 2338 1953 2388 et
2007 2332 2139 2388 fun-

479 2433 835 2488 damentum
861 2423 1138 2481 omnium
1176 2420 1282 2494 qui
1314 2435 1386 2475 ex
1436 2435 1507 2476 eo
1551 2420 1847 2489 originem
1893 2420 2138 2486 ducunt,

475 2524 607 2595 ipse
665 2521 754 2574 est
810 2533 824 2570 :
883 2513 990 2568 sed
1054 2511 1202 2583 quia
1268 2509 1397 2564 haec
1464 2508 1770 2580 deﬁciunt,
1825 2509 1887 2564 in
1953 2527 2143 2583 quan-

478 2619 611 2670 tum
637 2609 770 2666 aliae
798 2608 936 2660 sunt
973 2599 1438 2657 communitates
1492 2599 1767 2654 omnium
1822 2599 2142 2658 hominum

479 2703 558 2759 ad
583 2699 868 2764 invicem,
915 2691 1127 2765 quales
1164 2690 1417 2745 fratrum
1452 2707 1463 2745 :
1498 2688 1766 2745 at'circa
1817 2688 2054 2746 Patrem
2087 2698 2145 2750 et

477 2791 689 2849 Filium
729 2787 846 2842 hoc
885 2798 1011 2839 non
1033 2779 1312 2852 reperies,
1342 2777 1448 2833 sed
1491 2793 1561 2835 ex
1609 2782 1735 2833 toto
1773 2777 1947 2834 Pater
1981 2781 2143 2851 prin-

476 2882 725 2954 cipium,
767 2879 825 2932 et
850 2873 1030 2929 Filius
1080 2886 1153 2926 ex
1183 2868 1501 2942 principio.
1540 2869 1736 2932 Quare
1781 2883 1890 2922 nec
1935 2869 2138 2926 distri-

473 2974 645 3029 butio
666 2973 754 3025 est
785 2963 960 3039 primi
991 2962 1052 3017 in
1089 2958 1448 3026 secundum,
1475 2957 1640 3013 velut
1662 2957 1724 3012 in
1755 2959 2132 3031 corporibus,

2249 1815 2368 1858 νους
2406 1804 2497 1849 τοῦ
2537 1795 2591 1849 ἐκ
2631 1795 2818 1864 Δαϐὶδ,
2849 1809 3252 1875 προεπινοεῖται,
3284 1808 3414 1858 καθό
3447 1806 3618 1862 Δαϐὶδ
3649 1827 3660 1840 ·
3715 1810 3854 1865 ἐπεί-

2248 1906 2342 1960 περ
2375 1887 2404 1945 ἡ
2430 1894 2520 1938 τοῦ
2561 1884 2725 1940 Δαϐὶδ
2765 1885 2991 1957 ἰδιότης,
3025 1890 3126 1942 ἀπὸ
3154 1901 3247 1944 τοῦ
3270 1892 3440 1948 Δαϐιδ
3471 1899 3721 1969 ἄρχεται,
3762 1906 3855 1953 καὶ

2250 1977 2279 2034 ἠ
2313 1978 2560 2038 ὑπόθεσις
2588 1984 2686 2028 τῶν
2718 1976 2770 2039 ἐξ
2814 1978 2971 2031 αὑτοῦ
3000 1981 3224 2050 πάντων,
3279 1983 3436 2047 αὑτός
3468 2005 3480 2018 ·
3509 1985 3619 2039 ἀλλ’
3664 1988 3849 2050 ἐπειδὴ

2248 2074 2416 2118 ταῦτα
2482 2064 2835 2131 ἀπολείπεται,
2905 2071 3034 2122 καθὸ
3114 2070 3245 2124 εἰσιν
3307 2075 3476 2146 ἕτεραι
3550 2083 3852 2144 κοινότητες

2251 2155 2532 2228 ἀνθρώπων
2605 2157 2844 2210 ἁπάντων
2898 2164 3027 2232 πρός
3079 2160 3356 2231 ἀλλήλους,
3409 2167 3514 2218 οἶαι
3580 2168 3643 2220 ἆν
3694 2167 3850 2223 ἁδελ-

2251 2254 2390 2318 φῶν⁶
2439 2245 2522 2298 ἐπὶ
2571 2243 2629 2298 δὲ
2677 2251 2882 2322 Πατρός
2933 2254 3021 2302 καὶ
3071 2256 3196 2303 Υίοῦ
3240 2261 3474 2307 τοιοῦτον
3530 2257 3624 2310 οὑκ
3682 2262 3849 2330 ἔστιν,

2251 2333 2379 2387 ἀλλὰ
2415 2338 2472 2388 τό
2511 2335 2624 2423 ὅλον
2683 2341 2864 2410 Πατὴρ
2925 2337 3088 2411 ἁρχὴ,
3141 2345 3229 2393 καὶ
3258 2345 3377 2405 Υἱός
3421 2346 3476 2396 ἐκ
3513 2353 3608 2410 τῆς
3651 2347 3849 2423 ἀρχῆς.

2252 2424 2454 2476 Οὐκοῦν
2495 2421 2618 2477 οὐδὲ
2658 2423 3012 2500 ἁπομερισμός
3069 2436 3159 2480 τοῦ
3204 2436 3454 2506 προτέρου
3506 2435 3575 2496 εὶς
3611 2421 3695 2489 τό-
3733 2435 3853 2492 δεύ-

2250 2532 2416 2589 τερον,
2471 2515 2645 2588 ῶσπερ
2694 2515 2777 2566 ἐπὶ
2833 2519 3106 2588 σωμάτων,
3150 2516 3258 2570 ἀλλ’
3290 2519 3652 2593 ἀπογέννησις.
3711 2526 3856 2582 Οὐδὲ

2251 2607 2349 2677 γὰρ
2390 2605 2420 2661 ἡ
2466 2608 2671 2678 Πατρός
2703 2601 2912 2665 ἰδιότης
2958 2608 3193 2682 καθάπερ
3248 2609 3317 2671 εἰς
3368 2613 3486 2663 Υἱόν
3516 2612 3854 2693 ⁸όιπομεμέριο

2254 2712 2397 2763 σται,
2431 2692 2540 2744 ἀλλ’
2579 2695 2608 2751 ἡ
2661 2700 2750 2746 τοῦ
2790 2696 2914 2746 Υἰοῦ
2953 2694 3008 2747 ἐκ
3038 2705 3128 2758 τῆς
3166 2705 3258 2750 τοῦ
3297 2704 3502 2776 Πατρός
3554 2701 3807 2779 ἐκπέφηνε
3834 2723 3848 2739 ·

2250 2785 2432 2836 τουτόν
2482 2781 2530 2833 ἐν
2579 2781 2858 2856 ἑτερότητι,
2900 2789 2990 2836 καὶ
3037 2785 3206 2860 ἕτερον
3255 2787 3302 2840 ἐν
3353 2795 3673 2850 ταυτότητι’
3715 2800 3851 2851 καθὸ

2247 2871 2450 2944 λέγεται
2510 2875 2716 2944 Πατέρα
2769 2867 2897 2924 εἶναι
2950 2871 2998 2925 ἐν
3062 2877 3184 2946 riga,
3232 2881 3322 2930 καὶ
3371 2881 3489 2931 Υὶόν
3542 2879 3591 2933 ἐν
3649 2890 3846 2961 Πατρί,

2247 2964 2380 3014 Οὔτε
2443 2963 2542 3036 γὰρ
2595 2963 2625 3018 ἡ
2682 2961 2918 3036 ἑτερότης
2974 2962 3146 3027 ἁπλῶς
3195 2966 3404 3038 φυλάξει
3450 2974 3542 3029 τὴν
3602 2971 3848 3032 ἀλήθειαν

471 3076 689 3119 verum
722 3050 1125 3127 generationis
1180 3046 1538 3120 productio:
1580 3061 1777 3118 neque
1818 3047 1981 3103 enim
2023 3050 2128 3106 Pa-

2240 3059 2337 3112 τῆς
2375 3053 2629 3120 νεότητος,
2675 3052 2791 3104 οὔτε
2829 3053 2858 3109 ἠ
2910 3057 3165 3115 ταυτότης
3196 3052 3260 3107 αὖ
3308 3060 3365 3109 τό
3415 3057 3696 3132 ἀμέριστον
3743 3074 3845 3130 τῆς

474 3152 579 3208 tris
627 3145 967 3222 proprietas
1020 3138 1181 3194 velut
1223 3137 1284 3192 in
1343 3135 1552 3191 Filium
1596 3134 1791 3192 divisa
1839 3135 1970 3206 fuit,
2022 3138 2128 3194 sed

476 3239 600 3298 Filii
637 3234 977 3310 proprietas
1016 3244 1088 3284 ex
1135 3230 1388 3299 paterna
1416 3224 1680 3296 prodiit:
1733 3224 1894 3282 idem
1943 3226 2004 3282 in
2035 3227 2126 3283 di-

471 3328 772 3391 versitate,
821 3327 878 3378 et
933 3319 1238 3376 diversum
1285 3313 1349 3369 in
1399 3312 1706 3370 identitate
1750 3331 1762 3366 :
1818 3316 2130 3386 quomodo

474 3419 692 3475 dicitur
719 3419 954 3472 Patrem
999 3422 1132 3463 esse
1175 3405 1237 3460 in
1287 3402 1452 3471 Filio,
1499 3405 1557 3458 et
1584 3402 1796 3459 Filium
1838 3405 1897 3460 in
1934 3405 2126 3463 Patre.

475 3515 678 3582 Neque
723 3503 884 3562 enim
932 3495 1243 3555 diversitas
1292 3491 1569 3549 absolute
1617 3493 1880 3550 servabit
1915 3495 2130 3552 verita-

471 3580 597 3658 tem
623 3590 948 3653 ﬁliationis,
994 3601 1106 3642 nec
1144 3598 1353 3640 rursus
1380 3580 1662 3637 identitas
1705 3581 2131 3642 indivisionem

472 3691 880 3764 hypostaseos
914 3698 928 3737 :
976 3675 1083 3733 sed
1125 3679 1451 3744 utrumque
1495 3674 1890 3742 conjunctum
1937 3680 2026 3730 est
2058 3691 2129 3732 ac

471 3759 657 3838 unius
712 3772 911 3840 modi;
961 3767 1124 3824 idem
1173 3763 1428 3829 diverse,
1469 3759 1533 3817 et
1573 3760 1876 3818 diversum
1911 3765 2127 3823 eodem

469 3868 696 3935 modo;
745 3867 813 3920 ut
855 3853 1175 3920 vocabula,
1207 3867 1344 3922 quae
1387 3849 1467 3906 ad
1515 3849 1602 3905 rei
1653 3848 2123 3910 declarationem

467 3959 804 4034 pertingere
835 3948 1309 4020 nequeunt,'per
1354 3939 1479 3994 vim
1523 3937 1908 3996 adducantur
1940 3960 1953 3998 :
1985 3959 2125 3999 con-

466 4028 747 4106 iirmante
796 4033 1252 4105 intelligentiam
1315 4033 1587 4085 n0stram
1653 4028 1927 4098 Domino,
1981 4048 2122 4090 cum

465 4153 577 4212 per
603 4147 817 4190 vocem
847 4129 1046 4197 major
1062 4123 1109 4158 ⁵ο
1141 4123 1376 4176 Patrem
1401 4116 1649 4189 quidem
1689 4117 1752 4172 in
1777 4120 2118 4192 aequalitate

465 4206 763 4297 majorem
792 4215 1056 4282 exhibet,
1099 4209 1308 4267 Filium
1362 4223 1506 4262 vero
1545 4206 1606 4261 in
1651 4207 1873 4262 minori
1920 4211 2116 4280 gradu

460 4294 783 4392 praeditum
837 4301 1214 4386 aequalitate:
1258 4294 1689 4392 quod_docuit,
1721 4295 1783 4351 in
1837 4297 2113 4368 ejusdem

2239 3142 2620 3202 ὑποστάσεως*
2656 3139 2764 3191 ἀλλ’
2812 3141 3046 3220 ἑκάτερόν
3089 3145 3389 3217 σύμπλοκον
3436 3155 3527 3201 καὶ
3567 3151 3787 3217 ένοειδές
3822 3179 3836 3190 .

2241 3234 2428 3282 ταυτὸν
2460 3231 2659 3305 ἑτέρως,
2699 3234 2788 3282 καὶ
2829 3231 2996 3304 ἕτερον
3043 3236 3324 3298 ὡσαύτως·
3388 3239 3470 3290 ἵνα
3518 3261 3599 3303 τις
3634 3245 3696 3295 τὰ
3725 3246 3834 3318 ῥή-

2239 3340 2400 3394 ματα,
2465 3325 2536 3394 μὴ
2599 3319 2936 3394 ἐφικνούμενα
2988 3331 3083 3384 τῆς
3141 3320 3440 3394 δηλώσεως,
3473 3328 3774 3390 ἐκϐιασηται
3811 3350 3827 3365 ⁸

2241 3407 2575 3482 βεϐαιοῦντος
2621 3412 2746 3482 ἡμῖν
2795 3417 2888 3462 τού
2934 3416 3128 3486 Κυρίου
3159 3417 3252 3472 τὴν
3285 3417 3498 3484 ἔννοιαν,
3540 3425 3626 3473 καὶ
3680 3420 3727 3473 ἐν
3757 3425 3835 3476 τῶ

2240 3500 2432 3572 μείζων
2476 3502 2565 3572 μὲν
2629 3499 2836 3557 ἰσότητι
2891 3501 3028 3572 ('28),
3089 3507 3408 3576 παριστάναι
3459 3510 3547 3560 τόν
3608 3480 3841 3584 Πατέρα,

2238 3592 2325 3641 τόν
2367 3586 2428 3642 δὲ
2459 3592 2598 3660 Υἰόν,
2635 3587 2682 3640 ἐν
2723 3588 2978 3643 ὑποϐάσει
3023 3595 3082 3642 τό
3131 3595 3246 3644 ἶσον
3277 3597 3504 3666 ἔχοντα·
3539 3600 3661 3672 ὅπερ
3726 3565 3846 3655 έδίί

2241 3675 2393 3741 δαξεν
2433 3677 2480 3730 ἐν
2527 3675 2758 3750 ὁμοειδεῖ
2812 3682 2922 3753 μὲν,
2979 3681 3227 3754 ὑφειμένῳ
3283 3680 3342 3736 δὲ
3385 3691 3516 3758 φωτὶ
3571 3697 3702 3742 νοεῖν
3749 3697 3846 3746 τόν

2238 3768 2378 3834 Υἰόν,
2439 3772 2510 3840 μὴ
2553 3773 2646 3826 την
2707 3767 2892 3821 οὐσίαν
2939 3768 3361 3844 ἐξαλλάττὸντας,
3417 3773 3546 3829 ἀλλὰ
3596 3782 3652 3830 τό
3713 3781 3847 3836 αὑτό

2235 3855 2613 3932 ὑπερϐεϐληκὸς
2651 3862 2739 3909 καὶ
2795 3856 2843 3910 ἐν
2891 3860 3068 3931 ὑφέσει
3125 3863 3460 3936 θεωροῦντας.
3495 3868 3573 3922 Oi
3599 3871 3690 3940 μὲν
3735 3874 3845 3942 γὰρ

2334 3923 2342 3932 ι
2932 3923 2942 3931 ·
3220 3923 3230 3936 Ι
3425 3923 3436 3926 “
3599 3923 3608 3940 Ι
3827 3923 3837 3925 ⁷

2231 3949 2324 4005 την
2364 3946 2548 3998 οὐσίαν
2596 3945 2643 3998 ἐν
2685 3942 2912 4020 οὐδεμιᾷ
2947 3952 3231 4008 ταυτότητι
3264 3950 3704 4029 παραδεξάμενοι,

2232 4038 2481 4110 ὁμοίωσιν
2531 4036 2711 4100 ἔξωθεν
2762 4040 2992 4111 φέροντες
3049 4047 3119 4109 τῷ
3172 4042 3275 4112 Υίῷ
3336 4047 3715 4118 προστιθέασιν
3751 4066 3763 4078 ·
3815 4051 3844 4104 ὃ

2230 4122 2297 4185 δὴ
2354 4130 2444 4178 καὶ
2509 4127 2602 4187 ἔως
2655 4124 2935 4201 ἀνθρώπων
2986 4123 3266 4198 διαϐαίνει,
3317 4140 3416 4184 τῶν
3466 4135 3829 4210 ὁμοιουμένων

2224 4223 2296 4285 τῷ
2338 4223 2471 4286 Θεῷ.
2507 4217 2571 4266 Oi
2598 4211 2655 4267 δε
2681 4219 2768 4273 τὴν
2803 4217 3051 4287 ὁμοίωσιν
3095 4226 3199 4279 τοῖς
3241 4227 3499 4295 ποιήμασι
3527 4230 3844 4299 πρέπουσαν

2227 4300 2442 4372 εἰδότες,
2471 4303 2519 4356 ἐν
2550 4308 2832 4363 ταυτότητι
2861 4308 2952 4378 μὲν
2995 4310 3081 4358 τόν
3114 4311 3232 4361 Υίόν
3266 4314 3594 4366 συνάπτουσι
3635 4323 3837 4394 Πατρὶ,

461 4384 681 4481 speciei
709 4400 978 4475 quidem,
1011 4384 1072 4450 at
1101 4386 1365 4446 inferiori
1416 4384 1594 4481 465
1619 4385 1876 4481 ⁵Ιιιιιιὶῐιο
1906 4388 2112 4446 intelli-

2239 4394 2466 4466 ὒφειμένη
2501 4389 2559 4446 δε
2585 4401 2646 4466 τῇ
2696 4398 2980 4451 ταυτότητι
3004 4416 3015 4428 ·
3053 4395 3136 4448 ἵνα
3173 4403 3244 4470 μὴ
3281 4399 3436 4463 αὐτὸς
3467 4404 3492 4454 ὁ
3542 4384 3762 4480 Πατήρ,

459 4475 599 4570 gere
619 4494 870 4558 Filium;
926 4500 1051 4543 non
1104 4477 1488 4538 immutando
1542 4475 1966 4546 substantiam,
2003 4481 2111 4537 sed

455 4566 908 4645 considerando
927 4575 1112 4641 idem,
1144 4575 1202 4627 et
1231 4566 1507 4641 superius
1547 4569 1603 4621 et
1630 4566 1693 4621 in
1727 4567 1938 4623 ordine
1965 4568 2112 4626 infe-

451 4675 614 4734 riori.
639 4675 709 4730 At
731 4671 896 4727 enim
924 4663 1030 4738 qui
1071 4656 1475 4718 substantiam
1504 4654 1566 4710 in
1599 4654 1768 4711 nulla
1796 4656 2109 4714 identitate

452 4764 799 4827 admittunt,
849 4749 1304 4812 similitudinem
1359 4743 1731 4800 extrinsecus
1792 4743 2108 4802 afferentes

450 4853 599 4910 Filio
628 4848 956 4921 adjiciunt:
993 4838 1160 4914 quod
1207 4851 1351 4892 sane
1381 4832 1460 4890 ad
1495 4832 1660 4921 ipsos
1707 4848 1956 4907 quoque
2001 4835 2107 4891 ho.

450 4941 644 4998 mines
681 4920 890 4995 transit
941 4930 1047 5003 qui
1080 4931 1196 4983 Deo
1235 4920 1552 4982 assimilati
1590 4924 1752 4976 sunt.
1813 4921 1924 4987 Qui
1962 4939 2106 4980 vero

449 5029 824 5100 cognoscunt
839 5016 1294 5078 similitudinem
1315 5011 1603 5068 creaturis
1624 5011 2104 5082 convenientem,

445 5120 509 5177 in
551 5117 859 5176 identitate
906 5107 1156 5182 quidem
1201 5102 1412 5160 Filium
1453 5117 1592 5157 cum
1628 5103 1799 5156 Patre
1854 5101 2106 5172 conjun-

445 5215 614 5282 gunt;
639 5205 748 5263 sed
767 5199 1078 5262 identitate
1101 5193 1529 5260 submissiore;
1552 5207 1629 5247 ne
1657 5191 1788 5263 ipse
1810 5194 1978 5247 Pater
2007 5192 2098 5264 sit,

2223 4487 2374 4553 μέρος
2404 4486 2628 4555 Πατρός,
2671 4482 2705 4534 ἂ
2745 4479 2981 4545 δυνατῶς
3009 4491 3333 4560 παρίσταται
3372 4498 3466 4560 τῷ,
3499 4491 3651 4556 ἀλλος
3682 4479 3834 4558 Υἱός.

2222 4569 2358 4622 οὑτω
2399 4575 2544 4640 Θεὸς,
2592 4572 2697 4644 οὐχ
2728 4575 2796 4634 ὡς
2841 4572 3048 4642 ἐκεῖνος,
3087 4573 3195 4627 ἀλλ’
3237 4580 3304 4640 ὡς
3336 4577 3389 4642 ἐξ
3416 4577 3632 4650 ἐκείνου,
3676 4585 3736 4637 οὐ
3767 4591 3834 4640 τὸ

2220 4665 2582 4733 πρωτότυπον,
2650 4661 2758 4713 ἀλλ’
2815 4662 2980 4716 εἰκών.
3050 4661 3213 4726 Οὗτος
3266 4667 3558 4741 ὁμοοὺσιος,
3636 4672 3836 4747 ἐξηρηο

2219 4753 2386 4820 μένως
2415 4753 2559 4825 παρὰ
2587 4751 2758 4804 πάντα
2805 4757 2895 4804 καὶ
2945 4749 3292 4818 ἰδιαζόντως·
3336 4757 3442 4829 οὑχ
3491 4762 3558 4821 ὡς
3594 4764 3660 4814 τὰ
3701 4765 3833 4835 ὀμο-

2217 4847 2365 4909 γενῆ,
2424 4839 2529 4912 οὑχ
2577 4843 2646 4902 ὡς
2684 4843 2750 4892 τὰ
2796 4840 3236 4916 όιπομεριξόμενα,
3277 4843 3384 4897 ἀλλ’
3417 4850 3486 4910 ὡς
3515 4849 3570 4902 ἐκ
3599 4859 3690 4903 τοῦ
3717 4855 3830 4915 ἕνός

2215 4929 2396 5000 γένους
2426 4933 2516 4981 καὶ
2555 4925 2726 4991 εἴδους
2777 4939 2873 4993 τῆς
2905 4933 3168 5001 θεότητος,
3209 4933 3258 4986 ἓν
3289 4941 3378 4988 καὶ
3408 4941 3564 5008 μόνον
3603 4938 3823 5010 ἀπογέν-

2215 5036 2376 5088 νημα,
2410 5015 2695 5092 ἀδιαιρέτῳ
2725 5025 2814 5072 καὶ
2845 5019 3108 5093 ἀσωμάτῳ
3138 5020 3350 5097 προόδῳ
3383 5039 3398 5054 ⁸
3428 5028 3546 5080 καθ’
3575 5028 3634 5086 ἣν
3662 5033 3821 5102 μόνον

2214 5109 2273 5158 τό
2299 5115 2484 5178 γεννῶν
2511 5107 2560 5160 ἐν
2598 5117 2661 5181 τῇ
2693 5119 2966 5183 γεννητικῇ
3022 5108 3273 5180 ἰδιότητι,
3330 5115 3584 5188 προῆλθεν
3617 5119 3684 5180 εἰς
3723 5125 3827 5180 τὴν

2211 5199 2517 5265 γεννητικὴν
2555 5197 2670 5266 (29)
2700 5194 2964 5255 ἰδιότητα.

445 5300 542 5358 vel
569 5313 714 5374 pars
745 5290 964 5358 Patris;
1002 5303 1138 5360 quae
1169 5287 1445 5357 potenter
1479 5282 1973 5338 demonstrantur
2015 5297 2122 5353 per
2171 5283 2344 5351 illud,
2383 5285 2548 5342 Alius
2582 5287 2794 5354 Filius;
2823 5291 2910 5345 sic
2958 5292 3133 5359 Deus,
3178 5307 3303 5349 non
3348 5297 3423 5352 ut
3446 5294 3563 5366 ille,
3611 5297 3722 5354 sed
3754 5307 3833 5359 ut

516 5427 564 5461 ⁵ο
593 5427 763 5480 Joan.
796 5435 918 5486 xw,
952 5419 1040 5470 28.

519 5584 634 5654 (28)
665 5585 818 5640 Fort.
849 5578 1064 5652 μείζονα
1092 5575 1154 5648 με
1186 5571 1232 5625 ἐν
1265 5589 1339 5624 ισ.
1369 5568 1641 5624 COTELER.

2283 5572 2392 5644 (29)
2424 5573 2583 5631 Fort.
2621 5579 2889 5645 γεννητην.
2916 5577 3115 5633 COI‘EL.
