4146 6374
306 359 447 418 1105

1167 351 1696 425 ξΕΡιετοιΑΒυΜ
1738 359 2027 421 CLASSIS
2079 359 2171 416 III.
2212 359 2429 417 EPIST.
2468 358 2776 417 CCCLXIV.

3532 316 3670 416 ιίοο

307 498 379 540 ex
405 482 505 539 illo
531 499 545 551 ;
577 497 703 540 non
724 479 1101 558 primitivum
1136 482 1466 557 exemplar,
1499 483 1607 541 sed
1635 483 1860 556 imago.
1895 485 1997 543 Hie
2018 482 2568 553 eonsubstantialis,
2599 482 2905 558 praecipue
2931 497 3113 556 super
3142 481 3351 538 omnia
3388 485 3447 539 et
3491 497 3673 555 pecu-

304 571 559 641 liariter;
592 588 717 630 non
747 577 1041 646 tanquam
1073 588 1144 629 ea
1173 589 1310 645 quae
1337 578 1477 629 sunt
1495 573 1769 646 ejusdem
1798 575 2052 646 generis,
2078 590 2201 631 non
2223 580 2517 646 tanquam
2549 589 2622 630 ea
2649 589 2788 646 quae
2817 571 3139 650 distributa
3169 575 3343 640 sunt;
3371 571 3479 629 sed
3507 564 3673 628 velut

304 677 377 717 ex
406 676 531 718 uno
562 676 781 733 genere
810 677 1056 735 unaque
1087 661 1287 734 specie
1312 661 1663 733 divinitatis,
1690 678 1816 721 una
1843 668 1902 720 et
1930 663 2064 721 sola
2086 663 2430 736 progenies,
2462 661 2779 719 individuo
2808 666 2865 718 et
2905 660 3275 733 incorporali
3303 675 3669 733 progressu:

303 765 412 823 per
430 766 614 824 quem
640 750 809 825 quod
829 754 1077 824 generat
1105 766 1363 809 manens
1391 750 1455 808 in
1475 752 1825 822 generativa
1854 753 2242 827 proprietate,
2273 752 2654 827 processitin
2683 752 2950 824 genitam
2981 752 3433 826 proprietatem.

840 933 1174 984 ΕΗῙΣΤΟΔΗ
1213 928 1368 986 ΤΞΓ.

2504 932 2839 990 EPISTOLA
2865 932 3201 991 CCCLXlll'.

305 1034 632 1095 Laudatur
668 1051 861 1108 supra
884 1038 1039 1095 alios
1066 1038 1370 1108 Scipturte
1400 1036 1755 1107 interpretes
1804 1037 2229 1167 Aplolinariitis,
2260 1039 2338 1096 ab
2391 1054 2570 1112 eoque
2610 1040 2863 1109 petitur,
2894 1044 2963 1095 ut
3008 1054 3069 1096 se
3097 1038 3172 1095 de
3198 1037 3372 1095 rebus
3401 1038 3671 1097 obscuris

1703 1124 1886 1167 consu
1918 1125 1939 1163 ι
1966 1126 2049 1167 pa
2079 1127 2139 1167 aa
2169 1126 2265 1167 ur.

1703 1124 1939 1167 consuli
1962 1124 2265 1182 patiatur.

916 1250 1192 1328 Ἀπολιναρ
1201 1254 1280 1324 ίῳ.
1929 1238 1978 1292 Α

373 1361 457 1429 Τῷ
497 1352 728 1431 δεσπότῃ
774 1376 895 1431 μου,
944 1366 1015 1430 τῷ
1060 1356 1465 1433 αἱδεσιμωτοίτῳ
1505 1355 1695 1431 ἀδελῷ,
1747 1359 1904 1414 ’Λπο-
1982 1390 1987 1395 ι

301 1443 535 1519 λιναρίῳ,
601 1447 886 1509 Βασίλειος.
957 1451 1316 1522 Διημάρτομεν
1390 1456 1490 1502 τῶν
1570 1452 1902 1522 προφάσεων,

306 1527 384 1584 δι’
407 1533 475 1584 ὧν
532 1531 647 1593 ἓνῆν
699 1542 1003 1607 προσειπεῖν
1052 1555 1146 1589 σου
1194 1540 1287 1595 τὴν
1337 1535 1623 1605 εὐλάϐειαν,
1669 1541 1905 1610 καίτοιγε

304 1617 477 1685 ἡδέως
529 1621 590 1674 ἂν
655 1621 740 1676 ἐπὶ
791 1631 902 1687 τοῖς
953 1624 1261 1700 γράμμασιν
1311 1628 1522 1688 ἐκείνοις
1578 1624 1905 1680 ἐπιστείλαν-

304 1729 405 1773 τες.
433 1714 491 1765 Σε
539 1713 639 1786 γὰρ
688 1711 737 1766 ἓν
796 1721 969 1787 σιωπῇ
1027 1719 1271 1788 κατέχειν
1309 1719 1403 1775 τὴν
1438 1711 1634 1774 ἡδονὴν
1674 1714 1751 1769 ἐπ’
1781 1714 1907 1768 ἐκεί-

305 1807 415 1863 νοις
459 1802 721 1874 ἥσθημεν.
759 1799 957 1865 Ὀντως
1011 1805 1113 1878 γὰρ
1181 1806 1306 1877 ἡμῖν
1360 1800 1541 1866 ἔδοξας
1592 1799 1664 1864 οἷς
1719 1806 1911 1857 πεπνῦ-

311 1892 456 1943 σθαι·
516 1898 616 1942 τῶν
670 1890 1050 1965 ἑρμηνευόντων
1101 1889 1159 1945 δὲ
1219 1897 1366 1945 σκιαὶ
1424 1890 1705 1945 ἀίσσουσιν
1770 1894 1905 1963 (30)·

312 1979 476 2040 οὕτως
498 1976 573 2031 ἐπ’
602 1977 866 2053 ἀσφαλοῦς
899 1989 993 2043 τῆς
1024 1976 1257 2042 διανοίας
1298 1985 1393 2040 τὴν
1450 1980 1700 2053 εξήγησιν
1744 1982 1908 2054 ἄγων.

313 2072 415 2121 Καὶ
470 2075 558 2119 νῦν
616 2064 685 2125 δὴ
737 2067 886 2122 πλέον
936 2069 962 2121 ὁ
1017 2071 1138 2145 ἔρως
1180 2078 1268 2131 τῆς
1308 2074 1549 2142 γνώσεως
1613 2077 1713 2123 τῶν
1767 2072 1911 2124 θείων

308 2156 493 2229 λογίων
546 2157 767 2213 ἅπτεται
802 2166 893 2220 τῆς
933 2159 1089 2233 ψυχῆ
1102 2181 1123 2223 ς
1163 2180 1284 2233 μου.
1337 2159 1617 2233 Προϐαλεῖν
1679 2163 1771 2234 μεν
1824 2157 1913 2215 οὖν

313 2266 399 2299 σοι
449 2254 547 2299 τῶν
605 2246 967 2324 ἀπορουμένων
1026 2252 1143 2303 τινὰ
1205 2248 1431 2317 ἀποκνῶ,
1464 2253 1535 2324 μὴ
1598 2245 1737 2313 δοξω
1781 2256 1915 2327 πέρα

310 2343 403 2389 τοῦ
464 2340 655 2412 μέτρου
711 2336 1049 2413 ἐμφορεῖσθαι
1087 2345 1178 2401 τῆς
1233 2340 1554 2415 παρρησίας.
1610 2345 1814 2411 Σιωπᾷν
1856 2336 1915 2393 δὲ

312 2426 465 2480 πάλιν
518 2427 577 2480 οῦ
625 2437 880 2505 καρτερῶ,
927 2426 1127 2482 ὠδίνων
1179 2434 1267 2483 καὶ
1316 2432 1390 2483 ἔτι
1434 2429 1745 2506 προσλαϐεῖν
1786 2429 1917 2504 ἐφιέ-

314 2536 477 2590 μενος.
539 2516 791 2593 Ἀριστον
841 2515 929 2571 οὖν
985 2539 1076 2592 μοι
1141 2521 1400 2592 κατεφάνη
1484 2521 1748 2573 πυθέσθαι
1798 2539 1914 2587 σου,

2648 1254 3029 1326 Apolinario.

2087 1361 2343 1419 Domino
2379 1377 2534 1427 meo,
2565 1363 3070 1419 reverendissimo
3092 1361 3277 1431 fratri,
3299 1361 3666 1436 Apolinario,

2013 1451 2288 1508 Basilius.
2325 1452 2554 1525 Elapsus
2601 1457 2743 1508 sunt
2781 1452 3155 1525 occasiones,
3185 1452 3411 1524 quibus
3450 1452 3672 1509 licebat

2013 1542 2294 1614 pietatem
2324 1546 2490 1598 tuam
2512 1541 2760 1615 alloqui,
2775 1541 2886 1598 etsi
2903 1540 3181 1599 lubenter
3205 1541 3519 1600 adlitteras
3536 1542 3670 1599 illas

2014 1631 2527 1704 rescripserimus.
2560 1633 2633 1689 Te
2674 1630 2836 1688 enim
2883 1631 2945 1687 in
2985 1630 3221 1689 silentio
3269 1630 3538 1689 obtinere
3565 1648 3668 1689 vo-

2014 1721 2308 1794 luptatem
2329 1720 2393 1777 in
2420 1720 2533 1778 illis
2564 1719 2740 1777 lentati
2775 1738 3004 1778 sumus.
3048 1724 3198 1778 Nam
3234 1737 3446 1779 revera
3492 1721 3669 1778 nobis

2015 1811 2179 1867 visus
2209 1826 2272 1866 es
2296 1812 2455 1866 solus
2482 1825 2694 1880 sapere
2724 1827 2736 1865 :
2769 1809 3164 1884 interpretum
3193 1815 3398 1868 autem
3445 1811 3672 1868 umbrae

2019 1900 2275 1956 volitant
2310 1917 2323 1955 :
2354 1898 2438 1956 ita
2484 1898 2564 1955 ad
2618 1898 2883 1955 solidum
2929 1915 3177 1957 sensum
3228 1901 3670 1973 expositionem

2018 1988 2210 2046 ducis.
2243 1991 2310 2044 Et
2338 1991 2495 2044 certe
2527 2002 2690 2044 nunc
2726 1988 3292 2060 cognoscendorum
3322 1989 3669 2047 divinorum

2019 2076 2399 2151 eloquiorum
2441 2076 2662 2149 cupido
2710 2078 3007 2149 majorem
3060 2077 3123 2134 in
3170 2079 3425 2136 modum
3485 2079 3679 2149 tangit

2021 2167 2298 2225 animum
2344 2181 2574 2223 meum.
2629 2169 2702 2222 At
2752 2166 2860 2223 tibi
2916 2183 3253 2240 proponere
3282 2167 3560 2239 quaedam
3606 2183 3677 2224 ex

2024 2254 2224 2312 dubiis
2257 2271 2375 2311 non
2411 2254 2627 2325 audeo,
2654 2271 2730 2311 ne
2761 2255 2964 2312 videar
2994 2256 3149 2313 ultra
3175 2257 3431 2312 modum
3455 2257 3683 2313 ﬁducia

2023 2343 2262 2418 repleri.
2296 2346 2511 2401 Tacere
2544 2361 2685 2401 vero
2714 2344 2931 2401 iterum
2960 2360 3084 2402 non
3133 2349 3428 2416 sustineo,
3476 2352 3682 2420 partu-

2026 2434 2209 2501 riens,
2237 2434 2561 2508 adhucque
2601 2439 2971 2492 antevertere
3028 2436 3312 2506 gestiens.
3355 2438 3552 2502 Quare
3580 2452 3685 2509 op-

2029 2524 2247 2581 timum
2296 2523 2461 2580 factu
2517 2523 2749 2594 censui,
2780 2529 2847 2580 ut
2897 2530 3285 2597 percontarer
3309 2541 3384 2583 ex
3429 2530 3505 2596 te,
3536 2542 3688 2582 num

316 2619 531 2688 πότερον
591 2613 734 2687 ἓφίης
782 2616 929 2689 ἡμῖν,
987 2617 1027 2667 ὦ
1099 2617 1379 2689 θαυμάσιε,
1441 2615 1633 2690 ἐρωτᾷν
1702 2636 1754 2669 τι
1818 2626 1917 2670 τῶν

2032 2615 2440 2687 permissurus
2492 2612 2669 2669 nobis
2719 2613 2822 2683 sis,
2872 2630 2908 2670 ο
2970 2614 3350 2682 admirande,
3410 2614 3691 2671 nonnihil

318 2700 705 2777 ἀπορουμένων,
755 2703 784 2763 ἦ
844 2707 955 2780 χρὴ
1009 2707 1103 2764 τὴν
1148 2706 1385 2778 ἡσυχίαν
1434 2707 1598 2777 οἴγειν.
1650 2704 1921 2780 Ὀπότερον

324 2787 456 2845 δ’ἆν
488 2790 766 2867 ἀποκρίνῃ,
814 2801 969 2847 τοῦτο
1020 2792 1304 2869 φρλάξομεν
1346 2802 1439 2848 τοῦ
1491 2795 1697 2849 λοιποῦ.
1737 2793 1923 2869 Ἐῥρωι

325 2884 472 2954 μένον
528 2900 583 2935 τε
629 2886 720 2937 καὶ
785 2884 1006 2956 εὔθυμον
1073 2885 1164 2936 καὶ
1222 2884 1637 2959 ὑπερευχόμενον
1711 2886 1923 2956 έχοιμέν

329 2988 386 3023 σε
418 2967 722 3033 διαπαντός.

858 3120 1196 3204 ΕΙᾘΣΤΟΛΗ
1243 3114 1401 3174 ΤΞΔ’.

2032 2703 2400 2774 interrogare
2444 2702 2518 2758 de
2572 2703 2996 2774 controversis,
3030 2720 3110 2760 an
3167 2708 3442 2775 oporteat
3488 2710 3690 2761 tenere

1992 2852 2001 2857 _
2033 2791 2357 2848 silentium.
2389 2791 2693 2847 Utrumvis
2739 2807 2920 2863 porro
2947 2792 3340 2864 respondeas,
3371 2791 3433 2848 id
3489 2793 3692 2849 obser-

2032 2880 2315 2937 vabimus
2346 2879 2652 2953 deinceps.
2693 2882 2919 2937 Sanum
2941 2880 3267 2955 laetumque
3294 2885 3350 2937 et
3377 2897 3489 2955 pro
3513 2881 3691 2938 nobis

2035 2974 2308 3027 orantem
2340 2973 2394 3027 te
2420 2969 2842 3044 possideamus
2868 2985 3127 3043 semper.

2438 3112 2782 3171 EPISTOLA
2818 3113 3190 3171 CCCLXIV“.

401 3224 692 3283 Basiliam
717 3224 961 3297 frustra
992 3225 1307 3298 quaesitum
1337 3222 1401 3283 in
1433 3225 1816 3297 Cappadocia
1844 3220 2241 3298 Apolinarius
2268 3219 2474 3279 oblata
2505 3222 2813 3298 occasione
2839 3237 2951 3298 per
2975 3223 3223 3298 litteras
3250 3221 3500 3298 salutat.
3527 3225 3694 3281 Nan-

330 3296 444 3353 tiat
474 3299 702 3355 venisse
718 3294 1032 3368 episcopos
1061 3298 1416 3369 Egyptios,
1455 3294 1768 3367 et's'cripta
1795 3297 1993 3369 allata
2018 3310 2141 3351 esse
2163 3308 2414 3369 prorsus
2438 3294 2779 3369 necessaria
2808 3295 2890 3349 ad
2917 3310 3013 3369 eos
3044 3294 3427 3369 refellendos,
3462 3297 3564 3365 qui
3590 3311 3695 3352 an-

331 3372 425 3424 tea
453 3375 661 3438 aperte
698 3366 1217 3435 co’ntradiceban't,
1238 3366 1410 3425 nunc
1430 3366 2131 3433 occulte’contradicunt,
2160 3366 2509 3422 introducto
2534 3368 2723 3421 simili
2749 3368 3077 3433 secundum
3108 3367 3446 3433 essentiam,
3464 3374 3531 3422 ut
3556 3382 3695 3423 con-

326 3438 718 3513 sybstantiale
763 3440 1113 3513 abrogetur.
1164 3440 1345 3498 Sa'nw
1368 3441 1514 3511 ﬁdei
1549 3441 1954 3509 defensionem
1979 3438 2207 3496 nemini
2246 3439 2442 3509 magis
2488 3453 2820 3509 congruere
2844 3439 3144 3499 declarat.
3178 3453 3359 3511 quam
3389 3439 3607 3495 Basilio
3638 3445 3693 3496 et

332 3509 640 3583 Gregorio.

792 3600 1044 3675 Βασιλείῳ
1084 3601 1464 3674 Ἀπολινοίριος.

397 3712 481 3781 Τῷ
530 3703 761 3783 δεσπότῃ
816 3727 940 3782 μου,
983 3717 1056 3781 τῷ
1091 3710 1439 3781 ποθεινοτάτῳ
1489 3704 1712 3782 ἀδελφῷ,
1767 3713 1928 3761 Βασι-

2529 3598 2753 3657 Basilio
2789 3599 3206 3670 Apolinarius.

2112 3706 2369 3765 Domino
2460 3723 2618 3779 meo,
2677 3707 3131 3780 exoptatissimo
3202 3706 3386 3779 fratri,
3457 3707 3693 3778 Basilio,

327 3795 461 3869 λείῳ,
498 3796 857 3872 Ἀπολινοίριος
895 3798 943 3850 ἓν
996 3802 1171 3873 Κυρίῳ
1225 3803 1455 3875 χαίρειν·
1492 3805 1601 3853 Ποῦ
1786 3802 1926 3870 ἥμην

2041 3796 2426 3869 Apolinarius
2477 3796 2540 3852 in
2593 3796 2846 3852 Domino
2913 3792 3195 3852 salutem.
3254 3795 3512 3852 Ubinam
3562 3796 3695 3868 ipse

330 3887 503 3958 αὐτὸς,
551 3883 803 3959 δέσποτα,
861 3895 961 3941 ποῦ
1012 3884 1072 3941 δε
1127 3889 1157 3947 ἡ
1226 3890 1568 3947 ποθεινοτάτη
1632 3892 1771 3961 φωνὴ
1840 3892 1929 3941 καὶ

327 3978 550 4053 γράμμα
590 3980 650 4030 τὸ
711 3978 968 4046 σύνηθες;
1020 3981 1072 4029 τί
1117 3974 1177 4030 δε
1222 3978 1281 4030 οὐ
1312 3982 1490 4051 παρὼν
1523 3976 1748 4051 ἀμύνεις,
1778 3978 1808 4038 ἦ
1838 3982 1927 4030 καὶ

330 4064 473 4120 ἀπὼν
541 4067 925 4142 παρακελεύεις,
996 4065 1220 4140 πολέμου
1286 4070 1540 4120 τοσούτου
1622 4068 1759 4120 κατά
1831 4075 1929 4130 τῆς

328 4155 593 4219 εὐσεϐείας
634 4155 940 4233 έρῥωγοτος,
1006 4161 1098 4209 καὶ
1148 4158 1294 4229 ἡμῶν
1342 4158 1447 4211 οἷον
1497 4156 1545 4209 ἓν
1585 4161 1719 4231 μέσῃ
1751 4176 1927 4231 παρα-

328 4246 473 4310 τάξει
517 4245 759 4321 βοώντων
814 4249 943 4320 πρὸς
996 4249 1123 4308 τοὺς
1170 4246 1410 4321 ἑταίρους
1453 4243 1547 4300 διὰ
1591 4252 1687 4307 τὴν
1728 4247 1785 4300 ἐκ
1826 4256 1926 4300 τῶν

327 4334 583 4408 πολεμίων
652 4334 815 4408 βίαν;
869 4338 928 4389 Σὲ
984 4332 1065 4405 δὲ,
1117 4333 1232 4389 οὐδ’
1286 4338 1425 4399 ὅπως
1471 4335 1532 4388 ἂν
1591 4337 1923 4411 ζητήσωμεν,

331 4427 542 4497 ἔχομεν·
611 4423 722 4478 imi.
783 4422 926 4498 μηδὲ
986 4426 1046 4479 οὗ
1122 4428 1401 4498 τυγχάνεις
1455 4423 1741 4502 διατρίϐων
1792 4430 1929 4502 εὑρί-

333 4531 546 4585 σκομεν.
578 4511 713 4565 Ἀλλ’
760 4512 1001 4574 ἐζήτησα
1045 4516 1136 4586 μὶν
1179 4514 1232 4567 ἐν
1267 4524 1330 4589 τῇ
1386 4513 1772 4587 Καππαδοκῶν,
1819 4515 1928 4571 imi.

332 4605 425 4655 καὶ
476 4602 641 4665 οὕτως
686 4601 933 4675 ἤγγελλον
972 4604 1021 4655 οἱ
1067 4600 1115 4655 έν
1160 4608 1339 4677 Πόντῳ
1397 4625 1482 4659 σοι
1535 4610 1924 4680 περιτυχόντες,

330 4690 649 4764 ἐπηγγέλθαι
689 4711 747 4745 σε
788 4697 980 4751 ἡᾶττον
1032 4692 1319 4758 ίπανθξειν·
1375 4694 1482 4767 οὐχ
1525 4695 1670 4771 εὗρον
1705 4693 1764 4749 δὲ
1806 4696 1929 4749 ἔνθα

331 4779 573 4843 ἤλπιζον.
622 4787 731 4834 Νῦν
781 4777 841 4834 δε
883 4780 964 4834 ἔτι
1022 4801 1079 4836 σε
1124 4775 1261 4836 κατὰ
1308 4788 1402 4843 τὴν
1472 4784 1631 4844 αὐτὴν
1675 4781 1932 4859 διάγοντα

330 4874 514 4944 χώραν
559 4870 814 4941 ἀκούσας,
869 4870 1023 4934 εὐθὺς
1068 4880 1142 4945 τῷ
1192 4881 1396 4948 μηνυτῇ
1454 4878 1546 4928 καὶ
1593 4877 1654 4929 τὸ
1709 4876 1933 4951 γράμμα

332 4959 670 5035 ένεχείρησα.
721 4960 883 5036 Ὅπερ
944 4957 1242 5035 δεξάμενος,
1292 4968 1366 5033 μὴ
1418 4969 1509 5017 καὶ
1546 4972 1638 5019 τοῦ
1686 4964 1932 5041 ἀντιγρά-

332 5072 439 5126 φειν
471 5050 714 5127 ἀπόσχῃ,
746 5054 811 5113 ὡς
856 5056 948 5105 καὶ
1001 5054 1187 5106 τούτου
1227 5051 1747 5129 συναποδημοῦντος.
1786 5054 1931 5110 Ἰσθι

2037 3902 2227 3953 eram,
2260 3885 2529 3955 domine,
2558 3885 2663 3942 ubi
2715 3901 2858 3941 vero
2906 3884 3416 3941 desideratissima
3465 3901 3609 3954 vox,
3636 3888 3697 3941 et

2038 3979 2336 4032 consuetae
2364 3975 2573 4031 litterae
2594 3974 2622 4030 ?
2652 3989 2760 4030 cur
2789 3979 2991 4031 autem
3020 3990 3146 4031 non
3192 3990 3461 4047 praesens
3490 3974 3695 4031 defen-

2037 4064 2155 4134 dis,
2198 4064 2517 4121 autetiam
2557 4062 2781 4120 absens
2820 4062 3169 4128 cohortaris,
3201 4068 3366 4119 tanto
3392 4061 3554 4119 bello
3585 4063 3693 4118 ad-

2035 4168 2250 4209 versus
2306 4152 2592 4226 pietatem
2637 4158 3009 4223 erumpente,
3053 4152 3354 4225 nobisque
3404 4151 3562 4208 velut
3628 4151 3693 4208 in

2037 4242 2242 4299 media
2298 4244 2426 4300 acie
2472 4242 2876 4300 clamantibus
2906 4241 2986 4298 ad
3037 4241 3258 4310 socios,
3294 4245 3539 4314 propter
3583 4241 3692 4297 ho-

2040 4333 2222 4390 stium
2250 4333 2377 4389 vim
2395 4330 2422 4384 7
2441 4332 2523 4388 Te
2554 4337 2776 4399 autem,
2809 4347 2885 4388 ne
2914 4332 3161 4404 quidem
3188 4330 3500 4404 quomodo
3528 4346 3692 4403 quae-

2040 4422 2215 4479 situri
2241 4421 2455 4489 simus,
2483 4421 2874 4491 intelligimus
2909 4438 2922 4477 :
2946 4420 3445 4494 quandoquidem
3465 4435 3577 4476 nec
3596 4420 3689 4477 in-

2037 4511 2317 4569 venimus
2342 4511 2548 4569 locum
2579 4510 2759 4583 466
2784 4511 2848 4567 in
2898 4526 3023 4584 quo
3074 4510 3348 4567 versaris.
3382 4509 3499 4567 Sed
3552 4524 3691 4566 con-

2036 4602 2253 4675 quisivi
2279 4602 2549 4676 quidem,
2578 4601 2641 4658 in
2666 4602 3075 4675 Cappadocia,
3106 4601 3248 4674 quia
3269 4601 3353 4657 sic
3380 4601 3693 4659 nuntiave-

2035 4696 2175 4749 rant
2200 4692 2305 4765 qui
2346 4696 2401 4748 te
2430 4692 2591 4748 nacti
2618 4691 2857 4749 fuerant
2896 4691 2959 4747 in
2999 4690 3211 4763 Ponto,
3243 4691 3597 4764 promisisse
3633 4696 3690 4749 te

2037 4781 2156 4838 cito
2201 4795 2587 4838 reversurum
2625 4797 2739 4838 nec
2795 4780 2990 4853 reperi
3045 4780 3150 4837 ubi
3180 4797 3586 4854 speraveram.
3618 4786 3692 4839 At

2036 4886 2201 4930 nunc
2231 4888 2374 4928 cum
2403 4870 2701 4928 audierim
2732 4874 2785 4927 te
2810 4870 3010 4927 adhuc
3035 4886 3109 4927 ea
3138 4870 3198 4927 in
3235 4871 3480 4943 regione
3527 4887 3692 4929 eom-

2038 4961 2282 5033 morari,
2330 4962 2534 5018 statim
2572 4965 2629 5017 et
2686 4959 2872 5017 indici
2909 4959 3230 5032 epistolam
3281 4960 3521 5018 tradidi.
3560 4963 3692 5028 Qua

2040 5056 2310 5124 accepta,
2351 5065 2498 5107 eave
2535 5065 2612 5106 ne
2639 5065 2765 5106 non
2805 5048 3122 5116 rescribas,
3154 5049 3323 5123 quod
3378 5054 3438 5107 et
3487 5050 3540 5107 is
3567 5065 3694 5109 una

332 5140 411 5215 δὲ,
458 5144 527 5206 ὡς
579 5142 631 5196 ἐν
686 5150 760 5215 τῷ
816 5141 1010 5217 μεταξὺ
1061 5148 1268 5217 γέγονεν
1325 5143 1621 5199 ἐπισκόπων
1666 5142 1929 5220 έπίδημία

2043 5140 2474 5215 peregrinetur.
2528 5138 2684 5197 Scito
2730 5142 2951 5208 autem,
2992 5138 3163 5211 quod
3191 5139 3503 5211 interjecto
3546 5145 3695 5197 tem-

329 5240 430 5286 τῶν
490 5229 581 5288 ἀπ’
620 5232 912 5306 Αἰγύπτου,
951 5238 1043 5287 καὶ
1087 5235 1379 5308 γράμματα
1416 5230 1635 5294 διεδόθη
1679 5238 1932 5309 σύμφωνα

329 5322 573 5384 παλαιοῖς
617 5325 948 5400 γράμμασιν,
991 5330 1101 5386 τοῖς
1151 5342 1207 5377 τε
1251 5326 1408 5386 θείοις
1455 5324 1649 5394 αὖτοὶς,
1698 5333 1792 5378 καῖ
1826 5333 1932 5388 τοὶς

331 5412 450 5466 καθ’
513 5413 808 5488 ὁμοφωνίαν
878 5421 978 5466 τῶν
1046 5414 1193 5467 θείων
1266 5415 1317 5467 ἓν
1376 5418 1575 5488 Νικαίᾳ
1632 5424 1928 5491 γραφεῖσιν.

407 5541 524 5613 (30)
546 5536 669 5599 Ὀδ.
692 5543 759 5614 Κ,
783 5543 909 5599 495.

405 5630 531 5686 ’Ex
554 5629 931 5689 Monument.
955 5629 1126 5689 Eccl.
1159 5630 1263 5689 Gr.
1294 5632 1333 5686 t.
1364 5628 1430 5703 ΙΙ,
1460 5644 1523 5703 p.
1556 5632 1648 5689 89.

2042 5246 2190 5304 pore
2244 5229 2619 5287 advenerunt
2673 5227 2942 5303 episcopi
3007 5229 3285 5302 Egyptii,
3350 5233 3409 5287 et
3471 5229 3696 5302 scripta

2043 5318 2308 5393 antiquis
2374 5319 2609 5393 scriptis
2680 5317 3095 5390 congruentia,
3154 5333 3391 5377 necnon
3473 5317 3696 5375 divinis

2042 5410 2211 5487 ipsis,
2233 5408 2427 5484 iisque
2474 5424 2612 5483 quae
2644 5408 3070 5467 convenienter
3096 5406 3315 5465 divinis
3358 5407 3701 5481 conscripta

2117 5540 2159 5561 “
2192 5537 2340 5596 Ibid.
2364 5553 2427 5610 p.
2456 5540 2545 5595 90.
