4146 6388
463 373 600 428 1107

1826 371 1884 432 S.
1940 366 2194 432 BASILII
2241 369 2461 434 MAGNI

3690 375 3832 439 “08

457 495 702 554 fuerunt
749 498 976 556 Nicaeae.
1004 501 1351 558 Necessaria
1391 504 1590 557 autem
1616 503 1740 557 erat
1759 501 2113 556 eorumdem

2233 494 2518 573 Ἀναγκαία
2575 501 2634 556 δὲ
2687 497 2750 563 ἦν
2797 523 2909 577 μετ,
2970 505 3266 577 ἐξηγήσεως
3322 515 3419 558 τῶν
3488 507 3659 560 αὐτῶν
3733 509 3832 561 ἒπ-

460 599 602 644 cum
659 591 1088 661 explanatione
1111 591 1397 662 repetitio,
1433 595 1678 662 propter
1726 592 1974 646 minime
2028 607 2118 646 sa-

459 689 607 734 nam
627 693 996 752 pravamque
1015 684 1327 736 contextus
1342 679 1913 752 interpretationem,
1929 695 2117 752 quam

460 765 500 821 ii
557 767 1016 825 introduxerant
1057 769 1161 841 qui
1207 772 1410 841 aperte
1459 769 1704 841 quidem
1756 769 1896 824 olim
1973 785 2116 824 con-

460 856 860 926 tradicebant,
902 874 1062 914 nunc
1104 874 1248 914 vero
1276 857 1810 914 contradictionem
1843 860 1956 914 sub
1980 875 2117 931 spe-

463 946 552 1002 cie
610 946 1005 1004 enarrationis
1047 945 1283 1004 celant:
1341 946 1446 1004 ubi
1481 953 1603 1004 erat
1632 948 2118 1005 consubstantia-

464 1034 644 1092 litatis
673 1036 942 1106 maligna
971 1037 1308 1107 abrogatio,
1339 1037 1518 1110 quasi
1563 1053 1685 1094 non
1737 1038 1982 1094 deberet
2031 1038 2119 1094 in-

463 1124 646 1195 telligi
694 1127 866 1198 juxta
922 1126 1108 1183 ullam
1159 1130 1427 1183 Graecam
1463 1127 1966 1197 abnegationem;
2007 1143 2118 1200 pro

464 1213 964 1273 consubstantiali
1003 1219 1207 1271 autem
1250 1215 1746 1272 introducebatnr
1798 1217 1988 1272 simile
2027 1233 2118 1272 se-

464 1303 736 1359 cundum
795 1303 1199 1360 substantiam
1261 1321 1274 1358 :
1321 1303 1486 1376 quod
1536 1305 1939 1374 excogitatum
2008 1310 2117 1373 est,

467 1391 716 1448 confuse
747 1392 1132 1448 nominatum
1164 1397 1255 1449 est
1277 1392 1571 1449 malitiose
1598 1393 1963 1450 intellectum
1993 1413 2005 1450 :
2047 1395 2121 1450 si-

467 1480 718 1555 quidem
745 1481 1094 1550 similitudo,
1125 1499 1329 1539 rerum
1373 1487 1461 1539 est
1508 1500 1643 1556 quae
1683 1487 1824 1540 sunt
1879 1485 1939 1540 in
1984 1485 2121 1541 sub-

466 1571 706 1640 stantia,
740 1587 866 1628 non
919 1587 1056 1644 qum
1107 1571 1531 1630 substantiales
1579 1575 1760 1629 sunt:
1810 1589 1932 1646 quo
1971 1572 2120 1629 scili-

463 1665 556 1718 cet
585 1661 668 1718 sic
697 1661 1036 1718 substantia
1079 1662 1433 1719 assimiliata
1496 1662 1941 1734 intelligeretur,
1975 1679 2119 1737 qua-

460 1749 533 1806 lis
563 1749 740 1806 fuerit
769 1750 936 1806 verbi
964 1751 1159 1821 gratia
1189 1754 1385 1808 statua
1413 1756 1689 1824 respectu
1718 1752 2117 1825 imperatoris.

462 1837 680 1896 Contra
723 1855 861 1913 qua:
908 1839 1268 1912 rescriptum
1317 1844 1408 1896 est
1461 1840 1629 1913 quod
1662 1839 1738 1897 ab
1770 1841 2122 1898 hominibus

2227 590 2499 664 ανάληψις,
2558 590 2651 646 διὰ
2721 599 2808 652 τὴν
2861 608 2966 667 ουχ
3018 597 3137 667 ὑγιῆ
3195 605 3292 648 τῶν
3349 604 3593 671 κειμένων
3641 599 3836 670 παρεξ-

2226 685 2437 752 ηγησιν,
2483 682 2542 740 ἢν
2587 684 2796 756 εἰσῆγον
2854 685 2902 737 οἰ
2951 685 3110 738 πάλαι
3180 690 3268 759 μεν
3341 687 3581 763 ἆντικρυδ
3635 688 3837 740 αντιλέ-

2223 791 2418 843 γοντες,
2469 781 2557 824 νῦν
2619 769 2817 832 δὲτὴν
2861 773 3154 847 ἀντιλογίαν
3216 775 3508 848 ἐξηγήσεως
3581 785 3836 850 σχήματι

2228 860 2658 934 μεθοδεύσαντες.
2707 866 2828 917 ἔνθα
2873 861 2933 922 ἧν
2991 868 3021 923 ἡ
3080 874 3169 918 τοῦ
3211 869 3494 939 όμοουσίου
3534 878 3835 942 κακοῦργος
3904 867 3917 876 ’

2227 951 2503 1028 όιναίρεσιςυ
2557 956 2628 1016 ὡς
2684 954 2776 1006 οὐκ
2825 953 3108 1026 ὀφείλοντος
3141 959 3376 1009 νοεῖσθαι
3413 959 3531 1010 κατ’
3576 956 3827 1030 οὐδεμίαν

2225 1043 2445 1115 ἄρνησιν
2490 1042 2808 1102 Ἑλληνικήν·
2870 1033 3232 1116 ἆντεισαγῶγὴ
3294 1043 3353 1098 δὲ
3400 1054 3492 1098 τοῦ
3541 1049 3826 1120 όμοουσίου

2223 1135 2279 1184 τό
2337 1131 2512 1204 ὅμοιον
2568 1135 2682 1185 κατ’
2742 1134 2945 1204 οὐσίαν,
2997 1137 3116 1207 ὅπερ
3173 1133 3513 1200 ἐπετηδεύθη,
3573 1136 3823 1210 χυδαίως

2227 1225 2534 1296 ὀνομασθὲν,
2571 1228 2660 1275 καὶ
2712 1226 2986 1284 κακοήθως
3029 1226 3229 1282 νοηθέν·
3275 1222 3456 1284 ἐπειδὴ
3505 1228 3532 1284 ἡ
3575 1229 3822 1299 ὁμοιότης

2225 1320 2323 1363 τῶν
2375 1311 2422 1362 ἐν
2477 1312 2650 1384 οὐσίᾳ,
2697 1315 2808 1365 ἐστὶ
2888 1321 2987 1365 τῶν
3061 1310 3354 1366 οὐσιωὸῶν-
3410 1317 3492 1366 ἵνα
3547 1313 3612 1374 δὴ
3662 1337 3828 1377 ουτως

2226 1403 2528 1472 ὡμοιωμένη
2564 1400 2721 1452 οὐσία
2751 1399 2907 1453 οὐσία
2936 1409 3141 1469 νοῆται,
3168 1401 3270 1463 οἷος
3291 1401 3352 1454 ἂν
3381 1405 3459 1461 εἴη
3492 1407 3581 1455 καὶ
3609 1401 3835 1480 ἀνδριὰς

2224 1491 2356 1562 πρὸς
2415 1487 2659 1562 βασιλέα.
2725 1493 2861 1565 Πρὸς
2911 1489 3039 1565 ἅπερ
3100 1487 3416 1565 ἁντεγράφη,
3466 1496 3525 1545 τὸ
3574 1494 3674 1545 ὑπὸ
3732 1501 3837 1545 τῶν

2227 1578 2452 1631 εὐσεϐεῖν
2510 1575 2721 1631 εἰδότων
2794 1584 2882 1632 καὶ
2939 1579 3287 1654 βουλομένων,
3338 1584 3420 1634 ὅτι
3484 1584 3591 1654 οὐχ
3654 1583 3840 1656 ὅμοιον

2227 1669 2361 1738 Θεῷ,
2397 1667 2523 1720 ἀλλὰ
2576 1672 2705 1721 Θεὸν
2759 1664 2915 1726 δηλοῖ
2966 1673 3023 1721 τό
3073 1670 3468 1742 ὅμοούσιόν,ὡς
3513 1669 3572 1723 ἆν
3602 1675 3842 1743 γέννημα

2225 1761 2443 1828 γνήσιον
2477 1760 2567 1809 καὶ
2620 1766 2714 1819 τῆς
2755 1757 2919 1820 αὐτῆς
2958 1755 3143 1821 οὐσίας
3181 1767 3252 1830 τῷ
3304 1765 3658 1832 γεγεννηκότι.
3703 1769 3840 1813 Συν-

2229 1849 2468 1917 εισὴγετο
2518 1843 2577 1899 δὲ
2633 1851 2722 1899 καὶ
2779 1851 2837 1900 τό
2892 1853 3036 1920 περὶ·
3072 1851 3386 1922 Πνεύματος,
3434 1852 3501 1911 ὡς
3575 1851 3675 1902 ὑπὸ
3733 1859 3838 1902 τῶν

458 1929 631 2002 pium
656 1929 884 2000 dogma
912 1929 1418 2000 cognoscentibus
1465 1935 1523 1986 et
1570 1931 1935 1988 sectantibus
1962 1934 2120 1988 tene-

2233 1939 2468 2007 Πατέρων
2527 1929 2574 1986 ἓν
2622 1943 2684 2008 τῇ
2747 1935 2875 1995 αὐτῆ
2932 1941 3110 1989 πίστει
3169 1945 3241 2008 τῷ
3310 1946 3424 2010 Θεῷ
3489 1943 3580 1991 καὶ
3622 1947 3694 2010 τῷ
3724 1941 3836 2009 Υὶῷ

458 2022 574 2087 tur,
608 2019 854 2076 nomine
887 2017 1535 2076 consubstantialitatis
1574 2019 1785 2076 Filium
1825 2020 2118 2077 declarari

455 2121 580 2165 non
607 2107 864 2165 similem
883 2110 1024 2178 Deo,
1046 2108 1154 2166 sed
1179 2111 1385 2176 Deum,
1404 2113 1612 2183 utpote
1636 2110 1963 2180 genuinam
1982 2124 2120 2183 pro-

454 2196 575 2254 lem
605 2195 1001 2272 ejusdemque
1033 2215 1174 2256 cum
1205 2199 1474 2269 genitore
1519 2199 1886 2255 substantiae.
1929 2199 2116 2258 Simul

457 2287 636 2345 etiam
685 2287 938 2346 allatum
994 2287 1105 2347 fuit
1150 2288 1317 2362 quod
1364 2285 1443 2345 ad
1495 2288 1781 2361 Spiritum
1838 2289 2115 2360 pertinet,

455 2377 564 2451 qui
617 2377 906 2434 nimirum
956 2393 991 2435 a
1038 2378 1318 2434 Patribns
1361 2376 1424 2433 in
1459 2377 1672 2434 eadem
1698 2378 1842 2434 ﬁdei
1874 2377 2117 2450 exposi-

456 2467 618 2525 tione
665 2468 822 2525 Patri
883 2469 940 2524 et
1003 2467 1143 2524 Filio
1190 2467 1538 2540 apponitur,
1590 2467 1734 2540 quia
1788 2467 1850 2523 in
1902 2467 2116 2523 eadem

2227 2028 2484 2097 κειμένου,
2545 2019 2624 2076 ὄτι
2667 2024 2804 2077 ἔστιν
2860 2026 2910 2078 ἐν
2981 2034 3041 2098 τῇ
3103 2025 3229 2099 αὐτῇ
3295 2029 3526 2086 θεότητι.
3580 2032 3687 2085 Τὴν
3742 2025 3836 2080 οὖν

2226 2121 2316 2174 τῆς
2393 2112 2654 2175 εὐσεϐείας
2736 2117 2929 2175 ταύτης
3004 2115 3304 2188 πρεσϐειαν,
3366 2121 3484 2169 τίνα
3574 2117 3712 2177 εἰκὸς
3772 2113 3840 2175 ἧν

2226 2199 2360 2255 οὕτω
2401 2210 2644 2275 μετεῖναι,
2697 2205 2765 2264 ὡς
2822 2201 2909 2256 τόν
2966 2201 3424 2271 σπουδαιότατον,
3476 2205 3586 2278 οἶμα
3638 2213 3712 2277 τῷ
3746 2201 3839 2259 δε-

2229 2295 2395 2365 σπότῃ
2429 2311 2528 2364 μου
2579 2297 2871 2368 Γρηγορίῳ,
2906 2291 2960 2356 ὃς
3013 2289 3126 2346 οὐδ’
3179 2293 3337 2358 αὐτὸς
3367 2285 3657 2367 οὐδαμόθεν
3698 2297 3840 2370 γρά-

2226 2400 2327 2453 φει,
2371 2377 2494 2433 οὐδὲ
2525 2401 2768 2456 σημαινει
2799 2381 3046 2446 καθάπαξ
3079 2379 3229 2437 οὐδέν
3257 2402 3270 2453 ;
3309 2383 3568 2459 Ἕῤῥωσο,
3601 2380 3847 2438 δέσποτα

2227 2467 2583 2527 ποθεινότατε.

459 2557 689 2614 exsistit
717 2556 1045 2614 divinitate.
1079 2557 1268 2629 Hujus
1301 2557 1481 2627 igitur
1510 2557 1624 2630 pia
1651 2557 1958 2613 sententiae
1997 2555 2381 2628 legationem,
2417 2575 2598 2632 quem
2630 2559 2831 2616 decuit
2879 2558 3032 2617 adeo
3071 2561 3375 2634 persequi,
3431 2578 3502 2618 ac
3547 2567 3600 2618 te
3639 2563 3845 2619 virum

457 2645 965 2719 laudatissimum,
995 2662 1119 2703 una
1150 2662 1289 2702 cum
1321 2639 1571 2702 domino
1602 2662 1739 2702 meo
1772 2645 2077 2716 Gregorio,
2111 2647 2217 2719 qui
2269 2649 2493 2720 pariter
2535 2645 2701 2706 nullo
2747 2665 2820 2706 ex
2847 2648 2981 2706 loco
3015 2648 3240 2717 scribit,
3274 2667 3384 2707 nec
3417 2650 3511 2708 vel
3547 2651 3736 2708 semel
3765 2651 3844 2707 de

459 2736 752 2812 quapiam
778 2752 841 2794 re
873 2738 1184 2794 certiorem
1218 2735 1389 2792 fecit?
1419 2731 1586 2805 Vale,
1611 2735 1856 2792 domine
1886 2736 2151 2793 maxime
2184 2735 2619 2794 desiderabilis.

1083 2861 1427 2919 EPISTOLA
1459 2861 1779 2918 CCCLXV'.

2677 2869 3010 2918 ΕΟῙΣΤΟΚΗ
3042 2863 3197 2918 ΤΞΕ’.

531 2955 605 3010 In
638 2969 870 3010 summa
894 2953 1285 3023 Cappadociae
1308 2953 1675 3019 calamitate,
1701 2969 1835 3008 cum
1864 2952 2043 3022 ﬂuvii
2064 2949 2381 3007 inundatio
2403 2968 2497 3008 res
2517 2955 2882 3009 necessarias
2903 2970 2931 3010 e
2952 2955 3164 3010 vicinis
3182 2956 3510 3022 provinciis
3527 2957 3838 3016 advehere

460 3042 581 3099 non
612 3027 855 3099 sineret,
888 3031 1146 3099 rogatur
1177 3023 1555 3089 Theodosius,
1590 3029 1655 3080 ut
1681 3024 1954 3094 ﬂuvium,
1986 3023 2190 3094 pontis
2230 3025 2649 3080 commoditate
2678 3024 2971 3094 adhibita,
3000 3028 3189 3082 veluti
3220 3027 3490 3084 Rubrum
3523 3040 3693 3085 mare
3724 3045 3826 3099 pe-

459 3098 635 3154 dibus
658 3098 937 3167 pervium
969 3097 1216 3166 efﬁciat.

658 3186 917 3244 Basilius
947 3201 1168 3256 magno
1204 3186 1562 3255 imperatori
1582 3185 1927 3241 Theodosio.

535 3275 856 3334 Calamitas
913 3275 1130 3332 accidit
1182 3276 1243 3331 in
1301 3275 1545 3347 regione
1596 3279 1823 3346 nostra,
1886 3288 2007 3330 non
2052 3288 2125 3328 ex

463 3383 756 3439 corporeo
798 3383 963 3437 casu,
1023 3365 1131 3421 sed
1188 3381 1261 3421 ex
1305 3381 1603 3436 aquarum
1657 3364 1918 3420 efﬂuvio.
1957 3361 2126 3419 Unde

466 3460 671 3512 autem
720 3455 859 3523 hoc,
912 3455 1297 3527 patefaciam.
1349 3453 1612 3509 Plurima
1661 3453 1816 3508 nivis
1884 3451 2126 3508 emissio

465 3542 626 3599 facta
652 3547 741 3599 est
771 3543 832 3597 in
860 3546 1129 3598 nostram
1171 3541 1482 3614 paludem.
1527 3543 1652 3606 Qua
1684 3540 1957 3597 nondum
1991 3555 2130 3596 con-

469 3631 688 3702 gelata,
715 3631 1062 3704 supervenit
1089 3633 1306 3686 ventus
1351 3628 1606 3700 calidus,
1641 3629 1942 3702 simulque
1969 3629 2130 3685 cadit

469 3720 749 3780 australis
809 3722 1025 3779 imber.
1085 3723 1281 3787 Quare
1327 3719 1526 3776 subita
1561 3719 1954 3792 confertaque
1999 3722 2132 3774 orta

467 3811 917 3883 liquefactione,
973 3809 1258 3867 immensi
1312 3809 1459 3865 moti
1519 3813 1659 3865 sunt
1706 3809 1944 3876 ﬂuctus,
1991 3823 2130 3864 cum

469 3902 718 3973 perenni
778 3901 965 3956 ﬂuvio
1012 3899 1300 3972 permisti,
1347 3912 1416 3955 ac
1472 3899 1876 3954 exundatione
1937 3911 2130 3970 eaque

471 3995 837 4064 personante
864 3995 1218 4063 superantes
1239 3995 1365 4045 tum
1406 3989 1678 4061 linguam
1709 3991 1838 4045 tum
1862 3988 2130 4044 oculum.

471 4080 527 4133 ls
557 4083 649 4135 est
671 4078 777 4151 qui
798 4079 975 4134 nobis
1007 4083 1165 4134 sorte
1197 4078 1410 4148 obtigit
1437 4077 1671 4133 vicinus
1705 4077 1940 4143 ﬂuvius,
1970 4091 2133 4132 ema-

473 4181 632 4223 nans
682 4168 928 4239 quidem
972 4183 1044 4223 ex
1094 4167 1398 4236 Armenia,
1428 4165 1805 4221 descendens
1861 4179 2000 4222 vero
2054 4165 2133 4221 ad

475 4256 949 4313 sacratissimum
973 4257 1190 4312 lacum
1207 4255 1697 4322 Sebastenorum,
1715 4255 1772 4310 in
1793 4269 1974 4326 quem
1994 4268 2134 4311 vere

473 4345 792 4414 nominati,
849 4361 918 4400 ac
968 4344 1249 4415 generosi
1293 4343 1697 4416 quadraginta
1769 4343 1979 4400 Christi
2030 4343 2136 4398 mi-

471 4435 624 4504 lites,
647 4433 815 4504 gravi
844 4435 1032 4490 borea
1079 4434 1260 4488 tlante
1293 4432 1462 4488 inﬁxi
1504 4434 1664 4488 sunt.
1715 4436 1795 4487 Ac
1832 4432 1972 4488 inde
2009 4430 2136 4499 (ad-

473 4526 638 4581 mitte
669 4541 787 4591 me,
821 4524 1046 4596 optime
1067 4523 1416 4595 imperator,
1448 4537 1588 4578 vera
1616 4521 1935 4582 dicentem)
1955 4518 2128 4593 467

471 4615 570 4670 ille
627 4614 844 4670 ﬂuvius
877 4612 1260 4670 circumdans
1303 4627 1437 4681 nos,
1471 4611 1628 4667 velut
1678 4626 1824 4680 gens
1848 4610 2133 4683 quaedam

2391 3183 2656 3247 Βασίλειος
2678 3193 2749 3256 τῷ
2778 3185 2985 3258 μεγάλῳ
3017 3184 3230 3259 βασιλεῖ
3247 3187 3360 3259 (31)
3394 3183 3684 3246 Θεοδοσίω.

2308 3274 2478 3334 Πάθος
2532 3273 2800 3332 ἀπήντησε
2826 3281 2887 3333 τῆ
2928 3274 3047 3327 καθ’
3083 3278 3240 3348 ἡμᾶς,
3279 3281 3454 3349 χώρᾳ,
3489 3277 3583 3330 οὐκ
3622 3297 3672 3329 εκ
3715 3296 3827 3329 σω·-

2235 3372 2460 3437 ματικῆς
2527 3368 2868 3438 περιπετείας,
2930 3361 3036 3416 ἀλλ’
3090 3364 3143 3427 ἐξ
3211 3362 3420 3418 ὑδάτων
3501 3365 3832 3441 ἐπιρρύσεως,

2237 3455 2398 3506 Πόθεν
2461 3450 2521 3505 δὲ
2592 3459 2765 3519 τοῦτο,
2840 3449 3084 3511 δηλώσω.
3149 3457 3329 3526 Γέγονε
3387 3454 3647 3514 καταϐολή
3718 3460 3840 3528 χιό-

2235 3563 2331 3594 νων
2367 3542 2476 3612 (32)
2533 3541 2692 3600 πολλὴ
2739 3551 2800 3602 τῆ
2834 3542 2951 3595 καθ’
2982 3545 3122 3616 ἡμᾶς
3163 3543 3338 3618 λίμνη.
3373 3550 3546 3603 Μὴπω
3588 3541 3646 3597 δὲ
3676 3544 3847 3607 αὐτῆς

2237 3630 2724 3706 κρυσταλλωθείσης
2780 3635 2911 3700 (33),
2981 3633 3266 3703 ἐπιγίνεται
3345 3640 3548 3706 πνεῦμα
3632 3635 3845 3706 θερμὸν,

2238 3725 2328 3772 καὶ
2372 3719 2562 3793 ὄμϐρος
2592 3724 2761 3781 νότιος
2816 3723 3106 3793 συμπίπτει
3156 3722 3288 3794 αὐτῇ
3319 3722 3451 3795 (34).
3492 3722 3713 3798 Ἀθρόας
3752 3725 3846 3775 οὖν

2237 3814 2516 3883 γενομένης
2579 3813 2675 3870 τῆς
2747 3809 2958 3880 τήξεως,
3018 3807 3300 3864 ἆνείκαστα
3347 3811 3559 3870 ἐκινήθη
3609 3811 3850 3888 ῥεύματα

2241 3897 2432 3972 ἄεννάῳ
2500 3908 2719 3972 ποταμῷ
2777 3901 3252 3973 συνεπιμέγνύμενα
3296 3909 3369 3972 τῷ
3425 3901 3564 3969 ἅλυι,
3627 3901 3844 3974 ἐναύλῳ.

2239 4007 2295 4042 τε
2355 3994 2482 4059 ὄντι,
2560 3987 2931 4062 ὑπερϐαίνοντα
3000 3991 3114 4061 (35)
3151 3990 3366 4065 γλώσσῃ
3423 3996 3514 4044 καὶ
3573 3990 3848 4065 ὀφθαλμῷ.

2242 4079 2406 4140 Οὗτος
2445 4081 2472 4131 ὁ
2517 4078 2697 4151 λαχὼν
2749 4081 2874 4151 ἡμῖν
2903 4083 3086 4150 γείτων
3125 4084 3357 4153 ποταμός
3387 4101 3399 4114 ο
3448 4078 3708 4141 ἐκϐλύζων
3755 4084 3852 4154 μὲν

2242 4168 2297 4221 ἐκ
2325 4178 2422 4230 τῆς
2468 4177 2568 4221 τῶν
2612 4168 2910 4244 Ἀρμενίων,
2971 4167 3372 4242 ἓκϐιϐαζόμενος
3403 4166 3462 4222 δὲ
3510 4169 3558 4222 ἐν
3598 4177 3658 4229 τῆ
3697 4171 3850 4246 ἱερω-

2241 4261 2372 4329 τάτη
2426 4257 2574 4330 λίμνη
2653 4266 2752 4310 τῶν
2807 4256 3157 4329 Σεϐαστηνῶν,
3216 4257 3289 4322 εἰς
3344 4258 3404 4316 ἢν
3457 4261 3506 4311 οἱ
3553 4265 3850 4332 φερώνυμοι

2241 4353 2333 4401 καὶ
2388 4353 2614 4420 γενναῖοι
2661 4365 3054 4423 τεσσαρακοντα
3098 4353 3192 4400 τοῦ
3231 4353 3465 4421 Χριστοῦ
3523 4357 3852 4421 στρατιῶται

2246 4436 2434 4510 βορέου
2495 4433 2665 4489 δεινοῦ
2713 4439 3026 4497 πνεύσαντος
3066 4436 3176 4508 (36)
3222 4435 3564 4511 ἓνεπάρησαν.
3599 4436 3852 4492 Κάκεῖθεν

2246 4524 2419 4598 (δέξαι
2475 4545 2537 4598 με
2612 4531 2669 4578 τὸ
2715 4525 2904 4588 ἀληθὲς
2967 4525 3201 4599 λέγοντα,
3265 4528 3538 4601 κράτιστε)
3602 4528 3752 4590 οὗτος
3823 4530 3851 4580 ὁ

2243 4615 2565 4691 περικυκλῶν
2622 4617 2763 4688 ἡμᾶς
2818 4618 2991 4690 ὥσπερ
3049 4618 3190 4679 ἔθνος
3241 4617 3484 4690 πολέμιον
3542 4625 3643 4669 τῶν
3701 4616 3853 4688 φοϐε-

474 4703 723 4760 inimica
767 4707 824 4760 et
877 4701 1301 4767 formidabilis,
1359 4717 1481 4757 non
1530 4715 1750 4773 parum
1777 4715 1893 4756 nos
1934 4702 2125 4756 terret.

2246 4715 2367 4782 ρῶν,
2409 4705 2466 4758 οὗ
2517 4714 2711 4780 μικρῶς
2763 4708 2905 4778 ἡμᾶς
2953 4703 3172 4778 ἐκφοϐεῖ.
3229 4710 3365 4759 neat
3415 4708 3518 4780 γὰρ
3581 4703 3852 4779 μηδέποτε

473 4793 649 4849 Nullo
699 4793 862 4848 enim
923 4807 1199 4864 unquam
1248 4791 1338 4847 vel
1381 4797 1652 4862 tempore
1681 4789 1775 4845 vel
1820 4789 2006 4846 modo
2034 4804 2136 4862 pe—

475 4881 656 4937 dibus
714 4881 1122 4954 permeabilis,
1179 4897 1300 4937 non
1346 4881 1636 4953 permittit
1672 4884 1737 4935 ut
1778 4879 2136 4936 necessariae

473 4969 652 5026 nobis
685 4985 757 5026 ac
785 4971 960 5026 utiles
990 4971 1292 5041 regiones,
1323 4971 1721 5027 transveham
1763 4984 1995 5026 merces
2023 4983 2137 5042 op-

473 5063 787 5132 portunas.
829 5060 1190 5128 Galatarum,
1247 5061 1520 5134 inquam,
1547 5064 1603 5116 et
1647 5057 2135 5132 Paphlagonum,

473 5153 532 5205 et
589 5148 1201 5220 Hellenopontiorum,
1232 5164 1340 5221 per
1391 5165 1548 5222 quas
1581 5151 1638 5204 et
1681 5164 1752 5204 ex
1779 5145 2002 5220 quibus
2032 5147 2139 5203 ob-

471 5234 722 5290 veniunt
767 5249 899 5306 quae
945 5233 1120 5290 nobis
1151 5238 1290 5289 sunt
1318 5232 1668 5290 necessaria
1697 5231 2000 5306 praecipue
2026 5247 2135 5305 pa-

546 5343 563 5361 '
593 5343 678 5398 Ex
702 5342 975 5400 Monum.
1005 5342 1177 5399 Eccl.
1203 5341 1302 5396 Gr.
1334 5345 1372 5398 t.
1407 5345 1472 5408 ll,
1502 5357 1562 5413 p.
1596 5345 1684 5397 97.

543 5431 654 5500 (3st)
686 5430 790 5488 Al.
816 5439 884 5502 τῷ
917 5429 1130 5503 βασιλεῖ
1151 5433 1402 5486 tantum.
1427 5429 1561 5486 Cor.

541 5519 661 5590 (32)
681 5519 783 5574 Al.
817 5524 1019 5590 χιόνος.
1055 5521 1133 5574 ID.

540 5608 652 5678 (33)
677 5607 781 5664 Al.
809 5605 1112 5680 κρυστάλλῳ
1138 5608 1416 5676 παγείσης,
1449 5608 1522 5662 In,

541 5693 656 5765 (34)
685 5694 782 5749 Αι.
820 5695 982 5765 αὐτῷ,
1011 5698 1087 5749 In.

2243 4798 2610 4870 περαιούμενος
2663 4796 2779 4867 (37)
2829 4796 2961 4847 κατά
3007 4813 3125 4847 τινα
3166 4798 3356 4870 χρόνον
3400 4795 3430 4854 ἢ
3479 4800 3691 4870 τρόπον,
3756 4798 3852 4858 τὰς

2245 4885 2535 4958 ἀναγκαίας
2562 4887 2688 4957 ἡμιν
2726 4902 2817 4938 και
2849 4881 3132 4946 λυσιτελεῖς
3172 4881 3373 4958 πατρίδ
3378 4905 3436 4946 ας
3469 4886 3528 4938 οὐ
3574 4892 3851 4959 συγχωρεῖ

2247 4973 2580 5049 διακομίζειν
2634 4976 2699 5027 τὰ
2755 4973 3139 5049 ἐμπορευόμενα
3195 4971 3488 5034 ἐπιτήδεια.
3569 4980 3704 5048 Δὲγω
3767 4969 3837 5032 δὴ

2244 5075 2344 5118 τῶν
2420 5065 2656 5119 Γαλατῶν
2729 5071 2820 5118 καὶ
2923 5065 3274 5140 Παφλαγόνων
3345 5070 3434 5118 καὶ
3506 5065 3849 5125 Ἐλληνοπον-

2243 5161 2364 5210 τίων
2409 5157 2542 5227 (38),
2572 5152 2645 5208 δι’
2702 5156 2769 5207 ὧν
2808 5165 2898 5209 και
2930 5154 2983 5219 ἐξ
3013 5152 3079 5208 ὧν
3108 5158 3173 5208 τὰ
3218 5155 3476 5228 ἀναγκαῖα
3518 5157 3646 5228 ἡμῖν
3675 5173 3851 5231 προσ-

2245 5263 2377 5314 εστι,
2412 5245 2644 5320 μάλιστα
2681 5248 2711 5305 ἡ
2745 5253 2838 5299 τοῦ
2863 5247 3025 5323 ἄρτου
3071 5242 3338 5319 δαψίλεια·
3392 5241 3712 5322 κρυμὼδους
3756 5248 3854 5299 οὕ-

2314 5432 2429 5496 (31)
2465 5429 2568 5485 Al.
2596 5421 2998 5504 ὑπερϐάλλοντα.
3025 5431 3106 5487 ID.

2314 5519 2420 5589 (36)
2448 5518 2496 5572 Α
2511 5519 2550 5574 I.
2581 5516 3003 5581 ἐπιπνεύσαντος.
3037 5521 3112 5573 11)·

2312 5611 2417 5678 (37)
2458 5609 2557 5664 Al.
2592 5613 2902 5683 περώμενος.
2932 5611 3010 5664 ID.

2310 5697 2418 5768 (38)
2451 5697 2551 5754 Al.
2573 5695 3003 5755 Ἑλλησποντίων.
3035 5698 3112 5752 ID.
