4146 6392
306 404 448 463 1109

1213 397 1704 458 EPISTOLARUM
1739 396 2021 457 GLASSIS
2062 399 2155 454 Ill.
2196 397 2410 454 EPIST.
2453 398 2762 455 CCCLXVI.

3534 397 3677 449 1110

309 549 404 592 σης
427 540 489 590 τῆ
505 553 523 593 ς
546 531 837 606 περικύκλῳ
861 537 977 601 γῆς,
1027 532 1116 580 καὶ
1159 527 1215 578 ἐκ
1241 533 1334 578 τοῦ
1365 529 1698 599 περιέχοντος
1728 523 1897 599 ἀέρος,

2021 523 2114 578 nis
2143 521 2524 578 abundantia
2555 540 2568 577 :
2603 537 2743 577 cum
2770 521 2970 577 vicina
2990 519 3260 592 undique
3286 523 3443 575 terra
3465 517 3679 588 frigida

309 619 363 672 ἐκ
383 629 474 681 τῆς
491 613 1587 696 ἀστραποϐροντοχα).αζορειθροδαμάστου
1611 615 1722 687 (39)
1746 613 1908 688 ὀρυγῆς

312 706 692 782 δεσμουμένης.
730 708 805 761 Οὐ
835 710 1020 780 μικρὸν
1043 703 1102 759 δὲ
1133 704 1331 757 ἀπειλεῖ
1355 708 1446 756 καὶ
1477 706 1507 761 ἡ
1549 711 1642 755 τοῦ
1680 708 1903 776 πατρίου

310 798 496 870 ἄλγους
528 799 743 872 Ἀργέου
773 795 1053 869 ὑπεροψία.
1095 798 1162 847 Σὺ
1215 790 1302 846 οὖν
1333 789 1750 858 ἐκδυσωπηθεὶς,
1783 793 1908 866 κρά-

312 901 477 955 τιστε,
524 887 910 959 φιλοτιμεῖσθαι
965 885 1179 942 θέλησον
1227 887 1320 940 τὴν
1377 884 1634 955 ὑποφορόν
1669 899 1762 933 σου
1788 887 1907 951 γῆνο

313 977 373 1028 ἶν’
401 977 535 1028 οὕτω
573 979 741 1046 τούτῳ
781 974 829 1027 ἓν
863 974 1081 1047 ἀφθονίᾳ
1109 975 1330 1047 γεφύρας
1370 973 1720 1044 περαιοῦσθαι
1751 969 1911 1044 ἄφαρ-

311 1067 624 1137 μοσάμενος,
660 1060 836 1136 δείξῃς
865 1063 1020 1114 αὐτὸν
1071 1066 1186 1114 νέαν
1223 1060 1474 1134 Ἐρυθρὰν
1515 1056 1908 1133 ὀδοιπὸριστον.

311 1159 412 1207 Καὶ
457 1156 557 1228 ’γὰρ
603 1163 674 1224 τῷ
713 1153 1114 1223 πολυστενάκτῳ
1173 1149 1275 1223 βίῳ
1320 1147 1433 1219 (40)
1493 1157 1592 1200 τῶν
1640 1145 1911 1201 Ἰουδαίων

314 1243 734 1314 σπλαγχνισθεὶς
765 1244 790 1293 6
818 1245 1030 1316 Κύριος,
1058 1243 1276 1300 τούτους
1319 1238 1575 1312 ἀϐρόχοις
1619 1242 1747 1290 ποσὶ
1806 1237 1912 1310 βα-

311 1329 478 1392 δίζειν
511 1329 796 1389 εὐδόκησεν
828 1332 898 1392 ὡς
933 1327 1028 1383 διὰ
1068 1330 1230 1404 ξηρᾶς
1261 1328 1312 1380 ἐν
1340 1336 1402 1400 τῇ
1455 1328 1704 1401 Ἐρυθρᾷ,
1737 1323 1910 1379 δεδω-

310 1426 410 1481 κὼς
441 1420 614 1480 αὐτοῖς
643 1426 988 1494 προηγήτορα
1016 1422 1099 1471 τὸν
1138 1419 1352 1472 Μωσέα.
1390 1415 1556 1477 Πολὺς
1584 1413 1674 1468 οὖν
1715 1417 1840 1487 ἡμῖν
1885 1417 1910 1467 ὁ

305 1517 398 1562 τοῦ
427 1517 671 1581 ποταμοῦ
701 1515 912 1583 τρόπος,
961 1507 1248 1581 ἀνθρώποις
1293 1508 1384 1579 μὶν
1428 1510 1633 1578 γέγονεν
1665 1504 1872 1578 ὄλεθρος
1895 1525 1907 1538 ο

306 1599 411 1650 ἄνω
445 1595 504 1650 δε
527 1595 899 1669 πελαγίξοντος
924 1597 1106 1659 αὐτοῦ,
1151 1600 1243 1648 καὶ
1272 1601 1445 1647 πᾶσαν
1484 1594 1784 1668 χλοηφόρον
1812 1603 1910 1666 γῆν

306 1686 654 1757 ἐκθλίϐειν-τος,
680 1691 771 1740 καὶ
816 1686 870 1738 ἔκ
900 1695 992 1746 τῆς
1023 1685 1162 1747 ἰλύος
1194 1689 1511 1757 σκεπομένης
1539 1693 1630 1744 τῆς
1660 1682 1908 1757 ἀρούρας,

309 1774 510 1846 ἀνάγκη
569 1776 841 1848 λιμώττειν
890 1779 977 1827 τὸν
1022 1773 1257 1848 ἀροτῆρα
1313 1772 1461 1846 βοῦν,
1494 1778 1585 1824 καὶ
1631 1774 1800 1823 πάντα
1844 1775 1912 1823 τὰ

2024 613 2120 677 sit,
2152 617 2332 683 atque
2362 627 2436 667 ex
2467 627 2603 666 aere
2625 610 2949 680 ambiente,
2985 625 3212 682 perque
3237 609 3391 664 iram
3419 607 3675 677 fulgure,

2024 703 2266 771 tonitru,
2301 701 2619 771 grandine,
2653 701 2903 756 ﬂumine
2952 699 3343 769 aﬂligentem,
3376 697 3674 768 colligata.

2023 795 2140 848 Nec
2179 807 2395 863 parum
2445 792 2624 846 etiam
2670 791 2935 846 minatur
2977 790 3154 862 patrii
3205 789 3450 855 doloris,
3485 787 3680 858 Argmi

2023 882 2247 936 montis
2277 880 2684 952 supercilium.
2718 883 2802 935 Tu
2828 879 3008 949 igitur
3051 883 3355 946 exoratus,
3387 881 3678 950 praestan-

2023 970 2275 1039 tissime,
2308 970 2461 1025 bene
2487 969 2704 1025 mereri
2723 969 2871 1025 velis
2903 969 2978 1024 de
3011 973 3168 1025 terra
3196 967 3298 1024 tibi
3329 968 3674 1032 tributaria;

2021 1064 2087 1114 ut
2103 1059 2186 1114 ita
2207 1060 2472 1114 efﬁciens
2502 1059 2753 1114 ﬂuvium
2780 1058 2981 1131 pontis
3010 1057 3436 1113 commoditate
3461 1055 3675 1128 trajici,

2021 1149 2308 1204 ostendas
2339 1148 2508 1203 illum
2559 1155 2850 1220 tanquam
2902 1163 3130 1203 novum
3186 1163 3353 1204 mare
3404 1146 3678 1212 Rubrum

2021 1237 2281 1308 pedibus
2314 1237 2608 1308 pervium.
2641 1237 2869 1292 Etenim
2910 1236 3213 1292 infelicem
3244 1235 3544 1306 valdeque
3578 1247 3677 1304 ge-

2020 1325 2397 1382 mebundam
2422 1326 2766 1382 Judaeorum
2794 1327 2979 1382 vitam
3004 1327 3324 1382 miseratus
3359 1325 3672 1393 Dominus,

2021 1430 2092 1470 ex
2119 1415 2388 1471 bonitate
2411 1431 2520 1471 sua
2541 1415 2730 1471 voluit
2749 1420 2816 1470 ut
2835 1416 2874 1470 ii
2903 1415 3160 1488 pedibus
3183 1415 3354 1471 siccis
3376 1430 3485 1487 per
3507 1430 3675 1470 mare

2023 1503 2316 1566 Rubrum,
2349 1505 2527 1576 quasi
2577 1519 2684 1576 per
2735 1504 2995 1573 aridam,
3045 1504 3407 1572 incederent,
3457 1503 3673 1560 tradito

2019 1593 2236 1649 iisdem
2267 1594 2328 1648 in
2359 1593 2578 1649 ducem
2609 1593 2840 1649 itineris
2873 1593 3058 1649 Mose.
3094 1593 3302 1665 Itaque
3325 1592 3678 1649 variaﬂuvii

2021 1681 2187 1753 apud
2216 1697 2327 1737 nos
2357 1681 2677 1749 curricula,
2710 1681 3067 1738 hominibus
3098 1682 3346 1754 quidem
3370 1681 3533 1737 fuere
3558 1680 3677 1737 exi-

2021 1771 2288 1842 tio:ipso
2319 1777 2520 1826 autem
2543 1786 2800 1843 superne
2825 1771 3176 1842 inundante,
3206 1771 3677 1842 universamque

307 1864 569 1936 ὗποζύγια
598 1873 693 1926 τῆς
722 1863 1014 1938 περικύκλῳ
1043 1872 1160 1935 γῆς.
1201 1867 1301 1915 Καὶ
1343 1865 1386 1914 εί
1415 1865 1504 1932 μὶν
1543 1858 1602 1918 ἦν
1643 1862 1905 1934 ἄνθρωπος

2020 1864 2244 1916 terram
2265 1876 2562 1932 pascuam
2595 1865 2904 1929 atterente,
2937 1876 3178 1917 necnon
3207 1861 3367 1917 arvis
3393 1859 3540 1917 limo
3565 1859 3677 1916 ob-

307 1951 530 2021 ἀδικῶν,
553 1953 646 2004 οὐκ
677 1952 737 2004 ἂν
766 1952 1108 2024 ἐπαυσάμεθα
1135 1958 1240 2011 τοῖς
1277 1948 1652 2025 δικαστηρίοις
1691 1954 1906 2022 χρώμε-

307 2059 404 2096 νοι.
429 2046 528 2094 Τὸν
560 2039 619 2094 δε
650 2045 826 2113 νόμοις
866 2045 936 2112 μὴ
969 2042 1271 2112 πειθόμενον
1303 2043 1552 2112 μέγιστον
1576 2041 1831 2110 ποταμὸν,
1859 2043 1910 2091 τί

309 2130 370 2181 ἂν
396 2132 500 2202 ἄρα
532 2127 643 2182 δέοι
672 2149 753 2192 τις
783 2129 1219 2204 ἐφαρμόσασθαις
1267 2135 1354 2181 Σοὶ
1393 2126 1481 2180 οὖν
1521 2130 1776 2200 εὔχεσθαι
1807 2124 1908 2198 δεῖ,

307 2222 575 2292 κράτιστε,
607 2228 680 2290 τῷ
712 2218 760 2270 ἐν
791 2225 890 2291 μιᾷ
918 2227 1104 2293 καιροῦ
1133 2219 1267 2294 ῥοπῇ
1306 2218 1602 2271 ἀναστεῖλαι
1641 2215 1910 2290 δυναμένῳ

306 2313 394 2361 τὸν
416 2317 512 2360 τῶν
543 2305 835 2380 ὁδοιπόρων
866 2305 1132 2365 κίνδυνον,

2021 1949 2210 2020 tectis,
2237 1964 2486 2004 necesse
2516 1953 2606 2005 est
2637 1952 2700 2005 ut
2731 1948 2956 2005 esuriat
2983 1953 3186 2006 arator
3210 1950 3346 2018 bos,
3380 1963 3521 2005 cum
3543 1949 3676 2005 reli-

2019 2037 2155 2109 quis
2201 2038 2493 2109 jumentis
2533 2037 2716 2094 totius
2772 2037 3054 2108 regionis.
3113 2041 3180 2094 Et
3217 2054 3360 2095 vero
3402 2038 3453 2094 si
3488 2039 3676 2094 homo

2022 2125 2228 2183 fuisset
2258 2127 2362 2199 qui
2394 2127 2628 2182 homini
2665 2127 2904 2184 fecisset
2941 2127 3247 2198 injuriam,
3268 2143 3393 2184 non
3421 2127 3677 2184 destitis-

2021 2233 2222 2273 semus
2256 2217 2334 2272 ad
2364 2217 2689 2273 tribunalia
2732 2234 2858 2273 rem
2891 2218 3119 2274 diﬂere.
3147 2223 3219 2274 At
3245 2219 3308 2274 in
3337 2220 3675 2275 maximum

2018 2305 2312 2369 ﬂuvium,
2369 2305 2605 2376 legibus
2667 2322 3065 2380 nequaquam
3130 2308 3673 2380 obtemperantem,

300 2397 595 2470 quidnam
646 2395 877 2469 aliquid
929 2397 1148 2469 poterit
1193 2396 1532 2453 edomare?
1564 2395 1858 2462 Quocirca
1899 2394 1978 2452 ad
2007 2397 2062 2451 te
2111 2410 2320 2466 preces
2358 2394 2702 2452 deferenda
2754 2401 2917 2467 sunt,
2949 2397 3384 2470 potentissime,
3415 2397 3524 2471 qui
3550 2413 3675 2455 uno

303 2485 592 2560 temporis
621 2488 954 2554 momento,
984 2486 1292 2542 viatorum
1309 2485 1646 2558 periculum
1672 2485 1876 2541 sistere
1901 2487 2091 2558 potes.

844 2593 1184 2645 ΕΠΙΣΤΟΛΗ
1215 2585 1366 2656 ΤΞς-’.

372 2685 705 2735 Anuomrio.
739 2711 808 2720 —-
837 2680 935 2736 En
964 2681 1174 2751 magni
1203 2681 1413 2736 Basilii

2477 2595 2817 2652 EPISTOLA
2857 2590 3168 2653 CCCLXVI.

1458 2681 2124 2756 epistolamtexiprisco
2179 2683 2380 2756 codice
2428 2683 2637 2740 Veneto
2683 2685 2841 2752 LXI,
2871 2686 2923 2754 f.
2947 2688 3070 2748 324,
3105 2701 3141 2742 a
3170 2701 3264 2743 me
3287 2687 3670 2756 exseriptam,

304 2767 438 2827 quae
466 2752 607 2827 olim
635 2753 982 2806 clarissimis
1013 2766 1254 2827 quoque
1273 2753 1418 2827 viris
1440 2752 1769 2827 Marciana:
1795 2752 2166 2827 bibliotheca?
2190 2755 2663 2827 descriptoribus
2701 2752 2998 2811 Zannetio
3030 2763 3211 2827 atque
3247 2752 3525 2813 Morellio
3556 2752 3675 2816 ine?

301 2823 431 2898 dita
464 2823 592 2898 visa
615 2829 739 2898 est;_
754 2827 938 2898 atque
969 2823 1280 2898 utrumsit
1308 2822 1545 2898 alicubi
1560 2825 1873 2898 postremis
1905 2825 2201 2898 hisannis
2228 2822 2407 2898 edita,
2435 2827 2584 2881 mihi
2604 2843 2725 2898 non
2757 2834 3010 2896 constat,
3045 2822 3149 2882 sed
3172 2836 3331 2884 certe
3357 2832 3418 2884 in
3449 2831 3675 2898 plenis-

304 2896 455 2969 sima
479 2894 763 2969 Qarnerii
783 2893 1041 2950 editione
1062 2893 1464 2969 desideratur.
1490 2894 1584 2969 Ea
1608 2895 1904 2969 scribitur
1936 2893 2017 2950 ad
2054 2896 2358 2969 Urbicium
2394 2893 2784 2964 monachum,
2819 2898 2899 2953 ad
2927 2893 3096 2969 quem
3129 2901 3267 2955 alia
3305 2893 3679 2957 duae'Bastlii

305 2964 568 3040 epistola:
598 2970 860 3029 exstant,
893 2980 1102 3040 nempe
1132 2968 1227 3040 t2_3
1262 2968 1473 3040 (εξεί262Ξ
1495 2967 1557 3019 in
1593 2965 1973 3040 Garneriana
2004 2968 2279 3022 editione.
2316 2968 2752 3040 Argumentum
2778 2964 3106 3040 tz'tulusque
3126 2977 3229 3040 est,
3267 2974 3344 3025 De
3367 2973 3676 3028 continen-

306 3035 407 3114 t_ia.
438 3036 807 3114 Nequepero
837 3039 1129 3114 scriptum
1165 3036 1272 3091 hoc
1316 3037 1685 3114 Basilianum
1719 3038 1965 3114 diutius
2008 3052 2114 3114 ego
2143 3035 2459 3114 celandum
2507 3039 2794 3114 arbitror,
2824 3035 3156 3109 priesértim
3189 3035 3329 3114 quia
3357 3043 3579 3098 Suidas
3603 3059 3676 3100 ac

305 3107 752 3183 Ehotiusniliil
778 3108 1647 3183 prastantiusgutepistolari
1675 3109 2021 3165 characteri
2066 3112 2574 3168 accommodatius
2605 3107 3108 3182 Basilii‘epistotis
3149 3107 3271 3169 esse
3284 3115 3672 3183 judicarunt.

307 3181 418 3235 ΜΑι
444 3178 735 3235 Βίὸιίοιὴ.
766 3195 902 3235 nov.
936 3181 1132 3249 Patr.,
1163 3179 1276 3245 III,
1304 3182 1428 3234 450.

307 3267 569 3328 Βασίλειος
594 3270 728 3340 πρὸς
765 3266 1045 3340 Ούρϐίκιον
1092 3267 1388 3338 μονάζοντα
1429 3271 1549 3342 περὶ
1583 3266 1899 3343 ἐγκρατείας.

2018 3270 2080 3326 S.
2126 3272 2334 3327 Basilii
2397 3272 2479 3328 ad
2533 3271 2839 3328 Urbicium
2894 3275 3256 3330 monachum
3313 3277 3566 3346 epistola
3605 3277 3677 3333 de

381 3427 560 3489 Καλῶς
614 3434 797 3497 ποιεῖς,
842 3428 994 3488 ὅρους
1047 3428 1172 3500 ἡμῖν
1214 3425 1380 3488 εύθεῖς
1435 3428 1645 3502 ὁρίζων,
1694 3427 1775 3480 ἵνα
1830 3433 1902 3500 μὴ

304 3519 456 3588 μόνον
487 3513 786 3588 ἐγκράτειαν
835 3512 1027 3588 ῐδωμεν
1086 3517 1219 3587 (41),
1260 3514 1387 3568 ἀλλὰ
1442 3520 1532 3568 καὶ
1581 3519 1666 3567 τὸν
1707 3521 1906 3591 καρπὸν

303 3605 483 3666 αὐτῆς.
513 3603 689 3657 Ἔστιν
735 3600 821 3656 οὖν
875 3606 900 3656 ὁ
955 3608 1157 3678 καρπὸς
1204 3604 1390 3674 αὐτῆς,
1442 3613 1575 3658 Θεοῦ
1631 3612 1902 3678 μετουσία.

303 3698 371 3748 Τὸ
420 3697 520 3769 γὰρ
575 3699 645 3767 μὴ
705 3696 1028 3770 φθείρεσθαι,
1063 3701 1195 3747 Θεοῦ
1235 3698 1474 3767 μετέχειν
1524 3693 1696 3746 ἐστίν’
1732 3697 1903 3770 ὥσπερ

302 3786 358 3835 τὸ
413 3785 735 3856 φθείρεσθαι,
776 3782 901 3856 βίου
959 3788 1235 3856 μετουσία.
1272 3783 1577 3857 Ἐγκράτεια
1631 3787 1731 3859 γὰρ
1766 3783 1904 3838 ἐστιν

309 3878 551 3945 σώματος
603 3874 845 3948 ἄρνησις,
897 3877 987 3926 καὶ
1043 3872 1295 3946 ὁμολογία
1350 3875 1482 3947 πρὸς
1541 3879 1686 3928 Οεόν.
1743 3873 1904 3928 Ἀπο-

376 3981 486 4062 _(39)
540 3977 1694 4062 :A.esp«foep‘ovrozalugopelepadauaée'rou.
1756 3985 1904 4062 Cum

308 4055 429 4107 tota
457 4051 708 4124 epistola
737 4051 932 4124 Basilii
955 4051 1108 4122 stylo
1133 4057 1189 4108 et
1209 4051 1452 4124 ingenio
1470 4051 1758 4124 discolor,
1776 4058 1903 4108 tum

307 4121 570 4204 masime
618 4124 733 4204 boc
788 4121 1114 4204 plusquam
1164 4121 1593 4204 sesquipedale
1625 4123 1898 4204 verbum.

306 4194 472 4266 Unde
484 4210 606 4250 non
619 4193 916 4250 immerito
933 4193 1271 4259 Cotelerius,
1288 4193 1394 4266 qui
1414 4195 1571 4249 hanc
1589 4195 1903 4266 epistolam

305 4265 363 4320 in
382 4265 576 4322 lucem
589 4265 796 4333 edidit,
812 4271 955 4322 tom.
974 4265 1729 4331 llMonum.Eccl.Graecae,
1747 4267 1904 4323 hanc

305 4337 559 4424 apponit
570 4344 778 4419 notam
796 4354 855 4409 p.
874 4343 997 4424 ῆξὶρ.
1017 4339 1082 4393 In
1095 4340 1290 4424 primo
1308 4353 1337 4393 e
1357 4337 1898 4424 codicibusgnquit,

306 4415 596 4463 emunctae
615 4410 785 4464 naris
811 4409 1054 4464 criticus
1094 4409 1484 4466 adnotaveraf.
1519 4426 1532 4464 :
1566 4409 1622 4461 'H
1655 4409 1899 4467 Emam-alii

307 4477 461 4554 αὕτη,
505 4480 620 4554 οὔτε
650 4479 751 4530 ἀπὸ
785 4488 882 4529 τῶν
919 4481 1207 4550 νοημάτων,
1252 4483 1366 4531 οὔτε
1416 4477 1515 4532 ἀπὸ
1545 4488 1638 4541 τῆς
1669 4483 1903 4554 φράσεως

306 4548 467 4621 ἔοικεν
491 4545 619 4600 εἶναι
645 4555 737 4600 τοῦ
759 4549 999 4619 Μεγάλου
1015 4545 1326 4606 Βασιλείαν.
1351 4553 1472 4605 Hoc
1497 4557 1589 4605 est
1612 4570 1624 4605 :
1651 4545 1769 4608 Ιζςὶα
1785 4555 1902 4621 epi-

306 4620 706 4697 stola_,_neque_
726 4622 1036 4697 ea:__sens_is,
1064 4635 1266 4697 neque
1284 4636 1360 4677 ex
1380 4623 1640 4697 dictione
1665 4620 1905 4697 videtur
1934 4623 1977 4674 D
2012 4620 2307 4697 martyres
2325 4626 2385 4681 in
2411 4622 2486 4682 ba

306 4705 427 4761 esse
445 4691 658 4761 Magni
673 4691 1152 4747 Basilii.Videtur
1167 4696 1370 4748 tamen
1391 4692 1762 4748 Tillemontio
1776 4695 1903 4749 haec

307 4759 567 4833 epistola
579 4761 864 4833 juvenem
887 4765 943 4818 et
963 4761 1262 4818 rhetorem
1279 4763 1559 4818 Basilium
1582 4779 1701 4820 non
1721 4762 1903 4820 dede-

308 4833 601 4916 cuisse,net
620 4833 1043 4916 Theodosium,
1061 4834 1165 4916 cui.
1182 4835 1472 4916 inscripta
1498 4840 1604 4916 est,
1627 4851 1754 4916 non
1773 4853 1900 4916 ma-

307 4920 495 4979 gnum
518 4904 1128 4979 illumimperatorem
1151 4904 1441 4976 intelligit,
1456 4905 1561 4962 sed
1581 4907 1903 4979 praesidem

306 4975 570 5048 aliquem
592 4975 1009 5050 Cappadociae.
1030 4976 1312 5050 Iniquum
1327 4975 1472 5050 sane
1489 4975 1723 5034 essetin
1735 4979 1906 5049 juve-

305 5063 382 5104 ne
396 5048 702 5104 summam
719 5048 856 5119 styli
873 5048 1230 5119 gravitatem
1243 5049 1564 5119 requirere;
1581 5050 1689 5106 sed
1703 5048 1905 5106 tamen

308 5121 418 5174 Bas
430 5119 527 5192 ilio
545 5118 861 5192 nunquam
881 5118 1146 5192 defuiSSe
1162 5118 1518 5176 crediderim
1535 5122 1791 5192 pellucid
1803 5138 1904 5177 um

305 5190 639 5264 quemdam
683 5191 971 5246 orationis
1016 5191 1292 5264 nitorem,
1335 5193 1439 5264 qui
1491 5190 1597 5248 tcti
1634 5193 1903 5264 epistolae

305 5277 554 5336 prorsus
563 5262 747 5336 deest.
763 5267 802 5317 A
814 5267 981 5336 uctor
991 5263 1256 5334 epistolae
1268 5262 1689 5336 imperatorem
1704 5263 1905 5336 ipsum

306 5333 734 5406 Theodosium,
749 5334 934 5406 quem
953 5333 1308 5404 regnantem
1320 5333 1444 5391 non
1463 5335 1609 5391 vidit
1631 5333 1902 5405 Basilius,

305 5405 620 5479 manifeste
654 5405 997 5479 alloquitur,
1033 5411 1098 5462 ut
1128 5410 1293 5479 patet
1337 5421 1410 5462 ex
1449 5407 1545 5464 his
1574 5407 1772 5462 verbis
1798 5425 1811 5462 :
1838 5411 1903 5460 Σὺ

307 5471 394 5550 οὖν
421 5471 835 5550 ἐκδυσῳπηθεὶξ,
858 5471 1538 5550 κράτιστε,’φιλοτιμεῖσθαι
1569 5479 1782 5538 θέλησον
1812 5484 1905 5537 τὴν

308 5548 565 5620 ὑπόφορόν
587 5549 680 5601 ϐου
701 5559 821 5621 γῆν·
841 5548 923 5605 Tu
944 5550 1130 5620 igitur
1149 5548 1451 5621 exoratus,
1483 5552 1907 5619 praestantissi-

307 5635 420 5688 me,
437 5621 581 5677 bene
593 5623 816 5679 mereri
834 5623 980 5679 velis
1005 5622 1079 5678 de
1105 5628 1270 5680 terra
1296 5622 1406 5678 tibi
1429 5622 1778 5679 tributarta.
1793 5623 1909 5679 Sed

305 5690 476 5763 quod
501 5691 578 5749 de
599 5692 1007 5766 quadraginta
1044 5693 1419 5767 martyribus
1450 5693 1688 5764 dicitur,
1711 5710 1816 5752 eos
1844 5695 1908 5750 in

2659 3345 3048 3400 continentia.

2093 3432 2262 3486 Recte
2296 3430 2463 3496 facis,
2496 3432 2691 3504 justos
2731 3432 2906 3488 nobis
2942 3433 3090 3489 ﬁnes
3118 3433 3434 3501 deﬁniens,
3460 3419 3677 3493 utnon

2019 3519 2212 3575 solum
2243 3520 2696 3590 continentiam,
2716 3539 2928 3578 verum
2949 3523 3129 3579 etiam
3147 3524 3276 3595 ejus
3297 3525 3556 3582 fructum
3579 3542 3675 3583 co-

2018 3625 2402 3679 gnoscamus.
2451 3614 2545 3667 Est
2572 3612 2751 3682 igitur
2794 3612 3022 3669 fructus
3047 3614 3325 3685 ejus,Dei
3351 3617 3678 3689 participa-

2017 3699 2134 3754 tio:
2169 3701 2387 3756 etenim
2419 3716 2543 3756 non
2576 3703 2902 3774 corrumpi,
2955 3703 3204 3774 perinde
3262 3710 3348 3760 est
3383 3721 3452 3760 ac
3485 3709 3675 3761 Deum

2016 3789 2406 3861 participare;
2438 3789 2612 3845 sicuti
2669 3791 2994 3862 corrumpi,
3052 3791 3259 3847 mundi
3292 3793 3672 3866 participatio

2015 3882 2120 3933 est.
2175 3879 2551 3936 Continentia
2616 3880 2856 3950 negatio
2915 3881 3184 3952 corporis
3252 3887 3378 3954 est,
3448 3887 3506 3939 et
3569 3883 3672 3940 Dei

2016 3989 2303 4055 stagnum
2337 3985 2825 4049 Sebastenorum,
2841 3987 3006 4055 gravi
3031 3987 3212 4043 ﬂante
3226 3989 3430 4053 borea,
3450 3989 3668 4046 inﬁxos

2017 4057 2218 4131 fuisse,
2256 4056 2314 4111 id
2347 4058 2830 4131 peregrinitatem
2852 4056 3034 4128 hujus
3057 4061 3324 4131 epistolae
3356 4061 3507 4116 adeo
3529 4079 3669 4117 con-

2014 4126 2235 4202 ﬁrmat,
2270 4132 2331 4182 ut
2349 4126 2540 4202 mirer
2561 4126 3020 4202 Tillemonti1,1m,
3046 4126 3149 4202 qui
3172 4132 3328 4187 hanc
3355 4131 3668 4190 difﬁculta-

2014 4204 2134 4272 tem
2157 4199 2519 4272 observavit.
2545 4200 2822 4272 dubitare
2864 4199 3145 4272 potuisse,
3181 4209 3382 4258 utrum
3413 4205 3663 4260 Basilius

2013 4271 2281 4332 epistolae
2304 4276 2511 4325 auctor
2541 4271 2749 4326 haberi
2779 4271 2968 4328 necne
3016 4271 3277 4330 deberet.
3314 4277 3459 4330 Cum
3504 4278 3664 4332 enim

2013 4341 2112 4416 illa
2132 4342 2206 4396 de
2227 4341 2632 4416 quadraginta
2650 4344 3016 4416 martyribus
3037 4346 3242 4416 opinio
3263 4347 3662 4403 recentiorum

2015 4415 2354 4468 Griecorum
2378 4419 2554 4479 cst,ut
2571 4414 2700 4484 ipse
2715 4413 3659 4487 observatTil'lemontius,tom.V,

2012 4488 2364 4558 p.»789,tum
2386 4500 2524 4540 vero
2548 4486 2808 4555 Gregorii
2832 4487 3078 4558 Nysseni
3104 4493 3157 4541 et
3179 4487 3375 4543 Basilii
3402 4486 3663 4544 testimo-

2011 4556 2127 4609 niis
2147 4557 2389 4626 penitus
2415 4563 2730 4681 repugnat,
2765 4556 3025 4628 quorum
3065 4559 3211 4614 alter
3251 4560 3660 4630 quadraginta

2012 4633 2307 4681 martvres
2325 4626 2385 4681 in
2411 4627 2486 4681 ba
2516 4630 2642 4681 neis
2658 4628 2915 4681 publicis
2937 4629 3137 4681 frigori
3159 4633 3462 4681 exnositos
3479 4632 3658 4681 fuisse

2516 4630 2642 4682 neis
2658 4628 2915 4699 publicis
2937 4629 3138 4697 frigori
3159 4628 3462 4700 expositos
3479 4632 3658 4687 fuisse

2011 4702 2237 4762 narrat,
2264 4703 2409 4752 tom.
2451 4701 2540 4765 ΙΙΙ,
2582 4717 2642 4772 p.
2676 4700 3078 4772 5H,Basilius
3107 4717 3378 4772 veroeos
3407 4703 3468 4756 in
3509 4703 3657 4758 urbe

2013 4784 2225 4840 passos
2259 4785 2425 4841 esse,
2461 4771 2595 4825 non
2633 4787 2772 4825 vero
2812 4771 2871 4824 in
2903 4776 3118 4841 stagno
3147 4771 3412 4828 declarat
3443 4791 3454 4827 :
3497 4775 3659 4829 Tunc

2012 4839 2222 4909 igitur,
2255 4839 2467 4911 inquit,
2499 4848 2646 4896 tom.
2683 4843 2746 4908 ll,
2783 4857 2843 4911 p.
2885 4839 3023 4898 1352f
3047 4859 3109 4897 ea
3140 4844 3196 4897 in
3227 4843 3352 4898 illos
3400 4844 3514 4898 lata
3538 4859 3657 4900 sen-

2012 4917 2185 4986 tentia
2229 4915 2325 4979 est,
2369 4921 2426 4986 ut
2463 4913 2575 4986 sub
2609 4912 2697 4967 dio
2743 4917 3150 4983 pernoctarent,
3201 4931 3325 4969 cum
3376 4920 3653 4986 stagnum,

2010 4984 2220 5055 circum
2248 4982 2389 5052 quod
2413 4984 2632 5038 condita
2664 4987 2783 5037 erat
2812 4986 3007 5038 civitas
3040 4987 3098 5038 in
3127 5003 3235 5055 qua
3268 4989 3448 5042 sancti
3465 4982 3655 5043 ‘deceré

2012 5054 2225 5129 tabant.
2253 5057 2387 5107 esset
2407 5056 2553 5129 velut
2573 5055 2823 5125 quaedam
2841 5056 3101 5129 planities
3127 5054 3464 5126 equitabilis,
3483 5059 3659 5129 glacie

2011 5125 2151 5197 illud
2179 5128 2606 5191 transmutante,
2628 5142 2861 5196 cumque
2893 5126 2945 5180 id
2967 5144 3036 5182 ex
3055 5125 3264 5197 frigore
3285 5130 3354 5184 ad
3373 5125 3658 5186 continen—

2013 5196 2084 5250 tis
2122 5199 2384 5268 naturam
2409 5197 2710 5263 redactum,
2756 5215 2920 5268 super
2947 5196 3168 5253 dorsum
3206 5203 3311 5256 iter
3339 5204 3657 5257 accolarum

2010 5266 2234 5342 pedibus
2261 5268 2747 5342 tutumprzeberet,
2771 5266 3148 5342 printereaque
3165 5274 3437 5342 ﬂuviiqui
3449 5273 3659 5342 jugiter

2011 5338 2279 5407 ﬂuebant,
2306 5338 2480 5408 glacie
2499 5338 2799 5414 constricti,
2823 5338 3112 5414 (lesiissent
3131 5338 3384 5412 manare,
3413 5338 3465 5398 et
3485 5338 3654 5414 (igua-

2012 5427 2140 5464 rum
2167 5413 2375 5465 natura
2422 5411 2642 5466 mollior
2697 5413 2757 5465 in.
2816 5413 3062 5481 lapidum
3106 5415 3366 5470 duritiem
3399 5411 3661 5470 conversa

2011 5484 2168 5546 esset,
2191 5498 2318 5536 eum
2355 5482 2588 5555 denique
2616 5499 2767 5537 acres
2797 5484 2968 5540 borea
2991 5488 3156 5555 ﬂatus
3197 5488 3513 5542 animantia
3549 5502 3661 5542 om-

2013 5554 2110 5606 nia
2137 5557 2392 5623 urgerent
2412 5553 2483 5608 ad
2509 5558 2760 5609 mortem.

2088 5623 2199 5698 (40)
2355 5629 2440 5676 τὸν
2480 5625 2888 5699 πολυστένακτον
2912 5625 3049 5699 βίον.
3084 5631 3216 5684 COT.

2084 5693 2199 5768 (41)
2225 5693 2467 5770 Ἶὸωμεν.
2503 5699 2653 5769 Lege
2679 5693 2920 5773 εἰδῶμενξ
2948 5702 3101 5755 EDIT.
