4146 6374
493 366 630 422 illi

1869 363 1929 422 s.
1971 363 2228 424 BASILII
2264 361 2505 438 manu

3719 373 3858 437 “ﬂ

488 487 799 546 confessio
825 503 840 544 :
875 503 912 543 a
942 487 1161 560 quavis
1187 503 1249 544 re
1280 487 1518 546 mortali
1541 492 1729 546 semet
1748 489 2062 556 abstrahit,
2085 493 2143 546 et

2275 488 2424 542 ἰαίνει
2455 490 2570 559 (46)
2599 509 2691 542 του
2729 491 2918 548 θνητοῦ
2964 492 3176 562 παντὸς,
3227 491 3402 566 ὥσπερ
3443 501 3601 566 σῶμα
3652 497 3857 567 ἔχουσα

487 578 682 634 instar
715 579 986 650 corporis
1038 577 1223 634 habet
1279 577 1562 650 Spiritum
1609 578 1729 646 Dei,
1775 584 1832 634 et
1883 580 2002 635 Deo
2030 593 2144 634 nos

491 667 865 734 commiscet,
889 665 1273 722 aemulatione
1293 666 1562 737 qualibet
1581 671 1761 740 atque
1790 666 2016 723 invidia
2039 682 2143 723 ca-

490 769 653 811 rens.
686 758 835 811 Nam
857 755 960 827 qui
987 770 1204 826 corpus
1222 759 1404 825 amat,
1426 755 1525 811 alii
1547 755 1789 811 invidet.
1816 756 1925 821 Qui
1942 759 2146 812 autem

495 844 896 916 corruptionis
926 843 1211 900 morbum
1241 843 1300 900 in
1344 859 1446 900 cor
1487 860 1608 900 non
1641 844 1922 912 admittit,
1952 844 2148 901 labori

497 933 742 989 cuilibet
766 933 1052 1005 deinceps
1072 932 1425 989 sustinendo
1455 948 1566 1006 par
1603 939 1692 989 est
1717 949 1730 999 ;
1759 937 1816 990 et
1859 933 1994 990 licet
2021 949 2148 990 cor-

496 1037 644 1095 pore
674 1021 1016 1088 occumbat,
1060 1021 1205 1077 vivit
1255 1022 1870 1080 immortalitati.lmo
1919 1023 1970 1078 si
2020 1038 2150 1079 rem

496 1109 757 1185 perfecte
803 1127 1266 1180 cognoscamus,
1308 1112 1678 1169 continentia
1731 1111 1968 1168 videtur
2015 1128 2151 1169 esse

502 1199 802 1272 Deus,qui
832 1199 980 1256 nihil
1007 1199 1518 1273 concupiscit,sed
1549 1201 1756 1258 omnia
1778 1201 1838 1257 in
1869 1217 1931 1258 se
1947 1201 2149 1273 habet,

502 1289 779 1362 nihilque
799 1290 1045 1362 appetit,
1069 1305 1180 1345 nec
1202 1289 1327 1346 sive
1362 1290 1551 1346 oculis
1588 1291 1711 1347 sive
1731 1290 1980 1346 auribus
2007 1307 2156 1364 pas-

505 1379 745 1436 sionem
788 1377 1125 1451 experitur;
1159 1379 1265 1434 sed
1304 1378 1471 1435 nulla
1519 1394 1584 1434 re
1611 1378 1908 1449 indigens,
1937 1377 2154 1450 plenus

503 1484 948 1542 usquequaque
974 1473 1082 1526 est.
1111 1469 1610 1542 Concupiscentia
1629 1469 1881 1525 morbus
1915 1475 2005 1525 est
2034 1469 2162 1525 ani-

500 1575 663 1628 mae;
696 1559 924 1615 sanitas
974 1558 1272 1630 ejusdem,
1316 1559 1704 1616 continentia.
1737 1561 2160 1618 Verumtamen

506 1647 678 1704 haud
706 1647 770 1704 in
789 1663 914 1703 una
933 1647 1133 1720 specie
1159 1647 1587 1704 continentiam
1605 1653 1843 1720 oportet
1863 1654 2154 1722 spectare,

509 1736 694 1794 veluti
715 1737 873 1794 circa
924 1753 1021 1794 res
1063 1753 1350 1794 venereas
1376 1755 1389 1805 ;
1423 1737 1528 1793 sed
1559 1742 1616 1794 et
1644 1739 1706 1794 in
1735 1738 1852 1796 alia
1875 1755 1938 1796 re
1964 1739 2158 1812 quali-

2249 586 2340 631 τοῦ
2367 585 2502 632 Θεοῦ
2555 582 2613 630 τὸ
2663 586 2872 652 Πνεῦμα
2895 601 2908 613 ·
2954 585 3044 632 καὶ
3089 588 3202 651 Θεῷ
3223 584 3515 653 μίσγεσθαι
3552 591 3712 651 ποιεῖ,
3739 590 3857 638 οὔτε

2254 668 2409 729 ζῆλον
2441 671 2650 739 ἔχουσα
2681 672 2798 722 οὔτε
2829 671 3032 740 φθόνον.
3053 669 3112 722 Ὀ
3141 672 3244 742 γὰρ
3275 668 3399 745 ἐρῶν
3422 677 3684 744 σώματος,
3703 673 3855 750 ἑτέρῳ

2257 753 2616 828 διαφθονεῖται
2647 775 2659 788 '
2693 759 2719 810 6
2751 754 2810 810 δε
2857 762 2929 830 μὴ
2979 760 3331 832 κομισάμενος
3376 759 3443 821 εἰς
3490 759 3718 833 καρδίαν
3760 772 3855 826 τῆς

2254 847 2443 920 φθορᾶς
2483 850 2576 905 τὴν
2602 851 2774 914 νόσον,
2805 846 3026 921 ἔῤῥωται
3066 847 3244 900 λοιπὸν
3293 853 3434 920 πόνῳ
3462 855 3640 915 παντὶ,
3672 857 3853 927 καίπερ

2257 933 2528 987 ἀποθανὼν
2558 938 2650 1009 μεν
2698 944 2770 1006 τῷ
2803 943 3030 1008 σώματι,
3069 940 3169 999 ζῶν
3216 933 3275 991 δε
3302 945 3365 1010 τῇ
3419 936 3708 1014 ἀφθαρσίᾳ,
3753 947 3855 995 Καί

2256 1045 2348 1100 μοι
2375 1024 2577 1086 τελείως
2630 1027 3098 1098 καταμανθάνοντι,
3149 1025 3427 1101 ἐγκράτεια
3469 1025 3617 1082 δοκεῖ
3656 1033 3681 1084 ὀ
3725 1035 3852 1094 Θεὸς

2259 1113 2409 1183 εἶναι,
2436 1117 2516 1168 ὅτι
2546 1111 2772 1187 μηδενὸς
2799 1113 3058 1188 ἐπιθυμεῖ,
3088 1114 3216 1169 ἀλλά
3252 1119 3424 1169 πάντα
3447 1120 3558 1190 ἔχει
3586 1117 3634 1172 ἔν
3660 1120 3851 1192 ἑαυτῷ·

2259 1209 2350 1258 καὶ
2415 1200 2622 1265 οὐδενὸς
2684 1204 2940 1278 ὀρέγεται,
3000 1200 3124 1258 οὐδὲ
3189 1207 3303 1276 ἔχει
3359 1208 3522 1268 πάθος
3566 1213 3682 1283 περὶ
3736 1212 3862 1270 τοὺς

2263 1293 2580 1366 ὀφθαλμοὺς,
2609 1290 2734 1346 οὐδε
2763 1299 2880 1366 περὶ
2911 1295 2979 1346 τά
3007 1294 3143 1346 ὦτα’
3187 1293 3314 1347 ἀλλά
3345 1293 3582 1358 ἀνενδεὴς
3611 1297 3698 1365 ὣν,
3721 1298 3863 1356 πλή-

2262 1403 2360 1459 ρης
2387 1379 2459 1436 δι’
2488 1382 2606 1435 ῶου
2639 1381 2799 1438 ἐστίν.
2827 1383 3113 1455 Ἐπιθυμία
3141 1387 3293 1446 νόσος
3324 1383 3437 1437 ἔστὶ
3456 1385 3646 1457 ψυχῆς
3666 1407 3680 1420 ο
3714 1388 3868 1458 ὑγεία

2265 1469 2344 1542 δε,
2376 1471 2668 1548 ἆγκράτεια.
2695 1471 2772 1524 Ού
2816 1475 2968 1544 μόνον
3021 1468 3082 1527 δε
3109 1476 3228 1546 περὶ
3261 1471 3312 1527 ἓν
3349 1469 3490 1536 εἶδος
3529 1475 3625 1534 τὴν
3671 1473 3870 1550 ἰγκρά-

2262 1582 2400 1616 τειαν
2432 1559 2514 1614 δεῖ
2542 1562 2687 1635 ὀρᾴν,
2715 1562 2821 1614 οἷον
2850 1563 3012 1615 ἕνεκεν
3052 1557 3396 1635 ἀφροδισίων,
3442 1561 3574 1618 ἀλλά
3609 1567 3701 1618 καὶ
3745 1567 3871 1638 περὶ

2264 1655 2331 1705 τὰ
2361 1651 2490 1704 ἄλλα
2518 1652 2620 1704 ὅσα
2652 1649 2898 1724 ἇπιθυμεῖ
2922 1653 2951 1709 ἠ
2985 1650 3140 1723 ψυχὴ
3187 1660 3376 1721 κακῶς,
3426 1653 3523 1706 οὐκ
3568 1652 3866 1730 ἀρκουμένη

2265 1748 2376 1802 τοῖς
2406 1739 2708 1812 ἀναγκαίοις
2727 1760 2741 1774 ι
2772 1743 2970 1812 γίνεται
3001 1741 3181 1812 φθόνος
3227 1737 3321 1794 διὰ
3356 1747 3609 1818 χρυσίον,
3631 1747 3722 1796 καὶ
3747 1739 3873 1797 ἀδι-

511 1826 636 1898 bet,
666 1843 855 1900 quam
885 1827 1090 1884 anima
1129 1843 1313 1900 prave
1364 1828 1610 1901 appetit,
1640 1829 1994 1886 necessariis
2034 1846 2160 1888 non

2275 1836 2482 1904 κὴματα
2509 1834 2674 1905 μυρία
2699 1825 2733 1882 δ
2739 1829 2774 1882 ι’
2798 1829 2970 1903 ἑτέρας
2990 1827 3293 1903 ἐπιθυμίας.
3327 1835 3428 1884 Καὶ
3447 1835 3506 1884 1'6
3532 1835 3604 1905 μὴ
3636 1825 3870 1905 μεθύεᾶ,

513 1921 810 1974 contenta.
844 1916 1112 1988 Gignitur
1136 1917 1381 1986 invidia,
1409 1917 1489 1973 ob
1515 1933 1754 1986 aurum,
1787 1924 1844 1977 et
1873 1921 2160 1993 improbi-

513 2010 666 2063 tates
724 2007 1098 2072 innumerae,
1151 2007 1231 2063 ob
1277 2007 1426 2064 alias
1483 2009 1862 2081 cupiditates.
1916 2012 2048 2072 1am
2104 2016 2162 2068 et

509 2094 794 2152 ebrietate
842 2111 1066 2163 carere,
1095 2095 1464 2152 continentia
1505 2101 1628 2166 est;
1661 2102 1718 2154 et
1766 2099 1882 2155 cibi
1912 2099 2162 2173 crapula

509 2201 634 2242 non
655 2185 941 2258 dirumpi,
972 2192 1028 2242 et
1053 2200 1273 2259 corpus
1301 2203 1480 2243 suum
1511 2187 1810 2258 cohibere,
1851 2191 2160 2247 continen-

509 2275 592 2333 tia
623 2279 732 2334 est.
763 2279 909 2332 Item
939 2275 1142 2348 pravis
1173 2275 1475 2332 dominari
1504 2279 1985 2351 cogitationibus,
2012 2295 2164 2353 quo-

511 2366 620 2421 ties
651 2366 922 2421 animam
949 2364 1154 2421 turbat
1187 2366 1394 2438 aliqua
1422 2367 1745 2439 phantasia
1779 2385 1977 2443 neque
2001 2369 2165 2429 bona

513 2470 712 2527 neque
763 2454 995 2510 veritati
1043 2456 1442 2526 consentiens,
1490 2473 1714 2531 corque
1743 2459 1804 2515 in
1855 2476 2047 2517 vanas
2079 2462 2168 2518 di-

515 2545 724 2601 strahit
756 2561 947 2601 curas.
983 2547 1233 2601 Prorsus
1263 2561 1374 2602 nos
1416 2546 1637 2604 liberos
1671 2555 1920 2620 przestat
1971 2551 2163 2608 conti-

514 2635 741 2702 nentia,
773 2635 919 2707 quia
948 2634 1129 2690 simul
1179 2635 1484 2693 medicina
1535 2637 1843 2712 virtusque
1873 2644 1961 2697 est
1993 2659 2006 2696 :
2042 2655 2167 2698 non

517 2723 673 2780 enim
702 2725 1162 2797 temperantiam
1193 2724 1390 2795 docet,
1422 2726 1529 2782 sed
1557 2728 1804 2800 praebet.
1830 2731 2022 2786 Gratia
2044 2729 2166 2800 Dei,

516 2813 886 2870 continentia
916 2818 1024 2870 est.
1069 2813 1246 2870 Jesus
1280 2814 1414 2888 ipsa
1449 2817 1818 2875 continentia
1858 2819 2026 2876 visus
2059 2825 2167 2887 est,

517 2919 657 2959 cum
688 2907 846 2960 terra
885 2904 1159 2977 marique
1199 2903 1385 2961 levior
1414 2905 1560 2962 fuit:
1593 2923 1736 2964 nam
1767 2924 1966 2982 neque
1997 2909 2168 2966 tellus

517 2991 688 3049 illum
713 2993 975 3066 portavit
1003 3009 1200 3066 neque
1220 3010 1388 3050 mare
1412 3013 1426 3062 ;
1461 2994 1568 3051 sed
1592 2996 1764 3054 sicuti
1786 3013 1953 3054 mare
1983 2999 2173 3056 calca-

518 3083 622 3152 vit,
647 3083 730 3138 ita
748 3083 939 3139 telluri
965 3083 1133 3140 oneri
1160 3099 1283 3140 non
1307 3084 1432 3139 fuit.
1450 3087 1596 3140 Nam
1625 3087 1675 3141 si
1697 3101 1768 3142 ex
1790 3090 2173 3160 corruptione

519 3187 685 3229 mors
717 3173 1004 3244 sequitur,
1055 3189 1129 3230 ex
1189 3173 1590 3246 corruptionis
1632 3179 1834 3232 autem
1892 3177 2175 3235 immuni-
2205 3198 2245 3254 ς

520 3265 662 3330 tate,
691 3260 1149 3330 immortalitas;
1198 3263 1405 3336 utique
1452 3265 1622 3320 Jesus
1667 3264 1950 3323 deitatem
1979 3270 2173 3340 magis

521 3365 647 3422 prce
679 3367 741 3406 se
776 3351 908 3406 tulit
946 3367 1133 3424 quam
1164 3351 1590 3409 mortalitatem
1623 3357 1756 3423 (42).
1799 3356 2178 3414 Manducavit

523 3437 795 3511 bibitque
809 3437 1094 3509 singulari
1114 3439 1317 3508 modo,
1334 3441 1482 3514 quin
1504 3443 1840 3517 quidquam
1863 3461 2176 3502 comesum

525 3541 599 3583 ex
629 3543 691 3583 se
721 3528 1000 3585 redderet
1029 3530 1143 3600 (43)
1168 3546 1181 3584 :
1207 3535 1372 3587 tanta
1400 3532 1626 3605 quippe
1655 3532 1762 3589 fuit
1791 3534 1850 3590 in
1881 3551 1951 3591 eo
1981 3538 2176 3592 conti-

525 3617 742 3673 nentiae
795 3618 908 3689 vis,
942 3622 1003 3674 ut
1050 3617 1220 3675 cibus
1277 3618 1339 3676 in
1387 3635 1457 3677 eo
1507 3637 1631 3678 non
1669 3629 2176 3698 corrumperetur,

526 3707 669 3780 quia
718 3706 850 3780 ipse
897 3711 1071 3766 Jesus
1121 3709 1616 3784 corruptibilitate
1657 3713 1900 3771 carebat
1940 3717 2076 3787 (44).
2121 3716 2179 3774 Si

525 3798 711 3854 modo
742 3797 946 3871 aliqua
975 3799 1341 3857 continentia
1387 3799 1449 3856 in
1502 3800 1680 3858 nobis
1714 3803 1806 3870 sit,
1829 3803 2180 3882 superiores

525 3886 812 3944 omnibus
843 3892 1072 3944 sumus.
1107 3891 1255 3946 Nam
1277 3894 1335 3947 et
1364 3892 1612 3962 angelos
1636 3891 2182 3967 audivimus,post-

525 3992 710 4050 quam
738 3976 1175 4035 incontinentes
1204 3984 1347 4036 sunt
1371 3979 1582 4052 effecti,
1606 3980 1755 4037 ccelo
1778 3987 2021 4054 propter
2043 3999 2181 4040 con-

527 4068 960 4138 cupiscentiam
1008 4070 1346 4142 praecipites
1394 4074 1561 4126 actos
1592 4071 1769 4127 :victi
1816 4077 1954 4128 sunt
1994 4073 2175 4146 enim,

527 4170 651 4211 non
681 4155 796 4228 ipsi
825 4173 930 4229 per
959 4173 1021 4215 se
1041 4157 1501 4215 descenderunt.
1523 4159 1675 4226 Quid
1699 4161 1857 4217 enim
1887 4161 2002 4217 illic
2033 4178 2179 4234 age-

526 4249 616 4301 ret
645 4245 896 4301 morbus
937 4246 1054 4313 hic,
1108 4247 1156 4303 si
1184 4248 1294 4319 (£5)
1322 4247 1676 4320 hujusmodi
1719 4250 1928 4306 oculus
1952 4250 2179 4307 ibidem

2269 1919 2544 1996 ἐγκράτειά
2574 1917 2714 1972 ἐστιν
2737 1934 2750 1948 ⁸
2793 1923 2884 1972 καὶ
2912 1922 2970 1972 τὸ
3000 1920 3075 1991 μα
3114 1915 3541 1995 διαρρήγνυρνθαι
3577 1922 3875 1996 ὑπερεμπι-

2269 2009 2522 2083 πλάμενον
2554 2008 2692 2081 (47).
2736 2012 2836 2062 Καὶ
2861 2011 2919 2061 τὸ
2949 2016 3152 2081 κρατεῖν
3180 2017 3274 2062 τοῦ
3307 2015 3568 2083 σώματος,
3593 2011 3880 2086 ἐγκράτειά

2272 2098 2433 2162 ἔστιν,
2489 2103 2577 2152 καὶ
2614 2102 2672 2151 τὸ
2726 2100 2980 2173 κυριεύειν
3022 2097 3287 2171 λογισμῶν
3324 2107 3581 2175 πονηρῶν.
3638 2101 3882 2163 Ποσάκις

2273 2187 2511 2264 ἐτάραξεν
2541 2187 2728 2260 ψυχὴν
2756 2189 2944 2254 ἔννοια,
2975 2187 3069 2240 οὐκ
3099 2185 3270 2259 ἀγαθὴ
3304 2185 3440 2241 οὖσα
3485 2192 3602 2242 οὔτε
3653 2187 3879 2260 ἀληθὴς,

2273 2283 2364 2331 καὶ
2391 2273 2618 2350 καρδίαν
2646 2273 2878 2350 ἐμέρισεν
2909 2275 2982 2338 εὶς
3009 2275 3172 2328 πολλά
3201 2277 3491 2350 φροντίζειν
3527 2285 3702 2338 κενῶς,
3741 2279 3884 2331 Πάν-

2273 2386 2376 2429 τως
2407 2364 2665 2440 ὶλευθεροῖ
2709 2365 2739 2424 ἡ
2792 2362 3087 2439 ἐγκράτεια,
3121 2364 3231 2438 οἶμα
3263 2367 3622 2442 θεραπεύουσα
3649 2370 3741 2420 καὶ
3784 2363 3883 2420 δύο

2274 2476 2430 2531 ναμις
2495 2452 2667 2508 οὖσαο
2724 2454 2783 2507 ού
2838 2457 2940 2527 γὰρ
3003 2449 3252 2508 διδάσκει
3316 2457 3678 2529 σωφροσύνην,
3748 2454 3885 2509 ἀλλά

2275 2551 2520 2623 παρέχει.
2553 2547 2722 2621 Χάρις
2771 2543 2909 2597 ἔστιν
2939 2552 3073 2598 Θεοῦ
3114 2543 3406 2620 ἕγκροίτεια.
3441 2547 3646 2607 Ἰησοῦς
3691 2545 3881 2622 ἐγκρά-

2276 2655 2392 2689 τεια
2419 2634 2602 2708 ἐφάνη,
2629 2637 2720 2686 καὶ
2745 2641 2812 2706 γῇ
2837 2637 2928 2686 καὶ
2955 2632 3192 2708 θαλάσση
3222 2641 3410 2707 κοῦφος
3429 2638 3719 2707 γενόμενος.
3744 2639 3884 2688 Οὔτε

2277 2727 2376 2800 γὰρ
2423 2733 2490 2797 γῆ
2543 2721 2830 2776 ἐϐάστασεν
2870 2721 3047 2790 αὐτὸν,
3105 2725 3221 2776 οὔτε
3267 2721 3503 2794 πελάγη·
3561 2721 3671 2776 ἀλλ’
3702 2725 3880 2799 ὥσπερ

2280 2813 2537 2873 ἓπάτησεν
2588 2811 2877 2878 θάλασσαν,
2909 2811 3069 2873 οὕτως
3109 2810 3202 2864 οὐκ
3233 2810 3487 2886 ἐϐάρησεν
3526 2816 3620 2872 τὴν
3666 2821 3792 2886 γῆν.
3824 2812 3887 2868 Εἰ

2281 2907 2381 2980 γὰρ
2410 2902 2464 2956 ἐκ
2494 2909 2585 2955 τοῦ
2631 2901 2932 2976 φθείρεσθαι
2962 2904 3021 2953 τὸ
3061 2897 3356 2969 ἀποθανεῖν,
3395 2900 3450 2954 ἐκ
3482 2898 3541 2955 δε
3565 2909 3658 2955 τοῦ
3690 2903 3886 2978 φθορὰν

2283 2999 2354 3068 μὴ
2389 2997 2550 3066 ἔχειν,
2591 2995 2649 3046 τὸ
2700 2997 2771 3066 μὴ
2829 2990 3122 3059 ἀποθανεῖν,
3156 2993 3375 3051 θεότητα
3420 2993 3447 3044 ὁ
3476 2992 3687 3054 Ἰὸσοῦς
3719 2992 3894 3069 εἰργά-

2285 3085 2420 3150 ζετο,
2480 3083 2538 3135 οὐ
2596 3083 2908 3140 θνητὸτητα.
2939 3078 3157 3134 Ἥσθιεν
3217 3085 3308 3134 καὶ
3345 3083 3512 3134 ἔπινεν
3570 3078 3734 3149 ἰδίως,
3793 3082 3892 3135 οὐκ

2285 3169 2581 3234 ἀποδιδοὺς
2610 3173 2676 3224 τα
2705 3170 2965 3244 βρώματα
2987 3189 3000 3201 ’
3032 3170 3260 3230 τοσαύτη
3303 3169 3352 3222 ἐν
3383 3169 3524 3242 αὐτῷ
3550 3170 3580 3230 ὴ
3611 3169 3890 3245 ὶγκράτεια

2288 3259 2507 3335 δύναμις
2540 3258 2622 3329 ἧν,
2668 3263 2803 3312 ὥστε
2850 3263 2922 3332 μὴ
2957 3261 3218 3334 φθαρῆναι
3247 3263 3340 3318 τὴν
3380 3264 3574 3335 τροφὴν
3614 3259 3659 3313 ἐν
3711 3258 3880 3330 αύτῷ,

2287 3351 2393 3405 ἐπεὶ
2419 3354 2477 3405 τὸ
2519 3351 2821 3426 φθείρεσθαι
2856 3348 3014 3410 αὐτὸς
3051 3347 3144 3400 οὐκ
3188 3345 3349 3420 εἶχεν.
3373 3348 3582 3420 Ὀλίγον
3603 3367 3652 3400 τι
3681 3346 3729 3400 ἑν
3753 3349 3885 3420 ἡμῖν

2287 3439 2432 3514 ἐάνῇ
2486 3440 2778 3514 ἐγκράτεια,
2834 3435 3080 3510 ἀνώτεροι
3127 3436 3366 3489 ἁπάντων
3419 3433 3590 3510 ἐσμέν.
3636 3441 3736 3490 Καὶ
3783 3437 3891 3508 γὰρ

2287 3529 2534 3603 ἀγγέλους
2577 3528 2874 3601 ἠκούσαμεν
2917 3525 3159 3600 ἀκρατεῖς
3186 3529 3449 3598 γεγονέναι
3491 3527 3899 3580 κατασπασθέν·

2286 3641 2380 3682 τας
2407 3619 2627 3696 ούρανοῦ
2683 3614 2718 3671 δ
2723 3617 2756 3670 ι’
2800 3615 3099 3690 ἐπιθυμίαν.
3138 3614 3400 3669 Ἑάλωσαν
3428 3618 3553 3692 γὰρ,
3586 3615 3714 3689 ούχὶ
3742 3619 3901 3669 κατέ-

2289 3711 2456 3769 ϐησαν
2480 3723 2495 3740 °
2546 3712 2596 3762 τί
2624 3708 2726 3783 γὰρ
2769 3707 3014 3782 ἔπραττεν
3045 3704 3150 3759 ἐκεῖ
3193 3704 3326 3764 αὕτη
3380 3707 3410 3764 ἠ
3443 3711 3612 3776 νόσος,
3647 3705 3787 3779 εἰμή
3819 3723 3900 3769 τις

2289 3801 2392 3855 ἐκεῖ
2421 3807 2656 3861 τοιοῦτος
2687 3794 2950 3870 ἀφθαλμός
2982 3791 3079 3863 ἧν;
3131 3797 3228 3849 Διά
3278 3801 3429 3849 τοῦτο
3468 3798 3592 3869 ἔφην
3615 3812 3628 3826 ⁶
3686 3794 3900 3867 Ὀλίγον

2291 3889 2591 3965 ἐγκράτειαν
2623 3887 2706 3940 ἐὰν
2736 3888 2958 3958 ἔχωμεν,
3001 3889 3092 3938 καὶ
3137 3892 3230 3938 τοῦ
3275 3883 3397 3958 βίου
3455 3889 3527 3958 μὴ
3571 3883 3899 3959 ἕρασθῶμεν,

2292 3977 2401 4032 ἀλλ’
2424 3978 2620 4031 αἰώνων
2643 3985 2743 4030 τῶν
2762 3979 3049 4051 ἀνωτέρων,
3077 3973 3182 4028 ἐκεῖ
3210 3975 3598 4048 εὑρεθησόμεθα
3622 3975 3751 4027 ὅπου
3778 3973 3908 4026 ἀνα-

2289 4073 2554 4142 πέμπομεν
2610 4068 2696 4120 τὸν
2726 4072 2862 4119 νοῦν·
2896 4071 3042 4118 Δοκεῖ
3078 4065 3177 4140 γὰρ
3224 4062 3484 4137 ὀφθαλμὸν
3531 4060 3661 4116 εἶναι
3691 4071 3902 4131 τοῦτον,

2289 4163 2375 4213 τὸν
2405 4161 2468 4212 τά
2518 4156 2682 4229 ἀφανῆ
2716 4151 2845 4209 ἰδεῖν
2878 4151 3184 4226 δυνάμενον.
3218 4157 3318 4208 Καὶ
3360 4155 3461 4229 γὰρ
3501 4151 3730 4226 λέγεται·
3763 4160 3907 4214 Νοῦς

2289 4251 2406 4324 ὁρᾷ,
2438 4251 2527 4298 καὶ
2555 4252 2673 4308 νοῦς
2701 4243 2896 4298 ἀκούει.
2929 4244 3107 4298 Ταῦτά
3138 4261 3223 4295 σοι
3247 4242 3399 4315 ὀλίγα
3429 4239 3710 4309 δοκοῦντα,
3734 4241 3908 4295 πολλά

527 4335 886 4393 exstitisset?
924 4339 1243 4408 Propterea
1289 4336 1413 4393 dixi
1449 4355 1463 4394 :
1497 4336 1950 4411 Aliquantulum
1996 4342 2165 4396 conti-

2287 4342 2550 4410 γέγραφα·
2586 4337 2666 4388 ὅτι
2715 4333 2906 4392 ἑκάστη
2953 4331 3109 4401 λέξις,
3151 4339 3271 4394 νοῦς
3301 4331 3475 4385 ἐστιν·
3516 4335 3608 4385 καὶ
3638 4327 3786 4388 οἶδα.
3817 4333 3906 4385 ὃτι

524 4423 744 4480 nentiae
777 4423 826 4480 si
856 4424 914 4480 in
942 4424 1116 4482 nobis
1149 4425 1260 4494 sit,.
1279 4430 1336 4483 et
1360 4425 1661 4483 mundum
1689 4427 1938 4485 minime
1968 4428 2177 4502 diliga-

2289 4425 2538 4500 ἀναγνοὺς
2569 4425 2801 4499 αἰσθήσῃ
2819 4465 2832 4480 .

524 4531 684 4587 mus,
713 4515 821 4571 sed
865 4516 1130 4573 ctelestia
1178 4516 1417 4590 saecula,
1470 4517 1588 4576 illic
1634 4517 2012 4576 inveniemur
2055 4535 2178 4592 quo
2207 4523 2474 4575 mentem
2503 4515 2957 4573 intenderimus.
2985 4513 3089 4570 Hic
3144 4512 3306 4570 enim
3325 4510 3562 4569 videtur
3587 4526 3724 4568 esse
3753 4527 3904 4570 ocu-

523 4604 643 4676 lus,
675 4605 780 4679 qui
812 4605 1135 4662 invisibilia
1159 4621 1399 4662 cernere
1429 4611 1652 4679 potest;
1687 4623 1831 4665 nam
1863 4609 2044 4666 etiam
2073 4607 2258 4679 vulgo
2287 4606 2612 4665 dicisolet:
2647 4606 2808 4663 lens
2835 4602 3022 4670 videt,
3051 4606 3109 4659 et
3145 4617 3320 4660 mens
3347 4600 3538 4658 audit.
3562 4603 3764 4658 Pauca
3785 4601 3899 4658 tibi

521 4693 655 4751 haec
683 4694 981 4765 videntur,
1015 4695 1121 4753 sed
1151 4695 1341 4752 multa
1373 4711 1484 4766 ego
1511 4697 1726 4770 scripsi
1758 4714 1772 4754 :
1803 4698 2020 4756 etenim
2062 4696 2548 4773 unumquodque
2597 4695 2873 4766 verbum,
2921 4708 3136 4751 sensus
3185 4691 3439 4768 quidam
3462 4695 3582 4760 est;
3612 4694 3797 4765 atque
3829 4691 3900 4748 id

524 4785 650 4842 scio
682 4789 737 4842 te
755 4785 1056 4857 legentem
1076 4784 1202 4842 fore
1223 4786 1626 4857 cogniturum.

596 4962 711 5037 (42)
743 4963 913 5037 Ludit
949 4964 1410 5037 quodammodo
1459 4965 1707 5022 Basilius
1763 4966 1825 5022 in
1855 4965 2172 5037 vocabulis

525 5034 830 5109 ese-curaret
860 5034 1171 5102 θνητότητα,
1200 5036 1364 5109 quod
1394 5037 1594 5094 Latine
1615 5037 1744 5094 ﬁeri
1766 5035 1993 5109 nequit.

591 5105 854 5182 (§3A)VHa_c
902 5121 1084 5182 super
1120 5124 1183 5163 re
1211 5105 1690 5182 reverentissime
1721 5105 2174 5182 theologiceque

519 5176 725 5252 scribit
748 5176 1105 5252 Athanasius
1128 5180 1389 5252 Corinthi
1411 5179 1731 5252 episcopus
1752 5180 1812 5236 in
1835 5176 2174 5251 fragmento

516 5247 817 5326 quodnos
840 5246 1271 5326 edidimus/4.74.
1303 5246 1464 5326 class:
1488 5255 1526 5308 t.
1559 5246 1706 5324 Κίρ.
1727 5246 1986 5326 499-506,
2004 5252 2170 5326 quod

513 5320 724 5394 ihcipit
749 5338 761 5376 :
789 5327 1080 5398 Ζητοῦμεν,
1125 5322 1168 5374 εἰ
1206 5325 1243 5398 ,ἡ
1295 5322 1564 5398 πλήρωσις
1593 5320 1692 5398 τῶν
1745 5320 2043 5398 βρωμάτων
2083 5325 2168 5378 ἐπὶ

514 5391 749 5466 Χριστοῦ
782 5391 1024 5470 ἐκέκτητο
1045 5398 1135 5470 καὶ
1156 5391 1557 5470 κένωσιν.’βῐ’8.1
1583 5391 1892 5470 enim'l'raec
1921 5411 2167 5470 quoque

510 5463 636 5520 una
665 5479 736 5519 ex
759 5463 1200 5536 objectionibus
1227 5465 1669 5522 haereticorum.
1700 5467 1913 5523 Definit
1938 5463 2160 5536 autem,

511 5551 731 5611 corpus
759 5534 971 5611 Christi
1020 5535 1135 5611 hac
1175 5536 1235 5611 in
1265 5552 1328 5592 re
1367 5537 1549 5611 fuisse
1590 5537 1820 5611 caeteris
1862 5534 2163 5611 superius,

513 5605 684 5662 sicuti
714 5607 893 5662 etiam
926 5605 985 5662 in
1035 5606 1278 5664 insolita
1322 5607 1650 5664 nativitate.
1705 5609 1892 5665 Utitur
1919 5605 2163 5666 duoaue

513 5626 684 5662 SlClltl
714 5626 893 5662 etlam
926 5626 985 5662 ID
1035 5626 1278 5664 111501118.
1322 5626 1650 5664 nauvuate.
1707 5626 1892 5665 υιιιιιι·
1964 5627 2040 5666 [ιο
2089 5626 2163 5666 ue

509 5677 872 5736 Athanasius
907 5679 1185 5752 exemplo
1217 5678 1491 5736 trinitatis
1524 5678 1680 5735 illius
1713 5681 1876 5752 apud
1897 5626 2164 5740 ιδ)τοῖιᾶ-

2285 4979 2465 5037 mum
2483 4961 2880 5037 eonvivantis,
2897 4964 3319 5037 neque‘tamen
3346 4961 3606 5037 naturali
3631 4957 3886 5018 necessi-

2283 5039 2388 5095 tati
2413 5031 2916 5117 obtemperantis;
2944 5031 3298 5117 quoditem
3336 5034 3412 5117 de
3469 5034 3701 5117 Christe
3739 5037 3893 5107 post

2282 5104 2782 5167 resurrectionem
2814 5104 3027 5163 edente
3056 5104 3514 5176 intelligendum
3542 5104 3704 5162 dicit.

2353 5183 2464 5241 (ii)
2491 5184 2618 5236 Non
2649 5183 2886 5247 natura,
2929 5177 3048 5249 sed,
3075 5176 3270 5249 gratia
3297 5182 3355 5233 et
3382 5176 3780 5234 inhabitantis
3799 5177 3887 5234 die

2277 5252 2543 5324 vinitatis
2591 5248 3177 5324 privilegio.Videsi_s
3229 5263 3384 5321 opus
3427 5249 3628 5324 _Severi_
3675 5249 3892 5324 Aptio-

2277 5323 2451 5380 chent
2488 5319 2698 5380 contra
2725 5319 3249 5394 incorrupticolas,
3272 5319 3446 5393 apud
3477 5333 3588 5377 nos
3612 5319 3673 5376 in
3709 5321 3888 5393 Spici—

2274 5394 2413 5450 leaio
2443 5397 2622 5450 Rom..
2657 5398 2700 5450 t.
2737 5395 2796 5450 X.

2296 5397 2413 5461 egio
2443 5397 2622 5461 Rom.,
2657 5398 2700 5452 t.
2737 5397 2796 5450 X.

2326 5413 2413 5467 gzo
2443 5413 2622 5461 1t0m.,
2657 5413 2700 5452 ι.
2737 5413 2796 5450 Α.

2344 5470 2459 5537 (45)
2505 5469 2718 5530 Graece,
2763 5465 2806 5518 εἰ
2834 5470 2905 5538 μή
2939 5479 3039 5527 τις.
3075 5461 3191 5523 Sed
3218 5468 3289 5538 μή
3322 5462 3667 5520 redundare
3708 5461 3884 5522 vide-

2271 5541 2386 5606 tur,
2411 5543 2666 5611 propter
2687 5549 2760 5594 ea
2784 5550 2922 5611 quae
2939 5541 3308 5611 sequuntur.

2341 5554 2386 5606 r,
2465 5554 2666 5611 ropter
2687 5554 2760 5594 ea
2784 5554 2922 5610 qua
2953 5554 3308 5610 sequuntur.

2341 5554 2460 5678 (45
2487 5607 2958 5680 Ἀποϐαίνεινϐοά
2982 5609 3183 5680 prima
3207 5622 3398 5665 manu
3436 5605 3762 5680 ἀποσϐέννει.

2325 5681 2436 5753 (47)
2453 5678 3051 5757 ’Υπερδμπιμπλάμενᾶν.
3075 5681 3469 5742 Primamanu
3483 5678 3872 5753 πιμπλάμενον.
