4146 6370
337 483 3700 531 ὥ

1581 698 2468 855 APPENDIX

637 963 935 1047 TOMI
1039 959 1506 1046 TERTII'
1620 960 2125 1045 OPERUM
2234 961 2318 1042 S.
2426 959 2913 1040 BASILII
3017 958 3421 1039 MAGNI

1789 1179 2266 1225 COMPLECTENS

345 1313 564 1386 Viginti
605 1318 867 1388 quatuor
901 1315 992 1372 De
1021 1313 1293 1392 moribus
1312 1326 1622 1392 sermones
1653 1311 2263 1392 eerjus‘operibusa
2300 1314 2598 1392 Symeone
2628 1309 3024 1392 yetaphraste
3055 1309 3353 1379 collectos,
3385 1323 3456 1364 ac
3484 1307 3705 1364 librum

1246 1386 1335 1442 De
1364 1382 1969 1456 virginitate”falso
2003 1382 2597 1456 ascriptum'nomini
2628 1382 2850 1440 Basilii.

1556 1701 1736 1776 468
1792 1716 2480 1800 MONITUM.

421 1891 697 1948 Primum
727 1893 790 1947 in
825 1891 941 1949 hac
962 1893 1313 1962 Appendice
1344 1893 1532 1948 locum
1559 1892 1774 1948 merito
1812 1891 2139 1948 sortientur
2168 1892 2388 1962 viginti
2415 1896 2678 1963 quatuor
2706 1894 2786 1948 De
2815 1891 3087 1948 moribus
3115 1907 3432 1960 sermones,
3455 1891 3704 1962 quicum

355 1963 465 2018 toti
493 1965 614 2018 sint
641 1978 716 2019 ex
743 1965 963 2021 Basilii
985 1964 1262 2033 operibus
1287 1967 1572 2034 contexti,
1602 1963 1900 2018 Basilium
1933 1964 2127 2032 ipsum
2161 1964 2496 2034 loquentem
2523 1963 2692 2019 nobis
2719 1964 3024 2032 exhibent,
3055 1979 3177 2018 non
3203 1965 3429 2020 alienos
3455 1963 3617 2030 fetus
3638 1963 3706 2016 il-

356 2034 475 2088 lius
505 2035 739 2106 nomini
755 2035 1092 2106 afﬁngunt.
1112 2035 1238 2090 Hos
1269 2036 1503 2091 consuit
1529 2039 1804 2106 centones
1832 2035 2090 2102 Symeon
2121 2037 2409 2104 magister
2439 2042 2491 2090 et
2525 2035 2846 2103 logotheta,
2875 2035 3310 2106 Metaphrastes
3345 2035 3552 2106 vocari
3571 2034 3709 2087 soli-

356 2109 450 2176 tus
471 2118 494 2160 .'
515 2119 630 2176 quo
651 2105 716 2159 in
746 2104 928 2174 opere'
951 2105 1108 2161 nihil
1136 2107 1268 2176 fere
1296 2107 1547 2175 apponit
1578 2105 1652 2162 de
1679 2120 1808 2172 suo,
1833 2106 1953 2160 nisi
1977 2121 2109 2160 cum
2139 2122 2340 2162 rerum
2349 2107 2650 2174 junctura
2664 2121 2850 2160 unum
2868 2107 3117 2176 aliquod
3146 2105 3384 2160 verbum
3416 2104 3562 2158 addi
3575 2118 3706 2172 pos-

355 2175 513 2230 tulat
544 2180 651 2230 aut
680 2177 929 2233 mutari.
942 2176 1077 2233 Non
1109 2175 1267 2233 enim
1298 2179 1506 2233 seriem
1532 2183 1585 2232 et
1616 2176 1886 2232 ordinem
1901 2178 2144 2245 penitus
2170 2179 2467 2247 neglexit;
2490 2177 2610 2244 sed,
2645 2178 2698 2232 si
2721 2175 3022 2232 nonnulla
3045 2177 3316 2247 excipias
3346 2176 3706 2241 testimonia,

355 2260 490 2316 qua:
517 2261 626 2302 nec
655 2262 787 2302 cum
826 2248 899 2302 iis
927 2262 1062 2318 quae
1087 2249 1464 2317 prxcedunt,
1487 2263 1594 2304 nec
1625 2263 1758 2303 cum
1785 2248 1858 2302 iis
1887 2262 2022 2318 quae
2050 2246 2405 2318 sequuntur,
2434 2249 2922 2304 necessitudinem
2950 2246 3188 2313 habent,
3214 2253 3426 2302 extera
3445 2247 3594 2302 satis
3613 2248 3706 2318 in-

357 2321 457 2388 ter,
475 2331 537 2372 se
566 2323 713 2388 apta
740 2323 794 2373 et
832 2317 991 2374 nexa
1019 2325 1181 2374 sunt.
1218 2321 1388 2387 Quod
1424 2325 1623 2375 autem
1655 2317 1951 2386 ejusmodi
1981 2317 2258 2387 operibus
2289 2319 2561 2374 accidere
2589 2320 2758 2387 solet,
2792 2324 2857 2373 ut
2897 2334 3027 2388 qua:
3061 2319 3334 2374 nitebant
3367 2319 3429 2372 in
3456 2317 3710 2386 propria

354 2387 515 2460 sede,
551 2387 965 2458 deformentur
983 2391 1046 2445 in
1073 2390 1295 2457 aliena,
1332 2389 1442 2446 hoc
1463 2392 1673 2446 vitium
1698 2405 1820 2445 non
1846 2405 2075 2459 semper
2104 2391 2316 2460 effugit
2343 2389 2807 2460 Metaphrastes.
2829 2387 3115 2458 Exempli
3133 2391 3351 2459 gratia,
3380 2395 3560 2458 negat
3579 2388 3686 2460 ,Ba

356 2459 530 2514 silius
551 2460 617 2514 in
647 2461 818 2528 epist.
848 2464 974 2527 250,
1007 2460 1234 2516 adduci
1260 2477 1322 2517 se
1351 2461 1582 2529 debere,
1615 2467 1680 2515 ut
1712 2463 2184 2517 communionem
2215 2459 2387 2518 suam
2424 2461 2694 2517 omnibus
2726 2461 3032 2528 concedat,
3062 2476 3133 2516 ac
3162 2460 3489 2515 nonnullos
3525 2459 3600 2515 ab
3639 2473 3710 2514 ea

357 2531 762 2602 excludendos
790 2533 1132 2588 contendit:
1152 2532 1509 2590 charitatem
1533 2533 1940 2589 communioni
1955 2532 2261 2588 substituit
2291 2533 2567 2602 Symeon,
2587 2539 2644 2589 et
2679 2533 2965 2588 Basilium
2993 2531 3360 2601 perabsurde
3385 2531 3711 2601 loquentem

365 2601 601 2673 inducit
629 2617 743 2666 ser,
768 2605 821 2666 3,
849 2618 910 2656 η.
936 2606 989 2658 2.
1012 2603 1149 2658 Non
1183 2605 1368 2660 levius
1402 2610 1636 2673 peccat,
1670 2618 1802 2658 cum
1843 2605 2091 2671 impium
2123 2601 2411 2658 Eunomii
2431 2605 2822 2672 principium,
2856 2610 2921 2657 ut
2956 2603 3252 2672 praeclare
3276 2603 3502 2657 dictum
3532 2602 3712 2657 Basi-

369 2671 455 2741 lii,
482 2673 686 2742 refert,
708 2687 878 2727 serm.
919 2673 1004 2739 l8,
1042 2689 1102 2727 η.
1141 2674 1194 2730 1.
1229 2671 1581 2740 οαοεῐθηὺη
1601 2675 1934 2729 Eunomius
1959 2680 2283 2742 praesentes
2309 2681 2362 2730 et
2387 2671 2643 2742 futuros
2676 2675 2920 2730 lectores
2940 2671 3286 2742 Obtestatur,
3322 2679 3387 2728 ut
3410 2688 3611 2728 verum
3641 2686 3712 2727 ex

367 2741 755 2814 multitudine
782 2758 902 2797 non
930 2743 1285 2814 diiudicent,
1315 2746 1487 2814 parti
1507 2746 1732 2814 majori
1751 2741 1971 2812 palma
1991 2745 2218 2812 delata,
2244 2759 2347 2800 nec
2375 2741 2733 2814 dignitatum
2767 2743 3026 2800 habeant
3058 2741 3368 2811 rationem,
3391 2758 3580 2814 neque
3608 2757 3712 2798 au-

365 2828 460 2869 res
484 2812 762 2885 obturent
777 2814 1229 2882 posterioribus,
1243 2812 1520 2884 priorum
1541 2812 1773 2885 agmini
1792 2830 2069 2871 concessa
2091 2817 2341 2871 victoria
2360 2830 2382 2883 ,'
2409 2812 2473 2870 id
2496 2815 2935 2884 Metaphrastes
2962 2821 3163 2870 sancto
3185 2815 3406 2869 Basilio
3427 2812 3710 2882 afﬁnxit;

365 2899 474 2941 nec
501 2884 899 2958 subodoratus
929 2887 1011 2941 est
1047 2887 1108 2941 in
1139 2885 1231 2941 his
1261 2887 1456 2942 verbis
1483 2884 1809 2954 artiﬁcium
1842 2886 2130 2951 haeretici,
2165 2888 2270 2958 qui
2298 2902 2432 2942 cum
2466 2901 2525 2942 se
2555 2893 2610 2942 et
2637 2888 2818 2942 totius
2847 2887 3230 2956 antiquitatis
3263 2887 3627 2958 auctoritate
3656 2889 3709 2938 et

363 2957 627 3028 omnium
650 2957 1064 3012 Ecclesiarum
1095 2971 1384 3014 consensu
1408 2959 1606 3028 premi
1627 2957 1872 3023 videret,
1907 2958 2066 3013 tanti
2084 2956 2428 3028 argumenti
2453 2964 2837 3025 momentum,
2866 2957 3306 3013 dissimulando
3334 2963 3387 3012 et
3417 2956 3709 3012 cavillan-

362 3027 459 3100 do,
483 3028 775 3084 elevabat.
808 3028 1106 3085 Caeterum
1137 3030 1283 3084 satis
1314 3027 1462 3086 utile
1489 3029 1600 3085 hoc
1629 3045 1776 3098 opus
1803 3045 1937 3086 cum
1963 3031 2094 3099 ipsa
2124 3027 2410 3085 similium
2433 3029 2902 3084 testimoniorum
2935 3029 3318 3100 appositione,
3351 3043 3483 3100 qua:
3512 3042 3588 3082 ex
3613 3041 3711 3081 va-

361 3098 469 3154 riis
501 3100 645 3154 locis
664 3099 728 3155 in
754 3115 939 3155 unum
970 3105 1296 3171 coguntur;
1331 3105 1454 3157 tum
1486 3102 1664 3156 etiam
1693 3103 1835 3171 quia
1859 3098 2158 3156 interdum
2185 3101 2430 3170 prodest
2457 3099 2530 3156 ad
2551 3098 2982 3157 emendandum
3012 3100 3210 3156 sancti
3227 3099 3448 3154 Basilii
3471 3102 3707 3171 contex-

364 3174 510 3242 tum,
544 3186 615 3227 ac
641 3172 837 3227 multa
866 3164 1150 3237 continet,
1181 3164 1314 3242 qua
1340 3187 1473 3228 cum
1504 3173 1567 3228 in
1591 3164 1818 3228 Basilii
1850 3171 2130 3237 operibus
2166 3164 2288 3226 non
2318 3178 2674 3240 appareant,
2707 3187 2782 3227 ex
2806 3171 2898 3227 his
2923 3186 3054 3241 quae
3073 3171 3401 3242 amisimus,
3422 3176 3597 3225 eruta
3626 3169 3706 3242 vi-

361 3241 498 3312 deri
511 3247 782 3310 possunt.
808 3242 1128 3310 Ejusmodi
1156 3241 1492 3299 testimonia
1521 3245 1780 3299 stellulis
1806 3244 2192 3299 distinximus
2213 3243 2288 3298 ab
2311 3244 2470 3310 aliis,
2502 3258 2634 3312 qux
2663 3244 2785 3298 suis
2815 3247 3050 3311 reperta
3079 3243 3222 3297 locis
3250 3241 3621 3297 indicantur.
3634 3241 3706 3295 In

362 3311 592 3368 duobus
620 3313 820 3383 Regiis
847 3313 1163 3384 codicibus,
1183 3314 1396 3384 quibus
1414 3316 1509 3370 usi
1530 3329 1755 3382 sumus,
1768 3315 2097 3384 generatim
2123 3314 2203 3370 ad
2223 3311 2551 3384 marginem
2582 3315 2932 3370 indicantur
2955 3328 3139 3382 opera
3160 3314 3404 3380 Basilii,
3425 3314 3548 3368 sive
3574 3326 3706 3368 ora-

365 3385 572 3457 tiones,
596 3399 678 3457 ,ex
703 3384 918 3454 quibus
948 3383 1326 3457 desumptum
1358 3386 1597 3457 videtur
1625 3386 2092 3457 unumquodque
2126 3383 2525 3457 testimonium
2555 3400 2567 3439 :
2609 3385 2773 3441 verbi
2796 3386 3028 3456 gratia,
3067 3400 3142 3440 ex
3172 3383 3604 3457 antirrheticis,
3636 3397 3706 3438 ex

363 3454 652 3524 asceticis,
675 3470 750 3511 ex
775 3455 1197 3510 commentario
1230 3455 1290 3510 in
1320 3456 1561 3522 Isaiam,
1594 3472 1670 3512 ex
1699 3454 2092 3525 epistolis,'ex
2120 3456 2324 3512 homil.
2348 3457 2408 3511 in
2431 3454 2852 3514 Hexaem.So‘li
2871 3457 3102 3511 Psalmi
3121 3455 3486 3524 accuratius,
3516 3469 3706 3524 appo-

362 3530 476 3582 sito
495 3527 682 3598 ipsius
703 3527 931 3596 psalmi
952 3541 1222 3592 numero,
1254 3527 1555 3585 citantur.
1585 3528 1658 3583 In
1691 3528 1783 3583 his
1812 3527 1894 3584 ad
1921 3529 2250 3598 marginem
2275 3528 2784 3584 admonitionibus
2815 3529 2949 3584 dux
2981 3527 3281 3584 orationes
3301 3533 3705 3598 recensentur,

363 3612 496 3671 quae
525 3597 698 3671 hodie
726 3614 861 3671 non
873 3603 1134 3671 exstant,
1165 3613 1375 3669 nempe
1403 3598 1655 3655 homilia
1681 3600 1760 3654 De
1790 3597 2176 3671 elecmosyna
2205 3603 2263 3656 et
2283 3598 2511 3670 judicio
2535 3600 2639 3670 (a),
2669 3614 2844 3656 serm.
2874 3602 2928 3666 4,
2969 3605 3024 3656 et
3051 3598 3323 3667 homilia,
3354 3597 3526 3663 Quod
3553 3600 3708 3652 Deus

358 3667 1002 3742 incomprehensibilis,
1023 3684 1200 3726 serm.
1235 3667 1318 3742 15'.

434 3737 786 3814 Ppodierunt
808 3741 869 3796 hi
900 3743 1238 3814 Sermones,
1271 3741 1468 3814 inquit
1509 3742 1881 3799 doctissimus
1911 3743 2344 3814 Fabricius(b),
2376 3741 2642 3814 primum
2663 3743 2872 3814 Graece
2894 3757 2924 3797 e
2954 3740 3099 3797 bibl.
3129 3739 3313 3814 Regis
3334 3737 3705 3814 Christianis-

361 3809 516 3884 sim‘i,
548 3812 730 3879 Paris,
755 3811 920 3884 apud
946 3811 1097 3884 Guil.
1119 3809 1446 3884 Morelldm,
1475 3818 1630 3880 1556,
1657 3817 1737 3868 80.
1759 3814 1902 3868 Hinc
1928 3831 1965 3870 a
1991 3813 2231 3870 Simone
2248 3809 2486 3869 M’ailleo
2508 3812 2962 3884 archiepiscopo
2986 3809 3316 3884 Turonensi
3343 3810 3614 3884 translati
3643 3809 3704 3884 in

362 3881 645 3957 liminum
668 3881 1032 3949 sermonem,
1061 3882 1422 3957 ibid.“1558,_
1459 3888 1531 3940 8°.
1575 3887 2063 3957 Posteautraque
2092 3885 2302 3957 lingua
2329 3900 2468 3957 eum
2494 3899 2656 3939 nova
2689 3881 3175 3957 interpretatione
3208 3881 3487 3957 Stanislai
3518 3881 3702 3949 llovii,

357 3952 590 4024 Franci.
627 3955 765 4011 1598
796 3959 854 4010 et
884 3957 1044 4021 1611,
1079 3955 1155 4024 8?.
1199 3954 1458 4010 Simonis
1491 3972 1528 4012 a
1559 3955 1748 4012 Maille
1786 3952 2209 4024 interpretatio'
2229 3955 2429 4011 Latina
2471 3958 2710 4024 servata
2740 3952 2924 4010 est'in
2957 3953 3425 4024 Greece-Latinis
3449 3967 3704 4024 operum

355 4022 556 4081 Basilii
590 4025 974 4107 editipnibus.
1008 4027 1090 4080 Ex
1118 4023 1448 4107 bisethicis
1477 4026 1755 4107 suspicor
1783 4022 2236 4107 essejiomiljas
2257 4042 2474 4107 novem
2504 4023 2826 4107 breviores,
2849 4041 3004 4107 quas
3031 4041 3068 4081 a
3097 4023 3412 4107 Franciseo
3444 4022 3706 4107 vergara

353 4111 562 4154 versas
579 4113 712 4154 esse
733 4099 938 4154 Latine
957 4100 1164 4152 narrat
1196 4095 1472 4153 Nicolaus
1502 4095 1800 4154 Antonius
1820 4097 1880 4152 in
1912 4097 2070 4154 Bibl.
2095 4097 2392 4167 Hispana.
2421 4095 2887 4166 Archiepiscopi
2900 4097 3256 4153 Turonensis
3286 4096 3704 4164 interpretatio

351 4184 483 4238 quae
506 4169 810 4226 eardinati
831 4167 1226 4237 Lotharingio
1253 4174 1611 4238 nuncupata
1641 4174 1747 4233 est,
1778 4169 2108 4238 diligentiae
2128 4169 2476 4239 interpretis
2501 4183 2572 4224 ac
2599 4169 2834 4237 peritiae
2862 4167 3056 4224 ercz
3085 4170 3370 4224 sermonis
3398 4168 3702 4237 egregium

317 4308 321 4312 α
348 4247 797 4312 monumentum
819 4245 924 4309 est,
953 4239 1056 4295 sed
1066 4245 1278 4312 tamen
1306 4256 1432 4298 eam
1475 4241 1718 4297 minime
1743 4243 1989 4308 retinui,
2019 4247 2336 4311 propterea
2362 4241 2518 4312 quod
2546 4239 2920 4294 doctissimus
2943 4241 3194 4308 praesul,
3216 4239 3358 4312 duim
3380 4239 3582 4312 vitiosi
3606 4253 3702 4312 co-

349 4311 501 4383 dicis
529 4318 875 4370 contextum
904 4308 1193 4382 sequitur,
1223 4312 1490 4383 plurima
1513 4313 1729 4369 incidit
1749 4313 1813 4367 in
1833 4308 2039 4369 errata
2065 4308 2197 4383 quae
2221 4308 2413 4382 facile
2431 4311 2758 4377 vitasset,si
2775 4312 2962 4383 alium
2991 4312 3252 4382 ejusdem
3271 4309 3470 4379 Regia:
3500 4308 3701 4383 biblio-

353 4382 536 4438 thecx
565 4385 847 4451 codicem,
876 4381 1404 4453 quimagno’mihi
1425 4384 1565 4440 usui
1589 4385 1735 4454 fuit,
1766 4384 1830 4438 in
1868 4381 2146 4440 manibus
2176 4383 2497 4440 habuisset.
2527 4383 2725 4449 Quare
2753 4398 2887 4438 cum
2915 4382 3026 4439 hoc
3051 4398 3195 4452 opus
3215 4397 3290 4438 ex
3318 4381 3704 4454 comportatis

355 4450 966 4526 testimoniisitextum
999 4450 1321 4517 sit,'satius
1353 4455 1545 4510 visum
1581 4450 1664 4511 est
1694 4450 1823 4511 eam
1853 4455 2410 4524 interpretationem
2449 4469 2769 4526 apponere,
2813 4469 2991 4526 quam
3035 4450 3145 4526 suo
3172 4467 3416 4526 quxque
3444 4451 3568 4507 loco
3600 4450 3704 4507 ha-

354 4521 632 4581 buerant.
658 4524 933 4579 Plurima
964 4529 1163 4594 tamen
1190 4527 1663 4587 emendavimus,
1691 4528 1888 4581 minus
1919 4521 2203 4582 accurate
2239 4521 2501 4594 reddita,
2531 4521 2636 4579 aut
2667 4521 2864 4580 minus
2895 4526 3081 4582 clare.
3116 4521 3285 4592 Quod
3309 4521 3507 4578 autem
3541 4536 3703 4590 spec-

354 4599 444 4650 tat
465 4595 548 4650 ad
573 4600 942 4680 contextum,
971 4593 1318 4680 exidubbus
1352 4597 1656 4680 codicibus
1686 4597 1900 4680 Begiis,
1943 4597 2292 4680 quibuscum
2321 4593 2581 4680 cpllatus
2605 4597 2758 4680 fuit,
2785 4597 2960 4662 alter,
2985 4597 3089 4680 qui
3121 4598 3254 4650 1992
3283 4599 3559 4680 notatur,
3580 4608 3704 4675 ma—

351 4680 488 4736 gno,
523 4671 589 4738 ut
623 4668 757 4736 jam
785 4667 938 4734 dixi,
969 4665 1253 4736 prxsidio
1282 4667 1434 4723 mihi
1456 4667 1578 4738 fuit
1605 4683 1619 4732 ;
1647 4665 1824 4737 alter,
1853 4665 2073 4738 quiest
2115 4672 2270 4738 1910,
2301 4669 2377 4724 ab
2416 4668 2587 4725 editis
2617 4671 2738 4724 tam
2769 4665 3340 4738 parum—discrepat,
3373 4670 3440 4720 ut
3476 4665 3559 4722 ad
3581 4665 3703 4735 pri-

351 4683 488 4736 gno,
523 4683 589 4721 ut
623 4683 757 4736 jam
785 4683 938 4734 dixi,
969 4683 1253 4736 prwsmio
1282 4683 1433 4723 mini
1456 4683 1578 4736 fuit
1605 4683 1619 4732 ;
1647 4683 1824 4737 alter,
1894 4683 1959 4724 ui
1989 4683 2072 4725 est
2115 4683 2270 4738 19w,
2301 4683 2377 4724 ao
2416 4683 2587 4725 eams
2617 4683 2630 4722 l

349 4751 508 4796 mam
533 4737 750 4809 viginti
779 4744 1042 4812 quatuor
1070 4751 1413 4797 sermonum
1432 4737 1750 4798 editionem
1775 4683 2084 4802 adgiibitus
2109 4740 2303 4811 fuisse
2332 4740 2630 4798 videatur.

414 4920 434 4996 ἢ
459 4921 627 4996 Nunc
645 4919 864 4996 quarti.
894 4922 1054 4983 Ευιτ.

417 4995 458 5076 ς’
479 4995 925 5076 ξιξ-Αρῄᾳηάίορ
943 4997 1090 5076 torni
1119 5003 1167 5056 II
1197 5003 1418 5059 nostris
1446 5001 1834 5062 recensionis.
1867 4999 1947 5063 Io.

411 5066 498 5147 (9)
524 5060 838 5147 Ηρῇἧξξᾷω
879 5071 970 5147 De_
992 5071 1356 5147 eleemosyna
1399 5079 1455 5131 et
1489 5060 2008 5147 judicio,ﬂjuncvtis
2061 5073 2302 5132 duabus
2331 5073 2480 5141 aliis,
2512 5073 2712 5147 Grmee
2756 5063 3504 5147 publici‘jui'isfecitChr.
3537 5060 3694 5147 Frid.

336 5135 850 5226 inlibro
877 5141 973 5197 cui
1004 5135 1265 5226 titulus}
1280 5135 1587 5226 glossaria
1609 5135 1816 5205 Graeca
1844 5149 2104 5226 minora,
2136 5149 2418 5218 Mosquae,
2454 5135 2608 5207 1774
2641 5144 2703 5200 in
2729 5135 2810 5199 ϐο.
2845 5146 2956 5199 Eas
2985 5135 3294 5198 Latinitate
3319 5139 3576 5198 donatas
3601 5138 3664 5194 in
3682 5169 3697 5180 -

338 5207 653 5286 seruim‘us,
672 5214 838 5286 tomo
867 5214 1252 5286 praecedenti.
1283 5215 1364 5272 In.

400 5280 889 5357 (szibliotheca'
909 5285 1143 5357 erca,
1164 5303 1306 5346 nov.
1335 5287 1477 5345 edit.
1503 5291 1543 5346 t.
1572 5291 1659 5346 1X.
1697 5287 1978 5346 Notitiam
2023 5287 2279 5345 Fabricii
2312 5287 2609 5357 integram
2638 5284 2918 5342 dedimus
2943 5299 3128 5356 supra
3154 5282 3306 5340 inter
3328 5280 3700 5350 Prolegome-

333 5366 435 5408 na.
468 5351 612 5410 Vide
643 5369 783 5427 pag.
810 5371 1026 5414 ccum
1055 5351 1205 5416 tomi
1230 5361 1271 5415 Ι.
1305 5362 1382 5416 ιυ.

1868 5552 2159 5585 *κου-
