4146 6374
481 387 618 444 1115

1440 387 1808 444 APPENDIX.
1839 419 1898 430 —
1940 387 2284 445 SYMEONIS
2324 385 2878 444 METAPHRASTE.

3709 387 3856 442 1116

1071 795 1977 974 ΗΘΙΚΟΙ’
2039 791 2766 970 ΛΟΓΟΙ
2893 782 3252 966 KA'

1921 1057 2408 1106 ΕΚΛΕΧΘΕΝΤΕΣ

756 1201 942 1289 AIA
1019 1204 1482 1291 ΣΥΜΕΩΝ
1564 1205 1802 1293 ΤΟΥ
1880 1203 2530 1293 ΜΑΓΙΣΤΡΟΥ
2605 1206 2802 1290 ΚΑΙ
2879 1200 3594 1290 ΛΟΓΟΘΕΤΟΥ

558 1371 647 1424 Ἐκ
676 1381 860 1424 πασῶν
893 1381 990 1424 τῶν
1017 1383 1386 1446 πραγματειῶν
1417 1381 1509 1426 τοῦ
1530 1372 1578 1426 ἕν
1609 1373 1781 1445 ἁγίοις
1811 1376 2012 1445 Πανρὸς
2042 1375 2186 1444 ἡμῶν
2218 1370 2488 1424 Βασιλείου
2521 1369 2876 1445 ἀρχιιπισκου
2903 1375 3218 1444 Καισαρείας
3247 1377 3341 1430 τῆς
3375 1364 3779 1426 Καππαδοκίας.

897 1717 1786 1842 SERMONES
1875 1713 2530 1841 VIGINTI
2635 1716 3450 1864 QUATUOR

1751 1954 1910 2034 DE
1995 1951 2591 2033 MORIBUS

541 2120 676 2183 Per
707 2121 1120 2201 Symeonem
1157 2120 1575 2208 Magistrum
1601 2117 2050 2208 etLogothet
2064 2134 2177 2179 am
2212 2115 2450 2208 selecti
2484 2133 2570 2179 ex
2599 2115 2928 2208 omnibus
2954 2115 3282 2208 operibus
3310 2114 3530 2180 sancti
3563 2113 3802 2179 Patris

1199 2197 1424 2266 nostri
1457 2199 1702 2265 Basilii
1736 2197 2238 2282 archiepiscopi
2273 2197 2622 2262 Caesareae
2649 2197 3128 2280 Cappadociae.

737 2539 917 2613 469
953 2541 1064 2597 DE
1112 2541 1457 2598 VIRTUTE
1491 2541 1607 2596 ET
1649 2537 1883 2595 VITIO.
2165 2540 2214 2592 Α

1166 2667 1394 2724 SERMO
1435 2669 1476 2722 Ι.

563 2793 611 2843 1.
651 2789 726 2861 (1)
774 2789 1063 2846 Dominus
1101 2795 1306 2847 noster
1342 2787 1515 2846 Jesus
1548 2788 1812 2847 Christus
1851 2786 2140 2861 apostolis

488 2878 632 2940 suis,
666 2879 910 2950 Euntes,
941 2880 1373 2952 inquit,docete
1397 2893 1598 2936 omnes
1626 2885 1843 2951 gentes,
1865 2881 2142 2934 docentes

459 2969 644 3052 .ipsos
670 2970 709 3037 ¹,
742 2985 864 3024 non
901 2969 1028 3025 haec
1071 2970 1319 3042 quidem
1350 2969 1701 3037 observare,
1734 2967 1834 3024 illa
1868 2983 2009 3023 vero
2040 2983 2142 3022 ne-

486 3055 727 3129 gligere:
753 3058 858 3114 sed
873 3074 1112 3116 servare
1133 3062 1331 3116 omnia
1353 3073 1724 3130 quacunque
1741 3058 2029 3114 mandavi
2049 3073 2140 3113 vo-

489 3144 634 3212 (ἠδ’,
657 3145 720 3201 id
736 3151 843 3213 est,
876 3162 952 3204 ne
981 3147 1304 3203 minimum
1335 3145 1585 3220 quidem
1612 3163 1820 3202 eorum
1840 3146 2141 3218 prseterire

485 3249 623 3306 quae
652 3236 1004 3309 praescripta
1038 3241 1180 3293 sunt
1211 3239 1305 3307 (2).
1329 3237 1560 3292 Etenim
1592 3237 1640 3292 si
1670 3251 1793 3292 non
1814 3235 2022 3292 omnia
2052 3251 2140 3290 es-

487 3329 619 3380 sent
655 3325 834 3381 nobis
864 3326 1205 3382 necessaria
1233 3325 1312 3382 ad
1345 3326 1553 3382 salutis
1587 3326 1990 3399 propositum,
2018 3339 2142 3381 non

486 3413 692 3484 utique
723 3415 930 3472 omnia
960 3417 1250 3471 mandata
1275 3415 1530 3471 fuissent
1550 3417 1893 3488 conscripta
1913 3431 1924 3469 :
1945 3428 2143 3487 neque
2162 3423 2167 3426 ‘

486 3499 698 3556 fuisset
722 3503 1042 3572 sancitum,
1062 3508 1126 3560 ut
1155 3504 1497 3560 necessario
1520 3509 1898 3560 servarentur
1913 3503 2138 3560 omnia.

487 3589 560 3660 (3)
587 3591 705 3646 Nos
742 3606 882 3647 vero
919 3592 968 3647 si
999 3591 1092 3648 vel
1127 3593 1376 3649 unicum
1425 3593 1784 3649 mandatum
1814 3591 2142 3648 confecisse

486 3694 601 3735 nos
642 3679 1004 3737 arbitremur
1035 3682 1256 3754 (neque
1295 3682 1454 3737 enim
1492 3682 1821 3738 confecisse
1847 3681 2138 3737 dixerim:

487 3769 691 3826 omnia
725 3769 1027 3842 siquidem
1057 3772 1209 3827 inter
1245 3788 1310 3829 se
1343 3772 1645 3828 cohaerent
1674 3768 2009 3827 secundum
2050 3785 2142 3827 sa-

484 3873 632 3914 nam
663 3859 830 3932 scopi
862 3859 942 3916 ad
976 3877 1157 3932 quem
1192 3860 1446 3917 tendunt
1474 3863 1792 3928 rationem,
1826 3859 1909 3916 sic
1931 3863 1995 3916 ut
2018 3874 2138 3915 uno
2169 3851 2214 3910 B

487 3947 754 4004 exsoluto
784 3963 1034 4004 necesse
1067 3949 1140 4005 sit
1167 3949 1287 4005 alia
1311 3951 1493 4006 etiam
1520 3949 1697 4004 simul
1725 3949 2140 4020 exsolvi),non

487 4035 568 4091 ob
598 4052 669 4091 ea
697 4051 832 4108 quae
863 4039 1359 4108 prmtermisimus
1385 4039 1538 4095 iram
1568 4042 2012 4109 exspectamus,
2033 4036 2143 4093 sed

489 4129 736 4196 propter
773 4123 922 4180 illud
960 4125 1128 4198 quod
1180 4126 1459 4182 videmur
1502 4127 1843 4199 peregisse,
1891 4126 2145 4199 praemia

489 4210 916 4284 praestolamur
957 4233 969 4270 :
1020 4214 1186 4271 haud
1217 4215 1470 4271 scientes
1495 4231 1665 4280 eum,
1697 4216 1800 4288 qui
1831 4231 1904 4272 ex
1933 4214 2144 4272 decem

490 4299 728 4356 talentis
759 4301 872 4356 sibi
903 4302 1244 4358 commissis
1266 4319 1458 4359 unum
1484 4309 1588 4359 aut
1613 4303 1868 4359 alterum
1892 4304 2148 4360 retinue-

488 4387 581 4454 rit,
614 4389 849 4461 reliqua
875 4407 1018 4447 vero
1049 4392 1394 4464 reddiderit,
1419 4409 1543 4449 non
1575 4391 1838 4465 probum
1860 4392 1940 4449 ob
1971 4392 2146 4464 plura

489 4477 802 4549 persoluta
835 4482 1104 4550 agnosci,
1131 4480 1239 4536 sed
1269 4481 1620 4554 improbum
1656 4485 1712 4538 et
1751 4497 2035 4554 rapacem
2066 4481 2147 4538 ob

489 4583 826 4639 paucorum
848 4569 1247 4642 direptionem
1271 4572 1462 4641 argui.
1495 4571 1648 4638 Quid
1665 4576 1866 4628 autem
1896 4569 2032 4628 dico
2056 4571 2148 4628 di-

489 4656 824 4727 reptionem
838 4658 1378 4732 ?quandoquidem
1399 4662 1449 4716 is
1474 4662 1570 4716 cui
1587 4661 1999 4717 concreditum
2024 4660 2150 4716 fue-

489 4749 584 4800 rat
611 4745 906 4802 talentum
937 4765 1154 4815 unum,
1190 4765 1260 4805 ac
1287 4749 1504 4805 deinde
1529 4748 1592 4804 id
1620 4749 1788 4822 quod
1816 4753 2147 4822 acceperat,

490 4833 794 4903 integrum
841 4852 912 4891 ac
955 4837 1250 4894 intactum
1293 4839 1574 4910 reddidit,
1616 4844 1936 4911 propterea
1983 4839 2151 4910 quod

491 4922 778 4979 traditum
804 4923 1096 4982 talentum
1128 4927 1335 4983 fenore
1365 4943 1491 4984 non
1518 4928 2153 4996 auxerit,condemna-

492 5015 588 5066 tur
609 5011 661 5066 3:
691 5019 749 5066 et
775 5015 878 5085 qui
909 5030 1018 5086 per
1047 5016 1410 5072 decennium
1441 5022 1678 5090 patrem
1721 5019 2061 5084 honoravit,
2095 5021 2154 5073 et

491 5103 704 5172 postea
721 5117 908 5159 unam
930 5103 1224 5161 duntaxat
1239 5105 1484 5178 plagam
1507 5106 1909 5173 incussit,non
1931 5111 1997 5164 ut
2015 5108 2153 5179 pius

494 5193 548 5245 et
569 5190 876 5249 beneﬁcus
901 5193 1132 5250 honore
1156 5193 1431 5264 afﬁcitur,
1467 5197 1573 5253 sed
1600 5201 1664 5253 ut
1692 5197 1996 5270 parricida
2016 5212 2156 5253 con-

569 5355 584 5390 ¹
614 5357 815 5413 Matth.
847 5372 1048 5423 xvvm,
1069 5358 1156 5412 19.
1234 5359 1256 5392 ²
1277 5356 1431 5414 ibid.
1457 5361 1551 5416 20.
1626 5361 1648 5395 ³
1671 5361 1870 5418 Matth.
1898 5378 2034 5432 xxv,
2054 5363 2240 5423 24—30.

586 5501 642 5570 1)
681 5503 763 5556 Ex
795 5499 1084 5566 asceticis,
1117 5501 1244 5557 328.

590 5575 645 5640 2)
683 5571 859 5638 Ibid.,
891 5575 1014 5627 329.

565 5641 643 5712 (3)
683 5641 856 5711 lbid,,
883 5644 1008 5698 32s.

2602 2542 2752 2591 HEPI
2785 2541 3034 2591 ΑΡΕΤΗΣ
3073 2541 3187 2624 KA_I
3220 2541 3486 2592 ΚΛΚῙΑΣ.

2839 2669 2879 2717 Λ
2891 2669 3059 2716 ΟΓΟΣ
3109 2663 3193 2719 Δ’.

2330 2792 2377 2842 1.
2418 2787 2476 2841 Ὀ
2515 2789 2605 2862 μὲν
2652 2791 2836 2863 Κύριος
2874 2791 3019 2863 ἡμῶν
3065 2789 3270 2852 Ἰησοῦς
3306 2789 3541 2862 Χριστὸς
3577 2795 3690 2850 τοῖς
3729 2785 3860 2842 ἁπο-

2255 2877 2476 2946 στὸλοις,
2565 2881 2940 2951 Πορευθέντες,
3011 2885 3178 2952 φησὶ,
3240 2881 3608 2952 μαθητεύσατε
3685 2881 3862 2932 πάντα

2251 2969 2317 3019 τὰ
2382 2969 2523 3036 ἔθνη,
2567 2964 2911 3030 διδάσκοντες
2955 2969 3161 3035 αὐτοὺς,
3211 2969 3341 3040 οὐχὶ
3383 2971 3450 3020 τὰ
3500 2970 3590 3039 μὲν
3652 2974 3850 3041 τηρεῖν,

2251 3064 2351 3107 τῶν
2420 3052 2480 3108 δὲ
2532 3055 2761 3128 ἀμελεῖν,
2809 3055 2936 3109 ἃ).λὰ
2990 3064 3164 3132 τηρεῖν
3217 3057 3386 3110 πάντα
3451 3055 3553 3109 ὃσα
3612 3053 3848 3109 ἐνετειλά-

2251 3165 2354 3217 μην
2403 3145 2560 3217 ὑμῖν,
2613 3149 2854 3199 τουτέστι
2905 3142 3050 3219 μηδὲ
3096 3149 3281 3221 μικρόν
3337 3167 3392 3199 τι
3449 3151 3687 3220 παρεῖναι
3743 3149 3844 3196 τῶν

2254 3228 2691 3306 διατεταγμένων.
2743 3235 2803 3288 Εἰ
2829 3237 2931 3310 ’γὰρ
2981 3240 3052 3308 μὴ
3101 3238 3274 3288 πάντα
3320 3237 3446 3308 ἡμῖν
3474 3238 3595 3310 τρὸς
3627 3235 3712 3287 τὸν
3747 3242 3853 3295 τῆς

2255 3328 2518 3396 σωτηρίας
2581 3322 2774 3376 σϐοπὸν
2817 3323 3078 3396 ἀναγκαῖα
3130 3321 3213 3390 ἧν,
3265 3323 3374 3376 οὒτ’
3434 3324 3494 3376 ἂν
3549 3323 3854 3397 ἐγράφησαν

2250 3418 2418 3464 πᾶσαι
2477 3414 2532 3465 αἱ
2589 3409 2809 3476 ἐντολαὶ,
2846 3412 2950 3466 οὔτ’
2991 3415 3052 3465 ἄν
3091 3416 3266 3476 πάσας
3311 3413 3618 3486 φυλαχθῆαι
3657 3409 3858 3485 διηγο-

2251 3502 2430 3573 ρεύθη.
2470 3499 2647 3574 Ἡμεῖς
2701 3498 2760 3555 δὲ
2807 3507 2931 3575 μίαν
2979 3522 3078 3555 πον
3122 3511 3220 3555 τῶν
3261 3500 3472 3555 ἐντολῶν
3516 3505 3861 3560 πεποιηκέναι

2249 3595 2554 3662 νομίσαντες
2595 3590 2676 3661 (οὐ
2721 3593 2821 3665 γὰρ
2875 3589 2936 3643 ἂν
2984 3596 3140 3664 φαίην
3191 3593 3271 3644 ὅτι
3313 3595 3863 3654 ποιήσαντεςοπᾶσαι

2249 3680 2351 3752 γὰρ
2379 3677 2606 3738 ἀλλήλων
2638 3682 2867 3752 ἔχονται,
2928 3683 3063 3733 κατὰ
3102 3684 3190 3733 τὸν
3238 3682 3359 3752 ὑγιῆ
3406 3687 3498 3733 τοῦ
3549 3687 3748 3732 σκοποῦ
3771 3679 3858 3748 (lt)

2249 3766 2418 3839 λόγον,
2477 3768 2547 3831 ὡς
2593 3766 2641 3820 ἐν
2694 3775 2756 3842 τῇ
2806 3767 2956 3822 λύσει
3007 3775 3098 3830 τῆς
3146 3773 3266 3844 μιᾶς
3306 3775 3397 3822 καὶ
3437 3769 3528 3830 τὰς
3568 3769 3753 3831 λοιπὰς
3803 3767 3861 3831 ἐξ

2251 3854 2484 3930 ἀνάγκης
2541 3857 3042 3930 συγκαταλύισθαι),
3115 3859 3211 3912 οὐκ
3259 3857 3343 3912 ἐπὶ
3409 3866 3518 3920 τοῖς
3580 3859 3860 3933 παρεθεῖσι

2251 3950 2345 4004 τὴν
2394 3946 2556 4020 ὀργὴν
2595 3943 3019 4020 ἐκδεχόμιμιθα,
3067 3947 3175 4000 ἀλλ’
3226 3946 3310 4002 έπὶ
3352 3957 3424 4019 τῷ
3473 3949 3864 4021 κατορθωθέντι

2255 4034 2412 4096 δῆθεν
2465 4039 2555 4097 τὰς
2605 4039 2764 4109 τιμὰς
2809 4036 3154 4110 ἀναμένομεν
3190 4039 3285 4089 οὐκ
3345 4034 3571 4103 εἰδότες,
3601 4037 3670 4098 ὡς
3716 4038 3744 4088 ὁ
3803 4034 3864 4088 ἐκ

2253 4135 2353 4179 τῶν
2404 4123 2533 4179 δέκα
2586 4125 2846 4179 ταλάντων
2902 4135 2993 4188 τῆς
3057 4129 3507 4203 παρακαταθῶιης
3560 4123 3609 4178 ἓν
3663 4144 3765 4177 που
3827 4126 3860 4184 ἢ

2257 4211 2354 4268 δύο
2420 4219 2726 4288 κατασχὼν,
2773 4217 2840 4268 τὰ
2880 4211 2939 4268 δὲ
2981 4213 3142 4268 λοιπὰ
3188 4215 3458 4283 ἀποτίσας,
3500 4213 3628 4287 οὐχὶ
3666 4211 3865 4285 εὐγνώ-

2256 4325 2365 4377 μων
2397 4300 2490 4358 διὰ
2527 4309 2621 4363 τὴν
2663 4303 2908 4357 ἀπότισιν
2950 4313 3049 4358 τῶν
3090 4305 3334 4358 πλειόνων
3371 4305 3703 4377 γνωρίζεται,
3749 4302 3866 4355 ἀλλ’

2257 4391 2440 4456 ἄδικος
2477 4398 2567 4446 καὶ
2612 4393 2920 4456 πλεονέκτης
2963 4394 3047 4447 ἐπὶ
3116 4402 3178 4467 τῇ
3238 4402 3339 4446 τῶν
3393 4394 3671 4446 ἐλαττόνων
3722 4394 3866 4445 πίπο-

2261 4489 2505 4561 στερήσει
2585 4483 2895 4558 ἐλέγχεται.
2975 4487 3038 4537 Τί
3105 4479 3165 4536 δὲ
3248 4481 3377 4556 λέγω
3452 4479 3866 4555 ἀποστερήσας

2259 4577 2412 4630 ὁπότε
2458 4575 2485 4628 ὁ
2533 4576 2592 4628 τὸ
2653 4573 2703 4628 ἓν
2768 4573 3012 4627 τάλαντον
3060 4573 3398 4641 πιστευθεὶς,
3453 4568 3564 4624 εἶτα
3631 4567 3869 4632 ἀποδοὺς

2259 4665 2419 4719 ἐκεῖνο
2466 4664 2594 4718 αὐτό
2655 4663 2932 4738 ὁλόκληρον
2983 4667 3075 4716 καὶ
3131 4663 3370 4736 ἀκέραιον
3433 4664 3461 4715 ὃ
3525 4658 3817 4724 ὑπεδέξατο
3850 4705 3865 4731 ,

2257 4756 2340 4808 ὅτι
2396 4757 2468 4829 μὴ
2523 4755 2946 4830 προσειργάσατο
3010 4753 3085 4825 τῷ
3143 4750 3394 4817 δοθέντι,
3449 4757 3818 4827 κατακρίνεται
3851 4773 3865 4786 ο

2258 4847 2350 4896 καὶ
2398 4845 2424 4895 ὁ
2470 4840 2601 4896 δέκα
2653 4845 2739 4902 ἔτη
2783 4846 2869 4895 τὸν
2901 4846 3106 4917 πατέρα
3158 4846 3414 4914 τιμήσας,
3460 4846 3585 4913 μίαν
3635 4837 3694 4892 δὲ
3732 4839 3869 4898 πλη-

2259 4937 2359 5004 γὴν
2397 4933 2614 5005 ὕστερον
2672 4931 2903 5005 ἐμϐαλὼν
2952 4935 3112 5004 μόνην
3146 4972 3160 5000 ,
3216 4929 3322 5004 οὐχ
3374 4934 3443 4990 ὡς
3481 4930 3750 5004 εὐεργέτης
3786 4948 3858 4980 τιο

2260 5027 2441 5094 μᾶται,
2507 5019 2616 5074 ἀλλ’
2659 5023 2724 5083 ὡς
2769 5019 3089 5098 πατραλοίας
3141 5017 3577 5081 καταδικάζεται.
3640 5018 3698 5072 Ὀ
3747 5023 3858 5070 τοί-

2259 5133 2348 5166 νυν
2403 5112 2452 5166 ἐν
2503 5119 2740 5189 προκοπῇ
2790 5117 3057 5186 γενόμενος
3112 5110 3316 5184 ἆγαθων
3370 5110 3555 5186 ἔργων,
3603 5105 3714 5164 εἶτα
3762 5129 3866 5163 πα-

2260 5197 2621 5278 λινδρομήσας
2677 5206 2804 5278 πρὸς
2830 5206 2924 5262 τὴν
2973 5201 3205 5276 ἀρχαίαν
3253 5204 3552 5271 συνήθειαν,
3597 5199 3657 5254 οὗ
3710 5204 3869 5273 μόνον

2330 5506 2406 5590 (ᾇ)
2430 5512 2547 5590 ,Τοῦ
2580 5525 2805 5590 σκοπου.
2846 5505 3453 5590 Longe'praaferenda
3471 5504 3874 5590 videtur‘hwc

2260 5577 2561 5663 scriptura
2598 5579 2653 5636 ei
2701 5594 2891 5652 quam
2933 5577 3172 5637 exhibet
3217 5581 3556 5648 contextus,
3585 5584 3680 5630 τοῦ
3709 5577 3870 5649 λόγου

2261 5669 2356 5704 σκο
2363 5669 2455 5703 πον
2462 5691 2477 5706 ο
