  <div class='ocr_page' id='page_1' title='image "/cluster/home/n/w/nwhite01/storage/ocr_20150623/32:no.4/coo.31924054869296/568.png"; bbox 0 0 4146 6392; ppageno 0'>
   <div class='ocr_carea' id='block_1_1' title="bbox 291 369 433 424">
    <p class='ocr_par' dir='ltr' id='par_1_1' title="bbox 291 369 433 424">
     <span class='ocr_line' id='line_1_1' title="bbox 291 369 433 424; baseline -0.007 0"><span class='ocrx_word' id='word_1_1' title='bbox 291 369 433 424; x_wconf 81' lang='grc'><strong>1117</strong></span> 
     </span>
    </p>
   </div>
   <div class='ocr_carea' id='block_1_2' title="bbox 289 491 1968 570">
    <p class='ocr_par' dir='ltr' id='par_1_2' title="bbox 289 491 1968 570">
     <span class='ocr_line' id='line_1_2' title="bbox 289 491 1968 570; baseline 0.001 -24"><span class='ocrx_word' id='word_1_2' title='bbox 289 496 379 546; x_wconf 90' lang='grc' dir='ltr'><strong>τὸν</strong></span> <span class='ocrx_word' id='word_1_3' title='bbox 410 491 494 546; x_wconf 83' lang='grc' dir='ltr'><strong>ἐπὶ</strong></span> <span class='ocrx_word' id='word_1_4' title='bbox 542 500 653 554; x_wconf 90' lang='grc' dir='ltr'><strong>τοῖς</strong></span> <span class='ocrx_word' id='word_1_5' title='bbox 705 498 1176 568; x_wconf 79' lang='grc' dir='ltr'>προπεπονημένοις</span> <span class='ocrx_word' id='word_1_6' title='bbox 1203 497 1394 569; x_wconf 89' lang='grc' dir='ltr'><strong>μισθὸν</strong></span> <span class='ocrx_word' id='word_1_7' title='bbox 1430 494 1722 570; x_wconf 76' lang='grc' dir='ltr'>ἐζημιώθη,</span> <span class='ocrx_word' id='word_1_8' title='bbox 1764 497 1892 551; x_wconf 83' lang='grc' dir='ltr'><strong>ἀλλὰ</strong></span> <span class='ocrx_word' id='word_1_9' title='bbox 1919 494 1968 548; x_wconf 89' lang='grc' dir='ltr'><strong>Α</strong></span> 
     </span>
    </p>
   </div>
   <div class='ocr_carea' id='block_1_3' title="bbox 288 581 1888 660">
    <p class='ocr_par' dir='ltr' id='par_1_3' title="bbox 288 581 1888 660">
     <span class='ocr_line' id='line_1_3' title="bbox 288 581 1888 660; baseline 0.004 -27"><span class='ocrx_word' id='word_1_10' title='bbox 288 586 381 635; x_wconf 83' lang='grc' dir='ltr'>καὶ</span> <span class='ocrx_word' id='word_1_11' title='bbox 435 581 729 657; x_wconf 78' lang='grc' dir='ltr'>βαρυτέρας</span> <span class='ocrx_word' id='word_1_12' title='bbox 774 581 1012 646; x_wconf 80' lang='grc' dir='ltr'>ἀξιοῦται</span> <span class='ocrx_word' id='word_1_13' title='bbox 1050 592 1145 647; x_wconf 78' lang='grc' dir='ltr'><strong>τῆς</strong></span> <span class='ocrx_word' id='word_1_14' title='bbox 1196 590 1576 660; x_wconf 75' lang='grc' dir='ltr'>κατακρίσεως,</span> <span class='ocrx_word' id='word_1_15' title='bbox 1625 588 1705 639; x_wconf 84' lang='grc' dir='ltr'><strong>ὅτι</strong></span> <span class='ocrx_word' id='word_1_16' title='bbox 1765 606 1888 658; x_wconf 88' lang='grc' dir='ltr'><strong>γευ-</strong></span> 
     </span>
    </p>
   </div>
   <div class='ocr_carea' id='block_1_4' title="bbox 292 662 1887 749">
    <p class='ocr_par' dir='ltr' id='par_1_4' title="bbox 292 662 1887 749">
     <span class='ocr_line' id='line_1_4' title="bbox 292 662 1887 749; baseline 0.003 -26"><span class='ocrx_word' id='word_1_17' title='bbox 292 672 513 743; x_wconf 86' lang='grc' dir='ltr'><strong>σάμενος</strong></span> <span class='ocrx_word' id='word_1_18' title='bbox 572 671 726 724; x_wconf 86' lang='grc' dir='ltr'><strong>καλὸν</strong></span> <span class='ocrx_word' id='word_1_19' title='bbox 767 679 905 725; x_wconf 88' lang='grc' dir='ltr'><strong>Θεοῦ</strong></span> <span class='ocrx_word' id='word_1_20' title='bbox 946 674 1113 747; x_wconf 83' lang='grc' dir='ltr'><strong>ῥῆμα,</strong></span> <span class='ocrx_word' id='word_1_21' title='bbox 1165 662 1254 728; x_wconf 82' lang='grc' dir='ltr'><strong>καὶ</strong></span> <span class='ocrx_word' id='word_1_22' title='bbox 1294 679 1535 746; x_wconf 88' lang='grc' dir='ltr'><strong>γνώσεως</strong></span> <span class='ocrx_word' id='word_1_23' title='bbox 1590 680 1887 749; x_wconf 74' lang='grc' dir='ltr'><strong>μυστηρίου</strong></span> 
     </span>
    </p>
   </div>
   <div class='ocr_carea' id='block_1_5' title="bbox 291 758 1884 839">
    <p class='ocr_par' dir='ltr' id='par_1_5' title="bbox 291 758 1884 839">
     <span class='ocr_line' id='line_1_5' title="bbox 291 758 1884 839; baseline 0.005 -28"><span class='ocrx_word' id='word_1_24' title='bbox 291 758 733 827; x_wconf 84' lang='grc' dir='ltr'><strong>ἀξιωθεὶς,πάντα</strong></span> <span class='ocrx_word' id='word_1_25' title='bbox 758 759 1071 834; x_wconf 70' lang='grc' dir='ltr'>προέδωκεν,</span> <span class='ocrx_word' id='word_1_26' title='bbox 1104 759 1269 836; x_wconf 75' lang='grc' dir='ltr'><strong>ἡδονῇ</strong></span> <span class='ocrx_word' id='word_1_27' title='bbox 1301 762 1537 839; x_wconf 81' lang='grc' dir='ltr'>βραχείᾳ</span> <span class='ocrx_word' id='word_1_28' title='bbox 1568 760 1884 826; x_wconf 78' lang='grc' dir='ltr'><strong>δελεασθείς.</strong></span> 
     </span>
    </p>
   </div>
   <div class='ocr_carea' id='block_1_6' title="bbox 1396 362 2550 431">
    <p class='ocr_par' dir='ltr' id='par_1_6' title="bbox 1396 362 2550 431">
     <span class='ocr_line' id='line_1_6' title="bbox 1396 362 2550 431; baseline -0.001 -1"><span class='ocrx_word' id='word_1_29' title='bbox 1396 372 1626 431; x_wconf 83' lang='lat' dir='ltr'>SERMO</span> <span class='ocrx_word' id='word_1_30' title='bbox 1656 376 1697 429; x_wconf 91' lang='lat' dir='ltr'>l.</span> <span class='ocrx_word' id='word_1_31' title='bbox 1725 404 1791 415; x_wconf 95' lang='lat'><strong>—</strong></span> <span class='ocrx_word' id='word_1_32' title='bbox 1812 372 1902 429; x_wconf 90' lang='lat' dir='ltr'><strong>DE</strong></span> <span class='ocrx_word' id='word_1_33' title='bbox 1930 374 2226 431; x_wconf 84' lang='lat' dir='ltr'><strong>VIRTUTE</strong></span> <span class='ocrx_word' id='word_1_34' title='bbox 2252 375 2337 429; x_wconf 91' lang='lat' dir='ltr'>ET</span> <span class='ocrx_word' id='word_1_35' title='bbox 2359 362 2550 429; x_wconf 77' lang='lat' dir='ltr'>VITIO</span> 
     </span>
    </p>
   </div>
   <div class='ocr_carea' id='block_1_7' title="bbox 3515 367 3653 426">
    <p class='ocr_par' dir='ltr' id='par_1_7' title="bbox 3515 367 3653 426">
     <span class='ocr_line' id='line_1_7' title="bbox 3515 367 3653 426; baseline 0.014 -2"><span class='ocrx_word' id='word_1_36' title='bbox 3515 367 3653 426; x_wconf 78' lang='grc'><strong>1118</strong></span> 
     </span>
    </p>
   </div>
   <div class='ocr_carea' id='block_1_8' title="bbox 1997 492 3655 569">
    <p class='ocr_par' dir='ltr' id='par_1_8' title="bbox 1997 492 3655 569">
     <span class='ocr_line' id='line_1_8' title="bbox 1997 492 3655 569; baseline -0.004 -16"><span class='ocrx_word' id='word_1_37' title='bbox 1997 497 2340 555; x_wconf 88' lang='lat' dir='ltr'>demnatur.</span> <span class='ocrx_word' id='word_1_38' title='bbox 2369 498 2446 569; x_wconf 91' lang='grc'>(6)</span> <span class='ocrx_word' id='word_1_39' title='bbox 2481 496 2591 562; x_wconf 87' lang='lat' dir='ltr'>Qui</span> <span class='ocrx_word' id='word_1_40' title='bbox 2611 511 2756 566; x_wconf 87' lang='lat' dir='ltr'>ergo</span> <span class='ocrx_word' id='word_1_41' title='bbox 2777 496 2837 552; x_wconf 92' lang='lat' dir='ltr'>in</span> <span class='ocrx_word' id='word_1_42' title='bbox 2860 496 3037 553; x_wconf 85' lang='lat' dir='ltr'>bouis</span> <span class='ocrx_word' id='word_1_43' title='bbox 3061 492 3346 567; x_wconf 87' lang='lat' dir='ltr'>operibus</span> <span class='ocrx_word' id='word_1_44' title='bbox 3375 507 3655 564; x_wconf 83' lang='lat' dir='ltr'>progres-</span> 
     </span>
    </p>
   </div>
   <div class='ocr_carea' id='block_1_9' title="bbox 2001 581 3652 654">
    <p class='ocr_par' dir='ltr' id='par_1_9' title="bbox 2001 581 3652 654">
     <span class='ocr_line' id='line_1_9' title="bbox 2001 581 3652 654; baseline -0.004 -12"><span class='ocrx_word' id='word_1_45' title='bbox 2001 604 2138 643; x_wconf 91' lang='lat' dir='ltr'>sum</span> <span class='ocrx_word' id='word_1_46' title='bbox 2158 586 2541 654; x_wconf 87' lang='lat' dir='ltr'>fecit,deinde</span> <span class='ocrx_word' id='word_1_47' title='bbox 2558 601 2701 641; x_wconf 89' lang='lat' dir='ltr'>vero</span> <span class='ocrx_word' id='word_1_48' title='bbox 2717 584 2795 641; x_wconf 91' lang='lat' dir='ltr'>ad</span> <span class='ocrx_word' id='word_1_49' title='bbox 2817 583 3316 641; x_wconf 80' lang='lat' dir='ltr'>consuetudinem</span> <span class='ocrx_word' id='word_1_50' title='bbox 3338 581 3652 654; x_wconf 88' lang='lat' dir='ltr'>antiquam</span> 
     </span>
    </p>
   </div>
   <div class='ocr_carea' id='block_1_10' title="bbox 1998 669 3652 747">
    <p class='ocr_par' dir='ltr' id='par_1_10' title="bbox 1998 669 3652 747">
     <span class='ocr_line' id='line_1_10' title="bbox 1998 669 3652 747; baseline -0.004 -17"><span class='ocrx_word' id='word_1_51' title='bbox 1998 677 2329 739; x_wconf 81' lang='lat' dir='ltr'>revertitur,</span> <span class='ocrx_word' id='word_1_52' title='bbox 2352 691 2476 731; x_wconf 92' lang='lat' dir='ltr'>non</span> <span class='ocrx_word' id='word_1_53' title='bbox 2498 674 2768 747; x_wconf 82' lang='lat' dir='ltr'>priorum</span> <span class='ocrx_word' id='word_1_54' title='bbox 2794 673 2979 729; x_wconf 90' lang='lat' dir='ltr'>modo</span> <span class='ocrx_word' id='word_1_55' title='bbox 3004 672 3286 729; x_wconf 89' lang='lat' dir='ltr'>laborum</span> <span class='ocrx_word' id='word_1_56' title='bbox 3310 669 3652 727; x_wconf 87' lang='lat' dir='ltr'>mercedem</span> 
     </span>
    </p>
   </div>
   <div class='ocr_carea' id='block_1_11' title="bbox 1999 758 3651 836">
    <p class='ocr_par' dir='ltr' id='par_1_11' title="bbox 1999 758 3651 836">
     <span class='ocr_line' id='line_1_11' title="bbox 1999 758 3651 836; baseline -0.004 -16"><span class='ocrx_word' id='word_1_57' title='bbox 1999 766 2350 834; x_wconf 86' lang='lat' dir='ltr'>amittit,sed</span> <span class='ocrx_word' id='word_1_58' title='bbox 2365 765 2545 821; x_wconf 90' lang='lat' dir='ltr'>etiam</span> <span class='ocrx_word' id='word_1_59' title='bbox 2563 763 2899 836; x_wconf 81' lang='lat' dir='ltr'>graviorem</span> <span class='ocrx_word' id='word_1_60' title='bbox 2919 761 3492 819; x_wconf 82' lang='lat' dir='ltr'>condemnationem</span> <span class='ocrx_word' id='word_1_61' title='bbox 3511 758 3651 814; x_wconf 89' lang='lat' dir='ltr'>sub-</span> 
     </span>
    </p>
   </div>
   <div class='ocr_carea' id='block_1_12' title="bbox 288 848 3646 926">
    <p class='ocr_par' dir='ltr' id='par_1_12' title="bbox 288 848 3646 926">
     <span class='ocr_line' id='line_1_12' title="bbox 288 848 3646 926; baseline 0.001 -23"><span class='ocrx_word' id='word_1_62' title='bbox 288 848 331 904; x_wconf 92' lang='lat' dir='ltr'>it</span> <span class='ocrx_word' id='word_1_63' title='bbox 362 867 375 918; x_wconf 89' lang='lat'><strong>;</strong></span> <span class='ocrx_word' id='word_1_64' title='bbox 403 849 570 920; x_wconf 90' lang='lat' dir='ltr'>quod</span> <span class='ocrx_word' id='word_1_65' title='bbox 596 865 737 904; x_wconf 91' lang='lat' dir='ltr'>cum</span> <span class='ocrx_word' id='word_1_66' title='bbox 765 849 862 905; x_wconf 83' lang='lat' dir='ltr'>Dei</span> <span class='ocrx_word' id='word_1_67' title='bbox 890 850 1143 907; x_wconf 84' lang='lat' dir='ltr'>verbum</span> <span class='ocrx_word' id='word_1_68' title='bbox 1173 851 1406 910; x_wconf 91' lang='lat' dir='ltr'>bonum</span> <span class='ocrx_word' id='word_1_69' title='bbox 1433 852 1859 924; x_wconf 85' lang='lat' dir='ltr'>degustaverit,</span> <span class='ocrx_word' id='word_1_70' title='bbox 1887 854 2277 926; x_wconf 87' lang='lat' dir='ltr'>mysteriique</span> <span class='ocrx_word' id='word_1_71' title='bbox 2318 853 2656 923; x_wconf 81' lang='lat' dir='ltr'>cognitione</span> <span class='ocrx_word' id='word_1_72' title='bbox 2694 852 2984 923; x_wconf 88' lang='lat' dir='ltr'>dignatus</span> <span class='ocrx_word' id='word_1_73' title='bbox 3017 853 3110 923; x_wconf 88' lang='lat' dir='ltr'>sit,</span> <span class='ocrx_word' id='word_1_74' title='bbox 3132 851 3392 925; x_wconf 86' lang='lat' dir='ltr'>perdidit</span> <span class='ocrx_word' id='word_1_75' title='bbox 3421 848 3646 920; x_wconf 87' lang='lat' dir='ltr'>omnia,</span> 
     </span>
    </p>
   </div>
   <div class='ocr_carea' id='block_1_13' title="bbox 287 937 1143 1011">
    <p class='ocr_par' dir='ltr' id='par_1_13' title="bbox 287 937 1143 1011">
     <span class='ocr_line' id='line_1_13' title="bbox 287 937 1143 1011; baseline 0 -18"><span class='ocrx_word' id='word_1_76' title='bbox 287 937 458 993; x_wconf 88' lang='lat' dir='ltr'>brevi</span> <span class='ocrx_word' id='word_1_77' title='bbox 487 937 792 1011; x_wconf 83' lang='lat' dir='ltr'>voluptate</span> <span class='ocrx_word' id='word_1_78' title='bbox 816 938 1143 997; x_wconf 86' lang='lat' dir='ltr'>inescatus.</span> 
     </span>
    </p>
   </div>
   <div class='ocr_carea' id='block_1_14' title="bbox 359 1027 1887 1105">
    <p class='ocr_par' dir='ltr' id='par_1_14' title="bbox 359 1027 1887 1105">
     <span class='ocr_line' id='line_1_14' title="bbox 359 1027 1887 1105; baseline 0.002 -24"><span class='ocrx_word' id='word_1_79' title='bbox 359 1029 417 1082; x_wconf 77' lang='lat'>2.</span> <span class='ocrx_word' id='word_1_80' title='bbox 466 1030 584 1079; x_wconf 88' lang='grc' dir='ltr'><strong>Δέον</strong></span> <span class='ocrx_word' id='word_1_81' title='bbox 641 1027 729 1078; x_wconf 79' lang='grc' dir='ltr'><strong>οὗν</strong></span> <span class='ocrx_word' id='word_1_82' title='bbox 777 1030 938 1101; x_wconf 74' lang='grc' dir='ltr'><strong>ἡμᾶς,</strong></span> <span class='ocrx_word' id='word_1_83' title='bbox 988 1032 1126 1105; x_wconf 83' lang='grc' dir='ltr'><strong>εἴπερ</strong></span> <span class='ocrx_word' id='word_1_84' title='bbox 1184 1029 1442 1104; x_wconf 73' lang='grc' dir='ltr'>ἐθέλοιμεν</span> <span class='ocrx_word' id='word_1_85' title='bbox 1497 1030 1741 1104; x_wconf 79' lang='grc' dir='ltr'>ἀσφαλῶς</span> <span class='ocrx_word' id='word_1_86' title='bbox 1791 1052 1887 1090; x_wconf 89' lang='grc' dir='ltr'>την</span> 
     </span>
    </p>
   </div>
   <div class='ocr_carea' id='block_1_15' title="bbox 286 1113 1886 1196">
    <p class='ocr_par' dir='ltr' id='par_1_15' title="bbox 286 1113 1886 1196">
     <span class='ocr_line' id='line_1_15' title="bbox 286 1113 1886 1196; baseline 0.005 -30"><span class='ocrx_word' id='word_1_87' title='bbox 286 1116 628 1188; x_wconf 76' lang='grc' dir='ltr'><strong>ὑποκειμένην</strong></span> <span class='ocrx_word' id='word_1_88' title='bbox 676 1113 800 1170; x_wconf 72' lang='grc' dir='ltr'>ὁδὸν</span> <span class='ocrx_word' id='word_1_89' title='bbox 860 1126 953 1171; x_wconf 90' lang='grc' dir='ltr'>τοῦ</span> <span class='ocrx_word' id='word_1_90' title='bbox 1017 1118 1140 1192; x_wconf 88' lang='grc' dir='ltr'><strong>βίου</strong></span> <span class='ocrx_word' id='word_1_91' title='bbox 1197 1116 1535 1194; x_wconf 70' lang='grc' dir='ltr'>διαδραμεῖν,</span> <span class='ocrx_word' id='word_1_92' title='bbox 1574 1125 1666 1173; x_wconf 83' lang='grc' dir='ltr'><strong>καὶ</strong></span> <span class='ocrx_word' id='word_1_93' title='bbox 1715 1141 1886 1196; x_wconf 88' lang='grc' dir='ltr'><strong>παρα-</strong></span> 
     </span>
    </p>
   </div>
   <div class='ocr_carea' id='block_1_16' title="bbox 288 1207 1887 1282">
    <p class='ocr_par' dir='ltr' id='par_1_16' title="bbox 288 1207 1887 1282">
     <span class='ocr_line' id='line_1_16' title="bbox 288 1207 1887 1282; baseline 0.004 -26"><span class='ocrx_word' id='word_1_94' title='bbox 288 1213 489 1263; x_wconf 80' lang='grc' dir='ltr'>στῆσαι</span> <span class='ocrx_word' id='word_1_95' title='bbox 518 1213 732 1281; x_wconf 79' lang='grc' dir='ltr'>Χριστῷ</span> <span class='ocrx_word' id='word_1_96' title='bbox 760 1211 853 1266; x_wconf 80' lang='grc' dir='ltr'><strong>τὴν</strong></span> <span class='ocrx_word' id='word_1_97' title='bbox 883 1207 1070 1280; x_wconf 72' lang='grc' dir='ltr'><strong>ψυχήν</strong></span> <span class='ocrx_word' id='word_1_98' title='bbox 1107 1229 1162 1261; x_wconf 87' lang='grc' dir='ltr'>τε</span> <span class='ocrx_word' id='word_1_99' title='bbox 1204 1210 1334 1280; x_wconf 87' lang='grc' dir='ltr'><strong>ὁμοῦ</strong></span> <span class='ocrx_word' id='word_1_100' title='bbox 1363 1212 1453 1263; x_wconf 88' lang='grc' dir='ltr'>καὶ</span> <span class='ocrx_word' id='word_1_101' title='bbox 1505 1213 1564 1263; x_wconf 89' lang='grc' dir='ltr'><strong>τὸ</strong></span> <span class='ocrx_word' id='word_1_102' title='bbox 1611 1218 1764 1282; x_wconf 88' lang='grc' dir='ltr'><strong>σῶμα</strong></span> <span class='ocrx_word' id='word_1_103' title='bbox 1796 1218 1887 1272; x_wconf 81' lang='grc' dir='ltr'><strong>τῆς</strong></span> 
     </span>
    </p>
   </div>
   <div class='ocr_carea' id='block_1_17' title="bbox 284 1291 1885 1383">
    <p class='ocr_par' dir='ltr' id='par_1_17' title="bbox 284 1291 1885 1383">
     <span class='ocr_line' id='line_1_17' title="bbox 284 1291 1885 1383; baseline 0.006 -39"><span class='ocrx_word' id='word_1_104' title='bbox 284 1291 342 1344; x_wconf 84' lang='grc' dir='ltr'><strong>ἐκ</strong></span> <span class='ocrx_word' id='word_1_105' title='bbox 382 1301 482 1345; x_wconf 85' lang='grc' dir='ltr'>τῶν</span> <span class='ocrx_word' id='word_1_106' title='bbox 520 1298 834 1368; x_wconf 74' lang='grc' dir='ltr'><strong>τραυμάτων</strong></span> <span class='ocrx_word' id='word_1_107' title='bbox 884 1296 1448 1383; x_wconf 45' lang='grc' dir='ltr'><strong>αἱσγύνηςέλεύθερα,</strong></span> <span class='ocrx_word' id='word_1_108' title='bbox 1498 1304 1589 1352; x_wconf 82' lang='grc' dir='ltr'>καὶ</span> <span class='ocrx_word' id='word_1_109' title='bbox 1635 1304 1757 1363; x_wconf 78' lang='grc' dir='ltr'><strong>τοὺς</strong></span> <span class='ocrx_word' id='word_1_110' title='bbox 1801 1300 1885 1353; x_wconf 84' lang='grc' dir='ltr'>ἐπὶ</span> 
     </span>
    </p>
   </div>
   <div class='ocr_carea' id='block_1_18' title="bbox 282 1384 1885 1464">
    <p class='ocr_par' dir='ltr' id='par_1_18' title="bbox 282 1384 1885 1464">
     <span class='ocr_line' id='line_1_18' title="bbox 282 1384 1885 1464; baseline 0.005 -32"><span class='ocrx_word' id='word_1_111' title='bbox 282 1388 345 1453; x_wconf 73' lang='grc' dir='ltr'><strong>τῇ</strong></span> <span class='ocrx_word' id='word_1_112' title='bbox 405 1386 521 1456; x_wconf 72' lang='grc' dir='ltr'><strong>νίκῃ</strong></span> <span class='ocrx_word' id='word_1_113' title='bbox 605 1386 887 1457; x_wconf 73' lang='grc' dir='ltr'><strong>στεφάνους</strong></span> <span class='ocrx_word' id='word_1_114' title='bbox 951 1384 1145 1453; x_wconf 77' lang='grc' dir='ltr'><strong>λαϐεῖν,</strong></span> <span class='ocrx_word' id='word_1_115' title='bbox 1206 1387 1558 1463; x_wconf 71' lang='grc' dir='ltr'><strong>ἐγρηγορότας</strong></span> <span class='ocrx_word' id='word_1_116' title='bbox 1618 1391 1885 1464; x_wconf 76' lang='grc' dir='ltr'><strong>περιάγειν</strong></span> 
     </span>
    </p>
   </div>
   <div class='ocr_carea' id='block_1_19' title="bbox 285 1469 1887 1549">
    <p class='ocr_par' dir='ltr' id='par_1_19' title="bbox 285 1469 1887 1549">
     <span class='ocr_line' id='line_1_19' title="bbox 285 1469 1887 1549; baseline 0.007 -28"><span class='ocrx_word' id='word_1_117' title='bbox 285 1469 365 1522; x_wconf 85' lang='grc' dir='ltr'>ἀεὶ</span> <span class='ocrx_word' id='word_1_118' title='bbox 428 1474 548 1533; x_wconf 86' lang='grc' dir='ltr'><strong>τούς</strong></span> <span class='ocrx_word' id='word_1_119' title='bbox 604 1480 700 1534; x_wconf 86' lang='grc' dir='ltr'><strong>τῆς</strong></span> <span class='ocrx_word' id='word_1_120' title='bbox 768 1473 956 1546; x_wconf 69' lang='grc' dir='ltr'><strong>ψυχῆς</strong></span> <span class='ocrx_word' id='word_1_121' title='bbox 1023 1474 1341 1549; x_wconf 85' lang='grc' dir='ltr'><strong>ὀφθαλμούς,</strong></span> <span class='ocrx_word' id='word_1_122' title='bbox 1405 1482 1496 1530; x_wconf 80' lang='grc' dir='ltr'><strong>καὶ</strong></span> <span class='ocrx_word' id='word_1_123' title='bbox 1559 1479 1728 1531; x_wconf 88' lang='grc' dir='ltr'><strong>πάντα</strong></span> <span class='ocrx_word' id='word_1_124' title='bbox 1792 1481 1887 1532; x_wconf 85' lang='grc' dir='ltr'><strong>ύπ-</strong></span> 
     </span>
    </p>
   </div>
   <div class='ocr_carea' id='block_1_20' title="bbox 284 1561 1885 1642">
    <p class='ocr_par' dir='ltr' id='par_1_20' title="bbox 284 1561 1885 1642">
     <span class='ocr_line' id='line_1_20' title="bbox 284 1561 1885 1642; baseline 0.007 -32"><span class='ocrx_word' id='word_1_125' title='bbox 284 1561 515 1612; x_wconf 84' lang='grc' dir='ltr'><strong>οπτεύειν</strong></span> <span class='ocrx_word' id='word_1_126' title='bbox 582 1562 682 1614; x_wconf 85' lang='grc' dir='ltr'><strong>ὅσα</strong></span> <span class='ocrx_word' id='word_1_127' title='bbox 741 1566 953 1639; x_wconf 80' lang='grc' dir='ltr'><strong>τερπνὰ,</strong></span> <span class='ocrx_word' id='word_1_128' title='bbox 1008 1570 1098 1618; x_wconf 77' lang='grc' dir='ltr'><strong>καὶ</strong></span> <span class='ocrx_word' id='word_1_129' title='bbox 1154 1562 1345 1637; x_wconf 75' lang='grc' dir='ltr'><strong>μηδενὶ</strong></span> <span class='ocrx_word' id='word_1_130' title='bbox 1395 1564 1753 1642; x_wconf 75' lang='grc' dir='ltr'><strong>προσερείδειν</strong></span> <span class='ocrx_word' id='word_1_131' title='bbox 1792 1572 1885 1628; x_wconf 84' lang='grc' dir='ltr'><strong>τὴν</strong></span> 
     </span>
    </p>
   </div>
   <div class='ocr_carea' id='block_1_21' title="bbox 283 1648 1885 1731">
    <p class='ocr_par' dir='ltr' id='par_1_21' title="bbox 283 1648 1885 1731">
     <span class='ocr_line' id='line_1_21' title="bbox 283 1648 1885 1731; baseline 0.006 -31"><span class='ocrx_word' id='word_1_132' title='bbox 283 1648 503 1714; x_wconf 84' lang='grc' dir='ltr'><strong>ἔννοιαν,</strong></span> <span class='ocrx_word' id='word_1_133' title='bbox 558 1648 699 1723; x_wconf 75' lang='grc' dir='ltr'><strong>μηδὲ</strong></span> <span class='ocrx_word' id='word_1_134' title='bbox 755 1653 800 1705; x_wconf 86' lang='grc' dir='ltr'>εἰ</span> <span class='ocrx_word' id='word_1_135' title='bbox 836 1656 1046 1727; x_wconf 91' lang='grc' dir='ltr'><strong>χρυσὸς</strong></span> <span class='ocrx_word' id='word_1_136' title='bbox 1087 1659 1321 1726; x_wconf 85' lang='grc' dir='ltr'><strong>φαίνοιτο</strong></span> <span class='ocrx_word' id='word_1_137' title='bbox 1377 1652 1559 1727; x_wconf 76' lang='grc' dir='ltr'><strong>χύδην</strong></span> <span class='ocrx_word' id='word_1_138' title='bbox 1605 1663 1885 1731; x_wconf 83' lang='grc' dir='ltr'><strong>προκείμε-</strong></span> 
     </span>
    </p>
   </div>
   <div class='ocr_carea' id='block_1_22' title="bbox 281 1740 1885 1818">
    <p class='ocr_par' dir='ltr' id='par_1_22' title="bbox 281 1740 1885 1818">
     <span class='ocr_line' id='line_1_22' title="bbox 281 1740 1885 1818; baseline 0.004 -29"><span class='ocrx_word' id='word_1_139' title='bbox 281 1757 384 1809; x_wconf 88' lang='grc' dir='ltr'><strong>νος,</strong></span> <span class='ocrx_word' id='word_1_140' title='bbox 443 1740 643 1813; x_wconf 82' lang='grc' dir='ltr'><strong>ἕτοιμος</strong></span> <span class='ocrx_word' id='word_1_141' title='bbox 685 1740 755 1804; x_wconf 83' lang='grc' dir='ltr'>εἰς</span> <span class='ocrx_word' id='word_1_142' title='bbox 806 1744 899 1804; x_wconf 72' lang='grc' dir='ltr'><strong>τὰς</strong></span> <span class='ocrx_word' id='word_1_143' title='bbox 947 1751 1046 1795; x_wconf 86' lang='grc' dir='ltr'>τῶν</span> <span class='ocrx_word' id='word_1_144' title='bbox 1097 1742 1423 1817; x_wconf 80' lang='grc' dir='ltr'><strong>βουλομένων</strong></span> <span class='ocrx_word' id='word_1_145' title='bbox 1489 1752 1674 1818; x_wconf 83' lang='grc' dir='ltr'><strong>χεῖρας</strong></span> <span class='ocrx_word' id='word_1_146' title='bbox 1727 1746 1885 1798; x_wconf 80' lang='grc' dir='ltr'><strong>ἐλθεῖν</strong></span> 
     </span>
    </p>
   </div>
   <div class='ocr_carea' id='block_1_23' title="bbox 284 1825 1887 1907">
    <p class='ocr_par' dir='ltr' id='par_1_23' title="bbox 284 1825 1887 1907">
     <span class='ocr_line' id='line_1_23' title="bbox 284 1825 1887 1907; baseline 0.005 -29"><span class='ocrx_word' id='word_1_147' title='bbox 284 1825 532 1894; x_wconf 83' lang='grc' dir='ltr'><strong>(Πλοῦτος</strong></span> <span class='ocrx_word' id='word_1_148' title='bbox 597 1831 721 1904; x_wconf 84' lang='grc' dir='ltr'><strong>γὰρ,</strong></span> <span class='ocrx_word' id='word_1_149' title='bbox 802 1835 981 1903; x_wconf 87' lang='grc' dir='ltr'><strong>φησὶν,</strong></span> <span class='ocrx_word' id='word_1_150' title='bbox 1049 1829 1133 1885; x_wconf 78' lang='grc' dir='ltr'>ἐὰν</span> <span class='ocrx_word' id='word_1_151' title='bbox 1205 1833 1319 1906; x_wconf 70' lang='grc' dir='ltr'><strong>ῥέῃ,</strong></span> <span class='ocrx_word' id='word_1_152' title='bbox 1388 1837 1460 1905; x_wconf 75' lang='grc' dir='ltr'><strong>μὴ</strong></span> <span class='ocrx_word' id='word_1_153' title='bbox 1538 1836 1887 1907; x_wconf 75' lang='grc' dir='ltr'><strong>προστίθεσθε</strong></span> 
     </span>
    </p>
   </div>
   <div class='ocr_carea' id='block_1_24' title="bbox 282 1913 1884 1995">
    <p class='ocr_par' dir='ltr' id='par_1_24' title="bbox 282 1913 1884 1995">
     <span class='ocr_line' id='line_1_24' title="bbox 282 1913 1884 1995; baseline 0.004 -28"><span class='ocrx_word' id='word_1_154' title='bbox 282 1913 539 1990; x_wconf 69' lang='grc' dir='ltr'><strong>καρδίᾳ)·</strong></span> <span class='ocrx_word' id='word_1_155' title='bbox 573 1914 714 1990; x_wconf 69' lang='grc' dir='ltr'><strong>μηδὲ</strong></span> <span class='ocrx_word' id='word_1_156' title='bbox 742 1918 785 1971; x_wconf 80' lang='grc' dir='ltr'>εἰ</span> <span class='ocrx_word' id='word_1_157' title='bbox 821 1927 886 1991; x_wconf 84' lang='grc' dir='ltr'><strong>γῆ</strong></span> <span class='ocrx_word' id='word_1_158' title='bbox 946 1918 1321 1991; x_wconf 75' lang='grc' dir='ltr'><strong>βλαστάνουσαι</strong></span> <span class='ocrx_word' id='word_1_159' title='bbox 1358 1927 1531 1973; x_wconf 77' lang='grc' dir='ltr'><strong>πᾶσαν</strong></span> <span class='ocrx_word' id='word_1_160' title='bbox 1555 1924 1632 1991; x_wconf 88' lang='grc'>(1)</span> <span class='ocrx_word' id='word_1_161' title='bbox 1662 1926 1884 1995; x_wconf 84' lang='grc' dir='ltr'><strong>τρυφὴν,</strong></span> 
     </span>
    </p>
   </div>
   <div class='ocr_carea' id='block_1_25' title="bbox 283 2004 1884 2084">
    <p class='ocr_par' dir='ltr' id='par_1_25' title="bbox 283 2004 1884 2084">
     <span class='ocr_line' id='line_1_25' title="bbox 283 2004 1884 2084; baseline 0.005 -29"><span class='ocrx_word' id='word_1_162' title='bbox 283 2009 375 2056; x_wconf 81' lang='grc' dir='ltr'><strong>καὶ</strong></span> <span class='ocrx_word' id='word_1_163' title='bbox 430 2004 724 2069; x_wconf 69' lang='grc' dir='ltr'><strong>πολυτελεῖς</strong></span> <span class='ocrx_word' id='word_1_164' title='bbox 781 2004 1098 2060; x_wconf 82' lang='grc' dir='ltr'><strong>δεικνύουσα</strong></span> <span class='ocrx_word' id='word_1_165' title='bbox 1159 2011 1350 2070; x_wconf 62' lang='grc' dir='ltr'><strong>σκηνάς</strong></span> <span class='ocrx_word' id='word_1_166' title='bbox 1407 2009 1600 2082; x_wconf 83' lang='grc' dir='ltr'><strong>(Ἠμῶν</strong></span> <span class='ocrx_word' id='word_1_167' title='bbox 1663 2013 1767 2084; x_wconf 82' lang='grc' dir='ltr'>γὰρ</span> <span class='ocrx_word' id='word_1_168' title='bbox 1826 2014 1884 2063; x_wconf 84' lang='grc' dir='ltr'><strong>τὸ</strong></span> 
     </span>
    </p>
   </div>
   <div class='ocr_carea' id='block_1_26' title="bbox 283 2088 1885 2173">
    <p class='ocr_par' dir='ltr' id='par_1_26' title="bbox 283 2088 1885 2173">
     <span class='ocr_line' id='line_1_26' title="bbox 283 2088 1885 2173; baseline 0.006 -30"><span class='ocrx_word' id='word_1_169' title='bbox 283 2092 569 2166; x_wconf 85' lang='grc' dir='ltr'><strong>πολίτευμα</strong></span> <span class='ocrx_word' id='word_1_170' title='bbox 634 2093 682 2146; x_wconf 86' lang='grc' dir='ltr'><strong>ἐν</strong></span> <span class='ocrx_word' id='word_1_171' title='bbox 734 2094 953 2169; x_wconf 82' lang='grc' dir='ltr'><strong>ούρανῷ,</strong></span> <span class='ocrx_word' id='word_1_172' title='bbox 1032 2094 1085 2160; x_wconf 84' lang='grc' dir='ltr'><strong>ἐξ</strong></span> <span class='ocrx_word' id='word_1_173' title='bbox 1140 2097 1202 2150; x_wconf 80' lang='grc' dir='ltr'><strong>οὗ</strong></span> <span class='ocrx_word' id='word_1_174' title='bbox 1257 2088 1347 2151; x_wconf 85' lang='grc' dir='ltr'>καὶ</span> <span class='ocrx_word' id='word_1_175' title='bbox 1388 2106 1604 2173; x_wconf 82' lang='grc' dir='ltr'><strong>Σωτῆρα</strong></span> <span class='ocrx_word' id='word_1_176' title='bbox 1658 2094 1885 2153; x_wconf 75' lang='grc' dir='ltr'><strong>ἀπεκδε-</strong></span> 
     </span>
    </p>
   </div>
   <div class='ocr_carea' id='block_1_27' title="bbox 282 2182 1886 2263">
    <p class='ocr_par' dir='ltr' id='par_1_27' title="bbox 282 2182 1886 2263">
     <span class='ocr_line' id='line_1_27' title="bbox 282 2182 1886 2263; baseline 0.006 -29"><span class='ocrx_word' id='word_1_177' title='bbox 282 2186 492 2255; x_wconf 88' lang='grc' dir='ltr'><strong>χόμεθα</strong></span> <span class='ocrx_word' id='word_1_178' title='bbox 538 2188 791 2257; x_wconf 82' lang='grc' dir='ltr'><strong>Χριστόν)</strong></span> <span class='ocrx_word' id='word_1_179' title='bbox 818 2202 831 2216; x_wconf 79' lang='grc'><strong><em>⁸</em></strong></span> <span class='ocrx_word' id='word_1_180' title='bbox 861 2182 1001 2259; x_wconf 74' lang='grc' dir='ltr'><strong>μηδὲ</strong></span> <span class='ocrx_word' id='word_1_181' title='bbox 1038 2187 1083 2240; x_wconf 82' lang='grc' dir='ltr'>εἰ</span> <span class='ocrx_word' id='word_1_182' title='bbox 1137 2196 1372 2262; x_wconf 84' lang='grc' dir='ltr'><strong>χορεῖαι,</strong></span> <span class='ocrx_word' id='word_1_183' title='bbox 1422 2194 1512 2242; x_wconf 82' lang='grc' dir='ltr'>καὶ</span> <span class='ocrx_word' id='word_1_184' title='bbox 1559 2199 1747 2263; x_wconf 84' lang='grc' dir='ltr'><strong>κῶμοι,</strong></span> <span class='ocrx_word' id='word_1_185' title='bbox 1796 2196 1886 2244; x_wconf 87' lang='grc' dir='ltr'>καὶ</span> 
     </span>
    </p>
   </div>
   <div class='ocr_carea' id='block_1_28' title="bbox 283 2275 1887 2354">
    <p class='ocr_par' dir='ltr' id='par_1_28' title="bbox 283 2275 1887 2354">
     <span class='ocr_line' id='line_1_28' title="bbox 283 2275 1887 2354; baseline 0.006 -28"><span class='ocrx_word' id='word_1_186' title='bbox 283 2276 478 2345; x_wconf 84' lang='grc' dir='ltr'><strong>μέθαι,</strong></span> <span class='ocrx_word' id='word_1_187' title='bbox 554 2280 645 2329; x_wconf 87' lang='grc' dir='ltr'>καὶ</span> <span class='ocrx_word' id='word_1_188' title='bbox 726 2275 1142 2351; x_wconf 89' lang='grc' dir='ltr'><strong>καταυλούμεναι</strong></span> <span class='ocrx_word' id='word_1_189' title='bbox 1220 2281 1479 2354; x_wconf 76' lang='grc' dir='ltr'><strong>τράπεζαι</strong></span> <span class='ocrx_word' id='word_1_190' title='bbox 1546 2282 1887 2346; x_wconf 88' lang='grc' dir='ltr'><strong>(Ματαιότης</strong></span> 
     </span>
    </p>
   </div>
   <div class='ocr_carea' id='block_1_29' title="bbox 281 2364 1882 2443">
    <p class='ocr_par' dir='ltr' id='par_1_29' title="bbox 281 2364 1882 2443">
     <span class='ocr_line' id='line_1_29' title="bbox 281 2364 1882 2443; baseline 0.007 -29"><span class='ocrx_word' id='word_1_191' title='bbox 281 2364 408 2436; x_wconf 82' lang='grc' dir='ltr'><strong>γὰρ,</strong></span> <span class='ocrx_word' id='word_1_192' title='bbox 472 2368 622 2435; x_wconf 86' lang='grc' dir='ltr'><strong>φησὶ,</strong></span> <span class='ocrx_word' id='word_1_193' title='bbox 687 2372 1074 2438; x_wconf 79' lang='grc' dir='ltr'><strong>ματαιοτήτων,</strong></span> <span class='ocrx_word' id='word_1_194' title='bbox 1130 2371 1198 2420; x_wconf 78' lang='grc' dir='ltr'><strong>τὰ</strong></span> <span class='ocrx_word' id='word_1_195' title='bbox 1273 2370 1447 2421; x_wconf 90' lang='grc' dir='ltr'><strong>πάντα</strong></span> <span class='ocrx_word' id='word_1_196' title='bbox 1523 2372 1836 2443; x_wconf 81' lang='grc' dir='ltr'><strong>ματαιότης)</strong></span> <span class='ocrx_word' id='word_1_197' title='bbox 1871 2387 1882 2401; x_wconf 91' lang='grc'><strong>·</strong></span> 
     </span>
    </p>
   </div>
   <div class='ocr_carea' id='block_1_30' title="bbox 283 2447 1888 2537">
    <p class='ocr_par' dir='ltr' id='par_1_30' title="bbox 283 2447 1888 2537">
     <span class='ocr_line' id='line_1_30' title="bbox 283 2447 1888 2537; baseline 0.006 -33"><span class='ocrx_word' id='word_1_198' title='bbox 283 2447 424 2525; x_wconf 74' lang='grc' dir='ltr'><strong>μηδὲ</strong></span> <span class='ocrx_word' id='word_1_199' title='bbox 488 2452 532 2507; x_wconf 83' lang='grc' dir='ltr'><strong>εἰ</strong></span> <span class='ocrx_word' id='word_1_200' title='bbox 599 2457 851 2527; x_wconf 89' lang='grc' dir='ltr'><strong>σωμάτων</strong></span> <span class='ocrx_word' id='word_1_201' title='bbox 929 2456 1091 2516; x_wconf 82' lang='grc' dir='ltr'><strong>κάλλη</strong></span> <span class='ocrx_word' id='word_1_202' title='bbox 1166 2462 1490 2531; x_wconf 83' lang='grc' dir='ltr'><strong>προτείνοιτο</strong></span> <span class='ocrx_word' id='word_1_203' title='bbox 1565 2461 1663 2530; x_wconf 85' lang='grc'><strong>(2),</strong></span> <span class='ocrx_word' id='word_1_204' title='bbox 1743 2462 1888 2537; x_wconf 88' lang='grc' dir='ltr'>παρά</span> 
     </span>
    </p>
   </div>
   <div class='ocr_carea' id='block_1_31' title="bbox 278 2543 1884 2625">
    <p class='ocr_par' dir='ltr' id='par_1_31' title="bbox 278 2543 1884 2625">
     <span class='ocr_line' id='line_1_31' title="bbox 278 2543 1884 2625; baseline 0.006 -31"><span class='ocrx_word' id='word_1_205' title='bbox 278 2551 519 2617; x_wconf 87' lang='grc' dir='ltr'><strong>πονηρῶν</strong></span> <span class='ocrx_word' id='word_1_206' title='bbox 583 2543 776 2616; x_wconf 73' lang='grc' dir='ltr'><strong>ψυχῶν</strong></span> <span class='ocrx_word' id='word_1_207' title='bbox 842 2544 1178 2620; x_wconf 75' lang='grc' dir='ltr'><strong>ἕνοικούμενα</strong></span> <span class='ocrx_word' id='word_1_208' title='bbox 1227 2547 1380 2620; x_wconf 84' lang='grc' dir='ltr'><strong>(Ἀπὸ</strong></span> <span class='ocrx_word' id='word_1_209' title='bbox 1448 2556 1734 2624; x_wconf 85' lang='grc' dir='ltr'><strong>προσώπου</strong></span> <span class='ocrx_word' id='word_1_210' title='bbox 1781 2552 1884 2625; x_wconf 79' lang='grc' dir='ltr'>γὰρ</span> 
     </span>
    </p>
   </div>
   <div class='ocr_carea' id='block_1_32' title="bbox 281 2626 1895 2710">
    <p class='ocr_par' dir='ltr' id='par_1_32' title="bbox 281 2626 1895 2710">
     <span class='ocr_line' id='line_1_32' title="bbox 281 2626 1895 2710; baseline 0.004 -27"><span class='ocrx_word' id='word_1_211' title='bbox 281 2636 531 2704; x_wconf 85' lang='grc' dir='ltr'><strong>γυναικός</strong></span> <span class='ocrx_word' id='word_1_212' title='bbox 595 2635 664 2694; x_wconf 85' lang='grc' dir='ltr'><strong>ὡς</strong></span> <span class='ocrx_word' id='word_1_213' title='bbox 731 2632 832 2686; x_wconf 83' lang='grc' dir='ltr'><strong>ἀπὸ</strong></span> <span class='ocrx_word' id='word_1_214' title='bbox 897 2640 1182 2710; x_wconf 84' lang='grc' dir='ltr'><strong>προσώπου</strong></span> <span class='ocrx_word' id='word_1_215' title='bbox 1258 2640 1414 2708; x_wconf 82' lang='grc' dir='ltr'><strong>ὄφεως</strong></span> <span class='ocrx_word' id='word_1_216' title='bbox 1489 2646 1661 2710; x_wconf 86' lang='grc' dir='ltr'><strong>φεῦγε,</strong></span> <span class='ocrx_word' id='word_1_217' title='bbox 1728 2626 1895 2710; x_wconf 62' lang='grc' dir='ltr'><strong>φησίν</strong></span> 
     </span>
    </p>
   </div>
   <div class='ocr_carea' id='block_1_33' title="bbox 283 2716 1887 2798">
    <p class='ocr_par' dir='ltr' id='par_1_33' title="bbox 283 2716 1887 2798">
     <span class='ocr_line' id='line_1_33' title="bbox 283 2716 1887 2798; baseline 0.006 -29"><span class='ocrx_word' id='word_1_218' title='bbox 283 2717 309 2768; x_wconf 87' lang='grc' dir='ltr'><strong><em>ὁ</em></strong></span> <span class='ocrx_word' id='word_1_219' title='bbox 344 2718 519 2790; x_wconf 90' lang='grc' dir='ltr'><strong>σοφός)</strong></span> <span class='ocrx_word' id='word_1_220' title='bbox 548 2734 561 2748; x_wconf 75' lang='grc'><strong>⁸</strong></span> <span class='ocrx_word' id='word_1_221' title='bbox 609 2716 751 2792; x_wconf 69' lang='grc' dir='ltr'><strong>μηδὲ</strong></span> <span class='ocrx_word' id='word_1_222' title='bbox 807 2721 851 2774; x_wconf 84' lang='grc' dir='ltr'>εἰ</span> <span class='ocrx_word' id='word_1_223' title='bbox 881 2719 1189 2776; x_wconf 77' lang='grc' dir='ltr'><strong>δυναστεῖαι</strong></span> <span class='ocrx_word' id='word_1_224' title='bbox 1214 2727 1293 2794; x_wconf 89' lang='lat'>(3)</span> <span class='ocrx_word' id='word_1_225' title='bbox 1323 2729 1413 2777; x_wconf 86' lang='grc' dir='ltr'>καὶ</span> <span class='ocrx_word' id='word_1_226' title='bbox 1441 2722 1768 2798; x_wconf 75' lang='grc' dir='ltr'><strong>τυραννίδες,</strong></span> <span class='ocrx_word' id='word_1_227' title='bbox 1796 2730 1887 2780; x_wconf 76' lang='grc' dir='ltr'>καὶ</span> 
     </span>
    </p>
   </div>
   <div class='ocr_carea' id='block_1_34' title="bbox 284 2801 1888 2886">
    <p class='ocr_par' dir='ltr' id='par_1_34' title="bbox 284 2801 1888 2886">
     <span class='ocr_line' id='line_1_34' title="bbox 284 2801 1888 2886; baseline 0.005 -28"><span class='ocrx_word' id='word_1_228' title='bbox 284 2801 586 2880; x_wconf 77' lang='grc' dir='ltr'><strong>δορυφόρων</strong></span> <span class='ocrx_word' id='word_1_229' title='bbox 617 2808 646 2868; x_wconf 74' lang='grc' dir='ltr'><strong><em>ἦ</em></strong></span> <span class='ocrx_word' id='word_1_230' title='bbox 698 2807 930 2861; x_wconf 80' lang='grc' dir='ltr'><strong>κολάκων</strong></span> <span class='ocrx_word' id='word_1_231' title='bbox 973 2810 1147 2885; x_wconf 78' lang='grc' dir='ltr'><strong>ἑσμοὶ,</strong></span> <span class='ocrx_word' id='word_1_232' title='bbox 1175 2809 1315 2884; x_wconf 77' lang='grc' dir='ltr'><strong>μηδὲ</strong></span> <span class='ocrx_word' id='word_1_233' title='bbox 1358 2812 1402 2865; x_wconf 85' lang='grc' dir='ltr'>εἰ</span> <span class='ocrx_word' id='word_1_234' title='bbox 1452 2814 1629 2886; x_wconf 89' lang='grc' dir='ltr'><strong>θρόνος</strong></span> <span class='ocrx_word' id='word_1_235' title='bbox 1685 2812 1888 2886; x_wconf 71' lang='grc' dir='ltr'><strong>ὑψηλός</strong></span> 
     </span>
    </p>
   </div>
   <div class='ocr_carea' id='block_1_35' title="bbox 284 2894 1885 2972">
    <p class='ocr_par' dir='ltr' id='par_1_35' title="bbox 284 2894 1885 2972">
     <span class='ocr_line' id='line_1_35' title="bbox 284 2894 1885 2972; baseline 0.005 -25"><span class='ocrx_word' id='word_1_236' title='bbox 284 2900 377 2948; x_wconf 82' lang='grc' dir='ltr'>καὶ</span> <span class='ocrx_word' id='word_1_237' title='bbox 414 2894 669 2972; x_wconf 87' lang='grc' dir='ltr'><strong>λαμπρὸς,</strong></span> <span class='ocrx_word' id='word_1_238' title='bbox 722 2898 1009 2962; x_wconf 75' lang='grc' dir='ltr'><strong>ὑποζεύξας</strong></span> <span class='ocrx_word' id='word_1_239' title='bbox 1059 2903 1176 2958; x_wconf 80' lang='grc' dir='ltr'><strong>ἔθνη</strong></span> <span class='ocrx_word' id='word_1_240' title='bbox 1216 2906 1307 2954; x_wconf 88' lang='grc' dir='ltr'><strong>καὶ</strong></span> <span class='ocrx_word' id='word_1_241' title='bbox 1337 2900 1508 2965; x_wconf 82' lang='grc' dir='ltr'><strong>πόλεις</strong></span> <span class='ocrx_word' id='word_1_242' title='bbox 1549 2901 1615 2963; x_wconf 84' lang='grc' dir='ltr'>εἰς</span> <span class='ocrx_word' id='word_1_243' title='bbox 1646 2898 1885 2955; x_wconf 82' lang='grc' dir='ltr'><strong>δουλείαν</strong></span> 
     </span>
    </p>
   </div>
   <div class='ocr_carea' id='block_1_36' title="bbox 286 2984 1886 3066">
    <p class='ocr_par' dir='ltr' id='par_1_36' title="bbox 286 2984 1886 3066">
     <span class='ocr_line' id='line_1_36' title="bbox 286 2984 1886 3066; baseline 0.006 -29"><span class='ocrx_word' id='word_1_244' title='bbox 286 2984 570 3039; x_wconf 83' lang='grc' dir='ltr'><strong>ἀκούσιον·</strong></span> <span class='ocrx_word' id='word_1_245' title='bbox 617 2994 772 3041; x_wconf 83' lang='grc' dir='ltr'><strong>Πᾶσα</strong></span> <span class='ocrx_word' id='word_1_246' title='bbox 825 2991 928 3062; x_wconf 80' lang='grc' dir='ltr'><strong>γὰρ</strong></span> <span class='ocrx_word' id='word_1_247' title='bbox 969 2990 1104 3066; x_wconf 83' lang='grc' dir='ltr'><strong>σὰρξ</strong></span> <span class='ocrx_word' id='word_1_248' title='bbox 1157 2996 1371 3066; x_wconf 81' lang='grc' dir='ltr'><strong>χόρτος,</strong></span> <span class='ocrx_word' id='word_1_249' title='bbox 1427 2997 1516 3045; x_wconf 89' lang='grc' dir='ltr'><strong>καὶ</strong></span> <span class='ocrx_word' id='word_1_250' title='bbox 1568 2999 1715 3046; x_wconf 87' lang='grc' dir='ltr'><strong>πᾶσα</strong></span> <span class='ocrx_word' id='word_1_251' title='bbox 1755 2988 1886 3056; x_wconf 74' lang='grc' dir='ltr'><strong>δόξα</strong></span> 
     </span>
    </p>
   </div>
   <div class='ocr_carea' id='block_1_37' title="bbox 287 3072 1963 3174">
    <p class='ocr_par' dir='ltr' id='par_1_37' title="bbox 287 3072 1963 3174">
     <span class='ocr_line' id='line_1_37' title="bbox 287 3072 1963 3174; baseline 0.011 -48"><span class='ocrx_word' id='word_1_252' title='bbox 287 3072 559 3174; x_wconf 84' lang='grc' dir='ltr'><strong>ἀνθρώπου</strong></span> <span class='ocrx_word' id='word_1_253' title='bbox 627 3079 693 3140; x_wconf 83' lang='grc' dir='ltr'><strong>ὡς</strong></span> <span class='ocrx_word' id='word_1_254' title='bbox 745 3079 900 3174; x_wconf 58' lang='grc' dir='ltr'><strong>ἄνθος</strong></span> <span class='ocrx_word' id='word_1_255' title='bbox 961 3083 1162 3153; x_wconf 85' lang='grc' dir='ltr'><strong>χόρτου</strong></span> <span class='ocrx_word' id='word_1_256' title='bbox 1197 3098 1210 3111; x_wconf 89' lang='grc'><strong>·</strong></span> <span class='ocrx_word' id='word_1_257' title='bbox 1276 3079 1528 3156; x_wconf 81' lang='grc' dir='ltr'><strong>ἐξηράνθη</strong></span> <span class='ocrx_word' id='word_1_258' title='bbox 1589 3084 1613 3134; x_wconf 87' lang='grc' dir='ltr'>ὁ</span> <span class='ocrx_word' id='word_1_259' title='bbox 1668 3086 1881 3156; x_wconf 79' lang='grc' dir='ltr'><strong>χόρτος,</strong></span> <span class='ocrx_word' id='word_1_260' title='bbox 1922 3117 1963 3174; x_wconf 75' lang='lat' dir='ltr'>G</span> 
     </span>
    </p>
   </div>
   <div class='ocr_carea' id='block_1_38' title="bbox 286 3166 1883 3248">
    <p class='ocr_par' dir='ltr' id='par_1_38' title="bbox 286 3166 1883 3248">
     <span class='ocr_line' id='line_1_38' title="bbox 286 3166 1883 3248; baseline 0.005 -31"><span class='ocrx_word' id='word_1_261' title='bbox 286 3169 377 3218; x_wconf 82' lang='grc' dir='ltr'>καὶ</span> <span class='ocrx_word' id='word_1_262' title='bbox 426 3170 484 3219; x_wconf 90' lang='grc' dir='ltr'><strong>τὸ</strong></span> <span class='ocrx_word' id='word_1_263' title='bbox 551 3168 703 3230; x_wconf 83' lang='grc' dir='ltr'><strong>ἄνθος</strong></span> <span class='ocrx_word' id='word_1_264' title='bbox 758 3166 981 3232; x_wconf 80' lang='grc' dir='ltr'><strong>ἐξέπεσε.</strong></span> <span class='ocrx_word' id='word_1_265' title='bbox 1032 3173 1251 3234; x_wconf 81' lang='grc' dir='ltr'><strong>Τούτοις</strong></span> <span class='ocrx_word' id='word_1_266' title='bbox 1299 3173 1402 3248; x_wconf 80' lang='grc' dir='ltr'><strong>γὰρ</strong></span> <span class='ocrx_word' id='word_1_267' title='bbox 1448 3168 1517 3230; x_wconf 78' lang='grc' dir='ltr'>δὴ</span> <span class='ocrx_word' id='word_1_268' title='bbox 1584 3178 1719 3225; x_wconf 85' lang='grc' dir='ltr'><strong>πᾶσι</strong></span> <span class='ocrx_word' id='word_1_269' title='bbox 1774 3179 1883 3235; x_wconf 89' lang='grc' dir='ltr'><strong>τοῖς</strong></span> 
     </span>
    </p>
   </div>
   <div class='ocr_carea' id='block_1_39' title="bbox 286 3255 1883 3334">
    <p class='ocr_par' dir='ltr' id='par_1_39' title="bbox 286 3255 1883 3334">
     <span class='ocr_line' id='line_1_39' title="bbox 286 3255 1883 3334; baseline 0.005 -27"><span class='ocrx_word' id='word_1_270' title='bbox 286 3255 421 3308; x_wconf 79' lang='grc' dir='ltr'><strong>οὕτω</strong></span> <span class='ocrx_word' id='word_1_271' title='bbox 466 3265 700 3331; x_wconf 84' lang='grc' dir='ltr'><strong>τερπνοῖς</strong></span> <span class='ocrx_word' id='word_1_272' title='bbox 743 3260 768 3310; x_wconf 89' lang='grc' dir='ltr'>ό</span> <span class='ocrx_word' id='word_1_273' title='bbox 823 3263 994 3322; x_wconf 87' lang='grc' dir='ltr'><strong>κοινὸς</strong></span> <span class='ocrx_word' id='word_1_274' title='bbox 1039 3262 1372 3320; x_wconf 84' lang='grc' dir='ltr'><strong>ύποκάθηται</strong></span> <span class='ocrx_word' id='word_1_275' title='bbox 1425 3258 1712 3334; x_wconf 74' lang='grc' dir='ltr'><strong>δυσμενὴς,</strong></span> <span class='ocrx_word' id='word_1_276' title='bbox 1758 3261 1883 3315; x_wconf 84' lang='grc' dir='ltr'><strong>ἀνα-</strong></span> 
     </span>
    </p>
   </div>
   <div class='ocr_carea' id='block_1_40' title="bbox 285 3346 1885 3423">
    <p class='ocr_par' dir='ltr' id='par_1_40' title="bbox 285 3346 1885 3423">
     <span class='ocr_line' id='line_1_40' title="bbox 285 3346 1885 3423; baseline 0.005 -26"><span class='ocrx_word' id='word_1_277' title='bbox 285 3348 448 3417; x_wconf 86' lang='grc' dir='ltr'><strong>μένων</strong></span> <span class='ocrx_word' id='word_1_278' title='bbox 513 3350 638 3399; x_wconf 85' lang='grc' dir='ltr'><strong>πότε</strong></span> <span class='ocrx_word' id='word_1_279' title='bbox 713 3348 787 3418; x_wconf 85' lang='grc'>(4)</span> <span class='ocrx_word' id='word_1_280' title='bbox 849 3356 958 3409; x_wconf 90' lang='grc' dir='ltr'><strong>τοῖς</strong></span> <span class='ocrx_word' id='word_1_281' title='bbox 1016 3350 1293 3423; x_wconf 85' lang='grc' dir='ltr'><strong>ὁρωμένοις</strong></span> <span class='ocrx_word' id='word_1_282' title='bbox 1348 3346 1724 3418; x_wconf 76' lang='grc' dir='ltr'><strong>δελεασθέντες,</strong></span> <span class='ocrx_word' id='word_1_283' title='bbox 1792 3360 1885 3414; x_wconf 81' lang='grc' dir='ltr'><strong>τῆς</strong></span> 
     </span>
    </p>
   </div>
   <div class='ocr_carea' id='block_1_41' title="bbox 284 3434 1883 3513">
    <p class='ocr_par' dir='ltr' id='par_1_41' title="bbox 284 3434 1883 3513">
     <span class='ocr_line' id='line_1_41' title="bbox 284 3434 1883 3513; baseline 0.004 -26"><span class='ocrx_word' id='word_1_284' title='bbox 284 3438 375 3509; x_wconf 76' lang='grc' dir='ltr'>μὲν</span> <span class='ocrx_word' id='word_1_285' title='bbox 423 3435 622 3499; x_wconf 76' lang='grc' dir='ltr'><strong>εὐθείας</strong></span> <span class='ocrx_word' id='word_1_286' title='bbox 688 3434 1019 3512; x_wconf 80' lang='grc' dir='ltr'><strong>ἐκτραπῶμεν</strong></span> <span class='ocrx_word' id='word_1_287' title='bbox 1072 3435 1221 3505; x_wconf 69' lang='grc' dir='ltr'><strong>ὁδοῦ,</strong></span> <span class='ocrx_word' id='word_1_288' title='bbox 1263 3441 1390 3513; x_wconf 86' lang='grc' dir='ltr'><strong>πρὸς</strong></span> <span class='ocrx_word' id='word_1_289' title='bbox 1445 3436 1504 3493; x_wconf 75' lang='grc' dir='ltr'>δὲ</span> <span class='ocrx_word' id='word_1_290' title='bbox 1559 3442 1646 3492; x_wconf 83' lang='grc' dir='ltr'><strong>τὸν</strong></span> <span class='ocrx_word' id='word_1_291' title='bbox 1691 3439 1883 3494; x_wconf 74' lang='grc' dir='ltr'><strong>ἐκείνου</strong></span> 
     </span>
    </p>
   </div>
   <div class='ocr_carea' id='block_1_42' title="bbox 283 3522 1886 3601">
    <p class='ocr_par' dir='ltr' id='par_1_42' title="bbox 283 3522 1886 3601">
     <span class='ocr_line' id='line_1_42' title="bbox 283 3522 1886 3601; baseline 0.005 -26"><span class='ocrx_word' id='word_1_292' title='bbox 283 3522 443 3596; x_wconf 85' lang='grc' dir='ltr'><strong>λόχον</strong></span> <span class='ocrx_word' id='word_1_293' title='bbox 491 3524 707 3588; x_wconf 80' lang='grc' dir='ltr'><strong>ἑαυτοὺς</strong></span> <span class='ocrx_word' id='word_1_294' title='bbox 750 3522 1122 3599; x_wconf 88' lang='grc' dir='ltr'><strong>ἀποκλίνωμεν.</strong></span> <span class='ocrx_word' id='word_1_295' title='bbox 1159 3533 1259 3580; x_wconf 84' lang='grc' dir='ltr'>Καὶ</span> <span class='ocrx_word' id='word_1_296' title='bbox 1299 3524 1412 3588; x_wconf 71' lang='grc' dir='ltr'><strong>δέος</strong></span> <span class='ocrx_word' id='word_1_297' title='bbox 1449 3527 1600 3597; x_wconf 80' lang='grc' dir='ltr'><strong>πολὺ,</strong></span> <span class='ocrx_word' id='word_1_298' title='bbox 1642 3535 1712 3601; x_wconf 82' lang='grc' dir='ltr'><strong>μή</strong></span> <span class='ocrx_word' id='word_1_299' title='bbox 1760 3550 1886 3583; x_wconf 87' lang='grc' dir='ltr'><strong>ποτε</strong></span> 
     </span>
    </p>
   </div>
   <div class='ocr_carea' id='block_1_43' title="bbox 285 3610 1887 3688">
    <p class='ocr_par' dir='ltr' id='par_1_43' title="bbox 285 3610 1887 3688">
     <span class='ocr_line' id='line_1_43' title="bbox 285 3610 1887 3688; baseline 0.004 -22"><span class='ocrx_word' id='word_1_300' title='bbox 285 3610 714 3688; x_wconf 66' lang='grc' dir='ltr'><strong>προσδραμόντες</strong></span> <span class='ocrx_word' id='word_1_301' title='bbox 762 3614 1068 3688; x_wconf 72' lang='grc' dir='ltr'><strong>ἀφυλάκτως</strong></span> <span class='ocrx_word' id='word_1_302' title='bbox 1118 3612 1317 3683; x_wconf 72' lang='grc' dir='ltr'><strong>αὐτοῖς,</strong></span> <span class='ocrx_word' id='word_1_303' title='bbox 1366 3621 1457 3670; x_wconf 82' lang='grc' dir='ltr'>καὶ</span> <span class='ocrx_word' id='word_1_304' title='bbox 1507 3622 1602 3677; x_wconf 79' lang='grc' dir='ltr'><strong>τὴν</strong></span> <span class='ocrx_word' id='word_1_305' title='bbox 1661 3616 1717 3670; x_wconf 78' lang='grc' dir='ltr'><strong>ἐκ</strong></span> <span class='ocrx_word' id='word_1_306' title='bbox 1789 3627 1887 3682; x_wconf 79' lang='grc' dir='ltr'><strong>τῆς</strong></span> 
     </span>
    </p>
   </div>
   <div class='ocr_carea' id='block_1_44' title="bbox 287 3698 1882 3784">
    <p class='ocr_par' dir='ltr' id='par_1_44' title="bbox 287 3698 1882 3784">
     <span class='ocr_line' id='line_1_44' title="bbox 287 3698 1882 3784; baseline 0.006 -33"><span class='ocrx_word' id='word_1_307' title='bbox 287 3698 620 3763; x_wconf 79' lang='grc' dir='ltr'><strong>ἀπολαύσεως</strong></span> <span class='ocrx_word' id='word_1_308' title='bbox 693 3702 872 3778; x_wconf 67' lang='grc' dir='ltr'><strong>τέρψιν</strong></span> <span class='ocrx_word' id='word_1_309' title='bbox 958 3701 1110 3757; x_wconf 66' lang='grc' dir='ltr'><strong>οὐδὲν</strong></span> <span class='ocrx_word' id='word_1_310' title='bbox 1182 3707 1508 3779; x_wconf 72' lang='grc' dir='ltr'><strong>ἡγησάμενοι</strong></span> <span class='ocrx_word' id='word_1_311' title='bbox 1591 3706 1882 3784; x_wconf 82' lang='grc' dir='ltr'><strong>βλαϐερόν,</strong></span> 
     </span>
    </p>
   </div>
   <div class='ocr_carea' id='block_1_45' title="bbox 284 3790 1885 3868">
    <p class='ocr_par' dir='ltr' id='par_1_45' title="bbox 284 3790 1885 3868">
     <span class='ocr_line' id='line_1_45' title="bbox 284 3790 1885 3868; baseline 0.007 -28"><span class='ocrx_word' id='word_1_312' title='bbox 284 3791 693 3865; x_wconf 84' lang='grc' dir='ltr'><strong>ἐγκεκρυμμένον</strong></span> <span class='ocrx_word' id='word_1_313' title='bbox 732 3799 794 3866; x_wconf 75' lang='grc' dir='ltr'><strong>τῇ</strong></span> <span class='ocrx_word' id='word_1_314' title='bbox 843 3799 1021 3868; x_wconf 76' lang='grc' dir='ltr'><strong>πρώτη</strong></span> <span class='ocrx_word' id='word_1_315' title='bbox 1067 3797 1246 3867; x_wconf 88' lang='grc' dir='ltr'><strong>γεύσει</strong></span> <span class='ocrx_word' id='word_1_316' title='bbox 1282 3798 1339 3848; x_wconf 85' lang='grc' dir='ltr'><strong>τὸ</strong></span> <span class='ocrx_word' id='word_1_317' title='bbox 1378 3803 1470 3848; x_wconf 88' lang='grc' dir='ltr'>τοῦ</span> <span class='ocrx_word' id='word_1_318' title='bbox 1520 3790 1767 3849; x_wconf 74' lang='grc' dir='ltr'><strong>διαϐόλου</strong></span> <span class='ocrx_word' id='word_1_319' title='bbox 1808 3801 1885 3867; x_wconf 79' lang='lat'>(5)</span> 
     </span>
    </p>
   </div>
   <div class='ocr_carea' id='block_1_46' title="bbox 282 3876 1886 3960">
    <p class='ocr_par' dir='ltr' id='par_1_46' title="bbox 282 3876 1886 3960">
     <span class='ocr_line' id='line_1_46' title="bbox 282 3876 1886 3960; baseline 0.006 -31"><span class='ocrx_word' id='word_1_320' title='bbox 282 3884 612 3953; x_wconf 87' lang='grc' dir='ltr'><strong>καταπίωμεν</strong></span> <span class='ocrx_word' id='word_1_321' title='bbox 668 3882 955 3957; x_wconf 81' lang='grc' dir='ltr'><strong>ἄγκιστρον</strong></span> <span class='ocrx_word' id='word_1_322' title='bbox 990 3900 1002 3913; x_wconf 82' lang='lat'>&#39;</span> <span class='ocrx_word' id='word_1_323' title='bbox 1068 3876 1180 3936; x_wconf 78' lang='grc' dir='ltr'><strong>εἶτα</strong></span> <span class='ocrx_word' id='word_1_324' title='bbox 1238 3885 1339 3936; x_wconf 83' lang='grc' dir='ltr'>ὑπὸ</span> <span class='ocrx_word' id='word_1_325' title='bbox 1403 3888 1610 3955; x_wconf 88' lang='grc' dir='ltr'><strong>τούτου,</strong></span> <span class='ocrx_word' id='word_1_326' title='bbox 1664 3889 1731 3939; x_wconf 81' lang='grc' dir='ltr'><strong>τὰ</strong></span> <span class='ocrx_word' id='word_1_327' title='bbox 1794 3890 1886 3960; x_wconf 73' lang='grc' dir='ltr'>μὲν</span> 
     </span>
    </p>
   </div>
   <div class='ocr_carea' id='block_1_47' title="bbox 285 3967 1887 4048">
    <p class='ocr_par' dir='ltr' id='par_1_47' title="bbox 285 3967 1887 4048">
     <span class='ocr_line' id='line_1_47' title="bbox 285 3967 1887 4048; baseline 0.006 -29"><span class='ocrx_word' id='word_1_328' title='bbox 285 3967 498 4041; x_wconf 85' lang='grc' dir='ltr'><strong>ἑκόντες,</strong></span> <span class='ocrx_word' id='word_1_329' title='bbox 556 3973 623 4023; x_wconf 89' lang='grc' dir='ltr'>τά</span> <span class='ocrx_word' id='word_1_330' title='bbox 686 3968 745 4024; x_wconf 70' lang='grc' dir='ltr'>δὲ</span> <span class='ocrx_word' id='word_1_331' title='bbox 811 3973 1043 4041; x_wconf 82' lang='grc' dir='ltr'><strong>ἄκοντες,</strong></span> <span class='ocrx_word' id='word_1_332' title='bbox 1111 3970 1483 4048; x_wconf 75' lang='grc' dir='ltr'><strong>προσδεθῶμεν</strong></span> <span class='ocrx_word' id='word_1_333' title='bbox 1533 3975 1728 4043; x_wconf 72' lang='grc' dir='ltr'><strong>αὐτοῖς,</strong></span> <span class='ocrx_word' id='word_1_334' title='bbox 1795 3981 1887 4028; x_wconf 79' lang='grc' dir='ltr'><strong>καὶ</strong></span> 
     </span>
    </p>
   </div>
   <div class='ocr_carea' id='block_1_48' title="bbox 282 4060 1883 4137">
    <p class='ocr_par' dir='ltr' id='par_1_48' title="bbox 282 4060 1883 4137">
     <span class='ocr_line' id='line_1_48' title="bbox 282 4060 1883 4137; baseline 0.004 -27"><span class='ocrx_word' id='word_1_335' title='bbox 282 4061 408 4132; x_wconf 89' lang='grc' dir='ltr'><strong>πρὸς</strong></span> <span class='ocrx_word' id='word_1_336' title='bbox 436 4063 494 4112; x_wconf 89' lang='grc' dir='ltr'>τό</span> <span class='ocrx_word' id='word_1_337' title='bbox 535 4060 747 4137; x_wconf 81' lang='grc' dir='ltr'><strong>φοϐερὸν</strong></span> <span class='ocrx_word' id='word_1_338' title='bbox 784 4070 876 4115; x_wconf 89' lang='grc' dir='ltr'>τοῦ</span> <span class='ocrx_word' id='word_1_339' title='bbox 904 4061 1102 4137; x_wconf 74' lang='grc' dir='ltr'><strong>λῃστοῦ</strong></span> <span class='ocrx_word' id='word_1_340' title='bbox 1143 4069 1488 4137; x_wconf 85' lang='grc' dir='ltr'><strong>καταγώγιον,</strong></span> <span class='ocrx_word' id='word_1_341' title='bbox 1529 4068 1616 4118; x_wconf 85' lang='grc' dir='ltr'><strong>τὸν</strong></span> <span class='ocrx_word' id='word_1_342' title='bbox 1645 4067 1883 4137; x_wconf 88' lang='grc' dir='ltr'><strong>θάνατον,</strong></span> 
     </span>
    </p>
   </div>
   <div class='ocr_carea' id='block_1_49' title="bbox 282 4148 1882 4232">
    <p class='ocr_par' dir='ltr' id='par_1_49' title="bbox 282 4148 1882 4232">
     <span class='ocr_line' id='line_1_49' title="bbox 282 4148 1882 4232; baseline 0.004 -30"><span class='ocrx_word' id='word_1_343' title='bbox 282 4148 515 4224; x_wconf 85' lang='grc' dir='ltr'><strong>λάθωμεν</strong></span> <span class='ocrx_word' id='word_1_344' title='bbox 570 4150 899 4215; x_wconf 82' lang='grc' dir='ltr'><strong>ἐλκυσθέντες</strong></span> <span class='ocrx_word' id='word_1_345' title='bbox 946 4154 1046 4205; x_wconf 81' lang='grc' dir='ltr'>ὑπὸ</span> <span class='ocrx_word' id='word_1_346' title='bbox 1098 4160 1200 4206; x_wconf 87' lang='grc' dir='ltr'>τῶν</span> <span class='ocrx_word' id='word_1_347' title='bbox 1259 4150 1483 4212; x_wconf 72' lang='grc' dir='ltr'><strong>ἡδονῶν.</strong></span> <span class='ocrx_word' id='word_1_348' title='bbox 1535 4157 1600 4209; x_wconf 82' lang='grc' dir='ltr'>Αἱ</span> <span class='ocrx_word' id='word_1_349' title='bbox 1644 4158 1735 4228; x_wconf 68' lang='grc' dir='ltr'>μὲν</span> <span class='ocrx_word' id='word_1_350' title='bbox 1781 4157 1882 4232; x_wconf 83' lang='grc' dir='ltr'><strong>γὰρ</strong></span> 
     </span>
    </p>
   </div>
   <div class='ocr_carea' id='block_1_50' title="bbox 284 4236 1883 4318">
    <p class='ocr_par' dir='ltr' id='par_1_50' title="bbox 284 4236 1883 4318">
     <span class='ocr_line' id='line_1_50' title="bbox 284 4236 1883 4318; baseline 0.004 -28"><span class='ocrx_word' id='word_1_351' title='bbox 284 4237 489 4315; x_wconf 79' lang='grc' dir='ltr'><strong>ἀρεταὶ,</strong></span> <span class='ocrx_word' id='word_1_352' title='bbox 541 4236 659 4294; x_wconf 85' lang='grc' dir='ltr'><strong>ὅταν</strong></span> <span class='ocrx_word' id='word_1_353' title='bbox 720 4239 772 4305; x_wconf 71' lang='grc' dir='ltr'><strong>ἐξ</strong></span> <span class='ocrx_word' id='word_1_354' title='bbox 829 4242 1119 4315; x_wconf 82' lang='grc' dir='ltr'><strong>ἐπιμελείας</strong></span> <span class='ocrx_word' id='word_1_355' title='bbox 1187 4245 1493 4316; x_wconf 82' lang='grc' dir='ltr'><strong>συναφθῶσι</strong></span> <span class='ocrx_word' id='word_1_356' title='bbox 1565 4252 1628 4317; x_wconf 74' lang='grc' dir='ltr'><strong>τῇ</strong></span> <span class='ocrx_word' id='word_1_357' title='bbox 1699 4247 1883 4318; x_wconf 85' lang='grc' dir='ltr'><strong>φύσει,</strong></span> 
     </span>
    </p>
   </div>
   <div class='ocr_carea' id='block_1_51' title="bbox 283 4330 1884 4407">
    <p class='ocr_par' dir='ltr' id='par_1_51' title="bbox 283 4330 1884 4407">
     <span class='ocr_line' id='line_1_51' title="bbox 283 4330 1884 4407; baseline 0.004 -26"><span class='ocrx_word' id='word_1_358' title='bbox 283 4330 509 4405; x_wconf 81' lang='grc' dir='ltr'><strong>ἡμέτερα</strong></span> <span class='ocrx_word' id='word_1_359' title='bbox 568 4336 817 4404; x_wconf 73' lang='grc' dir='ltr'><strong>κτήματα</strong></span> <span class='ocrx_word' id='word_1_360' title='bbox 874 4336 1097 4404; x_wconf 82' lang='grc' dir='ltr'><strong>γίνεται,</strong></span> <span class='ocrx_word' id='word_1_361' title='bbox 1158 4338 1249 4386; x_wconf 83' lang='grc' dir='ltr'><strong>καὶ</strong></span> <span class='ocrx_word' id='word_1_362' title='bbox 1316 4333 1430 4386; x_wconf 75' lang='grc' dir='ltr'><strong>οὔτε</strong></span> <span class='ocrx_word' id='word_1_363' title='bbox 1484 4332 1569 4387; x_wconf 82' lang='grc' dir='ltr'><strong>ἐπὶ</strong></span> <span class='ocrx_word' id='word_1_364' title='bbox 1628 4342 1731 4407; x_wconf 77' lang='grc' dir='ltr'><strong>γῆς</strong></span> <span class='ocrx_word' id='word_1_365' title='bbox 1783 4353 1884 4407; x_wconf 91' lang='grc' dir='ltr'><strong>μο-</strong></span> 
     </span>
    </p>
   </div>
   <div class='ocr_carea' id='block_1_52' title="bbox 281 4419 1886 4497">
    <p class='ocr_par' dir='ltr' id='par_1_52' title="bbox 281 4419 1886 4497">
     <span class='ocr_line' id='line_1_52' title="bbox 281 4419 1886 4497; baseline 0.004 -28"><span class='ocrx_word' id='word_1_366' title='bbox 281 4420 549 4488; x_wconf 85' lang='grc' dir='ltr'><strong>χθοῦντας</strong></span> <span class='ocrx_word' id='word_1_367' title='bbox 586 4421 723 4490; x_wconf 78' lang='grc' dir='ltr'><strong>ἡμᾶς</strong></span> <span class='ocrx_word' id='word_1_368' title='bbox 785 4419 1156 4494; x_wconf 81' lang='grc' dir='ltr'><strong>ἀπολιμπάνειν</strong></span> <span class='ocrx_word' id='word_1_369' title='bbox 1215 4421 1477 4476; x_wconf 82' lang='grc' dir='ltr'><strong>ἐθέλουσιν</strong></span> <span class='ocrx_word' id='word_1_370' title='bbox 1518 4424 1603 4494; x_wconf 80' lang='grc' dir='ltr'>(ἣν</span> <span class='ocrx_word' id='word_1_371' title='bbox 1641 4427 1713 4496; x_wconf 75' lang='grc' dir='ltr'><strong>μὴ</strong></span> <span class='ocrx_word' id='word_1_372' title='bbox 1755 4426 1886 4497; x_wconf 86' lang='grc' dir='ltr'><strong>πρὸς</strong></span> 
     </span>
    </p>
   </div>
   <div class='ocr_carea' id='block_1_53' title="bbox 286 4501 1885 4587">
    <p class='ocr_par' dir='ltr' id='par_1_53' title="bbox 286 4501 1885 4587">
     <span class='ocr_line' id='line_1_53' title="bbox 286 4501 1885 4587; baseline 0.006 -33"><span class='ocrx_word' id='word_1_373' title='bbox 286 4501 404 4576; x_wconf 83' lang='grc' dir='ltr'><strong>βίαν</strong></span> <span class='ocrx_word' id='word_1_374' title='bbox 462 4502 621 4565; x_wconf 80' lang='grc' dir='ltr'><strong>αύτὰς</strong></span> <span class='ocrx_word' id='word_1_375' title='bbox 674 4506 872 4570; x_wconf 82' lang='grc' dir='ltr'><strong>ἑκόντες</strong></span> <span class='ocrx_word' id='word_1_376' title='bbox 935 4505 1309 4582; x_wconf 75' lang='grc' dir='ltr'><strong>ἀποδιώξωμεν</strong></span> <span class='ocrx_word' id='word_1_377' title='bbox 1338 4518 1456 4572; x_wconf 88' lang='grc' dir='ltr'><strong>ταῖς</strong></span> <span class='ocrx_word' id='word_1_378' title='bbox 1491 4519 1589 4563; x_wconf 85' lang='grc' dir='ltr'>τῶν</span> <span class='ocrx_word' id='word_1_379' title='bbox 1632 4516 1885 4587; x_wconf 85' lang='grc' dir='ltr'><strong>χειρόνων</strong></span> 
     </span>
    </p>
   </div>
   <div class='ocr_carea' id='block_1_54' title="bbox 288 4589 1883 4675">
    <p class='ocr_par' dir='ltr' id='par_1_54' title="bbox 288 4589 1883 4675">
     <span class='ocr_line' id='line_1_54' title="bbox 288 4589 1883 4675; baseline 0.006 -32"><span class='ocrx_word' id='word_1_380' title='bbox 288 4589 646 4667; x_wconf 85' lang='grc' dir='ltr'><strong>ἐπαγωγαῖς),</strong></span> <span class='ocrx_word' id='word_1_381' title='bbox 712 4596 880 4649; x_wconf 86' lang='grc' dir='ltr'>ἐκείσέ</span> <span class='ocrx_word' id='word_1_382' title='bbox 950 4616 1002 4650; x_wconf 90' lang='grc' dir='ltr'>τε</span> <span class='ocrx_word' id='word_1_383' title='bbox 1067 4596 1405 4670; x_wconf 82' lang='grc' dir='ltr'><strong>ἐπειγομένων</strong></span> <span class='ocrx_word' id='word_1_384' title='bbox 1483 4603 1883 4675; x_wconf 80' lang='grc' dir='ltr'><strong>προτρέχουσι,</strong></span> 
     </span>
    </p>
   </div>
   <div class='ocr_carea' id='block_1_55' title="bbox 285 4680 1882 4760">
    <p class='ocr_par' dir='ltr' id='par_1_55' title="bbox 285 4680 1882 4760">
     <span class='ocr_line' id='line_1_55' title="bbox 285 4680 1882 4760; baseline 0.006 -27"><span class='ocrx_word' id='word_1_385' title='bbox 285 4687 374 4734; x_wconf 82' lang='grc' dir='ltr'>καὶ</span> <span class='ocrx_word' id='word_1_386' title='bbox 435 4688 545 4743; x_wconf 86' lang='grc' dir='ltr'><strong>τοῖς</strong></span> <span class='ocrx_word' id='word_1_387' title='bbox 602 4680 842 4757; x_wconf 74' lang='grc' dir='ltr'><strong>ἀγγέλοις</strong></span> <span class='ocrx_word' id='word_1_388' title='bbox 914 4689 1032 4747; x_wconf 80' lang='grc' dir='ltr'><strong>τοὺς</strong></span> <span class='ocrx_word' id='word_1_389' title='bbox 1094 4690 1449 4760; x_wconf 86' lang='grc' dir='ltr'><strong>κτησαμένους</strong></span> <span class='ocrx_word' id='word_1_390' title='bbox 1516 4690 1882 4760; x_wconf 88' lang='grc' dir='ltr'><strong>συνάπτουσι,</strong></span> 
     </span>
    </p>
   </div>
   <div class='ocr_carea' id='block_1_56' title="bbox 284 4769 1886 4844">
    <p class='ocr_par' dir='ltr' id='par_1_56' title="bbox 284 4769 1886 4844">
     <span class='ocr_line' id='line_1_56' title="bbox 284 4769 1886 4844; baseline 0.005 -21"><span class='ocrx_word' id='word_1_391' title='bbox 284 4777 374 4825; x_wconf 87' lang='grc' dir='ltr'>καὶ</span> <span class='ocrx_word' id='word_1_392' title='bbox 438 4770 708 4844; x_wconf 87' lang='grc' dir='ltr'><strong>λάμπουσι</strong></span> <span class='ocrx_word' id='word_1_393' title='bbox 761 4769 836 4826; x_wconf 84' lang='grc' dir='ltr'>δι’</span> <span class='ocrx_word' id='word_1_394' title='bbox 897 4774 1081 4839; x_wconf 83' lang='grc' dir='ltr'><strong>αἰῶνος</strong></span> <span class='ocrx_word' id='word_1_395' title='bbox 1138 4777 1237 4829; x_wconf 86' lang='grc' dir='ltr'>ὑπὸ</span> <span class='ocrx_word' id='word_1_396' title='bbox 1293 4783 1409 4839; x_wconf 84' lang='grc' dir='ltr'><strong>τοῖς</strong></span> <span class='ocrx_word' id='word_1_397' title='bbox 1463 4784 1555 4830; x_wconf 86' lang='grc' dir='ltr'>τοῦ</span> <span class='ocrx_word' id='word_1_398' title='bbox 1611 4783 1886 4840; x_wconf 86' lang='grc' dir='ltr'><strong>κτίσαντος</strong></span> 
     </span>
    </p>
   </div>
   <div class='ocr_carea' id='block_1_57' title="bbox 287 4860 1885 4943">
    <p class='ocr_par' dir='ltr' id='par_1_57' title="bbox 287 4860 1885 4943">
     <span class='ocr_line' id='line_1_57' title="bbox 287 4860 1885 4943; baseline 0.006 -32"><span class='ocrx_word' id='word_1_399' title='bbox 287 4860 595 4933; x_wconf 73' lang='grc' dir='ltr'><strong>ὀφθαλμοῖς.</strong></span> <span class='ocrx_word' id='word_1_400' title='bbox 640 4862 868 4924; x_wconf 80' lang='grc' dir='ltr'><strong>Πλοῦτος</strong></span> <span class='ocrx_word' id='word_1_401' title='bbox 912 4861 992 4934; x_wconf 66' lang='grc' dir='ltr'><strong>δὲ,</strong></span> <span class='ocrx_word' id='word_1_402' title='bbox 1045 4870 1136 4918; x_wconf 86' lang='grc' dir='ltr'>καὶ</span> <span class='ocrx_word' id='word_1_403' title='bbox 1175 4862 1479 4938; x_wconf 76' lang='grc' dir='ltr'><strong>δυναστεία,</strong></span> <span class='ocrx_word' id='word_1_404' title='bbox 1527 4872 1617 4920; x_wconf 86' lang='grc' dir='ltr'><strong>καὶ</strong></span> <span class='ocrx_word' id='word_1_405' title='bbox 1668 4870 1885 4943; x_wconf 88' lang='grc' dir='ltr'><strong>περιφά-</strong></span> 
     </span>
    </p>
   </div>
   <div class='ocr_carea' id='block_1_58' title="bbox 284 4954 1884 5030">
    <p class='ocr_par' dir='ltr' id='par_1_58' title="bbox 284 4954 1884 5030">
     <span class='ocr_line' id='line_1_58' title="bbox 284 4954 1884 5030; baseline 0.006 -28"><span class='ocrx_word' id='word_1_406' title='bbox 284 4969 412 5017; x_wconf 89' lang='grc' dir='ltr'><strong>νεια,</strong></span> <span class='ocrx_word' id='word_1_407' title='bbox 451 4955 542 5003; x_wconf 87' lang='grc' dir='ltr'>καὶ</span> <span class='ocrx_word' id='word_1_408' title='bbox 588 4956 779 5027; x_wconf 79' lang='grc' dir='ltr'><strong>τρυφὴ,</strong></span> <span class='ocrx_word' id='word_1_409' title='bbox 827 4954 917 5006; x_wconf 82' lang='grc' dir='ltr'>καὶ</span> <span class='ocrx_word' id='word_1_410' title='bbox 964 4961 1065 5016; x_wconf 85' lang='grc' dir='ltr'><strong>πᾶς</strong></span> <span class='ocrx_word' id='word_1_411' title='bbox 1124 4956 1149 5006; x_wconf 88' lang='grc' dir='ltr'>ό</span> <span class='ocrx_word' id='word_1_412' title='bbox 1193 4963 1421 5018; x_wconf 83' lang='grc' dir='ltr'><strong>τοιοῦτος</strong></span> <span class='ocrx_word' id='word_1_413' title='bbox 1470 4954 1650 5030; x_wconf 80' lang='grc' dir='ltr'><strong>ὄχλος,</strong></span> <span class='ocrx_word' id='word_1_414' title='bbox 1692 4958 1717 5010; x_wconf 90' lang='grc' dir='ltr'>ό</span> <span class='ocrx_word' id='word_1_415' title='bbox 1765 4957 1884 5011; x_wconf 85' lang='grc' dir='ltr'><strong>καθ’</strong></span> 
     </span>
    </p>
   </div>
   <div class='ocr_carea' id='block_1_59' title="bbox 356 5075 1906 5154">
    <p class='ocr_par' dir='ltr' id='par_1_59' title="bbox 356 5075 1906 5154">
     <span class='ocr_line' id='line_1_59' title="bbox 356 5075 1906 5154; baseline 0.008 -24"><span class='ocrx_word' id='word_1_416' title='bbox 356 5076 377 5109; x_wconf 72' lang='grc' dir='ltr'>ἰ</span> <span class='ocrx_word' id='word_1_417' title='bbox 403 5075 555 5133; x_wconf 89' lang='lat' dir='ltr'>Psal.</span> <span class='ocrx_word' id='word_1_418' title='bbox 584 5093 700 5149; x_wconf 78' lang='lat' dir='ltr'>LXI,</span> <span class='ocrx_word' id='word_1_419' title='bbox 731 5081 822 5135; x_wconf 84' lang='grc'>11.</span> <span class='ocrx_word' id='word_1_420' title='bbox 900 5080 921 5115; x_wconf 75' lang='grc'>⁵</span> <span class='ocrx_word' id='word_1_421' title='bbox 951 5080 1206 5154; x_wconf 89' lang='lat' dir='ltr'>Philipp.</span> <span class='ocrx_word' id='word_1_422' title='bbox 1236 5098 1316 5151; x_wconf 87' lang='grc' dir='ltr'><strong>ιιι,</strong></span> <span class='ocrx_word' id='word_1_423' title='bbox 1344 5085 1434 5139; x_wconf 86' lang='lat'>20.</span> <span class='ocrx_word' id='word_1_424' title='bbox 1511 5083 1534 5119; x_wconf 76' lang='grc' dir='ltr'>θ</span> <span class='ocrx_word' id='word_1_425' title='bbox 1564 5081 1753 5139; x_wconf 89' lang='lat' dir='ltr'>Eccle.</span> <span class='ocrx_word' id='word_1_426' title='bbox 1782 5098 1822 5150; x_wconf 87' lang='lat'>1,</span> <span class='ocrx_word' id='word_1_427' title='bbox 1848 5085 1906 5143; x_wconf 84' lang='lat'>2.</span> 
     </span>
    </p>
   </div>
   <div class='ocr_carea' id='block_1_60' title="bbox 357 5242 1884 5318">
    <p class='ocr_par' dir='ltr' id='par_1_60' title="bbox 357 5242 1884 5318">
     <span class='ocr_line' id='line_1_60' title="bbox 357 5242 1884 5318; baseline -0.001 -15"><span class='ocrx_word' id='word_1_428' title='bbox 357 5248 434 5318; x_wconf 86' lang='grc'>(1)</span> <span class='ocrx_word' id='word_1_429' title='bbox 460 5252 670 5303; x_wconf 87' lang='grc' dir='ltr'><strong>Πᾶσαν.</strong></span> <span class='ocrx_word' id='word_1_430' title='bbox 709 5245 878 5300; x_wconf 89' lang='lat' dir='ltr'>Hanc</span> <span class='ocrx_word' id='word_1_431' title='bbox 905 5258 1118 5300; x_wconf 90' lang='lat' dir='ltr'>vocem</span> <span class='ocrx_word' id='word_1_432' title='bbox 1151 5242 1362 5318; x_wconf 82' lang='lat' dir='ltr'>addidi</span> <span class='ocrx_word' id='word_1_433' title='bbox 1399 5258 1473 5300; x_wconf 83' lang='lat' dir='ltr'>ex</span> <span class='ocrx_word' id='word_1_434' title='bbox 1504 5245 1788 5318; x_wconf 81' lang='lat' dir='ltr'>contextu</span> <span class='ocrx_word' id='word_1_435' title='bbox 1827 5247 1884 5301; x_wconf 88' lang='lat' dir='ltr'><strong>et</strong></span> 
     </span>
    </p>
   </div>
   <div class='ocr_carea' id='block_1_61' title="bbox 283 5315 1885 5390">
    <p class='ocr_par' dir='ltr' id='par_1_61' title="bbox 283 5315 1885 5390">
     <span class='ocr_line' id='line_1_61' title="bbox 283 5315 1885 5390; baseline -0.003 -14"><span class='ocrx_word' id='word_1_436' title='bbox 283 5315 488 5377; x_wconf 84' lang='lat' dir='ltr'>codice</span> <span class='ocrx_word' id='word_1_437' title='bbox 509 5318 692 5390; x_wconf 83' lang='lat' dir='ltr'>Regio</span> <span class='ocrx_word' id='word_1_438' title='bbox 722 5319 880 5383; x_wconf 77' lang='lat' dir='ltr'>i992,</span> <span class='ocrx_word' id='word_1_439' title='bbox 908 5331 1032 5390; x_wconf 83' lang='lat' dir='ltr'>quo</span> <span class='ocrx_word' id='word_1_440' title='bbox 1069 5315 1409 5389; x_wconf 66' lang='lat' dir='ltr'>saepissime</span> <span class='ocrx_word' id='word_1_441' title='bbox 1438 5318 1696 5390; x_wconf 80' lang='lat' dir='ltr'>utemur.</span> <span class='ocrx_word' id='word_1_442' title='bbox 1725 5316 1885 5373; x_wconf 78' lang='lat' dir='ltr'>Alter</span> 
     </span>
    </p>
   </div>
   <div class='ocr_carea' id='block_1_62' title="bbox 281 5384 1630 5464">
    <p class='ocr_par' dir='ltr' id='par_1_62' title="bbox 281 5384 1630 5464">
     <span class='ocr_line' id='line_1_62' title="bbox 281 5384 1630 5464; baseline -0.003 -16"><span class='ocrx_word' id='word_1_443' title='bbox 281 5391 462 5464; x_wconf 89' lang='lat' dir='ltr'>enim,</span> <span class='ocrx_word' id='word_1_444' title='bbox 485 5384 702 5464; x_wconf 61' lang='lat' dir='ltr'>qui&#39;est</span> <span class='ocrx_word' id='word_1_445' title='bbox 735 5391 891 5464; x_wconf 73' lang='grc'><strong>1916,</strong></span> <span class='ocrx_word' id='word_1_446' title='bbox 923 5384 1304 5464; x_wconf 77' lang='lat' dir='ltr'>non_m_agno</span> <span class='ocrx_word' id='word_1_447' title='bbox 1332 5384 1469 5464; x_wconf 77' lang='lat' dir='ltr'>usui</span> <span class='ocrx_word' id='word_1_448' title='bbox 1499 5384 1630 5464; x_wconf 69' lang='lat' dir='ltr'>fuit.</span> 
     </span>
    </p>
   </div>
   <div class='ocr_carea' id='block_1_63' title="bbox 352 5457 1884 5553">
    <p class='ocr_par' dir='ltr' id='par_1_63' title="bbox 352 5457 1884 5553">
     <span class='ocr_line' id='line_1_63' title="bbox 352 5457 1884 5553; baseline -0.001 -36"><span class='ocrx_word' id='word_1_449' title='bbox 352 5462 433 5553; x_wconf 73' lang='grc'><strong>(2)</strong></span> <span class='ocrx_word' id='word_1_450' title='bbox 448 5457 813 5553; x_wconf 41' lang='grc' dir='ltr'><strong>’Προτείνοιτω</strong></span> <span class='ocrx_word' id='word_1_451' title='bbox 844 5462 930 5518; x_wconf 88' lang='lat' dir='ltr'>Ita</span> <span class='ocrx_word' id='word_1_452' title='bbox 957 5458 1094 5518; x_wconf 90' lang='lat' dir='ltr'>cod.</span> <span class='ocrx_word' id='word_1_453' title='bbox 1126 5457 1270 5531; x_wconf 86' lang='lat' dir='ltr'>Reg.</span> <span class='ocrx_word' id='word_1_454' title='bbox 1293 5462 1351 5516; x_wconf 93' lang='lat' dir='ltr'><strong>et</strong></span> <span class='ocrx_word' id='word_1_455' title='bbox 1376 5461 1707 5517; x_wconf 84' lang='lat' dir='ltr'>contextus.</span> <span class='ocrx_word' id='word_1_456' title='bbox 1729 5457 1884 5516; x_wconf 89' lang='lat' dir='ltr'>Editi</span> 
     </span>
    </p>
   </div>
   <div class='ocr_carea' id='block_1_64' title="bbox 281 5552 559 5610">
    <p class='ocr_par' dir='ltr' id='par_1_64' title="bbox 281 5552 559 5610">
     <span class='ocr_line' id='line_1_64' title="bbox 281 5552 559 5610; baseline -0.004 -23"><span class='ocrx_word' id='word_1_457' title='bbox 281 5552 559 5610; x_wconf 77' lang='grc' dir='ltr'><strong>προτεινοι.</strong></span> 
     </span>
    </p>
   </div>
   <div class='ocr_carea' id='block_1_65' title="bbox 355 5596 1884 5676">
    <p class='ocr_par' dir='ltr' id='par_1_65' title="bbox 355 5596 1884 5676">
     <span class='ocr_line' id='line_1_65' title="bbox 355 5596 1884 5676; baseline -0.003 -13"><span class='ocrx_word' id='word_1_458' title='bbox 355 5606 436 5676; x_wconf 84' lang='grc'><strong>(3)</strong></span> <span class='ocrx_word' id='word_1_459' title='bbox 465 5606 526 5661; x_wconf 79' lang='grc' dir='ltr'><strong>Εἰ</strong></span> <span class='ocrx_word' id='word_1_460' title='bbox 557 5603 884 5660; x_wconf 75' lang='grc' dir='ltr'><strong>δυναστεῖαι.</strong></span> <span class='ocrx_word' id='word_1_461' title='bbox 925 5600 1152 5662; x_wconf 79' lang='lat' dir='ltr'>Vocula</span> <span class='ocrx_word' id='word_1_462' title='bbox 1181 5600 1391 5676; x_wconf 78' lang='lat' dir='ltr'>addita</span> <span class='ocrx_word' id='word_1_463' title='bbox 1419 5608 1492 5676; x_wconf 66' lang='lat' dir='ltr'>ei;</span> <span class='ocrx_word' id='word_1_464' title='bbox 1522 5596 1805 5676; x_wconf 75' lang='lat' dir='ltr'>contextu</span> <span class='ocrx_word' id='word_1_465' title='bbox 1826 5603 1884 5676; x_wconf 84' lang='lat' dir='ltr'><strong>et</strong></span> 
     </span>
    </p>
   </div>
   <div class='ocr_carea' id='block_1_66' title="bbox 280 5667 1883 5751">
    <p class='ocr_par' dir='ltr' id='par_1_66' title="bbox 280 5667 1883 5751">
     <span class='ocr_line' id='line_1_66' title="bbox 280 5667 1883 5751; baseline -0.004 -18"><span class='ocrx_word' id='word_1_466' title='bbox 280 5667 537 5751; x_wconf 80' lang='lat' dir='ltr'>utroque</span> <span class='ocrx_word' id='word_1_467' title='bbox 566 5677 792 5736; x_wconf 89' lang='lat' dir='ltr'>codice.</span> <span class='ocrx_word' id='word_1_468' title='bbox 815 5678 947 5735; x_wconf 81' lang='lat' dir='ltr'>Mox</span> <span class='ocrx_word' id='word_1_469' title='bbox 984 5677 1299 5735; x_wconf 79' lang='lat' dir='ltr'>contextus</span> <span class='ocrx_word' id='word_1_470' title='bbox 1345 5668 1417 5740; x_wconf 78' lang='grc' dir='ltr'><strong>εἰς</strong></span> <span class='ocrx_word' id='word_1_471' title='bbox 1462 5667 1701 5731; x_wconf 76' lang='grc' dir='ltr'><strong>δουλείαν</strong></span> <span class='ocrx_word' id='word_1_472' title='bbox 1739 5673 1883 5729; x_wconf 66' lang='grc' dir='ltr'><strong>ἐκού-</strong></span> 
     </span>
    </p>
   </div>
   <div class='ocr_carea' id='block_1_67' title="bbox 2046 1026 3651 1110">
    <p class='ocr_par' dir='ltr' id='par_1_67' title="bbox 2046 1026 3651 1110">
     <span class='ocr_line' id='line_1_67' title="bbox 2046 1026 3651 1110; baseline -0.003 -22"><span class='ocrx_word' id='word_1_473' title='bbox 2046 1032 2286 1106; x_wconf 71' lang='grc'><strong>2.470</strong></span> <span class='ocrx_word' id='word_1_474' title='bbox 2300 1036 2587 1110; x_wconf 77' lang='lat' dir='ltr'>(7)1taque</span> <span class='ocrx_word' id='word_1_475' title='bbox 2603 1037 2653 1093; x_wconf 88' lang='lat' dir='ltr'>si</span> <span class='ocrx_word' id='word_1_476' title='bbox 2672 1035 2854 1092; x_wconf 88' lang='lat' dir='ltr'>modo</span> <span class='ocrx_word' id='word_1_477' title='bbox 2866 1035 3120 1090; x_wconf 88' lang='lat' dir='ltr'>velimus</span> <span class='ocrx_word' id='word_1_478' title='bbox 3139 1032 3506 1087; x_wconf 88' lang='lat' dir='ltr'>substratam</span> <span class='ocrx_word' id='word_1_479' title='bbox 3517 1026 3651 1084; x_wconf 68' lang='lat' dir='ltr'>vitae</span> 
     </span>
    </p>
   </div>
   <div class='ocr_carea' id='block_1_68' title="bbox 1995 1116 3651 1196">
    <p class='ocr_par' dir='ltr' id='par_1_68' title="bbox 1995 1116 3651 1196">
     <span class='ocr_line' id='line_1_68' title="bbox 1995 1116 3651 1196; baseline -0.004 -20"><span class='ocrx_word' id='word_1_480' title='bbox 1995 1120 2159 1177; x_wconf 87' lang='lat' dir='ltr'>viam</span> <span class='ocrx_word' id='word_1_481' title='bbox 2190 1128 2316 1178; x_wconf 86' lang='lat' dir='ltr'>tuto</span> <span class='ocrx_word' id='word_1_482' title='bbox 2349 1141 2716 1196; x_wconf 90' lang='lat' dir='ltr'>percurrere,</span> <span class='ocrx_word' id='word_1_483' title='bbox 2748 1129 2928 1196; x_wconf 92' lang='lat' dir='ltr'>atque</span> <span class='ocrx_word' id='word_1_484' title='bbox 2951 1122 3223 1178; x_wconf 91' lang='lat' dir='ltr'>animam</span> <span class='ocrx_word' id='word_1_485' title='bbox 3246 1116 3427 1174; x_wconf 89' lang='lat' dir='ltr'>simul</span> <span class='ocrx_word' id='word_1_486' title='bbox 3446 1122 3502 1173; x_wconf 91' lang='lat' dir='ltr'>et</span> <span class='ocrx_word' id='word_1_487' title='bbox 3523 1131 3651 1171; x_wconf 89' lang='lat' dir='ltr'>cor-</span> 
     </span>
    </p>
   </div>
   <div class='ocr_carea' id='block_1_69' title="bbox 1996 1205 3646 1288">
    <p class='ocr_par' dir='ltr' id='par_1_69' title="bbox 1996 1205 3646 1288">
     <span class='ocr_line' id='line_1_69' title="bbox 1996 1205 3646 1288; baseline -0.002 -23"><span class='ocrx_word' id='word_1_488' title='bbox 1996 1226 2111 1282; x_wconf 87' lang='lat' dir='ltr'>pus</span> <span class='ocrx_word' id='word_1_489' title='bbox 2138 1212 2455 1270; x_wconf 86' lang='lat' dir='ltr'>vulnerum</span> <span class='ocrx_word' id='word_1_490' title='bbox 2473 1211 3152 1288; x_wconf 89' lang='lat' dir='ltr'>turpitudineimmunia</span> <span class='ocrx_word' id='word_1_491' title='bbox 3164 1209 3371 1266; x_wconf 81' lang='lat' dir='ltr'>offerre</span> <span class='ocrx_word' id='word_1_492' title='bbox 3394 1205 3646 1271; x_wconf 87' lang='lat' dir='ltr'>Christo,</span> 
     </span>
    </p>
   </div>
   <div class='ocr_carea' id='block_1_70' title="bbox 1998 1301 3645 1374">
    <p class='ocr_par' dir='ltr' id='par_1_70' title="bbox 1998 1301 3645 1374">
     <span class='ocr_line' id='line_1_70' title="bbox 1998 1301 3645 1374; baseline -0.004 -19"><span class='ocrx_word' id='word_1_493' title='bbox 1998 1315 2380 1374; x_wconf 87' lang='lat' dir='ltr'>coronasque</span> <span class='ocrx_word' id='word_1_494' title='bbox 2428 1304 2506 1358; x_wconf 93' lang='lat' dir='ltr'>ob</span> <span class='ocrx_word' id='word_1_495' title='bbox 2538 1303 2848 1359; x_wconf 89' lang='lat' dir='ltr'>victoriam</span> <span class='ocrx_word' id='word_1_496' title='bbox 2882 1301 3155 1372; x_wconf 87' lang='lat' dir='ltr'>accipere</span> <span class='ocrx_word' id='word_1_497' title='bbox 3194 1316 3207 1353; x_wconf 88' lang='lat'><strong>:</strong></span> <span class='ocrx_word' id='word_1_498' title='bbox 3245 1301 3487 1370; x_wconf 89' lang='lat' dir='ltr'>oportet</span> <span class='ocrx_word' id='word_1_499' title='bbox 3531 1310 3645 1350; x_wconf 92' lang='lat' dir='ltr'>nos</span> 
     </span>
    </p>
   </div>
   <div class='ocr_carea' id='block_1_71' title="bbox 1997 1383 3650 1464">
    <p class='ocr_par' dir='ltr' id='par_1_71' title="bbox 1997 1383 3650 1464">
     <span class='ocr_line' id='line_1_71' title="bbox 1997 1383 3650 1464; baseline -0.004 -20"><span class='ocrx_word' id='word_1_500' title='bbox 1997 1389 2184 1445; x_wconf 88' lang='lat' dir='ltr'>animi</span> <span class='ocrx_word' id='word_1_501' title='bbox 2205 1391 2412 1446; x_wconf 91' lang='lat' dir='ltr'>oculos</span> <span class='ocrx_word' id='word_1_502' title='bbox 2444 1409 2682 1464; x_wconf 89' lang='lat' dir='ltr'>semper</span> <span class='ocrx_word' id='word_1_503' title='bbox 2700 1392 3105 1462; x_wconf 86' lang='lat' dir='ltr'>undecunque</span> <span class='ocrx_word' id='word_1_504' title='bbox 3128 1387 3444 1458; x_wconf 84' lang='lat' dir='ltr'>vigilantes</span> <span class='ocrx_word' id='word_1_505' title='bbox 3461 1383 3650 1439; x_wconf 87' lang='lat' dir='ltr'>circu-</span> 
     </span>
    </p>
   </div>
   <div class='ocr_carea' id='block_1_72' title="bbox 1997 1471 3650 1552">
    <p class='ocr_par' dir='ltr' id='par_1_72' title="bbox 1997 1471 3650 1552">
     <span class='ocr_line' id='line_1_72' title="bbox 1997 1471 3650 1552; baseline -0.002 -19"><span class='ocrx_word' id='word_1_506' title='bbox 1997 1493 2259 1548; x_wconf 88' lang='lat' dir='ltr'>magere,</span> <span class='ocrx_word' id='word_1_507' title='bbox 2293 1485 2350 1536; x_wconf 91' lang='lat' dir='ltr'>et</span> <span class='ocrx_word' id='word_1_508' title='bbox 2379 1486 2665 1552; x_wconf 85' lang='lat' dir='ltr'>suspecta</span> <span class='ocrx_word' id='word_1_509' title='bbox 2693 1480 2914 1537; x_wconf 87' lang='lat' dir='ltr'>habere</span> <span class='ocrx_word' id='word_1_510' title='bbox 2953 1491 3335 1551; x_wconf 78' lang='lat' dir='ltr'>quaecunque</span> <span class='ocrx_word' id='word_1_511' title='bbox 3373 1471 3650 1545; x_wconf 88' lang='lat' dir='ltr'>jucunda</span> 
     </span>
    </p>
   </div>
   <div class='ocr_carea' id='block_1_73' title="bbox 1998 1565 3647 1639">
    <p class='ocr_par' dir='ltr' id='par_1_73' title="bbox 1998 1565 3647 1639">
     <span class='ocr_line' id='line_1_73' title="bbox 1998 1565 3647 1639; baseline -0.004 -17"><span class='ocrx_word' id='word_1_512' title='bbox 1998 1570 2160 1633; x_wconf 90' lang='lat' dir='ltr'>sunt,</span> <span class='ocrx_word' id='word_1_513' title='bbox 2188 1583 2297 1624; x_wconf 93' lang='lat' dir='ltr'>nec</span> <span class='ocrx_word' id='word_1_514' title='bbox 2329 1574 2594 1625; x_wconf 89' lang='lat' dir='ltr'>mentem</span> <span class='ocrx_word' id='word_1_515' title='bbox 2618 1570 2680 1626; x_wconf 93' lang='lat' dir='ltr'>in</span> <span class='ocrx_word' id='word_1_516' title='bbox 2701 1570 2828 1625; x_wconf 90' lang='lat' dir='ltr'>ulla</span> <span class='ocrx_word' id='word_1_517' title='bbox 2846 1586 2908 1624; x_wconf 90' lang='lat' dir='ltr'><strong>re</strong></span> <span class='ocrx_word' id='word_1_518' title='bbox 2938 1565 3239 1639; x_wconf 90' lang='lat' dir='ltr'>ejusmodi</span> <span class='ocrx_word' id='word_1_519' title='bbox 3252 1565 3513 1634; x_wconf 85' lang='lat' dir='ltr'>deﬁgere</span> <span class='ocrx_word' id='word_1_520' title='bbox 3534 1580 3546 1630; x_wconf 92' lang='lat'><strong>;</strong></span> <span class='ocrx_word' id='word_1_521' title='bbox 3571 1576 3647 1616; x_wconf 92' lang='lat' dir='ltr'>ne</span> 
     </span>
    </p>
   </div>
   <div class='ocr_carea' id='block_1_74' title="bbox 1997 1648 3651 1730">
    <p class='ocr_par' dir='ltr' id='par_1_74' title="bbox 1997 1648 3651 1730">
     <span class='ocr_line' id='line_1_74' title="bbox 1997 1648 3651 1730; baseline -0.004 -19"><span class='ocrx_word' id='word_1_522' title='bbox 1997 1655 2045 1711; x_wconf 89' lang='lat' dir='ltr'>si</span> <span class='ocrx_word' id='word_1_523' title='bbox 2077 1672 2295 1713; x_wconf 89' lang='lat' dir='ltr'>aurum</span> <span class='ocrx_word' id='word_1_524' title='bbox 2332 1658 2582 1730; x_wconf 90' lang='lat' dir='ltr'>quidem</span> <span class='ocrx_word' id='word_1_525' title='bbox 2620 1659 2897 1715; x_wconf 87' lang='lat' dir='ltr'>videatur</span> <span class='ocrx_word' id='word_1_526' title='bbox 2926 1658 3056 1713; x_wconf 90' lang='lat' dir='ltr'>fuse</span> <span class='ocrx_word' id='word_1_527' title='bbox 3078 1670 3380 1729; x_wconf 88' lang='lat' dir='ltr'>sparsum,</span> <span class='ocrx_word' id='word_1_528' title='bbox 3403 1648 3651 1724; x_wconf 91' lang='lat' dir='ltr'>quodin</span> 
     </span>
    </p>
   </div>
   <div class='ocr_carea' id='block_1_75' title="bbox 1997 1739 3651 1819">
    <p class='ocr_par' dir='ltr' id='par_1_75' title="bbox 1997 1739 3651 1819">
     <span class='ocr_line' id='line_1_75' title="bbox 1997 1739 3651 1819; baseline -0.002 -21"><span class='ocrx_word' id='word_1_529' title='bbox 1997 1745 2368 1816; x_wconf 74' lang='lat' dir='ltr'>cupientium</span> <span class='ocrx_word' id='word_1_530' title='bbox 2382 1764 2601 1802; x_wconf 89' lang='lat' dir='ltr'>manus</span> <span class='ocrx_word' id='word_1_531' title='bbox 2615 1748 2817 1803; x_wconf 89' lang='lat' dir='ltr'>venire</span> <span class='ocrx_word' id='word_1_532' title='bbox 2830 1752 3112 1819; x_wconf 88' lang='lat' dir='ltr'>paratum</span> <span class='ocrx_word' id='word_1_533' title='bbox 3128 1747 3201 1800; x_wconf 88' lang='lat' dir='ltr'>sit</span> <span class='ocrx_word' id='word_1_534' title='bbox 3214 1743 3475 1815; x_wconf 72' lang='lat' dir='ltr'>(Divitias</span> <span class='ocrx_word' id='word_1_535' title='bbox 3487 1739 3651 1797; x_wconf 90' lang='lat' dir='ltr'>enim</span> 
     </span>
    </p>
   </div>
   <div class='ocr_carea' id='block_1_76' title="bbox 1996 1831 3650 1906">
    <p class='ocr_par' dir='ltr' id='par_1_76' title="bbox 1996 1831 3650 1906">
     <span class='ocr_line' id='line_1_76' title="bbox 1996 1831 3650 1906; baseline 0.003 -18"><span class='ocrx_word' id='word_1_536' title='bbox 1996 1834 2211 1906; x_wconf 90' lang='lat' dir='ltr'>inquit,</span> <span class='ocrx_word' id='word_1_537' title='bbox 2241 1837 2294 1890; x_wconf 97' lang='lat' dir='ltr'>si</span> <span class='ocrx_word' id='word_1_538' title='bbox 2321 1837 2611 1906; x_wconf 82' lang='lat' dir='ltr'>afﬂuant,</span> <span class='ocrx_word' id='word_1_539' title='bbox 2643 1838 2830 1893; x_wconf 79' lang='lat' dir='ltr'>nolite</span> <span class='ocrx_word' id='word_1_540' title='bbox 2864 1852 2968 1892; x_wconf 86' lang='lat' dir='ltr'>cor</span> <span class='ocrx_word' id='word_1_541' title='bbox 3012 1831 3371 1905; x_wconf 77' lang='lat' dir='ltr'>apponere‘)</span> <span class='ocrx_word' id='word_1_542' title='bbox 3397 1846 3412 1898; x_wconf 91' lang='lat'><strong>;</strong></span> <span class='ocrx_word' id='word_1_543' title='bbox 3451 1843 3650 1902; x_wconf 85' lang='lat' dir='ltr'>neque</span> 
     </span>
    </p>
   </div>
   <div class='ocr_carea' id='block_1_77' title="bbox 1996 1921 3650 2007">
    <p class='ocr_par' dir='ltr' id='par_1_77' title="bbox 1996 1921 3650 2007">
     <span class='ocr_line' id='line_1_77' title="bbox 1996 1921 3650 2007; baseline -0.003 -30"><span class='ocrx_word' id='word_1_544' title='bbox 1996 1922 2044 2007; x_wconf 87' lang='lat' dir='ltr'>si</span> <span class='ocrx_word' id='word_1_545' title='bbox 2070 1923 2332 1994; x_wconf 83' lang='lat' dir='ltr'>proferat</span> <span class='ocrx_word' id='word_1_546' title='bbox 2361 1929 2518 1981; x_wconf 89' lang='lat' dir='ltr'>terra</span> <span class='ocrx_word' id='word_1_547' title='bbox 2542 1925 2785 1981; x_wconf 88' lang='lat' dir='ltr'>delicias</span> <span class='ocrx_word' id='word_1_548' title='bbox 2811 1940 3025 1980; x_wconf 92' lang='lat' dir='ltr'>omnes</span> <span class='ocrx_word' id='word_1_549' title='bbox 3072 1940 3142 1979; x_wconf 90' lang='lat' dir='ltr'>ac</span> <span class='ocrx_word' id='word_1_550' title='bbox 3182 1925 3541 1993; x_wconf 89' lang='lat' dir='ltr'>sumptuosa</span> <span class='ocrx_word' id='word_1_551' title='bbox 3565 1921 3650 1973; x_wconf 88' lang='lat' dir='ltr'>ta-</span> 
     </span>
    </p>
   </div>
   <div class='ocr_carea' id='block_1_78' title="bbox 1993 2007 3650 2079">
    <p class='ocr_par' dir='ltr' id='par_1_78' title="bbox 1993 2007 3650 2079">
     <span class='ocr_line' id='line_1_78' title="bbox 1993 2007 3650 2079; baseline -0.001 -13"><span class='ocrx_word' id='word_1_552' title='bbox 1993 2009 2322 2068; x_wconf 89' lang='lat' dir='ltr'>bernacula</span> <span class='ocrx_word' id='word_1_553' title='bbox 2334 2014 2513 2079; x_wconf 89' lang='lat' dir='ltr'>(Nam</span> <span class='ocrx_word' id='word_1_554' title='bbox 2527 2016 2732 2070; x_wconf 78' lang='lat' dir='ltr'>nostra</span> <span class='ocrx_word' id='word_1_555' title='bbox 2750 2014 3120 2070; x_wconf 82' lang='lat' dir='ltr'>conversatio</span> <span class='ocrx_word' id='word_1_556' title='bbox 3140 2012 3202 2067; x_wconf 85' lang='lat' dir='ltr'>in</span> <span class='ocrx_word' id='word_1_557' title='bbox 3225 2010 3365 2067; x_wconf 74' lang='lat' dir='ltr'>cazlo</span> <span class='ocrx_word' id='word_1_558' title='bbox 3377 2007 3650 2077; x_wconf 81' lang='lat' dir='ltr'>esl,uncle</span> 
     </span>
    </p>
   </div>
   <div class='ocr_carea' id='block_1_79' title="bbox 1995 2097 3648 2172">
    <p class='ocr_par' dir='ltr' id='par_1_79' title="bbox 1995 2097 3648 2172">
     <span class='ocr_line' id='line_1_79' title="bbox 1995 2097 3648 2172; baseline -0.001 -17"><span class='ocrx_word' id='word_1_559' title='bbox 1995 2101 2167 2156; x_wconf 83' lang='lat' dir='ltr'>etiam</span> <span class='ocrx_word' id='word_1_560' title='bbox 2192 2101 2569 2159; x_wconf 83' lang='lat' dir='ltr'>Salvatorem</span> <span class='ocrx_word' id='word_1_561' title='bbox 2593 2106 2999 2172; x_wconf 71' lang='lat' dir='ltr'>exspectamus</span> <span class='ocrx_word' id='word_1_562' title='bbox 3022 2100 3333 2157; x_wconf 77' lang='lat' dir='ltr'>Christum</span> <span class='ocrx_word' id='word_1_563' title='bbox 3349 2097 3416 2168; x_wconf 79' lang='grc'>⁶);</span> <span class='ocrx_word' id='word_1_564' title='bbox 3449 2110 3648 2167; x_wconf 90' lang='lat' dir='ltr'>neque</span> 
     </span>
    </p>
   </div>
   <div class='ocr_carea' id='block_1_80' title="bbox 1998 2188 3650 2260">
    <p class='ocr_par' dir='ltr' id='par_1_80' title="bbox 1998 2188 3650 2260">
     <span class='ocr_line' id='line_1_80' title="bbox 1998 2188 3650 2260; baseline -0.003 -16"><span class='ocrx_word' id='word_1_565' title='bbox 1998 2188 2049 2244; x_wconf 80' lang='lat' dir='ltr'>si</span> <span class='ocrx_word' id='word_1_566' title='bbox 2064 2190 2386 2260; x_wconf 83' lang='lat' dir='ltr'>choreae,et</span> <span class='ocrx_word' id='word_1_567' title='bbox 2407 2191 2965 2257; x_wconf 89' lang='lat' dir='ltr'>commessationes,</span> <span class='ocrx_word' id='word_1_568' title='bbox 2984 2196 3041 2246; x_wconf 90' lang='lat' dir='ltr'>et</span> <span class='ocrx_word' id='word_1_569' title='bbox 3061 2188 3463 2257; x_wconf 88' lang='lat' dir='ltr'>ebrietates,et</span> <span class='ocrx_word' id='word_1_570' title='bbox 3483 2199 3650 2240; x_wconf 90' lang='lat' dir='ltr'>men-</span> 
     </span>
    </p>
   </div>
   <div class='ocr_carea' id='block_1_81' title="bbox 1996 2272 3651 2351">
    <p class='ocr_par' dir='ltr' id='par_1_81' title="bbox 1996 2272 3651 2351">
     <span class='ocr_line' id='line_1_81' title="bbox 1996 2272 3651 2351; baseline -0.001 -19"><span class='ocrx_word' id='word_1_571' title='bbox 1996 2294 2076 2333; x_wconf 81' lang='lat' dir='ltr'>sae</span> <span class='ocrx_word' id='word_1_572' title='bbox 2100 2278 2381 2335; x_wconf 88' lang='lat' dir='ltr'>tibiarum</span> <span class='ocrx_word' id='word_1_573' title='bbox 2402 2279 2665 2336; x_wconf 89' lang='lat' dir='ltr'>modulis</span> <span class='ocrx_word' id='word_1_574' title='bbox 2695 2283 3052 2335; x_wconf 89' lang='lat' dir='ltr'>resonantes</span> <span class='ocrx_word' id='word_1_575' title='bbox 3070 2279 3491 2351; x_wconf 89' lang='lat' dir='ltr'>proponantur</span> <span class='ocrx_word' id='word_1_576' title='bbox 3512 2272 3651 2345; x_wconf 90' lang='lat' dir='ltr'>(Va-</span> 
     </span>
    </p>
   </div>
   <div class='ocr_carea' id='block_1_82' title="bbox 1995 2363 3655 2441">
    <p class='ocr_par' dir='ltr' id='par_1_82' title="bbox 1995 2363 3655 2441">
     <span class='ocr_line' id='line_1_82' title="bbox 1995 2363 3655 2441; baseline -0.004 -17"><span class='ocrx_word' id='word_1_577' title='bbox 1995 2367 2157 2426; x_wconf 81' lang='lat' dir='ltr'>nitas</span> <span class='ocrx_word' id='word_1_578' title='bbox 2170 2370 2348 2439; x_wconf 86' lang='lat' dir='ltr'>enim,</span> <span class='ocrx_word' id='word_1_579' title='bbox 2366 2369 2579 2441; x_wconf 90' lang='lat' dir='ltr'>inquit,</span> <span class='ocrx_word' id='word_1_580' title='bbox 2601 2370 2964 2439; x_wconf 83' lang='lat' dir='ltr'>vanitatum,</span> <span class='ocrx_word' id='word_1_581' title='bbox 2984 2367 3187 2424; x_wconf 86' lang='lat' dir='ltr'>omnia</span> <span class='ocrx_word' id='word_1_582' title='bbox 3213 2365 3446 2423; x_wconf 75' lang='lat' dir='ltr'>vanitas</span> <span class='ocrx_word' id='word_1_583' title='bbox 3464 2363 3528 2432; x_wconf 77' lang='grc'>⁶›;</span> <span class='ocrx_word' id='word_1_584' title='bbox 3550 2376 3655 2418; x_wconf 94' lang='lat' dir='ltr'>ne-</span> 
     </span>
    </p>
   </div>
   <div class='ocr_carea' id='block_1_83' title="bbox 1995 2448 3654 2532">
    <p class='ocr_par' dir='ltr' id='par_1_83' title="bbox 1995 2448 3654 2532">
     <span class='ocr_line' id='line_1_83' title="bbox 1995 2448 3654 2532; baseline -0.005 -18"><span class='ocrx_word' id='word_1_585' title='bbox 1995 2474 2115 2532; x_wconf 90' lang='lat' dir='ltr'>que</span> <span class='ocrx_word' id='word_1_586' title='bbox 2146 2460 2195 2514; x_wconf 91' lang='lat' dir='ltr'>si</span> <span class='ocrx_word' id='word_1_587' title='bbox 2225 2457 2555 2515; x_wconf 78' lang='lat' dir='ltr'>oﬂerantur</span> <span class='ocrx_word' id='word_1_588' title='bbox 2576 2473 2833 2532; x_wconf 87' lang='lat' dir='ltr'>corpora</span> <span class='ocrx_word' id='word_1_589' title='bbox 2861 2457 3153 2527; x_wconf 87' lang='lat' dir='ltr'>formosa,</span> <span class='ocrx_word' id='word_1_590' title='bbox 3180 2455 3242 2510; x_wconf 93' lang='lat' dir='ltr'>in</span> <span class='ocrx_word' id='word_1_591' title='bbox 3274 2453 3498 2526; x_wconf 88' lang='lat' dir='ltr'>quibus</span> <span class='ocrx_word' id='word_1_592' title='bbox 3523 2448 3654 2507; x_wconf 88' lang='lat' dir='ltr'>ani-</span> 
     </span>
    </p>
   </div>
   <div class='ocr_carea' id='block_1_84' title="bbox 1996 2540 3658 2621">
    <p class='ocr_par' dir='ltr' id='par_1_84' title="bbox 1996 2540 3658 2621">
     <span class='ocr_line' id='line_1_84' title="bbox 1996 2540 3658 2621; baseline -0.006 -14"><span class='ocrx_word' id='word_1_593' title='bbox 1996 2566 2112 2607; x_wconf 82' lang='lat' dir='ltr'>mae</span> <span class='ocrx_word' id='word_1_594' title='bbox 2129 2565 2334 2621; x_wconf 77' lang='lat' dir='ltr'>pravae</span> <span class='ocrx_word' id='word_1_595' title='bbox 2355 2548 2697 2605; x_wconf 82' lang='lat' dir='ltr'>inhabitant</span> <span class='ocrx_word' id='word_1_596' title='bbox 2714 2547 2783 2618; x_wconf 90' lang='lat' dir='ltr'>(A</span> <span class='ocrx_word' id='word_1_597' title='bbox 2800 2548 2964 2617; x_wconf 79' lang='lat' dir='ltr'>facie</span> <span class='ocrx_word' id='word_1_598' title='bbox 2974 2545 3136 2602; x_wconf 89' lang='lat' dir='ltr'>enim</span> <span class='ocrx_word' id='word_1_599' title='bbox 3148 2543 3420 2600; x_wconf 82' lang='lat' dir='ltr'>mulieris</span> <span class='ocrx_word' id='word_1_600' title='bbox 3441 2540 3605 2598; x_wconf 84' lang='lat' dir='ltr'>velut</span> <span class='ocrx_word' id='word_1_601' title='bbox 3619 2554 3658 2597; x_wconf 87' lang='lat' dir='ltr'>a</span> 
     </span>
    </p>
   </div>
   <div class='ocr_carea' id='block_1_85' title="bbox 1992 2630 3656 2709">
    <p class='ocr_par' dir='ltr' id='par_1_85' title="bbox 1992 2630 3656 2709">
     <span class='ocr_line' id='line_1_85' title="bbox 1992 2630 3656 2709; baseline -0.006 -14"><span class='ocrx_word' id='word_1_602' title='bbox 1992 2639 2155 2709; x_wconf 80' lang='lat' dir='ltr'>facie</span> <span class='ocrx_word' id='word_1_603' title='bbox 2178 2640 2472 2707; x_wconf 78' lang='lat' dir='ltr'>serpentis</span> <span class='ocrx_word' id='word_1_604' title='bbox 2490 2639 2657 2708; x_wconf 87' lang='lat' dir='ltr'>fuge,</span> <span class='ocrx_word' id='word_1_605' title='bbox 2678 2636 2876 2709; x_wconf 88' lang='lat' dir='ltr'>inquit</span> <span class='ocrx_word' id='word_1_606' title='bbox 2899 2636 3152 2708; x_wconf 88' lang='lat' dir='ltr'>Sapiens</span> <span class='ocrx_word' id='word_1_607' title='bbox 3172 2635 3239 2703; x_wconf 76' lang='lat'>7);</span> <span class='ocrx_word' id='word_1_608' title='bbox 3266 2647 3464 2704; x_wconf 91' lang='lat' dir='ltr'>neque</span> <span class='ocrx_word' id='word_1_609' title='bbox 3488 2630 3656 2702; x_wconf 84' lang='lat' dir='ltr'>sipo-</span> 
     </span>
    </p>
   </div>
   <div class='ocr_carea' id='block_1_86' title="bbox 1995 2717 3658 2796">
    <p class='ocr_par' dir='ltr' id='par_1_86' title="bbox 1995 2717 3658 2796">
     <span class='ocr_line' id='line_1_86' title="bbox 1995 2717 3658 2796; baseline -0.006 -13"><span class='ocrx_word' id='word_1_610' title='bbox 1995 2731 2255 2783; x_wconf 88' lang='lat' dir='ltr'>tentatus</span> <span class='ocrx_word' id='word_1_611' title='bbox 2281 2726 2779 2796; x_wconf 80' lang='lat' dir='ltr'>dominatusque,</span> <span class='ocrx_word' id='word_1_612' title='bbox 2813 2740 2884 2780; x_wconf 91' lang='lat' dir='ltr'>ac</span> <span class='ocrx_word' id='word_1_613' title='bbox 2906 2723 3230 2781; x_wconf 87' lang='lat' dir='ltr'>satellitum</span> <span class='ocrx_word' id='word_1_614' title='bbox 3252 2725 3356 2776; x_wconf 91' lang='lat' dir='ltr'>aut</span> <span class='ocrx_word' id='word_1_615' title='bbox 3385 2717 3658 2775; x_wconf 90' lang='lat' dir='ltr'>adulato-</span> 
     </span>
    </p>
   </div>
   <div class='ocr_carea' id='block_1_87' title="bbox 1995 2807 3653 2886">
    <p class='ocr_par' dir='ltr' id='par_1_87' title="bbox 1995 2807 3653 2886">
     <span class='ocr_line' id='line_1_87' title="bbox 1995 2807 3653 2886; baseline -0.007 -15"><span class='ocrx_word' id='word_1_616' title='bbox 1995 2831 2131 2871; x_wconf 88' lang='lat' dir='ltr'>rum</span> <span class='ocrx_word' id='word_1_617' title='bbox 2153 2818 2391 2883; x_wconf 72' lang='lat' dir='ltr'>turmae,</span> <span class='ocrx_word' id='word_1_618' title='bbox 2426 2829 2623 2886; x_wconf 93' lang='lat' dir='ltr'>neque</span> <span class='ocrx_word' id='word_1_619' title='bbox 2674 2813 2725 2868; x_wconf 75' lang='lat' dir='ltr'>si</span> <span class='ocrx_word' id='word_1_620' title='bbox 2762 2812 3148 2885; x_wconf 87' lang='lat' dir='ltr'>promittatur</span> <span class='ocrx_word' id='word_1_621' title='bbox 3198 2809 3353 2867; x_wconf 90' lang='lat' dir='ltr'>altus</span> <span class='ocrx_word' id='word_1_622' title='bbox 3398 2807 3653 2863; x_wconf 91' lang='lat' dir='ltr'>thronus</span> 
     </span>
    </p>
   </div>
   <div class='ocr_carea' id='block_1_88' title="bbox 1996 2896 3653 2976">
    <p class='ocr_par' dir='ltr' id='par_1_88' title="bbox 1996 2896 3653 2976">
     <span class='ocr_line' id='line_1_88' title="bbox 1996 2896 3653 2976; baseline -0.007 -15"><span class='ocrx_word' id='word_1_623' title='bbox 1996 2908 2177 2976; x_wconf 90' lang='lat' dir='ltr'>atque</span> <span class='ocrx_word' id='word_1_624' title='bbox 2209 2900 2582 2976; x_wconf 86' lang='lat' dir='ltr'>splendidus,</span> <span class='ocrx_word' id='word_1_625' title='bbox 2616 2906 2823 2972; x_wconf 80' lang='lat' dir='ltr'>gentes</span> <span class='ocrx_word' id='word_1_626' title='bbox 2849 2917 2919 2958; x_wconf 90' lang='lat' dir='ltr'>ac</span> <span class='ocrx_word' id='word_1_627' title='bbox 2944 2899 3213 2956; x_wconf 88' lang='lat' dir='ltr'>civitates</span> <span class='ocrx_word' id='word_1_628' title='bbox 3231 2896 3494 2953; x_wconf 89' lang='lat' dir='ltr'>servituti</span> <span class='ocrx_word' id='word_1_629' title='bbox 3526 2909 3653 2950; x_wconf 93' lang='lat' dir='ltr'>non</span> 
     </span>
    </p>
   </div>
   <div class='ocr_carea' id='block_1_89' title="bbox 1993 2985 3651 3063">
    <p class='ocr_par' dir='ltr' id='par_1_89' title="bbox 1993 2985 3651 3063">
     <span class='ocr_line' id='line_1_89' title="bbox 1993 2985 3651 3063; baseline -0.007 -15"><span class='ocrx_word' id='word_1_630' title='bbox 1993 2992 2342 3049; x_wconf 84' lang='lat' dir='ltr'>voluntariae</span> <span class='ocrx_word' id='word_1_631' title='bbox 2375 2990 2701 3063; x_wconf 86' lang='lat' dir='ltr'>subjiciens</span> <span class='ocrx_word' id='word_1_632' title='bbox 2728 3007 2740 3044; x_wconf 91' lang='lat'>:</span> <span class='ocrx_word' id='word_1_633' title='bbox 2777 2989 2980 3046; x_wconf 87' lang='lat' dir='ltr'>Omnis</span> <span class='ocrx_word' id='word_1_634' title='bbox 3007 2989 3169 3046; x_wconf 89' lang='lat' dir='ltr'>enim</span> <span class='ocrx_word' id='word_1_635' title='bbox 3196 3002 3336 3044; x_wconf 79' lang='lat' dir='ltr'>caro</span> <span class='ocrx_word' id='word_1_636' title='bbox 3361 2985 3651 3056; x_wconf 81' lang='lat' dir='ltr'>fenum,et</span> 
     </span>
    </p>
   </div>
   <div class='ocr_carea' id='block_1_90' title="bbox 1994 3075 3645 3153">
    <p class='ocr_par' dir='ltr' id='par_1_90' title="bbox 1994 3075 3645 3153">
     <span class='ocr_line' id='line_1_90' title="bbox 1994 3075 3645 3153; baseline -0.005 -16"><span class='ocrx_word' id='word_1_637' title='bbox 1994 3083 2187 3137; x_wconf 86' lang='lat' dir='ltr'>omnis</span> <span class='ocrx_word' id='word_1_638' title='bbox 2211 3082 2411 3153; x_wconf 79' lang='lat' dir='ltr'>gloria</span> <span class='ocrx_word' id='word_1_639' title='bbox 2435 3080 2692 3137; x_wconf 83' lang='lat' dir='ltr'>hominis</span> <span class='ocrx_word' id='word_1_640' title='bbox 2716 3080 2890 3150; x_wconf 88' lang='lat' dir='ltr'>quasi</span> <span class='ocrx_word' id='word_1_641' title='bbox 2899 3079 3011 3149; x_wconf 84' lang='lat' dir='ltr'>ﬂos</span> <span class='ocrx_word' id='word_1_642' title='bbox 3030 3077 3165 3147; x_wconf 82' lang='lat' dir='ltr'>feni</span> <span class='ocrx_word' id='word_1_643' title='bbox 3185 3095 3197 3132; x_wconf 93' lang='lat'>:</span> <span class='ocrx_word' id='word_1_644' title='bbox 3224 3075 3389 3132; x_wconf 79' lang='lat' dir='ltr'>aruit</span> <span class='ocrx_word' id='word_1_645' title='bbox 3411 3076 3645 3145; x_wconf 83' lang='lat' dir='ltr'>fenum,</span> 
     </span>
    </p>
   </div>
   <div class='ocr_carea' id='block_1_91' title="bbox 1994 3160 3649 3241">
    <p class='ocr_par' dir='ltr' id='par_1_91' title="bbox 1994 3160 3649 3241">
     <span class='ocr_line' id='line_1_91' title="bbox 1994 3160 3649 3241; baseline -0.007 -13"><span class='ocrx_word' id='word_1_646' title='bbox 1994 3176 2049 3229; x_wconf 84' lang='lat' dir='ltr'>et</span> <span class='ocrx_word' id='word_1_647' title='bbox 2069 3171 2181 3241; x_wconf 81' lang='lat' dir='ltr'>llos</span> <span class='ocrx_word' id='word_1_648' title='bbox 2221 3170 2487 3227; x_wconf 62' lang='lat' dir='ltr'>cecidit”.</span> <span class='ocrx_word' id='word_1_649' title='bbox 2533 3170 2764 3225; x_wconf 92' lang='lat' dir='ltr'>Etenim</span> <span class='ocrx_word' id='word_1_650' title='bbox 2797 3166 2913 3223; x_wconf 89' lang='lat' dir='ltr'>sub</span> <span class='ocrx_word' id='word_1_651' title='bbox 2942 3167 3034 3222; x_wconf 92' lang='lat' dir='ltr'>his</span> <span class='ocrx_word' id='word_1_652' title='bbox 3065 3164 3350 3221; x_wconf 90' lang='lat' dir='ltr'>omnibus</span> <span class='ocrx_word' id='word_1_653' title='bbox 3377 3163 3531 3220; x_wconf 90' lang='lat' dir='ltr'>adeo</span> <span class='ocrx_word' id='word_1_654' title='bbox 3554 3160 3649 3232; x_wconf 89' lang='lat' dir='ltr'>ju-</span> 
     </span>
    </p>
   </div>
   <div class='ocr_carea' id='block_1_92' title="bbox 1994 3253 3649 3324">
    <p class='ocr_par' dir='ltr' id='par_1_92' title="bbox 1994 3253 3649 3324">
     <span class='ocr_line' id='line_1_92' title="bbox 1994 3253 3649 3324; baseline -0.007 -8"><span class='ocrx_word' id='word_1_655' title='bbox 1994 3259 2209 3316; x_wconf 90' lang='lat' dir='ltr'>cundis</span> <span class='ocrx_word' id='word_1_656' title='bbox 2257 3256 2601 3315; x_wconf 89' lang='lat' dir='ltr'>communis</span> <span class='ocrx_word' id='word_1_657' title='bbox 2644 3256 2742 3312; x_wconf 91' lang='lat' dir='ltr'>ille</span> <span class='ocrx_word' id='word_1_658' title='bbox 2792 3255 2984 3311; x_wconf 91' lang='lat' dir='ltr'>hostis</span> <span class='ocrx_word' id='word_1_659' title='bbox 3026 3254 3239 3324; x_wconf 88' lang='lat' dir='ltr'>latitat,</span> <span class='ocrx_word' id='word_1_660' title='bbox 3293 3253 3649 3324; x_wconf 85' lang='lat' dir='ltr'>exspectans</span> 
     </span>
    </p>
   </div>
   <div class='ocr_carea' id='block_1_93' title="bbox 1994 3340 3649 3421">
    <p class='ocr_par' dir='ltr' id='par_1_93' title="bbox 1994 3340 3649 3421">
     <span class='ocr_line' id='line_1_93' title="bbox 1994 3340 3649 3421; baseline -0.007 -15"><span class='ocrx_word' id='word_1_661' title='bbox 1994 3346 2339 3421; x_wconf 86' lang='lat' dir='ltr'>ecquando,</span> <span class='ocrx_word' id='word_1_662' title='bbox 2355 3346 2539 3403; x_wconf 88' lang='lat' dir='ltr'>rebus</span> <span class='ocrx_word' id='word_1_663' title='bbox 2559 3344 2899 3419; x_wconf 86' lang='lat' dir='ltr'>conspectis</span> <span class='ocrx_word' id='word_1_664' title='bbox 2917 3343 3168 3413; x_wconf 89' lang='lat' dir='ltr'>illecti,a</span> <span class='ocrx_word' id='word_1_665' title='bbox 3188 3344 3349 3397; x_wconf 87' lang='lat' dir='ltr'>recta</span> <span class='ocrx_word' id='word_1_666' title='bbox 3371 3340 3649 3395; x_wconf 89' lang='lat' dir='ltr'>deﬂecta-</span> 
     </span>
    </p>
   </div>
   <div class='ocr_carea' id='block_1_94' title="bbox 1993 3430 3648 3509">
    <p class='ocr_par' dir='ltr' id='par_1_94' title="bbox 1993 3430 3648 3509">
     <span class='ocr_line' id='line_1_94' title="bbox 1993 3430 3648 3509; baseline -0.007 -12"><span class='ocrx_word' id='word_1_667' title='bbox 1993 3456 2131 3497; x_wconf 88' lang='lat' dir='ltr'>mus</span> <span class='ocrx_word' id='word_1_668' title='bbox 2161 3437 2280 3507; x_wconf 90' lang='lat' dir='ltr'>via,</span> <span class='ocrx_word' id='word_1_669' title='bbox 2300 3454 2371 3493; x_wconf 90' lang='lat' dir='ltr'>ac</span> <span class='ocrx_word' id='word_1_670' title='bbox 2397 3436 2681 3509; x_wconf 91' lang='lat' dir='ltr'>nosipsos</span> <span class='ocrx_word' id='word_1_671' title='bbox 2704 3434 2765 3491; x_wconf 93' lang='lat' dir='ltr'>in</span> <span class='ocrx_word' id='word_1_672' title='bbox 2785 3433 2939 3490; x_wconf 92' lang='lat' dir='ltr'>illius</span> <span class='ocrx_word' id='word_1_673' title='bbox 2962 3432 3210 3490; x_wconf 89' lang='lat' dir='ltr'>insidias</span> <span class='ocrx_word' id='word_1_674' title='bbox 3227 3430 3648 3502; x_wconf 88' lang='lat' dir='ltr'>conjiciamus.</span> 
     </span>
    </p>
   </div>
   <div class='ocr_carea' id='block_1_95' title="bbox 1996 3518 3651 3595">
    <p class='ocr_par' dir='ltr' id='par_1_95' title="bbox 1996 3518 3651 3595">
     <span class='ocr_line' id='line_1_95' title="bbox 1996 3518 3651 3595; baseline -0.007 -11"><span class='ocrx_word' id='word_1_675' title='bbox 1996 3528 2332 3595; x_wconf 89' lang='lat' dir='ltr'>Quinetiam</span> <span class='ocrx_word' id='word_1_676' title='bbox 2351 3525 2744 3583; x_wconf 82' lang='lat' dir='ltr'>metuendum</span> <span class='ocrx_word' id='word_1_677' title='bbox 2760 3523 2934 3581; x_wconf 82' lang='lat' dir='ltr'>valde</span> <span class='ocrx_word' id='word_1_678' title='bbox 2948 3526 3060 3592; x_wconf 91' lang='lat' dir='ltr'>est,</span> <span class='ocrx_word' id='word_1_679' title='bbox 3077 3519 3406 3595; x_wconf 88' lang='lat' dir='ltr'>nequando</span> <span class='ocrx_word' id='word_1_680' title='bbox 3425 3518 3501 3576; x_wconf 89' lang='lat' dir='ltr'>ad</span> <span class='ocrx_word' id='word_1_681' title='bbox 3521 3518 3651 3573; x_wconf 82' lang='lat' dir='ltr'>haec</span> 
     </span>
    </p>
   </div>
   <div class='ocr_carea' id='block_1_96' title="bbox 1994 3606 3651 3687">
    <p class='ocr_par' dir='ltr' id='par_1_96' title="bbox 1994 3606 3651 3687">
     <span class='ocr_line' id='line_1_96' title="bbox 1994 3606 3651 3687; baseline -0.008 -12"><span class='ocrx_word' id='word_1_682' title='bbox 1994 3619 2234 3675; x_wconf 89' lang='lat' dir='ltr'>incaute</span> <span class='ocrx_word' id='word_1_683' title='bbox 2264 3620 2665 3683; x_wconf 89' lang='lat' dir='ltr'>accurrentes,</span> <span class='ocrx_word' id='word_1_684' title='bbox 2682 3631 2750 3670; x_wconf 88' lang='lat' dir='ltr'>ac</span> <span class='ocrx_word' id='word_1_685' title='bbox 2774 3611 3123 3687; x_wconf 87' lang='lat' dir='ltr'>perfruendi</span> <span class='ocrx_word' id='word_1_686' title='bbox 3141 3611 3515 3683; x_wconf 90' lang='lat' dir='ltr'>voluptatem</span> <span class='ocrx_word' id='word_1_687' title='bbox 3539 3606 3651 3662; x_wconf 93' lang='lat' dir='ltr'>mi-</span> 
     </span>
    </p>
   </div>
   <div class='ocr_carea' id='block_1_97' title="bbox 1993 3698 3651 3774">
    <p class='ocr_par' dir='ltr' id='par_1_97' title="bbox 1993 3698 3651 3774">
     <span class='ocr_line' id='line_1_97' title="bbox 1993 3698 3651 3774; baseline -0.009 -9"><span class='ocrx_word' id='word_1_688' title='bbox 1993 3707 2157 3765; x_wconf 88' lang='lat' dir='ltr'>nime</span> <span class='ocrx_word' id='word_1_689' title='bbox 2168 3706 2414 3764; x_wconf 78' lang='lat' dir='ltr'>noxiam</span> <span class='ocrx_word' id='word_1_690' title='bbox 2432 3704 2696 3762; x_wconf 87' lang='lat' dir='ltr'>arbitrati</span> <span class='ocrx_word' id='word_1_691' title='bbox 2705 3702 3221 3774; x_wconf 89' lang='lat' dir='ltr'>,diabolihamum</span> <span class='ocrx_word' id='word_1_692' title='bbox 3242 3698 3570 3770; x_wconf 87' lang='lat' dir='ltr'>deglutiam</span> <span class='ocrx_word' id='word_1_693' title='bbox 3580 3712 3651 3751; x_wconf 90' lang='lat' dir='ltr'>us</span> 
     </span>
    </p>
   </div>
   <div class='ocr_carea' id='block_1_98' title="bbox 1995 3784 3649 3872">
    <p class='ocr_par' dir='ltr' id='par_1_98' title="bbox 1995 3784 3649 3872">
     <span class='ocr_line' id='line_1_98' title="bbox 1995 3784 3649 3872; baseline -0.008 -18"><span class='ocrx_word' id='word_1_694' title='bbox 1995 3797 2059 3854; x_wconf 89' lang='lat' dir='ltr'>in</span> <span class='ocrx_word' id='word_1_695' title='bbox 2088 3797 2286 3872; x_wconf 90' lang='lat' dir='ltr'>primo</span> <span class='ocrx_word' id='word_1_696' title='bbox 2337 3790 2965 3866; x_wconf 75' lang='lat' dir='ltr'>gustu,occultatum:</span> <span class='ocrx_word' id='word_1_697' title='bbox 3006 3788 3244 3855; x_wconf 88' lang='lat' dir='ltr'>deinde,</span> <span class='ocrx_word' id='word_1_698' title='bbox 3293 3803 3369 3843; x_wconf 93' lang='lat' dir='ltr'>ne</span> <span class='ocrx_word' id='word_1_699' title='bbox 3408 3786 3486 3841; x_wconf 89' lang='lat' dir='ltr'>ab</span> <span class='ocrx_word' id='word_1_700' title='bbox 3533 3784 3649 3841; x_wconf 92' lang='lat' dir='ltr'>hoc</span> 
     </span>
    </p>
   </div>
   <div class='ocr_carea' id='block_1_99' title="bbox 1988 3872 3649 3961">
    <p class='ocr_par' dir='ltr' id='par_1_99' title="bbox 1988 3872 3649 3961">
     <span class='ocr_line' id='line_1_99' title="bbox 1988 3872 3649 3961; baseline -0.009 -18"><span class='ocrx_word' id='word_1_701' title='bbox 1988 3887 2190 3961; x_wconf 82' lang='lat' dir='ltr'>tracti,</span> <span class='ocrx_word' id='word_1_702' title='bbox 2214 3884 2433 3958; x_wconf 87' lang='lat' dir='ltr'>partim</span> <span class='ocrx_word' id='word_1_703' title='bbox 2460 3881 2735 3950; x_wconf 82' lang='lat' dir='ltr'>libentes,</span> <span class='ocrx_word' id='word_1_704' title='bbox 2760 3880 2981 3952; x_wconf 89' lang='lat' dir='ltr'>partim</span> <span class='ocrx_word' id='word_1_705' title='bbox 3003 3877 3172 3933; x_wconf 89' lang='lat' dir='ltr'>inviti</span> <span class='ocrx_word' id='word_1_706' title='bbox 3192 3876 3287 3932; x_wconf 91' lang='lat' dir='ltr'>his</span> <span class='ocrx_word' id='word_1_707' title='bbox 3308 3874 3492 3931; x_wconf 89' lang='lat' dir='ltr'>rebus</span> <span class='ocrx_word' id='word_1_708' title='bbox 3516 3872 3649 3930; x_wconf 90' lang='lat' dir='ltr'>alli-</span> 
     </span>
    </p>
   </div>
   <div class='ocr_carea' id='block_1_100' title="bbox 1996 3963 3648 4047">
    <p class='ocr_par' dir='ltr' id='par_1_100' title="bbox 1996 3963 3648 4047">
     <span class='ocr_line' id='line_1_100' title="bbox 1996 3963 3648 4047; baseline -0.009 -15"><span class='ocrx_word' id='word_1_709' title='bbox 1996 3992 2227 4047; x_wconf 90' lang='lat' dir='ltr'>gemur,</span> <span class='ocrx_word' id='word_1_710' title='bbox 2244 3973 2685 4042; x_wconf 89' lang='lat' dir='ltr'>inscientesque</span> <span class='ocrx_word' id='word_1_711' title='bbox 2699 3985 2735 4024; x_wconf 91' lang='lat' dir='ltr'>a</span> <span class='ocrx_word' id='word_1_712' title='bbox 2753 3967 3164 4040; x_wconf 89' lang='lat' dir='ltr'>voluptatibus</span> <span class='ocrx_word' id='word_1_713' title='bbox 3176 3965 3255 4021; x_wconf 89' lang='lat' dir='ltr'>ad</span> <span class='ocrx_word' id='word_1_714' title='bbox 3274 3963 3648 4021; x_wconf 90' lang='lat' dir='ltr'>horrendum</span> 
     </span>
    </p>
   </div>
   <div class='ocr_carea' id='block_1_101' title="bbox 1991 4052 3646 4133">
    <p class='ocr_par' dir='ltr' id='par_1_101' title="bbox 1991 4052 3646 4133">
     <span class='ocr_line' id='line_1_101' title="bbox 1991 4052 3646 4133; baseline -0.009 -12"><span class='ocrx_word' id='word_1_715' title='bbox 1991 4063 2242 4121; x_wconf 89' lang='lat' dir='ltr'>latronis</span> <span class='ocrx_word' id='word_1_716' title='bbox 2268 4060 2600 4133; x_wconf 90' lang='lat' dir='ltr'>hospitium</span> <span class='ocrx_word' id='word_1_717' title='bbox 2642 4057 2975 4127; x_wconf 87' lang='lat' dir='ltr'>trahamur,</span> <span class='ocrx_word' id='word_1_718' title='bbox 3000 4056 3078 4112; x_wconf 90' lang='lat' dir='ltr'>ad</span> <span class='ocrx_word' id='word_1_719' title='bbox 3100 4056 3357 4111; x_wconf 89' lang='lat' dir='ltr'>mortem</span> <span class='ocrx_word' id='word_1_720' title='bbox 3401 4052 3646 4109; x_wconf 89' lang='lat' dir='ltr'>scilicet.</span> 
     </span>
    </p>
   </div>
   <div class='ocr_carea' id='block_1_102' title="bbox 1996 4143 3647 4226">
    <p class='ocr_par' dir='ltr' id='par_1_102' title="bbox 1996 4143 3647 4226">
     <span class='ocr_line' id='line_1_102' title="bbox 1996 4143 3647 4226; baseline -0.008 -16"><span class='ocrx_word' id='word_1_721' title='bbox 1996 4153 2070 4226; x_wconf 89' lang='lat'>(8)</span> <span class='ocrx_word' id='word_1_722' title='bbox 2099 4155 2249 4209; x_wconf 90' lang='lat' dir='ltr'>Nam</span> <span class='ocrx_word' id='word_1_723' title='bbox 2278 4152 2546 4219; x_wconf 89' lang='lat' dir='ltr'>virtutes,</span> <span class='ocrx_word' id='word_1_724' title='bbox 2580 4164 2718 4204; x_wconf 89' lang='lat' dir='ltr'>cum</span> <span class='ocrx_word' id='word_1_725' title='bbox 2751 4163 2825 4202; x_wconf 81' lang='lat' dir='ltr'>ex</span> <span class='ocrx_word' id='word_1_726' title='bbox 2855 4146 3055 4202; x_wconf 89' lang='lat' dir='ltr'>studio</span> <span class='ocrx_word' id='word_1_727' title='bbox 3084 4147 3142 4201; x_wconf 90' lang='lat' dir='ltr'>et</span> <span class='ocrx_word' id='word_1_728' title='bbox 3161 4143 3474 4215; x_wconf 90' lang='lat' dir='ltr'>diligentia</span> <span class='ocrx_word' id='word_1_729' title='bbox 3503 4157 3647 4197; x_wconf 89' lang='lat' dir='ltr'>con-</span> 
     </span>
    </p>
   </div>
   <div class='ocr_carea' id='block_1_103' title="bbox 1988 4232 3650 4315">
    <p class='ocr_par' dir='ltr' id='par_1_103' title="bbox 1988 4232 3650 4315">
     <span class='ocr_line' id='line_1_103' title="bbox 1988 4232 3650 4315; baseline -0.008 -16"><span class='ocrx_word' id='word_1_730' title='bbox 1988 4244 2330 4315; x_wconf 85' lang='lat' dir='ltr'>junguntur</span> <span class='ocrx_word' id='word_1_731' title='bbox 2344 4256 2483 4295; x_wconf 90' lang='lat' dir='ltr'>cum</span> <span class='ocrx_word' id='word_1_732' title='bbox 2508 4241 2749 4303; x_wconf 90' lang='lat' dir='ltr'>natura,</span> <span class='ocrx_word' id='word_1_733' title='bbox 2773 4238 2979 4291; x_wconf 90' lang='lat' dir='ltr'>nostra</span> <span class='ocrx_word' id='word_1_734' title='bbox 3000 4232 3650 4306; x_wconf 86' lang='lat' dir='ltr'>ﬁuntpossessio,nos-</span> 
     </span>
    </p>
   </div>
   <div class='ocr_carea' id='block_1_104' title="bbox 1916 4320 3649 4421">
    <p class='ocr_par' dir='ltr' id='par_1_104' title="bbox 1916 4320 3649 4421">
     <span class='ocr_line' id='line_1_104' title="bbox 1916 4320 3649 4421; baseline -0.009 -32"><span class='ocrx_word' id='word_1_735' title='bbox 1916 4365 1963 4421; x_wconf 70' lang='grc' dir='ltr'><strong>Β</strong></span> <span class='ocrx_word' id='word_1_736' title='bbox 1994 4348 2113 4405; x_wconf 92' lang='lat' dir='ltr'>que</span> <span class='ocrx_word' id='word_1_737' title='bbox 2142 4346 2254 4387; x_wconf 92' lang='lat' dir='ltr'>nec</span> <span class='ocrx_word' id='word_1_738' title='bbox 2280 4329 2341 4385; x_wconf 89' lang='lat' dir='ltr'>in</span> <span class='ocrx_word' id='word_1_739' title='bbox 2373 4332 2530 4384; x_wconf 91' lang='lat' dir='ltr'>terra</span> <span class='ocrx_word' id='word_1_740' title='bbox 2564 4324 2912 4382; x_wconf 88' lang='lat' dir='ltr'>laborantes</span> <span class='ocrx_word' id='word_1_741' title='bbox 2952 4323 3224 4380; x_wconf 90' lang='lat' dir='ltr'>deserere</span> <span class='ocrx_word' id='word_1_742' title='bbox 3273 4322 3497 4391; x_wconf 83' lang='lat' dir='ltr'>volunt,</span> <span class='ocrx_word' id='word_1_743' title='bbox 3530 4320 3649 4375; x_wconf 90' lang='lat' dir='ltr'>nisi</span> 
     </span>
    </p>
   </div>
   <div class='ocr_carea' id='block_1_105' title="bbox 1996 4410 3651 4494">
    <p class='ocr_par' dir='ltr' id='par_1_105' title="bbox 1996 4410 3651 4494">
     <span class='ocr_line' id='line_1_105' title="bbox 1996 4410 3651 4494; baseline -0.008 -17"><span class='ocrx_word' id='word_1_744' title='bbox 1996 4438 2098 4479; x_wconf 88' lang='lat' dir='ltr'>eas</span> <span class='ocrx_word' id='word_1_745' title='bbox 2117 4437 2225 4494; x_wconf 90' lang='lat' dir='ltr'>per</span> <span class='ocrx_word' id='word_1_746' title='bbox 2247 4419 2370 4475; x_wconf 90' lang='lat' dir='ltr'>vim</span> <span class='ocrx_word' id='word_1_747' title='bbox 2393 4416 2549 4473; x_wconf 88' lang='lat' dir='ltr'>ultro</span> <span class='ocrx_word' id='word_1_748' title='bbox 2569 4412 2982 4486; x_wconf 82' lang='lat' dir='ltr'>fugaverimus</span> <span class='ocrx_word' id='word_1_749' title='bbox 3013 4412 3172 4469; x_wconf 90' lang='lat' dir='ltr'>vitiis</span> <span class='ocrx_word' id='word_1_750' title='bbox 3192 4410 3568 4477; x_wconf 88' lang='lat' dir='ltr'>introductis,</span> <span class='ocrx_word' id='word_1_751' title='bbox 3594 4413 3651 4464; x_wconf 92' lang='lat' dir='ltr'><strong>et</strong></span> 
     </span>
    </p>
   </div>
   <div class='ocr_carea' id='block_1_106' title="bbox 1996 4497 3649 4574">
    <p class='ocr_par' dir='ltr' id='par_1_106' title="bbox 1996 4497 3649 4574">
     <span class='ocr_line' id='line_1_106' title="bbox 1996 4497 3649 4574; baseline -0.009 -7"><span class='ocrx_word' id='word_1_752' title='bbox 1996 4510 2074 4567; x_wconf 92' lang='lat' dir='ltr'>ad</span> <span class='ocrx_word' id='word_1_753' title='bbox 2091 4510 2354 4566; x_wconf 80' lang='lat' dir='ltr'>futuram</span> <span class='ocrx_word' id='word_1_754' title='bbox 2374 4507 2564 4562; x_wconf 88' lang='lat' dir='ltr'>vitam</span> <span class='ocrx_word' id='word_1_755' title='bbox 2595 4504 2944 4560; x_wconf 85' lang='lat' dir='ltr'>festinantes</span> <span class='ocrx_word' id='word_1_756' title='bbox 2969 4504 3359 4574; x_wconf 83' lang='lat' dir='ltr'>praecurrunt,</span> <span class='ocrx_word' id='word_1_757' title='bbox 3385 4502 3442 4556; x_wconf 91' lang='lat' dir='ltr'><strong>et</strong></span> <span class='ocrx_word' id='word_1_758' title='bbox 3467 4497 3649 4554; x_wconf 86' lang='lat' dir='ltr'>collo-</span> 
     </span>
    </p>
   </div>
   <div class='ocr_carea' id='block_1_107' title="bbox 1994 4587 3646 4667">
    <p class='ocr_par' dir='ltr' id='par_1_107' title="bbox 1994 4587 3646 4667">
     <span class='ocr_line' id='line_1_107' title="bbox 1994 4587 3646 4667; baseline -0.008 -10"><span class='ocrx_word' id='word_1_759' title='bbox 1994 4602 2134 4657; x_wconf 87' lang='lat' dir='ltr'>cant</span> <span class='ocrx_word' id='word_1_760' title='bbox 2150 4598 2301 4655; x_wconf 90' lang='lat' dir='ltr'>inter</span> <span class='ocrx_word' id='word_1_761' title='bbox 2320 4595 2570 4667; x_wconf 86' lang='lat' dir='ltr'>angelos</span> <span class='ocrx_word' id='word_1_762' title='bbox 2593 4610 2771 4650; x_wconf 91' lang='lat' dir='ltr'>suum</span> <span class='ocrx_word' id='word_1_763' title='bbox 2820 4600 3256 4665; x_wconf 86' lang='lat' dir='ltr'>possessorem,</span> <span class='ocrx_word' id='word_1_764' title='bbox 3278 4588 3335 4646; x_wconf 84' lang='lat' dir='ltr'>et</span> <span class='ocrx_word' id='word_1_765' title='bbox 3359 4587 3472 4644; x_wconf 89' lang='lat' dir='ltr'>sub</span> <span class='ocrx_word' id='word_1_766' title='bbox 3506 4603 3646 4643; x_wconf 94' lang='lat' dir='ltr'>con-</span> 
     </span>
    </p>
   </div>
   <div class='ocr_carea' id='block_1_108' title="bbox 1995 4679 3650 4752">
    <p class='ocr_par' dir='ltr' id='par_1_108' title="bbox 1995 4679 3650 4752">
     <span class='ocr_line' id='line_1_108' title="bbox 1995 4679 3650 4752; baseline -0.008 -6"><span class='ocrx_word' id='word_1_767' title='bbox 1995 4689 2204 4746; x_wconf 87' lang='lat' dir='ltr'>ditoris</span> <span class='ocrx_word' id='word_1_768' title='bbox 2256 4685 2448 4744; x_wconf 90' lang='lat' dir='ltr'>oculis</span> <span class='ocrx_word' id='word_1_769' title='bbox 2487 4688 2780 4741; x_wconf 81' lang='lat' dir='ltr'>aeternum</span> <span class='ocrx_word' id='word_1_770' title='bbox 2818 4680 3069 4752; x_wconf 85' lang='lat' dir='ltr'>fulgent.</span> <span class='ocrx_word' id='word_1_771' title='bbox 3125 4679 3350 4735; x_wconf 78' lang='lat' dir='ltr'>Divitiae</span> <span class='ocrx_word' id='word_1_772' title='bbox 3375 4692 3539 4745; x_wconf 88' lang='lat' dir='ltr'>vero,</span> <span class='ocrx_word' id='word_1_773' title='bbox 3591 4679 3650 4732; x_wconf 90' lang='lat' dir='ltr'>et</span> 
     </span>
    </p>
   </div>
   <div class='ocr_carea' id='block_1_109' title="bbox 1993 4767 3648 4851">
    <p class='ocr_par' dir='ltr' id='par_1_109' title="bbox 1993 4767 3648 4851">
     <span class='ocr_line' id='line_1_109' title="bbox 1993 4767 3648 4851; baseline -0.009 -16"><span class='ocrx_word' id='word_1_774' title='bbox 1993 4781 2367 4851; x_wconf 87' lang='lat' dir='ltr'>potentatus,</span> <span class='ocrx_word' id='word_1_775' title='bbox 2392 4778 2448 4832; x_wconf 93' lang='lat' dir='ltr'>et</span> <span class='ocrx_word' id='word_1_776' title='bbox 2478 4771 2792 4842; x_wconf 86' lang='lat' dir='ltr'>claritudo,</span> <span class='ocrx_word' id='word_1_777' title='bbox 2819 4773 2875 4827; x_wconf 93' lang='lat' dir='ltr'><strong>et</strong></span> <span class='ocrx_word' id='word_1_778' title='bbox 2904 4769 3154 4839; x_wconf 81' lang='lat' dir='ltr'>deliciae,</span> <span class='ocrx_word' id='word_1_779' title='bbox 3186 4771 3243 4824; x_wconf 94' lang='lat' dir='ltr'>et</span> <span class='ocrx_word' id='word_1_780' title='bbox 3262 4767 3460 4823; x_wconf 91' lang='lat' dir='ltr'>omnis</span> <span class='ocrx_word' id='word_1_781' title='bbox 3491 4769 3542 4838; x_wconf 90' lang='lat' dir='ltr'>ej</span> <span class='ocrx_word' id='word_1_782' title='bbox 3554 4782 3648 4821; x_wconf 92' lang='lat' dir='ltr'>us-</span> 
     </span>
    </p>
   </div>
   <div class='ocr_carea' id='block_1_110' title="bbox 1993 4857 3648 4937">
    <p class='ocr_par' dir='ltr' id='par_1_110' title="bbox 1993 4857 3648 4937">
     <span class='ocr_line' id='line_1_110' title="bbox 1993 4857 3648 4937; baseline -0.008 -13"><span class='ocrx_word' id='word_1_783' title='bbox 1993 4867 2163 4924; x_wconf 90' lang='lat' dir='ltr'>modi</span> <span class='ocrx_word' id='word_1_784' title='bbox 2188 4865 2367 4922; x_wconf 89' lang='lat' dir='ltr'>turba</span> <span class='ocrx_word' id='word_1_785' title='bbox 2387 4863 2657 4937; x_wconf 90' lang='lat' dir='ltr'>quotidie</span> <span class='ocrx_word' id='word_1_786' title='bbox 2682 4876 2789 4934; x_wconf 90' lang='lat' dir='ltr'>per</span> <span class='ocrx_word' id='word_1_787' title='bbox 2808 4863 3085 4917; x_wconf 87' lang='lat' dir='ltr'>nostram</span> <span class='ocrx_word' id='word_1_788' title='bbox 3113 4857 3522 4930; x_wconf 91' lang='lat' dir='ltr'>insipientiam</span> <span class='ocrx_word' id='word_1_789' title='bbox 3544 4872 3648 4912; x_wconf 86' lang='lat' dir='ltr'>au-</span> 
     </span>
    </p>
   </div>
   <div class='ocr_carea' id='block_1_111' title="bbox 1992 4946 3648 5031">
    <p class='ocr_par' dir='ltr' id='par_1_111' title="bbox 1992 4946 3648 5031">
     <span class='ocr_line' id='line_1_111' title="bbox 1992 4946 3648 5031; baseline -0.008 -18"><span class='ocrx_word' id='word_1_790' title='bbox 1992 4972 2271 5031; x_wconf 88' lang='lat' dir='ltr'>gescens,</span> <span class='ocrx_word' id='word_1_791' title='bbox 2289 4969 2488 5026; x_wconf 93' lang='lat' dir='ltr'>neque</span> <span class='ocrx_word' id='word_1_792' title='bbox 2512 4950 2779 5008; x_wconf 88' lang='lat' dir='ltr'>introivit</span> <span class='ocrx_word' id='word_1_793' title='bbox 2805 4946 3132 5006; x_wconf 90' lang='lat' dir='ltr'>nobiscum</span> <span class='ocrx_word' id='word_1_794' title='bbox 3153 4948 3217 5003; x_wconf 92' lang='lat' dir='ltr'>in</span> <span class='ocrx_word' id='word_1_795' title='bbox 3237 4947 3648 5019; x_wconf 88' lang='lat' dir='ltr'>vitam,neque</span> 
     </span>
    </p>
   </div>
   <div class='ocr_carea' id='block_1_112' title="bbox 1983 5078 2896 5152">
    <p class='ocr_par' dir='ltr' id='par_1_112' title="bbox 1983 5078 2896 5152">
     <span class='ocr_line' id='line_1_112' title="bbox 1983 5078 2896 5152; baseline -0.01 -13"><span class='ocrx_word' id='word_1_796' title='bbox 1983 5083 2003 5119; x_wconf 76' lang='lat'>7</span> <span class='ocrx_word' id='word_1_797' title='bbox 2033 5082 2208 5138; x_wconf 91' lang='lat' dir='ltr'>Eccli.</span> <span class='ocrx_word' id='word_1_798' title='bbox 2236 5096 2357 5152; x_wconf 76' lang='lat' dir='ltr'>XXI,</span> <span class='ocrx_word' id='word_1_799' title='bbox 2391 5083 2444 5135; x_wconf 84' lang='lat'>2.</span> <span class='ocrx_word' id='word_1_800' title='bbox 2521 5078 2542 5113; x_wconf 79' lang='grc'><strong>⁸</strong></span> <span class='ocrx_word' id='word_1_801' title='bbox 2574 5081 2690 5135; x_wconf 90' lang='lat' dir='ltr'>Isa.</span> <span class='ocrx_word' id='word_1_802' title='bbox 2718 5079 2896 5145; x_wconf 79' lang='lat' dir='ltr'>XL,.6.</span> 
     </span>
    </p>
   </div>
   <div class='ocr_carea' id='block_1_113' title="bbox 1994 5236 3256 5323">
    <p class='ocr_par' dir='ltr' id='par_1_113' title="bbox 1994 5236 3256 5323">
     <span class='ocr_line' id='line_1_113' title="bbox 1994 5236 3256 5323; baseline -0.006 -26"><span class='ocrx_word' id='word_1_803' title='bbox 1994 5263 2135 5323; x_wconf 70' lang='grc' dir='ltr'><strong>σιον,</strong></span> <span class='ocrx_word' id='word_1_804' title='bbox 2153 5243 2438 5323; x_wconf 51' lang='lat' dir='ltr'>servituti</span> <span class='ocrx_word' id='word_1_805' title='bbox 2460 5239 2823 5323; x_wconf 56' lang='lat' dir='ltr'>voluntaria&quot;</span> <span class='ocrx_word' id='word_1_806' title='bbox 2850 5236 3256 5323; x_wconf 39' lang='lat' dir='ltr'>suajiciens,&quot;</span> 
     </span>
    </p>
   </div>
   <div class='ocr_carea' id='block_1_114' title="bbox 2085 5306 3646 5394">
    <p class='ocr_par' dir='ltr' id='par_1_114' title="bbox 2085 5306 3646 5394">
     <span class='ocr_line' id='line_1_114' title="bbox 2085 5306 3646 5394; baseline -0.004 -27"><span class='ocrx_word' id='word_1_807' title='bbox 2085 5306 2140 5394; x_wconf 56' lang='grc' dir='ltr'><strong>ξ)</strong></span> <span class='ocrx_word' id='word_1_808' title='bbox 2162 5313 2533 5394; x_wconf 56' lang='lat' dir='ltr'>Itéri._lllinus</span> <span class='ocrx_word' id='word_1_809' title='bbox 2549 5316 2706 5368; x_wconf 91' lang='lat' dir='ltr'>recte</span> <span class='ocrx_word' id='word_1_810' title='bbox 2725 5309 3097 5394; x_wconf 70' lang='lat' dir='ltr'>recentiores</span> <span class='ocrx_word' id='word_1_811' title='bbox 3120 5306 3412 5394; x_wconf 61' lang='lat' dir='ltr'>editiones</span> <span class='ocrx_word' id='word_1_812' title='bbox 3428 5306 3472 5358; x_wconf 81' lang='grc' dir='ltr'><strong>εἴ</strong></span> <span class='ocrx_word' id='word_1_813' title='bbox 3497 5323 3646 5360; x_wconf 85' lang='grc' dir='ltr'><strong>ποτε.</strong></span> 
     </span>
    </p>
   </div>
   <div class='ocr_carea' id='block_1_115' title="bbox 2087 5370 3389 5466">
    <p class='ocr_par' dir='ltr' id='par_1_115' title="bbox 2087 5370 3389 5466">
     <span class='ocr_line' id='line_1_115' title="bbox 2087 5370 3389 5466; baseline -0.005 -27"><span class='ocrx_word' id='word_1_814' title='bbox 2087 5370 2140 5466; x_wconf 65' lang='grc' dir='ltr'><strong>εξ)</strong></span> <span class='ocrx_word' id='word_1_815' title='bbox 2170 5383 2658 5466; x_wconf 46' lang='grc' dir='ltr'><strong>Αιαᾷὸλουεμιὶιιιιε</strong></span> <span class='ocrx_word' id='word_1_816' title='bbox 2679 5385 2844 5466; x_wconf 72' lang='lat' dir='ltr'>recte</span> <span class='ocrx_word' id='word_1_817' title='bbox 2865 5382 3179 5466; x_wconf 61' lang='lat' dir='ltr'>contextus</span> <span class='ocrx_word' id='word_1_818' title='bbox 3210 5370 3389 5432; x_wconf 77' lang='grc' dir='ltr'><strong>δόλου.</strong></span> 
     </span>
    </p>
   </div>
   <div class='ocr_carea' id='block_1_116' title="bbox 2061 5453 3388 5541">
    <p class='ocr_par' dir='ltr' id='par_1_116' title="bbox 2061 5453 3388 5541">
     <span class='ocr_line' id='line_1_116' title="bbox 2061 5453 3388 5541; baseline -0.006 -28"><span class='ocrx_word' id='word_1_819' title='bbox 2166 5460 2254 5541; x_wconf 58' lang='lat' dir='ltr'>Ex</span> <span class='ocrx_word' id='word_1_820' title='bbox 2275 5453 2487 5541; x_wconf 73' lang='lat' dir='ltr'>homil.</span> <span class='ocrx_word' id='word_1_821' title='bbox 2511 5471 2632 5527; x_wconf 70' lang='lat' dir='ltr'>xxv,</span> <span class='ocrx_word' id='word_1_822' title='bbox 2761 5453 3191 5541; x_wconf 40' lang='lat' dir='ltr'>ebﬁosgstl22.</span> <span class='ocrx_word' id='word_1_823' title='bbox 3247 5521 3316 5541; x_wconf 35' lang='grc' dir='ltr'>ΔΛ</span> <span class='ocrx_word' id='word_1_824' title='bbox 3365 5516 3388 5541; x_wconf 37' lang='grc' dir='ltr'><strong><em>ἐ</em></strong></span> 
     </span>
    </p>
   </div>
   <div class='ocr_carea' id='block_1_117' title="bbox 2061 5514 3727 5656">
    <p class='ocr_par' dir='ltr' id='par_1_117' title="bbox 2061 5514 3727 5656">
     <span class='ocr_line' id='line_1_117' title="bbox 2061 5514 3727 5600; baseline -0.006 -15"><span class='ocrx_word' id='word_1_825' title='bbox 2061 5514 2141 5600; x_wconf 73' lang='grc'><strong>(7)</strong></span> <span class='ocrx_word' id='word_1_826' title='bbox 2166 5531 2249 5584; x_wconf 83' lang='lat' dir='ltr'>Ex</span> <span class='ocrx_word' id='word_1_827' title='bbox 2276 5522 2485 5584; x_wconf 90' lang='lat' dir='ltr'>homil.</span> <span class='ocrx_word' id='word_1_828' title='bbox 2516 5514 2633 5595; x_wconf 61' lang='lat' dir='ltr'>xm;</span> <span class='ocrx_word' id='word_1_829' title='bbox 2668 5523 2838 5594; x_wconf 83' lang='lat' dir='ltr'>Quod</span> <span class='ocrx_word' id='word_1_830' title='bbox 2882 5514 3058 5581; x_wconf 73' lang='lat' dir='ltr'>rebus</span> <span class='ocrx_word' id='word_1_831' title='bbox 3086 5516 3413 5578; x_wconf 81' lang='lat' dir='ltr'>mundanis</span> <span class='ocrx_word' id='word_1_832' title='bbox 3454 5514 3650 5576; x_wconf 75' lang='lat' dir='ltr'>adhae-</span> <span class='ocrx_word' id='word_1_833' title='bbox 3724 5556 3727 5557; x_wconf 50' lang='grc' dir='ltr'>ν</span> 
     </span>
     <span class='ocr_line' id='line_1_118' title="bbox 2061 5600 2683 5656; baseline 0 0"><span class='ocrx_word' id='word_1_834' title='bbox 2061 5601 2247 5656; x_wconf 88' lang='lat' dir='ltr'>ndum</span> <span class='ocrx_word' id='word_1_835' title='bbox 2276 5614 2397 5656; x_wconf 87' lang='lat' dir='ltr'>non</span> <span class='ocrx_word' id='word_1_836' title='bbox 2425 5600 2524 5656; x_wconf 85' lang='lat' dir='ltr'>sit.</span> <span class='ocrx_word' id='word_1_837' title='bbox 2558 5601 2683 5656; x_wconf 88' lang='grc'><strong>163.</strong></span> 
     </span>
    </p>
   </div>
   <div class='ocr_carea' id='block_1_118' title="bbox 1989 5602 3076 5745">
    <p class='ocr_par' dir='ltr' id='par_1_118' title="bbox 1989 5602 3076 5745">
     <span class='ocr_line' id='line_1_119' title="bbox 1989 5602 2683 5667; baseline -0.003 -9"><span class='ocrx_word' id='word_1_838' title='bbox 1989 5602 2247 5658; x_wconf 79' lang='lat' dir='ltr'>rendam</span> <span class='ocrx_word' id='word_1_839' title='bbox 2276 5614 2397 5656; x_wconf 87' lang='lat' dir='ltr'>non</span> <span class='ocrx_word' id='word_1_840' title='bbox 2425 5602 2524 5667; x_wconf 85' lang='lat' dir='ltr'>sit,</span> <span class='ocrx_word' id='word_1_841' title='bbox 2558 5602 2683 5656; x_wconf 88' lang='grc'><strong>163.</strong></span> 
     </span>
     <span class='ocr_line' id='line_1_120' title="bbox 2063 5664 3076 5745; baseline -0.009 -17"><span class='ocrx_word' id='word_1_842' title='bbox 2063 5671 2143 5745; x_wconf 89' lang='grc'>(8)</span> <span class='ocrx_word' id='word_1_843' title='bbox 2163 5670 2337 5742; x_wconf 90' lang='lat' dir='ltr'>Ibid.,</span> <span class='ocrx_word' id='word_1_844' title='bbox 2367 5669 2538 5739; x_wconf 82' lang='lat' dir='ltr'>Quod</span> <span class='ocrx_word' id='word_1_845' title='bbox 2555 5669 2752 5742; x_wconf 84' lang='lat' dir='ltr'>rebus,</span> <span class='ocrx_word' id='word_1_846' title='bbox 2780 5670 2929 5738; x_wconf 92' lang='lat' dir='ltr'>etc.,</span> <span class='ocrx_word' id='word_1_847' title='bbox 2955 5664 3076 5721; x_wconf 86' lang='grc'><strong>167.</strong></span> 
     </span>
    </p>
   </div>
  </div>
