4146 6388
476 293 614 350 1119

1453 293 1825 354 APPENDIX.
1857 327 1927 339 —
1945 289 2291 354 SYMEONIS
2321 287 2856 351 METAPHRASTE

3712 289 3879 350 1120

471 435 611 477 cum
631 418 769 476 ullis
797 435 1072 494 unquam
1097 419 1262 478 abiit:
1291 420 1398 478 sed
1413 421 1474 477 in
1497 437 1867 495 unoquoque
1886 421 2130 478 homine

2255 419 2438 492 ἡμέραν
2500 416 2554 469 ἐκ
2604 425 2698 480 τῆς
2755 419 3007 491 ἡμετέρας
3065 415 3247 478 ἀνοίας
3307 413 3667 488 αὐξανόμενος,
3736 418 3880 468 οὔτε

471 507 660 565 ﬁxum
685 514 742 565 et
779 514 979 565 ratum
1009 515 1235 580 manet,
1268 510 1435 583 quod
1465 511 1609 567 olim
1645 528 1678 567 ει
1703 511 1869 581 justo
1900 511 2130 566 dictum

473 601 580 653 est:
604 597 822 653 Nudus
854 613 1121 669 egressus
1140 615 1269 654 sum
1298 615 1372 655 ea:
1389 605 1556 655 utero
1578 602 1789 657 matris
1815 616 1980 668 mete,
2012 615 2128 655 nu-

477 686 589 742 dus
616 687 795 743 etiam
825 691 1162 745 revertar”.
1190 691 1266 760 (1)
1308 690 1517 744 Utrum
1566 689 1745 758 igitur
1775 689 1881 745 tibi
1930 687 2132 744 utilius

479 775 911 846 temporariam
937 777 1152 845 eligere
1177 775 1572 848 voluptatem,
1597 782 1654 832 et
1680 793 1788 850 per
1809 792 1946 834 eam
1976 775 2131 833 acci-

480 879 621 936 pere
648 869 935 921 aeternam
953 871 1207 922 mortem
1236 883 1248 920 :
1274 883 1353 923 an
1373 867 1588 924 virtute
1611 867 1940 924 excolenda
1965 867 2134 922 labo-

481 969 576 1009 res
607 959 663 1009 et
691 971 994 1011 aerumnas
1017 955 1318 1027 amplecti,
1351 961 1408 1014 et
1432 956 1588 1013 illius
1613 973 1727 1030 ope
1755 958 1940 1013 vitam
1961 961 2134 1014 aeter-

482 1055 627 1099 nam
655 1045 944 1116 consequi
967 1045 994 1100 ?
1016 1047 1093 1115 (2)
1115 1049 1262 1102 Nam
1285 1047 1554 1118 corporis
1582 1046 1856 1119 pondera
1876 1062 1948 1102 ex
1972 1045 2135 1103 truti-

476 1148 565 1188 na:
595 1133 914 1190 momentis
934 1135 1325 1192 aestimamus:
1353 1135 1462 1193 sed
1481 1153 1617 1209 quae
1639 1135 1700 1192 in
1722 1137 1842 1194 vita
1857 1135 2138 1206 eligenda

482 1227 640 1287 sunt,
667 1222 854 1279 libero
882 1225 1100 1280 animae
1135 1225 1383 1282 arbitrio
1427 1226 1798 1282 secernimus
1827 1243 1840 1281 :
1887 1224 2052 1297 quod
2079 1227 2136 1280 et

485 1317 776 1368 stateram
799 1314 1104 1385 Scriptura
1125 1315 1466 1371 nominavit
1489 1333 1500 1382 ;
1526 1315 1753 1387 quippe
1775 1314 1918 1386 quia
1938 1329 2135 1386 aequa-

478 1399 597 1455 lem
629 1400 708 1456 ad
731 1406 1054 1474 utrumque
1075 1401 1186 1475 47
1206 1406 1248 1474 1
1277 1403 1726 1460 inclinationem
1748 1403 2010 1475 recipere
2029 1418 2134 1474 po-

484 1493 613 1544 test.
645 1489 724 1561 (3)
750 1491 1018 1564 Exempli
1035 1509 1241 1562 causa,
1271 1493 1550 1548 scortatio
1581 1497 1636 1548 et
1657 1492 1948 1565 pudicitia
1969 1490 2136 1563 apud

484 1582 538 1634 te
571 1577 943 1648 judicantur,
976 1585 1032 1637 et
1053 1581 1289 1638 excelsa
1312 1586 1415 1638 tua
1445 1597 1619 1638 mens
1651 1580 1953 1653 ejusmodi
1973 1579 2132 1652 judi-

485 1666 578 1722 cio
610 1667 722 1724 sibi
743 1669 1076 1727 commisso
1099 1670 1381 1742 praesidet
1405 1688 1418 1739 ;
1444 1675 1623 1743 atque
1647 1669 1948 1742 voluptate
1972 1685 2136 1726 scor-

2244 505 2579 580 συμπροῆλθε
2621 509 2751 580 πρὸς
2820 509 2906 558 τόν
2975 504 3092 578 βίον
3146 507 3294 580 ἡμῖν,
3369 506 3485 557 οὔτε
3551 504 3879 563 συναπῆλθέ

2241 615 2380 648 τισιν
2407 617 2418 628 ·
2473 594 2598 646 ἀλλά
2639 599 2696 647 τό
2735 603 2806 666 τῷ
2864 591 3054 667 δικαίῳ
3103 596 3266 648 πάλαι
3312 595 3490 669 ῥηθὲν,
3533 591 3617 646 ἐπὶ
3658 596 3874 653 παντὸς

2243 683 2515 760 ἀνθρώπου
2580 688 2781 756 πέπηγε
2843 689 2930 737 καὶ
2986 701 3200 760 κρατει·
3263 687 3464 757 Γυμνός
3514 681 3725 745 ἐξῆλθον
3794 681 3867 734 ἐκ

2242 772 2442 834 κοιλίας
2506 778 2708 848 μητρὸς
2753 793 2874 845 μου,
2940 776 3137 846 ⁹γυμνὸς
3187 777 3276 826 καὶ
3344 771 3717 844 ἀπελεύσομαι.
3779 775 3865 824 Τί

2243 858 2330 916 οὖν
2390 881 2474 914 σοι
2546 861 3021 935 λυσιτελέστερον;
3091 866 3186 920 τὴν
3248 866 3570 935 πρόσκαιρον
3637 858 3865 912 ἑλέσθαι

2245 952 2404 1018 ζωὴν,
2445 956 2535 1004 καὶ
2576 948 2647 1004 δι’
2692 951 2823 1010 αὖτῆ
2837 972 2857 1013 ς
2896 952 2971 1022 (7)
3019 954 3107 1004 τόν
3146 951 3352 1003 αἰώνιον
3397 949 3569 1003 λαϐεῖν
3602 951 3860 1015 θάνατον,

2244 1040 2274 1100 ἦ
2307 1046 2401 1101 τὴν
2453 1040 2500 1094 ἐν
2539 1047 2601 1114 τῇ
2658 1039 2884 1098 ἀσκήσει
2933 1048 3030 1103 τῆς
3084 1039 3272 1114 ἀρετῆς
3327 1039 3560 1113 ἑλόμενον
3603 1040 3866 1092 κακοπά-

2246 1131 2409 1200 θειαν,
2452 1133 2615 1204 ταύτῃ
2658 1129 2886 1206 προξένῳ
2918 1133 3236 1203 χρήσασθαι
3266 1137 3362 1191 τῆς
3411 1128 3621 1180 αἰωνίου
3664 1129 3862 1196 ζωῆς;

2241 1221 2320 1281 Ti;
2343 1221 2434 1292 μὶν
2462 1222 2562 1293 γὰρ
2601 1227 2692 1272 τοῦ
2726 1225 2964 1292 σώματος
3012 1218 3176 1294 βάρη,
3219 1226 3335 1280 ταῖς
3364 1217 3448 1271 ἐπὶ
3495 1226 3594 1280 τῆς
3648 1219 3868 1290 τρυτά-

2241 1331 2330 1372 νης
2374 1311 2561 1384 ῥοπαῖς
2614 1305 2978 1380 δοκιμάζομεκ
3013 1329 3026 1342 ο
3065 1310 3132 1361 τὰ
3184 1305 3244 1360 δὲ
3297 1315 3386 1359 τοῦ
3437 1305 3559 1380 βίον
3614 1305 3864 1374 ἐκλεκτός,

2243 1409 2316 1471 τῷ
2349 1397 2671 1470 αὰτεξουσίῳ
2709 1406 2801 1458 τῆς
2848 1397 3036 1470 ψυχῆς
3070 1394 3436 1472 διακρίνομεν·
3478 1397 3502 1449 ὁ
3550 1402 3641 1450 καὶ
3689 1397 3868 1468 ζυγὸν

2247 1491 2509 1562 ὠνόμασεν
2540 1488 2569 1545 ἡ
2628 1491 2828 1560 Γραφή,
2864 1483 2958 1540 διὰ
2995 1490 3053 1540 τὸ
3084 1490 3206 1545 ἴσην
3257 1483 3522 1540 δύνασθαι
3570 1482 3868 1558 λαμϐάνειν

2246 1582 2340 1637 τήν
2386 1577 2547 1652 ῥοπὴν
2609 1574 2685 1649 ἐφ’
2725 1575 2960 1652 ἑκάτερα.
3023 1576 3146 1630 Οἶόν
3204 1593 3256 1629 τι
3298 1575 3451 1649 λέγω,
3505 1581 3718 1650 πορνεία
3759 1581 3868 1629 καὶ

2252 1668 2559 1740 σωφροσύνη
2613 1667 2758 1742 παρά
2803 1670 2886 1719 σοὶ
2933 1670 3183 1741 κρίνεται,
3236 1670 3328 1718 καὶ
3383 1665 3579 1737 ὑψηλός
3614 1666 3867 1738 προκαθ-

485 1757 695 1814 tationi
727 1759 986 1826 favente,
1020 1760 1200 1817 timor
1231 1761 1330 1816 Dei
1361 1762 1668 1834 suppetias
1685 1760 1843 1817 venit
1865 1759 2142 1816 castimo-

2255 1757 2421 1818 ίξεταί
2462 1774 2546 1809 σοι
2584 1756 2610 1807 6
2639 1762 2777 1822 νοῦς,
2809 1760 3208 1829 πεπιστευμένος
3245 1757 3303 1808 τὸ
3337 1752 3680 1830 δικαστήριον
3709 1771 3722 1783 ·
3760 1759 3866 1808 καὶ

487 1847 621 1902 nite.
650 1849 823 1914 Quod
846 1850 893 1904 si
916 1849 1209 1906 damnato
1237 1850 1822 1922 peccato,victoriam
1839 1849 2142 1922 pudicitiae

489 1934 746 2006 dederis,
762 1939 837 1994 de
857 1954 921 1993 re
948 1939 1308 1996 sententiam
1329 1945 1556 1996 rectam
1579 1939 1789 2006 tulisti;
1821 1940 1914 1996 sin
1937 1945 2143 1996 autem

490 2027 568 2083 ad
585 2027 958 2099 voluptatem
974 2028 1299 2096 inclinans,
1319 2029 1765 2102 praeferendum
1788 2045 1916 2084 esse
1933 2045 2147 2102 pecca-

488 2118 614 2170 tum
646 2115 1019 2187 pronunties,
1072 2115 1388 2190 obliquum
1446 2116 1633 2174 fecisti
1676 2116 1998 2189 judicium,
2038 2118 2143 2174 ob-

492 2205 713 2260 noxius
742 2205 935 2261 factus
961 2207 1351 2262 exsecrationi
1375 2207 1528 2278 ejus,
1552 2207 1657 2280 qui
1682 2206 1865 2263 dixit:
1902 2208 2016 2275 Vae,
2039 2208 2146 2279 qui

490 2293 691 2351 dicitis
707 2309 987 2350 amarum
1007 2295 1200 2362 dulce,
1224 2302 1277 2351 et
1294 2297 1470 2352 dulce
1486 2312 1761 2352 amarum
1784 2315 1796 2352 :
1821 2297 1926 2368 qui
1945 2297 2142 2352 dicitis

494 2381 682 2439 lucem
725 2381 1022 2449 tenebras,
1062 2391 1113 2440 et
1154 2384 1426 2440 tenebras
1468 2385 1656 2441 lucem
1681 2386 1746 2440 ιο.
1783 2386 1856 2456 (4)
1891 2384 2142 2450 Quando

493 2470 673 2540 igitur
687 2471 936 2542 singulae
961 2473 1208 2529 virtutes
1229 2490 1367 2530 cum
1395 2473 1646 2544 singulis
1671 2474 1824 2530 vitiis
1847 2475 2144 2545 judicium

496 2559 776 2625 subeunt,
811 2566 952 2616 tunc
991 2561 1360 2633 judiciorum
1392 2563 1807 2620 rectitudinem
1845 2563 2143 2620 ostendito

494 2647 556 2704 in
599 2649 833 2706 occulto
865 2651 1084 2707 anima:
1123 2657 1240 2708 tuae
1289 2652 1594 2715 tribunali.
1649 2657 2144 2726 praeceptumque

494 2738 670 2809 quasi
702 2754 1073 2798 assessorem
1107 2741 1403 2798 adhibens
1438 2741 1564 2811 tibi,
1597 2743 1804 2799 odium
1837 2744 1899 2799 in
1937 2743 2146 2816 nequi-

495 2829 642 2884 tiam
671 2834 839 2886 tuum
879 2838 1372 2902 commonstrato,
1409 2849 1696 2890 aversans
1728 2840 1997 2907 peccata,
2035 2833 2151 2889 vir-

501 2923 660 2974 tutes
692 2920 1035 2991 praeferens.
1058 2922 1114 2980 Si
1138 2923 1296 2979 enim
1328 2922 1474 2979 facis
1505 2929 1570 2980 ut
1600 2923 1660 2978 in
1688 2923 1938 2994 singulis
1969 2923 2151 2979 actio-

498 3006 679 3062 nibus
709 3008 950 3067 vincant
976 3011 1143 3084 apud
1175 3018 1228 3068 te
1258 3011 1528 3080 meliora,
1560 3012 1774 3069 beatus
1807 3013 1922 3068 eris
1954 3013 2026 3068 In
2059 3012 2154 3070 die

2251 1847 2280 1905 ἡ
2333 1849 2422 1918 μὲν
2466 1841 2629 1904 ἡδονή
2685 1851 2966 1921 συνηγορεῐ
3004 1850 3065 1918 τῇ
3110 1849 3340 1919 πορνείᾳ,
3383 1845 3409 1897 6
3463 1840 3522 1897 δὲ
3563 1845 3719 1916 φόϐος
3760 1852 3863 1897 τοῦ

2254 1942 2386 1990 Θεοῦ
2416 1943 2478 2008 τῇ
2537 1938 2842 2011 σωφροσύνῃ
2883 1939 3216 1990 συνίσταται.
3253 1934 3369 1988 Ἐὰν
3426 1936 3516 2006 μὲν
3558 1927 3646 1986 οὖν
3694 1952 3860 1986 κατα-

2253 2022 2479 2099 δικάσῃς
2520 2029 2614 2084 τὴν
2668 2025 2950 2100 ἁμαρτίαν,
3002 2022 3108 2096 δῷς
3158 2019 3218 2079 δε
3271 2033 3490 2083 νικῆσαι
3517 2028 3612 2082 τὴν
3653 2041 3855 2097 σωφρο-

2255 2118 2435 2183 σύνην,
2477 2115 2676 2168 εὐθεῖαν
2708 2113 2940 2174 ἕποιήσω
2987 2118 3082 2173 τὴν
3130 2117 3304 2190 κρίσιν
3347 2121 3440 2167 τοῦ
3485 2116 3801 2188 πράγματος
3838 2129 3854 2144 ο

2252 2202 2336 2256 ἐὰν
2368 2200 2508 2277 δέτῇ
2546 2199 2709 2272 ἡδονῇ
2759 2201 2884 2266 δοὺς
2913 2208 3005 2262 τὴν
3053 2204 3242 2278 ῥοπὴν,
3294 2206 3678 2277 προτιμοτέραν
3730 2201 3867 2255 ἀπο-

2252 2299 2412 2367 φήνῃς
2470 2297 2563 2352 τὴν
2630 2292 2912 2369 ἁμαρτίαν,
2973 2293 3178 2346 σκολιὸν
3245 2291 3475 2352 ἐποιήσω
3527 2295 3586 2344 τὸ
3667 2299 3861 2365 κρῖμα,

2252 2379 2507 2446 ὑπόδικος
2567 2387 2830 2455 γενόμενος
2889 2391 2952 2456 τῇ
3013 2381 3116 2456 ἀρᾷ
3158 2389 3250 2435 τοῦ
3314 2383 3585 2443 εἰπόντος’
3619 2380 3786 2450 Οὐαὶ,
3818 2383 3866 2433 οἱ

2249 2472 2478 2545 λέγοντες
2523 2476 2580 2524 τό
2635 2474 2820 2545 πικρὸν
2880 2470 3068 2544 γλυκὺ,
3127 2475 3218 2523 καὶ
3280 2474 3338 2524 τὸ
3409 2470 3577 2544 γλυκὺ
3626 2474 3844 2544 πικρόν.

2253 2566 2301 2616 οἱ
2364 2562 2594 2634 λέγοντες
2665 2564 2723 2614 τὸ
2781 2569 2886 2633 φῶς
2947 2565 3147 2624 σκότος,
3209 2565 3299 2613 καὶ
3364 2563 3425 2614 τὸ
3503 2564 3680 2622 σκότος
3730 2567 3854 2630 φῶς.

2254 2651 2394 2706 Ἐπεὶ
2426 2648 2512 2703 οὖν
2561 2657 2708 2704 πᾶσα
2751 2649 2904 2724 ἀρετή
2938 2654 3068 2726 πρὸς
3098 2656 3270 2704 πᾶσαν
3321 2654 3509 2703 κακίαν
3557 2645 3859 2708 διαδικάζει

2257 2761 2365 2809 ται,
2404 2746 2514 2794 τότε
2571 2736 2639 2799 δὴ
2692 2736 2954 2803 ἐπίδειξαι
2999 2745 3091 2800 τήν
3143 2742 3404 2798 εὐθύτητα
3439 2748 3542 2793 τῶν
3593 2740 3862 2815 χριμάτων

2259 2829 2309 2883 ἐν
2338 2837 2410 2900 τῷ
2441 2837 2654 2904 κρυπτῷ
2704 2847 2798 2882 σου
2847 2836 2942 2891 τῆς
2998 2828 3181 2901 ψυχῆς
3228 2833 3502 2904 κριτηρίῳ,
3559 2831 3648 2880 καὶ
3709 2829 3867 2880 οἱονεὶ

2259 2916 2520 2995 πάρεδρον
2599 2926 2799 2990 σεαυτῷ
2843 2922 2938 2977 τὴν
2995 2916 3191 2976 ἐντολὴν
3243 2921 3614 2992 ποιησάμενος,
3693 2913 3866 2979 δεῖξον

2261 3012 2318 3064 τό
2377 3012 2753 3086 μισοπόνηρον,
2814 3007 3254 3083 ἀποστρεφόμενος
3308 3013 3398 3084 μὲν
3450 3011 3539 3070 τὰς
3581 3008 3866 3082 ἁμαρτίας,

500 3096 635 3168 illa.
659 3114 791 3154 cum
814 3101 1120 3168 judicabil
1148 3103 1436 3158 Dominus
1467 3103 1706 3160 occulta
1732 3102 2037 3160 hominum
2071 3117 2146 3160 se-

2265 3100 2558 3174 ὑπερτιμῶν
2617 3095 2676 3152 δὲ
2737 3099 2825 3160 τὰς
2886 3097 3087 3174 ἀρετάς.
3157 3098 3274 3152 Ἐὰν
3329 3101 3430 3173 γὰρ
3490 3095 3564 3171 ἐφ’
3637 3097 3874 3158 ἑκάστης

500 3187 761 3243 cundum
792 3192 1167 3260 evangelium
1181 3197 1450 3247 nostrum
1472 3192 1511 3226 “
1536 3208 1549 3259 ;
1577 3195 1653 3260 et,
1680 3193 2154 3262 Cogitationibus

501 3275 657 3330 inter
676 3291 736 3332 se
753 3280 1439 3349 etaccusantibus,autet
1460 3280 1918 3350 defendentibus
1942 3283 2008 3350 ¹²,
2031 3296 2156 3338 non

501 3363 696 3420 abibis
737 3367 1179 3425 condemnatus
1210 3369 1376 3442 quod
1402 3369 1480 3425 ad
1513 3369 1673 3426 mala
1711 3370 2090 3428 inclinaveris
2137 3388 2150 3428 :

505 3453 611 3508 sed
637 3453 884 3524 justitiae
905 3458 1142 3513 coronis
1168 3458 1571 3527 honorabere,
1612 3459 1835 3532 quibus
1873 3460 2155 3518 virtutem

503 3557 613 3614 per
639 3559 880 3600 omnem
913 3551 1081 3602 tuam
1111 3547 1298 3603 vitam
1325 3549 1724 3605 coronaveris.
1757 3553 1830 3621 (ὅ)
1861 3549 2156 3615 Quemad-

506 3631 761 3690 modum
785 3635 944 3692 enim
975 3637 1319 3707 sagittarius
1344 3637 1614 3710 jaculum
1637 3641 1716 3696 ad
1744 3656 1997 3714 scopum
2019 3641 2156 3698 diri-

505 3721 607 3791 git,
633 3723 683 3779 si
713 3739 909 3797 neque
938 3727 1258 3796 excedens,
1289 3743 1486 3801 neque
1521 3728 1830 3800 deficiens,
1859 3745 2056 3804 neque
2093 3731 2156 3788 in

508 3810 858 3870 alterutram
891 3821 1125 3888 partem
1169 3816 1482 3874 declinans
1532 3817 1810 3876 aberrat:
1854 3819 1936 3875 sic
1976 3820 2158 3892 judex

507 3900 686 3958 debet
714 3902 788 3959 ad
825 3903 886 3960 id
913 3905 1080 3977 quod
1117 3907 1348 3978 justum
1393 3913 1482 3964 est
1511 3907 1850 3977 collineare,
1882 3925 1991 3966 nec
2025 3925 2157 3982 per-

508 4006 797 4047 sonarum
824 3993 1056 4050 habens
1082 3995 1377 4054 rationem
1410 3999 1762 4067 (Personam
1787 4000 1940 4056 enim
1976 4001 2039 4056 in
2056 4001 2158 4070 ju-

507 4077 662 4136 dicio
683 4097 1034 4152 cognoscere
1063 4085 1277 4142 bonum
1304 4103 1424 4144 non
1456 4095 1539 4144 est
1563 4089 1652 4158 ¹³),
1677 4104 1874 4160 neque
1899 4103 2159 4162 propen-

510 4166 676 4225 sione
709 4186 915 4240 agens,
946 4174 1052 4228 sed
1073 4180 1300 4232 rectam
1330 4177 1703 4249 minimeque
1733 4175 2044 4234 distortam
2075 4178 2157 4235 fe-

505 4272 645 4314 rens
684 4259 1061 4320 sententiam.
1092 4267 1157 4321 Et
1187 4281 1324 4321 cum
1358 4265 1480 4322 duo
1518 4263 1596 4322 ab
1635 4267 1771 4340 ipso
1789 4266 2155 4338 judicentur,

507 4364 769 4421 quorum
805 4349 955 4408 alter
977 4353 1114 4426 plus
1153 4371 1350 4428 aequo,
1385 4356 1534 4413 alter
1555 4355 1756 4412 minus
1794 4356 2036 4424 habeat,
2066 4357 2160 4414 de-

505 4435 607 4494 bet
630 4439 822 4510 judex
869 4442 1084 4500 ambos
1124 4444 1280 4502 inter
1329 4461 1393 4501 se
1443 4461 1779 4519 exaequare,
1822 4451 1878 4503 et
1925 4449 2160 4504 tantum

509 4527 703 4586 aufert
738 4529 788 4585 ei
815 4532 919 4604 qui
948 4531 1084 4605 plus
1111 4534 1254 4590 satis
1283 4534 1488 4602 habet,
1521 4540 1822 4608 quantum
1853 4535 1907 4593 ei
1935 4535 2040 4610 qui
2067 4536 2158 4592 in-

503 4616 728 4688 juriam
758 4621 1006 4694 accepit,
1039 4620 1248 4680 deesse
1278 4623 1693 4696 deprehendit.

2264 3189 2497 3264 πράξεως
2545 3194 2690 3260 νικᾷν
2746 3193 2972 3262 ποιήσῃς
3027 3189 3173 3263 παρὰ
3213 3193 3299 3241 σοὶ
3337 3190 3406 3242 τὰ
3451 3187 3712 3261 βελτίονα,
3767 3204 3869 3259 μα-

2264 3282 2443 3354 κάριος
2519 3281 2609 3352 ἔσῃ
2678 3277 2758 3332 Ἐν
2813 3286 2874 3351 τῇ
2935 3282 3105 3351 ἡμέρᾳ
3165 3277 3353 3351 ἐκείνη,
3424 3279 3545 3331 ὅταν
3619 3280 3770 3350 κρίνῃ
3842 3276 3872 3327 ὁ

2265 3371 2394 3430 Θεὸς
2458 3371 2523 3421 τὰ
2590 3369 2798 3442 κρυπτά
2853 3375 2952 3420 τῶν
3003 3365 3283 3442 ἀνθρώπων
3331 3369 3463 3420 κατά
3517 3370 3573 3419 τὸ
3627 3365 3872 3436 Εὐαγγέ-

2261 3456 2368 3511 λιον
2426 3459 2610 3531 ἡμῶν,
2679 3462 2789 3523 καὶ,
2854 3456 3062 3519 Μεταξὺ
3129 3455 3358 3516 ἀλλήλων
3430 3466 3528 3510 τῶν
3599 3456 3871 3528 λογισμῶν

2263 3550 2714 3621 κατηγορούντων,
2785 3547 2814 3606 ἣ
2879 3551 2969 3600 καὶ
3040 3545 3484 3620 ἀπολογουμένων,
3554 3546 3648 3600 οὐκ
3712 3544 3877 3620 ἀπέρ-

2264 3657 2339 3711 χῃ
2373 3633 2897 3710 καταδεδικασμένος
2929 3631 3022 3688 διὰ
3066 3640 3162 3696 τὴν
3206 3641 3338 3712 πρὸς
3380 3639 3446 3690 τὰ
3475 3635 3644 3710 φαῦλα
3679 3637 3869 3710 ῥοπὴν,

2264 3726 2392 3780 ἀλλὰ
2435 3733 2543 3789 τοῖς
2585 3735 2678 3788 τῆς
2723 3722 3069 3788 δικαιοσύνης
3111 3729 3384 3800 τιμηθήσῃ
3447 3727 3738 3799 στεφάνοις,
3792 3721 3873 3789 οἷς

2263 3819 2408 3893 παρὰ
2459 3818 2628 3870 πάντα
2677 3834 2771 3869 σου
2818 3820 2904 3869 τὸν
2955 3814 3071 3889 βίον
3102 3821 3189 3876 τὴν
3247 3815 3433 3890 ἀρετὴν
3477 3815 3866 3889 ἐστεφάνωσας.

2262 3905 2461 3980 Ὠσπερ
2501 3908 2602 3979 γὰρ
2642 3905 2668 3958 ό
2698 3905 2911 3968 τοξότης
2954 3909 3085 3980 πρὸς
3131 3909 3218 3959 τὸν
3269 3909 3464 3959 σκοπὸν
3505 3904 3781 3959 ἀπευθύνει
3812 3909 3871 3959 τὸ

2267 3994 2436 4070 βέλος,
2497 3999 2613 4049 οὔτε
2681 3995 3009 4070 ὑπερϐολαῖς,
3058 3998 3176 4049 οὔτε
3233 3993 3539 4068 ἐλλείψεσιν,
3579 3998 3698 4049 οὔτε
3754 4003 3873 4056 ταῖς

2266 4084 2338 4160 ἐφ’
2397 4083 2613 4160 ἑκάτερα
2663 4092 3026 4159 παρατροπαῑς
3093 4082 3398 4140 ἀποπλανῶν
3455 4091 3549 4145 τὴν
3615 4085 3822 4148 τοξείαν
3853 4107 3868 4120 ο

2265 4174 2428 4237 οὕτως
2461 4176 2485 4227 ὀ
2515 4178 2696 4250 κριτὴς
2724 4171 2910 4247 ὀφείλει
2939 4183 3030 4228 τοῦ
3081 4170 3292 4229 δικαίου
3337 4175 3868 4248 καταστοχάζεσθαι,

2266 4266 2382 4319 οὔτε
2436 4269 2697 4338 πρόσωπα
2737 4260 3009 4337 λαμϐάνων
3067 4265 3367 4340 (Γνωρίζειν
3428 4267 3527 4340 γὰρ
3582 4270 3868 4339 πρόσωπον

2265 4352 2314 4406 ἐν
2367 4358 2538 4428 κρίσει
2601 4352 2659 4406 οὐ
2725 4352 2925 4426 καλὸν),
2995 4357 3111 4408 οὔτε
3183 4364 3343 4408 ποιῶν
3405 4357 3542 4408 κατά
3616 4354 3871 4430 πρόσκλι-

2267 4464 2349 4498 σιν
2401 4445 2496 4515 (8),
2544 4440 2650 4496 ἀλλ’
2692 4443 2890 4506 εὐθείας
2942 4449 3033 4498 καὶ
3085 4441 3475 4520 ἀδιαστρόφους
3513 4445 3734 4522 ἐκφέρων
3773 4449 3872 4509 τὰς

2264 4539 2485 4609 κρίσεις.
2546 4537 2647 4588 Καὶ
2714 4529 2814 4587 δύο
2872 4539 3180 4608 κρινομένων
3251 4536 3374 4610 παρ’
3427 4539 3586 4607 αὐτῷ,
3653 4543 3748 4588 τοῦ
3816 4555 3868 4589 τε

2264 4624 2703 4693 πλεονεκτοῦντος,
2734 4627 2824 4677 καὶ
2861 4631 2954 4677 τοῦ
3009 4629 3066 4678 τὸ
3125 4624 3331 4679 ἔλαττον
3389 4628 3624 4699 ἔχοντος,
3678 4625 3869 4698 ὀφείλει

510 4706 666 4770 αὐτὸς
733 4708 982 4764 ἵστασθαι
1048 4709 1303 4766 ἒπανισῶν
1361 4713 1545 4776 αὐτοὺς
1590 4719 1722 4788 πρὸς
1773 4714 2044 4789 ἀλλήλους,
2102 4718 2193 4768 καὶ
2252 4722 2499 4768 τοσοῦτον
2559 4713 2790 4788 ἀφαιρῶν
2857 4721 2949 4767 τοῦ
3019 4715 3384 4789 ὑπερέχοντος,
3447 4717 3566 4768 ὅσον
3632 4714 3870 4768 ἐλαττούο

509 4813 657 4867 μενον
695 4797 922 4872 εὑρίσκει
953 4802 1039 4854 τὸν
1069 4798 1430 4876 ἀδικούμενον.

582 4888 636 4942 3.
671 4885 741 4958 (6)
781 4890 930 4946 Nam
958 4893 1376 4963 possessiones
1403 4892 1650 4967 reliquae
1686 4909 1809 4952 non
1848 4899 1990 4954 sunt
2016 4910 2158 4970 pos-

511 4987 816 5039 sessorum
841 4980 1036 5050 magis
1055 4997 1240 5056 quam
1256 4981 1665 5066 quorumlibet
1692 5000 1796 5042 eas
1827 4984 2160 5065 adipiscen-

583 5145 603 5182 θ
624 5145 756 5204 Job.
783 5165 824 5218 ι,
849 5152 940 5206 21.
1026 5150 1072 5187 ¹⁰
1101 5154 1214 5210 lsa.
1238 5169 1294 5223 v,
1325 5154 1415 5210 20.
1496 5155 1536 5202 ί¹
1565 5156 1734 5212 Rom.
1760 5155 1819 5227 il,
1848 5157 1934 5213 l0.

798 5326 1008 5413 homil.
1040 5328 1104 5385 in
1132 5344 1223 5399 ps.
1255 5346 1369 5403 LXI,
1399 5331 1518 5390 197.

693 5401 1022 5555 ἕὲίῗὶὶοωῦ.
1055 5471 1118 5528 in
1143 5470 1410 5543 princip.
1440 5475 1752 5544 Proverb.,
1790 5479 1908 5533 106.

585 5543 663 5612 (4)
693 5543 843 5601 Ibid.

584 5614 840 5684 (5)1bid.
869 5617 989 5670 105.

2014 5156 2059 5192 ¹²
2090 5154 2238 5214 ibid.
2275 5158 2362 5214 1‘5.

2337 4898 2389 4953 3.
2430 4895 2507 4950 Τά
2559 4895 2650 4970 μὲν
2713 4896 2815 4971 γὰρ
2863 4892 2994 4951 ἄλλα
3033 4903 3134 4950 τῶν
3189 4898 3489 4971 κτημάτων,
3548 4895 3608 4948 οὐ
3676 4894 3868 4970 μᾶλλον

2265 4993 2364 5041 τῶν
2419 4983 2645 5059 ἑχόντων
2716 4987 2745 5045 ἣ
2818 4988 2909 5039 καὶ
2976 4987 3276 5041 οὑτινοσοῦν
3344 4992 3443 5040 τῶν
3514 4983 3866 5060 ἐπιτυχόντων

2446 5157 2492 5192 ¹³
2521 5159 2693 5214 Prov.
2731 5172 2885 5228 xxxv,
2919 5159 3010 5212 23.

2370 5336 2423 5409 6)
2455 5335 2538 5410 Ex
2568 5352 2748 5410 serm.
2777 5336 2863 5394 De
2893 5335 3156 5407 legendis
3175 5335 3342 5410 libris
3377 5337 3712 5410 gentilium,
3753 5340 3865 5394 177.

2365 5406 2420 5478 7)
2452 5408 2527 5461 Δι’
2560 5409 2738 5470 αὐτῆς.
2775 5410 2867 5467 Sic
2896 5406 3144 5479 uterque
3175 5406 3394 5465 codex:
3411 5409 3560 5466 Editi
3584 5406 3659 5462 δι’
3686 5410 3867 5469 αὐτὴν·

2270 5481 2405 5554 mox
2421 5481 2483 5536 in
2515 5485 2798 5554 contextu
2826 5488 2923 5554 τῆς
2951 5479 3156 5554 αἰωνίου
3179 5491 3342 5554 τρυφῆ
3356 5503 3395 5543 ς.

2341 5552 2417 5623 (8)
2450 5552 2788 5625 Πρόστιλισιν.
2843 5553 2936 5625 Sic
2963 5552 3026 5608 in
3073 5552 3354 5609 contextu
3395 5556 3553 5625 recte
3583 5553 3874 5625 emenda-

2268 5625 2397 5684 tum
2417 5623 2682 5683 est.Editi
2706 5623 3279 5708 πρόκλησινᾸΠθιθίιιιθ
3305 5623 3496 5682 codex
3522 5624 3872 5706 πρόσκλησιν.
