4146 6394
254 343 386 403 1121

1315 321 1545 386 SERMO
1583 322 1626 376 l.
1654 349 1724 361 —
1763 318 1854 376 DE
1891 314 2188 373 VIRTUTE
2224 314 2309 371 ET
2345 312 2551 370 VITIO.
2889 330 2913 345 ι

3484 317 3622 374 1122

250 472 391 527 ἐστὶν
435 469 609 542 ὥσπερ
651 464 700 518 ἐν
749 458 945 533 παιδιᾷ
992 456 1184 525 κύϐων,
1242 449 1375 528 τῇδε
1425 448 1637 503 κάκεῖσε
1694 443 1899 518 μετα-ἐ

1985 440 2130 508 ium,
2164 440 2389 513 quippe
2422 453 2561 493 cum
2590 438 2752 494 velut
2770 439 2832 495 in
2854 441 3217 497 tesserarum
3243 440 3391 497 ludo
3423 440 3539 497 huc
3564 445 3623 498 et

250 560 552 632 ϐαλλόμενα·
602 559 734 630 μόνη
791 549 850 605 δὲ
898 549 1175 622 κτημάτων
1246 546 1277 603 ἡ
1349 542 1504 619 ἀρετὴ
1579 535 1851 609 ἀναφαίρε-

250 671 361 721 τον,
408 630 518 701 ᾐκαὶ
605 646 762 706 ζῶντι
834 644 924 693 καὶ
1001 636 1370 694 τελευτήσαντι
1452 630 1850 705 παραμένουσα.

249 712 402 793 Ὅθεν
452 734 518 796 δὴ
569 738 656 789 καὶ
695 732 856 786 Σόλων
888 746 980 802 μοι
1009 723 1155 781 δοκεῖ
1203 725 1333 799 πρός
1361 724 1480 782 τοὺς
1509 719 1756 794 εὐπόρους
1786 712 1856 767 εἰ·

253 836 366 884 πεῖν
395 831 476 899 τό,

750 927 928 1000 Ἡμεῖς
957 923 1132 985 αὐτοῖς
1163 919 1222 975 οὐ
1255 916 1646 992 διαμειψόμεθα

259 1031 360 1084 Τῆς
400 1020 584 1097 ἀρετῆς
622 1019 708 1070 τόν
747 1014 991 1069 πλοῦτον·
1031 1010 1139 1064 ἐπεὶ
1172 1010 1231 1062 τό
1261 1009 1352 1082 μὲν
1374 1000 1595 1080 ἔμπεδον
1625 1001 1749 1067 αἰεὶ,

437 1092 703 1185 Χρήματα
751 1100 803 1159 δ’
834 1101 1116 1177 ἀνθρώπων
1151 1097 1329 1150 ἄλλοτε
1367 1092 1514 1154 ἄλλος
1543 1095 1676 1164 ἔχει.

333 1275 421 1326 Διὸ
479 1269 661 1345 ἀρετῆς
712 1266 835 1332 ὑμῖν
886 1261 1233 1336 ἐπιμελητέον,
1283 1254 1323 1310 ὦ
1373 1257 1658 1330 ἄνθρωποι,
1690 1253 1721 1311 ἦ
1769 1255 1860 1304 καὶ

259 1364 621 1433 ναυαγήσαντι
675 1357 1075 1425 συνεκνήχεται,
1121 1353 1211 1402 καὶ
1250 1345 1334 1400 ἐπι
1380 1353 1478 1407 τῆς
1523 1347 1726 1416 χέρσου
1778 1358 1861 1412 γε·

259 1426 464 1524 νόμενον
510 1448 705 1521 γυμνὸν
762 1448 1066 1518 τιμιώτερον
1120 1433 1386 1499 ἀποδείξει
1441 1441 1540 1485 τῶν
1611 1426 1859 1501 εὐδαιμό-

259 1515 376 1598 νων.
438 1515 539 1593 Καὶ
581 1515 731 1590 ὀὕτω
770 1515 1071 1608 βιώσωμεν,
1114 1532 1182 1589 ὡς
1236 1515 1503 1601 μηδέποτε
1550 1523 1616 1573 τὰ
1676 1517 1862 1592 παρελ-

264 1634 419 1685 θόντα
464 1631 734 1701 κρείττονα
785 1618 915 1676 εἶναι
970 1628 1070 1672 τῶν
1129 1615 1431 1691 μελλόντων·
1499 1606 1656 1670 Μηδὲ
1704 1608 1859 1661 εἴπω-

259 1740 371 1794 μεν,
429 1718 510 1771 ὅτι
559 1717 614 1768 αἱ
661 1716 852 1787 ἡμέραι
904 1708 961 1762 αἰ
1010 1711 1259 1783 πρότερον
1305 1702 1501 1775 ἀγαθαὶ
1544 1696 1679 1758 ἦσαν
1731 1699 1860 1770 ὑπὲρ

1960 529 2101 586 illuc
2138 527 2601 586 transferantur.
2654 529 2852 585 Virtus
2884 534 3087 587 autem
3108 546 3181 587 ex
3219 531 3624 604 possessioni-

1957 617 2077 674 bus
2135 617 2265 676 sola
2312 622 2402 673 est
2433 633 2571 689 quae
2601 624 2866 690 nequeat
2915 618 3159 691 auferri,
3192 623 3251 677 et
3290 621 3516 676 viventi
3551 636 3623 676 ac

1960 713 2200 765 mortuo
2220 723 2344 764 non
2361 707 2530 763 desit.
2561 705 2729 764 Unde
2752 710 2806 764 et
2829 707 3011 766 Solon
3031 708 3182 765 mihi
3209 709 3447 766 videtur
3473 708 3625 766 illud

1963 801 2044 859 ad
2073 799 2290 856 divites
2316 796 2534 853 dicere.

2221 906 2515 963 Virtutem
2546 920 2667 961 non
2696 905 2852 961 mihi
2874 906 3096 962 divitiis

1964 999 2324 1056 Permutare
2355 996 2522 1064 libet;
2575 1009 2834 1065 namque
2865 995 2990 1051 hac
3030 995 3299 1051 consistit
3314 996 3376 1052 in
3408 1010 3623 1066 aevum,

2175 1085 2411 1141 Divitiae
2431 1083 2650 1141 cedunt
2670 1099 2835 1140 nunc
2856 1082 2986 1145 tibi,
3020 1099 3186 1140 nunc
3206 1083 3336 1141 alii.

2040 1250 2115 1322 (t)
2140 1251 2335 1315 Quare
2354 1245 2644 1303 habenda
2673 1248 2762 1301 est
2780 1244 2975 1312 vobis,
2998 1260 3034 1302 ο
3060 1244 3361 1316 homines,
3392 1246 3630 1303 virtutis

1967 1354 2134 1408 cura,
2166 1352 2301 1410 quas
2332 1340 2388 1393 et
2416 1351 2538 1391 una
2563 1351 2703 1390 cum
2723 1334 3042 1404 naufragio
3064 1338 3290 1401 enatat,
3307 1338 3364 1392 et
3392 1336 3630 1392 nudum

1966 1428 2031 1485 in
2054 1432 2272 1484 terram
2297 1425 2557 1497 ejectum
2582 1422 2856 1480 felicibus
2870 1422 3082 1479 reddet
3101 1423 3627 1482 venerabiliorem.

1969 1518 2047 1587 (2)
2074 1518 2265 1589 Atque
2292 1514 2374 1570 ita
2413 1513 2598 1569 vitam
2633 1511 3044 1581 instituamus,
3077 1516 3143 1567 ut
3171 1528 3308 1585 qua;
3337 1515 3634 1586 praeterie-

1968 1609 2129 1675 runt,
2152 1618 2470 1677 nunquam
2499 1601 2750 1657 meliora
2801 1600 2918 1657 sint
2959 1601 3352 1674 sequentibus
3383 1620 3396 1658 :
3428 1603 3520 1661 Ne
3547 1604 3635 1659 di-

1969 1695 2153 1764 :reris,
2178 1694 2323 1765 quia
2352 1692 2476 1748 dies
2502 1692 2737 1760 priores
2763 1695 2939 1747 erant
2973 1690 3113 1746 boni
3140 1705 3323 1761 super
3343 1692 3448 1748 hos
3475 1692 3541 1746 η.
3577 1691 3637 1750 Si

259 1778 471 1870 ταύτας.
525 1807 641 1859 Ἐὰν
869 1801 925 1852 αἱ
994 1778 1330 1870 προάγουσαι
1378 1794 1571 1864 ἡμέραι
1630 1786 1899 1862 βελτίους]

1984 1783 2134 1840 enim
2163 1781 2291 1837 dies
2317 1779 2547 1853 priores
2577 1778 3011 1850 posterioribus
3041 1783 3183 1835 sunt
3220 1779 3519 1850 meliores,
3553 1780 3639 1836 di-

264 1899 364 1953 ὦσι
419 1905 518 1950 τῶν
570 1894 702 1968 μετὰ
764 1896 951 1956 ταῦτα,
1015 1886 1340 1957 λεχθήσεται
1419 1883 1567 1953 ἡμῖν.
1616 1884 1867 1931 Τοσαῦτα

271 1989 480 2042 ἐπάθετε
528 1983 661 2048 εἰκῆ,
720 1978 1124 2053 ἀμαυρουμένων
1185 1980 1285 2024 τῶν
1347 1969 1515 2023 καλῶν
1590 1968 1689 2019 ὑπὸ
1772 1974 1868 2027 τῆς

270 2077 318 2130 ἓν
348 2082 458 2138 τοῖς
496 2073 712 2141 ὕστερον
751 2065 1008 2140 ἀμελείας.
1051 2061 1254 2137 Ὠσπερ
1307 2061 1409 2134 γὰρ
1457 2057 1482 2109 ὁ
1525 2055 1870 2129 τελειούμενος

266 2173 373 2227 τοῖς
421 2160 710 2235 ἔμπροσθεν
750 2154 1106 2218 ἐπεκτείνεται,
1162 2149 1326 2210 οὕτως
1380 2148 1406 2199 ό
1456 2145 1762 2220 ἁμαρτάνων
1804 2142 1872 2205 εἰς

266 2257 326 2307 τό
366 2230 585 2305 κατόπιν
645 2239 974 2303 ἀναποδιζει.
1007 2243 1099 2301 Τίς
1154 2235 1214 2292 δὲ
1252 2239 1445 2311 μείζων
1502 2237 1691 2296 κακίας
1737 2230 1872 2285 ἀπό-

269 2341 453 2410 δειξις,
498 2340 528 2398 ἢ
580 2338 610 2396 ἡ
656 2341 749 2388 τοῦ
794 2333 996 2404 ἀγαθοῦ
1027 2325 1434 2402 ἐγκατάλειψις;
1469 2329 1592 2393 Καὶ,
1622 2326 1873 2398 πονηρίας

265 2428 548 2505 ὑπερϐολὴ,
597 2428 656 2478 τὸ
713 2420 1003 2495 παροξῦναι
1046 2420 1134 2470 τόν
1190 2415 1386 2488 ἀγαθόν
1425 2418 1516 2466 καὶ
1561 2418 1748 2485 πρᾶον.
1802 2413 1872 2464 Τό

266 2500 373 2594 γὰρ.
442 2521 672 2589 ἔσχατον
739 2510 787 2564 ἐν
848 2511 1095 2581 πονηρίᾳ,
1148 2510 1239 2559 καὶ
1311 2507 1446 2578 πρός
1520 2502 1671 2555 ἑαυτό
1734 2500 1873 2553 ἐστιν

268 2610 603 2681 ἀσύμφωνον.
636 2605 726 2654 καὶ
785 2601 917 2652 ἔοικε
968 2599 1025 2649 τό
1069 2597 1251 2659 κακὸν,
1305 2593 1363 2645 οὐ
1406 2600 1481 2662 τῷ
1511 2589 1692 2662 ἀγαθῷ
1733 2587 1874 2642 ἐναν-
1900 2652 1913 2669 κ

267 2697 514 2753 τιοῦσθαι
562 2695 739 2765 μόνον,
796 2687 926 2740 ἀλλὰ
980 2688 1072 2736 καὶ
1124 2683 1249 2735 αὐτὸ
1304 2682 1488 2751 ἐαυτῷο
1537 2679 1738 2753 Ὠσπερ
1784 2674 1873 2730 οὖν

270 2790 496 2847 ἡττᾶται
546 2783 732 2839 σκότος
765 2784 828 2848 τῇ
886 2780 978 2827 τοῦ
1021 2774 1190 2845 φωτός
1226 2774 1517 2845 παρουσίᾳ,
1549 2773 1639 2821 καὶ
1664 2773 1874 2821 νικᾶται

270 2880 418 2935 νόσος
464 2879 526 2945 τῇ
602 2877 699 2930 τῆς
736 2866 913 2938 ὑγείας
970 2858 1249 2934 ἐπιδημίᾳ,
1300 2863 1392 2912 καὶ
1438 2859 1467 2916 ἡ
1514 2857 1628 2910 κατ’
1687 2854 1874 2929 ἀρετὴν

273 2965 509 3039 προκοπὴ
562 2958 645 3012 ἐπὶ
682 2958 741 3009 τό
794 2953 971 3027 μεῖζον
1020 2949 1122 3003 ἀπὸ
1177 2955 1278 3003 τῶν
1323 2948 1600 3002 ἐλαττόνων
1643 2948 1738 3004 τὴν
1783 2946 1876 2996 αὔ-

276 3034 429 3120 ξησιν
486 3053 618 3124 ἔχει’
670 3046 805 3100 οὕτω
855 3048 944 3097 καὶ
991 3044 1021 3100 ἡ
1073 3049 1171 3103 τῆς
1225 3044 1414 3101 κακίας
1455 3041 1620 3111 χύσις
1645 3034 1745 3090 ἀπὸ
1774 3043 1876 3089 τῶν

1974 1876 2138 1929 cetur
2162 1870 2338 1927 nobis
2367 1886 2380 1925 :
2408 1871 2605 1925 Tanta
2627 1869 2797 1938 passi
2816 1869 2955 1924 estis
2985 1869 3113 1925 sine
3134 1884 3319 1926 causa
3345 1870 3390 1905 ³⁵
3411 1871 3438 1927 ?
3458 1869 3636 1927 bonis

1975 1961 2055 2018 ad
2083 1959 2340 2017 nihilum
2369 1957 2631 2015 redactis
2656 1972 2782 2030 prae
2807 1956 3217 2033 subsequente
3247 1957 3635 2028 negligentia.

1980 2056 2057 2119 (3)
2090 2047 2623 2116 Quemadmodum
2653 2045 2815 2103 enim
2851 2045 2904 2102 is
2948 2046 3055 2118 qui
3085 2045 3164 2102 ad
3208 2046 3637 2119 perfectionem

1978 2138 2307 2207 contendit,
2336 2136 2399 2194 in
2427 2135 2727 2193 anteriora
2758 2134 3141 2207 progreditur
3170 2152 3183 2190 :
3217 2135 3300 2192 ita
3354 2136 3459 2208 qui
3492 2150 3636 2209 pec-

1979 2233 2097 2302 cat,
2122 2228 2298 2301 472
2331 2230 2485 2283 retro
2515 2225 2735 2298 pedem
2765 2224 2962 2281 refert.
2993 2224 3071 2297 (4)
3091 2225 3411 2291 Quodnam
3436 2231 3642 2283 autem

1980 2319 2181 2390 majus
2211 2316 2451 2373 malitiae
2483 2318 2934 2384 argumentum,
2953 2330 3142 2387 quam
3169 2329 3205 2370 a
3228 2314 3393 2371 bono
3423 2314 3642 2371 deﬁce-

1980 2408 2086 2467 re?
2146 2409 2465 2464 Summum
2523 2410 2613 2460 est
2640 2402 2979 2478 pravitatis,
3033 2402 3267 2458 bonum
3313 2418 3384 2459 ac
3436 2404 3645 2461 mitem

1983 2512 2364 2570 exasperare.
2400 2494 2571 2561 Quod
2599 2494 2758 2549 enim
2798 2492 2860 2549 in
2892 2491 3279 2565 improbitate
3306 2496 3646 2550 extremum

1984 2591 2091 2657 est,
2128 2585 2292 2641 idem
2350 2584 2531 2639 etiam
2589 2597 2797 2637 secum
2836 2580 3038 2653 ipsum
3078 2584 3330 2653 pugnat.
3365 2582 3441 2654 (5)
3489 2581 3649 2639 Solet

1984 2675 2146 2732 enim
2176 2673 2409 2729 malum
2433 2686 2558 2727 non
2589 2669 2789 2726 solum
2819 2668 3005 2735 bono,
3039 2669 3144 2724 sed
3175 2668 3359 2725 etiam
3407 2669 3647 2727 sibime-

1985 2762 2122 2835 tipsi
2152 2758 2483 2817 adversari.
2526 2756 3122 2825 Quemadmodmum
3176 2757 3358 2828 igitur
3396 2758 3646 2816 vincun-

1985 2859 2084 2909 tur
2113 2850 2378 2907 tenebree
2398 2848 2550 2904 lucis
2574 2845 2915 2920 praesentia,
2932 2851 3369 2918 superaturque
3388 2847 3643 2904 morbus

1989 2939 2261 2996 sanitatis
2319 2937 2584 2994 adventu
2639 2937 2717 3007 (6)
2757 2951 2827 2992 ac
2857 2950 3219 3007 progressus
3248 2933 3310 2990 in
3337 2935 3575 3008 virtute,
3609 2953 3647 2994 a

1988 3027 2328 3086 minoribus
2383 3025 2463 3082 ad
2518 3023 2757 3095 majora
2797 3024 2960 3095 capit
3009 3022 3449 3079 incrementum
3508 3043 3521 3081 :
3562 3025 3648 3083 ita

277 3140 662 3216 ὑποδεεστέρων
718 3144 818 3189 τῶν
858 3132 913 3196 ἐξ
960 3131 1133 3208 ἀρχῆς
1184 3128 1269 3184 ἐπὶ
1324 3132 1384 3183 τὸ
1416 3127 1695 3187 ἀνήκεστον
1738 3129 1878 3201 φέρε-

1990 3116 2233 3175 malitiae
2263 3114 2481 3172 effusio
2508 3130 2545 3170 a
2567 3112 2774 3186 parvis
2804 3110 3094 3178 initiis,ad
3117 3110 3348 3184 aliquid
3374 3111 3648 3170 immedi-

277 3254 385 3290 ται.
410 3215 581 3306 Ἀρχὴ
620 3223 679 3280 δὲ
715 3226 842 3299 πρός
870 3226 964 3280 τὴν
1004 3218 1260 3292 ἀνάληψιν
1300 3226 1400 3272 τῶν
1452 3217 1641 3286 καλῶν,
1678 3218 1708 3276 ἠ
1749 3215 1871 3268 ἀνα-

278 3303 525 3397 χώρησις
596 3323 696 3369 τῶν
773 3319 967 3367 κακῶν.
1024 3308 1292 3363 Ἐκκλινον
1347 3310 1473 3383 γὰρ,
1546 3311 1727 3380 φησὶν,
1778 3303 1879 3357 ἀπο

278 3394 466 3477 κακοῦ,
510 3410 601 3459 καὶ
646 3407 868 3462 ποίησον
917 3399 1133 3471 ἀγαθόν.
1193 3398 1254 3451 Εἰ
1319 3399 1420 3471 γὰρ
1495 3394 1649 3458 εὐθύς
1706 3413 1878 3469 προσ-

278 3499 425 3555 έϐαλε
485 3515 568 3549 σοι
620 3495 687 3546 τὰ
729 3490 916 3556 τέλεια,
956 3486 1271 3550 ἀπωκνησας
1323 3485 1384 3538 ἂν
1417 3489 1547 3558 πρὸς
1580 3489 1674 3544 τὴν
1705 3482 1880 3555 ἐγχεί-

277 3608 454 3666 ρησινο
510 3588 622 3637 νυνὶ
661 3578 721 3635 δὲ
773 3586 879 3640 τοῖς
927 3576 1317 3650 εὐληπτοτέροις
1355 3594 1413 3628 σε
1436 3574 1760 3648 προσεθίζει,
1793 3576 1880 3625 ἵνα

276 3662 688 3747 κατατολμήσῃς
724 3678 825 3723 τῶν
857 3666 1003 3743 ἐφεξῆ
1018 3687 1058 3729 ς.
1086 3665 1175 3727 Ὡς
1230 3667 1332 3738 γὰρ
1385 3664 1468 3717 ἐπὶ
1522 3671 1618 3726 τῆς
1683 3662 1878 3737 κλίμα-

275 3787 361 3829 κος
415 3769 591 3841 πρώτη
643 3757 919 3821 ἀνάϐασις,
962 3757 993 3814 ἡ
1027 3762 1125 3818 τῆς
1150 3762 1248 3827 ’γῆς
1296 3751 1660 3826 ἀναχώρησις·
1714 3753 1878 3816 οὕτως

277 3855 361 3908 ἐπὶ
400 3861 491 3915 τῆς
528 3852 664 3905 κατά
699 3850 827 3902 Θεὸν
870 3844 1151 3911 πολιτείας,
1195 3841 1340 3919 ἀρχὴ
1383 3849 1680 3916 προκοπῆς,
1712 3844 1738 3895 ό
1779 3851 1878 3896 τῶν

275 3952 448 3997 κακῶν
508 3942 803 4016 χωρισμός.
860 3933 991 3997 Ἐως
1051 3936 1142 4007 μὲν
1198 3928 1286 3984 οὖν
1306 3933 1493 3994 νήπιός
1542 3931 1682 3984 ἐστιν
1755 3932 1877 3985 ἔκα-

278 4053 398 4095 στος
439 4033 609 4106 ἡμῶν,
649 4030 709 4081 τὸ
758 4025 805 4080 ἐν
834 4032 907 4096 τῷ
953 4026 1174 4097 παρόντι
1211 4016 1318 4081 ἡδὺ
1364 4016 1589 4088 διώκων,
1625 4016 1877 4095 οὐδεμίαν

275 4131 367 4177 τοῦ
427 4122 700 4197 μέλλοντος
754 4112 1074 4188 κηδεμονίαν
1125 4117 1373 4165 ποιεῖται·
1410 4109 1538 4186 ἀνὴρ
1580 4107 1639 4165 δὲ
1667 4115 1879 4184 γενόμε-

274 4234 379 4281 νος,
433 4215 564 4287 μετά
640 4212 728 4262 τὸν
793 4204 1128 4281 ἀπαρτισμὸν
1174 4208 1275 4256 τῶν
1331 4200 1556 4269 ἐννοιῶν,
1617 4200 1724 4253 οἷον
1755 4202 1879 4276 όρᾷν

278 4300 426 4356 δοκεῖ
470 4305 556 4355 τὸν
606 4297 723 4374 βίον
764 4296 904 4368 αὐτῷ
951 4292 1271 4367 σχιζόμενον
1301 4294 1433 4366 πρὸς
1462 4291 1650 4367 ἀρετὴν
1677 4295 1767 4343 καὶ
1789 4308 1881 4342 καλ

275 4397 408 4445 κίαν·
464 4395 554 4443 καὶ
606 4390 799 4442 πυκνόν
838 4388 970 4458 πρός
1015 4382 1250 4455 ἑκάτερον
1279 4383 1338 4432 τό
1381 4384 1526 4453 ὀμμα
1565 4388 1659 4442 τῆς
1693 4380 1883 4453 ψυχῆς

275 4484 661 4554 μεταστρέφων,
722 4472 1029 4546 παράλληλα
1089 4475 1252 4546 κρίνει
1290 4471 1356 4522 τὰ
1426 4469 1651 4544 ἐκατέρῳ
1717 4489 1880 4542 προσ-

277 4571 418 4624 όντα.
450 4571 552 4621 Καὶ
600 4567 625 4617 ὁ
675 4566 766 4637 μὲν
796 4570 897 4614 τῶν
936 4557 1252 4633 ἁμαρτωλῶν
1293 4556 1409 4631 βίος
1437 4559 1610 4610 πάντα
1640 4555 1881 4611 δείκνυσι

275 4658 340 4709 τὰ
390 4663 479 4709 τοῦ
529 4656 784 4728 παρόντος
833 4649 1018 4710 αἰῶνος
1074 4648 1286 4720 τερπνοί·
1343 4647 1368 4697 ὁ
1419 4641 1478 4698 δὲ
1533 4654 1631 4697 τῶν
1659 4643 1878 4699 δικαίων

274 4749 408 4820 μόνα
443 4746 715 4817 ὑποφαίνει
753 4742 820 4793 τὰ
869 4744 961 4791 τοῦ
1010 4734 1278 4810 μέλλοντος
1333 4732 1522 4807 ἀγαθά.
1572 4738 1672 4789 Καὶ
1710 4737 1740 4794 ἠ
1788 4739 1879 4809 μὲν

274 4844 375 4889 τῶν
409 4837 710 4906 σωςομένων
741 4825 883 4902 ὁδός,
927 4829 1050 4880 ὅσον
1079 4823 1214 4877 καλὰ
1253 4825 1595 4897 ὑπισχνεῖται
1643 4826 1710 4876 τὰ
1755 4825 1879 4899 μέλ-ο

272 4925 447 4994 λοντα,
499 4927 749 4976 τοσοῦτον
802 4918 1023 4972 ἐπίπονα
1062 4919 1357 4988 παρέχεται
1387 4914 1454 4966 τὰ
1476 4918 1732 4988 παρόντα·
1763 4916 1788 4967 ό
1821 4911 1883 4969 δὲ

273 5011 412 5077 ἡδὺς
464 5018 554 5066 καὶ
612 5010 902 5070 ἀκόλαστος
960 5005 1075 5080 βίος
1126 5003 1255 5076 οὐχὶ
1302 5000 1745 5078 προσδοκωμένην
1812 5005 1883 5070 εἰς

1991 3205 2185 3263 cabile
2216 3202 2571 3260 devolvitur.
2604 3202 2676 3272 (7)
2706 3202 2886 3256 Porro
2916 3199 3285 3272 principium
3341 3200 3648 3259 bonorum

1992 3293 2505 3369 acquirendarum
2536 3294 2625 3347 est
2672 3304 2944 3345 recessus
3001 3304 3037 3345 a
3089 3288 3273 3345 malo.
3308 3290 3565 3347 Declina
3612 3306 3651 3348 a

1989 3385 2167 3454 malo,
2191 3382 2405 3455 inquit,
2436 3386 2490 3437 et
2506 3380 2615 3450 fac
2647 3379 2864 3435 bonum
2890 3379 2954 3434 ¹⁶.
2990 3378 3067 3450 (8)
3092 3377 3320 3434 Etenim
3352 3378 3402 3435 si
3450 3380 3650 3437 statim

1990 3490 2062 3532 ea
2082 3489 2219 3549 quae
2252 3474 2392 3527 sunt
2420 3471 2704 3543 perfecta,
2722 3466 2828 3525 tibi
2847 3466 3286 3540 proposuisset,
3320 3466 3400 3524 ad
3423 3483 3494 3524 ea
3529 3473 3654 3525 ten-

1989 3564 2180 3621 tanda
2208 3561 2426 3618 fuisses
2452 3556 2852 3625 cunctantior;
2875 3571 3037 3612 nunc
3066 3561 3268 3612 autem
3281 3556 3654 3614 facilioribus

1986 3658 2041 3713 te
2065 3650 2403 3720 assuefacit,
2435 3651 2503 3705 ut
2520 3647 2600 3704 ad
2623 3661 2696 3703 ea
2718 3661 2856 3719 quae
2886 3648 3240 3718 sequuntur,
3271 3645 3522 3716 aggredi
3551 3662 3656 3703 au-

1988 3744 2157 3801 deas.
2191 3742 2270 3814 (9)
2320 3736 2845 3806 Quemadmoeum
2890 3733 3054 3790 enim
3104 3734 3167 3789 in
3208 3734 3374 3792 scala
3417 3735 3653 3806 primus

1988 3831 2235 3905 gradus,
2275 3842 2553 3885 recessus
2594 3824 2674 3881 ab
2695 3824 2888 3879 humo
2919 3826 3008 3878 est
3039 3840 3052 3877 :
3081 3822 3163 3879 ita
3191 3822 3253 3878 in
3284 3823 3419 3879 vitae
3447 3839 3657 3880 secun-

1988 3922 2139 3978 dum
2160 3923 2349 3975 Deum
2387 3915 2680 3983 instituto,
2711 3909 3017 3985 profectus
3060 3910 3317 3979 initium,
3348 3911 3655 3969 discessus

1988 4029 2026 4069 a
2054 4009 2217 4066 malo
2244 4010 2353 4064 est.
2387 4004 2498 4077 (10)
2532 4006 2684 4059 Dum
2710 4000 2891 4073 igitur
2920 3999 3347 4074 unusquisque
3378 4008 3657 4060 nostrum

1989 4115 2141 4175 puer
2187 4100 2301 4162 est,
2349 4094 2412 4151 id
2459 4091 2629 4167 quod
2660 4089 3199 4161 adestjucundum
3250 4091 3653 4164 persequitur-

1988 4202 2189 4263 neque
2215 4184 2401 4242 habet
2418 4181 2610 4239 ullam
2640 4180 2981 4237 futurorum
3010 4194 3255 4247 curam;
3280 4179 3411 4251 jam
3452 4186 3657 4239 autem

1990 4278 2081 4335 vir
2138 4277 2351 4346 factus,
2383 4276 2524 4347 post
2568 4269 2780 4342 judicii
2805 4268 3257 4342 perfectionem,
3302 4267 3506 4326 videre
3540 4270 3658 4328 sibi

1992 4367 2227 4425 videtur
2246 4363 2503 4421 biﬁdum
2528 4360 2665 4417 vitae
2691 4359 2800 4416 iter
2831 4357 2910 4415 ad
2929 4356 3210 4414 virtutem
3237 4362 3294 4414 et
3320 4358 3555 4429 vitium,
3589 4374 3661 4416 ac

1995 4472 2155 4529 saepe
2181 4452 2426 4510 oculum
2454 4449 2644 4507 animi
2663 4449 2726 4505 in
2750 4452 3078 4519 utrumque
3100 4452 3474 4517 convertens,
3499 4462 3662 4505 com-

1994 4544 2269 4621 parando
2317 4539 2611 4612 dijudicat
2639 4554 2777 4611 quae
2814 4536 3051 4610 utrique
3100 4536 3329 4594 insunt.
3361 4538 3429 4594 Et
3449 4553 3659 4611 pecca-

1996 4643 2198 4694 torum
2247 4630 2497 4705 quidem
2552 4628 2678 4684 vita
2716 4626 2923 4684 omnia
2961 4625 3221 4682 ostendit
3263 4626 3327 4682 in
3378 4627 3661 4700 praesenti

1996 4724 2220 4783 saeculo
2250 4718 2521 4795 jucunda
2554 4734 2567 4774 :
2587 4717 2889 4789 justorum
2936 4730 3101 4782 vero,
3144 4714 3274 4773 sola
3322 4715 3504 4773 futuri
3547 4716 3661 4774 avi

1994 4817 2160 4873 bona
2203 4811 2664 4869 commonstrat.
2718 4808 2787 4862 Et
2844 4809 2998 4862 certe
3058 4804 3495 4863 salvandorum
3536 4808 3691 4878 via,-

1999 4907 2231 4980 quanto
2253 4898 2601 4975 pulchriora
2629 4894 2944 4968 pollicetur
2962 4893 3183 4964 futura,
3208 4898 3377 4952 tanto
3400 4894 3662 4954 laborio-

1996 4986 2168 5052 'siora
2194 4989 2437 5048 exhibet
2478 4984 2848 5060 praesentia:
2892 4984 3006 5056 (tt)
3042 4983 3319 5056 jucunda
3360 4990 3563 5043 autem
3604 4992 3661 5045 et

350 5158 396 5193 ¹⁴
429 5155 616 5214 Eccle.
650 5170 750 5225 vn,
781 5153 870 5208 tt.
904 5150 950 5186 ‘5
974 5148 1163 5206 Galat.
1185 5163 1267 5218 ιιι,
1296 5147 1351 5202 4.
1389 5147 1432 5182 ¹⁸
1463 5146 1613 5204 Psal.
1650 5162 1850 5219 xxxvx,
1883 5147 1975 5204 27.

348 5265 423 5336 (t)
444 5267 528 5321 Ex
549 5277 732 5320 serm.
754 5255 1132 5336 Delegen_dis
1164 5253 1335 5336 ίζιῃςιης
1372 5255 1713 5326 gentilium,
1750 5258 1878 5311 177.

349 5328 427 5405 (2)
455 5338 537 5392 Ex
564 5334 892 5397 comment,
925 5330 987 5384 in
1013 5329 1159 5395 Isa.,
1187 5328 1311 5383 389.

349 5410 399 5465 (3
447 5406 596 5463 Ibid.

350 5406 425 5548 (1:3
457 5476 596 5534 Ibid.

350 5472 425 5543 (4)
457 5476 605 5534 Ibid.
671 5483 679 5489 ’

351 5539 427 5621 (5)
460 5551 714 5621 Uterque
740 5539 1537 5621 codex_in_dicat‘.tntirrhet.

353 5618 431 5690 (6)
459 5622 537 5678 Ex
565 5616 892 5679 comment.
924 5617 990 5673 in
1011 5616 1156 5685 Isa.,
1188 5616 1314 5674 388.

2071 5248 2154 5321 (7,)
2179 5246 2266 5321 l3);
2291 5239 2506 5321 homil.
2538 5242 2602 5297 in
2628 5238 2788 5310 psal.
2817 5253 2858 5306 1,
2888 5239 2977 5294 93.

2071 5315 2150 5394 (8)
2173 5315 2334 5394 lbi?-
2735 5345 2741 5351 ·

2070 5385 2323 5461 apud.

2070 5455 2186 5529 tiO)
2215 5455 2390 5529 Ibidu
2415 5458 2505 5522 95.

2071 5526 2189 5602 (tt)
2219 5526 2370 5586 Ibid.
