4146 6368
520 271 655 328 H23

1493 255 1865 319 APPENDIX.
1897 283 1966 297 -—
1993 248 2341 313 SYHEONIS
2365 250 2904 315 METAPHRASTJE

3741 258 3888 315 1124

510 395 925 477 intemperans
964 389 1088 446 vita
1136 402 1263 444 non
1308 388 1716 460 exspectatam
1742 386 1802 443 in
1832 390 2140 459 posterum

2272 376 2505 450 ὕστερον,
2558 375 2663 430 ἀλλ’
2721 375 2829 440 ἤδη
2890 387 3163 456 παροῦσαν
3222 387 3545 458 προτείνεται
3592 388 3686 445 τὴν
3753 382 3886 437 ἀπό-

515 484 622 540 sed
641 482 772 555 jam
793 475 1148 553 praesentem
1169 475 1450 550 proponit
1470 475 1815 531 volutatem.
1842 477 1919 546 (1)
1948 477 2163 533 Beatus

511 573 694 645 igitur
718 570 817 627 ille
846 569 951 644 qui
996 565 1316 640 voluptatis
1364 563 1656 620 illecebris
1704 580 1828 621 non
1871 565 2164 623 deductus

519 666 609 721 est
637 661 717 717 ad
754 658 1081 728 interitum,
1116 672 1187 712 ac
1215 656 1279 715 in
1305 653 1614 729 utriusque
1639 653 1749 709 viae
1776 653 2011 710 delectu
2038 670 2164 711 non

516 767 653 808 eam
679 749 990 819 ingressus
1018 750 1109 801 est
1130 759 1266 817 quas
1291 742 1456 797 ducit
1480 740 1561 797 ad
1586 742 1815 815 pejora.
1848 743 1925 815 (2)
1950 745 2163 801 Beatus

511 840 608 897 ille
635 843 722 894 est
766 837 870 910 qui
902 836 979 891 ab
1010 834 1175 890 omni
1209 848 1313 906 spe
1352 848 1554 887 rerum
1611 831 1795 903 hujus
1825 831 2039 887 mundi
2065 847 2161 887 se-

512 929 840 1001 metipsum
863 923 1169 994 abstraxit,
1195 938 1265 977 ac
1295 922 1537 977 unicam
1565 936 1737 995 spem
1768 936 1943 977 suam
1975 924 2161 981 Deum

507 1017 708 1075 habet.
743 1011 1274 1081 Quemadmodum
1305 1010 1467 1066 enim
1511 1009 1868 1066 maledictus
1910 1012 1998 1065 est
2049 1008 2159 1064 ho-

507 1122 608 1162 mo
640 1105 713 1175 (3)
747 1102 852 1175 qui
884 1117 1055 1174 spem
1081 1099 1263 1156 habet
1291 1100 1352 1155 in
1382 1097 1629 1154 homine
1654 1115 1667 1153 :
1691 1098 1772 1153 ita
1803 1096 2157 1152 benedictus

503 1200 591 1252 est
612 1193 717 1266 qui
738 1191 1007 1249 innititur
1036 1189 1310 1247 Domino.
1345 1190 1475 1243 Non
1500 1187 1662 1243 enim
1689 1202 1826 1259 spes
1865 1185 1927 1242 in
1967 1188 2156 1242 Deum

500 1284 762 1340 alternas
793 1279 951 1335 vices
982 1276 1258 1345 admittit,
1282 1292 1392 1333 nec
1420 1275 1569 1331 solet
1599 1273 1888 1330 Dominus
1909 1274 2155 1347 plenam

511 1388 687 1430 suam
711 1386 886 1441 opem
912 1368 964 1424 ei
986 1367 1160 1436 ferre,
1188 1365 1292 1439 qui
1317 1363 1501 1422 modo
1521 1363 1773 1437 quidem
1798 1362 1853 1418 in
1884 1362 2155 1435 pecuniis

505 1478 678 1537 spem
735 1474 912 1515 suam
965 1454 1271 1513 constituit
1312 1458 1369 1510 et
1406 1453 1466 1509 in
1521 1452 1711 1523 gloria
1766 1452 2037 1511 humana
2085 1466 2156 1507 ac

502 1549 718 1609 mundi
747 1550 1059 1620 potestate,
1088 1544 1272 1600 modo
1295 1558 1435 1598 vero
1460 1544 1646 1597 Deum
1670 1545 1961 1612 tanquam
1984 1555 2154 1612 spem

508 1640 622 1696 sibi
658 1637 979 1712 proponit:
1051 1632 1158 1689 sed
1198 1646 1335 1687 vere
1386 1628 1899 1703 acquieseendum
1937 1628 1997 1684 in
2053 1627 2155 1685 Dei
2189 1650 2229 1703 Β

509 1728 754 1889 “1:11;:
770 1813 1032 1889 Imperiti
1070 1814 1271 1869 autem
1299 1809 1600 1877 homines,
1629 1808 1962 1881 mundique
1993 1823 2153 1864 ama-

406 1920 417 1925 "
505 1916 684 1976 tores,
733 1922 869 1962 cum
925 1902 1070 1959 boni
1120 1900 1312 1972 ipsius
1356 1900 1631 1968 ignorent
1659 1902 1962 1964 naturam,
1997 1914 2156 1971 saepe

504 2000 685 2074 beata
704 1982 1070 2059 existimant,
1098 2005 1235 2062 quae
1267 1987 1488 2045 nullius
1516 1986 1686 2060 pretii
1708 1990 1867 2052 sunt,
1890 1985 2152 2059 divitias,

503 2086 843 2152 sanitatem,
877 2081 1006 2138 vitae
1027 2078 1412 2152 splendorem
1437 2094 1449 2133 :
1482 2092 1744 2150 quarum
1772 2091 1976 2132 rerum
2006 2075 2155 2133 nihil

504 2181 593 2235 est
616 2190 727 2230 suo
750 2171 944 2244 ipsius
976 2173 1193 2225 natura
1215 2166 1471 2235 bonum,
1503 2181 1625 2221 non
1657 2163 1854 2221 solum
1875 2163 2042 2237 quod
2068 2163 2152 2221 fa-

492 2254 609 2322 cile
630 2264 691 2320 in
719 2258 1021 2317 contraria
1050 2260 1377 2325 mutentur,
1413 2254 1521 2310 sed
1550 2270 1673 2325 quo
1704 2269 1778 2309 ne
1799 2252 1995 2309 bonos
2023 2252 2153 2327 qui-

495 2355 636 2411 dem
665 2349 907 2409 valeant
925 2359 1302 2419 possessores
1324 2359 1466 2398 suos
1486 2341 1758 2398 reddere.
1774 2342 1846 2412 (ὅ)
1877 2342 1985 2408 Qui
2008 2358 2149 2414 ergo

493 2443 558 2499 in
604 2441 720 2497 hac
775 2437 899 2495 vita
956 2439 1247 2494 versatur,
1277 2430 1554 2487 nondum
1585 2436 1829 2503 propter
1853 2429 2150 2487 incertum

500 2530 729 2588 exitum
757 2526 973 2581 beatus
1031 2527 1123 2578 est
1163 2519 1618 2593 prtedicandus;
1647 2519 1753 2592 qui
1780 2535 1920 2574 vero
1970 2535 2148 2574 suum

497 2617 825 2692 expleverit
852 2612 1139 2679 ofﬁcium,
1163 2610 1469 2681 vitamque
1491 2612 1649 2664 certo
1676 2607 1795 2663 ﬁne
1844 2607 2144 2676 clauserit,

492 2710 544 2764 is
591 2708 721 2778 jam
773 2703 991 2761 beatus
1032 2703 1159 2755 tuto
1189 2697 1425 2754 dicitur.
1462 2697 1541 2769 (6)
1568 2699 1632 2752 Et
1659 2695 1762 2768 qui
1791 2695 2016 2752 faciunt
2046 2696 2149 2753 bo-

498 2811 668 2859 num,
713 2794 776 2851 in
815 2792 949 2864 ipsa
995 2787 1229 2845 actione
1284 2788 1738 2857 consequuntur
1759 2782 2147 2856 approbatio-

2271 467 2476 522 λαυσιν.
2508 468 2780 542 Μακάριος
2832 465 2919 522 οὖν
2958 471 2983 521 ό
3032 475 3105 545 μὴ
3148 479 3482 549 περιτραπεὶς
3520 471 3576 526 ἐκ
3626 482 3727 526 τῶν
3777 483 3878 538 τῆς

2272 552 2470 620 ἡδονῆς
2535 553 2899 631 δελεασμάτων
2946 563 3075 635 πρὸς
3129 566 3223 621 τὴν
3277 561 3553 632 ἀπώλειαν,
3589 584 3680 616 και
3724 566 3774 617 ἓν
3808 574 3873 641 τῇ

2271 643 2451 719 ἐκλογῇ
2484 645 2595 718 (11)
2649 654 2750 699 τῶν
2784 644 2920 700 ὁδῶν
2951 648 3202 727 ἑκατέρων
3254 656 3324 724 μὴ
3367 650 3549 714 ἐπιϐὰς
3590 661 3685 715 τῆς
3742 649 3876 707 ὀδοῦ

2269 743 2366 797 τῆς
2396 733 2626 806 ἀγούσης
2670 734 2753 789 ἐπὶ
2800 739 2864 789 τὰ
2901 742 3144 813 χείρονα.
3182 743 3455 814 Μακάριος
3490 742 3713 803 όπάσης
3734 740 3875 795 ἔλπί·

2271 820 2365 886 δος
2400 831 2500 875 τῶν
2551 827 2686 877 κατὰ
2727 828 2813 877 τόν
2848 830 3044 898 κόσμον
3083 835 3264 880 τοῦτον
3313 829 3490 882 ἑαυτὸν
3533 829 3872 898 ἀποστήσας,

2269 916 2357 964 καὶ
2417 917 2577 985 μόνην
2616 916 2753 985 ἔχων
2819 914 3004 967 ἑαυτοῦ
3062 913 3252 970 ἐλπίδα
3298 920 3384 970 τὸν
3433 925 3582 974 Θεὸν.
3635 919 3723 982 Ὠς
3764 922 3873 996 γὰρ

2269 1001 2647 1077 ἑπικατάρατος
2685 1005 2972 1078 ἄνθρωπος,
3003 1003 3058 1068 ὂς
3096 1011 3191 1065 τὴν
3257 1004 3447 1059 ἐλπίδα
3499 1008 3614 1080 ἔχει
3663 1008 3742 1061 ἐπ’
3781 1011 3877 1062 ἄν-

2271 1094 2491 1167 θρωπον·
2552 1092 2712 1155 οὕτως
2766 1092 3104 1167 εὐλογημένος
3181 1096 3206 1147 ό
3248 1094 3721 1171 ἐπιστηριζόμενος
3792 1108 3873 1171 τῷ

2268 1185 2463 1256 Κυρίῳ.
2519 1180 2595 1233 Οὐ
2652 1182 2754 1256 γὰρ
2814 1178 3123 1256 ἕπιδέχεται
3199 1181 3653 1261 ἐπαμφοτέρισμόν
3708 1187 3737 1244 ἡ
3801 1187 3877 1249 εἰς

2268 1272 2394 1323 Θεὸν
2461 1268 2622 1337 ἐλπὶς,
2689 1266 2819 1323 σῦδὲ
2875 1268 3230 1347 καταδέχεται
3276 1274 3301 1325 ὁ
3343 1276 3535 1351 Κύριος
3590 1272 3875 1352 ὀλόκληρον

2264 1364 2358 1419 τὴν
2410 1359 2536 1436 παρ’
2578 1359 2765 1413 ἑαυτοῦ
2823 1364 3074 1436 παρέχειν
3141 1361 3391 1435 βοήθειαν
3445 1371 3518 1435 τῷ
3580 1366 3705 1417 ποτὲ
3777 1368 3876 1438 μὲν

2265 1449 2349 1504 ἐπὶ
2378 1454 2650 1525 χρήμασιν
2694 1448 2959 1520 ἠλπικότι,
2998 1454 3087 1505 καὶ
3118 1447 3245 1527 δόξῃ
3295 1451 3614 1526 ἀνθρωπίνῃ,
3655 1458 3745 1507 καὶ
3776 1451 3878 1507 δυ-

2264 1538 2413 1611 νάμει
2451 1545 2513 1611 τῇ
2547 1540 2680 1591 κατὰ
2712 1542 2930 1614 κόσμον,
2956 1543 3081 1595 ποτε
3127 1539 3186 1595 δὶ
3227 1541 3381 1595 αὐτόν
3421 1544 3492 1605 ὡς
3520 1538 3714 1595 ἐλπίδα
3743 1542 3874 1597 ἐαυ-

2264 1633 2356 1679 τοῦ
2407 1625 2834 1703 προϐαλλόμενον
2875 1628 3002 1683 ἀλλὰ
3054 1627 3139 1684 δεῖ
3164 1629 3417 1695 ἀληθινῶς
3439 1629 3876 1688 ἒπαναπαύεσθαι

2264 1722 2326 1789 τῇ
2360 1717 2504 1793 παρὰ
2527 1724 2619 1769 τοῦ
2650 1723 2784 1771 Θεοῦ
2824 1717 3067 1794 βοηθείᾳ.

2334 1805 2388 1861 4.
2414 1805 2657 1883 Ἀμαθείς
2689 1803 2747 1860 δὲ
2769 1806 3053 1884 ἂνθρωποι,
3086 1812 3178 1863 καὶ
3201 1809 3531 1887 caduceo-por,
3560 1809 3874 1886 ἀγνοοῦντες

2263 1892 2420 1945 αὐτοῦ
2466 1902 2556 1948 τοῦ
2614 1893 2814 1968 ἀγαθοῦ
2858 1902 2949 1956 τὴν
2990 1900 3166 1973 φύσιν,
3203 1900 3568 1976 μακαρίζουσι
3622 1904 3871 1968 πολλάκις

2262 1983 2327 2034 τὰ
2371 1979 2595 2057 μηδενός
2641 1985 2783 2054 ἄξια,
2834 1985 3076 2057 πλοῦτον,
3108 1989 3307 2062 ὑγείαν,
3348 1993 3677 2066 περιφάνειαν
3708 1992 3858 2066 βίου,

2261 2070 2327 2122 ὧν
2349 2068 2499 2126 οὐδὲν
2531 2072 2672 2127 ἐστιν
2704 2073 2897 2147 ἀγαθὸν
2917 2084 2979 2151 τῇ
3005 2076 3187 2130 ἑαυτοῦ
3217 2080 3391 2152 φύσει,
3415 2082 3474 2132 οὐ
3502 2084 3655 2155 μόνον
3676 2084 3863 2136 καθότι

2257 2156 2449 2233 ῥᾳδίαν
2481 2163 2593 2235 ἔχει
2627 2167 2722 2222 τὴν
2745 2166 2877 2240 πρὸς
2904 2166 2968 2219 τὰ
2996 2164 3200 2219 ἐναντία
3234 2174 3571 2245 περιτροπήν,
3614 2168 3723 2222 ἀλλ’
3778 2174 3865 2225 ὅτι

2256 2245 2398 2323 μηδέ
2432 2248 2662 2323 ἀγαθοὺς
2701 2249 2923 2307 δύναται
2956 2259 3079 2320 τοὺς
3114 2261 3456 2331 κεκτημένους
3496 2258 3782 2317 ἀποτελεῖν.
3806 2269 3867 2317 Ὀ

2257 2339 2349 2411 μεν
2387 2339 2473 2390 οὖν
2496 2338 2544 2391 ἐν
2568 2349 2638 2412 τῷ
2669 2340 2771 2416 βίῳ
2800 2346 3098 2418 τυγχάνων,
3124 2345 3267 2399 οὔπω
3305 2353 3649 2423 μακαριστὸς,
3674 2347 3710 2402 δ
3715 2354 3773 2403 ιὰ
3806 2355 3863 2404 τό

2257 2422 2453 2485 ἄδηλον
2474 2437 2575 2492 τῶς
2595 2428 2870 2494 ἐκϐάσεωςο
2901 2434 2926 2485 ό
2957 2431 3017 2487 δε
3043 2422 3532 2509 συμπληρώσαςῗτὰ
3561 2436 3864 2492 ἐπιϐάλλον-

2256 2534 2340 2583 τα,
2365 2521 2455 2569 καὶ
2482 2516 2836 2597 ἁναντιῤῥήτῳ
2865 2521 2996 2576 τέλει
3024 2526 3119 2583 τὴν
3148 2525 3286 2585 ζωὴν
3317 2526 3675 2591 κατακλείσας,
3699 2528 3858 2589 οὗτος

2259 2601 2364 2663 ἤδη
2402 2604 2642 2680 ἀσφαλῶς
2671 2611 3044 2685 μακαρίζεται.
3068 2618 3168 2667 Καὶ
3190 2615 3238 2666 οἱ
3270 2617 3358 2673 μὲν
3410 2614 3594 2688 ἀγαθὸν
3633 2613 3850 2687 ἐργαζό-

2256 2698 2418 2765 μενοί,
2448 2693 2496 2747 ἐν
2542 2697 2682 2771 αὐτῷ
2722 2708 2793 2773 τῷ
2824 2698 2958 2774 ἒργῳ
2984 2703 3041 2753 τὸ
3064 2699 3413 2756 εὐαπόδεκτον
3443 2706 3676 2778 ἔχουσιν·
3710 2707 3762 2755 οὶ
3793 2702 3857 2757 δὶ

2256 2785 2313 2835 τὸ
2343 2788 2502 2853 κακὸν
2535 2789 2818 2860 φεύγοντες,
2850 2788 2945 2843 οὐκ
2980 2788 3065 2843 ἐὰν
3095 2790 3235 2856 ἅπαξ
3264 2793 3293 2853 ἦ
3339 2790 3577 2868 δεύτερον
3613 2791 3859 2845 ἐκκλίνω-

496 2900 639 2942 nem
670 2901 684 2938 :
714 2880 823 2936 sed
840 2878 945 2954 qui
970 2877 1159 2933 vitant
1185 2874 1440 2940 malum,
1470 2872 1763 2929 laudandi
1810 2888 1933 2928 non
1983 2875 2145 2942 sunt,

2257 2890 2360 2941 σιν,
2417 2870 2543 2926 ὦσιν
2583 2874 2643 2927 ἂν
2696 2875 2972 2947 ἐπαινετοὶ,
3032 2878 3138 2933 ἀλλ’
3192 2881 3278 2935 ἐὰν
3357 2880 3633 2942 δυνηθῶσι
3687 2889 3861 2935 κακοῦ

499 2974 550 3030 si
570 2973 718 3029 forte
744 2967 928 3025 semel
956 2965 1132 3039 473
1162 2968 1267 3020 aut
1300 2963 1512 3019 iterum
1543 2964 1861 3033 peccatum
1892 2959 2145 3016 evitave-

500 3062 639 3133 rint,
674 3059 780 3116 sed
824 3057 874 3114 si
929 3055 1178 3112 omnino
1220 3051 1363 3109 mali
1389 3050 1817 3124 experientiam
1846 3048 2146 3104 declinare

499 3150 754 3225 possint.
784 3148 860 3218 (7)
891 3145 947 3203 Si
977 3143 1156 3214 igitur
1176 3144 1411 3213 oportet
1450 3144 1515 3195 ut
1551 3138 1807 3212 quisque
1837 3138 2021 3194 vitam
2043 3153 2147 3209 0p-

492 3224 711 3298 timam
740 3235 937 3305 eligat,
967 3236 1280 3306 speretque
1321 3226 1757 3285 consuetudine
1807 3224 2145 3299 jucundam

497 3329 801 3389 redditum
854 3324 947 3391 iri,’
1001 3321 1230 3394 optima
1257 3318 1509 3390 aggredi
1539 3334 1649 3390 par
1686 3321 1795 3373 est.
1819 3318 2009 3388 Turpe
2058 3319 2145 3371 est

499 3420 659 3478 enim
700 3421 937 3486 tempus
986 3426 1251 3484 praesens
1300 3408 1659 3475 amittentes,
1701 3404 1976 3478 elapsum
2006 3420 2141 3477 pos-

497 3512 594 3565 tea
618 3517 922 3571 revocare,
945 3515 1084 3555 cum
1106 3496 1249 3553 nihil
1276 3498 1416 3566 angi
1437 3493 1719 3567 proderit.
1743 3496 1812 3561 (8)
1846 3492 1989 3549 Fieri
2021 3508 2144 3548 non

495 3598 712 3671 potest,
762 3598 826 3648 ut
874 3588 1092 3645 divinas
1143 3584 1346 3657 gratiae
1378 3598 1633 3657 capaces
1657 3582 2004 3652 reddamur,
2028 3582 2141 3640 nisi

497 3684 736 3743 malitias
762 3679 1126 3744 affectiones,
1157 3691 1295 3748 quae
1326 3673 1561 3745 animas
1590 3677 1830 3729 nostras
1881 3688 2141 3744 occupa-

495 3777 725 3838 verant,
748 3767 1173 3842 expulerimus.
1196 3763 1326 3820 Vidi
1354 3779 1465 3835 ego
1496 3762 1785 3831 medicos,
1819 3777 1941 3817 non
1976 3761 2141 3834 prius

490 3864 703 3921 dantes
756 3855 1042 3917 salutaria
1092 3853 1554 3919 medicamenta,
1587 3868 1774 3924 quam
1824 3866 1930 3924 per
1953 3849 2140 3907 vomi-

487 3958 619 4011 tum
644 3951 1037 4009 evacuassent
1064 3944 1378 4001 materiam
1417 3941 1783 4010 morbidam,
1806 3958 1994 4015 quam
2026 3941 2139 4007 sibi

494 4042 963 4113 intemperantes
990 4051 1064 4090 ex
1083 4033 1243 4091 malo
1270 4032 1431 4088 victu
1462 4036 1772 4105 peperant.
1804 4031 1919 4087 Sed
1944 4035 2001 4088 et
2029 4047 2138 4088 vas

494 4126 863 4203 graveolenti
904 4126 1157 4181 humore
1215 4122 1380 4195 prius
1436 4121 1758 4187 imbutum,
1791 4121 1907 4178 nisi
1962 4121 2139 4177 fuerit

2254 2965 2342 3020 τὴν
2398 2971 2578 3039 πεῖραν
2623 2965 2690 3027 εἰς
2744 2970 2801 3020 τό
2856 2968 3098 3030 παντελὲς
3157 2967 3466 3044 διαδρᾶναι·
3501 2972 3563 3025 Εἰ
3606 2968 3695 3025 οὖν
3743 2969 3861 3025 δέοι

2255 3048 2372 3123 βίον
2421 3054 2511 3124 μὲν
2569 3055 2784 3130 ἄριστον
2841 3058 3058 3111 ἕκαστον
3122 3062 3514 3136 προαιρεῖσθαι,
3579 3058 3716 3120 ἡδὺν
3798 3058 3864 3115 δὲ

2253 3138 2559 3216 προσδοκᾴν
2607 3152 2669 3219 τῇ
2729 3148 2979 3221 συνηθείᾳ
3033 3152 3372 3221 γενησεσθαι,
3433 3150 3689 3228 ἐγχειρεῖν
3746 3157 3865 3213 τοῖς

2256 3226 2573 3302 βελτίστοις.
2629 3234 2864 3309 Αἰσχρὸν
2921 3239 3023 3312 γὰρ
3070 3241 3157 3292 τὸν
3224 3242 3459 3314 παρόντα
3493 3226 3675 3316 καιρόν
3728 3259 3866 3312 προε

2254 3321 2483 3392 εμένους,
2513 3321 2727 3397 ὕστερόν
2769 3325 2886 3377 ποτ’
2926 3324 3299 3380 ἀνακαλεῖσθαι
3341 3333 3398 3383 τὸ
3446 3329 3724 3406 παρελθὸν,
3773 3332 3864 3381 ὄτ-

2254 3403 2405 3460 οὐδὲν
2440 3411 2590 3464 ἔσται
2637 3412 2786 3466 πλέον
2838 3416 3158 3489 ἀνιωμένοις.
3201 3424 3284 3489 Τῷ
3340 3419 3448 3472 ὄντι
3485 3422 3584 3493 γὰρ
3642 3418 3865 3492 ἀμήχα-

2252 3500 2335 3548 νόν
2384 3498 2499 3553 ἐστι
2541 3507 2879 3578 χωρητικούς
2924 3508 3167 3578 γενέσθαι
3195 3508 3331 3579 ἡμᾶς
3376 3515 3468 3569 τῆς
3523 3513 3657 3569 θείας
3683 3511 3865 3585 χάρι-

2251 3607 2359 3659 τος,
2411 3594 2482 3663 μὴ
2534 3593 2601 3643 τὰ
2653 3590 2753 3645 ἀπὸ
2803 3598 2988 3655 κακίας
3043 3597 3185 3655 πάθη
3242 3602 3694 3672 προκατασχόντα
3760 3601 3868 3661 τὰς

2249 3675 2432 3753 ψυχὰς
2461 3681 2606 3752 ἡμῶν
2650 3680 3005 3745 ἐξελάσαντας.
3044 3681 3201 3738 Εἶδον
3237 3685 3448 3763 ἰατροὺς
3483 3686 3580 3760 ἐγὼ
3618 3691 3690 3763 μὴ
3726 3691 3864 3765 πρό-

2249 3785 2393 3844 τερον
2447 3765 2698 3833 διδόντας
2739 3773 2806 3824 τὰ
2858 3777 3095 3847 σωτήρια
3133 3776 3404 3851 φάρμακα,
3455 3780 3581 3850 πρὶν
3647 3776 3864 3851 ἐμέτοις

2251 3854 2576 3911 ἆπόκενῶσαι
2627 3863 2720 3919 τὴν
2785 3866 3060 3915 νοσοποιόν
3135 3864 3282 3934 ὕλην,
3354 3865 3416 3925 ἣν
3482 3865 3538 3919 ἐκ
3616 3873 3864 3945 πονηροῖς

2250 3942 2462 4011 διαίτης
2502 3948 2703 4010 ἑαυτοῖς
2738 3951 2786 4004 οἱ
2840 3949 3125 4007 ἀκόλαστοι
3172 3953 3494 4011 ἑναπέθεντο.
3544 3954 3701 4011 Ἀλλά
3761 3962 3862 4010 καὶ

2249 4035 2452 4111 ἀγγεῖον
2521 4039 3026 4114 προκατειλημμένον
3099 4043 3201 4096 ὑπό
3274 4063 3407 4106 τινος
3446 4028 3631 4121 ⁴ὑγροῦ
3718 4042 3862 4098 δυσ-

2247 4123 2440 4199 ώδους,
2470 4131 2543 4202 μὴ
2604 4128 2870 4198 ἐκπλυθὶν,
2917 4131 2977 4184 οὐ
3024 4136 3096 4207 μὴ
3151 4128 3368 4198 δέξηται
3404 4141 3498 4188 τοῦ
3541 4137 3713 4209 μύρου
3755 4140 3860 4194 τὴν

494 4221 741 4287 elotum,
769 4230 892 4272 non
925 4213 1135 4286 recipit
1154 4211 1441 4281 unguenti
1469 4209 1789 4266 fusionem.
1820 4209 2137 4267 Effunden-

2257 4215 2508 4293 ἓπιῤῥοήν.
2561 4223 2648 4271 Δεῖ
2693 4224 2863 4273 τοίνυν
2923 4219 3218 4295 ἐκχυθῆναι
3274 4226 3340 4277 τὰ
3405 4227 3854 4301 προϋπάρχοντα,

489 4311 570 4368 da
594 4323 738 4379 ergo
763 4321 900 4379 quae
932 4318 1098 4375 prius
1117 4302 1373 4367 inerant,
1397 4303 1463 4354 ut
1499 4298 1686 4372 recipi
1725 4299 1962 4371 possint
2005 4318 2138 4374 quas

486 4400 862 4473 ingeruntur.
904 4394 981 4465 (9)
1001 4394 1149 4448 Nam
1178 4388 1461 4446 omnibus
1505 4387 1752 4460 quidem
1799 4388 1971 4444 adest
2008 4390 2137 4473 Spi-

485 4472 634 4548 ritus
686 4489 974 4543 sanctus:
1039 4479 1146 4537 sed
1194 4479 1265 4537 iis
1303 4478 1408 4552 qui
1437 4476 1573 4550 puri
1620 4480 1761 4534 sunt
1797 4472 2136 4553 affectibus,

480 4575 849 4653 peculiarem
879 4570 1121 4628 exhibet
1145 4568 1423 4623 virtutem
1451 4584 1463 4631 ;
1493 4571 1553 4622 at
1581 4582 1719 4622 vero
1749 4565 1844 4635 iis,
1873 4584 2137 4640 quorum

482 4683 658 4725 mens
688 4662 917 4739 peccati
941 4658 1224 4716 sordibus
1250 4655 1653 4728 perturbatur,
1687 4655 1958 4714 minime.

553 4762 604 4812 5.
629 4759 741 4825 (10)
763 4751 911 4809 Fieri
932 4749 1093 4805 enim
1118 4762 1240 4804 non
1265 4750 1477 4818 potest,
1512 4749 1577 4801 ut
1599 4743 1661 4799 id
1691 4760 2137 4819 consequamur

482 4845 561 4902 ad
589 4843 755 4917 quod
781 4837 1229 4902 contendimus,
1263 4834 1313 4891 si
1334 4850 1505 4891 mens
1526 4833 1586 4888 in
1611 4833 1810 4890 varias
1840 4852 2015 4892 curas
2047 4838 2133 4894 di-

479 4933 661 4990 ducta
672 4932 763 4994 sit,
782 4924 1304 5003 quemadmodum
1327 4922 1616 4979 Dominus
1634 4921 1974 4997 afﬁrmavit,
1991 4942 2132 4985 cum

577 5060 627 5121 1)
656 5060 739 5112 Ex
766 5053 976 5111 homil.
999 5052 1239 5121 inpsal.
1269 5066 1307 5114 1,
1333 5053 1421 5104 95.

577 5065 597 5114 1
656 5060 739 5112 Ex
767 5060 976 5111 homil.
999 5060 1239 5121 inpsat.
1269 5066 1307 5114 1,
1333 5060 1421 5104 95.

547 5060 627 5201 E2;
658 5132 738 5201 Ex
761 5128 1093 5201 comment.
1125 5123 1188 5177 in
1214 5123 1355 5190 Isa.,
1375 5121 1502 5174 566.

556 5198 629 5274 (3)
654 5198 802 5274 Ibid.

553 5263 627 5343 (τύ
661 5274 742 5343 Ex
762 5270 930 5343 hom.
958 5266 1022 5321 in
1039 5263 1198 5333 psal.
1227 5277 1266 5330 1,
1291 5264 1379 5329 92,

555 5339 629 5410 (5)
661 5339 807 5396 Ibid.

551 5409 1016 5486 (’6)_1_bidu93-_
1084 5475 1097 5486 .
1275 5474 1312 5486 ..

548 5472 623 5554 (7}
652 5484 735 5537 Ex
764 5472 942 5535 serm.
966 5477 1055 5532 De
1075 5474 1340 5544 legendis
1372 5472 1474 5530 lib.
1497 5473 1838 5547 gentilium,
1871 5479 1992 5534 184.

2248 4307 2330 4359 ἵνα
2369 4303 2569 4380 δυνηθῇ
2627 4311 2942 4385 χωρηθῆναι
2971 4312 3038 4365 τὰ
3067 4311 3360 4386 ἐπαγόμενοι
3388 4314 3522 4388 (12).
3564 4320 3709 4368 Πᾱσι
3760 4318 3857 4391 μὲν

2243 4397 2346 4470 γὰρ
2385 4398 2600 4472 πάρεστι
2639 4400 2696 4450 τὸ
2756 4406 2963 4473 Πνεῦμα
3008 4403 3066 4453 τὸ
3096 4401 3266 4474 ἅγιον·
3309 4401 3436 4455 ἀλλὰ
3460 4410 3568 4466 τοῖς
3597 4406 3687 4479 μεν
3718 4407 3860 4458 καθ-

2245 4488 2492 4562 αρεύουσι
2541 4494 2640 4540 τῶν
2705 4489 2902 4561 παθῶν,
2970 4495 3065 4550 τὴν
3134 4488 3276 4544 ἰδίαν
3349 4492 3553 4569 ἐμφέρει
3595 4490 3852 4569 δύναμιν

2244 4581 2354 4636 τοῖς
2394 4571 2452 4627 δε
2491 4577 2548 4628 τὸ
2575 4578 2880 4650 ἡγεμονικὸν
2918 4585 3310 4656 συγκεχυμένον
3349 4582 3567 4655 ἔχουσιν
3598 4579 3701 4635 ἀπὸ
3746 4592 3857 4637 τῶν

2245 4672 2340 4726 τῆς
2365 4664 2626 4740 ἁμαρτίας
2666 4666 2879 4740 σπίλων,
2915 4668 3009 4721 οὐκ
3034 4670 3128 4725 ἔτι.

2318 4758 2368 4810 5.
2402 4750 2687 4808 Ἀδύνατον
2717 4757 2840 4831 γὰρ,
2870 4757 2942 4821 εἰς
2977 4753 3261 4833 διαφόρους
3304 4758 3586 4835 φροντίδας
3620 4769 3715 4815 τοῦ
3759 4772 3857 4817 νοῦ

2242 4843 2604 4919 μεριζομένου,
2672 4848 3061 4921 κατορθοῦσθαι
3111 4850 3171 4901 τὸ
3237 4847 3683 4926 σπουδαζόμενον·
3746 4874 3856 4906 κα-

2244 4934 2345 4993 θὼς
2409 4934 2434 4984 ὁ
2512 4935 2704 5008 Κύριος
2753 4932 3069 5008 ἀπεφήνατο,
3124 4937 3299 4991 εἰπών·
3359 4936 3553 5003 Οὐδεὶς
3621 4937 3858 4998 δύναται

2313 5056 2390 5132 (8,)
2418 5059 2500 5132 ΕΣ
2524 5056 2688 5113 hom.
2707 5058 2773 5114 in
2789 5062 2948 5132 psaﬁl.
2974 5077 3091 5129 Lx1,
3128 5062 3248 5119 196.

2310 5126 2389 5263 $9)
2422 5130 2502 5182 Ex
2532 5126 2854 5186 comment.
2886 5126 3086 5212 iis-Iw;
3109 5137 3233 5190 379.

2342 5199 2421 5263 10)
2446 5202 2529 5254 Ex
2553 5201 2816 5263 Regulus
2844 5203 3043 5263 fassus
3073 5210 3233 5262 tract

2342 5199 2421 5277 l9)
2446 5201 2816 5277 Exﬂegulys
2844 5202 3043 5277 fusius
3073 5206 3376 5277 tractatis,
3407 5210 3535 5264 350.

2309 5270 2422 5355 2
2447 5269 2692 5355 ἰξκλοξγῇ
2732 5269 3082 5346 δὶσΒθείιιε
3121 5276 3332 5340 codex,
3361 5269 3606 5337 'melius
3653 5297 3845 5355 quam

2238 5339 2383 5397 editi
2401 5339 2637 5413 ἓτιξιλογῇ.

2308 5411 2797 5492 μελέποφάμενα.
2830 5414 2919 5470 Sic
2936 5420 3249 5474 contextus
3276 5424 3334 5476 et
3353 5420 3577 5491 Regius
3622 5423 3839 5481 codex.

2235 5480 2391 5538 Editi
2421 5480 2743 5557 ὑπαγόμενοι.
