4146 6412
255 252 390 306 1125

255 371 385 430 δυσὶ
434 376 640 446 κυρίοις
707 367 1005 426 δουλεύειν⁸

255 470 368 533 Θεῷ
411 457 675 517 δουλεύειν
718 466 809 514 καὶ
860 464 1101 533 μαμωνᾷ.
1151 461 1284 511 Οὔτε
1343 458 1443 532 γὰρ
1505 456 1665 517 ἄλλης
1719 459 1860 519 τινὸς

255 550 463 612 ἐντολῆς
499 557 746 627 τήρησιν,
801 554 918 603 οὔτε
964 549 1124 608 αὐτὴν
1171 551 1259 606 τήν
1301 549 1428 620 πρὸς
1465 549 1594 599 Θεὸν
1627 545 1855 618 ἀγάπην,

256 645 375 694 οὔτε
431 645 525 698 τὴν
586 644 712 716 πρὸς
767 643 890 702 τοὺς
937 638 1156 697 πλησίον
1202 634 1471 710 δυνάμεθα
1506 639 1856 711 κατορθῶσαι,

256 731 435 783 ἄλλοτε
509 735 625 804 περὶ
709 729 839 782 ἄλλα
911 735 1024 788 ταῖς
1077 725 1331 788 διανοίαις
1413 726 1857 799 ἀποπλανώμενοι.

257 823 390 872 Οὔτε
429 823 530 892 γὰρ
584 823 775 892 τέχνην
832 822 862 877 ή
917 817 1213 890 ἐπιστήμην
1277 816 1498 891 ἀκριϐῶς
1555 815 1860 869 καταλαϐεῖν

260 906 503 976 δυνατὸν,
545 908 725 960 ἄλλοτε
793 906 872 960 ἐπ’
926 906 1084 966 ἄλλην
1127 905 1534 979 μεταϐαίνοντα·
1588 908 1706 958 οὔτε
1757 909 1859 978 μὴν

256 1003 381 1068 μιᾶς
434 999 816 1071 περιγενέσθαι,
853 1000 924 1068 μή
980 998 1046 1050 τὰ
1109 996 1276 1049 οἰκεῖα
1327 1003 1416 1048 τοῦ
1459 994 1636 1056 τέλους
1669 996 1860 1068 γνωρί-

258 1105 440 1140 σαντα.
492 1093 578 1138 Δεῖ
633 1088 731 1158 γὰρ
769 1084 1085 1146 ἀκαλούθους
1124 1082 1254 1139 εἶναι
1306 1093 1380 1156 τῷ
1421 1092 1600 1156 σκοπῷ
1646 1087 1733 1136 καὶ
1769 1085 1861 1144 τὰς

253 1174 490 1248 πράξεις,
520 1177 590 1236 ὡς
645 1171 852 1235 οὐδενὸς
903 1183 1005 1228 τῶν
1069 1177 1204 1228 κατὰ
1245 1173 1398 1246 λόγον
1451 1171 1546 1226 διὰ
1582 1181 1680 1227 τῶν
1721 1173 1860 1225 ἀνοι-

255 1268 402 1316 κείων
442 1265 884 1337 κατορθουμένου.
946 1264 1088 1317 Ἐπεὶ
1149 1263 1265 1316 οὔτε
1325 1263 1684 1334 χαλκευτικῆς
1719 1262 1861 1324 τέλος

262 1349 357 1404 διὰ
407 1361 507 1405 τῶν
564 1355 724 1427 ἔργων
769 1361 863 1413 τῆς
919 1356 1197 1425 κεραμείας
1259 1353 1618 1426 περιγενέσθαι
1697 1354 1860 1422 πέφυ-

255 1459 360 1508 κεν,
397 1444 513 1494 οὔτε
567 1439 839 1498 ἀθλητικοὶ
907 1443 1150 1513 στέφανοι
1196 1440 1251 1495 ἐκ
1302 1448 1399 1503 τῆς
1435 1445 1556 1514 περὶ
1604 1443 1660 1492 τὸ
1694 1439 1862 1492 αὐλεῖν

261 1526 503 1591 σπουδῆς
539 1533 916 1603 κατορθοῦνται
941 1551 952 1563 ο
1013 1529 1122 1582 ἀλλ’
1189 1530 1392 1600 ἑκάστῳ
1446 1528 1574 1582 τέλει
1621 1528 1809 1590 οἰκεῖος
1838 1528 1864 1578 ὁ
1903 1527 1909 1534 ’

255 1623 414 1683 πόνος
464 1623 556 1674 καὶ
591 1618 932 1691 συναρμόζων
976 1617 1323 1679 ἐπιζητεῖται.
1376 1616 1575 1691 Ὠσπερ
1636 1613 1721 1669 οὖν
1777 1622 1866 1670 καὶ

257 1711 288 1767 ἠ
349 1710 583 1770 ἄσκησις
635 1714 733 1770 τῆς
791 1710 927 1760 κατὰ
989 1710 1048 1765 τὸ
1113 1706 1428 1779 Εὐαγγέλιον
1485 1713 1576 1758 τοῦ
1630 1713 1937 1780 ΧριστοῦΒ

257 1801 391 1872 πρὸς
449 1799 578 1850 Θεὸν
623 1796 1034 1870 εὐαρεστήσεως,
1081 1795 1129 1848 ἐν
1168 1800 1229 1867 τῇ
1265 1794 1604 1867 ἀναχωρήσει
1653 1803 1751 1845 τῶν
1783 1813 1868 1865 με-

247 1895 454 1961 ι-ριμνῶν
493 1892 586 1942 τοῦ
637 1889 863 1957 κόσμου,
887 1889 978 1938 καὶ
1017 1892 1081 1956 τῇ
1142 1883 1380 1942 παντελεῖ
1403 1881 1739 1956 ἀλλοτριώσει
1767 1891 1866 1934 τῶν

259 1982 646 2050 περισπασμῶν
721 1974 1090 2046 κατορθοῦται.
1163 1973 1404 2031 Λυθῆναι
1473 1967 1560 2022 οὖν
1632 1967 1714 2024 δεῖ
1767 1978 1867 2022 τῶν

261 2062 472 2136 δεσμῶν
526 2071 623 2124 τῆς
675 2063 1040 2134 προσπαθείας
1095 2067 1187 2112 τοῦ
1242 2059 1386 2132 βίον,
1409 2063 1554 2130 τόνγε
1590 2057 1864 2126 ἀληθινῶς,

261 2152 563 2212 ἀκολουθεῖν
607 2149 856 2222 μέλλοντα
911 2157 984 2221 τῷ
1042 2157 1190 2212 Θεῷ·
1223 2156 1377 2202 τοῦτο
1438 2145 1497 2201 δὲ
1553 2147 1648 2201 οὐκ
1685 2147 1864 2215 ἄλλως,

261 2246 290 2299 ἥ
353 2237 447 2297 διὰ
513 2238 792 2299 παντελοῦς
851 2237 1261 2312 ἀναχωρήσεως,
1293 2242 1384 2290 καὶ
1425 2235 1593 2299 λήθης
1625 2245 1725 2288 τῶν
1760 2256 1866 2289 πα-

259 2330 416 2387 λαιῶν
458 2329 597 2388 ἠθῶν
651 2329 1022 2399 κατορθοῦται.
1069 2326 1157 2389 Ὠς
1203 2326 1248 2378 εἰ
1307 2330 1379 2399 μή
1452 2324 1869 2397 ἀποξενώσαιμεν

262 2417 479 2478 ἑαυτοὺς
505 2421 595 2469 καὶ
622 2421 925 2487 συγγενείας
966 2423 1192 2489 σαρκικῆ
1206 2436 1227 2476 ς
1281 2418 1371 2470 καὶ
1418 2419 1690 2476 κοινωνίας
1724 2412 1866 2486 βίου,

259 2509 415 2565 οἱονεὶ
454 2509 586 2580 πρὸς
619 2505 787 2578 ἕτερον
847 2508 1044 2574 κόσμον
1122 2500 1216 2556 διὰ
1272 2512 1364 2564 τῆς
1413 2507 1652 2574 σχέσεως
1705 2523 1869 2575 μετα-

261 2595 540 2663 ϐαίνοντες,
608 2593 884 2665 ἀμήχανον
1129 2595 1493 2669 περιγενέσθαι
1539 2601 1630 2646 τοῦ
1671 2599 1871 2645 σκοποῦ

262 2692 356 2745 τῆς
413 2686 542 2756 πρὸς
602 2685 730 2742 Θεὸν
784 2681 1190 2754 εὐαρεστήσεως.
1250 2680 1307 2732 Ὀ
1359 2685 1527 2732 τοίνυν
1587 2684 1717 2754 πρὸς
1779 2684 1873 2738 τήν

267 2771 549 2842 ἀγγελικὴν
604 2768 751 2832 ἀξίαν
801 2768 1232 2840 μεταταξάμενος,
1284 2768 1326 2820 εἰ
1378 2775 1483 2829 τοῖς
1539 2767 1874 2842 ἀνθρωπίνοις

269 2859 608 2933 ἕμμολύνοιτο
672 2859 912 2926 πάθεσιν,
970 2859 1150 2929 ὅμοιός
1191 2855 1304 2909 ἐστι
1364 2853 1498 2930 δορᾷ
1544 2854 1872 2928 παρδάλεως,

270 2949 330 3009 ἧς
379 2951 494 3004 οὔτε
527 2947 681 3013 λευκῄ
733 2945 989 3010 παντελῶς
1065 2947 1094 3004 ἡ
1166 2945 1300 3018 θρὶξ,
1351 2947 1468 3002 οὔτε
1524 2944 1740 3017 μέλαινα
1793 2943 1876 3000 δι-

268 3038 411 3107 όλου,
435 3036 564 3092 ἀλλὰ
590 3045 654 3108 τῇ
689 3035 828 3108 μίξει
871 3043 970 3088 τῶν
1011 3034 1450 3110 ἑτεροχροούντων
1509 3031 1546 3088 δ
1551 3040 1868 3108 ιεστιγμένη,
1904 3062 1944 3118 C

268 3129 387 3186 οὔτε
424 3124 473 3186 ἓν
505 3133 610 3190 τοῖς
659 3125 875 3198 μέλασιν
905 3124 1006 3196 (1),
1047 3127 1160 3176 οὔτε
1179 3121 1229 3178 ἐν
1251 3131 1360 3194 τοῖς
1389 3123 1590 3186 λευκοῖς
1630 3123 1871 3199 ἀριθμεῖ-

168 3254 178 3264 .
267 3235 373 3274 ται,
402 3214 601 3289 Ὥσπερ
635 3209 721 3273 οὖν
753 3215 802 3265 οἱ
835 3215 1120 3287 ζωγράφοι,
1160 3213 1280 3266 ὅταν
1315 3211 1415 3265 ἀπὸ
1440 3213 1643 3265 εἰκόνων
1675 3214 1873 3276 εἰκόνας

265 3307 531 3379 γράφωσι,
562 3305 734 3362 πυκνά
785 3305 915 3375 πρὸς
977 3305 1036 3354 τὸ
1094 3298 1436 3375 παράδειγμα
1479 3301 1869 3370 ἀποϐλέποντες,

268 3397 353 3454 τὸν
411 3391 598 3444 ἐκεῖθεν
655 3398 978 3464 χαρακτῆρα
1005 3394 1130 3463 πρὸς
1167 3394 1226 3444 τὸ
1275 3390 1469 3444 ἑαυτῶν
1503 3389 1872 3452 σπουδάζουσι

266 3481 565 3553 μεταθεῖναι
595 3477 986 3550 φιλοτέχνημα·
1039 3477 1173 3531 οὕτω
1219 3474 1302 3530 δεῖ
1346 3483 1436 3530 καὶ
1484 3483 1569 3530 τὸν
1602 3477 1871 3533 ἐσπουδα-

268 3574 398 3626 κότα
408 3568 588 3622 ἑαυτὸν
602 3567 826 3637 (2)πᾱσι
845 3574 956 3628 τοῖς
966 3571 1146 3642 μέρεσι
1166 3575 1257 3628 τῆς
1271 3565 1452 3642 ἀρετῆς
1469 3567 1872 3641 ἀπεργάσασθαι

269 3659 478 3725 τελειον,
542 3659 696 3710 οἱονεὶ
751 3659 877 3731 πρὸς
927 3654 1202 3728 ἀγάλματά
1263 3676 1376 3708 τινα
1442 3661 1719 3730 κινούμενα
1781 3665 1871 3712 καὶ

269 3749 544 3819 ἔμπρακτα
581 3748 702 3806 τοὺς
733 3743 885 3817 βίους
943 3753 1040 3798 τῶν
1093 3744 1254 3817 ἁγίων
1324 3744 1646 3816 ἀποϐλέπειν,
1693 3753 1868 3803 καὶτὸ

269 3833 470 3896 ἐκείνων
500 3833 695 3906 ἀγαθὸν
725 3834 911 3886 οἰκεῖον
941 3835 1207 3888 ποιεῖσθαι
1237 3831 1330 3887 διὰ
1365 3840 1651 3908 μιμήσεως,

345 3928 394 3980 6.
437 3923 498 3988 Εἰ
558 3925 659 3997 γὰρ
720 3922 847 3996 βοῦς
886 3925 975 3995 μὲν
1028 3926 1276 3997 συνεργὸς
1335 3925 1457 3997 ἡμῖν
1499 3924 1569 3988 εἰς
1614 3931 1870 4002 γεωργίαν

271 4009 609 4085 παραδοθεὶς,
664 4018 756 4065 καὶ
815 4020 980 4084 φωνῆς
1021 4019 1110 4065 τοῦ
1163 4017 1432 4088 τρέφοντος
1477 4012 1869 4084 ἐπαισθάνεται,

272 4105 477 4154 καὶτὸν
512 4103 749 4162 συνήθως
803 4101 943 4172 αὐτῷ
994 4105 1353 4175 προσφέροντα
1385 4107 1479 4160 τήν
1530 4108 1721 4176 τροφὴν
1766 4104 1875 4158 ἐπι-

271 4196 545 4263 γινώσκει·
581 4195 693 4253 ὄνος
733 4187 792 4243 δὲ
831 4190 1132 4262 αὐτομάτως
1182 4189 1265 4244 ἐπὶ
1320 4195 1442 4253 τοὺς
1496 4195 1725 4254 συνήθεις
1787 4201 1874 4255 τῆς

273 4280 608 4344 καταλύσεως
637 4283 830 4342 τόπους
886 4282 1043 4355 ὁρμᾷ,
1093 4285 1184 4334 καὶ
1230 4283 1463 4339 τοσαύτη
1515 4289 1625 4344 ταῖς
1670 4282 1878 4356 ἀλόγοις

1283 243 1529 304 ΒΕΒΜΟ
1552 245 1595 299 Ι.
1635 274 1701 295 ev.-
1740 243 1832 300 DE
1869 242 2166 299 VIRTUTE
2204 243 2290 300 ET
2324 242 2535 301 VITlO.

1090 371 1182 423 καὶ
1239 367 1421 423 πάλινο
1493 368 1568 420 Οὐ
1631 364 1859 421 δύνασθε

1978 366 2114 424 :lixit
2141 384 2154 423 :
2186 367 2372 424 Nemo
2391 372 2585 436 potest
2627 367 2860 424 duobus
2887 369 3146 428 dominis
3175 371 3400 428 servire
3429 373 3471 407 "'
3497 386 3520 442 ,'
3559 377 3615 430 et

3475 247 3613 302 1126

1964 472 2176 512 rursus
2207 474 2220 512 :
2253 458 2387 513 Non
2413 459 2657 526 potestis
2687 460 2808 514 Deo
2832 459 3055 514 servire
3083 465 3136 514 et
3166 475 3518 517 mammona:
3545 463 3611 517 ιδ.

1965 545 2040 614 (3)
2073 547 2221 601 Nam
2252 560 2362 600 nec
2393 544 2556 600 aliud
2587 544 2840 617 quodvis
2854 546 3213 602 mandatum
3230 564 3614 617 servare,ne-

1965 649 2082 706 que
2105 636 2288 690 Deum
2310 639 2413 690 aut
2430 633 2775 705 proximum
2795 635 3040 704 diligere
3055 652 3402 708 possumus,
3419 638 3470 694 si
3497 639 3616 694 huc

1966 728 2026 778 et
2053 724 2193 780 illuc
2219 729 2418 780 mente
2448 725 2823 794 divagemur.
2864 726 3070 798 Neque
3100 729 3263 782 enim
3295 732 3484 784 artem
3516 733 3618 784 aut

1967 813 2276 872 scientiam
2297 813 2487 886 probe
2503 813 2717 870 callere
2741 819 2955 887 potest,
2987 815 3092 886 qui
3106 815 3183 871 ab
3202 815 3319 872 alia
3330 817 3408 872 ad
3435 817 3617 873 aliam

1965 902 2180 960 transit
2211 920 2224 960 :
2257 919 2453 975 neque
2475 919 2663 960 unam
2684 903 2864 962 etiam
2877 919 3254 976 comparare,
3271 906 3460 978 quiea
3479 922 3618 977 qua;

1965 994 2212 1068 propria
2240 993 2377 1049 ﬁnis
2408 997 2567 1061 sunt,
2600 993 2855 1062 ignorat.
2889 997 2998 1050 Par
3018 1009 3283 1067 namque
3322 1001 3412 1052 est
3441 996 3620 1052 actio-

1967 1102 2074 1142 nes
2099 1084 2177 1142 ad
2199 1099 2453 1156 scopum
2469 1088 2525 1138 et
2544 1083 2730 1140 ﬁnem
2763 1084 3106 1155 quadrare:
3144 1085 3445 1156 siquidem
3473 1084 3622 1142 nihil

1966 1175 2135 1247 quod
2163 1179 2388 1228 rectum
2410 1173 2503 1241 sit,
2535 1173 2632 1228 via
2659 1172 2862 1245 inepta
2885 1173 3622 1247 etincongruentiperagi-

1965 1269 2083 1320 tur.
2109 1266 2258 1319 Nam
2285 1278 2484 1333 neque
2510 1261 2654 1318 artis
2667 1263 2890 1318 aerariae
2905 1263 3039 1318 ﬁnis
3063 1279 3170 1334 per
3185 1264 3406 1333 ﬁglints
3435 1280 3622 1336 opera

1969 1352 2202 1424 acquiri
2233 1351 2385 1408 solet
2419 1369 2431 1406 :
2463 1368 2660 1423 neque
2708 1368 2814 1423 per
2868 1353 3146 1409 sedulum
3183 1353 3343 1410 tibiae
3374 1359 3621 1410 cantum

1970 1446 2262 1513 parantur
2289 1439 2582 1498 athleticaa
2613 1456 2872 1510 coronas,
2907 1441 3015 1496 sed
3045 1443 3368 1514 unicuique
3397 1442 3503 1499 ﬁni
3522 1458 3624 1514 pe-

1972 1529 2213 1586 culiaris
2262 1545 2334 1586 ac
2377 1521 2632 1584 idoneus
2687 1529 2862 1585 labor
2916 1530 3258 1601 requiritur.
3303 1531 3395 1588 Sic
3442 1532 3623 1588 etiam

1971 1618 2313 1676 exercitatio
2339 1634 2475 1690 quae
2500 1619 2566 1674 ﬁt
2591 1618 2669 1674 ad
2702 1618 3066 1688 placendum
3084 1623 3200 1675 Deo
3218 1620 3392 1690 juxta
3413 1621 3626 1678 Christi

1975 1708 2384 1777 Evangelium,
2432 1708 2769 1764 recedendo
2797 1725 2832 1764 a
2858 1708 3359 1765 sollicitudinibus
3389 1711 3623 1778 mundi,

1975 1801 2032 1852 et
2046 1795 2212 1852 omni
2232 1811 2483 1867 prorsus
2515 1795 2884 1852 removenda
2895 1797 3112 1852 mentis
3133 1798 3486 1870 evagatione
3499 1813 3628 1870 per-

1973 1884 2188 1940 ﬁcitur.
2223 1885 2300 1955 (4)
2349 1883 2632 1955 Quisquis
2685 1884 2864 1953 igitur
2899 1901 3038 1941 vere
3067 1888 3255 1942 Deum
3286 1887 3459 1959 sequi
3482 1886 3628 1958 vult,

1973 1971 2229 2030 vinculis
2283 1971 2674 2028 affectionum
2711 1973 2848 2027 vitae
2867 1973 3052 2043 hujus
3094 1974 3364 2030 solvatur
3383 1990 3628 2032 necesse

1975 2063 2063 2116 est
2093 2077 2105 2113 :
2137 2058 2201 2114 id
2229 2064 2432 2116 autem
2452 2058 2565 2114 nisi
2585 2074 2693 2130 per
2717 2059 3016 2128 integrum
3038 2076 3340 2118 secessum
3360 2078 3630 2118 morum-

1974 2164 2094 2220 que
2115 2153 2385 2204 veterum
2418 2147 2783 2205 oblivionem
2804 2150 3010 2221 perﬁci
3038 2167 3162 2206 non
3193 2159 3410 2224 potest.
3434 2156 3629 2220 Quare

1977 2235 2090 2291 nisi
2111 2251 2223 2290 nos
2253 2235 2366 2308 ipsi
2398 2240 2454 2290 et
2483 2251 2520 2291 a
2547 2238 2907 2304 cognatione
2937 2239 3163 2294 carnali
3193 2245 3250 2295 et
3280 2256 3316 2296 a
3346 2242 3629 2300 societate

1977 2323 2108 2380 vitat
2129 2324 2789 2393 removerimus,veluti
2819 2326 2897 2380 ad
2927 2326 3180 2384 alterum
3208 2330 3507 2386 mundum
3523 2348 3631 2402 per

1979 2412 2165 2472 animi
2206 2412 2626 2470 habitudinem
2677 2415 3194 2484 transmigrantes,
3245 2434 3500 2490 scopum
3523 2436 3630 2476 no-

1979 2507 2168 2558 strum
2195 2501 2484 2570 attingere
2540 2517 2663 2558 non
2703 2518 3053 2574 possumus,
3105 2507 3224 2562 Deo
3267 2507 3542 2565 videlicet
3568 2513 3635 2566 ut

1979 2591 2350 2663 placeamus.
2380 2593 2456 2657 (5)
2483 2591 2887 2656 Quamobrem
2918 2593 3020 2664 qui
3042 2593 3377 2652 institutum
3405 2599 3633 2668 angelis

1979 2678 2210 2750 aequale
2239 2677 2555 2749 amplexus
2568 2685 2673 2743 est,
2695 2679 2743 2735 si
2769 2681 3074 2737 humanus
3087 2683 3240 2738 vitiis
3264 2685 3629 2756 inquinetur,

1981 2766 2191 2822 similis
2214 2771 2303 2820 est
2327 2766 2634 2837 pantherae
2666 2767 2823 2839 pelli,
2873 2770 3045 2839 cujus
3074 2776 3213 2827 setae
3243 2788 3440 2845 neque
3469 2790 3635 2845 pror-

1981 2871 2083 2910 sus
2112 2854 2299 2923 nigrae
2325 2861 2484 2924 sunt,
2513 2870 2709 2927 neque
2732 2856 2883 2912 albae
2906 2858 3176 2924 omnino,
3209 2861 3316 2916 sed
3346 2879 3483 2918 cum
3515 2864 3635 2920 sint

1981 2942 2357 3000 diversorum
2371 2942 2638 2999 colorum
2661 2944 2915 3001 mistura
2927 2947 3222 3004 distinctae
3243 2955 3301 3006 et
3326 2951 3634 3023 interpun-

1982 3037 2115 3102 ctis,
2148 3047 2343 3104 neque
2373 3033 2433 3088 in
2471 3032 2655 3101 nigris
2704 3041 3113 3107 numerantur,
3146 3053 3340 3110 neque
3371 3040 3432 3096 in
3458 3041 3629 3098 albis.

1983 3124 2063 3194 (6)
2103 3121 2632 3188 Quemadmodum
2671 3139 2814 3193 ergo
2845 3125 3122 3198 pictores,
3157 3145 3296 3183 cum
3336 3131 3632 3200 imagines

1983 3210 2448 3280 eximaginibus
2483 3211 2982 3282 pingunt,crebro
3001 3214 3074 3269 ad
3108 3218 3418 3290 exemplar
3443 3221 3634 3292 respi-

1983 3301 2228 3364 cientes,
2260 3300 2398 3354 inde
2450 3300 2709 3356 formam
2744 3301 2804 3357 in
2834 3319 3011 3359 suum
3045 3304 3223 3378 474
3255 3323 3410 3378 opus
3442 3315 3636 3366 trans-

1981 3389 2134 3446 ferre
2164 3393 2461 3444 conantur
2494 3407 2506 3443 :
2541 3388 2622 3443 sic
2651 3390 2830 3450 etiam
2857 3393 2960 3464 qui
3000 3412 3128 3451 sese
3152 3396 3436 3452 omnibus
3457 3399 3636 3455 virtu-

1983 3479 2056 3534 tis
2086 3478 2361 3550 partibus
2391 3478 2733 3535 absolutum
2756 3483 3041 3552 perficere
3073 3486 3383 3556 studet,ad
3401 3494 3637 3546 sancto-

1981 3584 2116 3624 rum
2169 3568 2342 3635 vitas,
2398 3567 2558 3622 velut
2614 3569 2689 3623 ad
2759 3570 3083 3628 simulacra
3103 3576 3558 3646 quaedam'viva
3583 3583 3637 3634 et

1981 3662 2251 3722 actuosa,
2284 3657 2577 3728 respicere
2608 3657 2806 3730 debet,
2868 3665 2925 3716 et
2964 3663 3129 3733 quod
3159 3663 3275 3720 illis
3307 3665 3463 3723 inest
3488 3668 3637 3724 boni

1981 3764 2159 3803 suum
2197 3746 2492 3802 imitando
2521 3746 2741 3804 facere.

2051 3930 2100 3980 6.
2146 3926 2224 3996 (7)
2264 3928 2412 3982 Nam
2466 3925 2514 3980 si
2565 3925 2704 3990 bos,
2757 3927 2864 4000 qui
2894 3930 3072 3986 nobis
3107 3932 3349 4003 adjutor
3378 3935 3459 3991 ad
3485 3938 3639 4007 agri-

1982 4014 2279 4069 culturam
2330 4014 2527 4082 datus,
2585 4031 2787 4071 vocem
2816 4019 3124 4076 nutritoris
3158 4023 3344 4092 novit,
3378 4040 3641 4098 eumque

1983 4103 2087 4175 qui
2118 4103 2229 4158 sibi
2262 4104 2555 4175 pabulum
2611 4105 2824 4162 afferre
2873 4108 3041 4179 solet,
3084 4115 3397 4180 agnoscit:
3435 4116 3642 4172 asinus

1985 4196 2186 4248 autem
2215 4198 2428 4265 sponte
2454 4199 2684 4251 natura;
2712 4197 2788 4252 ad
2817 4204 3108 4255 consueta
3140 4201 3360 4258 stabuli
3389 4205 3481 4260 sui
3510 4205 3644 4262 loca

1986 4282 2225 4338 festinat
2249 4300 2261 4337 :
2297 4282 2346 4337 si
2376 4282 2568 4338 brutis
2585 4285 2952 4342 animalibus
2973 4293 3144 4346 tanta
3173 4292 3325 4347 inest
3348 4293 3643 4350 habitudo

272 4372 398 4444 πρὸς
445 4373 532 4422 τὸν
588 4368 981 4442 ἐπιμελούμενον
1020 4371 1050 4427 ἡ
1097 4371 1377 4429 συνήθεια·
1442 4375 1604 4424 πόσον
1636 4374 1664 4430 ἠ
1691 4371 1872 4444 λογική

1989 4387 2127 4426 cum
2157 4387 2266 4427 suo
2300 4372 2608 4443 provisore
2642 4394 2656 4428 :
2697 4380 2928 4446 quanta
2981 4377 3315 4434 dilectionis
3360 4383 3424 4436 in
3456 4385 3643 4438 Deum

275 4460 427 4528 φύσις
465 4465 561 4518 τῆς
610 4461 742 4530 πρὸς
782 4461 909 4510 Θεὸν
974 4457 1180 4529 ἀγάπης
1230 4461 1288 4510 τὸ
1347 4464 1530 4534 μέτρον
1587 4459 1880 4521 ἀπαιτηθή-

277 4563 456 4612 σεται;
511 4541 651 4597 Οὐδὲ
689 4547 788 4618 γὰρ
844 4549 942 4618 μία
989 4546 1179 4617 πρᾶξις
1234 4545 1418 4600 τελειοῖ
1456 4551 1541 4598 τὸν
1590 4547 1880 4602 σπουδαῖον

278 4633 407 4690 ἀλλά
452 4638 611 4687 παντὶ
665 4639 921 4709 προσήκει
959 4643 1030 4705 τῷ
1089 4633 1192 4706 βίῳ
1238 4637 1325 4695 τὰς
1383 4636 1497 4688 κατ’
1534 4636 1718 4711 ἀρετήν
1752 4638 1882 4712 ἐνερ-

275 4728 422 4794 γείας
478 4725 1012 4798 συμπαρατείνεσθαι.
1077 4726 1178 4776 Καὶ
1245 4725 1477 4797 καθάπερ
1559 4728 1608 4777 οὶ
1674 4725 1757 4778 ἐπὶ
1823 4731 1881 4780 τὸ

274 4813 489 4887 λουτρόν
542 4812 808 4878 εἰσιόντες,
869 4818 1188 4884 γυμνοῦνται
1241 4817 1426 4875 παντὸς
1456 4814 1878 4888 περιϐλήματος·

352 5002 393 5035 ιτ
425 4999 622 5057 Matth.
658 5000 842 5070 v1,2/1.
881 5000 926 5034 ιε
953 4998 1099 5054 ibid.

349 5187 425 5258 (1)
468 5183 686 5258 Οὔτε-ἐν
717 5190 828 5244 τοῖς
849 5182 1094 5258 μέλασιν,
1148 5188 1258 5240 etc.
1308 5185 1410 5258 ‘Sic
1457 5191 1772 5244 contextus
1827 5195 1884 5246 et

270 5255 495 5327 Regius
526 5255 718 5312 codex
747 5255 1013 5327 melioris
1045 5259 1223 5327 notua.
1244 5255 1397 5312 Editi
1426 5260 1543 5309 οὔτε
1566 5258 1613 5310 ἐν
1645 5267 1753 5321 τοῖς
1773 5259 1880 5313 λευ-

271 5324 390 5391 κοῖξ
418 5327 737 5402 ἀριθμεῖται,
761 5330 877 5378 οὔτε
902 5325 1054 5402 πάλιν
1087 5324 1136 5376 ἐν
1163 5333 1272 5402 τοῖς
1301 5328 1764 5400 μεμελανωμένοις,

351 5401 431 5470 (2)
451 5397 700 5452 "sama-
733 5397 1192 5469 Desumpsimus
1221 5397 1380 5463 hanc
1410 5397 1618 5457 vocem
1640 5418 1714 5457 ex
1743 5419 1881 5457 con-

273 5477 554 5614 ωῗξξῖἘι
579 5541 825 5614 Reguli:
850 5541 1051 5611 fusius
1082 5541 1384 5611 tractatis,
1414 5544 1538 5600 341.

1988 4476 2277 4515 mensura
2329 4467 2674 4532 reposcetur
2721 4479 2757 4518 a
2800 4465 3079 4522 rationali
3109 4470 3357 4524 natura!
3394 4472 3466 4540 (8)
3517 4474 3644 4527 Non

1990 4549 2148 4603 enim
2179 4549 2334 4606 actio
2368 4567 2487 4614 una
2517 4552 2712 4607 virum
2740 4554 2998 4625 probum
3028 4556 3285 4613 absolvit
3309 4564 3365 4614 et
3391 4561 3641 4632 perﬁcit,

1990 4637 2095 4691 sed
2163 4638 2240 4692 ad
2307 4655 2551 4696 omnem
2605 4641 2788 4698 vitam
2846 4644 3084 4699 extendi
3133 4651 3368 4718 oportet
3420 4649 3647 4704 virtutis

1989 4742 2194 4797 opera.
2212 4730 2364 4794 (9)Et
2395 4731 2916 4799 quemadmodum
2941 4733 3044 4804 qui
3069 4734 3125 4788 in
3149 4735 3433 4791 balneum
3451 4737 3648 4807 ingre-

1990 4815 2256 4886 diuntur,
2278 4818 2444 4874 omni
2476 4825 2702 4875 amictu
2733 4821 3058 4885 nudantur,
3104 4824 3186 4879 ita
3230 4825 3413 4882 etiam
3439 4828 3542 4900 qui
3569 4830 3646 4884 ad

2062 5191 2140 5258 (4)
2185 5189 2355 5254 lbid.,
2391 5194 2513 5245 342.

2064 5260 2142 5328 (ὃ)
2185 5263 2265 5314 Ex
2297 5263 2484 5333 Serm.
2519 5263 2796 5333 ascetico,
2828 5268 2952 5320 320.

2065 5332 2140 5401 (6)
2184 5334 2264 5385 Ex
2293 5331 2461 5402 epist.
2487 5349 2544 5397 It,
2568 5338 2658 5388 73.

2067 5407 2140 5465 (7)
2183 5405 2262 5456 Ex
2287 5408 2593 5457 comment
2623 5405 2683 5458 in
2712 5405 2826 5473 Isa,
2858 5409 2983 5464 387.

2066 5474 2141 5542 (8)
2182 5475 2262 5527 Ex
2291 5474 2456 5529 hom.
2485 5476 2549 5530 in
2579 5477 2734 5544 psal.
2766 5493 2880 5541 11v,
2913 5481 3044 5538 354.

2067 5547 2142 5615 (9)
2187 5546 2272 5602 Ex
2301 5545 2490 5602 Serm.
2519 5547 2796 5620 ascetico,
2829 5551 2956 5608 323.
