4146 6384
549 218 683 274 ιιετ
1486 210 1854 269 APPENDIX.
1893 237 1965 254 —
2003 205 2349 270 smoms
2385 209 2908 269 HETAPHRASTE
3763 171 3947 271 me.

545 341 874 400 ascetieum
924 339 1055 395 vitae
1109 353 1299 412 genus
1365 337 1682 404 accedunt,
1733 336 1901 395 omni
1948 335 2182 392 materie

2270 377 2280 392 .
2311 336 2445 389 οὑτω
2481 340 2591 411 χρὴ
2623 341 2714 390 καὶ
2750 339 2870 401 τοὺς
2906 344 2970 411 τῇ
3011 335 3275 412 ἀσκητικῇ
3324 340 3788 414 προσερχομένους
3827 337 3907 410 (8)

547 430 752 488 saeculi
774 430 958 501 hujus
983 431 1164 495 exuti,
1188 429 1249 483 in
1273 428 1409 484 vitae
1441 427 1873 501 philosophicae
1915 425 2184 481 institutis

2311 426 2442 498 ζωῇ,
2485 427 2658 488 πάσης
2701 426 2829 492 ὕλης
2885 425 3138 500 βιωτικῆς
3192 430 3575 501 γυμνωθέντας,
3635 425 3777 489 ἐντὸς
3827 427 3906 499 (9)

545 521 770 577 versari
799 518 1040 575 debent.
1077 520 1152 588 (l)
1180 520 1384 574 Eslole
1409 517 1589 585 enim,
1621 516 1834 588 inquit,
1871 515 2182 585 prudente:

2308 523 2400 570 τοῦ
2473 519 2609 570 κατά
2677 515 2981 590 φιλοσοφίαν
3043 518 3282 588 γενέσθαι
3323 516 3468 590 βίον.
3512 517 3721 570 Γίνεσθε
3781 518 3905 590 γὰρ,

545 612 702 666 sicut
723 613 1021 678 serpentes
1055 609 1120 661 ¹⁹.
1158 608 1433 678 Serpens,
1485 604 1588 660 ubi
1633 605 1762 675 jam
1813 602 2090 660 exuenda
2113 618 2182 660 es

2310 609 2460 677 φησὶ,
2502 609 2741 680 φρόνιμοι
2795 608 2865 668 ὡς
2903 608 2952 658 οἱ
3000 609 3160 678 ὄφεις*
3208 607 3262 670 ὃς
3307 602 3520 658 ἐπειδὰν
3574 601 3907 659 ἀποδύεσθαι

546 699 740 772 pellis,
775 699 838 754 in
867 697 1069 754 locum
1102 699 1428 766 angustum
1461 697 1517 751 et
1555 694 1754 750 stricte
1780 709 2002 766 corpus
2034 707 2183 749 coer-

2310 689 2400 768 δέη
2467 699 2560 754 τὴν
2620 693 2894 772 λεϐἠριδα,
2954 704 3112 767 στενῷ
3172 700 3309 768 τόπῳ
3353 699 3443 748 καὶ
3493 692 3722 768 ἀκριϐῶς
3753 713 3906 769 περι-

546 793 784 846 centem
824 803 957 843 sese
983 787 1335 852 immittens,
1392 784 1477 841 sic
1523 787 1827 840 senectam
1875 782 2183 856 prudente]

2310 788 2582 856 σφίγγοντι
2635 789 2694 838 τὸ
2749 793 2902 857 σῶμα
2945 781 3160 848 έπιδοὺς
3224 785 3425 852 ἑαυτὸν,
3494 787 3758 858 φρονίμως
3815 787 3905 838 καὶ

547 894 622 935 ac
653 878 951 950 sapienter
981 875 1159 931 exuit.
1193 873 1365 942 Quod
1402 878 1460 930 et
1482 873 1644 931 idem
1673 889 1786 930 nos
1813 873 2035 930 imitari
2074 872 2184 930 vul‘

2311 882 2532 937 συνετῶς
2575 870 2862 928 ἀποδύεται
2911 878 2969 929 τὸ
3028 884 3213 951 γῆρας,
3271 873 3432 949 Ὀπερ
3500 870 3588 927 οὖν
3633 878 3723 926 καὶ
3771 875 3906 946 ἡμᾶς

548 968 872 1039 Scriptura,
918 980 1024 1038 per
1071 967 1398 1034 angustam
1446 967 1502 1020 et
1549 966 1780 1019 arctam
1817 963 1980 1020 viam
2008 961 2185 1033 ingre

2310 961 2552 1036 βούλεται
2582 963 2608 1016 ό
2648 967 2838 1035 Λόγος,
2905 959 3001 1017 διὰ
3062 971 3158 1026 τῆς
3199 970 3382 1026 στενῆς
3423 965 3515 1016 καὶ
3566 961 3907 1036 τεθλιμμένης

547 1055 777 1112 dientes
807 1056 878 1123 ’0,
928 1069 1144 1110 exuere
1187 1055 1454 1108 veterem
1494 1051 1826 1119 hominem,
1854 1067 1926 1108 ac
1971 1067 2184 1108 novum

2309 1048 2438 1104 όδοῦ
2507 1057 2896 1126 πορευομένους,
2964 1048 3291 1107 ἀποδύεσθαι
3362 1055 3453 1126 μὲν
3530 1055 3618 1104 τὸν
3685 1050 3907 1106 παλαιὸν

545 1144 794 1200 induere
823 1144 892 1210 ²¹,
907 1146 974 1199 ut
991 1145 1197 1198 nostra
1215 1156 1484 1214 quoque,
1525 1140 1685 1196 velut
1705 1140 1938 1213 aquilae,
1955 1141 2182 1212 juventa

2308 1141 2598 1215 ἄνθρωπον,
2637 1137 2914 1195 ἐνδύεσθαι
2979 1138 3040 1196 δε
3092 1145 3180 1195 τόν
3228 1145 3356 1210 νέον,
3425 1142 3561 1196 ὥστε
3617 1144 3708 1195 καὶ
3761 1142 3909 1214 ἡμῶν

544 1235 867 1290 renovetur
891 1233 961 1287 υ.
985 1234 1135 1288 Nam
1164 1229 1391 1286 lumine
1424 1228 1806 1287 illucescente
1836 1245 2181 1286 evanescun'

2310 1230 2768 1303 ἀνακαινισθῆναι,
2815 1234 2885 1294 ὡς
2931 1230 3084 1288 ἀετοῦ
3132 1236 3226 1291 τὴν
3273 1236 3510 1291 νεότητα.
3566 1232 3742 1291 ψωτός
3803 1231 3907 1303 γὰρ

543 1324 830 1392 tenebrae,
891 1327 948 1378 et
999 1322 1253 1378 sanitate
1308 1319 1596 1378 redeunte
1656 1319 1945 1376 molestiae
2004 1320 2180 1376 morb

2313 1321 2664 1394 ἀναφανέντος,
2721 1320 3026 1393 ἀφανίζεται
3092 1325 3313 1384 σκότος’
3390 1324 3481 1374 καὶ
3536 1321 3716 1392 ὑγείας
3769 1338 3911 1392 παρ-

545 1415 858 1478 sedantur,
892 1417 949 1468 et
975 1411 1222 1468 veritate
1272 1410 1704 1481 demonstrata,
1739 1409 2039 1466 mendacii
2091 1426 2182 1468 na‘

2312 1414 2494 1482 ούσης,
2545 1413 2612 1463 τά
2651 1409 2858 1485 ὀχληρά
2884 1419 2979 1474 τῆς
3007 1414 3163 1463 νόσου
3191 1413 3487 1463 πέπαυται·
3533 1413 3625 1461 καὶ
3666 1406 3910 1470 ἀληθείας

544 1509 683 1562 tura
724 1503 1120 1575 redarguitur.
1177 1500 1290 1558 Sed
1316 1499 1586 1573 plerique
1616 1500 1694 1572 (2)
1729 1487 2008 1557 homines
2033 1501 2181 1557 nubi

2312 1497 2749 1573 ἀποδειχθείσης,
2813 1507 2905 1553 τοῦ
2967 1495 3199 1572 ψεύδους
3279 1500 3310 1559 ἡ
3390 1500 3548 1570 φύσις
3611 1496 3907 1569 ἐλέγχεται.

549 1595 663 1650 bus
695 1592 921 1648 similes
956 1596 1112 1661 sunt,
1147 1606 1283 1663 quae
1338 1603 1450 1661 pro
1505 1593 1820 1646 ventorum
1873 1590 2186 1648 mutationi

2312 1589 2451 1643 Ἀλλ’
2525 1591 2575 1643 οἱ
2629 1589 2807 1643 πολλοὶ
2859 1597 2959 1642 τῶν
3006 1589 3288 1664 ἀνθρώπων
3362 1593 3475 1649 ταῖς
3525 1586 3751 1659 νεφελαις
3810 1581 3914 1642 ἐοί-

547 1682 697 1739 alias
717 1682 780 1737 in
820 1681 1002 1736 aliam
1019 1679 1172 1735 aeris
1198 1681 1427 1750 partem
1451 1676 1723 1734 feruntur
1747 1696 1760 1734 :
1793 1679 1872 1748 (3)
1904 1683 1960 1736 et
1981 1678 2184 1752 quibu:

2313 1699 2461 1745 κασι,
2522 1682 2654 1752 πρὸς
2716 1681 2806 1740 τὰς
2857 1687 2957 1732 τῶν
3020 1680 3324 1752 πνευμάτων
3376 1674 3660 1751 μεταϐολὰς
3724 1673 3913 1729 ἄλλοτε

549 1771 720 1828 facile
743 1770 1050 1826 mutabilis
1082 1767 1398 1832 sententia,
1443 1767 1540 1822 his
1590 1768 1839 1824 minime
1867 1768 2090 1825 mirum
2115 1784 2186 1825 es

2312 1768 2426 1822 κατ’
2481 1769 2602 1824 ἄλλο
2650 1774 2799 1844 μέρος
2857 1776 2950 1822 τοῦ
3009 1767 3153 1842 ἀέρος
3204 1768 3312 1840 (10)
3367 1765 3752 1839 ἐκφερομέναις·
3822 1767 3915 1818 καὶ

546 1857 680 1913 vitae
739 1857 1016 1912 ordinem
1049 1872 1172 1912 non
1227 1861 1542 1925 constare;
1575 1856 1798 1928 quibus
1849 1873 1988 1914 vero
2026 1858 2183 1916 ﬁrmi

2314 1859 2386 1921 οἷς
2438 1862 2528 1932 μὲν
2585 1858 2788 1922 εὔκολος
2833 1861 2960 1932 πρὸς
3015 1856 3300 1931 μεταϐολὴν
3343 1857 3374 1914 ἡ
3435 1851 3668 1924 διάνοια,
3705 1856 3913 1917 τούτοις

545 1963 720 2003 mens
751 1951 858 2012 est,
892 1962 1250 2019 semperque
1280 1951 1565 2004 constans
1596 1950 1653 2002 et
1675 1947 1912 2016 eadem,
1942 1947 2036 2004 his
2065 1964 2182 2006 con

2314 1945 2464 2002 οὐδὲν
2523 1946 2730 2010 ἀπεικὸς
2767 1952 2972 2001 καὶτὸν
3013 1946 3131 2021 βίον
3170 1943 3300 2001 εἶναι
3337 1949 3406 2020 μὴ
3452 1948 3794 2018 τεταγμένον·
3833 1943 3911 2007 οἷς

543 2039 902 2090 sentaneum
953 2039 1042 2090 est
1083 2035 1268 2091 vitam
1313 2035 1579 2092 instituto
1617 2039 2053 2106 congruentem
2089 2037 2180 2094 du

2315 2035 2374 2092 δε
2424 2046 2692 2110 πεπηγυῖα
2727 2040 2758 2097 ἠ
2791 2043 3005 2112 γνώμη·
3045 2040 3136 2090 καὶ
3167 2035 3246 2090 ἀεὶ
3281 2035 3510 2103 ἑστῶσα,
3549 2037 3643 2087 καὶ
3681 2035 3710 2094 ὃ
3749 2031 3903 2101 αὑτὴ,

544 2139 700 2179 cere.
731 2124 807 2193 (4)
840 2123 1000 2180 Multi
1025 2129 1249 2192 autem,
1298 2124 1446 2180 dum
1471 2140 1692 2197 pravas
1713 2125 1894 2181 etiam
1925 2141 2176 2199 compro

2312 2131 2518 2190 τούτοις
2571 2127 2848 2181 ἀκόλουθον
2931 2132 3213 2201 συμφώνως
3298 2133 3361 2200 τῇ
3435 2125 3739 2202 προαιρέσει
3812 2124 3905 2183 τὴν

543 2211 697 2268 bant
717 2211 1002 2275 actiones,
1034 2211 1304 2268 dicacem
1358 2213 1608 2286 quidem
1657 2213 1928 2286 lepidum
1954 2214 2163 2272 dicunt

2316 2219 2454 2280 ζωὴν
2513 2214 2793 2290 διεξάγειν.
2843 2215 3030 2271 Πολλοὶ
3065 2213 3125 2272 δε
3181 2219 3270 2268 καὶ
3320 2215 3416 2276 τὰς
3444 2213 3680 2289 πονηρὰς
3703 2210 3912 2286 πράξεις

545 2316 687 2356 eum
715 2315 856 2356 vero
885 2299 991 2373 qui
1036 2300 1307 2358 obscena
1354 2303 1536 2358 verba
1572 2303 1817 2376 profert,
1859 2303 2165 2360 urbanum

2315 2305 2718 2382 ἀποδεχόμενοι,
2750 2311 3001 2382 χαρίεντα
3047 2309 3138 2380 μεν
3175 2308 3264 2359 τὸν
3303 2303 3612 2378 εὐτράπελον
3652 2302 3869 2375 λέγουσι
3897 2320 3911 2336 ·

519 2388 836 2450 acerbum
862 2393 920 2443 et
945 2388 1332 2456 iracundum,
1374 2390 1686 2448 hominem
1723 2392 2043 2449 nominant
2079 2409 2156 2449 no

2313 2402 2399 2452 τὸν
2453 2395 2513 2451 δὲ
2575 2396 2948 2470 αἰσχρολογον,
2988 2395 3286 2450 πολιτικόν·
3338 2397 3429 2448 καὶ
3482 2395 3572 2448 τόν
3606 2393 3795 2468 πικρὸν
3823 2394 3915 2446 καὶ

547 2477 1091 2546 contemnendum;
1125 2495 1380 2550 parcum
1419 2485 1477 2537 et
1514 2480 1886 2547 illiberalem,
1936 2485 2003 2538 ut
2033 2482 2183 2539 sedu

2315 2487 2538 2563 ὀργίλον,
2590 2485 3012 2562 ἀκαταφρόνητον
3079 2485 3432 2560 ὀνομάζουσι·
3507 2485 3597 2536 τὸν
3661 2477 3914 2554 φειδωλὸν

544 2567 674 2624 lum
691 2566 1240 2624 administratorem
1252 2568 1534 2636 laudant;
1556 2569 1788 2626 luxurie
1807 2569 2179 2628 difﬂuentem

2311 2579 2402 2626 καὶ
2467 2573 2830 2647 ἀκοινώνητον,
2899 2577 2970 2638 ὡς
3042 2573 3387 2648 οἰκονομικὸν,
3451 2569 3750 2625 έπαινοῦσι·
3817 2569 3909 2622 τὸν

543 2659 609 2712 ut
627 2655 937 2712 liberalem
968 2674 982 2724 ;
1037 2661 1427 2714 scortatorem
1458 2662 1514 2715 et
1541 2657 1860 2729 lascivum,
1912 2664 1978 2715 ut
2005 2661 2180 2716 virun

2312 2667 2536 2734 ἄσωτον,
2600 2666 2670 2727 ὡς
2725 2663 3035 2740 ἐλευθέριονο
3119 2667 3208 2718 τόν
3279 2666 3468 2738 πόρνον
3540 2664 3630 2714 καὶ
3685 2656 3911 2730 ἀσελγῆ,

539 2745 722 2801 rebus
772 2745 898 2800 suis
946 2745 1376 2816 perfruentem,
1450 2751 1509 2804 et
1580 2748 1768 2804 animi
1823 2749 2128 2805 solutioris

2311 2752 2694 2807 ἀπολαυστικόν
2745 2773 2863 2807 τινα
2915 2759 3007 2809 καὶ
3093 2752 3348 2828 ἀνειμένον
3374 2773 3385 2787 ·
3451 2755 3542 2805 καὶ
3594 2746 3914 2814 ἁπαξαπλῶς

539 2849 666 2889 uno
695 2834 902 2902 verbo,
931 2834 1071 2890 vitio
1100 2835 1269 2890 omni
1313 2851 1386 2891 ex
1435 2836 1652 2893 virtute
1700 2837 1997 2908 adjacenti
2036 2837 2176 2895 blan

2309 2850 2486 2896 πᾶσαν
2537 2848 2724 2897 κακίαν
2774 2842 2829 2896 ἐκ
2869 2851 2964 2907 τῆς
3001 2846 3381 2921 παρακειμένης
3410 2842 3525 2913 (11)
3564 2837 3748 2915 ἀρετῆς
3775 2838 3905 2891 ὑπο-

537 2921 688 2978 dum
715 2938 938 2978 nomen
966 2923 1310 2995 imponunt.
1360 2923 1526 2981 Tales
1583 2940 1686 2982 ore
1727 2925 1976 2998 quidem
2017 2926 2173 2984 bene

2311 2934 2625 3008 διορίζονται.
2672 2936 2739 2988 Οἱ
2784 2940 3012 2988 τοιοῦτοι
3066 2939 3139 3005 τῷ
3197 2935 3424 3004 στόματι
3474 2930 3565 3003 μὶν
3614 2926 3909 3000 εύλογοῡσι,

536 3011 766 3082 dicunt,
813 3015 880 3068 ut
925 3012 1007 3068 ait
1052 3012 1241 3069 David
1272 3013 1341 3083 ³⁸,
1398 3013 1580 3070 corde
1627 3030 1766 3071 vero
1811 3015 2173 3074 maledicunt

2310 3026 2447 3076 κατά
2489 3026 2575 3077 τον
2628 3020 2816 3090 Δαϐὶδ,
2863 3031 2924 3097 τῇ
2976 3019 3036 3077 δε
3072 3018 3273 3098 καρδίᾳ
3299 3026 3648 3095 καταρῶνται.
3689 3015 3774 3068 Ἐν
3801 3015 3911 3090 γὰρ

539 3102 691 3156 Nam
720 3101 1044 3158 verborum
1091 3101 1392 3159 lenocinio
1415 3103 1907 3162 maledictionem
1955 3121 2176 3164 omnen

2309 3122 2390 3187 τῇ·
2441 3122 2542 3166 τῶν
2579 3115 2828 3189 ῥημάτων
2859 3112 3088 3186 εὐφημίᾳ
3132 3117 3308 3164 πᾶσαν
3359 3110 3592 3185 κατάραν
3622 3104 3915 3179 ἐπάγουσιν

537 3189 601 3246 in
627 3205 838 3246 eorum
862 3191 1053 3250 vitam
1083 3190 1418 3259 conferunt,
1459 3192 1759 3250 obnoxios
1806 3194 1939 3251 illos
1969 3200 2174 3253 aeterna

2311 3202 2479 3256 αὐτῶν
2536 3211 2598 3275 τῇ
2656 3203 2789 3275 ζωῇ,
2843 3198 3131 3263 ὑποδίκους
3169 3199 3356 3260 αὑτοὺς
3407 3205 3469 3271 τῇ
3530 3195 3717 3268 αἰωνίᾳ
3751 3213 3913 3247 κατα-

534 3278 915 3336 damnationi
969 3279 1514 3352 approbationibus
1572 3283 1698 3338 suis
1750 3285 2171 3342 constituentes

2310 3296 2481 3364 κρίσει
2535 3287 2609 3343 δι’
2652 3291 2720 3342 ὧν
2781 3287 3140 3363 ἀποδέχονται
3185 3290 3556 3349 καθιστῶντες.
3590 3283 3794 3359 Ὠσπερ
3824 3277 3911 3334 οὖν

538 3370 613 3440 (5)
658 3371 729 3425 Ut
756 3368 938 3438 igitur
982 3385 1106 3425 non
1159 3369 1308 3440 justi
1348 3370 1570 3440 judicis
1605 3388 1777 3445 pares
1807 3375 2058 3446 paribus
2087 3381 2175 3433 sta

2311 3381 2404 3433 οὑκ
2463 3383 2576 3434 ἔστι
2615 3377 2828 3435 δικαίου
2859 3386 3040 3455 κριτοῦ
3069 3382 3192 3442 ἴσας
3231 3380 3364 3454 πρὸς
3425 3379 3549 3440 τσας
3597 3373 3792 3448 ὁρίζειν
3817 3372 3912 3436 τὰς

538 3461 705 3512 tuere
731 3457 1066 3524 mercedes,
1095 3457 1200 3513 sed
1239 3472 1486 3514 necesse
1513 3465 1602 3517 est
1655 3465 1721 3517 ut
1767 3462 1910 3518 mali
1932 3464 2171 3538 incepto

2311 3467 2629 3538 ἀντιδόσεις,
2685 3469 2796 3523 ἀλλ’
2832 3468 3028 3544 ἀνάγκη
3089 3471 3174 3523 τὸν
3229 3465 3562 3540 κατάρξαντα
3601 3469 3765 3516 κακοῦ
3787 3461 3919 3534 μετὰ

537 3544 902 3600 cumulatius
932 3545 1240 3616 persolvat
1265 3545 1493 3613 debita,
1538 3549 1590 3603 si
1622 3550 1808 3606 modo
1838 3555 1894 3607 et
1923 3552 2054 3625 ipse
2083 3570 2174 3610 me

2309 3561 2619 3634 προσθήκης
2669 3558 2919 3613 ἀποτῖσαι
2981 3561 3048 3612 τὰ
3105 3557 3421 3631 ὀφειλόμενα,
3485 3553 3530 3608 εἰ
3592 3551 3768 3626 μέλλοι
3822 3549 3919 3604 αὑ-

533 3632 648 3690 lior
704 3650 778 3689 ex
823 3633 1134 3707 suppliciis
1185 3635 1422 3690 futurus
1469 3636 1565 3707 sit,
1611 3642 1669 3694 et
1715 3638 1866 3694 alios
1925 3642 2168 3700 meliore

2309 3653 2392 3710 τός
2439 3668 2492 3702 τι
2559 3649 2775 3722 βελτίων
2822 3656 2940 3712 ταῖς
2985 3651 3262 3722 τιμωρίαις
3289 3645 3628 3718 γενήσεσθαι,
3668 3644 3754 3694 καὶ
3791 3642 3922 3704 τοὺς

531 3723 801 3780 facturus
841 3723 1164 3813 exemplo:
1206 3725 1284 3795 (6)
1316 3724 1399 3813 ita
1445 3730 1506 3781 et
1565 3726 1671 3798 qui
1713 3727 1859 3784 boni
1910 3735 2168 3802 praetexi1

2308 3739 2522 3800 λοιπούς
2590 3742 3027 3813 σωφρονεστέρους
3092 3743 3256 3789 ποιεῖν
3347 3741 3422 3806 τῷ
3517 3727 3918 3802 ὑποδείγματι·

532 3811 764 3868 malum
794 3811 951 3901 facit,
981 3812 1205 3885 duplici
1237 3812 1428 3869 multa
1466 3814 1688 3884 dignus
1720 3821 1811 3873 est
1843 3834 1856 3872 :
1887 3823 2012 3874 tum
2055 3821 2169 3893 qui.

2310 3829 2444 3882 οὑτω
2473 3831 2560 3880 καὶ
2590 3828 2615 3880 ό
2652 3831 2708 3881 τὸ
2739 3831 2898 3880 κακὸν
2930 3829 2977 3880 ἓν
3000 3830 3353 3901 προσχήματι
3372 3829 3464 3875 τοῦ
3503 3820 3705 3896 ἀγαθοῦ
3728 3827 3918 3888 ποιῶν,

527 3901 698 3972 quod
745 3916 869 3957 non
922 3900 1157 3956 bonum
1215 3905 1304 3957 est
1357 3903 1504 3973 agit,
1537 3909 1669 3960 tum
1701 3905 1845 3977 quia
1876 3906 1956 3962 ad
2003 3910 2164 3966 scelu

2310 3915 2650 3980 διπλασίονος
2677 3920 2930 3990 τιμωρίας
2947 3914 3088 3969 ἐστὶν
3121 3914 3287 3981 ἄξιος,
3312 3909 3452 3966 διότι
3483 3910 3611 3966 αὑτὸ
3645 3928 3701 3963 τε
3737 3912 3797 3962 τὸ
3821 3907 3921 3964 οὑκ

527 3990 1027 4063 perpetrandum,
1077 3990 1265 4060 bono,
1332 3997 1400 4048 ut
1460 3992 1544 4050 ita
1591 3993 1816 4061 dicam,
1876 3999 2040 4055 socio
2093 4000 2164 4056 ah

2308 4006 2506 4078 ἀγαθὸν
2561 4005 2854 4080 ἐργάζεται,
2902 4009 2988 4058 καὶ
3030 4009 3296 4080 κέχρηται
3346 4002 3413 4064 εἰς
3467 4005 3527 4054 τὸ
3574 3999 3782 4054 τελέσαι
3817 4002 3921 4058 τὴν

530 4082 741 4137 “mur-
1227 4167 1241 4171 Α
2308 4096 2590 4171 ἁμαρτίαν,
2623 4099 2688 4157 ὡς
2716 4095 2777 4148 ἂν
2809 4098 2943 4149 εἴποι
2969 4114 3069 4161 τις,
3088 4101 3161 4166 τῷ
3183 4091 3323 4162 καλῷ
3346 4097 3598 4166 συνεργῷ.

603 4169 781 4242 475
815 4174 868 4224 7.
903 4168 980 4240 (7)
1006 4167 1355 4257 Cavendum
1394 4169 1575 4239 igitur
1611 4172 1742 4228 viro
1786 4175 2090 4249 prudenti,
2121 4194 2198 4236 ne

2378 4191 2431 4241 7.
2474 4189 2718 4238 ψευκτέον
2785 4181 2872 4238 οὖν
2937 4192 3010 4257 τῷ
3081 4187 3430 4256 σωφρονοῦντι
3469 4181 3528 4232 τὸ
3581 4180 3710 4252 πρὸς
3753 4174 3921 4241 δόξαν

524 4259 609 4317 ad
638 4258 808 4328 vulgi
837 4256 1228 4314 rumusculos
1258 4258 1435 4320 vivat.
1463 4263 1521 4315 et
1540 4275 1613 4316 ea
1634 4267 1864 4333 spectet
1882 4281 2018 4337 quae
2040 4267 2161 4323 mul

2309 4275 2428 4347 ζῇν,
2483 4278 2573 4327 καὶ
2628 4276 2695 4326 τὰ
2739 4281 2843 4336 τοῖς
2884 4273 3090 4334 πολλοῖς
3141 4268 3399 4324 δοκοῦντα
3434 4275 3793 4342 περισκοπεῖν,
3824 4273 3924 4320 καὶ

526 4348 764 4405 titudini
782 4347 1148 4420 probantur;
1189 4363 1260 4402 ac
1282 4362 1405 4402 non
1429 4348 1627 4420 potius
1650 4356 1880 4409 rectam
1897 4356 2163 4413 rationem

2305 4367 2377 4438 μη
2437 4366 2523 4416 τόν
2600 4362 2750 4438 ὀρθόν
2801 4363 2952 4435 λόγον
3017 4364 3248 4434 ἡγεμόνα
3296 4360 3565 4412 ποιεῖσθαι
3630 4364 3723 4410 τοῦ
3768 4356 3923 4431 βίου,

524 4438 610 4494 ita
663 4439 802 4494 vitae
856 4437 1076 4493 ducem
1120 4437 1408 4503 instituat,
1442 4441 1508 4493 ut
1547 4439 1793 4498 etiamsi
1841 4443 2159 4503 hominibu

2306 4454 2440 4505 ὥστε
2488 4452 2583 4504 κάν
2634 4459 2795 4506 πᾶσιν
2854 4451 3147 4527 ἀνθρώποις
3194 4447 3496 4520 ἀντιλέγειν,
3557 4445 3653 4498 κάν
3708 4442 3925 4508 ἀδοξεῖν

525 4528 812 4586 omnibus
844 4526 1384 4584 contradicendum
1404 4527 1496 4589 sit,
1516 4530 1752 4589 etiamsi
1771 4534 1929 4590 male
1942 4536 2162 4594 audien

2305 4547 2393 4594 καὶ
2433 4538 2750 4594 κινδυνεύειν
2781 4543 2907 4614 ὑπὲρ
2964 4547 3055 4592 τοῦ
3105 4538 3266 4592 καλοῦ
3298 4534 3417 4609 δέη,
3450 4532 3617 4609 μηδὲν
3647 4537 3925 4608 αἱρεῖσθαι

523 4615 695 4686 dum,
737 4634 808 4674 ac
845 4615 1442 4692 periculumhonesti
1463 4632 1651 4673 causa
1668 4621 2088 4696 subeundum;
2119 4642 2160 4683 e:

2305 4640 2404 4687 τῶν
2477 4631 2638 4708 ὀρθῶς
2715 4630 3046 4704 ἐγνωσμένων
3122 4632 3447 4701 παρακινεῖν.
3501 4627 3601 4678 Τὸν
3668 4627 3771 4697 γὰρ
3845 4630 3926 4698 μή

587 4815 635 4850 ¹⁹
668 4814 868 4871 Matth.
899 4831 958 4881 Χ,
997 4819 1082 4870 16.
1125 4815 1173 4849 ²⁰
1209 4815 1410 4871 Matth.
1443 4830 1541 4886 γιι,
1579 4818 1665 4871 14.
1706 4818 1751 4852 ﬂ
1786 4819 2010 4878 Coloss.
2040 4839 2124 4895 ιιι,
2166 4828 2220 4882 9.

1579 4818 1665 4871 14.
1706 4818 1751 4852 ²¹
1786 4819 2010 4878 Coloss.
2040 4839 2124 4895 ιιι,
2166 4828 2220 4882 9.
2252 4827 2301 4864 ²¹
2331 4826 2486 4885 Psal.
2515 4844 2606 4897 cu,
2641 4832 2691 4882 5.
2735 4828 2783 4862 ³³
2811 4825 2964 4884 Psal.
3000 4843 3114 4899 LXI,

707 5012 792 5098 Ex
822 5013 1144 5098 comment.
1179 5011 1242 5065 in
1277 5011 1394 5098 ἔξει.
1428 5014 1552 5067 378.

2288 5021 2490 5098 vimus
2516 5037 2770 5098 pravam
2795 5021 3113 5098 lectionem
3139 5041 3583 5098 προερχόμενους.

616 5083 670 5166 ξ)
707 5082 788 5166 ΙΞΧ
819 5082 993 5166 epist.
1025 5096 1238 5151 ccxuv,
1275 5085 1402 5166 agt.
2289 5163 2324 5166 __
2359 5094 2440 5164 (9)
2479 5082 2672 5156 νἐντός.
2699 5093 2791 5166 Sic
2821 5094 3039 5166 Regius
3065 5082 3276 5151 cod'ex'
3301 5082 3388 5152 ἔτ’
3412 5082 3757 5160 contextus,
3795 5109 3929 5150 me-

708 5153 789 5237 ρκ
819 5153 995 5237 epist.
1026 5167 1251 5237 ecxcm,
1284 5156 1411 5209 431.
1449 5225 1539 5237 mn

1396 5194 1411 5209 .
1449 5225 1539 5237 mn
2289 5153 2407 5237 lius
2422 5153 2617 5237 'quam
2636 5153 2790 5237 editi
2817 5163 2866 5217 ἐν
2895 5153 3024 5227 ἶοῖς.

707 5223 790 5310 Ex
819 5221 986 5310 hom.
1021 5223 1089 5310 in
1109 5224 1414 5310 maturari,
1441 5225 1564 5280 195.

2365 5221 2475 5306 (1οδ
2515 5244 2617 5290 Τοῦ
2650 5235 2819 5310 ἀέρος.
2853 5221 3226 5294 Ηωοίιάἀὶια
3265 5252 3340 5293 ex
3387 5237 3573 5308 Regio
3613 5237 3828 5294 codice
3863 5241 3925 5293 et

614 5295 667 5374 ἐξ)
707 5295 790 5374 ΕΣ
823 5295 994 5374 epist.
1031 5309 1197 5374 cum,
1224 5298 1355 5374 3‘96.
2292 5295 2598 5364 contextu.

704 5366 789 5452 Ex
820 5366 992 5434 epist.
1025 5368 1300 5452 urunt“.
1340 5438 1378 5452 μ
1569 5440 1578 5450 ι
1755 5447 1765 5452 _
1852 5445 1940 5452 ,μ

2331 5381 2481 5448 -(Η)
2520 5383 2931 5452 Παρακειμένης.
2985 5379 3080 5452 Sic
3109 5383 3431 5436 contextus
3465 5379 3658 5451 multo
3697 5376 3914 5450 melius

606 5435 664 5574 7;
704 5437 787 5489 Ex
817 5450 996 5490 serm.
1030 5436 1116 5492 De
1138 5436 1404 5518 legendis
1432 5438 1604 5494 libris
1626 5447 1813 5511 gent.,
1846 5445 1972 5498 183.

610 5509 641 5560 8
702 5510 1191 5574 Ποοσερχομένους.
1251 5508 1344 5566 Sic
1399 5523 1515 5574 ope
1543 5515 1861 5570 contextus
1892 5513 2186 5574 emenda-

2095 5513 2154 5574 la
2292 5435 2484 5520 quam
2510 5435 2941 5526 Metaphi‘astes
2973 5451 3336 5538 ὑποκειμένης.
3585 5435 3651 5451 ’Ὗ
3729 5447 3732 5450 ί

610 5508 664 5574 8)
702 5510 1191 5583 Ποοσερχομένους.
1251 5508 1344 5566 Sic
1399 5523 1515 5583 ope
1543 5508 1861 5570 contextus
1892 5513 2186 5574 emenda-

1679 5508 1861 5570 ;extus
1892 5513 2186 5574 emenda-
2311 5508 2334 5520 ⁸
2662 5508 2684 5526 ⁸
2809 5508 2868 5510 ⁷“
3059 5511 3065 5518 ’
3159 5508 3171 5538 "
