4146 6396
291 265 427 326 1129

1338 258 1569 324 SERMO
1609 264 1651 320 Ι.
1692 290 1761 310 -
1800 252 1892 320 ΒΕ
1927 260 2228 321 VIRTUTE
2266 261 2353 318 ET
2387 254 2594 318 VITIO.

3523 248 3662 317 mo

288 391 454 454 οὕτως
488 386 717 462 ιὲχοντα,
776 391 829 442 τί
877 393 969 444 τοῦ
1019 386 1313 463 Αἰγυπτίου
1362 395 1616 463 σοφιστοῦ
1655 394 1914 465 φήσομεν

2020 387 2115 460 iis,
2143 402 2281 463 qua:
2300 388 2459 446 recte
2488 383 2710 443 statuta
2734 380 2939 455 habet,
2969 379 3117 441 nihil
3143 395 3392 458 prorsus
3414 396 3661 442 movere

290 480 602 549 ἀπολείπειν,
642 478 693 540 ὃς
724 481 881 551 φυτὸν
919 477 1112 552 ἐγένετο
1164 483 1256 534 καὶ
1314 482 1511 555 θηρίον,
1555 481 1705 534 ὁπότε
1745 480 1887 556 βοῦ-

288 571 450 638 λοιτο,
490 573 582 622 καὶ
609 575 713 645 πῦρ
760 572 851 621 καὶ
881 564 1026 643 ὕδωρ
1071 573 1161 622 καὶ
1212 572 1383 623 πάντα
1408 574 1668 645 χρήματα
1700 587 1713 600 ’
1749 568 1888 647 εἰπερ

294 657 362 719 δὴ
403 663 494 712 καὶ
551 657 703 718 αὐτὸς
748 664 836 709 νῦν
876 661 965 731 μὲν
1016 661 1075 711 1'6
1130 656 1336 713 δίκαιον
1380 658 1704 713 ἐπαινέσεται
1748 662 1894 736 παρὰ

292 757 403 812 τοῖς
431 756 584 802 τοῦτο
623 754 818 820 τιμῶσι
850 762 863 778 ⁸
905 753 994 800 νῦν
1025 743 1084 802 6":
1108 752 1231 811 τοὺς
1278 747 1533 812 ἐναντίους
1564 748 1754 823 ἀφήσει
1801 750 1891 803 λό-

290 858 436 911 γους,
473 839 593 891 ὅταν
634 840 731 897 τὴν
768 833 983 890 ἀδικίαν
1020 834 1405 912 εὐδοκιμοῦσαν
1453 839 1728 910 αἴσθηται,
1771 841 1892 916 ὅπερ

296 926 453 987 δίκην
483 928 558 1000 (1)
585 924 702 980 ἐστὶ
731 925 985 997 κολάκων,
1025 932 1115 981 καὶ
1142 936 1239 992 τῆς
1265 928 1595 1005 Ἀρχιλόχου
1635 928 1896 992 ἀλώπεκος

293 1020 352 1071 τὸ
407 1012 681 1092 κερδαλέον
737 1034 791 1069 τε
842 1020 932 1068 καὶ
968 1016 1203 1069 ποικίλον
1263 1016 1498 1085 ζηλοῦνς
1540 1016 1598 1071 Ὀ
1646 1020 1736 1092 μὶν
1793 1020 1895 1093 γὰρ

295 1106 494 1169 ἀληθὴς
558 1106 731 1179 λόγος,
799 1111 888 1159 καὶ
963 1105 1066 1160 ἀπὸ
1127 1108 1311 1180 ὑγιοῦς
1374 1104 1613 1170 διανοίας
1678 1114 1896 1184 προϊὼν,

296 1195 491 1261 ἁπλοῦς
547 1195 664 1250 ἔστι
729 1201 818 1249 καὶ
864 1199 1199 1274 μονότροπος,
1258 1200 1324 1250 τὰ
1389 1197 1523 1251 αὐτὰ
1572 1197 1734 1270 λέγων
1781 1202 1900 1272 περὶ

295 1295 397 1341 τῶν
462 1284 627 1340 αὐτῶν
693 1286 932 1339 πάντοτν
1001 1287 1027 1339 ὀ
1090 1283 1149 1340 6“:
1211 1286 1442 1349 ποικίλος
1496 1292 1588 1342 καὶ
1643 1289 1897 1359 ἔντεχνος,

297 1375 426 1431 πολὺ
489 1378 547 1428 τὸ
614 1372 887 1428 ἐπίπλοκον
953 1381 1043 1429 καὶ
1099 1374 1484 1448 ἐγκατάσκευον
1540 1379 1700 1449 ἔχων,
1741 1381 1904 1451 μυρία

298 1465 854 1540 κατασχηματίζεται,
919 1470 1009 1519 καὶ
1072 1471 1344 1539 στρέφεται
1414 1468 1637 1543 στροφὰς
1695 1465 1903 1540 ἀμυθή-

300 1574 444 1627 τους,
474 1557 604 1629 πρὸς
632 1558 691 1607 τὸ
740 1562 841 1607 τῶν
888 1552 1313 1627 ἐντυγχανόντων
1371 1554 1591 1628 ἀρέσκον
1651 1575 1906 1633 μεταμορ-

302 1648 569 1719 φοῦμενος.
602 1644 763 1698 Ὅταν
801 1647 903 1720 γὰρ
963 1644 1128 1709 άλλως
1168 1649 1257 1719 μὲν
1318 1648 1519 1720 φύσεως
1575 1649 1677 1723 ἔχῃ
1724 1649 1801 1720 (2)
1840 1650 1907 1701 τὰ

1996 476 2157 535 velit.
2182 478 2334 534 Nam
2358 474 2464 548 qui
2489 489 2611 532 non
2630 472 2715 531 ita
2742 471 2995 530 aﬁ'ectus
3021 476 3133 545 est,
3174 486 3317 531 eum
3364 470 3444 530 ab
3474 475 3660 544 Egy-

1997 566 2126 642 ptio
2153 566 2254 624 illo
2284 564 2556 641 sophista
2584 563 2734 638 quid
2762 562 3002 621 differre
3032 560 3328 633 dicemus,
3360 561 3485 636 qui,
3519 576 3663 619 cum

1998 655 2194 724 vellet,
2222 655 2433 729 planta
2472 652 2653 711 ﬁebat
2673 656 2730 709 et
2753 651 2966 719 bestia,
2993 654 3051 709 et
3077 650 3258 723 ignis,
3293 655 3351 709 et
3373 665 3559 725 aqua,
3606 652 3666 708 et

2001 760 2098 803 res
2139 744 2397 803 omnes?
2450 746 2599 801 Nam
2629 750 2685 800 et
2711 743 2841 816 ipse
2879 741 3065 800 modo
3095 740 3346 815 quidem
3368 738 3663 814 justitiam

2002 834 2281 893 laudabit
2326 832 2492 908 apud
2531 848 2634 891 eos
2681 833 2784 906 qui
2824 848 2960 890 eam
3007 831 3260 889 colunt:
3293 829 3481 888 modo
3521 843 3664 888 vero

2005 923 2340 983 contrarios
2378 922 2629 981 habebit
2650 938 2981 989 sermones,
3005 920 3112 978 ubi
3141 919 3497 993 injustitiam
3522 934 3665 995 pro-

2005 1012 2139 1071 bari
2163 1011 2650 1071 animadverterit
2682 1029 2694 1069 :
2728 1011 2896 1085 quod
2921 1010 3170 1085 quidem
3200 1015 3293 1067 est
3320 1008 3666 1068 adulatores

2006 1102 2247 1171 imitari,
2288 1103 2371 1175 (4)
2398 1105 2457 1160 et
2478 1100 2819 1159 Archilochi
2856 1099 3190 1175 vulpeculae
3227 1098 3514 1157 astutiam
3540 1112 3671 1155 ver-

2008 1193 2353 1266 sutiamque
2378 1191 2668 1249 aemulari.
2703 1194 2780 1263 (5)
2812 1192 3021 1248 Sermo
3050 1189 3299 1265 quidem
3325 1204 3505 1247 verus
3531 1187 3602 1262 [et
3630 1203 3670 1248 a

2010 1297 2160 1341 sana
2186 1284 2387 1338 mente
2411 1279 3083 1354 proﬁciscens,simplex
3111 1282 3202 1337 est
3227 1283 3286 1337 et
3304 1278 3485 1336 unius
3513 1278 3670 1350 ejus-

2010 1371 2274 1445 demque
2324 1371 2598 1441 rationis,
2631 1370 2851 1428 eadem
2882 1371 2958 1427 de
2993 1368 3211 1427 iisdem
3241 1383 3483 1442 semper
3511 1366 3671 1426 afﬁr-

2010 1476 2190 1520 mans
2217 1477 2232 1517 :
2263 1459 2471 1517 varius
2500 1474 2645 1517 vero
2693 1463 2752 1516 et
2800 1458 3180 1531 artiﬁciosus,
3224 1473 3367 1515 cum
3408 1455 3670 1515 multum

2011 1551 2310 1625 implexus
2367 1550 2445 1607 sit
2499 1552 2557 1607 et
2614 1553 3015 1623 praeparatus,
3077 1551 3391 1605 sexcentas
3436 1546 3673 1605 formas

2014 1641 2287 1711 assumit,
2316 1656 2501 1715 seque
2533 1639 2612 1698 ad
2642 1640 2901 1712 gratiam
2953 1637 3428 1712 colloquentium
3466 1637 3673 1696 conci-

302 1737 607 1809 πράγματα,
639 1733 800 1796 ἄλλως
849 1730 902 1787 δ’
931 1736 981 1787 οἱ
1035 1733 1182 1807 λόγοι
1223 1739 1342 1809 περὶ
1399 1734 1568 1789 αὐτῶν
1613 1734 1902 1790 ἀναπείθω-

2020 1730 2285 1789 liandam
2338 1728 2800 1799 transformans,
2857 1729 2919 1786 in
2977 1727 3274 1785 versutias
3320 1726 3674 1785 innumeras

304 1843 379 1893 σι,
410 1828 609 1899 στρορή
670 1828 750 1886 τίς
804 1821 939 1895 ἔστι,
983 1823 1174 1896 μᾶλλον
1208 1821 1267 1877 6“:
1308 1819 1632 1898 διαστροφὴ,
1670 1826 1770 1879 ὑπὸ
1812 1834 1905 1879 τοῦ

300 1914 459 1987 λόγον
514 1918 633 1990 περὶ
706 1917 802 1971 τὴν
869 1911 1106 1973 ἀληθειαν
1169 1916 1433 1987 γινομένη.
1501 1918 1603 1968 Kal.
1663 1915 1690 1966 6
1747 1914 1908 1977 ἄλλως

302 2004 392 2075 μὶν
437 2007 753 2075 φαινόμενος,
793 2000 958 2063 ἄλλως
1016 1997 1074 2053 δε
1132 2001 1200 2064 ὣς
1247 2003 1384 2054 κατὰ
1428 1999 1695 2073 ἀλήθειαν,
1758 2022 1909 2078 στρο-

306 2098 425 2163 φαῖς
477 2096 737 2166 κέχρηται
775 2089 962 2162 λόγων,
1011 2088 1222 2143 ἀπατῶν
1267 2094 1388 2154 τοὺς
1429 2094 1700 2163 συνόντας,
1734 2095 1908 2169 ὥσπερ

305 2184 428 2243 τοὺς
481 2188 635 2241 κῦνας
688 2179 884 2252 λαγωοὶ
938 2184 1028 2233 καὶ
1080 2178 1353 2249 ἀλώπεκες,
1415 2181 1587 2257 ἑτέραν
1645 2178 1910 2237 δεικνύον-

308 2288 409 2341 τες,
466 2272 557 2322 καὶ
616 2268 788 2345 ἑτέραν
854 2273 1175 2345 τρεπόμενοι.
1216 2269 1274 2323 Ἡ
1321 2266 1381 2323 δὲ
1435 2274 1561 2347 πρὸς
1613 2274 1728 2334 τοὺς
1781 2274 1909 2345 φαύ-

308 2359 428 2420 λους
456 2365 557 2411 τῶν
594 2358 757 2431 λόγων
790 2361 1060 2429 συνήθεια,
1093 2355 1213 2420 ὁδός
1242 2363 1321 2422 τίς
1366 2358 1505 2412 ἇστιν
1530 2358 1614 2413 ὶπὶ
1656 2363 1723 2415 τὰ
1746 2364 1911 2438 πράγ·

307 2467 475 2521 ματα.
514 2452 601 2502 Διό
643 2444 711 2507 δὴ
753 2450 898 2521 πάσῇ
932 2447 1130 2523 φνλακη
1165 2454 1258 2507 τὴν
1296 2448 1483 2521 ψυχὴν
1528 2456 1795 2527 τηρητέον,
1836 2457 1908 2525 μὴ

312 2534 407 2591 διὰ
433 2546 530 2601 τῆς
557 2546 657 2592 τῶν
682 2538 848 2612 λόγων
865 2534 1059 2601 ἡδονῆς
1086 2535 1506 2614 παραδεξάμενοι
1535 2558 1651 2595 τινα
1677 2541 1912 2615 λάθωμεν

310 2635 410 2680 τῶν
440 2631 710 2702 χειρόνων,
742 2629 915 2698 ὥσπερ
956 2630 1007 2681 οἱ
1045 2629 1112 2681 τὰ
1140 2624 1443 2704 δηλητήρια
1487 2633 1618 2703 μετά
1652 2638 1745 2684 τοῦ
1773 2631 1911 2705 μελι-

310 2735 392 2777 τος
436 2720 787 2791 προσιέμενοι.
812 2715 872 2769 Ὀ
902 2720 991 2789 μὲν
1020 2719 1119 2790 γὰρ
1167 2721 1257 2776 τὴν
1296 2718 1432 2789 ἄχρι
1482 2719 1730 2792 ῥημάτων
1768 2723 1913 2795 παρὰ

311 2811 417 2868 τοῖς
437 2804 605 2867 ἄλλοις
636 2805 940 2878 φιλοσοφίαν
969 2808 1104 2880 ἔργῳ
1145 2802 1393 2878 βεϐαιῶν.

541 3088 659 3156 oio;
692 3096 965 3159 πέπνυται,
993 3097 1074 3149 τοὶ
1101 3090 1161 3148 6":
1193 3098 1339 3149 σκιαὶ
1369 3092 1671 3150 ἀίσσουσιν.

308 3203 447 3257 Ἐπεὶ
487 3206 545 3256 τό
595 3222 655 3276 γε
709 3203 958 3278 λαμπρῶς
1013 3205 1104 3277 μὶν
1142 3201 1409 3259 ἔπαινίσαι
1460 3209 1555 3267 τὴν
1594 3204 1780 3282 ἀρετὴν
1839 3207 1909 3271 εἰς

307 3294 368 3345 τό
428 3295 612 3368 μέσου,
653 3296 744 3346 καὶ
803 3296 1035 3366 μακροὺς
1096 3294 1222 3369 ὑπὶρ
1273 3294 1433 3358 αὐτῆς
1487 3293 1770 3351 ἀποτείνειν
1823 3296 1909 3352 λό-

310 3401 461 3453 γους,
520 3376 636 3453 ἰδίᾳ
697 3378 756 3434 δὲ
815 3384 874 3434 τὸ
931 3377 1038 3440 ἡδὺ
1097 3385 1195 3456 πρὸ
1255 3392 1352 3446 τῆς
1410 3387 1771 3459 σωφροσύνης,
1821 3390 1912 3441 καὶ

312 3472 371 3523 τὸ
397 3469 546 3523 πλέον
592 3472 734 3542 ἔχειν
770 3472 872 3544 πρὸ
896 3478 993 3523 τοῦ
1023 3465 1231 3523 δικαίου
1273 3478 1451 3545 τιμᾷν,
1484 3471 1705 3529 ἐοικέναι
1756 3480 1912 3549 φαίην

313 3558 374 3613 ἃν
430 3561 592 3633 ἔγωγε
641 3555 747 3620 τοῖς
800 3558 886 3613 ἐπὶ
948 3568 1145 3624 σκηνῆς
1205 3561 1626 3637 ὑποκρινομένοις
1678 3567 1745 3619 τὰ
1785 3562 1916 3641 δρά-

315 3669 460 3724 ματα
485 3666 497 3680 ·
550 3648 598 3702 οἱ
642 3651 708 3711 ὡς
743 3647 983 3722 βασιλεῖς
1018 3649 1264 3713 πολλάκις
1301 3657 1391 3705 καὶ
1448 3649 1711 3709 δυνάσται
1748 3657 1915 3734 εἰσέρ-

316 3758 528 3812 χονται,
567 3740 686 3791 οὔτε
725 3738 959 3812 βασιλεῖς
988 3742 1143 3807 ἄντες,
1193 3744 1310 3795 οὔτε
1348 3738 1629 3816 δυνάσται,
1664 3743 1787 3799 οὐδὲ
1825 3751 1917 3821 μὶν

317 3826 405 3881 οὖν
442 3830 611 3900 τυχὸν
649 3826 901 3901 ἐλεύθεροι
948 3833 1006 3881 1'6
1054 3832 1326 3903 παράπαν,
1362 3829 1492 3886 Εἶτα
1527 3840 1779 3906 μουσικὸς
1829 3840 1920 3910 μὶν

314 3916 409 3970 οὐκ
446 3914 507 3969 ἃν
568 3915 693 3969 ἑκὼν
752 3913 959 3980 δεξαιτο
1026 3916 1353 3992 ἀνάρμοστον
1418 3922 1561 3994 αὐτῷ
1624 3928 1718 3983 τὴν
1756 3925 1920 3979 λῦοαν

316 4005 493 4060 εἶναι’
554 4011 644 4059 καὶ
681 4013 851 4083 χοροῦ
911 4016 1209 4081 κορυφαῖος,
1248 4013 1320 4082 μὴ
1377 4011 1458 4064 ὅτι
1512 4012 1746 4084 μάλιστα
1804 3987 1923 4068 συν-

316 4091 517 4168 άδοντα
544 4098 632 4149 τὸν
685 4099 849 4169 χορόν
889 4099 1029 4169 ἔχειν
1064 4114 1077 4127 ’
1129 4098 1282 4160 αὐτὸς
1340 4095 1399 4153 δέ
1427 4119 1507 4162 τις
1558 4102 1776 4166 ἕκαστος
1806 4100 1921 4158 δια-

321 4185 602 4239 στασιάσει
640 4188 771 4258 πρὸς
809 4183 1010 4256 ἑαυτὸν,
1070 4191 1158 4239 καὶ
1216 4186 1344 4259 οὐχί
1398 4196 1500 4250 τοῖς
1539 4191 1708 4263 λόγοις
1738 4192 1924 4266 ὁμολο-

319 4281 514 4345 γοῦντα
548 4277 634 4327 τὸν
676 4272 794 4348 βίον
850 4275 1163 4349 παρέξεται;
1206 4280 1340 4330 Οὔτε
1386 4281 1486 4355 γὰρ
1540 4282 1694 4334 ῖππον
1756 4288 1926 4357 ταχὺν

322 4364 525 4421 ποιεῖή
567 4369 659 4416 τοῦ
698 4366 895 4438 πατρὸς
943 4368 1055 4439 περὶ
1098 4369 1183 4418 τὸν
1242 4362 1436 4439 δρόμον
1498 4368 1753 4446 εὐμοιρία,
1813 4376 1928 4427 οὔτε

2013 1819 2281 1877 vertitur.
2332 1820 2481 1876 Cum
2509 1818 2671 1876 enim
2702 1817 2872 1876 aliter
2923 1820 3143 1876 natura
3180 1831 3243 1873 se
3287 1831 3386 1874 res
3416 1815 3668 1885 habent,

2014 1908 2185 1967 aliter
2214 1922 2354 1965 vero
2381 1906 2457 1964 de
2487 1907 2572 1964 eis
2597 1906 2852 1964 suadent
2886 1904 3364 1974 verba,versutia
3385 1904 3674 1980 quaedam

2016 2002 2129 2067 est,
2159 1997 2255 2055 vel
2310 1995 2512 2071 potius
2566 1995 2828 2053 iuversio
2875 1995 3142 2053 veritatis
3174 2010 3280 2069 per
3326 2008 3675 2052 sermonem

2016 2087 2202 2146 facta.
2258 2088 2326 2144 Et
2371 2085 2477 2160 qui
2528 2085 2684 2142 alius
2718 2084 2967 2158 quidem
2998 2083 3254 2153 videtur,
3284 2083 3439 2142 alius
3475 2083 3681 2157 reipsa

2019 2180 2129 2249 est,
2165 2175 2427 2249 strophis
2459 2189 2810 2232 sermonum
2838 2174 3042 2238 utitur,
3079 2172 3285 2230 fucum
3338 2171 3564 2230 faciens
3601 2171 3680 2228 iis

2018 2266 2390 2341 quibuscum
2414 2264 2970 2338 versatur,perinde
2990 2267 3058 2321 ut
3084 2263 3322 2336 lepores
3344 2262 3683 2337 vulpesque

2020 2356 2295 2429 canibus,
2325 2354 2508 2413 aliam
2536 2355 2702 2413 viam
2732 2356 3305 2424 commonstrantes,
3340 2350 3526 2410 aliam
3556 2365 3683 2409 car-

2020 2450 2257 2522 pentes.
2288 2447 2364 2519 (6)
2420 2447 2570 2503 Nam
2626 2443 3012 2502 sermonibus
3061 2442 3266 2516 pravis
3303 2456 3682 2510 assuescere,

2021 2535 2122 2593 via
2139 2534 2426 2609 quaedam
2450 2536 2539 2591 est
2562 2531 2642 2591 ad
2668 2532 2807 2606 ipsa
2823 2531 3390 2605 facts.Quapropter
3405 2529 3684 2587 custodia

2021 2624 2191 2682 omni
2243 2622 2545 2681 servanda
2569 2622 2777 2679 anima
2816 2626 2924 2691 est,
2978 2636 3055 2678 ne
3083 2620 3230 2694 quid
3260 2619 3541 2677 vitiorum
3569 2632 3683 2693 per

2024 2728 2378 2772 sermonum
2406 2710 2781 2785 voluptatem
2808 2709 3223 2784 imprudentes
3248 2707 3683 2782 suscipiamus,

2018 2802 2269 2880 perinde
2311 2806 2377 2859 ut
2403 2802 2509 2875 qui
2550 2815 2693 2857 cum
2722 2799 2897 2856 melle
2937 2801 3186 2855 sumunt
3208 2811 3465 2855 venena.
3491 2798 3567 2868 (7)
3602 2795 3687 2854 Sl-

2020 2892 2265 2969 quidem
2314 2890 2422 2966 qui
2448 2887 2898 2964 philosophiam
2927 2886 3294 2946 verbotenus
3322 2885 3491 2960 apud
3528 2884 3684 2944 alios

2018 2985 2387 3052 manentem,
2410 2980 2566 3039 facto
2604 2978 2944 3052 conﬁrmat,

1944 3104 1987 3163 C
2093 3103 2211 3159 hic
2238 3101 2400 3159 solus
2432 3100 2615 3170 sapit,
2642 3103 2705 3155 al
2734 3097 2997 3156 volitant
3026 3095 3139 3153 alii
3170 3095 3336 3153 velut
3356 3093 3608 3153 umbrae.

2022 3207 2529 3283 Quandoquidem
2557 3206 2881 3278 magniﬁce
2914 3204 3192 3263 virtutem
3234 3202 3581 3263 collaudare
3620 3205 3686 3261 in

2019 3298 2364 3376 propatulo,
2405 3301 2464 3355 et
2498 3297 2718 3367 longos
2745 3295 2822 3352 de
2850 3311 2925 3353 ea
2967 3294 3320 3369 protrahere
3350 3307 3684 3364 sermones,

2020 3389 2303 3466 privatim
2336 3403 2475 3445 vero
2503 3385 2877 3459 voluptatem
2918 3384 3331 3458 temperantiae
3377 3383 3685 3458 praeferre,

2023 3484 2082 3541 et
2105 3481 2408 3555 qumstum
2426 3475 2673 3550 justitim
2699 3478 3085 3549 anteponere,
3113 3473 3231 3531 hoc
3273 3487 3387 3544 ego
3408 3472 3684 3543 dixerim,

2026 3569 2220 3628 simile
2247 3584 2378 3626 esse
2403 3565 2714 3625 actoribus
2744 3564 2995 3622 scenicis
3053 3577 3349 3636 personas
3377 3560 3686 3636 quasdam

2026 3656 2477 3726 sustinentibus,
2504 3655 2612 3729 qui
2635 3653 2995 3728 plerumque
3020 3650 3185 3708 velut
3212 3665 3387 3721 reges
3417 3655 3474 3708 et
3493 3649 3690 3722 dyna-

2028 3755 2133 3807 stas
2187 3746 2508 3821 prodeunt,
2537 3760 2679 3801 cum
2725 3758 2837 3800 nec
2873 3757 3047 3814 reges
3099 3756 3212 3797 nec
3267 3738 3569 3812 dynastes,
3617 3752 3691 3796 ac

2028 3839 2284 3897 fortasse
2330 3852 2408 3892 ne
2453 3833 2626 3890 liberi
2653 3830 2905 3905 quidem
2932 3845 3187 3903 prorsus
3230 3827 3368 3885 sint.
3420 3827 3516 3884 Ad
3559 3826 3695 3883 hac

2029 3926 2298 3985 musicus
2328 3938 2453 3981 non
2480 3921 2698 3978 lubens
2728 3919 2991 3993 patiatur
3037 3917 3356 3975 dissonam
3404 3916 3522 3974 sibi
3559 3930 3695 3974 esse

2030 4017 2249 4089 lyram:
2279 4028 2496 4086 nequaa
2524 4008 2845 4086 praefectus
2870 4008 3039 4065 chori
3057 4007 3310 4066 chorum
3339 4006 3455 4064 sibi
3470 4010 3693 4074 astare,

2031 4104 2139 4179 qui
2161 4119 2351 4177 quam
2374 4102 2639 4158 maxime
2667 4098 3003 4157 concinnus
3026 4111 3152 4155 non
3184 4096 3259 4155 sit
3290 4113 3305 4154 :
3340 4112 3379 4155 a
3399 4111 3462 4153 se
3493 4100 3698 4155 autem

2034 4194 2294 4270 quisque
2355 4189 2672 4248 dissidcbit
2723 4188 2874 4261 ipse,
2904 4202 3018 4245 nec
3072 4187 3260 4244 vitam
3310 4200 3453 4244 cum
3492 4184 3700 4243 verbis

2037 4279 2511 4341 consentientem
2540 4276 2897 4336 exhibebit?
2929 4277 3008 4350 (8)
3040 4280 3243 4349 Neque
3281 4275 3445 4333 enim
3470 4288 3702 4348 equum

2041 4373 2295 4432 celerem
2323 4369 2521 4427 reddit
2549 4368 2680 4440 ejus
2702 4367 2810 4441 qui
2826 4365 3111 4438 genuitin
3132 4380 3315 4423 cursu
3328 4361 3706 4439 praestantia,

325 4455 480 4513 κυνός
517 4449 767 4524 ἐγκώμιον
819 4455 878 4505 τό
925 4471 981 4505 εκ
1009 4456 1322 4526 ταχυτάτων
1364 4464 1518 4529 φῦναι
1550 4475 1561 4488 ’
1607 4458 1713 4513 ἀλλ’
1759 4464 1914 4539 ὥσπε)

2042 4477 2240 4537 neque
2261 4458 2428 4519 canis
2441 4457 2712 4517 laudatio
2723 4461 2914 4525 est,ex
2923 4454 3324 4514 velocissimis
3334 4456 3708 4528 prognatum

325 4545 424 4591 τῶν
471 4537 633 4591 ἄλλων
684 4539 829 4600 ζώων
885 4540 916 4597 ἡ
980 4538 1135 4615 ἁρετὴ
1204 4540 1253 4594 ἐν
1294 4542 1458 4616 ἑαυτῷ
1500 4548 1763 4624 θεωρεῖται
1821 4537 1934 4606 ἐκά-

333 4646 460 4701 στῳ,
494 4627 629 4681 οὕτω
676 4634 765 4682 καὶ
806 4625 996 4702 ἀνδρὸς
1043 4627 1183 4693 ἴδιος
1231 4634 1437 4695 ἔπαινος
1464 4636 1489 4688 6
1529 4636 1583 4690 ἐκ
1618 4648 1719 4692 τῶν
1772 4641 1939 4702 ῦπαρ-

329 4721 532 4791 χόντων
593 4717 734 4791 αὐτῷ
808 4721 1224 4793 κατορθωμάτων
1287 4728 1725 4800 μαρτυρούμενος.
1786 4730 1938 4808 Ἀρε-

328 4817 423 4873 τῆς
462 4810 711 4879 ἄσκησις,
765 4814 939 4883 τίμιον
991 4815 1081 4884 μὲν
1121 4821 1301 4887 κτῆμα
1352 4825 1423 4889 τῷ
1461 4821 1664 4890 ἔχοντι,
1717 4819 1941 4883 ἣδιστον

333 4895 393 4953 δὲ
446 4899 614 4971 θέοἰμα
671 4906 783 4961 τοῖς
837 4898 1267 4974 ἐντυγχάνουσιν.
1310 4908 1376 4958 Οἱ
1440 4911 1542 4982 γὰρ
1602 4914 1695 4970 τὴν
1754 4912 1942 4989 ἀρετὴν

327 4991 607 5060 μετιόντες,
682 4988 900 5061 ἄστροις
974 4987 1232 5061 ἐοίκασιν,
1314 4992 1364 5044 ἐν
1433 5008 1698 5074 νυκτερινῇ
1772 4987 1943 5058 συννε-

335 5083 454 5153 quia:
505 5079 607 5153 (3),
665 5078 838 5143 ἀλλοις
877 5079 991 5134 κατ’
1046 5081 1176 5137 ἄλλα
1212 5088 1343 5159 μέρη
1403 5094 1496 5141 τοῦ
1544 5089 1764 5163 οὐρανοῦ
1824 5092 1947 5151 δια·

412 5277 489 5419 (1)
514 5275 676 5364 ξοπερ
710 5272 887 5335 δίκην.
915 5278 1059 5407 Reg.
1090 5278 1283 5339 codex
1306 5287 1581 5358 uterque,
1614 5289 1737 5365 ὅπερ
1767 5287 1947 5357 δίκης.

412 5348 468 5419 (2
539 5354 681 5419 Εχῃ.
732 5351 877 5419 Reg.
908 5364 979 5408 co
1027 5365 1101 5407 ex
1143 5350 1307 5419 1992,
1338 5357 1471 5419 ἔχει.
1523 5360 1652 5418 Mox
1700 5366 1947 5419 uteraue

353 5418 368 5434 .
411 5347 489 5420 (2)
516 5347 681 5438 ς’ξοέχῄ.
732 5351 877 5420 Reg.
908 5347 1101 5408 codex
1143 5350 1307 5426 1992,
1338 5347 1483 5429 ἔχειῖ
1523 5347 1652 5418 Mox
1700 5347 1951 5438 uterque

344 5422 707 5478 ἀναπείθουσι.

414 5492 492 5582 Ψ
516 5490 1078 5582 ΡΒΥνεῖεέὲχὲΨὲἓ
1100 5493 1279 5582 editis
1313 5505 1584 5582 E’P‘tar‘is.
1631 5505 1798 5582 quod
1825 5508 1957 5582 qui-

349 5557 491 5641 dem
510 5578 624 5641 ope
644 5557 1203 5641 contextusetltegii
1223 5557 1950 5641 codicis'em'enilavimlu-s.

421 5632 500 5707 (4)
533 5632 616 5697 Ex
635 5651 814 5696 serm.
838 5638 928 5695 De
956 5632 1221 5710 legendis
1253 5642 1425 5703 libris
1451 5651 1614 5719 gent.
1647 5632 1774 5710 189.

688 5728 935 5789 PATROL.
978 5727 1081 5791 Gn.
1125 5730 1329 5792 XXXII.

2046 4568 2197 4612 esse.
2226 4549 2343 4609 Sed
2387 4545 2913 4624 quemadmodum
2942 4544 3316 4618 reliquorum
3345 4541 3711 4601 animalium

2047 4643 2235 4700 virtus
2269 4641 2333 4698 in
2361 4653 2734 4712 unoquoque
2757 4634 3170 4695 consideratur
3202 4653 3216 4689 :
3248 4634 3332 4692 ita
3353 4636 3410 4691 et
3435 4632 3553 4690 viri
3571 4646 3713 4706 pro-

2048 4732 2181 4807 pria
2225 4729 2359 4788 laus
2396 4733 2508 4799 est,
2537 4744 2676 4801 quas
2725 4742 2799 4783 ex
2823 4723 3084 4799 propriis
3107 4722 3299 4798 ipsius
3329 4726 3491 4780 recte
3541 4718 3716 4779 factis

2050 4820 2463 4880 testimonium
2509 4816 2715 4876 habet.
2749 4816 2822 4888 (9)
2881 4811 3118 4871 Virtutis
3176 4811 3542 4877 exercitatio,
3582 4825 3720 4885 pre-

2053 4911 2206 4970 tiosa
2245 4908 2493 4984 quidem
2543 4905 2796 4963 habenti
2845 4901 3175 4977 possessio,
3199 4898 3722 4975 jucundissimum

2055 5004 2260 5059 autem
2295 4994 2753 5056 occurrentibus
2792 4991 3234 5065 spectaculum.
3273 4993 3429 5049 Nam
3460 4990 3573 5064 qui
3600 4987 3725 5045 vir-

2055 5095 2247 5151 tutem
2278 5087 2485 5146 colunt
2520 5084 2657 5158 (10),
2688 5080 2991 5141 sideribus
3014 5079 3239 5140 similes
3269 5083 3414 5140 sunt
3441 5079 3505 5138 in
3529 5076 3718 5138 nebu-

2133 5287 2212 5358 (5)
2252 5290 2332 5343 Ex
2361 5286 2531 5344 hom.
2569 5283 2638 5358 i1}
2658 5280 3253 5358 principiamfrov.
3289 5281 3418 5358 los,

2251 5361 2337 5440 lix
2366 5372 2570 5440 scrin;
2604 5352 2682 5413 De
2710 5352 2978 5425 legendis
3001 5352 3170 5410 libris
3207 5356 3371 5423 gent.
3404 5352 3531 5411 £75.

2138 5432 2191 5502 (7
2253 5427 2434 5498 lbid.,
2470 5429 2599 5485 178.

2140 5433 2219 5575 (8;
2261 5504 2344 5558 Ex
2376 5500 2552 5558 hom.
2580 5500 2667 5575 De
2693 5496 3025 5575 qugnte,
3045 5499 3185 5575 _l_85.

2143 5567 2222 5648 (9)
2242 5575 2522 5648 Uterque
2537 5569 2747 5648 codex
2773 5567 2939 5648 indic
2948 5571 3007 5628 at
3031 5568 3325 5627 Hexaem.

2143 5640 2259 5721 (10)
2286 5646 2369 5705 Ex
2398 5640 2576 5719 e-pist,
2605 5657 2756 5710 οων,
2791 5640 2919 5700 243,
3144 5674 3152 5679 .
3358 5726 3428 5781 36
