4146 6406
518 223 647 277 1131

515 346 646 403 losa
674 349 842 400 nocte
887 342 1036 398 alias
1080 339 1211 396 aliis
1267 337 1396 393 caeli
1425 341 1628 408 partes
1673 332 2105 390 illustrantibus
2147 347 2162 384 :

517 450 780 507 quorum
821 432 1000 505 476
1057 433 1263 502 gratus
1293 425 1541 500 quidem
1589 423 1894 496 splendor,
1945 421 2051 476 sed
2099 437 2171 477 eo

519 523 764 594 gratior,
795 521 962 593 quod
1004 535 1126 575 non
1154 519 1559 588 exspectatur.
1600 512 1766 568 Tales
1796 516 1852 566 et
1877 511 1958 566 illi
2010 514 2172 576 sunt,

521 612 701 686 pauci
739 610 1074 667 admodum
1123 612 1178 663 et
1234 605 1406 661 facile
1464 601 1895 666 numerabiles,
1949 600 2010 656 in
2058 599 2176 654 hac

523 701 672 759 tristi
691 717 892 757 rerum
914 697 1276 761 conditione,
1298 692 1473 766 quasi
1489 692 1552 746 in
1581 695 1754 746 nocte
1775 688 1945 745 illuni
1972 704 2177 743 corus-

523 796 729 848 cantes
759 807 770 844 :
804 793 1020 862 praeter
1042 783 1270 842 virtutis
1303 782 1577 852 gratiam,
1602 780 1742 836 inde
1775 780 1981 846 etiam,
2008 776 2176 850 quod

523 881 642 937 rari
663 883 779 935 sint
805 879 1072 942 inventu,
1103 872 1477 930 desiderium
1508 873 1848 926 moventes.
1880 869 1957 938 (l)
1985 869 2175 938 Turpe

525 974 614 1026 est
642 973 843 1025 autem
869 967 1064 1023 alieno
1094 966 1311 1020 ornatu
1341 960 1613 1018 decorari
1646 975 1786 1015 eum
1816 957 1922 1030 qui
1946 974 2056 1013 sua
2086 956 2176 1028 ip-

526 1059 650 1114 sius
682 1058 891 1113 virtute
921 1053 1163 1111 illustris
1188 1056 1294 1109 est.

595 1153 646 1204 8.
679 1148 756 1216 (2)
785 1150 989 1218 Itaque
1020 1160 1096 1200 ne
1127 1143 1275 1198 mihi
1305 1141 1474 1197 dicas
1505 1155 1542 1197 a
1592 1142 1710 1195 Deo
1740 1137 1966 1194 malum
2001 1136 2178 1206 origi-

521 1255 663 1295 nem
691 1236 936 1294 habere:
969 1234 1030 1290 id
1055 1233 1218 1290 enim
1249 1231 1495 1304 impium
1527 1233 1634 1298 est,
1667 1232 1986 1300 propterea
2014 1225 2181 1298 quod

520 1328 754 1386 nullum
805 1323 1183 1383 contrarium
1228 1338 1264 1378 a
1294 1319 1594 1376 contrario
1635 1319 1942 1390 gignatur.
1981 1319 2182 1388 Neque

521 1419 686 1474 enim
727 1417 852 1472 vita
905 1417 1162 1469 mortem
1211 1416 1475 1482 generat,
1510 1424 1707 1480 neque
1739 1407 2001 1463 tenebras
2030 1405 2181 1460 lucis

517 1505 889 1580 principium
920 1508 1082 1569 sunt,
1111 1516 1310 1573 neque
1340 1498 1591 1554 morbus
1615 1495 1816 1570 opifex
1844 1499 1935 1551 est
1964 1495 2181 1550 sanita-

520 1597 627 1666 tis;
663 1593 769 1650 sed
802 1593 864 1648 in
889 1590 1283 1649 atfectionum
1313 1585 1914 1651 commutationibus,
1955 1601 1986 1640 e
2041 1599 2184 1639 con-

515 1684 711 1740 trariis
744 1681 823 1738 ad
849 1679 1153 1737 contraria
1181 1678 1336 1733 fiunt
1375 1675 1798 1742 transitiones;
1840 1674 1902 1728 in
1939 1688 2179 1744 genera-

2295 1677 2426 1748 πρός
2481 1677 2546 1726 τα
2603 1673 2806 1726 ἐναντία
2845 1677 2899 1726 αὶ
2942 1678 3286 1747 μεταστάσεις
3326 1693 3338 1706 °

516 1771 783 1830 tionibus
814 1786 977 1836 vero,
1010 1784 1104 1824 res
1131 1765 1383 1836 singulae
1419 1779 1555 1837 quae
1587 1763 1758 1832 ﬁunt,
1791 1778 1914 1818 non
1945 1778 2017 1817 ex
2044 1776 2181 1816 con-

516 1861 730 1927 trariis,
782 1860 888 1917 sed
919 1876 992 1915 ex
1021 1855 1463 1927 congeneribus
1495 1853 1930 1926 producuntur.
1960 1850 2178 1906 Malum

508 1953 689 2023 igitur
726 1967 849 2007 non
879 1953 967 2005 est
993 1946 1331 2004 substantia
1361 1945 1571 2000 vivens
1594 1948 1699 2000 aut
1723 1944 1993 1999 animata
2024 1960 2035 1996 :
2072 1941 2178 1997 sed

512 2041 731 2099 animas
758 2038 995 2095 affectio
1026 2035 1225 2092 virtuti
1249 2031 1900 2100 contraria,desidiosis
1933 2047 2003 2086 ac
2029 2031 2178 2086 iner-

514 2130 696 2198 tibus,
719 2133 1042 2202 propterea
1072 2124 1240 2198 quod
1278 2141 1314 2180 a
1346 2123 1507 2180 bono
1539 2121 1910 2186 deciderunt,
1952 2119 2167 2176 indita.

510 2219 727 2277 Malum
756 2218 959 2289 itaque
989 2215 1322 2271 forinsecus
1368 2229 1442 2268 ne
1489 2209 1966 2281 circumspicias,
2026 2224 2176 2264 neve

511 2307 939 2382 primigeniam
1013 2303 1353 2376 quamdam
1439 2299 1825 2370 malignitatis
1895 2303 2174 2354 naturam

512 2395 972 2454 comminiscare
1005 2411 1015 2448 :
1052 2393 1158 2448 sed
1190 2408 1313 2446 suae
1337 2390 1594 2463 quisque
1625 2388 1868 2444 malitiae
1908 2388 2176 2458 seipsum

513 2490 806 2555 agnoscat
852 2488 1181 2540 auctorem.
1213 2485 1294 2549 (3)
1327 2482 1476 2536 Nam
1515 2479 1566 2534 si
1613 2477 1844 2534 malum
1873 2493 1996 2533 non
2022 2481 2176 2532 esset

511 2573 938 2642 voluntarium,
983 2587 1092 2627 nec
1124 2571 1185 2626 in
1233 2574 1442 2625 nostra
1472 2572 1764 2640 potestate
1808 2567 2007 2632 situm,
2050 2580 2174 2620 non

513 2669 714 2721 tantus
767 2661 943 2718 timor
993 2677 1032 2716 a
1076 2659 1313 2728 legibus
1360 2656 1741 2729 impenderet
1781 2655 2063 2728 injuriam
2093 2654 2174 2709 in-

512 2751 862 2819 ferentibus,
894 2765 1005 2806 nec
1035 2753 1158 2806 tam
1188 2745 1590 2803 inexorabiles
1649 2751 1848 2802 essent
1897 2744 2173 2816 judicum

512 2839 1092 2906 animadversiones,
1124 2837 1349 2909 quibus
1396 2850 1504 2906 pro
1533 2834 1756 2890 meritis
1793 2835 1876 2888 rei
1908 2833 2173 2905 plectun-

513 2934 626 2986 tur.
662 2929 740 2999 (4)
785 2931 933 2983 Nam
981 2927 1029 2982 si
1072 2925 1354 2981 vitiorum
1407 2928 1512 2979 aut
1541 2923 1827 2978 virtutum
1877 2921 2172 2994 principia

1473 212 1834 266 APPENDIX.
1875 238 1946 249 -
1986 206 2330 264 εγιιΕοΝιε
2371 201 2923 262 ΜΕΤΑΡΗΒΑδΤίΕ.
2977 181 2984 187 ’

3745 209 3850 264 113

2207 331 2256 386 Λ
2286 329 2580 401 λάμπουσιν
2608 345 2622 359 ⁸
2678 331 2746 381 ὧν
2796 335 3064 404 χαρίεσσα
3119 336 3208 403 μὲν
3248 333 3278 388 ἡ
3338 331 3662 405 λαμπρότης,
3704 337 3894 407 χαριέ-

2290 438 2464 492 στερον
2497 415 2554 472 δὲ
2595 417 2768 477 δήπου
2826 424 2883 471 τό
2943 417 3366 495 ἀπροσδόκητον.
3407 427 3646 473 Τοιοῦτοι
3687 417 3756 479 δὴ
3799 442 3890 474 και

2288 510 2449 576 οὗτοι,
2495 508 2662 580 ὀλίγοι
2715 509 2970 570 παντελῶς
3030 516 3118 562 καὶ
3158 510 3523 582 εὐαρίθμητοι,
3563 509 3611 561 ἐν
3651 518 3712 582 τῇ
3765 531 3889 563 σκυ-

2289 599 2466 670 θρωπῇ
2528 603 2690 671 ταύτῃ
2750 602 3068 652 καταστάσει
3125 607 3217 651 τοῦ
3275 598 3397 672 βίον
3447 601 3551 651 οἷον
3593 603 3642 651 ὲν
3698 620 3886 653 σκοτο-

2287 691 2422 758 μήνη
2477 684 2890 761 διαφαινόμενοι,
2923 692 3048 762 πρὸς
3076 696 3146 758 τῷ
3179 687 3234 740 ἐκ
3263 697 3358 750 τῆς
3397 688 3584 761 ἀρετῆς
3620 695 3882 762 χαρίεντι,

2286 778 2360 828 ἔτι
2416 781 2506 828 καὶ
2568 786 2639 848 τῷ
2697 783 2898 849 σπανίῳ
2964 787 3058 838 τῆς
3119 780 3386 850 εὑρέσεως,
3425 782 3484 830 τὸ
3540 781 3884 853 περιπόθητον

2286 867 2513 936 ἔχοντες.
2570 867 2808 938 Αἰσχρὸν
2847 864 2924 932 δὲ,
2975 867 3260 938 ἀλλοτρίοις
3299 872 3520 939 κόσμοις
3570 870 3884 939 κοσμεῖσθαι

2287 958 2373 1006 τόν
2394 963 2455 1026 τῇ
2490 955 2654 1026 οἰκείᾳ
2694 955 2845 1028 ἀρετῇ
2882 953 3238 1028 διαφαινοντα.

2360 1135 2412 1190 8.
2451 1138 2550 1186 Καὶ
2581 1139 2652 1206 μή
2693 1154 2784 1205 μοι
2821 1135 2934 1207 λέγε
2971 1139 3113 1209 παρὰ
3159 1143 3294 1189 Θεοῦ
3333 1141 3391 1187 τό
3449 1141 3609 1189 κακὸν
3653 1143 3748 1195 τὴν
3802 1143 3890 1208 γέ·-

2291 1228 2427 1275 νεσίν
2460 1227 2600 1294 ἔχειν
2626 1242 2637 1253 ·
2680 1225 2739 1277 ού
2769 1229 2870 1300 γὰρ
2903 1226 3099 1286 εὐσεϐὲς
3139 1235 3313 1295 τοῦτο,
3355 1223 3450 1280 διὰ
3485 1231 3544 1279 τὸ
3574 1224 3741 1300 μηδὲν
3795 1236 3893 1279 τῶν

2292 1314 2529 1366 ἐναντίων
2566 1317 2710 1388 παρά
2770 1323 2860 1368 τοῦ
2916 1316 3144 1370 ἐναντίου
3205 1320 3466 1389 γίνεσθαι.
3530 1323 3665 1372 Οὔτε
3724 1322 3820 1392 γάρ
3862 1322 3892 1378 ἠ

2295 1404 2400 1463 ζωὴ
2474 1405 2686 1456 θάνατον
2747 1412 2917 1477 γεννᾷ,
2996 1411 3114 1459 οὔτε
3165 1411 3224 1459 τό
3294 1413 3480 1470 σκότος
3536 1414 3700 1481 φωτός
3758 1412 3896 1461 ἐστιν

2295 1492 2462 1568 ἁρχὴ,
2497 1497 2613 1546 οὔτε
2671 1497 2699 1552 ἡ
2752 1501 2903 1557 νόσος
2938 1498 3116 1568 ὑγείας
3155 1493 3483 1569 δημιουργός
3514 1515 3525 1526 ·

2294 1591 2409 1644 ταῖς
2460 1583 2769 1654 μεταϐολαῖς
2827 1594 2924 1637 τῶν
2984 1583 3287 1653 διαθέσεων,

3577 1497 3683 1550 ἀλλ’
3714 1497 3763 1549 εν
3807 1500 3898 1569 μὲν

3365 1585 3420 1638 ἐκ
3484 1595 3580 1639 τῶν
3654 1586 3898 1639 ἐναντίων

3380 1676 3426 1728 ἐν
3480 1672 3538 1728 δὲ
3585 1683 3700 1738 ταῖς
3752 1695 3896 1747 γενε-

2296 1782 2460 1844 σεσιν,
2517 1763 2610 1814 ούκ
2668 1761 2722 1814 ἐκ
2774 1772 2873 1814 τῶν
2931 1763 3188 1832 ἐναντίων,
3232 1764 3338 1817 αλλ’
3393 1768 3448 1818 ἔκ
3487 1775 3584 1816 τῶν
3634 1768 3898 1838 ὁμογενῶν

2291 1853 2506 1904 ἕκαστον
2570 1861 2668 1904 τῶν
2724 1858 3001 1926 γινομένων
3058 1859 3394 1928 προέρχεται.
3449 1860 3518 1907 Τό
3575 1860 3748 1907 τοίνυν
3801 1875 3895 1907 κα-

2289 1946 2376 1993 κόν
2409 1942 2548 1994 ἐστιν
2579 1941 2706 2013 ούχὶ
2755 1942 2911 1995 ούσία
2953 1944 3102 2003 ζῶσα
3157 1950 3248 1997 καὶ
3297 1944 3558 2017 ἔμψυχος,
3622 1945 3752 1997 αλλὰ
3781 1941 3898 1998 διά-

2291 2033 2426 2091 θεσις
2466 2031 2513 2083 ἐν
2575 2031 2729 2103 ψυχῇ
2790 2033 3030 2096 ἐναντίως
3086 2037 3289 2105 ἔχουσα
3338 2038 3468 2107 πρός
3529 2033 3741 2110 ἀρετὴν,
3801 2031 3896 2086 διὰ

2286 2124 2379 2177 τὴν
2440 2119 2538 2202 ἀπὸ
2591 2129 2681 2172 τοῦ
2736 2121 2894 2173 καλοῦ
2962 2123 3040 2191 (6)
3103 2121 3409 2176 ἀπόπτωσιν
3466 2131 3576 2186 τοῖς
3640 2125 3893 2198 ῥαθύμοις

2288 2209 2609 2282 ἐγγινιμένη.
2646 2215 2730 2268 Μὴ
2791 2217 2962 2263 τοίνυν
3021 2213 3198 2274 ἔξωθεν
3251 2217 3307 2264 τό
3364 2217 3523 2265 κακόν
3568 2219 3895 2286 περισκόπει,

2285 2295 2424 2370 μηδὲ
2493 2297 2778 2371 ἀρχέγονον
2844 2320 2961 2352 τινα
3035 2305 3190 2372 φύσιν
3265 2307 3521 2376 πονηρίας
3587 2303 3896 2374 φαντάζον-

2287 2386 2412 2438 ὰλλα
2456 2396 2552 2448 τῆς
2605 2389 2652 2440 ἐν
2693 2388 2858 2441 ἐαντῶ
2915 2395 3104 2451 κακίας
3161 2393 3375 2452 ἕκαστος
3429 2391 3610 2444 ἑαυτὸν
3656 2391 3900 2466 ἀρχηγόν

2284 2477 2598 2550 γνωριζέτω.
2646 2479 2720 2529 Οὐ
2767 2482 2868 2553 γὰρ
2918 2479 3001 2549 ἂν,
3057 2483 3195 2554 εἴπερ
3236 2479 3484 2534 ἀκούσιον
3534 2479 3614 2548 ἦν,
3672 2487 3758 2534 καὶ
3817 2488 3895 2554 μὴ

2285 2567 2360 2639 ἐφ’
2400 2570 2546 2640 ἡμῖν,
2605 2577 2852 2630 τοσοῦτος
2909 2572 3000 2641 μεν
3049 2570 3102 2622 ἐκ
3141 2579 3237 2623 τῶν
3289 2577 3456 2644 νόμων
3497 2573 3522 2624 ὁ
3575 2571 3721 2644 φόϐος
3784 2580 3894 2632 τοῖς

2285 2653 2564 2708 ἀδικοῦσιν
2618 2657 2900 2731 ἐπήρτητο,
2945 2661 3079 2711 οὕτω
3122 2657 3180 2713 δὲ
3239 2659 3592 2733 ἀπαραίτητοι
3640 2670 3738 2714 τῶν
3797 2659 3889 2714 δι-

2283 2752 2574 2821 καστηρίων
2617 2750 2670 2798 αἱ
2709 2747 2965 2816 κολάσεις,
3008 2753 3064 2801 τό
3113 2753 3240 2822 πρὸς
3297 2749 3446 2813 ἀξίαν
3501 2759 3612 2814 τοῖς
3662 2755 3894 2826 κακούρο

2283 2855 2397 2906 γοις
2456 2835 2881 2909 ἀντιμετροῦσαι.
2941 2839 3002 2890 Εἰ
3047 2843 3146 2913 γὰρ
3213 2850 3313 2891 τῶν
3353 2845 3484 2894 κατὰ
3547 2847 3735 2894 κακίαν
3799 2850 3886 2894 καὶ

2288 2923 2474 2998 ἀρετὴν
2521 2925 2878 2999 ἐνεργημάτων
2927 2927 3020 2980 ούκ
3085 2929 3139 2980 ἐκ
3189 2936 3279 2981 τοῦ
3324 2930 3399 3002 ἐφ’
3444 2933 3568 3002 ημῖν
3619 2931 3750 2984 εἰσιν
3797 2932 3891 3006 ἁρ-

515 3035 637 3077 non
667 3022 807 3073 sunt
834 3017 895 3071 in
925 3015 1100 3070 nobis
1139 3014 1270 3080 sita,
1306 3012 1413 3069 sed
1468 3017 1606 3068 sunt
1658 3012 2042 3067 necessitates
2093 3009 2171 3066 ab

2289 3020 2408 3084 χαὶ,
2463 3012 2571 3065 ἀλλ’
2622 3015 2677 3066 ἐκ
2734 3024 2824 3076 τῆς
2862 3020 3064 3088 φύσεως
3117 3021 3172 3069 αἱ
3211 3017 3454 3091 ἀνάγκαι,
3513 3025 3749 3095 περιττοὶ
3803 3025 3892 3094 μὲν

515 3113 653 3166 ortu
688 3105 1066 3179 pendentes:
1128 3103 1366 3159 inutiles
1426 3105 1566 3156 sunt
1620 3100 2012 3171 legislatores,
2069 3100 2174 3171 qui

516 3196 691 3252 nobis
722 3195 962 3265 agenda
1004 3210 1076 3250 ac
1127 3191 1417 3262 fugienda
1464 3189 1862 3263 praescribunt
1893 3207 1906 3246 :
1938 3188 2177 3245 inutiles

517 3301 765 3359 quoque
827 3283 1086 3354 judices,
1151 3281 1258 3354 qui
1313 3281 1592 3336 virtutem
1657 3280 1908 3348 honore,
1967 3279 2178 3334 vitium

519 3375 715 3447 poenis
743 3372 1032 3429 afﬁciunt.
1067 3374 1197 3427 Non
1227 3370 1390 3426 enim
1417 3369 1564 3424 furis
1614 3373 1706 3424 est
1734 3368 2038 3440 iniquitas,
2081 3383 2180 3422 ne-

522 3479 643 3536 que
677 3461 1024 3530 homicida),
1054 3460 1159 3532 qui
1183 3475 1259 3514 ne
1289 3458 1497 3514 volens
1525 3458 1776 3530 quidem
1798 3463 2031 3529 poterat
2057 3473 2181 3512 ma-

523 3567 676 3608 num
733 3550 1061 3616 continere,
1121 3548 1201 3604 ob
1260 3547 1708 3603 ineluctabilem
1765 3548 2181 3603 necessitatem

526 3641 734 3713 ipsum
759 3639 837 3695 ad
867 3637 1176 3708 agendum
1195 3636 1950 3708 impellentem.Vanissimi
1980 3641 2183 3692 autem

526 3729 794 3803 profecto
825 3729 928 3801 qui
947 3732 1103 3784 artes
1121 3727 1432 3783 excolunt:
1457 3726 1684 3798 quippe
1700 3725 1974 3794 frugibus
1993 3727 2186 3782 abun-

527 3818 699 3876 dabit
725 3818 1009 3888 agricola,
1061 3816 1305 3873 tametsi
1356 3832 1555 3888 neque
1612 3815 1846 3871 semina
1873 3815 1934 3870 in
1968 3821 2185 3872 terram

528 3907 789 3978 dejiciat,
819 3922 1017 3979 neque
1053 3904 1272 3961 falcem
1295 3910 1549 3962 exacuet
1579 3921 1592 3959 :
1627 3909 1926 3960 mercator
1951 3904 2181 3974 itidem,

528 3998 685 4066 velit,
735 3995 904 4066 nolit,
948 4012 1135 4069 supra
1185 3996 1441 4051 modum
1492 3995 1758 4062 ditescet,
1808 3995 1930 4052 fato
1956 3995 2009 4050 ei
2037 4010 2185 4068 opes

531 4088 1175 4155 coacervante.Magna3
1202 4090 1402 4140 autem
1420 4084 1534 4140 illae
1554 4085 2024 4142 Christianorum
2042 4101 2184 4159 spes

531 4180 961 4232 evanescentes
991 4175 1269 4231 excident
1299 4174 1497 4243 nobis,
1541 4190 1682 4230 cum
1729 4190 1928 4247 neque
1955 4175 2188 4246 justitia

532 4264 866 4322 honoribus
898 4264 1034 4320 ullis
1085 4264 1401 4336 afficiatur,
1433 4280 1631 4336 neque
1661 4264 1946 4336 puniatur
1974 4281 2186 4338 pecca-

2285 3105 2334 3154 οὶ
2380 3105 2654 3176 νομοθέται
2705 3107 2772 3157 τὰ
2799 3111 3032 3178 πρακτέα
3070 3109 3192 3180 ἡμῖν
3241 3108 3331 3160 καὶ
3383 3112 3448 3161 τὰ
3487 3114 3681 3182 φευκτὰ
3725 3108 3900 3184 διορί-

2289 3191 2478 3261 ζοντες,
2530 3200 2765 3268 περιττοὶ
2805 3192 2864 3247 δὲ
2912 3200 3000 3248 καὶ
3039 3200 3088 3249 οἱ
3142 3194 3397 3251 δικασταὶ
3457 3201 3645 3275 άρετὴν
3696 3209 3901 3273 τιμῶν-

2287 3300 2392 3349 τες,
2444 3285 2532 3334 καὶ
2578 3287 2830 3356 πονηρίαν
2884 3285 3206 3348 κολάζοντες.
3267 3288 3343 3340 Οὐ
3391 3289 3494 3362 γὰρ
3544 3297 3636 3342 τοῦ
3676 3289 3892 3342 κλέπτου

2290 3373 2347 3422 τό
2389 3368 2652 3444 ἀδίκημα,
2693 3370 2818 3426 οὐδὲ
2855 3383 2945 3426 τοῦ
2987 3381 3190 3447 φονέως,
3228 3378 3268 3448 ᾧ
3305 3398 3363 3449 γε
3415 3376 3539 3431 οὐδὲ
3597 3377 3898 3452 βουλομένῳ

2293 3458 2514 3514 δυνατόν
2555 3459 2616 3520 ἦν
2645 3471 2852 3538 κρατεῖν
2881 3473 2974 3526 τῆς
3014 3471 3217 3539 χειρὸς,
3257 3465 3350 3520 διὰ
3387 3472 3445 3521 τὸ
3498 3467 3902 3543 ἁναπόδραστον

2291 3560 2384 3612 τῆς
2445 3551 2527 3604 ἐπὶ
2588 3555 2678 3614 τὰς
2725 3555 2939 3627 πράξεις
3003 3559 3417 3628 κατεπειγούσης
3473 3558 3718 3632 ἀνάγκης.
3780 3567 3904 3613 Μα-

2292 3644 2560 3693 ταιότατοι
2593 3639 2652 3694 δὲ
2699 3644 2901 3703 πάντως
2947 3645 3022 3716 (7)
3075 3651 3166 3697 καὶ
3195 3648 3244 3697 οἱ
3293 3652 3411 3721 περὶ
3457 3649 3547 3708 τὰς
3577 3652 3770 3720 τέχνας
3807 3669 3910 3701 πο·

2292 3733 2529 3802 νούμενοι
2557 3748 2568 3760 '
2607 3730 2714 3782 ἀλλ’
2759 3733 3034 3791 εύθηνήσει
3065 3736 3156 3806 μὶν
3201 3737 3226 3786 ὁ
3266 3740 3513 3810 γεωργὸς,
3553 3743 3686 3810 μήτε
3742 3743 3910 3814 σπέρ-

2293 3837 2369 3890 μα
2441 3819 2763 3888 καταϐαλὼν,
2825 3828 2956 3894 μήτε
3017 3820 3278 3897 δρεπάνην
3347 3826 3631 3898 θηξάμενός
3663 3847 3677 3860 ο
3746 3828 3912 3902 ὑπερ-

2293 3906 2581 3968 πλουτησει
2630 3906 2690 3962 δὲ
2737 3912 2763 3962 ό
2813 3914 3050 3985 ἔμπορος,
3093 3912 3187 3965 κᾶν
3221 3913 3496 3986 βούληται,
3529 3915 3626 3967 κᾶν
3674 3922 3771 3989 μὴ,
3804 3925 3910 3978 τῆς

2295 3999 2609 4071 εἱμαρμένης
2673 4000 2815 4071 αύτῷ
2878 4003 3329 4076 συναθροιζούσης
3386 4006 3450 4056 τὰ
3485 4005 3767 4078 εχρήματα
3837 4009 3909 4060 Δί

2297 4083 2356 4140 δε
2411 4088 2634 4160 μεγάλαι
2698 4097 2800 4141 τῶν
2854 4099 3181 4163 Χριστιανῶν
3229 4090 3437 4155 ἐλπίδες
3495 4091 3717 4168 φροῦδοι
3774 4098 3909 4168 ἡμῖν

2298 4177 2634 4248 οἰχήσονται,
2691 4182 2807 4232 οὔτε
2863 4177 3204 4243 δικαιοσύνης
3260 4188 3575 4257 τιμωμένης,
3629 4189 3744 4238 οὔτε
3809 4207 3912 4239 κα-

2297 4272 2666 4340 τακρινομένης
2695 4276 2784 4328 τῆς
2813 4269 3090 4343 ἁμαρτίας,
3124 4267 3220 4323 δια
3275 4275 3333 4325 τὸ
3376 4269 3543 4345 μηδὲν
3596 4277 3732 4327 κατά
3777 4295 3912 4350 προσ

533 4358 683 4425 tum,
723 4357 1046 4426 propterea
1069 4352 1237 4426 quod
1266 4352 1414 4408 nihil
1467 4351 1545 4407 ab
1597 4352 1948 4410 hominibus
1996 4354 2179 4412 libero

2301 4357 2501 4428 άίρεσιν
2580 4360 2679 4410 ὑπὸ
2758 4367 2859 4410 τῶν
2934 4359 3215 4433 ἀνθρώπων
3290 4362 3656 4420 ἐπιτελεῖσθαι.
3729 4363 3912 4418 “Οπου

530 4443 719 4501 animi
761 4444 1071 4515 proposito
1129 4448 1363 4512 agatur.
1407 4445 1551 4498 Nam
1596 4442 1702 4497 ubi
1746 4445 2098 4511 necessitas,
2131 4449 2189 4501 et

529 4535 724 4590 fatum
751 4533 1122 4599 dominatur,
1152 4533 1236 4588 ibi
1290 4533 1486 4588 meriti
1517 4532 1669 4589 ratio
1718 4533 1954 4589 nullum
1984 4533 2187 4591 locum

527 4623 756 4680 habet:
813 4623 876 4679 id
927 4623 1095 4695 quod
1151 4627 1356 4679 tamen
1402 4622 1778 4694 praecipuum
1802 4623 1951 4693 justi
1977 4624 2188 4694 judicii

526 4713 993 4770 fundamentum
1013 4717 1124 4768 est.
1148 4712 1225 4782 (5)
1257 4715 1407 4767 Nam
1428 4710 1504 4766 de
1528 4711 1657 4767 ficis
1678 4718 1930 4768 narrant
1945 4713 2023 4768 ab
2055 4713 2185 4769 aliis

525 4802 774 4874 quidem
801 4801 952 4858 ﬁcos
985 4801 1293 4858 silvestres
1319 4802 1497 4874 juxta
1550 4801 1865 4858 bortenses
1904 4803 2136 4858 conseri
2171 4823 2183 4856 :

525 4889 678 4947 alios
707 4906 874 4960 vero,
923 4891 1073 4946 dum
1127 4905 1377 4960 grossos
1427 4889 1696 4962 capriﬁci
1733 4889 2056 4948 fructuosis
2113 4908 2186 4948 ac

523 4979 869 5036 domesticis
909 4980 1038 5036 ﬁcis
1068 4979 1336 5051 alligapt,
1363 4979 1636 5051 ipsarum
1677 4979 1904 5036 mederi
1929 4979 2182 5037 inﬁrmi-

520 5068 648 5130 tati,
689 5067 819 5138 jam
855 5067 1248 5138 difﬂuentem,
1297 5083 1370 5125 ac
1407 5072 1870 5126 evanescentem
1917 5069 2179 5126 fructum

589 5264 667 5338 (1)
701 5264 782 5338 Ex
810 5261 976 5338 bom.
1014 5264 1094 5338 De
1123 5263 1450 5338 Mgmante,
1477 5268 1604 5322 185.

594 5335 671 5417 (‘2‘)
691 5335 977 5417 ‘hom.
1003 5350 1041 5390 ιι
1073 5337 1137 5391 in
1159 5335 1472 5406 Hexaem;,
1500 5339 1590 5395 16.

585 5409 659 5475 (3)
691 5406 842 5464 Ibid.

587 5480 667 5547 (4)
700 5480 784 5534 Ex
812 5478 978 5534 hom.
1000 5495 1059 5534 γι
1087 5479 1152 5534 in
1177 5479 1491 5548 Hexaem.,
1525 5485 1614 5537 56.

587 5549 664 5616 (5)
694 5548 779 5606 Ex
806 5549 973 5608 hom.
998 5566 1039 5606 v
1067 5552 1131 5607 in
1159 5553 1474 5621 Hexaem,
1507 5557 1596 5608 47.

2298 4449 2399 4518 γὰρ
2456 4445 2654 4518 ἀνάγκη
2697 4454 2787 4500 καὶ
2826 4449 3106 4523 εἱμαρμένη
3153 4453 3232 4522 (8)
3271 4461 3471 4526 κρατεῖ,
3505 4450 3756 4527 οὐδεμίαν
3789 4458 3914 4528 ἔχει

2298 4543 2480 4609 χωραν
2531 4541 2588 4588 τὸ
2642 4542 2770 4612 πρὸς
2829 4537 2997 4610 ἀξίαν,
3033 4539 3058 4591 ὁ
3091 4550 3177 4602 τῆς
3231 4539 3620 4617 δικαιοκρισίας
3668 4546 3913 4618 ὑπάρχει

2299 4627 2574 4699 ἐξαίρετον.
2628 4634 2727 4681 Καὶ
2790 4631 2892 4702 γὰρ
2951 4649 3070 4704 περι
3115 4639 3215 4683 τῶν
3258 4641 3428 4684 συκῶν
3496 4653 3674 4705 φασιν,
3733 4635 3800 4694 ὡς
3855 4636 3914 4688 οἰ

2297 4719 2386 4786 μὲν
2439 4720 2531 4777 τας
2561 4716 2749 4792 ἀγρίας
2804 4726 2968 4779 συκᾶς
3004 4723 3433 4794 παραφυτεύουσι
3470 4730 3586 4784 ταῖς
3630 4725 3853 4796 ἡμέραις
3893 4742 3907 4754 °

2295 4809 2344 4858 οἱ
2385 4803 2444 4859 δε
2495 4810 2615 4868 τοὺς
2653 4807 2898 4869 ὀλύνθους
2944 4805 3286 4878 ἐκδήσαντες,
3335 4819 3434 4862 τῶν
3495 4811 3765 4885 εύκάρπων
3811 4819 3911 4866 καὶ

2295 4898 2497 4968 ἡμέρων
2552 4905 2723 4948 συκῶν
2770 4902 2863 4956 τήν
2913 4897 3120 4951 ἀτονίαν
3181 4899 3378 4970 ἰῶνται,
3427 4902 3610 4975 ῥέοντα
3655 4898 3764 4960 ἤδη
3813 4909 3912 4956 καὶ

2296 4982 2705 5058 σκεδαννύμενον
2760 4992 2848 5039 τόν
2912 4992 3110 5062 καρπόν
3153 4996 3260 5050 τοῖς
3309 4988 3547 5053 ὀλύνοοις
3601 4989 3904 5063 ἐπέχοντες.

2291 5079 2356 5128 Τί
2411 5072 2473 5128 δέ
2524 5095 2610 5129 σοι
2651 5081 2710 5130 τό
2765 5080 2911 5150 παρὰ
2961 5086 3057 5140 τῆς
3101 5081 3298 5151 φύσεως
3346 5082 3607 5152 αἰνιγμα;
3664 5083 3747 5134 ὅτι
3785 5088 3905 5156 χρὴ

2321 5346 2330 5356 .
2361 5275 2444 5356 (6)_
2480 5275 2792 5356 Toﬁ‘xaloﬁ.
2831 5275 2922 5333 Sic
2943 5278 3083 5347 Reg.
3113 5276 3305 5334 codex
3330 5277 3492 5336 1910.
3524 5277 3670 5336 Male
3690 5278 3752 5335 in
3776 5278 3898 5334 edi-

2293 5349 2366 5402 tis
2393 5350 2450 5401 et
2470 5351 2752 5403 contextu
2779 5357 2872 5400 τοῡ
2893 5358 3078 5404 κακοῦ.

2365 5419 2441 5488 (7)
2471 5420 2702 5481 Πάντως.
2728 5420 2964 5491 Legitur
2991 5421 3052 5477 in
3081 5425 3364 5478 contextu
3384 5424 3604 5476 πάντων.

2363 5491 2442 5571 18)
2471 5495 2570 5571 1(ᾳὶ
2597 5493 2899 5571 ιξμαρμένη.
2939 5493 3034 5552 Sic
3057 5497 3371 5550 contextus
3398 5499 3455 5552 et
3493 5496 3636 5566 Reg.
3677 5492 3902 5553 codex.

2289 5561 2440 5617 eam
2459 5567 2548 5614 καὶ
2577 5561 2757 5633 φύσις,
