4146 6436
256 304 392 371 1133

1135 300 1366 365 8ΕΒΠΟ
1400 296 1467 356 ll.
1498 326 1567 341 η·-
1605 292 1699 351 DE
1735 290 2090 353 DOCTRINA
2128 296 2214 352 ET
2250 294 2751 353 ADMONITIONE.

3489 299 3628 359 1136

252 430 503 492 πολλάκις
558 432 699 504 ἡμᾶς
758 433 850 483 καὶ
913 431 1058 503 παρὰ
1112 435 1213 481 τῶν
1271 424 1551 503 ἀλλοτρίων
1606 428 1700 483 τῆς
1754 423 1848 473 πί-
1882 420 1910 475 Α

2005 420 2196 477 'rossis
2235 420 2504 494 capriﬁci
2545 423 2910 478 coercentes.
2945 421 3101 489 Quid
3138 423 3268 483 vult
3311 422 3424 483 sibi
3474 422 3628 482 illud

257 539 412 583 στεως
492 519 723 574 εὐτονίαν
787 521 906 573 τινὰ
981 513 1400 593 προσλαμϐάνειν
1471 516 1543 575 είς
1607 515 1701 570 τήν
1756 517 1854 567 τῶν

253 611 461 683 ἀγαθῶν
514 612 675 684 ἔργων
714 605 988 671 επίδειξιν.
1028 606 1146 665 Ἐὰν
1197 608 1299 679 γὰρ
1345 600 1471 676 ἴδῃς
1514 606 1602 658 τὸν
1660 598 1709 653 ἐν
1755 597 1861 673 βίῳ

256 698 476 771 ἑθνικῷ,
519 699 549 759 ἡ
608 697 709 752 ἀπό
757 716 897 759 τινος
934 701 1181 771 αιρέσεως
1225 691 1571 769 ἐνδιασρόφου
1611 690 1702 751 ri);
1737 690 1858 744 Ἐκ-

255 787 477 849 κλησίας
530 785 957 859 ἀπεσχισμένον,
1002 784 1126 858 βίον
1180 790 1437 857 σώφρονος
1487 786 1574 834 καὶ
1615 788 1711 841 τῆς
1747 780 1859 832 λοι-

258 885 358 939 πῆς
431 879 568 931 κατὰ
624 880 683 929 τό
750 872 876 938 ἦθος
931 873 1170 937 εὐταξίας
1228 871 1617 945 ἐπιμελούμενον
1641 912 1656 937 ,
1709 868 1860 922 πλέον

263 973 483 1021 σεαυτοῦ
520 968 579 1019 τό
622 961 914 1018 σπουδαῖον
955 963 1243 1031 ἐπίτεινον,
1295 963 1378 1015 ἵνα
1412 964 1534 1035 γένῃ
1574 956 1858 1033 παραπλή-

264 1075 379 1118 σιος
433 1062 496 1129 τῇ
538 1054 849 1130 καρποφόρῴ
890 1060 1048 1126 συκῇ,
1090 1051 1145 1105 ἐκ
1196 1059 1291 1114 τῆς
1330 1059 1429 1103 τῶν
1478 1048 1669 1122 ἀγρίων
1723 1067 1859 1123 παρ-

260 1148 447 1208 ουσίας
484 1143 804 1220 ἅθροιζούσῃ
859 1146 954 1200 τὴν
1003 1138 1246 1215 δύναμιν,
1295 1144 1385 1193 καὶ
1422 1144 1516 1199 τὴν
1560 1143 1662 1212 μὴν
1706 1138 1861 1212 ῥύσιν

260 1233 562 1308 ἔπεχούση,
627 1231 1016 1309 ἐπιμελέστερον
1070 1226 1130 1283 δε
1184 1233 1270 1284 τόν
1337 1232 1537 1307 καρπὸν
1587 1227 1857 1301 ἐκτρεφού-

265 1343 356 1397 σῃ.
396 1325 523 1376 Τινὰ
575 1318 635 1375 δὲ
679 1330 781 1375 τῶν
822 1328 991 1394 φυτῶν
1046 1324 1136 1372 καὶ
1187 1323 1281 1378 τὴν
1327 1317 1383 1371 ἑκ
1432 1320 1633 1391 φύσεως
1673 1320 1863 1368 κακίαν

262 1411 575 1486 ἔπιμελεῖαις
627 1418 871 1486 γεωργῶν
953 1411 1330 1481 θεραπενόμενα
1401 1409 1624 1479 ἔγνωμεν
1665 1426 1679 1439 ·
1759 1400 1863 1457 οἷον

263 1505 357 1564 τὰς
388 1501 556 1566 ὀξείας
579 1501 707 1577 ῥοὰς
748 1505 837 1553 καὶ
883 1507 983 1552 τῶν
1033 1494 1350 1572 ἀμυγδάλων
1401 1499 1492 1557 τὰς
1536 1498 1867 1570 πικροτέρας,

265 1594 384 1644 ὅταν
432 1586 804 1663 διατρηθείσαι
840 1591 900 1641 τό
938 1591 1065 1662 πρὸς
1207 1586 1331 1661 ῥίζῃ
1377 1584 1647 1665 στέλεχος,
1699 1591 1870 1657 σφῆνα

268 1682 461 1741 πεύκης
523 1678 743 1753 λιπαρὸν
815 1685 907 1738 τῆς
977 1675 1273 1752 ἔντεριώνης
1341 1679 1498 1748 μέσον
1570 1670 1874 1727 διελαθέντα

1966 514 2199 567 natum
2223 509 2569 585 exemplum
2597 511 2625 567 ?
2656 510 2831 576 Quod
2859 527 2973 568 nos
3007 512 3101 569 vel
3134 512 3214 571 ab
3242 513 3335 583 iis,
3365 512 3474 588 qui
3498 529 3535 571 a
3560 512 3629 571 ﬁ-

1968 601 2044 660 de
2075 600 2257 658 alieni
2289 604 2445 668 sunt,
2470 601 2767 675 impetum
2797 602 3130 675 quemdam
3163 619 3235 661 ac
3255 602 3525 675 vigorem
3545 601 3627 660 ad

1969 690 2245 747 dandum
2281 690 2587 746 bonorum
2638 705 2886 762 operum
2928 692 3236 764 specimen
3267 708 3427 765 saepe
3464 691 3623 749 acci-

1969 796 2111 854 pere
2140 779 2460 837 debemus.
2487 779 2718 837 Etenim
2745 780 2799 836 si
2826 779 3052 837 videris
3082 798 3245 854 cum,
3271 783 3381 856 qui
3409 786 3514 839 aut
3536 780 3625 838 vi-

1969 875 2095 928 tam
2124 869 2425 927 ethnicam
2455 868 2598 941 agit,
2629 873 2734 927 aut
2780 868 2861 925 ob
2907 886 3252 943 perversam
3285 870 3625 945 quamdam

1966 959 2249 1030 haeresim
2274 958 2352 1015 ab
2383 957 2645 1017 Ecclesia
2664 958 2977 1016 abscissus
3008 964 3121 1029 est,
3152 959 3359 1034 probae
3387 976 3460 1019 ac
3489 975 3630 1017 con-

1967 1045 2211 1106 tinentis
2234 1048 2371 1104 vitae
2404 1051 2461 1103 et
2489 1046 2737 1119 reliqum
2765 1045 3011 1104 moralis
3040 1047 3372 1122 disciplinae
3402 1048 3628 1106 studio-

1970 1155 2106 1195 sum
2128 1152 2279 1208 esse,
2294 1141 2461 1193 tuam
2482 1136 2678 1207 magis
2706 1137 2948 1194 intende
2970 1136 3370 1209 sedulitatem,
3387 1144 3453 1195 ut
3472 1138 3627 1195 truc.

1971 1227 2155 1285 tiferte
2181 1226 2299 1283 ﬁco
2339 1241 2414 1282 ex
2445 1224 2872 1298 capriﬁcorum
2901 1225 3076 1299 477
3113 1227 3435 1300 praesentia
3460 1227 3627 1284 colli-n

1974 1317 2136 1389 genti
2164 1315 2345 1382 vires,
2384 1319 2443 1370 et
2494 1310 2828 1371 deﬂuvium
2878 1316 3203 1384 cohibenti,
3243 1315 3629 1390 fructumque

1973 1404 2319 1475 diligentius
2364 1403 2684 1460 enutrienti
2718 1447 2733 1473 ,
2784 1403 2999 1461 similis
3039 1405 3285 1462 evadas.
3324 1407 3400 1479 (1)
3448 1408 3630 1463 Porro

1976 1494 2277 1553 naturalia
2304 1492 2718 1567 quarumdam
2745 1493 3032 1551 arborum
3063 1494 3204 1553 vitia
3223 1495 3635 1567 agricolarum

1978 1584 2291 1657 diligentia
2321 1581 2517 1640 curari
2566 1582 2887 1653 novimus;
2928 1584 3276 1656 cujusmodi
3318 1590 3461 1642 sunt
3490 1584 3638 1642 mali

1980 1675 2217 1750 punicas
2248 1673 2461 1739 acidae,
2486 1677 2544 1730 et
2579 1672 2921 1746 amygdalae
2953 1674 3311 1740 amariores,
3336 1690 3495 1747 quae,
3530 1673 3641 1733 ubi

276 1765 563 1842 δέξωνται,
624 1787 696 1830 εις
761 1766 1089 1841 εὐχρηστίαν
1159 1762 1544 1835 μεταϐάλλουσι
1598 1767 1716 1816 τότε
1782 1769 1874 1816 τοῦ

2005 1764 2289 1836 )ert'orato
2325 1761 2405 1819 ad
2442 1761 2711 1818 radicem
2749 1766 2961 1819 trunco
2989 1762 3281 1836 pinguem
3322 1763 3508 1838 picem
3536 1779 3641 1821 cu-

276 1865 457 1932 χυμοῡ
495 1861 589 1916 τὴν
638 1850 976 1930 δυσχέρειαν.
1028 1850 1230 1916 Μηδεὶς
1266 1849 1353 1906 οὖν
1393 1853 1444 1906 ἐν
1478 1857 1640 1927 κακίᾳ
1677 1848 1879 1925 διάγων

282 1947 471 2000 ἑαυτοῦ
521 1944 841 2018 ἀπογνώτω.
889 1949 949 1998 Εἰ
995 1946 1097 2018 γὰρ
1141 1946 1368 2019 γεωργός
1419 1951 1521 1995 τῶν
1569 1950 1736 2015 φυτῶν
1790 1944 1881 2005 τὰς

284 2040 567 2098 ποιότητας
620 2033 945 2109 μεταϐάλλει,
978 2032 1148 2105 πολλῷ
1200 2031 1392 2107 μᾶλλον
1441 2033 1471 2091 ἠ
1528 2032 1643 2084 κατ’
1698 2029 1884 2105 ἀρετὴν

284 2132 375 2187 τῆς
402 2124 592 2197 ψυχῆς
629 2121 892 2195 ἐπιμελεια
939 2117 1164 2175 δύναται
1203 2116 1557 2174 παντοδαπῶν
1605 2119 1884 2196 ἀρρωστη-

287 2214 464 2287 μάτων
521 2211 914 2286 ἐπικρατῆσαι,
978 2208 1027 2263 ἐν
1090 2217 1305 2284 Χριστῷ
1359 2209 1538 2268 Ἰησοῦ
1584 2218 1653 2282 τῷ
1712 2215 1888 2285 Κυρίῳ

289 2305 457 2377 ἡμῶν⁸
489 2300 529 2374 ᾦ
571 2302 602 2361 ἡ
646 2299 779 2364 δόξα
810 2304 899 2353 καὶ
936 2303 995 2354 τὸ
1033 2300 1227 2374 κράτος
1264 2306 1375 2369 νῦν,
1419 2303 1511 2353 καὶ
1555 2297 1654 2363 ἀεὶ,
1697 2305 1786 2353 καὶ
1817 2305 1891 2362 εὶς

288 2395 413 2455 τοὺς
440 2396 633 2453 αἰῶνας
658 2398 757 2443 τῶν
789 2388 1009 2448 αἰώνων.
1042 2389 1230 2461 ’Δμηνο

546 2697 695 2748 ΠΕΡΙ
748 2696 1032 2747 suam}:
1085 2670 1198 2745 im
1255 2694 1646 2746 ΝΟΥΘΕΣΙΑΣ.

943 2803 1163 2852 ΛΟΓΟΣ
1186 2796 1256 2852 Β’.

378 2910 431 2966 1.
480 2905 540 2961 Εἰ
580 2903 666 2960 ἐπὶ
729 2907 1013 2966 τοσαύταις
1064 2908 1434 2979 παραινέσεσιν
1464 2946 1478 2971 ,
1529 2902 1591 2966 ἃς
1634 2905 1683 2957 εν
1730 2920 1781 2956 τε
1829 2910 1903 2974 τῷ

306 2995 617 3071 προλαϐόντι
672 2999 850 3069 χρόνῳ
890 2993 1307 3071 παρακαλοῦντες
1364 2995 1501 3068 ὑμᾶς
1573 2993 1634 3047 ού
1700 2990 1903 3047 διελπο-

1987 1868 2173 1910 neum
2220 1866 2328 1924 per
2365 1850 2631 1909 mediam
2669 1849 3005 1908 medullam
3052 1851 3339 1910 adactum
3368 1868 3646 1926 suscepe-

1989 1941 2128 2005 rint,
2150 1946 2291 1997 tunc
2309 1939 2471 1996 succi
2492 1936 2881 1997 acerbitatem
2908 1938 2973 1996 in
3000 1938 3234 1997 bonum
3256 1955 3439 1997 usum
3460 1945 3649 1998 trans~

1993 2034 2249 2086 mutant.
2292 2032 2476 2085 Nemo
2520 2027 2699 2100 igitur
2737 2028 2799 2083 in
2843 2027 2983 2084 vitio
3025 2027 3270 2099 degens,
3297 2029 3374 2086 de
3409 2045 3472 2085 se
3512 2029 3647 2103 ipse

1994 2121 2292 2194 desperet.
2342 2121 2491 2174 Nam
2538 2118 2588 2172 si
2629 2116 2982 2189 plantarum
3021 2117 3342 2190 qualitates
3385 2117 3657 2191 agricola

1978 2205 2552 2276 'commutat,multo
2569 2205 2764 2276 magis
2781 2205 3016 2262 nullum
3045 2211 3135 2263 est
3160 2205 3526 2267 inﬁrmitatis
3557 2221 3658 2278 ge-

1998 2315 2135 2369 nus,
2168 2295 2338 2370 quod
2368 2310 2492 2352 non
2516 2295 2738 2351 animae
2767 2293 2830 2351 in
2858 2293 2953 2363 iis,
2981 2310 3118 2368 quas
3143 2295 3224 2351 ad
3250 2295 3532 2353 virtutem
3562 2300 3658 2355 at-

2000 2388 2209 2451 tinent,
2242 2384 2476 2443 cultura
2505 2399 2790 2457 superare
2806 2383 3018 2457 possit,
3035 2384 3099 2441 in
3120 2383 3348 2441 Christo
3378 2386 3518 2442 Jesu
3543 2386 3661 2443 Do-

2005 2478 2171 2536 mino
2195 2480 2425 2546 nostro,
2457 2474 2554 2531 cui
2584 2472 2776 2544 gloria
2804 2477 2862 2530 et
2893 2478 3162 2548 potestas
3191 2490 3376 2544 nunc,
3407 2479 3466 2534 et
3506 2490 3661 2532 sem-

2007 2583 2136 2640 per,
2167 2570 2223 2623 et
2242 2565 2305 2622 in
2328 2564 2552 2621 saecula
2578 2561 2962 2621 saeculorum.
2993 2568 3204 2621 Amen.

2177 2692 2288 2748 DE
2326 2689 2735 2747 DOC’TRINA
2774 2689 2885 2745 ET
2912 2688 3503 2747 ADMONITIONE.

2667 2796 2896 2853 SERMO
2934 2798 3008 2854 ll.

2093 2913 2138 2962 t.
2172 2908 2248 2981 ('2)
2282 2906 2340 2965 Si
2372 2921 2446 2962 ex
2474 2906 2562 2963 tot
2607 2902 3146 2974 exhortationibus,
3178 2903 3241 2960 in
3273 2903 3499 2977 quibus
3526 2906 3671 2962 tunc

2016 2996 2317 3069 praeterito
2348 2999 2622 3067 tempore
2654 3008 2762 3050 vos
2800 2991 3212 3049 indesinenter
3242 2991 3547 3051 adhortati
3574 3009 3671 3050 su-

305 3104 417 3159 μεν,
467 3090 557 3138 καὶ
597 3081 777 3158 ἐφεξῆς
828 3091 928 3136 τῶν
987 3080 1116 3138 ἑπτὰ
1164 3092 1261 3147 τῆς
1305 3088 1547 3146 νηστείας
1592 3079 1903 3156 ἑϐδομάδων

2016 3103 2173 3153 mus,
2190 3091 2315 3143 tum
2346 3088 2560 3160 postea
2595 3098 2704 3156 per
2730 3082 2842 3139 has
2871 3085 3101 3155 septem
3121 3080 3494 3155 jejuniorum
3517 3081 3671 3140 heb-

304 3176 491 3238 νυκτὸς
527 3178 619 3226 καὶ
664 3174 859 3248 ἡμέρας
902 3169 1386 3249 διαμαρτυρόμεναι
1426 3174 1548 3246 ύμῖν
1576 3177 1635 3227 τὸ
1684 3172 1908 3244 Εὐαγγέ-

303 3264 410 3317 λιον
465 3271 556 3324 τῆς
600 3266 822 3338 χάριτος
866 3270 960 3315 τοῦ
1016 3270 1150 3316 Θεοῦ
1199 3263 1293 3316 ούκ
1341 3262 1699 3337 ἐπαυσάμεθα,
1754 3259 1906 3316 οὐδὲν

302 3357 507 3425 γέγονεν
546 3352 758 3424 ὄφελος,
805 3348 890 3404 ἐπὶ
935 3355 1113 3413 ποίαις
1160 3350 1334 3405 ὶλπίσι
1391 3349 1755 3425 διαλεχθῶμεν
1802 3356 1904 3410 ση-

303 3456 499 3517 μερον;
541 3439 685 3495 Ἐπεὶ
735 3444 827 3492 καὶ
854 3442 1107 3513 γεωργός,
1147 3448 1246 3493 τῶν
1284 3447 1500 3516 πρώτων
1550 3443 1691 3512 αύτῷ
1743 3429 1909 3516 σπερέ

303 3530 479 3603 μάτων
546 3532 617 3601 μή
685 3527 1007 3600 ἐκρυέντων,
1080 3528 1419 3605 ὀκνηρότερός
1476 3529 1590 3584 ἔστι
1654 3535 1782 3603 πρὸς
1846 3534 1906 3584 τὸ

304 3616 547 3694 δεύτερον
602 3623 717 3680 ταῖς
773 3620 959 3680 αὐταῖς
1014 3617 1262 3693 ἀρούραις
1313 3619 1467 3672 πάλιν
1513 3618 1904 3692 ἐγκαταϐαλεῐν.

302 3708 465 3761 Ὥστε
512 3706 606 3759 κᾶν
645 3704 923 3766 ἐσιώπησα
947 3751 959 3775 ,
1003 3703 1055 3760 εὖ
1094 3710 1205 3762 ἴστε
1231 3750 1246 3774 ,
1287 3709 1331 3762 εἰ
1381 3713 1453 3782 μὴ
1510 3708 1803 3783 ίφοϐούμην
1846 3715 1906 3765 τό

308 3793 611 3869 ὑπόδειγμα
664 3795 909 3870 Ἱερεμίου
953 3818 967 3831 ο
1022 3795 1073 3858 ὃς
1115 3800 1248 3873 πρὸς
1295 3797 1481 3859 ἀπειθῆ
1523 3798 1645 3851 λαόν
1694 3802 1906 3873 φθέγγε-

312 3887 439 3939 σθαι
476 3889 547 3958 μὴ
601 3883 949 3959 βουλόμενος,
1007 3887 1190 3939 ἔπαθεν
1230 3885 1399 3940 ἐκεῖνα
1439 3886 1568 3963 οἷπερ
1613 3889 1771 3950 αὐτὸς
1819 3887 1909 3943 δι-

310 3979 571 4047 ηγήσατο,
632 3976 713 4028 ὅτι
768 3974 963 4047 ἐγένετο
1012 3975 1156 4048 αὐτῷ
1214 3983 1319 4052 πῦρ
1373 3976 1422 4030 ἐν
1468 3984 1577 4040 τοῖς
1633 3976 1908 4050 ἐγκάτοις,

307 4070 398 4119 καὶ
437 4073 652 4141 παρεῖτο
689 4067 970 4138 πάντοθεν,
1008 4070 1098 4119 καί
1144 4066 1240 4119 ούκ
1279 4063 1510 4126 ἠδύνατο
1556 4071 1743 4143 φέρειν.
1775 4068 1913 4122 Ἐπεὶ

307 4157 410 4229 γὰρ
461 4158 614 4227 φύσει
678 4153 831 4229 ἀρετὴ
887 4155 1042 4229 λόγου
1076 4197 1089 4222 ,
1176 4160 1310 4231 μήτε
1374 4160 1602 4231 ἀσαφείᾳ
1668 4162 1913 4232 κρύπτειν

307 4250 375 4298 τὰ
423 4248 800 4319 σημαινόμενα,
848 4250 979 4319 μήτε
1031 4250 1273 4321 περιττὸν
1317 4248 1446 4301 εἶναι
1492 4252 1583 4300 καὶ
1642 4251 1864 4321 μάταιον
1895 4290 1913 4321 ,

310 4333 421 4394 εἰκῆ
470 4342 577 4396 τοῖς
644 4337 926 4410 πράγμασι
994 4335 1332 4412 περιρρέοντα
1365 4358 1378 4371 ι
1447 4337 1508 4390 ού
1569 4337 1726 4390 καλὸν
1794 4343 1914 4415 περὶ

309 4422 506 4475 πολλῶν
559 4424 784 4486 εἰσάπαξ
840 4420 1193 4497 διαλεχθῆναι
1220 4471 1235 4498 ,
1291 4430 1363 4499 μή
1413 4444 1537 4480 ποτε
1582 4433 1647 4499 τῇ
1690 4425 1913 4504 ἀμετρίᾳ

310 4517 404 4562 τοῦ
457 4509 618 4582 λόγου
678 4512 937 4585 ἄχρηστα
1003 4522 1135 4587 φανῇ
1200 4517 1268 4566 τὰ
1329 4515 1610 4587 φιλοπόνως
1688 4517 1910 4570 συνειλε-

310 4601 491 4671 γμένα.
533 4599 826 4652 Ἀτονοῦσα
868 4603 968 4674 γὰρ
1014 4603 1047 4659 ἡ
1106 4598 1317 4656 διάνοια
1342 4622 1551 4657 παντων
1591 4606 1723 4677 ὁμοῦ
1764 4625 1916 4682 περι-

315 4684 637 4761 δράξασθαι,
695 4689 872 4762 ὅμοιον
918 4692 1125 4762 πάσχει
1166 4697 1400 4764 γαστρὶ,
1455 4689 1552 4746 διὰ
1607 4699 1704 4754 τὴν
1753 4697 1915 4771 ὑπερ-

314 4776 471 4835 ϐολὴν
524 4782 619 4830 τοῦ
665 4782 863 4852 κόρου,
911 4778 984 4843 εἰς
1030 4780 1186 4851 πέψιν
1252 4781 1471 4854 ἀγαγεῖν
1522 4785 1590 4835 τὰ
1638 4803 1916 4858 παραπεμ-

316 4868 505 4940 γθεντα
554 4871 627 4941 μὴ
687 4863 997 4943 δυναμένεη.
1058 4874 1230 4924 Βίαιον
1282 4874 1375 4944 μὶν
1427 4875 1531 4946 γὰρ
1570 4875 1795 4947 μάθημα
1859 4873 1918 4927 ού

313 4961 504 5030 πέφυκε
553 4960 889 5033 παραμένειν,
930 4962 989 5012 τὸ
1030 4956 1089 5012 δε
1136 4962 1268 5033 μετά
1313 4961 1543 5036 τέρψεως
1604 4968 1694 5016 καὶ
1755 4966 1921 5038 χάρι-

313 5064 395 5110 τος
425 5043 761 5122 εἰσδυόμενον
807 5054 1158 5124 μονιμώτερόν
1200 5066 1311 5113 πως
1347 5058 1460 5113 ταῖς
1495 5051 1705 5124 ψυχαῖς
1747 5056 1919 5120 ἐνιζά-

389 5230 436 5266 ³⁵
459 5232 675 5289 Jerem.
701 5248 800 5304 xx,
830 5232 883 5291 9.

386 5425 470 5567 iii
498 5426 787 5559 ἓξὲξ
804 5432 1367 5567 ἑεξέἕῖἰξΐέδέδί

495 5500 774 5629 (item.
804 5517 897 5562 xxv
926 5505 993 5561 in
1025 5500 1304 5581 ebriosos,
1339 5509 1463 5567 122.

394 5640 476 5712 (4)
505 5640 679 5714 lbid.,
711 5646 833 5705 123.

2017 3175 2321 3234 domadas
2358 3178 2535 3232 nocte
2564 3188 2635 3230 ac
2655 3171 2751 3229 die
2779 3170 3167 3245 Evangelium
3189 3170 3397 3242 gratiae
3417 3171 3522 3228 Dei
3542 3170 3675 3230 sine

2017 3267 2141 3323 ulla
2178 3263 2621 3323 intermissione
2669 3261 2844 3319 vobis
2882 3260 3396 3329 denuntiavimus,
3440 3260 3674 3319 fructus

2016 3355 2220 3413 nullus
2263 3354 2552 3427 nullaque
2582 3351 2803 3409 utilitas
2837 3348 3107 3407 emersit:
3140 3366 3265 3424 qua
3305 3365 3415 3423 spe
3449 3366 3677 3408 sermo-

2017 3458 2158 3503 nem
2214 3444 2396 3501 hodie
2442 3442 2803 3499 habebimus
2832 3439 2861 3497 ?
2891 3440 2965 3515 (3)
3019 3443 3173 3497 Nam
3210 3443 3268 3498 et
3314 3439 3583 3512 agricola
3626 3440 3677 3498 si

2015 3537 2221 3608 priora
2250 3533 2485 3590 semina
2513 3536 2694 3588 enata
2741 3546 2865 3587 non
2905 3529 3045 3597 sint,
3076 3529 3155 3587 ad
3185 3528 3350 3586 aliud
3379 3545 3588 3586 semen
3614 3528 3678 3587 in

2018 3624 2235 3681 iisdem
2257 3623 2417 3679 arvis
2440 3635 2650 3677 rursus
2681 3618 3093 3693 spargendum
3107 3618 3349 3690 segnior
3367 3623 3457 3675 est
3476 3622 3534 3675 et
3561 3622 3677 3675 tar-

2018 3714 2174 3771 dior.
2210 3711 2286 3776 (4)
2317 3713 2511 3775 Quare
2542 3710 2727 3766 etiam
2751 3708 3101 3776 tacuissem,
3135 3705 3281 3763 mihi
3319 3705 3563 3780 credite,
3587 3707 3679 3764 ni-

2020 3805 2068 3862 si
2097 3803 2367 3862 Jeremiz-e
2391 3801 2726 3859 timuissem
2755 3797 3103 3872 exemplum
3128 3815 3142 3852 :
3174 3797 3442 3871 quicum
3464 3798 3540 3855 ad
3572 3813 3679 3871 po-

2019 3895 2235 3968 pulum
2279 3895 2702 3948 contumacem
2738 3887 2923 3944 verba
2964 3887 3162 3944 facere
3202 3885 3418 3957 nollet,
3457 3901 3679 3958 passus

2022 3987 2271 4056 estquae
2319 3981 2448 4055 ipse
2494 3982 2789 4044 recenset,
2828 3975 2996 4050 quod
3043 3976 3240 4033 factus
3290 3981 3379 4033 est
3420 3975 3578 4047 ignis
3617 3977 3681 4033 in

2022 4073 2153 4146 ejus
2171 4070 2526 4137 visceribus,
2546 4083 2617 4125 ac
2648 4066 2915 4140 undique
2943 4065 3530 4134 dissolvebatur,nec
3560 4064 3681 4123 fer-

2022 4179 2085 4220 re
2106 4167 2343 4237 poterat
2369 4162 2441 4213 3‘.
2466 4161 2543 4231 (5)
2570 4161 2719 4215 Nam
2741 4157 2789 4213 si
2819 4156 3095 4214 naturale
3124 4156 3426 4213 sermonis
3456 4171 3682 4212 munus

2024 4257 2133 4321 est,
2155 4266 2353 4325 neque
2382 4248 2746 4306 obscuritate
2767 4262 2841 4304 ea
2870 4262 3005 4321 quae
3032 4244 3449 4318 signiﬁcantur
3473 4243 3680 4302 occul-

2023 4348 2172 4411 tare,
2202 4356 2401 4415 neque
2430 4352 2956 4413 supervacaneum
2976 4351 3109 4393 esse
3140 4340 3197 4392 et
3222 4350 3472 4404 vanum,
3499 4350 3570 4391 ac
3596 4339 3683 4392 te-

2026 4450 2188 4492 mere
2217 4432 2399 4489 rebus
2425 4428 2876 4486 circumﬂuum:
2919 4427 2993 4491 (6)
3023 4441 3145 4482 non
3167 4425 3454 4483 decorum
3484 4428 3592 4493 est,
3604 4422 3684 4481 de

2027 4523 2233 4582 multis
2269 4520 2453 4578 simul
2497 4519 2811 4584 disserere,
2844 4533 2919 4573 ne
2945 4517 3093 4574 forte
3119 4515 3182 4571 in
3212 4514 3528 4571 moderato
3558 4529 3682 4571 ser-

2024 4628 2207 4672 mone
2233 4610 2470 4669 inutilia
2498 4608 2777 4667 evadant.
2805 4623 2943 4680 quaa
2973 4605 3289 4677 diligenter
3317 4620 3390 4662 ac
3412 4603 3685 4660 studiose

2027 4703 2279 4761 collecta
2307 4703 2464 4758 sunt.
2500 4701 2660 4757 Mens
2690 4697 2856 4753 enim
2893 4712 3030 4768 quae
3052 4692 3580 4768 apprehendendis
3609 4692 3683 4749 si-

2028 4792 2158 4850 mul
2185 4789 2471 4849 omnibus
2489 4789 2687 4861 impar
2705 4791 2812 4850 est,
2830 4791 2934 4843 aut
2958 4784 3126 4843 aliter
3151 4799 3215 4841 se
3241 4781 3515 4840 habetac
3541 4777 3683 4839 ven-

2029 4888 2145 4951 ter,
2193 4880 2301 4955 qui
2341 4878 2422 4937 ob
2462 4876 2717 4935 nimiam
2764 4874 3138 4932 saturitatem
3187 4876 3464 4946 sumptos
3516 4870 3686 4929 cibos

2030 4984 2409 5042 concoquere
2429 4982 2554 5024 non
2584 4969 2803 5040 potest.
2833 4965 2911 5035 (7)
2943 4963 3050 5021 Vix
3088 4961 3249 5021 enim
3284 4961 3505 5019 durare
3536 4959 3688 5021 solet

2030 5059 2198 5135 quod
2226 5058 2448 5117 invitus
2467 5054 2749 5113 didiceris
2778 5071 2792 5109 :
2825 5053 2992 5125 quod
3022 5056 3225 5111 autem
3246 5049 3514 5126 jucunde
3545 5064 3685 5109 sua-

2114 5454 2195 5526 (6)
2236 5450 2316 5528 Ex
2346 5450 2512 5528 hom.
2545 5446 2611 5528 in
2628 5444 3078 5528 ill_ud,AUende
3106 5448 3216 5515 tibi
3244 5456 3371 5528 ipsi.
3408 5434 3492 5528 ιϐ.

2113 5514 2192 5597 (65
2205 5530 2288 5584 Ex
2298 5527 2465 5600 hom.
2481 5526 2543 5583 in
2557 5514 2807 5600 illudJo'z
2816 5514 3121 5600 principio
3130 5514 3553 5588 erat'Vcrbum,‘
3564 5514 3689 5581 138.

2108 5601 2186 5672 (7)
2215 5601 2298 5655 Ex
2324 5599 2493 5658 hom.
2518 5600 2580 5655 in
2598 5599 2760 5672 psal.
2787 5615 2827 5666 ι,
2858 5600 2951 5657 9t.
