4146 6424
543 309 676 366 1135
1499 303 1864 361 APPENDIX.
1906 331 1974 344 -
2016 297 2180 360 SYME

2262 297 2365 359 NIS
2402 287 2942 359 METAPHRASTJE
3762 299 3899 357 1136

535 433 809 506 viterque
837 433 1159 505 acceptum
1180 431 1289 498 est,
1327 427 1600 487 tenacius
1630 429 1694 485 in
1723 428 1943 486 animis
1970 427 2172 485 nostri:

2262 446 2394 484 ,νει.
2462 427 2558 481 Διὰ
2618 432 2772 481 τοῦτο
2827 430 2918 478 καὶ
2975 425 3034 478 1'6
3102 420 3156 478 ἐκ
3220 431 3311 486 τῆς
3369 419 3628 498 μελῳδίας
3683 425 3899 499 τερπνὸν

537 521 782 580 insidet.
807 521 884 593 (t)
916 521 1294 594 Quapropter
1331 521 1390 574 et
1433 518 1824 589 dogmatibus
1862 516 2174 574 immiscui1

2301 523 2412 579 τοῖς
2473 513 2738 590 δόγμασιν
2794 514 3166 589 ἐγκατέμιξεν,
3223 515 3306 568 ἶνα
3363 521 3434 586 τῷ
3500 521 3756 588 προσηνεῖ
3808 519 3897 568 καὶ

536 611 873 668 harmoniae
894 609 1301 676 dulcedinem,
1325 612 1390 665 ut
1408 607 1694 665 audiendi
1713 608 2087 680 jucunditate
2119 623 2173 664 at

2297 605 2415 680 λείῳ
2462 615 2556 670 τῆς
2609 606 2768 668 ἀκοῆς
2813 609 2872 660 τὸ
2923 604 2979 658 ἐκ
3035 612 3135 658 τῶν
3191 604 3353 678 λόγων
3415 604 3667 678 ὠφέλιμον
3712 603 3897 658 λανθα-

538 700 858 756 dulcedine
888 699 1266 773 eloquiorum
1293 699 1606 755 utilitatem
1638 714 1669 754 e
1700 698 2081 754 sermonibus
2106 696 2175 755 la-

2298 700 2481 758 νόντως
2523 693 2930 770 ὑποδεχώμεθα,
2980 698 3114 749 κατά
3167 698 3284 756 τοὺς
3325 697 3513 767 σοφοὺς
3548 703 3647 747 τῶν
3686 693 3893 770 ἰατρῶν,

537 796 729 848 tenter
756 791 1240 863 perciperemus:
1269 789 1439 846 haud
1468 788 1637 845 aliter
1669 791 1850 861 atque
1889 789 2174 861 sapientes

2297 789 2348 839 οἶ
2407 794 2506 838 τῶν
2564 789 2847 860 φαρμάκων
2901 787 2968 839 τὰ
3023 784 3386 860 αὐστηρότερα
3441 788 3603 836 πίνειν
3662 779 3893 844 διδόντες

538 879 777 950 medici,
791 880 896 952 qui
915 879 1354 936 nauseantibus
1373 878 1681 951 potionem
1705 878 2065 935 amariorem
2085 877 2175 935 da-

2297 885 2406 940 τοῖς
2463 881 2796 946 κακοσίτοις,
2854 874 3024 949 μελιτι
3077 873 3324 937 πολλάκις
3371 878 3465 933 τὴν
3516 873 3710 927 κύλικα
3755 893 3892 950 περι-

535 968 672 1036 turi,
727 970 948 1041 saepius
1002 967 1254 1025 calicem
1307 968 1483 1024 melle
1523 967 2008 1025 circumliniunt.
2049 967 2172 1024 Idec

2296 971 2542 1041 χρίουσι.
2574 967 2669 1020 Διά
2705 973 2859 1018 τοῦτο
2900 969 2990 1018 καὶ
3028 966 3094 1017 τὰ
3131 963 3410 1038 ἐναρμόνια
3451 962 3581 1036 με’λη
3625 971 3727 1016 τῶν
3756 962 3890 1035 ψαλ-

535 1057 829 1114 concenni
857 1056 944 1114 illi
964 1057 1343 1130 psalmorum
1378 1061 1706 1114 concentus
1738 1056 2059 1129 excogitati
2083 1071 2172 1113 nol

2300 1065 2408 1130 μῶν
2438 1058 2563 1129 ἡμῖν
2594 1055 2936 1127 ἐπινενόηται,
2981 1055 3064 1107 ἵνα
3101 1055 3170 1117 ὡς
3209 1055 3258 1106 οἱ
3312 1049 3500 1114 παῖδες
3525 1053 3603 1124 (7)
3646 1057 3740 1112 τὴν
3787 1053 3893 1112 ἠλι-

531 1145 627 1204 bis
648 1150 805 1218 sunt,
829 1151 894 1203 ut
917 1147 1023 1220 qui
1051 1146 1223 1219 pueri
1255 1150 1395 1203 sunt
1425 1151 1616 1214 (etate,
1659 1151 1765 1203 aut
1791 1146 1973 1203 etiam
1997 1144 2168 1202 omni

2296 1149 2433 1217 κίαν,
2465 1147 2495 1204 ἦ
2537 1149 2627 1198 καὶ
2667 1145 2794 1206 ὁλως
2840 1146 2890 1197 οὶ
2934 1147 3105 1220 νεαροὶ
3160 1146 3216 1196 τό
3260 1143 3404 1213 ἦθος,
3459 1151 3533 1214 τῷ
3585 1145 3675 1216 μὲν
3724 1139 3893 1197 δοκεῖν

530 1251 613 1292 no
635 1235 909 1292 moribus
942 1236 1220 1308 juvenes,
1260 1235 1323 1292 in
1349 1235 1614 1309 speciem
1642 1235 1891 1309 quidem
1921 1239 2161 1292 cantent

2296 1231 2597 1309 μελῳδοῦσι,
2633 1243 2694 1308 τῇ
2731 1230 2790 1288 δὲ
2830 1233 3047 1307 ἀληθείᾳ
3093 1235 3182 1295 τὰς
3219 1231 3403 1306 ψυχὰς
3459 1229 3889 1286 ἑκπαιδεύωνται.

528 1340 594 1382 re
624 1329 825 1382 autem
854 1341 1000 1382 vera
1021 1326 1240 1382 animis
1256 1325 1710 1397 erudiantur.(2)
1734 1330 1884 1382 Nam
1915 1330 1971 1383 et
1997 1341 2165 1398 equo

2296 1329 2399 1380 Καὶ
2442 1327 2543 1400 γὰρ
2585 1327 2634 1378 οἱ
2672 1319 3018 1397 πωλοδάμναι
3070 1327 3192 1386 τοὺς
3246 1317 3526 1385 δυσηνίονς
3564 1330 3664 1376 τῶν
3713 1322 3893 1376 πώλων

525 1429 664 1471 rum
707 1415 1040 1472 domitores
1073 1431 1209 1472 non
1267 1415 1467 1472 statim
1512 1415 1741 1472 feroces
1778 1415 1974 1488 pullos
2002 1414 2162 1471 freni:

2293 1416 2388 1470 οὐκ
2446 1415 2594 1476 εὐθὺς
2645 1416 2984 1486 κατάγχουσι
3030 1419 3140 1476 τοῖς
3188 1412 3440 1485 χαλινοῖς,
3477 1409 3603 1465 οὐδε
3638 1410 3886 1487 ἀνακρού-

528 1509 765 1573 angunt
802 1508 859 1561 et
880 1503 1218 1576 exagitant;
1239 1505 1323 1560 sic
1349 1505 1509 1560 enim
1538 1504 1915 1561 recalcitrare
1935 1509 1993 1562 et
2022 1505 2165 1578 equi

2293 1524 2442 1560 ουσιν
2474 1524 2486 1538 ο
2547 1502 2910 1576 ἀναχαιτίζειν
2949 1503 3052 1576 γὰρ
3102 1502 3236 1555 οὕτω
3267 1504 3357 1554 καὶ
3398 1498 3738 1555 ἀποσείεσθαι
3775 1505 3888 1564 τοὺς

525 1600 616 1650 tes
656 1596 936 1650 excutere
981 1594 1349 1650 edocentur:
1390 1593 1570 1666 478
1609 1595 1715 1651 sed
1755 1593 2034 1652 cedentes
2065 1595 2157 1668 pri

2292 1593 2538 1655 ἐπιϐάτας
2596 1589 2985 1646 διδάσκουσινο
3047 1589 3177 1645 ἀλλὰ
3233 1586 3559 1652 συνενδόντες
3603 1594 3697 1650 τὴν
3751 1596 3891 1665 πρώ-

521 1697 717 1750 mum,
740 1685 799 1739 et
818 1682 898 1738 ad
922 1697 1133 1739 eorum
1158 1681 1452 1755 impetum
1476 1699 1603 1739 sese
1625 1684 2158 1741 accommodantes

2290 1703 2385 1743 την
2425 1687 2514 1736 καὶ
2556 1681 2960 1757 συνεξορμῶντες
3010 1682 3226 1751 αὐτοῖς,
3291 1676 3500 1734 ἐπειδὰν
3549 1676 3731 1733 ἴδωσιν
3779 1681 3881 1733 ὑπὸ

529 1770 637 1828 ubi
681 1786 893 1827 eorum
934 1771 1213 1828 ardorem
1258 1788 1371 1828 suo
1421 1771 1697 1845 ipsorum
1735 1773 1964 1846 impetu
2003 1777 2166 1847 atqui

2250 1793 2252 1830 :
2290 1783 2386 1838 τῆς
2426 1774 2614 1836 οἰκείας
2661 1774 2826 1848 ὁρμῆς
2865 1776 2953 1825 καὶ
2996 1770 3116 1846 βίας
3157 1774 3244 1824 τὸν
3285 1773 3444 1844 θυμὸν
3497 1768 3887 1839 ἀναλώσαντας,

523 1860 903 1917 vehementia
942 1861 1202 1917 fractum
1241 1864 1298 1918 et
1337 1861 1702 1919 exhaustum
1742 1863 2160 1921 animadverte

2288 1869 2402 1921 τότε
2486 1862 2839 1940 παραλαϐόνες
2913 1858 3348 1935 δεδαμασμένους
3381 1904 3397 1931 ,
3472 1861 3891 1933 εὐπειθεστέρους

517 1949 660 2017 rint,
693 1953 836 2007 tunc
863 1949 1150 2006 subactos
1180 1950 1727 2023 apprehendentes,
1757 1951 1892 2010 illos
1918 1954 2047 2026 jam
2075 1970 2151 2028 pe

2288 1963 2506 2011 ποιοῦσι
2542 1951 2637 2008 διὰ
2673 1962 2764 2015 τῆς
2803 1956 3016 2026 τέχνης.
3045 1957 3164 2013 Τοῖς
3207 1958 3334 2024 γοῦν
3388 1949 3642 2023 ἐπιμελῶς
3681 1949 3733 2014 ἐξ
3774 1949 3893 2004 ἐκεί-

517 2044 711 2096 artcm
734 2039 997 2096 reddunt
1023 2039 1474 2098 tractabiliores.
1495 2043 1574 2115 (3)
1607 2042 1718 2108 Qui
1745 2043 1907 2099 enim
1927 2043 2152 2115 diligen

2292 2064 2419 2100 στου
2461 2048 2557 2104 τὴν
2610 2041 2854 2115 ὠφέλειαν
2900 2039 3260 2117 ἀθροίζουσιν,
3299 2040 3473 2113 ὥσπερ
3511 2046 3619 2100 τοῖς
3647 2036 3893 2112 μεγάλοις

515 2131 606 2187 ter
642 2145 716 2186 ex
745 2145 1117 2203 quacunque
1143 2146 1207 2186 re
1229 2131 1548 2189 utilitatem
1575 2133 1888 2205 colligunt,
1911 2134 1980 2191 iis
2004 2151 2152 2209 quas

2289 2145 2390 2190 τῶν
2427 2140 2713 2208 ποταμῶν,
2761 2130 2950 2186 πολλαὶ
2987 2132 3227 2204 γίνεσθαι
3279 2127 3604 2201 πολλαχόθεν
3656 2130 3892 2204 προσθῆ-

517 2218 760 2288 magnis
781 2217 1141 2275 ﬂuminibus
1171 2220 1365 2277 solent
1390 2220 1800 2294 undecunque
1825 2222 1954 2280 ﬁeri
1977 2239 2152 2282 acces

2290 2245 2381 2280 και
2439 2226 2753 2298 πεφύκασι.
2821 2223 2890 2276 Τὸ
2953 2223 3054 2298 γὰρ
3111 2223 3201 2274 καὶ
3268 2223 3490 2294 σμικρόν
3550 2218 3635 2272 ἐπὶ
3685 2226 3891 2293 σμικρῷ

517 2307 723 2365 siones
749 2307 975 2364 multae.
1019 2311 1168 2364 Nam
1192 2324 1454 2381 parvum
1474 2325 1661 2382 parvo
1693 2311 2154 2384 adjungere,n01

2289 2315 2688 2378 κατατίθεσθαι,
2728 2311 2788 2366 οὗ
2837 2309 3026 2384 μᾶλλον
3073 2309 3140 2372 εἰς
3187 2307 3438 2386 ἀργυρίου
3495 2309 3804 2383 προσθήκην
3856 2309 3886 2369 ἣ

517 2396 718 2467 magis
765 2395 848 2452 ad
902 2397 1179 2469 pecuniae
1239 2398 1820 2473 ampliﬁcationem,
1874 2418 2062 2476 quam
2101 2420 2154 2462 at

2289 2408 2378 2459 καὶ
2415 2403 2488 2466 εἰς
2524 2401 2795 2463 ἡντιναοῦν
2826 2404 3143 2474 ἐπιστήμην,
3168 2398 3336 2474 ὀρθῶς
3372 2399 3622 2472 ἡγεῖσθαι
3646 2401 3786 2472 ἔχειν
3813 2398 3891 2471 (8)

519 2483 860 2558 quamlibet
905 2484 1296 2559 disciplinam
1341 2487 1676 2561 quadrare,
1718 2491 2002 2564 prudenti
2051 2494 2156 2552 ViI‘t

1406 2487 1676 2560 iadrare,
1718 2491 2002 2564 prudenti
2051 2494 2181 2553 viro
2289 2501 2361 2568 τῷ
2385 2495 2764 2567 πεπυκνωμένῳ
2787 2498 3043 2566 προσῆκε.

520 2573 714 2631 videri
733 2573 934 2631 debet.
1221 2590 1224 2594 ‘

592 2667 650 2718 2.
671 2662 932 2735 (4)0uod
956 2665 1119 2722 enim
1146 2665 1355 2724 labore
1382 2671 1627 2740 partum
1653 2673 1764 2740 est,
1789 2686 1930 2730 cum
1957 2674 2182 2745 gaudio

2359 2678 2413 2731 2.
2458 2676 2531 2729 T6
2579 2673 2680 2746 γὰρ
2731 2674 2872 2743 πόνῳ
2927 2671 3153 2738 κτηθεν,
3202 2675 3512 2746 περιχαρῶς
3559 2663 3828 2739 ὑπεδέχθη
3869 2707 3889 2740 ,

524 2752 890 2826 suscipitur,
944 2758 1002 2812 et
1055 2754 1370 2826 diligenter
1421 2764 1814 2818 conservatur
1857 2781 1872 2819 :
1932 2769 2142 2823 contra

2289 2769 2380 2819 καὶ
2431 2761 2715 2838 φιλοπόνως
2773 2757 3102 2835 διεφυλάχθη
3134 2779 3147 2794 ·
3197 2759 3266 2812 ὧν
3312 2762 3490 2832 μέντοι
3535 2760 3821 2832 πρόχειρος
3870 2757 3898 2810 ό

525 2859 665 2917 qua:
699 2842 874 2901 facile
901 2851 1356 2918 comparantur,
1389 2864 1461 2906 ea
1490 2866 1630 2907 cum
1660 2855 2010 2927 contemptu
2037 2872 2162 2929 pos-

2291 2857 2570 2930 πορισμὸς,
2612 2855 2808 2906 τούτων
2851 2852 2882 2910 ἠ
2945 2857 3135 2913 κτῆσις
3191 2848 3660 2924 εὐκαταφρόνητος.
3692 2846 3895 2921 Ὠσπερ

527 2931 821 2990 sidentur.
852 2933 925 3006 (5)
954 2935 1485 3000 Quemadmodum
1531 2939 1714 3010 igitur
1742 2957 1867 2999 non
1903 2943 2164 3003 invidens

2294 2942 2402 3018 οὖν,
2448 2943 2578 3018 οὐχὶ
2627 2941 2930 3017 βασκαίνων
2955 2942 3081 3014 ἡμῖν
3120 2947 3220 2993 τῶν
3249 2943 3378 3015 πρὸς
3402 2941 3461 2992 1'6
3501 2938 3597 3011 ζῇν
3629 2936 3896 3013 ἀφορμῶν,

521 3021 704 3079 nobis
735 3022 1092 3094 adjumenta
1116 3025 1196 3081 ad
1228 3025 1580 3100 vivendum,
1615 3031 1827 3089 omnia
1862 3033 2158 3092 nobiscun

2295 3035 2678 3110 παραπλησίως
2726 3039 2834 3095 τοῖς
2885 3030 3098 3104 ἀλόγοις
3155 3030 3678 3102 συναπογεννηθῆναι
3730 3029 3903 3080 πάντα

526 3111 801 3169 similiter
826 3127 897 3170 ac
929 3129 1069 3170 cum
1108 3112 1326 3170 belluis
1369 3116 1536 3173 nasci
1566 3119 1777 3190 Opifex
1814 3125 2022 3180 noster
2058 3139 2163 3182 nor

2297 3127 2325 3180 ὁ
2373 3126 2703 3200 Δημιουργὸς
2728 3123 2874 3195 ἡμῶν
2920 3120 2980 3174 οὐ
3036 3124 3429 3195 συνεχώρησεν,
3487 3117 3620 3171 ἀλλὰ
3669 3120 3770 3176 τὴν
3827 3119 3897 3170 ἕνα

527 3201 833 3274 permisit,
884 3201 994 3258 sed
1029 3202 1306 3276 inopiam
1337 3219 1541 3261 rerum
1580 3210 2064 3268 necessariarum
2105 3229 2164 3270 ac

2300 3213 2446 3272 δειαν
2500 3222 2602 3268 τῶν
2651 3211 2944 3286 ἀναγκαίων
2985 3211 3278 3284 γυμνάσιον
3329 3211 3455 3282 ἡμῖν
3511 3216 3606 3270 τῆς
3662 3203 3900 3268 διανοίας

527 3289 840 3348 industriae
867 3294 1092 3348 nostrae
1123 3292 1614 3352 exercitationem
1641 3299 2028 3358 machinatus
2056 3306 2144 3361 est

2297 3306 2717 3380 εμηχανὴσατοο
2768 3301 2904 3356 οὓτω
2959 3303 3050 3354 καὶ
3108 3303 3203 3360 τὴν
3253 3297 3302 3352 ἐν
3344 3305 3457 3360 ταῖς
3494 3304 3726 3376 Γραφαίς
3767 3295 3898 3349 ἀσεί-

526 3379 616 3436 ita
636 3378 766 3435 etin
789 3379 1105 3452 Scripturis
1130 3379 1560 3440 obscuritatem
1581 3384 1661 3441 ad
1683 3385 1996 3446 utilitatem
2023 3407 2163 3450 men

2297 3416 2440 3471 φειαν
2497 3395 2576 3450 ἐπ’
2635 3391 2851 3466 ὠφελείᾳ
2910 3398 3001 3445 τοῦ
3071 3397 3204 3458 νοῦ,
3269 3385 3539 3463 διεγείρων
3592 3387 3753 3441 αὐτοῦ
3805 3390 3897 3444 τήν

527 3467 628 3534 tis,
652 3467 921 3524 excitans
946 3467 1106 3524 illius
1135 3469 1547 3541 intelligentiae
1577 3473 1720 3544 vim,
1741 3475 1936 3535 inesse
1966 3478 2156 3538 voluit

2296 3486 2549 3560 ἐνέργειαν
2578 3525 2593 3552 ,
2665 3477 2980 3541 ἐπετήδευσε
3017 3501 3032 3515 υ
3108 3485 3310 3555 πρῶτον
3385 3481 3476 3551 μὲν
3549 3479 3631 3530 ἱνα
3694 3477 3905 3537 τούτοις

531 3556 800 3628 primum
828 3556 1098 3629 quidem,
1131 3561 1197 3615 ut
1236 3559 1331 3614 his
1370 3569 1697 3635 occupata,
1728 3580 1765 3621 a
1791 3565 2168 3626 deterioribus

2295 3556 2736 3646 ἐνασχολούμενος
2777 3577 2878 3622 τῶν
2921 3571 3172 3642 χειρόνων
3218 3565 3538 3638 ἀφέλκηται·
3586 3567 3764 3619 ἔπειτα
3817 3565 3905 3617 ὅτι

532 3649 820 3702 avocetur
845 3664 857 3714 ;
882 3645 1102 3702 deinde
1132 3648 1277 3719 quia
1298 3647 1507 3706 labore
1539 3658 1709 3724 parta
1758 3657 1953 3727 magis
1980 3675 2169 3716 aman

2291 3667 2357 3720 τὰ
2398 3669 2537 3718 πόνω
2584 3665 2840 3720 κτηθέντα
2901 3658 3091 3732 μᾶλλον
3162 3662 3578 3730 προσαγαπᾶται
3601 3699 3616 3726 ,
3689 3659 3780 3708 καὶ
3834 3657 3906 3708 τὰ

531 3736 651 3802 tur,
704 3750 966 3808 quaeque
1012 3735 1197 3808 longo
1245 3742 1515 3812 tempore
1553 3743 1974 3816 acquiruntur,
2016 3766 2162 3806 cons

2297 3753 2390 3809 διὰ
2445 3760 2648 3828 μακροῦ
2701 3756 2897 3826 χρόνου
2947 3751 3333 3821 προσγενόμενα
3392 3751 3742 3820 μονιμώτερον
3798 3764 3907 3798 «ac

529 3826 758 3924 tantius
796 3831 1156 3897 permanent
1191 3844 1204 3883 :
1247 3844 1384 3900 qua:
1423 3835 1626 3887 autem
1661 3833 1833 3891 facile
1872 3845 2165 3908 parantur

2295 3826 2504 3923 ραμένει
2536 3826 2564 3879 ’ἡ
2593 3851 2660 3894 ῶν
2691 3839 2752 3895 δὲ
2788 3837 2952 3917 ῥᾳδία
2997 3840 3027 3898 ἠ
3078 3845 3289 3903 κτῆσις,
3336 3835 3395 3889 οὐ
3439 3830 3907 3912 περισπούδαστος

529 3911 624 3971 his
668 3931 794 3971 non
843 3914 1092 3988 perinde
1133 3917 1307 3975 avide
1345 3918 1619 3979 fruimur.
1668 3924 1993 3998 Negligitur
2025 3930 2166 3986 enin

2295 3911 2690 3997 :b-a’crrolaua'zg.
2753 3932 3220 4003 Εὐκαταφρόνητος
3261 3929 3362 4000 γὰρ
3424 3928 3454 3987 ὴ
3504 3934 3605 3979 τῶν
3670 3929 3907 3999 προχεί-

529 4017 735 4058 rerum
783 4003 1105 4061 obviarum
1149 4008 1346 4079 copia,
1391 4025 1588 4082 neque
1620 4012 1743 4069 ulla
1788 4017 2065 4074 custodia
2102 4019 2164 4075 di

2295 4047 2396 4102 ρων
2434 4029 2722 4101 παρουσία,
2761 4027 2854 4076 καὶ
2897 4017 3151 4093 οὐδεμιᾶς
3201 4017 3435 4091 φυλακῆς
3464 4015 3741 4089 ἀξιουμένη
3788 4022 3909 4079 τοῖς

532 4105 686 4189 gnas
727 4091 920 4192 ducit,
958 4095 1064 4165 qui
1089 4097 1406 4192 possidet.
1439 4099 1518 4169 (6)
1545 4102 1736 4172 Turpe
1784 4119 2053 4179 namque
2099 4125 2169 4165 es

2296 4121 2538 4189 ἔχουσιν.
2599 4114 2839 4187 Αἰσχρόν
2893 4109 2973 4176 δὲ,
3024 4118 3125 4162 τῶν
3175 4110 3266 4182 μὲν
3322 4110 3498 4160 σιτίων
3555 4107 3623 4159 τὰ
3667 4103 3911 4181 βλαϐερὰ

528 4181 776 4248 rejicere
809 4181 977 4238 cibos
1009 4182 1292 4240 exitiosos
1315 4229 1329 4253 ,
1361 4186 1817 4261 disciplinarum
1853 4210 1997 4252 vero
2052 4213 2165 4270 qua

2298 4181 2612 4262 δίωθείσθαι
2640 4225 2652 4238 ·
2694 4211 2794 4255 τῶν
2845 4198 2904 4253 δὲ
2943 4199 3290 4273 μαθημάτων,
3320 4197 3355 4249 οἱ
3381 4199 3473 4254 τὴν
3510 4195 3697 4268 ψυχὴν
3752 4197 3906 4268 ἡμῶν

531 4273 805 4325 animam
845 4275 1118 4328 nostram
1147 4273 1436 4343 nutriunt,
1463 4277 1759 4335 rationem
1806 4283 2037 4340 nullam
2086 4287 2168 4344 ha

2296 4301 2486 4372 τρέφει,
2542 4289 2746 4367 μηδένα
2811 4290 2962 4362 λόγον
3037 4291 3178 4360 ἔχειν
3211 4307 3224 4322 ο
3295 4284 3402 4339 ἀλλ’
3449 4286 3622 4358 ὥσπερ
3677 4283 3911 4359 χειμείρ-

527 4354 703 4427 bere,
742 4358 847 4414 sed
886 4361 1166 4417 torrentis
1210 4362 1271 4419 in
1315 4380 1546 4422 morem
1585 4368 1883 4442 quidquid
1934 4373 2164 4432 obviun

2293 4387 2417 4463 ῥουν
2469 4385 2858 4458 κατασύροντας
2901 4380 2980 4447 (9)
3024 4380 3160 4431 εἶπαν
3218 4379 3277 4430 1'6
3325 4375 3753 4450 προστυγχάνον,
3815 4373 3911 4448 ἐμ-

529 4452 618 4504 est
646 4449 971 4519 trahentes,
1003 4450 1068 4506 id
1103 4452 1167 4508 in
1196 4454 1472 4512 animum
1508 4458 1858 4517 recondere.
1889 4465 2166 4530 Quemad

2293 4449 2600 4530 βάλλεσθαι.
2628 4449 2717 4535 Tt;
2759 4473 2862 4547 γὰρ
2900 4476 2992 4522 τοῦ
3022 4468 3224 4541 με’λίτος
3273 4467 3303 4525 ἡ
3348 4449 3504 4538 (ῥύσις
3547 4463 3606 4516 οὐ
3644 4471 3907 4517 τοσοῦτον

525 4538 784 4594 modum
813 4539 974 4595 enim
1006 4541 1198 4598 mellis
1241 4547 1459 4601 natura
1502 4562 1626 4603 non
1669 4553 1906 4608 tantum
1952 4557 2162 4614 rationi

2295 4573 2368 4637 τῷ
2425 4564 2562 4636 λόγῳ
2623 4558 2846 4614 δύναται
2898 4564 3236 4634 παραστῆναι
3285 4561 3393 4615 τοῖς
3445 4551 3721 4628 ἀπείροις,
3774 4554 3906 4607 ὅσον

523 4629 787 4700 perspici
825 4633 1026 4700 potest
1076 4629 1156 4688 ab
1198 4635 1557 4706 inexpertis,
1608 4643 1906 4708 quantum
1937 4659 2010 4701 ex
2050 4647 2160 4719 ips<

2295 4656 2388 4711 ἀπ’
2425 4655 2589 4718 αὐτῆς
2638 4662 2727 4715 τῆς
2767 4652 2902 4704 κατά
2945 4652 3038 4708 τὴν
3093 4655 3274 4720 γεῦσιν
3329 4645 3627 4705 αισθήσεως
3656 4664 3670 4678 ·
3729 4644 3909 4710 οὕτως

523 4721 738 4786 gustus
771 4733 957 4774 sensu
987 4737 1000 4787 ;
1047 4720 1130 4777 ita
1178 4738 1290 4779 nec
1325 4721 1568 4782 bonitas
1596 4728 1855 4786 caelestis
1893 4732 2160 4794 doctrina

2290 4743 2415 4802 οὐδὲ
2443 4747 2473 4804 ἡ
2507 4747 2819 4819 χρηστότης
2865 4745 2958 4792 τοῦ
2999 4736 3242 4809 οὐρανίου
3276 4733 3432 4805 λόγου
3464 4733 3690 4806 ἐναργῶς
3727 4751 3912 4806 παρα.

523 4806 679 4862 tradi
736 4806 1013 4906 docendo
1053 4813 1269 4882 potest,
1313 4813 1433 4869 nisi
1480 4815 1745 4873 veritatis
1792 4819 2160 4892 dogmatibu:

2290 4806 2523 4895 δοθῆναί
2544 4806 2918 4889 διδασκαλίαις
2973 4823 3201 4886 δῆναται
3229 4865 3244 4893 ,
3298 4822 3382 4876 ἐὰν
3419 4826 3491 4895 μὴ
3533 4822 3600 4874 τὰ
3646 4827 3741 4882 τῆς
3773 4819 3913 4881 ἀλη-

522 4899 868 4997 accuratius
898 4899 1240 4971 exploratis,
1269 4903 1573 4975 possimus
1601 4907 1848 4981 propria
1875 4917 2157 4987 experien

2289 4929 2431 4989 θείας
2487 4922 2733 4997 δόγματα
2785 4918 3020 4973 ἐπιπλέον
3081 4913 3508 4989 βασανίσαντες,
3585 4907 3909 4984 δυνηθῶμεν

518 4985 603 5042 tia
620 4987 960 5058 perspicere
995 4991 1235 5049 Domini
1256 4992 1614 5055 bonitatem.
1954 4985 1973 4987 ί

2283 5026 2346 5090 τῇ
2390 5015 2557 5089 οἰκείᾳ
2600 5017 2756 5087 πείρᾳ
2794 5005 3103 5064 καταλαϐεῖν
3138 5008 3234 5065 τὴν
3276 5009 3370 5056 τοῦ
3417 5005 3612 5078 Κυρίου
3653 5005 3909 5079 χρηστό-

2281 5128 2438 5168 τητα.

704 5234 791 5330 ἕξ
817 5233 986 5330 {199'
1108 5240 1494 5330 889515991.
1658 5322 1672 5330 .
1692 5325 1713 5330 -
2220 5315 2224 5328 .
2282 5271 2589 5330 contextu.

704 5307 790 5362 Ex
817 5306 985 5363 hom'
1010 5309 1075 5364 in
1104 5306 1288 5412 martf
1314 5306 1619 5415 έῖῗιίίίίαηῖν
1647 5322 1742 5378 42·
2220 5315 2224 5328 Ι
2282 5306 2665 5428 υυῶῖῒέξίιν.
2709 5336 2914 5396 Melius
2958 5333 3023 5391 in
3070 5330 3356 5390 contextu
3409 5325 3663 5401 ἡγεῖσθαι
3723 5326 3901 5398 ἔχειν.

582 5393 661 5472 ιι(
804 5394 1006 5472 ιδ
1133 5384 1397 5472 Ἧώδ
1431 5389 1533 5445 ἰώ·
1561 5399 1750 5472 Ψὲηίον
1785 5401 1908 5460 ¹84ο
2278 5415 2552 5472 Primum
2577 5411 2836 5469 verbum
2877 5408 3100 5464 deerat.
3790 5468 3801 5472 _

580 5450 658 5521 (4)
692 5448 774 5505 EX
803 5449 1014 5506 homil.
1046 5469 1108 5506 lu
1139 5448 1206 5509 ἰή
1232 5448 1662 5528 Ηϐωαθιηηξλ
1687 5448 1750 5468 ην
1791 5448 1908 5460 ---.

580 5518 653 5559 {Kl
689 5523 766 5559 Πτ
802 5529 1106 5559 nnmmanf
1156 5528 1216 5559 in
1252 5527 1338 5559 Ῑιιη
1409 5533 1510 5559 θ)οῆ

2279 5448 2303 5471 ι
2325 5448 3381 5559 ιξθῖκάιτιάῖύιρόνταςκιξίο
3409 5486 3524 5545 ope
3562 5468 3898 5559 contextu:

576 5518 653 5596 (5)
687 5523 770 5576 Ex
801 5529 1126 5580 comment.
1156 5528 1217 5581 in
1240 5527 1384 5596 Isa.,
1408 5518 1546 5586 382.,
1597 5518 1626 5519 η
1652 5518 1656 5519 ν

575 5594 654 5732 εἰς
682 5592 776 5729 (lg:
807 5597 1098 5722 sQerm’b‘De
1121 5598 1384 5682 legendis
1409 5602 1513 5656 lib.
1544 5614 1727 5678 gent.,
1754 5615 1876 5692 179.
2105 5691 2117 5703 .

796 5683 846 5721 οι
881 5685 980 5723 παι
1023 5685 1092 5732 ες.
1135 5672 1336 5732 Pruna
1387 5674 1602 5732 vocula
1647 5681 1855 5732 malitis
1891 5687 2059 5732 dannt
2100 5706 2160 5732 ιη

2276 5518 2742 5615 οτιξὲᾍᾶζῆἇῶ
2773 5553 2942 5628 quod
2964 5532 3170 5610 eratin
3190 5545 3365 5606 editis
3403 5518 3703 5619 χῖιμάῤῥου
3728 5559 3903 5600 κατα-

2278 5649 2546 5708 συροντος.

599 5661 653 5730 7)
682 5661 766 5729 Ὠς
796 5667 846 5721 οἱ
881 5663 1092 5734 παῖδες.
1135 5661 1336 5734 Prima
1387 5661 1602 5742 vocula
1647 5661 2060 5752 melius-deest
2098 5691 2166 5756 in
