4146 6376
283 363 417 419 1137

352 489 405 543 3.
436 489 538 540 Τοῦ
560 485 662 560 γὰρ
709 481 1070 558 φιλανθρώπου
1120 489 1254 536 Θεοῦ
1307 484 1398 535 καὶ
1444 488 1680 555 Σωτῆρος
1727 481 1871 554 ἡμῶν
1907 481 1955 537 Α

281 575 460 634 Ἰησοῦ
518 582 755 651 Χριστοῦ
802 573 1060 645 λέγοντος·
1101 579 1252 626 Δεῦτε
1297 575 1424 646 πρὸς
1474 574 1558 644 με,
1605 572 1788 632 πάντες
1824 571 1874 622 οἱ

280 673 558 728 κοπιῶντες
609 669 699 716 καὶ
745 667 1165 737 πεφορτισμένοι,
1195 660 1341 734 κάγὼ
1389 661 1674 714 ἀναπαύσω
1703 661 1870 733 ὑμᾶς’

280 755 374 809 οὐκ
425 751 698 808 ἀκίνδυνον
745 751 1072 806 ἀπωθεῖσθαι
1112 755 1234 814 τούς
1279 759 1352 822 τῷ
1402 755 1576 824 Κυρίῳ
1621 747 1696 803 δι’
1728 752 1874 823 ἡμῶν

278 849 614 918 προσιόντας,
657 846 747 896 καὶ
800 842 1032 897 ὑπελθεῖν
1081 841 1242 895 αὐτοῦ
1288 844 1375 894 τόν
1428 841 1670 916 χρηστὸν
1715 840 1876 912 ζυγόν

279 933 648 1007 βουλομένους.
695 935 960 1006 Προσήκει
1008 928 1068 986 δε
1119 935 1206 984 τὸν
1251 930 1571 1004 παρελθόντα
1619 928 1736 1003 βίον
1775 937 1875 982 τῶν

276 1027 596 1099 προσιόντων
627 1023 1064 1096 καταμανθάνειν,
1095 1026 1186 1075 καὶ
1212 1023 1286 1083 οἷς
1309 1025 1400 1095 μεν
1448 1017 1555 1080 ἤδη
1597 1040 1650 1073 τι
1679 1025 1877 1094 κατώρ-

280 1114 462 1180 θωται,
492 1115 560 1166 τὰ
609 1112 897 1186 τελειότερα
942 1120 1044 1165 τῶν
1093 1107 1442 1185 διδαγμάτων
1475 1106 1872 1186 παραδιδόναιο

274 1206 398 1265 τοὺς
429 1199 488 1256 δὲ
517 1201 575 1256 έκ
606 1201 729 1276 βίου
773 1209 1003 1276 πονηροῦ
1043 1205 1174 1276 πρὸς
1227 1205 1314 1254 τὸν
1363 1199 1550 1276 ἀκριϐῆ
1613 1199 1731 1273 βίον
1779 1207 1877 1261 τῆς

278 1293 594 1364 θεογνωσίας
633 1293 932 1364 ὁμὴσαντας
961 1291 1251 1364 ἀνακρίνειν
1280 1294 1414 1366 χρὴ,
1458 1292 1628 1343 ὁποῖοι
1657 1293 1715 1342 τὸ
1747 1290 1874 1350 ἦθός

275 1381 401 1452 εἰσι,
454 1385 524 1453 μὴ
581 1383 826 1452 ἄστατοι,
880 1384 971 1433 καὶ
1025 1383 1152 1455 πρὸς
1198 1381 1290 1440 τὰς
1338 1383 1541 1456 κρίσεις
1587 1379 1868 1438 εὐκίνητοι.

273 1469 532 1524 ’Υποπτον
562 1473 660 1546 γὰρ
711 1478 809 1523 τῶν
852 1471 1099 1523 τοιούτων
1146 1471 1206 1522 τὸ
1233 1468 1567 1541 εὐμετάθετον
1593 1489 1606 1504 ·
1657 1468 1705 1522 οἳ
1743 1472 1871 1545 πρὸς

274 1566 349 1630 τῷ
395 1555 562 1631 μηδὲν
606 1558 816 1620 ἑαυτούς
873 1557 1158 1631 ὠφελῆσαι,
1209 1560 1286 1610 ἔτι
1337 1563 1426 1610 καὶ
1479 1557 1665 1634 ἑτέροις
1711 1561 1871 1612 αἴτιοι

276 1646 477 1722 βλάϐης
500 1651 753 1720 γίνονται.
796 1647 936 1701 Ἐπεὶ
969 1643 1028 1702 δὲ
1063 1647 1236 1700 πάντα
1274 1645 1537 1720 ἐπιμελείᾳ
1581 1649 1872 1722 κατορθοῦ-

273 1756 384 1808 ται,
441 1741 534 1791 καὶ
581 1736 733 1810 φόϐος
773 1743 906 1791 Θεοῦ
960 1739 1216 1789 παντοίων
1265 1735 1637 1810 ἐλαττωμάτων
1684 1736 1872 1810 ψυχῆς

272 1830 614 1902 περιγίνεται,
681 1821 807 1880 οὐδὲ
867 1827 1062 1880 τούτων
1121 1823 1482 1898 ἀπογνωστέον
1526 1825 1696 1897 εὐθὺς,
1745 1824 1876 1899 ἀλλά
1902 1837 1944 1893 Β

273 1917 420 1988 ἄγειν
472 1915 662 1978 αὐτούς
691 1915 759 1977 εἰς
803 1917 871 1968 τὰ
897 1918 1232 1987 προσήκοντα
1257 1915 1526 1988 γυμνάσια
1561 1911 1664 1983 δεῖ,
1695 1919 1874 1991 χρόνῳ

274 2009 362 2058 καὶ
391 2004 654 2068 έπιπόνοις
691 2003 1028 2078 ἀγωνίσμασι
1073 2010 1257 2079 πεῖραν
1303 2012 1400 2066 τῆς
1435 2008 1658 2078 κρίσεως
1704 2005 1874 2058 αὐτῶν

273 2093 626 2168 λαμϐάνοντας
651 2094 730 2166 (1)
751 2109 765 2125 ο
808 2095 878 2157 ὡς
903 2092 987 2146 έάν
1015 2112 1068 2147 τι
1101 2091 1312 2168 βέϐαιον
1352 2094 1478 2169 παρ’
1504 2093 1679 2156 αὐτοῖς
1707 2095 1874 2170 εῦρω-

273 2203 386 2258 μεν,
411 2181 700 2247 ἀκινδύνως
722 2183 912 2245 αὐτοὺς
939 2185 1258 2257 προσίεσθαι
1283 2203 1296 2218 ο
1329 2183 1375 2236 εἰ
1401 2179 1460 2237 δε
1480 2187 1578 2257 μὴ,
1600 2183 1695 2247 ἔξω
1722 2187 1874 2248 ὄντας

275 2271 677 2346 ἀποπέμπεσθαι
697 2294 709 2308 ο
735 2274 866 2335 ᾤστε
890 2272 1191 2346 ἀζημίωτον
1221 2276 1315 2331 τὴν
1340 2279 1522 2348 πεῖραν
1550 2281 1612 2346 τῇ
1649 2269 1872 2346 ἀδελφό-

271 2380 395 2421 τητι
418 2364 677 2435 γίνεσθαι.
707 2365 805 2417 Τὸν
849 2357 909 2416 δι
961 2360 1062 2414 ἀπό
1108 2381 1248 2423 τινος
1281 2365 1713 2438 περιφανεστέρου
1747 2361 1870 2436 βίου

271 2455 398 2528 πρός
425 2455 520 2511 τὴν
559 2453 679 2505 καθ’
708 2453 958 2525 ὁμοίωσιν
996 2457 1089 2506 τοῦ
1143 2455 1340 2525 Κυρίου
1394 2455 1871 2526 ταπεινοφροσύνην

273 2540 598 2614 έπειγόμενον
629 2541 733 2609 (2)⁹
783 2542 978 2613 ὁρίζειν
1033 2546 1143 2616 χρὴ
1193 2561 1310 2593 τινα
1353 2548 1451 2594 τῶν
1499 2538 1870 2594 έπονειδίστων

271 2627 402 2685 εἶναι
433 2627 721 2684 δοκούντων
774 2631 918 2704 παρὰ
953 2635 1062 2691 τοῖς
1117 2628 1320 2696 ἔξωθεν,
1374 2634 1466 2682 καὶ
1521 2631 1784 2704 ἐπιτηρεῖν
1827 2630 1872 2683 εἰ

269 2721 402 2793 μετά
447 2720 622 2780 πάσης
676 2717 1033 2792 πληροφορίας
1079 2716 1298 2791 ἐργάτην
1348 2715 1766 2788 ἀνεπαίσχυντον
1795 2726 1868 2790 τῷ

270 2815 385 2879 Θεῷ
433 2806 614 2860 ἑαυτὸν
665 2810 1013 2881 παρίστησιν.
1060 2805 1219 2860 Ὀσοι
1269 2802 1328 2860 δε
1378 2807 1479 2860 ὐπὸ
1520 2807 1682 2879 ζυγὸν
1729 2811 1869 2871 ὄντες

267 2895 467 2965 δοῦλοι,
500 2903 612 2958 ταῖς
651 2892 974 2969 ἀδελφότησι
1023 2898 1436 2971 προσφεύγουσι,
1469 2899 1867 2959 νουθετηθέντας

265 2987 472 3054 αὐτούς,
504 2990 594 3039 καὶ
624 2985 994 3060 βελτιωθέντας
1041 2987 1115 3059 (3)
1150 2984 1553 3059 ἀποπέμπεσθαι
1593 2990 1704 3060 χρὴ
1754 2993 1866 3050 τοῖς

263 3071 568 3145 δεσπόταις,
613 3075 732 3128 καθ’
763 3076 1016 3149 ὁμοίωσιν
1064 3082 1156 3128 τοῦ
1206 3079 1470 3150 μακαρίου
1512 3074 1756 3128 Παύλου·
1808 3076 1864 3138 ὃς

257 3168 346 3219 τὸν
394 3166 679 3238 Ὀνήσιμον
735 3170 988 3238 γεννήσας
1037 3161 1132 3218 διὰ
1185 3172 1278 3218 τοῦ
1339 3164 1680 3237 Εὐαγγελίου,
1733 3164 1860 3220 ἀπέ-
1889 3195 1930 3251 C

258 3253 431 3329 πεμψε
457 3263 530 3326 τῷ
556 3254 829 3328 Φιλήμονι,
860 3258 948 3307 τὸν
969 3257 1062 3328 μέν
1080 3253 1508 3329 πληροφορήσας,
1531 3255 1612 3308 ὃτι
1642 3255 1667 3307 ὁ
1702 3258 1860 3328 ζυγὸς

256 3353 348 3406 τῆς
409 3340 644 3405 δουλείας
704 3343 994 3418 εὐαρέστως
1050 3351 1124 3415 τῷ
1187 3349 1364 3418 Κυρίῳ
1428 3346 1857 3418 κατορθούμενος,

259 3432 533 3508 βασιλείας
562 3433 792 3507 οὐρανῶν
840 3432 985 3496 ἄξιον
1027 3437 1350 3491 συνίστησι·
1381 3435 1470 3485 τὸν
1510 3429 1570 3486 δὲ
1612 3453 1860 3508 παρακα-

255 3523 429 3587 λέσας,
455 3527 525 3596 μὴ
558 3525 712 3596 μόνον
744 3520 938 3575 ἀνιέναι
974 3526 1068 3581 τὴν
1107 3521 1223 3574 κατ’
1254 3521 1416 3574 αὐτοῦ
1469 3522 1706 3586 ἀπειλὴν,
1734 3521 1862 3577 ἀλλὰ

256 3617 349 3666 καὶ
379 3615 747 3688 χρηστοτέραν
799 3613 941 3684 ἔχειν
981 3614 1112 3688 πρὸς
1152 3611 1308 3664 αὐτὸν
1353 3615 1447 3671 τὴν
1488 3607 1746 3669 διάθεσιν.
1798 3612 1862 3666 Εἰ

258 3706 434 3777 μέντοι
461 3705 624 3764 κακὸς
667 3702 694 3754 ὁ
744 3697 1006 3762 δεσπότης
1047 3703 1228 3774 τύχοι,
1261 3703 1540 3775 παράνομά
1586 3721 1704 3754 τινα
1740 3700 1860 3755 ἐπι-

257 3792 493 3861 τάσσων,
519 3793 759 3865 καὶπρὸς
788 3790 1091 3865 παράϐασιν
1137 3789 1344 3853 ἐντολῆς
1369 3791 1443 3861 (4)
1488 3798 1580 3844 τοῦ
1611 3789 1859 3849 ἀληθινοῦ

259 3877 521 3934 δεσπότου
551 3883 641 3933 καὶ
665 3883 851 3955 κυρίου
894 3881 1040 3953 ἡμῶν
1061 3882 1240 3938 Ἰησοῦ
1271 3887 1507 3955 Χριστοῦ
1544 3882 1630 3933 τὸν
1671 3877 1858 3934 δοῦλον

257 3969 592 4045 βιαζόμενος,
627 3968 980 4042 ἀγωνίζεσθαι
1005 3974 1139 4044 χρὴ,
1173 3971 1313 4033 ὅπως
1358 3974 1430 4043 μὴ
1480 3973 1540 4023 τό
1575 3973 1736 4042 ὄνομα
1765 3977 1857 4023 τοῦ

256 4065 383 4115 Θεοῦ
417 4058 777 4134 βλασφημηθῇ
819 4056 914 4112 διὰ
963 4062 1050 4111 τόν
1099 4055 1284 4112 δοῦλον
1323 4058 1530 4128 ἐκεῖνον,
1559 4062 1857 4118 ποιήσαντά

254 4169 327 4216 τι,
361 4149 387 4202 ὃ
417 4153 488 4223 μὴ
537 4148 730 4225 ἀρέσκῃ
779 4155 914 4220 Θεῷ.
958 4151 1321 4224 Κατορθοῦται
1353 4145 1412 4202 δὲ
1451 4147 1610 4221 ἀγὼν,
1645 4149 1675 4209 ἡ
1709 4147 1758 4202 έν
1784 4157 1856 4218 τῷ

253 4241 339 4293 τὸν
387 4235 570 4292 δοῦλον
601 4237 789 4292 ἐκεῖνον
817 4239 1238 4313 καταρτισθῆναι
1282 4241 1414 4314 πρὸς
1460 4240 1724 4312 ὑπομονὴν
1754 4247 1854 4290 τῶν

255 4326 628 4404 ἐπιφερομένων
659 4328 798 4400 αὐτῷ
837 4329 1182 4401 μαθημάτων,
1209 4329 1336 4404 ὑπὲρ
1367 4335 1459 4381 τοῦ
1487 4329 1856 4403 πειθαρχῆσαι

258 4424 374 4484 Θεῷ
412 4417 602 4488 μᾶλλον
627 4417 658 4474 ἦ
702 4417 956 4490 ἀνθρώπῳ
979 4435 992 4448 ·
1027 4418 1058 4476 ἡ
1107 4416 1156 4470 έν
1181 4425 1254 4488 τῷ
1284 4420 1408 4480 τοὺς
1432 4413 1858 4490 ὑποδεχομένους

259 4501 616 4567 ἀναδέξασθαι
652 4508 771 4566 τοὺς
807 4507 936 4579 ὑπὲρ
969 4505 1131 4559 αύτοῦ
1161 4504 1508 4579 ἕπαγομένους
1539 4507 1714 4568 αὐτοῖς
1738 4526 1856 4560 πει-ι
1890 4547 1935 4603 D

257 4595 516 4670 ρασμούς.
574 4597 707 4656 Τοὺς
753 4592 802 4646 έν
862 4598 1094 4667 συζυγίᾳ
1152 4591 1212 4648 δι
1267 4598 1440 4668 γάμου
1483 4598 1702 4668 τοιούτῳ
1753 4595 1858 4669 βίῳ

259 4687 717 4758 προσερχομένους
765 4681 1132 4759 ἀνακρίνεσθαι
1182 4689 1317 4760 χρὴ,
1353 4685 1396 4738 εἰ
1444 4683 1500 4738 ἐκ
1555 4689 1860 4758 συμφωνίας

258 4782 412 4828 τοῦτο
461 4781 695 4838 ποιοῦσι,
738 4777 874 4828 κατὰ
920 4779 1014 4833 τὴν
1056 4771 1318 4847 διαταγὴν
1373 4782 1468 4828 τοῦ
1513 4774 1855 4844 Ἀποστόλου,

259 4868 348 4920 καὶ
379 4863 542 4927 οὕτως
588 4862 672 4918 ἐπὶ
705 4864 948 4918 πλειόνων
992 4867 1267 4941 μαρτύρων
1308 4862 1567 4938 δέχεσθαι
1605 4868 1694 4919 τόν
1723 4885 1857 4941 προ-

911 5061 960 5098 ²⁶
990 5058 1238 5118 Philem.
1270 5063 1361 5118 t2.

328 5063 376 5099 ³⁵
409 5059 605 5120 Matth.
639 5075 712 5129 χι,
744 5063 836 5117 28.
911 5061 960 5098 ³⁸
990 5059 1238 5118 Philem.
1270 5063 1361 5118 l2.
1445 5062 1491 5098 ³⁷
1522 5065 1645 5120 Act.
1677 5078 1735 5130 ν,
1765 5065 1858 5120 29.

328 5259 406 5329 (t)
471 5257 864 5334 Λαμςάνοντας.
936 5258 1193 5332 Uterque
1257 5255 1448 5316 codex
1513 5257 1859 5333 λαμϐάνοντες

261 5329 628 5406 [perperam]
643 5373 656 5386 .

331 5401 416 5476 (2f
433 5401 978 5476 Τόν...“ἐπειγὸμενον.
1013 5401 1348 5475 Syntaxeos
1377 5401 1530 5460 ratio
1569 5401 1858 5476 postulat,

261 5473 688 5548 τῷνμέπειγομένῳ.
724 5473 875 5548 Eutr.

441 5544 780 5620 Λ-ὐτγούς’,-καὶ
813 5545 1201 5620 βᾼελτιωθέντας.
1225 5548 1360 5604 Haec
1393 5545 1602 5605 addita
1626 5562 1699 5604 cx
1719 5562 1862 5604 con-

267 5619 432 5688 textu
460 5620 517 5672 et
541 5617 721 5688 Regio
750 5617 977 5676 codice.

341 5686 418 5759 (4)
453 5686 709 5751 Ἐντολῆς.
743 5689 892 5749 Editi
921 5689 1158 5751 addunt
1187 5695 1321 5746 Θεοῦ
1346 5692 1403 5750 et
1422 5689 1606 5764 paulo
1633 5691 1773 5764 post
1789 5693 1862 5763 μὴ

1155 355 1384 415 SERMO
1420 355 1487 412 ll.
1534 383 1602 396 —-
1641 352 1732 410 DE
1774 352 2123 411 DOCTRINA
2161 352 2246 411 ΕΤ
2278 354 2779 412 ADMONITIONE.

3512 359 3649 416 H38

2058 483 2111 536 3.
2145 479 2221 552 (5)
2253 481 2400 537 Cum
2423 479 2580 536 enim
2608 481 2912 552 benignus
2959 483 3115 538 Deus
3148 486 3206 540 et
3237 481 3510 539 Salvator
3533 498 3648 541 no-

1984 572 2104 626 ster
2163 571 2332 626 Jesus
2391 570 2654 628 Christus
2709 571 2872 628 dicat
2915 588 2929 627 :
2972 573 3175 630 Venite
3199 573 3281 630 ad
3305 588 3418 641 me,
3449 588 3648 630 omnes

1985 660 2090 731 qui
2109 661 2416 727 laboratis,
2442 666 2495 716 et
2517 663 2755 718 onerati
2774 663 2930 733 estis,
2955 669 3010 720 et
3036 679 3141 734 ego
3167 664 3434 732 reﬁciam
3453 679 3552 719 vos
3564 665 3642 730 ’5;

1983 749 2390 822 periculosum
2411 753 2500 806 est
2522 749 2807 824 repellere
2825 768 2929 808 eos
2956 752 3062 825 qui
3086 768 3195 825 per
3215 769 3329 808 nos
3348 752 3650 809 accedunt

1985 837 2064 895 ad
2094 838 2435 910 Dominum,
2470 840 2721 913 ejusque
2735 840 2955 912 jugum
2980 858 3166 897 suave
3188 841 3391 898 subire
3411 840 3643 898 volunt.

1986 927 2062 998 (6)
2086 928 2383 984 Prteterita
2392 943 2537 984 vero
2553 929 2972 985 accedentium
2988 930 3111 987 vita
3122 935 3210 986 est
3223 929 3645 1003 expendenda,

1986 1020 2045 1073 et
2071 1015 2142 1072 iis
2169 1015 2276 1088 qui
2315 1015 2544 1088 aliquid
2596 1022 2752 1074 recte
2777 1019 2908 1089 jam
2938 1019 3248 1088 gesserint,
3279 1019 3648 1077 documenta

1985 1105 2341 1179 perfectiora
2372 1105 2668 1164 tradenda
2694 1113 2834 1164 sunt
2882 1126 2894 1164 :
2937 1108 3045 1181 qui
3088 1113 3291 1166 autem
3343 1125 3417 1166 ex
3453 1123 3648 1182 prava

1984 1194 2109 1252 vita
2138 1195 2219 1251 ad
2242 1195 2569 1267 perfectam
2597 1197 2781 1253 vitam
2828 1197 2891 1254 in
2935 1197 3038 1254 Dei
3084 1197 3425 1269 cognitione
3466 1197 3645 1256 sitam

1982 1287 2313 1356 transeunt,
2347 1284 2459 1342 hos
2492 1287 2861 1356 perscrutari
2889 1303 3001 1359 par
3036 1293 3144 1356 est,
3171 1287 3456 1344 nimirum
3485 1303 3644 1360 qua-

1979 1371 2140 1429 libus
2166 1372 2405 1446 praediti
2434 1373 2550 1430 sint
2592 1375 2886 1446 moribus,
2920 1391 3070 1432 num
3116 1375 3448 1446 instabiles,
3477 1381 3536 1434 et
3579 1377 3643 1434 in

1981 1461 2244 1520 consiliis
2268 1463 2393 1518 suis
2420 1462 2593 1520 facile
2621 1464 2896 1521 mobiles.
2927 1467 3216 1539 Suspecta
3244 1466 3408 1523 enim
3426 1465 3642 1523 talium

1977 1551 2422 1610 inconstantia:
2458 1552 2564 1626 qui
2593 1553 2842 1626 quidem
2870 1561 3277 1628 praeterquam
3311 1556 3479 1628 quod
3523 1547 3644 1628 ipsi

1979 1641 2129 1699 nihil
2155 1642 2422 1700 utilitatis
2451 1643 2719 1716 capiunt,
2759 1649 3052 1718 praeterea
3095 1651 3234 1702 sunt
3257 1645 3438 1703 etiam
3462 1651 3642 1702 caste-

1979 1730 2062 1789 ris
2095 1731 2438 1789 detrimenti
2469 1739 2770 1790 auctores.
2815 1735 2928 1792 Sed
2971 1735 3119 1804 quia
3159 1735 3308 1792 nihil
3359 1739 3448 1792 est
3474 1735 3644 1809 quod

1980 1835 2106 1879 non
2135 1821 2342 1878 labore
2395 1825 2453 1879 et
2499 1823 2810 1893 diligentia
2835 1825 3201 1898 perﬁciatur,
3231 1841 3303 1882 ac
3332 1827 3512 1882 timor
3539 1826 3642 1882 Dei

1981 1909 2215 1983 quaevis
2244 1911 2464 1968 anima
2503 1913 2649 1970 vitia
2677 1917 2922 1986 superat
2953 1932 2968 1971 :
2999 1931 3076 1972 ne
3116 1915 3213 1972 isti
3240 1915 3490 1988 quidem
3516 1919 3640 1973 sta-

1981 1998 2090 2056 tim
2119 1998 2508 2073 desperandi,
2543 2001 2653 2057 sed
2681 2001 2944 2060 ducendi
2974 2003 3055 2061 ad
3079 2003 3331 2061 idoneas
3351 2004 3638 2061 exercita-

1981 2087 2194 2158 tiones,
2222 2091 2279 2146 et
2324 2094 2595 2164 tempore
2627 2105 2698 2148 ac
2738 2091 3063 2150 laboriosis
3098 2093 3530 2152 certaminibus
3557 2093 3642 2152 fac

1981 2176 2197 2235 cienda
2241 2193 2450 2236 eorum
2498 2181 2792 2253 propositi
2837 2183 3138 2255 probatio,
3163 2183 3248 2241 ita
3285 2187 3352 2240 ut
3398 2183 3450 2240 si
3491 2182 3642 2256 quid

1979 2265 2138 2323 ﬁrmi
2162 2267 2226 2324 in
2254 2268 2402 2341 ipsis
2427 2269 2858 2340 invenerimus,
2873 2275 3000 2328 tuto
3017 2271 3446 2341 admittamus;
3467 2287 3643 2332 secus

1977 2370 2119 2413 vero
2149 2356 2298 2413 dum
2324 2357 2525 2414 adhuc
2570 2363 2739 2416 extra
2782 2365 2942 2424 sunt,
2975 2361 3376 2433 dimittamus,
3405 2376 3517 2418 nec
3543 2377 3644 2419 co-

1977 2459 2116 2501 rum
2167 2445 2446 2518 probatio
2499 2445 2679 2520 479
2723 2448 2935 2505 damni
2983 2449 3322 2523 quidquam
3352 2449 3640 2507 fratribus

1979 2532 2214 2592 afferat.
2252 2535 2328 2606 (7)
2375 2535 2437 2591 Ei
2465 2542 2667 2593 autem
2715 2538 2822 2611 qui
2878 2539 2957 2595 ab
3004 2538 3326 2596 illustriore
3368 2539 3642 2612 quodam

1976 2623 2116 2679 vitae
2147 2639 2365 2694 genere
2391 2626 2731 2683 secundum
2773 2628 3013 2685 Domini
3049 2629 3400 2701 exemplum
3429 2630 3502 2686 ad
3530 2629 3644 2686 hu-

1975 2711 2290 2770 militatem
2347 2713 2611 2783 festinat,
2649 2715 2878 2788 aliqua,
2907 2733 3044 2789 quae
3093 2717 3394 2790 probrosa
3431 2717 3642 2776 admo-

1975 2798 2126 2856 dum
2155 2801 2321 2874 apud
2352 2807 2630 2860 externos
2661 2819 2795 2861 esse
2823 2805 3164 2876 videantur,
3190 2807 3642 2878 praescribenda

1975 2894 2144 2960 sunt;
2187 2891 2784 2966 observandumque,
2817 2910 2968 2952 num
2999 2912 3138 2952 cum
3177 2895 3346 2953 omni
3370 2897 3640 2970 aequani-

1972 2981 2184 3038 mitate
2215 2983 2482 3056 seipsum
2513 2999 2624 3041 ceu
2653 2987 3001 3057 operarium
3034 2987 3290 3058 pudoris
3328 2992 3639 3060 expertem

1972 3073 2096 3127 Deo
2125 3072 2425 3130 exhibeat.
2451 3077 2526 3147 (8)
2551 3077 2733 3132 Porro
2763 3076 3114 3150 quicunque
3143 3077 3298 3134 servi
3330 3076 3446 3134 sub
3481 3078 3636 3150 jugo

1971 3159 2221 3230 detenti,
2251 3161 2332 3217 ad
2357 3161 2612 3219 fratrum
2633 3168 3001 3222 conventum
3023 3165 3401 3236 confugiunt,
3419 3165 3635 3224 admoo

1969 3248 2077 3305 niti
2101 3254 2158 3306 et
2176 3249 2457 3307 meliores
2477 3250 2692 3323 effecti,
2717 3253 2798 3310 ad
2822 3254 3104 3310 dominos
3127 3271 3270 3311 suos
3285 3255 3635 3312 remittendi

1970 3340 2132 3406 sunt,
2161 3337 2239 3394 ad
2271 3339 2618 3412 exemplum
2643 3341 2804 3399 beati
2824 3341 3012 3412 Pauli,
3035 3343 3307 3416 quicum
3329 3343 3634 3415 genuisset

1970 3427 2324 3485 Onesimum
2355 3445 2464 3502 per
2491 3431 2905 3502 Evangelium,
2938 3447 3078 3490 eum
3101 3433 3182 3490 ad
3217 3433 3632 3492 Philemonem

1966 3517 2281 3589 remisit“,
2310 3517 2480 3575 alteri
2505 3519 2754 3592 quidem
2780 3521 3180 3593 persuadens,
3212 3523 3514 3580 servitutis
3540 3523 3634 3594 ju-

1968 3622 2138 3679 gum,
2165 3608 2215 3664 si
2258 3607 2360 3679 ita,
2393 3614 2458 3665 ut
2485 3610 2739 3667 Domino
2789 3611 3006 3684 placet,
3063 3611 3309 3678 feratur,
3338 3613 3631 3671 ccelorum

1965 3712 2156 3769 regno
2181 3697 2402 3768 dignos
2427 3698 2712 3769 reddere;
2745 3699 3002 3757 alterum
3020 3717 3163 3758 vero
3193 3701 3540 3770 exhortans,
3565 3705 3631 3758 ut

1964 3801 2092 3842 non
2117 3785 2318 3842 solum
2365 3786 2566 3842 minas
2596 3803 2769 3844 servo
2807 3789 3130 3846 intentatas
3173 3789 3516 3854 remitteret,
3549 3791 3628 3860 (9)

1967 3874 2077 3930 sed
2096 3875 2302 3932 animo
2324 3875 2506 3931 etiam
2537 3877 2803 3948 aequiore
2833 3892 2976 3946 erga
3019 3877 3223 3950 ipsum
3261 3877 3625 3936 afﬁceretur.

1968 3962 2082 4020 Sed
2111 3968 2314 4021 tamen
2370 3965 2420 4021 si
2467 3964 2753 4022 dominus
2796 3966 3113 4039 improbus
3163 3970 3259 4038 sit,
3291 3968 3396 4042 qui
3424 3968 3630 4042 aliqua

1965 4057 2176 4110 contra
2198 4053 2394 4124 legem
2416 4054 2788 4126 praescribat,
2819 4055 3065 4129 vimque
3095 4072 3270 4114 servo
3307 4057 3524 4114 inferat
3546 4057 3628 4114 ad

1963 4143 2260 4200 mandata
2286 4143 2408 4200 veri
2439 4143 2567 4200 heri
2620 4149 2678 4202 et
2723 4143 2957 4202 domini
3012 4147 3201 4203 nostri
3244 4148 3385 4204 Iesu
3414 4146 3628 4204 Christi

1963 4230 2268 4299 violanda,
2329 4236 2582 4290 conatus
2633 4233 2813 4290 nobis
2867 4234 3254 4292 adhibendus
3307 4240 3415 4303 est,
3445 4240 3510 4291 ut
3547 4251 3624 4292 ne

1963 4336 2189 4378 nomen
2209 4321 2311 4378 Dei
2343 4321 2798 4395 blasphemetur
2826 4328 3074 4397 propter
3103 4340 3345 4381 servum
3365 4323 3554 4394 illum,
3577 4320 3625 4379 si

1964 4411 2115 4484 quid
2145 4412 2369 4482 fecerit,
2399 4413 2567 4484 quod
2599 4413 2722 4470 Deo
2769 4413 3105 4487 displiceat.
3137 4415 3256 4472 Erit
3291 4421 3495 4470 autem
3525 4428 3623 4469 co-

1965 4506 2144 4558 natus
2168 4500 2517 4572 laudabilis,
2545 4501 2594 4558 si
2619 4502 2712 4558 vel
2737 4519 2980 4560 servum
3004 4502 3173 4560 illum
3192 4503 3626 4560 conﬁrmamus

1967 4591 2048 4648 ad
2075 4591 2387 4664 implenda
2407 4597 2755 4649 constanter
2768 4597 3096 4666 praecepta,
3125 4609 3264 4666 quae
3292 4592 3406 4666 ipsi
3429 4592 3626 4664 impo-

1967 4681 2082 4738 sita
2107 4686 2264 4752 sunt,
2290 4686 2356 4738 ut
2411 4684 2530 4739 Deo
2573 4683 2770 4753 magis
2799 4682 3044 4739 obediat
3071 4699 3258 4755 quam
3286 4681 3518 4739 homini
3538 4682 3582 4716 ³⁷
3607 4697 3622 4746 ;

1966 4769 2060 4827 vel
2087 4770 2156 4838 si,
2179 4771 2286 4844 qui
2311 4787 2452 4827 eum
2481 4771 2800 4844 recipiunt,
2828 4771 3028 4828 illatas
3073 4771 3188 4828 sibi
3217 4772 3408 4846 ipsius
3439 4785 3624 4828 causa

1968 4860 2324 4920 tentationes
2352 4876 2475 4920 non
2505 4865 2802 4920 recusent.
2835 4859 2947 4922 (10)
2982 4862 3020 4919 li
3069 4877 3213 4921 vero
3263 4861 3370 4937 qui
3422 4859 3625 4921 matri.

1967 5256 2264 5316 ποιήσαντά
2291 5275 2364 5311 τι.
2394 5254 2597 5314 Melius
2628 5255 2690 5313 in
2721 5257 3023 5314 contextu.

2039 5330 2113 5392 (ὃ)
2153 5331 2233 5384 Ex
2259 5330 2494 5400 Regalis
2513 5329 2710 5399 fusius
2741 5331 3040 5400 tractatis,
3075 5330 3196 5385 152.

2042 5402 2120 5474 (6)
2161 5401 2332 5474 Ibid.,
2362 5405 2448 5456 30.

2067 5473 2120 5544 τ)
2157 5471 2331 5543 Ibid.,
2363 5476 2486 5530 353.

2067 5483 2120 5544 7)
2159 5483 2304 5528 una.

2043 5483 2124 5615 is)
2154 5545 2307 5600 Ibid.

2046 5619 2122 5688 (9)
2160 5615 2309 5688 Ibid:

2047 5686 2158 5757 (10)
2188 5686 2367 5758 Ibid.,
2400 5689 2526 5746 354.
