4146 6368
521 343 656 396 “39

1507 345 1871 402 APPENDIX.
1901 374 1972 386 -
2001 344 2346 402 svnsoms
2384 331 2906 400 METAPHRASTE

3677 407 3684 410 .
3739 351 3896 407 1140

515 465 726 521 monio
763 467 1096 538 conjuncti,
1123 467 1199 524 ad
1232 468 1580 540 hujusmodi
1608 469 1741 526 vitae
1785 483 1976 540 genus
2004 485 2172 526 acce-

2305 471 2623 542 ιερχόμενον.
2678 467 2739 521 Εἰ
2792 464 2852 520 dt
2909 469 3192 530 στασιάζοι
3256 471 3315 522 τὸ
3361 469 3526 544 ἕτερον
3592 476 3744 548 μέρος
3798 479 3898 528 καὶ

519 551 691 622 dunt,
744 554 1156 626 interrogandi
1202 563 1361 624 sunt,
1413 574 1490 614 an
1532 563 1742 615 mutuo
1772 575 2073 615 consensu
2110 559 2175 616 id

520 643 784 701 efﬁciant
811 661 885 702 ex
913 647 1178 719 Apostoli
1203 652 1524 720 praecepto,
1550 649 1761 721 sicque
1789 650 1894 722 qui
1923 649 2173 716 accedit,

521 747 728 790 coram
758 735 1031 806 pluribus
1061 735 1312 793 testibus
1338 737 1718 809 recipiendus
1760 745 1870 795 est.
1923 737 2098 805 Quod
2127 739 2178 794 si

523 821 838 880 dissentiat
883 824 1069 882 altera
1107 841 1272 898 pars,
1313 832 1750 900 repugnetque,
1780 828 1947 900 quod
1979 828 2179 883 minus

525 911 777 970 sollicita
801 913 895 981 sit,
927 915 1240 987 quomodo
1271 914 1505 988 placeat
1533 919 1670 988 Deo,
1701 918 1760 972 in
1789 922 2053 973 mentem
2083 932 2182 971 ve.

525 1001 652 1058 niat
677 1003 968 1074 Apostoli,
999 1004 1106 1077 qui
1126 1004 1270 1060 dicit
1297 1021 1310 1060 :
1337 1006 1406 1061 In
1429 1020 1581 1075 pace
1598 1013 1794 1064 autem
1819 1009 2054 1064 vocavit
2073 1021 2181 1062 nos

527 1092 684 1148 Deus
704 1094 774 1147 ³⁸.
803 1094 875 1160 (t)
907 1095 1055 1150 Eum
1104 1094 1284 1163 igitur
1311 1095 1416 1168 qui
1447 1095 1663 1152 relictis
1701 1097 1824 1152 suis
1855 1096 2179 1152 Dominum

529 1180 701 1252 sequi
728 1181 1001 1253 instituit,
1028 1182 1104 1239 de
1132 1183 1222 1246 iis,
1251 1200 1388 1257 quas
1420 1189 1694 1257 spectant
1725 1185 1802 1241 ad
1844 1201 1990 1258 opes
2017 1201 2182 1249 suas,

528 1283 653 1324 non
690 1274 926 1342 oportet
955 1286 1085 1327 esse
1115 1272 1551 1344 negligentem;
1593 1275 1695 1330 sed
1750 1274 1899 1330 illud
1949 1289 2182 1341 curare,

530 1358 595 1410 ut
623 1357 828 1414 omnia
852 1364 1130 1417 accurate
1157 1361 1466 1433 colligens,
1487 1364 1615 1434 jam
1648 1369 1942 1436 tanquam
1985 1363 2184 1419 Domi-

531 1457 612 1500 no
637 1451 988 1506 consecrata
1025 1465 1166 1506 cum
1225 1451 1393 1507 omni
1441 1452 1659 1524 pietate
1715 1452 2051 1519 distribuat,
2085 1456 2190 1508 aut

533 1546 642 1604 per
670 1536 959 1609 seipsum,
995 1537 1046 1593 si
1089 1543 1302 1610 potest,
1335 1540 1510 1613 eique
1556 1540 1692 1598 licet
1738 1556 1846 1612 per
1882 1543 2189 1613 experien-

534 1619 700 1694 tiam,
734 1628 839 1682 aut
882 1641 990 1698 per
1043 1627 1215 1694 alios,
1245 1627 1352 1700 qui
1398 1629 1588 1686 multo
1618 1647 1758 1685 cum
1787 1631 2064 1686 examine
2090 1630 2190 1684 de-

535 1708 670 1767 lecti
685 1711 832 1781 sint,
861 1715 1086 1787 quippe
1117 1715 1290 1772 editis
1349 1718 1776 1789 speciminibus
1823 1717 2192 1774 ostenderint

537 1815 603 1856 se
651 1815 754 1858 eas
802 1802 1054 1859 ﬁdeliter
1105 1805 1554 1880 prudenterque
1592 1806 1948 1864 distribuere
1986 1822 2189 1880 posse,

537 1905 679 1946 cum
717 1891 870 1948 scire
921 1893 1142 1950 debeat
1185 1894 1354 1968 ipsas
1409 1911 1533 1952 non
1587 1895 1713 1954 sine
1770 1897 2036 1970 periculo
2087 1901 2195 1952 aut

539 1979 902 2054 propinquis
923 1981 1201 2056 relinqui,
1233 1988 1338 2040 aut
1361 1999 1398 2041 a
1443 1987 1658 2058 quovis
1679 1987 1860 2044 obvio
1889 1985 2189 2043 distribui.

538 2069 770 2127 Etenim
799 2071 848 2127 si
896 2071 967 2143 is,
1028 2072 1126 2129 cui
1183 2089 1330 2130 cura
1371 2076 1675 2146 regiarum
1731 2078 2192 2146 possessionum

537 2159 890 2229 commissa,
923 2160 1160 2218 etiamsi
1191 2179 1354 2236 saepe
1406 2165 1554 2221 nihil
1605 2165 1994 2222 intervenerit
2023 2181 2096 2220 ex
2124 2163 2195 2220 iis

534 2262 674 2318 quis
712 2248 775 2305 in
813 2249 1098 2306 manibus
1134 2251 1424 2322 habebat,
1455 2253 1561 2309 sed
1596 2255 1963 2325 negligentia
1991 2254 2198 2327 aliqua

2285 553 2632 630 διαμάχοιτο,
2664 555 2873 609 τλαττον
2899 557 3171 632 φροντίζον
3199 565 3292 618 τῆς
3318 562 3448 633 πρὸς
3488 562 3618 612 Θεὸν
3666 561 3893 636 εὐαρεσ-

2285 651 2503 712 τήσεως,
2561 647 2960 718 μνημονευέσθω
3015 647 3042 698 ό
3088 646 3397 708 Ἀπόστολος
3442 647 3634 719 λέγων*
3683 650 3766 704 Ἐν
3831 649 3895 704 δέ

2286 734 2462 808 εἰρήνη
2497 734 2741 792 κέκληκεν
2771 736 2906 806 ἡμᾶς
2954 735 2981 786 ὁ
3011 739 3163 796 Θεὸς.
3201 738 3300 789 Τόν
3354 740 3524 788 τοίνυν
3555 736 3893 811 ἐξερχόμενον

2288 822 2390 877 ἀπὸ
2429 832 2527 875 τῶν
2561 820 2732 890 ἰδίων,
2775 831 2955 894 σκοπῷ
2979 832 3073 876 τοῦ
3105 823 3461 883 ἀκολουθῆσαι
3496 834 3568 896 τῷ
3600 833 3798 902 Κυρίῳ,
3831 830 3892 882 οὐ

2287 917 2398 985 χρὴ
2423 921 2881 987 καταφρονητικῶς
2908 917 3027 988 περὶ
3070 921 3169 965 τῶν
3201 910 3549 988 διαφερόντων
3586 915 3730 987 αὐτῷ
3777 915 3894 970 διαο

2290 1004 2518 1054 κεῖσθαιο
2550 1001 2678 1053 ἀλλὰ
2702 1002 2988 1073 πειρᾶσθαι
3016 1003 3188 1054 πάντα
3207 1005 3338 1074 μετὰ
3359 1002 3627 1076 ἀκριϐείας
3647 1004 3895 1076 λαϐόντα,

2291 1094 2361 1153 ὡς
2389 1099 2462 1162 τῷ
2514 1096 2688 1166 Κυρίῳ
2737 1090 2916 1143 λοιπόν
2971 1090 3315 1164 ἁφιερωμένα,
3354 1095 3485 1164 μετά
3523 1097 3704 1156 πάσης
3748 1096 3899 1148 εὐλα-

2293 1181 2433 1244 ϐείας
2505 1181 2810 1252 οἰκονομεῖν,
2869 1183 2899 1238 ἡ
2969 1177 3044 1232 δι’
3089 1181 3294 1249 ἑαυτοῦ,
3365 1181 3450 1234 ἐὰν
3512 1178 3750 1246 δυνατῶς
3806 1191 3899 1238 καὶ

2293 1270 2548 1343 ἐμπείρως
2600 1273 2724 1342 ἔχῃ,
2765 1270 2794 1328 ἡ
2856 1265 2952 1322 διὰ
3007 1277 3108 1321 τῶν
3153 1273 3284 1342 μετὰ
3340 1267 3663 1343 δοκιμασίας
3704 1273 3900 1335 πολλῆς

2295 1359 2644 1430 ἐπιλεγέντων,
2698 1363 2787 1410 καὶ
2837 1355 3106 1421 ἀπόδειξιν
3146 1354 3456 1412 δεδωκότων
3508 1369 3602 1412 τοῦ
3635 1358 3897 1416 δύνασθαι

2296 1456 2498 1510 πιστῶς
2562 1452 2652 1500 καὶ
2704 1453 2958 1520 φρονίμως
3019 1447 3335 1520 οἰκονομεῖν·
3397 1445 3598 1520 εἰδότα,
3662 1453 3742 1503 ὄτι
3804 1452 3900 1504 οὐκ

2298 1533 2572 1589 ἀκίνδυνόν
2598 1535 2738 1589 ἔστιν
2769 1540 2886 1588 οὔτε
2915 1540 2974 1588 τὸ
3017 1544 3357 1610 προσαφεῑναι
3394 1545 3505 1600 τοῖς
3535 1539 3753 1605 οἰκείοις,
3779 1543 3904 1592 οὔτε

2298 1630 2356 1678 τὸ
2383 1622 2478 1678 διὰ
2505 1633 2602 1677 τοῦ
2630 1631 2881 1697 τυχόντος
2913 1625 3274 1699 οἰκονομῆσαι.
3314 1626 3377 1681 Εἰ
3416 1629 3518 1701 γὰρ
3567 1629 3595 1679 ό
3643 1624 3900 1702 φροντίδα

2301 1713 2593 1787 βασιλικῶν
2622 1717 2901 1786 κτημάτων
2941 1712 3307 1786 ἐγχειρισθεὶς,
3340 1713 3436 1765 κᾶν
3479 1720 3547 1786 μὴ
3578 1721 3904 1788 νοσφίσητοιι

2300 1803 2546 1866 πολλάκις
2575 1803 2630 1854 ἐκ
2657 1811 2756 1854 τῶν
2806 1803 3042 1875 ἑτοίμων,
3073 1801 3282 1875 ἀμελείᾳ
3321 1800 3381 1856 δέ
3431 1823 3532 1856 τινι
3580 1803 3908 1880 καταπροδῷ

2300 1895 2368 1944 τοι
2387 1887 3095 1965 προσκτηθῆναιξδυνάμενα,
3140 1891 3234 1943 οὐκ
3277 1890 3556 1944 ἀπολύεται
3582 1900 3673 1945 τοῦ
3721 1892 3910 1965 ἐγκληο

2303 2001 2463 2055 ματος
2485 2003 2497 2014 ·
2530 1987 2648 2033 τίνα
2674 1985 2784 2055 χρὴ
2813 1978 3116 2052 προσδοκᾷ-,ι
3147 1980 3234 2033 ἐπὶ
3284 1989 3384 2032 τῶν
3442 1977 3550 2039 ἤδη
3582 2001 3912 2054 κατονομασ-

2306 2074 2490 2125 θέντων
2509 2079 2582 2140 τῷ
2634 2077 2808 2143 κυρίῳ
2859 2075 2950 2128 τὴν
2997 2072 3309 2144 κατάκρισιν
3365 2071 3787 2138 ὑποστήσεσθαι,
3818 2075 3910 2124 τὸν

2303 2165 2511 2234 χαύνως
2539 2164 2629 2213 καὶ
2655 2158 2982 2232 ἠμελημένως
3014 2156 3317 2214 διατεθέντα
3336 2161 3416 2228 (4)
3435 2164 3568 2235 πρὸς
3591 2165 3687 2219 τὴν
3710 2164 3911 2214 τούτων

2307 2247 2342 2304 δ
2347 2257 2479 2308 ιοίκη
2490 2269 2571 2302 σιν
2586 2265 2601 2317 ;

536 2336 870 2409 prodiderit
894 2355 1030 2412 qua;
1075 2341 1307 2414 acquiri
1359 2348 1654 2416 poterant,
1687 2361 1723 2401 a
1775 2345 2025 2401 crimine
2069 2358 2193 2400 non
2249 2337 2586 2397 absolvitur
2616 2355 2630 2393 :
2659 2337 2902 2411 qualem
2929 2337 3409 2410 exspectandum
3439 2343 3530 2394 est
3562 2339 3645 2396 ob
3669 2354 3744 2398 ea
3770 2354 3916 2414 qu?

533 2425 666 2496 jam
696 2427 954 2484 Domino
982 2428 1182 2486 dicata
1213 2435 1351 2487 sunt
1374 2432 1946 2491 condemnationem
1979 2429 2467 2502 subiturum,qui
2491 2429 2549 2484 in
2563 2429 2647 2484 eis
2672 2427 3168 2486 administrandis
3190 2427 3409 2500 ignave
3439 2443 3512 2484 ac
3541 2427 3916 2500 negligenter

539 2529 606 2570 se
631 2518 932 2585 gesserit?

607 2607 663 2660 4.
691 2607 768 2676 (2)
791 2607 1074 2664 Secessus
1104 2615 1308 2666 autem
1337 2627 1372 2667 a
1404 2612 1655 2681 mundo,
1685 2627 1806 2668 non
1832 2619 2193 2685 estcorpore

536 2699 705 2751 extra
724 2694 921 2766 ipsum
942 2712 1092 2764 esse,
1115 2698 1221 2754 sed
1242 2699 1513 2757 animam
1539 2701 1618 2757 ab
1643 2702 2032 2759 aﬂectionum
2054 2717 2192 2756 cum

537 2797 790 2854 corpore
819 2787 1216 2843 consensione
1238 2788 1512 2856 avellere,
1539 2805 1610 2845 ac
1636 2792 1763 2846 sine
1785 2792 2018 2848 civitate
2041 2806 2193 2858 esse,

537 2871 667 2928 sine
694 2871 902 2941 domo,
937 2873 1066 2931 sine
1113 2878 1373 2950 propriis
1424 2879 1628 2947 rebus,
1680 2880 1806 2936 sine
1860 2881 2195 2937 amicorum

541 2961 847 3026 societate,
899 2963 1027 3020 sine
1075 2967 1585 3037 possessionibus,
1624 2969 1752 3024 sine
1785 2969 1962 3024 rebus
1999 2969 2077 3025 ad
2116 2968 2196 3022 vi-

539 3054 703 3108 ctum
745 3054 1118 3127 necessariis,
1149 3055 1274 3111 sine
1305 3058 1579 3126 negotiis,
1613 3059 1809 3114 nullas
1838 3075 1934 3114 res
1959 3063 2195 3114 contra-

539 3140 804 3208 hentem,
835 3141 1245 3204 humanarum
1278 3144 1459 3218 480
1502 3147 1960 3220 disciplinarum
1992 3162 2197 3219 exper-

541 3233 684 3298 tem,
697 3237 979 3302 paratum
995 3233 1071 3291 ad
1094 3235 1511 3308 suscipiendas
1528 3237 1707 3292 corde
1721 3236 2197 3305 informationes,

2373 2613 2428 2665 4.
2473 2613 2686 2679 Κόσμον
2738 2605 2797 2660 δε
2841 2605 3202 2680 ἀναχώρησις,
3260 2605 3391 2678 οὐχὶ
3450 2607 3544 2669 εξω
3600 2606 3756 2659 αὐτοῦ
3809 2624 3904 2676 γε·

2301 2699 2482 2750 νέσθαι
2509 2705 2841 2769 σωματικῶς,
2874 2695 3002 2748 ἀλλὰ
3057 2704 3148 2756 τῆς
3199 2697 3325 2770 πρὸς
3371 2698 3431 2747 τό
3490 2704 3644 2768 σῶμα
3691 2713 3912 2767 συμπαο

2305 2789 2440 2847 Θείας
2493 2791 2586 2844 τὴν
2643 2785 2829 2857 ψυχὴν
2884 2783 3200 2859 ἀπορρῆξαι,
3264 2791 3355 2837 καὶ
3409 2787 3649 2856 γενέσθαι
3701 2784 3910 2848 ἄπολιν,

2303 2879 2478 2930 οἱοικον
2508 2918 2526 2944 ,
2594 2871 2798 2927 ἀνίδιον
2833 2916 2847 2941 ,
2913 2872 3238 2948 ἀφιλέταιρον
3271 2918 3286 2943 ,
3353 2873 3669 2946 ἀκτήμονα,
3738 2872 3912 2942 ἀϐίου,

2305 2964 2637 3038 ἀπράγμονα,
2699 2961 3106 3029 ἀσυνάλλακτον,
3167 2961 3342 3035 ἀμαθῆ
3410 2970 3510 3014 τῶν
3577 2963 3916 3034 ἀνθρωπίνων

2306 3049 2654 3124 διδαγμάτων
2682 3073 2695 3085 ο
2722 3053 2926 3125 ἕτοιμον
2972 3047 3333 3114 ὑποδέξασθαι
3379 3060 3440 3123 τῇ
3492 3047 3695 3126 καρδίᾳ
3735 3054 3832 3112 τὰς
3859 3050 3913 3102 ἐκ

2306 3150 2399 3204 τῆς
2461 3145 2598 3203 θείας
2675 3137 3032 3202 διδασκαλίας
3103 3139 3433 3214 ἐγγινομένας
3515 3137 3907 3202 διατινιτὼσεις⁸

2304 3232 2615 3304 Ἑτοιμασία
2664 3227 2722 3283 δε
2753 3227 3000 3305 καρδίας,
3031 3233 3060 3289 ἠ
3113 3229 3454 3303 ἀπομάθησιι,
3499 3238 3602 3281 τῶν
3649 3232 3707 3283 ἐκ
3757 3248 3918 3287 πονη-

480 3358 484 3362 .
541 3333 680 3390 quas
704 3335 778 3375 ex
801 3319 1076 3378 doctrina
1101 3323 1304 3380 divina
1324 3331 1646 3384 ducuntur.
1665 3329 1763 3382 Est
1783 3331 1984 3383 autem
2003 3325 2196 3381 cordis

2306 3328 2401 3396 ρᾶς
2456 3323 2731 3381 συνηθείας
2783 3326 3264 3393 προκατασχόιτων
3311 3320 3474 3378 αὐτὴν
3541 3317 3909 3392 διδαγμάτων.

543 3410 929 3480 praeparatio,
951 3411 1455 3471 documentorum
1472 3431 1543 3470 ex
1559 3431 1746 3488 prava
1766 3416 2199 3472 consuetudine

545 3496 695 3552 illud
719 3503 1275 3574 praeoccupandum
1297 3504 1544 3560 oblivio.
1578 3510 1650 3576 (3)
1677 3511 1866 3578 Atque
1896 3505 2042 3562 illud
2071 3505 2173 3578 qui

548 3585 687 3643 dem
714 3588 774 3644 in
804 3590 1013 3661 primis
1063 3593 1296 3648 homini
1352 3597 1537 3650 Deum
1569 3597 1798 3651 amanti
1829 3595 2028 3651 studio
2072 3611 2204 3651 esse

549 3675 748 3744 debet,
764 3694 1040 3736 sermone
1061 3697 1184 3736 non
1210 3682 1418 3738 inscite
1437 3683 1540 3751 uti,
1569 3685 1672 3740 sed
1698 3685 2064 3755 interrogare
2078 3684 2203 3740 sine

549 3765 825 3836 litigandi
878 3771 1098 3840 studio,
1129 3772 1499 3844 respondere
1543 3774 1671 3829 sine
1701 3774 2048 3836 ambitione,
2082 3789 2202 3828 non

552 3856 929 3930 interpellare
949 3859 1367 3928 disserentem,
1402 3863 1446 3918 si
1467 3863 1615 3935 quid
1643 3863 1804 3919 dicat
1833 3864 1989 3930 utile,
2012 3879 2206 3934 neque

554 3944 846 4015 cupidum
869 3961 1002 4002 esse
1021 3949 1246 4020 proprii
1275 3951 1570 4006 sermonis
1589 3953 2005 4007 ostentationis
2024 3966 2210 4007 causa

555 4032 969 4103 iuterserendi,
988 4038 1239 4093 modum
1263 4044 1461 4096 tenere
1481 4041 1770 4114 loquendi
1799 4048 1854 4097 et
1878 4040 2162 4096 audiendi
2193 4058 2205 4094 :

557 4121 788 4178 discere
811 4123 993 4180 etiam
1038 4125 1167 4182 sine
1214 4129 1598 4200 verecundia,
1626 4130 1842 4186 docere
1867 4131 2207 4198 liberaliter,

559 4225 672 4266 nec
697 4213 996 4269 occultare
1028 4215 1078 4270 si
1125 4215 1273 4288 quid
1315 4220 1394 4272 ab
1438 4217 1555 4274 alio
1584 4219 1882 4286 didiceris,
1908 4219 2070 4276 velut
2099 4219 2210 4274 im-

560 4300 768 4372 probae
799 4303 1078 4360 mulieres
1102 4304 1297 4361 facere
1327 4306 1538 4374 solent,
1561 4323 1698 4380 qua:
1739 4309 1974 4380 spurios
2002 4316 2212 4380 partus

561 4390 919 4464 subjiciunt;
953 4396 1059 4449 sed
1111 4399 1282 4464 grato
1313 4395 1517 4452 animo
1563 4403 1875 4469 parentem
1924 4397 2211 4454 doctrinae

559 4481 912 4554 prmdicare.
923 4481 1096 4539 Vocis
1111 4499 1251 4540 vero
1268 4501 1453 4540 sonus
1467 4486 1783 4542 mediocris
1805 4487 2090 4560 praeferen
2099 4487 2214 4542 dus

561 4575 670 4640 est,
691 4574 885 4628 utnec
907 4571 1115 4628 exilior
1135 4573 1405 4630 auditum
1431 4575 1859 4646 prmterfugiat,
1878 4591 1988 4632 nec
2026 4576 2215 4632 nimia

2310 3417 2516 3484 Πρῶτόν
2568 3430 2626 3482 γι
2664 3413 2890 3480 πάντων,
2940 3407 3262 3471 σπουδάζειν
3320 3415 3578 3482 προσήκει
3628 3413 3716 3462 τόν
3774 3408 3917 3482 φιλό-

2310 3502 2420 3563 θεον
2461 3497 2632 3573 ἄνδρα
2685 3506 2803 3574 περὶ
2861 3506 2956 3558 τὴν
3008 3508 3100 3552 τοῦ
3149 3498 3306 3570 λόγου
3366 3507 3568 3573 χρῆσιν
3597 3503 3668 3572 μή
3704 3498 3920 3570 ἀμαθῶς

2310 3593 2471 3661 ἔχειν,
2531 3589 2636 3641 ἀλλ’
2702 3588 2892 3664 ἐρωτᾷν
2958 3594 3047 3662 μεν
3117 3589 3468 3661 ἀφιλονείκως,
3539 3587 3922 3662 ἀποκρίνεσθαι

2312 3677 2371 3732 δε
2411 3679 2748 3752 ἀφιλοτίμως,
2806 3684 2877 3752 μὴ
2940 3676 3295 3731 διακόπτοντα
3329 3681 3418 3730 τόν
3459 3674 3920 3752 προσδιαλεγόμε-

2310 3789 2414 3834 νον,
2447 3771 2568 3821 ὅταν
2598 3788 2649 3820 τι
2700 3774 2970 3843 χρήσιμον
3016 3767 3160 3840 λέγῃ,
3219 3763 3358 3840 μηδὲ
3415 3766 3768 3840 ἐπιθυμοῦντα
3825 3770 3922 3817 τόν

2314 3858 2500 3911 ἑαυτοῦ
2555 3859 2705 3930 λόγον
2763 3853 3130 3918 ἐπιδεικτικῶς
3197 3855 3462 3928 ἐμϐάλλειν
3494 3899 3509 3914 ,
3579 3861 3747 3930 μέτρα
3805 3856 3924 3929 όρί-

2317 3953 2474 4012 ζοντα
2501 3947 2634 4020 λόγῳ
2680 3952 2768 3999 καὶ
2806 3948 2938 4019 ἀκοῇ
2964 3961 2979 3976 ·
3037 3947 3310 4018 μανθάνειν
3359 3941 3419 3998 δὲ
3467 3944 3925 4017 ἀνεπαισχύντως,

2315 4045 2406 4092 καὶ
2454 4035 2732 4091 διδάσκειν
2795 4036 3157 4108 ἀνεπιφθόνως,
3210 4040 3300 4088 καὶ
3345 4039 3390 4087 εἶ
3457 4054 3504 4087 τι
3572 4035 3694 4107 παρ’
3745 4034 3929 4106 ἐτέρου

2319 4125 2658 4195 δεδίδακται,
2714 4133 2786 4200 μὴ
2846 4127 3328 4199 ἀποκρυπτόμενον,
3376 4127 3440 4185 ὡς
3487 4127 3543 4176 αἱ
3594 4123 3788 4196 φαῦλαι
3825 4132 3932 4176 τῶν

2317 4226 2577 4289 γυναικῶν
2635 4219 2690 4268 αἱ
2731 4220 2795 4269 τὰ
2846 4218 2971 4268 νόθα
3018 4214 3471 4286 ὑποϐαλλόμεναι’
3529 4212 3659 4266 ἀλλὰ
3715 4216 3934 4288 κηρύσ-

2322 4325 2430 4360 σειν
2490 4306 2818 4379 εὐγνωμόνως
2874 4310 2959 4357 τόν
3012 4309 3214 4380 πατέρα
3266 4311 3359 4358 τοῦ
3405 4303 3584 4375 λόγου.
3645 4307 3800 4364 Τόνος
3867 4299 3934 4355 δε

2321 4404 2490 4468 φωνῆς
2555 4398 2582 4448 ό
2648 4399 2802 4462 μέσος
2868 4402 3240 4468 προτιμητέος,
3306 4396 3378 4454 ὡς
3430 4397 3562 4464 μήτε
3621 4389 3933 4464 διαφεύγειν

2319 4491 2411 4545 τὴν
2476 4484 2637 4542 ἀκοὴν
2698 4486 2799 4537 ὑπὸ
2868 4489 3254 4557 σμικρότητος,
3317 4488 3449 4556 μήτε
3513 4486 3752 4557 φορτικόν
3793 4478 3930 4533 εἶναι

2319 4581 2392 4646 τῷ
2454 4575 2658 4646 μεγέθει
2702 4580 2794 4635 τῆς
2864 4569 3184 4635 διατάσεως·
3243 4571 3661 4645 προεξετάσαντα
3707 4569 3755 4621 ἐν
3806 4569 3931 4622 iuu-

560 4661 940 4719 contentione
968 4661 1352 4734 importunus
1381 4664 1471 4719 sit.
1511 4665 1984 4736 Expendendum
2015 4671 2196 4720 tecuu

2321 4672 2393 4735 τῷ
2454 4667 2512 4716 τό
2561 4665 2952 4738 ῥηθησόμενον,
3010 4663 3144 4714 οὕτω
3203 4658 3538 4734 δημοσιεύειν
3599 4662 3685 4712 τόν
3743 4659 3926 4730 λόγον.

561 4751 729 4821 prius
747 4750 896 4822 quid
925 4751 1195 4807 dicturus
1211 4751 1311 4813 sis,
1327 4758 1507 4825 atque
1531 4753 1613 4810 ita
1637 4754 1883 4809 demum
1906 4753 2210 4810 edendum

561 4842 620 4896 et
644 4837 1040 4909 vulgandam.
1065 4839 1442 4896 Adeuntibus
1473 4841 1777 4898 affabilem
1795 4858 1925 4898 esse
1955 4848 2211 4915 oportet,

563 4934 742 5001 atque
758 4929 819 4985 in
835 4930 1147 5004 colloquiis
1171 4947 1449 5000 suavem;
1474 4948 1583 4988 nec
1620 4933 1982 5005 voluptatem
2007 4933 2212 4990 facetis

561 5020 944 5076 sermonibus
971 5021 1284 5092 aucupari,
1341 5022 1447 5077 sed
1484 5023 1750 5094 benigna
1796 5023 2211 5080 adhortatione

557 5109 861 5166 lenitatem
886 5110 1174 5168 obtinere.
1204 5112 1436 5184 Ubique
1471 5113 1782 5185 asperitas,
1835 5113 2066 5170 etiamsi
2096 5114 2210 5170 ob-

551 5199 926 5273 jurgandum
956 5200 1049 5267 sit,
1075 5200 1415 5274 rejicienda.
1443 5203 1595 5259 Nam
1648 5204 1752 5276 qui
1796 5204 1960 5276 prior
1989 5220 2051 5260 se
2080 5204 2211 5278 ipse

627 5401 676 5434 ²⁸
715 5401 738 5455 l
770 5400 902 5456 Cor.
933 5413 1034 5464 vn,
1068 5403 1153 5456 t5.

625 5582 703 5712 (ιγ
740 5580 822 5633 Ex
850 5579 1088 5644 Reguli:
1109 5579 1309 5648 fusius
1341 5582 1642 5652 tractatis,
1668 5585 1790 5638 351.

625 5652 678 5712 (2
727 5650 810 5703 Ex
837 5650 1009 5712 epist.
1036 5665 1097 5712 ιι,
1124 5651 1211 5705 71.

624 5650 700 5724 (2)
727 5650 810 5703 Ex
837 5650 1009 5722 epist.
1036 5665 1097 5720 ιι,
1124 5651 1211 5705 Ti.

2322 4753 2728 4827 Εύπροσηγορον
2780 4750 2827 4804 ἐν
2898 4759 3015 4813 ταῖς
3083 4749 3385 4816 ἐντεύξεσι,
3453 4749 3644 4820 γλυκὺν
3711 4747 3760 4800 ἐν
3805 4757 3930 4810 ταῖς

2319 4843 2544 4916 ὁμιλίαις
2567 4860 2579 4872 ⁸
2637 4842 2695 4895 οὗ
2746 4838 2840 4895 διὰ
2869 4849 2962 4903 τῆς
2993 4839 3329 4914 εὐτραπελίας
3355 4841 3414 4892 τὸ
3462 4835 3568 4896 ἡδὺ
3603 4841 3928 4911 θηρώμενον,

2322 4933 2450 4985 ἀλλὰ
2508 4929 2601 4984 διά
2657 4939 2748 4992 τῆς
2805 4929 3045 5003 εὐμενοῦς
3108 4927 3489 5002 παρακλήσεως
3545 4931 3602 4979 τὸ
3668 4930 3931 5000 προσηνὲς

2319 5026 2544 5096 ἔχοντα·
2614 5027 2893 5092 πανταχοῦ
2950 5023 3008 5073 τό
3045 5024 3248 5092 τραχὺ,
3303 5017 3398 5070 κᾶν
3451 5016 3765 5090 ἐπιτιμῆσαι
3805 5014 3926 5089 δέη,

2320 5112 2704 5185 ἀπωθούμενον.
2762 5108 3174 5186 Προκαταϐαλών
3219 5111 3320 5184 γὰρ
3372 5107 3552 5160 ἑαυτὸν
3603 5103 3697 5159 διὰ
3751 5126 3930 5159 ταπει-

2316 5205 2660 5278 νοφροσύνης,
2704 5200 2868 5261 οὕτως
2930 5195 3308 5273 εὗπαράδεκτος
3369 5199 3517 5251 ἔσται
3565 5204 3638 5264 τῷ
3699 5194 3926 5268 δεομένῶ

2385 5581 2463 5649 (3)
2490 5578 2661 5645 lbid.,
2695 5581 2790 5635 73.

2385 5642 2463 5728 (4)
2493 5642 2814 5706 Διυτεθέντα.
2851 5651 3104 5725 Uterque
3135 5644 3328 5704 codex
3351 5646 3380 5703 ὀ
3412 5642 3686 5712 διατεθείς.
