4146 6376
292 380 422 438 {ﬁt

1145 380 1374 436 SEBMO
1416 378 1481 436 ΙΙ.
1513 408 1582 417 -
1623 378 1711 433 DE
1751 376 2107 435 DOCTRINA
2148 381 2232 435 ΕΤ
2274 381 2780 438 ΑΟΜΟΝΙΤΙΟΝΕ.

3519 380 3656 435 1142

285 521 379 573 τῆς
438 512 727 583 θεραπείας.
796 504 1053 567 Πολλάκις
1092 501 1152 557 δὲ
1203 508 1476 579 χρήσιμος
1530 504 1656 576 ἡμῖν
1711 507 1801 555 καὶ
1858 504 1884 555 6

2001 518 2107 576 per
2143 503 2541 561 humilitatem
2567 504 2873 577 abjecerit,
2895 505 3011 562 hoc
3040 508 3218 578 pacto
3253 506 3327 573 ei,
3356 504 3451 561 cui
3482 519 3657 560 cura-

288 609 380 657 τοθ
428 603 697 675 προφήτου
754 600 943 669 τρόπος
984 603 1074 657 τῆς
1105 593 1464 656 ἐπιπλήξεως·
1507 592 1561 655 ὃς
1608 600 1678 665 τῷ
1720 589 1889 645 Δαϐὶδ

289 693 596 766 ἁμαρτόντι,
638 686 697 739 οὐ
732 686 856 759 παρ’
878 685 1062 737 ἑαυτοῦ
1089 686 1321 757 ἐπήγαγε
1348 688 1435 735 τόν
1465 685 1581 760 ὅρον
1609 692 1698 744 τῆς
1722 702 1889 735 xm-

291 779 462 850 δίκης,
497 775 602 830 ἀλλ’
627 773 854 847 ὑποϐολῇ
878 779 1163 849 προσώπου
1193 770 1549 846 χρησάμενος,
1582 771 1737 824 αὐτόν
1760 769 1886 824 ἐκεῖ·

289 890 372 923 νον
413 874 504 921 τοῦ
551 862 691 918 ἰδίου
730 860 990 921 δικαστὴν
1030 861 1266 914 ἐκάθισεν
1297 861 1670 935 ἁμαρτήματος
1696 877 1708 889 ·
1753 862 1887 912 ὥστε

290 959 447 1011 αύτόν
492 956 611 1007 καθ’
650 954 835 1006 ἑαυτοῦ
865 950 1294 1026 προεξενεγκόντα
1340 955 1434 1009 τὴν
1472 954 1668 1025 κρίσιν,
1719 944 1885 1021 μηδὲν

290 1045 690 1121 ἐπιμέμψασθαι
717 1046 805 1095 τὸν
854 1039 1145 1113 ἐλέγξαντα.
1174 1038 1357 1101 Ὀλκός
1414 1039 1505 1112 μὲν
1542 1040 1644 1112 γὰρ
1689 1035 1885 1100 ὕδατος

290 1134 527 1190 δείκνυσι
555 1138 651 1193 τὴν
680 1132 872 1186 οἰκείαν
896 1134 1093 1203 πηγὴν,
1125 1128 1282 1202 λόγου
1314 1125 1374 1181 δι
1422 1132 1577 1201 φύσις
1605 1133 1697 1188 τὴν
1726 1145 1885 1201 προε-

285 1231 569 1298 νεγκοῦσαν
608 1222 763 1275 αύτὸν
792 1216 1017 1296 καρδίαν
1046 1218 1455 1294 χαρακτηρίζει,

352 1496 405 1551 5.
458 1495 564 1550 Καὶ
621 1495 794 1567 ὥσπερ
843 1490 927 1543 ἐπὶ
983 1498 1081 1542 τῶν
1125 1490 1368 1563 ἰατρικῶν
1410 1487 1876 1563 παραγγελμάτων,

284 1586 404 1637 ὃταν
452 1583 721 1655 εὐστόχως
777 1585 867 1633 καὶ
926 1582 1062 1631 κατὰ
1112 1577 1261 1649 λόγον
1324 1581 1559 1649 γίνηται,
1614 1578 1741 1648 μετά
1788 1581 1883 1634 τὴν

285 1681 465 1749 πεῖραν
519 1671 752 1744 μάλιστα
804 1672 863 1722 τὸ
911 1667 1001 1721 ἀπ’
1056 1667 1224 1720 αὐτῶν
1264 1665 1517 1739 ὠφελιμον
1562 1662 1832 1718 δείκνυται
1866 1682 1879 1695 ·

286 1761 422 1814 οὕτω
474 1764 564 1812 καὶ
621 1757 706 1812 ἐπὶ
760 1765 861 1811 τῶν
921 1764 1281 1830 πνευματικῶν
1318 1758 1691 1830 παραινέσεων,
1743 1754 1886 1807 ἐπει-

1998 591 2158 649 tione
2185 610 2339 666 opus
2366 600 2480 661 est,
2496 600 2780 668 acceptus
2806 596 3301 669 erit.Plerumque
3325 611 3469 651 vero
3494 595 3656 650 utilis

1997 682 2174 738 nobis
2204 688 2261 740 et
2302 683 2404 740 illa
2448 684 2880 758 increpationis
2910 686 3064 743 ratio
3097 702 3133 742 a
3157 685 3450 758 propheta
3487 682 3656 740 adhi-

1996 770 2143 839 bita,
2172 772 2296 846 qui,
2324 788 2463 830 cum
2507 774 2697 831 David
2723 779 3055 847 peccasset,
3077 791 3204 832 non
3241 790 3278 831 a
3328 773 3657 846 semetipso

1995 861 2353 918 sententiam
2383 862 2621 919 induxit
2649 862 3193 935 condemnationis,
3228 862 3337 921 sed
3366 862 3656 920 accersita

1996 966 2257 1023 persona
2277 953 2683 1027 utens,ipsum
2712 955 2941 1028 proprii
2966 955 3235 1027 judicem
3253 954 3490 1029 peccati
3513 967 3654 1010 con-

1998 1041 2219 1112 stituit;
2258 1043 2340 1099 ita
2370 1048 2435 1098 ut
2472 1058 2611 1099 cum
2637 1043 2698 1099 in
2727 1059 2790 1100 se
2820 1044 2952 1117 ipse
2990 1044 3348 1100 sententiam
3378 1042 3648 1105 dixisset,

1994 1129 2141 1185 nihil
2155 1130 2287 1201 jam
2326 1137 2707 1188 succenseret
2736 1133 3028 1203 arguenti.
3059 1134 3138 1204 (3)
3168 1133 3317 1189 Nam
3347 1145 3649 1203 aquarum

1991 1218 2240 1291 quidem
2257 1219 2487 1275 rivulus
2510 1220 2738 1276 fontem
2762 1238 2941 1277 suum
2957 1221 3210 1277 indicat:
3234 1219 3532 1276 sermonis
3548 1233 3650 1274 au-

1990 1312 2110 1363 tem
2158 1313 2376 1365 natura
2413 1312 2642 1381 pectus,
2689 1309 2852 1365 unde
2898 1310 3223 1379 emanavit,
3268 1308 3541 1382 depingit
3577 1323 3648 1364 ac

1991 1396 2290 1466 designat.

2064 1491 2115 1541 5.
2149 1487 2229 1556 (4)
2262 1490 2451 1560 Atque
2503 1492 2570 1543 ut
2618 1487 2681 1542 in
2719 1487 3095 1543 medicorum
3131 1487 3468 1560 praeceptis,
3506 1501 3648 1541 cum

1991 1577 2265 1649 apposite
2308 1581 2365 1633 et
2413 1592 2484 1633 ex
2533 1576 2765 1633 ratione
2801 1576 2977 1644 ﬁunt,
3030 1582 3169 1650 post
3214 1576 3644 1649 experientiam

1992 1666 2249 1722 maxime
2286 1681 2497 1722 eorum
2536 1667 2762 1723 utilitas
2787 1665 2937 1723 solet
2962 1666 3194 1722 ostendi
3225 1682 3238 1720 :
3271 1666 3356 1721 sic
3385 1665 3445 1720 in
3476 1663 3646 1737 spiri-

1993 1753 2256 1809 tualibus
2282 1753 2823 1823 exhortationibus,
2861 1752 2967 1809 ubi
3002 1754 3271 1809 maxime
3309 1753 3540 1809 monita
3578 1766 3649 1807 ac

290 1846 389 1904 δᾶν
452 1849 685 1924 μάλιστα
746 1850 842 1905 τὴν
910 1849 1122 1899 ἔκϐασιν
1186 1843 1319 1917 λάϐῃ
1396 1851 1766 1917 μαρτυροῦσαν
1821 1845 1888 1896 τὰ

1999 1848 2299 1916 praecepta
2350 1842 2569 1899 fuerint
2631 1843 2794 1899 exitu
2846 1847 3061 1899 testata
3110 1841 3650 1915 comprobataque,

288 1938 719 2013 παραγγέλματα,
759 1939 876 1988 τότε
929 1937 989 1987 τὸ
1048 1936 1204 2005 σοφόν
1272 1932 1438 1984 αὐτῶν
1497 1936 1587 1984 καὶ
1636 1932 1886 2005 ὠφελιμον

288 2031 414 2102 πρὸς
462 2031 552 2085 τὴν
596 2025 947 2101 ἐπανόρθωσιν
976 2030 1067 2075 τοῦ
1100 2021 1223 2095 βίου
1274 2025 1365 2074 καὶ
1415 2025 1510 2079 τὴν
1558 2029 1657 2073 τῶν
1703 2023 1885 2074 πειθοιί

288 2120 451 2190 μένων
500 2115 762 2169 τελείωσιν
825 2112 1175 2186 ἀναφαίνεται.
1232 2111 1291 2162 Ὀ
1355 2112 1456 2184 γάρ
1512 2114 1600 2163 τὸν
1659 2115 1886 2183 κείμενον

289 2205 533 2278 ἀνιστὼν,
584 2203 900 2277 ὑψηλότερος
959 2200 1086 2256 εἶναι
1156 2208 1248 2254 τοῦ
1304 2205 1629 2261 πεπτωκότος
1684 2203 1887 2261 παντως

288 2294 474 2368 ὀφείλει
504 2308 520 2324 ·
580 2296 607 2345 ὁ
639 2290 698 2346 δὲ
749 2293 800 2356 ἐξ
838 2289 958 2344 ἴσου
1005 2295 1335 2358 καταπεσὼν,
1378 2289 1553 2364 ἑτέρου
1601 2293 1692 2342 καὶ
1730 2290 1889 2351 αὐτὸς

284 2392 378 2437 τοῦ
424 2382 807 2441 ἀναστήσοντος
837 2377 1118 2433 ἐπιδέεται.
1168 2380 1234 2432 Οἱ
1266 2376 1325 2432 δε
1371 2379 1580 2452 τυφλοῖς
1612 2375 1888 2431 διδασκά-

287 2474 393 2534 λοις
452 2477 547 2531 τήν
612 2467 835 2543 όδηγίαν
898 2469 1088 2522 ἑαυτῶν
1147 2467 1533 2543 ἐπιτρέψαντες,
1601 2466 1889 2541 ἐστέρησαν

289 2564 502 2624 ἑαυτοὺς
561 2569 656 2623 τῆς
712 2567 804 2613 τοῦ
859 2561 1026 2632 φωτός
1084 2558 1435 2618 ἀπολαύσεως.
1494 2561 1565 2611 Τὸ
1602 2560 1705 2633 γὰρ
1760 2560 1892 2631 μετὰ

290 2655 458 2724 θυμοῦ
513 2654 603 2701 καὶ
652 2648 814 2721 ὀργῆς
864 2646 1097 2719 ἐλέγχειν
1158 2649 1246 2698 τόν
1303 2645 1684 2718 ἁμαρτήσαντα
1731 2642 1890 2698 ἀδελ-

291 2743 403 2813 φὸν,
463 2738 590 2811 οὐχὶ
647 2736 832 2789 ἐκεῖνόν
888 2735 1031 2787 ἐστιν
1080 2734 1342 2808 ἁμαρτίας
1382 2733 1737 2807 ἐλευθερῶσαι,
1782 2733 1889 2785 ἀλλ’

292 2830 469 2881 ἔαυτόν
526 2825 818 2902 περιϐαλεῖν
879 2822 1340 2896 πλημμελήμασιν.
1406 2824 1490 2874 Ἐν
1562 2824 1665 2896 γὰρ
1720 2826 1892 2897 πραό-

291 2936 414 2974 τητι
497 2912 580 2970 δεῖ
666 2910 932 2967 παιδεύειν
1006 2916 1127 2975 τοὺς
1195 2909 1725 2983 ἀντιδιατιθεμένους,
1802 2916 1892 2964 καὶ

291 3010 363 3078 μὴ
416 3003 464 3057 ἐν
517 3005 593 3067 οἷς
645 3007 734 3077 μεν
789 3002 947 3063 αὐτὸς
1010 3003 1277 3075 παροφθῇ,
1330 2997 1560 3074 σφοδρὸν
1609 2997 1737 3052 εἶναι
1768 3017 1782 3033 ⁸
1844 2999 1893 3051 ἐν

290 3095 367 3157 οἷς
436 3090 495 3147 δὲ
559 3093 619 3146 ἂν
681 3092 831 3145 ἄλλον
888 3093 1366 3166 καταφρονούμενον
1440 3085 1558 3163 ῖδη,
1616 3093 1708 3148 τὴν
1762 3092 1893 3165 πρός

289 3187 377 3237 τὸν
438 3187 783 3260 ἡμαρτηκότα
837 3183 1202 3258 μακροθυμίαν
1257 3177 1656 3233 ἐπιδείκνυσθαι
1689 3200 1704 3215 ·

289 3278 377 3327 καὶ
423 3273 614 3348 μᾶλλον
671 3269 1045 3346 δυσχεραίνειν
1080 3270 1167 3324 ἐπὶ
1231 3277 1305 3341 τῷ
1349 3277 1495 3341 κακῷ
1552 3274 1688 3323 τότε.
1739 3269 1892 3321 Οῦτω

287 3366 388 3439 γὰρ
419 3366 509 3415 καὶ
547 3370 639 3422 τῆς
688 3361 962 3433 φιλαυτίας
1006 3364 1101 3418 τὴν
1143 3359 1375 3430 ὑποψίαν
1428 3358 1741 3431 ἐκφεύξεται,
1801 3363 1891 3410 καὶ

286 3449 555 3514 ἀπόδειξιν
587 3447 748 3503 δώσει
771 3454 862 3501 τοῦ
905 3453 977 3521 μὴ
1018 3451 1105 3500 τὸν
1160 3449 1506 3520 ἡμαρτηκότα
1535 3455 1730 3520 μισεῖν,
1764 3446 1891 3498 ἀλλὰ

286 3546 381 3599 τὴν
437 3540 699 3613 ἁμαρτίαν
755 3536 1213 3611 ἀποστρέφεσθαι·
1280 3540 1339 3588 τό
1393 3539 1482 3609 μὲν
1531 3538 1632 3610 γὰρ
1680 3540 1751 3609 μὴ
1815 3531 1889 3587 δι’

287 3631 467 3684 ἑαυτὸν
534 3630 606 3700 (1)
674 3632 924 3701 μεριμνᾷν
973 3631 1064 3678 καὶ
1117 3625 1451 3701 ἐργάζεσθαι,
1535 3625 1888 3699 φιλοχρίστου

287 3723 373 3772 καὶ
439 3714 750 3791 φιλαδέλφου
810 3712 1067 3775 διαθσεως
1124 3713 1396 3787 ἐγκώμιον.
1475 3720 1637 3767 Παντὶ
1716 3718 1888 3767 τοίνυν

286 3812 459 3881 τρόπῳ
508 3811 617 3881 χρὴ
671 3809 759 3859 τόν
814 3804 1130 3859 ἀσθενοῦντα
1204 3806 1523 3877 θεραπεύειν,
1579 3808 1670 3855 καὶ
1728 3823 1888 3856 σπου-

289 3893 470 3958 δάζειν
548 3900 606 3948 τό
687 3894 1057 3970 ἐξηρθωμένον,
1136 3893 1200 3944 ἶν’
1274 3893 1434 3953 οὕτως
1510 3896 1656 3956 εἴπω,
1738 3892 1889 3965 μέλος

287 3986 565 4060 ἔναρθροῦν
597 4001 610 4015 '
658 3985 742 4037 ἐὰν
796 3980 855 4036 δι
922 3989 983 4055 τῇ
1045 3978 1399 4055 οἱᾳδηποτοῦν
1446 3986 1608 4054 κακίᾳ
1649 3980 1884 4055 ἐπιμένῃ,

284 4072 489 4147 ἀφιέναι
544 4076 612 4136 ὡς
666 4071 973 4147 ἀλλότριον⁶
1018 4076 1313 4145 γέγραπται
1367 4073 1470 4144 γάρ
1504 4088 1515 4100 ·
1578 4077 1735 4123 Πᾶσα
1791 4090 1884 4143 φυ-

283 4168 416 4231 τεία,
473 4165 533 4223 ἦν
599 4163 695 4216 οῦκ
751 4161 1021 4234 ἐφύτευσεν
1074 4162 1100 4213 6
1158 4166 1337 4236 Πατήρ
1395 4180 1494 4233 μου
1552 4162 1578 4213 6
1626 4160 1881 4234 οὐράνιος,

284 4252 717 4329 ἑκριζωθήσεται.
788 4253 906 4306 Ἐὰν
988 4254 1090 4325 γὰρ
1168 4247 1634 4311 δυσαποσπάστως
1715 4252 1886 4323 ἔχωσι

283 4351 383 4394 τῶν
425 4340 572 4396 ἰδίων
622 4342 771 4410 ἐθῶν,
822 4347 912 4394 καὶ
959 4348 1071 4402 ταῖς
1117 4338 1334 4402 ἡδοναῖς
1381 4349 1474 4401 τῆς
1522 4344 1718 4414 σαρκός
1764 4337 1885 4394 δου-

284 4430 444 4483 λεύειν
501 4430 715 4483 ἐθέλωσι
771 4430 963 4502 μᾶλλον
1010 4431 1040 4488 ἦ
1081 4438 1154 4500 τῷ
1207 4436 1405 4503 Κυρίῳ,
1460 4435 1549 4482 καὶ
1603 4434 1699 4487 τὴν
1751 4432 1887 4481 κατά

1136 3893 1200 3944 ἶν’
1274 3893 1434 3953 οὕτως

1998 1937 2138 1987 tunc
2167 1948 2238 1987 ea
2264 1932 2564 2005 sapienter
2609 1931 2949 2004 utiliterque
2979 1932 3059 1986 ad
3104 1932 3242 1987 vitae
3277 1929 3650 1986 emendatio-

1996 2037 2136 2076 nem
2168 2026 2348 2094 atque
2366 2022 2444 2077 ad
2470 2020 3019 2093 obtemperantium
3036 2019 3464 2093 perfectionem
3480 2019 3649 2074 adhi-

1993 2109 2120 2166 hita
2148 2110 2334 2165 fuisse
2368 2114 2641 2183 apparet.
2672 2110 2745 2182 (5)
2778 2112 2925 2165 Nam
2969 2110 3273 2181 jacentem
3302 2107 3408 2181 qui
3456 2107 3648 2177 erigit,

1996 2198 2170 2255 altior
2192 2199 2442 2256 omnino
2465 2199 2638 2273 lapso
2676 2213 2812 2254 esse
2859 2197 3079 2267 debet;
3112 2200 3221 2271 qui
3248 2213 3393 2254 vero
3435 2197 3654 2269 pariter

1996 2288 2228 2356 cecidit,
2262 2288 2449 2344 altero
2487 2289 2593 2361 qui
2621 2288 2832 2357 erigat,
2866 2288 3050 2344 etiam
3078 2287 3211 2359 ipse
3239 2303 3396 2359 opus
3445 2285 3651 2342 habet.

1998 2379 2076 2449 (6)
2095 2378 2205 2444 Qui
2221 2394 2362 2435 vero
2388 2395 2581 2435 caecos
2608 2377 2886 2435 doctores
2905 2378 2998 2433 sui
3027 2378 3213 2433 duces
3229 2377 3657 2447 fecere,jucun-

1997 2466 2253 2523 dissimo
2308 2483 2374 2523 se
2421 2466 2671 2524 luminis
2714 2466 2917 2523 fructu
2942 2466 3353 2540 privaverunt.
3399 2469 3476 2536 (7)
3508 2468 3658 2521 Nam

1996 2556 2361 2627 redarguere
2385 2556 2632 2613 fratrem
2664 2571 2805 2611 cum
2841 2555 3259 2626 indignatione
3310 2560 3368 2611 et
3392 2556 3502 2627 ira,
3534 2566 3660 2610 non

2000 2650 2091 2700 est
2117 2645 2288 2701 illum
2323 2661 2359 2701 a
2397 2650 2647 2718 peccato
2672 2643 2949 2712 liberare,
2982 2645 3089 2700 sed
3132 2645 3401 2716 seipsum
3431 2643 3661 2701 delictis

2000 2735 2393 2805 obstringere.
2427 2736 2670 2805 Oportet
2699 2733 2860 2789 enim
2889 2734 2951 2789 in
2981 2734 3447 2790 mansuetudine
3476 2733 3663 2789 corri-

2001 2838 2143 2895 pere
2168 2839 2272 2878 eos
2300 2822 2407 2894 qui
2432 2822 2797 2877 resistunt":
2820 2837 3042 2894 neque,
3065 2838 3206 2879 cum
3236 2823 3368 2895 ipse
3398 2825 3663 2877 contem-

2003 2906 2162 2963 neris
2195 2907 2273 2963 ob
2305 2906 2367 2962 id
2407 2907 2737 2962 vehemens
2767 2922 2900 2962 esse
2933 2922 2946 2959 :
2980 2906 3086 2962 ubi
3123 2922 3267 2963 vero
3298 2905 3485 2963 alium
3516 2921 3661 2963 con-

2005 2998 2193 3053 temni
2214 2996 2606 3067 videris,erga
2627 3012 2769 3053 eum
2790 2997 2894 3070 qui
2922 2996 3194 3069 deliquit,
3221 2996 3663 3068 indulgentiam

2007 3087 2322 3143 ostendere
2354 3104 2367 3142 :
2400 3087 2550 3159 quin
2586 3087 2787 3159 potius
2816 3091 2960 3143 tunc
3003 3086 3066 3143 in
3094 3091 3413 3160 peccatum
3460 3085 3665 3143 invehi

1766 3178 1894 3232 ἀλλά
1927 3197 1969 3253 C
2005 3176 2195 3234 decet.
2244 3180 2327 3233 Ita
2357 3176 2518 3232 enim
2548 3181 2605 3233 et
2657 3176 3066 3249 suspicionem
3105 3181 3224 3234 ate
3253 3176 3518 3234 hominis
3569 3191 3664 3233 se-

2005 3267 2209 3341 ipsum
2246 3266 2572 3323 immodice
2601 3266 2861 3324 amantis
2887 3266 3306 3336 submovebis,
3337 3270 3395 3323 et
3439 3266 3663 3339 planis-

2004 3357 2153 3412 sime
2178 3360 2234 3411 te
2258 3371 2383 3411 non
2412 3361 2766 3428 peccantem
2793 3355 3013 3423 odisse,
3035 3355 3140 3411 sed
3156 3361 3475 3429 peccatum
3492 3370 3660 3412 avero

2003 3446 2119 3503 sari
2157 3444 2512 3501 declarabis.
2563 3446 2641 3516 (8)
2687 3449 2838 3501 Nam
2867 3445 3188 3502 sollicitum
3226 3462 3359 3501 esse
3388 3450 3446 3501 et
3484 3461 3662 3516 agere

2001 3550 2125 3591 non
2154 3538 2399 3607 propter
2420 3534 2831 3607 semetipsum,
2858 3533 2992 3590 laus
3023 3538 3110 3590 est
3136 3534 3323 3590 animi
3362 3534 3660 3590 Christum

2001 3630 2059 3680 et
2078 3624 2287 3682 fratres
2313 3625 2590 3680 amantis.
2625 3626 2702 3697 (9)
2727 3624 2903 3681 Omni
2924 3623 3105 3694 igitur
3140 3623 3326 3680 modo
3355 3623 3659 3680 curandus

1999 3713 2375 3783 inﬁrmus,ac
2400 3712 2607 3769 danda
2627 3713 2839 3769 sedula
2868 3718 3148 3785 opera,ut
3176 3712 3453 3768 luxaturn
3471 3727 3660 3767 mem-

1999 3804 2200 3869 brum,
2229 3808 2293 3859 ut
2321 3803 2404 3860 ita
2428 3802 2840 3875 dicam,481
2864 3804 2926 3858 in
2949 3819 3128 3858 suum
3156 3802 3359 3857 locum
3383 3802 3658 3857 restitua-

1999 3896 2117 3951 tur.
2149 3892 2324 3959 Quod
2355 3894 2405 3949 si
2432 3893 2495 3948 iu
2526 3908 2639 3948 suo
2671 3893 2817 3948 vitio
2846 3891 3268 3965 qualecunque
3288 3890 3532 3948 tandem
3556 3890 3653 3961 sit,

1999 3982 2490 4055 perseveraverit,
2524 3986 2651 4037 tum
2689 3981 2937 4054 perinde
2967 3987 3150 4054 atque
3179 3980 3412 4037 alienus
3458 3980 3657 4037 dimit-

2001 4073 2217 4129 teudus
2244 4076 2350 4127 est.
2381 4072 2681 4145 Scriptum
2709 4074 2801 4127 est
2828 4070 2991 4127 enim
3029 4088 3042 4126 :
3087 4072 3288 4126 Omnis
3326 4071 3650 4141 plantatio,

1998 4177 2177 4233 quam
2203 4177 2326 4217 non
2360 4163 2665 4231 plantavit
2688 4162 2867 4217 Pater
2888 4177 3052 4218 meus
3082 4161 3353 4226 celestis,
3385 4160 3654 4217 eradica-

1999 4250 2165 4307 bitur
2184 4252 2252 4306 ³ο.
2276 4251 2391 4321 (10)
2413 4250 2585 4316 Quod
2607 4250 2658 4306 si
2684 4251 2792 4322 qui
2820 4249 3060 4306 diﬂicile
3088 4248 3424 4306 avellantur
3447 4265 3484 4306 δ.
3513 4262 3650 4321 pro-

1996 4341 2142 4415 priis
2163 4339 2461 4408 moribus,
2487 4339 2809 4413 carnisque
2838 4338 3252 4413 voluptatibus
3283 4339 3503 4396 servire
3524 4353 3652 4395 ma-

1998 4430 2105 4486 lint
2125 4446 2312 4502 quam
2336 4429 2674 4499 Domino,et
2688 4430 2876 4486 vitam
2896 4429 3234 4485 secundum
3259 4428 3652 4499 Evangelium

284 4520 344 4569 τὸ
398 4518 707 4590 Εύαγγελιον
765 4522 895 4581 ζωὴν
943 4523 1015 4590 μὴ
1073 4515 1495 4590 καταδέχωνται,
1543 4515 1718 4579 οὐδεὶς
1757 4520 1883 4591 ἡμῖν

2001 4519 2305 4575 instituere
2334 4518 2544 4590 nolint,
2571 4517 2739 4575 nulla
2753 4522 2843 4574 est
2869 4518 3045 4575 nobis
3072 4534 3212 4574 cum
3240 4517 3354 4573 illis
3375 4533 3652 4574 commu~

284 4610 450 4667 κοινὸς
486 4611 616 4683 πρὸς
675 4608 862 4669 αὐτοὺς
899 4606 1070 4679 λόγος.
1112 4607 1289 4679 Ἡμεῖς
1326 4609 1428 4679 γὰρ
1472 4606 1519 4659 ἐν
1571 4606 1679 4678 λαῷ
1729 4606 1883 4660 ἀπει-

285 4699 359 4751 θεῖ
416 4701 505 4749 καὶ
562 4696 877 4769 ἀντιλέγοντι
932 4694 1298 4769 δεδιδάγμεθα
1363 4697 1586 4769 ἀκούειν,
1631 4698 1711 4750 ὅτι
1769 4704 1881 4750 Σῶ-

284 4788 386 4849 ζων
454 4787 591 4848 σῶζε
656 4792 750 4846 τὴν
828 4793 1050 4841 σεαυτοῦ
1127 4786 1334 4858 ψυχὴν,
1414 4791 1502 4840 καὶ
1583 4785 1882 4856 ἀλλοτρίαις

283 4878 563 4953 ἁμαρτίαις
606 4882 677 4951 μὴ
723 4883 972 4931 κοινώνει.
1025 4882 1127 4931 Καὶ
1162 4878 1204 4929 εἰ
1250 4882 1322 4950 μή
1378 4895 1454 4937 τις
1492 4876 1882 4950 ἐπιθυμητικῶς

285 4969 496 5041 ἔρχεται
546 4966 629 5021 ἐπὶ
680 4971 739 5019 τὸ
788 4965 1023 5038 ψάλλειν,
1078 4972 1167 5019 καὶ
1210 4966 1255 5019 εἰ
1311 4971 1382 5039 μὴ
1443 4965 1764 5039 ἐπιφαίνεται
1805 4966 1881 5037 (2)

354 5113 402 5147 ³⁸
437 5115 480 5169 ll
512 5112 657 5170 Tim.
693 5129 751 5181 ιι,
782 5110 872 5167 25.
949 5112 998 5146 ³ο
1028 5110 1225 5167 Matth.
1251 5126 1345 5175 xv,
1385 5114 1466 5167 t3.

353 5264 434 5334 (1)
460 5270 545 5323 Μὴ
579 5260 654 5317 δι’
679 5264 878 5317 ἑαυτὸν.
912 5262 1322 5334 Negationem,
1349 5276 1487 5334 quae
1512 5276 1761 5333 prorsus
1783 5277 1884 5318 ne-

283 5333 547 5393 cessaria
585 5340 673 5392 est
699 5335 779 5392 ad
809 5334 1116 5391 sententiae
1145 5333 1381 5396 seriem,
1426 5333 1879 5406 desumpsimus

284 5420 356 5461 ex
370 5407 583 5479 codice
600 5408 807 5479 Regio.

357 5477 433 5552 (2)
467 5476 835 5552 Ἐπιφαίνεται.
876 5479 1132 5552 Uterque
1176 5476 1373 5552 codex
1418 5476 1772 5552 ἐπιφαίνηται,
1826 5480 1884 5533 et

289 5550 463 5623 antea
496 5548 748 5623 ἔρχηται,
776 5554 837 5607 et
875 5548 1061 5623 paulo
1098 5553 1237 5621 post
1264 5548 1456 5606 codex
1488 5548 1625 5615 {910
1648 5551 1872 5620 ἡγῆται.

359 5620 415 5694 (3
425 5631 441 5694 ρ
477 5620 563 5694 ex
578 5620 757 5694 epist.
789 5620 1020 5691 cxixrv,
1039 5620 1166 5677 225.

365 5686 441 5763 (4)
473 5692 553 5746 Ex
577 5686 742 5749 hom.
772 5686 1077 5751 Adversas
1098 5709 1193 5751 eos
1210 5695 1315 5765 qui
1342 5696 1710 5751 irascuntur.
1743 5696 1831 5751 83.

2000 4609 2093 4664 nis
2117 4608 2286 4665 ratio.
2312 4610 2429 4664 Nos
2453 4610 2613 4664 enim
2635 4607 2692 4663 id
2726 4607 2956 4680 populo
2983 4606 3408 4679 inobsequenti
3426 4611 3483 4662 et
3512 4622 3652 4663 con-

1999 4696 2314 4755 tradicenti
2333 4696 2528 4753 edocti
2548 4712 2758 4753 sumus
2778 4696 3016 4752 audire:
3043 4698 3299 4753 Servum
3318 4710 3490 4753 serva
3518 4697 3662 4752 ani--

1996 4803 2158 4845 mam
2184 4793 2345 4842 tuam
2368 4787 2438 4857 ",
2484 4785 2697 4842 alienis
2742 4785 3007 4858 peccatis
3045 4800 3122 4841 ne
3160 4785 3651 4842 communicave-

1993 4874 2422 4949 ris.(H)Siqu1s
2435 4875 2492 4931 a1
2500 4874 2845 4931 acriternon
2861 4873 3111 4930 accedat
3138 4873 3217 4929 ad
3246 4873 3651 4946 psallendum,

1995 4980 2106 5023 nec
2147 4966 2298 5022 ferat
2324 4979 2448 5038 pm
2478 4980 2543 5021 se
2588 4963 2872 5021 aﬂectum
2899 4963 3075 5035 illius,
3107 4963 3213 5037 qui
3259 4962 3430 5031 dixit,
3463 4965 3652 5033 Quam

1544 5111 1585 5146 ³⁸
1622 5112 1764 5167 Gen.
1795 5126 1921 5183 xxx,
1957 5116 2040 5167 17.

2064 5263 2144 5333 (5)
2186 5263 2268 5317 Ex
2295 5260 2463 5316 hom.
2487 5260 2550 5315 in
2566 5266 2751 5333 _mart.
2782 5260 3094 5333 Julittam,
3119 5262 3213 5333 42.

2059 5330 2135 5402 (6)
2179 5334 2433 5403 Uterque
2471 5330 2665 5387 codex
2697 5331 2924 5387 indicat
2951 5347 3130 5387 serm.
3164 5332 3247 5388 De
3274 5333 3397 5389 ira.

2060 5405 2135 5472 (‘7)
2176 5406 2257 5459 Ex
2286 5403 2527 5474 Regalis
2549 5404 2745 5473 fusius
2778 5404 3084 5471 tractatis,
3116 5406 3243 5459 395.

2063 5478 2142 5548 (8)
2183 5478 2438 5547 Uterque
2458 5475 2651 5548 codex
2669 5474 2896 5548 indicat
2920 5474 3199 5548 ascetica.

2062 5545 2139 5617 (9)
2177 5549 2259 5603 Ex
2284 5545 2524 5618 Regalis
2564 5546 2795 5605 brevius
2823 5546 3120 5614 tractatis,
3150 5545 3276 5611 451,

2064 5620 2178 5690 (10)
2214 5620 2295 5675 Ex
2323 5618 2498 5690 epist.
2537 5634 2737 5690 ccxvu,
2768 5621 2898 5676 330.

2063 5689 2178 5761 (Η)
2206 5689 2562 5761 Ex’Regulis
2585 5689 2818 5748 brevius
2841 5689 3135 5756 tractatis,
3169 5689 3293 5747 ὄ14.
