  <div class='ocr_page' id='page_1' title='image "/cluster/home/n/w/nwhite01/storage/ocr_20150623/32:no.4/coo.31924054869296/581.png"; bbox 0 0 4146 6372; ppageno 0'>
   <div class='ocr_carea' id='block_1_1' title="bbox 489 334 630 397">
    <p class='ocr_par' dir='ltr' id='par_1_1' title="bbox 489 334 630 397">
     <span class='ocr_line' id='line_1_1' title="bbox 489 334 630 397; baseline -0.021 0"><span class='ocrx_word' id='word_1_1' title='bbox 489 334 630 397; x_wconf 73' lang='grc'>1143</span> 
     </span>
    </p>
   </div>
   <div class='ocr_carea' id='block_1_2' title="bbox 1449 325 2888 391">
    <p class='ocr_par' dir='ltr' id='par_1_2' title="bbox 1449 325 2888 391">
     <span class='ocr_line' id='line_1_2' title="bbox 1449 325 2888 391; baseline 0 -1"><span class='ocrx_word' id='word_1_2' title='bbox 1449 331 1814 390; x_wconf 78' lang='lat' dir='ltr'>APPENDIX.</span> <span class='ocrx_word' id='word_1_3' title='bbox 1844 357 1914 372; x_wconf 91' lang='lat'><em>-</em></span> <span class='ocrx_word' id='word_1_4' title='bbox 1945 325 2292 387; x_wconf 82' lang='lat' dir='ltr'>SYMEONIS</span> <span class='ocrx_word' id='word_1_5' title='bbox 2328 329 2888 391; x_wconf 63' lang='lat' dir='ltr'>HETAPHRASTIE.</span> 
     </span>
    </p>
   </div>
   <div class='ocr_carea' id='block_1_3' title="bbox 3721 339 3869 402">
    <p class='ocr_par' dir='ltr' id='par_1_3' title="bbox 3721 339 3869 402">
     <span class='ocr_line' id='line_1_3' title="bbox 3721 339 3869 402; baseline 0.027 -5"><span class='ocrx_word' id='word_1_6' title='bbox 3721 339 3869 402; x_wconf 63' lang='lat' dir='ltr'>ii“</span> 
     </span>
    </p>
   </div>
   <div class='ocr_carea' id='block_1_4' title="bbox 492 452 2139 536">
    <p class='ocr_par' dir='ltr' id='par_1_4' title="bbox 492 455 2139 534">
     <span class='ocr_line' id='line_1_4' title="bbox 492 455 2139 534; baseline -0.005 -16"><span class='ocrx_word' id='word_1_7' title='bbox 492 460 703 519; x_wconf 82' lang='lat' dir='ltr'>dulcia</span> <span class='ocrx_word' id='word_1_8' title='bbox 729 460 1011 532; x_wconf 71' lang='lat' dir='ltr'>faucibus</span> <span class='ocrx_word' id='word_1_9' title='bbox 1039 461 1182 520; x_wconf 86' lang='lat' dir='ltr'>meis</span> <span class='ocrx_word' id='word_1_10' title='bbox 1213 461 1451 534; x_wconf 84' lang='lat' dir='ltr'>eloquia</span> <span class='ocrx_word' id='word_1_11' title='bbox 1500 463 1640 516; x_wconf 83' lang='lat' dir='ltr'>tua!</span> <span class='ocrx_word' id='word_1_12' title='bbox 1671 471 1852 527; x_wconf 81' lang='lat' dir='ltr'><em>super</em></span> <span class='ocrx_word' id='word_1_13' title='bbox 1894 457 2012 512; x_wconf 85' lang='lat' dir='ltr'>mel</span> <span class='ocrx_word' id='word_1_14' title='bbox 2051 455 2139 511; x_wconf 85' lang='lat' dir='ltr'>ori</span> 
     </span>
    </p>
   </div>
   <div class='ocr_carea' id='block_1_5' title="bbox 2248 452 3878 536">
    <p class='ocr_par' dir='ltr' id='par_1_5' title="bbox 2255 452 3878 536">
     <span class='ocr_line' id='line_1_5' title="bbox 2255 452 3878 536; baseline 0.007 -29"><span class='ocrx_word' id='word_1_15' title='bbox 2255 454 2396 528; x_wconf 73' lang='grc' dir='ltr'>αὐτῷ</span> <span class='ocrx_word' id='word_1_16' title='bbox 2442 457 2471 514; x_wconf 80' lang='grc' dir='ltr'><strong>ἠ</strong></span> <span class='ocrx_word' id='word_1_17' title='bbox 2531 452 2766 520; x_wconf 83' lang='grc' dir='ltr'>διάθεσις</span> <span class='ocrx_word' id='word_1_18' title='bbox 2813 467 2905 514; x_wconf 84' lang='grc' dir='ltr'>τοῦ</span> <span class='ocrx_word' id='word_1_19' title='bbox 2955 459 3221 525; x_wconf 83' lang='grc' dir='ltr'>εἰπόντος·</span> <span class='ocrx_word' id='word_1_20' title='bbox 3272 463 3372 533; x_wconf 74' lang='grc' dir='ltr'>Ὠς⁸</span> <span class='ocrx_word' id='word_1_21' title='bbox 3425 461 3617 534; x_wconf 82' lang='grc' dir='ltr'>γλυκία</span> <span class='ocrx_word' id='word_1_22' title='bbox 3651 470 3724 535; x_wconf 85' lang='grc' dir='ltr'>τῷ</span> <span class='ocrx_word' id='word_1_23' title='bbox 3775 468 3878 536; x_wconf 43' lang='grc' dir='ltr'>λά,</span> 
     </span>
    </p>
   </div>
   <div class='ocr_carea' id='block_1_6' title="bbox 492 546 2144 626">
    <p class='ocr_par' dir='ltr' id='par_1_6' title="bbox 492 546 2144 626">
     <span class='ocr_line' id='line_1_6' title="bbox 492 546 2144 626; baseline -0.005 -17"><span class='ocrx_word' id='word_1_24' title='bbox 492 567 621 610; x_wconf 83' lang='lat' dir='ltr'>meo</span> <span class='ocrx_word' id='word_1_25' title='bbox 641 552 710 608; x_wconf 70' lang='lat' dir='ltr'>3’z</span> <span class='ocrx_word' id='word_1_26' title='bbox 742 567 854 610; x_wconf 89' lang='lat' dir='ltr'>nec</span> <span class='ocrx_word' id='word_1_27' title='bbox 882 557 1050 626; x_wconf 89' lang='lat' dir='ltr'>putet</span> <span class='ocrx_word' id='word_1_28' title='bbox 1069 569 1362 625; x_wconf 83' lang='lat' dir='ltr'>magnum</span> <span class='ocrx_word' id='word_1_29' title='bbox 1392 551 1817 607; x_wconf 79' lang='lat' dir='ltr'>detrimentum</span> <span class='ocrx_word' id='word_1_30' title='bbox 1849 546 2144 602; x_wconf 85' lang='lat' dir='ltr'>desidiam</span> 
     </span>
    </p>
   </div>
   <div class='ocr_carea' id='block_1_7' title="bbox 494 637 2146 714">
    <p class='ocr_par' dir='ltr' id='par_1_7' title="bbox 494 637 2146 714">
     <span class='ocr_line' id='line_1_7' title="bbox 494 637 2146 714; baseline -0.005 -15"><span class='ocrx_word' id='word_1_31' title='bbox 494 657 626 700; x_wconf 81' lang='lat' dir='ltr'>esse</span> <span class='ocrx_word' id='word_1_32' title='bbox 655 660 668 700; x_wconf 89' lang='lat'>:</span> <span class='ocrx_word' id='word_1_33' title='bbox 701 647 808 701; x_wconf 88' lang='lat' dir='ltr'>aut</span> <span class='ocrx_word' id='word_1_34' title='bbox 829 645 1184 714; x_wconf 78' lang='lat' dir='ltr'>corrigatur,</span> <span class='ocrx_word' id='word_1_35' title='bbox 1216 647 1322 700; x_wconf 88' lang='lat' dir='ltr'>aut</span> <span class='ocrx_word' id='word_1_36' title='bbox 1345 641 1694 714; x_wconf 79' lang='lat' dir='ltr'>expellatur,</span> <span class='ocrx_word' id='word_1_37' title='bbox 1727 655 1802 696; x_wconf 86' lang='lat' dir='ltr'>ne</span> <span class='ocrx_word' id='word_1_38' title='bbox 1834 637 2146 694; x_wconf 89' lang='lat' dir='ltr'>modicum</span> 
     </span>
    </p>
   </div>
   <div class='ocr_carea' id='block_1_8' title="bbox 493 729 2143 803">
    <p class='ocr_par' dir='ltr' id='par_1_8' title="bbox 493 729 2143 803">
     <span class='ocr_line' id='line_1_8' title="bbox 493 729 2143 803; baseline -0.005 -15"><span class='ocrx_word' id='word_1_39' title='bbox 493 731 856 790; x_wconf 81' lang='lat' dir='ltr'>fermentum</span> <span class='ocrx_word' id='word_1_40' title='bbox 887 737 1075 791; x_wconf 90' lang='lat' dir='ltr'>totam</span> <span class='ocrx_word' id='word_1_41' title='bbox 1099 749 1368 790; x_wconf 83' lang='lat' dir='ltr'>massam</span> <span class='ocrx_word' id='word_1_42' title='bbox 1395 734 1740 803; x_wconf 79' lang='lat' dir='ltr'>corrumpat</span> <span class='ocrx_word' id='word_1_43' title='bbox 1765 730 1833 782; x_wconf 82' lang='grc'>³³.</span> <span class='ocrx_word' id='word_1_44' title='bbox 1863 730 1934 799; x_wconf 83' lang='lat' dir='ltr'>(t)</span> <span class='ocrx_word' id='word_1_45' title='bbox 1983 729 2143 792; x_wconf 86' lang='lat' dir='ltr'>Quos</span> 
     </span>
    </p>
   </div>
   <div class='ocr_carea' id='block_1_9' title="bbox 495 819 2140 896">
    <p class='ocr_par' dir='ltr' id='par_1_9' title="bbox 495 819 2140 896">
     <span class='ocr_line' id='line_1_9' title="bbox 495 819 2140 896; baseline -0.004 -18"><span class='ocrx_word' id='word_1_46' title='bbox 495 835 852 879; x_wconf 83' lang='lat' dir='ltr'>communes</span> <span class='ocrx_word' id='word_1_47' title='bbox 866 822 1062 896; x_wconf 61' lang='lat' dir='ltr'>paenae&quot;</span> <span class='ocrx_word' id='word_1_48' title='bbox 1077 822 1159 879; x_wconf 90' lang='lat' dir='ltr'>ad</span> <span class='ocrx_word' id='word_1_49' title='bbox 1175 837 1388 878; x_wconf 86' lang='lat' dir='ltr'>sanam</span> <span class='ocrx_word' id='word_1_50' title='bbox 1407 823 1671 877; x_wconf 86' lang='lat' dir='ltr'>mentem</span> <span class='ocrx_word' id='word_1_51' title='bbox 1687 834 1809 874; x_wconf 89' lang='lat' dir='ltr'>non</span> <span class='ocrx_word' id='word_1_52' title='bbox 1835 819 2140 888; x_wconf 88' lang='lat' dir='ltr'>revocant,</span> 
     </span>
    </p>
   </div>
   <div class='ocr_carea' id='block_1_10' title="bbox 492 908 2146 986">
    <p class='ocr_par' dir='ltr' id='par_1_10' title="bbox 492 908 2146 986">
     <span class='ocr_line' id='line_1_10' title="bbox 492 908 2146 986; baseline -0.004 -16"><span class='ocrx_word' id='word_1_53' title='bbox 492 926 608 972; x_wconf 88' lang='lat' dir='ltr'>nec</span> <span class='ocrx_word' id='word_1_54' title='bbox 635 929 674 970; x_wconf 92' lang='lat' dir='ltr'>a</span> <span class='ocrx_word' id='word_1_55' title='bbox 703 928 955 986; x_wconf 87' lang='lat' dir='ltr'>precum</span> <span class='ocrx_word' id='word_1_56' title='bbox 983 913 1411 970; x_wconf 84' lang='lat' dir='ltr'>communione</span> <span class='ocrx_word' id='word_1_57' title='bbox 1429 910 1730 984; x_wconf 81' lang='lat' dir='ltr'>separatio</span> <span class='ocrx_word' id='word_1_58' title='bbox 1757 909 1836 966; x_wconf 90' lang='lat' dir='ltr'>ad</span> <span class='ocrx_word' id='word_1_59' title='bbox 1855 908 2146 982; x_wconf 82' lang='lat' dir='ltr'>poeniten-</span> 
     </span>
    </p>
   </div>
   <div class='ocr_carea' id='block_1_11' title="bbox 492 998 2143 1073">
    <p class='ocr_par' dir='ltr' id='par_1_11' title="bbox 492 998 2143 1073">
     <span class='ocr_line' id='line_1_11' title="bbox 492 998 2143 1073; baseline -0.005 -13"><span class='ocrx_word' id='word_1_60' title='bbox 492 1001 643 1060; x_wconf 85' lang='lat' dir='ltr'>tiam</span> <span class='ocrx_word' id='word_1_61' title='bbox 673 1001 942 1073; x_wconf 85' lang='lat' dir='ltr'>adducit,</span> <span class='ocrx_word' id='word_1_62' title='bbox 987 1017 1091 1059; x_wconf 89' lang='lat' dir='ltr'>eos</span> <span class='ocrx_word' id='word_1_63' title='bbox 1135 1016 1384 1058; x_wconf 89' lang='lat' dir='ltr'>necesse</span> <span class='ocrx_word' id='word_1_64' title='bbox 1414 1005 1502 1058; x_wconf 91' lang='lat' dir='ltr'>est</span> <span class='ocrx_word' id='word_1_65' title='bbox 1548 999 1780 1056; x_wconf 78' lang='lat' dir='ltr'>traditis</span> <span class='ocrx_word' id='word_1_66' title='bbox 1813 1015 1849 1054; x_wconf 90' lang='lat' dir='ltr'>a</span> <span class='ocrx_word' id='word_1_67' title='bbox 1889 998 2143 1054; x_wconf 86' lang='lat' dir='ltr'>Domino</span> 
     </span>
    </p>
   </div>
   <div class='ocr_carea' id='block_1_12' title="bbox 493 1091 2146 1166">
    <p class='ocr_par' dir='ltr' id='par_1_12' title="bbox 493 1091 2146 1166">
     <span class='ocr_line' id='line_1_12' title="bbox 493 1091 2146 1166; baseline -0.004 -16"><span class='ocrx_word' id='word_1_68' title='bbox 493 1091 831 1150; x_wconf 85' lang='lat' dir='ltr'>oanonibus</span> <span class='ocrx_word' id='word_1_69' title='bbox 859 1091 1488 1166; x_wconf 89' lang='lat' dir='ltr'>subjicere.Scriptum</span> <span class='ocrx_word' id='word_1_70' title='bbox 1511 1095 1600 1148; x_wconf 91' lang='lat' dir='ltr'>est</span> <span class='ocrx_word' id='word_1_71' title='bbox 1627 1091 1818 1148; x_wconf 91' lang='lat' dir='ltr'>enim:</span> <span class='ocrx_word' id='word_1_72' title='bbox 1851 1092 1920 1147; x_wconf 89' lang='lat' dir='ltr'>Si</span> <span class='ocrx_word' id='word_1_73' title='bbox 1942 1091 2146 1160; x_wconf 79' lang='lat' dir='ltr'>frater</span> 
     </span>
    </p>
   </div>
   <div class='ocr_carea' id='block_1_13' title="bbox 494 1181 2149 1254">
    <p class='ocr_par' dir='ltr' id='par_1_13' title="bbox 494 1181 2149 1254">
     <span class='ocr_line' id='line_1_13' title="bbox 494 1181 2149 1254; baseline -0.002 -14"><span class='ocrx_word' id='word_1_74' title='bbox 494 1188 634 1240; x_wconf 79' lang='lat' dir='ltr'>tuus</span> <span class='ocrx_word' id='word_1_75' title='bbox 651 1183 1016 1253; x_wconf 79' lang='lat' dir='ltr'>peccaverit,</span> <span class='ocrx_word' id='word_1_76' title='bbox 1047 1183 1284 1254; x_wconf 80' lang='lat' dir='ltr'>corripe</span> <span class='ocrx_word' id='word_1_77' title='bbox 1313 1198 1445 1240; x_wconf 90' lang='lat' dir='ltr'>eum</span> <span class='ocrx_word' id='word_1_78' title='bbox 1471 1183 1628 1239; x_wconf 87' lang='lat' dir='ltr'>inter</span> <span class='ocrx_word' id='word_1_79' title='bbox 1651 1188 1708 1238; x_wconf 88' lang='lat' dir='ltr'>te</span> <span class='ocrx_word' id='word_1_80' title='bbox 1732 1186 1786 1238; x_wconf 88' lang='lat' dir='ltr'>et</span> <span class='ocrx_word' id='word_1_81' title='bbox 1821 1183 2014 1251; x_wconf 82' lang='lat' dir='ltr'>ipsum</span> <span class='ocrx_word' id='word_1_82' title='bbox 2043 1195 2068 1236; x_wconf 93' lang='grc'>.·</span> <span class='ocrx_word' id='word_1_83' title='bbox 2095 1181 2149 1236; x_wconf 92' lang='lat' dir='ltr'>si</span> 
     </span>
    </p>
   </div>
   <div class='ocr_carea' id='block_1_14' title="bbox 495 1271 2148 1344">
    <p class='ocr_par' dir='ltr' id='par_1_14' title="bbox 495 1271 2148 1344">
     <span class='ocr_line' id='line_1_14' title="bbox 495 1271 2148 1344; baseline -0.001 -15"><span class='ocrx_word' id='word_1_84' title='bbox 495 1277 552 1329; x_wconf 87' lang='lat' dir='ltr'>te</span> <span class='ocrx_word' id='word_1_85' title='bbox 580 1288 697 1329; x_wconf 82' lang='lat' dir='ltr'>non</span> <span class='ocrx_word' id='word_1_86' title='bbox 727 1273 1012 1342; x_wconf 85' lang='lat' dir='ltr'>audierit,</span> <span class='ocrx_word' id='word_1_87' title='bbox 1043 1288 1277 1330; x_wconf 84' lang='lat' dir='ltr'>assume</span> <span class='ocrx_word' id='word_1_88' title='bbox 1306 1277 1498 1330; x_wconf 84' lang='lat' dir='ltr'>tecum</span> <span class='ocrx_word' id='word_1_89' title='bbox 1529 1273 1720 1329; x_wconf 86' lang='lat' dir='ltr'>alium</span> <span class='ocrx_word' id='word_1_90' title='bbox 1751 1288 1764 1326; x_wconf 92' lang='lat'>:</span> <span class='ocrx_word' id='word_1_91' title='bbox 1797 1272 1958 1344; x_wconf 81' lang='lat' dir='ltr'>quod</span> <span class='ocrx_word' id='word_1_92' title='bbox 1989 1271 2044 1327; x_wconf 92' lang='lat' dir='ltr'>si</span> <span class='ocrx_word' id='word_1_93' title='bbox 2071 1285 2148 1327; x_wconf 82' lang='lat' dir='ltr'>ne</span> 
     </span>
    </p>
   </div>
   <div class='ocr_carea' id='block_1_15' title="bbox 390 1361 2145 1438">
    <p class='ocr_par' dir='ltr' id='par_1_15' title="bbox 390 1361 2145 1438">
     <span class='ocr_line' id='line_1_15' title="bbox 390 1361 2145 1438; baseline -0.002 -18"><span class='ocrx_word' id='word_1_94' title='bbox 390 1420 404 1438; x_wconf 69' lang='grc'>,</span> <span class='ocrx_word' id='word_1_95' title='bbox 493 1362 580 1420; x_wconf 76' lang='lat' dir='ltr'>sic</span> <span class='ocrx_word' id='word_1_96' title='bbox 608 1362 868 1435; x_wconf 83' lang='lat' dir='ltr'>quidem,</span> <span class='ocrx_word' id='word_1_97' title='bbox 900 1363 998 1419; x_wconf 86' lang='lat' dir='ltr'>dic</span> <span class='ocrx_word' id='word_1_98' title='bbox 1020 1363 1334 1433; x_wconf 55' lang='lat' dir='ltr'>Ecclesia;</span> <span class='ocrx_word' id='word_1_99' title='bbox 1363 1363 1417 1419; x_wconf 92' lang='lat' dir='ltr'>si</span> <span class='ocrx_word' id='word_1_100' title='bbox 1443 1377 1580 1419; x_wconf 86' lang='lat' dir='ltr'>vero</span> <span class='ocrx_word' id='word_1_101' title='bbox 1609 1376 1798 1433; x_wconf 83' lang='lat' dir='ltr'>neque</span> <span class='ocrx_word' id='word_1_102' title='bbox 1820 1361 2145 1417; x_wconf 78' lang='lat' dir='ltr'>Ecclesium</span> 
     </span>
    </p>
   </div>
   <div class='ocr_carea' id='block_1_16' title="bbox 495 1449 2146 1521">
    <p class='ocr_par' dir='ltr' id='par_1_16' title="bbox 495 1449 2146 1521">
     <span class='ocr_line' id='line_1_16' title="bbox 495 1449 2146 1521; baseline -0.002 -13"><span class='ocrx_word' id='word_1_103' title='bbox 495 1453 779 1518; x_wconf 81' lang='lat' dir='ltr'>audierit,</span> <span class='ocrx_word' id='word_1_104' title='bbox 804 1454 878 1508; x_wconf 84' lang='lat' dir='ltr'>sit</span> <span class='ocrx_word' id='word_1_105' title='bbox 902 1453 1012 1509; x_wconf 83' lang='lat' dir='ltr'>tibi</span> <span class='ocrx_word' id='word_1_106' title='bbox 1041 1457 1104 1508; x_wconf 87' lang='lat' dir='ltr'>ut</span> <span class='ocrx_word' id='word_1_107' title='bbox 1129 1451 1403 1510; x_wconf 83' lang='lat' dir='ltr'>ethnicus</span> <span class='ocrx_word' id='word_1_108' title='bbox 1434 1458 1490 1508; x_wconf 90' lang='lat' dir='ltr'>et</span> <span class='ocrx_word' id='word_1_109' title='bbox 1513 1451 1955 1521; x_wconf 58' lang='lat' dir='ltr'>publicanus“.</span> <span class='ocrx_word' id='word_1_110' title='bbox 1973 1449 2146 1516; x_wconf 87' lang='lat' dir='ltr'>Quod</span> 
     </span>
    </p>
   </div>
   <div class='ocr_carea' id='block_1_17' title="bbox 491 1539 2142 1613">
    <p class='ocr_par' dir='ltr' id='par_1_17' title="bbox 491 1539 2142 1613">
     <span class='ocr_line' id='line_1_17' title="bbox 491 1539 2142 1613; baseline -0.002 -16"><span class='ocrx_word' id='word_1_111' title='bbox 491 1541 693 1613; x_wconf 86' lang='lat' dir='ltr'>ipsum</span> <span class='ocrx_word' id='word_1_112' title='bbox 726 1543 783 1595; x_wconf 92' lang='lat' dir='ltr'>et</span> <span class='ocrx_word' id='word_1_113' title='bbox 810 1540 872 1596; x_wconf 90' lang='lat' dir='ltr'>in</span> <span class='ocrx_word' id='word_1_114' title='bbox 900 1539 1016 1597; x_wconf 90' lang='lat' dir='ltr'>isto</span> <span class='ocrx_word' id='word_1_115' title='bbox 1044 1541 1272 1597; x_wconf 88' lang='lat' dir='ltr'>factum</span> <span class='ocrx_word' id='word_1_116' title='bbox 1291 1539 1420 1596; x_wconf 84' lang='lat' dir='ltr'>fuit.</span> <span class='ocrx_word' id='word_1_117' title='bbox 1445 1539 1638 1596; x_wconf 89' lang='lat' dir='ltr'>Semel</span> <span class='ocrx_word' id='word_1_118' title='bbox 1663 1543 1984 1596; x_wconf 86' lang='lat' dir='ltr'>accusatus</span> <span class='ocrx_word' id='word_1_119' title='bbox 2017 1543 2142 1595; x_wconf 90' lang='lat' dir='ltr'>est:</span> 
     </span>
    </p>
   </div>
   <div class='ocr_carea' id='block_1_18' title="bbox 493 1629 2144 1687">
    <p class='ocr_par' dir='ltr' id='par_1_18' title="bbox 493 1629 2144 1687">
     <span class='ocr_line' id='line_1_18' title="bbox 493 1629 2144 1687; baseline 0 -3"><span class='ocrx_word' id='word_1_120' title='bbox 493 1644 702 1686; x_wconf 89' lang='lat' dir='ltr'>coram</span> <span class='ocrx_word' id='word_1_121' title='bbox 731 1644 856 1686; x_wconf 91' lang='lat' dir='ltr'>uno</span> <span class='ocrx_word' id='word_1_122' title='bbox 885 1633 942 1686; x_wconf 85' lang='lat' dir='ltr'>et</span> <span class='ocrx_word' id='word_1_123' title='bbox 966 1629 1155 1686; x_wconf 88' lang='lat' dir='ltr'>altero</span> <span class='ocrx_word' id='word_1_124' title='bbox 1184 1631 1494 1687; x_wconf 83' lang='lat' dir='ltr'>convictus</span> <span class='ocrx_word' id='word_1_125' title='bbox 1526 1629 1634 1685; x_wconf 83' lang='lat' dir='ltr'>fuit</span> <span class='ocrx_word' id='word_1_126' title='bbox 1668 1646 1683 1684; x_wconf 87' lang='lat'>:</span> <span class='ocrx_word' id='word_1_127' title='bbox 1735 1629 1904 1685; x_wconf 85' lang='lat' dir='ltr'>tertio</span> <span class='ocrx_word' id='word_1_128' title='bbox 1936 1645 2144 1685; x_wconf 87' lang='lat' dir='ltr'>coram</span> 
     </span>
    </p>
   </div>
   <div class='ocr_carea' id='block_1_19' title="bbox 492 1717 2142 1788">
    <p class='ocr_par' dir='ltr' id='par_1_19' title="bbox 492 1717 2142 1788">
     <span class='ocr_line' id='line_1_19' title="bbox 492 1717 2142 1788; baseline -0.001 -13"><span class='ocrx_word' id='word_1_129' title='bbox 492 1717 773 1776; x_wconf 87' lang='lat' dir='ltr'>Ecclesia.</span> <span class='ocrx_word' id='word_1_130' title='bbox 811 1717 1162 1787; x_wconf 83' lang='lat' dir='ltr'>Cumigitur</span> <span class='ocrx_word' id='word_1_131' title='bbox 1207 1734 1346 1775; x_wconf 92' lang='lat' dir='ltr'>eum</span> <span class='ocrx_word' id='word_1_132' title='bbox 1386 1717 1666 1774; x_wconf 83' lang='lat' dir='ltr'>obtestati</span> <span class='ocrx_word' id='word_1_133' title='bbox 1691 1717 2005 1788; x_wconf 82' lang='lat' dir='ltr'>fuerimus,</span> <span class='ocrx_word' id='word_1_134' title='bbox 2030 1734 2142 1774; x_wconf 88' lang='lat' dir='ltr'>nec</span> 
     </span>
    </p>
   </div>
   <div class='ocr_carea' id='block_1_20' title="bbox 492 1807 2215 1881">
    <p class='ocr_par' dir='ltr' id='par_1_20' title="bbox 492 1807 2215 1881">
     <span class='ocr_line' id='line_1_20' title="bbox 492 1807 2215 1881; baseline 0.001 -17"><span class='ocrx_word' id='word_1_135' title='bbox 492 1807 878 1881; x_wconf 85' lang='lat' dir='ltr'>acquieverit,</span> <span class='ocrx_word' id='word_1_136' title='bbox 908 1807 978 1865; x_wconf 90' lang='lat' dir='ltr'>sit</span> <span class='ocrx_word' id='word_1_137' title='bbox 1008 1807 1293 1880; x_wconf 88' lang='lat' dir='ltr'>deinceps</span> <span class='ocrx_word' id='word_1_138' title='bbox 1323 1807 1902 1864; x_wconf 85' lang='lat' dir='ltr'>excommunicatus.</span> <span class='ocrx_word' id='word_1_139' title='bbox 1933 1810 1998 1864; x_wconf 84' lang='lat' dir='ltr'>Et</span> <span class='ocrx_word' id='word_1_140' title='bbox 2026 1809 2141 1865; x_wconf 91' lang='lat' dir='ltr'>hoe</span> <span class='ocrx_word' id='word_1_141' title='bbox 2175 1808 2215 1865; x_wconf 88' lang='grc' dir='ltr'><strong>Β</strong></span> 
     </span>
    </p>
   </div>
   <div class='ocr_carea' id='block_1_21' title="bbox 487 1895 2140 1970">
    <p class='ocr_par' dir='ltr' id='par_1_21' title="bbox 487 1895 2140 1970">
     <span class='ocr_line' id='line_1_21' title="bbox 487 1895 2140 1970; baseline 0.001 -17"><span class='ocrx_word' id='word_1_142' title='bbox 487 1911 652 1970; x_wconf 85' lang='lat' dir='ltr'>pago</span> <span class='ocrx_word' id='word_1_143' title='bbox 681 1896 784 1952; x_wconf 92' lang='lat' dir='ltr'>toti</span> <span class='ocrx_word' id='word_1_144' title='bbox 801 1895 1201 1963; x_wconf 88' lang='lat' dir='ltr'>denuntietur,</span> <span class='ocrx_word' id='word_1_145' title='bbox 1227 1912 1364 1952; x_wconf 91' lang='lat' dir='ltr'>eum</span> <span class='ocrx_word' id='word_1_146' title='bbox 1389 1897 1830 1953; x_wconf 85' lang='lat' dir='ltr'>admittendum</span> <span class='ocrx_word' id='word_1_147' title='bbox 1856 1913 1977 1954; x_wconf 93' lang='lat' dir='ltr'>non</span> <span class='ocrx_word' id='word_1_148' title='bbox 2009 1913 2140 1954; x_wconf 91' lang='lat' dir='ltr'>esse</span> 
     </span>
    </p>
   </div>
   <div class='ocr_carea' id='block_1_22' title="bbox 489 1983 2135 2058">
    <p class='ocr_par' dir='ltr' id='par_1_22' title="bbox 489 1983 2135 2058">
     <span class='ocr_line' id='line_1_22' title="bbox 489 1983 2135 2058; baseline 0.001 -16"><span class='ocrx_word' id='word_1_149' title='bbox 489 1985 569 2042; x_wconf 90' lang='lat' dir='ltr'>ad</span> <span class='ocrx_word' id='word_1_150' title='bbox 588 1983 772 2041; x_wconf 90' lang='lat' dir='ltr'>ullam</span> <span class='ocrx_word' id='word_1_151' title='bbox 795 2001 996 2042; x_wconf 89' lang='lat' dir='ltr'>rerum</span> <span class='ocrx_word' id='word_1_152' title='bbox 1023 1987 1102 2042; x_wconf 87' lang='lat' dir='ltr'>ad</span> <span class='ocrx_word' id='word_1_153' title='bbox 1119 1987 1308 2042; x_wconf 87' lang='lat' dir='ltr'>vitam</span> <span class='ocrx_word' id='word_1_154' title='bbox 1325 1986 1750 2058; x_wconf 85' lang='lat' dir='ltr'>pertinentium</span> <span class='ocrx_word' id='word_1_155' title='bbox 1768 1987 2135 2044; x_wconf 87' lang='lat' dir='ltr'>societatem:</span> 
     </span>
    </p>
   </div>
   <div class='ocr_carea' id='block_1_23' title="bbox 487 2074 2138 2150">
    <p class='ocr_par' dir='ltr' id='par_1_23' title="bbox 487 2074 2138 2150">
     <span class='ocr_line' id='line_1_23' title="bbox 487 2074 2138 2150; baseline 0.002 -19"><span class='ocrx_word' id='word_1_156' title='bbox 487 2077 638 2132; x_wconf 82' lang='lat' dir='ltr'>utex</span> <span class='ocrx_word' id='word_1_157' title='bbox 654 2090 726 2131; x_wconf 94' lang='lat' dir='ltr'>eo</span> <span class='ocrx_word' id='word_1_158' title='bbox 747 2074 918 2148; x_wconf 90' lang='lat' dir='ltr'>quod</span> <span class='ocrx_word' id='word_1_159' title='bbox 943 2091 1084 2132; x_wconf 90' lang='lat' dir='ltr'>cum</span> <span class='ocrx_word' id='word_1_160' title='bbox 1115 2091 1186 2132; x_wconf 90' lang='lat' dir='ltr'>eo</span> <span class='ocrx_word' id='word_1_161' title='bbox 1207 2091 1332 2132; x_wconf 90' lang='lat' dir='ltr'>non</span> <span class='ocrx_word' id='word_1_162' title='bbox 1365 2077 1886 2148; x_wconf 88' lang='lat' dir='ltr'>commisceamur,</span> <span class='ocrx_word' id='word_1_163' title='bbox 1905 2078 1952 2134; x_wconf 92' lang='lat' dir='ltr'>si</span> <span class='ocrx_word' id='word_1_164' title='bbox 1974 2093 2138 2150; x_wconf 83' lang='lat' dir='ltr'>pror-</span> 
     </span>
    </p>
   </div>
   <div class='ocr_carea' id='block_1_24' title="bbox 483 2164 2138 2239">
    <p class='ocr_par' dir='ltr' id='par_1_24' title="bbox 483 2164 2138 2239">
     <span class='ocr_line' id='line_1_24' title="bbox 483 2164 2138 2239; baseline 0.003 -19"><span class='ocrx_word' id='word_1_165' title='bbox 483 2180 591 2222; x_wconf 84' lang='lat' dir='ltr'>sus</span> <span class='ocrx_word' id='word_1_166' title='bbox 623 2164 850 2223; x_wconf 88' lang='lat' dir='ltr'>diaboli</span> <span class='ocrx_word' id='word_1_167' title='bbox 880 2165 1200 2239; x_wconf 88' lang='lat' dir='ltr'>pabulum.</span> <span class='ocrx_word' id='word_1_168' title='bbox 1233 2167 1312 2237; x_wconf 81' lang='lat'>(2)</span> <span class='ocrx_word' id='word_1_169' title='bbox 1347 2169 1416 2222; x_wconf 91' lang='lat' dir='ltr'>Ut</span> <span class='ocrx_word' id='word_1_170' title='bbox 1466 2167 1629 2222; x_wconf 90' lang='lat' dir='ltr'>enim</span> <span class='ocrx_word' id='word_1_171' title='bbox 1682 2167 1917 2238; x_wconf 86' lang='lat' dir='ltr'>pueruli</span> <span class='ocrx_word' id='word_1_172' title='bbox 1957 2167 2138 2225; x_wconf 89' lang='lat' dir='ltr'>disci-</span> 
     </span>
    </p>
   </div>
   <div class='ocr_carea' id='block_1_25' title="bbox 481 2253 2139 2327">
    <p class='ocr_par' dir='ltr' id='par_1_25' title="bbox 481 2253 2139 2327">
     <span class='ocr_line' id='line_1_25' title="bbox 481 2253 2139 2327; baseline 0.002 -17"><span class='ocrx_word' id='word_1_173' title='bbox 481 2254 787 2327; x_wconf 86' lang='lat' dir='ltr'>plinarum</span> <span class='ocrx_word' id='word_1_174' title='bbox 810 2253 1204 2327; x_wconf 78' lang='lat' dir='ltr'>negligentes,</span> <span class='ocrx_word' id='word_1_175' title='bbox 1235 2259 1373 2326; x_wconf 88' lang='lat' dir='ltr'>post</span> <span class='ocrx_word' id='word_1_176' title='bbox 1417 2255 1641 2312; x_wconf 88' lang='lat' dir='ltr'>inﬂicta</span> <span class='ocrx_word' id='word_1_177' title='bbox 1667 2256 1781 2312; x_wconf 90' lang='lat' dir='ltr'>illis</span> <span class='ocrx_word' id='word_1_178' title='bbox 1815 2273 1852 2312; x_wconf 89' lang='lat' dir='ltr'>a</span> <span class='ocrx_word' id='word_1_179' title='bbox 1881 2257 2139 2314; x_wconf 86' lang='lat' dir='ltr'>doctori-</span> 
     </span>
    </p>
   </div>
   <div class='ocr_carea' id='block_1_26' title="bbox 481 2342 2139 2420">
    <p class='ocr_par' dir='ltr' id='par_1_26' title="bbox 481 2342 2139 2420">
     <span class='ocr_line' id='line_1_26' title="bbox 481 2342 2139 2420; baseline 0.004 -22"><span class='ocrx_word' id='word_1_180' title='bbox 481 2342 599 2400; x_wconf 82' lang='lat' dir='ltr'>bus</span> <span class='ocrx_word' id='word_1_181' title='bbox 649 2342 922 2409; x_wconf 88' lang='lat' dir='ltr'>verbera,</span> <span class='ocrx_word' id='word_1_182' title='bbox 963 2343 1308 2400; x_wconf 87' lang='lat' dir='ltr'>attentiores</span> <span class='ocrx_word' id='word_1_183' title='bbox 1339 2343 1547 2415; x_wconf 78' lang='lat' dir='ltr'>effecti,</span> <span class='ocrx_word' id='word_1_184' title='bbox 1581 2350 1880 2418; x_wconf 80' lang='lat' dir='ltr'>praecepta</span> <span class='ocrx_word' id='word_1_185' title='bbox 1909 2347 2139 2420; x_wconf 82' lang='lat' dir='ltr'>ample-</span> 
     </span>
    </p>
   </div>
   <div class='ocr_carea' id='block_1_27' title="bbox 483 2434 2133 2509">
    <p class='ocr_par' dir='ltr' id='par_1_27' title="bbox 483 2434 2133 2509">
     <span class='ocr_line' id='line_1_27' title="bbox 483 2434 2133 2509; baseline 0.002 -21"><span class='ocrx_word' id='word_1_186' title='bbox 483 2436 759 2499; x_wconf 88' lang='lat' dir='ltr'>ctuntur;</span> <span class='ocrx_word' id='word_1_187' title='bbox 784 2447 1091 2506; x_wconf 85' lang='lat' dir='ltr'>quemque</span> <span class='ocrx_word' id='word_1_188' title='bbox 1109 2447 1451 2488; x_wconf 89' lang='lat' dir='ltr'>sermonem</span> <span class='ocrx_word' id='word_1_189' title='bbox 1471 2448 1547 2489; x_wconf 91' lang='lat' dir='ltr'>ne</span> <span class='ocrx_word' id='word_1_190' title='bbox 1564 2434 1850 2492; x_wconf 90' lang='lat' dir='ltr'>audiebat</span> <span class='ocrx_word' id='word_1_191' title='bbox 1867 2436 2133 2509; x_wconf 89' lang='lat' dir='ltr'>quidem,</span> 
     </span>
    </p>
   </div>
   <div class='ocr_carea' id='block_1_28' title="bbox 481 2521 2139 2597">
    <p class='ocr_par' dir='ltr' id='par_1_28' title="bbox 481 2521 2139 2597">
     <span class='ocr_line' id='line_1_28' title="bbox 481 2521 2139 2597; baseline 0.002 -19"><span class='ocrx_word' id='word_1_192' title='bbox 481 2525 810 2594; x_wconf 83' lang='lat' dir='ltr'>antequam</span> <span class='ocrx_word' id='word_1_193' title='bbox 841 2521 1222 2594; x_wconf 88' lang='lat' dir='ltr'>vapularent,</span> <span class='ocrx_word' id='word_1_194' title='bbox 1272 2521 1557 2579; x_wconf 88' lang='lat' dir='ltr'>eumdem</span> <span class='ocrx_word' id='word_1_195' title='bbox 1601 2527 1850 2597; x_wconf 89' lang='lat' dir='ltr'>accepto</span> <span class='ocrx_word' id='word_1_196' title='bbox 1874 2541 1904 2580; x_wconf 93' lang='lat' dir='ltr'>e</span> <span class='ocrx_word' id='word_1_197' title='bbox 1935 2525 2139 2596; x_wconf 79' lang='lat' dir='ltr'>ﬂagris</span> 
     </span>
    </p>
   </div>
   <div class='ocr_carea' id='block_1_29' title="bbox 480 2607 2140 2687">
    <p class='ocr_par' dir='ltr' id='par_1_29' title="bbox 480 2607 2140 2687">
     <span class='ocr_line' id='line_1_29' title="bbox 480 2607 2140 2687; baseline 0.004 -23"><span class='ocrx_word' id='word_1_198' title='bbox 480 2607 707 2678; x_wconf 89' lang='lat' dir='ltr'>dolore,</span> <span class='ocrx_word' id='word_1_199' title='bbox 736 2610 866 2682; x_wconf 90' lang='lat' dir='ltr'>jam</span> <span class='ocrx_word' id='word_1_200' title='bbox 895 2610 1036 2668; x_wconf 90' lang='lat' dir='ltr'>inde</span> <span class='ocrx_word' id='word_1_201' title='bbox 1062 2612 1285 2682; x_wconf 88' lang='lat' dir='ltr'>apertis</span> <span class='ocrx_word' id='word_1_202' title='bbox 1316 2611 1565 2669; x_wconf 86' lang='lat' dir='ltr'>auribus</span> <span class='ocrx_word' id='word_1_203' title='bbox 1594 2617 1650 2670; x_wconf 91' lang='lat' dir='ltr'>et</span> <span class='ocrx_word' id='word_1_204' title='bbox 1694 2614 1907 2672; x_wconf 86' lang='lat' dir='ltr'>auditu</span> <span class='ocrx_word' id='word_1_205' title='bbox 1946 2617 2140 2687; x_wconf 86' lang='lat' dir='ltr'>perci-</span> 
     </span>
    </p>
   </div>
   <div class='ocr_carea' id='block_1_30' title="bbox 480 2698 2141 2772">
    <p class='ocr_par' dir='ltr' id='par_1_30' title="bbox 480 2698 2141 2772">
     <span class='ocr_line' id='line_1_30' title="bbox 480 2698 2141 2772; baseline 0.004 -17"><span class='ocrx_word' id='word_1_206' title='bbox 480 2698 672 2772; x_wconf 90' lang='lat' dir='ltr'>piunt,</span> <span class='ocrx_word' id='word_1_207' title='bbox 704 2713 774 2755; x_wconf 89' lang='lat' dir='ltr'>ac</span> <span class='ocrx_word' id='word_1_208' title='bbox 826 2699 1134 2755; x_wconf 65' lang='lat' dir='ltr'>memorias</span> <span class='ocrx_word' id='word_1_209' title='bbox 1183 2700 1519 2758; x_wconf 88' lang='lat' dir='ltr'>mandant:</span> <span class='ocrx_word' id='word_1_210' title='bbox 1553 2702 1636 2758; x_wconf 91' lang='lat' dir='ltr'>sic</span> <span class='ocrx_word' id='word_1_211' title='bbox 1688 2706 1745 2758; x_wconf 92' lang='lat' dir='ltr'>et</span> <span class='ocrx_word' id='word_1_212' title='bbox 1781 2703 1876 2760; x_wconf 80' lang='lat' dir='ltr'>liis</span> <span class='ocrx_word' id='word_1_213' title='bbox 1923 2704 2141 2762; x_wconf 86' lang='lat' dir='ltr'>accidit</span> 
     </span>
    </p>
   </div>
   <div class='ocr_carea' id='block_1_31' title="bbox 479 2787 2138 2866">
    <p class='ocr_par' dir='ltr' id='par_1_31' title="bbox 479 2787 2138 2866">
     <span class='ocr_line' id='line_1_31' title="bbox 479 2787 2138 2866; baseline 0.005 -23"><span class='ocrx_word' id='word_1_214' title='bbox 479 2787 585 2861; x_wconf 90' lang='lat' dir='ltr'>qui</span> <span class='ocrx_word' id='word_1_215' title='bbox 609 2787 711 2844; x_wconf 90' lang='lat' dir='ltr'>Dei</span> <span class='ocrx_word' id='word_1_216' title='bbox 735 2787 1074 2845; x_wconf 87' lang='lat' dir='ltr'>doctrinam</span> <span class='ocrx_word' id='word_1_217' title='bbox 1093 2789 1493 2860; x_wconf 75' lang='lat' dir='ltr'>perfunctorie</span> <span class='ocrx_word' id='word_1_218' title='bbox 1518 2791 2010 2866; x_wconf 78' lang='lat' dir='ltr'>negligenterque</span> <span class='ocrx_word' id='word_1_219' title='bbox 2035 2810 2138 2850; x_wconf 90' lang='lat' dir='ltr'>au-</span> 
     </span>
    </p>
   </div>
   <div class='ocr_carea' id='block_1_32' title="bbox 477 2877 2138 2952">
    <p class='ocr_par' dir='ltr' id='par_1_32' title="bbox 477 2877 2138 2952">
     <span class='ocr_line' id='line_1_32' title="bbox 477 2877 2138 2952; baseline 0.004 -18"><span class='ocrx_word' id='word_1_220' title='bbox 477 2877 670 2943; x_wconf 79' lang='lat' dir='ltr'>dilmt,</span> <span class='ocrx_word' id='word_1_221' title='bbox 701 2877 954 2952; x_wconf 85' lang='lat' dir='ltr'>eiusque</span> <span class='ocrx_word' id='word_1_222' title='bbox 1000 2878 1292 2935; x_wconf 88' lang='lat' dir='ltr'>mandata</span> <span class='ocrx_word' id='word_1_223' title='bbox 1327 2894 1440 2948; x_wconf 88' lang='lat' dir='ltr'>pro</span> <span class='ocrx_word' id='word_1_224' title='bbox 1472 2880 1657 2937; x_wconf 88' lang='lat' dir='ltr'>nihilo</span> <span class='ocrx_word' id='word_1_225' title='bbox 1687 2881 1939 2939; x_wconf 91' lang='lat' dir='ltr'>ducunt.</span> <span class='ocrx_word' id='word_1_226' title='bbox 1974 2887 2138 2940; x_wconf 87' lang='lat' dir='ltr'>Post-</span> 
     </span>
    </p>
   </div>
   <div class='ocr_carea' id='block_1_33' title="bbox 477 2965 2136 3041">
    <p class='ocr_par' dir='ltr' id='par_1_33' title="bbox 477 2965 2136 3041">
     <span class='ocr_line' id='line_1_33' title="bbox 477 2965 2136 3041; baseline 0.005 -20"><span class='ocrx_word' id='word_1_227' title='bbox 477 2981 665 3038; x_wconf 85' lang='lat' dir='ltr'>quam</span> <span class='ocrx_word' id='word_1_228' title='bbox 693 2965 807 3039; x_wconf 91' lang='lat' dir='ltr'>ipsi</span> <span class='ocrx_word' id='word_1_229' title='bbox 855 2982 892 3022; x_wconf 90' lang='lat' dir='ltr'>a</span> <span class='ocrx_word' id='word_1_230' title='bbox 918 2969 1037 3023; x_wconf 91' lang='lat' dir='ltr'>Deo</span> <span class='ocrx_word' id='word_1_231' title='bbox 1068 2967 1459 3038; x_wconf 86' lang='lat' dir='ltr'>castigatione</span> <span class='ocrx_word' id='word_1_232' title='bbox 1490 2969 1686 3026; x_wconf 74' lang='lat' dir='ltr'>affecti</span> <span class='ocrx_word' id='word_1_233' title='bbox 1725 2970 1963 3041; x_wconf 85' lang='lat' dir='ltr'>fuerint,</span> <span class='ocrx_word' id='word_1_234' title='bbox 2008 2979 2136 3030; x_wconf 87' lang='lat' dir='ltr'>tum</span> 
     </span>
    </p>
   </div>
   <div class='ocr_carea' id='block_1_34' title="bbox 475 3055 2132 3133">
    <p class='ocr_par' dir='ltr' id='par_1_34' title="bbox 475 3055 2132 3133">
     <span class='ocr_line' id='line_1_34' title="bbox 475 3055 2132 3133; baseline 0.005 -22"><span class='ocrx_word' id='word_1_235' title='bbox 475 3055 578 3112; x_wconf 83' lang='lat' dir='ltr'>vix</span> <span class='ocrx_word' id='word_1_236' title='bbox 605 3057 853 3112; x_wconf 90' lang='lat' dir='ltr'>tandem</span> <span class='ocrx_word' id='word_1_237' title='bbox 879 3057 982 3112; x_wconf 91' lang='lat' dir='ltr'>Dei</span> <span class='ocrx_word' id='word_1_238' title='bbox 1005 3063 1308 3133; x_wconf 70' lang='lat' dir='ltr'>prtecepta</span> <span class='ocrx_word' id='word_1_239' title='bbox 1328 3059 1550 3116; x_wconf 87' lang='lat' dir='ltr'>centies</span> <span class='ocrx_word' id='word_1_240' title='bbox 1575 3059 1689 3115; x_wconf 89' lang='lat' dir='ltr'>illis</span> <span class='ocrx_word' id='word_1_241' title='bbox 1711 3061 1980 3133; x_wconf 88' lang='lat' dir='ltr'>repetita,</span> <span class='ocrx_word' id='word_1_242' title='bbox 2002 3079 2132 3120; x_wconf 89' lang='lat' dir='ltr'>cen-</span> 
     </span>
    </p>
   </div>
   <div class='ocr_carea' id='block_1_35' title="bbox 476 3145 2204 3221">
    <p class='ocr_par' dir='ltr' id='par_1_35' title="bbox 476 3145 2204 3221">
     <span class='ocr_line' id='line_1_35' title="bbox 476 3145 2204 3221; baseline 0.005 -19"><span class='ocrx_word' id='word_1_243' title='bbox 476 3145 711 3220; x_wconf 86' lang='lat' dir='ltr'>tiesque</span> <span class='ocrx_word' id='word_1_244' title='bbox 739 3145 818 3202; x_wconf 90' lang='lat' dir='ltr'>ab</span> <span class='ocrx_word' id='word_1_245' title='bbox 847 3146 936 3203; x_wconf 89' lang='lat' dir='ltr'>eis</span> <span class='ocrx_word' id='word_1_246' title='bbox 962 3146 1253 3218; x_wconf 84' lang='lat' dir='ltr'>neglecta,</span> <span class='ocrx_word' id='word_1_247' title='bbox 1285 3149 1462 3221; x_wconf 89' lang='lat' dir='ltr'>quasi</span> <span class='ocrx_word' id='word_1_248' title='bbox 1510 3149 1776 3221; x_wconf 87' lang='lat' dir='ltr'>primum</span> <span class='ocrx_word' id='word_1_249' title='bbox 1809 3153 1890 3208; x_wconf 87' lang='lat' dir='ltr'>ad</span> <span class='ocrx_word' id='word_1_250' title='bbox 1921 3167 2132 3211; x_wconf 89' lang='lat' dir='ltr'>eorum</span> <span class='ocrx_word' id='word_1_251' title='bbox 2162 3163 2204 3218; x_wconf 86' lang='lat' dir='ltr'>C</span> 
     </span>
    </p>
   </div>
   <div class='ocr_carea' id='block_1_36' title="bbox 477 3236 2134 3310">
    <p class='ocr_par' dir='ltr' id='par_1_36' title="bbox 477 3236 2134 3310">
     <span class='ocr_line' id='line_1_36' title="bbox 477 3236 2134 3310; baseline 0.004 -18"><span class='ocrx_word' id='word_1_252' title='bbox 477 3251 656 3292; x_wconf 87' lang='lat' dir='ltr'>aures</span> <span class='ocrx_word' id='word_1_253' title='bbox 677 3236 1075 3308; x_wconf 85' lang='lat' dir='ltr'>pervenirent,</span> <span class='ocrx_word' id='word_1_254' title='bbox 1107 3237 1538 3310; x_wconf 88' lang='lat' dir='ltr'>suscipiuntur,</span> <span class='ocrx_word' id='word_1_255' title='bbox 1569 3243 1635 3294; x_wconf 91' lang='lat' dir='ltr'>ut</span> <span class='ocrx_word' id='word_1_256' title='bbox 1661 3239 1758 3297; x_wconf 92' lang='lat' dir='ltr'>ille</span> <span class='ocrx_word' id='word_1_257' title='bbox 1783 3240 1866 3298; x_wconf 85' lang='lat' dir='ltr'>ait</span> <span class='ocrx_word' id='word_1_258' title='bbox 1895 3258 1909 3296; x_wconf 90' lang='lat'>:</span> <span class='ocrx_word' id='word_1_259' title='bbox 1943 3242 2134 3300; x_wconf 86' lang='lat' dir='ltr'>Disci-</span> 
     </span>
    </p>
   </div>
   <div class='ocr_carea' id='block_1_37' title="bbox 475 3325 1630 3396">
    <p class='ocr_par' dir='ltr' id='par_1_37' title="bbox 475 3325 1630 3396">
     <span class='ocr_line' id='line_1_37' title="bbox 475 3325 1630 3396; baseline 0.003 -15"><span class='ocrx_word' id='word_1_260' title='bbox 475 3326 652 3395; x_wconf 78' lang='lat' dir='ltr'>plina</span> <span class='ocrx_word' id='word_1_261' title='bbox 681 3327 924 3383; x_wconf 87' lang='lat' dir='ltr'>Domini</span> <span class='ocrx_word' id='word_1_262' title='bbox 948 3328 1146 3396; x_wconf 81' lang='lat' dir='ltr'>aperit</span> <span class='ocrx_word' id='word_1_263' title='bbox 1183 3325 1339 3384; x_wconf 79' lang='lat' dir='ltr'>mihi</span> <span class='ocrx_word' id='word_1_264' title='bbox 1364 3342 1540 3386; x_wconf 88' lang='lat' dir='ltr'>aures</span> <span class='ocrx_word' id='word_1_265' title='bbox 1561 3328 1630 3384; x_wconf 78' lang='grc'>⁸⁵.</span> 
     </span>
    </p>
   </div>
   <div class='ocr_carea' id='block_1_38' title="bbox 555 3590 2139 3668">
    <p class='ocr_par' dir='ltr' id='par_1_38' title="bbox 555 3590 2139 3668">
     <span class='ocr_line' id='line_1_38' title="bbox 555 3590 2139 3668; baseline 0.007 -22"><span class='ocrx_word' id='word_1_266' title='bbox 555 3593 606 3646; x_wconf 89' lang='lat'>6.</span> <span class='ocrx_word' id='word_1_267' title='bbox 636 3590 714 3664; x_wconf 89' lang='lat'>(3)</span> <span class='ocrx_word' id='word_1_268' title='bbox 749 3591 1280 3658; x_wconf 87' lang='lat' dir='ltr'>Quemadmodum</span> <span class='ocrx_word' id='word_1_269' title='bbox 1310 3595 1514 3651; x_wconf 89' lang='lat' dir='ltr'>autem</span> <span class='ocrx_word' id='word_1_270' title='bbox 1551 3595 1656 3668; x_wconf 90' lang='lat' dir='ltr'>qui</span> <span class='ocrx_word' id='word_1_271' title='bbox 1685 3599 1885 3655; x_wconf 88' lang='lat' dir='ltr'>mente</span> <span class='ocrx_word' id='word_1_272' title='bbox 1913 3597 2139 3656; x_wconf 83' lang='lat' dir='ltr'>inﬁrmi</span> 
     </span>
    </p>
   </div>
   <div class='ocr_carea' id='block_1_39' title="bbox 483 3681 2137 3748">
    <p class='ocr_par' dir='ltr' id='par_1_39' title="bbox 483 3681 2137 3748">
     <span class='ocr_line' id='line_1_39' title="bbox 483 3681 2137 3748; baseline 0.005 -12"><span class='ocrx_word' id='word_1_273' title='bbox 483 3683 642 3748; x_wconf 89' lang='lat' dir='ltr'>sunt,</span> <span class='ocrx_word' id='word_1_274' title='bbox 683 3681 892 3738; x_wconf 87' lang='lat' dir='ltr'>sedato</span> <span class='ocrx_word' id='word_1_275' title='bbox 925 3681 1133 3738; x_wconf 90' lang='lat' dir='ltr'>animo</span> <span class='ocrx_word' id='word_1_276' title='bbox 1175 3683 1428 3740; x_wconf 87' lang='lat' dir='ltr'>curandi</span> <span class='ocrx_word' id='word_1_277' title='bbox 1458 3701 1471 3739; x_wconf 92' lang='lat'><strong>:</strong></span> <span class='ocrx_word' id='word_1_278' title='bbox 1503 3684 1585 3741; x_wconf 88' lang='lat' dir='ltr'>ita</span> <span class='ocrx_word' id='word_1_279' title='bbox 1611 3685 1879 3744; x_wconf 87' lang='lat' dir='ltr'>vicissim</span> <span class='ocrx_word' id='word_1_280' title='bbox 1931 3688 2010 3745; x_wconf 87' lang='lat' dir='ltr'>ab</span> <span class='ocrx_word' id='word_1_281' title='bbox 2065 3689 2137 3744; x_wconf 88' lang='lat' dir='ltr'>iis</span> 
     </span>
    </p>
   </div>
   <div class='ocr_carea' id='block_1_40' title="bbox 481 3770 2140 3844">
    <p class='ocr_par' dir='ltr' id='par_1_40' title="bbox 481 3770 2140 3844">
     <span class='ocr_line' id='line_1_40' title="bbox 481 3770 2140 3844; baseline 0.005 -18"><span class='ocrx_word' id='word_1_282' title='bbox 481 3770 588 3844; x_wconf 89' lang='lat' dir='ltr'>qui</span> <span class='ocrx_word' id='word_1_283' title='bbox 619 3776 922 3842; x_wconf 89' lang='lat' dir='ltr'>curantur,</span> <span class='ocrx_word' id='word_1_284' title='bbox 977 3771 1432 3842; x_wconf 79' lang='lat' dir='ltr'>objurgationes</span> <span class='ocrx_word' id='word_1_285' title='bbox 1480 3774 1604 3830; x_wconf 91' lang='lat' dir='ltr'>odii</span> <span class='ocrx_word' id='word_1_286' title='bbox 1641 3774 1774 3832; x_wconf 89' lang='lat' dir='ltr'>loco</span> <span class='ocrx_word' id='word_1_287' title='bbox 1822 3792 1944 3833; x_wconf 92' lang='lat' dir='ltr'>non</span> <span class='ocrx_word' id='word_1_288' title='bbox 1998 3783 2140 3836; x_wconf 91' lang='lat' dir='ltr'>sunt</span> 
     </span>
    </p>
   </div>
   <div class='ocr_carea' id='block_1_41' title="bbox 483 3859 2139 3935">
    <p class='ocr_par' dir='ltr' id='par_1_41' title="bbox 483 3859 2139 3935">
     <span class='ocr_line' id='line_1_41' title="bbox 483 3859 2139 3935; baseline 0.004 -17"><span class='ocrx_word' id='word_1_289' title='bbox 483 3859 877 3932; x_wconf 66' lang='lat' dir='ltr'>accipiendis,</span> <span class='ocrx_word' id='word_1_290' title='bbox 905 3877 1102 3934; x_wconf 88' lang='lat' dir='ltr'>neque</span> <span class='ocrx_word' id='word_1_291' title='bbox 1129 3878 1276 3919; x_wconf 87' lang='lat' dir='ltr'>cura</span> <span class='ocrx_word' id='word_1_292' title='bbox 1306 3877 1398 3929; x_wconf 91' lang='lat' dir='ltr'>ea,</span> <span class='ocrx_word' id='word_1_293' title='bbox 1426 3879 1561 3935; x_wconf 77' lang='lat' dir='ltr'>quae</span> <span class='ocrx_word' id='word_1_294' title='bbox 1610 3880 1683 3920; x_wconf 85' lang='lat' dir='ltr'>ex</span> <span class='ocrx_word' id='word_1_295' title='bbox 1725 3865 2139 3926; x_wconf 86' lang='lat' dir='ltr'>misericordia</span> 
     </span>
    </p>
   </div>
   <div class='ocr_carea' id='block_1_42' title="bbox 484 3948 2139 4023">
    <p class='ocr_par' dir='ltr' id='par_1_42' title="bbox 484 3948 2139 4023">
     <span class='ocr_line' id='line_1_42' title="bbox 484 3948 2139 4023; baseline 0.007 -19"><span class='ocrx_word' id='word_1_296' title='bbox 484 3948 564 4004; x_wconf 88' lang='lat' dir='ltr'>ad</span> <span class='ocrx_word' id='word_1_297' title='bbox 586 3949 805 4005; x_wconf 68' lang='lat' dir='ltr'>animae</span> <span class='ocrx_word' id='word_1_298' title='bbox 837 3965 1046 4007; x_wconf 89' lang='lat' dir='ltr'>eorum</span> <span class='ocrx_word' id='word_1_299' title='bbox 1092 3950 1348 4008; x_wconf 88' lang='lat' dir='ltr'>salutem</span> <span class='ocrx_word' id='word_1_300' title='bbox 1379 3951 1717 4023; x_wconf 88' lang='lat' dir='ltr'>adhibetur,</span> <span class='ocrx_word' id='word_1_301' title='bbox 1741 3954 2022 4014; x_wconf 89' lang='lat' dir='ltr'>ducenda</span> <span class='ocrx_word' id='word_1_302' title='bbox 2049 3962 2139 4015; x_wconf 89' lang='lat' dir='ltr'>est</span> 
     </span>
    </p>
   </div>
   <div class='ocr_carea' id='block_1_43' title="bbox 483 4037 2139 4115">
    <p class='ocr_par' dir='ltr' id='par_1_43' title="bbox 483 4037 2139 4115">
     <span class='ocr_line' id='line_1_43' title="bbox 483 4037 2139 4115; baseline 0.008 -24"><span class='ocrx_word' id='word_1_303' title='bbox 483 4051 596 4110; x_wconf 87' lang='lat' dir='ltr'>pro</span> <span class='ocrx_word' id='word_1_304' title='bbox 625 4037 964 4107; x_wconf 87' lang='lat' dir='ltr'>tyrannide.</span> <span class='ocrx_word' id='word_1_305' title='bbox 991 4041 1184 4111; x_wconf 89' lang='lat' dir='ltr'>Turpe</span> <span class='ocrx_word' id='word_1_306' title='bbox 1213 4045 1302 4096; x_wconf 92' lang='lat' dir='ltr'>est</span> <span class='ocrx_word' id='word_1_307' title='bbox 1325 4041 1487 4097; x_wconf 91' lang='lat' dir='ltr'>enim</span> <span class='ocrx_word' id='word_1_308' title='bbox 1516 4057 1620 4098; x_wconf 86' lang='lat' dir='ltr'>eos</span> <span class='ocrx_word' id='word_1_309' title='bbox 1667 4043 1773 4115; x_wconf 90' lang='lat' dir='ltr'>qui</span> <span class='ocrx_word' id='word_1_310' title='bbox 1808 4060 1971 4114; x_wconf 80' lang='lat' dir='ltr'>aegro</span> <span class='ocrx_word' id='word_1_311' title='bbox 2006 4063 2139 4103; x_wconf 88' lang='lat' dir='ltr'>cor-</span> 
     </span>
    </p>
   </div>
   <div class='ocr_carea' id='block_1_44' title="bbox 483 4129 2141 4201">
    <p class='ocr_par' dir='ltr' id='par_1_44' title="bbox 483 4129 2141 4201">
     <span class='ocr_line' id='line_1_44' title="bbox 483 4129 2141 4201; baseline 0.008 -21"><span class='ocrx_word' id='word_1_312' title='bbox 483 4139 632 4198; x_wconf 89' lang='lat' dir='ltr'>pore</span> <span class='ocrx_word' id='word_1_313' title='bbox 662 4129 826 4196; x_wconf 92' lang='lat' dir='ltr'>sunt,</span> <span class='ocrx_word' id='word_1_314' title='bbox 859 4131 1093 4183; x_wconf 89' lang='lat' dir='ltr'>tantum</span> <span class='ocrx_word' id='word_1_315' title='bbox 1131 4129 1380 4185; x_wconf 90' lang='lat' dir='ltr'>medicis</span> <span class='ocrx_word' id='word_1_316' title='bbox 1413 4130 1737 4201; x_wconf 83' lang='lat' dir='ltr'>confidere,</span> <span class='ocrx_word' id='word_1_317' title='bbox 1778 4137 1843 4189; x_wconf 90' lang='lat' dir='ltr'>ut</span> <span class='ocrx_word' id='word_1_318' title='bbox 1880 4136 2006 4192; x_wconf 88' lang='lat' dir='ltr'>sive</span> <span class='ocrx_word' id='word_1_319' title='bbox 2053 4151 2141 4193; x_wconf 90' lang='lat' dir='ltr'>se-</span> 
     </span>
    </p>
   </div>
   <div class='ocr_carea' id='block_1_45' title="bbox 485 4215 2139 4286">
    <p class='ocr_par' dir='ltr' id='par_1_45' title="bbox 485 4215 2139 4286">
     <span class='ocr_line' id='line_1_45' title="bbox 485 4215 2139 4286; baseline 0.007 -17"><span class='ocrx_word' id='word_1_320' title='bbox 485 4218 638 4286; x_wconf 84' lang='lat' dir='ltr'>cent,</span> <span class='ocrx_word' id='word_1_321' title='bbox 670 4215 798 4271; x_wconf 89' lang='lat' dir='ltr'>sive</span> <span class='ocrx_word' id='word_1_322' title='bbox 827 4221 1026 4286; x_wconf 89' lang='lat' dir='ltr'>urant,</span> <span class='ocrx_word' id='word_1_323' title='bbox 1076 4217 1200 4273; x_wconf 89' lang='lat' dir='ltr'>sive</span> <span class='ocrx_word' id='word_1_324' title='bbox 1249 4218 1638 4275; x_wconf 90' lang='lat' dir='ltr'>amarulentis</span> <span class='ocrx_word' id='word_1_325' title='bbox 1682 4221 2139 4281; x_wconf 89' lang='lat' dir='ltr'>medicamentis</span> 
     </span>
    </p>
   </div>
   <div class='ocr_carea' id='block_1_46' title="bbox 484 4303 2139 4379">
    <p class='ocr_par' dir='ltr' id='par_1_46' title="bbox 484 4303 2139 4379">
     <span class='ocr_line' id='line_1_46' title="bbox 484 4303 2139 4379; baseline 0.007 -19"><span class='ocrx_word' id='word_1_326' title='bbox 484 4303 827 4361; x_wconf 88' lang='lat' dir='ltr'>molestiam</span> <span class='ocrx_word' id='word_1_327' title='bbox 857 4309 1078 4375; x_wconf 91' lang='lat' dir='ltr'>creent,</span> <span class='ocrx_word' id='word_1_328' title='bbox 1109 4305 1282 4379; x_wconf 92' lang='lat' dir='ltr'>ipsos</span> <span class='ocrx_word' id='word_1_329' title='bbox 1307 4306 1382 4364; x_wconf 91' lang='lat' dir='ltr'>de</span> <span class='ocrx_word' id='word_1_330' title='bbox 1410 4323 1472 4363; x_wconf 88' lang='lat' dir='ltr'>se</span> <span class='ocrx_word' id='word_1_331' title='bbox 1499 4307 1652 4365; x_wconf 91' lang='lat' dir='ltr'>bene</span> <span class='ocrx_word' id='word_1_332' title='bbox 1680 4310 1924 4368; x_wconf 86' lang='lat' dir='ltr'>meritos</span> <span class='ocrx_word' id='word_1_333' title='bbox 1954 4312 2139 4372; x_wconf 91' lang='lat' dir='ltr'>fuisse</span> 
     </span>
    </p>
   </div>
   <div class='ocr_carea' id='block_1_47' title="bbox 482 4397 2139 4468">
    <p class='ocr_par' dir='ltr' id='par_1_47' title="bbox 482 4397 2139 4468">
     <span class='ocr_line' id='line_1_47' title="bbox 482 4397 2139 4468; baseline 0.007 -19"><span class='ocrx_word' id='word_1_334' title='bbox 482 4397 722 4468; x_wconf 90' lang='lat' dir='ltr'>putent;</span> <span class='ocrx_word' id='word_1_335' title='bbox 745 4409 858 4451; x_wconf 91' lang='lat' dir='ltr'>nos</span> <span class='ocrx_word' id='word_1_336' title='bbox 872 4411 1015 4452; x_wconf 92' lang='lat' dir='ltr'>vero</span> <span class='ocrx_word' id='word_1_337' title='bbox 1037 4410 1180 4466; x_wconf 86' lang='lat' dir='ltr'>erga</span> <span class='ocrx_word' id='word_1_338' title='bbox 1209 4397 1558 4454; x_wconf 89' lang='lat' dir='ltr'>animarum</span> <span class='ocrx_word' id='word_1_339' title='bbox 1586 4404 1930 4458; x_wconf 87' lang='lat' dir='ltr'>nostrarum</span> <span class='ocrx_word' id='word_1_340' title='bbox 1952 4404 2139 4461; x_wconf 88' lang='lat' dir='ltr'>medi-</span> 
     </span>
    </p>
   </div>
   <div class='ocr_carea' id='block_1_48' title="bbox 483 4483 2216 4574">
    <p class='ocr_par' dir='ltr' id='par_1_48' title="bbox 483 4483 2216 4574">
     <span class='ocr_line' id='line_1_48' title="bbox 483 4483 2216 4574; baseline 0.006 -34"><span class='ocrx_word' id='word_1_341' title='bbox 483 4497 606 4556; x_wconf 87' lang='lat' dir='ltr'>cos,</span> <span class='ocrx_word' id='word_1_342' title='bbox 639 4483 888 4556; x_wconf 89' lang='lat' dir='ltr'>quando</span> <span class='ocrx_word' id='word_1_343' title='bbox 918 4483 1240 4558; x_wconf 85' lang='lat' dir='ltr'>disciplina</span> <span class='ocrx_word' id='word_1_344' title='bbox 1258 4485 1500 4544; x_wconf 90' lang='lat' dir='ltr'>duriore</span> <span class='ocrx_word' id='word_1_345' title='bbox 1527 4487 1781 4545; x_wconf 87' lang='lat' dir='ltr'>salutem</span> <span class='ocrx_word' id='word_1_346' title='bbox 1803 4491 1980 4548; x_wconf 88' lang='lat' dir='ltr'>nobis</span> <span class='ocrx_word' id='word_1_347' title='bbox 1999 4493 2138 4550; x_wconf 79' lang='lat' dir='ltr'>affe-</span> <span class='ocrx_word' id='word_1_348' title='bbox 2171 4516 2216 4574; x_wconf 70' lang='grc' dir='ltr'>Β</span> 
     </span>
    </p>
   </div>
   <div class='ocr_carea' id='block_1_49' title="bbox 483 4574 2137 4653">
    <p class='ocr_par' dir='ltr' id='par_1_49' title="bbox 483 4574 2137 4653">
     <span class='ocr_line' id='line_1_49' title="bbox 483 4574 2137 4653; baseline 0.007 -24"><span class='ocrx_word' id='word_1_349' title='bbox 483 4578 643 4643; x_wconf 85' lang='lat' dir='ltr'>runt,</span> <span class='ocrx_word' id='word_1_350' title='bbox 667 4589 790 4630; x_wconf 90' lang='lat' dir='ltr'>non</span> <span class='ocrx_word' id='word_1_351' title='bbox 819 4574 1033 4631; x_wconf 89' lang='lat' dir='ltr'>eodem</span> <span class='ocrx_word' id='word_1_352' title='bbox 1073 4576 1254 4632; x_wconf 88' lang='lat' dir='ltr'>modo</span> <span class='ocrx_word' id='word_1_353' title='bbox 1284 4575 1462 4634; x_wconf 73' lang='lat' dir='ltr'>affici.</span> <span class='ocrx_word' id='word_1_354' title='bbox 1494 4578 1570 4649; x_wconf 74' lang='grc'>(4)</span> <span class='ocrx_word' id='word_1_355' title='bbox 1603 4579 1858 4644; x_wconf 88' lang='lat' dir='ltr'>Quando</span> <span class='ocrx_word' id='word_1_356' title='bbox 1890 4582 2137 4653; x_wconf 87' lang='lat' dir='ltr'>quidem</span> 
     </span>
    </p>
   </div>
   <div class='ocr_carea' id='block_1_50' title="bbox 483 4663 2138 4743">
    <p class='ocr_par' dir='ltr' id='par_1_50' title="bbox 483 4663 2138 4743">
     <span class='ocr_line' id='line_1_50' title="bbox 483 4663 2138 4743; baseline 0.007 -24"><span class='ocrx_word' id='word_1_357' title='bbox 483 4663 742 4721; x_wconf 90' lang='lat' dir='ltr'>terribile</span> <span class='ocrx_word' id='word_1_358' title='bbox 793 4664 1092 4737; x_wconf 88' lang='lat' dir='ltr'>judicium</span> <span class='ocrx_word' id='word_1_359' title='bbox 1144 4666 1420 4723; x_wconf 89' lang='lat' dir='ltr'>imminet</span> <span class='ocrx_word' id='word_1_360' title='bbox 1469 4667 1752 4739; x_wconf 71' lang='lat' dir='ltr'>praefecto</span> <span class='ocrx_word' id='word_1_361' title='bbox 1791 4669 1968 4743; x_wconf 72' lang='grc'><strong>482</strong></span> <span class='ocrx_word' id='word_1_362' title='bbox 2014 4689 2138 4730; x_wconf 92' lang='lat' dir='ltr'>non</span> 
     </span>
    </p>
   </div>
   <div class='ocr_carea' id='block_1_51' title="bbox 481 4751 2140 4828">
    <p class='ocr_par' dir='ltr' id='par_1_51' title="bbox 481 4751 2140 4828">
     <span class='ocr_line' id='line_1_51' title="bbox 481 4751 2140 4828; baseline 0.007 -21"><span class='ocrx_word' id='word_1_363' title='bbox 481 4751 867 4823; x_wconf 84' lang='lat' dir='ltr'>redarguenti</span> <span class='ocrx_word' id='word_1_364' title='bbox 889 4759 1242 4828; x_wconf 90' lang='lat' dir='ltr'>peccantes:</span> <span class='ocrx_word' id='word_1_365' title='bbox 1273 4755 1324 4811; x_wconf 90' lang='lat' dir='ltr'>is</span> <span class='ocrx_word' id='word_1_366' title='bbox 1350 4756 1442 4812; x_wconf 90' lang='lat' dir='ltr'>cui</span> <span class='ocrx_word' id='word_1_367' title='bbox 1467 4756 1838 4815; x_wconf 88' lang='lat' dir='ltr'>demandata</span> <span class='ocrx_word' id='word_1_368' title='bbox 1858 4765 1948 4816; x_wconf 89' lang='lat' dir='ltr'>est</span> <span class='ocrx_word' id='word_1_369' title='bbox 1975 4777 2140 4820; x_wconf 89' lang='lat' dir='ltr'>com-</span> 
     </span>
    </p>
   </div>
   <div class='ocr_carea' id='block_1_52' title="bbox 482 4839 2135 4922">
    <p class='ocr_par' dir='ltr' id='par_1_52' title="bbox 482 4839 2135 4922">
     <span class='ocr_line' id='line_1_52' title="bbox 482 4839 2135 4922; baseline 0.007 -26"><span class='ocrx_word' id='word_1_370' title='bbox 482 4839 686 4897; x_wconf 90' lang='lat' dir='ltr'>munis</span> <span class='ocrx_word' id='word_1_371' title='bbox 717 4858 883 4912; x_wconf 89' lang='lat' dir='ltr'>eura,</span> <span class='ocrx_word' id='word_1_372' title='bbox 941 4847 1007 4900; x_wconf 92' lang='lat' dir='ltr'>ut</span> <span class='ocrx_word' id='word_1_373' title='bbox 1051 4843 1349 4901; x_wconf 88' lang='lat' dir='ltr'>rationem</span> <span class='ocrx_word' id='word_1_374' title='bbox 1385 4844 1461 4902; x_wconf 90' lang='lat' dir='ltr'>de</span> <span class='ocrx_word' id='word_1_375' title='bbox 1491 4845 1744 4916; x_wconf 83' lang='lat' dir='ltr'>singulis</span> <span class='ocrx_word' id='word_1_376' title='bbox 1772 4848 2135 4922; x_wconf 88' lang='lat' dir='ltr'>redditurus,</span> 
     </span>
    </p>
   </div>
   <div class='ocr_carea' id='block_1_53' title="bbox 481 4929 2137 5006">
    <p class='ocr_par' dir='ltr' id='par_1_53' title="bbox 481 4929 2137 5006">
     <span class='ocr_line' id='line_1_53' title="bbox 481 4929 2137 5006; baseline 0.008 -21"><span class='ocrx_word' id='word_1_377' title='bbox 481 4929 566 4986; x_wconf 89' lang='lat' dir='ltr'>ita</span> <span class='ocrx_word' id='word_1_378' title='bbox 602 4945 816 5001; x_wconf 89' lang='lat' dir='ltr'>parare</span> <span class='ocrx_word' id='word_1_379' title='bbox 863 4947 926 4988; x_wconf 89' lang='lat' dir='ltr'>se</span> <span class='ocrx_word' id='word_1_380' title='bbox 963 4931 1178 4990; x_wconf 90' lang='lat' dir='ltr'>debet:</span> <span class='ocrx_word' id='word_1_381' title='bbox 1210 4933 1402 5006; x_wconf 90' lang='lat' dir='ltr'>probe</span> <span class='ocrx_word' id='word_1_382' title='bbox 1441 4934 1636 4990; x_wconf 91' lang='lat' dir='ltr'>sciens</span> <span class='ocrx_word' id='word_1_383' title='bbox 1681 4936 1730 4991; x_wconf 89' lang='lat' dir='ltr'>si</span> <span class='ocrx_word' id='word_1_384' title='bbox 1776 4935 2049 4996; x_wconf 89' lang='lat' dir='ltr'>inciderit</span> <span class='ocrx_word' id='word_1_385' title='bbox 2076 4941 2137 4998; x_wconf 90' lang='lat' dir='ltr'>in</span> 
     </span>
    </p>
   </div>
   <div class='ocr_carea' id='block_1_54' title="bbox 483 5019 2142 5095">
    <p class='ocr_par' dir='ltr' id='par_1_54' title="bbox 483 5019 2142 5095">
     <span class='ocr_line' id='line_1_54' title="bbox 483 5019 2142 5095; baseline 0.008 -22"><span class='ocrx_word' id='word_1_386' title='bbox 483 5022 800 5092; x_wconf 90' lang='lat' dir='ltr'>peceatum</span> <span class='ocrx_word' id='word_1_387' title='bbox 847 5019 1027 5078; x_wconf 87' lang='lat' dir='ltr'>frater</span> <span class='ocrx_word' id='word_1_388' title='bbox 1084 5039 1261 5091; x_wconf 88' lang='lat' dir='ltr'>unus,</span> <span class='ocrx_word' id='word_1_389' title='bbox 1307 5023 1405 5078; x_wconf 90' lang='lat' dir='ltr'>cui</span> <span class='ocrx_word' id='word_1_390' title='bbox 1446 5028 1624 5080; x_wconf 88' lang='lat' dir='ltr'>antea</span> <span class='ocrx_word' id='word_1_391' title='bbox 1649 5024 2142 5095; x_wconf 84' lang='lat' dir='ltr'>justiﬁeationem</span> 
     </span>
    </p>
   </div>
   <div class='ocr_carea' id='block_1_55' title="bbox 553 5159 1632 5236">
    <p class='ocr_par' dir='ltr' id='par_1_55' title="bbox 553 5159 1632 5236">
     <span class='ocr_line' id='line_1_55' title="bbox 553 5159 1632 5236; baseline 0.009 -22"><span class='ocrx_word' id='word_1_392' title='bbox 553 5163 601 5196; x_wconf 77' lang='lat'><strong>&quot;</strong></span> <span class='ocrx_word' id='word_1_393' title='bbox 632 5159 786 5218; x_wconf 85' lang='lat' dir='ltr'>Psal.</span> <span class='ocrx_word' id='word_1_394' title='bbox 811 5177 1004 5232; x_wconf 84' lang='lat' dir='ltr'>cxvm,</span> <span class='ocrx_word' id='word_1_395' title='bbox 1041 5165 1164 5221; x_wconf 87' lang='grc'>103.</span> <span class='ocrx_word' id='word_1_396' title='bbox 1249 5167 1299 5200; x_wconf 82' lang='grc'>³³</span> <span class='ocrx_word' id='word_1_397' title='bbox 1329 5167 1450 5230; x_wconf 84' lang='lat' dir='ltr'>Gal,</span> <span class='ocrx_word' id='word_1_398' title='bbox 1485 5183 1542 5236; x_wconf 81' lang='grc' dir='ltr'>ν,</span> <span class='ocrx_word' id='word_1_399' title='bbox 1575 5171 1632 5224; x_wconf 86' lang='grc'>9.</span> 
     </span>
    </p>
   </div>
   <div class='ocr_carea' id='block_1_56' title="bbox 552 5303 1476 5375">
    <p class='ocr_par' dir='ltr' id='par_1_56' title="bbox 552 5303 1476 5375">
     <span class='ocr_line' id='line_1_56' title="bbox 552 5303 1476 5375; baseline 0.001 -15"><span class='ocrx_word' id='word_1_400' title='bbox 552 5306 632 5374; x_wconf 81' lang='lat' dir='ltr'>(t)</span> <span class='ocrx_word' id='word_1_401' title='bbox 673 5307 757 5361; x_wconf 77' lang='lat' dir='ltr'>Ex</span> <span class='ocrx_word' id='word_1_402' title='bbox 787 5303 963 5375; x_wconf 89' lang='lat' dir='ltr'>epist.</span> <span class='ocrx_word' id='word_1_403' title='bbox 985 5320 1319 5370; x_wconf 72' lang='lat' dir='ltr'>CCLXXXVIII,</span> <span class='ocrx_word' id='word_1_404' title='bbox 1350 5310 1476 5364; x_wconf 78' lang='grc'>426.</span> 
     </span>
    </p>
   </div>
   <div class='ocr_carea' id='block_1_57' title="bbox 552 5377 1590 5451">
    <p class='ocr_par' dir='ltr' id='par_1_57' title="bbox 552 5377 1590 5451">
     <span class='ocr_line' id='line_1_57' title="bbox 552 5377 1590 5451; baseline 0.002 -19"><span class='ocrx_word' id='word_1_405' title='bbox 552 5379 630 5448; x_wconf 84' lang='lat'>(2)</span> <span class='ocrx_word' id='word_1_406' title='bbox 674 5379 928 5451; x_wconf 82' lang='lat' dir='ltr'>Uterque</span> <span class='ocrx_word' id='word_1_407' title='bbox 958 5377 1148 5451; x_wconf 84' lang='lat' dir='ltr'>codex</span> <span class='ocrx_word' id='word_1_408' title='bbox 1174 5378 1398 5434; x_wconf 87' lang='lat' dir='ltr'>indicat</span> <span class='ocrx_word' id='word_1_409' title='bbox 1421 5378 1590 5451; x_wconf 88' lang='lat' dir='ltr'>epist.</span> 
     </span>
    </p>
   </div>
   <div class='ocr_carea' id='block_1_58' title="bbox 551 5449 1743 5518">
    <p class='ocr_par' dir='ltr' id='par_1_58' title="bbox 551 5449 1743 5518">
     <span class='ocr_line' id='line_1_58' title="bbox 551 5449 1743 5518; baseline 0.004 -14"><span class='ocrx_word' id='word_1_410' title='bbox 551 5455 627 5518; x_wconf 87' lang='lat'>(3)</span> <span class='ocrx_word' id='word_1_411' title='bbox 673 5451 754 5504; x_wconf 79' lang='lat' dir='ltr'>Ex</span> <span class='ocrx_word' id='word_1_412' title='bbox 794 5449 1034 5518; x_wconf 76' lang='lat' dir='ltr'>Regalis</span> <span class='ocrx_word' id='word_1_413' title='bbox 1060 5451 1258 5518; x_wconf 80' lang='lat' dir='ltr'>fusius</span> <span class='ocrx_word' id='word_1_414' title='bbox 1290 5449 1588 5518; x_wconf 81' lang='lat' dir='ltr'>tractatis,</span> <span class='ocrx_word' id='word_1_415' title='bbox 1619 5455 1743 5509; x_wconf 81' lang='lat'>396.</span> 
     </span>
    </p>
   </div>
   <div class='ocr_carea' id='block_1_59' title="bbox 547 5519 987 5588">
    <p class='ocr_par' dir='ltr' id='par_1_59' title="bbox 547 5519 987 5588">
     <span class='ocr_line' id='line_1_59' title="bbox 547 5519 987 5588; baseline 0.002 -14"><span class='ocrx_word' id='word_1_416' title='bbox 547 5523 625 5588; x_wconf 70' lang='grc' dir='ltr'>(ι)</span> <span class='ocrx_word' id='word_1_417' title='bbox 665 5519 837 5587; x_wconf 89' lang='lat' dir='ltr'>lbid.,</span> <span class='ocrx_word' id='word_1_418' title='bbox 864 5523 987 5576; x_wconf 80' lang='lat' dir='ltr'>37o.</span> 
     </span>
    </p>
   </div>
   <div class='ocr_carea' id='block_1_60' title="bbox 547 5590 1765 5666">
    <p class='ocr_par' dir='ltr' id='par_1_60' title="bbox 547 5590 1765 5666">
     <span class='ocr_line' id='line_1_60' title="bbox 547 5590 1765 5666; baseline 0.009 -23"><span class='ocrx_word' id='word_1_419' title='bbox 666 5590 984 5666; x_wconf 59' lang='grc' dir='ltr'>Ἐξαρθήῖῳ.</span> <span class='ocrx_word' id='word_1_420' title='bbox 1020 5591 1221 5666; x_wconf 82' lang='lat' dir='ltr'>Codex</span> <span class='ocrx_word' id='word_1_421' title='bbox 1249 5593 1502 5666; x_wconf 42' lang='grc' dir='ltr'>1992-ἔξω</span> <span class='ocrx_word' id='word_1_422' title='bbox 1533 5591 1765 5666; x_wconf 77' lang='grc' dir='ltr'>ἀρθήτω.</span> 
     </span>
    </p>
   </div>
   <div class='ocr_carea' id='block_1_61' title="bbox 548 5661 1670 5736">
    <p class='ocr_par' dir='ltr' id='par_1_61' title="bbox 548 5661 1670 5736">
     <span class='ocr_line' id='line_1_61' title="bbox 548 5661 1670 5736; baseline 0.003 -18"><span class='ocrx_word' id='word_1_423' title='bbox 548 5662 622 5722; x_wconf 87' lang='grc'>(6)</span> <span class='ocrx_word' id='word_1_424' title='bbox 663 5661 854 5720; x_wconf 71' lang='grc' dir='ltr'>Αὑτοῦ.</span> <span class='ocrx_word' id='word_1_425' title='bbox 887 5663 1050 5722; x_wconf 89' lang='lat' dir='ltr'>Idem</span> <span class='ocrx_word' id='word_1_426' title='bbox 1076 5664 1265 5723; x_wconf 81' lang='lat' dir='ltr'>codex</span> <span class='ocrx_word' id='word_1_427' title='bbox 1295 5664 1466 5724; x_wconf 81' lang='lat' dir='ltr'>addit</span> <span class='ocrx_word' id='word_1_428' title='bbox 1488 5661 1670 5736; x_wconf 76' lang='grc' dir='ltr'>μόνον.</span> 
     </span>
    </p>
   </div>
   <div class='ocr_carea' id='block_1_62' title="bbox 1719 5169 2384 5244">
    <p class='ocr_par' dir='ltr' id='par_1_62' title="bbox 1719 5169 2384 5244">
     <span class='ocr_line' id='line_1_62' title="bbox 1719 5169 2384 5244; baseline 0.009 -20"><span class='ocrx_word' id='word_1_429' title='bbox 1719 5169 1766 5202; x_wconf 73' lang='grc'>³⁸</span> <span class='ocrx_word' id='word_1_430' title='bbox 1797 5169 1994 5227; x_wconf 73' lang='lat' dir='ltr'>Matth.</span> <span class='ocrx_word' id='word_1_431' title='bbox 2021 5188 2170 5244; x_wconf 74' lang='lat' dir='ltr'>xvnl,</span> <span class='ocrx_word' id='word_1_432' title='bbox 2195 5175 2384 5230; x_wconf 69' lang='lat'>&#39;15-&#39;17.</span> 
     </span>
    </p>
   </div>
   <div class='ocr_carea' id='block_1_63' title="bbox 2251 549 3873 627">
    <p class='ocr_par' dir='ltr' id='par_1_63' title="bbox 2251 549 3873 627">
     <span class='ocr_line' id='line_1_63' title="bbox 2251 549 3873 627; baseline 0.008 -31"><span class='ocrx_word' id='word_1_433' title='bbox 2251 550 2412 620; x_wconf 87' lang='grc' dir='ltr'>ρυγγί</span> <span class='ocrx_word' id='word_1_434' title='bbox 2459 566 2560 618; x_wconf 86' lang='grc' dir='ltr'>μου</span> <span class='ocrx_word' id='word_1_435' title='bbox 2612 551 2678 600; x_wconf 90' lang='grc' dir='ltr'>τά</span> <span class='ocrx_word' id='word_1_436' title='bbox 2725 549 2876 621; x_wconf 88' lang='grc' dir='ltr'>λόγιά</span> <span class='ocrx_word' id='word_1_437' title='bbox 2926 551 3066 605; x_wconf 75' lang='lat' dir='ltr'>aeu!</span> <span class='ocrx_word' id='word_1_438' title='bbox 3137 554 3263 626; x_wconf 72' lang='grc' dir='ltr'>ὑπὲρ</span> <span class='ocrx_word' id='word_1_439' title='bbox 3323 551 3439 626; x_wconf 84' lang='grc' dir='ltr'>με’λι</span> <span class='ocrx_word' id='word_1_440' title='bbox 3491 561 3564 624; x_wconf 82' lang='grc' dir='ltr'>τῷ</span> <span class='ocrx_word' id='word_1_441' title='bbox 3633 555 3873 627; x_wconf 82' lang='grc' dir='ltr'>στόματί</span> 
     </span>
    </p>
   </div>
   <div class='ocr_carea' id='block_1_64' title="bbox 2252 636 3861 719">
    <p class='ocr_par' dir='ltr' id='par_1_64' title="bbox 2252 636 3861 719">
     <span class='ocr_line' id='line_1_64' title="bbox 2252 636 3861 719; baseline 0.007 -34"><span class='ocrx_word' id='word_1_442' title='bbox 2252 653 2390 712; x_wconf 52' lang='grc' dir='ltr'>μουο·</span> <span class='ocrx_word' id='word_1_443' title='bbox 2423 636 2583 689; x_wconf 84' lang='grc' dir='ltr'>καὶεί</span> <span class='ocrx_word' id='word_1_444' title='bbox 2617 643 2688 710; x_wconf 77' lang='grc' dir='ltr'>μὴ</span> <span class='ocrx_word' id='word_1_445' title='bbox 2738 639 2933 712; x_wconf 79' lang='grc' dir='ltr'>ζημίαν</span> <span class='ocrx_word' id='word_1_446' title='bbox 2973 641 3199 713; x_wconf 88' lang='grc' dir='ltr'>μεγάλην</span> <span class='ocrx_word' id='word_1_447' title='bbox 3230 644 3438 713; x_wconf 81' lang='grc' dir='ltr'>ἡγεῖται</span> <span class='ocrx_word' id='word_1_448' title='bbox 3475 646 3570 701; x_wconf 78' lang='grc' dir='ltr'>την</span> <span class='ocrx_word' id='word_1_449' title='bbox 3623 641 3816 719; x_wconf 87' lang='grc' dir='ltr'>ἀργίαν</span> <span class='ocrx_word' id='word_1_450' title='bbox 3848 661 3861 675; x_wconf 90' lang='grc'><strong>·</strong></span> 
     </span>
    </p>
   </div>
   <div class='ocr_carea' id='block_1_65' title="bbox 2252 719 3859 806">
    <p class='ocr_par' dir='ltr' id='par_1_65' title="bbox 2252 719 3859 806">
     <span class='ocr_line' id='line_1_65' title="bbox 2252 719 3859 806; baseline 0.007 -32"><span class='ocrx_word' id='word_1_451' title='bbox 2252 724 2282 782; x_wconf 75' lang='grc' dir='ltr'><strong>ἦ</strong></span> <span class='ocrx_word' id='word_1_452' title='bbox 2313 719 2718 798; x_wconf 86' lang='grc' dir='ltr'>διορθωσάσθω,</span> <span class='ocrx_word' id='word_1_453' title='bbox 2762 729 2790 787; x_wconf 73' lang='grc' dir='ltr'><strong>ᾖ</strong></span> <span class='ocrx_word' id='word_1_454' title='bbox 2834 727 3099 804; x_wconf 80' lang='grc' dir='ltr'>ἐξαρθήτω</span> <span class='ocrx_word' id='word_1_455' title='bbox 3133 731 3228 800; x_wconf 78' lang='grc' dir='ltr'>(ὃ),</span> <span class='ocrx_word' id='word_1_456' title='bbox 3264 733 3346 783; x_wconf 79' lang='grc' dir='ltr'>ἵνα</span> <span class='ocrx_word' id='word_1_457' title='bbox 3382 735 3455 802; x_wconf 81' lang='grc' dir='ltr'><strong>μή</strong></span> <span class='ocrx_word' id='word_1_458' title='bbox 3489 733 3658 803; x_wconf 81' lang='grc' dir='ltr'>μικοά</span> <span class='ocrx_word' id='word_1_459' title='bbox 3715 737 3859 806; x_wconf 83' lang='grc' dir='ltr'>ζύμη</span> 
     </span>
    </p>
   </div>
   <div class='ocr_carea' id='block_1_66' title="bbox 2253 811 3861 895">
    <p class='ocr_par' dir='ltr' id='par_1_66' title="bbox 2253 811 3861 895">
     <span class='ocr_line' id='line_1_66' title="bbox 2253 811 3861 895; baseline 0.007 -31"><span class='ocrx_word' id='word_1_460' title='bbox 2253 811 2365 865; x_wconf 75' lang='grc' dir='ltr'>ὅλον</span> <span class='ocrx_word' id='word_1_461' title='bbox 2399 817 2458 866; x_wconf 84' lang='grc' dir='ltr'>τὸ</span> <span class='ocrx_word' id='word_1_462' title='bbox 2490 817 2702 889; x_wconf 68' lang='grc' dir='ltr'>φύραμα</span> <span class='ocrx_word' id='word_1_463' title='bbox 2753 814 2989 892; x_wconf 78' lang='grc' dir='ltr'>δολώσῃ.</span> <span class='ocrx_word' id='word_1_464' title='bbox 3043 818 3146 880; x_wconf 81' lang='grc' dir='ltr'>Οῦς</span> <span class='ocrx_word' id='word_1_465' title='bbox 3195 823 3297 892; x_wconf 79' lang='grc' dir='ltr'>γὰρ</span> <span class='ocrx_word' id='word_1_466' title='bbox 3327 822 3394 872; x_wconf 87' lang='grc' dir='ltr'>τά</span> <span class='ocrx_word' id='word_1_467' title='bbox 3434 823 3587 874; x_wconf 87' lang='grc' dir='ltr'>κοινά</span> <span class='ocrx_word' id='word_1_468' title='bbox 3615 821 3861 895; x_wconf 73' lang='grc' dir='ltr'>ἐπιτίμια</span> 
     </span>
    </p>
   </div>
   <div class='ocr_carea' id='block_1_67' title="bbox 2252 900 3858 984">
    <p class='ocr_par' dir='ltr' id='par_1_67' title="bbox 2252 900 3858 984">
     <span class='ocr_line' id='line_1_67' title="bbox 2252 900 3858 984; baseline 0.007 -30"><span class='ocrx_word' id='word_1_469' title='bbox 2252 900 2311 954; x_wconf 71' lang='grc' dir='ltr'>οὐ</span> <span class='ocrx_word' id='word_1_470' title='bbox 2378 907 2703 977; x_wconf 72' lang='grc' dir='ltr'>σωφρονίζει,</span> <span class='ocrx_word' id='word_1_471' title='bbox 2749 909 2867 958; x_wconf 73' lang='grc' dir='ltr'>οὔτε</span> <span class='ocrx_word' id='word_1_472' title='bbox 2913 909 2972 959; x_wconf 88' lang='grc' dir='ltr'>τὸ</span> <span class='ocrx_word' id='word_1_473' title='bbox 3023 907 3302 981; x_wconf 79' lang='grc' dir='ltr'>εἱρχθῆναι</span> <span class='ocrx_word' id='word_1_474' title='bbox 3365 916 3466 960; x_wconf 86' lang='grc' dir='ltr'>τῶν</span> <span class='ocrx_word' id='word_1_475' title='bbox 3515 909 3690 982; x_wconf 77' lang='grc' dir='ltr'>εῦχῶν</span> <span class='ocrx_word' id='word_1_476' title='bbox 3737 913 3858 984; x_wconf 79' lang='grc' dir='ltr'>ἄγει</span> 
     </span>
    </p>
   </div>
   <div class='ocr_carea' id='block_1_68' title="bbox 2253 990 3858 1072">
    <p class='ocr_par' dir='ltr' id='par_1_68' title="bbox 2253 990 3858 1072">
     <span class='ocr_line' id='line_1_68' title="bbox 2253 990 3858 1072; baseline 0.007 -28"><span class='ocrx_word' id='word_1_477' title='bbox 2253 990 2324 1052; x_wconf 84' lang='grc' dir='ltr'>εἰς</span> <span class='ocrx_word' id='word_1_478' title='bbox 2366 994 2660 1064; x_wconf 83' lang='grc' dir='ltr'>μετάνοιαν,</span> <span class='ocrx_word' id='word_1_479' title='bbox 2695 993 2895 1068; x_wconf 91' lang='grc' dir='ltr'>ἀνάγκη</span> <span class='ocrx_word' id='word_1_480' title='bbox 2943 1003 3052 1058; x_wconf 88' lang='grc' dir='ltr'>τοῖς</span> <span class='ocrx_word' id='word_1_481' title='bbox 3079 999 3222 1072; x_wconf 84' lang='grc' dir='ltr'>παρά</span> <span class='ocrx_word' id='word_1_482' title='bbox 3268 1005 3360 1050; x_wconf 88' lang='grc' dir='ltr'>τοῦ</span> <span class='ocrx_word' id='word_1_483' title='bbox 3417 1003 3616 1072; x_wconf 82' lang='grc' dir='ltr'>Κυρίου</span> <span class='ocrx_word' id='word_1_484' title='bbox 3648 995 3858 1055; x_wconf 79' lang='grc' dir='ltr'>δοθεῖσι</span> 
     </span>
    </p>
   </div>
   <div class='ocr_carea' id='block_1_69' title="bbox 2252 1083 3857 1162">
    <p class='ocr_par' dir='ltr' id='par_1_69' title="bbox 2252 1083 3857 1162">
     <span class='ocr_line' id='line_1_69' title="bbox 2252 1083 3857 1162; baseline 0.007 -30"><span class='ocrx_word' id='word_1_485' title='bbox 2252 1085 2464 1134; x_wconf 76' lang='grc' dir='ltr'>κανόσιν</span> <span class='ocrx_word' id='word_1_486' title='bbox 2521 1083 2864 1137; x_wconf 78' lang='grc' dir='ltr'>ὑποϐάλλειν·</span> <span class='ocrx_word' id='word_1_487' title='bbox 2904 1105 3200 1161; x_wconf 84' lang='grc' dir='ltr'>γεγραπται</span> <span class='ocrx_word' id='word_1_488' title='bbox 3255 1089 3357 1162; x_wconf 90' lang='grc' dir='ltr'>γάρ</span> <span class='ocrx_word' id='word_1_489' title='bbox 3393 1103 3406 1118; x_wconf 84' lang='grc'><em>’</em></span> <span class='ocrx_word' id='word_1_490' title='bbox 3468 1087 3585 1140; x_wconf 81' lang='grc' dir='ltr'>Ἐἀν</span> <span class='ocrx_word' id='word_1_491' title='bbox 3629 1090 3654 1140; x_wconf 97' lang='lat'>6</span> <span class='ocrx_word' id='word_1_492' title='bbox 3697 1086 3857 1143; x_wconf 81' lang='grc' dir='ltr'>ἀδελ-</span> 
     </span>
    </p>
   </div>
   <div class='ocr_carea' id='block_1_70' title="bbox 2253 1175 3851 1255">
    <p class='ocr_par' dir='ltr' id='par_1_70' title="bbox 2253 1175 3851 1255">
     <span class='ocr_line' id='line_1_70' title="bbox 2253 1175 3851 1255; baseline 0.006 -32"><span class='ocrx_word' id='word_1_493' title='bbox 2253 1190 2342 1242; x_wconf 77' lang='grc' dir='ltr'>φος</span> <span class='ocrx_word' id='word_1_494' title='bbox 2410 1191 2506 1225; x_wconf 92' lang='grc' dir='ltr'>σου</span> <span class='ocrx_word' id='word_1_495' title='bbox 2572 1175 2805 1255; x_wconf 66' lang='grc' dir='ltr'>άμάρτη,</span> <span class='ocrx_word' id='word_1_496' title='bbox 2873 1175 3074 1248; x_wconf 78' lang='grc' dir='ltr'>ἔλεγξον</span> <span class='ocrx_word' id='word_1_497' title='bbox 3147 1176 3300 1228; x_wconf 71' lang='grc' dir='ltr'>αὑτὸν</span> <span class='ocrx_word' id='word_1_498' title='bbox 3348 1177 3544 1250; x_wconf 83' lang='grc' dir='ltr'>μεταξὺ</span> <span class='ocrx_word' id='word_1_499' title='bbox 3611 1186 3708 1232; x_wconf 87' lang='grc' dir='ltr'>σοῦ</span> <span class='ocrx_word' id='word_1_500' title='bbox 3763 1185 3851 1233; x_wconf 78' lang='grc' dir='ltr'>καὶ</span> 
     </span>
    </p>
   </div>
   <div class='ocr_carea' id='block_1_71' title="bbox 2252 1260 3850 1348">
    <p class='ocr_par' dir='ltr' id='par_1_71' title="bbox 2252 1260 3850 1341">
     <span class='ocr_line' id='line_1_71' title="bbox 2252 1260 3850 1341; baseline 0.006 -29"><span class='ocrx_word' id='word_1_501' title='bbox 2252 1260 2410 1313; x_wconf 81' lang='grc' dir='ltr'>αὐτοῦ</span> <span class='ocrx_word' id='word_1_502' title='bbox 2473 1262 2550 1333; x_wconf 89' lang='grc'>(6)</span> <span class='ocrx_word' id='word_1_503' title='bbox 2585 1283 2597 1296; x_wconf 90' lang='grc'><strong>·</strong></span> <span class='ocrx_word' id='word_1_504' title='bbox 2666 1261 2750 1314; x_wconf 85' lang='grc' dir='ltr'>ἐάν</span> <span class='ocrx_word' id='word_1_505' title='bbox 2819 1283 2914 1317; x_wconf 89' lang='grc' dir='ltr'>σου</span> <span class='ocrx_word' id='word_1_506' title='bbox 2975 1269 3046 1337; x_wconf 78' lang='grc' dir='ltr'>μὴ</span> <span class='ocrx_word' id='word_1_507' title='bbox 3109 1264 3334 1338; x_wconf 77' lang='grc' dir='ltr'>ἀκούσῃ,</span> <span class='ocrx_word' id='word_1_508' title='bbox 3405 1267 3678 1340; x_wconf 75' lang='grc' dir='ltr'>παράλαϐε</span> <span class='ocrx_word' id='word_1_509' title='bbox 3726 1269 3850 1341; x_wconf 86' lang='grc' dir='ltr'>μετά</span> 
     </span>
    </p>
   </div>
   <div class='ocr_carea' id='block_1_72' title="bbox 2256 1352 3668 1428">
    <p class='ocr_par' dir='ltr' id='par_1_72' title="bbox 2256 1352 3668 1428">
     <span class='ocr_line' id='line_1_72' title="bbox 2256 1352 3668 1428; baseline 0.006 -27"><span class='ocrx_word' id='word_1_510' title='bbox 2256 1359 2477 1403; x_wconf 81' lang='grc' dir='ltr'>σεαυτοῦ</span> <span class='ocrx_word' id='word_1_511' title='bbox 2557 1356 2644 1404; x_wconf 90' lang='grc' dir='ltr'>καὶ</span> <span class='ocrx_word' id='word_1_512' title='bbox 2718 1353 2910 1406; x_wconf 80' lang='grc' dir='ltr'>ἄλλον·</span> <span class='ocrx_word' id='word_1_513' title='bbox 2981 1353 3065 1406; x_wconf 79' lang='grc' dir='ltr'>ἐὰν</span> <span class='ocrx_word' id='word_1_514' title='bbox 3135 1352 3194 1408; x_wconf 67' lang='grc' dir='ltr'>δὲ</span> <span class='ocrx_word' id='word_1_515' title='bbox 3268 1352 3408 1428; x_wconf 74' lang='grc' dir='ltr'>μηδὲ</span> <span class='ocrx_word' id='word_1_516' title='bbox 3484 1357 3668 1428; x_wconf 80' lang='grc' dir='ltr'>οὕτως,</span> 
     </span>
    </p>
   </div>
   <div class='ocr_carea' id='block_1_73' title="bbox 2254 1441 2717 1515">
    <p class='ocr_par' dir='ltr' id='par_1_73' title="bbox 2254 1441 2717 1515">
     <span class='ocr_line' id='line_1_73' title="bbox 2254 1441 2717 1515; baseline 0 -21"><span class='ocrx_word' id='word_1_517' title='bbox 2254 1449 2316 1514; x_wconf 74' lang='grc' dir='ltr'>τῇ</span> <span class='ocrx_word' id='word_1_518' title='bbox 2387 1441 2672 1515; x_wconf 76' lang='grc' dir='ltr'>Ἐκκλησία</span> <span class='ocrx_word' id='word_1_519' title='bbox 2705 1460 2717 1474; x_wconf 90' lang='grc'><strong>·</strong></span> 
     </span>
    </p>
   </div>
   <div class='ocr_carea' id='block_1_74' title="bbox 3748 1377 3852 1410">
    <p class='ocr_par' dir='ltr' id='par_1_74' title="bbox 3748 1377 3852 1410">
     <span class='ocr_line' id='line_1_74' title="bbox 3748 1377 3852 1410; baseline 0 0"><span class='ocrx_word' id='word_1_520' title='bbox 3748 1377 3852 1410; x_wconf 72' lang='lat' dir='ltr'>mu</span> 
     </span>
    </p>
   </div>
   <div class='ocr_carea' id='block_1_75' title="bbox 2773 1441 3861 1523">
    <p class='ocr_par' dir='ltr' id='par_1_75' title="bbox 2773 1441 3861 1523">
     <span class='ocr_line' id='line_1_75' title="bbox 2773 1441 3861 1523; baseline 0.004 -28"><span class='ocrx_word' id='word_1_521' title='bbox 2773 1442 2858 1495; x_wconf 86' lang='grc' dir='ltr'>ἐὰν</span> <span class='ocrx_word' id='word_1_522' title='bbox 2925 1441 2983 1496; x_wconf 71' lang='grc' dir='ltr'>δὲ</span> <span class='ocrx_word' id='word_1_523' title='bbox 3057 1449 3147 1497; x_wconf 82' lang='grc' dir='ltr'>καὶ</span> <span class='ocrx_word' id='word_1_524' title='bbox 3211 1453 3305 1506; x_wconf 82' lang='grc' dir='ltr'>τῆς</span> <span class='ocrx_word' id='word_1_525' title='bbox 3356 1445 3668 1509; x_wconf 89' lang='grc' dir='ltr'>Ἐκκλησίας</span> <span class='ocrx_word' id='word_1_526' title='bbox 3727 1466 3861 1523; x_wconf 85' lang='grc' dir='ltr'>παρ-</span> 
     </span>
    </p>
   </div>
   <div class='ocr_carea' id='block_1_76' title="bbox 2255 1533 3857 1604">
    <p class='ocr_par' dir='ltr' id='par_1_76' title="bbox 2255 1533 3857 1604">
     <span class='ocr_line' id='line_1_76' title="bbox 2255 1533 3857 1604; baseline 0.001 -20"><span class='ocrx_word' id='word_1_527' title='bbox 2255 1533 2482 1604; x_wconf 77' lang='grc' dir='ltr'>ακοῦση,</span> <span class='ocrx_word' id='word_1_528' title='bbox 2542 1535 2673 1584; x_wconf 87' lang='grc' dir='ltr'>ἔστω</span> <span class='ocrx_word' id='word_1_529' title='bbox 2728 1552 2813 1586; x_wconf 82' lang='grc' dir='ltr'>σοι</span> <span class='ocrx_word' id='word_1_530' title='bbox 2883 1535 2952 1595; x_wconf 82' lang='grc' dir='ltr'>ὡς</span> <span class='ocrx_word' id='word_1_531' title='bbox 3017 1535 3043 1587; x_wconf 92' lang='lat'>6</span> <span class='ocrx_word' id='word_1_532' title='bbox 3106 1533 3302 1596; x_wconf 80' lang='grc' dir='ltr'>ἐθνικὸς</span> <span class='ocrx_word' id='word_1_533' title='bbox 3367 1539 3459 1586; x_wconf 81' lang='grc' dir='ltr'>καὶ</span> <span class='ocrx_word' id='word_1_534' title='bbox 3523 1536 3548 1587; x_wconf 90' lang='lat'>6</span> <span class='ocrx_word' id='word_1_535' title='bbox 3612 1535 3857 1596; x_wconf 74' lang='grc' dir='ltr'>τελώνης.</span> 
     </span>
    </p>
   </div>
   <div class='ocr_carea' id='block_1_77' title="bbox 2251 1619 3848 1694">
    <p class='ocr_par' dir='ltr' id='par_1_77' title="bbox 2251 1619 3848 1694">
     <span class='ocr_line' id='line_1_77' title="bbox 2251 1619 3848 1694; baseline 0.002 -20"><span class='ocrx_word' id='word_1_536' title='bbox 2251 1619 2316 1674; x_wconf 80' lang='grc'>⁸0</span> <span class='ocrx_word' id='word_1_537' title='bbox 2375 1629 2498 1693; x_wconf 84' lang='grc' dir='ltr'>γοῦν</span> <span class='ocrx_word' id='word_1_538' title='bbox 2559 1621 2752 1694; x_wconf 76' lang='grc' dir='ltr'>ἐγένετο</span> <span class='ocrx_word' id='word_1_539' title='bbox 2811 1628 2902 1676; x_wconf 86' lang='grc' dir='ltr'>καὶ</span> <span class='ocrx_word' id='word_1_540' title='bbox 2970 1628 3054 1676; x_wconf 78' lang='grc' dir='ltr'>ἐπὶ</span> <span class='ocrx_word' id='word_1_541' title='bbox 3119 1620 3292 1680; x_wconf 84' lang='grc' dir='ltr'>τοῦδε.</span> <span class='ocrx_word' id='word_1_542' title='bbox 3351 1623 3526 1688; x_wconf 79' lang='grc' dir='ltr'>’Λπαξ</span> <span class='ocrx_word' id='word_1_543' title='bbox 3580 1624 3848 1691; x_wconf 75' lang='grc' dir='ltr'>ἐνεκλήθη,</span> 
     </span>
    </p>
   </div>
   <div class='ocr_carea' id='block_1_78' title="bbox 2253 1708 3855 1787">
    <p class='ocr_par' dir='ltr' id='par_1_78' title="bbox 2253 1708 3855 1787">
     <span class='ocr_line' id='line_1_78' title="bbox 2253 1708 3855 1787; baseline 0.003 -25"><span class='ocrx_word' id='word_1_544' title='bbox 2253 1709 2336 1762; x_wconf 79' lang='grc' dir='ltr'>ἐπὶ</span> <span class='ocrx_word' id='word_1_545' title='bbox 2370 1710 2474 1771; x_wconf 81' lang='grc' dir='ltr'>ἐνὸς</span> <span class='ocrx_word' id='word_1_546' title='bbox 2511 1717 2600 1764; x_wconf 81' lang='grc' dir='ltr'>καὶ</span> <span class='ocrx_word' id='word_1_547' title='bbox 2631 1708 2876 1787; x_wconf 84' lang='grc' dir='ltr'>δευτέρου</span> <span class='ocrx_word' id='word_1_548' title='bbox 2922 1709 3242 1785; x_wconf 71' lang='grc' dir='ltr'>διηλέγχθη,</span> <span class='ocrx_word' id='word_1_549' title='bbox 3287 1719 3459 1787; x_wconf 85' lang='grc' dir='ltr'>τρίτον</span> <span class='ocrx_word' id='word_1_550' title='bbox 3487 1713 3567 1767; x_wconf 80' lang='grc' dir='ltr'>ἐπὶ</span> <span class='ocrx_word' id='word_1_551' title='bbox 3613 1723 3704 1774; x_wconf 76' lang='grc' dir='ltr'>τῆς</span> <span class='ocrx_word' id='word_1_552' title='bbox 3736 1716 3855 1768; x_wconf 80' lang='grc' dir='ltr'>Ἐκ-</span> 
     </span>
    </p>
   </div>
   <div class='ocr_carea' id='block_1_79' title="bbox 2250 1798 3856 1876">
    <p class='ocr_par' dir='ltr' id='par_1_79' title="bbox 2250 1798 3856 1876">
     <span class='ocr_line' id='line_1_79' title="bbox 2250 1798 3856 1876; baseline 0.004 -26"><span class='ocrx_word' id='word_1_553' title='bbox 2250 1799 2493 1862; x_wconf 87' lang='grc' dir='ltr'>κλησίας.</span> <span class='ocrx_word' id='word_1_554' title='bbox 2564 1802 2703 1854; x_wconf 83' lang='grc' dir='ltr'>Ἐπεὶ</span> <span class='ocrx_word' id='word_1_555' title='bbox 2767 1798 2855 1854; x_wconf 77' lang='grc' dir='ltr'>οὖν</span> <span class='ocrx_word' id='word_1_556' title='bbox 2923 1799 3384 1876; x_wconf 70' lang='grc' dir='ltr'>διεμαρτυράμεθα</span> <span class='ocrx_word' id='word_1_557' title='bbox 3449 1802 3611 1874; x_wconf 68' lang='grc' dir='ltr'>αὐτῷ,</span> <span class='ocrx_word' id='word_1_558' title='bbox 3659 1807 3752 1856; x_wconf 80' lang='grc' dir='ltr'>καὶ</span> <span class='ocrx_word' id='word_1_559' title='bbox 3791 1805 3856 1857; x_wconf 73' lang='grc' dir='ltr'>οὐ</span> 
     </span>
    </p>
   </div>
   <div class='ocr_carea' id='block_1_80' title="bbox 2249 1887 3856 1966">
    <p class='ocr_par' dir='ltr' id='par_1_80' title="bbox 2249 1887 3856 1966">
     <span class='ocr_line' id='line_1_80' title="bbox 2249 1887 3856 1966; baseline 0.002 -25"><span class='ocrx_word' id='word_1_560' title='bbox 2249 1887 2582 1962; x_wconf 72' lang='grc' dir='ltr'>κατεδέξατο,</span> <span class='ocrx_word' id='word_1_561' title='bbox 2640 1889 2816 1944; x_wconf 85' lang='grc' dir='ltr'>λοιπὸν</span> <span class='ocrx_word' id='word_1_562' title='bbox 2859 1895 3008 1944; x_wconf 78' lang='grc' dir='ltr'>ἔσται</span> <span class='ocrx_word' id='word_1_563' title='bbox 3065 1893 3400 1966; x_wconf 77' lang='grc' dir='ltr'>ἔκκηρυκτος,</span> <span class='ocrx_word' id='word_1_564' title='bbox 3449 1895 3539 1945; x_wconf 83' lang='grc' dir='ltr'>καὶ</span> <span class='ocrx_word' id='word_1_565' title='bbox 3602 1889 3856 1965; x_wconf 80' lang='grc' dir='ltr'>διαγγελ-</span> 
     </span>
    </p>
   </div>
   <div class='ocr_carea' id='block_1_81' title="bbox 2251 1977 3856 2056">
    <p class='ocr_par' dir='ltr' id='par_1_81' title="bbox 2251 1977 3856 2056">
     <span class='ocr_line' id='line_1_81' title="bbox 2251 1977 3856 2056; baseline 0.004 -26"><span class='ocrx_word' id='word_1_566' title='bbox 2251 1981 2392 2037; x_wconf 76' lang='grc' dir='ltr'>θήτω</span> <span class='ocrx_word' id='word_1_567' title='bbox 2440 1981 2588 2052; x_wconf 77' lang='grc' dir='ltr'>πάση</span> <span class='ocrx_word' id='word_1_568' title='bbox 2621 1988 2683 2053; x_wconf 77' lang='grc' dir='ltr'>τῇ</span> <span class='ocrx_word' id='word_1_569' title='bbox 2736 1979 2899 2048; x_wconf 87' lang='grc' dir='ltr'>πόλει,</span> <span class='ocrx_word' id='word_1_570' title='bbox 2931 1977 3292 2056; x_wconf 85' lang='grc' dir='ltr'>ἀπρόσδεκτον</span> <span class='ocrx_word' id='word_1_571' title='bbox 3341 1981 3496 2034; x_wconf 69' lang='grc' dir='ltr'>αὐτὸν</span> <span class='ocrx_word' id='word_1_572' title='bbox 3553 1989 3682 2035; x_wconf 84' lang='grc' dir='ltr'>εῖναι</span> <span class='ocrx_word' id='word_1_573' title='bbox 3720 1986 3856 2056; x_wconf 84' lang='grc' dir='ltr'>πρὸς</span> 
     </span>
    </p>
   </div>
   <div class='ocr_carea' id='block_1_82' title="bbox 2246 2069 3851 2145">
    <p class='ocr_par' dir='ltr' id='par_1_82' title="bbox 2246 2069 3851 2145">
     <span class='ocr_line' id='line_1_82' title="bbox 2246 2069 3851 2145; baseline 0.002 -24"><span class='ocrx_word' id='word_1_574' title='bbox 2246 2074 2420 2122; x_wconf 85' lang='grc' dir='ltr'>πᾶσαν</span> <span class='ocrx_word' id='word_1_575' title='bbox 2482 2074 2751 2122; x_wconf 80' lang='grc' dir='ltr'>κοινωνίαν</span> <span class='ocrx_word' id='word_1_576' title='bbox 2803 2075 3047 2143; x_wconf 79' lang='grc' dir='ltr'>χρήσεως</span> <span class='ocrx_word' id='word_1_577' title='bbox 3092 2069 3344 2144; x_wconf 77' lang='grc' dir='ltr'>βιωτικῆς</span> <span class='ocrx_word' id='word_1_578' title='bbox 3375 2087 3386 2100; x_wconf 93' lang='grc'><strong>·</strong></span> <span class='ocrx_word' id='word_1_579' title='bbox 3443 2073 3512 2132; x_wconf 83' lang='grc' dir='ltr'>ὡς</span> <span class='ocrx_word' id='word_1_580' title='bbox 3543 2071 3598 2124; x_wconf 76' lang='grc' dir='ltr'>ἐκ</span> <span class='ocrx_word' id='word_1_581' title='bbox 3645 2079 3736 2125; x_wconf 88' lang='grc' dir='ltr'>τοῦ</span> <span class='ocrx_word' id='word_1_582' title='bbox 3775 2078 3851 2145; x_wconf 77' lang='grc' dir='ltr'>μὴ</span> 
     </span>
    </p>
   </div>
   <div class='ocr_carea' id='block_1_83' title="bbox 2249 2160 3856 2232">
    <p class='ocr_par' dir='ltr' id='par_1_83' title="bbox 2249 2160 3856 2232">
     <span class='ocr_line' id='line_1_83' title="bbox 2249 2160 3856 2232; baseline 0.002 -22"><span class='ocrx_word' id='word_1_583' title='bbox 2249 2161 2732 2232; x_wconf 73' lang='grc' dir='ltr'>συναναμίγνυσθαι</span> <span class='ocrx_word' id='word_1_584' title='bbox 2789 2163 2926 2232; x_wconf 81' lang='grc' dir='ltr'>ἡμᾶς</span> <span class='ocrx_word' id='word_1_585' title='bbox 2974 2160 3136 2231; x_wconf 71' lang='grc' dir='ltr'>αὐτῷ,</span> <span class='ocrx_word' id='word_1_586' title='bbox 3193 2165 3408 2232; x_wconf 85' lang='grc' dir='ltr'>γένηται</span> <span class='ocrx_word' id='word_1_587' title='bbox 3453 2160 3712 2224; x_wconf 76' lang='grc' dir='ltr'>παντελῶς</span> <span class='ocrx_word' id='word_1_588' title='bbox 3753 2182 3856 2214; x_wconf 77' lang='grc' dir='ltr'>καο</span> 
     </span>
    </p>
   </div>
   <div class='ocr_carea' id='block_1_84' title="bbox 2247 2246 3856 2324">
    <p class='ocr_par' dir='ltr' id='par_1_84' title="bbox 2247 2246 3856 2324">
     <span class='ocr_line' id='line_1_84' title="bbox 2247 2246 3856 2324; baseline 0.002 -24"><span class='ocrx_word' id='word_1_589' title='bbox 2247 2248 2500 2323; x_wconf 80' lang='grc' dir='ltr'>τάϐρωμα</span> <span class='ocrx_word' id='word_1_590' title='bbox 2542 2257 2634 2302; x_wconf 88' lang='grc' dir='ltr'>τοῦ</span> <span class='ocrx_word' id='word_1_591' title='bbox 2686 2246 2954 2302; x_wconf 73' lang='grc' dir='ltr'>διαϐόλου.</span> <span class='ocrx_word' id='word_1_592' title='bbox 2989 2248 3192 2324; x_wconf 81' lang='grc' dir='ltr'>Ὠσπερ</span> <span class='ocrx_word' id='word_1_593' title='bbox 3242 2252 3341 2322; x_wconf 82' lang='grc' dir='ltr'>γὰρ</span> <span class='ocrx_word' id='word_1_594' title='bbox 3397 2257 3498 2302; x_wconf 81' lang='grc' dir='ltr'>τῶν</span> <span class='ocrx_word' id='word_1_595' title='bbox 3551 2248 3758 2304; x_wconf 86' lang='grc' dir='ltr'>παίδων</span> <span class='ocrx_word' id='word_1_596' title='bbox 3801 2255 3856 2304; x_wconf 87' lang='grc' dir='ltr'>οἰ</span> 
     </span>
    </p>
   </div>
   <div class='ocr_carea' id='block_1_85' title="bbox 2247 2338 3856 2414">
    <p class='ocr_par' dir='ltr' id='par_1_85' title="bbox 2247 2338 3856 2414">
     <span class='ocr_line' id='line_1_85' title="bbox 2247 2338 3856 2414; baseline 0.001 -22"><span class='ocrx_word' id='word_1_597' title='bbox 2247 2344 2442 2409; x_wconf 82' lang='grc' dir='ltr'>νήπιοι,</span> <span class='ocrx_word' id='word_1_598' title='bbox 2507 2338 2979 2414; x_wconf 87' lang='grc' dir='ltr'>κατολιγωροῦντες</span> <span class='ocrx_word' id='word_1_599' title='bbox 3027 2349 3126 2392; x_wconf 89' lang='grc' dir='ltr'>τῶν</span> <span class='ocrx_word' id='word_1_600' title='bbox 3180 2343 3527 2414; x_wconf 77' lang='grc' dir='ltr'>μαθημάτων,</span> <span class='ocrx_word' id='word_1_601' title='bbox 3587 2344 3716 2414; x_wconf 79' lang='grc' dir='ltr'>μετά</span> <span class='ocrx_word' id='word_1_602' title='bbox 3758 2345 3856 2405; x_wconf 85' lang='grc' dir='ltr'>τάς</span> 
     </span>
    </p>
   </div>
   <div class='ocr_carea' id='block_1_86' title="bbox 2247 2426 3853 2504">
    <p class='ocr_par' dir='ltr' id='par_1_86' title="bbox 2247 2426 3853 2504">
     <span class='ocr_line' id='line_1_86' title="bbox 2247 2426 3853 2504; baseline 0.001 -22"><span class='ocrx_word' id='word_1_603' title='bbox 2247 2431 2527 2503; x_wconf 86' lang='grc' dir='ltr'>μάστιγας,</span> <span class='ocrx_word' id='word_1_604' title='bbox 2556 2427 2617 2492; x_wconf 80' lang='grc' dir='ltr'>ἃς</span> <span class='ocrx_word' id='word_1_605' title='bbox 2649 2426 2967 2483; x_wconf 81' lang='grc' dir='ltr'>διδάσκαλοι</span> <span class='ocrx_word' id='word_1_606' title='bbox 2997 2429 3174 2492; x_wconf 79' lang='grc' dir='ltr'>αὐτοῖς</span> <span class='ocrx_word' id='word_1_607' title='bbox 3224 2431 3253 2490; x_wconf 76' lang='grc' dir='ltr'>ἧ</span> <span class='ocrx_word' id='word_1_608' title='bbox 3292 2427 3630 2502; x_wconf 78' lang='grc' dir='ltr'>παιδαγωγοὶ</span> <span class='ocrx_word' id='word_1_609' title='bbox 3684 2451 3853 2504; x_wconf 86' lang='grc' dir='ltr'>προσ-</span> 
     </span>
    </p>
   </div>
   <div class='ocr_carea' id='block_1_87' title="bbox 2249 2516 3851 2595">
    <p class='ocr_par' dir='ltr' id='par_1_87' title="bbox 2249 2516 3851 2595">
     <span class='ocr_line' id='line_1_87' title="bbox 2249 2516 3851 2595; baseline 0 -23"><span class='ocrx_word' id='word_1_610' title='bbox 2249 2520 2462 2592; x_wconf 83' lang='grc' dir='ltr'>άγουσι,</span> <span class='ocrx_word' id='word_1_611' title='bbox 2494 2524 2904 2595; x_wconf 85' lang='grc' dir='ltr'>προσεχέστεροι</span> <span class='ocrx_word' id='word_1_612' title='bbox 2961 2516 3213 2592; x_wconf 79' lang='grc' dir='ltr'>δέχονται</span> <span class='ocrx_word' id='word_1_613' title='bbox 3252 2524 3318 2572; x_wconf 82' lang='grc' dir='ltr'>τά</span> <span class='ocrx_word' id='word_1_614' title='bbox 3375 2517 3676 2592; x_wconf 76' lang='grc' dir='ltr'>διδάγματα</span> <span class='ocrx_word' id='word_1_615' title='bbox 3701 2537 3714 2550; x_wconf 79' lang='grc'><strong><em>⁸</em></strong></span> <span class='ocrx_word' id='word_1_616' title='bbox 3756 2525 3851 2572; x_wconf 79' lang='grc' dir='ltr'>καὶ</span> 
     </span>
    </p>
   </div>
   <div class='ocr_carea' id='block_1_88' title="bbox 2250 2609 3848 2684">
    <p class='ocr_par' dir='ltr' id='par_1_88' title="bbox 2250 2609 3848 2684">
     <span class='ocr_line' id='line_1_88' title="bbox 2250 2609 3848 2684; baseline 0.001 -23"><span class='ocrx_word' id='word_1_617' title='bbox 2250 2609 2276 2661; x_wconf 90' lang='lat'>6</span> <span class='ocrx_word' id='word_1_618' title='bbox 2337 2609 2495 2672; x_wconf 71' lang='grc' dir='ltr'>αὐτὸς</span> <span class='ocrx_word' id='word_1_619' title='bbox 2547 2609 2697 2682; x_wconf 83' lang='grc' dir='ltr'>λόγος</span> <span class='ocrx_word' id='word_1_620' title='bbox 2755 2613 2855 2684; x_wconf 86' lang='grc' dir='ltr'>πρὸ</span> <span class='ocrx_word' id='word_1_621' title='bbox 2911 2612 3001 2682; x_wconf 68' lang='grc' dir='ltr'>μὲν</span> <span class='ocrx_word' id='word_1_622' title='bbox 3046 2617 3143 2661; x_wconf 86' lang='grc' dir='ltr'>τῶν</span> <span class='ocrx_word' id='word_1_623' title='bbox 3191 2610 3403 2680; x_wconf 82' lang='grc' dir='ltr'>πληγῶν</span> <span class='ocrx_word' id='word_1_624' title='bbox 3461 2610 3552 2662; x_wconf 75' lang='grc' dir='ltr'>οὐκ</span> <span class='ocrx_word' id='word_1_625' title='bbox 3610 2610 3848 2677; x_wconf 78' lang='grc' dir='ltr'>ἠκούετο,</span> 
     </span>
    </p>
   </div>
   <div class='ocr_carea' id='block_1_89' title="bbox 2249 2695 3857 2773">
    <p class='ocr_par' dir='ltr' id='par_1_89' title="bbox 2249 2695 3857 2773">
     <span class='ocr_line' id='line_1_89' title="bbox 2249 2695 3857 2773; baseline -0.001 -22"><span class='ocrx_word' id='word_1_626' title='bbox 2249 2701 2380 2770; x_wconf 80' lang='grc' dir='ltr'>μετὰ</span> <span class='ocrx_word' id='word_1_627' title='bbox 2407 2696 2467 2752; x_wconf 69' lang='grc' dir='ltr'>δὲ</span> <span class='ocrx_word' id='word_1_628' title='bbox 2496 2701 2585 2760; x_wconf 87' lang='grc' dir='ltr'>τάς</span> <span class='ocrx_word' id='word_1_629' title='bbox 2629 2698 2682 2751; x_wconf 83' lang='grc' dir='ltr'>ἐκ</span> <span class='ocrx_word' id='word_1_630' title='bbox 2724 2707 2823 2751; x_wconf 89' lang='grc' dir='ltr'>τῶν</span> <span class='ocrx_word' id='word_1_631' title='bbox 2877 2704 3147 2771; x_wconf 87' lang='grc' dir='ltr'>μαστίγων</span> <span class='ocrx_word' id='word_1_632' title='bbox 3191 2695 3384 2760; x_wconf 79' lang='grc' dir='ltr'>ὀδύνας</span> <span class='ocrx_word' id='word_1_633' title='bbox 3414 2701 3537 2773; x_wconf 76' lang='grc' dir='ltr'>ἄρτι</span> <span class='ocrx_word' id='word_1_634' title='bbox 3566 2706 3663 2752; x_wconf 89' lang='grc' dir='ltr'>τῶν</span> <span class='ocrx_word' id='word_1_635' title='bbox 3706 2703 3857 2750; x_wconf 81' lang='grc' dir='ltr'>ὤτων</span> 
     </span>
    </p>
   </div>
   <div class='ocr_carea' id='block_1_90' title="bbox 2251 2784 3860 2864">
    <p class='ocr_par' dir='ltr' id='par_1_90' title="bbox 2251 2784 3860 2864">
     <span class='ocr_line' id='line_1_90' title="bbox 2251 2784 3860 2864; baseline -0.001 -22"><span class='ocrx_word' id='word_1_636' title='bbox 2251 2784 2634 2861; x_wconf 80' lang='grc' dir='ltr'>διανοιγέντων,</span> <span class='ocrx_word' id='word_1_637' title='bbox 2683 2792 2772 2841; x_wconf 82' lang='grc' dir='ltr'>καὶ</span> <span class='ocrx_word' id='word_1_638' title='bbox 2800 2785 3108 2864; x_wconf 80' lang='grc' dir='ltr'>παρεδέχθη</span> <span class='ocrx_word' id='word_1_639' title='bbox 3156 2797 3217 2860; x_wconf 76' lang='grc' dir='ltr'>τῇ</span> <span class='ocrx_word' id='word_1_640' title='bbox 3263 2788 3391 2862; x_wconf 75' lang='grc' dir='ltr'>ἀκοῇ</span> <span class='ocrx_word' id='word_1_641' title='bbox 3445 2794 3535 2842; x_wconf 83' lang='grc' dir='ltr'>καὶ</span> <span class='ocrx_word' id='word_1_642' title='bbox 3581 2785 3860 2864; x_wconf 78' lang='grc' dir='ltr'>παρεδόθη</span> 
     </span>
    </p>
   </div>
   <div class='ocr_carea' id='block_1_91' title="bbox 2250 2878 3860 2955">
    <p class='ocr_par' dir='ltr' id='par_1_91' title="bbox 2250 2878 3860 2955">
     <span class='ocr_line' id='line_1_91' title="bbox 2250 2878 3860 2955; baseline 0 -25"><span class='ocrx_word' id='word_1_643' title='bbox 2250 2885 2341 2950; x_wconf 79' lang='grc' dir='ltr'>τῇς</span> <span class='ocrx_word' id='word_1_644' title='bbox 2384 2883 2561 2951; x_wconf 77' lang='grc' dir='ltr'>μνήμῃ</span> <span class='ocrx_word' id='word_1_645' title='bbox 2598 2895 2611 2908; x_wconf 75' lang='grc'><strong><em>⁸</em></strong></span> <span class='ocrx_word' id='word_1_646' title='bbox 2657 2880 2793 2930; x_wconf 76' lang='grc' dir='ltr'>οὕτω</span> <span class='ocrx_word' id='word_1_647' title='bbox 2855 2883 2943 2931; x_wconf 80' lang='grc' dir='ltr'>καὶ</span> <span class='ocrx_word' id='word_1_648' title='bbox 3001 2878 3085 2930; x_wconf 76' lang='grc' dir='ltr'>ἐπὶ</span> <span class='ocrx_word' id='word_1_649' title='bbox 3147 2887 3246 2930; x_wconf 83' lang='grc' dir='ltr'>τῶν</span> <span class='ocrx_word' id='word_1_650' title='bbox 3305 2884 3709 2955; x_wconf 87' lang='grc' dir='ltr'>παρακουόντων</span> <span class='ocrx_word' id='word_1_651' title='bbox 3762 2886 3860 2941; x_wconf 78' lang='grc' dir='ltr'>τῆς</span> 
     </span>
    </p>
   </div>
   <div class='ocr_carea' id='block_1_92' title="bbox 2252 2965 3864 3043">
    <p class='ocr_par' dir='ltr' id='par_1_92' title="bbox 2252 2965 3864 3043">
     <span class='ocr_line' id='line_1_92' title="bbox 2252 2965 3864 3043; baseline -0.001 -23"><span class='ocrx_word' id='word_1_652' title='bbox 2252 2969 2385 3028; x_wconf 82' lang='grc' dir='ltr'>θείας</span> <span class='ocrx_word' id='word_1_653' title='bbox 2409 2965 2764 3030; x_wconf 69' lang='grc' dir='ltr'>διδασκαλίας</span> <span class='ocrx_word' id='word_1_654' title='bbox 2789 2973 2875 3020; x_wconf 85' lang='grc' dir='ltr'>καὶ</span> <span class='ocrx_word' id='word_1_655' title='bbox 2895 2976 3353 3042; x_wconf 69' lang='grc' dir='ltr'>καταφρονητικῶς</span> <span class='ocrx_word' id='word_1_656' title='bbox 3373 2972 3503 3043; x_wconf 80' lang='grc' dir='ltr'>πρὸς</span> <span class='ocrx_word' id='word_1_657' title='bbox 3540 2972 3631 3028; x_wconf 87' lang='grc' dir='ltr'>τάς</span> <span class='ocrx_word' id='word_1_658' title='bbox 3654 2968 3864 3029; x_wconf 78' lang='grc' dir='ltr'>ἐντολὰς</span> 
     </span>
    </p>
   </div>
   <div class='ocr_carea' id='block_1_93' title="bbox 2250 3053 3867 3131">
    <p class='ocr_par' dir='ltr' id='par_1_93' title="bbox 2250 3053 3867 3131">
     <span class='ocr_line' id='line_1_93' title="bbox 2250 3053 3867 3131; baseline 0.001 -23"><span class='ocrx_word' id='word_1_659' title='bbox 2250 3053 2587 3129; x_wconf 74' lang='grc' dir='ltr'>διακειμένων</span> <span class='ocrx_word' id='word_1_660' title='bbox 2621 3057 2914 3130; x_wconf 75' lang='grc' dir='ltr'>συμϐαίνει.</span> <span class='ocrx_word' id='word_1_661' title='bbox 2945 3054 3184 3111; x_wconf 77' lang='grc' dir='ltr'>Ἐπειδὰν</span> <span class='ocrx_word' id='word_1_662' title='bbox 3232 3057 3439 3130; x_wconf 80' lang='grc' dir='ltr'>ἐπαχθῇ</span> <span class='ocrx_word' id='word_1_663' title='bbox 3497 3057 3676 3120; x_wconf 67' lang='grc' dir='ltr'>αὐτοῖς</span> <span class='ocrx_word' id='word_1_664' title='bbox 3712 3061 3867 3131; x_wconf 83' lang='grc' dir='ltr'>παρά</span> 
     </span>
    </p>
   </div>
   <div class='ocr_carea' id='block_1_94' title="bbox 2249 3143 3865 3219">
    <p class='ocr_par' dir='ltr' id='par_1_94' title="bbox 2249 3143 3865 3219">
     <span class='ocr_line' id='line_1_94' title="bbox 2249 3143 3865 3219; baseline 0.001 -21"><span class='ocrx_word' id='word_1_665' title='bbox 2249 3153 2340 3198; x_wconf 86' lang='grc' dir='ltr'>τοῦ</span> <span class='ocrx_word' id='word_1_666' title='bbox 2369 3154 2500 3199; x_wconf 85' lang='grc' dir='ltr'>Θεοῦ</span> <span class='ocrx_word' id='word_1_667' title='bbox 2534 3149 2563 3204; x_wconf 79' lang='grc' dir='ltr'>ἡ</span> <span class='ocrx_word' id='word_1_668' title='bbox 2598 3144 2838 3212; x_wconf 84' lang='grc' dir='ltr'>παιδεία,</span> <span class='ocrx_word' id='word_1_669' title='bbox 2873 3150 2989 3200; x_wconf 90' lang='grc' dir='ltr'>τότε</span> <span class='ocrx_word' id='word_1_670' title='bbox 3038 3143 3105 3205; x_wconf 84' lang='grc' dir='ltr'>δὴ</span> <span class='ocrx_word' id='word_1_671' title='bbox 3158 3147 3300 3219; x_wconf 85' lang='grc' dir='ltr'>μόλις</span> <span class='ocrx_word' id='word_1_672' title='bbox 3345 3149 3412 3200; x_wconf 79' lang='grc' dir='ltr'>τὰ</span> <span class='ocrx_word' id='word_1_673' title='bbox 3449 3145 3527 3200; x_wconf 82' lang='grc' dir='ltr'>ἀεὶ</span> <span class='ocrx_word' id='word_1_674' title='bbox 3566 3145 3865 3219; x_wconf 75' lang='grc' dir='ltr'>λαλούμενα</span> 
     </span>
    </p>
   </div>
   <div class='ocr_carea' id='block_1_95' title="bbox 2248 3236 3862 3312">
    <p class='ocr_par' dir='ltr' id='par_1_95' title="bbox 2248 3236 3862 3312">
     <span class='ocr_line' id='line_1_95' title="bbox 2248 3236 3862 3312; baseline 0 -24"><span class='ocrx_word' id='word_1_675' title='bbox 2248 3241 2338 3290; x_wconf 77' lang='grc' dir='ltr'>καὶ</span> <span class='ocrx_word' id='word_1_676' title='bbox 2361 3236 2438 3290; x_wconf 84' lang='grc' dir='ltr'>ἀεὶ</span> <span class='ocrx_word' id='word_1_677' title='bbox 2463 3241 2860 3312; x_wconf 84' lang='grc' dir='ltr'>παρακουόμενα</span> <span class='ocrx_word' id='word_1_678' title='bbox 2889 3245 2986 3288; x_wconf 84' lang='grc' dir='ltr'>τῶν</span> <span class='ocrx_word' id='word_1_679' title='bbox 3015 3243 3107 3290; x_wconf 86' lang='grc' dir='ltr'>τοῦ</span> <span class='ocrx_word' id='word_1_680' title='bbox 3134 3243 3268 3291; x_wconf 87' lang='grc' dir='ltr'>Θεοῦ</span> <span class='ocrx_word' id='word_1_681' title='bbox 3307 3239 3752 3310; x_wconf 80' lang='grc' dir='ltr'>προσταγμάτων,</span> <span class='ocrx_word' id='word_1_682' title='bbox 3787 3240 3862 3298; x_wconf 82' lang='grc' dir='ltr'>ὡς</span> 
     </span>
    </p>
   </div>
   <div class='ocr_carea' id='block_1_96' title="bbox 2248 3323 3860 3400">
    <p class='ocr_par' dir='ltr' id='par_1_96' title="bbox 2248 3323 3860 3400">
     <span class='ocr_line' id='line_1_96' title="bbox 2248 3323 3860 3400; baseline 0.001 -21"><span class='ocrx_word' id='word_1_683' title='bbox 2248 3335 2449 3400; x_wconf 88' lang='grc' dir='ltr'>πρῶτον</span> <span class='ocrx_word' id='word_1_684' title='bbox 2476 3327 2762 3400; x_wconf 74' lang='grc' dir='ltr'>ἐμπεσόντα</span> <span class='ocrx_word' id='word_1_685' title='bbox 2790 3326 2958 3379; x_wconf 72' lang='grc' dir='ltr'>αὐτῶν</span> <span class='ocrx_word' id='word_1_686' title='bbox 2987 3334 3103 3388; x_wconf 89' lang='grc' dir='ltr'>ταῖς</span> <span class='ocrx_word' id='word_1_687' title='bbox 3125 3325 3328 3394; x_wconf 80' lang='grc' dir='ltr'>ἀκοαῖς,</span> <span class='ocrx_word' id='word_1_688' title='bbox 3359 3323 3693 3400; x_wconf 76' lang='grc' dir='ltr'>παρεδέχθη,</span> <span class='ocrx_word' id='word_1_689' title='bbox 3718 3331 3860 3380; x_wconf 84' lang='grc' dir='ltr'>κατά</span> 
     </span>
    </p>
   </div>
   <div class='ocr_carea' id='block_1_97' title="bbox 2249 3412 3859 3491">
    <p class='ocr_par' dir='ltr' id='par_1_97' title="bbox 2249 3412 3859 3491">
     <span class='ocr_line' id='line_1_97' title="bbox 2249 3412 3859 3491; baseline -0.002 -21"><span class='ocrx_word' id='word_1_690' title='bbox 2249 3421 2335 3470; x_wconf 88' lang='grc' dir='ltr'>τὸν</span> <span class='ocrx_word' id='word_1_691' title='bbox 2381 3417 2616 3490; x_wconf 80' lang='grc' dir='ltr'>λέγοντα,</span> <span class='ocrx_word' id='word_1_692' title='bbox 2651 3419 2730 3470; x_wconf 86' lang='grc' dir='ltr'>ὅτι</span> <span class='ocrx_word' id='word_1_693' title='bbox 2782 3418 2839 3470; x_wconf 79' lang='grc' dir='ltr'><strong>Ἠ</strong></span> <span class='ocrx_word' id='word_1_694' title='bbox 2880 3412 3097 3470; x_wconf 86' lang='grc' dir='ltr'>παιδεία</span> <span class='ocrx_word' id='word_1_695' title='bbox 3152 3421 3347 3491; x_wconf 79' lang='grc' dir='ltr'>Κυρίου</span> <span class='ocrx_word' id='word_1_696' title='bbox 3397 3415 3589 3488; x_wconf 84' lang='grc' dir='ltr'>ἀνοίγει</span> <span class='ocrx_word' id='word_1_697' title='bbox 3635 3435 3737 3488; x_wconf 90' lang='grc' dir='ltr'>μου</span> <span class='ocrx_word' id='word_1_698' title='bbox 3789 3421 3859 3467; x_wconf 76' lang='grc' dir='ltr'>τὰ</span> 
     </span>
    </p>
   </div>
   <div class='ocr_carea' id='block_1_98' title="bbox 2249 3505 2376 3563">
    <p class='ocr_par' dir='ltr' id='par_1_98' title="bbox 2249 3505 2376 3563">
     <span class='ocr_line' id='line_1_98' title="bbox 2249 3505 2376 3563; baseline 0.024 -3"><span class='ocrx_word' id='word_1_699' title='bbox 2249 3505 2376 3563; x_wconf 84' lang='grc' dir='ltr'>ὦτα.</span> 
     </span>
    </p>
   </div>
   <div class='ocr_carea' id='block_1_99' title="bbox 2321 3591 3861 3672">
    <p class='ocr_par' dir='ltr' id='par_1_99' title="bbox 2321 3591 3861 3672">
     <span class='ocr_line' id='line_1_99' title="bbox 2321 3591 3861 3672; baseline -0.004 -19"><span class='ocrx_word' id='word_1_700' title='bbox 2321 3596 2596 3672; x_wconf 81' lang='grc' dir='ltr'>6.Ὣ.σπερ</span> <span class='ocrx_word' id='word_1_701' title='bbox 2631 3591 2690 3650; x_wconf 67' lang='grc' dir='ltr'>δὲ</span> <span class='ocrx_word' id='word_1_702' title='bbox 2738 3596 2954 3657; x_wconf 77' lang='grc' dir='ltr'>ἀπαθῶς</span> <span class='ocrx_word' id='word_1_703' title='bbox 3003 3598 3112 3668; x_wconf 81' lang='grc' dir='ltr'>χρὴ</span> <span class='ocrx_word' id='word_1_704' title='bbox 3167 3597 3534 3668; x_wconf 75' lang='grc' dir='ltr'>προσάγεσθαι</span> <span class='ocrx_word' id='word_1_705' title='bbox 3587 3597 3676 3657; x_wconf 77' lang='grc' dir='ltr'>τὰς</span> <span class='ocrx_word' id='word_1_706' title='bbox 3709 3596 3861 3669; x_wconf 82' lang='grc' dir='ltr'>θερα-</span> 
     </span>
    </p>
   </div>
   <div class='ocr_carea' id='block_1_100' title="bbox 2247 3684 3863 3757">
    <p class='ocr_par' dir='ltr' id='par_1_100' title="bbox 2247 3684 3863 3757">
     <span class='ocr_line' id='line_1_100' title="bbox 2247 3684 3863 3757; baseline -0.002 -18"><span class='ocrx_word' id='word_1_707' title='bbox 2247 3689 2395 3748; x_wconf 85' lang='grc' dir='ltr'>πείας</span> <span class='ocrx_word' id='word_1_708' title='bbox 2454 3689 2528 3757; x_wconf 80' lang='grc'>(7)</span> <span class='ocrx_word' id='word_1_709' title='bbox 2564 3693 2674 3748; x_wconf 88' lang='grc' dir='ltr'>τοῖς</span> <span class='ocrx_word' id='word_1_710' title='bbox 2723 3684 3005 3739; x_wconf 76' lang='grc' dir='ltr'>ἀσθενοῦσι</span> <span class='ocrx_word' id='word_1_711' title='bbox 3052 3688 3189 3738; x_wconf 88' lang='grc' dir='ltr'>κατά</span> <span class='ocrx_word' id='word_1_712' title='bbox 3235 3685 3444 3757; x_wconf 72' lang='grc' dir='ltr'>ψυχὴν,</span> <span class='ocrx_word' id='word_1_713' title='bbox 3495 3685 3653 3746; x_wconf 74' lang='grc' dir='ltr'>οὕτως</span> <span class='ocrx_word' id='word_1_714' title='bbox 3698 3685 3863 3736; x_wconf 85' lang='grc' dir='ltr'>πάλιν</span> 
     </span>
    </p>
   </div>
   <div class='ocr_carea' id='block_1_101' title="bbox 2247 3770 3866 3851">
    <p class='ocr_par' dir='ltr' id='par_1_101' title="bbox 2247 3770 3866 3851">
     <span class='ocr_line' id='line_1_101' title="bbox 2247 3770 3866 3851; baseline 0.001 -23"><span class='ocrx_word' id='word_1_715' title='bbox 2247 3781 2356 3849; x_wconf 82' lang='grc' dir='ltr'>χρη</span> <span class='ocrx_word' id='word_1_716' title='bbox 2399 3781 2517 3838; x_wconf 80' lang='grc' dir='ltr'>τοῦς</span> <span class='ocrx_word' id='word_1_717' title='bbox 2575 3778 3006 3851; x_wconf 77' lang='grc' dir='ltr'>θεραπευομένους</span> <span class='ocrx_word' id='word_1_718' title='bbox 3046 3779 3118 3847; x_wconf 78' lang='grc' dir='ltr'>μὴ</span> <span class='ocrx_word' id='word_1_719' title='bbox 3172 3779 3302 3848; x_wconf 89' lang='grc' dir='ltr'>πρὸς</span> <span class='ocrx_word' id='word_1_720' title='bbox 3341 3777 3538 3849; x_wconf 85' lang='grc' dir='ltr'>ἔχθραν</span> <span class='ocrx_word' id='word_1_721' title='bbox 3593 3770 3866 3846; x_wconf 83' lang='grc' dir='ltr'>δέχεσθαι</span> 
     </span>
    </p>
   </div>
   <div class='ocr_carea' id='block_1_102' title="bbox 2246 3861 3862 3938">
    <p class='ocr_par' dir='ltr' id='par_1_102' title="bbox 2246 3861 3862 3938">
     <span class='ocr_line' id='line_1_102' title="bbox 2246 3861 3862 3938; baseline -0.001 -19"><span class='ocrx_word' id='word_1_722' title='bbox 2246 3869 2310 3920; x_wconf 87' lang='grc' dir='ltr'>τά</span> <span class='ocrx_word' id='word_1_723' title='bbox 2384 3866 2638 3938; x_wconf 86' lang='grc' dir='ltr'>ἐπιτίμια,</span> <span class='ocrx_word' id='word_1_724' title='bbox 2717 3862 2856 3937; x_wconf 67' lang='grc' dir='ltr'>μηδὲ</span> <span class='ocrx_word' id='word_1_725' title='bbox 2929 3861 3217 3936; x_wconf 82' lang='grc' dir='ltr'>τυραννίδα</span> <span class='ocrx_word' id='word_1_726' title='bbox 3289 3865 3520 3936; x_wconf 80' lang='grc' dir='ltr'>νομίζειν</span> <span class='ocrx_word' id='word_1_727' title='bbox 3595 3868 3683 3922; x_wconf 80' lang='grc' dir='ltr'>την</span> <span class='ocrx_word' id='word_1_728' title='bbox 3749 3863 3862 3918; x_wconf 85' lang='grc' dir='ltr'>ἀπὸ</span> 
     </span>
    </p>
   </div>
   <div class='ocr_carea' id='block_1_103' title="bbox 2248 3953 3863 4028">
    <p class='ocr_par' dir='ltr' id='par_1_103' title="bbox 2248 3953 3863 4028">
     <span class='ocr_line' id='line_1_103' title="bbox 2248 3953 3863 4028; baseline -0.002 -19"><span class='ocrx_word' id='word_1_729' title='bbox 2248 3955 2640 4027; x_wconf 72' lang='grc' dir='ltr'>εὐσπλαγχνίας</span> <span class='ocrx_word' id='word_1_730' title='bbox 2669 3954 2752 4007; x_wconf 84' lang='grc' dir='ltr'>ἐπὶ</span> <span class='ocrx_word' id='word_1_731' title='bbox 2780 3959 3015 4026; x_wconf 80' lang='grc' dir='ltr'>σωτηρίᾳ</span> <span class='ocrx_word' id='word_1_732' title='bbox 3067 3953 3222 4024; x_wconf 73' lang='grc' dir='ltr'>ψυχῆ</span> <span class='ocrx_word' id='word_1_733' title='bbox 3236 3973 3255 4014; x_wconf 92' lang='grc' dir='ltr'>ς</span> <span class='ocrx_word' id='word_1_734' title='bbox 3297 3957 3703 4028; x_wconf 83' lang='grc' dir='ltr'>προσαγομένην</span> <span class='ocrx_word' id='word_1_735' title='bbox 3757 3953 3863 4005; x_wconf 78' lang='grc' dir='ltr'>αὗ-</span> 
     </span>
    </p>
   </div>
   <div class='ocr_carea' id='block_1_104' title="bbox 2249 4043 3865 4119">
    <p class='ocr_par' dir='ltr' id='par_1_104' title="bbox 2249 4043 3865 4119">
     <span class='ocr_line' id='line_1_104' title="bbox 2249 4043 3865 4119; baseline -0.001 -20"><span class='ocrx_word' id='word_1_736' title='bbox 2249 4053 2347 4099; x_wconf 89' lang='grc' dir='ltr'>τῶν</span> <span class='ocrx_word' id='word_1_737' title='bbox 2393 4044 2704 4118; x_wconf 80' lang='grc' dir='ltr'>ἐπιμέλειαν.</span> <span class='ocrx_word' id='word_1_738' title='bbox 2763 4043 3004 4119; x_wconf 80' lang='grc' dir='ltr'>Αἰσχρὸν</span> <span class='ocrx_word' id='word_1_739' title='bbox 3040 4046 3162 4118; x_wconf 83' lang='grc' dir='ltr'>γὰρ,</span> <span class='ocrx_word' id='word_1_740' title='bbox 3201 4047 3318 4104; x_wconf 78' lang='grc' dir='ltr'>τοῦς</span> <span class='ocrx_word' id='word_1_741' title='bbox 3365 4046 3457 4116; x_wconf 71' lang='grc' dir='ltr'>μὲν</span> <span class='ocrx_word' id='word_1_742' title='bbox 3509 4045 3576 4095; x_wconf 83' lang='grc' dir='ltr'>τά</span> <span class='ocrx_word' id='word_1_743' title='bbox 3631 4049 3865 4116; x_wconf 82' lang='grc' dir='ltr'>σώματα</span> 
     </span>
    </p>
   </div>
   <div class='ocr_carea' id='block_1_105' title="bbox 2247 4133 3861 4208">
    <p class='ocr_par' dir='ltr' id='par_1_105' title="bbox 2247 4133 3861 4208">
     <span class='ocr_line' id='line_1_105' title="bbox 2247 4133 3861 4208; baseline -0.001 -22"><span class='ocrx_word' id='word_1_744' title='bbox 2247 4142 2550 4200; x_wconf 90' lang='grc' dir='ltr'>νοσοῦντας,</span> <span class='ocrx_word' id='word_1_745' title='bbox 2626 4141 2876 4186; x_wconf 91' lang='grc' dir='ltr'>τοσοῦτον</span> <span class='ocrx_word' id='word_1_746' title='bbox 2949 4139 3060 4194; x_wconf 86' lang='grc' dir='ltr'>τοῖς</span> <span class='ocrx_word' id='word_1_747' title='bbox 3138 4133 3337 4208; x_wconf 85' lang='grc' dir='ltr'>ἰατροῖς</span> <span class='ocrx_word' id='word_1_748' title='bbox 3425 4136 3861 4202; x_wconf 69' lang='grc' dir='ltr'>καταπιστεξοειν,</span> 
     </span>
    </p>
   </div>
   <div class='ocr_carea' id='block_1_106' title="bbox 2248 4221 3864 4295">
    <p class='ocr_par' dir='ltr' id='par_1_106' title="bbox 2248 4221 3864 4295">
     <span class='ocr_line' id='line_1_106' title="bbox 2248 4221 3864 4295; baseline -0.001 -19"><span class='ocrx_word' id='word_1_749' title='bbox 2248 4226 2384 4277; x_wconf 85' lang='grc' dir='ltr'>ὥστε</span> <span class='ocrx_word' id='word_1_750' title='bbox 2444 4223 2540 4275; x_wconf 77' lang='grc' dir='ltr'>κᾶν</span> <span class='ocrx_word' id='word_1_751' title='bbox 2614 4227 2860 4295; x_wconf 83' lang='grc' dir='ltr'>τέμνωσι,</span> <span class='ocrx_word' id='word_1_752' title='bbox 2925 4221 3018 4274; x_wconf 73' lang='grc' dir='ltr'>κάν</span> <span class='ocrx_word' id='word_1_753' title='bbox 3066 4227 3280 4288; x_wconf 85' lang='grc' dir='ltr'>καίωσι,</span> <span class='ocrx_word' id='word_1_754' title='bbox 3334 4221 3430 4273; x_wconf 78' lang='grc' dir='ltr'>κᾶν</span> <span class='ocrx_word' id='word_1_755' title='bbox 3482 4231 3692 4295; x_wconf 81' lang='grc' dir='ltr'>πικροῖς</span> <span class='ocrx_word' id='word_1_756' title='bbox 3744 4231 3864 4286; x_wconf 86' lang='grc' dir='ltr'>τοῖς</span> 
     </span>
    </p>
   </div>
   <div class='ocr_carea' id='block_1_107' title="bbox 2250 4307 3864 4385">
    <p class='ocr_par' dir='ltr' id='par_1_107' title="bbox 2250 4307 3864 4385">
     <span class='ocr_line' id='line_1_107' title="bbox 2250 4307 3864 4385; baseline 0 -21"><span class='ocrx_word' id='word_1_757' title='bbox 2250 4315 2542 4385; x_wconf 76' lang='grc' dir='ltr'>φαρμάκοις</span> <span class='ocrx_word' id='word_1_758' title='bbox 2596 4309 2832 4380; x_wconf 83' lang='grc' dir='ltr'>ἀνιῶσιν,</span> <span class='ocrx_word' id='word_1_759' title='bbox 2883 4309 3144 4383; x_wconf 75' lang='grc' dir='ltr'>εὐεργέτας</span> <span class='ocrx_word' id='word_1_760' title='bbox 3197 4309 3547 4382; x_wconf 67' lang='grc' dir='ltr'>λογίζεσθαιο</span> <span class='ocrx_word' id='word_1_761' title='bbox 3602 4311 3742 4382; x_wconf 73' lang='grc' dir='ltr'>ἡμᾶς</span> <span class='ocrx_word' id='word_1_762' title='bbox 3797 4307 3864 4364; x_wconf 71' lang='grc' dir='ltr'>δὲ</span> 
     </span>
    </p>
   </div>
   <div class='ocr_carea' id='block_1_108' title="bbox 2247 4395 3863 4475">
    <p class='ocr_par' dir='ltr' id='par_1_108' title="bbox 2247 4395 3863 4475">
     <span class='ocr_line' id='line_1_108' title="bbox 2247 4395 3863 4475; baseline -0.001 -20"><span class='ocrx_word' id='word_1_763' title='bbox 2247 4404 2379 4475; x_wconf 82' lang='grc' dir='ltr'>πρὸς</span> <span class='ocrx_word' id='word_1_764' title='bbox 2417 4403 2540 4463; x_wconf 81' lang='grc' dir='ltr'>τοὺς</span> <span class='ocrx_word' id='word_1_765' title='bbox 2578 4407 2680 4453; x_wconf 88' lang='grc' dir='ltr'>τῶν</span> <span class='ocrx_word' id='word_1_766' title='bbox 2724 4398 2919 4472; x_wconf 73' lang='grc' dir='ltr'>ψυχῶν</span> <span class='ocrx_word' id='word_1_767' title='bbox 2962 4401 3298 4474; x_wconf 82' lang='grc' dir='ltr'>θεραπευτὰς,</span> <span class='ocrx_word' id='word_1_768' title='bbox 3341 4403 3460 4451; x_wconf 83' lang='grc' dir='ltr'>ὅταν</span> <span class='ocrx_word' id='word_1_769' title='bbox 3499 4395 3571 4452; x_wconf 90' lang='grc' dir='ltr'>δι’</span> <span class='ocrx_word' id='word_1_770' title='bbox 3605 4398 3863 4453; x_wconf 84' lang='grc' dir='ltr'>ἐπιπόνου</span> 
     </span>
    </p>
   </div>
   <div class='ocr_carea' id='block_1_109' title="bbox 2248 4489 3860 4563">
    <p class='ocr_par' dir='ltr' id='par_1_109' title="bbox 2248 4489 3860 4563">
     <span class='ocr_line' id='line_1_109' title="bbox 2248 4489 3860 4563; baseline -0.001 -18"><span class='ocrx_word' id='word_1_771' title='bbox 2248 4491 2454 4563; x_wconf 85' lang='grc' dir='ltr'>ἀγωγῆς</span> <span class='ocrx_word' id='word_1_772' title='bbox 2509 4495 2603 4548; x_wconf 80' lang='grc' dir='ltr'>τὴν</span> <span class='ocrx_word' id='word_1_773' title='bbox 2662 4494 2920 4563; x_wconf 87' lang='grc' dir='ltr'>σωτηρίαν</span> <span class='ocrx_word' id='word_1_774' title='bbox 2968 4491 3094 4560; x_wconf 76' lang='grc' dir='ltr'>ἡμῖν</span> <span class='ocrx_word' id='word_1_775' title='bbox 3137 4489 3562 4561; x_wconf 77' lang='grc' dir='ltr'>κατεργάζωνται</span> <span class='ocrx_word' id='word_1_776' title='bbox 3616 4490 3719 4559; x_wconf 82' lang='grc'>(8),</span> <span class='ocrx_word' id='word_1_777' title='bbox 3781 4494 3860 4562; x_wconf 77' lang='grc' dir='ltr'>μὴ</span> 
     </span>
    </p>
   </div>
   <div class='ocr_carea' id='block_1_110' title="bbox 2247 4576 3866 4655">
    <p class='ocr_par' dir='ltr' id='par_1_110' title="bbox 2247 4576 3866 4655">
     <span class='ocr_line' id='line_1_110' title="bbox 2247 4576 3866 4655; baseline -0.001 -19"><span class='ocrx_word' id='word_1_778' title='bbox 2247 4587 2340 4640; x_wconf 77' lang='grc' dir='ltr'>τὴν</span> <span class='ocrx_word' id='word_1_779' title='bbox 2396 4582 2557 4640; x_wconf 74' lang='grc' dir='ltr'>αὐτὴν</span> <span class='ocrx_word' id='word_1_780' title='bbox 2589 4583 2728 4652; x_wconf 84' lang='grc' dir='ltr'>ἔχειν</span> <span class='ocrx_word' id='word_1_781' title='bbox 2779 4577 3038 4632; x_wconf 80' lang='grc' dir='ltr'>διάθεσιν.</span> <span class='ocrx_word' id='word_1_782' title='bbox 3073 4579 3215 4632; x_wconf 82' lang='grc' dir='ltr'>Ἐπεὶ</span> <span class='ocrx_word' id='word_1_783' title='bbox 3259 4576 3346 4631; x_wconf 79' lang='grc' dir='ltr'>οὖν</span> <span class='ocrx_word' id='word_1_784' title='bbox 3397 4578 3608 4655; x_wconf 70' lang='grc' dir='ltr'>φοϐερὸν</span> <span class='ocrx_word' id='word_1_785' title='bbox 3652 4583 3712 4632; x_wconf 86' lang='grc' dir='ltr'>τὸ</span> <span class='ocrx_word' id='word_1_786' title='bbox 3744 4589 3866 4653; x_wconf 79' lang='grc' dir='ltr'>κρῖ-</span> 
     </span>
    </p>
   </div>
   <div class='ocr_carea' id='block_1_111' title="bbox 2249 4668 3861 4745">
    <p class='ocr_par' dir='ltr' id='par_1_111' title="bbox 2249 4668 3861 4745">
     <span class='ocr_line' id='line_1_111' title="bbox 2249 4668 3861 4745; baseline -0.002 -20"><span class='ocrx_word' id='word_1_787' title='bbox 2249 4693 2324 4744; x_wconf 88' lang='grc' dir='ltr'>μα</span> <span class='ocrx_word' id='word_1_788' title='bbox 2379 4680 2450 4743; x_wconf 82' lang='grc' dir='ltr'>τῷ</span> <span class='ocrx_word' id='word_1_789' title='bbox 2488 4679 2779 4745; x_wconf 84' lang='grc' dir='ltr'>προεστῶτι</span> <span class='ocrx_word' id='word_1_790' title='bbox 2836 4674 2906 4741; x_wconf 81' lang='grc' dir='ltr'>μὴ</span> <span class='ocrx_word' id='word_1_791' title='bbox 2956 4668 3221 4741; x_wconf 79' lang='grc' dir='ltr'>ἐλέγχοντι</span> <span class='ocrx_word' id='word_1_792' title='bbox 3256 4672 3379 4729; x_wconf 79' lang='grc' dir='ltr'>τοὺς</span> <span class='ocrx_word' id='word_1_793' title='bbox 3435 4669 3861 4744; x_wconf 81' lang='grc' dir='ltr'>ἁμαρτάνοντας,</span> 
     </span>
    </p>
   </div>
   <div class='ocr_carea' id='block_1_112' title="bbox 2248 4755 3864 4833">
    <p class='ocr_par' dir='ltr' id='par_1_112' title="bbox 2248 4755 3864 4833">
     <span class='ocr_line' id='line_1_112' title="bbox 2248 4755 3864 4833; baseline -0.001 -19"><span class='ocrx_word' id='word_1_794' title='bbox 2248 4766 2342 4820; x_wconf 80' lang='grc' dir='ltr'>τὴν</span> <span class='ocrx_word' id='word_1_795' title='bbox 2371 4765 2546 4818; x_wconf 74' lang='grc' dir='ltr'>κοινὴν</span> <span class='ocrx_word' id='word_1_796' title='bbox 2598 4755 2852 4833; x_wconf 76' lang='grc' dir='ltr'>φροντίδα</span> <span class='ocrx_word' id='word_1_797' title='bbox 2902 4763 3333 4830; x_wconf 80' lang='grc' dir='ltr'>πεπιστευμένῳ’</span> <span class='ocrx_word' id='word_1_798' title='bbox 3393 4760 3458 4818; x_wconf 85' lang='grc' dir='ltr'>ὡς</span> <span class='ocrx_word' id='word_1_799' title='bbox 3517 4758 3733 4830; x_wconf 70' lang='grc' dir='ltr'>ὀφείλων</span> <span class='ocrx_word' id='word_1_800' title='bbox 3773 4760 3864 4813; x_wconf 65' lang='lat'>16-</span> 
     </span>
    </p>
   </div>
   <div class='ocr_carea' id='block_1_113' title="bbox 2247 4843 3860 4923">
    <p class='ocr_par' dir='ltr' id='par_1_113' title="bbox 2247 4843 3860 4923">
     <span class='ocr_line' id='line_1_113' title="bbox 2247 4843 3860 4923; baseline -0.001 -21"><span class='ocrx_word' id='word_1_801' title='bbox 2247 4870 2337 4922; x_wconf 91' lang='grc' dir='ltr'>γον</span> <span class='ocrx_word' id='word_1_802' title='bbox 2395 4847 2582 4902; x_wconf 83' lang='grc' dir='ltr'>δοῦναι</span> <span class='ocrx_word' id='word_1_803' title='bbox 2631 4853 2750 4923; x_wconf 83' lang='grc' dir='ltr'>περὶ</span> <span class='ocrx_word' id='word_1_804' title='bbox 2815 4847 3061 4916; x_wconf 80' lang='grc' dir='ltr'>ἑκάστου,</span> <span class='ocrx_word' id='word_1_805' title='bbox 3126 4847 3262 4900; x_wconf 76' lang='grc' dir='ltr'>οὕτω</span> <span class='ocrx_word' id='word_1_806' title='bbox 3308 4843 3620 4915; x_wconf 83' lang='grc' dir='ltr'>διακείσθω,</span> <span class='ocrx_word' id='word_1_807' title='bbox 3677 4846 3860 4917; x_wconf 83' lang='grc' dir='ltr'>εἰδὼς,</span> 
     </span>
    </p>
   </div>
   <div class='ocr_carea' id='block_1_114' title="bbox 2247 4934 3856 5011">
    <p class='ocr_par' dir='ltr' id='par_1_114' title="bbox 2247 4934 3856 5011">
     <span class='ocr_line' id='line_1_114' title="bbox 2247 4934 3856 5011; baseline -0.002 -18"><span class='ocrx_word' id='word_1_808' title='bbox 2247 4942 2327 4994; x_wconf 87' lang='grc' dir='ltr'>ὅτι</span> <span class='ocrx_word' id='word_1_809' title='bbox 2379 4940 2465 4992; x_wconf 74' lang='grc' dir='ltr'>ἐὰν</span> <span class='ocrx_word' id='word_1_810' title='bbox 2513 4938 2711 5011; x_wconf 66' lang='grc' dir='ltr'>ἐμπέσῃ</span> <span class='ocrx_word' id='word_1_811' title='bbox 2775 4937 2846 4999; x_wconf 86' lang='grc' dir='ltr'>εἰς</span> <span class='ocrx_word' id='word_1_812' title='bbox 2905 4936 3164 5010; x_wconf 79' lang='grc' dir='ltr'>ἁμαρτίαν</span> <span class='ocrx_word' id='word_1_813' title='bbox 3214 4938 3283 4999; x_wconf 82' lang='grc' dir='ltr'>εἷς</span> <span class='ocrx_word' id='word_1_814' title='bbox 3331 4945 3430 4989; x_wconf 83' lang='grc' dir='ltr'>τῶν</span> <span class='ocrx_word' id='word_1_815' title='bbox 3477 4934 3736 5009; x_wconf 76' lang='grc' dir='ltr'>ἀδελφῶν,</span> <span class='ocrx_word' id='word_1_816' title='bbox 3781 4946 3856 5011; x_wconf 73' lang='grc' dir='ltr'>μή</span> 
     </span>
    </p>
   </div>
   <div class='ocr_carea' id='block_1_115' title="bbox 2241 5023 3861 5104">
    <p class='ocr_par' dir='ltr' id='par_1_115' title="bbox 2241 5023 3861 5104">
     <span class='ocr_line' id='line_1_115' title="bbox 2241 5023 3861 5104; baseline -0.001 -21"><span class='ocrx_word' id='word_1_817' title='bbox 2241 5033 2577 5104; x_wconf 87' lang='grc' dir='ltr'>προειπόντος</span> <span class='ocrx_word' id='word_1_818' title='bbox 2633 5029 2774 5098; x_wconf 70' lang='grc' dir='ltr'>αὐτῷ</span> <span class='ocrx_word' id='word_1_819' title='bbox 2828 5032 2885 5080; x_wconf 84' lang='grc' dir='ltr'>τό</span> <span class='ocrx_word' id='word_1_820' title='bbox 2943 5023 3215 5099; x_wconf 88' lang='grc' dir='ltr'>δικαίωμα</span> <span class='ocrx_word' id='word_1_821' title='bbox 3265 5033 3356 5080; x_wconf 87' lang='grc' dir='ltr'>τοῦ</span> <span class='ocrx_word' id='word_1_822' title='bbox 3413 5033 3569 5097; x_wconf 86' lang='grc' dir='ltr'>Θεοῦ,</span> <span class='ocrx_word' id='word_1_823' title='bbox 3626 5029 3656 5087; x_wconf 71' lang='grc' dir='ltr'><em>ἢ</em></span> <span class='ocrx_word' id='word_1_824' title='bbox 3702 5029 3861 5100; x_wconf 86' lang='grc' dir='ltr'>ἐμπε-</span> 
     </span>
    </p>
   </div>
   <div class='ocr_carea' id='block_1_116' title="bbox 2462 5173 2820 5238">
    <p class='ocr_par' dir='ltr' id='par_1_116' title="bbox 2462 5173 2820 5238">
     <span class='ocr_line' id='line_1_116' title="bbox 2462 5173 2820 5238; baseline -0.008 -10"><span class='ocrx_word' id='word_1_825' title='bbox 2462 5174 2508 5207; x_wconf 82' lang='grc'>⁸⁶</span> <span class='ocrx_word' id='word_1_826' title='bbox 2544 5173 2650 5229; x_wconf 84' lang='lat' dir='ltr'>lsa.</span> <span class='ocrx_word' id='word_1_827' title='bbox 2688 5187 2738 5238; x_wconf 88' lang='grc' dir='ltr'>ι.,</span> <span class='ocrx_word' id='word_1_828' title='bbox 2767 5175 2820 5227; x_wconf 81' lang='lat'>5.</span> 
     </span>
    </p>
   </div>
   <div class='ocr_carea' id='block_1_117' title="bbox 2321 5313 3844 5390">
    <p class='ocr_par' dir='ltr' id='par_1_117' title="bbox 2321 5313 3844 5390">
     <span class='ocr_line' id='line_1_117' title="bbox 2321 5313 3844 5390; baseline -0.001 -19"><span class='ocrx_word' id='word_1_829' title='bbox 2321 5321 2393 5381; x_wconf 86' lang='grc'>(7)</span> <span class='ocrx_word' id='word_1_830' title='bbox 2421 5318 2521 5390; x_wconf 59' lang='lat' dir='ltr'>Tu;</span> <span class='ocrx_word' id='word_1_831' title='bbox 2555 5317 2844 5390; x_wconf 76' lang='grc' dir='ltr'>θεραπείας.</span> <span class='ocrx_word' id='word_1_832' title='bbox 2891 5313 3202 5390; x_wconf 42' lang='grc' dir='ltr'>Ιάθῃιῃτάς</span> <span class='ocrx_word' id='word_1_833' title='bbox 3253 5313 3499 5386; x_wconf 80' lang='grc' dir='ltr'>ἰατρείας,</span> <span class='ocrx_word' id='word_1_834' title='bbox 3550 5319 3636 5390; x_wconf 91' lang='lat' dir='ltr'>et_</span> <span class='ocrx_word' id='word_1_835' title='bbox 3666 5315 3844 5390; x_wconf 77' lang='lat' dir='ltr'>paulo</span> 
     </span>
    </p>
   </div>
   <div class='ocr_carea' id='block_1_118' title="bbox 2245 5385 3847 5475">
    <p class='ocr_par' dir='ltr' id='par_1_118' title="bbox 2245 5385 3847 5475">
     <span class='ocr_line' id='line_1_118' title="bbox 2245 5385 3847 5475; baseline 0 -33"><span class='ocrx_word' id='word_1_836' title='bbox 2245 5392 2384 5475; x_wconf 52' lang='grc' dir='ltr'>ρρερ</span> <span class='ocrx_word' id='word_1_837' title='bbox 2425 5385 2941 5459; x_wconf 74' lang='grc' dir='ltr'>αὐτῶν’ἐπιμε’λειαν.</span> <span class='ocrx_word' id='word_1_838' title='bbox 2993 5385 3140 5442; x_wconf 74' lang='lat' dir='ltr'>Editi</span> <span class='ocrx_word' id='word_1_839' title='bbox 3194 5390 3250 5443; x_wconf 90' lang='lat' dir='ltr'>et</span> <span class='ocrx_word' id='word_1_840' title='bbox 3280 5385 3590 5442; x_wconf 81' lang='lat' dir='ltr'>centextus</span> <span class='ocrx_word' id='word_1_841' title='bbox 3619 5385 3847 5445; x_wconf 79' lang='lat' dir='ltr'>habent</span> 
     </span>
    </p>
   </div>
   <div class='ocr_carea' id='block_1_119' title="bbox 2245 5479 3855 5604">
    <p class='ocr_par' dir='ltr' id='par_1_119' title="bbox 2245 5479 3855 5604">
     <span class='ocr_line' id='line_1_119' title="bbox 2245 5479 3855 5604; baseline 0 -22"><span class='ocrx_word' id='word_1_842' title='bbox 2245 5479 2874 5604; x_wconf 51' lang='grc' dir='ltr'>αυίῧῐςατεργᾴζῳνται,</span> <span class='ocrx_word' id='word_1_843' title='bbox 2908 5528 2999 5586; x_wconf 90' lang='lat' dir='ltr'>Sic</span> <span class='ocrx_word' id='word_1_844' title='bbox 3021 5529 3514 5604; x_wconf 76' lang='lat' dir='ltr'>uterquecodex.</span> <span class='ocrx_word' id='word_1_845' title='bbox 3541 5529 3696 5587; x_wconf 88' lang='lat' dir='ltr'>Editi</span> <span class='ocrx_word' id='word_1_846' title='bbox 3713 5551 3855 5604; x_wconf 76' lang='grc' dir='ltr'>κατ-</span> 
     </span>
    </p>
   </div>
   <div class='ocr_carea' id='block_1_120' title="bbox 2238 5600 3855 5674">
    <p class='ocr_par' dir='ltr' id='par_1_120' title="bbox 2238 5600 3855 5674">
     <span class='ocr_line' id='line_1_120' title="bbox 2238 5600 3855 5674; baseline 0.004 -20"><span class='ocrx_word' id='word_1_847' title='bbox 2238 5600 2567 5674; x_wconf 67' lang='grc' dir='ltr'>εργάζονται.</span> <span class='ocrx_word' id='word_1_848' title='bbox 2596 5600 2782 5674; x_wconf 64' lang='lat' dir='ltr'>infra</span> <span class='ocrx_word' id='word_1_849' title='bbox 2836 5600 3253 5674; x_wconf 49' lang='lat' dir='ltr'>legendum—ut</span> <span class='ocrx_word' id='word_1_850' title='bbox 3279 5601 3341 5658; x_wconf 90' lang='lat' dir='ltr'>in</span> <span class='ocrx_word' id='word_1_851' title='bbox 3383 5605 3666 5660; x_wconf 83' lang='lat' dir='ltr'>contextu</span> <span class='ocrx_word' id='word_1_852' title='bbox 3697 5603 3724 5653; x_wconf 87' lang='grc' dir='ltr'><strong><em>ὁ</em></strong></span> <span class='ocrx_word' id='word_1_853' title='bbox 3756 5607 3855 5660; x_wconf 71' lang='grc' dir='ltr'>τὴν</span> 
     </span>
    </p>
   </div>
   <div class='ocr_carea' id='block_1_121' title="bbox 2236 5669 3150 5748">
    <p class='ocr_par' dir='ltr' id='par_1_121' title="bbox 2236 5669 3150 5748">
     <span class='ocr_line' id='line_1_121' title="bbox 2236 5669 3150 5748; baseline 0.003 -22"><span class='ocrx_word' id='word_1_854' title='bbox 2236 5669 2414 5733; x_wconf 76' lang='grc' dir='ltr'>κοινὴν</span> <span class='ocrx_word' id='word_1_855' title='bbox 2443 5669 2698 5748; x_wconf 78' lang='grc' dir='ltr'>φροντίδα</span> <span class='ocrx_word' id='word_1_856' title='bbox 2726 5669 3150 5746; x_wconf 67' lang='grc' dir='ltr'>πεπιστευμένος.</span> 
     </span>
    </p>
   </div>
  </div>
