4146 6406
335 375 475 429 1145

1192 370 1419 430 SERIO
1461 369 1524 426 ll.
1567 396 1639 412 --
1676 369 1766 427 DE
1803 365 2157 431 DOCTRINA
2195 366 2288 425 ET
2324 367 2837 430 ADMONITIONE.

3565 374 3703 430 1146

329 504 432 551 σὼν
482 497 718 572 ἐπιμένῃ,
763 502 834 572 μὴ
889 494 1190 572 διδαχθεὶς,
1231 499 1316 551 τόν
1357 501 1544 570 τρόπον
1583 502 1677 559 τῆς
1717 495 1931 570 ἐπανορ-

2042 492 2145 551 Dei
2179 508 2304 551 non
2333 493 2670 567 declararit,
2704 499 2810 554 aut
2841 496 2890 553 si
2919 497 3147 571 lapsus,
3180 497 3243 555 in
3273 511 3345 556 eo
3381 497 3704 572 perstiterit

331 589 554 655 θώσεως,
606 592 664 641 τό
710 590 840 662 αἷμα
880 589 1042 642 αὑτοῦ
1081 587 1136 641 ἐκ
1178 595 1280 641 τῶν
1327 595 1520 661 χειρῶν
1575 586 1734 639 αὑτοῦ
1775 584 1930 646 ἐκζηο

328 679 640 748 τηθήσεται,
687 680 862 740 καθὼς
903 683 1236 752 γέγραπται·
1284 682 1368 730 καὶ
1415 676 1662 750 μάλιστα,
1716 675 1801 727 ἐὰν
1829 677 1924 749 ,μὴ

331 762 408 818 δι’
457 769 672 839 ἄγνοιάν
726 787 778 820 τι
833 766 1035 842 παρίδῃ
1089 776 1192 820 τῶν
1246 767 1567 842 ἀρεσκόντων
1617 773 1754 836 Θεῷ,
1799 763 1930 817 ἀλλὰ

333 851 427 908 διὰ
481 856 751 910 κολακείαν
817 862 1318 934 συμπεριφερόμενος
1382 864 1492 919 τοῖς
1552 855 1771 909 ἑκάστου
1837 875 1928 908 κα-

330 950 461 1009 κοῖς,
520 949 609 1004 τὴν
668 945 933 1022 ἀκρίϐειαν
993 956 1088 1010 τῆς
1131 947 1393 1008 πολιτείας
1446 945 1659 1018 ἐκλὺσῃ.
1725 943 1925 1017 Ὠσπερ

333 1030 392 1086 δι
429 1035 455 1086 ό
507 1041 773 1108 προεστὼς
829 1038 1109 1098 ὑπεύθυνός
1166 1036 1307 1090 ἐστιν
1363 1033 1576 1108 ὁδηγεῖν
1635 1036 1706 1098 εἰς
1757 1037 1928 1088 πάντα

327 1125 422 1182 τὴν
470 1120 819 1198 ἀδελφότητα,
875 1127 1010 1178 οὑτω
1063 1126 1218 1179 πάλιν
1272 1131 1362 1178 καὶ
1417 1133 1526 1187 τοῖς
1571 1125 1774 1189 λοιποῖς
1821 1126 1928 1177 ἐπι-

329 1210 521 1281 ϐάλλει,
576 1212 660 1266 ἐάν
707 1235 831 1270 ποτε
877 1217 1174 1288 ὑποπτευθῇ
1230 1236 1282 1268 τι
1327 1220 1447 1290 περὶ
1492 1219 1577 1268 τὸν
1618 1222 1929 1291 προεστῶτα

324 1301 699 1376 πλημμελημα,
767 1306 1183 1378 ὑπομιμνήσκειν
1249 1305 1404 1357 αὑτὸν
1475 1309 1592 1366 τοὺς
1665 1309 1926 1379 προέχον-

322 1410 412 1452 τας
453 1397 548 1450 τὴν
589 1412 644 1446 τε
681 1393 887 1452 ἠλικίαν
925 1400 1014 1448 καὶ
1056 1400 1151 1454 τὴν
1191 1398 1416 1450 σύνεσιν.
1460 1394 1577 1447 Ἐὰν
1621 1398 1711 1468 μὲν
1760 1391 1848 1446 οὖν
1893 1389 1923 1451 ἦ

321 1500 375 1532 τι
425 1481 570 1544 ἄξιον
630 1479 976 1556 διορθώσεως,
1031 1488 1117 1537 τόν
1184 1504 1238 1536 τε
1297 1481 1518 1557 ἀδελφόν
1565 1483 1920 1556 ὠφελήσαμεν,

321 1574 411 1620 καὶ
463 1570 673 1634 ἑαυτοὺς
723 1569 798 1624 δι’
847 1572 1061 1640 ἐκείνου,
1113 1577 1200 1625 τὸν
1246 1575 1398 1625 οἱονεὶ
1445 1577 1635 1625 κανόνα
1668 1580 1759 1624 τοῦ
1805 1574 1925 1645 ἠμε-

321 1662 470 1732 τέρου
509 1658 630 1732 βίου
681 1665 822 1725 ὄντα,
867 1666 957 1714 καὶ
999 1670 1062 1736 τῇ
1121 1662 1281 1714 αὑτοῦ
1331 1662 1578 1735 ὀρθότητι
1635 1665 1692 1715 τὸ
1744 1659 1924 1714 ενδιά-⁸

325 1767 545 1822 στροφον
595 1757 720 1821 ἡμῖν
776 1747 1066 1824 διελέγχειν
1123 1751 1406 1824 ὀφείλοντα,
1475 1755 1602 1826 πρὸς
1665 1755 1722 1803 τὸ
1783 1751 1927 1804 εὑοὺ-

2037 598 2162 641 non
2183 584 2434 641 edoctus
2465 583 2544 642 ab
2562 600 2633 642 eo
2664 586 2738 643 de
2759 587 3201 644 emendationis
3230 587 3436 660 modo,
3460 588 3702 662 sangui-

2036 687 2179 728 nem
2213 673 2407 746 ipsius
2451 689 2523 729 ex
2578 675 2703 730 suis
2759 676 3046 733 manibus
3089 676 3448 749 requisitum
3493 677 3585 746 iri,
3635 680 3702 734 ut

2038 762 2330 834 scriptum
2347 767 2436 819 est
2450 765 2498 800 ³⁸
2519 780 2532 820 :
2565 768 2621 821 et
2638 766 2922 833 maxime,
2955 767 3006 821 si
3023 766 3170 839 quid
3187 782 3394 823 eorum
3415 782 3550 839 quae
3568 765 3700 839 pla-

2036 855 2171 907 cent
2202 850 2343 920 Deo,
2375 867 2499 908 non
2525 869 2596 909 ex
2628 853 2862 910 inscitia
2890 854 3235 924 neglexerit,
3268 855 3374 911 sed
3399 853 3598 928 potius
3624 870 3699 910 ex

2035 955 2108 996 eo
2137 941 2305 1012 quod
2334 941 2415 997 ob
2445 943 2917 999 assentationem
2944 944 3024 1000 ad
3050 945 3526 1016 uniuscujusque
3554 941 3698 1002 vitia

2037 1045 2170 1086 sese
2202 1033 2641 1100 accommodet,
2665 1033 2998 1106 disciplinae
3040 1033 3438 1105 integritatem
3477 1032 3700 1090 labefa-

2035 1119 2227 1177 ctarit.
2261 1120 2337 1192 (3)
2373 1124 2565 1193 Atque
2605 1121 2787 1180 etiam
2827 1123 3351 1196 quemadmodum
3383 1122 3697 1195 praefectus

2033 1210 2098 1266 in
2137 1210 2424 1268 omnibus
2465 1212 2719 1269 fratrum
2765 1213 2892 1269 dux
2929 1229 3065 1271 esse
3105 1213 3302 1283 debet,
3341 1215 3425 1270 ita
3453 1229 3697 1288 quoque

2033 1300 2300 1356 vicissim
2316 1301 2561 1374 reliquis
2581 1304 2881 1374 convenit,
2902 1304 2950 1359 si
2970 1304 3219 1377 quando
3239 1304 3555 1376 praefectus
3569 1304 3696 1376 ipse

2035 1389 2235 1445 delicti
2265 1389 2522 1461 alicujus
2561 1397 2874 1464 suspectus
2912 1391 3104 1461 fuerit,
3137 1398 3203 1449 ut
3243 1393 3443 1466 ipsum
3485 1393 3696 1450 admo-

2034 1481 2220 1534 neant
2257 1478 2363 1552 qui
2402 1495 2540 1535 cum
2582 1484 2756 1536 aetate
2783 1484 2909 1536 tum
2940 1482 3262 1554 prudentia
3296 1484 3602 1554 praestant.
3637 1480 3697 1538 Si

2033 1567 2181 1640 quid
2209 1567 2391 1640 igitur
2427 1567 2622 1635 fuerit,
2656 1570 2824 1642 quod
2852 1571 3164 1628 emendari
3202 1587 3400 1645 operai
3435 1571 3695 1643 pretium

2035 1655 2128 1726 sit,
2169 1656 2521 1728 juvabimus
2565 1662 2620 1714 et
2668 1658 2935 1727 fratrem,
2973 1664 3031 1716 et
3063 1675 3170 1732 per
3215 1660 3384 1716 illum
3431 1664 3695 1716 nosmet-

2033 1744 2223 1817 ipsos,
2257 1761 2328 1801 eo
2357 1746 2463 1818 qui
2483 1746 2665 1803 veluti
2695 1748 2828 1803 vitae
2857 1753 3078 1804 nostris
3093 1748 3302 1819 regula
3322 1753 3428 1816 est,
3463 1762 3695 1820 suaque

323 1843 727 1913 καταρτίσαντες
753 1861 766 1873 ·
817 1843 901 1892 ἐὰν
941 1837 1001 1894 δε
1038 1845 1208 1912 μάτην
1247 1845 1380 1904 τινες
1416 1842 1754 1916 ταραχθῶσι,
1786 1840 1924 1898 πλη-

2038 1835 2388 1890 rectitudine
2419 1837 2874 1906 perversitatem
2904 1842 3173 1894 nostram
3202 1838 3564 1909 redarguere
3593 1837 3695 1893 de-

324 1931 698 2002 ροφορηθέντες
773 1927 866 1982 διὰ
938 1938 1030 1990 τῆς
1105 1935 1436 2005 φανερώσεως
1504 1938 1603 1982 τῶν
1671 1930 1730 1982 οῦ
1795 1932 1927 2003 μετὰ

327 2015 570 2080 ἀληθείας
627 2021 1068 2084 ὑποπτευθέντων,
1136 2028 1226 2080 τῆς
1291 2019 1370 2072 ἐπ’
1427 2019 1565 2092 αὐτῷ
1614 2015 1926 2093 διακρίσεως

327 2103 770 2164 ἀπαλλάσσονται.

393 2376 444 2427 7.
507 2373 583 2426 Οὐ
625 2377 726 2449 γὰρ
786 2375 1030 2448 ἀγνοεῖτε,
1081 2377 1148 2438 ὡς
1207 2376 1256 2429 οἱ
1307 2385 1628 2449 προεστῶτες
1688 2373 1926 2449 δημοσίᾳ

322 2465 455 2514 πᾶσι
502 2469 850 2537 προκείμενοι,
908 2467 1080 2540 ὥσπερ
1130 2467 1178 2518 οἱ
1228 2465 1276 2518 ἐν
1328 2474 1391 2539 τῇ
1446 2466 1682 2540 θαλάσση
1745 2465 1927 2539 προϐε-

323 2549 567 2623 ϐλημένοι
631 2554 896 2622 σκόπελοι,
960 2555 1111 2608 αὑτοὶ
1168 2559 1255 2609 τὸν
1315 2559 1476 2628 θυμὸν
1533 2565 1632 2609 τῶν
1691 2555 1925 2608 ἐναντίων

323 2644 568 2713 κυμάτων
621 2640 995 2715 ὑποδέχονται,
1037 2649 1127 2696 καὶ
1184 2649 1304 2720 περὶ
1371 2646 1556 2706 αὐτοὺς
1605 2646 1921 2719 ῥηγνύμενα,

324 2731 392 2781 τὰ
441 2733 656 2782 κατόπιν
702 2731 869 2782 αὐτῶν
931 2732 1024 2784 οῦκ
1074 2731 1464 2793 ἕπικλὺζουσιν,
1514 2735 1646 2805 Ἐγώ
1699 2738 1788 2806 μεν
1837 2731 1925 2786 οὖν

328 2817 362 2870 ἂ
407 2821 666 2892 κράτιστα
703 2817 831 2872 εἶναι
873 2826 1052 2896 κρίνω,
1095 2824 1160 2874 τὰ
1201 2824 1291 2895 μὲν
1333 2830 1422 2874 νῦν
1457 2823 1721 2896 εἰρημένα,
1762 2826 1828 2876 τὰ
1867 2819 1928 2877 δι

329 2911 472 2980 παρὰ
513 2910 683 2962 πάντα
721 2913 808 2962 τόν
853 2909 970 2983 βίον
1011 2912 1132 2983 ὑμῖν
1173 2911 1562 2984 ξυμϐουλεὺσω.
1606 2911 1713 2965 Κᾶν
1751 2914 1850 2987 γὰρ
1892 2914 1922 2970 ἠ

331 3005 422 3050 τοῦ
461 3003 697 3071 σώματος
731 2999 970 3052 ἀσθένεια
1013 2997 1276 3073 ἐμποδίζῃ
1329 3021 1391 3074 με
1437 3004 1520 3071 (ἦν
1560 3001 1654 3054 οὐκ
1701 2999 1930 3073 ἀγνοεῖτε

331 3090 530 3149 πάντως
576 3089 674 3159 (1),
727 3089 824 3147 ὅση
865 3109 956 3162 μοι
1005 3091 1275 3162 πάρεστιν,
1327 3089 1380 3142 ἐκ
1419 3098 1512 3152 τῆς
1560 3095 1773 3164 πρώτης
1819 3090 1931 3150 ἠλι-

2032 1923 2154 1990 bet,
2187 1923 2267 1980 ad
2303 1928 2530 1981 rectam
2559 1925 2721 1982 viam
2759 1942 2797 1982 a
2825 1926 3004 1983 nobis
3028 1927 3276 1983 reducto
3303 1946 3317 1984 :
3371 1927 3464 1983 sin
3494 1931 3696 1984 autem

2033 2015 2254 2070 temere
2280 2013 2501 2069 turbati
2520 2013 2740 2070 fuerint
2760 2015 3032 2072 nonnulli
3061 2015 3218 2071 illius
3243 2031 3448 2084 causa,
3469 2016 3608 2088 ipsi,
3627 2015 3698 2071 iis

2033 2116 2166 2174 quae
2192 2101 2348 2158 falso
2379 2107 2660 2175 suspecta
2690 2102 2926 2160 fuerant
2942 2104 3218 2175 cognitis,
3239 2104 3518 2160 certiores
3534 2103 3696 2174 facti,

2035 2189 2114 2246 ab
2143 2205 2214 2247 ea
2238 2205 2425 2264 quam
2462 2191 2537 2249 de
2566 2192 2700 2265 ipso
2740 2197 3144 2267 conceperant
3182 2192 3526 2267 suspicione
3557 2192 3700 2250 libe-

2037 2282 2268 2335 rantur.

2106 2372 2156 2422 7.
2184 2369 2264 2439 (4)
2305 2370 2434 2425 Non
2465 2369 2627 2426 enim
2657 2369 2968 2442 ignoratis,
3000 2386 3104 2426 eos
3135 2369 3239 2443 qui
3264 2373 3552 2443 praesunt,
3595 2386 3697 2446 pa-

2030 2456 2156 2514 lam
2181 2457 2468 2516 omnibus
2497 2459 2866 2532 propositos,
2897 2459 3077 2516 veluti
3111 2458 3396 2532 scopulos
3443 2459 3505 2516 in
3541 2461 3697 2518 mari

2033 2549 2474 2621 prominentes,
2504 2549 2768 2606 furorem
2786 2549 3080 2607 ﬂuctuum
3101 2550 3521 2608 haereticorum
3545 2551 3699 2607 exci-

2033 2653 2196 2711 pere,
2228 2639 2329 2710 qui
2361 2637 2512 2694 dum
2543 2638 2700 2695 circa
2728 2654 2832 2696 eos
2856 2639 3240 2711 franguntur,
3268 2655 3341 2696 ea
3369 2655 3506 2712 quae
3538 2645 3696 2697 retro

2037 2729 2198 2792 sunt,
2212 2742 2336 2782 non
2357 2727 2606 2784 alluunt.
2640 2728 2720 2798 (ὃ)
2744 2731 2866 2798 Ego
2885 2729 3135 2801 quidem
3155 2744 3290 2803 quae
3308 2729 3540 2801 optima
3562 2745 3697 2787 esse

2036 2829 2274 2882 censeo,
2289 2816 2508 2888 partim
2530 2831 2694 2872 nunc
2716 2816 2863 2883 dixi,
2881 2817 3105 2889 partim
3129 2817 3303 2874 vobis
3322 2833 3431 2890 per
3450 2833 3697 2877 omnem

2035 2903 2222 2960 vitam
2253 2904 2542 2961 suadebo.
2566 2905 2646 2977 (6)
2670 2904 2914 2962 Etiamsi
2934 2905 3097 2962 enim
3127 2923 3224 2962 me
3246 2907 3514 2980 corporis
3535 2907 3700 2965 inﬁr-

2036 2994 2215 3052 mitas
2255 2996 2628 3067 constringat
2676 3005 2886 3068 (quam
2929 3011 3178 3069 prorsus
3219 3011 3344 3055 non
3389 2996 3696 3070 ignoratis,

2037 3086 2270 3156 quanta
2300 3084 2443 3140 mihi
2483 3085 2660 3152 adsit,
2703 3099 2740 3141 a
2773 3084 2971 3156 prima
3009 3088 3183 3142 aetate
3218 3085 3297 3142 ad
3325 3085 3483 3143 hanc
3511 3100 3704 3159 usque

333 3181 446 3238 κίας
493 3182 658 3251 μέχρι
699 3186 790 3231 τοῦ
836 3185 1008 3255 γήρως
1051 3182 1233 3233 τούτου
1286 3182 1636 3253 συντραφεῖσά
1681 3199 1789 3253 μοι,
1841 3185 1930 3233 καὶ

2041 3177 2403 3230 senectutem
2435 3174 2694 3231 enutrita
2719 3189 2981 3240 mecum,
3016 3189 3234 3247 meque
3263 3175 3570 3245 castigans
3615 3191 3706 3233 se-

332 3265 663 3321 παιδεὺουσιί
702 3289 783 3342 με,
833 3272 969 3323 κατὰ
1009 3275 1103 3329 τὴν
1151 3267 1362 3323 δικαίαν
1402 3276 1576 3344 κρίσιν
1624 3279 1717 3324 τοῦ
1763 3273 1934 3324 πάντα

334 3355 383 3408 ἐν
433 3362 592 3430 σοφίᾳ
633 3357 1024 3431 οἰκονομοῦντος
1071 3361 1250 3428 Θεοῦ),
1300 3359 1409 3411 ἀλλ’
1457 3360 1545 3420 ἕως
1599 3358 1927 3432 ἀναπνέομεν,

334 3448 612 3500 ὑπεύθυνοί
659 3447 810 3520 ἐσμεν
862 3445 1029 3521 μηδεν
1077 3447 1402 3522 ἐλλιμπάνειν
1453 3458 1554 3502 τῶν
1603 3449 1674 3512 εἰς
1727 3445 1932 3503 οἰκοδοο

331 3540 436 3608 μὴν
499 3545 600 3589 τῶν
666 3536 852 3592 καλῶν.
923 3545 1072 3610 Ὑμεῖς
1137 3534 1214 3604 δὲ,
1284 3546 1440 3610 τριῶν
1507 3535 1931 3613 ἀρρωστημάτων

332 3631 402 3698 μὴ
452 3634 526 3698 τῷ
577 3626 770 3698 ἀνιάτῲ
818 3633 1176 3703 προσεοικέναι
1225 3623 1433 3697 δόξητε,
1489 3624 1629 3700 μηδὲ
1683 3633 1780 3687 τὴν
1835 3636 1930 3690 τῆς

331 3721 536 3788 γνώμης
586 3720 738 3768 νόσον
784 3716 1154 3789 παραπλησίαν
1199 3725 1289 3777 τῆς
1334 3724 1434 3768 τῶν
1480 3716 1549 3776 εἰς
1595 3719 1660 3769 τὰ
1711 3723 1932 3790 σώματα

334 3801 793 3878 δυστυχησάντων
839 3803 1067 3868 δείξητε.
1109 3808 1174 3857 Οἱ
1217 3808 1307 3877 μὲν
1351 3807 1452 3877 γὰρ
1503 3807 1569 3858 τὰ
1619 3809 1784 3879 μικρὰ
1829 3815 1930 3858 τῶν

331 3896 509 3946 παθῶν
561 3897 860 3966 κάμνοντες,
915 3895 1064 3948 αὐτοὶ
1114 3899 1258 3968 ποιρά
1310 3899 1428 3957 τοὺς
1485 3895 1692 3970 ἰατροὺς
1752 3898 1932 3971 ἔρχον-

331 4005 456 4038 ταιο
507 3989 554 4040 οἱ
600 3984 659 4040 δε
725 3989 825 4039 ὑπὸ
883 3986 1131 4059 μείζόνων
1196 3986 1600 4058 καταληφθέντες
1662 3985 1933 4060 ἀρῥωστη-

332 4078 530 4149 μάτων,
581 4075 655 4150 ἐφ’
699 4076 914 4138 ἑαυτοὺς
959 4075 1180 4128 καλοῦσι
1215 4079 1334 4137 τοὺς
1382 4077 1826 4150 θεραπεύσοντας·
1883 4077 1932 4128 οἱ

333 4163 385 4218 δ’
434 4167 502 4228 εἰς
551 4165 829 4226 ἀνήκεστον
884 4165 1139 4227 παντελῶς
1189 4164 1542 4238 μελαγχολίαν
1593 4166 1934 4240 παρενεχθέν-

330 4276 432 4323 τες,
475 4253 600 4309 οὐδὲ
645 4260 956 4332 προσιόντας
996 4257 1070 4326 (2)
1116 4261 1442 4330 προσίενται.
1494 4253 1560 4307 Ὀ
1613 4259 1684 4325 μὴ
1729 4256 1934 4312 πάθητε

329 4355 418 4400 νῦν
467 4350 629 4420 ὑμεῖς,
685 4347 845 4424 ὀρθῶς
889 4350 1109 4419 ἔχοντας
1156 4355 1256 4400 τῶν
1302 4345 1570 4419 λογισμῶν
1618 4343 1934 4417 ἀποφεύγον-

330 4455 440 4496 τες·
492 4435 618 4488 ἀλλὰ
658 4442 748 4488 καὶ
780 4433 1120 4501 παιδευθητε,
1175 4440 1265 4487 καὶ
1307 4437 1684 4507 στοιχειώθητε
1720 4443 1794 4506 τῷ
1834 4439 1931 4507 φό-

331 4523 404 4595 ϐῳ
443 4529 638 4597 Κυρίου
679 4532 771 4576 τοῦ
820 4531 952 4576 Θεοῦ
1001 4526 1167 4595 ἡμῶν,
1223 4527 1308 4576 ἵνα
1355 4529 1445 4576 καὶ
1497 4532 1596 4575 τῶν
1646 4522 1926 4596 μελλόντων

331 4613 538 4684 ἀγαθῶν
605 4612 913 4684 ἐπιτὺχητε,
981 4611 1028 4663 ἐν
1097 4620 1313 4687 Χριστῷ
1380 4613 1556 4670 Ἰησοῦ
1617 4619 1689 4682 τῷ
1751 4618 1926 4684 Κυρίῳ

331 4706 495 4776 ἡμῶν,
597 4705 625 4762 ἡ
663 4700 794 4766 δοξοι
823 4707 912 4753 καὶ
941 4705 998 4754 τό
1038 4703 1225 4777 κράτος
1268 4705 1360 4754 σὺν
1398 4710 1471 4772 τῷ
1513 4701 1728 4775 ἀνάρχῳ
1769 4701 1929 4754 αὐτοῦ

332 4797 520 4867 ιῐατρὶ,
589 4797 677 4845 καὶ
743 4801 814 4863 τῷ
879 4797 1118 4863 παναγίω
1182 4797 1270 4844 καὶ
1337 4791 1572 4862 ζωοποιῷ
1640 4793 1927 4863 Πνεύματε,

328 4889 415 4934 νῦν
454 4886 541 4934 καὶ
584 4879 678 4949 ἀεὶ,
723 4885 811 4934 καὶ
852 4881 922 4943 εἰς
960 4885 1074 4941 τοὺς
1116 4878 1303 4940 αἰῶνας
1341 4887 1438 4932 τῶν
1477 4879 1694 4935 αἰώνων.
1741 4879 1926 4949 Ἀμήν.

398 5244 444 5278 ³⁸
486 5241 690 5299 Ezech.
723 5253 802 5310 in,
824 5242 913 5294 20.

398 5423 471 5491 (1)
511 5417 882 5495 Ἐμποᾷίζῃ...
953 5419 1166 5495 πάντως.
1236 5417 1328 5474 Sic
1395 5419 1642 5490 uterque
1711 5416 1920 5473 codex.

326 5492 475 5566 Edili
501 5491 881 5566 συμποδίση...
905 5493 1110 5566 πάντες.

400 5565 472 5639 (2)
514 5555 850 5639 Προσιὸντὸςς.
885 5563 1087 5639 codex
1121 5565 1254 5617 1992
1280 5565 1592 5639 προσιόντα.

399 5637 477 5703 (3)
512 5633 592 5708 Eii
621 5637 864 5708 Regalis
884 5636 1076 5706 fusius
1109 5633 1406 5704 tractatis,
1442 5633 1563 5688 371.

399 5708 477 5777 (4)
515 5707 596 5761 Ex
620 5707 793 5780 epist.
824 5723 969 5777 cum,
1004 5710 1127 5766 302.

2042 3263 2310 3319 cundum
2323 3263 2556 3334 justum
2578 3264 2680 3319 Dei
2705 3262 3020 3335 judicium,
3042 3263 3146 3335 qui
3163 3264 3369 3321 omnia
3384 3263 3446 3320 in
3468 3265 3704 3336 sapien-

2039 3352 2124 3409 tia
2154 3352 2524 3420 moderatur,
2552 3352 2630 3424 (7)
2670 3357 2878 3409 tamen
2920 3353 3193 3426 quandiu
3238 3353 3698 3426 respirabimus,

2038 3440 2188 3498 nihil
2210 3441 2506 3498 debemus
2528 3456 2738 3498 eorum
2765 3441 3059 3511 omittere,
3086 3457 3220 3515 quae
3249 3442 3329 3498 ad
3358 3443 3702 3500 aediﬁcatio-

2037 3546 2176 3587 nem
2217 3529 2522 3588 bonorum
2570 3531 2890 3604 pertinent.
2936 3532 3012 3603 (8)
3059 3533 3174 3587 Vos
3209 3547 3354 3588 vero
3402 3547 3542 3590 cum
3585 3531 3702 3589 tria

2040 3620 2158 3676 sint
2191 3620 2616 3694 aegritudinum
2655 3636 2900 3692 genera,
2939 3620 2993 3676 ei
3032 3620 3198 3693 quod
3236 3620 3572 3678 insanabile
3613 3623 3702 3678 est

2040 3710 2266 3766 similes
2288 3726 2364 3766 ne
2385 3710 2731 3781 videamini,
2759 3725 2953 3782 neque
2980 3708 3312 3767 ostendatis
3337 3711 3522 3766 animi
3543 3725 3702 3766 mor-

2039 3799 2188 3856 bum
2210 3799 2425 3856 morbo
2454 3816 2664 3856 eorum
2680 3800 2782 3872 qui
2811 3814 3062 3870 corpore
3087 3802 3401 3870 mgrotant,
3420 3798 3701 3854 consimi-

2037 3889 2180 3948 lem.
2237 3890 2465 3944 Etenim
2521 3889 2929 3945 invaletudine
2983 3903 3172 3960 parva
3223 3887 3330 3960 qui
3396 3887 3698 3959 laborant,

2038 3979 2152 4052 ipsi
2173 3977 2468 4035 accedunt
2497 3978 2575 4033 ad
2606 3978 2874 4034 medicos
2907 3994 2922 4033 :
2952 3977 3056 4049 qui
3083 3992 3226 4034 vero
3258 3975 3486 4034 morbis
3511 3979 3703 4049 majo-

2039 4069 2208 4126 ribus
2238 4068 2492 4140 correpti
2518 4067 2704 4135 fuere,
2731 4066 3000 4122 medicos
3025 4067 3428 4123 accersuntad
3457 4083 3520 4122 se
3551 4085 3565 4124 :
3598 4067 3705 4140 qui

2043 4164 2247 4215 autem
2277 4157 2337 4212 in
2363 4156 2628 4229 aliquem
2660 4161 2803 4212 atrae
2834 4154 2974 4211 bilis
3000 4155 3289 4211 morbum
3318 4171 3569 4228 prorsus
3596 4155 3708 4213 im-

2040 4246 2461 4304 medicabilem
2491 4245 2646 4317 lapsi
2671 4248 2922 4312 sunt,ne
2953 4243 3309 4302 accedentes
3332 4244 3581 4316 quidem
3604 4244 3708 4300 ad-

2041 4336 2302 4394 mittunt.
2325 4335 2497 4402 Quod
2523 4339 2730 4390 cavete
2755 4349 2829 4390 ne
2856 4333 3028 4389 vobis
3059 4350 3224 4389 nunc
3255 4332 3576 4402 accidat,si
3602 4349 3706 4389 eos

2041 4427 2146 4500 qui
2176 4432 2376 4482 mente
2407 4441 2476 4481 ac
2515 4424 2747 4482 ratione
2785 4422 3017 4496 praediti
3062 4427 3224 4490 sunt,
3261 4421 3544 4493 fugiatis;
3594 4421 3705 4478 sed

2041 4514 2359 4572 erudimini
2373 4519 2552 4586 atque
2565 4512 2884 4569 initiamini
2898 4513 3108 4568 timore
3124 4511 3357 4568 Domini
3373 4510 3473 4566 Dei
3492 4510 3700 4580 nostri,

2039 4609 2101 4662 ut
2131 4605 2466 4661 futurorum
2491 4604 2792 4659 bonorum
2819 4601 3141 4675 participes
3177 4615 3309 4656 esse
3334 4599 3593 4672 possitis,
3637 4598 3702 4655 in

2039 4695 2268 4752 Christo
2294 4693 2439 4750 Jesu
2470 4693 2723 4748 Domino
2753 4695 2981 4757 nostro,
3016 4690 3111 4745 cui
3143 4689 3334 4759 gloria
3355 4693 3412 4744 et
3430 4692 3700 4761 potestas

2037 4801 2177 4841 cum
2207 4787 2431 4839 aeterno
2473 4783 2601 4852 ejus
2641 4783 2832 4848 Patre,
2873 4783 2929 4836 et
2971 4778 3355 4834 sanctissimo
3392 4776 3696 4834 viviﬁcan-

2036 4878 2214 4947 teque
2243 4873 2483 4946 Spiritu,
2512 4887 2675 4929 nunc
2706 4874 2764 4928 et
2791 4884 3052 4942 semper,
3079 4871 3136 4927 et
3165 4868 3226 4926 in
3259 4867 3484 4926 szecula
3517 4882 3700 4924 saecu-

2037 4965 2260 5024 lorum.
2300 4968 2506 5022 Amen.

2103 5416 2178 5484 (5)
2221 5415 2300 5467 Ex
2332 5424 2510 5484 serm.
2536 5409 2619 5463 De
2651 5404 2911 5484 legendis
2940 5403 3109 5460 libris
3137 5406 3320 5474 gent,
3358 5402 3476 5456 184.

2106 5482 2184 5556 (6⁷)
2226 5487 2306 5538 lix
2328 5482 2506 5556 epist.
2540 5495 2687 5548 CCIII,
2717 5482 2841 5533 299.

2124 5553 2178 5626 7)
2221 5553 2578 5629 lbid.,302._
2650 5623 2662 5629 _
2841 5620 2877 5629 η
3067 5617 3077 5629 ο

2129 5611 2184 5700 8)
2222 5611 2302 5684 Ex
2332 5611 2510 5683 serm.
2533 5625 2620 5682 De
2643 5620 2904 5694 legendis
2936 5617 3104 5677 libris
3134 5619 3317 5688 gent,
3349 5611 3476 5671 184.
