4146 6394
433 341 567 398 1147
1413 338 1776 398 ΑΡΡΕΝΟΙΧ.
1816 371 1885 382 -
1925 341 2070 398 ενι

2176 341 2267 396 118
2305 341 2580 396 ΙΕΤΔΡΗ
2587 340 2832 397 RASTE
3662 346 3683 395 ί
3697 340 3724 392 1
3735 340 3813 394 48

432 464 608 539 483
650 465 760 522 DE
790 467 1358 528 CHARII'ATEIN
1390 467 1629 526 DEUM
1668 468 1783 524 ET
1820 466 2076 525 PROX!-
2117 469 2342 522 Amm
2420 470 2685 519 APAnH:
2756 472 2882 519 Tn:
2958 471 3126 518 ΠΡΟΣ
3203 471 3384 518 anon
3473 470 3586 518 Im
3663 470 3814 517 TON

1152 540 1360 597 MUM.
2833 543 3164 597 ΠΛΗΣΙΟΝ.

1073 666 1302 723 SERMO
1353 664 1444 721 Ill.

2835 664 3052 715 ΛΟΓΟΣ
3089 659 3162 719 r’.

511 787 559 841 1.
602 787 680 857 (t)
702 785 812 853 Qui
838 788 1188 861 semetipsos
1218 807 1256 847 a
1285 789 1490 847 saeculi
1519 789 1679 845 curis
1705 791 2092 846 removerunt

2270 789 2322 844 1.
2363 790 2494 850 Τοὺς
2540 795 2639 840 τῶν
2689 785 2950 860 βιωτικῶν
3005 786 3218 849 ἑαυτούς
3267 786 3646 854 ἀποξενούντας
3701 807 3805 859 με-

437 889 542 932 cor
579 891 757 932 suum
805 876 972 933 omni
1009 877 1283 934 custodia
1320 895 1560 936 servare
1591 878 1831 946 debent,
1862 892 1938 934 ne
1968 891 2074 933 un-

2197 884 2410 951 ριμνῶν,
2459 878 2605 949 πάσῃ
2656 875 2854 950 φυλακῇ
2905 883 3079 948 τηρεῖν
3128 880 3386 950 προσήκει
3450 880 3538 934 τὴν
3601 875 3805 929 ἑαυτῶν

436 978 625 1035 quam
664 964 765 1020 Dei
793 965 1214 1036 cogitationem
1253 968 1560 1039 abjiciant,
1593 973 1698 1024 aut
1732 966 2073 1024 memorian

2199 962 2444 1042 καρδίαν,
2495 968 2564 1028 ὡς
2601 970 2673 1038 μή
2726 984 2848 1018 ποτε
2898 969 2992 1024 τὴν
3039 969 3155 1038 περὶ
3202 971 3335 1018 Θεοῦ
3382 967 3576 1020 ἔννοιαν
3617 964 3809 1018 ἐκϐάλ-

437 1051 596 1108 illius
625 1053 993 1111 mirabilium
1022 1056 1388 1129 imaginibus
1412 1073 1712 1114 vanarum
1732 1072 1934 1113 rerum
1953 1070 2074 1112 coni

2199 1054 2324 1122 λειν,
2372 1057 2402 1116 ἦ
2458 1059 2551 1114 τὴν
2606 1059 2814 1128 μνήμην
2865 1062 2964 1109 τῶν
3013 1056 3318 1126 Θαυμασίων
3376 1055 3538 1107 αὐτοῦ
3600 1075 3806 1127 φαντα-

438 1141 768 1212 taminent;
817 1145 923 1201 sed
955 1161 1024 1202 ex
1068 1151 1360 1220 perpetua
1393 1165 1464 1205 ac
1497 1163 1652 1222 pura
1679 1146 2075 1204 recordationt

2203 1148 2345 1206 σίαις
2401 1153 2499 1196 τῶν
2537 1148 2772 1217 ματαίων
2817 1143 3286 1218 καταρῥυπαίνειν·
3350 1143 3479 1196 αλλά
3545 1141 3641 1196 διὰ
3704 1154 3803 1208 τῆς

439 1230 734 1302 impressa
762 1233 981 1290 animis
1013 1237 1256 1306 nostris,
1288 1237 1450 1294 velut
1482 1237 1749 1309 sigillum
1776 1234 2076 1294 indelebilt

2205 1231 2476 1296 διηνεκοῦς
2530 1234 2609 1304 (8)
2673 1237 2763 1286 καὶ
2823 1235 3053 1308 καθαρᾶς
3115 1237 3326 1306 μνήμης
3385 1232 3800 1307 ἐντετυπωμεῆην

441 1326 650 1378 sancta
695 1323 798 1379 Dei
845 1325 1126 1396 cogitatio
1172 1326 1672 1386 circumferenda.
1715 1331 1801 1383 Ita
1851 1325 2013 1381 enim
2061 1341 2078 1379 ε

2204 1330 2315 1384 ταῖς
2368 1323 2572 1394 ψυχαῖς
2629 1324 2795 1395 ἡμῶν,
2856 1324 3028 1399 ὥσπερ
3093 1319 3366 1396 σφραγῖδα
3422 1320 3801 1393 ἁνεξάλειπτον,

443 1409 620 1468 nobis
649 1419 1038 1485 comparatur
1067 1415 1171 1472 Dei
1208 1415 1468 1486 dilectio,
1499 1433 1636 1489 quae
1672 1414 1852 1472 simul
1881 1414 2080 1470 excita

2203 1417 2293 1471 τὴν
2339 1413 2484 1464 ὁσίαν
2536 1419 2628 1464 τοῦ
2685 1418 2819 1466 Θεοῦ
2865 1415 3059 1464 ἔννοιαν
3111 1416 3418 1488 περιφέρειν.
3475 1413 3660 1474 Οὕτως
3703 1415 3812 1486 γὰρ

443 1498 523 1558 ad
544 1498 922 1558 conﬁcienda
953 1503 1053 1560 Dei
1072 1505 1378 1573 mandata,
1406 1510 1463 1561 et
1483 1506 1617 1577 ipsa
1645 1505 1724 1561 ab
1753 1504 1899 1577 ipsis
1928 1503 2080 1558 vicis.

2205 1507 2544 1577 προσγίνεται
2592 1503 2716 1574 ἡμῖν
2775 1503 2803 1560 η
2853 1505 2979 1576 πρὸς
3032 1503 3160 1554 Θεὸν
3205 1500 3408 1572 ἀγάπη,
3452 1502 3562 1576 ἅμα
3607 1522 3661 1555 τε
3713 1499 3812 1554 δι-

445 1587 562 1645 sim
627 1595 917 1661 servatur,
984 1597 1048 1648 ut
1110 1599 1401 1667 perpetua
1461 1595 1536 1651 sit
1601 1611 1672 1652 ac
1739 1609 1861 1652 non
1926 1593 2082 1649 inter-

2207 1596 2480 1664 εγείρουσα
2535 1595 2628 1650 τὴν
2687 1589 2936 1666 ἐργασίαν
3001 1599 3100 1642 τῶν
3154 1589 3364 1642 ἐντολῶν
3429 1597 3520 1643 τοῦ
3581 1595 3804 1664 Κυρίου,

448 1677 656 1735 missa.
700 1680 779 1750 (2)
828 1681 1017 1746 Quem
1055 1688 1258 1740 autem
1300 1685 1628 1741 vehemens
1669 1684 1964 1740 Christum
2010 1699 2085 1740 se-

2207 1684 2297 1733 καὶ
2343 1680 2432 1732 ὑπ’
2485 1680 2652 1731 αὐτῶν
2699 1679 2852 1732 πάλιν
2907 1680 3038 1738 αὕτη
3111 1684 3492 1752 συντηρουμένη
3547 1682 3679 1752 πρὸς
3737 1684 3805 1732 τὸ

445 1767 674 1838 quendi
703 1769 998 1841 cupiditas
1020 1775 1194 1842 tenet,
1225 1774 1275 1828 is
1293 1788 1416 1829 non
1440 1773 1700 1847 amplius
1721 1790 1784 1830 se
1813 1771 1892 1830 ad
1913 1772 2082 1829 ullam

2174 1765 2420 1872 ιδιαρκὲς
2455 1772 2544 1823 καὶ
2587 1765 2939 1823 ἀδιάπτωτον.
2979 1769 3037 1821 Ὀ
3082 1765 3140 1821 δὲ
3189 1765 3400 1842 σφόδρα
3444 1777 3505 1840 τῇ
3552 1767 3811 1841 ἐπιθυμίᾳ

2279 1866 2296 1874 -
2347 1857 2359 1873 ,
2434 1857 2453 1876 η
2534 1859 2557 1876 η
2589 1864 2609 1874 ..
2722 1865 2744 1874 .,
2800 1865 2843 1876 -,
2989 1865 3008 1875 -
3254 1862 3260 1870 .
3561 1860 3570 1871 .
3697 1853 3766 1876 η..

446 1869 595 1923 rem,
630 1872 765 1932 quae
799 1858 878 1915 ad
907 1859 1064 1916 hanc
1100 1861 1284 1921 vitam
1316 1864 1582 1933 attineat,
1614 1867 1955 1920 convertere
1983 1878 2083 1936 po-

2175 1853 2298 1911 ’τοῦ
2337 1857 2632 1911 ἀκολουθεῖν
2680 1865 2751 1928 τῷ
2800 1865 3016 1931 Χριστῷ
3072 1862 3437 1930 κατεχόμενος,
3477 1860 3604 1929 πρὸς
3653 1853 3812 1910 οὐδὲν

449 1946 579 2010 test,
593 1959 716 2001 non
733 1946 810 2002 ad
828 1954 1164 2020 parentum,
1184 1957 1286 2008 aut
1304 1954 1784 2026 propinquorum
1803 1968 2086 2019 amorem1

2258 1967 2285 1999 ἰ
2321 1956 2418 2008 τῆς
2458 1947 2596 2009 ζωῆς
2643 1949 2832 2009 ταύτης
2880 1947 3262 2020 ἐπιστραφῆναι
3302 1944 3545 2012 δύναται,
3577 1947 3638 1999 ού
3683 1949 3816 2021 πρὸς
3885 2002 3895 2012 _

452 2031 502 2088 si
532 2033 764 2091 Domini
795 2039 1105 2111 praeceptis
1138 2040 1508 2098 adversetur.
1538 2042 1873 2098 Tuncenim
1897 2042 2089 2098 locum

2209 2042 2394 2109 γονέων
2441 2039 2471 2097 ἦ
2521 2038 2722 2090 οἰκείων
2770 2037 2974 2111 φίλτρον
3023 2039 3143 2090 ὅταν
3194 2035 3572 2110 ἐναντιούμενον
3705 2045 3816 2103 τοῖς

447 2120 628 2187 etiam
649 2122 831 2181 habet
859 2125 1006 2184 illud
1031 2145 1043 2183 :
1075 2129 1146 2186 Si
1172 2131 1305 2202 quis
1335 2133 1489 2187 venit
1519 2132 1600 2188 ad
1620 2147 1728 2199 me,
1748 2136 1803 2188 et
1832 2147 1953 2188 non
1978 2130 2084 2186 odit

2212 2135 2305 2180 τοῦ
2374 2133 2571 2204 Κυρίου
2631 2129 3029 2202 προστάγμασι.
3095 2131 3223 2179 Τότε
3285 2128 3385 2200 γὰρ
3449 2130 3634 2200 καιρὸν
3699 2129 3816 2197 ἔχει

445 2215 680 2278 patrem
719 2228 893 2271 suum
931 2221 986 2272 et
1023 2224 1275 2275 matrem
1319 2221 1388 2284 ³⁷,
1435 2226 1492 2276 et
1535 2225 1743 2275 caetera
1774 2237 1788 2276 :
1821 2221 1896 2292 (3)
1936 2235 2082 2292 quor

2213 2222 2303 2270 καὶ
2349 2221 2432 2289 τὸ,
2476 2221 2537 2272 Εἴ
2578 2237 2658 2279 τις
2707 2219 2921 2292 ἔρχεται
2975 2218 3108 2290 πρὸς
3151 2218 3236 2288 με,
3291 2220 3381 2267 καὶ
3429 2215 3487 2266 ού
3536 2222 3685 2287 μισεῖ
3728 2219 3817 2267 τὸν

449 2299 629 2356 etiam
660 2300 995 2362 docuerunt
1029 2321 1144 2362 nos
1185 2308 1378 2365 sancti
1417 2308 1652 2364 Domini
1689 2307 1986 2381 discipuli,
2019 2309 2086 2364 Ja

2216 2312 2414 2382 πατέρα
2479 2308 2663 2374 αὑτοῦ,
2729 2309 2814 2358 καὶ
2881 2309 2975 2366 τὴν
3036 2310 3256 2378 μητέρα,
3335 2309 3424 2357 καὶ
3498 2305 3565 2356 τὰ
3660 2305 3820 2357 λοιπά

451 2387 640 2444 cobus
679 2393 736 2446 et
770 2393 1050 2462 Joannes,
1079 2395 1184 2468 qui
1226 2401 1462 2468 patrem
1509 2413 1687 2454 suum
1725 2397 2081 2454 Zebedaeum

2217 2398 2353 2450 καθὰ
2395 2401 2485 2448 καὶ
2537 2398 2587 2448 οἱ
2626 2395 2770 2468 ἅγιοι
2820 2397 3055 2468 μαθηταὶ
3119 2402 3210 2447 τοῦ
3280 2399 3474 2469 Κυρίου
3537 2391 3817 2456 ὑπέδειξαν

452 2475 796 2550 ipsumque,
831 2496 867 2537 a
890 2497 1012 2554 quo
1043 2486 1167 2539 tota
1189 2483 1428 2541 illorum
1454 2485 1648 2540 victus
1687 2486 1839 2542 ratio
1869 2485 2089 2558 pende-

2218 2487 2365 2558 ἡμῖν,
2421 2484 2664 2546 Ἰάκωϐος
2716 2487 2806 2557 μὲν
2855 2489 2945 2538 καὶ
2992 2485 3253 2551 Ἰωάννης,
3309 2483 3666 2544 καταλιπόντες
3726 2488 3819 2536 τὸν

452 2563 578 2631 bat,
607 2568 910 2639 navigium
942 2570 1269 2645 reliquere;
1325 2574 1631 2633 Mattheus
1659 2576 1862 2643 etiam,
1895 2575 1999 2648 qui
2029 2574 2089 2630 al

2217 2580 2416 2649 πατέρα
2464 2575 2630 2627 αὐτῶν
2679 2570 3014 2638 Ζεϐεδδαῖον,
3071 2578 3160 2626 καὶ
3207 2573 3336 2626 αὐτὸ
3384 2576 3444 2625 τό
3482 2573 3677 2640 πλοῖον,
3712 2577 3812 2630 τὴν

451 2651 585 2726 ipso
610 2653 828 2713 telonio
853 2661 1125 2733 surrexit,
1143 2663 1585 2734 Dominumque
1609 2668 1846 2721 secutus
1863 2668 2088 2729 est,nor

2217 2671 2392 2718 πᾶσαν
2433 2663 2668 2738 ἀφορμὴν
2708 2671 2800 2715 τοῦ
2832 2661 2954 2736 βίου
2981 2685 2993 2696 ·
3035 2664 3300 2724 Ματθαῖος
3331 2659 3391 2716 δε
3423 2661 3511 2715 ἀπ’
3543 2662 3700 2715 αὐτοῦ
3720 2669 3817 2715 τοῦ

453 2741 653 2800 telonii
703 2745 901 2805 solum
949 2749 1294 2824 relinquens
1337 2752 1764 2824 emolumenta,
1812 2753 1920 2809 sed
1956 2754 2090 2826 peri

2217 2753 2451 2808 τελωνίου
2511 2752 2760 2818 ἀναστὰς,
2806 2755 2890 2804 καὶ
2948 2751 3309 2813 ἀκολουθήσας
3364 2760 3435 2823 τῷ
3499 2755 3697 2825 Κυρίῳ,
3757 2751 3821 2803 οὗ

451 2833 588 2892 cuia
635 2835 815 2893 etiam
862 2845 1276 2909 contemnens,
1310 2859 1446 2915 quae
1479 2859 1516 2901 a
1553 2843 1950 2915 potestatibus
1980 2848 2088 2899 tun

2216 2845 2282 2894 τὰ
2327 2839 2489 2917 κέρδη
2531 2863 2685 2916 μονον
2731 2844 2798 2894 τὰ
2836 2839 2884 2892 ἐν
2937 2850 3009 2912 τῷ
3055 2841 3274 2912 τελωνίῳ
3317 2841 3637 2912 καταλιπὼν,
3692 2839 3822 2894 ἀλλὰ

453 2921 565 2980 sibi
602 2928 734 2982 tum
774 2931 1241 2999 consanguineis
1284 2933 1407 2988 suis
1444 2933 1900 3007 impendebant,
1939 2933 2090 3007 quoc'

2216 2938 2306 2986 καὶ
2363 2941 2459 2986 τῶν
2512 2929 2765 2984 κινδύνων
2821 2927 3103 3006 ὑπεριδὼν,
3163 2930 3210 2983 οἱ
3263 2928 3627 2984 ἐπακολουθεῖν
3681 2930 3828 3002 ἔμε).-

449 3013 834 3084 vectigalium
888 3019 1150 3076 rationes
1203 3020 1544 3094 reliquisset
1593 3021 1864 3080 infectas.
1925 3021 2086 3079 Pault

2214 3021 2298 3074 λον
2352 3021 2492 3093 αὐτῷ
2544 3040 2598 3074 τε
2647 3025 2738 3074 καὶ
2791 3027 2899 3081 τοῖς
2950 3020 3160 3082 οἰκείοις
3209 3022 3353 3093 παρά
3403 3029 3498 3083 τῆς
3557 3019 3822 3088 ἐξουσίας,

450 3100 713 3177 denique
755 3110 917 3163 totus
961 3109 1142 3166 etiam
1183 3111 1450 3166 mundus
1492 3110 1816 3168 cruciﬁxus
1861 3116 2006 3180 erat,
2049 3127 2080 3167 e

2180 3109 2407 3182 ’ἀτελεῖς
2458 3113 2576 3171 τοὺς
2629 3110 2810 3181 λόγους
2867 3117 2959 3161 τοῦ
3025 3109 3262 3162 τελωνίου
3324 3109 3774 3182 καταλιμπάνοντι
3805 3130 3817 3142 ·

451 3190 578 3264 ipse
607 3195 858 3251 mundo.
887 3196 966 3268 (4)
997 3198 1147 3254 Cum
1169 3199 1330 3255 enim
1370 3199 1602 3273 pietatis
1634 3217 1806 3258 amor
1834 3201 2088 3258 animan:

2180 3177 2401 3272 ςΠαύλῳ
2463 3196 2522 3253 δὲ
2587 3203 2675 3251 καὶ
2740 3200 2766 3251 ό
2835 3201 3046 3271 σύμπας
3096 3202 3292 3271 κόσμος
3346 3197 3662 3273 ἐσταύρωτο,
3723 3204 3817 3251 καὶ

454 3286 731 3354 occupat,
761 3287 887 3340 tum
912 3285 1046 3358 ipsa
1068 3303 1249 3344 omne
1274 3303 1622 3362 pugnarum
1643 3305 1836 3360 genus
1861 3290 2066 3346 irridet
2089 3311 2091 3344 :

2214 3289 2367 3351 αὐτὸς
2413 3297 2484 3360 τῷ
2522 3291 2727 3362 κόσμῳ.
2766 3287 2928 3340 Ὀταν
2971 3290 3072 3362 γὰρ
3111 3296 3208 3350 τῆς
3263 3287 3522 3349 εὐσεϐείας
3556 3290 3681 3362 ἔρως
3722 3292 3820 3346 τὴν

455 3373 637 3441 atque
667 3371 900 3430 etiamsi
927 3390 1140 3432 omnes
1162 3375 1329 3433 illam
1359 3378 1444 3434 rei
1473 3379 1774 3435 adamata
1803 3395 1993 3436 causa
2017 3380 2092 3452 ja-

2213 3377 2399 3452 ψυχὴν
2451 3380 2830 3455 προκατασχη,
2881 3377 3016 3430 ἅπαν
3069 3377 3200 3451 αὐτῇ
3251 3377 3485 3452 πολέμων
3519 3377 3817 3451 καταγΰα-

457 3457 607 3518 culis
645 3458 856 3531 ﬁgant,
903 3461 1200 3520 delectant
1251 3467 1446 3536 magis
1490 3483 1682 3540 quam
1739 3467 2094 3526 excruciant.

2219 3488 2335 3522 στον
2384 3465 2561 3531 εἶδοςο
2617 3467 2711 3520 κᾶν
2754 3470 2936 3529 πάντες
2985 3467 3142 3526 αὐτὴν
3189 3469 3314 3539 ὑπὲρ
3361 3474 3454 3519 τοῦ
3492 3469 3819 3540 ποθουμένου

459 3546 539 3618 (5)
567 3549 716 3604 Nam
741 3549 790 3606 si
813 3566 958 3621 erga
985 3569 1088 3608 eos
1108 3553 1213 3627 qui
1243 3555 1318 3611 de
1338 3556 1515 3613 nobis
1542 3556 1698 3614 bene
1723 3558 1918 3615 meriti
1947 3562 2096 3628 sunt,

2216 3557 2484 3626 τοξεύωσι,
2540 3561 2790 3631 τέρπουσι
2843 3556 3034 3630 μᾶλλον
3095 3559 3124 3614 ἦ
3183 3555 3524 3614 πλήττουσιν.
3591 3557 3655 3611 Εἰ
3715 3559 3818 3628 γὰρ

457 3635 940 3698 benevolentiam
975 3657 1368 3718 amoremque
1413 3647 1747 3704 naturalem
1787 3647 2094 3714 habemus,

2219 3642 2313 3698 διὰ
2357 3649 2450 3704 τὴν
2500 3648 2629 3719 πρὸς
2679 3649 2798 3705 τοὺς
2847 3640 3346 3717 εὐεργέταςεῦνοιαν
3385 3648 3477 3696 καὶ
3512 3647 3568 3696 τὸ
3609 3643 3820 3718 φίλτρον

457 3725 814 3801 nullumque
855 3746 980 3788 non
1035 3733 1312 3790 subimus
1359 3735 1647 3807 laborem,
1702 3742 1767 3795 ut
1816 3737 2094 3794 beneﬁcia

2218 3745 2448 3810 φυσικῶς
2497 3737 2804 3808 αἱρούμεθα,
2845 3739 2934 3787 καὶ
2977 3736 3146 3786 πάντα
3198 3738 3350 3787 πόνον
3403 3734 3475 3796 εἰς
3525 3729 3821 3787 ἀνταπόδο-

457 3816 624 3887 prius
645 3817 703 3874 in
725 3834 838 3875 nos
859 3821 1075 3879 collata
1093 3839 1570 3893 remuneremur;
1599 3827 1886 3900 quisnam
1907 3843 2094 3884 sermc

2219 3845 2301 3880 σιν
2373 3835 2471 3878 τῶν
2545 3829 2961 3899 προσγενομένων
3036 3826 3160 3896 ἡμῖν
3234 3823 3402 3876 καλῶν
3477 3825 3819 3899 ὑπομένομεν,

459 3905 560 3962 Dei
589 3906 753 3964 dona
781 3924 890 3981 pro
929 3911 1139 3968 merito
1165 3913 1461 3987 explicare
1487 3915 1726 3989 possit?
1763 3919 1950 3973 Tanta
1977 3916 2096 3989 qui-

2217 3920 2294 3976 τίς
2323 3914 2470 3987 λόγος
2510 3915 2668 3978 ἀξίως
2706 3913 2975 3988 ἐφικέσθαι
3018 3922 3117 3965 τῶν
3167 3909 3372 3988 δωρεῶν
3421 3922 3514 3966 τοῦ
3555 3913 3688 3967 Θεοῦ
3725 3909 3820 3966 δύο

454 3992 596 4052 dem
626 4000 714 4052 est
741 3997 959 4054 horum
988 4000 1328 4071 multitudo,
1369 4007 1435 4059 ut
1462 4004 1641 4060 etiam
1671 4021 1998 4062 numerum
2028 4003 2091 4060 ef-

2217 4009 2415 4072 ναταί;
2487 4005 2550 4057 Αἱ
2601 4012 2858 4057 τοσαῦται
2914 4006 3004 4076 μὲν
3056 4002 3160 4056 εἰσί
3212 4007 3270 4054 τὸ
3326 4003 3545 4071 πλῆθος,
3607 4007 3671 4065 ὡς
3728 4008 3821 4056 καὶ

455 4081 724 4155 fugiant:
770 4086 912 4143 item
953 4091 1364 4158 magnitudine
1394 4097 1560 4149 tanta
1588 4098 1729 4151 sunt
1755 4099 1813 4149 et
1850 4094 2013 4159 talia,
2042 4104 2092 4150 ut

2219 4095 2438 4172 ἀριθμὸν
2490 4090 2787 4164 διαφεύγειν
2819 4114 2830 4125 ·
2894 4091 3208 4150 τηλικαῦται
3257 4087 3316 4143 δε
3373 4094 3431 4143 τὸ
3479 4094 3690 4165 μέγεθος
3729 4098 3822 4146 καὶ

457 4172 550 4230 vel
574 4173 812 4231 unicum
844 4177 986 4232 satis
1013 4178 1091 4234 ad
1111 4179 1170 4234 id
1191 4179 1284 4249 sit,
1311 4185 1376 4236 ut
1394 4182 1812 4240 omnimodam
1841 4183 2094 4253 largitor:

2216 4191 2478 4252 τοιαῦται,
2525 4185 2660 4234 ὥστε
2703 4181 2931 4256 ἐξαρκεῖν
2981 4185 3072 4233 καὶ
3109 4185 3232 4253 μίαν
3268 4182 3556 4244 ύπευθύους
3585 4183 3722 4254 ἡμᾶς
3750 4183 3825 4244 εἰς

457 4262 712 4332 gratiam
737 4265 1066 4338 rependere
1097 4266 1447 4325 debcamus.
1480 4271 1557 4341 (6)
1597 4273 1696 4327 Est
1725 4276 1926 4328 autem
1955 4272 2094 4329 adec

2217 4282 2389 4328 πᾶσαν
2427 4275 2590 4348 χάριν
2629 4279 2700 4342 τῷ
2741 4268 2996 4324 δεδωκότι
3033 4279 3278 4330 ποιῆσαι.
3312 4271 3370 4324 Ὀ
3403 4267 3454 4324 δ’
3484 4272 3648 4332 οὕτως
3679 4270 3825 4324 ἐστὶν

454 4353 676 4423 bonus,
707 4357 774 4410 ut
809 4369 1007 4426 neque
1035 4359 1578 4416 remunerationem
1613 4361 1832 4432 exigat,
1873 4361 1980 4442 sed
2018 4379 2086 4419 sa

2217 4363 2433 4442 ἁγαθός,
2484 4365 2618 4414 ὥστε
2667 4364 2781 4414 οὔτε
2825 4357 3096 4413 ἀντίδοσιν
3151 4358 3378 4428 ἀπαιτεῖ,
3423 4359 3533 4412 ἀλλ’
3585 4358 3825 4434 ἀρκεῖται

455 4441 659 4514 habet,
713 4443 764 4500 si
797 4443 996 4500 solum
1053 4462 1161 4518 pro
1215 4448 1285 4504 iis
1337 4465 1475 4522 quae
1531 4450 1754 4518 tribuit,
1802 4439 2086 4522 diligatur

2217 4458 2370 4527 μόνον
2446 4451 2782 4524 ἀγαπώμενος
2860 4448 2933 4523 ἐφ’
3001 4446 3078 4512 οἷς
3141 4447 3351 4506 ἔδωκεν.
3418 4449 3515 4502 Ὠν
3582 4448 3823 4503 ἁπάντων

459 4533 599 4598 Quae
623 4533 831 4591 omnia
869 4534 972 4590 ubi
1000 4540 1199 4594 mente
1232 4539 1429 4595 recolo
1460 4545 1549 4606 (ut
1584 4557 1790 4598 meum
1823 4541 2096 4599 aﬂ‘ectum

2184 4537 2342 4596 ’ὅταν
2387 4542 2453 4602 εἰς
2501 4544 2692 4594 ἔννοιαν
2754 4539 2882 4592 ἔλθω
2934 4542 3041 4610 (ἵνα
3095 4543 3153 4591 τὸ
3211 4537 3328 4611 ἐμόν
3375 4540 3540 4600 πάθος
3587 4537 3821 4612 ἐξείπω),

457 4621 762 4695 prodam),
820 4623 883 4680 in
933 4623 1246 4682 horrorem
1297 4627 1626 4699 quemdam
1673 4634 1731 4686 et
1785 4629 2094 4686 terriﬁcum

2223 4632 2288 4694 εἰς
2347 4637 2535 4704 φρίκην
2589 4634 2708 4682 τινα
2761 4633 2851 4682 καὶ
2903 4631 3150 4681 ἔκστασιν
3208 4627 3425 4702 φοϐερὰν
3483 4634 3821 4698 καταπίπτω,

459 4713 768 4782 stuporem
786 4712 1008 4785 incido,
1023 4715 1349 4786 nequando
1365 4716 1444 4772 ob
1457 4717 1644 4774 animi
1665 4718 2096 4775 inconsideran

2220 4727 2290 4794 μή
2333 4740 2456 4774 ποτε
2503 4719 2555 4782 ἐξ
2599 4718 2913 4796 ἀπροσεξίας
2950 4725 3040 4770 τοῦ
3089 4725 3199 4788 νοῦ,
3241 4722 3270 4776 ἦ
3320 4725 3412 4780 τῆς
3452 4719 3584 4792 πρὸς
3621 4720 3688 4769 τὰ
3724 4721 3825 4790 μά-

460 4799 626 4871 tiam,
657 4809 760 4858 aut
802 4807 1047 4874 propter
1073 4820 1274 4860 meam
1302 4805 1461 4862 circa
1489 4823 1582 4862 res
1619 4823 1812 4864 vanas
1851 4824 2097 4880 occupa-

2219 4831 2344 4863 ταια
2388 4809 2668 4881 ἀσχολίας,
2717 4815 2813 4869 τῆς
2857 4805 3065 4879 ἀγάπης
3107 4815 3199 4859 τοῦ
3240 4811 3366 4860 Θεοῦ
3405 4806 3656 4876 ἐκπεσὼν,
3701 4810 3824 4861 ὄνει-

457 4887 683 4944 tionem
714 4905 751 4946 a
785 4890 888 4947 Dei
920 4891 1236 4949 dilectione
1272 4894 1574 4961 excidens,
1607 4894 1844 4954 Christo
1871 4897 1984 4954 sim
2013 4896 2094 4954 de

2223 4895 2317 4959 δος
2352 4902 2583 4970 γένωμαι
2628 4905 2700 4968 τῷ
2748 4904 2984 4968 Χριστῷ.
3035 4896 3122 4958 Εἰς
3170 4891 3468 4968 ὀνειδισμὸν
3521 4896 3623 4969 γὰρ
3661 4915 3824 4968 προσ-

453 4977 656 5033 decori
695 4994 767 5034 ac
810 4980 1158 5052 opprobrio.
1202 4982 1279 5054 (7)
1323 4983 1547 5039 Probro
1599 4984 1760 5041 enim
1778 4989 1966 5043 vertet
2008 4989 2090 5044 Do

2223 4992 2355 5041 οίσει
2403 4995 2474 5058 τῷ
2530 4991 2704 5062 Κυρίῳ
2757 4991 2852 5046 τὴν
2895 4988 3147 5062 ἡμετέραν
3190 4991 3577 5059 καταφρόνησιν
3620 4985 3647 5036 ὁ
3697 4982 3828 5038 δια-

450 5067 618 5125 mino
651 5071 1067 5143 contemptum
1112 5077 1389 5132 nostrum
1420 5073 1721 5143 diabolus,
1759 5090 1830 5132 ac
1863 5075 1937 5132 de
1977 5092 2087 5134 con

2225 5076 2388 5145 ϐολος,
2436 5081 2526 5129 καὶ
2582 5075 2978 5152 ἐγκαυχὴσεται
3034 5083 3095 5148 τῇ
3143 5074 3380 5146 ἀπειθείᾳ
3424 5076 3606 5146 ἡμῶν·
3659 5075 3714 5134 ὅς
3769 5095 3828 5147 γε

527 5240 570 5273 ³⁷
616 5240 908 5310 Luc.:11v,
936 5243 1028 5298 26.

535 5384 611 5463 (ξ)
651 5384 738 5463 βίκ-
759 5382 1004 5463 Regalis
1027 5382 1222 5453 fusius
1253 5390 1549 5456 tractatis,
1581 5391 1704 5444 342.

1109 5387 1222 5440 sius
1253 5390 1549 5456 tractatis,
1581 5391 1704 5444 342.
2300 5391 2379 5453 (6)
2420 5389 2595 5463 lbid.,
2625 5393 2746 5446 339.

540 5457 618 5534 ei
656 5453 832 5534 ξρξεξσυ
864 5455 989 5534 @49-
1537 5453 1542 5456 '
2301 5465 2378 5531 (τ)
2417 5460 2564 5518 Ibid.

538 5525 619 5602 (ἢ)
657 5525 1010 5602 I_bid_.,349._
1080 5598 1105 5602 _
1158 5599 1180 5602 ᾼ
1280 5599 1293 5602 _

2306 5525 2383 5601 (δ’)
2425 5535 2518 5585 Διά
2547 5539 2638 5594 τῆς
2672 5528 2969 5593 διηνεκοῦς.
3016 5528 3347 5602 Ριυιεροεὶῑὶο
3389 5528 3595 5585 addita
3635 5545 3709 5584 ex
3739 5543 3835 5586 co-

547 5595 623 5674 (ξε)
658 5597 746 5674 Ex
774 5595 1124 5674 homiDe‘S.
1142 5599 1454 5674 Barlaam,
1476 5603 1600 5658 139.
2234 5595 2592 5674 ἀίὸοᾚοεὶο.

548 5668 621 5735 (5)
658 5667 739 5722 Ex
769 5668 1004 5737 Reguli:
1027 5670 1223 5739 fusius
1251 5674 1546 5740 tractatis,
1579 5675 1702 5730 338.
