4146 6402
345 365 480 423 1149

1517 360 1742 418 SERIIO
1772 359 1863 417 III.
1895 390 1963 403 --
1993 362 2085 418 DE
2113 361 2529 420 CHARITATE.

3569 366 3706 423 H5O

341 496 460 544 οὔτε
520 494 708 551 κτίσας
767 492 930 563 ἡμᾶς,
963 491 1081 541 οὔτε
1135 486 1406 540 ἀποθανὼν
1453 488 1580 563 ὑπὲρ
1631 487 1797 560 ἡμῶν,
1831 485 1939 539 ἀλλ’

2056 486 2322 544 tumacia
2344 489 2402 543 et
2452 486 2530 543 de
2575 485 2909 543 defectione
2937 489 3145 543 nostra
3171 485 3526 558 gloriabitur
3553 504 3568 544 :
3599 489 3705 562 qui

342 584 482 654 ὅμως
530 582 688 652 ἔσχεν
735 581 876 650 ἡμᾶς
939 576 1351 637 ἀκολουθοῦντας
1400 575 1541 648 αὐτῷ
1589 575 1638 628 ἐν
1681 584 1744 649 τῇ
1788 574 1941 629 ἀπει-

345 671 477 741 θείᾳ,
543 672 635 721 καὶ
686 665 736 719 ἄν
782 674 844 740 τῇ
911 664 1123 739 ἀμελείᾳ
1180 673 1282 718 τῶν
1356 663 1569 717 ἐντολῶν
1632 672 1726 717 τοῦ
1791 669 1944 721 Θεοῦ,

335 765 507 815 Τοῦτο
563 761 623 811 τὸ
673 754 894 827 ὄνειδος,
951 760 1012 810 τὸ
1051 759 1187 809 κατά
1237 762 1331 809 τοῦ
1384 759 1602 829 Κυρίου,
1656 754 1943 831 βαρύτερόν

342 867 433 921 μοι
477 854 576 901 τῶν
614 846 664 900 ἐν
692 854 754 911 τῇ
809 851 983 920 γεέννῃ
1040 846 1304 899 κολάσεων
1348 849 1601 918 φαίνεται,
1636 852 1711 916 τῷ
1765 844 1943 918 ἐχθρῷ

340 943 434 990 τοῦ
476 942 716 1008 Χριστοῦ
768 937 895 994 ὕλην
924 937 1164 1008 γενέσθαι
1202 938 1555 1007 καυχήματος
1582 938 1673 988 καί
1705 932 1943 1010 ἀφορμὴν

341 1024 605 1100 ἕπαρσεως
671 1028 805 1081 κατὰ
865 1033 956 1078 τοῦ
1022 1026 1149 1097 ὑπὲρ
1202 1025 1349 1097 ἡμων
1438 1023 1779 1085 ἀποθανόντος
1855 1028 1944 1075 καὶ

343 1117 671 1176 ἀναστάντος.

413 1402 468 1455 2.
512 1405 614 1454 Kal
668 1403 769 1474 γὰρ
828 1403 1019 1474 Κύριον
1066 1404 1151 1452 τὸν
1204 1402 1331 1453 Θεὸν
1370 1398 1575 1470 ἀγαπᾷν
1604 1394 1686 1451 δεῖ
1711 1400 1852 1469 πάσῃ
1878 1403 1939 1471 τῇ

344 1488 717 1567 ἑνυπαρχούση
787 1472 1098 1565 ἡμῖν’πρός
1146 1492 1204 1542 τὸ
1260 1490 1469 1560 ἀγαπᾷν
1547 1483 1787 1560 δυνάμει,
1855 1489 1946 1539 καὶ

344 1576 549 1651 ἀγαπᾷν
605 1584 697 1632 καὶ
752 1582 839 1630 τὸν
892 1577 1136 1648 πλησίον,
1168 1583 1259 1630 καὶ
1315 1575 1523 1650 ἀγαπᾷν
1563 1581 1652 1629 καὶ
1698 1579 1816 1636 τοὺς
1855 1574 1946 1646 ἐχ-

345 1668 519 1745 θροὺς,
546 1668 629 1721 ἵνα
659 1670 793 1741 ὦμεν
850 1667 1052 1739 τέλειοι,
1091 1671 1403 1742 μιμούμενοι
1452 1671 1549 1726 τὴν
1597 1670 1949 1741 χρηστότητα

344 1763 438 1808 τοῦ
469 1755 521 1809 ἓν
560 1757 795 1834 οὐρανοῖς
843 1760 1069 1834 Πατρός,
1101 1760 1190 1810 τὸν
1248 1756 1392 1817 ἣλιον
1440 1755 1601 1808 αὐτοῦ
1655 1753 1946 1808 ἀνατελλον-

2053 589 2192 631 cum
2244 591 2357 632 nec
2408 575 2695 633 creaverit
2744 590 2882 645 nos,
2912 591 3024 631 nec
3067 590 3178 649 pro
3228 574 3406 632 nobis
3459 576 3708 637 subierit

2052 669 2332 737 mortem,
2364 670 2568 722 tamen
2611 681 2737 721 suae
2774 664 3197 734 contumaciae,
3229 680 3474 738 sumque
3498 665 3562 722 in
3590 666 3705 723 ob-

2055 754 2370 811 servandis
2393 754 2494 811 Dei
2524 753 2827 811 mandatis
2851 752 3232 824 negligentiae
3272 754 3472 812 socios
3496 769 3610 811 nos
3635 769 3708 812 ac

2053 844 2304 901 comites
2358 843 2657 900 habuerit.
2686 842 2837 900 Illud
2886 843 3056 916 quod
3111 843 3369 901 Domino
3423 842 3709 901 inferetur

2051 932 2366 1007 probrum,
2397 938 2456 990 et
2500 932 2603 989 illa
2632 932 2964 990 adversarii
2988 932 3282 1003 iactantia
3310 932 3462 989 mihi
3485 932 3710 1006 suppli-

2053 1024 2163 1080 ciis
2217 1023 2509 1094 gehennae
2567 1022 2810 1094 gravior
2857 1021 3112 1089 videtur,
3142 1021 3308 1095 quod
3358 1022 3569 1079 Christi
3597 1022 3707 1080 ini.

2052 1112 2212 1168 mico
2232 1111 2616 1185 praebeamus
2647 1111 2984 1182 materiam,
3018 1109 3200 1184 484
3225 1110 3519 1167 adversus
3541 1125 3705 1179 eum,

2051 1202 2157 1274 qui
2186 1215 2296 1274 pro
2333 1200 2511 1257 nobis
2548 1204 2826 1258 mortuus
2867 1203 2957 1257 est
2984 1203 3042 1257 et
3068 1200 3407 1266 resurrexit,
3435 1198 3709 1272 jactandi

2053 1306 2120 1347 se
2151 1295 2209 1347 et
2234 1290 2546 1348 efferendi.

2125 1402 2176 1453 2.
2209 1399 2284 1470 (2)
2310 1400 2458 1454 Nam
2501 1398 2823 1454 Dominum
2858 1400 3046 1454 Deum
3077 1400 3314 1470 oportet
3361 1396 3606 1469 diligere
3637 1409 3710 1453 ea

2053 1490 2180 1545 tota
2202 1487 2440 1559 virtute,
2468 1503 2605 1561 quae
2636 1486 2812 1543 nobis
2838 1486 2991 1544 inest
3021 1486 3100 1544 ad
3125 1486 3498 1559 diligendum
3532 1504 3547 1543 :
3580 1484 3711 1542 dili-

2057 1576 2290 1648 gendus
2345 1577 2594 1649 insuper
2632 1575 2948 1650 proximus
2979 1595 2993 1632 :
3050 1580 3191 1633 sunt
3217 1590 3462 1649 quoque
3490 1578 3547 1631 et
3603 1573 3711 1630 ini-

2057 1665 2196 1722 mici
2221 1663 2529 1737 diligendi,
2557 1669 2623 1722 ut
2651 1665 2840 1721 simus
2889 1665 3156 1739 perfecti,
3189 1664 3559 1722 inimitantes
3601 1662 3679 1720 be

2055 1755 2411 1825 nignitatem
2437 1755 2621 1812 Patris
2646 1754 2853 1827 nostri,
2882 1755 2989 1827 qui
3016 1754 3079 1811 in
3123 1752 3287 1811 caelis
3313 1756 3405 1810 est
3436 1770 3450 1809 :
3478 1753 3583 1826 qui
3610 1768 3708 1809 so-

341 1866 429 1909 τος
467 1845 551 1901 ἰπὶ
611 1852 866 1925 πονηροὺς
900 1853 992 1901 καὶ
1042 1847 1296 1920 ἀγαθοὺς
1352 1847 1420 1909 είς
1471 1846 1601 1899 ἄλλα
1632 1840 1692 1899 δὲ
1729 1850 1823 1906 τὴν
1852 1852 1946 1897 τοῦ

2056 1844 2174 1901 lem
2197 1860 2374 1901 suum
2396 1843 2537 1900 oriri
2559 1842 2697 1900 facit
2719 1859 2903 1916 super
2924 1842 3123 1900 bonos
3145 1848 3203 1901 et
3227 1843 3424 1901 malos
3437 1844 3506 1898 ³³.
3530 1845 3710 1899 Porro

341 1935 549 2008 ἀγαπᾷν
604 1933 828 2011 δύναμιν
892 1937 1299 2012 παραναλίσκειν
1388 1935 1446 1988 οὐ
1498 1939 1936 2010 συγκεχώρηται,

336 2028 410 2078 Τὸ
447 2026 549 2098 γὰρ
601 2033 692 2086 τῆς
760 2024 967 2098 ἀγάπης
1028 2025 1205 2093 καλὸν,
1256 2025 1299 2078 εἰ
1350 2028 1442 2101 μὶν
1508 2022 1557 2076 ἓν
1611 2031 1683 2095 τῷ
1733 2025 1947 2097 ὀνόματι

340 2120 432 2174 τῆς
470 2111 681 2184 ἀγάπης
724 2113 1104 2190 περιγράφεται
1152 2118 1313 2187 μόνῳ,
1368 2112 1755 2186 καταγέλαστόν
1809 2112 1944 2183 ἐστι,

341 2203 428 2254 τὸν
491 2198 638 2255 δεῖνα
688 2207 779 2256 καὶ
832 2206 917 2256 τὸν
977 2200 1126 2256 δεῖνα
1181 2201 1540 2276 ἐκλεγομένους
1579 2203 1677 2276 (ἰ),
1744 2202 1945 2263 τούτοις

340 2294 519 2365 μόνοις
572 2287 924 2364 μεταδιδόναι
978 2299 1069 2344 τοῦ
1119 2289 1347 2363 ἀγαπᾶν,
1378 2289 1582 2367 ἐτέρους
1634 2288 1695 2345 δέ
1723 2296 1945 2366 μυρίους

342 2375 629 2432 ἀποκλείειν
668 2388 765 2442 τῆς
817 2384 945 2455 πρὸς
980 2382 1041 2433 τὸ
1094 2380 1250 2432 καλὸν
1315 2385 1607 2441 κοινωνίας.
1674 2384 1736 2433 Ei
1786 2377 1845 2433 δὲ
1908 2378 1940 2439 ἡ

341 2471 468 2542 πρὸς
514 2472 637 2529 τοὺς
691 2466 979 2543 βλαϐεροὺς
1038 2474 1318 2542 συμφωνία
1375 2467 1424 2522 ἐν
1469 2468 1678 2542 ἀγάπης
1699 2473 1946 2545 προσχή-

341 2576 472 2629 ματι
518 2558 582 2609 τά
616 2565 718 2609 τῶν
772 2556 1029 2630 πολεμίων
1096 2563 1217 2629 τοὺς
1269 2555 1733 2634 προσδεχομένους
1796 2557 1946 2633 ἐργά-

345 2644 509 2713 ζεται,
557 2650 767 2697 σκοπεῖν
813 2644 1075 2717 ὀφείλομεν
1141 2646 1219 2707 οἷς
1275 2645 1490 2708 ἑαυτοὺς
1571 2645 1941 2719 ἀναμίγνυμεν.

341 2731 411 2786 Εἰ
455 2736 554 2806 γάρ
586 2732 613 2785 6
671 2735 941 2805 ἀγαπητὸς
989 2735 1108 2796 Υἱὸς
1138 2742 1231 2787 τοῦ
1268 2743 1404 2787 Θεοῦ
1447 2741 1701 2807 μισεῖται,
1730 2740 1783 2786 τί
1812 2739 1946 2808 μέγα

343 2820 388 2873 εἰ
432 2822 584 2894 ἡμεῖς
633 2829 724 2874 τοῦ
765 2826 953 2895 μίσους
997 2821 1283 2897 ἀξιούμεθα
1334 2825 1479 2900 παρὰ
1520 2821 1813 2897 ἀνθρώποις
1869 2825 1946 2886 οἷς

341 2913 642 2985 περισσεύει
670 2914 729 2964 τὸ
755 2920 936 2984 κτῆμα
962 2917 1055 2965 τοῦ
1108 2917 1338 2986 μίσους;
1391 2913 1530 2970 Πλὴν
1570 2916 1689 2966 οὔτε
1743 2910 1947 2966 οἰκοδο-

340 3003 444 3071 μὴν
500 3010 784 3071 συστῆναι,
848 2998 1157 3075 συνδέσμων
1237 3004 1634 3077 ὑφαιρεθέντων,
1698 2999 1942 3070 δυνατὸν,

342 3091 460 3142 οὔτε
488 3089 807 3149 Ἐκκλησίαν
852 3095 919 3153 εὶς
956 3091 1086 3163 ὕψος
1134 3092 1449 3163 αὐξηθῆναι,
1498 3097 1569 3167 μὴ
1632 3088 1933 3165 συνδεδεμίσ

342 3199 432 3237 νην
457 3187 529 3251 τῷ
565 3176 846 3253 συνδέσμῳ
898 3190 994 3242 τῆς
1054 3181 1263 3256 εἰρήνης
1309 3185 1520 3245 καὶτῆς
1578 3180 1805 3255 ἀγάπης.
1842 3185 1943 3236 Καὶ
1972 3186 2014 3243 C

342 3270 443 3342 γὰρ
468 3265 619 3322 οὐδὲν
649 3269 807 3331 οὕτως
865 3266 1004 3322 ἴδιον
1049 3278 1144 3333 τῆς
1189 3274 1392 3344 φύσεως
1445 3274 1614 3345 ἡμῶν,
1648 3273 1712 3334 ὡς
1745 3275 1803 3324 τὸ
1832 3291 1945 3324 κοι-

343 3364 513 3409 νωνεῖν
572 3354 831 3427 ἀλλήλοις,
882 3362 972 3412 καὶ
1015 3360 1240 3433 χρήξειν
1289 3360 1531 3433 ἀλλήλων,
1583 3365 1673 3414 καὶ
1737 3359 1945 3432 ἀγαπᾷν

342 3450 400 3499 τὸ
466 3446 750 3520 ὁμόφυλον,
810 3446 968 3501 Πλέον
1029 3452 1131 3521 γάρ
1198 3451 1348 3522 ἡμεῖς
1414 3459 1508 3512 τῆς
1551 3450 1659 3512 ἐνὸς
1723 3449 1946 3503 ἑκάστου

345 3542 444 3587 τῶν
494 3531 723 3608 ἀδελφῶν
791 3535 1094 3612 ἄπικουρίας
1148 3533 1395 3612 δεόμεθα,
1459 3538 1488 3598 ἢ
1552 3540 1671 3592 ὅσον
1717 3540 1745 3598 ἠ
1803 3537 1948 3615 ἑτέρα

344 3632 445 3676 τῶν
491 3630 687 3700 χειρῶν
735 3632 831 3688 τῆς
887 3624 1081 3701 ἑτέρας.
1111 3623 1274 3679 Ὀταν
1303 3627 1403 3701 γὰρ
1450 3631 1574 3702 πρὸς
1607 3628 1742 3680 αὐτά
1767 3626 1947 3682 ἀπίδω

345 3714 410 3765 τὰ
469 3712 594 3785 μελη
637 3714 803 3786 ἡμῶν,
863 3715 946 3767 ὅτι
982 3713 1032 3768 ἓν
1082 3712 1208 3768 οὔδε
1271 3716 1438 3788 ἐαυτῷ
1504 3720 1633 3791 πρὸς
1694 3715 1947 3793 ἐνέργειαν

345 3805 616 3879 αὔταρκες,
671 3812 782 3867 πῶς
848 3802 1070 3877 ἐμαυτὸν
1143 3804 1426 3879 λογίσομαι
1492 3804 1720 3882 ἐξαρκεὶν
1782 3806 1947 3879 ἐαυτῷ

344 3894 473 3967 πρὸς
521 3894 586 3945 τὰ
636 3899 729 3944 τοῦ
801 3890 921 3946 ϐίου
987 3913 1324 3968 πραγματα;
1389 3899 1524 3949 Οὔτε
1582 3896 1768 3971 γὰρᾶν
1817 3903 1947 3959 ποῦς

344 3977 587 4053 ἀσφαλῶς
635 3977 900 4055 βαδίσειε,
971 3988 1042 4056 μὴ
1106 3985 1650 4060 συνυποστηρίξοντος
1701 3991 1792 4037 τοῦ
1845 3985 1947 4038 ἐτί-

341 4087 456 4143 ρου’
508 4073 626 4123 οὔτε
683 4069 944 4145 ὀφθαλμὸς
1002 4074 1164 4145 ὑγιῶς
1216 4070 1349 4142 ἴδοι,
1407 4080 1476 4147 μη
1515 4075 1754 4127 κοινωνὸν
1810 4077 1947 4145 ἔχων

342 4161 429 4211 τὸν
482 4160 672 4234 ἕτερον,
726 4164 817 4213 καὶ
869 4161 980 4234 μετ’
1046 4162 1209 4215 αὐτοῦ
1267 4168 1552 4236 συμφώνως
1611 4162 1947 4236 προσϐάλλνριν

343 4257 453 4311 τοῖς
516 4251 744 4326 ὁρατοῖς.
816 4256 917 4305 Καὶ
980 4252 1108 4312 ἀκοή
1153 4251 1513 4330 ἀκριϐεστέρα,
1558 4255 1587 4312 ἠ
1643 4249 1717 4307 δι’
1757 4252 1947 4328 ἀμφοῖν

342 4346 449 4391 τοῖν
494 4342 675 4415 πόροιν
740 4345 833 4400 τὴν
887 4345 1057 4415 φωνὴν
1139 4339 1401 4417 δεχομένη
1438 4365 1451 4377 ·
1520 4348 1611 4396 καὶ
1675 4342 1949 4416 ἀντίληψις

343 4432 688 4501 κραταιοτέρα
747 4436 810 4501 τῇ
876 4436 1118 4503 κοινωνίᾳ
1162 4441 1263 4485 τῶν
1308 4430 1595 4488 δακτύλων.
1630 4437 1733 4486 Καὶ
1785 4431 1948 4496 ἀπαξ-

2054 1935 2225 1991 nefas
2277 1938 2368 1990 est
2415 1933 2476 1989 in
2530 1932 2648 1990 alia
2692 1949 3013 2006 perperam
3043 1948 3400 1991 consumere
3426 1933 3552 1990 vim
3582 1932 3713 1990 dili-

2057 2023 2260 2094 gendi.
2292 2023 2370 2093 (3)
2404 2023 2459 2080 Si
2490 2022 2799 2079 charitatis
2832 2021 3065 2079 bonum
3097 2021 3230 2078 solo
3260 2022 3569 2079 charitatis
3604 2036 3711 2078 no—

2056 2114 2217 2169 mine
2246 2112 2780 2182 circumscribitur,
2809 2110 3131 2168 ridiculum
3158 2115 3251 2168 est
3271 2111 3434 2168 hunc
3459 2116 3516 2167 et
3539 2110 3709 2168 illum

2055 2202 2364 2274 eligentes,
2388 2202 2459 2258 iis
2487 2200 2630 2258 solis
2662 2198 3014 2258 charitatem
3036 2200 3361 2274 impertire,
3393 2200 3544 2258 alios
3564 2215 3710 2258 vero

2053 2290 2528 2349 innumerabiles
2567 2291 2647 2347 ab
2671 2289 2828 2347 illius
2858 2289 3004 2346 boni
3030 2289 3580 2346 communicatione
3610 2302 3710 2346 ex-

2055 2382 2316 2439 cludere.
2368 2380 2484 2439 Sed
2529 2380 2578 2436 si
2627 2397 2764 2437 cum
2792 2379 3150 2453 perniciosis
3179 2378 3530 2436 hominibus
3573 2392 3711 2436 con-

2057 2470 2261 2528 sensio
2291 2469 2386 2540 iis,
2420 2485 2456 2526 a
2493 2467 2717 2542 quibus
2770 2468 3115 2542 suscipitur,
3152 2468 3266 2525 sub
3295 2468 3461 2541 pacis
3510 2467 3711 2541 specie

2055 2560 2353 2618 damnum
2379 2558 2556 2616 infert
2576 2558 2820 2627 hostile;
2849 2557 3230 2615 considerare
3256 2557 3552 2615 debemus
3577 2556 3711 2630 qui-

2055 2665 2199 2706 nam
2229 2648 2348 2705 sint
2392 2646 2433 2704 ii
2475 2648 2698 2721 quibus
2727 2664 2840 2704 nos
2892 2647 3318 2705 admiscemus.
3352 2647 3432 2719 (4)
3464 2647 3524 2704 Si
3551 2646 3714 2705 enim

2056 2739 2309 2796 dilectus
2338 2738 2439 2795 Dei
2483 2736 2666 2795 Filius
2716 2738 2858 2795 odio
2887 2738 3166 2811 habetur,
3211 2738 3360 2812 quid
3387 2738 3612 2795 mirum
3664 2737 3715 2794 si

2054 2845 2169 2887 nos
2186 2827 2539 2885 hominibus
2570 2827 2767 2885 odiosi
2790 2845 3001 2885 sumus
3024 2829 3094 2897 '9,
3115 2829 3177 2884 in
3202 2827 3424 2902 quibus
3444 2826 3715 2900 profecto

2056 2919 2267 2975 odium
2294 2918 2656 2990 exsuperat?
2687 2919 2976 2974 Caeterum
2999 2933 3198 2992 neque
3229 2916 3552 2974 aediﬁcium
3577 2932 3717 2974 con-

2057 3007 2267 3063 sistere
2317 3004 2530 3063 ablatis
2591 3005 3079 3077 colligationibus
3122 3009 3343 3080 potest,
3374 3020 3573 3078 neque
3611 3007 3715 3063 Ec-

2057 3096 2242 3152 clesia
2295 3094 2607 3168 adaugeri,
2666 3094 2782 3151 nisi
2849 3094 3014 3169 pacis
3069 3095 3418 3168 amorisque
3473 3093 3713 3150 vinculo

2058 3185 2231 3242 fuerit
2283 3184 2585 3255 colligata.
2637 3184 2865 3241 Etenim
2916 3184 3065 3241 nihil
3093 3189 3183 3241 est
3232 3190 3463 3240 naturae
3493 3185 3712 3239 nostra

2057 3274 2212 3331 adeo
2232 3273 2568 3347 proprium,
2596 3277 2662 3331 ut
2690 3277 2903 3330 mutuo
2921 3273 3075 3329 inter
3093 3288 3207 3330 nos
3238 3272 3709 3343 communicare,

2057 3369 2392 3436 mutuoque
2421 3363 2713 3433 indigere,
2747 3367 2929 3436 atque
2960 3362 3232 3435 ejusdem
3264 3361 3498 3433 generis
3521 3359 3713 3418 homi-

2054 3468 2163 3510 nes
2215 3451 2525 3509 adamare.
2556 3452 2627 3524 (5)
2660 3452 2845 3522 Magis
2878 3452 3040 3508 enim
3070 3467 3184 3508 nos
3231 3450 3712 3524 uniuscujusque

2054 3541 2306 3599 fratrum
2363 3540 2585 3598 auxilio
2641 3541 3007 3611 indigemus,
3028 3556 3217 3614 quam
3275 3556 3495 3598 manus
3527 3539 3713 3596 altera

2056 3631 2297 3688 alterius
2324 3646 2457 3703 ope.
2495 3633 2568 3703 (6)
2599 3631 2742 3687 Cum
2778 3630 2939 3687 enim
2964 3630 3093 3686 haec
3132 3630 3266 3704 ipsa
3290 3634 3497 3686 nostra
3526 3643 3713 3684 mem-

2056 3720 2166 3777 bra
2196 3720 2538 3789 considero,
2568 3735 2830 3792 quorum
2872 3717 3105 3777 nullum
3139 3718 3253 3775 sibi
3280 3717 3394 3791 ipsi
3424 3716 3501 3774 ad
3533 3731 3712 3787 agen-

2056 3809 2204 3866 dum
2263 3809 2407 3864 satis
2463 3812 2572 3873 est,
2605 3808 2919 3880 quomodo
2971 3808 3117 3864 mihi
3174 3807 3302 3879 ipse
3355 3803 3608 3861 videbor
3633 3803 3712 3860 ad

2054 3898 2191 3953 vitae
2238 3897 2484 3966 negotia
2525 3894 2842 3951 sufﬁcere?
2866 3897 3067 3969 Neque
3098 3894 3260 3950 enim
3288 3908 3396 3967 pes
3424 3896 3551 3949 tuto
3581 3906 3714 3962 gra-

2056 3984 2277 4054 diatur,
2334 4000 2459 4040 non
2510 3982 2887 4040 suﬂ'ulciente
2943 3983 3171 4040 altero:
3252 3997 3449 4056 neque
3498 3981 3715 4037 oculus

2054 4079 2214 4133 recte
2269 4072 2490 4139 videat,
2523 4088 2648 4129 non
2703 4071 2939 4129 habens
2988 4072 3242 4129 alterum
3270 4073 3634 4137 consortem,
3658 4074 3716 4125 et

2057 4180 2196 4220 cum
2218 4178 2290 4220 eo
2332 4160 2628 4218 socialiter
2650 4160 2745 4217 his
2784 4177 2920 4235 quae
2948 4162 3250 4233 videntur,
3280 4160 3566 4217 intentus.
3589 4162 3713 4215 Au-

2057 4252 2215 4310 ditus
2244 4251 2600 4322 accuratior,
2626 4250 2731 4324 qui
2763 4267 2873 4324 per
2914 4257 3201 4325 utrosque
3229 4255 3466 4307 meatus
3497 4263 3713 4306 vocem

2058 4342 2326 4415 suscipit,
2351 4346 2409 4398 et
2430 4340 2638 4398 fortior
2657 4340 3060 4414 apprehensio
3080 4341 3405 4412 digitorum
3427 4339 3711 4408 conjunc-

2056 4433 2235 4490 tione.
2270 4434 2337 4487 Et
2363 4430 2425 4486 in
2455 4445 2722 4500 summa,
2755 4430 2904 4487 nihil
2944 4445 3143 4503 neque
3188 4445 3400 4486 eorum
3440 4442 3579 4501 quas
3607 4441 3712 4482 na-

347 4513 536 4586 απλῶς,
593 4513 744 4569 οὐδὲν
809 4520 927 4570 οὔτε
986 4527 1088 4571 τῶν
1163 4519 1216 4571 ἐκ
1274 4524 1493 4593 φύσεως,
1549 4524 1665 4574 οὔτε
1724 4530 1825 4574 τῶν
1892 4520 1946 4574 ἐκ

2056 4524 2213 4589 tura,
2236 4535 2433 4594 neque
2454 4535 2664 4576 eorum
2690 4536 2828 4593 quas
2858 4519 3047 4576 libera
3065 4519 3373 4576 voluntate
3397 4514 3714 4590 perﬁciun-

348 4607 691 4678 προαιρέσεως
779 4609 1201 4681 κατορθουμένων
1268 4611 1391 4683 ὁρῶ,
1459 4610 1605 4667 ἄνευ
1662 4618 1754 4672 τῆς
1845 4619 1947 4664 τῶν

345 4692 616 4766 ὁμοφύλων
685 4699 981 4768 συμπνοίας
1061 4697 1445 4771 ἐπιτελούμενον
1476 4715 1491 4730 ·
1554 4701 1682 4753 ὅπου
1738 4720 1799 4772 γε
1852 4707 1945 4755 καὶ

346 4781 479 4840 αὖτὴ
534 4784 566 4841 ἡ
624 4789 927 4859 προσευχὴ,
960 4790 1032 4859 μὴ
1093 4788 1299 4859 ἔχουσα
1344 4791 1467 4850 τοὺς
1520 4796 1945 4862 συμφωνοῦντας,

345 4867 703 4947 ἀδρανεστέρα
754 4872 869 4926 ἐστὶ
915 4873 1086 4946 πολλῷ
1134 4874 1340 4938 ἑαυτῆς,
1379 4880 1699 4931 Νουθετείτω
1758 4897 1815 4932 σε
1844 4887 1945 4932 τῶν

342 4957 658 5037 νυκτερίδων
712 4963 771 5014 τὸ
827 4962 1154 5035 φιλάλληλον,
1185 4965 1244 5017 αἶ
1298 4967 1472 5041 ὥσπερ
1508 4968 1738 5041 ὀρμαθὸς
1791 4967 1944 5028 ἀλλὴ-

341 5049 440 5102 λων
490 5052 722 5124 ἔχονται·
755 5056 844 5104 καὶ
887 5056 960 5125 μὴ
1019 5057 1078 5107 τὸ
1147 5052 1535 5129 ἀπεσχισμένον
1591 5060 1682 5110 καὶ
1736 5054 1943 5120 ἰδιάζον

410 5245 459 5281 ⁸⁸
503 5246 706 5305 Matth.
737 5260 795 5315 v,
829 5249 1028 5305 43-45.
1107 5249 1154 5284 ³⁸
1192 5250 1364 5306 Joan.
1395 5266 1496 5320 xv,
1524 5253 1612 5307 18.

339 5443 937 5582 lr/(g'vizh'yoyévous.
971 5445 1064 5503 Sic
1084 5450 1337 5521 uterque
1358 5447 1574 5506 codex.
1609 5447 1755 5506 Editi
1805 5446 1941 5500 ἔκλε-

409 5583 483 5660 (2)
523 5586 601 5660 Ex
632 5592 958 5660 comment.
987 5590 1055 5660 in
1080 5590 1224 5660 Isa.,
1258 5590 1383 5647 410.

410 5653 487 5733 (3)
523 5656 604 5713 Ex
624 5658 796 5739 epist.
820 5678 934 5733 cos,
969 5657 1095 5723 385.

2055 4614 2172 4675 tur,
2192 4609 2341 4667 citra
2370 4609 2880 4682 conspirationem
2908 4624 3117 4665 eorum
3147 4623 3285 4682 quas
3311 4605 3584 4678 ejusdem
3614 4619 3716 4676 ge—

2053 4699 2215 4755 neris
2266 4702 2428 4765 sunt,
2459 4697 2667 4771 perﬁci
2695 4698 2902 4765 video;
2935 4713 3076 4753 cum
3128 4702 3185 4754 et
3214 4711 3423 4769 preces
3467 4694 3630 4767 ipsae,
3661 4692 3713 4749 si

2054 4788 2256 4844 desint
2289 4787 2395 4861 qui
2425 4788 2791 4859 conspirent,
2815 4786 2996 4857 longe
3027 4786 3144 4842 sint
3196 4784 3407 4856 seipsis
3453 4782 3711 4840 debilio-

2052 4892 2168 4934 res.
2194 4876 2271 4949 (7)
2296 4877 2637 4932 Admoneat
2656 4881 2712 4932 te
2737 4883 2987 4931 mutuus
3012 4873 3508 4949 vespertilionum
3537 4886 3713 4929 amor

2051 4966 2158 5040 qui
2188 4965 2510 5022 contextim
2543 4965 2697 5021 inter
2725 4980 2789 5019 se
2820 4963 3126 5020 cohaerent
3155 4981 3168 5020 :
3202 4978 3400 5037 neque
3424 4960 3591 5035 quod
3622 4965 3713 5018 est

2053 5059 2402 5128 separatum
2453 5069 2526 5112 ac
2578 5052 2911 5126 singulare,
2942 5053 3329 5127 praestantius
3379 5068 3509 5110 esse
3554 5051 3709 5108 exis-

2123 5444 2202 5515 (4)
2242 5444 2500 5515 Uterque
2528 5438 2721 5496 codex
2751 5438 2981 5515 indicat
2997 5438 3171 5513 epist.

2122 5512 2194 5585 (5)
2234 5516 2325 5585 ΕΚ,
2341 5512 2512 5585 epist.
2543 5527 2708 5578 xcvu,
2736 5512 2859 5568 190.

2123 5583 2138 5651 (
2147 5590 2201 5647 6)
2242 5583 2394 5642 Ibid.

2121 5658 2202 5734 (7)
2244 5659 2325 5713 Ex
2344 5655 2511 5738 hom.
2535 5669 2629 5711 vm
2658 5655 2722 5711 in
2752 5653 3071 5725 Hexam.,
3107 5655 3199 5725 77.
