4146 6370
475 337 606 392 1151

1427 324 1791 382 APPENDIX.
1813 319 2160 380 SYMEONIS
2187 319 2737 380 METAPHRASTE.

3700 326 3848 380 U52

472 458 640 526 tima,
673 470 744 515 eo
794 451 963 528 quod
1019 450 1365 509 societatem
1395 463 1534 506 cum
1574 448 1802 506 unitate
1836 445 2116 504 admittit.

2235 451 2328 497 τοῦ
2380 453 2682 500 κοινωνικοῦ
2739 452 2828 502 καὶ
2907 449 3166 522 ήνωμένου
3239 449 3374 520 ἡγοῦ
3442 450 3846 523 προτιμότερον.

471 547 548 618 (1)
576 547 726 604 Nihil
756 545 918 601 enim
951 559 1064 600 nos
1093 541 1170 599 ab
1200 541 1458 597 invicem
1489 543 1751 611 separat,
1790 536 1904 594 nisi
1935 533 2124 592 animi

472 635 788 710 proposito
817 631 1229 690 dissociemur.
1256 633 1418 686 Unus
1450 627 1624 684 nobis
1669 633 1758 684 est
1810 626 2120 691 Dominus,

475 739 599 782 una
653 724 804 780 ﬁdes
831 724 899 790 ¹ο⁰,
929 737 1066 793 spes
1123 719 1356 777 eadem.
1416 717 1546 775 Sive
1603 719 1785 789 caput
1811 731 1921 772 vos
1959 715 2123 788 ipsos

476 813 850 883 existimatis,
877 827 1002 868 non
1031 815 1226 882 potest
1249 812 1432 882 caput
1459 807 1656 864 dicere
1675 806 1964 880 pedibus:
1995 809 2122 862 Non

475 907 566 960 est
593 901 741 959 mihi
771 917 926 974 opus
954 899 1126 957 vobis
1143 900 1212 954 Η.
1248 899 1382 956 Sive
1407 914 1517 954 vos
1545 897 1609 954 in
1638 897 1757 953 alio
1800 895 2012 955 ordine
2036 911 2124 952 re-

473 991 718 1067 ponitis,
746 989 922 1047 nobis
969 989 1030 1045 in
1073 988 1292 1045 eodem
1341 1002 1590 1060 corpore
1635 985 1968 1042 constitutis
1998 1000 2122 1042 non

475 1081 726 1155 potestis
775 1079 1018 1136 dicere:
1066 1077 1250 1134 Vestri
1296 1092 1420 1133 non
1463 1075 1825 1146 indigemus.
1871 1078 2020 1131 Nam
2069 1077 2127 1132 et

475 1186 696 1227 manus
744 1169 928 1226 altera
957 1167 1200 1225 alterius
1232 1170 1384 1237 eget,
1430 1170 1487 1222 et
1515 1181 1624 1238 pes
1678 1164 1826 1221 alter
1871 1164 2125 1221 alterum

473 1259 692 1326 ﬁrmat,
720 1263 776 1316 et
798 1258 959 1315 oculi
982 1273 1090 1331 per
1111 1256 1501 1313 concordiam
1529 1255 1684 1312 clare
1710 1271 1781 1312 ac
1810 1255 2126 1328 perspicue

473 1349 698 1406 vident.
730 1351 804 1415 (2)
832 1352 961 1405 Non
1007 1347 1168 1404 enim
1215 1362 1326 1404 vos
1374 1346 1475 1403 illa
1513 1345 1794 1416 cogitatio
1823 1345 2122 1403 detineat:

475 1441 650 1496 Extra
675 1437 1000 1498 multorum
1032 1437 1264 1494 malum
1293 1451 1527 1505 sumus,
1549 1434 1948 1508 quamobrem
1980 1435 2127 1508 quid

473 1529 652 1587 nobis
707 1545 859 1602 opus
897 1531 988 1585 est
1038 1543 1178 1584 cum
1209 1527 1339 1584 aliis
1390 1525 1789 1583 communio?
1839 1525 2126 1581 Dominus

476 1619 638 1675 enim
667 1618 895 1674 insulas
924 1617 1173 1690 quidem
1195 1632 1232 1673 a
1261 1615 1601 1672 continente
1630 1629 1736 1687 per
1777 1630 1944 1671 mare
1983 1614 2128 1671 divi-

477 1708 572 1776 sit,
605 1707 940 1764 insularum
997 1722 1140 1763 vero
1196 1705 1425 1762 incolas
1454 1720 1561 1778 per
1606 1704 1956 1760 charitatem
1987 1720 2126 1761 cum

2236 530 2404 587 Ούδέν
2459 537 2558 608 γὰρ
2612 537 2751 610 ἡμᾶς
2807 538 3031 613 χωρίζει
3073 537 3159 591 ἀπ’
3212 537 3461 606 ἀλλήλων,
3503 536 3588 590 έάν
3641 540 3714 609 μή
3774 545 3843 609 τῇ

2235 627 2536 699 προαιρέσει
2587 628 2673 678 τὸν
2725 629 3004 702 χωρισμὸν
3052 628 3379 701 ύποστῶμεν.
3417 628 3506 689 Εἷς
3548 628 3698 700 ἡμῶν
3731 630 3846 680 Κύ-

2233 732 2362 787 ριος,
2393 718 2493 788 μία
2548 719 2748 784 πίστις,
2780 715 2922 781 ἐλπὶς
2974 720 3003 777 ἠ
3075 717 3225 776 αὐτή.
3285 719 3400 771 Εῖτε
3456 713 3545 770 οὖν
3610 716 3844 790 κεφαλὴν

2235 801 2450 866 ἰαυτούς
2496 802 2788 876 λογίζεσθε,
2824 805 2881 858 ού
2933 802 3212 866 δύναταιή
3268 805 3460 879 κεφαλή
3513 805 3672 858 εἰπεῖν
3727 813 3842 869 τοῖς

2235 895 2383 944 ποσί.
2431 897 2620 966 Χρείαν
2670 895 2813 967 ὑμῶν
2865 895 2961 948 οὐκ
3012 898 3142 968 ἔχω’
3193 899 3294 949 εἴτε
3326 899 3416 948 καὶ
3445 897 3495 948 ἓν
3522 893 3652 968 ἄλλη
3694 895 3843 958 τάξει

2234 980 2450 1046 ἑαυτοὺς
2509 986 2752 1056 τάσσετε,
2803 985 2862 1039 οὐ
2913 983 3144 1040 δύνασθε
3194 993 3302 1047 τοῖς
3345 985 3392 1038 έν
3435 991 3510 1056 τῷ
3551 983 3694 1056 αὐτῷ
3729 990 3842 1037 σώ-

2231 1091 2360 1146 ματι
2435 1079 2903 1150 κατατεταγμένοις
2981 1075 3144 1145 λέγειν
3191 1075 3269 1148 (8)
3349 1077 3431 1145 τὸ,
3475 1078 3666 1151 Χρείαν
3697 1076 3842 1148 ὑμῶν

2235 1162 2332 1215 οῦκ
2370 1165 2579 1237 ἔχομεν.
2612 1166 2678 1219 Δῖ
2734 1184 2790 1219 τε
2842 1168 2943 1241 γάρ
2988 1172 3160 1241 χεῖρες
3208 1163 3438 1222 ἀλλήλων
3484 1160 3715 1230 δέονται,
3746 1167 3834 1217 καί

2236 1253 2285 1305 οἰ
2333 1250 2495 1314 πόδες
2551 1252 2802 1317 ἀλλήλους
2869 1259 3206 1329 στηρίζουσι,
3233 1259 3324 1306 καὶ
3376 1256 3425 1306 οἱ
3475 1253 3733 1327 ὀφθαλμοὶ
3781 1253 3830 1307 ἄν

2236 1349 2298 1415 τῇ
2363 1347 2636 1416 συμφωνίᾳ
2707 1347 2764 1397 τὸ
2829 1343 3030 1418 ἐναργὶς
3079 1352 3174 1407 τῆς
3231 1343 3574 1420 καταλήψεως
3624 1346 3832 1417 ἔχουσι.

2236 1435 2322 1491 Μὴ
2390 1434 2492 1506 γάρ
2552 1431 2738 1496 ἐκεῖνος
2813 1435 2950 1508 ύμᾶς
2996 1435 3022 1487 6
3093 1433 3345 1507 λογισμὸς
3409 1438 3698 1506 κατεχέτω,
3759 1435 3841 1486 ὅτι

2235 1519 2412 1594 Ἡμεῖς
2467 1522 2562 1586 ἔξω
2610 1530 2702 1575 τοῦ
2757 1526 2958 1586 πάθους
2995 1522 3146 1598 ἔσμεν
3211 1530 3312 1576 τῶν
3373 1522 3593 1591 πολλῶν,
3625 1527 3713 1576 καὶ
3751 1527 3838 1584 τίς

2237 1611 2362 1684 ἡμῖν
2415 1616 2574 1684 χρεία
2621 1620 2717 1674 τῆς
2753 1617 2884 1686 πρὸς
2923 1612 3114 1676 αὐτοὺς
3149 1617 3454 1680 κοινωνίας;
3483 1612 3541 1665 Ὀ
3575 1615 3675 1687 γὰρ
3716 1613 3831 1665 Κύ-

2234 1719 2348 1774 ριος
2384 1702 2530 1774 ἡμῶν
2586 1704 2680 1765 τάς
2724 1706 2814 1776 μὲν
2861 1707 3054 1766 νήσους
3101 1711 3198 1766 τῆς
3252 1705 3470 1776 ἠπείρου
3507 1697 3599 1755 διὰ
3628 1701 3834 1753 Θαλάσ-

475 1796 687 1854 incolis
739 1795 1097 1852 continentis
1141 1795 1362 1867 junxit.
1409 1797 1482 1866 (3)
1511 1797 1630 1851 Hoc
1677 1793 1836 1850 enim
1890 1793 2124 1866 potissi-

2239 1810 2339 1852 σης
2379 1787 2648 1863 διέστησε,
2673 1796 2792 1855 τούς
2837 1788 2897 1846 δὲ
2943 1797 3206 1854 νησιώτας
3248 1799 3360 1855 τοῖς
3396 1792 3710 1865 ὴπειρὼταις
3739 1786 3841 1844 διὰ

477 1904 648 1945 mum
680 1887 858 1961 485
892 1887 1124 1944 amicus
1150 1886 1228 1943 ab
1251 1885 1563 1942 adulatore
1593 1885 1810 1951 differt,
1833 1884 1997 1956 quod
2029 1884 2129 1940 hic

476 1975 724 2051 quidem
786 1977 865 2033 ad
910 1975 1368 2033 delectationem
1417 1974 1701 2048 loquitur,
1733 1972 1830 2030 ille
1875 1988 2020 2030 vero
2051 1989 2128 2031 ne

473 2065 733 2123 molesta
783 2064 1031 2138 quidem
1079 2063 1495 2138 praetermittit.
1519 2064 1596 2136 (4)
1651 2063 1776 2120 Scis
1828 2062 2042 2137 quida
2073 2067 2128 2119 te

474 2153 892 2228 praestandum
913 2154 987 2211 sit
1014 2154 1292 2227 proximo
1312 2154 1340 2210 ‘2
1359 2155 1528 2227 quod
1557 2152 1662 2210 tibi
1690 2151 1808 2225 ipsi
1832 2151 1910 2208 ab
1941 2151 2126 2210 altero

478 2243 565 2301 vis
587 2243 736 2300 ﬁeri.
772 2244 938 2300 Nosti
979 2243 1127 2317 quid
1157 2243 1232 2300 sit
1259 2241 1539 2299 malum?
1581 2241 1748 2315 quod
1791 2241 1918 2314 ipse
1973 2240 2126 2298 nolis

473 2331 553 2389 ab
581 2331 698 2390 alio
727 2333 874 2406 pati.
901 2333 979 2402 (5)
1010 2332 1157 2388 Cum
1192 2333 1353 2388 enim
1385 2348 1458 2388 ex
1487 2332 1607 2387 Deo
1638 2331 1972 2387 audiverim
2006 2348 2019 2387 :
2052 2331 2124 2386 In

475 2422 587 2479 hoc
615 2426 968 2493 cognoscent
997 2436 1217 2488 omnes,
1242 2421 1401 2493 quod
1429 2421 1708 2490 discipuli
1743 2421 1861 2478 mei
1889 2421 2043 2484 estis,
2076 2421 2127 2476 si

474 2511 748 2580 diligatis
812 2511 1062 2567 invicem
1086 2512 1153 2582 ”,
1213 2527 1476 2582 cumque
1518 2515 1852 2567 extremum
1901 2527 2126 2567 munus

473 2599 782 2672 discipulis
809 2599 957 2666 suis,
982 2615 1158 2656 suam
1181 2600 1245 2656 in
1275 2615 1454 2656 carne
1476 2599 1990 2672 dispensationem
2022 2601 2126 2658 ab-

474 2687 1029 2760 soluturus,pacem
1053 2705 1227 2744 suam
1250 2689 1538 2744 Dominus
1559 2689 1861 2762 reliquerit
1877 2689 2084 2746 dicens
2108 2707 2122 2745 :

471 2776 681 2833 Pacem
728 2777 1002 2849 relinquo
1052 2777 1236 2847 vobis,
1265 2792 1472 2847 pacem
1529 2793 1718 2834 meam
1749 2777 1822 2833 do
1868 2778 2031 2834 vobis
2055 2779 2122 2847 ⁵³,

471 2864 670 2922 dicere
693 2881 817 2921 non
855 2881 1131 2938 possum,
1165 2881 1262 2922 me
1293 2866 1421 2922 sine
1473 2871 1684 2923 mutua
1727 2867 2034 2937 charitate,
2069 2872 2126 2925 et

470 2955 605 3026 nisi,
639 2958 936 3028 quantum
990 2955 1053 3011 in
1105 2970 1202 3010 me
1250 2959 1358 3021 est,
1386 2971 1602 3027 pacem
1651 2971 1792 3012 cum
1841 2957 2126 3012 omnibus

469 3043 756 3113 habeam,
789 3044 1044 3115 dignum
1073 3059 1251 3118 posse
1302 3047 1444 3102 Jesu
1498 3045 1706 3102 Christi
1739 3061 1984 3102 servum
2022 3063 2125 3103 vo-

472 3132 616 3189 cari.

543 3225 594 3277 3.
629 3221 704 3293 (6)
733 3222 958 3279 Eodem
978 3222 1158 3294 igitur
1199 3222 1384 3278 modo
1411 3238 1799 3280 communem
1831 3227 1888 3280 et
1919 3241 2123 3298 aequa-

467 3311 589 3368 lem
618 3312 904 3368 omnibus
934 3311 1086 3368 inter
1132 3327 1194 3366 se
1245 3311 1598 3368 charitatem
1639 3328 1771 3369 esse
1821 3315 2122 3386 convenit,

467 3414 594 3472 quo
621 3399 806 3456 homo
835 3399 1186 3456 naturaliter
1215 3414 1358 3470 erga
1418 3399 1660 3470 singula
1708 3417 1821 3458 sua
1846 3403 2126 3460 membra

470 3487 721 3544 affectus
768 3492 874 3556 est,
907 3488 1014 3560 qui
1055 3492 1246 3545 totum
1273 3505 1451 3544 suum
1499 3505 1720 3563 corpus
1752 3491 1975 3563 pariter
2026 3507 2123 3549 sa-

469 3592 618 3633 num
660 3575 807 3646 vult,
835 3577 1085 3651 quando
1115 3581 1172 3633 et
1205 3577 1689 3652 uniuscujusque
1731 3580 1989 3638 membri
2013 3581 2122 3638 do-

467 3665 562 3723 lor
615 3666 912 3740 aequalem
961 3667 1199 3739 corpori
1241 3666 1581 3724 molestiam
1607 3669 1867 3726 exhibet.
1901 3672 1975 3742 (7)
2015 3671 2125 3737 Qui

470 3755 632 3812 enim
661 3756 722 3810 in
747 3761 1047 3813 conventu
1075 3772 1265 3813 unum
1293 3771 1418 3828 prce
1450 3757 1581 3813 aliis
1611 3757 1828 3829 diligit,
1856 3760 2124 3832 seipsum

468 3843 833 3917 imperfectae
847 3845 1154 3901 charitatis
1176 3845 1504 3903 insimulat.
1527 3848 1570 3913 Q
1581 3863 1721 3904 uare
1735 3864 1806 3904 ex
1828 3853 2128 3906 conventu

471 3936 773 3992 contentio
799 3936 1083 3992 indecora
1113 3939 1170 3993 et
1199 3937 1518 4008 singularis
1539 3953 1712 3994 amor
1751 3944 1889 3995 sunt
1917 3955 2127 4013 aequa-

466 4023 602 4080 liter
621 4024 1013 4080 amandandi.
1035 4026 1230 4081 Oritur
1251 4026 1411 4082 enim
1435 4042 1509 4082 ex
1529 4029 1912 4085 contentione
1934 4029 2129 4086 inimi-

473 4113 657 4169 citia:
715 4111 793 4168 ab
839 4113 1102 4170 amicitia
1131 4130 1273 4171 vero
1311 4116 1662 4188 particulari
1706 4121 1765 4174 et
1811 4117 2128 4175 sodalitate

471 4200 852 4274 suspiciones
910 4206 966 4257 et
1027 4201 1267 4258 invidia:
1351 4209 1706 4261 nascuntur.
1763 4207 1913 4262 Cum
1964 4207 2128 4264 enim

472 4291 784 4364 aequalitas
809 4291 1096 4359 aufcrtur,
1112 4292 1174 4348 id
1195 4292 1418 4365 ubique
1441 4294 1525 4349 eis
1547 4295 1651 4367 qui
1673 4311 1742 4351 ea
1765 4295 2123 4368 spoliantur,

471 4379 712 4437 invidias
742 4383 800 4437 et
822 4379 945 4436 odii
971 4381 1138 4450 origo
1167 4385 1223 4436 et
1245 4397 1430 4438 causa
1457 4387 1564 4438 est.
1597 4384 2125 4449 Quemadmodum

471 4469 654 4560 igitur
694 4470 849 4560 Deus
898 4470 1164 4542 optimus
1203 4487 1277 4527 ex
1318 4487 1496 4544 aequo
1549 4473 1808 4546 impertit
1837 4474 2125 4530 omnibus
2159 4505 2203 4560 Β

471 4558 692 4630 lucem,
716 4559 903 4616 solem
952 4576 1134 4616 suum
1183 4577 1365 4634 super
1403 4561 1598 4633 justos
1649 4579 1720 4620 ac
1745 4564 2001 4634 injustos
2027 4582 2127 4622 ex-

474 4649 614 4706 oriri
635 4665 856 4706 curans
883 4651 930 4685 “
964 4667 977 4706 :
1006 4651 1091 4707 ita
1111 4655 1167 4708 et
1216 4653 1317 4708 Dei
1363 4652 1694 4709 imitatores
1734 4670 2123 4712 communem

474 4742 531 4793 et
555 4754 766 4811 parem
791 4739 1096 4796 charitatis
1125 4739 1364 4796 radium
1408 4741 1471 4797 in
1524 4757 1736 4798 omnes
1787 4743 2121 4801 effundant.

477 4827 586 4882 Ubi
641 4827 802 4882 enim
859 4828 1059 4884 deﬁcit
1099 4829 1381 4899 charitas,
1411 4829 1527 4886 illic
1566 4830 1774 4904 utique
1813 4833 1942 4904 ejus
1989 4833 2124 4890 loco

475 4915 743 4972 succedit
767 4916 997 4973 odium.
1028 4917 1200 4983 Quod
1224 4917 1292 4988 si,
1318 4922 1382 4975 ut
1405 4921 1664 4976 Joannes
1686 4921 1786 4992 ait,
1811 4925 1965 4980 Deus
1985 4923 2126 4980 cha-

474 5004 628 5060 ritas
656 5007 739 5060 est
768 5006 835 5075 κε,
874 5020 1122 5078 prorsus
1148 5021 1396 5063 necesse
1435 5012 1523 5065 est
1569 5008 1881 5067 diabolum
1911 5011 2124 5068 odium

475 5107 628 5150 esse.
675 5091 840 5150 Sicut
894 5108 1037 5164 ergo
1074 5095 1181 5168 qui
1231 5094 1416 5153 habet
1475 5097 1850 5170 charitatem,
1934 5102 2122 5159 Deum

547 5216 836 5347 wiglphes.
868 5232 944 5285 Iv,
976 5221 1028 5276 5.
1105 5220 1148 5255 ⁸¹
1191 5221 1212 5274 Ι
1249 5220 1379 5278 Cor.
1407 5236 1504 5291 xu,
1555 5226 1641 5282 15.

477 5303 557 5347 ιν.
661 5331 675 5344 .

542 5328 557 5355 ,
591 5328 675 5347 ιυο

545 5411 624 5545 μ)
653 5412 934 5494 Exepist.
963 5429 1102 5479 ccm,
1135 5416 1260 5471 301.

570 5481 622 5544 2)
665 5483 814 5539 Ibid.

570 5481 622 5544 2)
665 5481 814 5539 Ibid:

549 5553 627 5693 E3;
666 5557 749 5610 Ex
777 5556 951 5627 epist.
987 5572 1082 5625 xx,
1114 5559 1204 5614 98.

570 5625 602 5679 4
655 5627 737 5682 Ex
762 5624 926 5685 hom.
957 5644 1011 5684 x1
1031 5628 1096 5685 in
1115 5628 1204 5686 He

570 5624 626 5693 4)
655 5627 737 5682 Ex
762 5624 926 5685 hom.
957 5644 1011 5684 x1
1031 5624 1096 5685 in
1115 5628 1429 5703 Hexaem,
1462 5633 1549 5687 83.

1720 5225 1768 5260 ι’
1821 5227 1995 5284 Joan.
2031 5243 2156 5302 xm,
2188 5232 2278 5297 35,

2236 1889 2325 1942 τῆς
2366 1879 2576 1954 ἀγάπης
2613 1877 2893 1941 συνέδησε.
2935 1887 3036 1936 Καὶ
3086 1884 3253 1954 τούτῳ
3284 1881 3518 1956 μάλιστα
3547 1880 3696 1954 φίλος
3734 1885 3841 1936 πό-

2235 1969 2393 2030 λακος
2444 1967 2738 2044 διενήνοχε,
2777 1979 2850 2044 τῷ
2905 1975 2991 2025 τὸν
3053 1975 3143 2046 μὶν
3194 1974 3321 2046 πρὸς
3376 1967 3574 2030 ἡδονήν
3618 1969 3842 2044 ὁμιλεῖν,

2235 2063 2324 2113 τὸν
2369 2056 2430 2113 δε
2475 2057 2615 2132 μηδε
2661 2067 2761 2112 τῶν
2800 2058 3100 2114 λυπούντων
3128 2059 3446 2134 ἀπέχεσθαι.
3489 2055 3660 2122 Οἶδας
3692 2055 3752 2112 δι
3786 2063 3843 2112 τί

2235 2156 2476 2213 ποιήσεις
2529 2158 2600 2222 τῷ
2656 2150 2913 2217 πλησίονς
2968 2151 2995 2204 ὃ
3030 2159 3231 2223 σεαυτῷ
3289 2149 3470 2224 βούλει
3509 2148 3634 2225 παρ’
3663 2149 3841 2225 ἕτερον

2235 2241 2502 2313 γενέσθαι.
2565 2236 2734 2302 Οἶδας
2773 2241 2800 2292 ὅ
2855 2244 2908 2294 τί
2958 2245 3083 2294 ποτί
3112 2239 3226 2294 ἰστι
3273 2243 3332 2293 τὸ
3363 2243 3561 2308 κακόνς
3594 2239 3620 2292 ὃ
3650 2239 3745 2292 οὐκ
3775 2239 3840 2292 ἀν

2236 2329 2385 2391 αὐτὸς
2412 2330 2594 2382 παθεῖν
2667 2329 2799 2383 {Loto
2850 2329 2973 2403 παρ’
3028 2329 3223 2404 ἐτέρου.
3256 2329 3390 2402 Ἐγὼ
3441 2331 3544 2403 γὰρ
3606 2327 3838 2392 ἀκούσας

2233 2422 2377 2493 παρά
2419 2426 2512 2472 τοῦ
2567 2427 2720 2488 Θεοῦ,
2772 2420 2854 2473 ὅτι
2911 2419 2994 2472 Ἐν
3065 2421 3229 2492 τούτῳ
3278 2423 3569 2491 γνώσονται
3619 2422 3830 2487 πάντες,

2235 2510 2316 2563 ὅτι
2379 2507 2493 2582 ἰμοὶ
2551 2511 2787 2582 μαθηταί
2843 2508 2980 2576 ἐστι,
3023 2507 3106 2563 ἰὰν
3168 2507 3404 2581 ἀγαπᾶτε
3434 2507 3680 2570 ἀλλήλους
3734 2514 3825 2561 καὶ

2235 2601 2315 2654 ὅτι
2371 2597 2622 2673 ἐξιτήριον
2669 2595 2835 2674 δῶρον
2897 2605 3002 2660 τοῖς
3053 2597 3239 2652 ἑαυτοῦ
3286 2600 3574 2672 μαθηταῖς,
3633 2597 3820 2672 μέλλων

2237 2687 2576 2762 συμπληροῦν
2631 2692 2725 2746 τήν
2777 2686 2826 2741 ἐν
2894 2692 3049 2764 σαρκὶ
3113 2688 3429 2761 οἰκονομίαν,
3489 2691 3586 2747 τὴν
3644 2687 3832 2741 ἑαυτοῦ

2236 2778 2442 2852 εἰρήνην
2517 2776 2782 2831 κατιλιπεν
2875 2777 3068 2832 εἰπών·
3143 2777 3367 2853 Εἰρήνην
3431 2776 3627 2851 ἀφίημι
3691 2778 3840 2850 ὑμῖν,

2236 2868 2443 2943 εἰρήνην
2467 2871 2562 2926 τὴν
2601 2867 2728 2939 ἐμήν
2768 2862 2971 2941 δίδωμι
3000 2868 3142 2940 ύμῖνο
3176 2867 3235 2921 ού
3268 2864 3500 2941 δύναμαι
3544 2867 3726 2937 εἰπεῖν,
3761 2867 3845 2920 ὅτε

2235 2958 2355 3010 ἄνευ
2384 2964 2480 3018 τῆς
2510 2955 2558 3008 ἐν
2581 2955 2816 3018 ἀλλήλοις
2845 2954 3051 3028 ἀγάπης
3088 2960 3177 3010 καί
3204 2958 3324 3010 ἄνευ
3351 2964 3462 3024 τοῦ,
3504 2959 3562 3010 τὸ
3625 2955 3699 3018 εἰς
3756 2953 3847 3029 ἔμε

2240 3047 2384 3118 ἧκον,
2415 3045 2690 3120 εἰρηνεύειν
2722 3049 2852 3120 πρὸς
2879 3047 3098 3113 πάντας,
3133 3043 3365 3120 δύναμαι
3409 3046 3558 3110 ἄξιος
3585 3043 3851 3105 κληθῆναι

2154 3151 2194 3208 c
2241 3131 2428 3198 δοῦλος
2453 3135 2631 3193 Ἰησοῦ
2657 3143 2917 3210 Χριστοῦ.

2309 3229 2367 3282 3.
2410 3228 2562 3278 Οὕτω
2608 3229 2781 3278 τοίνυν
2844 3245 3102 3301 προσήκει
3173 3228 3350 3285 κοινήν
3387 3229 3478 3280 καὶ
3537 3227 3660 3285 ἰσην
3705 3230 3847 3279 πᾶσι

2235 3315 2368 3386 πρὸς
2425 3309 2676 3372 ἀλλήλους
2727 3314 2822 3370 τὴν
2870 3309 3078 3383 ἀγάπην
3128 3307 3280 3382 εἶναι,
3313 3313 3378 3373 ὡς
3429 3320 3667 3385 φυσικῶς
3707 3314 3845 3384 πρὸς

2233 3404 2301 3454 τά
2343 3399 2460 3454 καθ’
2519 3401 2738 3453 ἕκαστον
2797 3400 2982 3454 ἑαυτοῦ
3021 3400 3147 3474 με’λη
3179 3402 3205 3453 6
3256 3402 3527 3476 ἄνθρωπος
3565 3403 3699 3474 ἔχει,
3747 3400 3842 3454 ἕπ-

2236 3493 2353 3552 ίσης
2386 3490 2539 3543 θελων
2586 3494 2743 3544 παντὶ
2798 3497 2870 3562 τῷ
2927 3496 3133 3564 σώματι
3161 3493 3254 3550 τήν
3306 3492 3528 3563 ύγιειαν,
3565 3487 3709 3544 διότι
3744 3494 3840 3543 καὶ

2233 3580 2260 3632 6
2317 3585 2468 3642 πόνος
2513 3580 2737 3632 ἑκάστου
2789 3579 2972 3653 μέλους
3002 3582 3124 3638 ἴσην
3147 3583 3370 3653 παρέχει
3398 3588 3471 3652 τῷ
3512 3585 3720 3653 σώματι
3738 3583 3838 3639 τὴν

2235 3665 2454 3728 ἀηδίαν.
2506 3668 2566 3722 Ὀ
2611 3671 2714 3744 γὰρ
2771 3668 2819 3722 ἐν
2853 3665 3074 3742 συνοδίᾳ
3127 3672 3215 3722 τὸν
3247 3671 3328 3722 ἵνα
3353 3671 3479 3745 ὑπὲρ
3507 3669 3625 3732 τούς
3652 3668 3841 3732 ἄλλους

2237 3759 2470 3832 ἀγαπῶν,
2528 3765 2813 3832 κατηγορεῖ
2877 3757 3061 3812 ἑαυτοῦ
3127 3763 3199 3832 μή
3261 3761 3397 3831 ἔχων
3459 3761 3556 3818 τὴν
3642 3758 3838 3813 τελείαν

2239 3849 2469 3923 ἀγάπην,
2507 3848 2733 3922 Ὁμοίως
2785 3849 2874 3901 οὖν
2924 3846 3216 3912 ἀπόϐλητός
3266 3847 3407 3902 ἔστιν
3438 3846 3539 3902 ἀπο
3573 3845 3837 3919 συνοδίας

2241 3941 2269 3998 ἧ
2310 3957 2366 3991 τε
2423 3936 2654 4011 ἀπρεπής
2710 3939 2887 4010 μάχη,
2919 3941 3010 3990 καὶ
3063 3939 3093 3995 ἡ
3150 3941 3334 4011 μερική
3397 3934 3659 4000 διάθεσις.
3715 3937 3842 3993 Ἀπὶ

2238 4030 2328 4102 μὶν
2365 4029 2468 4101 γὰρ
2527 4035 2618 4088 τῆς
2671 4028 2852 4100 μάχης
2897 4029 3069 4099 ἔχθρα
3121 4031 3342 4099 γίνεται,
3374 4025 3476 4080 ἀπὸ
3539 4023 3598 4081 δὲ
3626 4035 3723 4090 τῆς
3752 4047 3844 4101 με-

2237 4127 2388 4191 ρικῆς
2449 4115 2623 4188 φιλίας
2659 4121 2750 4168 καὶ
2807 4114 3059 4192 ἑταιρείας
3117 4116 3342 4187 ὑποψίαι
3397 4121 3487 4168 καὶ
3545 4117 3724 4190 φθόνοι
3762 4122 3845 4190 γί-

2237 4223 2430 4261 νονται·
2473 4213 2752 4277 πανταχοῦ
2809 4207 2910 4282 γὰρ
2979 4207 3009 4264 ἡ
3070 4213 3164 4258 τοῦ
3201 4209 3322 4258 ῖσου
3392 4209 3642 4281 στέρησις
3691 4205 3841 4280 ἀρχή

2236 4301 2327 4350 καὶ
2365 4297 2608 4355 ὑπόθεσις
2666 4296 2852 4367 φθόνου
2919 4298 3010 4348 καὶ
3077 4291 3384 4368 δυσμενείας
3437 4303 3545 4358 τοῖς
3601 4293 3846 4350 ἐλαττου-

2236 4390 2403 4459 μένοις
2457 4389 2674 4458 γίνεται.
2734 4383 2936 4460 Ὠσπερ
2988 4379 3076 4438 οὖν
3129 4385 3154 4438 6
3215 4383 3412 4458 ἀγαθὸς
3473 4389 3602 4448 Θεὸς
3657 4391 3843 4446 κοινὴν

2237 4473 2436 4530 δίδωσι
2499 4481 2635 4527 πᾶσι
2698 4477 2793 4534 τήν
2849 4481 2942 4527 τοῦ
2981 4477 3146 4548 φωτὸς
3201 4479 3507 4549 μετουσίαν,
3552 4474 3844 4529 ἀνατελλων

2232 4568 2319 4619 τὸν
2352 4565 2496 4624 ἣλιον
2541 4563 2624 4616 ἐπὶ
2673 4560 2916 4626 δικαίους
2955 4568 3045 4618 καὶ
3113 4562 3354 4631 ἀδίκους,
3389 4566 3553 4628 οὕτως
3625 4570 3720 4620 καὶ
3790 4570 3844 4621 οἱ

2232 4660 2462 4730 μιμηταὶ
2512 4663 2603 4708 τοῦ
2653 4661 2786 4708 Θεοῦ
2836 4659 3012 4714 κοινήν
3067 4674 3123 4708 τε
3167 4660 3257 4708 καὶ
3320 4657 3570 4730 ὁμότιμον
3622 4660 3718 4715 τὴν
3744 4665 3844 4719 τῆς

2235 4744 2442 4817 ἀγάπης
2489 4742 2676 4797 ἀκτῖνα
2713 4745 2796 4796 ἐπὶ
2852 4745 3049 4806 πάντας
3115 4749 3415 4820 φερέτωσαν
3497 4744 3666 4800 Ὀπου
3731 4749 3842 4823 γὰρ

2233 4832 2450 4887 ἐλλείπει
2504 4834 2532 4890 ή
2599 4830 2800 4905 ἀγάπη,
2856 4830 2960 4885 ἐκεῖ
3042 4833 3244 4894 πάντως
3309 4832 3704 4909 ἀντεισέρχεται
3777 4841 3841 4889 τὸ

2233 4913 2412 4997 μῖσος.
2437 4921 2499 4976 Εἰ
2547 4917 2624 4989 δὲ,
2657 4922 2831 4982 καθώς
2879 4941 3038 4994 φησιν
3077 4921 3334 4984 Ἰωάννης.
3374 4921 3435 4977 ’Θ
3481 4926 3611 4985 Θεὸς
3652 4923 3840 4996 ἀγάπη

2237 5011 2398 5081 ἐστὶν,
2449 5009 2650 5083 ἀνάγκη
2709 5015 2859 5064 πᾶσα
2926 5013 2983 5063 τὸ
3034 5017 3192 5084 μῖσος
3257 5008 3388 5065 εἶναι
3423 5014 3512 5065 τὸν
3569 5009 3842 5072 διάϐολον.

2235 5101 2439 5175 Ὠσπερ
2479 5098 2567 5154 οὖν
2615 5101 2642 5152 6
2680 5103 2776 5160 τήν
2825 5098 3033 5173 ἀγάπην
3079 5103 3237 5172 ἔχων,
3275 5104 3360 5155 τὸν
3410 5105 3538 5157 Θεὸν
3565 5104 3708 5174 ἔχειν
3738 5105 3841 5157 οὗ-

2356 5227 2403 5264 “
2441 5228 2612 5298 Joan,
2646 5241 2754 5300 XIV,
2788 5229 2878 5284 27.
2954 5227 3002 5262 “
3042 5226 3241 5286 Matth.
3273 5244 3328 5298 v,
3354 5231 3445 5297 45,
3523 5229 3570 5266 δε
3613 5229 3840 5287 IJoan.

2427 5425 2508 5505 _Ex
2533 5421 2705 5494 epist.
2737 5425 3042 5505 ccm,_?99.

2309 5500 2386 5576 ιο)
2421 5497 2507 5576 ἓξ
2529 5510 2720 5576 βοτη),
2753 5497 3034 5562 ascetico,
3069 5497 3191 5552 325.

2658 5638 2876 5711 Regius
2903 5637 3088 5696 codex
3117 5638 3273 5692 εἰπεῖν
3299 5641 3504 5713 χρείαν.
