4146 6370
288 269 419 329 1153

1411 265 1642 332 SERMO
1681 270 1772 332 IV.
1814 301 1882 315 -—
1924 266 2014 330 DE
2056 271 2546 332 ELEEMOSYNA.

3505 269 3646 330 1154

284 417 381 460 τως
427 397 540 471 δτὸ
571 400 727 470 μῖσος
770 396 1037 470 ἓχων,τόν
1100 393 1343 451 διάϐολον
1391 396 1440 452 έν
1485 397 1650 471 ἑαυτῷ
1686 401 1877 475 τρέφει.

2010 396 2212 466 labet;
2241 398 2323 454 sic
2343 396 2448 471 qui
2476 395 2684 453 odium
2708 393 2911 467 habet,
2941 393 2993 451 is
3017 391 3330 451 diabolum
3359 393 3421 451 in
3447 394 3646 468 seipso

285 489 382 541 Διά
399 494 550 542 τοῦτο
597 491 854 561 προσήκει
897 491 992 547 τὴν
1039 489 1130 561 μὲν
1161 487 1368 560 ἀγάπην
1411 487 1534 548 ἲσην
1571 493 1661 542 καὶ
1700 490 1881 562 ὁμοίαν

285 580 430 652 παρά
467 578 674 632 πάντων
729 583 840 639 τοῖς
889 582 1052 631 πᾶσιν
1107 574 1257 644 εἶναι,
1311 581 1403 636 τὴν
1453 574 1512 632 δὲ
1557 582 1708 652 τιμὴν
1748 581 1885 632 κατά

285 670 343 720 τό
410 673 603 742 πρέπον
677 666 882 740 ἑκάστῳ
931 668 1195 739 γίνεσθαι.
1265 672 1364 722 Καὶ
1431 671 1602 744 ὥσπερ
1658 667 1706 722 ἐν
1760 669 1884 742 ἡμῖν

287 757 484 823 αὐτοῖς,
542 758 568 810 6
603 759 692 830 μὲν
749 759 904 819 πόνος
961 756 1180 810 ἑκάστου
1211 765 1308 810 τῶν
1341 756 1739 833 ἀρρωστούντων
1787 777 1884 830 με·

284 846 384 899 λῶν
413 850 544 910 ἴσως
597 844 816 900 ἀπτεται
845 853 937 899 τοῦ
969 849 1162 908 παντὸς
1193 852 1453 920 σώματος,
1490 850 1602 900 ἔστι
1657 844 1717 901 δὲ
1746 848 1885 920 ὅμως

286 935 434 1011 ἕτερα
482 935 662 1011 ἐτέρων
713 942 997 1011 τιμιώτερα
1049 935 1175 1009 μέλη
1234 936 1316 1008 (οὐ
1367 939 1469 1012 γὰρ
1532 939 1724 1010 ὁμοίως
1763 941 1882 1012 περί

285 1028 372 1078 τὸν
403 1023 666 1098 ὀφθαλμὸν
722 1028 814 1078 καὶ
852 1027 930 1097 (1)
980 1031 1098 1102 περὶ
1151 1028 1237 1079 τὸν
1277 1034 1368 1079 τοῦ
1420 1023 1588 1089 ποδὸς
1627 1023 1883 1080 δάκτυλον

284 1117 495 1188 ἔχομεν,
555 1113 649 1166 κᾶν
704 1115 729 1166 6
780 1119 934 1177 πόνος
989 1118 1048 1168 τό
1105 1118 1218 1169 ἴσον
1271 1116 1417 1190 Exn)
1479 1117 1641 1179 οὕτως
1670 1122 1763 1175 τήν
1793 1118 1883 1189 μὲν

287 1205 538 1278 συμπαθῆ
575 1201 836 1270 διάθεσιν,
896 1210 986 1258 καὶ
1032 1209 1128 1263 την
1177 1203 1505 1277 ἀγαπητικὴν
1547 1210 1737 1279 σχέσιν
1761 1208 1884 1263 ἴσην

285 1291 370 1346 ἐπὶ
413 1295 616 1346 πάντων
677 1301 774 1345 τῶν
826 1291 875 1345 ἐν
931 1300 994 1365 τῇ
1055 1289 1278 1366 συνοδίᾳ
1329 1293 1534 1355 ζώντων
1583 1293 1713 1347 εἶναι
1760 1293 1885 1368 παρ’

287 1383 508 1436 ἑκάστου
556 1387 833 1457 προσήκειο
867 1383 896 1442 ἡ
959 1379 1018 1436 δὲ
1047 1387 1196 1456 τιμὴ,
1251 1385 1386 1437 κατά
1443 1387 1500 1437 τὸ
1558 1383 1764 1456 εὒλογον
1803 1381 1887 1436 ἐπὶ

285 1479 384 1526 τῶν
464 1475 882 1547 χρησιμῶτέρων
938 1474 997 1524 τὸ
1052 1471 1202 1526 πλέον
1287 1471 1404 1537 ἓξει.
1468 1472 1584 1527 Ἐπὶ
1638 1476 1740 1546 γὰρ
1787 1480 1886 1525 τῶν

287 1570 642 1633 πνευματικῶν
716 1559 949 1622 ἀλλήλοις
999 1561 1482 1636 συναρμοζομένων,
1552 1559 1674 1616 οὐδὲ
1718 1563 1746 1621 ἡ
1810 1559 1886 1632 [2)

290 1654 564 1724 σωματική
601 1654 872 1722 συγγένεια
925 1649 1073 1704 πλέον
1126 1670 1179 1704 τι
1207 1654 1344 1704 κατά
1376 1656 1470 1711 τὴν
1503 1650 1708 1724 ἀγάπην
1764 1651 1883 1714 ἔξει.

1990 488 2194 545 nutrit.
2228 486 2637 554 Quamobrem
2665 487 2731 542 ut
2759 483 3008 558 aequalis
3037 483 3369 556 similisque
3385 483 3646 541 charitas

1991 578 2308 652 quibusvis
2351 577 2431 634 ab
2471 576 2759 633 omnibus
2795 578 2882 632 est
2921 573 3249 631 exibenda:
3296 573 3381 631 ita
3426 573 3645 644 honor,

1991 667 2078 722 uti
2097 666 2368 733 addecet,
2401 665 2725 738 unicuique
2757 666 2846 720 est
2871 661 3250 720 tribuendus.
3285 662 3363 734 (5)
3403 663 3468 718 Et
3494 663 3561 718 ut
3582 660 3646 717 in

1990 755 2460 828 nobismetipsis,
2519 753 2692 810 dolor
2752 751 3229 824 uniuscujusque
3297 749 3645 821 aegrotantis

1991 845 2251 902 membri
2289 827 2556 902 similiter
2581 847 2776 900 totum
2807 858 3027 915 corpus
3054 827 3312 910 attingit,
3357 843 3415 896 et
3443 843 3648 897 tamen

1995 940 2135 992 sunt
2175 935 2453 991 membra
2493 933 2612 990 alia
2651 932 2781 989 aliis
2822 930 3250 1004 praestantiora
3283 931 3429 1001 (non
3484 928 3648 986 enim

1991 1025 2214 1098 pariter
2277 1025 2352 1081 de
2393 1023 2566 1080 oculo
2616 1037 2687 1078 ac
2757 1021 2826 1077 de
2864 1020 3038 1092 pedis
3089 1019 3276 1091 digito
3324 1018 3644 1087 afﬁcimur,

1994 1115 2232 1172 etiamsi
2256 1113 2429 1171 dolor
2472 1111 2723 1185 aequalis
2753 1110 2884 1182 sit):
2915 1111 2996 1167 ita
3044 1123 3543 1182 unumquemque
3584 1106 3648 1162 in

1993 1221 2204 1263 omnes
2225 1203 2400 1276 quiin
2433 1205 2728 1259 conventu
2751 1200 3027 1267 vixerint,
3057 1197 3648 1254 commiserationem

1993 1295 2246 1368 quidem
2284 1298 2464 1365 atque
2513 1305 2785 1349 amorem
2844 1303 3054 1361 parem
3095 1287 3410 1344 ostendere
3447 1300 3648 1358 operas

1994 1383 2253 1457 pretium
2274 1385 2388 1446 est;
2423 1379 2532 1436 sed
2561 1384 2787 1441 tamen.
2818 1383 2883 1433 ut
2917 1377 3106 1442 decet,
3138 1376 3210 1432 iis
3248 1375 3354 1448 qui
3381 1375 3647 1430 utiliores

1997 1477 2137 1530 sunt
2201 1471 2397 1542 major
2465 1469 2768 1526 deferetur
2823 1467 3045 1523 honor.
3096 1469 3246 1522 Nam
3291 1465 3353 1520 in
3405 1464 3501 1520 his
3543 1463 3651 1536 qui

1998 1562 2293 1636 spirituali
2332 1560 2677 1618 animorum
2727 1555 3156 1628 conjunctione
3191 1554 3347 1610 inter
3393 1567 3456 1609 se
3512 1554 3653 1608 sunt

1997 1651 2280 1726 copulati,
2311 1666 2435 1708 non
2486 1649 2691 1706 futura
2735 1649 2825 1703 est
2875 1645 3073 1717 major
3120 1643 3357 1700 dilectio
3412 1643 3492 1700 ob
3526 1658 3653 1699 cor-

287 1736 411 1793 οὗδε
467 1741 621 1802 εἴτις
661 1735 881 1812 ἀδελφός
909 1759 1048 1802 τινος
1092 1741 1228 1794 κατά
1260 1742 1433 1815 σάρκα
1482 1745 1580 1808 εἴη,
1614 1745 1644 1800 ἧ
1688 1742 1819 1804 υἱὸς,
1852 1744 1882 1799 ἧ

2010 1743 2266 1817 poralem
2289 1737 2876 1810 consanguinitatem
2901 1753 2913 1791 :
2937 1750 3135 1808 neque
3161 1734 3211 1790 si
3239 1733 3376 1807 quis
3403 1732 3652 1806 quidem

289 1831 545 1904 θυγάτηρ,
622 1828 671 1882 ἰν
745 1828 942 1882 πλείονι
995 1826 1230 1883 διαθέσει
1311 1835 1441 1905 πρὸς
1489 1834 1574 1883 τὸν
1622 1838 1693 1902 τῷ
1753 1834 1887 1901 γένει

286 1923 624 1993 προσήκοντα
660 1921 806 1994 παρὰ
852 1923 967 1979 τοὺς
1014 1917 1200 1981 ἀλλους
1251 1925 1525 1991 γενήσεται
1564 1922 1594 1979 ἠ
1647 1925 1888 1972 κοινωνία

288 2015 380 2060 τοῦ
411 2009 648 2080 αἵματος.
700 2007 758 2060 Ὀ
789 2027 890 2080 γαρ
931 2006 980 2060 ἐν
1009 2011 1212 2083 τούτοις
1265 2016 1327 2080 τῇ
1390 2011 1541 2081 φύσει
1571 2007 1886 2079 ἀκολουθῶν,

289 2103 572 2170 κατηγορεῖ
641 2093 849 2166 ἑαυτοῦ,
920 2097 999 2149 ὅτι
1048 2100 1190 2150 οὔπω
1265 2096 1465 2159 τελείως
1525 2095 1722 2156 ἀπέστη
1779 2104 1886 2160 ’τῆς

291 2189 512 2256 φύσεως,
545 2185 653 2238 ἀλλ’
701 2189 777 2239 ἔτι
815 2186 914 2239 ὑπό
966 2190 1159 2262 σαρκὸς
1201 2183 1501 2240 διοικεῖται.
1540 2195 1624 2259 Τῷ
1685 2185 1742 2241 δὲ
1775 2194 1888 2259 Θεῷ

293 2279 439 2349 ἡμῶν
473 2272 605 2341 δόξα
656 2277 724 2340 είς
752 2279 874 2339 τοὺς
898 2275 1082 2338 αἰῶνας
1103 2284 1201 2330 τῶν
1235 2277 1449 2330 αἰώνων.
1493 2278 1678 2350 Ἀμήν.

742 2494 893 2549 ΠΕΡΙ
934 2497 1426 2549 ΕΛΕΙΙΜΟΣΥΝΗΣ
1438 2538 1449 2552 .

934 2631 1140 2680 ΔΟΓΟΣ
1180 2627 1248 2682 Δ’.

370 2752 419 2804 1.
451 2747 513 2800 Εἰ
543 2747 828 2822 θαυμάζεις
859 2749 936 2821 (3)
965 2750 1030 2801 τά
1059 2753 1336 2822 χρήματα,
1369 2751 1628 2826 ἄνθρωπε,
1663 2748 1758 2806 διὰ
1807 2755 1894 2809 τὴν

295 2833 381 2886 ἀπ’
453 2835 618 2889 αὐτῶν
713 2842 892 2911 τιμὴν,
955 2842 1138 2892 σκόπει
1193 2843 1354 2892 πόσον
1413 2839 1523 2896 ἐστὶ
1563 2844 1688 2916 πρὸς
1739 2837 1897 2904 δόξαν

293 2923 734 3003 λυσιτελέστερον,
811 2931 1009 3003 μυρίων
1089 2924 1296 2982 παίδων
1359 2934 1561 3006 πατέρα
1634 2949 1898 3005 προσαγο-

293 3017 560 3088 ρεύεσθαι,
617 3019 646 3076 ἤ
706 3021 930 3094 μυρίους
987 3027 1254 3095 στατῆρας
1311 3022 1451 3093 ἔχειν
1504 3020 1552 3074 ἐν
1605 3019 1891 3095 βαλαντίῳ.

1996 1848 2322 1904 germanus
2354 1829 2610 1900 alicujus
2635 1827 2819 1883 frater
2850 1825 2944 1894 sit,
2970 1824 3231 1893 ﬁliusve,
3261 1821 3497 1880 autﬁlia
3521 1837 3654 1878 ma-

1991 1923 2188 1994 jorem
2209 1935 2353 1990 erga
2376 1915 2919 1985 consanguineum,
2938 1928 3126 1985 quam
3146 1927 3290 1982 erga
3302 1911 3472 1976 alios,
3488 1925 3654 1967 amo-

1995 2027 2124 2069 rem
2151 2009 2358 2067 afferet
2387 2004 2698 2076 sanguinis
2729 2001 3097 2074 conjunctio.
3131 2000 3242 2066 Qui
3273 1999 3436 2055 enim
3464 1999 3526 2055 in
3557 1997 3653 2054 his

1996 2105 2280 2158 naturam
2330 2096 2617 2169 sequitur,
2663 2093 2714 2149 is
2756 2091 3035 2149 nondum
3071 2107 3107 2147 a
3144 2093 3362 2145 natura
3397 2088 3654 2161 perfecte

1997 2189 2320 2248 recessisse
2347 2184 2742 2253 convincitur,
2764 2181 2872 2238 sed
2898 2181 3233 2237 etiamnum
3254 2194 3292 2235 a
3338 2193 3517 2234 carne
3543 2192 3654 2248 gu-

1998 2278 2260 2346 bernari,
2287 2280 2405 2332 Deo
2435 2277 2638 2331 autem
2666 2275 2876 2329 nostro
2907 2270 2980 2326 sit
2999 2268 3189 2340 gloria
3208 2267 3271 2324 in
3299 2266 3522 2326 secula
3547 2282 3654 2323 sae-

2000 2369 2295 2428 culorum.
2328 2367 2544 2421 Amen.

2369 2488 2547 2563 486
2586 2487 2696 2546 DE
2733 2483 3096 2544 ELEEMOS
3112 2482 3296 2542 YNA.

2649 2621 2880 2679 SERMO
2922 2621 3006 2676 ιν.

2082 2761 2132 2813 t.
2183 2753 2257 2826 (6)
2306 2750 2365 2809 Si
2394 2764 2542 2822 opes
2588 2745 2850 2812 miraris,
2890 2761 2926 2802 ο
2963 2743 3170 2810 homo,
3209 2739 3664 2814 provenientem

2006 2861 2077 2902 ex
2106 2844 2189 2900 eis
2217 2843 2533 2910 honorem,
2568 2835 2886 2892 considera
2913 2835 3142 2905 quanto
3185 2830 3261 2886 sit
3291 2829 3370 2886 ad
3408 2828 3662 2899 gloriam

2007 2929 2467 2998 conducibilius,
2496 2927 2956 2983 innumerorum
2993 2920 3257 2977 ﬁliorum
3285 2923 3519 2992 patrem
3561 2933 3665 2990 ap-

2006 3022 2236 3097 pellari,
2259 3034 2449 3094 quam
2477 3016 2831 3072 innumeros
2858 3013 2922 3068 in
2954 3009 3264 3082 marsupio
3288 3013 3535 3065 stateres
3560 3007 3667 3062 ha-

293 3107 372 3158 Τά
399 3108 490 3178 μὲν
539 3109 640 3183 γὰρ
688 3113 946 3182 χρήματα
997 3094 1331 3180 καταλείψεις
1389 3094 1629 3178 ἐνταῦθα,
1685 3115 1776 3164 καὶ
1824 3115 1895 3186 μὴ

2010 3094 2167 3170 bere.
2203 3114 2353 3167 Nam
2382 3105 2671 3181 pecunias
2702 3102 2951 3175 quidem
2979 3099 3293 3156 relicturus
3335 3097 3433 3153 hic
3475 3112 3538 3151 es
3570 3094 3667 3151 vel

297 3192 631 3269 βουλόμενος·
699 3202 793 3257 τὴν
847 3193 906 3252 δὲ
960 3196 1046 3252 ἐπὶ
1077 3206 1181 3261 τοῖς
1224 3197 1434 3272 ἀγαθοῖς
1464 3204 1636 3276 ἔργοις
1693 3201 1896 3275 φιλοτι-

295 3288 421 3356 μίαν
473 3285 812 3360 ἁποκομίσεις
867 3290 998 3362 πρὸς
1057 3292 1144 3340 τὸν
1210 3294 1496 3363 Δεσπότην,
1555 3292 1676 3344 ὅταν
1731 3288 1898 3364 δῆμος

299 3373 400 3435 ilo;
449 3372 533 3426 ἐπὶ
583 3381 676 3428 τοῦ
727 3383 902 3428 κοινοῦ
963 3383 1154 3450 Κριτοῠ
1184 3381 1517 3453 περιστάντες
1574 3379 1677 3452 (4),
1711 3383 1901 3456 τροφέα

297 3467 387 3515 καὶ
441 3463 706 3536 εὐεργέτην
737 3469 829 3516 καὶ
874 3465 1047 3518 πάντα
1090 3469 1156 3518 τὰ
1201 3475 1263 3526 τῆ
1278 3488 1298 3530 ς
1355 3467 1737 3543 φιλανθρωπίας
1766 3467 1902 3522 ἀπο-

299 3553 526 3606 καλῶσιν
609 3554 857 3628 ὀνόματα.
943 3560 1044 3608 Καὶ
1125 3553 1173 3607 ἐν
1232 3560 1320 3628 μὲν
1385 3561 1677 3634 πανηγύρει
1732 3555 1904 3621 οὐδεὶς

299 3642 537 3696 λυπεῖται
613 3649 891 3718 προέμενος
940 3647 1007 3698 τὰ
1060 3642 1310 3720 παρόντα,
1366 3654 1456 3700 καὶ
1534 3647 1902 3723 ἀντικτὼμενος

298 3735 366 3785 τὰ
430 3729 687 3786 ἐνδέοντα*
757 3733 862 3787 ἀλλ’
918 3736 1120 3811 ὅσῳπερ
1170 3737 1231 3788 ἄν
1289 3736 1558 3802 ἐλάττονος
1608 3748 1766 3813 τιμῆς
1841 3742 1907 3794 τά

299 3821 563 3896 πολύτιμα
636 3828 880 3897 πρίηται,
949 3827 1186 3898 τοσούτῳ
1262 3832 1464 3902 χαίρει,
1544 3831 1609 3890 ὡς
1666 3834 1905 3906 λαμπροῦ

298 3909 442 3963 αὐτῶ
524 3919 617 3964 τοῦ
689 3911 1117 3986 συναλλάγματος
1195 3921 1492 3989 γενομένου,
1543 3923 1610 3970 Σὺ
1661 3916 1720 3972 δὲ
1767 3918 1903 3992 λυπῇ

298 4005 549 4076 χρυσίον,
609 4005 699 4054 καὶ
748 4000 1021 4077 ἀργύριον,
1066 4008 1157 4056 καὶ
1212 4010 1460 4079 κτήματα
1517 4003 1728 4078 διδοὺς,
1762 4027 1911 4061 τουτ-

299 4089 411 4143 ἐστι
461 4090 639 4153 λίθους
690 4096 778 4144 καὶ
826 4100 962 4165 χοῦν
1018 4099 1396 4170 παρεχόμενος,
1452 4099 1534 4150 ἵνα
1589 4103 1760 4172 κτήσῃ
1816 4102 1910 4158 τὴν

298 4185 561 4255 μακαρίαν
595 4184 732 4244 ζωήν
762 4197 775 4248 ;
808 4185 872 4233 Τί
899 4178 958 4234 δὲ
987 4188 1077 4235 καί
1106 4190 1293 4257 χρήσῃ
1328 4194 1400 4257 τῷ
1429 4185 1641 4260 πλούτῳ
1668 4204 1682 4253 ;
1724 4187 1912 4247 ἐσθῆτι

300 4270 637 4344 πολυτιμήτω
714 4270 1008 4346 περιϐαλεῖς
1056 4279 1316 4343 σεαυτόν;
1374 4279 1576 4329 Οὔκουν
1673 4274 1771 4330 δύο
1820 4280 1911 4351 μέν

304 4379 390 4412 σοι
442 4369 632 4432 πηχῶν
684 4366 1001 4431 χιτωνίσκος
1031 4360 1261 4438 ἀρκέσει,
1294 4364 1396 4426 ἑνός
1433 4361 1493 4418 δὲ
1525 4368 1730 4439 ἱματίου
1761 4387 1912 4442 περι-

2008 3203 2261 3266 invitus;
2289 3203 2518 3266 contra,
2540 3197 2782 3267 partam
2803 3190 2882 3248 ob
2902 3190 3068 3247 bona
3088 3203 3274 3260 opera
3294 3184 3548 3257 gloriam
3566 3199 3666 3240 ex-

2007 3289 2280 3367 portabis
2318 3287 2397 3345 ad
2444 3283 2789 3346 Dominum,
2823 3296 2962 3337 cum
3003 3277 3229 3334 scilicet
3269 3276 3668 3333 circumstans

2009 3365 2217 3440 coram
2233 3375 2544 3436 communi
2560 3373 2768 3430 Judice
2784 3369 3047 3445 populus
3069 3367 3290 3437 omnis,
3312 3365 3668 3422 nutritorem

2011 3476 2069 3531 et
2095 3469 2440 3528 beneficum
2467 3464 2812 3535 largitorem
2848 3476 2918 3516 ac
2940 3457 3226 3516 omnibus
3274 3451 3670 3512 humanitatis

2012 3559 2336 3635 appellabit
2367 3553 2735 3613 nominibus.
2772 3552 2846 3624 (7)
2869 3549 3096 3606 Etenim
3124 3547 3185 3603 in
3214 3543 3504 3635 nundinis
3534 3541 3672 3635 qui--

2013 3628 2154 3709 dem
2175 3664 2354 3706 nemo
2381 3645 2543 3702 dolet
2566 3641 2734 3716 quod
2755 3638 3226 3713 profundatquae
3249 3634 3492 3700 adsunt,
3513 3635 3570 3686 et
3589 3628 3674 3685 vi-

2015 3740 2219 3797 cissim
2247 3752 2382 3810 quae
2413 3734 2632 3789 desunt
2663 3731 3008 3800 comparet;
3042 3728 3272 3790 contra,
3315 3736 3438 3792 quo
3480 3717 3674 3773 viliori

2014 3828 2205 3904 pretio
2225 3805 2320 3883 res
2345 3819 2813 3897 pretiosissimas
2830 3813 3190 3881 emerit,hoc
3209 3805 3673 3904 magisjgaudet,

2015 3891 2084 3976 ut
2110 3917 2215 3990 qui
2244 3891 2478 3984 egregie
2499 3909 2836 3979 negotiatus
2865 3903 2957 3960 sit.
2999 3905 3095 3990 Tui
3110 3915 3254 3990 vero
3287 3896 3482 3990 doles,
3509 3891 3678 3990 quod

2019 3980 2237 4065 aurum
2267 3980 2323 4060 et
2354 3980 2670 4070 argentum
2698 3999 2754 4050 et
2799 4009 2946 4066 opes
2972 3989 3198 4058 tradas,
3236 3989 3353 4044 hoc
3393 3989 3502 4054 est,
3527 3980 3679 4055 lapi-

2020 4099 2161 4156 dem
2193 4113 2263 4152 ac
2275 4093 2584 4167 pulverem
2601 4086 2899 4160 praebeas,
2923 4086 2988 4138 ut
3011 4082 3254 4138 beatam
3276 4077 3457 4134 vitam
3475 4072 3678 4146 acqui-

2020 4205 2140 4247 ras.
2178 4162 2295 4244 Sed
2304 4182 2400 4239 cui
2419 4180 2525 4238 tibi
2545 4176 2680 4234 usui
2707 4173 2963 4234 aurum?
2985 4171 3251 4244 pretiosa
3271 4171 3326 4224 te
3345 4170 3511 4223 veste
3526 4162 3679 4220 ami-

2022 4277 2184 4336 cies?
2211 4277 2428 4330 Annon
2449 4271 2710 4326 duorum
2743 4264 3086 4321 cubitorum
3117 4257 3322 4315 tunica
3374 4255 3518 4311 satis
3572 4250 3680 4308 tibi

2021 4365 2219 4432 fuerit,
2250 4367 2307 4419 et
2335 4360 2512 4417 unius
2541 4355 2706 4429 pallii
2735 4352 2991 4409 amictus
3024 4362 3270 4404 omnem
3298 4341 3682 4432 indumento:

305 4447 427 4505 ϐολὴ
460 4454 634 4499 πᾶσαν
686 4457 786 4500 τῶν
845 4447 1148 4522 ἐνδυμάτων
1207 4451 1530 4528 ἐκπληρώσει
1560 4461 1654 4515 τήν
1683 4462 1870 4530 χρείαν
1897 4480 1898 4486 ‘

2022 4473 2158 4514 rum
2203 4427 2624 4510 necessitatem
2670 4440 2977 4515 explebit?
3021 4436 3286 4494 Uterisne
3339 4429 3559 4530 divitiis
3602 4427 3684 4530 ad

307 4533 440 4587 ’Λλλ’
500 4535 569 4596 εἰς
617 4541 810 4610 τροφὴν
863 4545 1182 4613 καταχρήσῃ
1232 4549 1305 4613 τῷ
1351 4541 1600 4616 πλούτῳ;
1640 4547 1710 4606 εἷς
1763 4549 1915 4622 ἄρτος

311 4625 484 4688 ἱκανός
557 4623 940 4699 ἀποπληρῶσαι
996 4632 1249 4703 γαστέρα·
1303 4635 1366 4684 Τί
1444 4629 1530 4685 οὖν
1585 4633 1722 4707 λυπῇ
1773 4652 1787 4703 ;
1850 4638 1916 4699 ὡς

309 4719 447 4776 τίνος
495 4715 900 4790 ὑστερούμενος;
960 4717 1124 4781 Δόξης
1200 4728 1294 4783 τῆς
1352 4719 1452 4775 ἀπό
1509 4732 1602 4776 τοῦ
1648 4725 1913 4798 πλούτου;

312 4803 417 4857 ἀλλ’
451 4804 535 4857 ἰὰν
567 4809 638 4879 μὴ
667 4811 846 4879 χαμαὶ
900 4806 1137 4882 ζητήσῃς
1169 4814 1262 4868 τὴν
1309 4807 1490 4883 δόξαν,
1548 4814 1784 4890 εὑρήσεις
1824 4822 1916 4876 την

312 4893 560 4954 ἀληθινὴν
591 4898 681 4948 καὶ
722 4895 985 4969 λαμπρὰν,
1017 4899 1356 4971 προάγουσάν
1391 4895 1448 4954 σε
1483 4902 1557 4967 εἰς
1607 4909 1704 4964 τὴν
1752 4905 1917 4979 βασι-

309 4984 448 5038 λείαν
502 4993 604 5051 τῶν
655 4985 904 5059 οὐρανῶν.
971 4990 1381 5063 Σκορπιζόμενος
1431 4995 1532 5068 γὰρ
1598 4995 1622 5046 6
1675 4995 1917 5068 πλοῦτος,

310 5075 432 5129 καθ’
487 5075 540 5128 ὅν
594 5075 620 5127 ό
654 5077 839 5148 Κύριος
895 5075 1201 5132 ὑποτίθεται
1256 5084 1470 5155 τρόπον,
1527 5088 1720 5156 πέφυκε
1743 5106 1920 5162 παρα-

384 5201 464 5273 (t)
491 5202 727 5274 Περίτον
755 5198 1016 5274 ὀφθαλμόν
1045 5207 1158 5262 καί,
1216 5205 1351 5262 Hzec
1395 5206 1605 5268 addita
1655 5225 1731 5268 ex
1782 5227 1923 5272 con-

312 5271 479 5332 textu
508 5271 571 5344 et
590 5271 799 5344 codice
830 5271 1034 5344 Regio,

387 5346 465 5412 (2;
497 5339 638 5396 Οὐδὲ
657 5344 711 5402 ἡ.
739 5343 902 5400 Idem
919 5339 1122 5402 'codex
1152 5343 1303 5401 οὐδὲν
1331 5349 1385 5408 ἡ.

388 5415 466 5497 φ)
584 5417 886 5501 ροενμεέζεις.
925 5417 1246 5501 Legitur-ri
1301 5422 1604 5501 θαυμάζεις,
1645 5429 1800 5501 quid
1821 5431 1924 5488 ade

318 5487 564 5569 miraris
587 5487 694 5569 ?.in
710 5487 954 5569 duobus
985 5489 1297 5569 codicibus
1323 5487 1538 5569 Regiis,
1553 5487 1922 5569 quibuscum

319 5555 783 5690 gfigcgoznciones
808 5559 1191 5624 contulimus.
1227 5565 1375 5625 Sunt
1395 5555 1460 5626 Ei
1493 5555 1731 5632 codices
1763 5555 1922 5633 litt—0

2021 4546 2242 4604 lautius
2270 4537 2598 4598 vivendum
2629 4535 2656 4591 ?
2685 4535 2905 4588 Verum
2935 4527 3111 4602 panis
3137 4540 3294 4580 unus
3326 4517 3680 4577 exsatiando

2023 4633 2215 4694 ventri
2243 4628 2480 4688 suﬂicit.
2537 4623 2692 4692 Quid
2736 4621 2916 4691 igitur
2961 4614 3196 4673 tristitia
3231 4608 3534 4669 afﬁceris?
3578 4607 3686 4662 Cu-

2019 4726 2269 4798 jusnam
2306 4719 2391 4776 rei
2420 4715 2608 4773 fecisti
2628 4714 2930 4785 jacturam
2947 4708 2974 4763 ?
2997 4710 3086 4762 An
3111 4701 3314 4774 gloriae
3335 4715 3469 4772 quae
3497 4713 3570 4797 ex
3599 4694 3686 4796 di-

2026 4795 2182 4873 vitiis
2207 4811 2393 4869 oritur
2413 4808 2440 4863 ‘I
2467 4810 2538 4862 At
2587 4805 2636 4859 si
2665 4799 2837 4858 humi
2870 4795 3126 4867 gloriam
3176 4807 3301 4848 non
3350 4795 3683 4861 quaesieris,

2026 4919 2236 4963 veram
2262 4900 2430 4956 illam
2458 4912 2528 4953 ac
2542 4888 2949 4966 splendidam,
2968 4900 3104 4958 quae
3127 4886 3182 4939 te
3207 4881 3269 4937 in
3284 4894 3542 4952 regnum
3574 4892 3690 4932 cce-

2027 4995 2227 5052 lorum
2257 4986 2515 5046 deducet
2541 4980 2836 5052 invenies.
2869 4975 2946 5047 (8)
2969 4974 3262 5046 Dispersae
3285 4969 3446 5026 enim
3478 4980 3689 5022 secun-

2030 5086 2179 5143 dum
2202 5076 2440 5139 Domini
2481 5071 2784 5132 monitum
2815 5064 3038 5123 divitias
3086 5060 3278 5118 solent
3312 5069 3690 5131 permanere,

2103 5209 2179 5281 (4)
2243 5201 2610 5278 Περιστάντες.
2674 5192 2915 5265 Legitur
2961 5188 3024 5246 in
3075 5187 3360 5245 contextu
3413 5179 3693 5255 mpta'rdv-

2031 5299 2296 5421 τεὶἔῗἘχ
2327 5337 2817 5421 serm._asc_etico‘,
2853 5336 2977 5390 325.

2106 5397 2184 5494 ié)’
2214 5397 2296 5477 EE
2325 5397 2586 5494 illia—1.1a
2610 5397 2984 5494 inmissa,
3011 5403 3356 5471 Destruam,
3383 5397 3474 5453 45.

2211 5497 2297 5571 li};
2323 5492 2505 5571 honr.
2533 5489 2605 5566 in,
2626 5482 2877 5551 Divitet,
2913 5480 2998 5534 52.

2105 5563 2185 5641 ('8)
2215 5563 2391 5635 Ibid.,
2423 5565 2511 5620 53.
