4146 6366
508 262 644 320 H55

1515 240 1882 303 APPENDIX.
1923 269 1991 282 --
2031 232 2384 296 SYMEONIS
2421 233 2942 294 IETAPHRASTAE

3731 231 3884 300 1156

503 384 727 440 clausae
758 381 962 438 autem
985 375 1255 436 alienari.
1288 374 1347 431 Si
1370 370 1692 435 custodies,
1725 383 1851 424 non
1870 363 2154 434 habebis;

2281 366 2460 434 μένεινσ
2522 361 2869 431 συνεχόμενος
2909 353 2990 427 δὲ,
3051 357 3475 432 ἀλλοτριοῦσθαι.
3537 357 3658 413 Ἐὰν
3688 356 3891 429 ρυλασ-

511 471 564 527 si
587 469 926 542 dispergas,
964 481 1089 522 non
1131 463 1392 519 amittes.
1437 459 1731 528 Dispersit
1761 455 1943 520 enim,
1994 452 2159 508 dedit

508 557 900 632 pauperibus,
935 553 1181 625 justitia
1218 555 1348 623 ejus
1384 555 1584 606 manet
1631 548 1693 602 in
1742 545 2028 602 saeculum
2058 557 2162 597 sa:-

511 631 636 708 euh'
665 650 733 705 ιε.
767 647 841 718 (1)
873 647 1067 711 Quare
1096 642 1318 698 debent
1347 639 1453 712 qui
1497 636 1824 711 prudenter
1865 631 2163 705 judicent,

511 753 694 795 usum
722 734 1069 792 divitiarum
1119 730 1199 787 ad
1241 725 1761 801 dispensationem
1806 735 2164 778 concessum

511 825 871 891 existimare,
897 837 1021 879 non
1061 820 1142 877 ad
1171 815 1634 892 perfruendum:
1667 817 1725 870 et
1751 813 1844 869 his
1872 809 2167 883 depositis

509 915 720 983 laetari,
751 916 818 969 ut
838 911 916 968 ab
942 909 1152 968 alienis
1173 906 1408 976 remoti,
1429 920 1554 962 non
1580 918 1738 973 aegre
1761 901 1936 968 ferre,
1953 904 2019 956 ut
2038 899 2166 954 suis

511 1001 748 1076 privati.
780 999 932 1067 Quid
955 997 1134 1068 igitur
1159 995 1443 1052 afﬂictare
1465 993 1492 1048 ?
1519 991 1668 1065 quid
1698 989 1904 1046 animo
1938 989 2167 1044 discru-

511 1093 670 1150 ciare
696 1105 834 1145 cum
851 1087 1059 1146 audis:
1098 1085 1288 1142 Vende
1316 1098 1449 1154 quae
1471 1081 1670 1147 habes,
1694 1086 1749 1136 et
1771 1079 1851 1135 da
1874 1077 2167 1148 pauperi-

514 1181 619 1237 bus
649 1181 690 1215 ⁴⁷
711 1179 739 1235 ?
761 1175 991 1234 Etenim
1018 1175 1067 1230 si
1097 1178 1151 1230 te
1180 1175 1576 1245 sequerentur
1595 1168 1658 1226 in
1683 1167 1952 1224 futurum
1981 1179 2167 1220 saacu~

509 1270 659 1338 lum,
689 1284 767 1324 ne
796 1266 879 1322 sic
904 1263 1153 1338 quidem
1183 1265 1386 1320 essent
1414 1258 1744 1316 studiosius
1772 1253 2164 1328 exquirenda,

509 1361 716 1430 utpote
749 1371 888 1428 quae
918 1370 955 1410 a
982 1352 1246 1426 praemiis
1274 1349 1392 1406 illic
1427 1347 1705 1421 repositis
1735 1345 2164 1401 obscurentur:

511 1447 604 1503 sin
633 1449 837 1502 autem
871 1457 1151 1500 necessse
1174 1445 1262 1496 est
1290 1454 1364 1495 ea
1391 1438 1490 1492 hic
1519 1451 1786 1502 manere,
1813 1449 1919 1490 cur
1948 1448 2071 1488 non
2097 1447 2170 1486 ex

507 1535 606 1594 his
626 1532 950 1591 divenditis
979 1531 1217 1586 lucrum
1271 1525 1706 1599 exportamus?
1763 1525 1842 1594 (2)
1881 1520 2170 1593 Quisquis

512 1624 677 1680 enim
711 1621 872 1680 male
901 1619 1026 1676 suis
1056 1619 1236 1674 rebus
1274 1617 1479 1683 utitur,
1513 1611 1876 1668 miserabilis
1906 1613 2016 1674 est,
2047 1623 2173 1664 non

2275 471 2396 524 σης,
2451 450 2557 521 οὐχ
2596 448 2725 510 ἔξεις
2927 445 3010 499 ἐὰν
3072 449 3386 522 σκορπίζῃς,
3453 447 3549 500 οὐκ
3590 444 3886 508 ἀπολέσειε.

2273 540 2634 612 Ἐσκόρπισεν,
2722 533 2884 588 ἔδωκε
2968 543 3072 598 τοῖς
3148 541 3387 600 πένησιν,
3464 538 3494 601 ἡ
3566 531 3886 592 δικαιοσύνη

2271 629 2432 683 αὑτοῦ
2517 631 2655 700 μένει
2733 626 2806 686 εἰς
2880 627 2968 677 τὸν
3046 626 3209 678 αἰῶνα
3274 634 3368 678 τοῦ
3447 625 3657 685 αἰῶνος.
3714 623 3885 676 Ὠστε

2273 719 2624 790 οἰκονομικὴν,
2657 721 2748 768 τοῦ
2778 714 3005 768 πλούτου
3057 720 3146 774 τὴν
3185 725 3408 790 χρῆσιν,
3443 713 3550 765 ἀλλ’
3609 713 3701 766 οὐκ
3759 711 3886 770 ἁπο-

2273 809 2585 875 λανστικην,
2663 807 2787 865 τοὺς
2862 809 3134 879 σωφρόνως
3195 805 3566 876 λογιζομένους
3649 802 3885 874 νομίζειν

2273 904 2528 970 προσῆκε,
2577 899 2691 956 καὶ,
2746 892 3146 965 ἀποτιθεμένους
3195 898 3426 966 χαίρειν,
3484 889 3884 964 ὼςξόιλλοτρίων

2275 984 2689 1058 χωριζομένους,
2723 980 2832 1033 ἀλλ’
2859 980 2987 1053 οὐχὶ
3034 978 3428 1056 δυσχεραίνειν,
3453 983 3517 1040 ὡς
3551 987 3652 1032 τῶν
3683 980 3884 1032 οἰκείων

2275 1077 2640 1134 ἓκπίπτοντας.
2670 1076 2734 1124 Τί
2764 1067 2850 1122 οὖν
2880 1069 3049 1142 limi;
3103 1075 3155 1122 τί
3212 1071 3552 1130 καταπωθεῖς
3585 1077 3650 1142 τῇ
3700 1068 3883 1142 ψυχῇ,

2277 1162 2496 1216 ἀκούων
2576 1160 2824 1218 Πώλησόν
2905 1179 3000 1212 σου
3075 1161 3142 1212 τὰ
3223 1160 3570 1230 ὑπάρχοπτα,
3621 1162 3712 1210 καὶ
3795 1153 3882 1217 δός

2279 1259 2540 1323 πτωχοῖςς
2599 1253 2656 1302 Εἰ
2686 1251 2902 1324 μὲνγὰρ
2947 1247 3223 1307 ἠκολούθει
3264 1267 3349 1301 σοι
3392 1251 3522 1323 πρὸς
3578 1250 3637 1300 τὸ
3687 1245 3875 1319 μέλλον,

2279 1339 2394 1394 οὐδ’
2449 1339 2608 1400 οὑτως
2635 1340 2696 1390 ἄν
2737 1336 2797 1396 ἦν
2850 1333 3314 1410 περισπούδαστα,
3365 1337 3467 1390 ὑπὸ
3520 1345 3621 1388 τῶν
3671 1336 3772 1388 ἐκεῖ
3807 1355 3882 1386 τι-

2279 1435 2412 1504 μέων
2460 1428 2888 1500 ἐπισκοτούμενον
2951 1426 2994 1480 εἰ
3053 1424 3112 1480 δε
3171 1425 3371 1498 ἀνάγκη
3433 1429 3601 1500 μένειν
3645 1425 3888 1495 ἐνταῦθα,

2278 1525 2328 1573 τί
2359 1524 2430 1592 μὴ
2482 1517 2832 1583 πλωήσαντες,
2876 1520 2934 1569 τὸ
2993 1515 3085 1568 ἀπ’
3133 1515 3303 1568 αὐτῶν
3356 1511 3545 1588 κέρδος
3590 1513 3880 1586 ἀπενέγκω-

2282 1611 2448 1681 μεθας
2513 1607 2572 1659 Ὀ
2635 1609 2725 1679 μὶν
2799 1607 2901 1679 γὰρ
2959 1613 3132 1667 κακῶς
3183 1611 3295 1666 τςῖς
3339 1600 3462 1657 οὖσι
3509 1606 3879 1676 κεκορημένος,

511 1711 682 1770 aliter
709 1723 900 1783 quam
920 1707 1026 1780 qui
1044 1709 1291 1777 accepto
1309 1703 1387 1760 ad
1412 1703 1615 1758 hostes
1638 1698 2016 1756 ulciscendos
2047 1695 2171 1768 gia-

2284 1697 2512 1765 ἕλεεινὸς,
2557 1699 2624 1758 ὡς
2668 1697 2693 1746 ό
2751 1702 2822 1765 τῷ
2875 1695 3007 1768 ξίφει
3064 1696 3091 1747 ὅ
3139 1693 3289 1748 ἔλαϐε
3314 1697 3443 1768 πρὸς
3489 1697 3579 1752 τήν
3606 1700 3705 1744 τῶν
3731 1691 3883 1744 πολε-

511 1800 616 1857 dio
637 1797 1027 1869 semetipsum
1057 1795 1253 1850 libens
1282 1791 1531 1848 sauciat.
1559 1792 1670 1855 Qui
1701 1795 1903 1845 autem
1932 1786 2088 1843 bene
2118 1792 2176 1846 et

515 1887 852 1945 secundum
867 1888 1094 1940 rectam
1107 1882 1403 1938 rationem
1428 1895 1524 1934 res
1549 1894 1690 1934 suas
1713 1881 1948 1944 tractat,
1971 1892 2042 1933 ac
2058 1875 2176 1931 dis-

514 1980 802 2050 pensator
839 1977 927 2029 est
947 1973 1251 2028 bonorum
1283 1986 1321 2025 a
1361 1972 1477 2024 Deo
1505 1967 1810 2037 datorum,
1842 1982 1952 2022 nec
1983 1981 2076 2032 ea,
2109 1969 2172 2021 ut

512 2067 643 2139 ipse
673 2063 1038 2137 perfruatur,
1079 2058 1367 2130 congerit,
1409 2057 1589 2115 laude
1619 2062 1677 2114 et
1714 2071 1922 2113 amore
1952 2054 2172 2125 dignus

513 2160 604 2212 est
631 2154 712 2211 ob
742 2152 1124 2210 dilectionem
1155 2149 1217 2205 in
1238 2148 1450 2205 fratres
1476 2163 1548 2204 ac
1571 2145 1882 2204 liberalem
1911 2150 1968 2200 et
1992 2145 2172 2201 bene-

513 2246 697 2302 ﬁcam
722 2240 1011 2300 indolem.

585 2427 640 2479 2.
664 2421 743 2494 (3)
763 2418 966 2475 Videte
985 2414 1511 2491 quemadmodum
1537 2413 1862 2470 multitudo
1891 2417 2174 2486 peccato-

514 2527 652 2570 rum
671 2514 1014 2566 nostrorum
1045 2509 1104 2563 et
1125 2505 1267 2562 anni
1299 2507 1688 2576 tempestates
1713 2519 1749 2560 a
1775 2519 1886 2560 sua
1903 2503 2174 2576 ipsarum

513 2603 733 2658 natura
751 2596 1089 2666 abduxerit,
1119 2599 1177 2652 et
1191 2600 1536 2666 temporum
1556 2592 1784 2649 formas
1811 2595 2175 2648 transmuta-

514 2688 662 2746 verit
688 2687 750 2744 in
777 2686 1009 2743 alienas
1047 2687 1512 2757 temperaturas.
1552 2682 1624 2753 (4)
1654 2682 1868 2738 Omnia
1893 2680 2052 2738 enim
2083 2680 2171 2736 in-

516 2777 690 2836 solito
711 2775 896 2832 modo
908 2773 1194 2830 terminos
1211 2770 1530 2829 creationis
1544 2768 1717 2844 687
1738 2769 2176 2841 transgredien-

515 2869 597 2924 tia
621 2883 692 2924 ac
735 2863 894 2938 male
941 2863 1020 2921 ad
1062 2866 1333 2919 nostram
1376 2860 1790 2933 conspirantia
1821 2859 2171 2932 perniciem,

516 2972 556 3014 a
580 2956 746 3012 victu
774 2959 831 3010 et
855 2954 980 3009 vita
1009 2950 1294 3008 mortales
1325 2950 1604 3020 abigunt.
1644 2951 1786 3015 Quae
1815 2964 1958 3020 ergo
1989 2964 2175 3005 causa

2283 1793 2413 1861 μίων
2478 1788 2698 1858 ἄμυναν,
2756 1786 2923 1854 τούτῳ
2986 1783 3240 1846 ἑκουσίως
3299 1782 3482 1836 ἑαυτὸν
3550 1786 3890 1854 κατατιτρώ-

2286 1897 2442 1930 σκων·
2463 1877 2489 1927 ό
2530 1871 2588 1927 δὲ
2614 1872 2790 1944 ίκαλῶς
2833 1878 2922 1924 καὶ
2952 1893 3090 1925 κατα
3125 1875 3212 1924 τὸν
3254 1871 3405 1947 ὀρθὸν
3453 1871 3600 1942 λόγον
3629 1871 3695 1922 τὰ
3722 1887 3891 1942 προσ-

2282 1972 2406 2020 όντα
2468 1963 2870 2039 μεταχειρίζων,
2929 1967 3020 2016 καὶ
3083 1962 3352 2034 οἰκονόμος
3420 1969 3519 2013 τῶν
3586 1963 3731 2035 παρὰ
3794 1964 3890 2012 τοῦ

2283 2063 2417 2111 Θεοῦ
2450 2051 2739 2126 δεδομένων
2765 2056 3050 2126 γινόμενος,
3098 2057 3170 2124 μὴ
3228 2051 3356 2122 οὐχὶ
3385 2053 3514 2124 πρός
3569 2045 3716 2102 ἰδίαν
3763 2047 3892 2102 ἀπό-

2280 2145 2466 2198 λαυσιν
2513 2142 2874 2217 θησαυρίζων,
2929 2140 3256 2194 ἐπαινεῖσθαι
3309 2145 3400 2193 καὶ
3453 2138 3769 2211 ἀγαπᾶσθαι
3802 2135 3890 2192 δί-

2281 2240 2431 2296 καιός
2472 2233 2606 2299 ἐστι,
2665 2228 2760 2284 διὰ
2811 2235 2869 2283 τὸ
2935 2227 3243 2303 φιλάδελφον
3295 2235 3385 2283 καὶ
3433 2233 3736 2282 κοινωνικόν
3788 2235 3882 2282 τοῦ

2283 2330 2503 2398 τρόπον.

2354 2413 2633 2486 2.”Ορᾶτε,
2687 2412 2758 2473 ὡς
2788 2413 2845 2462 τὸ
2875 2409 3073 2472 πλῆθος
3120 2417 3219 2462 τῶν
3263 2411 3526 2485 ἡμετέρων
3569 2408 3890 2484 ἁμαρτημά-

2281 2523 2382 2555 των
2413 2507 2503 2554 καὶ
2529 2504 2622 2563 τὰς
2661 2502 2802 2573 ὠρας
2830 2508 2927 2552 τῶν
2987 2497 3191 2551 οἰκείων
3243 2497 3470 2570 ἐξήγαγε
3523 2501 3738 2570 φύσεων,
3794 2502 3886 2548 καὶ

2281 2599 2384 2643 τῶν
2437 2598 2630 2664 καιρῶν
2682 2593 2777 2652 τὰς
2856 2585 2995 2649 ἰδέας
3052 2587 3124 2650 εἰς
3194 2586 3504 2649 ἆλλοκότους
3555 2588 3756 2660 κράσεις
3799 2581 3884 2636 δι-

2283 2679 2492 2752 ήμειψε.
2537 2681 2715 2732 Πάντα
2762 2679 2864 2751 γάρ
2894 2685 3084 2738 καινῶς
3127 2677 3209 2747 (8)
3253 2675 3552 2749 ὑπερϐάντα
3579 2677 3693 2736 τούς
3735 2673 3889 2746 ὅρους

2282 2776 2378 2830 τῆς
2429 2773 2671 2833 κτίσεως,
2711 2771 2801 2819 καὶ
2856 2773 3032 2826 κακῶς
3069 2766 3135 2827 εἰς
3187 2770 3282 2823 τὴν
3340 2764 3460 2817 καθ’
3499 2766 3645 2837 ἡμῶν
3680 2779 3893 2835 συμφω-

2283 2864 2517 2916 νήσαντα
2564 2855 2788 2930 βλάϐην,
2859 2863 2949 2909 τοῦ
3010 2855 3133 2930 βίου
3186 2860 3276 2908 καὶ
3332 2863 3427 2918 τῆς
3478 2855 3619 2917 ζωῆς
3661 2857 3776 2914 τοὺς
3806 2851 3892 2904 ἆν-

2285 2951 2523 3022 θρώπονς
2596 2944 2889 3002 ἐλαύνουσι.
2957 2951 3044 3007 Τίς
3097 2943 3184 2998 οὖν
3243 2953 3338 3008 τῆς
3384 2944 3603 3007 ἀταξίας
3640 2947 3729 2996 καὶ
3796 2950 3896 3002 τῆς

516 3049 605 3102 est
631 3041 1092 3100 inordinationis
1106 3039 1288 3111 hujus
1313 3043 1493 3111 atque
1519 3037 1933 3095 confusionis?
1964 3039 2041 3112 (5)
2066 3037 2169 3094 Ni-

2285 3041 2603 3111 συγχύσεως
2630 3037 2661 3095 ἡ
2697 3036 2843 3089 αἰτία
2875 3053 2889 3102 ;
2949 3035 3073 3088 Ὀτι
3110 3033 3457 3108 λαμϐάνοντες
3494 3036 3668 3106 ἡμεῖς,
3717 3031 3896 3094 ἄλλοις

519 3133 741 3189 mirum
769 3131 914 3205 quia
943 3144 1084 3186 cum
1106 3127 1542 3200 acceperimus,
1576 3125 1707 3182 aliis
1740 3141 1866 3182 non
1905 3125 2172 3198 imperti-

515 3239 674 3292 mus,
691 3219 1017 3278 laudamus
1038 3216 1528 3284 beneﬁcentiam,
1554 3219 1611 3272 et
1625 3215 1839 3273 eadem
1859 3215 2172 3288 privamus

515 3327 760 3382 egenos.
812 3308 1004 3367 Liberi
1054 3323 1128 3364 ex
1172 3307 1361 3362 servis
1405 3305 1565 3372 facti,
1595 3321 2027 3364 conservorum
2048 3319 2174 3360 non

515 3401 899 3464 miseremur;
927 3395 1256 3453 esurientes
1275 3393 1596 3465 nutrimur,
1624 3398 1969 3464 etegentem
1991 3392 2174 3463 negli-

517 3488 736 3558 gimus.
754 3485 1002 3542 Divitem
1015 3482 1291 3539 datorem
1303 3497 1373 3538 ac
1385 3497 1670 3554 promum
1687 3480 1983 3538 habentes
2003 3480 2174 3554 parci

516 3574 710 3634 effecti
737 3589 967 3643 sumus,
996 3570 1264 3642 nihilque
1291 3585 1432 3626 cum
1452 3569 1824 3642 pauperibus
1840 3569 2176 3626 communi-

517 3679 747 3721 camus.
795 3663 948 3719 Oves
993 3663 1217 3716 nostra
1268 3657 1586 3716 abundant
1613 3659 1852 3724 fetibus,
1886 3662 1944 3716 et
1981 3658 2177 3729 major

514 3752 821 3809 nudorum
832 3764 1123 3806 numerus
1137 3763 1328 3822 quam
1359 3747 1588 3804 ovium.
1612 3749 1833 3806 Horrea
1855 3747 1934 3803 ob
1954 3747 2178 3820 reposi-

518 3845 715 3898 tarum
745 3840 990 3911 frugum
1011 3837 1253 3911 copiam
1280 3837 1344 3894 in
1369 3841 1698 3908 angustum
1717 3841 2036 3908 coguntur,
2063 3852 2177 3892 nec

516 3935 725 3988 tamen
752 3929 1039 3996 hominis,
1079 3927 1185 4000 qui
1215 3926 1513 3996 angustiis
1543 3932 1809 3998 urgetur,
1855 3926 2174 3983 commise-

515 4019 833 4074 rescimus.
879 4017 956 4088 (6)
1011 4019 1244 4088 Pauper
1271 4030 1335 4070 es
1356 4015 1385 4072 ?
1422 4013 1582 4070 Alter
1621 4017 1709 4071 est
1743 4019 1798 4071 te
1827 4016 2174 4088 pauperior.

515 4107 666 4162 Sunt
693 4103 796 4161 tibi
817 4103 1045 4160 cibaria
1074 4102 1311 4159 dierum
1336 4101 1548 4158 decem
1574 4121 1588 4172 ;
1610 4103 1714 4172 illi,
1744 4104 1950 4161 unius.
1998 4105 2175 4170 Quod

515 4195 623 4252 tibi
648 4197 938 4268 superest,
967 4207 1038 4248 ac
1065 4191 1387 4260 redundat,
1409 4191 1471 4247 id
1491 4195 1555 4248 tu
1581 4207 1690 4248 ceu
1720 4193 1919 4250 bonus
1948 4209 2019 4250 ac
2046 4208 2177 4265 gra-

514 4289 611 4342 tus
641 4301 715 4340 ex
753 4299 930 4357 aequo
962 4297 1102 4338 cum
1132 4285 1344 4353 egente
1373 4281 1679 4353 'partiaris.
1706 4285 1786 4339 Ne
1816 4282 2062 4340 dubites
2101 4299 2176 4339 ex

2282 3127 2342 3180 ον)
2370 3130 2696 3202 παρέχομεν
2728 3131 2823 3184 τὴν
2891 3124 3191 3200 εὐεργεσίαν
3241 3123 3567 3196 ἐπαινοῦμεν,
3628 3127 3719 3174 καὶ
3770 3123 3898 3173 ταύ-

2282 3237 2374 3279 της
2444 3215 2826 3290 ἀποστεροῦμεν
2901 3219 3020 3274 τοὺς
3107 3210 3403 3287 δεομένους.
3506 3211 3686 3266 Δοῦλοι
3759 3214 3944 3270 ὄντες

2282 3306 2700 3381 ἕλευθερούμεθα,
2785 3310 2876 3357 καὶ
2965 3299 3281 3376 ὁμοδούλους
3360 3303 3456 3355 οὐκ
3542 3302 3882 3376 οἰκτείρομεν⁸

2282 3404 2550 3456 πεινῶντες
2595 3395 2917 3468 τρεφόμεθα,
2967 3398 3057 3446 καὶ
3124 3397 3209 3446 τὸν
3267 3387 3411 3451 ἔδδεῆ
3469 3395 3892 3465 παρατρέχομεν.

2285 3481 2523 3543 Ἀνενδεῆ
2558 3487 2797 3557 χορηγόν
2826 3488 2916 3534 καὶ
2967 3487 3156 3555 ταμίαν
3201 3483 3430 3554 ἔχοντες,
3489 3476 3729 3550 φειδωλοὶ
3782 3479 3895 3549 ἐγε-

2284 3577 2478 3646 νόμεθα
2529 3577 2620 3626 καί
2697 3571 3037 3630 ἀκοινώνητοι
3089 3575 3219 3647 πρὸς
3277 3574 3395 3630 τοὺς
3438 3572 3681 3631 πένητας
3737 3566 3900 3620 πολύ-

2284 3683 2414 3716 τοκα
2443 3665 2588 3735 ἡμῶν
2636 3665 2704 3714 τά
2755 3660 3017 3736 πρόϐατα,
3075 3666 3165 3713 καὶ
3203 3661 3253 3712 οὶ
3299 3664 3491 3732 γυμνοί
3547 3667 3647 3709 τῶν
3695 3655 3900 3732 προδοξ-

2285 3771 2385 3804 των
2436 3751 2658 3812 πλείους.
2703 3753 2766 3804 Αἰ
2825 3748 3092 3809 ἀποθῆκαι
3157 3757 3228 3820 τῷ
3289 3748 3474 3807 πλήθει
3537 3755 3636 3799 τῶν
3683 3745 3898 3798 ἀποκει-

2286 3845 2447 3913 μένων
2473 3847 2789 3904 στενοῦνται,
2817 3844 2908 3892 καὶ
2956 3843 3044 3891 τὸν
3103 3837 3436 3911 ἐστενωμένον
3484 3837 3580 3890 οὐκ
3636 3833 3895 3909 ἐλεοῦμεν.

2288 3934 2452 3992 Πένης
2495 3929 2568 3998 ei;
2624 3927 2726 3981 ἀλλ’
2776 3928 2930 3981 ἄλλου
2983 3927 3126 4000 ἒχεις
3165 3929 3370 3989 πάντως
3426 3930 3742 3996 πενέστερον,
3779 3929 3900 3977 ιΣοὶ

2288 4017 2418 4072 δέκα
2456 4021 2660 4092 ἡμερῶν
2707 4020 2775 4070 τὰ
2825 4022 2989 4084 σιτία,
3047 4016 3222 4069 ἐκείνω
3276 4020 3418 4088 μιᾶς.
3458 4015 3544 4076 Ὠς
3597 4014 3754 4075 καλός
3800 4019 3900 4066 καὶ

2287 4108 2561 4181 εὐγνώμων
2587 4107 2686 4180 (9),
2726 4112 2785 4159 τὸ
2836 4111 2924 4159 σόν
2979 4108 3220 4179 περιττὸν
3263 4104 3590 4157 ἐπανίσωσον
3622 4108 3753 4178 πρὸς
3803 4107 3899 4156 τόν

2288 4192 2459 4255 ἐνδεῆ.
2513 4200 2600 4254 Μὴ
2661 4195 2894 4268 ὀκνήσῃς
2939 4194 2992 4246 ἐκ
3032 4201 3125 4246 τοῦ
3185 4191 3362 4266 ὀλίγου
3426 4189 3630 4245 δοῦναι·
3663 4196 3736 4264 μὴ
3773 4210 3902 4266 προ-

2287 4290 2522 4359 τιμήσῃς
2579 4287 2638 4336 τό
2715 4287 2805 4337 σὸν
2847 4288 3107 4358 συμφέρον
3156 4281 3210 4335 ἐκ
3274 4290 3366 4334 τοῦ
3405 4289 3579 4334 κοινοῦ
3622 4276 3898 4334 κινδύνου.

516 4373 757 4431 modico
769 4371 934 4428 dare:
950 4386 1027 4428 ne
1039 4370 1434 4428 commodum
1449 4376 1621 4426 tuum
1643 4372 1914 4443 periculo
1929 4371 2171 4444 publico

2292 4373 2398 4428 Κᾶν
2447 4379 2515 4434 εἰς
2560 4373 2646 4426 ἓνα
2688 4375 2841 4447 οῖρτον
2893 4379 3112 4450 περιστῇ
3146 4373 3176 4431 ἠ
3224 4375 3411 4445 τροφὴ,
3454 4369 3640 4442 ὄπιστῇ
3691 4366 3751 4422 δὲ
3781 4370 3902 4442 (10)

517 4465 873 4536 anteponas.
908 4459 1084 4527 Quod
1115 4460 1166 4515 si
1177 4459 1257 4515 ad
1269 4474 1460 4516 unum
1473 4474 1694 4532 panem
1709 4461 1990 4517 redactus
2004 4460 2172 4519 ciba-

513 4555 614 4609 tus
639 4552 972 4624 sit,stetque
984 4566 1094 4624 pro
1109 4548 1339 4606 foribus
1362 4549 1963 4621 mendicus,promito
1983 4567 2056 4608 ex
2073 4567 2175 4624 pe-

514 4657 600 4698 nu
611 4641 779 4698 illum
790 4657 1005 4709 unum,
1019 4656 1204 4713 quem
1215 4640 1535 4711 imponens
1546 4638 1851 4711 manibus,
1865 4647 1922 4697 et
1932 4642 2175 4699 intuens

515 4730 578 4787 in
590 4730 831 4802 caelum,
845 4727 1251 4786 miserabilem
1263 4727 1422 4784 hanc
1439 4727 1620 4784 simul
1634 4733 1696 4785 et
1711 4734 1945 4799 gratam
1961 4745 2174 4788 vocem

587 4927 634 4965 “
657 4925 812 4984 Psal.
843 4940 954 4994 cxi,
988 4924 1044 4982 9.
1121 4926 1164 4960 ⁵⁷
1198 4923 1402 4982 Matth.
1436 4940 1547 4996 xix,
1579 4927 1670 4982 21.

586 5090 663 5156 (1)
687 5087 771 5143 Ex
796 5084 964 5143 hom.
994 5087 1060 5143 in
1080 5085 1317 5157 divites,
1346 5089 1435 5142 54.

583 5159 666 5231 (2)
706 5160 790 5214 Ex
802 5158 984 5231 _hom.
1015 5158 1090 5231 de
1106 5156 1357 5231 invidia
1384 5160 1474 5231 96.

609 5228 661 5293 3)
692 5231 775 5285 Ex
802 5228 970 5286 hom.
1001 5229 1065 5285 in
1093 5228 1359 5293 Famem,
1391 5230 1480 5284 63.

605 5299 660 5368 4)
679 5299 856 5366 lbid.,
883 5303 974 5356 63.

605 5371 657 5442 5)
683 5370 859 5442 lbidu
889 5374 981 5442 6i-

580 5440 660 5510 (6)
687 5440 866 5507 Ibid.,
891 5441 983 5498 68.

642 5511 664 5592 )
693 5511 820 5592 ρύχ
837 5511 1256 5592 ξξειςλβιριηᾳθ
1281 5511 1475 5592 codex
1498 5513 1778 5592 euigilans.

611 5581 670 5650 8)
701 5581 923 5656 ιάινῷς.
951 5582 1046 5639 Sic
1070 5581 1287 5654 legitur
1315 5583 1379 5641 in
1409 5581 1861 5646 homiiia'u‘nde
1889 5590 2017 5648 haec
2058 5591 2162 5652 de-

2288 4471 2403 4526 ταῖς
2437 4465 2620 4539 θύραις
2651 4464 2676 4517 ὁ
2709 4465 2900 4534 ζητῶν,
2925 4468 3250 4536 προκόμισον
3300 4459 3352 4513 ἐκ
3376 4468 3474 4524 τοῦ
3523 4464 3762 4532 ταμιείου
3805 4463 3902 4512 τὸν

2287 4555 2393 4619 ἕνα,
2425 4559 2513 4607 καὶ
2545 4553 2741 4616 ἐπιθεὶς
2770 4561 2887 4615 ταῖς
2935 4556 3119 4625 χερσὶ,
3150 4555 3282 4624 πρὸς
3340 4550 3556 4626 οὐρανόν
3605 4548 3902 4619 ἀνατείνας,

2289 4644 2396 4698 εἰπε
2442 4643 2592 4714 λόγον
2635 4642 2844 4695 ἐλεεινόν
2899 4644 3030 4714 όμοῡ
3082 4646 3174 4693 καὶ
3221 4640 3541 4713 εὐγνώμονα.
3583 4636 3674 4701 Εἷς
3739 4637 3904 4711 ἄρτος

2287 4732 2506 4806 ὃνόρᾷς,
2563 4735 2743 4806 Κύριε,
2779 4736 2868 4784 καὶ
2914 4731 2939 4782 ό
2980 4727 3225 4792 κίνδυνος
3271 4732 3558 4804 προφανὴς,
3615 4726 3724 4780 ἀλλ’
3793 4726 3902 4800 ἐγὼ

2286 5092 2534 5161 sumpta
2557 5092 2716 5145 sunt.
2745 5092 2818 5146 At
2831 5089 2955 5147 duo
2970 5089 3159 5147 nostri
3183 5087 3421 5146 codices
3437 5086 3663 5146 habent
3678 5086 3900 5160 κοιυῶς,

2285 5164 2697 5290 ροιέἔιέηίιεν,
2723 5161 2888 5219 unde
2929 5161 3190 5220 arbitror
3213 5161 3440 5218 factum
3464 5175 3635 5217 essse
3689 5167 3902 5223 κοινούς

2285 5250 2345 5290 in
2455 5250 2474 5289 ι
2524 5251 2572 5289 s.

2283 5246 2628 5372 ωῶῗὲιοῗλός
2652 5305 3092 5378 καί-εὐγνώμων.
3134 5304 3228 5378 Sic
3274 5303 3353 5378 in_
3383 5302 3595 5360 homil.
3656 5302 3878 5378 Basilii.

2283 5377 2607 5444 Regiorum
2639 5373 2920 5434 codicum
2939 5373 3088 5449 alter
3116 5375 3274 5449 καλός
3304 5374 3595 5449 εὐγνώμων.
3623 5373 3772 5432 Editi
3789 5388 3882 5449 κα-

2280 5451 2382 5511 λῶς
2429 5449 2722 5522 εὐγνώμων.
2775 5451 2906 5506 Mox
2947 5447 3092 5504 editi
3142 5444 3500 5505 ἐπανάσώσοῦ.
3533 5449 3667 5504 Mss.
3716 5449 3779 5504 ut
3825 5444 3892 5503 in

2494 5591 2714 5664 Ἐπιστῇ
2741 5585 2819 5647 δέ.
2837 5590 2930 5650 Sic
2956 5589 3198 5648 codices
3222 5605 3368 5650 mss.
3394 5587 3546 5648 Editi
3564 5589 3753 5665 ἐπιστῇ
3774 5593 3894 5644 καί.
