4146 6376
277 263 408 314 1157

1374 259 1600 316 ΞΕΒΜΟ
1640 259 1730 314 ιν.
1772 286 1840 300 -·-
1880 255 1972 313 DE
2009 258 2491 315 ELEEMOSYNA.

3501 271 3641 326 “58

270 389 364 441 τὴν
398 390 494 442 σὴν
527 384 726 444 ἐντολὴν
770 393 895 458 εμοῡ
942 390 1251 462 προτίθημι,
1314 389 1403 437 καὶ
1458 383 1514 436 ἐκ
1566 390 1657 435 τοῦ
1688 382 1866 454 ὀλίγου

2000 382 2269 440 amittito:
2306 387 2469 440 Unus
2502 386 2598 442 hic
2620 390 2711 443 est
2728 390 2925 460 panis,
2944 406 3127 463 quem
3148 392 3335 461 vides,
3368 394 3639 465 Domine,

271 469 474 545 δίδωμι
530 484 604 546 τῷ
645 476 952 548 λιμώττοντι
1004 474 1237 548 ἀδελφοῖν
1291 472 1383 536 δὸς
1436 470 1503 531 δὴ
1554 478 1645 525 καὶ
1701 476 1869 542 σὺτῷ

269 558 623 615 κινδυνεύοντι
649 560 839 636 δούλῳ.
870 563 1011 617 Οἶδά
1051 585 1145 617 σου
1184 569 1276 623 τὴν
1330 563 1651 635 ἀγαθοτητα,
1700 561 1870 635 6αρρώ

273 653 362 702 καὶ
406 659 467 723 τῇ
522 648 778 725 δυνάμει.
839 654 944 725 ούχ
1022 655 1359 727 ὑπερτίθεσαι
1406 651 1478 713 εἰς
1532 654 1722 723 χρόνον
1783 652 1871 710 τὰς

274 741 521 814 χάριτας,
564 740 692 793 ἀλλὰ
724 738 1077 809 σκεδαννύεις,
1121 744 1241 794 ὅταν
1291 740 1486 813 team,
1518 743 1611 801 τὰς
1638 736 1869 813 δωρεάς.

282 828 385 881 Κάν
416 830 579 892 οὕτως
617 834 763 904 εἴπης
814 836 904 883 καὶ
946 832 1169 904 πράξῃς,
1223 831 1277 883 ὃν
1328 827 1493 890 δίδως
1536 829 1589 881 ἐκ
1629 837 1722 890 τῆς
1756 848 1873 881 στε-

277 926 479 980 νώσεως
500 922 674 995 ἄρτον,
710 925 917 994 σπέρμα
956 927 1157 993 γίνεται
1191 926 1471 996 γεωργίας,
1492 926 1579 973 καί
1606 920 1875 991 πολύχουν

277 1008 529 1080 ἀπογεννᾴ
562 1013 649 1062 τὸν
680 1016 899 1083 καρπόν.

346 1193 396 1244 3.
439 1193 507 1241 Σὺ
547 1187 607 1243 δὲ
634 1191 798 1261 λέγεις
827 1195 916 1263 μεν
952 1191 1158 1263 ἀγαπᾷν
1211 1196 1296 1244 τὸν
1360 1191 1582 1249 πλησίον
1627 1193 1691 1249 ὡς
1752 1190 1875 1241 ἑαυ-

274 1282 381 1345 τὸν,
448 1282 507 1331 τὸ
564 1276 623 1332 δε
655 1283 794 1354 παρά
842 1288 935 1333 τοῦ
987 1286 1182 1356 Κυρίου
1239 1281 1423 1352 λεχθὲν
1454 1279 1656 1350 ἐλέγχει
1697 1298 1755 1330 σε
1783 1285 1874 1337 τῆς

270 1367 523 1429 ἀληθινῆς
588 1368 794 1441 ἀγάπης
870 1369 1287 1443 ἀπολειπόμενον.
1348 1370 1407 1423 Εἰ
1470 1373 1571 1443 γὰρ
1628 1366 1874 1420 τοσοῦτον

274 1454 549 1519 ἀπέδωκας
600 1459 803 1530 ἑκάστῳ
860 1461 983 1513 ὅσον
1014 1466 1103 1512 καὶ
1149 1468 1371 1531 σεαυτῷ,
1403 1461 1555 1511 πόθεν
1605 1477 1688 1509 σοι
1717 1460 1747 1515 ἡ
1775 1465 1875 1509 τῶν

275 1550 565 1621 χρημάτων
628 1552 858 1607 τοσαύτη
911 1553 1215 1623 περιουσία;
1268 1549 1326 1600 Ὀ
1380 1552 1483 1621 γὰρ
1525 1546 1740 1619 ἀγαπῶν
1790 1550 1877 1598 τὸν

275 1636 499 1693 πλησίον
564 1640 629 1697 ὡς
695 1638 899 1707 ἑαυτὸν,
972 1635 1124 1691 οὐδὲν
1193 1643 1565 1712 περισσότερον
1630 1641 1877 1693 κέκτηται

1982 474 2041 526 et
2063 472 2399 543 periculum
2437 479 2641 546 aperte
2691 477 2986 549 imminet,
3020 481 3122 535 sed
3156 496 3269 551 ego
3292 482 3438 537 mihi
3467 486 3640 537 tuum

1983 561 2342 618 mandatum
2366 578 2677 635 praepono,
2696 571 2839 622 etex
2864 569 3105 625 modico
3132 570 3332 626 tribuo
3362 570 3641 627 esurienti

1982 649 2168 717 fratri,
2196 652 2325 721 jam
2352 657 2415 709 tu
2440 669 2685 727 quoque
2730 655 2812 711 da
2840 658 3201 729 periclitanti
3248 675 3445 716 servo.
3492 658 3643 715 Novi

1983 744 2153 796 tuam
2206 740 2562 809 bonitatem,
2604 745 2850 801 conﬁdo
2888 748 3069 803 etiam
3122 750 3404 821 potentiae
3456 767 3469 804 :
3520 762 3643 805 non

1982 829 2191 885 diﬁ‘ers
2243 830 2350 885 diu
2398 832 2713 901 beneﬁcia,
2766 835 2872 891 sed
2912 835 3078 893 dona
3130 843 3255 904 tua,
3311 854 3449 894 cum
3500 837 3648 894 libet

1985 919 2240 991 spargis.
2267 920 2438 984 Quod
2468 921 2516 977 si
2545 922 2629 977 ita
2647 922 2883 980 locutus
2906 924 3090 982 fueris
3114 942 3184 982 ac
3212 927 3643 999 feceris,quem

1986 1024 2059 1064 ex
2080 1008 2363 1077 angustia
2390 1025 2612 1081 panem
2634 1013 2916 1083 porrigis,
2971 1014 3021 1069 is
3062 1030 3269 1071 semen
3308 1015 3411 1072 ﬁet
3430 1015 3647 1086 segetis

1986 1112 2057 1154 ac
2085 1096 2222 1153 edet
2248 1096 2475 1153 fructus
2499 1099 2743 1157 uberes.

2057 1191 2110 1243 3.
2152 1186 2232 1257 (4)
2259 1189 2343 1242 Tu
2372 1203 2510 1243 vero
2544 1188 2695 1244 dicis
2724 1190 3073 1261 proximum
3117 1197 3287 1248 tuum
3320 1208 3358 1249 a
3386 1198 3441 1249 te
3481 1192 3647 1263 diligi

1984 1280 2051 1332 ut
2078 1276 2338 1347 teipsum
2365 1294 2378 1342 ;
2421 1276 2527 1332 sed
2572 1279 2741 1349 quod
2774 1280 3003 1336 dictum
3036 1286 3125 1337 est
3155 1297 3191 1336 a
3222 1282 3498 1350 Domino,
3550 1283 3650 1337 de-

1986 1369 2288 1422 monstrat
2311 1369 2367 1420 te
2398 1382 2435 1421 a
2462 1382 2608 1423 vera
2631 1368 2922 1425 charitate
2945 1369 3125 1440 longe
3151 1372 3387 1427 abesse.
3414 1371 3469 1427 Si
3487 1371 3648 1427 enim

1986 1459 2220 1511 tantum
2252 1454 2506 1511 tribuisti
2545 1456 2894 1529 unicuique,
2917 1466 3214 1530 quantum
3260 1465 3317 1517 et
3371 1460 3479 1516 tibi
3508 1460 3648 1532 ipsi,

1986 1543 2560 1619 unde,quteso,haac
2586 1545 2695 1601 tibi
2722 1546 3068 1603 divitiarum
3088 1549 3263 1620 copia
3288 1550 3316 1603 ?
3348 1550 3457 1615 Qui
3489 1550 3648 1604 enim

1989 1632 2179 1701 diligit
2206 1633 2553 1705 proximum
2579 1633 2663 1690 uti
2694 1636 2982 1707 seipsum,
3007 1636 3155 1692 nihil
3175 1637 3436 1709 amplius
3464 1652 3652 1709 quam

276 1732 368 1776 τοῦ
423 1724 665 1783 πλησίον.
738 1727 877 1780 Ἐπεὶ
933 1724 993 1780 δε
1042 1730 1298 1785 κέκτησαι
1350 1731 1439 1795 σὺ,
1498 1732 1651 1798 φαίνη
1707 1722 1879 1782 δηλῶν

2000 1720 2303 1793 proximus
2317 1720 2608 1791 possidet.
2626 1722 2778 1788 Quia
2791 1728 2994 1780 autem
3006 1725 3145 1797 plus
3162 1724 3507 1797 possedisti,
3521 1739 3652 1781 ma-

280 1820 370 1872 την
411 1816 604 1870 οἰκείαν
668 1816 957 1870 ἀπόλαυσιν
1014 1822 1389 1892 προτιμοτέραν
1444 1825 1535 1877 τῆς
1598 1824 1698 1869 τῶν
1749 1815 1879 1867 πολ-

278 1905 377 1956 λῶν
430 1908 768 1979 παραμυθίας
832 1910 1166 1977 ποιούμενοςο
1231 1908 1352 1957 ὅσον
1412 1908 1513 1977 γὰρ
1584 1904 1879 1966 πλεονάζεις

280 2003 352 2064 τῷ
406 1995 630 2066 πλούτῳ,
673 2003 923 2047 τοσοῦτον
982 1994 1216 2055 ἐλλείπεις
1405 1994 1608 2066 ἀγάπη.
1662 1994 1722 2047 Εἰ
1780 1997 1879 2069 γὰρ

281 2083 569 2151 ὴγαπήκεις
613 2102 707 2134 σου
760 2086 847 2135 τὸν
914 2082 1157 2151 πλησίον,
1229 2082 1392 2134 πάλαι
1454 2083 1515 2133 ἂν
1578 2080 1881 2155 ἐμελέτησας

281 2179 379 2220 τῶν
430 2173 722 2243 χρημάτων
744 2177 839 2230 τήν
869 2172 1241 2242 ἀλλοτρίωσιν·
1292 2176 1404 2223 νυνὶ
1454 2168 1512 2223 δε
1550 2175 1882 2243 προσπέφυκέ

281 2279 365 2312 σοι
432 2264 497 2312 τα
560 2267 820 2334 χρήματα
861 2261 1010 2314 πλέον
1051 2263 1079 2320 ἦ
1106 2265 1172 2315 τὰ
1200 2260 1327 2334 μέλη
1359 2269 1451 2313 τοῦ
1485 2266 1741 2333 σώματος,
1793 2264 1897 2322 καὶ,

278 2349 428 2401 λυπεῖ
469 2370 526 2402 σε
566 2350 735 2402 αὐτῶν
774 2352 800 2403 ό
840 2354 1140 2425 χωρισμὸς,
1200 2353 1271 2413 ὡς
1310 2349 1753 2425 ἀκρωτηριασμός
1806 2350 1880 2419 (1)

1572 2438 1616 2491 εἰ
1681 2435 1885 2499 ἔδωκας

278 2536 515 2581 πεινῶντι
571 2532 659 2580 τόν
715 2530 869 2601 οἰρτον
930 2548 1045 2595 σου,
1110 2530 1153 2581 εἰ
1227 2531 1257 2587 ἡ
1322 2531 1453 2604 θύρα
1510 2548 1605 2581 σου
1663 2526 1885 2580 ἀνέωκτο

276 2445 375 2490 τῶν
423 2443 657 2512 καιρίων.
697 2440 758 2493 Εἰ
795 2443 896 2512 γὰρ
966 2441 1225 2512 ἠμφίεσας
1282 2442 1499 2512 γυμνὸν,

280 2623 436 2670 παντὶ
507 2616 649 2687 ξένῳ,
714 2618 757 2669 εί
812 2618 985 2689 ἐγένου
1056 2624 1231 2689 πατὴρ
1298 2618 1551 2690 ὀρφανῶν,
1626 2618 1669 2670 εἰ
1731 2622 1886 2670 παντὶ

285 2710 617 2775 συνέπασχες
666 2702 909 2776 ἀδυνάτῳ
931 2727 943 2738 ·
1011 2708 1138 2779 ὑπὲρ
1170 2710 1331 2758 ποίων
1362 2704 1423 2757 ἂν
1454 2705 1715 2766 ἐλυπήθης
1739 2725 1887 2776 χρη-

286 2795 483 2866 μάτων,
540 2793 702 2846 πάλαι
763 2794 1047 2867 μελετήσας
1114 2794 1250 2846 αὐτὰ
1326 2790 1587 2866 διανέμειν
1647 2801 1757 2854 τοῖς
1812 2792 1889 2844 ἒν-

291 2880 491 2949 δεέσιν;
540 2882 612 2936 Ὠ
669 2889 838 2942 πόσην
890 2880 996 2936 ἔδει
1052 2902 1109 2935 σε
1152 2886 1315 2956 χάριν
1345 2886 1487 2955 ἔχειν
1523 2892 1595 2954 τῷ
1625 2883 1887 2957 εὐεργέτῃ,

290 2976 381 3025 καὶ
420 2969 640 3045 φαιδρὸν
681 2971 830 3040 εἶναι,
880 2978 970 3025 καὶ
1030 2972 1425 3047 λαμπρύνεσθαι
1478 2981 1540 3045 τῇ
1602 2980 1754 3045 τιμῇ,
1811 2973 1893 3024 ὅτι

1990 1809 2200 1867 nifeste
2222 1808 2495 1865 declaras
2525 1814 2578 1866 te
2605 1812 2851 1884 propria
2872 1814 3197 1869 commoda
3217 1813 3545 1870 multorum
3562 1828 3655 1869 so-

1989 1899 2134 1955 latio
2159 1898 2458 1970 praferre.
2492 1903 2696 1971 Itaque
2729 1917 2852 1973 quo
2881 1902 3079 1973 magis
3104 1902 3383 1958 abundas
3412 1902 3653 1969 divitiis,

1992 2004 2064 2046 eo
2089 1988 2285 2056 magis
2316 1987 2604 2044 charitate
2643 1989 3007 2047 destitueris.
3048 1994 3197 2047 Nam
3229 1992 3277 2046 si
3307 1991 3655 2064 proximum

1992 2082 2162 2135 tuum
2184 2076 2521 2141 dilexisses,
2531 2079 2898 2149 jamdudum
2921 2081 2980 2135 in
3003 2080 3341 2137 alienandis
3366 2080 3657 2137 facultati-

1992 2166 2155 2223 tibus
2184 2166 2540 2223 exercitatus
2562 2183 2750 2223 esses.
2792 2173 2959 2225 Nunc
2990 2176 3197 2226 autem
3229 2170 3657 2226 adhaerescunt

1992 2255 2099 2311 tibi
2128 2271 2275 2327 opes
2301 2256 2520 2312 arctius
2540 2272 2729 2329 quam
2757 2258 3035 2314 membra
3060 2259 3656 2331 corporis,dolesque

1992 2342 2143 2400 dum
2164 2360 2201 2400 ε,
2225 2348 2281 2400 te
2311 2351 2690 2416 separantur,
2718 2346 2969 2418 perinde
3000 2363 3072 2404 ac
3094 2348 3144 2403 si
3173 2348 3495 2419 praecipuae
3527 2363 3656 2403 cor-

1992 2433 2158 2505 poris
2180 2437 2384 2506 partes
2409 2440 2887 2507 amputarentur.
2923 2438 3073 2492 Nam
3126 2436 3175 2491 si
3212 2436 3512 2492 induisses
3536 2451 3655 2492 nu~

1993 2523 2164 2590 dum,
2192 2522 2241 2577 si
2271 2523 2544 2579 dedisses
2574 2524 2859 2581 esurienti
2887 2540 3111 2597 panem
3152 2530 3345 2594 tuum,
3399 2525 3451 2581 si
3497 2525 3656 2582 fores

1997 2618 2113 2667 tua:
2136 2616 2357 2683 apertas
2388 2612 2640 2668 fuissent
2662 2612 2886 2685 hospiti
2923 2614 3112 2681 omni,
3163 2614 3211 2669 si
3238 2615 3655 2686 orphanorum

1997 2700 2324 2756 exstitisses
2345 2704 2537 2771 pater,
2553 2702 2605 2756 si
2626 2702 2946 2758 miseratus
2962 2703 3178 2759 fuisses
3199 2703 3510 2759 inﬁrmum
3529 2719 3657 2760 om-

1998 2805 2140 2846 nem
2166 2807 2178 2844 :
2212 2790 2288 2845 de
2305 2790 2552 2862 quibus,
2566 2807 2800 2862 quasso,
2819 2792 3039 2863 opibus
3055 2808 3217 2848 nunc
3239 2792 3493 2861 doleres,
3503 2795 3659 2864 jam-

2000 2878 2234 2951 pridem
2291 2879 2353 2935 in
2397 2879 2481 2936 eis
2530 2895 2721 2950 egeno
2773 2880 3206 2937 distribuendis
3247 2883 3603 2939 exercitatus
3630 2884 3659 2937 ‘I

2000 2970 2076 3039 (5)
2101 2970 2402 3034 Quantam
2431 2968 2747 3041 oportebat
2771 2969 2995 3026 habere
3015 2974 3069 3026 te
3098 2969 3373 3027 beneﬁce
3396 2971 3664 3041 largitori

292 3062 387 3114 οὐκ
440 3062 597 3124 αὐτὸς
664 3060 901 3135 διοχλεῑς
968 3064 1128 3137 θύρας
1197 3062 1397 3137 ἐτέρων,
1461 3061 1587 3114 ἀλλὰ
1652 3064 1742 3121 τὰς
1802 3064 1887 3121 σὰς

2005 3057 2283 3128 gratiam,
2305 3074 2495 3131 quam
2526 3058 2777 3114 hilarem
2800 3074 2948 3124 esse,
2973 3075 3161 3131 quam
3190 3059 3397 3116 laatum
3425 3059 3505 3116 ob
3522 3075 3661 3117 eum

292 3151 437 3204 ἄλλοι
517 3152 1008 3225 καταλαμϐάνουσα
1086 3154 1449 3227 Συμμεριστὰς
1522 3155 1747 3209 ποίησαι
1794 3158 1894 3203 τῶν

293 3245 473 3293 σιτίων
531 3246 649 3302 τοὺς
688 3238 957 3314 ἀδελφοὺς.
1005 3245 1075 3294 Τό
1151 3245 1330 3316 αὔριον
1390 3244 1679 3313 σηπόμενον
1737 3246 1897 3311 σήμεο

292 3350 381 3404 ρον
435 3332 724 3403 παράσχου
754 3340 826 3402 τῷ
876 3328 909 3383 δ
914 3336 1120 3403 εομὲνῳ.
1154 3332 1449 3394 Πλεονεξίας
1474 3328 1616 3391 εἶδος
1645 3333 1702 3381 τὸ
1729 3329 1897 3401 χαλε-

290 3425 525 3472 πώτατον
574 3421 676 3488 (2),

291 3514 396 3569 τοῖς
452 3505 698 3564 ἐνδεέσιν.

752 3416 892 3491 μηδὲ
966 3429 1066 3471 τῶν
1142 3423 1480 3493 φθειρομένων
1552 3416 1898 3491 μεταδιδόναι

778 3510 835 3562 Εἰ
914 3511 939 3561 ὁ
1013 3513 1098 3561 τὸν
1165 3506 1503 3582 ἐνδεδυμένον
1564 3508 1895 3579 ἀπογυμνῶν,

291 3594 602 3657 λωποδύτης
658 3597 1083 3669 ὀνομασθήσεται
1108 3619 1120 3629 ·
1167 3600 1192 3649 ὁ
1232 3602 1318 3649 τὸν
1347 3602 1542 3669 γυμνόν
1573 3602 1643 3669 μὴ
1679 3593 1893 3664 ἐνδύων,

296 3684 578 3759 δυνάμενος
620 3695 776 3739 τοῦτο
828 3696 1011 3757 ποιεῖν,
1066 3686 1226 3748 ἄλλης
1281 3691 1419 3747 τινος
1467 3686 1583 3739 ἔστι
1623 3691 1703 3753 (3)
1736 3706 1897 3759 προσ-

297 3782 513 3848 ηγορίας
562 3776 737 3843 ἄξιος;
809 3783 913 3829 Τοῦ
960 3781 1230 3836 πεινῶντος
1279 3774 1417 3828 ἐστιν
1465 3778 1491 3828 ὁ
1545 3778 1722 3849 οῖρτος,
1765 3777 1791 3827 ὁ
1832 3780 1898 3828 σὺ

296 3870 571 3937 κατέχειςο
626 3874 718 3918 τοῦ
755 3869 1170 3937 γυμνητεύοντος
1226 3870 1283 3918 το
1338 3868 1564 3938 ἱμάτιον,
1622 3866 1648 3918 ὃ
1704 3870 1769 3917 σὺ
1797 3886 1899 3937 μυ-

297 3954 511 4017 λάσσεις
568 3955 616 4008 ἐν
670 3955 1000 4017 ἀποθήκαις’
1044 3963 1134 4007 τοῦ
1172 3952 1494 4007 ἀνυποδέτου
1524 3959 1581 4007 τὸ
1622 3952 1897 4027 ὑπόδημα,

298 4043 325 4097 ὃ
354 4048 497 4117 παρὰ
524 4050 607 4097 σοὶ
645 4049 1035 4101 κατασήπεταιο
1095 4051 1187 4095 τοῦ
1218 4044 1516 4116 χρῄζοντος
1544 4048 1601 4095 τὸ
1629 4042 1899 4117 ἀργύριον,

298 4134 325 4185 ὁ
392 4135 679 4209 κατορύξας
734 4137 896 4205 ἔχεις.
941 4132 1101 4185 Ὠστε
1154 4136 1439 4195 τοσούτους
1496 4130 1713 4200 ἀδικεῖς,
1764 4134 1902 4192 ὅσοις

297 4230 550 4299 παρέχειν
603 4221 851 4279 ἐδύνασο.
892 4230 1008 4283 Πῶς
1059 4243 1142 4275 σοι
1192 4222 1279 4274 ὑπ’
1329 4222 1449 4293 ἄψιν
1494 4221 1678 4294 ἀγάγω
1706 4224 1773 4274 τὰ
1799 4223 1903 4274 ποί-

301 4316 364 4372 θη
422 4322 515 4367 τοῦ
569 4318 804 4380 πένητος,
850 4314 933 4365 ἶνα
968 4320 1103 4383 γνῷς
1158 4311 1260 4365 ἀπὸ
1317 4320 1561 4366 ποταπῶν
1604 4320 1902 4384 στεναγμῶν

2005 3147 2112 3219 qui
2142 3147 2250 3203 tibi
2270 3146 2535 3204 defertur
2558 3147 2877 3213 honorem,
2899 3147 3175 3205 videlicet
3200 3148 3368 3221 quod
3386 3163 3509 3205 non
3532 3164 3661 3221 per-

2007 3237 2213 3294 turbes
2232 3237 2390 3294 fores
2419 3236 2668 3304 alienas,
2703 3236 2808 3293 sed
2845 3236 2945 3293 alii
2967 3242 3102 3294 tuas
3128 3238 3466 3310 occupent?
3487 3238 3665 3294 Parti-

2006 3327 2172 3401 cipes
2186 3326 2280 3382 fac
2293 3325 2663 3382 cibariorum
2680 3325 2912 3382 fratres.
2929 3327 2972 3392 Q
2982 3326 3103 3382 uod
3118 3342 3253 3382 cras
3269 3330 3586 3397 putrescet,
3599 3327 3664 3383 id

2006 3416 2185 3473 hodie
2215 3414 2384 3471 trude
2410 3414 2633 3485 egenti.
2667 3414 2945 3470 Avaritiae
2974 3415 3310 3487 pessimum
3339 3429 3533 3484 genus
3552 3420 3662 3485 est,

2007 3522 2083 3563 ne
2110 3522 2180 3563 ea
2208 3504 2456 3576 quidem
2488 3520 2625 3576 quae
2651 3508 3145 3575 corrumpuntur,
3161 3504 3365 3575 egenis
3390 3519 3661 3573 erogare.

2010 3597 2149 3665 (6)Si
2163 3596 2265 3669 qui
2278 3594 2555 3651 indutum
2568 3593 3663 3667 nudat,furappellabitur,quinudum

2010 3685 2191 3757 488
2212 3701 2336 3741 non
2360 3684 2573 3746 induit,
2602 3701 2742 3739 cum
2792 3683 2984 3740 facere
3008 3684 3218 3756 possit.
3246 3698 3514 3754 quanam
3547 3682 3666 3738 alia

2008 3773 2411 3847 appellatione
2432 3773 2652 3842 dignus
2673 3772 2802 3828 est?
2832 3772 3158 3828 Esurientis
3169 3760 3465 3843 estpanis,
3479 3787 3663 3842 quem

2009 3868 2074 3921 tu
2098 3862 2357 3928 detines;
2389 3861 2539 3917 nudi
2562 3865 2651 3916 est
2675 3860 2948 3933 pallium,
2981 3860 3145 3931 quod
3176 3863 3239 3917 tu
3282 3858 3344 3914 in
3372 3875 3514 3915 arca
3541 3875 3664 3916 ser-

2010 3968 2118 4008 vas
2148 3968 2160 4017 ;
2192 3950 2535 4007 discalceati
2561 3950 2816 4016 calceus,
2835 3950 2940 4021 qui
2965 3949 3131 4021 apud
3151 3953 3205 4005 te
3228 3949 3512 4021 putrescit
3541 3969 3553 4017 ;
3580 3950 3665 4005 in-

2010 4041 2268 4113 digentis
2295 4044 2638 4110 argentum,
2670 4038 2838 4111 quod
2867 4039 3179 4096 defossum
3214 4039 3430 4095 habes.
3473 4040 3667 4105 Quare

2011 4134 2159 4203 quot
2188 4130 2542 4185 hominibus
2566 4129 2712 4185 dare
2729 4134 2920 4200 potes,
2957 4132 3041 4185 tot
3072 4133 3213 4185 sunt
3229 4127 3453 4200 quibus
3481 4129 3665 4185 infers

2010 4220 2094 4291 inj
2106 4219 2320 4275 uriam.
2346 4218 2664 4284 Quomodo
2686 4217 2791 4273 tibi
2802 4217 2883 4273 ob
2898 4217 3105 4275 oculos
3124 4232 3351 4290 ponam
3364 4231 3669 4275 aerumnas

2012 4308 2317 4381 pauperis,
2361 4313 2428 4364 ut
2465 4306 2800 4380 perspicias
2822 4324 2895 4363 ex
2913 4307 3196 4380 qualibus
3216 4306 3538 4376 gemitibus
3564 4306 3670 4363 tibi

301 4412 503 4472 σεαυτῷ
543 4404 917 4477 θησαυρίζεις;
957 4402 1029 4454 ’Ὠ
1059 4407 1227 4455 πόσου
1256 4402 1402 4465 οῖξιόν
1443 4422 1528 4455 σοι
1576 4410 1809 4475 φανεῖται
1852 4401 1887 4454 ἐπ

2015 4399 2143 4471 ipse
2169 4398 2524 4454 thesaurum
2546 4396 2836 4467 colligas?
2880 4398 2923 4453 Ο
2949 4396 3160 4468 quanti
3174 4395 3345 4466 pretii
3365 4394 3470 4451 tibi
3488 4394 3551 4450 in
3570 4395 3668 4452 die

300 4498 361 4561 τῇ
420 4493 587 4562 ἡμέρᾳ
649 4500 746 4551 τῆς
812 4496 1027 4563 κρίσεως
1085 4494 1143 4542 τὸ
1200 4492 1348 4563 ῥῆμα
1410 4491 1593 4556 ἐκεῖνο,
1644 4498 1811 4553 Δεῦτε,
1855 4493 1903 4543 οἱ

303 4578 636 4649 εὐλογημένοι
741 4586 833 4630 τοῦ
935 4582 1138 4651 Πατρός
1254 4600 1375 4650 μου,

305 4672 397 4726 τὴν
482 4669 871 4740 ἡτοιμασμένην
951 4670 1071 4739 ὑμῖν
1157 4666 1459 4740 βασιλείανῐ

741 4586 833 4630 τοῦ
935 4582 1138 4651 Πατρός
1254 4600 1375 4650 μου,
1479 4580 1771 4653 κληρονομή
1782 4600 1906 4633 σατε

1557 4675 1771 4727 Ποταπη
1848 4666 1907 4722 δὲ

306 4778 392 4810 σοι
463 4762 643 4830 φρίκη,
698 4762 787 4810 καὶ
848 4754 1030 4830 ἱδρὼς,
1083 4762 1173 4809 καὶ
1240 4761 1421 4818 σκότος
1486 4761 1907 4831 περιχυθὴσεται

306 4848 547 4901 ἀκούοντι
625 4856 720 4909 τῆς
780 4844 1091 4914 καταδίκης,
1159 4850 1446 4921 Πορεύεσθε
1520 4846 1609 4900 ἀπ’
1654 4847 1802 4920 ἐμοῦ,
1858 4850 1907 4900 οἰ

305 4941 676 5011 κατηραμένοι,
737 4938 803 4997 εἰς
869 4940 927 4989 τὸ
987 4941 1175 4999 σκότος
1224 4941 1282 4989 τὸ
1336 4936 1598 5013 ἐξώτερον,
1650 4941 1708 4990 τό
1762 4940 1906 4997 ἡτοι-

376 5128 424 5163 ⁸⁸
458 5125 657 5184 Hatth.
690 5141 823 5195 xxv,
843 5128 931 5182 34.
977 5125 1023 5161 ‘9
1051 5124 1199 5181 ibid.
1227 5126 1313 5181 Η.

378 5313 1007 5388 (1)]Δκρωτηριασμόςη
1023 5314 1248 5388 Deerat
1298 5312 1361 5367 in
1393 5311 1587 5380 editis,
1608 5312 1825 5383 legitur
1844 5313 1907 5369 in

304 5386 514 5459 homil.
542 5385 602 5443 et
622 5385 877 5459 utraque
900 5385 1127 5459 codice.

379 5454 990 5539 _(‘2)_T.6hx¢_1£ﬂal‘7afbv.
1025 5457 1119 5513 Sic
1158 5459 1410 5527 uterque
1457 5454 1649 5513 codex
1691 5459 1750 5514 et
1802 5455 1907 5512 ho-

466 5526 700 5604 Eflitiv'rb
730 5530 1114 5604 χαλεπώτερον,

382 5597 460 5666 (3)
499 5599 687 5663 Ἀλλης
716 5597 850 5663 τὶνός
875 5597 1011 5659 imi
1055 5602 1147 5659 Sic
1177 5599 1525 5673 scripsimus
1548 5602 1906 5657 accentuum

2011 4488 2221 4559 judicii
2269 4486 2570 4543 videbitur
2597 4486 2853 4542 verbum
2883 4485 3029 4541 illud
3062 4503 3075 4540 :
3121 4486 3342 4553 Venite,
3376 4484 3671 4541 benedicti

2012 4579 2218 4634 Patris
2230 4578 2361 4647 mei,
2380 4577 2672 4645 possidete
2678 4581 2963 4646 paratum
2977 4576 3140 4630 vobis
3160 4590 3413 4644 regnum
3435 4574 3480 4609 ⁴⁸
3499 4575 3668 4630 tRur-

2015 4684 2119 4722 sus
2160 4671 2427 4738 quantus
2448 4666 2555 4722 tibi
2573 4665 2787 4722 horror
2808 4664 3114 4735 sudorque
3146 4668 3203 4719 et
3235 4668 3479 4736 quantm
3508 4667 3667 4720 tene-

2012 4756 2138 4813 brae
2158 4754 2738 4825 circumfundentur,
2745 4753 3042 4825 judicium
3061 4752 3209 4809 illud
3219 4752 3670 4809 damnatorium

2018 4844 2284 4904 audienti
2305 4846 2631 4901 :Discedite
2648 4859 2686 4901 a
2706 4859 2818 4911 me,
2851 4843 3178 4909 maledicti,
3193 4843 3257 4899 in
3279 4842 3548 4899 tenebras
3572 4857 3669 4900 ex-

2018 4936 2286 5006 teriores,
2313 4950 2446 5007 quae
2454 4938 2694 5004 parata:
2717 4938 2859 4989 sunt
2877 4932 3116 4989 diabolo
3131 4937 3185 4989 et
3200 4933 3433 5004 angelis
3447 4934 3577 5002 ejus
3589 4933 3636 4969 ⁸⁸
3653 4933 3667 4987 ι

2015 5309 2456 5380 immutatione,
2491 5324 2602 5382 pro
2631 5308 2787 5369 ἄλλης
2815 5312 2953 5369 τίνος
2982 5305 3115 5379 ἐστί,
3143 5306 3312 5381 quod
3357 5306 3671 5377 legebatur

2013 5384 2077 5439 in
2115 5382 2309 5438 editis.
2341 5383 2493 5436 Emr.

2110 5455 2165 5523 4)
2201 5456 2284 5508 Ex
2306 5453 2472 5510 hom.
2504 5454 2569 5509 in
2598 5452 2843 5522 Divites,
2878 5455 2966 5506 52.

2112 5527 2167 5668 ἓξ
2203 5524 2477 5653 ξῶἆλοιέιό
2500 5524 2562 5582 in
2581 5523 2731 5582 illud
2751 5523 2947 5592 Luca,
2971 5523 3312 5593 Dem-uane,
3340 5522 3431 5577 ω.

2086 5596 2167 5666 (6)
2203 5596 2376 5665 lbid.,
2406 5599 2495 5653 50.
