4146 6432
505 267 641 324 H59
1449 251 1819 312 APPENDIX.
1857 275 1925 290 —-
1964 243 2311 306 SYMEONIS
2351 239 2875 303 METAPHRASTE
3724 237 3879 292 1160

498 390 520 458 (
529 391 579 462 1)
610 393 813 463 Neque
869 386 1032 446 enim
1085 381 1504 442 misericordia
1561 379 1689 436 sine
1734 374 1964 450 judicio
1993 370 2159 446 apud

2287 371 2529 444 ιασμίνον
2596 374 2668 439 τῷ
2733 361 2962 436 διαϐόλῳ
3027 365 3116 416 καὶ
3172 366 3282 422 τοῖς
3357 359 3589 433 ἀγγελοις
3665 358 3878 416 antiret)!

500 451 733 546 Deum:
765 492 964 551 neque
1007 473 1306 548 judicium
1345 471 1472 529 sine
1526 465 1958 526 misericordia.
2011 465 2160 520 Ante

2287 463 2400 513 )ὕτε
2455 461 2556 533 γὰρ
2609 459 2640 516 ἡ
2700 454 3016 528 ἐλεημοσύνη
3057 453 3272 526 ἄκριτος
3310 453 3452 523 ποιρά
3490 457 3624 521 Θεῷ,
3675 453 3796 502 οὔτε
3835 451 3871 508 ἦ

495 537 795 640 judicium
827 537 1227 636 igiturvdiligit
1249 556 1752 624 misericordiam,
1811 558 1866 611 et
1889 557 2027 626 post
2050 552 2163 610 mi-

2287 553 2446 623 ιρίσις
2484 546 2792 620 ἀνελεήμων.
2852 546 2960 617 Πρό
3011 545 3099 614 μὲν
3145 543 3243 614 γάρ
3295 548 3390 600 τῆς
3438 543 3660 613 κρίσεως
3688 537 3882 611 ἀγαπᾷ

504 627 896 714 sericordiam
926 653 1089 711 venit
1142 651 1223 709 ad
1255 649 1574 723 judicium.
1609 649 1742 703 Haec
1771 648 1975 702 autem
2010 643 2164 698 inter

2287 639 2638 713 Ξλεημοσύνην,
2688 640 2778 687 καὶ
2851 635 2984 706 μετά
3032 635 3126 690 τὴν
3167 629 3511 702 ἐλεημοσύνην
3542 632 3759 701 ἔρχεται
3790 627 3882 680 ἐπὶ

507 763 570 804 se
599 746 923 818 conjuncta
964 747 1139 800 sunt:
1169 737 1588 798 misericordia
1628 751 1768 792 cum
1788 732 2048 807 judicio;
2086 747 2165 789 ne

2287 732 2364 788 τὴν
2403 732 2597 802 κρίσιν.
2652 732 2833 779 Ταῦτα
2897 719 2956 776 δὲ
3001 720 3238 781 ἀλληλοις
3278 720 3638 786 συνέζευκται,
3673 719 3698 769 ό
3737 717 3878 780 ἔλεος

507 839 614 894 aut
644 809 1060 892 misericordia
1107 831 1238 888 sola
1293 827 1606 887 mollitiem
1635 825 1854 898 pariat,
1880 827 1985 882 aut
2005 821 2165 896 judi-

2287 821 2403 872 ιετά
2439 826 2530 878 τῆς
2568 819 2806 892 κρίσεως,
2856 815 2941 866 ἵνα
2978 817 3109 885 μήτε
3139 812 3164 861 ό
3211 809 3342 871 ἕλεος
3369 812 3524 881 μόνος
3562 811 3879 881 χαυνότητα

507 927 670 984 cium
691 923 887 982 solum
908 922 1120 981 afferat
1144 918 1650 994 desperationem.
2011 895 2017 896 ί

2287 907 2560 981 ἐμποιήσῃ,
2601 909 2732 979 μήτε
2798 906 2927 974 μόνη
2985 903 3016 959 ἡ
3076 905 3250 976 κρίσις
3307 896 3603 969 ἀπόγνωσιν
3662 895 3878 972 ἐνεργα-

2276 1018 2456 1057 σηται.

2343 1090 2398 1143 4.
2442 1085 2502 1139 Εἰ
2566 1083 2661 1137 οὐκ
2717 1081 3012 1156 ἐφόνευσας,
3055 1082 3171 1132 οὔτε
3209 1076 3552 1151 ἐμοίχευσας,
3585 1079 3700 1130 οὔτε
3742 1077 3878 1131 ἔκλε-

2275 1177 2396 1249 ψας,
2448 1178 2565 1228 οὔτε
2620 1173 3085 1246 κατεμαρτύρησας
3143 1186 3278 1232 τινος
3318 1170 3612 1240 μαρτυρίαν
3664 1161 3868 1238 ψευδῆ·

2276 1264 2520 1324 ἀνόνητον
2581 1269 2783 1333 σεαυτῷ
2840 1267 3001 1321 ποιεῖς
3059 1262 3154 1316 τὴν
3205 1259 3325 1330 περὶ
3380 1262 3552 1308 ταῦτα
3616 1251 3866 1325 σπουδὴν,

2279 1361 2350 1430 μὴ
2383 1356 2682 1430 προστιθεὶς
2737 1355 2796 1404 τὸ
2849 1350 3040 1420 λεῖπον,
3104 1345 3176 1400 δι’
3230 1346 3289 1398 οὗ
3341 1350 3500 1418 μόνου
3535 1341 3736 1418 δυνήσῃ
3768 1343 3870 1396 εἰσ-

2281 1446 2437 1499 ελθεῖν
2489 1445 2556 1505 εἰς
2593 1447 2686 1500 τὴν
2742 1439 3014 1513 βασιλείαν
3055 1443 3145 1490 τοῦ
3183 1442 3338 1498 Θεοῦ.
3370 1439 3472 1488 Καὶ
3505 1434 3662 1507 εἰμὲν
3703 1434 3878 1509 ἰατρὸς

2282 1533 2619 1606 ἐπηγγέλλετο
2667 1528 3008 1601 κολοϐὼματα
3077 1526 3260 1598 μελῶν,
3325 1523 3380 1576 ἐκ
3449 1527 3650 1596 φύσεως
3725 1525 3754 1582 ἦ
3827 1522 3881 1585 ἐξ

2283 1626 2574 1701 ἀρρωστίας
2621 1623 2885 1694 προσόντα
2924 1636 3027 1682 σοι,
3063 1613 3484 1689 διορθώσασθαι,
3523 1612 3614 1664 οὐκ
3650 1612 3710 1664 ἄν
3749 1613 3885 1668 ἠθύ-

579 1105 632 1160 4.
669 1105 745 1167 (2)
788 1100 846 1158 Si
871 1114 996 1157 non
1024 1097 1315 1163 occidisti,
1365 1112 1491 1155 non
1528 1093 1890 1152 adulterium
1917 1089 2168 1148 commi-

509 1191 656 1259 sisti,
697 1205 896 1262 neque
953 1189 1182 1247 furatus
1221 1204 1307 1257 es,
1339 1201 1538 1259 neque
1583 1189 1792 1242 contra
1816 1179 2170 1255 quempiam

505 1281 726 1338 falsum
791 1279 1202 1336 testimonium
1244 1277 1448 1333 dixisti
1483 1295 1496 1332 :
1531 1272 1927 1331 nihilominus
1966 1274 2170 1327 tamen

510 1369 852 1428 adhibitam
871 1368 933 1424 in
954 1367 1048 1424 his
1061 1366 1316 1439 agendis
1338 1364 1714 1434 diligentiam
1733 1359 2173 1417 tibiinfructuo-

515 1475 649 1516 sam
674 1458 884 1528 efﬁcis,
929 1457 1038 1530 qui
1087 1455 1257 1528 quod
1307 1454 1608 1527 reliquum
1633 1456 1724 1508 est
1749 1465 1874 1507 non
1899 1448 2170 1519 adjicias,

514 1564 638 1621 quo
672 1545 804 1602 solo
829 1545 1030 1618 possis
1059 1543 1122 1599 in
1153 1544 1254 1599 Dei
1273 1557 1529 1612 regnum
1551 1538 1802 1611 ingredi.
1821 1542 1902 1594 Ac
1927 1536 2175 1609 quidem

515 1635 853 1693 simedicus
865 1651 938 1691 ea
952 1633 1230 1690 membra
1257 1647 1394 1704 quae
1415 1647 1452 1687 a
1470 1636 1688 1688 natura
1705 1627 1802 1684 vel
1827 1643 1864 1683 a
1883 1625 2174 1700 quapiam

512 1725 860 1783 inﬁrmitate
880 1722 1095 1780 mutila
1113 1700 1325 1792 habes,
1351 1721 1764 1777 restituturum
1790 1733 1853 1772 se
1871 1714 2176 1790 promitte-

2287 1700 2396 1790 μεις
2448 1711 2675 1765 ἀκούωνο
2747 1707 2856 1760 ἐπεὶ
2907 1703 2966 1758 δὲ
3014 1706 3039 1756 ὁ
3093 1708 3253 1776 μέγας
3297 1710 3399 1754 τῶν
3447 1701 3633 1772 ψυχῶν
3699 1700 3885 1772 ἰατρὸς

515 1818 626 1885 ret,
661 1812 927 1887 profecto
969 1811 1032 1868 id
1061 1827 1199 1868 cum
1243 1826 1502 1866 maerore
1543 1824 1666 1865 non
1721 1788 1996 1863 audires:
2029 1803 2175 1878 quia

2287 1788 2470 1860 τέλειόν
2500 1821 2556 1854 σε
2579 1796 2613 1852 δ
2620 1801 2674 1852 ιά
2719 1806 2814 1858 τῆς
2844 1794 3188 1867 ἐλεημοσύνης
3239 1799 3464 1850 ποιῆσαι
3505 1788 3750 1864 βούλεται
3772 1795 3885 1851 τοῖς

512 1919 656 1960 vero
667 1917 929 1971 magnus
941 1901 1287 1957 animorum
1300 1899 1572 1956 medicus
1593 1902 1648 1954 te
1659 1877 2174 1971 pracipuisrebus

2287 1893 2650 1967 καιριωτάτοις
2697 1886 3008 1949 ἐλλείποντα,
3065 1882 3122 1934 οὐ
3178 1878 3314 1954 δέχῃ
3381 1883 3476 1940 τήν
3514 1881 3699 1952 χάριν,
3758 1877 3890 1931 ἀλλά

511 1967 866 2048 destitutum
903 1988 1026 2046 vult
1057 1988 1389 2061 perfectum
1422 1967 1682 2044 reddere
1707 2001 1812 2060 per
1847 1967 2175 2055 eleemosy-

2287 1986 2478 2044 πενθεῖς
2541 1984 2632 2034 καὶ
2694 1974 3086 2051 σκυθρωπάζεις
3151 1967 3472 2042 ὀδυνώμενος
3526 1973 3623 2028 τὴν
3678 1968 3883 2042 ψυχὴν,

510 2077 1054 2149 nam,beneﬁcium
1065 2077 1369 2149 ejusmodi
1387 2092 1511 2134 non
1524 2075 1769 2148 accipis,
1795 2072 2082 2143 sedluges
2103 2087 2174 2129 ac

2287 2079 2372 2128 καὶ
2408 2078 2573 2134 ποιεῖς
2614 2075 2814 2138 σεαυτῷ
2862 2066 3118 2138 ἄχρηστα
3179 2063 3350 2114 πάντα
3385 2061 3487 2113 ὅσα
3541 2078 3626 2112 σοι
3691 2077 3887 2132 προπε-

512 2147 2172 2240 moeresanimo,tibiqueinutiliaefﬁcis,quaecunquean-
2281 2169 2525 2221 πόνηται.
2589 2158 2665 2212 Οὐ
2704 2155 3066 2230 φιλοπονήσας
3105 2154 3223 2226 περὶ
3277 2156 3540 2216 σεαυτοῦ;
3599 2147 3694 2200 οὐκ
3726 2147 3787 2240 ἐν.
3811 2153 3881 2217 τῷ

515 2264 611 2317 tea
627 2257 940 2316 laborasti.
955 2258 1024 2328 (3)
1043 2260 1171 2314 Non
1183 2256 1289 2314 tibi
1303 2256 1432 2329 ipse
1445 2270 1815 2328 magnopere
1825 2252 2133 2310 laborabis
2146 2253 2174 2308 ?

513 2363 638 2406 non
656 2349 720 2405 in
739 2346 1015 2420 praesenti
1048 2345 1270 2402 saeculo
1299 2345 1592 2403 recondes
1608 2361 1744 2418 quas
1760 2343 1839 2400 ad
1861 2342 1974 2399 aevi
1988 2341 2172 2398 futuri

517 2437 792 2510 requiem
824 2439 1118 2508 spectant,
1155 2435 1259 2492 ubi
1289 2435 1369 2491 ad
1398 2434 1663 2491 formicae
1701 2432 2046 2505 exemplum
2074 2446 2171 2487 re-

514 2526 782 2601 spexeris
801 2527 829 2582 ‘I
865 2541 1003 2599 quae
1032 2524 1096 2581 in
1123 2529 1330 2582 aestate
1347 2524 1458 2581 sibi
1483 2525 1598 2598 ipsi
1616 2523 1890 2582 recondit
1913 2521 2172 2580 hiemale

515 2617 894 2684 alimentum,
922 2630 1056 2684 nec,
1077 2614 1224 2688 quia
1242 2615 1516 2672 nondum
1539 2614 1764 2671 adsunt
1781 2611 2174 2670 incommoda

514 2705 754 2774 hiemis,
787 2704 1050 2775 segniter
1076 2707 1318 2776 tempus
1341 2703 1619 2771 traducit,
1663 2703 1771 2759 sed
1817 2701 2174 2758 inexorabili

515 2793 789 2869 quadam
809 2793 1118 2864 diligentia
1137 2793 1217 2850 ad
1245 2808 1494 2866 operam
1518 2809 1581 2850 se
1605 2793 1741 2866 ipsa
1768 2795 1958 2863 urget,
1979 2792 2174 2849 donec

519 2884 918 2941 sufﬁcientem
947 2884 1010 2939 in
1037 2882 1263 2940 cellulis
1306 2883 1642 2956 reposuerit
1670 2883 2043 2939 alimoniam.
2073 2885 2178 2938 Ne-

520 2990 639 3048 que
657 2973 720 3029 id
739 2973 1130 3044 negligenter,
1162 2973 1268 3029 sed
1294 2973 1470 3030 efficit
1510 2973 1766 3045 sapienti
1793 2973 2062 3045 quadam
2085 2987 2177 3029 so-

522 3063 783 3131 lertia,ut
795 3042 1002 3135 ipsum
1017 3062 1370 3119 alimentum
1383 3078 1572 3135 quam
1583 3042 1928 3118 diutissime
1941 3077 2178 3118 conser-

2287 3063 2528 3130 νώμενος.
2603 3057 2878 3107 Διακόπτει
2950 3051 3052 3124 γάρ
3115 3053 3230 3108 ταῖς
3297 3045 3482 3097 ἑαυτοῦ
3539 3042 3737 3115 χηλαῖς
3792 3049 3896 3094 τῶν

523 3159 715 3211 vetur.
762 3152 1028 3210 Dissecat
1057 3153 1218 3208 enim
1241 3152 1363 3208 suis
1392 3132 1634 3222 ungulis
1663 3151 1897 3210 medios
1926 3152 2176 3221 fructus,

2289 3153 2501 3220 καρπῶν
2557 3147 2616 3197 τό
2685 3145 3016 3215 μεσαίτατον,
3057 3139 3121 3197 ὡς
3180 3135 3240 3186 ἃν
3288 3139 3359 3208 μὴ
3420 3132 3687 3206 ὶκφυέντες
3721 3133 3900 3206 ἄχρις-

525 3258 603 3300 ne
633 3242 1040 3314 germinantes
1079 3241 1193 3297 sibi
1223 3242 1303 3297 ad
1330 3219 1763 3298 nutrimentum
1790 3241 2030 3298 inutiles
2049 3219 2181 3298 red-

2294 3219 2406 3290 στοι
2469 3237 2601 3310 πρός
2643 3235 2838 3309 τροφὴν
2877 3228 3017 3298 αὐτῷ
3048 3230 3305 3298 γένοιντο·
3365 3226 3454 3276 καὶ
3485 3219 3750 3294 διαψύχει
3779 3223 3898 3272 τού-

527 3331 771 3389 dantur.
792 3331 1052 3387 Eosdem
1068 3330 1246 3387 etiam
1263 3330 1539 3399 exsiccat,
1591 3335 1738 3399 tum,
1765 3347 1905 3387 cum
1922 3346 2023 3387 eos
2043 3345 2179 3387 sen-

2289 3346 2427 3390 τους,
2491 3308 2613 3378 όταν
2670 3308 2922 3378 αἰσθηται
2961 3316 3128 3369 αὐτῶν
3179 3311 3523 3389 διαϐρόχων·
3564 3315 3656 3364 καὶ
3709 3310 3806 3367 οὐκ
3843 3308 3893 3362 ἐν

526 3420 597 3477 tit
623 3419 996 3476 madefactos
1029 3437 1042 3473 ε
1075 3435 1186 3476 nec
1220 3419 1387 3475 omni
1431 3425 1702 3492 tempore
1730 3435 1835 3477 eos
1860 3421 2175 3494 expromit,

2287 3421 2445 3471 παντὶ
2500 3411 2778 3489 προϐάλλει
2819 3415 3006 3484 καιρῷ,
3065 3404 3171 3457 ἀλλ’
3216 3405 3338 3456 ὅταν
3391 3403 3752 3477 προαίσθηται
3799 3405 3891 3452 τοῦ

530 3509 640 3566 sed
668 3525 809 3564 cum
837 3524 1038 3565 aerem
1088 3507 1150 3564 in
1207 3524 1418 3566 sereno
1456 3513 1611 3566 statu
1653 3488 2010 3567 mansurum
2049 3488 2178 3566 esse

2290 3505 2438 3582 ἀέρος
2493 3488 2549 3558 ἐν
2603 3499 2780 3574 εὐδινῇ
2858 3497 3183 3552 καταστάσει
3240 3492 3643 3566 φυλαττομένου.
3691 3488 3896 3562 Ἀμέλει

530 3598 926 3673 praesenserit.
952 3600 1079 3655 Non
1101 3599 1308 3670 utique
1327 3598 1802 3656 videasimbrem
1821 3617 1894 3657 ex
1912 3599 2180 3656 nubibus

2289 3579 2386 3652 οὐκ
2427 3595 2488 3649 ἂν
2543 3590 2682 3655 ἴδοις
2720 3589 2911 3666 ὄμϐρον
2953 3586 3009 3640 ἐκ
3053 3593 3208 3658 νεφῶν
3255 3581 3579 3659 ἕπιρῥυέντα,
3605 3579 3731 3656 παρ’
3767 3580 3898 3633 ὄσόν

529 3670 913 3759 deﬂuentem,
946 3691 1174 3760 quanto
1195 3693 1462 3761 tempore
1483 3703 1520 3745 a
1543 3689 1809 3746 formicis
1839 3688 2180 3763 expositum

2291 3692 2481 3762 χρόνον
2520 3683 2576 3738 ἐκ
2620 3691 2718 3736 τῶν
2772 3684 3060 3754 μυρμήκων
3109 3678 3134 3728 ὁ
3183 3682 3329 3736 σῖτος
3377 3670 3748 3746 προϐέϐληται.
3793 3673 3902 3724 Μί-

529 3777 901 3835 frumentum
933 3758 1043 3833 est.
1074 3777 1149 3848 (4)
1182 3758 1418 3834 Imitare
1447 3783 1687 3848 terram,
1737 3796 1774 3836 o
1798 3758 2016 3847 homo;
2058 3779 2181 3835 fru-

2292 3795 2464 3851 μησαι
2507 3779 2600 3833 την
2659 3781 2778 3844 γῆν,
2829 3770 3087 3843 ἄνθρωπε,
3135 3767 3538 3838 καρποφόρησον
3587 3763 3652 3822 ὡς
3703 3758 3899 3826 ἐκείνη,

529 3871 694 3924 ctum
719 3865 922 3938 profer
940 3865 1102 3922 velut
1125 3865 1246 3934 illa,
1268 3882 1344 3922 ne
1365 3882 1428 3922 re
1447 3867 1784 3926 inanimata
1805 3869 2048 3925 videare
2076 3867 2181 3924 de-

2293 3850 2365 3941 μὴ
2434 3868 2629 3939 χείρων
2672 3866 2832 3933 φανῇς
2851 3864 2947 3919 τῆς
2973 3854 3212 3927 ἀψύχου.
3241 3852 3439 3908 Ἐκείνη
3499 3853 3589 3924 μεν
3634 3851 3732 3924 γὰρ
3775 3850 3904 3910 τοὺς

531 3955 728 4014 terior.
763 3957 898 4010 Haec
919 3955 1082 4010 enim
1106 3953 1353 4027 fructus,
1386 3972 1509 4012 non
1553 3963 1620 4014 ut
1661 3957 1795 4031 ipsa
1821 3957 2181 4029 perfruatur,

2294 3939 2526 4030 καρποὺς
2563 3951 2656 4003 οὐκ
2701 3950 2770 4012 εἰς
2810 3948 2997 4006 ἑαυτῆς
3037 3943 3348 4010 ἀπόλαυσιν,
3393 3939 3500 3992 ἀλλ’
3550 3939 3622 4000 εἰς
3657 3943 3751 3996 τὴν
3799 3940 3906 3995 σήν

2280 2258 2500 2328 παρόντι
2546 2249 2694 2303 αἰῶνι
2722 2244 3113 2322 προαποθήσεις
3168 2241 3262 2301 τάς
3311 2246 3403 2292 τοῦ
3457 2237 3725 2310 μέλλοντος
3765 2234 3882 2289 ἁνα-

2281 2325 2522 2409 παυσεις,
2582 2339 2710 2414 πρὸς
2747 2338 2804 2388 τὸ
2859 2328 3160 2402 ὑπόδειγμα
3196 2336 3288 2381 τοῦ
3333 2331 3613 2403 μύρμηκος
3659 2325 3880 2379 ἀποϐλέ-

2281 2432 2422 2504 ψας;
2477 2430 2529 2492 ὃς
2560 2427 2609 2480 ἐν
2639 2429 2772 2502 θέρει
2797 2428 2891 2482 τὴν
2927 2425 3194 2494 χειμέριον
3242 2422 3437 2492 τροφὴν
3479 2417 3645 2486 ἐαυτῷ
3687 2419 3886 2473 θησαυ-

2279 2522 2437 2594 ρίζει,
2492 2520 2583 2571 καὶ
2635 2515 2740 2586 οὐχ
2778 2514 2857 2565 ὅτι
2897 2515 3054 2584 μήπω
3117 2509 3342 2580 πάρεστι
3380 2507 3446 2558 τὰ
3495 2511 3585 2557 τοῦ
3624 2511 3880 2576 χειμῶνος

2279 2591 2509 2684 λυπηρὰ,
2533 2604 2627 2661 διὰ
2669 2605 2928 2680 ῥᾳθυμίας
2950 2600 3285 2675 παραπέμπει
3325 2597 3414 2650 τὸν
3471 2597 3674 2672 χρόνον,
3708 2683 3714 2684 7
3745 2591 3880 2649 ἀλλὰ

2284 2696 2492 2772 σπουδῇ
2543 2716 2646 2751 τινι
2703 2693 3042 2768 ἀπαραιτήτῳ
3107 2691 3239 2764 πρὸς
3281 2691 3376 2745 τὴν
3425 2685 3671 2758 ἐργασίαν
3700 2683 3880 2736 ἑαυτὸν

2282 2771 2589 2856 κατατείνει,
2644 2785 2736 2845 ἕως
2776 2781 2835 2833 ἂν
2878 2783 2971 2838 τὴν
3011 2777 3275 2852 ἀρκοῦσαν
3341 2779 3533 2848 τροφὴν
3571 2771 3892 2830 ἐναπόθηται

2285 2885 2389 2940 τοῖς
2441 2864 2726 2950 ταμιείοιςσ
2759 2875 2849 2924 καὶ
2903 2865 3028 2922 οὐδὲ
3072 2873 3226 2921 τοῦτο
3271 2865 3536 2940 ῥᾳθύμως,
3577 2861 3705 2916 ἀλλὰ
3754 2867 3885 2936 σοφῇ

2284 2988 2386 3021 τινι
2439 2965 2642 3036 ἐπινοίᾳ
2695 2967 2786 3022 τὴν
2834 2964 3026 3034 τροφὴν
3065 2955 3392 3009 ἐπιπλεῖστον
3446 2951 3682 3030 διαρκεῖν
3713 2971 3895 3026 μηχα-

533 4043 646 4100 sed
674 4043 753 4099 ad
776 4059 957 4099 usum
975 4048 1148 4099 tuum
1175 4045 1470 4101 enutrivit.
1497 4048 1581 4101 Tu
1599 4062 1739 4102 vero
1759 4062 2188 4120 quemcunque

533 4131 950 4189 beneﬁcentiae
962 4131 1222 4188 fructum
1235 4133 1587 4202 ostenderis,
1604 4151 1743 4192 eum
1756 4136 1863 4193 tibi
1881 4137 1998 4209 ipsi
2025 4135 2189 4193 colli-

536 4219 648 4291 gis,
680 4218 826 4291 quia
848 4219 1150 4275 bonorum
1191 4235 1444 4292 operum
1465 4223 1657 4292 gratia
1677 4223 1739 4278 in
1766 4223 2077 4295 largitores
2100 4239 2192 4280 re-

535 4308 797 4366 vertitur.
827 4307 1050 4364 Dedisti
1081 4309 1384 4381 esurienti,
1418 4314 1476 4367 et
1495 4315 1666 4367 tuum
1696 4311 1761 4368 tit
1783 4313 1949 4385 quod
1978 4313 2188 4370 datum

535 4401 788 4466 est,cum
800 4396 1212 4454 additamento
1223 4399 2017 4465 rediens.Quemadmodum
2029 4402 2190 4460 enim

535 4485 927 4558 frumentum,
955 4487 1196 4558 quodin
1221 4491 1436 4545 terram
1451 4488 1630 4559 cadit,
1661 4489 1721 4546 in
1741 4489 1978 4548 lucrum
2010 4491 2191 4565 489

538 4575 694 4633 cedit
715 4575 1054 4647 projicienti
1080 4592 1094 4632 :
1124 4576 1207 4632 ita
1236 4577 1413 4648 panis
1470 4579 1533 4634 in
1596 4580 1956 4638 esurientem
1995 4585 2193 4656 conje-

539 4669 690 4731 ctus,
724 4664 784 4720 in
813 4670 1123 4738 posterum
1160 4665 1420 4722 multum
1441 4666 1646 4725 aﬁ‘eret
1674 4671 2081 4731 emolumenti.

612 4759 664 4811 ὅ.
707 4755 784 4825 (5)
818 4755 877 4811 Si
912 4755 1144 4812 foribus
1168 4756 1284 4812 tuis
1309 4757 1558 4814 astiterit
1610 4760 1715 4831 qui
1764 4762 2031 4832 penuriae
2067 4779 2192 4820 suta

540 4847 774 4917 quaerat
794 4843 1090 4913 levamen,
1113 4859 1190 4900 ne
1214 4844 1422 4902 videas
1453 4847 1798 4920 inaequalia.
1822 4854 1902 4909 Ne
1933 4853 2188 4910 dixeris:

541 4931 644 4989 Hic
683 4932 912 4988 amicus
943 4937 1053 5003 est,
1105 4933 1204 4989 hic
1261 4937 1770 5009 consanguineus,
1810 4940 1906 4996 hic
1933 4941 2088 4998 bene
2117 4943 2193 5000 de

541 5036 641 5077 me
665 5021 915 5077 meritus
945 5042 959 5077 :
991 5021 1089 5078 ille
1119 5023 1493 5098 peregrinus,
1528 5024 1780 5096 alienus,
1810 5031 2074 5100 ignotus.
2109 5036 2196 5088 In-

542 5109 799 5182 aequalia
824 5110 874 5166 si
893 5110 1120 5177 videas,
1153 5127 1277 5169 non
1308 5129 1680 5188 consequere
1698 5118 2192 5179 misericordiam.

541 5204 767 5260 Natura
796 5205 886 5259 est
918 5217 1078 5262 una:
1113 5207 1240 5261 tum
1265 5204 1363 5262 hic
1387 5209 1519 5264 tum
1537 5206 1634 5265 ille
1657 5207 1843 5268 homo
1864 5215 1977 5282 est;
2003 5228 2195 5286 penu-

614 5445 694 5516 (l)
732 5445 816 5500 Ex
841 5444 1008 5518 hom.
1040 5445 1105 5502 in
1133 5447 1284 5516 psal.
1316 5449 1637 5518 xxxn,134.

617 5517 695 5587 (2)
736 5518 819 5570 Ex
846 5516 1011 5572 hom.
1039 5518 1106 5572 in
1139 5520 1382 5584 Divites,
1413 5516 1502 5576 5t.

615 5587 694 5659 (3)
733 5589 818 5645 Ex
843 5587 1009 5648 hom.
1037 5604 1097 5649 ix
1125 5590 1190 5650 ίη
1217 5590 1532 5666 Eexaem.,
1563 5595 1658 5652 83.

2298 4025 2587 4118 ὑπηρεσίαν
2622 4037 2881 4115 ἐξέθρεψε.
2922 4038 2988 4089 Σὺ
3039 4030 3098 4088 δὲ
3138 4032 3190 4085 ὃν
3256 4030 3318 4084 ἂν
3369 4025 3607 4102 ἐπιδείξῃ
3661 4037 3754 4088 τῆς
3823 4026 3910 4079 εὐ-

2297 4139 2472 4194 ποιίας
2525 4134 2745 4207 καρπόν,
2808 4133 3009 4195 σεαυτῷ
3058 4131 3240 4176 τοῦτον
3281 4122 3541 4190 συνάγεις,
3592 4114 3734 4170 διότι
3801 4124 3908 4167 τῶν

2301 4223 2508 4296 ἀγαθῶν
2557 4205 2719 4295 ἔργων
2763 4219 2818 4270 αἱ
2869 4217 3086 4288 χάριτες
3126 4211 3209 4264 ἐπὶ
3255 4213 3372 4271 τοὺς
3417 4205 3663 4268 διδόντας
3717 4205 3912 4259 ἐπανα-

2303 4317 2636 4389 στρέφουσιν.
2687 4305 2930 4368 Ἔδωκας
2985 4311 3058 4375 τῷ
3114 4309 3371 4370 πεινῶντι,
3420 4303 3511 4350 καὶ
3569 4299 3660 4350 σόν
3702 4301 3911 4370 γίνεται

2224 4435 2270 4490 D
2301 4387 2379 4457 rb—
2415 4399 2584 4470 δοθὲν,
2619 4401 2750 4474 μετὰ
2783 4397 3096 4472 προσθήκης
3150 4390 3440 4445 ἐπανελθόν.
3483 4387 3684 4463 ’Ὠσπερ
3741 4389 3848 4458 γὰρ
3880 4387 3910 4437 ὁ

2305 4502 2448 4557 σῖτος
2500 4492 2572 4554 εἰς
2617 4495 2712 4548 τὴν
2741 4496 2840 4560 γῆν
2878 4490 3070 4553 πεσὼν,
3111 4479 3298 4556 κέρδος
3341 4488 3411 4551 τῷ
3456 4481 3716 4552 προεμένῳ
3769 4481 3910 4548 γίνε-

2300 4605 2422 4639 ται·
2481 4582 2645 4644 οὕτως
2702 4581 2728 4632 ό
2794 4580 2946 4652 ἄρτος
3025 4573 3096 4636 εἰς
3156 4575 3242 4624 τόν
3296 4577 3551 4623 πεινῶντα
3630 4564 3911 4625 καταϐλη-

2303 4677 2408 4738 θεὶς
2437 4672 2706 4744 πολύχουν
2734 4671 2828 4728 τὴν
2862 4663 3102 4738 ὠφέλειαν
3129 4663 3196 4723 εἰς
3225 4660 3439 4731 ὕστερον
3477 4651 3833 4712 ἀναδίδωσιν,

2377 4769 2424 4821 ὅ.
2467 4743 2584 4817 Ἕω,
2632 4764 2876 4832 “apag-5‘7)
3027 4756 3160 4827 θύρᾳ
3195 4750 3337 4803 copo
3367 4752 3461 4806 τὴν
3513 4749 3700 4820 χρείαν
3743 4743 3914 4798 αὐτοῦ

2303 4853 2728 4927 ἐπανορθωθῆναι
2779 4847 2966 4912 ζητῶν,
3011 4847 3082 4915 μὴ
3131 4838 3378 4912 ἀνώμαλα
3422 4832 3560 4908 ῖδῃς.
3591 4837 3679 4893 Μὴ
3717 4837 3912 4907 εῑπῃς·

2303 4945 2472 5005 Οὗτος
2515 4940 2681 5014 φίλος,
2728 4937 2875 4997 οὗτος
2917 4934 3195 5004 συγγενὴς,
3241 4929 3396 4989 οὗτος
3436 4925 3736 5000 εὐεργέτης·
3783 4923 3916 4976 ἐκεί-

2302 5053 2387 5096 νος
2431 5032 2590 5098 ξένος,
2647 5026 2931 5100 ἀλλότριος,
2990 5022 3278 5092 ἄγνωστος.
3350 5013 3624 5086 Ἀνώμαλα
3680 5011 3908 5086 βλέπων,

2304 5123 2399 5177 οὐκ
2466 5119 2744 5189 ἐλεηθὴσῃ.
2805 5115 2962 5174 Φύσις
3027 5114 3124 5183 μία
3155 5128 3170 5142 ⁸
3243 5107 3530 5182 ἄνθρωπος,
3601 5107 3694 5155 καὶ
3757 5099 3901 5159 οὗτος

2305 5211 2540 5274 κάκεῖνος
2575 5229 2587 5243 ·
2635 5209 2793 5280 χρεία
2843 5207 2960 5279 μία,
3015 5195 3188 5254 ἔνδεια
3220 5195 3268 5250 ἐν
3317 5194 3626 5269 ἀμφοτέροις
3669 5193 3698 5252 ἡ
3750 5187 3906 5248 αὐτή.

2381 5461 2457 5532 (ι)
2497 5457 2579 5532 ιιι
2601 5452 2768 5532 ξηοω·
2793 5449 2855 5532 i9
2874 5445 3022 5532 ίιιυᾷ
3048 5442 3613 5532 ιξιειειξίρςξέιααιηι
3635 5438 3727 5494 *5-

2500 5530 2582 5585 Ex
2605 5525 2772 5583 hom.
2795 5521 2955 5580 dicta
2979 5520 3043 5576 in
3070 5513 3320 5585 Lacizis,
3346 5513 3468 5568 588.
