4146 6374
289 280 425 338 1161

289 408 384 467 Δὸς
439 410 511 476 τῷ
570 398 794 474 ἀδελφῷ,
854 401 944 452 καὶ
1003 403 1075 467 τῷ
1116 395 1237 467 ξένῳ
1280 414 1292 427 ο

290 494 647 570 ἀποστραφῇς,
701 493 907 543 καὶτὸν
968 487 1108 548 ξένον
1150 480 1369 556 ἀδελφὸν
1414 481 1600 535 οἰκεῖον
1642 483 1885 537 ποίησαι.

291 566 534 638 Βούλεταί
577 566 633 635 σε
701 578 1140 654 παραμυθητικὸν
1195 570 1322 627 εἶναι
1387 579 1486 625 τῶν
1519 567 1791 642 δεομένων,
1829 566 1888 620 οὐ

287 671 784 749 προσωπολήπτην·
854 668 913 721 οὗ
971 674 1042 737 τῷ
1108 669 1344 737 συγγενεῖ
1396 658 1638 728 διδόντα,
1692 662 1779 711 τὸν
1830 653 1890 710 δὲ

291 748 426 826 ξένον
481 760 844 832 ἀπωθούμενον
878 778 891 790 -
949 757 1140 817 Πάντες
1202 754 1301 826 γὰρ
1363 756 1650 822 συγγενεῖς,
1706 748 1888 806 πάντες

289 847 525 922 ἀδελφοὶ,
580 850 763 909 πάντες
816 846 925 907 ἐνὸς
970 846 1167 919 πατρὸς
1220 845 1442 914 ἔκγονοι.
1502 839 1619 893 Εἰσὶ
1649 856 1778 898 τινες
1834 835 1888 899 ἐξ

290 938 621 1013 ἐπικρατείας
671 932 916 989 κινδῠνου
980 938 1115 993 τινὸς
1173 930 1586 1005 ἀναρπασθέντες
1646 928 1746 979 ὑπὸ
1794 931 1887 978 τοῦ

292 1033 584 1096 κτίσαντος,
660 1030 751 1079 καὶ
829 1020 1096 1098 μηδεμίαν
1184 1024 1392 1093 ἔχοντες
1440 1016 1887 1091 περιλελειμμένην

290 1119 467 1182 αὐτοῖς
518 1117 640 1191 βίου
691 1116 869 1169 λοιπὸν
927 1112 1184 1188 ἀφορμὴν,
1244 1109 1368 1163 ἀλλὰ
1413 1113 1544 1182 μόνη
1599 1113 1660 1179 τῇ
1728 1104 1884 1176 φυλῇ

288 1215 379 1262 καὶ
435 1216 507 1280 τῷ
565 1212 770 1279 σώματι
841 1200 1176 1275 διαφυγόντες
1252 1198 1427 1254 αὐτὸν.
1474 1196 1645 1269 Ἡμεῖς
1697 1200 1885 1261 τοίνυν,

296 1301 414 1352 ὅσοι
443 1304 661 1360 τῆςτῶν
719 1291 998 1367 δυσχερῶν
1051 1292 1299 1363 ἄγευστοι
1358 1292 1541 1362 πείρας
1602 1284 1886 1358 ἐμείναμεν,

289 1392 465 1448 κοινὴν
547 1387 757 1447 ἐκείνοις
848 1384 1117 1456 προθῶμεν
1205 1384 1298 1437 την
1367 1377 1608 1449 ε’ὶποριαν
1673 1374 1886 1441 ἑαυτῶν,

289 1475 787 1549 Ἐναγκαλισωμεθα
879 1475 999 1533 τοὺς
1089 1469 1471 1543 περισωθέντας
1563 1463 1712 1537 μόλις
1788 1470 1889 1515 τῶν

290 1563 563 1638 ἀδελφῶν·
634 1565 852 1635 εἴπωμεν
916 1563 1046 1632 πρὸς
1100 1559 1317 1609 ἕκαστον
1379 1555 1629 1616 ἕκαστος·
1699 1556 1891 1626 Νεκρός

289 1651 370 1726 ἧν,
432 1657 523 1707 καὶ
589 1650 829 1713 ἀνέζησε·
894 1654 984 1701 καὶ
1060 1644 1333 1707 ἀπολωλὼς
1397 1640 1479 1713 ἦν,
1548 1646 1638 1695 καὶ
1686 1642 1887 1711 εὑρέθη·

1417 263 1658 324 SEBMO
1699 262 1789 320 IV.
1817 290 1887 305 -—
1914 258 2004 317 DE
2032 257 2523 319 ELEEMOSYNA.

1363 396 1489 466 μήτε
1525 393 1610 444 τὸν
1667 385 1888 461 ἀδελφὸν

2008 386 2084 444 ria
2113 400 2257 455 una,
2291 389 2526 457 egestas
2570 385 2633 443 in
2690 386 2948 459 utroque
2969 385 3218 445 eadem:
3269 387 3434 447 fratri
3463 390 3564 461 da,
3597 398 3656 452 et

3517 266 3658 328 1162

1998 475 2318 549 peregrino
2349 494 2362 545 ;
2398 491 2509 533 nec
2560 474 2806 533 fratrem
2838 476 3152 548 averseris,
3186 482 3243 535 et
3266 481 3652 553 peregrinum

1997 580 2110 638 pro
2138 565 2321 623 fratre
2350 565 2528 622 habe.
2564 565 2695 623 Vult
2724 566 2882 621 Deus
2912 571 2969 624 te
3025 565 3439 638 indigentibus
3498 571 3653 629 sola-

1999 655 2148 713 tium
2172 655 2403 724 aﬂ'erre,
2429 654 2660 713 nullam
2690 671 3090 728 personarum
3112 658 3409 715 rationem
3428 659 3654 718 habere

1995 759 2120 801 non
2148 745 2493 819 propinquo
2531 745 2699 817 dare,
2730 744 3119 819 peregrinum
3155 762 3297 805 vero
3343 748 3651 822 repellere,

1999 835 2219 891 Omnes
2240 835 2402 892 enim
2429 836 2778 909 propinqui,
2812 851 3028 894 omnes
3078 836 3311 909 fratres,
3341 839 3524 895 unius
3553 855 3653 912 pa-

1998 923 2101 980 tris
2128 923 2235 980 tilii
2282 925 2628 994 omnesﬁ'm.
2687 925 2835 982 Sunt
2879 925 3043 998 quie
3096 925 3374 983 faucibus
3403 927 3652 1000 periculi

1998 1014 2183 1087 erepti
2205 1014 2371 1072 fuere
2398 1030 2433 1071 a
2466 1018 2761 1081 Creatore,
2784 1030 2894 1071 nec
2909 1015 3039 1086 jam
3066 1015 3256 1073 ullum
3280 1016 3508 1075 habent
3537 1017 3653 1076 sibi

1996 1102 2269 1161 relictum
2299 1105 2437 1161 vitae
2499 1104 2864 1172 subsidium,
2899 1104 3004 1162 sed
3048 1106 3320 1164 animam
3351 1107 3545 1165 solam
3594 1114 3653 1166 et

1997 1206 2216 1266 corpus
2242 1194 2511 1266 periculo
2540 1194 2901 1251 subduxere.
2944 1197 3060 1252 Nos
3082 1211 3248 1267 ergo,
3274 1196 3649 1270 quibuscun-

1997 1298 2117 1357 que
2144 1282 2448 1354 ingustata
2480 1298 2682 1340 rerum
2712 1283 3108 1340 adversarum
3139 1284 3525 1357 experientia,
3549 1301 3651 1344 co-

1998 1372 2162 1446 piam
2189 1376 2460 1429 nostram
2517 1388 2908 1430 communem
2964 1388 3104 1430 cum
3156 1373 3271 1431 illis
3327 1373 3651 1434 faciamus.

1998 1461 2448 1534 Amplectamur
2474 1461 2683 1519 fratres
2710 1461 2807 1518 vix
2850 1465 3133 1529 servatos,
3167 1462 3442 1521 dicamus
3486 1464 3651 1539 quis-

1998 1568 2116 1626 que
2146 1551 2362 1625 cuique
2393 1569 2405 1607 :
2430 1552 2707 1608 Mortuus
2737 1558 2888 1618 erat,
2913 1557 2969 1609 et
2996 1553 3217 1611 revixit
3242 1571 3255 1623 ;
3279 1555 3569 1627 perierat,
3594 1561 3653 1612 et

1997 1643 2277 1698 inventus
2307 1647 2392 1697 est
2422 1642 2504 1690 w:
2538 1644 2719 1713 atque
2740 1655 2961 1714 corpus
2999 1644 3206 1698 nostro
3237 1640 3419 1700 afﬁne
3455 1647 3656 1701 conte-

289 1748 379 1797 καὶ
415 1746 473 1796 τὸ
545 1744 789 1815 συγγενὲς
837 1747 990 1811 σῶμα
1033 1738 1398 1807 σκεπάσωμεν,
1467 1733 1888 1803 Ἀντιστὴσωμεν

2008 1745 2236 1800 gamus.
2267 1730 2669 1802 Opponamus
2695 1727 2924 1786 inimici
2953 1728 3184 1801 injuriis
3212 1734 3485 1789 nostram
3514 1747 3657 1789 con-

289 1840 405 1894 ταῖς
456 1838 546 1885 τοῦ
601 1835 890 1903 Δυσμενοῦς
950 1827 1215 1901 ἐπηριίαις
1259 1827 1347 1881 την
1396 1824 1648 1896 ἡμετέραν
1712 1824 1888 1895 παρά-

290 1922 498 1994 κλησιν³
551 1923 637 1973 ἶνα
680 1924 771 1972 καὶ
804 1915 1050 1991 βλάπτων
1092 1914 1279 1975 ἐκεῖνος
1309 1907 1474 1984 μηδὲν
1504 1914 1641 1983 μέγα
1685 1908 1890 1982 βλάψαι

290 2007 443 2084 δοκῇ·
480 2014 571 2063 καὶ
621 2007 943 2081 πολεμήσας,
981 1999 1186 2077 μηδένα
1235 1997 1381 2072 δείξῃ
1432 1999 1509 2071 (1)
1542 2002 1887 2071 νενικημένον·

288 2104 380 2152 καὶ
444 2098 688 2174 περιελὼν
745 2100 838 2156 τὴν
874 2094 1116 2169 εὐπορίαν
1175 2098 1275 2143 τῶν
1334 2086 1587 2162 ἀδελφῶν,
1633 2089 1734 2141 ὑπὸ
1800 2095 1890 2149 τῆς

291 2190 547 2261 ἡμετέρας
577 2187 870 2261 φιλοτιμίας
901 2186 1080 2257 φανείη
1112 2185 1408 2253 νικώμενος.

360 2282 414 2333 6.
468 2281 561 2330 Διά
615 2279 705 2349 μὲν
729 2277 831 2349 γὰρ
862 2277 957 2332 τὴν
1015 2270 1243 2342 ἀγάπην,
1273 2269 1324 2320 ἐν
1357 2266 1609 2325 ἁπλότητι
1635 2269 1724 2319 καὶ
1755 2266 1889 2319 ἀνει-

290 2370 439 2439 μένον
499 2362 629 2419 εἶναι
693 2366 827 2440 πρὸς
885 2366 1011 2424 τοὺς
1076 2360 1343 2419 αἰτοῦντας
1406 2360 1492 2410 τὸν
1548 2353 1892 2429 μεταδοτικόν

291 2452 393 2525 δεῖ,
427 2458 563 2508 κατὰ
617 2456 676 2507 τὸ
708 2455 906 2526 φάσκον
982 2447 1354 2526 παράγγελμα·
1417 2452 1502 2517 Τῷ
1552 2446 1784 2500 αἰτοῦντί
1813 2464 1892 2514 σε,

292 2541 404 2608 δός
438 2544 678 2616 λογισμῷ
727 2539 787 2595 δὲ
816 2541 969 2594 πάλιν
1029 2536 1312 2614 διακρίνειν
1336 2536 1559 2590 ἑκάστου
1589 2540 1682 2594 τὴν
1703 2540 1892 2611 χρείαν

289 2646 389 2688 τῶν
442 2636 887 2710 προσαιτούντων,
953 2632 1128 2692 καθὼς
1176 2628 1225 2682 ἐν
1272 2636 1386 2689 ταῖς
1433 2627 1665 2701 Πράξεσι
1721 2647 1892 2701 μεμα-

295 2727 545 2797 θήκαμεν.
610 2718 884 2776 Διεδὶδοτο
926 2722 1028 2791 γὰρ
1079 2719 1301 2789 ἑκάστῳ,
1362 2721 1512 2788 φησὶ,
1589 2716 1705 2768 καθ’
1768 2718 1794 2768 ὅ
1843 2734 1894 2768 τι

293 2813 353 2866 ἂν
406 2833 486 2875 τις
540 2817 726 2886 χρείαν
780 2811 941 2883 εἶχεν·
999 2802 1213 2865 Ἐπειδὴ
1265 2808 1363 2881 γὰρ
1409 2803 1589 2858 πολλοὶ
1641 2804 1894 2878 ὑπερϐαί-

292 2920 460 2964 νοντες
511 2904 605 2959 τὴν
665 2905 867 2973 χρῆσιν
919 2903 1019 2948 τῶν
1076 2894 1389 2966 ἀναγκαίων,
1434 2892 1669 2966 ἀφορμὴν
1730 2895 1894 2966 ἐμπο-

294 2993 436 3066 ρείας
485 2994 574 3043 καὶ
631 2988 878 3041 ὑπόθεσιν
931 2991 1125 3060 τρυφῆς
1190 2982 1433 3055 ἀσελγοῦς
1479 2988 1749 3036 ποιοῦνται
1801 2988 1895 3042 τὴν

1996 1818 2374 1886 solationem,
2405 1824 2473 1876 ut
2496 1819 2678 1876 etiam
2706 1818 2934 1876 laedens
2960 1835 3085 1876 non
3131 1820 3393 1879 multum
3429 1820 3655 1879 laesisse

1995 1907 2289 1980 videatur,
2332 1913 2389 1965 et
2443 1907 2671 1965 bellum
2727 1908 3016 1975 inferens,
3068 1908 3374 1967 neminem
3430 1910 3655 1969 victum

1996 1995 2297 2066 ostendat,
2338 1998 2394 2052 et
2421 2000 2755 2069 postquam
2793 1995 3152 2069 disperdidit
3178 1997 3433 2056 fratrum
3469 1998 3659 2059 facul-

1998 2089 2169 2155 tates,
2206 2084 2565 2143 liberalitate
2598 2089 2812 2145 nostra
2837 2085 3032 2144 victus
3061 2086 3492 2161 comperiatur.

2070 2267 2125 2322 6.
2160 2264 2237 2336 (Si)
2279 2265 2523 2337 Oportet
2568 2264 2816 2338 quidem
2865 2267 2930 2322 ut
2983 2264 3087 2338 qui
3141 2264 3404 2325 liberalis
3433 2271 3544 2338 est,
3576 2266 3658 2325 ob

2000 2353 2353 2410 charitatem
2381 2353 2444 2409 in
2484 2352 2863 2426 simplicitate
2890 2353 3163 2427 praebeat
3191 2371 3257 2412 se
3287 2371 3432 2427 erga
3459 2359 3662 2429 peten-

1999 2447 2088 2500 tes
2112 2441 2369 2515 facilem,
2418 2442 2756 2500 secundum
2785 2442 2935 2499 illud
2986 2450 3384 2518 praeceptum,
3417 2446 3664 2504 Petenti

2000 2549 2039 2591 a
2068 2538 2140 2600 te,
2170 2533 2252 2590 da
2273 2533 2350 2600 50;
2385 2537 2441 2590 et
2480 2549 2694 2589 rursus
2734 2533 2966 2591 ratione
2991 2535 3409 2593 necessitatem
3460 2536 3663 2593 unius-

2001 2621 2296 2695 cujusque
2345 2623 2600 2695 petentis
2628 2622 2960 2695 discernes,
3011 2628 3077 2681 ut
3130 2641 3203 2681 ex
3248 2625 3408 2682 Actis
3454 2625 3664 2684 didici-

2004 2726 2169 2769 mus.
2224 2712 2619 2768 Dividebatur
2672 2713 2830 2770 enim
2896 2713 3170 2784 singulis,
3225 2712 3442 2786 inquit,
3474 2722 3664 2785 prout

2005 2799 2218 2870 cuique
2244 2815 2391 2870 opus
2419 2805 2544 2857 erat
2571 2799 2642 2855 ⁵⁸.
2675 2799 2828 2865 Quia
2851 2800 3010 2856 enim
3041 2800 3215 2857 multi
3244 2803 3661 2860 necessarium

2005 2905 2187 2944 usum
2232 2888 2654 2959 transilientes,
2684 2889 3132 2947 mendicitatem
3179 2889 3259 2948 ad
3302 2891 3662 2962 negotiatio-

2005 2977 2098 3034 nis
2129 2976 2533 3047 occasionem,
2565 2981 2622 3035 et
2665 2976 3033 3036 lascivarum
3077 2978 3433 3036 deliciarum
3477 2985 3664 3038 mate-

295 3083 529 3146 αἶτησιν,
583 3077 942 3149 ἐπιστημόνως
998 3080 1087 3127 καὶ
1135 3074 1469 3145 οἰκονομικῶς
1517 3079 1633 3134 ταῖς
1692 3077 1893 3148 χρείαις

2008 3068 2157 3125 riam
2210 3071 2567 3125 convertunt
2597 3086 2611 3124 :
2663 3067 2917 3125 scienter
2946 3070 3003 3124 et
3028 3069 3281 3141 provide
3320 3085 3432 3142 pro
3456 3070 3666 3127 unius-

296 3169 518 3222 ἑκάστου
565 3171 659 3226 τὴν
713 3162 969 3237 διανομὴν
1026 3170 1125 3215 τῶν
1168 3161 1459 3234 ἀναγκαίων
1512 3163 1747 3233 γίνεσθαι
1792 3158 1892 3218 δεῖ.

294 3264 415 3321 Τοῖς
440 3261 541 3331 γὰρ
577 3253 642 3315 δὴ
686 3257 754 3308 τά
786 3249 1028 3327 θρηνώδη
1064 3251 1187 3324 μέλη
1228 3254 1358 3323 πρὸς
1386 3254 1478 3310 την
1509 3260 1606 3302 τῶν
1636 3261 1895 3322 γυναικών

299 3346 505 3405 ἀπάτην
547 3347 859 3413 συντιθεῖσι,
907 3347 996 3395 καὶ
1054 3344 1121 3393 τὰ
1176 3346 1471 3414 πηρωματα
1515 3347 1605 3393 τοῦ
1658 3346 1897 3412 σώματος

295 3442 381 3488 καὶ
474 3438 539 3488 τὰ
604 3435 723 3491 ἕλκη
788 3436 919 3507 πρὸς
988 3430 1267 3505 ἐμπορείας
1333 3426 1569 3506 ἀφορμὴν
1634 3433 1895 3483 συντιθεῖ-

300 3545 380 3579 σιν
414 3524 509 3595 ('2),
542 3523 600 3575 οὐ
649 3524 849 3583 πάντως
906 3524 963 3573 τὸ
997 3517 1216 3589 δαψιλὲς
1259 3526 1351 3581 τῆς
1411 3516 1680 3581 διακονίας
1720 3519 1897 3590 ὠφελι-

298 3634 411 3684 μονο
479 3612 682 3687 ἀφορμὴ
734 3615 834 3686 γὰρ
888 3610 1061 3669 αὐτοῖς
1112 3609 1182 3671 εἰς
1231 3613 1416 3660 κακίαν
1447 3610 1475 3666 ἡ
1528 3613 1764 3682 χορηγία
1810 3628 1895 3680 γε-

258 3708 523 3772 -νήσεταυ
586 3700 713 3754 ἀλλά
765 3704 931 3773 μικρᾷ
975 3695 1123 3752 δοσει
1189 3703 1298 3769 χρὴ
1357 3702 1451 3755 την
1503 3706 1601 3750 τῷν
1653 3702 1895 3750 τοιούτων

299 3792 496 3851 ἠλακην
558 3790 903 3855 ἀπωθεῖσθαι,
936 3792 993 3841 τὸ
1044 3785 1103 3840 δὲ
1152 3788 1419 3860 συμπαθὲς
1455 3792 1544 3839 καὶ
1592 3784 1897 3859 φιλάδελφον

298 3878 698 3934 ἐπιδείκνυσθαι
746 3881 826 3947 (3)
859 3877 909 3930 ἐν
968 3885 1100 3945 τοῖς,
1130 3876 1242 3948 μεθ’
1290 3878 1552 3949 ὑπομονῆς
1591 3881 1684 3933 τὴν
1726 3876 1899 3946 θλίψιν

300 3976 464 4044 φέρειν
520 3966 943 4042 δεδιδαγμένοις,
984 3969 1110 4039 ὑπὲρ
1168 3966 1235 4016 ὧν
1292 3971 1380 4018 καὶ
1420 3967 1756 4038 λεχθήσεται,
1820 3968 1900 4018 ὅτι

309 4063 607 4128 Ἐπείναο-α,
666 4065 757 4112 καὶ
814 4053 1044 4110 ἐδώκατέ
1094 4074 1185 4128 μοι
1237 4061 1435 4127 φαγεῖν.
1492 4058 1588 4108 Διά
1637 4061 1790 4107 τοῦτο
1832 4063 1902 4126 τῷ

304 4155 411 4203 ὄντι
456 4151 729 4224 ἐμπειρίας
772 4148 968 4223 χρῄζει
1016 4147 1045 4205 ἡ
1079 4141 1362 4217 διάγνωσις
1388 4151 1478 4197 τοῦ
1532 4142 1731 4205 ἀληθῶς
1781 4141 1900 4197 δεο-

302 4244 483 4312 μένου,
551 4244 640 4292 καὶ
688 4246 780 4292 τοῦ
833 4239 969 4289 κατά
1018 4234 1309 4297 πλεονεξίαν
1368 4234 1655 4296 αἰτοῦντος.
1719 4238 1819 4286 Καὶ
1876 4235 1902 4285 6

302 4333 390 4403 μὲν
444 4337 517 4402 τῷ
551 4328 831 4401 θλιϐομένῳ
891 4323 1038 4391 δοὺς,
1099 4333 1170 4396 τῷ
1217 4329 1390 4399 Κυρίῳ
1431 4321 1611 4394 ἔδωκε,
1662 4328 1751 4376 καὶ
1780 4323 1903 4395 παρ’

2006 3159 2303 3230 cujusque
2332 3159 2689 3215 necessitate
2710 3157 3053 3215 distributio
3071 3175 3276 3216 rerum
3300 3162 3666 3219 necessaria-

2005 3264 2139 3305 rum
2168 3247 2447 3304 facienda
2474 3248 2578 3316 (6).
2612 3246 2725 3313 Qui
2749 3246 2910 3304 enim
2942 3247 3227 3318 lugubria
3268 3249 3541 3307 carmina
3583 3250 3663 3307 ad

2005 3337 2391 3395 mulierculas
2444 3336 2836 3410 decipiendas
2884 3343 3280 3411 componunt,
3340 3344 3398 3397 et
3453 3339 3666 3398 mutila

2006 3428 2275 3502 corporis
2330 3428 2625 3497 membra,
2659 3444 2730 3485 ac
2788 3426 2990 3486 ulcera
3033 3428 3120 3485 ad
3169 3433 3442 3502 qmestus
3494 3445 3667 3489 occa-

2007 3518 2239 3575 sionem
2293 3516 2721 3574 inveniendam
2775 3516 3153 3589 conﬁngunt,
3183 3534 3309 3576 non
3368 3534 3516 3576 sane
3572 3519 3667 3576 his

2007 3607 2256 3680 copiosa
2300 3607 2570 3678 erogatio
2602 3606 2905 3680 proderit;
2945 3607 3092 3679 ipsis
3113 3608 3275 3665 enim
3308 3609 3666 3665 instrumen-

2008 3701 2136 3754 tum
2168 3700 2254 3754 est
2276 3701 2353 3753 act
2374 3694 2709 3767 nequitiam
2740 3695 3067 3752 liberalitas
3093 3714 3105 3751 :
3139 3695 3242 3753 sed
3276 3700 3511 3770 oportet
3540 3712 3667 3754 mo-

2010 3785 2145 3842 dica
2176 3785 2522 3855 erogatione
2552 3784 2853 3855 ejusmodi
2897 3784 3215 3842 hominum
3258 3785 3546 3843 latratum
3575 3801 3667 3843 ar-

2009 3892 2163 3944 cere,
2196 3874 2675 3932 miscricordiam
2720 3878 2922 3930 autem
2953 3877 3010 3931 et
3037 3875 3369 3933 fraternam
3406 3876 3667 3933 charita-

2011 3969 2131 4021 tem
2163 3966 2221 4020 in
2261 3980 2363 4021 eos
2401 3961 2717 4019 ostendere
2766 3963 2870 4035 qui
2915 3978 3011 4020 res
3058 3963 3347 4022 adversas
3373 3965 3670 4038 patienter

2007 4054 2269 4127 perferre
2298 4052 2655 4119 didicerunt,
2689 4067 2801 4125 pro
2830 4051 3053 4125 quibus
3082 4057 3140 4111 et
3180 4054 3413 4112 dicetur
3442 4072 3454 4111 :
3500 4055 3668 4111 Esu-

2011 4145 2144 4212 rivz‘,
2170 4150 2223 4199 et
2252 4142 2496 4199 dedistis
2523 4142 2677 4199 mihi
2700 4143 3073 4200 manducare
3094 4144 3142 4179 ⁵³
3167 4143 3267 4216 (7).
3292 4145 3670 4217 Quapropter

2012 4231 2379 4305 experientia
2398 4246 2554 4303 opus
2583 4230 2787 4301 habet,
2819 4235 2886 4288 ut
2913 4231 2963 4287 is
2993 4232 3098 4305 qui
3128 4248 3269 4290 vere
3298 4247 3533 4306 pauper
3557 4236 3667 4302 est,

2012 4321 2209 4387 abeo,
2258 4321 2361 4393 qui
2393 4337 2463 4376 ex
2515 4320 2763 4377 avaritia
2827 4319 3151 4391 mendicat,
3206 4325 3571 4378 secernatur.
3603 4323 3673 4378 Et

303 4418 463 4470 αὐτοῦ
516 4417 742 4486 λήψεται
795 4420 882 4468 τὸν
933 4417 1140 4486 μισθόν·
1206 4414 1232 4465 ὁ
1287 4410 1346 4465 δὲ
1398 4422 1470 4483 τῷ
1518 4416 1893 4486 περιερχομενᾳ

2012 4409 2259 4483 quidem
2288 4407 2565 4481 quisquis
2617 4407 2977 4465 calamitoso
3030 4408 3158 4480 dat,
3187 4408 3354 4466 dedit
3391 4407 3670 4475 Domino,

302 4508 712 4578 παρασχόμενος
769 4507 948 4569 παντὶ,
999 4500 1320 4575 προσέρῥιῲε
1374 4506 1490 4554 κυνὶ
1545 4509 1771 4574 φορτικῷ
1812 4497 1907 4555 διὰ

305 4596 399 4652 τὴν
432 4588 716 4661 ἀναίδειαν,
741 4590 835 4644 οὐκ
866 4588 1058 4659 ἐλεεινῷ
1090 4584 1185 4641 διὰ
1212 4592 1305 4647 τήν
1334 4584 1555 4644 ἔνδειαν.

377 4775 430 4828 7.
482 4772 792 4840 Ἀκούσατε,
850 4769 900 4822 οἱ
954 4766 1219 4835 πλούσιοι,
1283 4767 1437 4819 ὁποῖα
1491 4765 1904 4839 συμϐουλεύομεν

305 4869 410 4923 τοῖς
444 4867 685 4934 πτωχοῖς
729 4856 764 4914 δ
770 4863 823 4913 ιά
851 4864 944 4917 τὴν
989 4858 1237 4934 ὑμετέραν
1296 4854 1684 4931 ἀπανθρωπίαν,
1715 4854 1905 4929 ἐγκαρ-

307 4958 468 5025 τερεῖν
509 4950 696 5022 μᾶλλον
745 4956 857 5012 τοῖς
901 4945 1111 5014 δεινοῖς,
1140 4948 1169 5006 ἦ
1222 4948 1312 5008 τὰς
1340 4946 1396 5000 ἐκ
1439 4954 1540 4999 τῶν
1568 4949 1733 5001 τόκων
1764 4966 1904 5020 συμ-

378 5077 450 5115 ιθ·
482 5078 620 5134 Luc.
653 5092 747 5145 xv,
774 5078 865 5134 24.
940 5074 990 5110 ⁸ο
1018 5074 1158 5130 Luc.
1187 5087 1264 5143 v1,
1303 5075 1391 5129 30.
1468 5074 1513 5109 δι
1542 5073 1676 5130 Act.
1711 5088 1789 5142 iv,
1812 5071 1901 5130 35.

348 5192 666 5285 ’(1λλ1είξῃ.
700 5200 901 5260 Codex
932 5200 1067 5256 1992
1092 5193 1299 5267 δεῖξαι..
1315 5195 1407 5255 Sic
1458 5195 1640 5255 etiam
1694 5196 1906 5255 homil.

310 5273 533 5331 Basilii.

380 5345 455 5417 (2)
469 5346 809 5399 Συντιθεῖσιν.
828 5339 981 5417 Sa_tis
1000 5339 1321 5417 commode
1338 5338 1458 5397 hoc
1468 5339 1724 5417 verbum
1734 5339 1912 5417 deest

310 5411 617 5474 in'e'odein
638 5416 875 5487 codice.
894 5412 1129 5487 Legitur
1152 5411 1216 5469 in
1251 5414 1906 5487 contextqnpggtaaiaw.

385 5486 458 5557 (3)
500 5486 949 5542 Ἐπιδείκνυσθαι.
995 5483 1233 5555 Legitur
1271 5483 1336 5542 in
1364 5484 1498 5558 ipso
1522 5483 1724 5545 Basilii
1770 5499 1912 5543 COD-

316 5556 479 5618 textu
508 5558 977 5633 ἐπιδεικνυμένους.

532 5647 771 5708 ΡΑτιῑοι..
816 5651 921 5710 Gn.
960 5646 1163 5707 XXXII.

2014 4502 2071 4557 et
2094 4499 2172 4556 ab
2203 4513 2274 4555 eo
2301 4496 2644 4554 mercedem
2674 4496 2926 4570 accipiet
2952 4516 2964 4553 :
2993 4496 3099 4569 qui
3146 4513 3289 4555 vero
3323 4497 3673 4555 errabundo

2011 4585 2180 4644 omni
2223 4584 2449 4652 tribuit,
2497 4585 2736 4657 projicit
2782 4584 2939 4651 cani,
2990 4583 3249 4642 molesto
3296 4584 3546 4658 quidem
3591 4585 3673 4643 ob

2013 4671 2477 4749 impudentiam,
2500 4674 2608 4730 sed
2627 4689 2751 4730 non
2777 4672 3125 4730 miserando
3147 4672 3228 4731 ob
3252 4672 3672 4746 indigentiam.

2089 4764 2268 4838 490
2295 4769 2347 4820 7.
2370 4760 2946 4835 (8):Audite,divites,
2969 4761 3147 4834 quale
3167 4764 3538 4836 pauperibus
3563 4764 3664 4821 de-

2016 4870 2155 4911 mus
2179 4850 2495 4911 consilium
2519 4851 2599 4910 ob
2631 4856 2893 4909 vestram
2904 4850 3432 4925 inhumanitatem,
3453 4868 3678 4927 nempe

2017 4950 2083 5002 ut
2129 4942 2493 5014 gravissima
2536 4956 2800 5016 quaeque
2837 4944 3182 5001 constanter
3219 4940 3415 5003 ferant
3453 4944 3677 5018 potius,

1981 5070 2029 5107 ⁵²
2067 5068 2268 5128 Matth.
2293 5085 2432 5137 xxv,

2061 5196 2276 5279 “(4)9;
2298 5193 2469 5253 hom.
2501 5192 2669 5263 Quod
2704 5192 3032 5252 mundanis
3087 5190 3521 5256 adhaerendum
3557 5209 3679 5254 non

2018 5271 2289 5423 διιξξῗὲᾗ
2302 5339 2469 5423 hom.
2500 5338 2565 5398 in
2588 5338 2756 5411 ρεαδ.
2785 5354 2909 5409 xxv,
2930 5338 3058 5397 357.

2092 5410 2168 5482 (6)
2206 5410 2357 5467 Ibid.
2604 5410 2607 5411 ⁷

2205 5484 2288 5568 ξε
2308 5483 2463 5568 epist
2482 5494 2567 5568 cn,
2591 5483 2714 5538 241.

2094 5552 2172 5627 (8)
2211 5554 2295 5614 Ex
2323 5552 2490 5615 liom.
2517 5552 2583 5612 in
2609 5554 2768 5627 psat.
2801 5568 2919 5623 xiv,
2945 5552 3070 5615 112.
3443 5643 3511 5699 3⁷
