4146 6418
504 233 639 286 1163

1490 219 1853 276 APPENDIX.
1883 249 1949 255 ——
1974 215 2319 272 SYMEONIS
2351 219 2890 276 METAPHRASTE.

3724 223 3880 282 1164

501 369 690 428 quam
742 348 1117 406 calamitates
1147 362 1220 403 ex
1268 344 1471 401 fenore
1499 343 1918 416 provenientes
1953 355 2160 413 perpe-

2275 345 2431 415 φορὰς
2485 339 2870 415 ὕποδέχεσθαι.
2906 346 2962 397 Εἰ
3014 342 3072 396 δε
3126 346 3389 400 ἐπείθεσθε
3426 357 3496 417 τῷ
3557 355 3758 422 Κυρίῳ,
3793 356 3884 411 τίς

503 444 748 501 tiantur.
805 441 1027 497 Morem
1075 438 1122 492 si
1190 435 1443 493 Domino
1509 432 1812 504 gereretis,
1875 429 2021 503 quid
2064 429 2160 486 his

501 531 704 589 verbis
756 531 912 584 esset
955 526 1157 599 opus?
1217 528 1368 581 Nam
1411 523 1512 589 ait,
1547 525 1811 578 Mutuum
1843 520 2161 587 dale,iis,a

504 620 720 693 quibus
776 633 899 673 non
947 616 1202 685 speratis
1253 618 1596 682 recepturos
1638 626 1737 665 vos
1776 609 1982 665 esse”.
2016 610 2160 663 Cum

507 710 672 767 enim
722 707 980 782 pauperi
1030 701 1267 760 Domini
1319 702 1513 772 gratia
1561 699 1837 766 dederis;
1887 697 2049 752 idem
2107 702 2165 753 et

509 799 743 855 donum
795 797 884 851 est
935 797 992 850 et
1029 791 1227 848 fenus.
1282 791 1517 846 Donum
1573 786 1841 862 quidem,
1873 785 2042 860 quod
2071 801 2163 841 re-

508 890 824 960 capturum
879 884 937 939 te
983 879 1131 937 nihil
1183 895 1314 936 esse
1360 893 1616 950 speras:
1667 875 1843 932 fenus
1887 891 2051 942 vero,
2083 873 2163 930 ob

511 959 750 1032 Domini
795 988 906 1046 pro
954 970 1134 1042 inope
1188 959 1601 1041 persolventis'
1666 964 2161 1038 muniﬁcentiam,

509 1064 636 1138 qui,
688 1061 900 1136 paucis
943 1075 1052 1132 per
1092 1071 1426 1131 pauperem
1477 1055 1756 1128 acceptis,
1808 1069 2034 1124 magna
2072 1067 2166 1107 eo-

509 1171 647 1210 rum
701 1152 836 1209 loco
887 1149 1235 1207 redditurus
1295 1149 1384 1202 est
1433 1145 1531 1216 (l).
1594 1143 1938 1200 Consideret
1988 1141 2168 1212 igitur

507 1243 762 1300 divitum
804 1239 1064 1314 quisque
1097 1253 1241 1292 suos
1265 1235 1515 1302 reditus,
1544 1251 1575 1290 e
1605 1233 1828 1306 quibus
1857 1235 1975 1287 Deo
2005 1231 2169 1287 dona

513 1331 832 1389 oblaturus
861 1328 974 1394 sit;
999 1343 1147 1382 num
1173 1340 1506 1399 pauperem
1527 1321 1779 1395 imperio
1802 1337 1911 1376 suo
1931 1335 2172 1392 oppres-

509 1422 670 1492 serit,
701 1436 852 1476 num
899 1416 1217 1479 inﬁrmiori
1271 1416 1395 1471 vim
1445 1411 1727 1480 intulerit,
1757 1427 1906 1466 num
1965 1426 2001 1467 a
2030 1408 2169 1465 sub-

509 1511 634 1568 dito
686 1507 1008 1583 quidpiam
1061 1505 1263 1578 inique
1319 1502 1647 1559 exterserit.
1712 1503 1958 1558 Servare
2007 1499 2165 1555 enim

511 1598 681 1674 quod
705 1598 944 1670 justum
975 1599 1066 1652 est
1086 1598 1142 1650 et
1166 1609 1434 1667 aequum,
1465 1591 1646 1648 etiam
1673 1591 1736 1647 in
1787 1605 1991 1646 servos
2022 1604 2171 1661 prte-

2267 437 2427 506 χρεία
2484 441 2582 483 τῶν
2654 433 2816 504 λόγων
2900 437 3140 502 τούτων;
3201 438 3463 496 Δανείζετε
3530 441 3655 512 γὰρ,
3713 446 3881 511 φησὶ,

2268 521 2391 594 παρ’
2464 521 2530 572 ὧν
2587 522 2681 573 οὐκ
2743 521 2972 585 ἐλπίζετε
3036 523 3226 576 λαϐεῖν.
3296 523 3452 576 ’Ὁταν
3510 530 3611 599 γὰρ
3667 537 3882 600 πτωχῷ

2273 615 2519 681 παρέχειν
2567 610 2753 683 μέλλῃς
2933 609 3026 663 διά
3067 617 3153 664 τὸν
3225 615 3433 686 Κύριον,
3491 618 3548 667 τὸ
3603 615 3729 668 αὐτὸ
3785 622 3882 669 καὶ

2273 695 2439 774 δῶρόν
2465 699 2580 751 ἐστι
2622 706 2711 751 καὶ
2743 697 3020 772 δάνεισμα·
3082 697 3248 777 δῶρον
3279 707 3390 773 μὲν,
3453 699 3548 756 διὰ
3600 710 3694 763 τὴν
3736 705 3878 759 ἀνελ-

2271 792 2488 840 πιστίαν
2517 796 2612 850 τῆς
2660 786 2995 859 ἀπολήψεως·
3031 785 3293 862 δάνεισμα
3340 787 3422 862 δὲ,
3463 788 3557 844 διὰ
3595 798 3690 850 τὴν
3716 814 3880 865 μέγα·

2272 874 2532 950 λοδωρεάν
2586 884 2676 929 τοῦ
2727 882 3009 944 Δεσπὸτου,
3057 886 3148 931 τοῦ
3198 878 3562 942 ἀποτιννύντος
3621 883 3750 957 ὑπερ
3788 883 3878 936 αύ-

2274 973 2385 1017 τοῦ⁹
2443 965 2498 1027 ὃς
2526 968 2690 1040 μικρά
2719 965 2887 1018 λαϐὼν
2933 962 3026 1018 διὰ
3078 975 3169 1019 τοῦ
3223 971 3461 1038 πένητος,
3494 971 3698 1042 μεγάλα
3746 973 3874 1046 ὑπὲρ

2276 1054 2442 1106 αὐτῶν
2475 1051 2802 1111 ἀποδίδωσι.
2843 1060 3100 1107 Σκοπείτω
3130 1060 3298 1108 τοίνυν
3318 1061 3438 1120 τοὺς
3468 1056 3641 1120 ἰδίους
3680 1065 3876 1136 πόρους

2275 1151 2374 1194 τῶν
2426 1144 2779 1197 πλουτούντων
2837 1145 3072 1212 ἕκαστος,
3141 1145 3194 1208 ἐξ
3263 1145 3329 1197 ὧν
3394 1146 3661 1223 ἀναφέρειν
3730 1146 3873 1225 δῶρα

2277 1232 2445 1303 μέλλει
2498 1242 2633 1303 Θεῷ,
2665 1238 2736 1306 μὴ
2770 1235 2857 1285 τὸν
2909 1239 3107 1292 πένητα
3159 1233 3647 1304 καταδυνάστευσε,
3693 1245 3756 1310 μὴ
3785 1244 3868 1292 τὸν

2279 1321 2644 1396 ἀσθενέστερον
2676 1321 2944 1391 ἐϐιάσατο,
2975 1327 3048 1396 μὴ
3103 1328 3190 1376 τὸν
3221 1326 3556 1398 ὑποκείμενον
3610 1327 3742 1400 αύτῷ
3785 1350 3872 1382 πε-

2278 1411 2661 1477 πλεονέκτηκεν,
2722 1410 2934 1484 ἐξουσίᾳ
2993 1418 3264 1488 χρώμενος
3340 1413 3454 1466 ἀντὶ
3513 1412 3872 1479 δικαιοσύνης.

2278 1504 2347 1553 Τὸ
2402 1496 2606 1552 δίκαιον
2649 1503 2750 1575 γὰρ
2791 1501 2897 1571 xui:
2927 1506 3020 1558 τὴν
3071 1501 3292 1560 ἰσότητα
3339 1503 3648 1577 κελευόμεθα
3693 1506 3880 1579 φυλάτ-

2279 1608 2381 1641 τειν
2421 1594 2511 1640 καὶ
2552 1592 2683 1662 πρὸς
2726 1593 2849 1651 τοὺς
2897 1585 3243 1663 δούλους
3287 1597 3372 1650 Μὴ
3406 1599 3503 1666 γὰρ
3547 1596 3622 1646 ὅτι
3642 1603 3877 1668 κρατεῖς,

513 1673 771 1762 cipimur
796 1705 809 1742 :
831 1685 955 1743 noli
985 1701 1128 1742 vero
1158 1683 1303 1756 quia
1335 1681 1609 1755 superior
1646 1697 1710 1737 es
1760 1681 1888 1736 vim
1934 1677 2164 1748 afferre,

2282 1675 2476 1749 βιάζου
2506 1693 2522 1708 ⁸
2593 1673 2733 1748 μηδὲ
2784 1679 2864 1730 ὅτι
2913 1675 3164 1744 δύνασαι,
3230 1679 3554 1734 πλεονέκτει·
3617 1681 3724 1734 ἀλλ’
3794 1686 3882 1736 ὅτι

513 1792 712 1850 neque
741 1774 888 1848 quia
940 1778 1130 1846 potes,
1160 1765 1536 1842 extorquere,
1571 1769 1680 1825 sed
1720 1768 1866 1841 quia
1913 1767 2019 1824 tibi
2063 1781 2171 1839 per

513 1868 669 1923 vires
696 1865 856 1932 licet,
876 1879 1050 1920 exere
1077 1860 1322 1934 justitiaa
1352 1875 1567 1933 opera;
1591 1875 1736 1915 nam
1766 1859 1827 1915 in
1856 1874 1979 1930 quo
2004 1855 2170 1912 nulla

513 1954 622 2014 tibi
651 1955 828 2012 datur
870 1950 1148 2020 facultas,
1177 1950 1240 2007 in
1295 1966 1367 2006 eo
1413 1965 1560 2006 sane
1618 1948 1854 2004 nullum
1892 1946 1977 2003 tui
2026 1961 2172 2016 erga

515 2047 705 2101 Deum
724 2042 957 2100 timoris
988 2044 1170 2114 atque
1192 2037 1546 2096 obedientiae
1569 2037 1875 2111 specimen
1923 2035 2169 2092 exhibe-

510 2135 607 2192 bis
642 2153 655 2190 :
687 2131 795 2190 sed
817 2133 880 2189 in
901 2148 972 2189 eo
1004 2129 1173 2205 quod
1219 2146 1359 2187 cum
1406 2127 1750 2198 transgredi
1791 2127 2015 2200 possis,
2046 2141 2170 2183 non

514 2221 956 2294 transgrederis
993 2239 1007 2288 ;
1039 2220 1088 2275 si
1111 2234 1254 2276 vero
1293 2234 1430 2290 quae
1460 2216 1837 2290 pauperibus
1877 2215 2168 2288 eripuisti,

513 2330 587 2372 ea
641 2314 704 2370 in
749 2325 1052 2386 pauperes
1093 2310 1331 2379 erogas,
1386 2305 1731 2379 praeclarius
1789 2307 1986 2361 tecum
2035 2320 2171 2374 age-

512 2407 695 2460 retur.
731 2400 782 2456 si
808 2414 1007 2472 neque
1027 2413 1294 2471 raperes,
1317 2411 1516 2469 neque
1556 2393 1756 2451 dares.
1787 2398 1987 2466 Neque
2009 2393 2170 2450 enim

513 2489 814 2550 beneﬁcia
867 2493 946 2544 ab
981 2487 1189 2560 iniquo
1231 2485 1554 2559 quaestuin
1600 2500 1899 2558 pauperes
1930 2483 2167 2552 collata,

515 2580 637 2634 Deo
688 2579 860 2647 grata
906 2578 1276 2647 acceptaque
1333 2575 1507 2630 sunt:
1558 2589 1754 2646 neque
1783 2572 1888 2646 qui
1938 2571 2168 2644 rapinis

511 2663 938 2737 hujuscemodi
982 2662 1262 2730 abstinet,
1292 2661 1639 2719 laudandus
1681 2664 1788 2732 est,
1837 2661 1884 2717 si
1926 2660 2003 2717 de
2059 2677 2168 2716 suo

511 2753 817 2812 neminem
839 2752 1079 2825 juverit.
1107 2755 1188 2808 De
1235 2751 1329 2807 his
1367 2749 1530 2808 enim
1560 2750 1664 2824 qui
1711 2750 1932 2822 injuste
1979 2747 2170 2824 possi-

512 2843 677 2914 dent,
710 2845 890 2914 atque
920 2841 1086 2898 dona
1110 2839 1322 2898 offerre
1375 2841 1496 2896 Deo
1545 2839 1955 2910 egrediuntur,
1985 2838 2170 2911 scrip-

513 2935 644 2991 tum
673 2933 801 2988 est:
854 2933 1233 3002 Sacriﬁcium
1280 2932 1623 3001 impiorum,
1655 2930 2020 2988 abominatio
2071 2946 2166 2987 co-

2276 1767 2498 1839 πάρεστί
2554 1785 2638 1818 σοι
2695 1769 2761 1819 τὰ
2790 1775 2885 1828 τῆς
2915 1766 3172 1840 ἐξουσίας,
3207 1765 3376 1832 δεῖξον
3426 1773 3492 1824 τὰ
3519 1779 3615 1834 τῆς
3662 1769 3881 1826 δικαιο-

2281 1858 2460 1917 σύνης.
2529 1855 2603 1907 Ού
2669 1858 2769 1931 γὰρ
2828 1855 2877 1908 ἐν
3044 1861 3115 1930 μὴ
3195 1855 3444 1929 δύνασαι,
3507 1862 3746 1934 παρέξεις
3785 1868 3884 1921 τὴν

2279 1941 2549 2008 ἀπόδειξιν
2615 1953 2710 2007 τῆς
2784 1947 2913 2017 πρὸς
2980 1946 3106 1998 Θεὸν
3174 1948 3409 2010 ὑπακοῆς
3474 1953 3561 2002 καὶ
3627 1958 3720 2002 τοῦ
3787 1956 3880 2023 φὸ-

2279 2033 2392 2087 ϐου’
2473 2033 2580 2086 ἀλλ’
2648 2033 2696 2085 ἐν
2862 2034 3161 2108 παραϐῆναι
3220 2033 3522 2111 δυνάμενος,
3593 2039 3653 2092 ού
3709 2061 3881 2116 παρα-

2280 2122 2492 2184 ϐαίνεις.
2548 2121 2607 2176 Εἰ
2663 2119 2721 2175 δὲ
2773 2121 3076 2196 ἀφελόμενος
3127 2127 3192 2177 τά
3240 2133 3340 2178 τῶν
3394 2132 3645 2197 πενήτων,
3689 2135 3881 2187 πένησι

2280 2208 2468 2284 δίδως,
2532 2211 2736 2264 κάλλιον
2794 2208 2936 2270 ἦσθα
2998 2219 3126 2286 μήτε
3181 2213 3428 2289 ἁρπάζων
3463 2222 3597 2288 μήτε
3663 2213 3877 2280 διδούς.

2281 2305 2414 2353 Οὔτε
2465 2304 2564 2373 γὰρ
2623 2301 2675 2363 ἐξ
2725 2297 2924 2353 ἀδίκων
2954 2299 3150 2375 κερδῶν
3195 2303 3466 2379 εὐεργεσία
3489 2310 3616 2379 πρὸς
3643 2311 3728 2359 τὸν
3759 2304 3881 2360 δεό-

2279 2410 2425 2462 μενον
2478 2387 2632 2448 δεκτὴ
2689 2392 2834 2463 παρά
2883 2399 3016 2463 Θεῷ,
3047 2396 3163 2445 οὔτε
3220 2394 3245 2444 ὁ
3288 2402 3388 2446 τῶν
3421 2392 3642 2449 ἀδικιῶν
3671 2396 3876 2468 ἀπεχό-

2278 2501 2424 2552 μενος
2471 2479 2752 2552 ἐπαινετὸς,
2824 2481 2867 2532 εὶ
2930 2477 3119 2553 μηδενὶ
3179 2479 3435 2555 μεταδοίη
3505 2493 3604 2536 τῶν
3663 2485 3869 2542 ἑαυτοῦ.

2281 2575 2405 2645 Περὶ
2442 2572 2532 2642 μὲν
2574 2571 2674 2644 γὰρ
2726 2577 2825 2621 τῶν
2880 2567 3221 2640 ἀδικούντων,
3253 2577 3344 2624 καὶ
3392 2569 3542 2647 δῶρα
3569 2582 3675 2644 Θεῷ
3694 2593 3864 2646 προσ-

2279 2663 2444 2733 φέρειν
2523 2657 2944 2732 ἐπιχειρούντων,
3022 2664 3334 2734 γέγραπται·
3414 2667 3593 2716 Θυσία
3651 2661 3867 2732 ἀσεϐῶν,

2279 2746 2557 2822 βδέλυγμα
2619 2752 2811 2822 Κυρίῳ·
2875 2753 2991 2822 περὶ
3058 2746 3116 2802 δὲ
3179 2757 3278 2802 τῶν
3329 2755 3401 2822 μὴ
3466 2751 3749 2804 ἐλεούντων.
3814 2752 3875 2804 Ὀ

2277 2841 2526 2911 φράσσων
2572 2840 2638 2890 τὸι
2703 2833 2812 2889 ὦτα
2867 2838 3027 2890 αὐτοῦ
3075 2845 3166 2891 τοῦ
3218 2843 3291 2911 μὴ
3348 2841 3651 2894 ὑπακοῦσαι
3718 2846 3874 2898 πένη-

2641 2926 2798 2986 αύτὸς
2861 2926 3242 2995 ἑπικαλέσεται,
3311 2934 3401 2982 καὶ
3461 2930 3556 2982 ούκ
3638 2933 3788 2983 ἔσται
3851 2934 3912 2992 ὸ,

2275 2948 2379 2995 τος,
2449 2932 2539 2979 καὶ

515 3039 648 3080 ram
677 3022 935 3078 Domino
955 3024 1024 3080 5‘.
1079 3023 1160 3078 De
1207 3019 1302 3077 his
1355 3024 1556 3076 autem
1597 3020 1703 3093 qui
1729 3018 1913 3088 [nulla
1940 3019 2165 3074 miseri-

2279 3017 2572 3070 ὑπακούων.
2599 3018 2694 3069 Διά
2743 3023 2896 3068 τοῦτο
2927 3016 2956 3074 ἡ
3009 3021 3273 3089 Παροιμία
3329 3017 3691 3092 συμϐουλεύει’
3736 3024 3881 3092 Τίμα

517 3109 724 3167 cordia
779 3113 1230 3182 permoventur,
1261 3107 1376 3176 Qui
1420 3107 1661 3165 obturat
1691 3122 1832 3163 suas
1859 3123 2055 3174 aures,
2095 3121 2171 3164 ne

508 3216 842 3273 pauperem
892 3198 1204 3265 eraudiat,
1230 3198 1358 3266 ipse
1406 3198 1582 3254 etiam
1633 3196 1952 3264 invocabit,
1984 3211 2172 3269 neque

516 3294 628 3351 erit
647 3294 753 3365 qui
775 3289 1064 3350 exaudiat
1093 3287 1163 3341 ⁵⁵.
1189 3285 1509 3357 Propterea
1532 3289 1737 3342 monet
1778 3289 1836 3341 et
1876 3285 2167 3342 hortatur.

515 3381 845 3439 Parosmia:
901 3377 1155 3433 Honora
1195 3375 1516 3430 Dominum
1563 3375 1636 3431 de
1699 3374 2006 3431 laboribus
2055 3375 2170 3430 tuis

505 3472 692 3540 justis
725 3487 738 3525 :
769 3475 824 3527 et
840 3467 1140 3538 primitias
1169 3463 1265 3520 illi
1294 3463 1446 3532 offer
1472 3465 1545 3520 de
1575 3465 1690 3519 tuis
1719 3464 2024 3533 fructibus
2034 3463 2170 3534 jus-

517 3560 664 3616 tiliae
685 3561 756 3618 ⁵⁸.
789 3557 848 3615 Si
876 3555 1039 3613 enim
1068 3569 1142 3611 ex
1164 3553 1477 3625 iniquitate
1530 3556 1585 3609 et
1626 3552 1841 3626 rapina
1882 3553 2169 3626 quaedam

515 3648 831 3706 oblaturus
861 3663 925 3703 es
981 3646 1124 3710 Deo,
1157 3643 1538 3716 praestantius
1591 3646 1747 3699 esset
1791 3659 1989 3715 neque
2027 3641 2171 3700 talia

515 3737 860 3810 possedisse
890 3738 945 3791 te
983 3747 1281 3805 unquam,
1308 3746 1508 3804 neque
1554 3748 1627 3786 ex
1666 3731 1759 3786 his
1793 3731 2026 3788 offerre.
2059 3731 2170 3786 Pu-

513 3843 651 3882 rum
706 3824 869 3882 enim
929 3821 1162 3879 donum
1209 3819 1422 3876 evehet
1470 3835 1732 3893 precem,
1763 3824 1830 3876 ut
1877 3821 2169 3893 scriptum

514 3919 603 3971 est
630 3933 642 3970 :
673 3915 888 3971 Preces
918 3927 1122 3969 eorum
1145 3910 1250 3982 qui
1281 3912 1436 3966 recto
1475 3915 1616 3965 sunt
1660 3911 1855 3977 corde,
1911 3916 2169 3980 acceptae

514 4008 658 4058 sunt
705 4001 874 4073 apud
927 4006 1125 4070 ipsum
1151 3999 1220 4054 ³⁷.
1283 3999 1347 4055 Et
1397 4014 1638 4054 rursum
1677 3998 1726 4054 si
1774 3999 2089 4071 possidens
2136 4015 2168 4055 e

511 4090 689 4162 justis
742 4089 1058 4146 laboribus
1114 4103 1240 4144 non
1293 4086 1580 4143 obtuleris
1641 4090 1761 4144 Deo
1809 4087 2166 4159 oblationes,

513 4179 735 4253 quibus
761 4179 999 4236 alantur
1028 4191 1348 4251 pauperes,
1383 4176 1779 4249 imputabitur
1820 4177 1924 4233 tibi
1967 4178 2028 4233 in
2069 4194 2166 4235 ra-

511 4270 724 4344 pinam
766 4269 832 4326 ut
860 4284 968 4341 per
1015 4266 1380 4341 prophetam
1427 4265 1781 4322 Malachiam
1831 4267 1913 4322 ait
1965 4269 2162 4323 Deus:

510 4357 810 4417 Primitiae
831 4365 885 4415 et
905 4357 1149 4414 decima
1196 4361 1408 4412 vestrm
1438 4355 1735 4412 vobiscum
1775 4361 1937 4423 sunt,
1966 4362 2020 4413 et
2052 4358 2165 4414 erit

509 4450 573 4504 in
631 4447 900 4504 domibus
954 4447 1165 4504 vestris
1195 4445 1456 4515 direptio
1506 4445 1576 4501 ⁵⁸.
1627 4443 1987 4515 Quidigitur
2029 4450 2164 4504 tuas

507 4537 747 4595 divitias
791 4537 1175 4609 coinquinas,
1203 4550 1240 4590 ο
1277 4534 1486 4601 homo,
1517 4533 1726 4606 iniqua
1753 4533 1921 4591 lucra
1949 4535 2043 4591 his
2070 4553 2165 4592 su-

504 4627 852 4700 peraddens
872 4628 900 4682 ‘I
927 4625 1080 4692 Quid
1115 4623 1589 4680 abominabilem
1619 4624 1766 4680 facis
1791 4624 2162 4683 oblationem

503 4719 674 4773 tuam
729 4732 804 4772 ex
845 4714 1158 4787 injustitia,
1203 4713 1354 4768 dum
1402 4711 1464 4768 id
1507 4713 1720 4770 offerre
1766 4717 1958 4771 tentas
1988 4717 2160 4787 cujus

503 4805 757 4861 nomina
782 4803 1024 4861 alterius
1051 4801 1332 4876 pauperis
1363 4802 1714 4858 miserturus
1739 4818 1804 4858 es
1833 4802 1845 4856 !
1893 4804 2022 4875 ejus
2043 4805 2158 4860 mi-

507 4908 742 4950 sereare
761 4908 944 4966 quem
967 4889 1189 4964 injuria
1218 4890 1428 4960 atﬁcis,
1451 4891 1515 4946 in
1561 4891 1724 4947 hunc
1756 4907 1999 4950 summa
2037 4897 2160 4950 ute.

576 5017 626 5052 ⁵³
665 5019 803 5074 Luc.
835 5033 913 5074 v1.
947 5021 1036 5074 35.
1112 5017 1162 5052 ⁸⁸
1201 5019 1368 5073 Prov.
1393 5032 1487 5081 xv,
1527 5019 1579 5070 8.

573 5143 648 5213 (l)
676 5141 1149 5215 Uterquecodex
1165 5140 1764 5215 indicatsermonem
1789 5143 1876 5198 De
1903 5143 2147 5215 eleemo-

495 5210 652 5284 ma
679 5210 998 5283 etjudieio.
1036 5210 1356 5284 Homiliam
1392 5210 1557 5284 illam
1603 5216 1744 5284 post
1785 5214 2148 5272 Mattheeium

494 5285 696 5410 genuo
715 5285 962 5411 led‘irggs
984 5286 1063 5339 ad
1093 5283 1322 5340 calcem
1352 5283 1497 5340 tomi
1523 5283 1676 5339 tertii
1712 5285 1894 5356 hujus
1943 5285 2146 5343 editio-

536 5372 607 5411 IS.
640 5371 711 5411 co
741 5397 753 5410 .
942 5397 953 5410 .
1402 5379 1406 5385 -

492 5369 1131 5500 mafgiikigftodex
1163 5425 1377 5495 Regius
1421 5425 1686 5484 melioris
1717 5430 1875 5485 nota:
1921 5424 2139 5502 μέλλεις,

1659 5017 1706 5050 ⁸⁵
1756 5017 1928 5074 Prov.
1959 5035 2077 5088 xxi,
2109 5021 2197 5077 15.

2278 3111 2364 3159 τὸν
2428 3109 2616 3179 Κύριον
2681 3105 2783 3158 ἀπὸ
2851 3114 2953 3158 σῶν
3019 3102 3239 3159 δικαίων
3305 3112 3492 3179 πόνων,
3559 3113 3648 3162 καὶ
3711 3108 3880 3183 ἀπάρ-

2279 3217 2384 3269 χου
2411 3196 2552 3267 αύτῷ
2620 3195 2721 3248 ἀπὸ
2792 3204 2894 3248 σῶν
2960 3205 3169 3270 καρπῶν
3229 3193 3594 3262 δικαιοσύνης.
3653 3200 3710 3252 Εἰ
3771 3203 3878 3275 γὰρ

2279 3285 2332 3348 ἐξ
2359 3281 2572 3347 ἀδικίας
2615 3289 2706 3338 καὶ
2764 3284 3002 3360 ἁρπαγῆς
3054 3285 3252 3358 μέλλεις
3289 3293 3597 3362 προσφέρειν
3644 3297 3718 3361 τῷ
3744 3294 3875 3360 Θεῷ,

2278 3375 2483 3427 κάλλιον
2511 3380 2644 3447 μήτε
2673 3375 2975 3432 κτήσασθαι
3009 3377 3254 3434 τοιαύτην
3293 3385 3501 3443 κτῆσιν,
3535 3383 3667 3450 μήτε
3713 3397 3878 3451 προσ-

2279 3469 2445 3538 φέρειν
2503 3463 2557 3527 ἐξ
2592 3463 2770 3524 αύτῆς.
2840 3465 3078 3539 Καθαρον
3133 3467 3235 3539 γὰρ
3305 3462 3472 3542 δῶρον
3529 3467 3726 3520 ἀνοίσει
3783 3472 3878 3526 τὴν

2278 3555 2444 3627 εύχην
2508 3555 2604 3623 (4),
2670 3556 2738 3616 ὡς
2804 3557 3117 3627 ’γέγραπται-
3205 3555 3379 3627 Εύχαὶ
3439 3559 3878 3623 κατευθυνὸντων,

2280 3640 2462 3697 δεκταὶ
2513 3644 2635 3716 παρ’
2693 3643 2856 3714 αύτῷ.
2905 3648 3004 3696 Καὶ
3063 3643 3237 3710 πάλιν,
3280 3645 3324 3696 εἰ
3376 3652 3636 3717 κτώμενος
3682 3645 3736 3697 ἐκ
3797 3643 3881 3699 δι-

2277 3739 2436 3786 καίων
2485 3737 2650 3785 πόνων
2697 3736 2769 3804 μὴ
2820 3736 3132 3809 προσφέροις
3189 3741 3302 3805 Θεῷ
3349 3738 3646 3810 προσφορὰς
3694 3734 3780 3807 ἀφ’
3809 3736 3880 3787 ὧν

2277 3827 2546 3896 τρέφονται
2595 3826 2827 3890 πένητες,
2861 3822 3070 3895 ἁρπαγὴ
3131 3823 3507 3895 λογισθήσεταί
3575 3844 3680 3890 σοι,
3738 3826 3883 3878 καθά

2278 3932 2410 3984 φησι
2458 3908 2554 3964 διὰ
2599 3918 2689 3963 τοῦ
2728 3917 2996 3984 προφήτου
3036 3912 3317 3984 Μαλαχίου
3357 3913 3382 3964 ὁ
3427 3918 3574 3974 Θεὸς
3605 3915 3662 3966 Δί
3701 3912 3880 3988 ἀπαρ-

2276 4007 2378 4075 χαὶ
2438 4006 2527 4054 καὶ
2582 4004 2648 4053 τὰ
2708 3998 2994 4054 ἐπιδέκατα
3041 4003 3181 4073 ὑμῶν
3238 4002 3350 4074 μεθ’
3405 4002 3546 4075 ὑμῶν
3597 4004 3720 4071 εἰσι,
3787 4009 3882 4056 καὶ

2276 4093 2426 4144 ἔσται
2483 4093 2512 4149 ἡ
2575 4087 2843 4164 διαρπαγὴ
2908 4089 2956 4141 ἐν
3013 4099 3123 4153 τοῖς
3161 4093 3323 4152 οἴκοις
3370 4093 3531 4164 ὑμῶν.
3575 4097 3640 4145 Τί
3703 4096 3882 4145 τοίνυν

2275 4181 2504 4253 μολύνεις
2556 4182 2642 4231 τὸν
2701 4186 2898 4231 σαυτοῦ
2966 4179 3208 4245 πλοῦτον,
3275 4181 3531 4254 ἄνθρωπε,
3585 4180 3881 4253 ἐπεισάγων

2275 4269 2415 4339 αύτῷ
2445 4270 2510 4319 τά
2548 4273 2619 4340 μὴ
2669 4263 2851 4319 δίκαια
2898 4264 3098 4340 κέρδη;
3154 4272 3205 4320 τί
3240 4265 3536 4343 βδελυκτην
3580 4276 3742 4330 ποιεῖς
3781 4275 3882 4328 τὴν

2278 4364 2474 4411 σαυτοῦ
2531 4359 2855 4430 προσφορὰν,
2912 4356 2966 4420 ἐξ
3021 4354 3236 4420 ἀδικίας
3305 4378 3614 4434 προσφερειν
3670 4359 3883 4431 ἐπιχει-

2271 4454 2396 4521 ρῶν,
2465 4445 2512 4498 ἐν
2564 4446 2602 4496 ὦ
2668 4445 2864 4518 μέλλεις
2912 4448 3078 4519 ἕτερον
3145 4451 3359 4519 πτωχὸν
3400 4447 3593 4513 ἐλεεῖν;
3654 4454 3881 4501 Ἐκεῖνον

2273 4537 2481 4595 ἐλέησον
2533 4535 2586 4588 ὃν
2646 4532 2844 4596 ἀδικεῖς
2891 4535 2962 4598 εἰς
2991 4542 3172 4589 τοῦτον
3227 4539 3574 4612 κατάχρησαι
3600 4545 3662 4610 τῇ
3700 4537 3882 4609 φιλαν-

2273 4630 2495 4700 θρωπίᾳ⁹
2550 4628 2715 4696 τούτῳ
2770 4627 3020 4700 χάρισαι,
3077 4631 3167 4680 καὶ
3215 4626 3506 4702 πληρώσεις
3553 4626 3686 4680 ἔλεον
3741 4633 3881 4699 μετά

2271 4723 2503 4791 κρίσεως.
2557 4715 2630 4767 Ou’
2681 4717 2782 4789 γὰρ
2855 4719 3160 4773 κοινωνήσει
3232 4715 3498 4788 πλεονεξίᾳ
3558 4720 3709 4783 Θεὸς,
3746 4713 3879 4770 οὐδὲ

2269 4806 2474 4879 λῃστῶν
2523 4808 2611 4856 καὶ
2657 4805 2936 4877 ἀρπακτῶν
2994 4808 3236 4867 κοινωνὸς
3281 4807 3307 4857 ὁ
3369 4808 3573 4879 Κύριος·
3631 4802 3756 4858 οὐδὲ
3805 4810 3879 4868 ὡς

2272 4892 2526 4955 ἀδύνατος
2575 4899 2773 4968 τρέφειν
2821 4899 2942 4956 τους
2981 4898 3227 4962 πένητας,
3285 4897 3409 4966 ἡμῖν
3459 4895 3700 4948 κατέλιπε
3759 4900 3872 4969 τρέ-

3337 5021 3384 5057 ⁵⁸
3429 5020 3678 5078 Malach.
3714 5037 3789 5088 ιιι,
3811 5026 3862 5077 8.

2275 5022 2324 5056 ⁵⁸
2364 5023 2533 5077 Prov.
2565 5034 2646 5082 in,
2680 5024 2732 5076 9.
2810 5021 2855 5055 ⁵⁷
2886 5021 3056 5077 Prov.
3088 5036 3182 5091 xv,
3207 5023 3259 5076 8.

2257 5145 2481 5217 [minus
2507 5144 2720 5217 recte.]

2327 5219 2405 5288 (3)
2445 5215 2635 5269 Δούλου
2646 5237 2688 5278 ς.
2701 5211 2883 5271 idem
2914 5214 3106 5272 codex
3126 5211 3479 5288 ὁμοδούλους.

2326 5286 2406 5361 (4)
2444 5293 2548 5346 Τὴν
2583 5288 2767 5361 saxa».
2795 5288 3031 5361 Sic_ope
3083 5286 3358 5358 ejusdem
3388 5287 3615 5361 codicis
3666 5301 3869 5361 emen-

2253 5357 2530 5431 davi’mus
2549 5357 2861 5431 vulgatam
2890 5357 3208 5414 lectionem
3245 5363 3341 5416 τὴν
3367 5359 3575 5431 ψυχήν.
3619 5361 3751 5417 Mox
3788 5359 3870 5416 le-

2251 5430 2522 5502 gendum
2551 5429 2792 5488 videtur
2819 5435 3120 5505 τρέφωνται.
