4146 6380
315 262 447 323 H65

308 409 418 463 φειν
448 388 655 454 αὐτούς,
685 384 815 440 ἀλλά
843 389 938 444 τὴν
982 380 1197 436 δικαίαν
1237 386 1330 435 καὶ
1372 380 1728 456 φιλάνθρωπον
1776 396 1911 451 καρ-
1947 378 1994 434 Α

309 481 562 554 ποφορίαν
606 475 733 552 παρ’
763 476 910 547 ἡμῶν
954 473 1145 540 ζητῶν,
1178 471 1247 532 εἰς
1296 473 1551 546 ἡμετέραν
1596 469 1917 544 εὐεργεσίαν.

310 550 664 640 Ἐλεημοσύνη
709 564 762 628 ἐξ
802 559 1018 623 ἀδικίας
1059 561 1119 615 οὗ
1159 566 1381 633 γίνεται,
1422 557 1547 613 οὐδὲ
1584 557 1642 611 ἐκ
1688 559 1916 632 κατάρας

313 665 543 738 εὐλογία,
570 660 696 721 οὐδὲ
747 662 801 716 ἐκ
847 658 1091 737 δακρύων
1140 659 1452 734 εὐεργεσίαι.
1495 653 1804 720 Κενοδοξίαι
1850 656 1917 707 τά

314 761 554 821 τοιαῦτα,
585 756 676 805 καὶ
704 754 830 825 πρὸς
856 752 971 812 τοὸς
1002 747 1056 812 ἐξ
1084 747 1369 822 ἀνθρώπων
1412 745 1670 813 ἐπαίνους,
1695 742 1756 796 οὐ
1786 746 1916 818 πρὸς

314 848 402 897 τὸν
429 846 633 897 ἔπαινον
661 845 750 894 τὸν
790 839 849 894 ἐκ
884 846 1040 896 Θεοῦ.
1082 839 1197 893 Ἐὰν
1223 840 1350 913 γὰρ,
1381 839 1453 900 ὡς
1480 843 1618 891 Θεοῦ
1654 838 1749 894 τὴν
1778 832 1914 892 ἐλεη-

312 935 547 1005 μοσύνην
587 933 827 1007 ὁρῶντος,
876 937 1029 1001 ποιῇς
1071 928 1253 996 αὐτὴν,
1289 926 1485 1001 φυλάξῃ
1531 929 1605 999 μὴ
1644 929 1808 977 ποιεῖν
1856 921 1912 975 ἐκ

310 1021 621 1092 πλεονεξίας,
668 1015 825 1082 εἰδὼς
870 1021 953 1072 ὅτι
998 1022 1085 1071 τὸν
1130 1016 1360 1075 ὶπόπτην
1400 1019 1529 1070 Θεὸν
1567 1014 1662 1067 οὐκ
1701 1012 1910 1087 εὐφραί-

310 1130 428 1172 νεις.
478 1110 651 1171 Οὕτως
707 1127 793 1160 ουν
825 1108 1173 1181 ἐλεημοσύνην
1219 1109 1467 1179 ποίῶμεν,
1509 1106 1594 1156 ἵνα
1639 1099 1908 1155 ἀπολάϐω-

310 1219 401 1273 μεν
446 1201 595 1275 ποιρά
642 1205 777 1252 Θεοῦ
806 1219 819 1231 ·
856 1192 1164 1251 ἀποδίδωσι
1206 1191 1267 1249 δι
1313 1195 1340 1248 ὁ
1379 1197 1510 1255 Θεὸς
1558 1192 1789 1259 ἐκείνοις,
1821 1189 1911 1251 οὓς

309 1289 526 1356 ἐπαινεῖ,
559 1287 756 1342 ἕπαινεῖ
790 1284 850 1341 δὲ
886 1286 1194 1344 πλεονέκτην
1235 1281 1442 1340 οὐδένα.
1475 1286 1562 1342 Μὴ
1602 1281 1868 1335 πλανασϐε
1892 1299 1906 1313 ·

311 1379 406 1432 ούκ
453 1378 621 1441 ἄλλως
671 1374 984 1431 ἀποδελεται
1040 1379 1268 1450 Χριστὸς
1324 1377 1414 1434 τὰς
1470 1372 1541 1435 εἰς
1604 1375 1727 1433 τοὺς
1774 1390 1910 1423 πτω-

310 1472 446 1540 χούς
495 1467 880 1541 φιλοτιμήσεις,
925 1466 968 1519 εἰ
1014 1469 1086 1537 μὴ
1138 1464 1334 1517 λυθεῖεν
1378 1465 1433 1516 αὶ
1470 1465 1606 1514 κατὰ
1634 1468 1734 1513 τῶν
1783 1456 1910 1513 ἀδιδ-

311 1560 572 1615 κηθέντων
611 1555 918 1619 πλεονεξίαι.
965 1555 1143 1615 Οὕτως
1185 1555 1212 1605 ὁ
1246 1555 1437 1626 Κύριος
1487 1548 1776 1613 ἀπεδέξατο
1818 1556 1911 1602 τοῦ

311 1650 588 1719 Ζακχαίου
631 1651 727 1704 τὴν
774 1644 1056 1719 ὀρθότητα,
1086 1648 1174 1696 καὶ
1220 1644 1313 1715 ἔφη
1340 1663 1353 1676 ·
1397 1647 1625 1715 Σήμερον
1674 1643 1915 1712 σωτηρία

312 1743 386 1806 τῷ
441 1737 567 1806 οῖκῳ
621 1736 787 1806 τούτῳ
834 1732 1029 1806 ἇγὲνετο
1058 1749 1071 1762 ·
1126 1733 1206 1784 ὅτι
1251 1732 1559 1804 προθέμενος
1622 1724 1917 1782 ἀποδοῦναι
1954 1729 1993 1783 Β

313 1823 706 1898 τετραπλάσιον,
758 1825 803 1876 εἰ
854 1827 907 1874 τί
965 1820 1403 1894 ἂσυκοφάντησεν,
1451 1818 1587 1872 οὕτω
1637 1826 1739 1870 τῶν
1791 1819 1915 1871 ύποδ

315 1912 625 1985 λειπομένων
676 1912 970 1984 χρημάτων
1028 1913 1096 1962 τὰ
1145 1911 1315 1979 ἡμίση
1378 1926 1618 1979 πτωχοις
1677 1905 1918 1981 ἀπεμέρι-

320 2020 423 2055 σεν.
470 1997 628 2073 ³’ῌδει
670 2002 772 2075 γὰρ
819 2001 900 2052 ὅτι
945 2002 1176 2073 Χριστὸν
1237 1993 1595 2060 ὓποδέξασθαι
1649 1993 1914 2068 βούλεται.

319 2098 490 2162 Δῶμεν
556 2094 837 2161 τοιγαροῦν
902 2086 1184 2151 ἐξουσίαν,
1239 2082 1494 2158 ἀδελφοὶ,
1560 2086 1919 2158 ύπερχεθῆναι

320 2177 618 2252 βουλομένῳ
678 2180 808 2253 πρὸς
872 2181 997 2240 τοὺς
1060 2172 1334 2249 δεομένους
1399 2194 1471 2246 τῳ
1538 2173 1779 2245 πλούτῳ·
1843 2177 1916 2245 μὴ

316 2265 744 2341 παραδράμωμεν
794 2269 917 2328 τούς
945 2263 1036 2338 μέν
1084 2264 1329 2337 ὁφθαλοῖς
1370 2265 1516 2336 ἡμῶν
1572 2265 1646 2315 ἔτι
1693 2266 1782 2314 καὶ
1833 2267 1921 2313 νῦν

317 2360 582 2428 κειμένους
630 2355 909 2428 Λαζάρονς
932 2371 945 2385 ·
986 2350 1126 2427 μηδὲ
1172 2360 1275 2405 τῶν
1310 2350 1515 2424 ψιχίων
1543 2359 1638 2413 τῆς
1669 2342 1923 2424 ἡμετέρας

318 2448 584 2518 τραπέζης
638 2442 933 2519 ἀρκούντων
990 2442 1164 2504 αὐτοῖς
1217 2441 1290 2504 εἰς
1341 2444 1494 2516 κόρον
1553 2438 1923 2513 βασκὴνωμεν,

320 2529 460 2605 μηδι
524 2536 612 2584 τὸν
676 2530 933 2607 ἀνήμερον
997 2530 1185 2584 ἐκεῖνον
1251 2529 1578 2591 ζηλώσαντες
1639 2526 1926 2596 πλούσιον,

318 2624 454 2697 πρὸς
499 2625 594 2679 τὴν
641 2619 803 2678 αύτῆν
855 2618 1029 2690 ἒκείνῳ
1080 2622 1175 2681 τῆς
1222 2622 1430 2689 γεέννης
1476 2617 1642 2689 φλόγα
1678 2616 1928 2690 μετέλθω-

322 2728 434 2782 μεν.
503 2708 645 2762 Ἐπεὶ
708 2707 872 2761 πολλά
936 2710 1029 2779 μιν
1090 2713 1185 2759 τοῦ
1252 2704 1493 2779 ’Ᾱϐραὰμ
1559 2700 1930 2777 δεηθησόμεθα

324 2799 458 2869 ἱιότὶ,
517 2795 684 2850 πολλὰ
744 2792 804 2849 δι
869 2795 1093 2848 ἑκάστου
1157 2802 1259 2846 τῶν
1322 2792 1653 2867 βεϐιωκότων
1711 2792 1882 2855 καλῶς
1909 2809 1922 2822 ·

325 2880 479 2940 add?»
545 2881 607 2939 δὲ
674 2887 823 2938 ἔσται
885 2876 1074 2960 κέρδος
1138 2885 1269 2957 ἡμῖν
1332 2881 1480 2956 βοῆς.
1531 2878 1779 2955 Ἀδελφὸς
1827 2885 1928 2956 γάρ

324 2975 389 3028 ού
463 2975 788 3051 λυτροῦται,
852 2973 1176 3048 λυτρώσεταί
1258 2964 1531 3049 ἅνθρωπος
1583 2982 1598 3039 ς
1666 2971 1809 3046 Ἐρεῖ
1871 2966 1932 3024 δὲ

324 3066 539 3128 ἕκαστος
603 3064 804 3118 ἂκείνων
869 3066 994 3137 ἡμῖν
1058 3069 1325 3139 κεκραγώς
1356 3080 1370 3094 ·
1438 3067 1525 3122 Μὴ
1590 3063 1738 3124 ζήτει
1814 3061 1930 3134 φιλ·
1969 3079 2008 3135 c

325 3157 643 3229 ανθρωπίαν,
712 3146 777 3213 ἣν
830 3154 988 3215 αὐτὸς
1052 3152 1124 3227 ἐφ’
1190 3152 1370 3227 ἑτέρων
1436 3152 1726 3226 ἠγνόησας,
1790 3147 1930 3223 μηδέ

328 3243 523 3317 βούλου
568 3242 745 3297 λαϐεῖν
793 3243 927 3296 οὕτω
977 3241 1197 3316 μεγάλα,
1233 3246 1300 3295 σὺ
1351 3249 1452 3295 τῶν
1490 3239 1773 3294 ἐλαττόνων
1820 3258 1929 3314 φει-

329 3336 585 3407 ᾱᾶμενοςδ
633 3330 860 3385 ἀπόλαυε
912 3334 1109 3384 τούτων
1156 3331 1225 3383 ὧν
1272 3332 1323 3384 ἐν
1367 3338 1438 3402 τῷ
1487 3329 1591 3403 βίῳ
1643 3328 1926 3392 συνθιεξας.

330 3425 527 3498 Δάκρυέ
564 3428 673 3490 νῦν,
701 3417 883 3480 ἐπειδὴ
915 3425 1031 3473 τότε
1078 3417 1377 3493 δακρύοντα
1404 3422 1490 3472 τὸν
1535 3416 1757 3491 ἀδελφὸν
1800 3420 1931 3490 ὁρῶν

327 3510 422 3564 οὐκ
464 3509 713 3573 ἠλίησας.
756 3515 935 3563 Ταῦτα
978 3508 1179 3583 ἐροῦσι,
1224 3512 1314 3560 καὶ
1361 3504 1603 3573 δικαίως,
1658 3508 1803 3580 ἡμῖν.
1846 3512 1934 3560 Δέ-

330 3596 594 3654 δοικαηδέ
640 3597 761 3671 ὶγώ,
802 3602 873 3671 μὴ
918 3603 1009 3651 καὶ
1049 3600 1372 3671 πικροτέροις
1418 3600 1556 3670 ἡμᾶς
1603 3599 1796 3649 τούτων
1836 3594 1935 3668 βά-

328 3690 459 3741 λωσι
511 3688 588 3759 (ί)
634 3688 889 3762 ῥήμασιν,
946 3683 1130 3745 ἐπειδὴ
1190 3690 1280 3739 καὶ
1329 3694 1549 3759 νικῶμεν
1601 3684 1810 3752 ἐκεῖνον,
1864 3687 1935 3747 ὡς

328 3781 465 3846 ἴστε,
502 3784 566 3850 τῇ
597 3781 824 3850 πονηρίᾳ
860 3780 948 3829 τὸν
994 3775 1265 3830 πλούσιον.
1296 3773 1417 3828 Ὀτι
1464 3775 1679 3837 κᾶλακες
1721 3777 1811 3848 μὲν
1841 3781 1931 3828 καὶ

330 3866 639 3938 παράσιτοι,
672 3866 802 3937 μετὰ
848 3867 908 3916 τὸ
960 3864 1212 3939 λαμπρῶς
1260 3856 1564 3921 ἐπιαθῆναι
1610 3863 1735 3939 παρ’
1782 3864 1930 3936 ἡμῖν,

332 3959 421 4006 καὶ
500 3955 595 4015 τὰς
660 3960 844 4026 χεῖρας
917 3952 1323 4027 πεπληρωμένας
1385 3951 1676 4005 πολυτελῶν
1750 3949 1932 4026 δώρων

332 4045 645 4116 κατάγουσι,
675 4048 767 4095 καὶ
804 4044 1131 4115 μανθάνουσι
1173 4043 1297 4117 παρ’
1352 4043 1499 4113 ἡμῶν
1553 4043 1634 4094 ὅτι
1680 4041 1938 4094 λυσιτελεῖ

333 4132 524 4203 μᾶλλον
580 4139 681 4184 τῶν
737 4130 930 4207 ἀρετῶν
984 4133 1050 4183 τὰ
1093 4138 1316 4184 τοιαῦτα
1366 4134 1595 4204 μετιέναι
1640 4134 1730 4182 καὶ
1777 4131 1936 4202 προετ-

333 4236 438 4274 τειν
495 4221 667 4282 αὐτοῖς
722 4221 783 4274 Εἰ
851 4217 911 4274 δὲ
974 4225 1281 4297 παρασταίη
1344 4225 1502 4281 πένης
1567 4220 1732 4292 ἡμῖν,
1788 4218 1939 4291 μόλις

335 4313 436 4363 ὑπὸ
493 4318 584 4364 τοῦ
648 4311 804 4383 λιμοῦ
868 4311 1235 4384 φθεγγόμενος,
1296 4310 1748 4384 ἀποστρεφόμεθα,
1809 4310 1941 4381 μετά

1433 248 1662 314 θειλΜο
1701 252 1788 308 ιν.
1830 280 1899 295 -ο
1937 252 2035 311 D8
2069 246 2552 309 ELEEMOSYNA.
2602 282 2611 297 ι

3543 248 3681 309 1166

2024 391 2089 432 re
2135 375 2545 445 humanitate,
2593 374 2736 431 huic
2782 373 3149 448 gratiﬁcare,
3208 378 3266 432 et
3313 373 3679 448 adimplebis

2026 464 2504 521 misericordiam
2533 480 2673 521 cum
2701 464 2952 536 judicio.
2986 467 3186 537 Neque
3215 463 3378 521 enim
3408 466 3528 521 Deo
3558 464 3683 522 ulla

2027 557 2118 610 est
2145 569 2284 609 cum
2315 553 2570 609 avaritia
2600 552 3071 609 communicatio
3097 571 3111 621 ;
3143 568 3340 625 neque
3368 552 3560 610 ullum
3588 556 3684 611 est

2028 642 2281 699 Domino
2310 659 2449 698 cum
2488 641 2882 715 praedonibus
2928 645 2987 699 et
3025 641 3351 715 rapacibus
3387 656 3682 701 commer-

2023 733 2205 788 cium.
2238 734 2440 805 Neque
2470 747 2770 805 pauperes
2798 730 2976 787 nobis
3000 730 3392 788 enutriendos
3416 730 3679 804 reliquit,

2022 821 2190 894 quod
2220 836 2325 878 eos
2357 820 2515 877 alere
2544 836 2670 877 non
2693 820 2918 894 possit:
2953 819 3127 893 49],
3164 819 3271 876 sed
3310 819 3556 892 justitite
3595 823 3680 878 at-

2020 926 2139 983 que
2164 909 2560 967 humanitatis
2587 909 2836 966 uberem
2865 925 2903 966 a
2929 908 3108 965 nobis
3147 908 3407 965 fructum
3446 909 3679 981 efﬂagi-

2022 1004 2179 1066 tans,
2204 1015 2308 1055 eos
2339 1015 2583 1056 summo
2608 1015 2718 1055 suo
2749 998 2810 1055 in
2839 1014 2953 1055 nos
2980 997 3276 1055 beneﬁcio
3304 998 3481 1056 nobis
3510 1014 3677 1056 com-

2018 1086 2351 1146 mendavit.
2394 1087 2796 1160 Eleemosyna
2823 1086 2904 1144 ab
2950 1087 3245 1158 injustitia
3271 1100 3395 1144 non
3426 1087 3673 1158 exsistit,

2018 1193 2217 1249 neque
2247 1193 2285 1234 a
2312 1176 2736 1234 maledictione
2759 1175 3120 1240 benedictio,
3152 1192 3351 1249 neque
3380 1192 3454 1233 ex
3480 1176 3674 1250 lacry-

2019 1266 2135 1322 mis
2178 1265 2493 1322 beneﬁcia.
2527 1265 2729 1322 Inanis
2771 1265 2974 1335 gloriae
3003 1270 3145 1322 sunt
3174 1265 3308 1332 ista,
3340 1269 3523 1339 atque
3549 1266 3676 1324 lau-

2018 1355 2160 1411 dem
2196 1355 2558 1425 hamanam,
2584 1370 2707 1411 non
2739 1354 3010 1411 divinam
3046 1359 3368 1411 venantur.
3398 1355 3456 1414 Si
3484 1356 3672 1429 enim,

2020 1450 2085 1501 ut
2115 1447 2236 1502 Deo
2267 1445 2629 1517 inspectore,
2657 1444 3108 1516 eleemosynam
3153 1442 3323 1513 facis,
3353 1450 3566 1502 caveto
3594 1460 3673 1502 ne

2018 1549 2156 1591 eam
2186 1550 2259 1590 ex
2288 1533 2623 1591 alienorum
2652 1533 3048 1605 usurpatione
3088 1532 3301 1599 facias,
3340 1549 3462 1591 non
3500 1533 3671 1605 igna-

2019 1640 2123 1680 rus
2154 1629 2209 1681 te
2249 1622 2366 1680 bac
2414 1622 2645 1680 ratione
2686 1621 3050 1695 speculatori
3080 1624 3202 1679 Deo
3242 1637 3368 1679 non
3409 1622 3669 1695 placere.

2024 1713 2117 1770 Sic
2145 1713 2325 1784 igitur
2366 1712 2821 1786 eleemosynam
2858 1710 3176 1783 faciamus,
3211 1715 3338 1769 uta
3363 1714 3482 1770 Deo
3505 1716 3676 1786 post-

2021 1817 2096 1857 ea
2137 1816 2277 1857 eam
2326 1800 2642 1873 recepturi.
2685 1798 2901 1857 Reddit
2936 1799 3098 1856 enim
3147 1801 3306 1858 Deus
3351 1799 3466 1857 illis
3519 1816 3678 1875 quos

2021 1889 2270 1958 laudat;
2312 1904 2599 1962 rapacem
2644 1904 2788 1946 vero
2825 1889 3133 1945 neminem
3173 1888 3408 1948 laudat.
3450 1892 3533 1947 Ne
3576 1889 3680 1947 de-

2025 1978 2332 2053 cipiamini
2364 2000 2378 2034 :
2405 1993 2532 2035 non
2573 1977 2745 2034 aliter
2787 1978 3016 2035 Christo
3058 1982 3306 2051 accepta
3351 1983 3527 2037 erunt
3571 1995 3680 2035 no.

2025 2074 2149 2125 stra
2208 2068 2269 2125 in
2319 2080 2621 2142 pauperes
2674 2066 3007 2134 beneﬁcia,
3063 2066 3184 2124 nisi
3239 2067 3407 2141 prius
3468 2067 3680 2126 alienis

2025 2159 2248 2231 injuria
2287 2158 2504 2216 ablatis
2544 2158 2784 2230 penitus
2811 2157 3215 2214 exsolvamur.
3252 2157 3344 2215 Sic
3382 2157 3544 2215 enim
3572 2161 3685 2216 Do-

2028 2249 2231 2306 minus
2286 2252 2523 2319 gratam
2574 2247 2790 2303 habuit
2841 2246 3107 2303 Zacchaai
3156 2247 3565 2319 probitatem:
3613 2264 3686 2306 ac

2030 2337 2198 2408 dixit,
2228 2338 2423 2395 Hodie
2468 2338 2638 2394 salus
2674 2337 2882 2393 domui
2920 2336 3063 2393 huic
3101 2337 3274 2407 facta
3319 2340 3402 2395 est
3425 2338 3474 2373 '9
3499 2352 3513 2401 ξ
3543 2336 3690 2411 quia

2032 2438 2174 2483 cum
2204 2425 2558 2482 instituisset
2584 2423 2996 2498 quadruplum
3023 2423 3297 2493 reddere,
3328 2423 3377 2480 si
3407 2424 3557 2498 quid
3589 2424 3692 2483 de-

2032 2515 2394 2583 fraudasset,
2425 2519 2638 2589 postea
2670 2513 3067 2587 pecuniarum
3094 2528 3253 2587 quas
3281 2513 3549 2588 reliquas
3574 2515 3691 2572 ha-

2034 2603 2235 2675 bebat,
2266 2602 2589 2660 dimidium
2623 2602 2999 2677 pauperibus
3030 2602 3235 2660 dabat.
3271 2603 3507 2662 Sciebat
3528 2604 3694 2661 enim

2034 2692 2186 2765 quid
2223 2692 2299 2749 sit
2340 2692 2640 2749 Christum
2668 2691 2953 2765 recipere.
2988 2691 3065 2763 (3)
3095 2691 3430 2758 Enimvero,
3458 2691 3691 2751 fratres.

2035 2778 2258 2837 divitiis
2291 2780 2522 2837 effundi
2572 2780 2632 2836 in
2664 2795 2891 2851 egenos
2922 2779 3303 2850 cupientibus
3348 2794 3457 2853 per
3491 2792 3604 2837 nos
3629 2780 3698 2837 li-

2036 2874 2205 2939 ceat;
2241 2870 2322 2927 ob
2366 2869 2575 2926 oculos
2603 2874 2840 2926 nostros
2875 2868 3179 2941 hodieque
3213 2869 3484 2940 jacentes
3516 2870 3698 2927 Laza-

2036 2974 2137 3016 ros
2179 2974 2254 3016 ne
2300 2962 2765 3032 prsetereamus,
2814 2972 3014 3031 neque
3064 2957 3149 3014 eis
3199 2973 3429 3016 mensa
3474 2963 3699 3016 nostra

2037 3049 2249 3117 micas,
2280 3063 2419 3121 quas
2454 3048 2536 3105 ad
2581 3047 2749 3121 ipsos
2788 3045 3155 3104 saturandos
3199 3046 3523 3115 sufﬁciunt,
3552 3046 3700 3104 invi-

2037 3138 2313 3206 deamus,
2339 3152 2449 3194 nec
2491 3136 2811 3194 immittam
2854 3135 3026 3192 illum
3065 3136 3313 3193 divitem
3352 3136 3587 3207 imitati,
3618 3137 3700 3195 ad

2038 3228 2320 3285 eamdem
2372 3229 2557 3300 atque
2611 3226 2741 3295 ipse
2788 3226 3081 3297 gehennae
3134 3224 3453 3282 ﬂammam
3499 3226 3700 3284 venia-

2038 3319 2256 3375 mus“.
2289 3320 2437 3374 Nam
2487 3315 2747 3372 multum
2792 3313 3043 3388 quidem
3092 3318 3236 3371 tunc
3280 3313 3701 3372 Abrahamum

2038 3406 2416 3478 rogabimus,
2445 3405 2702 3462 multum
2731 3405 2915 3461 etiam
2944 3418 3366 3478 quoscunque,
3389 3404 3495 3477 qui
3511 3403 3699 3461 vitam

2041 3512 2214 3554 suam
2260 3495 2449 3569 probe
2479 3493 2912 3566 transegerint:
2948 3492 3053 3549 sed
3082 3492 3320 3549 lucrum
3350 3491 3587 3550 nullum
3624 3508 3701 3550 ex

2039 3590 2247 3644 nostro
2293 3585 2558 3643 clamore
2603 3597 3070 3657 consequemur.
3104 3582 3327 3640 Frater
3370 3581 3533 3640 enim
3576 3597 3701 3640 non

2041 3675 2313 3742 redimit,
2369 3673 2622 3731 redimet
2674 3672 2849 3728 homo
2867 3673 2909 3708 ⁶¹
2935 3671 2964 3726 ἱ)
3022 3670 3445 3743 Unusquisque
3495 3673 3700 3727 autem

2040 3764 2281 3821 illorum
2324 3761 2600 3819 clamans
2628 3760 2901 3816 dicturus
2942 3758 3120 3816 nobis
3151 3762 3275 3816 est:
3306 3759 3699 3816 Commisera-

2040 3853 2263 3909 tionem
2287 3865 2475 3923 quam
2496 3849 2629 3922 ipse
2656 3862 2800 3919 erga
2826 3847 2978 3905 alios
2998 3846 3315 3918 ignorasti,
3331 3860 3407 3904 ne
3426 3861 3696 3920 quieras:

2039 3957 2238 4015 neque
2284 3939 2427 3996 velis
2469 3939 2743 4011 accipere
2772 3937 2927 3995 adeo
2970 3951 3217 4007 magna,
3244 3936 3349 4010 qui
3394 3937 3702 3994 minorum

2041 4046 2265 4105 parcus
2306 4028 2507 4085 fuisti:
2556 4027 2752 4084 fruere
2806 4027 2901 4083 his
2934 4042 3072 4099 quae
3118 4025 3180 4082 in
3216 4025 3340 4083 vita
3388 4025 3704 4098 collegisti.

2046 4122 2406 4191 Lacrymare
2458 4132 2659 4180 nunc,
2715 4115 3014 4190 siquidem
3066 4115 3508 4187 lacrymantem
3559 4119 3706 4173 tunc

2042 4209 2292 4265 fratrem
2330 4206 2567 4276 videns,
2592 4220 2716 4263 non
2748 4220 2813 4261 es
2842 4204 3149 4262 misertus.
3181 4207 3321 4261 Hmc
3359 4204 3561 4261 dicent
3597 4219 3706 4263 no—

2046 4299 2164 4366 bis,
2211 4312 2322 4353 nec
2377 4295 2620 4367 injuria.
2676 4296 2802 4351 Imo
2854 4308 3067 4351 vereor
3113 4308 3194 4351 ne
3245 4309 3361 4350 nos
3410 4293 3708 4365 impetant

338 4396 577 4459 απονδῆς
625 4380 1015 4472 ἀποτρέχομεν,
1035 4380 1210 4472 ῶσπερ
1260 4380 1575 4468 δεδοικότες,
1595 4380 1679 4471 μὴ
1721 4400 1930 4460 καὶτῆς

2046 4386 2459 4445 acerbioribus
2512 4384 2693 4442 etiam
2722 4383 2942 4455 verbis,
2979 4398 3121 4439 cum
3158 4382 3478 4439 vincamus
3511 4380 3704 4450 illum,

339 4482 675 4559 δυσπραγίας
705 4487 868 4548 αὐτῆς
906 4485 961 4539 ἐκ
996 4494 1087 4539 τοῦ
1132 4486 1473 4562 σχολαίτερον
1513 4482 1745 4559 βαδίσαι
1786 4487 1942 4559 μετά-

342 4586 576 4647 σχῶμεν.
635 4579 735 4629 Καὶ
785 4575 830 4628 εἰ
880 4578 970 4648 μὲν
1022 4574 1096 4636 εἰς
1145 4583 1246 4647 γῆν
1292 4578 1469 4628 νεύσοι
1518 4579 1614 4633 τήν
1673 4577 1942 4648 συμφορὰν

340 4661 716 4736 αἰσχυνόμενος
747 4706 762 4733 ,
828 4665 1154 4735 ὑποκρίσεως
1237 4660 1368 4716 εἶναι
1443 4663 1656 4735 λέγομεν
1721 4662 1943 4736 ἐργατην

342 4752 498 4805 αὐτόν
522 4766 535 4783 ⁶
570 4752 614 4805 εἰ
639 4748 700 4806 δὲ
724 4755 856 4825 μετά
886 4751 1185 4828 παρῥησίας
1213 4750 1536 4828 προσϐλὲψοι
1576 4748 1670 4805 διὰ
1712 4770 1772 4805 το
1804 4750 1944 4825 βαρὺ

341 4849 435 4895 τοῦ
475 4841 634 4915 λιμοῦ
676 4846 883 4915 κέντρον
926 4841 1065 4915 ἀμᾶς
1094 4840 1187 4913 (2),
1239 4838 1427 4901 ἀναιδῆ
1484 4841 1638 4894 πάλιν
1690 4841 1946 4914 καλοῦμεν

344 4936 429 4983 καὶ
481 4928 682 5003 βίαιον.
726 4937 827 4985 Καὶ
873 4931 917 4984 εί
959 4934 1053 5005 μὲν
1095 4933 1259 5004 τύχοι
1309 4930 1697 5004 καλυπτόμενος
1743 4932 1947 5003 ύγιέσιν

343 5018 611 5093 ἒσθὴμασι
663 5017 961 5083 δεδωκότος
1015 5023 1175 5086 τινος,
1225 5023 1295 5079 ὡς
1342 5020 1612 5078 ἄπληστον
1670 5018 1949 5073 ἀπελαύνο-

344 5128 455 5181 μεν,
509 5114 599 5162 καὶ
651 5108 917 5182 ὀμνύμεθα
968 5111 1377 5184 προσποιεῖσθαι
1429 5113 1608 5164 πενίαν
1666 5109 1863 5163 αὐτόν*
1907 5108 1949 5162 εἰ

2050 4480 2118 4533 ut
2155 4475 2337 4543 scitis,
2370 4471 2761 4545 improbitate
2805 4472 3073 4530 divitem.
3114 4474 3264 4529 Nam
3307 4474 3707 4529 assentatores

2051 4570 2109 4623 et
2163 4564 2412 4639 parasiti
2458 4567 2561 4633 (4),
2610 4567 2937 4637 postquam
2996 4560 3315 4634 splendide
3377 4560 3544 4634 apud
3594 4575 3710 4618 nos

2051 4655 2275 4728 epulati
2324 4658 2481 4722 sunt,
2528 4668 2748 4710 manus
2800 4652 2982 4709 etiam
3030 4651 3306 4724 pretiosis
3355 4648 3713 4708 muneribus

2052 4744 2264 4818 plenas
2320 4743 2623 4810 referunt;
2676 4746 2734 4798 et
2779 4740 3020 4797 discunt
3065 4756 3137 4797 ex
3181 4739 3382 4809 nobis,
3416 4752 3551 4797 esse
3596 4738 3712 4795 sibi

2054 4834 2256 4891 utilius
2302 4833 2590 4906 prosequi
2638 4830 2781 4888 talia
2823 4834 2882 4887 et
2920 4829 3156 4887 efﬁcere
3203 4845 3394 4902 quam
3434 4828 3712 4886 virtutem

2055 4924 2269 4983 colere.
2304 4920 2480 4989 Quod
2528 4921 2579 4977 si
2624 4921 2686 4976 in
2727 4923 3007 4976 nostrum
3042 4922 3443 4992 conspectum
3480 4931 3717 4993 pauper

2055 5012 2299 5084 venerit,
2330 5010 2435 5084 qui
2476 5009 2581 5067 vix
2621 5008 2806 5066 etiam
2848 5024 2974 5082 prre
3016 5008 3180 5065 fame
3215 5008 3523 5082 loquatur,
3552 5021 3715 5064 aver-

2058 5119 2290 5176 samur,
2322 5100 2671 5159 festinanter
2718 5099 3067 5172 transimus,
3101 5099 3280 5173 quasi
3325 5097 3519 5170 veriti,
3543 5112 3621 5154 ne
3667 5094 3719 5154 si

418 5271 467 5306 ⁵⁹
510 5272 649 5329 Luc.
681 5285 795 5337 ΧΠ,
827 5273 880 5326 9.
957 5271 1007 5306 ⁸ο
1047 5272 1187 5330 Luc.
1219 5288 1338 5343 xw,
1378 5275 1449 5331 2O
1479 5287 1614 5347 sqq.
1692 5273 1735 5310 θ’
1780 5269 1935 5334 Psal.
1967 5284 2158 5347 XLvm,
2192 5268 2245 5331 8.

424 5411 499 5551 ξι)
538 5412 764 5469 Βάλωσι.
793 5413 1049 5497 Uterque
1080 5413 1271 5472 codex
1303 5411 1528 5489 βαλοῦσι
1562 5416 1955 5497 [perperam].

445 5486 503 5551 2)
540 5487 759 5551 Κέντρον
787 5485 942 5551 ἡμᾶς.
975 5485 1074 5543 Sic
1112 5489 1364 5551 uterque
1394 5488 1584 5545 cedex
1616 5494 1798 5551 atque
1827 5490 1955 5551 ipse

420 5485 503 5562 .(2)
540 5487 759 5560 Κέντρον
787 5485 1074 5558 ἡμᾶςξεὶο
1112 5485 1364 5560 uterque
1394 5485 1798 5565 codei‘atque
1827 5485 1960 5565 lps‘e

356 5553 539 5635 etiam
566 5556 740 5639 Basili
764 5560 1091 5641 contextus.
1124 5557 1277 5617 Editt
1305 5564 1533 5640 κέντρον,
1565 5562 1729 5625 ἠαεῖςι

2069 5418 2343 5548 εαωῖϐιέκ
2370 5409 2540 5478 hom.
2573 5406 2729 5490 Quid
2765 5418 3091 5485 mundanis
3128 5400 3564 5491 adﬁwrmdum
3600 5412 3724 5491 γιοῆ

2141 5563 2218 5637 (4)
2252 5560 2424 5638 Ibid.,
2462 5567 2581 5626 169.
