4146 6370
495 263 627 316 1167
1437 250 1808 309 APPENDIX.
1849 279 1915 290 -
1955 249 2304 308 SYMEONIS
2345 249 2892 311 METAPHRASTAE.
3709 262 3866 321 “68

491 383 673 440 etiam
719 381 937 439 lentius
986 377 1359 451 gradiamur,
1387 377 1664 448 ejusdem
1718 374 1974 432 miseriae
2005 373 2128 431 efﬁ-

2253 369 2312 427 δὶ
2362 375 2677 438 σκεπάζοιτο
2728 381 2993 436 σεσηπόσι
3036 376 3256 454 ῥακίοις,
3300 380 3365 443 ὡς
3409 379 3656 438 ὀδωδότα
3697 386 3867 440 πάλιν

490 474 724 531 ciamur
770 469 1115 545 participes.
1164 470 1249 535 Et,
1299 467 1350 522 si
1395 466 1458 522 in
1502 470 1723 523 terram
1772 465 1999 534 oculos,
2036 481 2127 522 ca-

2253 459 2534 538 διώκομεν.
2592 471 2694 520 Καὶ
2745 471 2862 521 οὔτε
2911 471 2972 521 τὸ
3023 477 3115 522 τοῦ
3180 475 3454 533 κτίσαντος
3517 476 3682 547 ὄνομα
3737 483 3869 539 ταῖς

487 562 755 618 lamitatc
805 559 1098 632 pudorem
1143 557 1196 612 ei
1251 555 1594 620 incutiente,
1652 554 1943 610 dimiserit
2002 570 2124 610 eun

2257 555 2542 627 ἱκετηρίαις
2591 553 2775 617 ἐκεῖνος
2830 555 3129 630 ἀναμιγνὺς,
3181 564 3296 612 οὔτε
3344 565 3403 614 τὸ
3444 561 3520 633 (7)
3563 569 3636 636 μὴ
3683 568 3865 618 τοιού-

488 651 827 724 liypoerisis
868 647 1125 704 dicimus
1172 645 1498 713 artificem;
1549 645 1598 699 si
1645 661 1787 700 vero
1835 643 2018 699 libere
2071 659 2125 699 at

2254 663 2364 705 τοις
2411 645 2605 697 πάθεσι
2650 654 2943 720 περιπεσεῖν
2997 649 3135 720 ἡμᾶς
3187 647 3407 722 ἐξορκῶν
3455 661 3712 723 συνεχῶς,
3756 651 3866 706 δύ-

489 740 882 806 contidenter,
942 737 1102 792 fame
1159 734 1417 804 graviter
1474 732 1915 802 exstimulatus,
1974 747 2126 804 asper

2253 752 2405 784 ναται
2443 738 2536 791 τὴν
2573 731 2742 793 ἀνελεῆ
2796 735 3005 808 κάμψαι
3050 743 3368 812 προαίρεσιν.
3410 743 3505 792 Διά
3551 749 3721 794 ταῦτα
3764 744 3861 815 ὑφ-

487 830 639 886 xerit
668 845 800 896 nos,
831 843 862 882 e
893 825 1189 882 contrario
1220 823 1634 895 impudentem
1666 821 2045 896 appellamus
2074 837 2124 877 at

2255 831 2456 895 ορῶμαι
2501 821 2788 898 βαρύτερον
2831 833 2925 886 τῆς
2958 830 3163 897 γεέννης
3205 831 3262 880 τὸ
3311 835 3439 903 πῦρ,
3485 832 3616 904 ἤπερ
3671 830 3860 893 ἐκεῖνος

485 919 839 975 violentum.
869 919 954 984 Et,
985 915 1031 970 si
1076 917 1317 986 opertus
1366 913 1442 968 sit
1485 911 1729 982 integris
1766 911 2035 966 vestibus
2065 910 2122 966 al

2253 913 2280 962 ὁ
2323 914 2410 963 τὸν
2450 912 2694 986 Λάζαρον
2736 909 2996 988 ὑπεριδὼν
3039 913 3307 976 πλούσιος.
3338 915 3450 970 Ἵνα
3488 914 3548 970 δὲ
3585 923 3658 990 μὴ
3702 927 3859 974 τοῦτο

490 1009 692 1081 aliquo
739 1005 1021 1076 acceptis,
1071 1001 1249 1075 quasi
1304 1001 1729 1074 inexplebilem
1778 999 2121 1072 repellimus

2254 1005 2487 1072 γένηται,
2546 1009 2617 1070 τῷ
2673 999 2790 1074 ἐλέῳ
2839 1005 2927 1054 τὸν
2983 1002 3116 1056 ἔλεον
3177 1008 3659 1079 προσκτησώμεθα,
3717 1011 3859 1073 ὅπως

487 1115 559 1156 ac
598 1098 874 1169 juramus
900 1095 1319 1166 paupertatem
1355 1089 1432 1146 ab
1466 1089 1566 1146 illo
1592 1089 1862 1146 simulari
1888 1106 1899 1157 ;
1930 1088 1980 1144 si
2001 1104 2124 1145 vert

2255 1092 2344 1140 καὶ⁹
2399 1096 2500 1140 τῶν
2567 1087 2784 1140 αἰωνίων
2851 1087 3058 1160 ἀγαθῶν
3124 1089 3452 1165 ἐπιτύχωμεν
3512 1095 3565 1146 ἓν
3639 1103 3853 1170 Χριστῷ

486 1184 827 1261 panniculis
878 1180 1136 1256 putridis
1189 1180 1523 1251 amiciatur,
1580 1195 1790 1234 rursus
1843 1177 2123 1248 abigimu:

2259 1176 2435 1235 Ἰησοῦ
2471 1185 2542 1248 τῷ
2589 1183 2763 1253 Κυρίῳ
2799 1180 2965 1251 ἡμῶν,
3085 1182 3114 1238 ὴ
3163 1177 3296 1244 δόξα
3332 1187 3422 1235 καὶ
3451 1186 3508 1236 τὸ
3540 1187 3727 1260 κράτος
3759 1190 3845 1239 σὺν

485 1276 572 1332 uti
619 1273 776 1330 male
824 1271 1108 1328 olentem.
1139 1271 1206 1326 Et
1234 1268 1519 1341 quamvis
1554 1265 1891 1324 Conditoris
1920 1281 2122 1322 nomei

2255 1273 2326 1338 τῷ
2369 1265 2587 1341 ἀνάρχῳ
2635 1267 2793 1320 αὐτοῦ
2830 1274 2998 1344 Πατρὶ
3037 1274 3127 1321 καὶ
3163 1277 3235 1341 τῷ
3279 1271 3519 1344 ζωοποιῷ
3570 1276 3842 1347 Πνεύματι,

482 1363 765 1438 precibus
807 1361 1158 1428 admisceat,
1197 1374 1268 1414 ac
1309 1357 1531 1414 similes
1575 1372 1881 1412 aerumnas
1925 1353 2119 1411 indesi

2254 1363 2342 1407 νῦν
2407 1360 2497 1408 καὶ
2559 1354 2674 1424 ἀεὶ,
2740 1361 2829 1410 καὶ
2892 1357 2963 1420 εἰς
3025 1362 3146 1420 τοὺς
3207 1359 3397 1424 αἰῶνας
3469 1369 3572 1415 τῶν
3637 1363 3848 1419 αἰώνων.

484 1457 693 1512 nenter
743 1468 781 1508 a
830 1449 1007 1507 nobis
1051 1448 1438 1520 deprecetur,
1475 1451 1679 1504 tamen
1727 1443 2148 1501 immisericor-
2257 1444 2442 1518 Ἀμήν.

483 1544 626 1600 dem
667 1540 1040 1598 voluntatem
1087 1539 1322 1594 ﬂectere
1365 1552 1489 1592 non
1531 1539 1745 1608 potest.
1795 1536 2174 1606 Quapropter
2221 1532 2513 1602 gehenuaa
2551 1531 2755 1605 ignem
2805 1537 3146 1605 graviorem
3175 1552 3364 1610 quam
3404 1537 3720 1612 (1111492
3768 1539 3863 1596 di-

482 1633 665 1688 vitem
714 1630 885 1686 illum
944 1628 1145 1684 Lazari
1196 1627 1611 1699 despectorem
1659 1622 2019 1690 combussit,
2070 1621 2417 1679 reformido.
2464 1623 2639 1689 Quod
2677 1623 2939 1696 iquidem
2993 1641 3070 1681 ne
3118 1626 3384 1696 eveniat,
3443 1628 3867 1688 misericordia

483 1719 963 1778 misericordiam
999 1732 1446 1790 comparemus,
1487 1719 1552 1772 ut
1589 1719 1644 1772 et
1691 1717 1914 1770 aeterna
1962 1711 2122 1769 bona
2166 1725 2617 1783 consequamur
2654 1711 2716 1766 in
2753 1712 2980 1770 Christo
3024 1715 3162 1770 Jesu
3205 1715 3462 1774 Domino
3499 1721 3729 1786 nostro,
3763 1718 3866 1774 cui

483 1810 675 1881 gloria
721 1813 779 1865 et
819 1811 1106 1881 potestas,
1149 1822 1289 1863 cum
1341 1809 1563 1862 aeterno
1609 1804 1742 1876 ejus
1791 1805 1981 1873 Patre,
2026 1804 2082 1859 et
2119 1799 2462 1859 viviﬁcante
2512 1800 2753 1874 Spiritu,
2801 1816 2966 1859 nunc
3011 1807 3070 1860 et
3112 1819 3372 1878 semper,
3418 1809 3477 1863 et
3520 1805 3585 1864 in
3634 1807 3866 1865 saecula

482 1899 869 1958 saeculorum.
899 1899 1110 1954 Amen.

704 2061 813 2118 DE
849 2060 935 2116 D1
949 2059 1190 2116 VITIIS
1221 2057 1332 2115 ET
1359 2057 1462 2115 PA
1476 2056 1920 2115 UPERTATE.
2181 2051 2220 2107 Β

1901 2060 1920 2110 “.
2181 2051 2220 2107 Β
2573 2055 2724 2106 ΠΕΡΙ
2765 2058 3082 2108 ΠΛΟΥΤΟΥ
3122 2059 3235 2110 ΚΑΙ
3278 2060 3538 2114 ΠΕΝῘΑΣ.

1147 2183 1378 2241 SERMO
1419 2183 1481 2238 V.

2885 2185 3103 2233 ΛΟΓΟΣ
3143 2180 3223 2236 Ε’.

555 2312 608 2367 1.
650 2313 729 2385 (1)
755 2310 920 2368 Putei
943 2308 1146 2366 hausti
1175 2307 1394 2364 melius
1420 2306 1775 2372 scaturiunt,
1799 2306 1884 2360 sic
1913 2307 1971 2360 et
1998 2302 2144 2358 divi-

2327 2304 2376 2355 1.
2432 2303 2508 2354 Τὰ
2560 2305 2754 2375 φρέατα
2815 2304 3220 2378 εξαντλούμενα,
3276 2306 3558 2381 εὐροώτερα
3611 2311 3857 2379 γίνεται·

483 2402 600 2469 tiae,
630 2401 680 2457 si
723 2398 969 2455 stabiles
1008 2398 1142 2465 sint,
1175 2395 1325 2453 nihil
1366 2399 1656 2468 prosunt;
1690 2395 1740 2451 si
1786 2396 2120 2450 moveantur

2251 2391 2340 2440 καὶ
2381 2388 2602 2443 πλούτου
2647 2395 2706 2444 τὸ
2751 2395 2842 2465 μὲν
2897 2395 3176 2467 στάσιμον,
3209 2395 3525 2471 ἄχρηστον
3564 2400 3625 2449 τὸ
3677 2393 3746 2454 δί
3775 2417 3857 2449 κι-

483 2497 542 2548 et
572 2488 1013 2546 transferantur
1033 2501 1424 2544 communem
1452 2485 1766 2542 utilitatem
1786 2497 2117 2557 promoven

2250 2479 2490 2550 νούμενον
2529 2480 2608 2551 (8)
2649 2483 2736 2532 καὶ
2765 2481 3088 2554 μεταϐαῖνον,
3121 2485 3422 2557 κοινωφελές
3459 2504 3514 2538 τε
3541 2491 3630 2538 καὶ
3659 2489 3849 2558 ἔγκαρ-

487 2597 557 2639 ac
587 2580 849 2636 fructum
879 2577 1096 2634 ferunt.
1129 2577 1210 2632 Ac
1238 2575 1443 2632 mirari
1485 2575 1732 2648 quidem
1763 2574 1911 2632 mihi
1957 2573 2124 2645 subit,

2250 2585 2366 2622 πον.
2417 2572 2516 2620 Καὶ
2549 2570 2835 2642 θαυμάζειν
2872 2591 2963 2643 μοι
3011 2575 3202 2639 ἔπεισι,
3231 2580 3339 2634 πῶς
3381 2576 3512 2647 μετὰ
3551 2578 3640 2633 τήν
3666 2592 3843 2646 περιτ-

485 2668 797 2743 quomodo
837 2672 974 2739 post
998 2666 1367 2738 superﬂuam
1395 2669 1452 2720 et
1479 2664 1746 2721 inutilem
1787 2664 2122 2736 sumptuum

2247 2660 2343 2714 τὴν
2395 2661 2482 2709 καὶ
2536 2659 2812 2734 ἄχρηστον
2864 2667 2965 2712 τῶν
3019 2660 3365 2734 ἀναλωμάτων
3419 2661 3665 2731 ἐπίνοιαν,
3716 2661 3849 2715 ἐπει-

485 2741 1007 2829 excogitationem,
1038 2758 1116 2828 (2)
1149 2771 1288 2811 cum
1327 2756 1387 2810 in
1420 2760 1730 2812 sexcentos
1763 2770 1906 2809 usus
1933 2753 2122 2808 distra

2251 2741 2349 2798 δαν
2385 2746 2451 2807 εἰς
2495 2753 2698 2824 μαυρία
2741 2745 3096 2812 διασπασθεὶς
3123 2752 3149 2803 ὁ
3179 2750 3396 2814 πλοῦτος
3425 2755 3501 2806 ἔτι
3538 2755 3851 2828 περισσεύῃ,

486 2854 598 2906 etae-
627 2848 844 2905 divitiae
891 2844 1239 2902 redundant
1267 2843 1486 2916 adhuc,
1514 2845 1578 2900 in
1620 2848 1779 2901 terra
1817 2841 2123 2899 detrudun'

2251 2838 2386 2888 κατὰ
2431 2845 2499 2905 γῆ
2513 2859 2532 2900 ς
2579 2838 2786 2891 ὠθεῖται
2829 2841 2972 2914 παρὰ
3000 2847 3092 2893 τοῦ
3139 2843 3377 2912 ἔχοντος,
3406 2846 3496 2895 καὶ
3533 2840 3584 2895 ἓν
3615 2840 3853 2917 ἀποῤῥή-

488 2943 583 2996 tur
620 2956 658 2995 a
695 2937 1071 3010 possidente,
1103 2938 1158 2991 et
1183 2935 1246 2990 in
1275 2934 1495 2991 abditis
1537 2933 1688 2991 locis
1733 2937 2119 2990 asservantur

2251 2944 2356 2986 τοις
2404 2925 2752 2998 φυλάσσεται.
2801 2927 2994 2983 Βαϐαίέ
3043 2931 3126 2983 ὅτε
3172 2930 3266 2982 οὐκ
3301 2927 3537 2990 ἠδυνήον
3581 2938 3699 2994 ταῖς
3757 2951 3856 3004 μυ-

487 3031 662 3099 Papae
687 3028 699 3082 !
730 3030 1060 3099 postquam
1088 3023 1420 3081 innumeris
1449 3023 1798 3095 exeogitatis
1819 3022 2018 3079 modis
2041 3039 2124 3080 au

2250 3019 2390 3090 ρίαις
2439 3014 2690 3079 ἐπινοίαις
2748 3014 3113 3078 ἐκδαπανῆσαι
3150 3022 3236 3072 τὸν
3286 3019 3539 3093 πλοῦτον,
3589 3023 3708 3074 τότε
3758 3021 3858 3073 αῦ-

487 3132 626 3173 rum
669 3115 993 3172 absumere
1036 3129 1160 3170 non
1199 3114 1410 3186 potuit,
1441 3116 1585 3169 tunc
1627 3112 1776 3169 illud
1826 3112 1942 3169 sub
1985 3115 2124 3170 terra

2252 3107 2338 3156 τὸν
2371 3104 2438 3165 εἰς
2467 3109 2562 3164 τὴν
2599 3113 2700 3176 γῆν
2749 3104 3106 3182 ἀπεκρύψατο.
3150 3112 3250 3161 Καὶ
3289 3105 3436 3163 δοκεῖ
3471 3128 3562 3183 μοι
3604 3113 3662 3162 τὸ
3693 3111 3861 3171 πάθος

490 3203 828 3262 occultavit.
864 3203 937 3274 (3)
968 3202 1211 3259 Videtur
1241 3205 1442 3258 autem
1485 3201 1634 3257 mihi
1669 3201 1880 3258 vitium
1924 3201 2127 3258 anima

2251 3202 2343 3254 τῆς
2373 3201 2463 3246 τοῦ
2493 3193 2746 3247 πλουσίου
2776 3195 2932 3268 ψυχῆ
2943 3217 2964 3259 ς
3006 3203 3079 3268 τῷ
3109 3206 3208 3250 τῶν
3246 3200 3663 3274 γαστριμάργων
3694 3217 3861 3272 προσ-

491 3293 712 3361 divitis,
749 3291 1102 3348 helluonum
1146 3291 1291 3347 vitio
1331 3289 1545 3359 simile,
1595 3290 1699 3363 qui
1743 3290 1977 3347 malunt
2019 3305 2128 3362 pra

2254 3287 2510 3352 εοικέναι,
2579 3287 2628 3336 οἱ
2695 3281 3049 3360 διαρραγῆναι
3114 3286 3304 3359 μᾶλλον
3371 3289 3472 3340 ὑπὸ
3536 3287 3862 3361 λαιμαργίας

492 3382 759 3452 ingluvie
809 3380 1126 3453 disrumpi,
1169 3396 1357 3453 quam
1403 3379 1617 3452 reliqui
1658 3380 1994 3453 quidquam
2038 3380 2129 3435 im-

2222 3374 2541 3462 .laipoﬁvrm,
2599 3377 2628 3432 ἦ
2686 3393 2738 3425 τι
2789 3383 2890 3427 τῶν
2941 3375 3194 3446 λειψάνων
3246 3373 3566 3448 μεταδοῦναι
3621 3385 3732 3439 τοῖς
3787 3376 3859 3429 ἐν·

493 3471 699 3545 pertiri
733 3470 1071 3540 egentibus.
1107 3471 1182 3539 (4)
1212 3468 1365 3524 Talis
1399 3473 1526 3526 erat
1565 3469 1661 3526 ille
1713 3469 1774 3524 in
1823 3469 2130 3540 Evangelic

2257 3457 2424 3520 δεέσι,
2473 3468 2714 3524 Τοιοῦτος
2763 3465 2788 3515 ὀ
2830 3462 2878 3516 ἐν
2925 3472 2998 3535 τῷ
3043 3465 3339 3537 Εὐαγγελίῳ
3389 3465 3652 3528 πλούσιος.
3697 3470 3862 3541 Παρέ-

495 3560 688 3616 dives.
718 3558 1011 3616 Astabant
1058 3558 1160 3630 qui
1207 3557 1476 3614 animam
1525 3560 1656 3630 ejus
1698 3564 2052 3631 repeterent,
2093 3574 2132 3614 e‘

2260 3571 2461 3609 στησαν
2518 3554 2566 3604 οἱ
2622 3558 2718 3611 τὴν
2771 3553 2958 3625 ψυχὴν
3013 3553 3389 3624 ἀπαιτοῦντες,
3444 3555 3676 3618 κάκεῖνος
3740 3560 3863 3630 περὶ

494 3648 591 3704 ille
621 3665 827 3703 secum
857 3647 1192 3704 disserebat
1219 3647 1294 3702 de
1325 3647 1638 3704 alimentis.
1673 3651 1794 3704 Hae
1814 3648 1948 3721 ipsa
1975 3653 2131 3704 nocti

2260 3640 2549 3714 βρωμάτων
2584 3651 2645 3715 τῇ
2674 3641 2828 3716 ψυχῇ
2866 3639 3144 3716 διελέγετο.
3182 3647 3358 3717 Ταύτῃ
3397 3653 3458 3718 τῇ
3503 3651 3653 3698 νυκτὶ
3694 3665 3861 3720 παρε-

497 3738 928 3810 abripiebatur,
961 3742 1017 3793 et
1046 3737 1123 3793 ad
1166 3736 1388 3793 multos
1429 3754 1624 3795 annos
1653 3754 1856 3794 rerum
1902 3753 2134 3811 posses-

2257 3729 2578 3803 λαμϐάνετο,
2624 3736 2714 3785 καὶ
2759 3739 2829 3794 εἰς
2879 3734 2966 3791 ἔτη
3018 3733 3183 3786 πολλὰ
3227 3738 3322 3793 τὴν
3371 3733 3662 3787 ἀπόλαυσιν
3714 3733 3863 3806 ἔφαν·

500 3831 734 3885 sionem
769 3829 974 3885 animo
1023 3828 1137 3884 sibi
1177 3828 1464 3899 ﬁngebat.
1491 3831 1567 3900 (5)
1615 3830 1852 3886 Insania
1898 3829 2137 3900 ingens!

2258 3820 2466 3881 τάξετο.
2519 3825 2696 3875 Μανία
2753 3819 2936 3881 δεινή·
2992 3823 3087 3884 ἕως
3137 3825 3226 3897 μὲν
3285 3821 3332 3876 ἐν
3392 3823 3663 3896 μετάλλοις
3718 3821 3779 3882 ἦν
3836 3824 3863 3876 ὀ

498 3919 647 3976 dum
676 3918 924 3990 quidem
954 3933 1171 3974 aurum
1203 3917 1264 3973 in
1295 3918 1550 3974 metallis
1571 3923 1716 3983 erat,
1747 3924 1964 3975 terram
1991 3937 2135 3976 seru

2257 3914 2483 3984 χρυσὸς,
2541 3909 2794 3987 ἀνηρεύνα
2857 3917 2950 3971 τὴν
3010 3920 3148 3985 γῆνο
3213 3914 3297 3966 ὅτε
3361 3917 3574 3986 φανερὸς
3642 3912 3862 3985 ἐγένετο,

498 4009 778 4066 tabatur:
819 4023 958 4062 cum
1000 4011 1202 4062 autem
1242 4009 1371 4078 jam
1408 4009 1471 4064 in
1518 4008 1837 4081 propatulo
1877 4014 1987 4078 est,
2027 4025 2135 4066 rur-

2257 3999 2411 4052 πάλιν
2460 4000 2616 4053 αὐτὸν
2664 3999 2713 4052 ἐν
2760 4009 2820 4074 τῇ
2867 4010 2934 4074 γῇ
2979 4000 3236 4074 ἀφανίζει.
3283 3999 3392 4055 Εἶτ’
3438 3999 3587 4076 οἶμαι
3640 4001 3867 4075 συμϐαί-

501 4114 604 4152 sus
645 4095 790 4151 illud
820 4096 881 4150 in
912 4099 1068 4150 terra
1102 4096 1421 4154 abscondit
1449 4115 1462 4153 :
1497 4097 1714 4154 deinde
1745 4114 1961 4154 aurum
1993 4098 2138 4155 defo.

2258 4107 2357 4140 νειν
2417 4096 2490 4160 τῷ
2533 4092 2915 4164 κατορύσσοντι
2961 4093 3048 4142 τὸν
3106 4091 3346 4159 πλοῦτον,
3410 4094 3870 4164 συγκατορύσσειν

500 4187 706 4243 diendi
758 4184 990 4240 evenire
1038 4185 1323 4253 arbitror,
1371 4190 1435 4243 ut
1485 4192 1542 4243 et
1585 4203 1687 4243 cor
1733 4204 1913 4243 suum
1971 4188 2137 4243 simu.

2259 4183 2347 4230 καὶ
2410 4183 2504 4236 τὴν
2569 4176 2832 4254 καρδίαν·
2903 4178 3071 4234 Ὀπου
3137 4183 3238 4254 γὰρ
3308 4181 3334 4232 ὀ
3399 4182 3664 4255 θησαυρός
3729 4200 3870 4251 σου,

500 4276 784 4332 defodiat.
824 4275 1004 4343 Nam,
1035 4274 1244 4346 inquit,
1278 4276 1382 4330 ubi
1423 4276 1740 4333 thesaurus
1786 4284 1943 4344 tuus,
1980 4278 2061 4333 ibi
2097 4293 2137 4334 er

2261 4271 2439 4339 φησὶν,
2516 4267 2621 4320 ἐκεῖ
2683 4273 2772 4320 καὶ
2835 4270 2864 4326 ἡ
2933 4265 3153 4344 καρδία.
3221 4276 3378 4342 Δεῦρο
3442 4266 3553 4337 οὖν,
3619 4270 3873 4333 ποικίλως

500 4382 605 4422 cor
625 4367 693 4419 δ’.
731 4366 810 4435 (6)
855 4371 996 4432 Age,
1031 4363 1227 4432 igitur,
1258 4381 1292 4420 ο
1341 4365 1528 4435 dives,
1570 4365 1807 4423 divitias
1846 4367 2006 4423 varie
2033 4367 2137 4422 dis-

2263 4352 2450 4408 διάθου
2499 4360 2586 4408 τὸν
2635 4357 2875 4428 πλοῦτον,
2923 4356 2962 4410 ὦ
3009 4358 3248 4416 πλούσιε.
3288 4363 3372 4416 Μὴ
3405 4357 3701 4433 βαρύτιμος
3740 4362 3868 4413 ἔσο.

498 4470 711 4527 pensa,
747 4453 869 4509 noli
918 4469 1144 4524 magno
1191 4455 1471 4523 vendere,
1500 4471 1647 4511 cave
1689 4460 1996 4528 exspectes
2044 4472 2135 4513 an-

2259 4450 2330 4518 μή
2388 4444 2602 4518 ἀνάμενε
2651 4444 2937 4514 σιτοδείαν,
2991 4449 3074 4501 ἶνα
3116 4446 3322 4521 ἀνοίξῃς
3376 4445 3728 4520 σιτοδοχεῖα·
3791 4455 3869 4521 μή

498 4560 678 4600 nonae
704 4544 1054 4600 eharitatem
1085 4543 1164 4598 ad
1193 4544 1410 4600 horrea
1435 4545 1791 4617 aperienda;
1824 4562 1897 4602 ne
1928 4547 2135 4602 famen‘

2258 4533 2408 4607 λιμόν
2460 4532 2687 4606 ἐκδέχου
2733 4533 2828 4589 διὰ
2854 4539 3082 4612 χρυσὸν,
3116 4542 3187 4610 μὴ
3236 4540 3412 4596 κοινὴν
3444 4532 3644 4590 ἔνδειαν
3674 4533 3748 4590 δι’
3776 4537 3871 4591 εὖ-

500 4636 629 4691 auri
677 4650 880 4700 causa,
913 4650 989 4689 ne
1017 4635 1283 4690 inediam
1315 4651 1703 4691 communem
1737 4635 1816 4692 ob
1854 4637 2137 4708 privatam:

2259 4630 2444 4701 πορίαν
2501 4622 2660 4683 ἰδίαν,
2714 4630 2800 4684 Μὴ
2859 4631 3004 4698 ’γίνου
3062 4626 3292 4687 κάπηλος
3341 4634 3619 4702 συμφορῶν
3660 4624 3872 4701 ἀνθρω-

500 4739 686 4795 opum
719 4728 962 4780 tuarum
992 4723 1234 4794 copiam
1266 4723 1600 4796 opperiare.
1634 4725 1758 4780 Noli
1791 4725 1920 4780 tieri
1955 4741 2137 4798 caupc

2259 4721 2456 4770 πίνων
2498 4719 2568 4788 μὴ
2606 4721 2700 4774 τὴν
2749 4715 2910 4790 ὀργὴν
2958 4716 3049 4769 τοῦ
3098 4724 3232 4770 Θεοῦ
3270 4719 3452 4789 καιρὸν
3498 4721 3724 4789 ποιήσῃς
3772 4735 3869 4770 πε-

497 4813 908 4869 humanarum
953 4812 1399 4880 calamitatum;
1437 4829 1513 4868 ne
1561 4813 1714 4868 iram
1757 4815 1855 4869 Dei
1884 4815 2134 4871 occasio-

2259 4809 2501 4878 ριουσίας
2547 4807 2862 4881 χρημάτων.
2915 4809 2982 4858 Σὺ
3038 4808 3141 4880 ⁴γὰρ
3200 4809 3326 4881 πρὸς
3376 4808 3466 4878 μὲν
3517 4807 3606 4858 τὸν
3653 4808 3868 4879 χρυσὸν

498 4916 640 4957 nem
670 4901 880 4958 feceris
921 4903 1279 4972 aggerendae
1311 4903 1601 4974 pecuniae.
1632 4905 1715 4958 Tu
1741 4904 1902 4960 enim
1933 4921 2135 4962 aurum

2260 4893 2606 4965 ἀποϐλέπεις,
2663 4898 2751 4947 τὸν
2809 4892 2869 4948 δὲ
2927 4891 3147 4968 ἀδελφόν
3207 4913 3301 4947 σου
3362 4894 3422 4947 οὐ
3479 4892 3864 4968 προσϐλέπεις·

495 4988 744 5061 quidem
773 4991 1044 5062 respicis,
1078 4991 1187 5047 sed
1218 4991 1467 5049 fratrem
1505 4996 1678 5049 tuum
1705 5008 1831 5050 non
1859 4993 2132 5067 respicis;

2257 4988 2346 5038 καὶ
2389 4991 2480 5038 τοῦ
2527 4986 2619 5058 μὲν
2661 4989 2984 5058 νομίσματος
3040 4982 3406 5058 ἐπιγινώσκεις
3453 4985 3513 5038 τὸ
3570 4982 3859 5060 χάραγμα,

566 5151 614 5186 ⁶²
649 5149 847 5208 Matth.
880 5167 959 5222 v1,
991 5153 1080 5208 21.

561 5296 642 5431 $1)
683 5297 763 5350 Ex
787 5294 956 5388 hom.
986 5294 1047 5378 in
1077 5294 1223 5379 illud
1255 5298 1447 5387 Lucae,
1475 5298 1818 5369 Destruam,
1849 5301 1939 5357 48.
2328 5299 2407 5370 (6)
2446 5302 2529 5386 Ei:
2552 5298 2720 5358 hom.
2753 5296 2817 5389 in
2845 5294 2995 5356 illud
3024 5297 3217 5368 Lucae,
3248 5295 3591 5365 Destruam,
3623 5296 3715 5353 46.

585 5371 638 5431 2)
681 5368 762 5422 Ex
791 5367 959 5422 hom.
991 5383 1054 5422 ιη
1086 5373 1318 5431 awztes,
1352 5370 1441 5427 b4.
2330 5371 2407 5431 (7)
2434 5379 2522 5426 Το.
2558 5375 2726 5428 Forte
2752 5391 2845 5431 τῳ.
2879 5374 3033 5427 EDlT.

585 5367 638 5432 2)
681 5368 762 5422 Ex
791 5367 959 5422 hom.
991 5368 1054 5422 in
1086 5367 1318 5435 divites,
1352 5370 1441 5427 54.
1803 5367 1810 5369 ⁷

587 5437 639 5508 3)
679 5441 755 5510 Ex
786 5438 950 5494 hom.
984 5437 1044 5493 in
1073 5437 1221 5494 illud
1253 5442 1444 5510 Lucae,
1475 5438 1818 5509 Destruam,
1847 5446 1934 5501 45.

2352 5367 2407 5441 7)
2434 5377 2522 5426 Τὸ.
2558 5375 2726 5428 Forte
2752 5380 2845 5442 τῷ.
2879 5374 3033 5427 EDlT.
3205 5367 3209 5368 ί

2325 5371 2349 5510 ἕ
2355 5445 2410 5510 8)
2454 5447 2779 5510 Κινούμενον.
2807 5443 2898 5500 Sic
2920 5447 3171 5510 uterque
3199 5441 3389 5503 COdGX
3419 5445 3477 5502 et
3497 5438 3665 5502 Basili

786 5438 950 5526 hom.
984 5437 1044 5493 in
1073 5437 1221 5494 illud
1253 5442 1444 5511 Lucae,
1475 5438 1818 5509 Destruam,
1847 5446 1934 5501 45.

2258 5518 2268 5526 _
2325 5437 2410 5526 (ξ)
2454 5437 2898 5526 Κινσῦμενον.’ξίϐ
2920 5447 3171 5516 uterque
3199 5441 3389 5503 codex
3419 5445 3477 5502 et
3497 5437 3690 5502 Basilii
3717 5452 3863 5496 con-

559 5513 618 5572 (4
677 5509 827 5565 lbid.
1429 5509 1435 5511 ⁷

560 5511 640 5649 (ὅ)
677 5582 761 5638 Ex
783 5581 952 5643 hom.
983 5583 1048 5641 in
1077 5582 1311 5660 divites,
1345 5587 1431 5645 54.

1384 5587 1411 5645 4
1429 5509 1435 5511 ﬁ
2253 5509 2472 5578 teXttls.
2501 5509 2651 5575 Edlti
2675 5517 3021 5590 κοινούμενον.
