4146 6372
289 373 424 430 1169

1303 366 1532 424 SERMO
1570 367 1633 423 V.
1678 365 1768 422 DE
1808 361 2085 421 DIVITIIS
2124 364 2210 422 ET
2249 365 2701 424 PAUPERTATE

3524 373 3653 429 170

283 500 374 550 καὶ
404 501 496 549 τοῦ
537 491 762 568 δοκίμου
790 489 1076 566 διακρίνεις
1100 491 1159 544 τὸ
1201 488 1476 558 κίϐδηλον,
1508 494 1594 544 τὸν
1627 488 1685 544 δὲ
1726 486 1874 543 ἁδελ-

2011 493 2068 546 et
2093 491 2477 549 numismatis
2507 493 2757 566 quidem
2785 495 2993 552 notam
3024 495 3332 566 agnoscis,
3374 499 3432 553 et
3462 513 3498 555 a
3529 499 3625 554 sin

283 590 374 658 φόν
421 586 566 661 παρὰ
619 588 713 644 τὴν
744 587 931 656 χρείαν
979 581 1236 642 παντελῶς
1284 581 1508 653 ἀγνοεῖς.
1561 585 1662 635 Καὶ
1719 582 1748 640 ἡ
1794 583 1885 652 μὲν

283 678 504 750 εὖχροιά
552 693 610 728 σε
653 680 744 726 τοῦ
792 679 1003 745 χρυσοῦ
1041 667 1320 744 ὑπορὴδει,
1352 673 1469 732 ὅσος
1522 667 1582 724 δέ
1621 690 1706 724 σοι
1757 668 1886 724 ἀκο-

281 765 453 820 λουθεῖ
471 771 562 818 τοῦ
589 759 793 825 ἐνδεοῦς
825 764 850 815 ό
884 765 1187 834 στεναγμός,
1212 761 1271 815 οὐ
1292 760 1500 834 λογίζῃ.

348 1050 403 1106 2.
430 1051 530 1102 Καὶ
574 1050 712 1116 τίνα,
768 1049 948 1120 φησὶν,
999 1041 1192 1112 ἀδικῶ,
1253 1049 1489 1118 συνέχων
1519 1047 1587 1099 τὰ
1615 1044 1881 1122 ἐμαυτοῦ;

275 1144 432 1205 Ποῖα,
473 1137 581 1191 εἰπέ
631 1156 741 1210 μοι,
774 1143 1018 1207 caui-oi};
1064 1137 1219 1188 πόθεν
1287 1135 1422 1188 αὐτὰ
1479 1134 1647 1188 λαϐὼν
1695 1134 1768 1196 εἰς
1795 1136 1884 1186 τόν

274 1227 393 1300 βίον
431 1226 773 1299 εἰσήνεγκας;
807 1225 1008 1301 ’Ὠσπερ
1050 1226 1111 1278 οἶν
1172 1228 1217 1278 εἰ
1271 1244 1353 1287 τις
1392 1223 1440 1277 ἐν
1506 1226 1703 1296 θεάτρῳ
1759 1226 1880 1277 θέαν

271 1315 596 1383 καταλαϐὼν,
647 1315 758 1369 εἶτα
806 1315 1025 1390 ἐξείργοι
1074 1317 1196 1376 τοὺς
1254 1312 1513 1383 ἐπιόντας,
1581 1311 1716 1366 ἴδιον
1764 1316 1883 1366 ἐαυ-

269 1414 362 1457 τοῦ
398 1409 582 1478 κρίνων
625 1408 684 1458 τό
732 1413 918 1467 κοινῶς
974 1410 1107 1458 πᾶσι
1163 1405 1296 1456 κατὰ
1357 1407 1451 1462 τὴν
1491 1411 1694 1476 χρῆσιν
1745 1421 1879 1475 προ-

1637 1495 1716 1545 Τὰ
1778 1493 1877 1566 γὰρ

267 1586 416 1635 κοινὰ
470 1587 952 1658 προκατασχόντες,
1001 1579 1119 1634 ἴδια
1163 1589 1436 1634 ποιοῦνται
1492 1577 1586 1634 διὰ
1621 1585 1716 1640 τὴν
1745 1586 1878 1654 πρό-

267 1671 446 1744 ληψιν.
512 1672 654 1725 Ἐπεὶ
729 1672 772 1724 εἰ
823 1675 881 1724 τὸ
946 1673 1074 1744 πρὸς
1136 1672 1474 1746 παραμυθίαν
1533 1679 1625 1731 τῆς
1693 1670 1877 1723 ἑαυτοῦ

269 1766 460 1834 χρείας
510 1761 729 1824 ἕκαστος
796 1761 1160 1835 κομιζόμενος,
1206 1763 1264 1812 τὸ
1321 1763 1557 1831 περεττόν
1611 1763 1753 1832 ἠφίει
1805 1768 1877 1830 τῷ

269 1499 518 1567 κείμενον·
573 1498 801 1547 τοιοῦτοί
869 1494 972 1547 εἰσι
1015 1498 1106 1546 καὶ
1171 1495 1220 1544 οἱ
1291 1492 1555 1547 πλούσιοι.

1995 596 2131 637 cero
2179 582 2584 639 adulterinum
2637 583 2948 647 discernis,
3006 584 3251 642 fratrem
3300 602 3446 642 vero
3498 590 3647 644 tem-

1994 686 2139 742 pore
2169 672 2537 729 necessitatis
2565 689 2814 744 prorsus
2846 673 3115 744 ignoras.
3144 680 3222 730 Ae
3266 675 3490 731 nitidus
3520 678 3652 749 qui-

1994 760 2135 817 dem
2165 761 2297 817 auri
2320 762 2482 818 color
2516 763 2681 818 valde
2724 763 3061 820 admodum
3115 769 3170 820 te
3224 764 3507 830 oblectat,
3541 767 3648 824 sed

1994 854 2142 923 quot
2158 856 2213 907 et
2237 852 2447 924 quanti
2463 867 2792 922 egenorum
2815 853 3076 924 gemitus
3101 856 3154 910 te
3175 859 3646 927 prosequantur,

1994 955 2118 997 non
2147 946 2413 1014 reputas.

2065 1033 2117 1085 2.
2171 1033 2248 1102 ('2)
2303 1031 2429 1094 Cui,
2483 1031 2698 1104 inquit,
2757 1031 3044 1103 injuriam
3093 1030 3270 1102 facio,
3329 1033 3476 1089 dum
3508 1051 3649 1092 mea

1993 1119 2269 1175 custodio
2316 1124 2374 1176 et
2421 1117 2686 1177 claudo?
2735 1124 2896 1188 Quae,
2953 1121 3049 1177 dic
3097 1122 3264 1192 mihi,
3327 1126 3431 1180 tua
3461 1129 3648 1180 sunt?

1992 1208 2154 1264 unde
2199 1213 2447 1282 accepta
2493 1211 2555 1265 in
2605 1211 2794 1266 vitam
2828 1211 3124 1266 intulisti?
3169 1211 3338 1268 Velut
3385 1212 3434 1267 si
3480 1214 3644 1285 quis,

1991 1297 2124 1354 loco
2151 1298 2213 1354 in
2239 1299 2471 1356 theatro
2512 1301 2589 1356 ad
2629 1299 3026 1372 spectandum
3067 1305 3388 1373 occupato,
3425 1300 3646 1358 deinde

1990 1386 2393 1457 ingredientes
2413 1391 2653 1458 farceat,
2681 1388 2744 1444 id
2774 1389 2863 1444 sui
2893 1389 3082 1460 ipsius
3109 1390 3423 1462 proprium
3453 1396 3643 1461 ratus,

1989 1477 2150 1549 quod
2187 1477 2265 1532 ad
2307 1478 2584 1533 omnium
2615 1493 3004 1533 communem
3037 1495 3215 1533 usum
3244 1480 3640 1552 proponitur:

1987 1565 2137 1622 tales
2157 1582 2399 1639 quoque
2420 1566 2632 1623 divites
2665 1571 2824 1622 sunt.
2855 1570 3003 1622 Nam
3047 1569 3399 1625 communia
3419 1585 3646 1640 praeoc-

1988 1659 2302 1728 eupantes,
2336 1657 2579 1729 propria
2605 1656 2719 1712 sibi
2751 1656 2976 1712 faciunt
3007 1672 3076 1712 eo
3104 1657 3286 1730 'quod
3335 1673 3646 1730 praeoccu-

1987 1745 2280 1817 paverint.
2317 1746 2488 1811 Quod
2537 1745 2585 1801 si
2613 1760 2736 1802 sua}
2786 1744 3043 1818 quisque
3073 1747 3419 1803 necessitati
3451 1747 3646 1804 suble-

269 1847 516 1923 δεομένῳ,
560 1846 732 1912 οὐδεὶς
776 1853 867 1924 μὲν
908 1848 968 1901 ἂν
1009 1846 1070 1908 ἧν
1113 1849 1382 1917 πλούσιος,
1441 1845 1614 1909 οὐδεὶς
1689 1845 1749 1901 δὲ
1805 1847 1874 1900 έν-

1988 1835 2204 1892 vandie
2230 1835 2292 1890 in
2317 1833 2502 1891 modo
2521 1835 2688 1907 quod
2718 1835 2859 1890 satis
2880 1838 2970 1891 est
2992 1839 3254 1906 caperet,
3288 1837 3485 1907 egenti
3502 1853 3645 1893 vero

270 1935 419 2001 δςὴς.
446 1940 594 2012 Οὐχὶ
621 1943 816 2014 γυμνὸς
855 1937 1098 2003 ἑξέπεσας
1150 1935 1242 1999 τῆς
1269 1941 1534 2010 γαστρός;
1574 1937 1634 1990 οὐ
1681 1941 1878 2011 γυμνὸς

268 2029 422 2081 πάλιν
475 2028 544 2090 εἰς
586 2033 680 2087 τὴν
744 2035 844 2100 γῆν
893 2029 1269 2102 ὑποστρέφεις;
1317 2029 1395 2080 Τὰ
1451 2023 1510 2080 δὲ
1532 2031 1765 2102 παρόντα
1797 2047 1879 2080 σοι

267 2119 462 2184 πόθεν;
507 2117 568 2170 Εἰ
617 2118 708 2190 μὲν
742 2119 846 2170 ἀπὸ
893 2119 1224 2190 ταντομάτου
1285 2115 1470 2188 λέγεις·
1499 2117 1644 2178 ἄθεος
1703 2112 1764 2182 εἴ,
1805 2121 1876 2188 μὴ

266 2207 534 2280 γνωρίζων
574 2209 661 2260 τὸν
701 2210 975 2273 κτίσαντα,
1011 2202 1152 2278 μηδὲ
1181 2206 1344 2279 χάριν
1396 2208 1533 2276 ἔχων
1585 2213 1657 2276 τῷ
1715 2202 1879 2259 δεδω·

274 2298 409 2346 κότι·
455 2295 499 2347 εἰ
549 2292 608 2348 δὲ
656 2295 926 2368 ὁμολογεῖς
969 2291 1099 2348 εἶναι
1138 2297 1283 2368 παρά
1337 2302 1494 2360 Θεοῦ,
1547 2294 1655 2348 εἰπὲ
1679 2297 1767 2347 τόν
1793 2293 1880 2347 λό-

266 2402 358 2454 γον
399 2385 522 2456 ἡμῖν
550 2380 623 2436 δι’
655 2385 708 2436 ὃν
730 2383 926 2446 ἔλαϐες.
959 2387 1044 2442 Μὴ
1093 2379 1276 2444 ἆδικος
1325 2385 1350 2436 ὁ
1408 2387 1548 2448 Θεὸς,
1605 2385 1631 2434 ό
1686 2382 1878 2444 ἀνίσως

265 2473 389 2545 ἡμῖν
439 2469 658 2548 διαιρῶν
701 2475 769 2526 τὰ
796 2481 888 2526 τοῦ
935 2471 1089 2546 βίους
1121 2475 1218 2526 Διὰ
1263 2477 1315 2525 τί
1361 2475 1426 2525 σὺ
1466 2475 1556 2544 μὲν
1612 2471 1874 2540 πλουτεῖς,

264 2559 452 2625 ἐκεῖνος
482 2560 542 2615 δὲ
577 2567 822 2630 «suum;
855 2567 924 2614 Ἥ
948 2563 1155 2623 πάντως
1195 2563 1278 2614 ἶνα
1317 2566 1407 2615 καὶ
1453 2564 1520 2614 σὺ
1560 2567 1877 2636 χρηστότη-

262 2668 348 2713 τος
412 2654 504 2703 καὶ
551 2659 750 2713 πιστῆς
809 2651 1110 2723 οἰκονομίας
1171 2652 1362 2722 μισθόν
1441 2647 1587 2722 δέξῃ,
1643 2650 1876 2713 κάκεῖνος

261 2745 370 2801 τοῖς
426 2739 669 2812 μεγάλοις
734 2738 912 2801 ἆθλοις
980 2747 1077 2800 τῆς
1131 2739 1392 2812 ὑπομονῆς
1431 2738 1679 2811 ξτιμηθῇ.
1740 2731 1876 2793 Ἀλλ’

266 2826 548 2898 ἀναγκαῖος
599 2829 624 2880 ό
681 2828 904 2890 πλοῦτος
960 2824 1055 2880 διὰ
1082 2831 1206 2888 τοὺς
1252 2824 1472 2890 παῖδας.
1523 2827 1878 2902 Εὐπρόσωπος

265 2915 470 2992 ἀφορμὴ
515 2917 803 2981 πλεονεξίας
849 2917 1004 2976 αὕτη.
1058 2919 1190 2980 Τοὺς
1245 2917 1347 2991 γὰρ
1405 2913 1601 2978 παῖδας
1646 2916 1877 2990 προϐάλ-

264 3004 432 3074 λεσθε,
474 3010 568 3065 τὴν
619 3003 679 3060 δὲ
725 3004 950 3082 καρδίαν
1003 3007 1393 3082 πληροφορεῖτε.
1455 3009 1541 3064 Μὴ
1595 3005 1742 3058 αἰτιῶ
1789 3026 1875 3060 τον

265 3094 521 3148 ἀναίτιον·
555 3093 696 3149 ἴδιον
745 3099 859 3168 ἔχει
890 3101 1187 3164 Λεσπότην,
1239 3093 1377 3149 ἶδιον
1425 3095 1714 3168 οἰκονόμον·
1750 3097 1874 3170 παρ’

1988 1924 2350 1997 relinqueret
2379 1925 2545 1996 quod
2590 1924 2966 1997 superﬂuum
2997 1930 3110 1994 est,
3147 1941 3327 1981 nemo
3355 1930 3511 1982 esset
3556 1927 3647 1982 di-

1990 2030 2115 2081 ves,
2153 2029 2386 2086 pauper
2403 2029 2605 2070 nemo.
2653 2017 2860 2070 Nonne
2899 2014 3104 2069 nudus
3149 2029 3429 2084 egressus
3473 2031 3537 2070 es
3577 2032 3645 2071 ex

1990 2104 2201 2159 utero?
2224 2119 2426 2159 nonne
2447 2103 2651 2159 nudus
2666 2104 2882 2158 iterum
2899 2103 2960 2159 in
2982 2107 3207 2159 terram
3231 2105 3543 2159 reverteris
3562 2106 3645 2159 ‘3?

1994 2193 2158 2248 Unde
2181 2197 2380 2249 autem
2407 2192 2513 2248 tibi
2541 2193 2864 2265 praesentia
2904 2192 3109 2250 bona?
3164 2193 3220 2250 Si
3253 2210 3289 2250 a
3309 2208 3456 2248 casu
3484 2193 3646 2249 dixe-

1989 2281 2102 2337 ris:
2129 2281 2354 2354 impius
2386 2298 2469 2349 es,
2511 2281 2616 2354 qui
2646 2281 2822 2354 493
2857 2297 2980 2338 non
3011 2297 3312 2351 agnoscas
3363 2283 3642 2339 Condito-

1987 2385 2116 2427 rem
2147 2386 2342 2444 neque
2388 2371 2644 2441 gratiam
2696 2371 2924 2426 habeas
2977 2370 3410 2441 largitorigsin
3461 2371 3647 2426 conﬁ-

1989 2463 2128 2518 teris
2147 2477 2277 2518 esse
2299 2476 2335 2516 a
2376 2463 2512 2517 Deo.
2536 2461 2633 2516 die
2663 2460 2839 2517 nobis
2858 2461 3152 2516 rationem
3185 2476 3290 2516 cur
3319 2461 3646 2533 acceperis.

1989 2553 2145 2608 Num
2192 2552 2450 2621 injustus
2508 2550 2684 2619 Deus,
2724 2551 2830 2622 qui
2873 2550 3052 2606 nobis
3084 2549 3458 2622 inaequaliter
3514 2550 3645 2604 vitae

1987 2641 2327 2696 necessaria
2368 2639 2718 2696 distribuit?
2765 2641 2881 2696 Cur
2916 2642 2978 2694 tu
3026 2639 3274 2710 quidem
3323 2639 3515 2705 dives,
3548 2638 3644 2696 ille

1989 2735 2190 2786 autem
2222 2734 2495 2802 pauper?
2519 2732 2736 2784 Annon
2757 2728 2986 2800 utique,
3020 2732 3083 2782 ut
3107 2731 3164 2784 et
3212 2730 3272 2782 tu
3302 2727 3645 2797 benignita-

1987 2820 2062 2875 tis
2093 2835 2164 2874 ae
2188 2817 2380 2874 ﬁdelis
2405 2817 2872 2888 dispensationis
2898 2817 3241 2873 mercedem
3271 2815 3554 2888 accipias,
3588 2821 3646 2873 et

1985 2909 2083 2966 ille
2136 2909 2372 2980 magnis
2423 2907 2725 2980 patientiae
2764 2907 3029 2980 praemiis
3055 2907 3346 2963 donetur?
3387 2907 3462 2977 (3)
3504 2906 3640 2978 Sed,

1986 2999 2209 3072 inquis,
2241 2997 2594 3054 necessariae
2621 3012 2768 3069 opes
2785 3002 2924 3052 sunt
2954 3000 3198 3068 propter
3219 2995 3463 3051 liberos.
3499 2997 3640 3068 Spe—

1986 3090 2185 3145 ciosus
2237 3087 2333 3144 hic
2381 3087 2644 3143 avaritias
2702 3090 3024 3159 prietextus
3059 3105 3071 3154 ;
3105 3085 3327 3140 liberos
3373 3101 3642 3157 namque

263 3188 322 3238 οὑ
366 3187 443 3257 (1)
495 3190 590 3245 τὴν
633 3190 771 3249 ζωὴν
819 3183 1054 3256 ἐδέξατο,
1118 3186 1241 3262 παρ’
1286 3186 1446 3239 αὐτοῦ
1483 3187 1578 3247 τὰς
1635 3184 1873 3259 ἀφορμὰς

1988 3178 2370 3252 praetenditis,
2402 3177 2628 3233 interea
2653 3193 2797 3232 vero
2827 3175 3167 3231 satisfacitis
3189 3179 3387 3230 vestro
3411 3175 3637 3231 animo.

264 3275 554 3348 ἀναμενέτω
626 3283 718 3328 τοῦ
786 3275 930 3348 βίον.
1019 3280 1105 3334 Μὴ
1175 3282 1284 3337 τοῖς
1347 3280 1712 3348 γεγαμηκόσιν
1779 3295 1872 3328 ουκ

263 3364 465 3438 ἐγράφη
552 3367 620 3417 τὰ
715 3364 1052 3436 Εὐαγγέλιας
1112 3364 1171 3418 Εἰ
1252 3364 1407 3426 θελεις
1471 3365 1655 3426 τελειος
1721 3364 1870 3432 εἶναι,

261 3454 507 3512 πώλησόν
577 3473 672 3506 σου
765 3457 831 3506 τὰ
888 3455 1218 3527 ὑπάρχοντα,
1291 3459 1381 3507 καὶ
1444 3451 1538 3515 δὸς
1613 3462 1869 3525 πτωχοῖς.

263 3542 388 3596 ’Ὁτε
416 3547 557 3616 ᾗτεις
585 3546 728 3617 παρὰ
757 3550 848 3596 τοῦ
896 3551 1030 3598 Θεοῦ
1083 3549 1177 3602 τὴν
1236 3541 1538 3611 εὐπαιδίαν,
1591 3545 1673 3596 ὅτε
1720 3545 1870 3607 ἠξίου

263 3635 503 3704 γενέσθαι
547 3630 753 3686 παίδων
799 3638 995 3709 πατὴρ,
1031 3629 1150 3708 ἄρα’
1184 3635 1510 3708 προσετίθεις
1557 3641 1731 3705 τοῦτο,
1769 3638 1870 3696 Λός

263 3741 354 3794 μοι
383 3726 554 3793 τέκνα,
594 3724 677 3775 ἱνα
723 3726 1046 3798 παρακούσω
1101 3731 1202 3775 τῶν
1232 3721 1442 3775 ἐντολῶν
1477 3743 1571 3775 σου
1601 3739 1614 3790 ;
1665 3720 1752 3784 δός
1781 3743 1872 3795 μοι

264 3814 434 3866 τέκνα.
494 3813 578 3864 ἵνα
618 3816 689 3884 μὴ
752 3814 937 3884 φθάσω
977 3811 1048 3873 εἰς
1104 3816 1198 3870 τὴν
1249 3811 1523 3884 βασιλείαν
1566 3819 1666 3864 τῶν
1717 3812 1872 3887 οὐρα-

264 3909 390 3966 νῶν;
449 3905 536 3962 Τίς
585 3897 644 3954 δὲ
701 3907 790 3954 καὶ
838 3901 1100 3973 ἐγγυητὴς
1154 3904 1302 3954 ἔσται
1369 3909 1465 3964 τῆς
1533 3909 1624 3954 τοῦ
1674 3899 1871 3964 παιδός

263 3993 629 4064 προαιρέσεώς,
676 3993 757 4043 ὅτι
797 3991 867 4053 εἰς
921 3987 1045 4044 δέσν
1114 3996 1376 4064 χρήσεται
1427 3998 1534 4051 τοῖς
1585 3987 1811 4061 ξδοθεῖσι
1852 4008 1866 4059 ;

264 4079 467 4140 πολλοῖς
515 4082 617 4152 γὰρ
671 4082 698 4132 ό
745 4079 986 4148 πλοῦτος,
1015 4081 1275 4154 ὑπηρέτης
1328 4079 1610 4140 ἀκολασίας
1652 4078 1866 4151 ἐγένετο.

265 4167 402 4241 Ὅρα
431 4165 540 4235 οὖν,
572 4173 643 4241 μὴ
677 4171 809 4242 μετὰ
839 4174 1039 4242 μυρίων
1069 4173 1236 4221 πόνων
1268 4171 1354 4220 τόν
1409 4168 1632 4221 πλοῦτον
1687 4166 1869 4243 ἀθροί-

264 4275 379 4323 σας,
433 4256 558 4316 ὕλην
601 4257 992 4333 ἁμαρτημάτων
1033 4257 1225 4331 ἑτέροις
1277 4259 1708 4332 παρασκευάσῃς,
1761 4256 1872 4309 εἶτα

261 4348 474 4419 εὑρεθῇς
504 4343 668 4418 διπλᾴ
704 4351 1103 4421 τιμωρούμενος,
1151 4347 1220 4399 ὧν
1271 4365 1325 4399 τε
1372 4347 1528 4407 αὑτός
1577 4344 1868 4410 ἠδίκησας,

262 4439 352 4486 καὶ
382 4435 449 4486 ὧν
493 4434 660 4507 ἕτερον
692 4434 1016 4508 ἐφωδίασας.
1064 4438 1130 4489 Οἱ
1197 4440 1286 4508 μὲν
1337 4441 1436 4512 γὰρ
1483 4433 1667 4496 παῖδες
1731 4438 1873 4509 παρὰ

1982 3268 2110 3325 Noli
2150 3267 2389 3340 culpam
2430 3267 2676 3338 rejicere
2723 3266 2785 3321 in
2816 3264 3492 3337 insontem;proprium
3525 3267 3640 3320 Do-

1980 3360 2216 3415 minum
2245 3358 2451 3424 habet,
2481 3356 2797 3428 proprium
2827 3359 3149 3410 rectorem:
3199 3371 3235 3410 a
3273 3370 3396 3426 quo
3451 3355 3640 3410 vitam

1980 3447 2229 3520 accepit,
2253 3447 2330 3503 ab
2360 3447 2492 3519 ipso
2527 3446 2662 3502 vitae
2701 3445 2975 3500 subsidia
3006 3448 3329 3516 exspectet.
3376 3447 3528 3499 Num
3568 3445 3640 3499 iis

1979 3537 2085 3611 qui
2104 3537 2489 3593 matrimonio
2502 3535 2695 3607 juncti
2722 3539 2882 3598 sunt,
2906 3534 3126 3606 scripta
3142 3549 3268 3589 non
3292 3537 3436 3589 sunt
3450 3536 3642 3590 Evan-

1980 3627 2134 3699 gelia
2155 3627 2182 3681 ?
2224 3627 2294 3682 Si
2321 3627 2409 3681 vis
2431 3626 2741 3695 perfectus
2770 3639 2910 3692 esse,
2951 3623 3139 3680 vende
3163 3637 3294 3695 qua:
3345 3623 3549 3693 habes,
3583 3629 3638 3678 et

1979 3717 2058 3773 da
2078 3717 2440 3785 pauperibus
2467 3715 2537 3769 δί’.
2563 3716 2708 3769 Cum
2731 3713 2964 3785 prolem
2985 3728 3378 3767 numerosam
3403 3714 3637 3783 peteres

1981 3821 2018 3862 δ.
2048 3805 2322 3874 Domino,
2357 3819 2496 3859 eum
2527 3818 2771 3873 rogares
2800 3807 2866 3856 ut
2890 3801 3063 3856 ﬁeres
3092 3799 3418 3856 liberorum
3442 3803 3631 3872 pater,

1979 3893 2204 3950 illudne
2235 3891 2556 3948 addidisti:
2596 3894 2683 3946 Da
2708 3890 2853 3945 mihi
2884 3890 3123 3956 liberos,
3168 3895 3274 3945 tua
3303 3891 3367 3944 ut
3409 3888 3633 3944 violem

1977 3983 2324 4056 praecepta?
2377 3983 2460 4037 Da
2501 3980 2646 4035 mihi
2678 3979 2971 4046 sobolem,
3029 3983 3092 4035 ut
3122 3979 3203 4035 ad
3231 3994 3489 4048 regnum
3516 3994 3630 4033 cm-

1977 4073 2174 4130 lorum
2205 4086 2329 4128 non
2350 4069 2742 4144 perveniam?
2763 4070 2851 4125 Ad
2877 4069 3006 4125 hrec
3029 4068 3348 4124 voluntatis
3374 4068 3478 4124 ﬁlii
3499 4069 3634 4141 quis

1978 4164 2088 4219 erit
2146 4177 2425 4233 sponsor,
2481 4159 2649 4232 quod
2704 4158 2981 4214 videlicet
3029 4158 3186 4213 datis
3242 4157 3422 4214 rebus
3475 4162 3634 4214 recte

1979 4266 2198 4308 usurus
2225 4249 2343 4305 sit?
2363 4252 2514 4305 Nam
2557 4248 2778 4303 divitia:
2812 4247 3012 4303 multis
3039 4247 3311 4303 exstitere
3366 4245 3632 4301 libidinis

1979 4339 2288 4407 ministrae,
2339 4343 2518 4411 atque
2560 4337 2946 4410 impuritatis.
3004 4337 3151 4391 Vide
3190 4336 3371 4405 igitur
3417 4351 3492 4390 ne
3543 4334 3632 4389 di-

1977 4429 2151 4487 vitias
2180 4428 2492 4485 laboribus
2513 4426 2828 4500 permultis
2861 4430 3270 4491 coaeervatas,
3323 4423 3458 4480 aliis
3507 4438 3632 4480 ma-

262 4526 448 4593 γονέων
523 4521 689 4595 μηδὲν
750 4521 1042 4597 δεξάμενοι,
1115 4525 1316 4586 ἑαυτοῖς
1399 4525 1648 4586 πολλάκις
1700 4525 1870 4586 οἶκους

1988 4518 2189 4576 teriam
2236 4520 2623 4590 peccatorum
2690 4514 2894 4580 facias,
2952 4516 3288 4586 posteaque
3353 4511 3634 4584 plectaris

264 4609 538 4669 ἐποίησαν·
612 4615 641 4671 ἠ
701 4612 858 4686 ψυχὴ
911 4610 970 4666 δὲ
1026 4615 1170 4688 παρὰ
1233 4620 1330 4666 σοῦ
1384 4613 1864 4686 ἐγκαταλειφθεῖσα,

262 4703 408 4772 παρά
435 4706 570 4763 τίνος
616 4701 982 4770 ἐλεηθήσεται;
1043 4707 1105 4756 Τί
1149 4706 1319 4756 τοίνυν
1367 4709 1616 4755 τοσοῦτον
1686 4703 1870 4762 ἐπτόη-

265 4809 356 4843 σαι
376 4794 494 4866 περὶ
525 4794 610 4844 τὸν
631 4797 838 4865 χρυσόν
864 4811 877 4861 ;

1977 4606 2202 4679 duplici
2235 4621 2436 4678 paena,
2474 4608 2604 4660 tum
2651 4603 2897 4660 nomine
2929 4617 3162 4670 eorum,
3189 4617 3327 4672 quae
3352 4601 3479 4672 ipse
3514 4599 3633 4654 ini-

1974 4713 2094 4770 que
2126 4695 2319 4766 egisti,
2352 4699 2482 4751 tum
2514 4709 2746 4761 eorum,
2769 4708 2906 4764 quae
2941 4691 3090 4746 alter
3118 4690 3228 4746 abs
3275 4694 3333 4746 te
3387 4689 3634 4760 adjutus

1974 4785 2346 4860 perpetrarit.
2383 4785 2460 4856 (4)
2487 4786 2554 4840 Et
2579 4783 2827 4857 quidem
2853 4780 3233 4848 liberi,nulla
3279 4795 3316 4836 a
3367 4779 3633 4852 parenti-

262 4877 378 4934 bus
421 4883 670 4952 accepta
723 4879 1092 4948 haereditate,
1138 4879 1500 4952 plerumque
1553 4879 1821 4953 sibiipsis
1873 4881 2092 4937 domos
2118 4878 2439 4948 pararunt:
2470 4876 2530 4930 at
2570 4879 2690 4930 tuae
2733 4871 2972 4939 animae,
3019 4869 3068 4926 si
3104 4885 3241 4926 eam
3293 4868 3479 4926 semel
3527 4883 3634 4925 ne-

262 4967 474 5039 gligas,
511 4968 646 5040 quis
683 4968 1063 5024 miserebitur
1097 4968 1125 5024 ?
1159 4967 1314 5034 Quid
1352 4969 1530 5040 igitur
1582 4972 1750 5027 tanto
1791 4967 1920 5025 auri
1935 4965 2232 5024 desiderio
2260 4963 2560 5020 afﬁceris?

334 5061 387 5114 3.
418 5062 506 5120 Τίς
531 5057 893 5119 καλλωπιστὴς
925 5053 1170 5118 ἠδυνήθη
1242 5061 1364 5130 μίαν
1407 5059 1602 5133 ἡμέραν
1651 5067 1723 5130 τῷ
1768 5058 1872 5132 βίῳ

263 5149 610 5220 προσθεῖναι;
662 5165 796 5208 τινος
850 5146 1086 5220 ἐφείσατο
1147 5148 1367 5209 θάνατος
1429 5143 1524 5200 διά
1580 5149 1666 5199 τὸν
1719 5146 1875 5201 πλοῦ-

265 5253 386 5306 τον;
445 5242 587 5301 τίνος
629 5235 894 5309 ἀπέσχετο
950 5240 1098 5298 νόσος
1145 5233 1241 5290 διὰ
1277 5237 1345 5290 τὰ
1389 5241 1678 5309 χρήματα;
1736 5235 1873 5299 Ἕως

338 5389 386 5425 ⁸⁸
415 5389 527 5446 Job
559 5406 596 5458 ι,
627 5390 717 5447 21.
747 5390 794 5426 σι
825 5387 1025 5446 Matth.
1050 5404 1172 5458 nx,
1199 5391 1289 5444 2t.

345 5537 416 5615 (1)
446 5543 576 5615 Παρ’
606 5543 686 5599 οὗ.
719 5543 971 5615 Legitur,
996 5543 1165 5614 apud
1200 5539 1490 5615 Basilium
1514 5540 1658 5615 7W9:
1693 5540 1874 5607 ἄλλον,

272 5608 383 5688 ubi
400 5608 608 5688 tamen
636 5608 832 5688 eodei
844 5608 1226 5688 Qolbei'tinus
1242 5612 1433 5688 habet
1449 5614 1572 5688 παρ’
1593 5608 1685 5688 ὀὗῗ

344 5687 418 5753 (2)
439 5685 524 5740 Ex
550 5683 717 5742 hom.
749 5685 811 5742 in
840 5686 988 5744 illud
1010 5688 1201 5760 Lucae,
1233 5683 1598 5754 Destruam.,
1628 5687 1720 5755 49,

2053 5060 2104 5112 3.
2132 5056 2210 5126 (5)
2235 5053 2377 5120 Quis
2405 5069 2477 5109 ex
2507 5053 2577 5108 iis
2606 5051 2712 5125 qui
2734 5051 2871 5124 plus
2904 5066 3079 5124 aequo
3106 5050 3363 5107 vestium
3392 5050 3636 5119 elegan-

1981 5147 2128 5204 tiam
2166 5144 2471 5210 affectant,
2504 5144 2698 5216 potuit
2718 5158 2905 5200 unam
2939 5142 3100 5199 diem
3125 5158 3249 5198 suae
3277 5141 3469 5214 ipsius
3498 5141 3634 5194 vitae

1981 5235 2281 5307 adjicere?
2326 5233 2431 5308 qui
2483 5232 2750 5307 pepercit
2770 5248 2936 5290 mors
2981 5232 3062 5290 ob
3092 5231 3378 5289 divitias?
3428 5245 3466 5287 a
3511 5243 3638 5300 quo

2060 5537 2130 5608 (3)
2152 5539 2232 5593 Ex
2256 5537 2426 5595 hom.
2456 5538 2519 5595 in
2544 5538 2780 5606 divites,
2814 5541 2900 5593 59.

2055 5611 2129 5681 (4)
2162 5609 2334 5678 lbid.,
2363 5612 2451 5665 60.

2059 5681 2346 5755 (5)1bid.,
2382 5685 2468 5739 59.
