4146 6388
450 400 582 454 1171
1484 391 1828 451 ΑΡΡΕΝΒΙΧ
1867 380 2214 443 ΒῩΜΕΟΝῙΒ
2251 387 2782 447 ΜΕΤΑΡΗΒΑΞΤΕ
3675 398 3822 455 1172

452 521 746 580 abstinuit
770 518 1023 576 morbus
1056 532 1244 575 causa
1294 519 1735 592 pecuniarum?
1783 517 2152 586 Usquequoi

2262 515 2343 564 ότε
2375 519 2597 588 χρυσὸς,
2628 524 2725 568 τῶν
2752 516 2943 590 ψυχῶν
2974 519 3004 576 ἡ
3060 517 3287 592 ἀγχόνη,
3340 528 3429 573 τοῦ
3485 524 3710 580 θανάτου
3765 528 3830 576 τὸ

459 627 701 676 aurum,
757 609 1102 666 animarum
1133 607 1408 680 laqueus,
1443 609 1652 664 mortis
1700 607 1938 672 hamus,
1972 613 2108 672 pec-

2262 621 2522 678 γκιστρον,
2602 609 2657 657 τὸ
2727 615 2822 667 τῆς
2915 607 3173 682 ἁμαρτίας
3225 605 3445 686 δέλεαρ;
3501 611 3633 674 Ἕως
3699 617 3834 666 πότε

459 701 576 759 cati
604 696 924 757 illecebra?
973 699 1303 769 Quousque
1347 698 1546 753 divitas
1577 697 1716 753 belli
1747 708 1951 758 causa,
1983 687 2112 760 qui-
2222 689 2461 761 πλοῦτος,
2505 697 2534 753 ὴ
2583 693 2673 746 τοῦ
2731 695 2954 769 πολέμου
3019 699 3282 766 ὑπόθεσις,
3341 687 3378 752 δ’

459 791 578 847 bus
631 788 972 846 conﬂantur
1041 802 1231 851 arma,
1279 786 1503 859 quibus
1559 787 1858 842 acuuntur
1909 776 2111 849 gladii,

2262 785 2369 851 ἐφη,
2457 780 2532 834 δι’
2613 785 2668 836 όν
2742 794 3004 856 συγγενεῖς
3061 785 3310 858 ἀγνοοῦσι
3357 794 3451 847 τήν
3490 794 3668 862 φύσιν,
3740 799 3834 845 καὶ

461 883 709 954 propter
751 893 906 950 quas
945 877 1183 946 cognati
1219 876 1500 947 ignorant
1541 881 1850 932 naturam:
1903 871 2113 927 fratres

2265 866 2440 943 δελφοὶ
2488 873 2601 924 κατ’
2661 873 2888 932 ἀλλήλων
2951 879 3158 946 φονικὸν
3218 876 3507 950 fili-imum;
3543 886 3637 940 Τίς
3687 881 3834 934 ἐστιν

464 968 657 1026 oculis
701 965 932 1022 caedem
971 964 1338 1037 spirantibus
1387 980 1517 1020 sese
1565 964 1825 1020 invicem
1882 957 2115 1031 conspi-

468 1055 678 1115 ciunt?
725 1054 872 1121 Quis
919 1059 1008 1110 est
1033 1053 1333 1109 mendacii
1364 1056 1572 1127 pater?
1598 1055 1735 1126 quis
1783 1051 1945 1108 falsae
1981 1047 2118 1103 scri-

470 1153 662 1220 pturae
721 1143 961 1216 opifex?
1015 1142 1152 1215 quis
1183 1157 1404 1214 parens
1454 1142 1730 1216 perjurii?
1781 1144 1986 1196 Nonne
2031 1135 2121 1191 di-

470 1235 628 1291 vitiae
702 1248 904 1290 nonne
967 1247 1172 1288 earum
1242 1232 1566 1288 studium?
1615 1230 1767 1298 Quid
1821 1229 2033 1297 facitis,
2088 1244 2124 1282 o

473 1323 797 1380 homines?
820 1321 957 1395 quis
987 1321 1179 1386 vobis,
1213 1337 1350 1395 quae
1383 1326 1580 1376 vestra
1610 1325 1768 1385 sunt,
1797 1319 1856 1374 in
1879 1317 2126 1374 insidias

473 1412 698 1468 vertit?
725 1411 897 1467 Absit
925 1411 1086 1466 enim
1121 1410 1473 1482 utpecuniaa
1503 1409 1661 1464 datas
1710 1408 1826 1463 sint
1879 1407 1952 1464 ad
2005 1421 2129 1462 ma-

474 1500 674 1558 lorum
703 1501 1183 1556 incitamentum.
1216 1498 1567 1570 Redemptio
1590 1502 1731 1553 sunt
1760 1497 1999 1554 animas.
2023 1494 2132 1551 Ab-

478 1591 553 1645 sit
581 1590 741 1646 enim
768 1593 835 1644 ut
871 1588 1110 1644 occasio
1155 1589 1271 1643 sint
1321 1587 1502 1643 exitii.
1560 1589 1637 1658 (t)
1683 1587 1908 1643 Etenim
1950 1586 2001 1640 si
2049 1584 2134 1640 di-

479 1677 636 1733 vitiae
667 1676 1034 1733 adminicula
1061 1680 1199 1731 sunt
1245 1675 1325 1731 ad
1360 1675 1729 1746 injustitiam,
1774 1673 2133 1730 miserabilis

2262 1677 2425 1746 ίωραν
2467 1676 2493 1730 ἡ
2552 1672 2838 1745 βασκανία,
2895 1685 3074 1738 κοινῆς
3102 1685 3198 1738 τῆς
3265 1676 3360 1729 ἀπ”
3402 1678 3561 1730 αὐτοῦ
3604 1678 3852 1750 ὠφελείας

482 1771 572 1822 est
599 1765 806 1821 dives:
866 1765 959 1820 sin
989 1768 1190 1820 autem
1234 1763 1566 1820 inserviunt
1617 1763 1817 1819 virtuti
1851 1761 2132 1818 excolen—

2262 1763 2414 1814 ἕπασι
2455 1767 2814 1836 προκειμένης.
2876 1767 2970 1816 Διὰ
3028 1773 3180 1819 τοῦτο
3223 1771 3479 1840 προσήκει
3543 1766 3741 1819 ἀπόντα
3799 1787 3855 1819 τε

483 1854 599 1922 dte,
641 1853 844 1910 nullus
875 1857 966 1910 est
994 1852 1163 1908 locus
1221 1851 1483 1924 invidiae,
1517 1869 1657 1908 cum
1715 1868 1924 1907 earum
1969 1867 2133 1906 com-

2262 1854 2314 1906 ιὴ
2344 1851 2519 1902 ποθεῖν
2548 1853 2636 1901 τὸν
2689 1851 2930 1919 πλοῦτον,
2981 1859 3070 1906 καὶ
3117 1857 3393 1927 παρόντος,
3439 1859 3512 1926 μὴ
3559 1852 3632 1926 τῷ
3666 1863 3856 1912 xui-ﬁ-

483 1943 686 1999 munis
714 1943 936 1999 utilitas
960 1941 1246 1998 omnibus
1279 1947 1674 2014 proponatur.
1708 1943 1786 2012 (2)
1821 1944 2139 2013 Propterea

2262 1940 2373 1991 εθαι
2401 1938 2592 2010 μᾶλλον
2622 1947 2840 2012 φρονεῖν,
2874 1945 2902 1999 ἤ
2938 1950 3008 2013 τῲ
3047 1938 3240 1994 εἰδέναι
3270 1942 3424 1995 αὐτὸν
3478 1940 3844 2000 διατίθεσθαι.

484 2045 598 2104 par
636 2037 728 2089 est
755 2031 1037 2088 absentes
1067 2046 1190 2087 non
1229 2029 1568 2086 desiderare
1601 2031 1873 2097 divitias;
1908 2031 1957 2085 si
1994 2044 2138 2086 vero

2262 2031 2316 2079 [‘6
2345 2030 2447 2100 γὰρ
2509 2035 2599 2080 τοῦ
2640 2033 2936 2102 Σωκράτους
2993 2027 3048 2083 εὖ
3092 2034 3230 2102 ἔχει·
3271 2031 3346 2098 ὃς,
3397 2036 3532 2103 μέγα
3576 2040 3857 2106 φρονοῦτος

485 2123 707 2190 adsint,
738 2137 862 2178 non
886 2121 1080 2193 magis
1130 2121 1402 2193 ipsarum
1449 2121 1833 2193 possessione
1875 2119 2138 2190 gloriari.

2262 2116 2502 2168 πλουσίου
2535 2113 2725 2191 ἀνδρὸς
2777 2115 2862 2170 ἐπὶ
2886 2127 2993 2180 τοῖς
3019 2125 3316 2194 χρήμασιν,
3350 2121 3408 2172 οὗ
3466 2125 3715 2194 πρότερον
3753 2122 3855 2173 αὐ-

485 2227 676 2286 quam
705 2209 956 2266 scientia
995 2209 1242 2265 easdem
1263 2209 1678 2280 dispensandi.
1713 2212 1862 2266 Nam
1893 2208 2140 2280 prmcla-

2262 2210 2338 2256 τὸν
2389 2207 2676 2277 θαυμάσειν
2723 2209 2838 2278 ἔφη,
2895 2212 3016 2280 πρὶν
3045 2209 3107 2260 ἄν
3138 2213 3226 2261 καὶ
3266 2212 3345 2261 ὃτι
3391 2211 3697 2284 κεχρῆσθαι
3734 2213 3858 2263 τούς

483 2316 622 2358 rum
653 2301 742 2355 est.
767 2298 915 2354 illud
951 2297 1232 2366 Socratis,
1260 2297 1366 2369 qui
1407 2297 1656 2353 divitem
1699 2297 2031 2370 quemdam
2062 2298 2144 2351 vi-

2262 2313 2358 2355 τοις
2406 2293 2683 2348 ἐπίσταται
2727 2298 3059 2368 πειραθῆναι.
3118 2297 3176 2348 Ὁ
3227 2300 3330 2372 ⁴γάρ
3389 2305 3612 2361 πλοῦτος
3672 2303 3763 2351 καὶ
3824 2302 3854 2356 ἠ

430 2417 440 2437 ι
485 2405 627 2448 rum
674 2403 1049 2460 magnopere
1088 2386 1163 2442 de
1215 2387 1489 2458 pecuniis
1534 2387 1980 2458 superbientem
2020 2402 2145 2442 non

489 2479 660 2552 prius
707 2476 1146 2532 admiraturum
1195 2491 1257 2530 se
1279 2475 1446 2544 dixit,
1469 2491 1657 2547 quam
1691 2475 1825 2547 ipsa
1854 2477 1937 2532 rei
1969 2492 2145 2548 expe-

489 2567 704 2625 rientia
731 2565 1039 2622 didicisset
1077 2579 1215 2620 eum
1243 2564 1314 2619 iis
1340 2565 1423 2620 uti
1449 2580 1645 2620 nosse.
1682 2567 1762 2636 (3)
1794 2568 1942 2620 Nam
1999 2565 2145 2621 divi-

493 2657 587 2713 tiae
616 2671 686 2714 ac
705 2657 872 2713 bona
919 2655 1204 2711 valetudo
1232 2670 1649 2727 saepenumero
1679 2655 1906 2727 peccati
1956 2655 2144 2712 admi-

494 2747 695 2802 nistras
739 2750 896 2817 sunt,
938 2744 1030 2801 his
1083 2743 1188 2817 qui
1244 2744 1464 2799 horum
1493 2748 1748 2816 utroque
1793 2744 2140 2802 abutuntur.

496 2835 664 2891 omni
684 2834 849 2908 apud
877 2835 1178 2906 sapientes
1206 2834 1538 2907 pretiosior.

571 2923 752 2998 494
765 2928 817 2980 4.
837 2924 911 2988 t5)
927 2924 1039 2981 Sed
1052 2924 1272 2980 horum
1283 2923 1430 2979 nihil
1444 2926 1862 2998 unusquisque
1874 2929 2147 2980 nostrum

499 3014 749 3085 cogitat;
780 3029 992 3070 verum
1022 3013 1301 3069 homines
1343 3013 1556 3069 videns
1595 3014 1950 3070 necessitate
1982 3030 2150 3086 pres-

502 3119 642 3160 sum
676 3103 933 3175 genibus
972 3101 1359 3175 provolutum
1405 3118 1477 3158 ac
1528 3102 1886 3175 supplicem,
1937 3102 2154 3174 ecquid

501 3207 626 3250 non
676 3193 902 3249 humile
946 3191 1284 3261 facientem,
1333 3198 1398 3248 ut
1436 3192 1529 3248 vel
1582 3193 1786 3248 fenore
1841 3192 2152 3248 medeatur

2269 3194 2350 3241 ἰνα
2400 3188 2494 3240 κᾶν
2541 3185 2728 3259 δανείῳ
2775 3195 2864 3246 τὴν
2939 3189 3160 3263 ἀπορίαν
3228 3192 3711 3265 παραμυθήσηται,
3773 3189 3870 3241 οὐκ

501 3282 743 3356 inopiae,
767 3298 892 3339 non
923 3288 1130 3339 tamen
1161 3283 1290 3352 ejus
1335 3281 1649 3338 miseretur
1696 3290 1953 3338 adversa
2004 3299 2152 3354 pree-

2267 3277 2387 3330 ἐλεεῖ
2441 3278 2564 3350 παρ’
2625 3277 2774 3340 ἀξίαν
2816 3281 3132 3353 πράττοντα·
3186 3278 3291 3330 ἀλλ’
3353 3281 3627 3352 ἄκαμπτος
3684 3280 3871 3335 ἕστηκε

505 3376 596 3429 ter
624 3372 906 3428 meritum
950 3371 1190 3428 fortuna
1223 3371 1469 3438 utentis;
1515 3370 1619 3427 sed
1653 3371 1994 3428 inﬂexibilis
2020 3377 2155 3436 stat,

509 3465 570 3517 et
593 3460 1014 3534 implacabilis,
1038 3462 1221 3531 jurat,
1253 3475 1323 3515 ac
1355 3460 1471 3515 sibi
1513 3460 1672 3515 male
1716 3465 1994 3532 precatur
2041 3461 2159 3516 nisi

509 3563 760 3624 prorsus
783 3550 1066 3621 indigeat,
1096 3566 1166 3606 ac
1187 3549 1316 3622 ipse
1337 3550 1517 3606 etiam
1547 3551 1988 3622 circumspiciat
2012 3566 2158 3607 num

511 3653 699 3712 quem
737 3643 950 3696 mutuo
1000 3639 1249 3695 dantem
1277 3638 1563 3705 inveniat,
1603 3654 1669 3694 ac
1724 3639 1907 3695 ﬁdem
1939 3640 2164 3696 faciens

516 3729 837 3785 mendacio
862 3744 969 3802 per
986 3729 1353 3808 juramenta,
1385 3728 1719 3800 perjurium
1777 3745 1886 3784 ceu
1933 3729 2164 3785 malum

513 3819 844 3893 quemdam
878 3822 936 3875 et
963 3817 1359 3874 adventitium
1379 3817 1837 3874 inhumanitatis
1861 3825 2166 3891 quaestum

521 3908 792 3982 acquirit.
847 3908 966 3966 Sed
1014 3907 1118 3964 ubi
1163 3907 1269 3980 qui
1315 3911 1595 3963 mutuum
1624 3908 1858 3980 quierit,
1895 3908 2172 3964 meminit

521 3999 768 4067 fenoris,
795 4003 853 4054 et
880 4013 1103 4054 nomen
1128 3998 1401 4070 pignoris
1425 3997 1685 4071 protulit,
1720 4004 1859 4054 tunc
1905 3997 2169 4054 demisso

522 4087 842 4160 supercilio
873 4087 1162 4155 subridet,
1201 4091 1382 4158 atque
1439 4091 1703 4159 paternae
1760 4088 2035 4143 amicitiae
2076 4105 2170 4143 re-

523 4176 694 4232 fricat
721 4175 1103 4241 memoriam,
1136 4190 1205 4230 ac
1244 4173 1602 4231 familiarem
1656 4179 1712 4230 et
1755 4175 2020 4230 amicum
2069 4191 2169 4246 ap-

522 4264 724 4339 pellat.
773 4268 840 4322 Et
887 4264 1248 4336 videbimus,
1298 4264 1511 4337 inquit,
1577 4263 1768 4320 sicubi
1831 4264 2170 4336 quidquam

522 4355 888 4412 recondatur
943 4355 1173 4424 argenti
1201 4354 1366 4427 apud
1395 4370 1530 4409 nos.
1566 4355 1912 4425 Depositum
1965 4355 2172 4426 utique

521 4445 615 4500 vir
643 4445 875 4502 amicus
903 4443 1080 4500 nobis
1128 4448 1394 4515 quaestus
1436 4459 1580 4512 ergo
1635 4442 2021 4498 concredidit.
2065 4447 2168 4499 Ve-

522 4550 660 4591 rum
707 4533 803 4590 ille
849 4549 1062 4603 graves
1114 4549 1332 4588 usuras
1380 4539 1601 4588 mutuae
1648 4532 1914 4605 pecuniae
1944 4532 2152 4604 exigit:

2280 4531 2368 4578 καὶ
2399 4526 2637 4578 ἐλάττοσι
2667 4530 2839 4587 τόκοις
2885 4522 3144 4598 δώσομεν.
3192 4532 3423 4586 Τοιαῦτα
3467 4543 3883 4596 κατασχηματι-

522 4624 629 4680 sed
658 4640 772 4680 nos
799 4623 1068 4696 profecto
1116 4621 1344 4695 aliquid
1389 4623 1782 4690 remittemus,
1836 4628 1894 4678 et
1949 4623 2148 4679 minor

2280 4617 2509 4687 ζόμενος,
2536 4619 2620 4667 καὶ
2651 4617 2906 4677 τοιούτοις
2935 4614 3105 4686 λόγοις
3153 4616 3442 4667 ὃποσαίνων
3472 4617 3558 4664 καὶ
3624 4609 3883 4673 δελεάζων

518 4713 719 4769 daturi
767 4728 978 4768 sumus
1023 4711 1247 4767 fenore.
1296 4709 1460 4766 Talia
1513 4710 1888 4779 contingens,
1947 4711 2170 4766 verbis-

517 4817 636 4875 que
662 4800 962 4873 ejusmodi
991 4799 1298 4856 blanditus
1324 4798 1543 4854 misero
1557 4815 1624 4854 ac
1645 4797 2042 4868 lenocinatus,
2065 4800 2168 4857 ubi

515 4887 685 4946 illum
743 4889 1110 4961 syngraphis
1148 4888 1493 4953 obsrriuxit,
1547 4893 1750 4960 atque,
1801 4893 2018 4960 praeter
2065 4905 2167 4944 ur-

517 4987 757 5051 gentem
777 4980 1070 5058 inopiam,
1105 4979 1442 5036 libertatem
1505 4979 1684 5035 etiam
1725 4978 1856 5035 viro
1901 4979 2166 5048 abstulit,

513 5067 659 5126 abit.
691 5069 843 5135 Quid
883 5068 1036 5140 agis,
1065 5069 1293 5126 miser?
1339 5067 1709 5143 pecuniasne
1753 5072 1809 5124 et
1859 5072 2166 5142 quaestum

510 5157 590 5215 ab
648 5157 952 5238 indigente
1023 5157 1342 5232 postulas?
1388 5157 1446 5214 Si
1513 5162 1568 5213 te
1615 5156 1892 5214 ditiorem
1964 5162 2167 5230 posset

2222 689 2461 761 πλοῦτος,
2505 697 2534 753 ὴ
2583 693 2673 746 τοῦ
2731 695 2954 769 πολέμου
3019 699 3282 766 ὑπόθεσις,
3341 689 3418 752 δι’
3473 703 3525 753 ὃν
3576 700 3834 762 ἀκονᾶταί

2228 957 2513 1028 ὁψεύδους
2550 969 2755 1038 «amp;
2800 968 2882 1023 τίς
2914 966 2939 1016 ό
2988 963 3420 1039 πλαστογραφίας
3471 964 3832 1046 ὃημιουργόςς

2230 1052 2312 1109 τίς
2364 1051 2389 1100 ό
2438 1055 2530 1108 τὴν
2585 1050 2850 1126 ἐπιορκίαν
2907 1057 3192 1123 γεννήσαςς
3234 1054 3355 1126 Οὐχ
3386 1055 3684 1124 ἁπλοῦ-τος
3727 1059 3833 1130 οὐχ

2233 1141 2262 1195 ἡ
2311 1145 2428 1211 περὶ
2476 1139 2656 1192 τοῦτον
2727 1137 2974 1208 mro-adii;
3034 1149 3095 1194 Τί
3145 1146 3401 1214 πάσχετε,
3457 1145 3497 1195 ὦ
3547 1147 3828 1220 ἄνθρωποι,

2234 1232 2316 1287 τίς
2374 1230 2494 1298 υμῖν
2549 1232 2612 1280 τὰ
2679 1230 2897 1304 ὑμέτερα
2942 1231 3008 1291 εἰς
3057 1236 3149 1288 τὴν
3194 1233 3309 1284 καθ’
3367 1233 3509 1304 ὑμῶν
3561 1234 3828 1293 ἐπιϐουλὴν

2238 1317 2606 1390 negtio-spatia;
2669 1324 2752 1376 Μὴ
2794 1322 2894 1390 γὰρ
2954 1317 3141 1391 ἐφοδία
3179 1329 3349 1372 κακῶν
3397 1318 3558 1380 ἐδόθη
3592 1326 3658 1375 τὰ
3698 1330 3829 1396 χρή-

2240 1424 2400 1477 ματα,
2435 1405 2618 1480 λύτρον
2646 1407 2862 1478 ψυχῆς
2909 1415 2980 1480 μὴ
3037 1412 3138 1482 γὰρ
3196 1410 3402 1483 ἀφορμὴ
3455 1411 3750 1482 απωλείαςς
3800 1429 3841 1477 εἱ

2241 1498 2331 1565 μὲν
2359 1499 2460 1568 γὰρ
2521 1493 2727 1566 ἐφόδιον
2777 1501 2904 1570 πρὸς
2953 1495 3166 1550 ἀδικίαν
3198 1501 3223 1549 ό
3279 1500 3523 1569 πλοῦτος,
3566 1499 3777 1562 ἐλεεινός
3820 1503 3846 1550 ό

2242 1581 2499 1634 πλουτων·
2561 1585 2603 1636 εἰ
2673 1581 2730 1638 δὲ
2788 1587 3051 1660 ὑπηρεσία
3124 1592 3250 1660 πρὸς
3313 1588 3502 1662 ἀρετὴν
3579 1590 3673 1641 οὐκ
3732 1593 3844 1662 ἔχει

2255 2386 2450 2453 ὑγίεια,
2483 2379 2744 2458 ὑπηρεσία
2805 2384 3047 2446 πολλάκις
3098 2390 3228 2460 πρὸς
3277 2386 3540 2460 ἁμαρτίαν
3597 2387 3704 2448 τοῖς
3754 2407 3856 2440 κα·-

2255 2480 2356 2534 κῶς
2412 2478 2701 2544 χρωμένοις
2777 2477 2971 2526 τούτων
3029 2476 3232 2546 ἑκάστῳ
3287 2481 3509 2547 γίνεται·
3589 2482 3742 2528 Πενία
3794 2475 3858 2529 δε

2255 2564 2383 2634 μετά
2435 2561 2676 2622 ἀληθείας
2729 2563 2826 2633 (6),
2875 2566 3053 2626 πάσης
3106 2563 3444 2626 ἀπολαύσεως
3495 2572 3595 2624 τοῖς
3643 2583 3846 2637 σωφρο-

2254 2672 2341 2704 νου
2351 2671 2403 2705 σι
2422 2671 2705 2727 τιμιωτερα
2717 2696 2728 2706 .

2258 2744 2336 2813 (4)
2385 2745 2711 2814 Paupertas
2765 2747 2970 2802 autem
2994 2759 3133 2800 cum
3165 2745 3434 2814 veritate,
3477 2742 3860 2817 possessione

2329 2925 2381 2976 4.
2437 2921 2570 2974 Ἀλλ’
2627 2919 2778 2974 οὐδὲν
2836 2926 3030 2974 τούτων
3082 2922 3300 2984 ἕκαστος
3342 2926 3484 2996 ὑμῶν
3533 2923 3713 2977 ἐννοεὶ.
3755 2922 3860 2974 ἀλλ’

2263 3015 2392 3083 ὁρῶν
2418 3014 2517 3063 ὑπὸ
2571 3020 2659 3070 τῆς
2711 3010 2940 3082 ἀνάγκης
2984 3009 3155 3086 ἄνδρα
3194 3017 3714 3086 κατακοςμπτόμενον,
3764 3015 3865 3085 πρὸ

2264 3109 2362 3152 τῶν
2438 3103 2666 3170 γονάτων
2735 3104 3044 3170 ἱκετεύοντα,
3095 3107 3147 3152 τί
3213 3104 3272 3154 οὐ
3325 3109 3573 3156 ποιοῦντα
3601 3105 3863 3164 ταπεινὸν,

2268 3372 2357 3418 καὶ
2403 3365 2722 3438 ἀμείλικτος,
2774 3367 3114 3439 ἐξομνυμενος
3177 3373 3267 3422 καὶ
3311 3374 3624 3441 επερωμενος
3684 3367 3870 3437 ἐαυτῷ,

2271 3451 2299 3512 ἦ
2349 3460 2452 3526 μὴν
2494 3453 2702 3527 ἀπορεῖν
2738 3455 2993 3517 παντελῶς
3049 3463 3138 3512 καὶ
3192 3464 3526 3529 περισκοπεῖν
3571 3461 3661 3508 καὶ
3697 3457 3873 3516 αὐτὸς.

2270 3541 2314 3593 εἲ
2344 3562 2458 3594 τινα
2511 3542 2650 3616 εὖροι
2705 3552 2804 3595 τῶν
2853 3540 3213 3608 δανειζόντων,
3264 3550 3353 3597 καὶ
3423 3547 3771 3616 πιστούμενος
3817 3547 3876 3595 τὸ

2271 3628 2470 3702 ψεῦδος
2539 3629 2634 3685 διὰ
2717 3641 2815 3685 τῶν
2861 3632 3050 3706 ὅρκων,
3094 3637 3253 3685 κακόν
3303 3638 3717 3706 παρεμπόρευμα
3781 3643 3879 3696 τῆς

2274 3720 2648 3794 ἀπανθρωπίας
2696 3727 2784 3779 τὴν
2842 3721 3108 3795 ἐπιορκίαν
3165 3725 3650 3796 προσκτησάμενος.
3701 3723 3878 3776 Ἐπει-

2278 3807 2375 3863 ὃάν
2415 3806 2473 3861 δὲ
2505 3815 2530 3862 ό
2559 3811 2728 3870 ζητῶν
2758 3814 2812 3862 τὸ
2867 3807 3088 3879 δάνειον,
3137 3816 3299 3863 τόκων
3333 3813 3566 3884 μνησθῇ.
3624 3816 3714 3863 καὶ
3740 3816 3878 3864 ὐπο-

2280 3903 2444 3962 θήκας
2495 3901 2749 3972 ὀνομάσῄε
2807 3905 2920 3953 τοτε
2971 3900 3275 3960 καταϐαλὼν
3306 3907 3399 3960 τὴν
3457 3891 3636 3975 ὀφρὺν,
3691 3920 3879 3976 προσε-

2279 3985 2544 4062 μειδίασε,
2577 3994 2666 4041 καὶ
2707 4009 2805 4042 που
2837 3996 2925 4044 καὶ
2982 3997 3223 4065 πατρῴας
3262 3989 3423 4062 φιλίος
3479 3988 3738 4062 ἐμνήσθη,
3791 3997 3883 4043 καὶ

2283 4081 2480 4137 συνήθη
2533 4076 2663 4142 εἶπε,
2722 4085 2811 4130 καὶ
2874 4078 3035 4151 φίλων
3105 4085 3195 4132 καὶ
3246 4078 3503 4151 ὀψόμεθα,
3564 4098 3747 4150 φησιν,
3811 4082 3884 4132 εἰς

2281 4188 2379 4221 που
2429 4174 2481 4220 τί
2538 4168 2682 4220 ἐστιν
2745 4171 2868 4240 ἡμῖν
2931 4167 3264 4240 ἀποκείμενον
3322 4167 3765 4241 ἀργύρεον.”Εσ·τι
3826 4165 3886 4220 δὲ

2281 4259 2699 4329 παρακαταθήκη
2747 4257 2894 4328 φίλου
2951 4253 3143 4331 ἀνδρὸς
3199 4256 3276 4309 ἐπ’
3330 4257 3556 4332 ἐργασίᾳ
3591 4258 3886 4330 παραθεμέο

2282 4366 2370 4399 νου
2429 4349 2575 4418 ἡμῖν,
2622 4345 2754 4399 Ἀλλ’
2813 4346 3001 4407 ἐκεῖνος
3057 4350 3146 4417 μὲν
3203 4346 3383 4420 βαρεῖς
3443 4346 3494 4405 ἐν
3566 4345 3710 4416 αὐτῷ
3765 4350 3884 4406 τοὺς

2281 4441 2466 4497 τόκους
2544 4438 2748 4508 ὥρισεν
2819 4439 2970 4508 ἡμεῖς
3034 4433 3093 4489 δὲ
3170 4440 3371 4496 πάντως
3454 4433 3741 4507 ἐπανήομέν
3806 4455 3882 4504 τι,

2279 4711 2366 4760 τὸν
2404 4706 2600 4770 ἄθλιον,
2641 4709 3016 4779 γραμματείοις
3063 4704 3220 4756 αὐτόν
3257 4699 3735 4776 προααταδήσας,
3791 4707 3882 4764 καὶ

2279 4801 2410 4869 πρὸς
2448 4804 2510 4866 τῇ
2572 4796 2938 4865 καταπονούσῃ
2994 4798 3145 4864 πενία
3195 4795 3270 4844 ἔτι
3320 4797 3410 4843 καὶ
3453 4796 3548 4850 τὴν
3591 4790 3880 4864 ἐλευθερίαν

2278 4893 2371 4936 τοῦ
2413 4880 2598 4957 ἀνδρὸς
2631 4882 2934 4955 ἀφελόμενος
2980 4885 3171 4953 ᾤχετο.
3202 4886 3266 4932 Τί
3311 4889 3494 4943 ποιεῖς,
3525 4879 3699 4946 claim;
3733 4886 3878 4953 χρή-

2279 4993 2420 5046 ματα
2462 4978 2553 5024 καὶ
2603 4978 2796 5047 πόρους
2864 4969 3124 5032 ἐπιζητεῖς
3193 4972 3335 5043 παρά
3386 4977 3477 5022 τοῦ
3546 4969 3782 5043 ἀπόρους
3820 4969 3878 5022 Εἰ

2276 5064 2657 5136 πλουσιώτερον
2719 5081 2776 5114 σε
2973 5059 3275 5130 ἀποφαίνειν
3307 5055 3547 5130 ἐδύνατο,
3591 5065 3646 5111 τί
3703 5057 3865 5118 ἐζήτει

2274 5157 2417 5225 παρὰ
2454 5155 2546 5213 τὰς
2597 5155 2757 5225 θύρας
2812 5152 2902 5211 τὰς
2953 5152 3096 5215 σάς;
3141 5149 3208 5202 Ὦ
3254 5156 3348 5210 τῆς
3409 5146 3714 5224 συμφορᾶςε
3753 5145 3864 5198 Ἐπὶ

569 5449 646 5515 ti)
673 5449 756 5502 Ex
776 5446 941 5502 hom.
971 5446 1060 5500 De
1086 5444 1338 5510 invidia,
1363 5448 1454 5500 96.

2340 5443 2415 5508 (6)
2445 5442 2589 5515 Μετὰ
2621 5438 2884 5515 ἀληθείας.
2923 5437 3160 5507 Legitur
3216 5436 3276 5491 in
3326 5437 3613 5492 contextu
3669 5431 3878 5515 Basilii

563 5505 753 5591 (2')_Ex
780 5532 961 5591 serm.
993 5518 1082 5591 _De
1108 5505 1370 5591 legendis
1391 5515 1558 5571 libris
1583 5517 1929 5585 gentilium,
1957 5517 2078 5574 183.

2265 5505 2716 5591 μετάαυταρκείας
2732 5509 2977 5580 ἀληθοῦς,
3002 5505 3136 5574 cum
3159 5522 3358 5575 rerum
3381 5505 3876 5576 nechGGPme

562 5587 760 5658 (ωδεχ
784 5589 948 5643 hom.
985 5589 1048 5642 in
1069 5587 1207 5656 psal
1239 5604 1271 5647 ι,
1304 5590 1395 5642 92.
2265 5587 2456 5650 coma.

558 5647 937 5732 (4}[Ex_hom.
968 5673 1039 5711 vn
1069 5647 1134 5713 'in
1156 5658 1468 5726 Hexaem,
1504 5661 1591 5712 65.

2262 5728 2294 5732 __
2333 5647 2413 5726 (7)
2454 5653 2832 5732 [ιῖ-ονσιοῖερόν
2861 5671 2953 5732 τις.
2980 5650 3075 5718 Sic
3097 5649 3318 5732 ,βαξίιὲί
3373 5647 3874 5732 (ξοηιβξίιιιιι-Ρὲθ·

559 5719 736 5802 (δῇΈΧ
757 5729 926 5785 hom.
956 5733 1018 5783 in
1038 5744 1268 5800 ps.x1v,
1308 5719 1466 5786 107(
1711 5745 1716 5754 ’

2262 5719 2374 5787 lius
2396 5719 2585 5783 multo
2605 5719 2792 5802 quam
2817 5721 2957 5779 editi
2977 5719 3163 5783 nostri
3175 5719 3565 5800 «lauatéﬂpo’u
3577 5719 3674 5774 σου
3687 5719 3868 5776 aera».
