4084 6394
441 331 576 386 ’1175
1398 326 1768 384 APPENDIX.
1810 354 1876 369 -ε-
1918 324 2068 382 SYM]

2177 325 2262 385 US
2301 327 2821 391 METAPHRASTE
2837 373 2850 390 .
3672 349 3829 408 1176

436 455 624 512 vitam
661 452 770 510 tibi
799 449 996 508 reddit
1023 450 1423 522 injucundam
1452 457 1508 508 et
1535 450 1993 509 intolerabilem.
2027 455 2068 505 A

2177 458 2302 508 ,καὶ
2355 452 2524 518 οὐδεὶς
2577 477 2668 531 μοι
2714 462 2874 535 πόρος
2928 463 3220 535 χρημάτων
3267 466 3458 540 ἔτερος.
3509 473 3573 523 Τί
3616 466 3708 524 οὖν
3759 477 3827 527 τὸ

436 558 683 615 magna,
712 540 929 615 inquit,
962 543 1057 596 est
1084 541 1435 609 necessitas,
1462 557 1574 598 nec
1600 541 1718 598 alia
1746 547 1834 597 est
1869 554 2068 613 parant

2203 541 2373 613 ὄφελος
2416 544 2470 596 ἐκ
2509 554 2600 599 τοῦ
2640 551 2733 607 τὴν
2782 555 3006 624 σήμερον
3050 553 3414 628 ύπερθέσθαις
3460 562 3530 611 Τὸ
3573 562 3677 635 γὰρ
3723 558 3827 615 δα-

436 632 531 689 dm
567 630 841 705 pecuniae
889 629 1058 686 ratio.
1109 631 1274 698 Quae,
1328 646 1562 703 quaeso,
1614 629 1836 687 utilitas
1875 627 2068 686 ex'ho

2201 649 2281 692 νος
2328 632 2420 685 οὐκ
2470 633 2771 709 ἀπαλλαγὴν
2824 641 3072 713 παντελῆ,
3122 642 3250 697 ἀλλά
3307 649 3497 719 μικρὰν
3554 648 3821 712 ἀναϐολὴν

437 722 661 779 diernae
697 719 816 776 diei
866 718 1150 776 dilatione
1175 719 1203 774 ?
1255 721 1446 775 Fenus
1481 720 1642 776 enim
1680 735 1803 777 non
1842 720 2068 776 omnim

2200 728 2294 784 τῆς
2366 720 2670 796 ἀμηχανίας
2737 734 3047 804 παρέχεται.
3113 736 3198 791 Μὴ
3280 730 3652 810 δανεισάμενος
3723 744 3818 814 μὲν

435 809 672 878 liberat,
706 807 815 864 sed
845 805 1078 863 consilii
1124 812 1183 863 et
1224 808 1441 865 mentis
1483 808 1755 882 inopiam
1801 811 2068 882 tantispe:

2200 810 2387 882 ὁμοίως
2432 816 2526 888 ἔσῃ
2572 821 2725 879 πένης
2760 824 2851 872 καὶ
2894 825 3139 895 σήμερον,
3181 828 3270 876 καὶ
3307 829 3439 901 πρὸς
3482 832 3541 880 τὸ
3592 827 3809 902 ἐφεξῆς·

436 898 659 959 tardat.
722 896 954 953 Etenim
1000 895 1048 951 si
1096 898 1417 965 argentum
1455 896 1659 955 fenore
1688 914 1813 955 non
1851 900 2041 956 sumis

2198 906 2288 953 καὶ
2316 910 2404 953 νῦν
2433 906 2525 976 μὲν
2565 902 2742 968 οὐδεὶς
2779 907 3046 980 ἐγκαλέσει
3096 930 3180 964 σοι
3224 918 3555 987 πτωχεύοντι
3585 938 3599 951 ο
3654 918 3810 973 ἀκού-

434 986 618 1045 hodie
656 990 713 1043 et
751 989 965 1058 postea
1010 983 1187 1041 simili
1223 985 1411 1042 modo
1448 986 1563 1043 eris
1614 1002 1882 1060 pauper;
1926 1005 2068 1046 nunc

2202 1007 2314 1043 σιον
2360 994 2459 1066 γὰρ
2512 998 2570 1047 τὸ
2613 1000 2808 1049 κακόν·
2861 996 2946 1051 ἐὰν
3006 996 3065 1053 δὲ
3129 1006 3304 1064 τόκοις
3369 1006 3657 1073 ὑπεύθυνος
3723 1009 3807 1084 ᾖς,

433 1074 683 1150 quidem
729 1073 928 1131 nullus
976 1073 1082 1131 tibi
1139 1074 1312 1131 vertit
1368 1076 1592 1149 probro
1649 1082 2065 1151 paupertatem

2199 1078 2291 1131 ούκ
2340 1082 2479 1134 ἔστιν
2532 1084 2589 1145 ὃς
2635 1087 2693 1138 ού
2742 1088 3002 1160 μέμψεταί
3049 1109 3143 1142 σου
3186 1096 3282 1151 τὴν
3328 1091 3600 1154 ἀϐουλίαν.
3663 1097 3802 1160 Ἤδη

435 1163 736 1238 siquidem
763 1162 996 1220 malum
1025 1167 1115 1221 est
1150 1162 1319 1221 haud
1360 1164 1803 1232 voluntarium;
1852 1168 1903 1223 si
1945 1184 2068 1225 verr

2199 1166 2484 1239 βούλευσαι
2564 1176 2716 1228 πόθεν
2784 1174 3075 1242 ἀποτίσεις.
3145 1180 3255 1253 Ἀφ’
3327 1183 3394 1234 ὧν
3469 1185 3794 1260 λαμϐάνεις;

432 1253 622 1311 fenori
651 1252 832 1310 fueris
872 1252 1195 1321 obnoxius,
1224 1268 1407 1310 nemo
1440 1255 1549 1312 erit
1582 1256 1688 1328 qui
1731 1260 1782 1312 te
1831 1256 2068 1315 stultitia

2200 1256 2309 1310 ἀλλ’
2365 1260 2457 1312 οὐκ
2520 1261 2723 1336 ἐξαρκεῖ
2776 1271 2864 1319 καὶ
2911 1270 3037 1341 πρὸς
3094 1272 3187 1328 τὴν
3252 1271 3461 1347 χρείαν,
3531 1281 3621 1329 καὶ
3668 1283 3795 1354 πρὸς

430 1356 556 1400 non
583 1342 965 1399 condemnet.
999 1341 1077 1414 (l)
1104 1343 1237 1398 Jam
1266 1344 1573 1416 perpende
1604 1345 1766 1441 unde
1811 1345 1892 1401 sis
1923 1346 2068 1403 solu-

2200 1351 2292 1405 τὴν
2335 1350 2553 1405 ἔκτισιν.
2614 1352 2729 1407 Ἐὰν
2780 1351 2839 1408 δὲ
2892 1352 2958 1414 δὴ
3017 1362 3103 1411 καὶ
3146 1363 3267 1422 τούς
3334 1365 3522 1426 τόκους
3587 1365 3796 1441 lor/imp,

431 1434 621 1489 turus.
650 1433 806 1488 Num
836 1429 1006 1487 exiis
1035 1430 1310 1502 pecuniis
1347 1446 1501 1504 quas
1531 1432 1755 1505 accipis
1777 1434 1806 1489 ‘?
1852 1434 1966 1491 Sed
1995 1435 2068 1491 hs

2197 1438 2350 1490 πόθεν
2404 1442 2471 1492 τὰ
2523 1448 2783 1516 χρήματα
2830 1444 2902 1507 εἰς
2965 1453 3216 1500 τοσοῦτον
3272 1449 3808 1514 πολυπλασιασθήσε-

428 1522 488 1577 et
518 1519 599 1577 ad
625 1519 1045 1576 necessitatem
1083 1518 1489 1577 cohibendam
1532 1525 1589 1578 et
1625 1521 1705 1578 ad
1731 1521 2068 1580 solutionem

2197 1544 2331 1593 ται;
2397 1525 2590 1592 Οὐδεὶς
2648 1535 2925 1606 τραύματα
2990 1540 3259 1610 τραύμασι
3327 1542 3618 1615 θεραπεύει,
3679 1543 3810 1601 οὐδὲ

428 1624 555 1666 non
584 1609 907 1666 sufﬁciunt.
946 1608 1119 1675 Quod
1151 1608 1202 1665 si
1231 1624 1445 1666 usuras
1475 1611 1650 1668 etiam
1683 1615 2052 1685 reputaveris

2196 1624 2340 1687 κακῶ
2395 1621 2454 1671 τὸ
2502 1622 2660 1672 κακὸν
2712 1621 2872 1678 ἰᾶται.
2930 1631 3042 1686 Πῶς
3099 1622 3187 1679 οὖν
3242 1624 3539 1704 διατραφῶ,
3600 1641 3808 1707 φησίνς

427 1696 593 1755 unde
644 1713 839 1771 usque
903 1696 1057 1754 adeo
1117 1696 1678 1771 multiplicabuntur
1740 1702 2012 1792 pecuniae
2060 1706 2068 1757 f

2198 1702 2380 1777 Ἔχεις
2435 1714 2638 1782 χεῖρας,
2686 1712 2824 1783 ἔχεις
2874 1718 3102 1785 τέχνην·
3161 1696 3459 1792 μισθαρνία
3524 1696 3809 1778 *διακόνειί

429 1786 689 1845 Vulnera
753 1784 1001 1843 vulnere
1078 1790 1248 1844 curat
1314 1802 1515 1853 nemo,
1593 1805 1790 1863 neque
1854 1791 2068 1849 malum

2194 1794 2382 1848 πολλαὶ
2442 1795 2666 1853 ἐπίνοιαι
2730 1807 2822 1854 τοῦ
2890 1784 3036 1875 βίον,
3096 1784 3281 1859 πολλαὶ
3332 1784 3598 1884 ’ἀφορμαῄ
3667 1813 3813 1867 Ἀλλ’

428 1875 595 1934 malo
638 1879 840 1933 sanat.
894 1875 970 1947 (2)
1016 1878 1108 1945 At,
1159 1873 1383 1949 inquis,
1436 1879 1746 1950 quomodo
1797 1881 2068 1939 nutriar‘.

2195 1880 2469 1947 ἀδυνάτως
2514 1889 2695 1960 ἔχεις;
2744 1895 3019 1965 προσαίτει
3080 1896 3224 1968 παρὰ
3272 1903 3372 1948 τῶν
3453 1906 3808 1975 κεκτημνων.

425 1967 638 2023 Manus
687 1964 900 2034 habes,
952 1962 1145 2021 habes
1193 1968 1403 2035 artem,
1447 1965 1581 2025 loca
1626 1984 1876 2041 operam
1915 1974 2068 2029 tuan:

2193 1973 2350 2028 Ἀλλὰ
2395 1975 2624 2053 αἰσχρὸν
2674 1982 2732 2032 τὸ
2790 1980 2997 2050 αἰτεῖν;
3056 1983 3286 2058 αἰσχρὸν
3335 1988 3426 2059 μὶν
3478 1985 3567 2041 οὖν
3611 1990 3692 2063 (4)
3744 1996 3810 2047 τὸ

424 2053 579 2111 lucri
602 2053 816 2125 gratia,
846 2051 1122 2111 ministra
1154 2070 1166 2109 :
1208 2054 1397 2112 multa
1435 2060 1577 2114 sunt
1609 2058 1865 2130 parandi
1896 2059 2068 2117 victus

2192 2051 2561 2138 δανεισάμενον
2606 2066 2929 2145 ἀποστερεῖν.
2982 2068 3113 2125 Εἶτα
3156 2074 3183 2125 6
3234 2075 3452 2149 μύρμηξ
3490 2081 3582 2151 μὲν
3640 2051 3813 2134 δ’ύνα-

424 2140 704 2213 consilia,
754 2140 927 2199 multi
981 2141 1170 2199 modi.
1213 2146 1287 2201 At
1330 2143 1393 2201 id
1432 2144 1630 2203 facere
1682 2163 1807 2204 non
1857 2152 2068 2222 potest

2187 2171 2294 2220 ται,
2363 2159 2434 2226 μὴ
2501 2140 2817 2229 προσαιτῶνζ
2880 2164 3013 2233 μήτε
3079 2140 3459 2237 δωειξόμενος,
3490 2140 3808 2244 ⁸διατρέφε-

423 2233 558 2288 Pete
613 2248 650 2290 a
699 2231 1177 2305 possidentibus.
1235 2235 1307 2289 At
1353 2237 1525 2308 turpe
1573 2240 1662 2292 est
1710 2238 2068 2310 postularet

2194 2242 2356 2295 σθαι·
2403 2248 2493 2297 καὶ
2538 2245 2786 2317 μέλισσαι
2822 2249 2890 2301 τὰ
2945 2248 3164 2322 λείψανα
3209 2261 3305 2315 τῆς
3359 2254 3555 2318 οἰκείας
3603 2268 3811 2332 τροφῆς

420 2320 679 2394 Turpius
716 2321 926 2394 utique
964 2320 1136 2378 fuerit
1175 2321 1529 2379 creditorem
1569 2324 1726 2382 datis
1767 2325 1955 2383 fenori
1985 2343 2068 2400 pe

2193 2328 2477 2403 βασιλεῦσι
2519 2335 2855 2409 χαρίζονται,
2907 2339 2981 2399 οἷς
3029 2343 3146 2392 οὔτε
3191 2349 3402 2417 χεῖρας,
3445 2347 3562 2398 οὔτε
3605 2333 3808 2418 τέχνας

422 2409 617 2466 cuniis
637 2406 1014 2467 defraudare.
1045 2410 1269 2467 Deinde
1287 2427 1430 2469 vero
1452 2417 1648 2485 potest
1678 2414 1944 2486 formica,
1972 2433 2068 2473 net

2192 2420 2223 2477 ἡ
2276 2423 2433 2492 φύσις
2475 2406 2693 2479 δέδωκε.
2735 2428 2801 2478 Σὺ
2842 2423 2900 2479 δὲ
2939 2430 2997 2479 τὸ
3039 2406 3338 2501 εὐμήχανον
3379 2406 3511 2493 ζῶον
3549 2435 3575 2486 6

423 2496 805 2568 mendicans,
849 2514 960 2555 nec
1012 2498 1219 2556 fenore
1260 2500 1582 2574 accipiens,
1634 2504 1890 2560 nutriri:
1938 2521 2068 2579 apes

2191 2528 2308 2577 πος,
2364 2514 2487 2583 μίαν
2529 2521 2628 2565 τῶν
2685 2524 2869 2567 πασῶν
2912 2527 3167 2590 μηχανῶν
3213 2520 3319 2592 οὐχ
3376 2523 3610 2595 εὑρήσεις
3659 2528 3798 2598 πρὸς

421 2586 631 2644 itidem
682 2587 925 2677 regibus
982 2587 1323 2658 largiuntur
1369 2591 1597 2665 proprii
1640 2592 1906 2651 alimenti
1955 2595 2068 2651 reli

2191 2600 2286 2655 τὴν
2317 2606 2408 2651 τοῦ
2435 2598 2557 2673 βίου
2591 2598 2626 2656 δ
2630 2610 2863 2677 ιαγωγήν
2888 2621 2902 2672 ;

420 2676 599 2750 quias
633 2696 648 2733 :
687 2676 912 2751 quibus
957 2681 1162 2735 tamen
1212 2694 1323 2736 nec
1371 2696 1612 2756 manus,
1661 2697 1772 2739 nec
1815 2688 1972 2741 artes
2021 2686 2313 2742 concessit
2356 2694 2595 2748 natura.
2640 2695 2723 2750 Tu
2762 2676 2904 2751 vero
2943 2694 3306 2754 industrium
3345 2698 3575 2757 animal
3606 2699 3797 2760 homo

421 2765 576 2823 inter
601 2770 759 2823 artes
783 2782 998 2824 omnes
1020 2782 1209 2824 unam
1239 2769 1317 2825 ad
1352 2771 1802 2842 transigendam
1829 2774 2012 2831 vitam
2044 2789 2168 2831 non
2201 2777 2462 2849 reperies
2493 2779 2523 2834 ?

493 2857 548 2911 6.
581 2854 658 2927 (3)
683 2855 855 2912 Dives
880 2870 943 2912 es
964 2859 994 2913 ?
1021 2861 1340 2928 argentum
1361 2875 1437 2915 ne
1464 2859 1570 2915 des
1596 2860 1820 2918 fenore.
1850 2865 2068 2935 Pauper

2204 2949 2221 2954 Δ
2264 2868 2315 2921 6.
2365 2866 2624 2931 Πλούσιος
2670 2867 2754 2935 εἷς
2803 2877 2875 2945 μὴ
2931 2870 3174 2935 δανείζου
3221 2875 3314 2947 (5).
3368 2882 3532 2941 Πένης
3578 2876 3668 2948 εἷς
3720 2885 3799 2954 μὴ

421 2959 488 3003 es
511 2944 543 3000 ‘?
567 2960 644 3002 ne
669 2960 841 3002 sume
866 2945 1070 3003 fenore
1100 2950 1441 3016 argentum.
1473 2949 1702 3005 Etenim
1736 2951 1784 3007 si
1809 2950 2068 3025 locuples

2192 2949 2455 3017 δανείζου.
2498 2956 2558 3010 Εἰ
2595 2960 2685 3031 μὲν
2722 2961 2825 3033 γὰρ
2861 2961 3117 3036 εύπορείς,
3148 2963 3207 3015 ού
3244 2965 3471 3039 χρῄζείς
3501 2962 3802 3042 δανείσμα-

422 3048 509 3103 es,
542 3032 692 3090 nihil
723 3032 826 3090 tibi
854 3033 1058 3090 femore
1089 3049 1244 3107 opus
1273 3039 1398 3092 est:
1445 3036 1494 3092 si
1521 3035 1665 3094 nihil
1695 3054 1837 3095 vero
1867 3039 2068 3110 habes,

2193 3061 2282 3105 τος
2311 3063 2323 3076 ·
2376 3044 2418 3097 εἰ
2452 3042 2511 3098 δὲ
2536 3043 2687 3100 οὐδὲν
2726 3050 2887 3121 ἔχεις,
2919 3050 3013 3103 οὐκ
3043 3050 3308 3115 ἀποτίσεις
3344 3058 3400 3107 τὸ
3440 3052 3666 3112 δάνειον.
3707 3065 3799 3119 Μὴ

420 3137 547 3180 non
566 3123 796 3197 pendes
812 3140 1050 3181 usuras.
1076 3125 1503 3199 Nolituamipsi
1513 3143 1579 3182 us
1595 3127 1782 3185 vitam
1799 3146 1944 3186 serae
1958 3148 2068 3203 poe-

2194 3127 2295 3203 δῷς
2336 3142 2558 3188 σεαυτοῦ
2596 3139 2683 3189 τὸν
2733 3137 2850 3211 βίον
2889 3139 2958 3201 εἰς
2996 3141 3418 3217 ύστεροϐουλίαν.
3472 3145 3578 3199 Ἑνὶ
3628 3150 3806 3221 τούτῳ

420 3211 681 3270 nitentiae
703 3213 982 3286 abjicere.
1005 3216 1127 3271 Hoc
1147 3229 1269 3271 uno
1290 3219 1653 3287 praestamus
1672 3216 1953 3275 divitibus
1969 3237 2082 3277 nos

419 3317 743 3375 pauperes,
766 3318 1051 3360 curarum
1075 3304 1376 3361 vacuitate
1401 3323 1414 3373 ;
1446 3321 1517 3362 ac
1545 3321 1646 3362 eos
1672 3306 1988 3379 vigilantes
2008 3311 2081 3366 ri-

420 3392 640 3449 demus
669 3393 788 3467 ipsi
817 3393 1206 3462 dormientes,
1239 3410 1311 3451 ac
1335 3396 1492 3452 curis
1526 3413 1766 3471 semper
1789 3399 2080 3458 distentos

421 3483 482 3539 et
507 3481 809 3553 sollicitos,
831 3483 1019 3556 quieti
1047 3487 1105 3540 et
1130 3484 1322 3553 liberi,
1352 3484 1592 3543 Debitor
1616 3488 1822 3561 utique
1851 3494 1905 3546 et
1930 3505 2075 3563 pau-

418 3587 531 3647 per
547 3576 656 3643 est,
679 3577 736 3631 et
755 3573 914 3630 curis
929 3574 1134 3632 multis
1155 3575 1397 3648 anxius,
1411 3581 1468 3634 et
1496 3579 1662 3634 omni
1689 3584 1960 3652 tempore
1983 3599 2077 3640 co-

2192 3217 2501 3299 διαφέρομεν
2566 3233 2665 3277 τῶν
2731 3227 3086 3282 πλουτούντων
3147 3235 3196 3285 οἱ
3251 3237 3477 3302 πένητες,
3545 3244 3608 3295 τῆ
3671 3237 3805 3311 ἀμε-

2187 3317 2406 3387 ριμνίᾳ·
2451 3318 2541 3367 καὶ
2582 3317 2940 3391 καταγελῶμεν
2984 3319 3152 3373 αὐτῶν
3193 3320 3609 3395 ἁγρυπνούντων,
3644 3327 3803 3382 αὐτοὶ

2186 3399 2560 3465 καθεύδοντες·
2608 3408 2699 3458 καὶ
2752 3413 3085 3460 συνεστώτων
3135 3408 3213 3463 ἀεὶ
3270 3416 3360 3464 καὶ
3393 3414 3799 3488 φροντιζόντων,

2188 3489 2339 3543 αὐτοὶ
2423 3490 2884 3567 ἀφροντιστοῦντες
2968 3502 3057 3550 καὶ
3138 3498 3412 3573 ἀνειμένοι.
3488 3501 3548 3556 Ὀ
3621 3509 3802 3578 μέντοι

2188 3578 2396 3650 ὀφείλων
2480 3587 2569 3635 καὶ
2642 3588 2796 3645 πένης
2866 3584 2999 3655 ἐστὶ,
3076 3592 3167 3641 καὶ
3240 3588 3637 3665 πολυμέριμνος,
3703 3600 3802 3649 καὶ

419 3661 705 3733 gitatione
730 3663 1163 3735 deﬁxus,nunc
1185 3665 1433 3738 quidem
1452 3683 1547 3723 res
1574 3684 1717 3724 suas
1740 3670 2074 3743 aestimans,

418 3766 583 3809 nunc
609 3768 753 3810 vero
772 3753 991 3811 domos
1025 3760 1442 3829 sumptuosas,
1471 3757 1725 3814 divitum
1748 3775 1947 3832 agros,
1980 3778 2075 3819 oc-

418 3841 788 3899 currentium
834 3846 1048 3899 vestes.
1105 3845 1237 3899 Haec
1289 3844 1339 3900 si
1396 3860 1535 3903 mea
1581 3852 1798 3913 essent,
1858 3849 2072 3922 inquit,

419 3930 569 3988 tanti
606 3934 663 3987 et
699 3931 851 3988 tanti
883 3931 1298 3999 divenderem,
1341 3937 1522 4007 atque
1557 3934 1847 3994 liberarer
1893 3938 2072 4013 496

418 4018 644 4075 fenore.
666 4019 804 4075 Haec
822 4020 953 4090 ejus
982 4022 1188 4078 animo
1218 4026 1513 4095 nocteque
1539 4024 1756 4098 dieque
1786 4026 2067 4085 insident.

415 4110 675 4165 Januam
719 4109 769 4166 si
803 4109 1156 4182 pulsaveris,
1188 4112 1392 4184 irrepit
1421 4113 1535 4170 sub
1563 4114 1784 4172 lectum
1813 4116 2069 4175 debitor.

417 4195 704 4254 Velociter
726 4200 983 4255 accurrit
1007 4200 1163 4273 quis,
1189 4205 1248 4259 et
1275 4199 1429 4259 illius
1458 4218 1562 4260 cor
1586 4203 1854 4277 palpitat.
1897 4208 2070 4263 Canis

414 4284 593 4342 latrat
625 4303 639 4343 :
671 4285 767 4344 ille
797 4287 1016 4345 sudore
1044 4286 1277 4355 difﬂuit,
1310 4295 1369 4348 et
1397 4291 1693 4349 anxietate
1730 4295 2066 4367 corripitur,

411 4388 659 4448 quaque
667 4375 768 4433 via
777 4375 1307 4451 fugiat,conspicit.
1321 4379 1453 4437 Dies
1464 4380 1848 4454 praescriptus
1862 4382 2065 4441 instat:

2188 3672 2401 3732 σύννους
2462 3673 2632 3725 πάντα
2692 3676 2777 3726 τὸν
2843 3679 3057 3750 χρόνον,
3122 3684 3209 3729 νῦν
3274 3681 3366 3751 μὲν
3439 3686 3533 3739 τὴν
3608 3682 3800 3736 ἑαυτοῦ

2154 3758 2367 3843 «οὐσίαν
2410 3759 2820 3835 ἀποτιμώμενος,
2878 3772 2967 3816 νῦν
3011 3762 3069 3818 δὲ
3112 3769 3204 3830 τὰς
3257 3767 3429 3832 οἰκίας
3481 3772 3575 3833 τὰς
3632 3772 3796 3826 πολυ-

2184 3846 2364 3915 τελεῖς,
2408 3852 2522 3912 τούς
2560 3851 2751 3924 ἀγροὺς
2797 3860 2896 3905 τῶν
2940 3853 3200 3908 πλουσίων
3259 3856 3357 3928 (6),
3409 3861 3503 3921 τὰς
3561 3860 3797 3927 ἐσθῆτας

2183 3944 2282 3987 τῶν
2335 3935 2774 4011 ἐντυγχανόντων.
2829 3941 2889 3995 Εἰ
2941 3952 3108 3996 ταῦτα
3148 3943 3246 4017 ἐμὰ
3285 3947 3369 4010 ἧν,
3417 3953 3595 4019 φησὶν,
3656 3950 3793 4004 απε-

2185 4020 2415 4099 διδόμην
2468 4031 2625 4081 τὸσου
2684 4036 2773 4083 καὶ
2824 4034 3002 4103 τόσου,
3062 4037 3151 4085 καὶ
3207 4032 3625 4109 ἁπηλλασσὸμην
3694 4048 3796 4091 τοῦ

2179 4119 2360 4173 τόκου,
2424 4122 2603 4169 Ταῦτα
2659 4119 2819 4171 αὐτοῦ
2878 4124 2968 4172 καὶ
3022 4124 3221 4195 νύκτωρ
3277 4127 3364 4175 καὶ
3418 4127 3532 4196 μεθ’
3589 4128 3795 4201 ἡμέραν

2178 4203 2516 4275 ἐγκαθέζεται
2581 4214 2640 4279 τῇ·
2711 4204 2928 4281 καρδίᾳ.
2992 4209 3107 4263 Ἐὰν
3154 4217 3248 4270 την
3311 4213 3469 4286 θύραν
3526 4217 3790 4290 παταξης,

2178 4295 2204 4345 ὁ
2242 4299 2519 4368 χρεώστης
2558 4297 2659 4349 ὑπὸ
2698 4303 2791 4356 τὴν
2830 4298 3005 4357 κλίνην
3031 4321 3044 4333 ·
3094 4298 3329 4375 σφοδρῶς
3369 4300 3651 4378 εἰσέδραμέ
3687 4327 3794 4375 τις,

2176 4390 2269 4436 τοῦ
2318 4380 2376 4437 δὲ
2430 4382 2675 4449 ἐπάταξεν
2727 4390 2757 4445 η
2809 4385 3045 4461 καρδία-
3104 4390 3317 4444 ὑλακτεῖ
3362 4394 3388 4444 6
3426 4396 3582 4465 κύων,
3643 4397 3670 4447 6
3725 4395 3791 4452 δὲ

413 4463 591 4522 anxie
625 4479 834 4522 secum
849 4470 1085 4540 reputat
1103 4467 1419 4541 quodnam
1433 4469 1701 4526 dicturus
1729 4470 1804 4526 sit
1823 4474 2068 4532 menda-

2185 4469 2368 4546 ἱδρῶτι
2411 4474 2597 4548 ῥείται,
2643 4480 2731 4529 καὶ
2771 4476 2966 4549 ἀγωνίᾳ
3008 4482 3303 4551 συνέχεται,
3348 4487 3437 4533 καὶ
3476 4492 3791 4557 περισκοπεὶ

412 4553 595 4622 cium,
620 4559 677 4611 et
703 4571 828 4628 quo
850 4554 1110 4613 conﬁcto
1131 4559 1423 4629 praetextu
1443 4558 1808 4631 depulsurus
1840 4576 1875 4617 a
1903 4576 1965 4618 se
1998 4565 2074 4621 sit

410 4642 788 4702 creditorem.
824 4644 980 4711 Quid
1011 4648 1066 4704 te
1089 4644 1218 4718 ipse
1246 4644 1453 4703 bestize
1484 4646 1931 4707 fecundissimae
1946 4651 2069 4708 'ad-

405 4730 658 4803 jungis?
702 4735 958 4807 Lepores
988 4733 1157 4791 aiunt
1182 4733 1362 4790 simul
1390 4740 1447 4792 et
1473 4751 1706 4808 parere,
1734 4742 1791 4794 et
1820 4740 2066 4809 nutrire,

407 4821 467 4876 et
494 4822 859 4894 superfetare
884 4840 897 4879 :
922 4822 1007 4879 sic
1036 4822 1307 4896 pecuniae
1337 4823 1773 4883 feneratoribus
1805 4827 1981 4885 simul
2014 4833 2071 4886 et

408 4906 632 4968 dantur
650 4911 731 4970 ad
756 4910 1112 4985 pendendas
1136 4928 1374 4983 usuras,
1403 4917 1459 4973 et
1483 4915 1830 4987 gignuntur,
1855 4922 1913 4976 et
1941 4919 2067 4992 pul-

474 5069 552 5147 (1)
594 5073 677 5147 lia
702 5070 1287 5147 hom.rinpsal.x1v,
1321 5077 1441 5131 111.

474 5139 553 5281 (εξ
593 5142 768 5213 lbid.,
796 5145 922 5202 uo.

474 5215 525 5281 (3
586 5213 763 5281 Ibid.,
796 5216 919 5275 uo.

472 5213 548 5281 (3)
586 5213 763 5284 Ibid.,
796 5216 919 5275 uo.

476 5285 556 5355 (4)
592 5283 833 5359 Αἰσχρὸν
878 5283 1001 5365 μῦν.
1072 5286 1304 5357 Legitur
1363 5288 1425 5343 in
1490 5292 1772 5346 contextu
1834 5290 2058 5365 αἰσχρό-

399 5368 572 5411 τερον.
976 5364 983 5373 ’

458 5372 852 5506 ξξὲλῖᾉανείζρυ.
881 5427 1092 5506 Nullus
1121 5426 1332 5486 dubito
1356 5429 1503 5504 quin
1529 5431 1857 5502 legendum
1887 5434 1960 5488 sit
1979 5438 2051 5506 μὴ

400 5489 626 5571 detenta,
646 5516 719 5554 ne
737 5502 838 5559 des
856 5501 1088 5570 fenore,
1109 5515 1231 5556 non
1252 5489 1408 5565 verci.
1435 5519 1510 5560 ne
1520 5489 1837 5571 pecuniam
1854 5489 2053 5563 sum'as

390 5565 626 5647 fenore.
655 5565 966 5647 Rationem
987 5572 1147 5647 enim
1174 5571 1343 5630 addit
1368 5565 1642 5644 Basilius,
1664 5575 1810 5647 quia
1837 5576 2052 5637 divites

392 5631 602 5696 fenore
619 5654 745 5698 non
758 5641 1059 5715 indigent;
1077 5657 1203 5716 qua
1212 5657 1356 5702 voce
1365 5659 1490 5703 non
1501 5631 1823 5718 pocﬁriiam
1837 5631 2051 5707 mutuo

2182 4563 2333 4614 πόθεν
2400 4566 2571 4634 φύγοι.
2634 4563 2693 4616 ’Π
2761 4567 3056 4640 προθεσμία
3119 4571 3374 4642 προάγει·
3443 4578 3670 4646 μεριμνᾷ
3732 4593 3789 4629 τι

2180 4651 2453 4721 ψεύσεται,
2498 4657 2650 4705 ποίαν
2697 4653 3020 4726 πλασάμενος
3060 4661 3324 4730 πρόφασιν
3369 4662 3454 4711 τὸν
3498 4657 3784 4722 δανειστὴν

2180 4736 2215 4793 δ
2222 4744 2576 4815 ιακρούσεται.
2624 4747 2686 4796 Τί
2732 4743 3001 4816 πολυτόκῳ
3049 4747 3126 4817 (7)
3162 4748 3324 4821 θηρίῳ
3359 4753 3574 4802 σεαυτὸν
3605 4771 3785 4826 παρα-

2179 4829 2438 4901 ζευγνύεις
2473 4848 2486 4895 ;
2536 4836 2663 4893 Τοὺς
2710 4832 2941 4905 λαγωούς
2980 4854 3109 4906 φασι
3148 4840 3236 4888 καὶ
3275 4840 3463 4891 τίκτειν
3503 4840 3657 4912 ὁμοῦ,
3689 4848 3783 4896 καὶ

2177 4922 2392 4993 τρέφεν
2464 4926 2551 4973 καὶ
2621 4920 3052 4976 ἐπικυΐσκεσθαι·
3118 4930 3206 4978 καὶ
3265 4932 3369 4987 τοῖς
3440 4928 3781 5003 τοκογλύφοις

2177 5079 2558 5165 sumendam,
2584 5082 2689 5137 sed
2719 5083 3060 5165 mercedem
3098 5084 3491 5165 ex_co_llocat_a
3514 5068 3781 5165 pectﬁ'
4074 5068 4084 5151 ἶ

2177 5103 2558 5147 suiueuuam,
2584 5103 2689 5137 seu
2720 5103 3060 5140 mercedem
3098 5103 3172 5140 ex
3201 5103 3491 5145 couocata
3562 5103 3743 5151 ecum

2172 5151 2624 5236 proveniantem
2639 5153 3028 5236 manifestum
3046 5160 3134 5212 est
3151 5155 3476 5236 designari.

2169 5222 2313 5311 ergo
2325 5222 2537 5304 divites
2550 5240 2586 5280 a
2597 5225 2924 5311 pecuniam
2938 5226 3113 5311 fenus
3124 5222 3501 5311 collocanda.
3512 5230 3775 5311 legitur:

2167 5293 3065 5367 cbiepiscopusTuronensis,ita
3076 5299 3475 5369 utlegendum
3488 5293 3779 5361 contendi

2167 5365 2551 5421 mus—Vide
2563 5372 2769 5421 notam
2782 5373 3052 5421 nostram
3066 5370 3148 5421 ad
3159 5371 3775 5421 tom.l-col-272-Enn-_

2167 5370 3052 5426 mus.——Videnotamnostram
3066 5370 3776 5441 adtom.l,col.272.Emr.

2236 5437 2476 5512 (6)_Tr_Iw
2532 5438 2813 5494 πλουσίων.
2859 5439 3145 5498 Codicum
3190 5442 3339 5499 alter
3377 5450 3483 5498 τῶν
3518 5441 3772 5512 πλησίον,

2159 5509 2459 5593 ῃνοῳίγζι-ίε
2485 5522 2677 5593 agros.
2716 5582 2767 5593 Μ
2978 5584 2989 5593 _
3078 5586 3089 5593 ι
3239 5584 3383 5593 ___h_
3545 5588 3557 5593 _
3596 5584 3612 5593 Δ
3700 5532 3715 5593 χ
3750 5524 3753 5525 ⁷

2158 5648 2188 5702 λ
2366 5578 2664 5654 Πολντόκῳ.
2715 5582 2807 5641 Sic
2855 5584 3193 5643 contextus.
3239 5584 3386 5644 Editi
3423 5584 3629 5673 nostri“
3660 5592 3775 5673 ’τρῖ

2190 5669 2263 5703 υπ
2295 5669 2418 5703 οκω.
3548 5678 3553 5683 ὁ
3750 5682 3757 5685 -

2190 5669 2418 5713 υπΑοκῳ.
3548 5678 3553 5683 ‘
3580 5708 3587 5713 τ
3610 5669 3629 5673 ’⁷
3744 5669 3757 5685 "
