4084 6396
273 342 408 398 1177

1231 334 1462 395 SERMO
1488 335 1555 391 V.
1595 361 1664 376 -
1691 330 1781 387 DE
1807 328 2080 388 DIVITIIS
2113 331 2196 389 ET
2233 330 2703 389 PAUPERTATE.

3491 334 3633 392 1178

269 468 335 519 τὰ
369 467 630 540 χρήματα
675 462 807 534 ὁμοῦ
854 463 944 514 καὶ
999 459 1323 533 δανείζεται,
1366 465 1457 514 καὶ
1498 463 1762 534 γεννᾶται,
1793 460 1872 509 καῖ

1992 455 2205 515 lulant.
2248 456 2527 515 Nondum
2540 456 2703 513 enim
2721 453 2784 512 in
2795 467 3018 511 manus
3035 455 3341 528 accepisti,
3362 459 3420 514 et
3437 460 3644 517 tamen

270 557 576 629 ὑποφύεται.
637 555 797 604 Οὔπω
853 553 955 626 γάρ
1007 546 1166 614 ἐδέξω
1232 551 1306 614 εἰς
1359 559 1583 627 χεῖρας,
1636 547 1727 601 καὶ
1790 551 1882 598 τοῦ

271 648 523 720 παρόντος
577 643 740 715 μηνὸς
788 638 1064 713 ἀπητὴθης
1113 644 1205 699 τὴν
1254 640 1527 715 ἐργασίαν.
1577 642 1679 692 Καὶ
1730 639 1881 689 τοῦτο

271 733 425 787 πάλιν
471 729 762 800 δανεισθὲν,
809 732 977 805 ἕτερον
1030 734 1190 783 κακόν
1239 728 1494 805 ἐξέθρεψε,
1536 727 1741 782 κάκεῖνο
1778 726 1882 779 ἕτε-

273 842 384 896 ρον,
416 825 508 874 καὶ
538 822 596 872 τό
639 821 799 871 κακόν
849 818 921 880 εἰς
973 820 1184 895 ἄπειρον
1209 840 1222 854 ε
1255 824 1415 883 Τόκος
1449 820 1574 893 γὰρ,
1602 820 1670 880 ὡς
1708 814 1877 888 οἶμαι,

274 908 368 964 διὰ
419 915 514 969 τὴν
570 907 881 981 πολυγονίαν
931 908 1002 979 (1)
1057 916 1149 962 τοῦ
1205 917 1369 962 κακοῦ
1419 911 1873 980 προσηγόρευται·

272 1001 426 1053 πόθεν
478 1001 579 1072 γάρ
619 997 868 1063 ἄλλοθεν;
907 996 973 1051 Ἢ
1022 1000 1170 1071 τάχα
1201 1003 1354 1060 τόκος
1398 997 1600 1072 λέγεται
1648 993 1742 1051 διὰ
1787 1000 1877 1058 τὰς

274 1086 469 1152 ὠδῖνας
529 1091 620 1140 καὶ
674 1086 862 1155 λύπας,
921 1085 981 1149 ἃς
1035 1084 1263 1161 ἐμποιεῖν
1325 1093 1440 1150 ταῖς
1502 1087 1711 1159 ψυχαῖς
1775 1094 1876 1139 τῶν

274 1175 649 1249 δανειζομένων
692 1181 934 1248 πέφυκεν.
966 1174 1053 1238 Ὠς
1094 1178 1196 1251 γὰρ
1250 1177 1280 1235 ἡ
1332 1173 1462 1238 ὠδὶς
1496 1183 1559 1248 τῇ
1599 1178 1875 1248 τικτούσῃ,

271 1267 436 1327 ούτως
483 1268 513 1324 ἡ
561 1266 860 1338 προθεσμία
906 1271 979 1335 τῷ
1028 1266 1274 1342 ὑποχρέῳ
1320 1268 1666 1338 παρίσταται.
1714 1269 1877 1327 Τόκος

270 1356 354 1409 ἐπὶ
416 1357 576 1426 τόκῳ,
643 1361 879 1428 πονηρῶν
945 1358 1130 1425 γονέων
1196 1356 1422 1428 πονηρόν
1482 1356 1710 1425 ἔκγονον.
1771 1356 1878 1415 Τὰς

269 1440 490 1517 ἐχίδνας
526 1442 741 1515 λέγουσι
779 1446 873 1500 τὴν
910 1446 1146 1518 γαστέρα
1173 1451 1270 1505 τῆς
1307 1444 1508 1517 μητρός
1537 1439 1876 1504 διεσθιούσας

267 1534 572 1587 τίκτεσθαι⁸
622 1535 714 1584 καὶ
755 1532 804 1584 οἱ
838 1536 984 1584 τόκοι
1031 1535 1152 1595 τοὺς
1207 1534 1383 1595 οἴκους
1430 1540 1531 1584 τῶν
1574 1530 1875 1605 ὀφειλόντων

1993 549 2309 622 praesentis
2330 548 2561 606 mensis
2590 549 2858 620 quaestus
2887 548 3000 603 ate
3021 547 3390 619 exposcitur.
3419 551 3487 605 Et
3513 549 3645 607 haec

1989 641 2250 716 pecunia
2268 657 2480 697 rursus
2498 639 2702 696 fenore
2714 641 2987 710 accepta,
3007 636 3238 694 malum
3251 638 3507 695 alterum
3520 640 3642 708 alit,

1990 734 2048 787 et
2072 730 2216 786 illud
2240 729 2515 798 alterum,
2546 733 2729 801 atque
2751 727 2835 783 sic
2858 726 3091 783 malum
3118 727 3180 783 in
3204 726 3531 786 inﬁnitum.
3555 732 3647 786 Et-

1989 820 2171 888 enim,
2200 819 2436 892 opinor,
2493 824 2661 887 τοκός,
2696 816 2759 873 id
2796 819 2902 883 est,
2928 821 3167 886 partus,
3206 816 3283 873 ob
3337 817 3647 887 ingentem

1987 910 2133 968 mali
2146 910 2573 967 fecunditatem
2591 907 2968 965 nominatur.
2996 906 3165 963 Unde
3177 907 3338 963 enim
3360 908 3605 965 aliunde
3619 911 3648 966 ?

1985 1004 2101 1058 Aut
2127 1001 2278 1057 forte
2306 1004 2476 1068 τοκός,
2508 999 2625 1055 hoc
2650 1001 2758 1064 est,
2778 1001 3009 1069 partus,
3040 995 3258 1053 dicitur
3281 996 3361 1053 ob
3406 996 3647 1056 dolores

1986 1106 2057 1148 ac
2085 1089 2411 1161 molestias,
2446 1103 2601 1161 quas
2631 1086 2853 1145 animis
2884 1100 3097 1142 eorum
3121 1085 3227 1159 qui
3243 1085 3449 1144 fenore
3479 1102 3647 1144 acce-

1984 1179 2221 1251 perunt,
2246 1176 2397 1234 solet
2407 1191 2632 1233 creare.
2662 1178 2733 1231 Ut
2747 1173 2909 1230 enim
2926 1173 3319 1246 puerperium
3336 1174 3645 1246 pariturae,

1986 1266 2071 1323 ita
2099 1266 2227 1322 dies
2260 1265 2485 1322 indicta
2513 1263 2764 1320 debitori
2785 1262 2994 1320 instat.
3031 1263 3228 1319 Fenus
3248 1262 3441 1320 fenori
3482 1263 3645 1321 addi-

1985 1360 2139 1426 tum,
2169 1359 2494 1427 parentum
2523 1353 2827 1410 malorum
2857 1352 3020 1409 mala
3048 1355 3138 1408 est
3166 1352 3425 1408 soboles.
3465 1353 3648 1412 Aiunt

1983 1444 2247 1517 viperas,
2266 1444 2416 1500 dum
2428 1444 2779 1514 gignuntur,
2793 1444 3065 1498 ventrem
3077 1441 3285 1497 matris
3297 1442 3614 1500 corrodere
3630 1460 3644 1500 :

1982 1533 2158 1591 fenus
2178 1548 2444 1606 quoque,
2460 1532 2647 1589 erosis
2673 1547 2744 1588 ac
2761 1530 3140 1603 consumptis
3157 1530 3499 1588 debitorum
3513 1531 3648 1589 aedi-

269 1625 577 1695 εκφαγόντες
608 1618 1007 1692 ἀπογεννῶνται.
1041 1622 1119 1674 Τὰ
1149 1625 1425 1696 σπέρματα
1453 1623 1631 1697 χρόνῳ
1659 1623 1839 1694 ρύεται
1858 1640 1871 1654 ο

1982 1622 2117 1695 bus,
2145 1622 2432 1680 nascitur.
2465 1620 2709 1679 Semina
2727 1618 3019 1692 temporis
3049 1633 3379 1692 progressu
3427 1620 3645 1690 germi-

267 1711 296 1764 ό
364 1707 424 1764 δὲ
487 1713 635 1771 τόκος
709 1714 936 1782 σήμερον
1003 1714 1277 1782 γεννᾶται,
1342 1709 1433 1763 καί
1499 1715 1717 1784 σήμερον
1780 1715 1873 1762 τοῦ

269 1804 462 1853 τίκτειν
530 1799 776 1872 ἄρχεται.
827 1805 939 1852 Τῶν
995 1798 1319 1872 αὐξουμένων
1374 1799 1615 1864 ἕκαστον,
1663 1794 1874 1851 ἐπειδὰν

270 1889 398 1961 πρὸς
462 1889 522 1941 τὸ
589 1888 776 1942 οἰκεῖον
833 1886 1088 1960 ἀφίκηται
1147 1889 1391 1962 μέγεθος,
1459 1894 1557 1949 τῆς
1617 1884 1901 1951 αὐξήσεως

275 1994 469 2030 σταται
492 1996 505 2012 ·
553 1979 613 2030 τό
664 1973 723 2031 δὲ
781 1985 880 2030 τῶν
931 1977 1241 2031 πλεονεκτῶν
1288 1976 1538 2053 ἀργύριον
1578 1985 1652 2050 τῷ
1697 1980 1875 2050 χρόνῳ

270 2069 429 2118 παντὶ
469 2065 923 2141 συμπαραύξεται.
959 2068 1037 2120 Τὰ
1080 2066 1190 2128 ζῶα
1226 2063 1535 2141 παραδόντα
1578 2073 1691 2129 τοῖς
1730 2065 1877 2139 ἐκγό-

269 2172 379 2215 νοις
425 2154 501 2225 (2)
543 2158 600 2207 τό
645 2159 859 2222 τίκτειν,
911 2154 1048 2207 αύτά
1092 2163 1182 2217 τῆς
1227 2161 1457 2219 κυήσεως
1506 2157 1765 2210 παύεται·
1810 2155 1878 2209 τὰ

272 2238 332 2294 δὲ
376 2251 476 2293 τῶν
520 2239 808 2296 δανειστῶν
853 2241 1079 2320 ἀργύρια
1107 2249 1199 2297 καὶ
1236 2247 1304 2299 τὰ
1333 2244 1666 2318 ἐπιγινόμενα
1692 2248 1874 2312 τίκτει,

276 2334 366 2382 καὶ
390 2333 454 2383 τά
484 2330 691 2405 ἀρχαῖα
738 2332 929 2392 νεάζει.
963 2337 1065 2385 Καὶ
1112 2334 1286 2409 ὥσπερ
1328 2331 1412 2385 ἐπὶ
1440 2342 1531 2394 τῆς
1566 2331 1788 2408 χολέρας
1827 2332 1876 2384 οἱ

268 2422 327 2471 τό
379 2417 461 2472 ἀεὶ
502 2421 884 2494 προϊστάμενον
928 2419 1251 2496 ἐξαιροῦντες
1289 2421 1388 2494 (3),
1431 2425 1523 2474 καὶ
1578 2426 1700 2496 πρὶν
1750 2439 1879 2474 παν-

272 2505 424 2569 τελῶς
479 2510 809 2582 καθαρθῆναι
871 2504 1117 2583 δευτέραν
1172 2514 1358 2583 τροφὴν
1420 2508 1874 2583 ἔπερ-ϐαλλόμενοι,

266 2598 420 2651 πάλιν
452 2597 639 2669 ἐμοῦσι
666 2600 796 2671 μετὰ
839 2595 1030 2662 ὀδύνης
1060 2604 1151 2652 καὶ
1200 2608 1559 2674 σπαραγμῶν·
1611 2600 1746 2653 οὕτω
1784 2599 1877 2652 καί

268 2689 319 2739 οἱ
375 2684 748 2759 δανειζόμενοι,
797 2690 984 2749 τόκους
1046 2686 1094 2739 ἓν
1150 2692 1313 2739 τόκων
1371 2687 1870 2761 μεταλαμϐάνοντες,

268 2780 358 2827 καὶ
409 2780 531 2848 πρὶν
584 2774 873 2850 ἐκκαθᾶραι
925 2774 992 2827 τὰ
1037 2784 1243 2849 πρῶτα,
1291 2772 1530 2851 δεύτερον
1577 2775 1873 2848 ἐπεισάγον-

269 2882 354 2927 τες
397 2861 674 2937 δάνεισμα,
703 2868 888 2938 μικρόν
931 2868 1123 2939 χρόνον
1178 2871 1288 2927 τοῖς
1327 2864 1609 2939 ἀλλοτρίοις
1651 2864 1871 2941 ἐναϐρυ-

269 2956 508 3026 νόμενοι,
574 2954 791 3027 ὕστερον
854 2958 943 3006 καὶ
1010 2956 1077 3006 τὰ
1134 2954 1300 3007 οἰκεῖα
1360 2950 1651 3027 ὠδύραντο.
1720 2954 1873 3008 Ἀλλὰ

268 3040 484 3111 πολλοὶ,
556 3046 727 3115 φησὶ,
804 3047 893 3096 καὶ
968 3042 1023 3097 ἐκ
1091 3039 1440 3116 δανείσματος
1510 3043 1864 3102 ἐπλούτησαν.

270 3131 499 3200 Πλείους,
543 3129 623 3200 δὲ,
674 3131 821 3206 οἶμαι
863 3138 955 3187 καὶ
1002 3131 1217 3208 βρόχων
1268 3132 1489 3205 ἥψαντο.
1541 3137 1606 3185 Σὺ
1657 3129 1717 3187 δὲ
1754 3137 1874 3196 τοὺς

268 3218 664 3294 ἀπαγξαμένους
694 3222 787 3274 οὐκ
830 3225 1086 3296 ἀριθμεῖς,
1118 3225 1167 3275 οἳ
1214 3227 1309 3281 τὴν
1353 3222 1437 3275 ἐπὶ
1486 3229 1595 3283 ταῖς
1635 3222 1872 3282 ἀπαντη-

269 3329 414 3362 σεσιν
460 3312 537 3381 (4)
600 3310 862 3382 αἰσχύνην
921 3316 991 3384 μὴ
1050 3316 1304 3385 φέροντες,
1357 3316 1445 3365 τόν
1504 3308 1579 3364 δι’
1633 3311 1869 3384 ἀγχόνης

277 3399 495 3451 θάνατον
552 3406 645 3452 τοῦ
702 3398 1072 3462 ἐπονείδίστως
1129 3400 1225 3474 ζῇν
1291 3405 1668 3474 προετίμησαν.
1720 3398 1875 3454 Εἶδον

268 3486 370 3558 ἐγὼ
428 3485 636 3540 ἐλεεινὸν
684 3489 867 3561 θέαμα,
916 3486 1117 3552 παῖδας
1168 3488 1462 3564 ἐλευθέρους
1518 3491 1645 3564 ὑπὲρ
1702 3497 1876 3563 χρεῶν

268 3584 534 3651 πατρικῶν
594 3575 896 3649 ἑλκομένους
956 3577 1028 3641 εἰς
1082 3581 1139 3630 τὸ
1191 3584 1498 3654 πρατήριον,
1556 3579 1667 3631 Οὐκ
1733 3582 1877 3652 ἔχεις

267 3665 568 3718 καταλιπεῖν
621 3671 875 3741 χρήματα
924 3675 1030 3728 τοῖς
1079 3672 1274 3735 παισί;
1324 3672 1393 3740 μὴ
1440 3668 1738 3741 προσαφέλη
1783 3675 1874 3723 καὶ

272 3757 369 3810 τὴν
403 3754 678 3824 εὐγένειαν.
708 3754 793 3808 Ἓν
824 3763 976 3808 τοῦτο
1016 3752 1345 3828 διατήρησον
1383 3757 1557 3818 αὐτοῖς
1589 3761 1646 3809 τὸ
1696 3767 1874 3831 κτῆμα

277 3849 372 3903 τῆς
431 3841 735 3915 ἐλευθερίας,
789 3849 883 3902 τὴν
940 3846 1409 3918 παρακαταθήκην,
1469 3845 1530 3904 ἢν
1581 3850 1725 3916 παρά
1771 3856 1871 3901 τῶν

266 3935 452 4001 γονέων
504 3931 809 4006 παρελαϐες.
879 3930 1071 3995 Ούδεὶς
1134 3939 1308 3987 πενίαν
1372 3938 1566 4011 πατρὸς
1625 3935 1866 3995 ἐνεκλήθη

263 4025 390 4072 ποτέ
413 4041 425 4053 ο
460 4020 667 4095 ὄφλημα
708 4018 768 4075 δὲ
804 4031 1047 4098 πατρῷον
1093 4024 1161 4085 εἰς
1209 4021 1572 4097 δεσμωτήριον
1612 4025 1748 4097 οἷγει.
1779 4030 1864 4084 Μή

263 4109 551 4183 καταλίπῃς
614 4119 969 4187 γραμματεῖον
1036 4115 1211 4185 ὥσπερ
1283 4112 1409 4187 ἀράν
1475 4119 1733 4186 πατρικήν
1798 4115 1869 4176 εἰς

264 4196 470 4262 παῖδας
498 4200 920 4255 καταϐαίνουσαν
946 4208 1037 4255 καὶ
1067 4202 1325 4275 ἐκγόνους.

332 4295 385 4345 7.
429 4290 656 4356 Πλοῦτος
703 4294 829 4366 γὰρ,
869 4298 1048 4365 φησὶν,
1090 4293 1173 4346 ἐὰν
1220 4293 1333 4368 ῥέῃ,
1385 4297 1456 4366 μὴ
1511 4294 1863 4368 προσ-τίθεσθε

1913 2736 1952 2792 C

1980 1716 2157 1769 nant:
2177 1728 2363 1769 usura
2390 1726 2533 1768 vero
2558 1709 2736 1767 hodie
2766 1711 3107 1780 generatur,
3141 1712 3199 1765 et
3220 1708 3401 1765 hodie
3432 1724 3646 1782 parere

1979 1802 2207 1875 incipit.
2236 1800 2545 1875 Quidquid
2574 1800 2805 1867 crescit,
2835 1798 2940 1855 ubi
2964 1798 3044 1856 ad
3072 1799 3387 1872 propriam
3413 1800 3647 1871 magni-

1980 1892 2253 1950 tudinem
2272 1890 2628 1966 pervenerit,
2646 1888 2868 1946 desinit
2894 1889 3105 1961 augeri
3129 1908 3143 1958 ;
3164 1904 3493 1947 avarorum
3505 1905 3647 1948 vero

1982 1985 2299 2053 argentum
2311 1981 2477 2038 omni
2488 1982 2759 2052 tempore
2771 1994 2801 2035 a
2810 1978 3015 2050 ugesci
3024 1982 3059 2035 t.
3086 1978 3388 2037 Animalia
3401 1979 3504 2036 ubi
3520 1995 3646 2038 suae

1984 2071 2182 2129 soboli
2230 2072 2355 2129 vim
2392 2069 2846 2144 impertiverunt
2883 2068 3188 2141 pariendi,
3250 2068 3649 2143 supersedent

1981 2161 2393 2235 praegnatione
2410 2177 2423 2217 :
2449 2164 2510 2217 at
2526 2160 2933 2216 feneratorum
2945 2158 3219 2230 pecunias
3237 2158 3649 2215 etadnascen-

1982 2254 2072 2308 tes
2102 2250 2366 2323 pariunt,
2416 2252 2473 2305 et
2496 2253 2724 2306 veteres
2770 2250 3166 2304 renovantur.
3191 2250 3270 2320 (5)
3307 2251 3375 2305 Et
3423 2247 3577 2305 sicut
3604 2248 3647 2305 ii

1982 2339 2089 2413 qui
2105 2338 2348 2396 cholera
2359 2337 2659 2403 laborant,
2673 2336 2735 2393 id
2747 2351 2988 2408 semper
2999 2336 3166 2408 quod
3183 2340 3320 2393 ante
3337 2340 3648 2410 sumptum

1982 2431 2092 2498 est,
2109 2428 2372 2500 ejiciunt,
2387 2431 2444 2484 et
2459 2426 2509 2483 si
2527 2429 2664 2483 ante
2683 2425 2984 2495 integram
3001 2425 3426 2497 purgationem
3442 2425 3648 2483 cibum

1982 2518 2237 2578 alterum
2266 2517 2532 2590 capiunt,
2559 2517 2724 2573 hunc
2749 2531 2959 2571 rursus
2994 2529 3134 2571 cum
3168 2515 3396 2582 dolore,
3420 2518 3480 2572 et
3505 2530 3646 2572 cum

1979 2623 2304 2665 nervorum
2320 2605 2712 2663 convulsione
2741 2606 3031 2661 evomunt
3052 2620 3066 2659 :
3097 2604 3183 2661 sic
3203 2606 3310 2676 qui
3329 2603 3535 2662 fenore
3553 2620 3650 2661 ac-

1981 2696 2230 2770 cipiunt,
2262 2695 2463 2751 usuris
2491 2709 2821 2749 usurarum
2854 2707 2986 2747 sese
3019 2696 3369 2759 onerantes,
3398 2696 3457 2749 et
3481 2697 3650 2750 ante-

1978 2801 2164 2858 quam
2189 2784 2419 2857 priores
2430 2797 2628 2838 usurae
2646 2785 2998 2854 purgentur,
3018 2780 3266 2837 alteram
3284 2780 3633 2853 adjicientes

1977 2889 2310 2948 parumper
2337 2872 2400 2928 in
2431 2870 2642 2928 alienis
2665 2869 2920 2941 gloriati,
2944 2872 3073 2927 tum
3093 2869 3342 2926 demum
3362 2869 3447 2926 rei
3467 2871 3648 2928 etiam

1980 2962 2293 3021 familiaris
2341 2962 2643 3033 jacturam
2697 2960 2927 3028 lugent.
2980 2958 3182 3031 Atqui,
3210 2959 3436 3032 inquis,
3475 2960 3650 3017 multi

1981 3053 2163 3110 etiam
2185 3052 2392 3109 fenore
2422 3049 2561 3106 facti
2589 3052 2730 3106 sunt
2757 3048 2993 3105 divites.
3020 3052 3093 3103 At
3122 3064 3265 3104 vero
3295 3048 3520 3120 plures,
3554 3065 3647 3106 ar-

1980 3142 2188 3213 bitror,
2219 3141 2299 3199 ad
2325 3140 2578 3213 laqueos
2606 3140 3032 3212 pervenerunt.
3069 3139 3154 3193 Tu
3178 3153 3318 3193 vero
3368 3141 3646 3209 strangu-

1981 3230 2135 3288 latos
2152 3246 2276 3286 non
2298 3244 2610 3295 numeras,
2633 3226 3237 3300 quivadimoniorum
3256 3226 3520 3283 dedecus
3537 3228 3646 3283 mi-

1981 3319 2146 3376 nime
2176 3318 2455 3384 ferentes,
2485 3316 2598 3373 sibi
2628 3322 2883 3373 mortem
2898 3315 3487 3388 malueruntlaqueo
3506 3332 3647 3372 con-

1983 3409 2256 3477 sciscere,
2290 3424 2481 3482 quam
2512 3406 2806 3481 probrose
2853 3407 3068 3463 vivere.
3102 3406 3229 3462 Vidi
3260 3421 3373 3477 ego
3403 3406 3646 3464 misera-

1980 3498 2101 3556 bile
2152 3497 2586 3572 spectaculum,
2659 3497 2956 3568 ingenuos
3001 3511 3245 3568 pueros,
3314 3495 3394 3552 ob
3449 3497 3639 3569 patris

1981 3586 2205 3656 debita,
2229 3587 2469 3644 venales
2487 3586 2549 3642 in
2568 3585 2766 3643 forum
2779 3584 3064 3658 pertrahi.
3088 3588 3219 3641 Non
3247 3584 3438 3641 habes
3462 3600 3641 3657 pecu-

1980 3677 2146 3734 niam
2189 3693 2376 3750 quam
2404 3675 2713 3748 relinquas
2761 3674 2897 3731 ﬁliis
2924 3675 2951 3731 ?
2994 3676 3149 3732 Cave
3207 3675 3641 3744 ingenuitatem

1979 3766 2065 3822 eis
2093 3765 2359 3823 auferas.
2403 3767 2593 3820 Unam
2630 3764 2790 3819 hanc
2841 3762 2986 3834 ipsis
3016 3778 3309 3819 conserva
3351 3762 3642 3818 libertatis

1977 3852 2444 3927 possessionem,
2471 3850 2813 3923 depositum
2842 3850 3009 3917 illud,
3035 3851 3203 3922 quod
3223 3866 3259 3906 a
3288 3849 3641 3922 parentibus

1977 3942 2282 4016 accepisti.
2314 3941 2547 3999 Nemini
2592 3956 2866 4012 unquam
2908 3940 3095 4012 patris
3120 3944 3448 4012 paupertas
3496 3939 3639 3996 data

1975 4036 2064 4089 est
2084 4031 2318 4088 crimini
2342 4048 2355 4086 :
2387 4035 2449 4086 at
2464 4033 2784 4103 paternum
2815 4027 3089 4084 debitum
3110 4029 3169 4084 in
3189 4044 3493 4085 carcerem
3516 4028 3631 4084 du-

1975 4121 2074 4177 cit.
2105 4124 2185 4178 Ne
2204 4119 2514 4192 relinquas
2540 4117 2957 4190 syngrapham
2988 4134 3098 4175 ceu
3126 4124 3449 4191 paternam
3462 4134 3631 4176 exse-

1974 4210 2305 4267 crationem
2332 4209 2394 4265 in
2429 4208 2686 4264 ﬁliosac
2723 4212 2977 4279 nepotes
3012 4207 3513 4264 descendentem.

2043 4305 2096 4355 7.
2139 4299 2217 4371 (6)
2247 4299 2486 4355 Divitiae
2511 4297 2922 4369 enim,inquit,
2955 4298 3309 4367 sia/ﬂuant,
3329 4298 3515 4353 nolite
3537 4312 3636 4353 cor

264 4375 509 4450 καρδίαν.
571 4384 858 4454 Θαύμασον
920 4387 1014 4441 τὴν
1077 4388 1267 4455 φωνήν.
1334 4383 1596 4453 Πλοῦτος,
1663 4388 1865 4456 φησὶν,

1982 4403 2276 4459 apponere
2293 4390 2362 4444 ⁵6.
2396 4387 2563 4442 Hanc
2579 4401 2793 4442 vocem
2809 4387 3129 4442 admirare.
3145 4386 3404 4456 Divitiae,
3421 4383 3636 4458 inquit,

234 4466 357 4517 ’ἐὰν
406 4468 523 4539 ῥέῃ,
582 4468 795 4528 Ῥευστὴ
856 4472 885 4528 ἡ
947 4473 1102 4542 φύσις
1148 4478 1239 4523 τοῦ
1286 4471 1531 4541 πλούτου,
1575 4472 1867 4547 χειμάρρου

264 4553 504 4629 ὀξύτερον
570 4560 691 4618 τοὺς
776 4560 989 4627 ἔχοντας
1050 4564 1409 4633 παρατρέχει·
1476 4559 1654 4612 ἄλλοτε
1718 4560 1868 4613 ἄλλον

261 4650 454 4717 πέφυκε
533 4647 972 4720 παραμείϐεσθαι.
1057 4654 1155 4702 Καὶ
1230 4652 1403 4723 ὥσπερ
1481 4655 1716 4723 ποταμὸς
1781 4650 1867 4723 ἀφ’

260 4734 465 4805 ὑψηλοῦ
516 4740 807 4812 φερόμενος,
868 4737 1061 4809 ἐγγίζει
1113 4742 1202 4811 μὲν
1258 4746 1363 4799 τοῖς
1426 4748 1731 4813 παρεστῶσι
1796 4748 1857 4812 τῇ

260 4826 425 4897 ὀχθη,
461 4826 592 4898 ὁμοῦ
639 4823 698 4879 δὲ
749 4825 924 4899 ἥψατο
967 4831 1056 4881 καὶ
1100 4828 1249 4891 εὐθὺς
1283 4829 1628 4905 ὑπεχώρησεν
1656 4844 1671 4859 '
1727 4830 1863 4884 οὕτω

258 4919 346 4967 καὶ
401 4917 430 4973 ἡ
492 4923 584 4967 τοῦ
636 4914 862 4969 πλούτου
915 4916 1125 4970 εὐκολία
1173 4918 1426 4981 ὀξυτάτην
1475 4921 1587 4991 ἔχει
1634 4923 1723 4972 καὶ
1762 4919 1860 4973 ὀλι-

259 5006 462 5079 σθηρὰν
519 5010 614 5063 τὴν
661 5011 979 5080 παρουσίαν,
1036 5012 1124 5060 καὶ
1189 5007 1374 5072 ἄλλους
1431 5008 1483 5072 ἐξ
1534 5008 1697 5062 οῦλων
1763 5030 1861 5063 πα-

323 5185 372 5221 θθ
411 5184 565 5242 Psal.
592 5200 700 5255 LXI,
734 5183 825 5241 il.

317 5364 522 5435 (1)Διὰ
574 5361 1060 5435 τήν-πολυγονίαι
1122 5364 1215 5421 Sic
1267 5380 1419 5424 mss.
1469 5368 1524 5423 et
1545 5368 1861 5424 contextus

249 5432 468 5508 Baisi'lii.
511 5435 659 5508 Edlti
685 5432 720 5488 δ
725 5438 777 5488 ιά
802 5432 1278 5508 τινάπολυγονίαν.
1405 5507 1417 5508 7
1756 5484 1759 5489 τ

322 5505 398 5572 (-2)
430 5512 545 5567 Τοῖς
598 5507 846 5580 ἐκγόνοις.
911 5507 1004 5563 Sic
1033 5505 1316 5564 cedicum
1364 5507 1515 5566 alter
1564 5511 1622 5566 et
1659 5508 1857 5568 Basilii

249 5582 579 5652 conteatus.
609 5577 758 5635 Editi
784 5577 1028 5652 ἐγγόνοις.

321 5648 399 5714 (3)
426 5646 1067 5724 ’EEazpoavra;.'Legitur
1092 5650 1157 5710 in
1186 5653 1471 5712 contextu
1496 5651 1779 5727 ἐξερῶντες.

1973 4478 2026 4533 si
2051 4479 2341 4548 afﬂuant.
2382 4475 2563 4532 Fluxa
2592 4479 2681 4532 est
2710 4474 3058 4532 divitiarum
3087 4478 3326 4541 natura,
3377 4478 3636 4530 torrente

1975 4566 2147 4623 citius
2178 4564 2614 4638 praeterlabitur
2632 4579 3043 4637 possessores,
3070 4562 3243 4636 497
3281 4563 3430 4619 alios
3468 4562 3637 4620 aliter

1975 4655 2392 4712 solet'mutare.
2414 4654 2944 4721 Quemadmodum
2959 4653 3180 4710 ﬂuvius
3199 4652 3277 4708 ab
3288 4651 3407 4708 alto
3422 4650 3636 4708 labens

1973 4744 2044 4801 iis
2073 4743 2320 4817 quidem
2350 4742 2456 4816 qui
2484 4742 2564 4799 ad
2584 4743 2783 4815 ripam
2811 4745 3011 4798 astant
3030 4740 3500 4813 appropinquat,
3528 4739 3636 4797 sed

1975 4833 2156 4890 simul
2182 4836 2247 4889 ut
2274 4832 2544 4902 contigit,
2564 4831 2765 4887 statim
2797 4830 3055 4887 secedit:
3089 4831 3172 4887 ita
3191 4829 3371 4886 etiam
3397 4828 3635 4887 divitia-

1971 4937 2107 4979 rum
2132 4920 2493 4978 instabilitas
2531 4919 2980 4976 velocissimam
3017 4918 3437 4989 lubricamque
3481 4934 3634 4991 prte-

1972 5011 2229 5068 sentiam
2273 5009 2478 5078 habet,
2512 5008 2663 5067 alios
2708 5023 2779 5065 ex
2826 5008 2959 5066 aliis
3015 5012 3362 5082 permutare
3398 5006 3635 5066 solitam

2044 5367 2121 5439 (4)
2154 5365 2559 5439 Ἀπαντήσεσιν.
2613 5367 2812 5439 Longe
2875 5364 3251 5439 praeferenda
3305 5364 3435 5420 hmc
3490 5365 3630 5422 scri-

1968 5437 2147 5511 ptura
2191 5438 2244 5492 ei
2271 5454 2405 5511 quae
2433 5437 2645 5508 legitur
2671 5437 2734 5495 in
2759 5437 3042 5496 contextu
3079 5437 3450 5505 ἀπαιτήσεσιν,
3479 5451 3628 5494 θαι-α-

1970 5510 2229 5568 ἶ’ίίοηιιγη
2251 5510 2523 5566 dedecus.

2036 5584 2109 5653 (ὅ)
2138 5584 2221 5637 Ex
2240 5580 2406 5638 hom.
2435 5583 2499 5637 in
2522 5581 2685 5651 psal.
2716 5596 2836 5649 xrv,
2866 5582 2990 5637 112.

2036 5654 2111 5724 (6)
2141 5655 2221 5710 Ex
2250 5653 2416 5711 hom.
2448 5653 2513 5710 in
2535 5654 2696 5724 psal.
2718 5668 2834 5723 LXI,
2872 5655 2989 5711 198.
