4084 6406
451 368 587 423 “‘79
1440 364 1808 421 APPENDIX.
1841 391 1908 401 —
1941 356 2281 415 SYMEONIS
2319 359 2852 417 METAPHRAST/E
3676 371 3824 424 “80

445 489 631 545 Hodie
659 488 842 560 hujus
863 489 954 544 est
980 502 1142 559 ager,
1192 502 1323 545 cras
1353 488 1612 555 alterius,
1658 491 1714 544 et
1757 485 1940 560 paulo
1967 485 2104 557 post

2230 481 2553 553 ιαμείϐεσθαι
2622 493 2928 558 πεφυκυῖαν.
3005 494 3228 560 Σήμερον
3295 486 3449 542 τοῦδε
3514 492 3540 541 ό
3613 494 3823 564 αγρὸς,

448 577 624 635 alius.
645 576 893 650 Respice
918 576 998 633 ad
1018 576 1270 633 civitatis
1285 578 1498 633 domos
1521 581 1696 650 ;quot
1703 578 1833 647 jam
1852 572 2104 630 nomina

449 682 522 724 ex
551 683 674 739 quo
697 669 1009 722 exstructas
1027 668 1517 738 sunt,'acceperc,
1543 666 1710 721 aliter
1725 665 1803 721 ab
1825 663 1943 720 alio
1965 677 2104 735 pos-

449 771 681 812 sessore
703 754 1035 827 appellatae.
1071 754 1404 820 Quinetiam
1423 771 1638 811 aurum
1657 769 1894 825 semper
1923 768 1954 806 e
1980 765 2105 805 ma-

448 844 632 901 nibus
662 845 793 916 ejus
821 860 1004 917 quem
1028 859 1213 916 penes
1251 847 1357 916 est,
1401 843 1669 913 elabens,
1730 841 1809 899 ad
1851 841 2106 897 alterum

451 933 683 1004 transit,
715 937 770 989 et
801 932 879 988 ab
903 931 1004 989 illo
1026 932 1104 988 ad
1134 932 1344 989 alium.
1379 933 1889 1005 Comprehensam
1919 943 2109 986 manu

450 1040 676 1098 aquam
697 1023 928 1080 facilius
956 1024 1156 1096 possis
1180 1024 1503 1093 continere,
1522 1040 1709 1097 quam
1735 1021 1974 1079 divitias
2002 1020 2108 1077 tibi

451 1117 794 1170 constanter
822 1128 1080 1170 servare.
1114 1115 1195 1170 Ne
1223 1113 1404 1184 igitur
1419 1113 1691 1169 invideas
1708 1128 1738 1168 e
1755 1110 1932 1168 valde
1949 1110 2113 1167 locu-

451 1201 712 1275 pletibus
742 1201 1028 1275 cuipiam,
1065 1218 1264 1276 neque
1305 1204 1435 1274 ejus
1475 1203 1661 1259 vitam
1707 1202 1953 1257 beatam
1983 1213 2112 1255 esse

451 1291 725 1347 duxeris:
753 1296 811 1346 et
838 1291 886 1346 si
924 1291 1195 1364 undique
1217 1308 1288 1348 ac
1319 1309 1392 1347 ex
1418 1292 1589 1348 uberi
1626 1290 1885 1347 fontium
1917 1292 2112 1344 scatu-

450 1378 640 1449 rigine
689 1379 1115 1436 circumﬂuant
1163 1381 1461 1456 pecunias,
1496 1395 1569 1435 ne
1607 1380 1768 1436 hanc
1798 1393 1998 1433 rerum
2021 1393 2114 1432 co-

451 1468 620 1542 piam
660 1469 1041 1542 amplexeris.
1089 1472 1172 1540 (1)
1223 1474 1352 1526 Non
1401 1485 1638 1543 semper
1679 1467 2002 1525 laudabilis
2025 1471 2117 1522 est

451 1563 802 1631 paupertas,
820 1559 926 1614 sed
938 1575 1069 1632 quae
1083 1560 1418 1616 secundum
1439 1559 1859 1630 evangelicum
1875 1555 2117 1614 concili-

452 1662 563 1702 um
576 1661 650 1702 ex
672 1645 862 1702 libera
890 1647 1203 1703 voluntate
1231 1648 1558 1720 perﬁcitur.
1575 1647 1733 1714 Multi
1763 1645 1947 1715 enim,
1978 1660 2118 1700 cum

454 1750 756 1808 pauperes
789 1736 926 1804 sint,
955 1736 1006 1792 si
1034 1736 1347 1793 facultates
1369 1742 1621 1811 spectes,
1645 1735 1956 1809 proposito
1980 1749 2120 1790 ava-

2211 575 2301 622 καὶ
2345 575 2523 647 αὔριον
2571 575 2747 642 ἄλλου,
2795 583 2884 628 καὶ
2932 576 3042 650 μετ’
3099 578 3263 649 ὀλίγον
3317 579 3497 634 ἄλλον.
3560 580 3822 634 Ἀπόϐλε-

2213 659 2310 730 ψον
2353 666 2476 734 πρὸς
2524 667 2615 726 τὰς
2664 665 2710 717 ἐν
2864 667 3008 719 πόλει
3057 668 3241 732 οἰκίας,
3274 675 3415 720 πόσα
3461 666 3570 727 ἤδη
3624 668 3712 742 ἀφ’
3759 671 3824 722 οὗ

2213 754 2486 820 γεγόνασιν
2543 753 2772 826 ὀνόματα
2826 755 3212 830 μετειλήφασιν,
3273 757 3452 810 ἀλλοτε
3507 758 3597 811 ἀπ’
3657 759 3820 812 οἰλλου

2213 846 2311 890 τῶν
2368 847 2690 914 κεκτημένων
2745 844 3139 918 ὀνομαζόμεναι.
3190 851 3289 899 Καὶ
3338 849 3538 919 χρυσός
3593 846 3673 900 ἀεὶ
3723 851 3820 911 τὰς

2215 934 2308 979 τοῦ
2363 930 2577 1001 ἔχοντος
2623 939 2809 1006 χεῖρας
2864 931 3138 1010 διαρρέων,
3189 936 3262 1007 ἐφ’
3313 936 3483 1009 ἕτερον
3530 933 3816 1005 διαϐαίνει,

2216 1021 2306 1069 καὶ
2356 1017 2446 1070 ἀπ’
2491 1018 2684 1074 ἐκείνου
2731 1026 2860 1096 πρός
2911 1024 3081 1080 ἄλλον.
3132 1025 3334 1078 Μᾶλλον
3395 1021 3624 1079 δύνασαι
3672 1023 3819 1100 ὕδωρ

2218 1116 2281 1181 τῇ
2332 1113 2478 1182 χειρὶ
2532 1109 2820 1183 περιλαϐὼν
2879 1121 3190 1185 κατασχεῖν,
3235 1115 3264 1172 ἣ
3315 1113 3536 1166 πλοῦτον
3598 1111 3822 1190 διαρκῶς

2224 1205 2426 1269 σεαυτῷ
2477 1207 2825 1274 συντηρῆσαι.
2871 1206 2958 1260 Μὴ
3005 1207 3176 1255 τοίνυν
3229 1203 3472 1276 ζηλώσῃς
3513 1211 3614 1256 τῶν
3657 1205 3812 1277 ὑπερ-

2222 1285 2579 1339 πλουτούντων
2625 1291 2764 1357 τινὰ,
2795 1288 2934 1363 μηδὲ
2967 1297 3273 1370 μακαρίσῃς
3312 1292 3474 1344 αὑτοῦ
3513 1296 3608 1349 τὴν
3635 1293 3766 1352 ζωήν
3795 1311 3809 1323 ο

2223 1375 2318 1428 κᾶν
2358 1375 2681 1449 πολλαχόθεν
2742 1398 2827 1431 σοι
2882 1385 2970 1432 καὶ
3021 1379 3074 1443 ἐξ
3127 1371 3358 1452 ἀφθόνων
3405 1388 3587 1452 πηγῶν
3641 1380 3822 1452 περιρ-

2224 1467 2312 1540 ῥέη
2360 1470 2426 1518 τὰ
2455 1472 2730 1540 χρήματα,
2769 1474 2841 1541 μὴ
2873 1466 3138 1544 προσδέξη
3169 1471 3334 1522 αὐτῶν
3374 1474 3468 1527 τὴν
3498 1474 3830 1544 περιουσίαν.

2227 1555 2339 1606 Οὐκ
2388 1554 2465 1608 ἀεὶ
2515 1551 2574 1609 δὲ
2619 1555 2856 1617 ἐπαινετὴ
2911 1561 2940 1616 ἡ
2993 1564 3254 1632 πτωχεία,
3297 1556 3404 1610 ἀλλ’
3456 1561 3485 1618 ὴ
3537 1557 3594 1610 ἐκ
3645 1577 3838 1632 προαι-

2226 1650 2412 1720 ρέσεως
2464 1648 2599 1698 κατὰ
2645 1650 2732 1698 τόν
2784 1648 3114 1720 εὐαγγελικόν
3166 1652 3358 1702 σκοπὸν
3413 1649 3834 1724 κανορθουμένη.

2230 1732 2416 1786 Πολλοὶ
2453 1735 2554 1810 γὰρ
2602 1741 2811 1808 πτωχοὶ
2863 1740 2952 1809 μεν
3002 1746 3064 1810 τῇ
3119 1742 3412 1811 περιουσίᾳ,
3459 1737 3843 1790 πλεονεκτικώ-

453 1823 675 1880 rissimi
701 1829 867 1881 sunt:
900 1841 1057 1898 quos
1088 1841 1213 1882 non
1236 1825 1424 1882 salvat
1453 1825 1807 1896 indigentia,
1836 1824 1942 1880 sed
1978 1838 2117 1896 pro-

2230 1842 2374 1876 τατοι
2402 1819 2461 1876 δὲ
2487 1832 2547 1896 τῇ
2577 1829 2876 1900 προαιρέσει
2903 1830 3264 1900 τυγχάνουσιν
3288 1849 3302 1861 ο
3335 1827 3422 1889 οὓς
3453 1827 3558 1897 οὐχ
3589 1829 3618 1884 ἠ
3653 1822 3844 1878 ἔνδεια

454 1912 721 1985 positum
768 1913 1150 1971 condemnat.
1202 1916 1280 1986 (2)
1308 1915 1532 1972 Divitiae
1562 1919 1764 1971 autem
1811 1917 1868 1970 et
1906 1912 2117 1983 gloria,

455 2005 756 2074 quatenus
785 2002 982 2059 bonos
995 2019 1118 2059 non
1134 2001 1395 2060 reddunt
1413 2019 1813 2076 possessores,
1844 2017 1971 2058 non
1983 2003 2122 2056 sunt

457 2105 531 2145 ex
551 2105 762 2147 eorum
792 2107 1069 2159 numero,
1101 2107 1235 2163 quas
1267 2096 1487 2148 natura
1519 2096 1661 2148 sunt
1682 2091 1878 2148 bona:
1912 2093 2122 2162 quate.

455 2193 574 2236 nus
601 2194 744 2236 vero
789 2181 1250 2254 prosperitatem
1302 2180 1635 2252 quamdam
1655 2181 1719 2236 in
1769 2179 1888 2236 vita
1916 2181 2123 2235 nostra

458 2267 749 2336 efﬁciunt,
772 2270 967 2340 magis
988 2269 1304 2326 contrariis
1323 2269 1605 2340 eligenda
1617 2272 1754 2324 sunt
1765 2270 2122 2341 paupertate

456 2362 514 2414 et
532 2357 886 2428 ignominia.
909 2360 1244 2432 Atquehaac
1273 2360 1520 2432 quidem
1546 2357 1852 2415 nonnullis
1875 2357 1954 2414 ad
2000 2355 2122 2411 dis-

459 2445 850 2502 tribuendum
887 2447 1110 2504 dantur
1139 2464 1176 2505 a
1206 2451 1324 2504 Deo
1354 2447 1515 2504 velut
1553 2447 1882 2513 Abraham,
1912 2443 2123 2510 Jacob,

461 2538 518 2590 et
549 2533 869 2590 similibus.
899 2537 1196 2608 [mprobis
1227 2553 1368 2594 vero
1393 2536 1744 2609 provocatio
1772 2540 1933 2602 sunt,
1965 2539 2032 2589 ut
2060 2547 2122 2588 se

459 2622 541 2679 ad
563 2623 873 2680 meliorem
895 2625 1132 2696 frugem
1163 2627 1474 2698 recipiant,
1492 2627 1574 2682 ita
1594 2631 1659 2680 ut
1687 2625 1792 2697 qui
1820 2628 1958 2697 post
1984 2627 2121 2679 tan-

458 2716 585 2767 tam
633 2727 670 2768 a
699 2716 819 2768 Deo
840 2713 1224 2786 benignitatis
1253 2714 1750 2784 signiﬁcationem
1776 2716 2121 2786 perseverat

459 2798 519 2854 in
549 2800 882 2874 iniquitate,
917 2819 981 2858 se
1037 2803 1166 2875 ipse
1197 2804 1326 2859 sine
1348 2803 1472 2860 ulla
1509 2802 1914 2859 excusationis
1942 2801 2120 2858 venia

458 2889 794 2946 obnoxium
825 2892 1317 2949 condemnationi
1347 2893 1690 2950 constituat.
1727 2891 1838 2958 Qui
1868 2890 2117 2963 quidem

458 2979 659 3048 justus
687 2983 794 3048 est,
813 2996 1011 3053 neque
1044 2981 1121 3038 ad
1136 2981 1393 3047 divitias,
1417 2997 1557 3038 cum
1579 2981 1819 3047 adsunt,
1843 2979 2118 3050 adjungit

2233 1917 2411 1981 σώζει,
2440 1912 2546 1966 ἀλλ’
2594 1917 2623 1972 ἡ
2673 1922 2976 1989 προαίρεσις
3023 1923 3342 1994 κατακρίνει.
3374 1917 3595 1979 Πλοῦτοδ
3632 1913 3693 1968 δὲ
3738 1919 3843 1967 καὶ

2231 1997 2383 2070 δόξα,
2416 2003 2545 2055 καθὸ
2592 2006 2683 2076 μὲν
2733 2003 2792 2056 ού
2835 2012 2972 2058 ποιεῖ
3017 2009 3138 2068 τοὺς
3181 2008 3402 2078 ἔχοντας
3454 2004 3706 2077 ἀγαθοὺς,
3735 2003 3840 2055 οὐκ

2230 2092 2344 2142 ἔστι
2385 2101 2482 2143 τῶν
2519 2095 2656 2144 κατὰ
2703 2095 2856 2166 φύσιν
2909 2093 3117 2167 ἀγαθῶν
3142 2111 3155 2124 ·
3188 2083 3318 2147 καθὸ
3364 2091 3423 2147 δὲ
3462 2095 3665 2168 εὔροιαν
3709 2112 3839 2144 τινα

2229 2184 2520 2252 παρέχεται
2568 2183 2712 2254 ἡμῶν
2744 2190 2815 2254 τῷ
2861 2183 2984 2256 βίῳ,
3014 2185 3321 2258 αἱρετώτερα
3366 2182 3477 2235 ἐστι
3529 2191 3628 2234 τῶν
3676 2181 3834 2234 ἐναν-

2229 2272 2370 2339 τίων,
2403 2277 2575 2332 πενίας
2618 2275 2707 2324 καὶ
2747 2269 2983 2346 ἀτιμίας.
3008 2271 3187 2327 Ταῦτα
3215 2277 3388 2348 μέντοι
3417 2279 3528 2333 τοῖς
3571 2273 3660 2342 μὲν
3690 2270 3838 2322 οἰκο-

2231 2363 2410 2429 νομίας
2438 2360 2599 2412 ἕνεκεν
2631 2356 2846 2414 δίδοται
2883 2366 3027 2436 παρὰ
3054 2369 3146 2415 τοῦ
3177 2368 3332 2429 Θεοῦ,
3362 2363 3430 2422 ὡς
3458 2367 3532 2431 τῷ
3564 2357 3833 2434 Ἀϐραὰμ,

2231 2451 2322 2499 καὶ
2345 2456 2417 2519 τῷ
2445 2447 2650 2518 Ἰακὼϐ,
2682 2457 2771 2503 καὶ
2799 2459 2909 2514 τοῖς
2933 2455 3206 2514 τοιούτοις.
3245 2458 3368 2512 Τοῖς
3397 2447 3456 2502 δε
3497 2447 3835 2524 φαυλοτέοοις

2229 2536 2520 2608 πρόκλησίς
2559 2537 2670 2590 ἐστι
2715 2547 2808 2591 τοῦ
2840 2539 3185 2612 βελτιωθῆναι
3227 2543 3364 2592 κατὰ
3392 2542 3479 2591 τόν
3513 2541 3713 2611 τρόπον,
3747 2539 3821 2596 ὡς

2230 2626 2257 2677 ὅ
2291 2646 2352 2698 ιγε
2397 2629 2528 2699 μετὰ
2575 2632 2833 2686 τοσαύτην
2881 2628 2936 2681 ἐκ
2981 2637 3114 2683 Θεοῦ
3163 2626 3406 2691 δεξίωσιν
3459 2627 3696 2699 ἐπιμένων
3749 2632 3819 2695 τῇ

2230 2711 2436 2788 ἀδικίᾳ,
2487 2715 2867 2792 ἆναντιρῥὴτως
2899 2719 3079 2770 ἑαυτὸν
3109 2714 3362 2771 ὑπόδικον
3514 2718 3827 2787 κατακρίσει

2229 2807 2566 2863 καθίστησιν.
2619 2807 2676 2858 Ὀ
2725 2812 2896 2880 μέντοι
2956 2805 3181 2872 δικαιος,
3223 2810 3340 2859 οὔτε
3396 2810 3649 2878 παρόντος
3706 2801 3828 2854 ἐπι-

2228 2898 2500 2968 στρέφεται
2542 2903 2633 2947 τοῦ
2674 2895 2926 2968 πλούτου,
2965 2900 3081 2949 οὔτε
3123 2901 3195 2968 μὴ
3244 2898 3496 2968 παρόντος
3539 2893 3780 2952 ἐπιζητεῖ
3810 2913 3824 2923 ο

2224 2982 2284 3035 οὐ
2326 2986 2427 3057 ’γὰρ
2468 2982 2848 3045 ἀπολαυστικός
2887 2986 3002 3038 ἐστι
3049 2993 3148 3037 τῶν
3188 2981 3501 3057 δεδομένων,
3530 2981 3637 3034 ἀλλ’
3685 2980 3822 3033 οἰκο-

461 3069 767 3134 animum;
790 3084 988 3141 neque
1015 3085 1139 3136 eas,
1173 3086 1311 3126 cum
1334 3070 1576 3138 absunt,
1609 3067 1868 3141 exquirit
1895 3085 1908 3136 ;
1935 3066 2112 3140 siqui-

2230 3077 2470 3144 νομικός·
2519 3071 2695 3136 οὐδεὶς
2738 3071 2800 3127 δὲ
2842 3082 2939 3127 τῶν
2979 3071 3032 3127 εὖ
3078 3076 3395 3147 φρονούντων
3443 3071 3710 3144 ἐπιτρέχει
3756 3077 3823 3142 τῇ

461 3154 600 3211 dem
631 3171 752 3213 non
786 3156 1000 3214 fruitur
1019 3159 1395 3223 concreditis,
1441 3159 1546 3215 sed
1586 3173 1796 3214 earum
1825 3156 2113 3212 adminis-

460 3245 649 3299 trator
676 3248 781 3300 est.
819 3249 1006 3302 Nemo
1038 3251 1241 3303 autem
1271 3247 1540 3320 prudens
1569 3245 1878 3317 negotium
1928 3235 2119 3299 ambit

461 3331 525 3386 in
554 3331 764 3389 alienis
817 3334 1000 3390 rebus
1051 3335 1501 3403 distribuendis,
1532 3335 1645 3391 nisi
1690 3333 2022 3404 respexerit
2039 3331 2118 3388 ad

461 3419 708 3476 laudem
763 3422 950 3494 vulgi,
981 3424 1078 3479 cui
1122 3423 1402 3480 homines
1429 3424 1490 3480 in
1524 3423 1729 3495 aliqua
1769 3422 2118 3478 auctoritate

463 3508 772 3564 constituti
793 3509 1181 3568 admirationi
1201 3516 1339 3568 sunt
1353 3527 1423 3568 ac
1441 3509 1828 3568 aemulationi.
1848 3511 1925 3581 (3)
1946 3509 2118 3577 Quod

465 3595 513 3650 si
542 3595 604 3651 in
635 3597 1024 3669 despicienda
1081 3615 1332 3672 corpore
1363 3600 1664 3656 exercitati
1694 3614 1987 3666 essemus,
2018 3598 2118 3653 vix

464 3683 629 3741 aliud
649 3687 986 3760 quidquam
1000 3689 1410 3747 humanarum
1429 3705 1633 3747 rerum
1653 3688 2114 3746 admiraremur.

465 3774 620 3840 Quid
645 3776 806 3832 enim
831 3777 958 3848 jam
986 3779 1183 3847 nobis,
1221 3780 1269 3835 si
1299 3780 1567 3852 corporis
1587 3779 1923 3849 voluptates
1959 3776 2119 3832 fasti-

463 3863 728 3932 diamus,
751 3880 907 3938 opus
939 3867 1014 3923 sit
1038 3867 1282 3939 divitiis,
1310 3869 1587 3941 equidem
1613 3883 1736 3923 non
1756 3866 1930 3922 video
1959 3884 1972 3934 ;
2001 3865 2120 3922 nisi

460 3953 802 4024 jucundum
834 3956 907 4012 sit
936 3960 995 4012 et
1036 3963 1275 4027 gratum
1304 3957 1598 4014 thesauris
1651 3956 1905 4014 defossis
1950 3970 2120 4012 more

465 4039 884 4099 fabulosorum
914 4045 1251 4102 draconum
1275 4047 1609 4117 invigilare.

537 4133 596 4184 8.
627 4130 702 4197 (4)
731 4131 797 4187 Id
826 4132 1027 4204 itaque
1039 4136 1416 4207 praecipuum
1446 4141 1554 4203 est,
1577 4140 1636 4192 et
1664 4135 1836 4205 cujus
1855 4134 2120 4190 maxime

467 4232 677 4273 curam
699 4234 902 4288 gerere
931 4222 1305 4279 Christianus
1327 4223 1525 4292 debet,
1560 4227 1623 4280 ut
1651 4223 1887 4279 vitiosis
1933 4221 2119 4278 affec-

466 4305 626 4361 tibus
657 4307 762 4379 qui
788 4309 937 4364 va‘rii
995 4315 1134 4367 sunt
1162 4327 1233 4367 ac
1269 4311 1510 4377 diversi,
1538 4311 1930 4380 animamque
1961 4306 2107 4364 coin-

2226 3159 2458 3233 ἀσχολία
2511 3169 2608 3225 τῆς
2652 3171 2754 3225 τῶς
2805 3162 3081 3238 ἀλλοτρίων
3133 3161 3404 3236 διανομῆς,
3438 3161 3523 3214 ἐὰν
3575 3165 3648 3233 μὴ
3697 3161 3831 3232 πρὸς

2225 3255 2319 3309 τὴν
2348 3259 2447 3303 τῶν
2499 3253 2694 3310 πολλῶν
2745 3253 3007 3327 ἀποϐλέπῃ
3050 3251 3228 3321 δόξαν,
3260 3253 3309 3306 οἳ
3359 3252 3696 3325 θαυμάζουσι
3737 3254 3832 3301 καὶ

2227 3340 2450 3408 ζηλοῦσι
2476 3345 2598 3405 τοὺς
2647 3341 2696 3394 ἐν
2735 3341 2951 3416 ἐξουσίᾳ
2991 3348 3095 3396 τινὶ
3132 3347 3488 3405 καθεστῶτας,
3523 3341 3584 3394 Εἰ
3624 3335 3683 3392 δὲ
3734 3346 3831 3390 τοῦ

2228 3437 2471 3503 σώματος
2499 3431 2754 3507 ὕπερορᾷν
2793 3421 3188 3506 μελετήσαιμεν,
3224 3431 3393 3506 σχολῇ
3425 3431 3476 3503 γ’
3508 3429 3568 3482 ἂν
3611 3427 3735 3480 ἄλλο
3773 3446 3827 3478 τι

2225 3527 2322 3572 τῶν
2370 3518 2701 3593 ἀνθρωπίνων
2763 3523 3144 3594 θαυμάσωμεν.
3193 3525 3258 3574 Τί
3307 3523 3405 3595 γὰρ
3461 3521 3542 3572 ὄτι
3597 3523 3831 3592 χρησώ-

2226 3609 2359 3686 μεθα
2389 3609 2469 3678 (5)
2517 3617 2587 3680 τῷ
2633 3609 2859 3680 πλούτῳ,
2907 3612 2996 3670 τὰς
3049 3606 3144 3661 διὰ
3197 3616 3289 3660 τοῦ
3341 3614 3579 3679 σώματος
3626 3603 3831 3666 ἡδονὰς

2225 3697 2586 3770 ἀτιμάζοντες,
2638 3696 2737 3769 ἐγὼ
2786 3701 2874 3769 μὲν
2925 3697 3030 3769 οὐχ
3077 3699 3218 3770 ὀρῶι
3262 3696 3394 3757 πλὴν
3443 3697 3486 3748 εἰ
3533 3699 3631 3768 μὴ,
3687 3697 3829 3746 κατὰ

2224 3789 2348 3847 τοὺς
2395 3786 2442 3837 ἐν
2496 3793 2599 3846 τοίς
2650 3789 2831 3858 μύθοις
2889 3783 3197 3859 δράκοντας,
3255 3783 3450 3844 ἡδονήν
3505 3805 3622 3837 τινα
3682 3789 3827 3856 φέρει

2229 3875 2517 3950 θησαυροῖς
2545 3879 3021 3952 κατορωρυγμένας
3052 3874 3413 3948 ἐπαγρυπνεῖν.

2299 4146 2354 4199 8.
2411 4145 2481 4196 Τὸ
2534 4147 2623 4215 μὲν
2675 4143 2764 4196 οὖν
2814 4147 3202 4216 προηγούμενον
3258 4142 3419 4210 ἐστιν,
3476 4143 3536 4195 οὗ
3591 4141 3832 4214 μάλιστα

2226 4235 2484 4306 προσήκει
2531 4236 2618 4283 τόν
2667 4236 2983 4306 Χριστιανὸν
3026 4232 3382 4306 ἐπιμελεῖσθαι
3413 4231 3513 4305 (6),
3550 4233 3836 4304 γυμνωθῆ-

2225 4339 2310 4371 ναι
2346 4321 2414 4372 τὰ
2454 4321 2590 4372 κατὰ
2615 4323 2708 4378 τὴν
2753 4324 2940 4372 κακίαν
2969 4321 3110 4378 πάθη
3143 4322 3209 4372 τὰ
3244 4319 3460 4373 ποικίλα
3485 4339 3540 4371 τε
3581 4325 3672 4371 καὶ
3711 4315 3835 4371 διοί-

464 4395 741 4466 quinant,
756 4397 1115 4456 denudetur.
1148 4400 1367 4456 Deinde
1386 4416 1530 4456 vero
1551 4403 1804 4472 oportet,
1827 4403 1897 4454 ut
1913 4395 2019 4469 qui
2040 4394 2117 4452 ad

2230 4427 2379 4481 φορα,
2425 4404 2500 4460 δι’
2544 4409 2611 4460 ὧν
2658 4408 2930 4480 μολύνεται
2969 4410 2999 4467 ἡ
3037 4409 3215 4482 ψυχὴ.
3257 4413 3370 4483 Χρή
3425 4405 3485 4461 δὲ
3526 4428 3664 4460 κατα
3707 4405 3835 4460 δεύ-

467 4485 794 4542 sublimem
826 4488 1162 4546 secundum
1206 4492 1395 4546 Deum
1433 4490 1620 4546 vitam
1649 4487 1913 4560 respicit,
1970 4499 2119 4556 opes

468 4589 611 4630 suas
645 4590 715 4631 ac
745 4576 1060 4634 facultates
1097 4579 1475 4651 derelinquat
1501 4598 1514 4635 :
1544 4581 1690 4652 quia
1716 4594 1919 4634 rerum
1943 4579 2118 4631 terre-

467 4677 686 4720 narum
715 4682 940 4722 curaac
972 4668 1311 4725 sollicitudo
1325 4684 1613 4738 magnam
1636 4669 1698 4725 in
1721 4669 1926 4724 animo
1952 4665 2124 4721 aber-

466 4753 763 4810 rationem
793 4761 1103 4825 generant.
1133 4760 1277 4814 Cum
1308 4758 1487 4828 igitur
1503 4757 1704 4830 plures
1729 4757 1808 4812 ad
1837 4753 2122 4811 eumdem

469 4839 682 4896 salutis
708 4859 962 4916 scopum
981 4845 1211 4912 intenti,
1243 4859 1633 4901 communem
1670 4845 1822 4900 inter
1852 4858 1916 4897 se
1937 4841 2123 4895 vitam

470 4931 736 5002 amplexi
762 4933 1000 5005 fuerint,
1014 4935 1070 4990 id
1095 4935 1249 4992 inter
1274 4935 1446 5009 ipsos
1460 4939 1598 4991 ante
1619 4935 1826 4991 omnia
1855 4931 2123 4989 obtineat

470 5033 713 5076 necesse
742 5026 852 5088 est,
883 5028 949 5079 ut
977 5039 1169 5080 unum
1191 5024 1254 5080 in
1283 5024 1570 5080 omnibus
1590 5024 1663 5080 sit
1686 5039 1808 5086 cor,
1833 5027 1890 5078 et
1913 5022 2128 5080 volun-

470 5114 564 5166 tas
595 5124 736 5181 una,
770 5125 1082 5186 unumque
1130 5113 1495 5170 desiderium
1532 5117 1715 5186 atque
1742 5119 1809 5169 ut
1853 5111 2128 5186 praecipit

540 5307 620 5378 (i)
649 5310 730 5363 Ex
758 5307 924 5364 hom.
952 5308 1017 5364 in
1033 5310 1190 5378 psal.
1214 5325 1412 5380 xxxm,
1443 5311 1571 5365 147.

541 5381 619 5452 (2)
646 5382 727 5435 Ex
757 5395 851 5452 ep.
882 5395 1151 5447 ccxxxvr,
1176 5381 1303 5434 364.

541 5452 621 5520 (3)
653 5454 735 5505 Ex
762 5466 942 5506 serm.
976 5454 1061 5507 De
1093 5452 1357 5520 legendis
1382 5452 1546 5506 libris
1575 5463 1751 5522 gem.,
1787 5456 1905 5508 182.

544 5522 624 5591 (4)
646 5524 728 5591 Ex
760 5538 938 5577 serm.
970 5523 1249 5584 ascetico,
1278 5527 1400 5578 323.
1947 5555 1957 5563 -

540 5590 631 5668 (5)_
664 5590 784 5668 Ὀτι
837 5595 1186 5668 χρησώμεθα.
1244 5593 1436 5668 Basilii
1489 5597 1804 5668 contextus
1855 5597 1927 5647 ἔτι
1989 5613 2126 5668 χρη-

477 5665 692 5733 σόμεθα.
741 5665 971 5734 Legitur
1017 5667 1353 5738 χρησόμεθα,
1418 5669 1480 5720 in
1525 5665 1656 5720 cod.
1710 5665 1866 5722 i992.
1927 5665 2120 5737 supra

2225 4515 2369 4572 τερον
2433 4497 2582 4568 λόγον
2605 4540 2623 4569 ,
2679 4502 2768 4548 καὶ
2827 4502 2921 4555 τὴν
2987 4506 3085 4548 τῶν
3150 4499 3495 4572 ὑπαρχόντων
3556 4495 3835 4567 ἀποταγήν

2227 4589 2642 4661 κατορθωθῆναι,
2703 4597 2774 4658 τῷ
2824 4592 2955 4662 πρὸς
3009 4591 3096 4640 τόν
3148 4591 3284 4640 κατὰ
3335 4592 3458 4640 θεὸν
3510 4587 3712 4659 ὑψηλόν
3752 4588 3833 4658 ('7)

2231 4676 2570 4730 ἀποϐλέποντι
2612 4675 2728 4749 βίον
2753 4693 2766 4706 ⁶
2801 4673 2942 4730 διότι
2988 4677 3146 4730 πολὺν
3193 4681 3418 4749 παρέχει
3459 4680 3833 4748 περισπασμόν

2229 4775 2291 4839 τῇ
2329 4767 2484 4838 ψυχῇ
2540 4769 2570 4824 η
2621 4775 2720 4818 τῶν
2769 4767 2954 4819 ὑλικῶν
3001 4769 3323 4841 πραγμάτων
3378 4771 3580 4840 φροντίς
3630 4785 3686 4818 τε
3737 4771 3830 4818 καὶ

2231 4855 2513 4928 ἐπιμέλεια.
2569 4855 2730 4907 Ὀταν
2809 4853 2896 4907 οὖν
2947 4855 3149 4916 πλείους
3203 4859 3321 4930 περὶ
3373 4859 3459 4906 τὸν
3507 4854 3664 4908 αὐτόν
3716 4852 3832 4926 βλέο

2231 4967 2413 5009 ποντες
2475 4955 2566 5012 τῆς
2633 4954 2888 5020 σωτηρίας
2968 4951 3160 4999 σκοπόν
3185 4989 3200 5014 ,
3267 4949 3360 5003 την
3426 4945 3535 5017 μετ’
3602 4944 3832 5002 ἀλλήλων

2235 5037 2375 5097 ζωὴν
2418 5035 2826 5103 καταδέξωνται,
2861 5042 2969 5110 χρὴ
3005 5043 3158 5088 τοῦτο
3188 5037 3288 5109 πρὸ
3328 5035 3534 5087 πάντων
3579 5035 3628 5086 ἐν
3657 5034 3828 5092 αὐτοῖς

2234 5126 2584 5199 κρατηθῆναι,
2645 5129 2704 5176 τὸ
2771 5129 2896 5196 μίαν
2955 5123 3004 5175 ἐν
3062 5129 3197 5175 πᾶσι
3262 5121 3488 5197 καρδίαν
3543 5120 3688 5190 εἶναι,
3736 5126 3822 5170 καὶ

2233 5307 2545 5361 contextus
2574 5309 2662 5356 καὶ
2686 5312 2756 5368 τῷ
2782 5305 2922 5361 Ἰὼϐ,

2305 5377 2384 5449 (6)
2417 5375 2823 5449 Ἐπεμελεῖτο-θαι.
2861 5379 2978 5432 [ioc
3007 5374 3262 5449 verbum
3290 5375 3592 5449 deer-etin
3622 5372 3800 5430 editis
3828 5393 3840 5440 ;

2235 5450 2342 5505 sed
2365 5446 2508 5503 cum
2531 5446 2777 5519 prorsus
2807 5448 3215 5504 necessarium
3255 5447 3348 5513 sit,
3377 5446 3523 5502 illud
3553 5446 3845 5518 desump-

2237 5523 2431 5576 simus
2463 5534 2533 5573 ex
2570 5523 2870 5574 contextu.

2306 5597 2386 5660 (7)
2443 5594 2541 5642 Τὸν
2571 5593 2707 5643 κατὰ
2735 5594 2856 5644 Θεὸν
2883 5590 3100 5660 ὑψηλόν.
3162 5588 3450 5661 Codicum
3497 5588 3655 5661 alter
3709 5591 3844 5661 πρὸς

2239 5669 2370 5718 θεῖον
2392 5666 2480 5713 καὶ
2504 5661 2721 5732 ύψηλόν.
2751 5665 3071 5719 Contextus
3111 5665 3239 5732 πρὸς
3264 5665 3351 5712 τὸν
3383 5659 3620 5730 ὑψηλόν.)
