4084 6416
288 383 415 440 1181

1504 379 1734 439 SERMO
1772 378 1862 433 Vl.
1894 404 1964 417 -
1988 376 2079 434 DE
2109 380 2441 441 AVARITIA

3508 391 3647 452 1182

288 509 487 585 θέλημα
526 506 597 579 ἓν,
628 510 714 559 καὶ
759 510 884 583 μίαν
922 505 1230 580 ἓπιθυριίαν,
1272 514 1361 561 καὶ
1408 510 1583 572 καθὼς
1627 506 1888 581 νομοθετεῖ

2001 506 2535 583 Apostolus,unum
2557 507 2852 567 efﬁciatur
2871 522 3093 582 corpus
3111 523 3183 565 ex
3194 510 3442 568 diversis
3462 528 3649 571 mem-

285 598 313 650 6
344 594 677 662 Ἀπόστολος,
714 595 762 648 ἓν
800 597 1040 666 ’γενέσθαι
1098 602 1253 673 σῶμα
1306 595 1362 649 ἐκ
1408 593 1672 671 διαφόρων
1722 591 1886 667 μελῶν

290 687 752 762 συνηθροισμένον.
793 691 958 737 Τοῦτο
1001 682 1060 738 δὲ
1110 686 1205 738 οὐκ
1248 689 1392 740 ἔστιν
1434 686 1599 747 ἄλλως
1627 684 1887 759 κατορθω-

292 777 468 845 θῆναι,
518 774 562 828 εἰ
598 778 670 847 μὴ
705 772 862 827 ἐκεῖνο
901 781 1196 850 κρατήσειε,
1241 780 1301 828 τό
1351 781 1423 849 μὴ
1466 773 1885 847 ἐπονομάζεσθαι

291 885 393 917 τινι
420 863 865 936 ἀποτεταγμένως,
907 870 1037 937 μήτε
1078 868 1298 939 ἱμάτιον,
1329 870 1463 941 μήτε
1514 871 1713 935 σκεῦος,
1753 866 1886 941 μήτε

294 952 416 1006 ἄλλο
446 973 497 1006 τι
522 962 620 1005 τῶν
666 952 738 1014 εἰς
792 957 886 1012 τὴν
920 958 1096 1013 κοινὴν
1135 954 1275 1016 ζωὴν
1298 957 1728 1031 χρησιμευόντων
1760 969 1773 981 ·
1803 952 1889 1004 ἱνα

294 1047 515 1097 ἕκαστόν
543 1046 739 1096 τούτων
774 1051 867 1105 τῆς
903 1049 1092 1119 χρείας
1119 1042 1172 1118 ᾖ,
1204 1050 1293 1098 καὶ
1322 1050 1394 1120 μὴ
1427 1051 1519 1097 τοῦ
1548 1046 1882 1118 κεκτημένου.

296 1137 393 1187 Καὶ
450 1136 623 1206 ὥσπερ
674 1132 999 1215 ἀνάρμοστόν
1048 1137 1159 1188 ἐστι
1207 1143 1279 1211 τῷ
1325 1134 1526 1208 μείζονι
1580 1138 1785 1209 σώματι
1826 1134 1885 1184 τό

287 1228 473 1301 μικρὸν
506 1225 727 1296 ἱμάτιον,
771 1224 801 1284 ᾖ
853 1231 922 1295 τῷ
959 1228 1251 1303 μικροτέρῳ
1296 1228 1356 1279 1'6
1400 1224 1727 1298 τελειότερον,
1778 1220 1887 1272 ἀλλ’

288 1311 491 1383 ἑκάστῳ
545 1315 604 1364 1'6
664 1315 959 1390 σύμμετρόν
1004 1314 1118 1367 ἐστι
1168 1319 1259 1367 καὶ
1295 1313 1547 1387 ἐπωφελὶς
1591 1316 1681 1364 καὶ
1727 1311 1884 1386 εὐάρ-

284 1418 478 1476 μοστον
504 1423 516 1434 ·
557 1400 718 1463 οὕτως
764 1408 855 1455 καὶ
907 1401 1130 1465 ἐνταῦθα
1174 1405 1204 1462 ἡ
1246 1402 1414 1469 κλίνη,
1465 1404 1531 1456 τὰ
1580 1406 1885 1475 στρώματα,

286 1493 345 1542 1'6
398 1490 583 1566 θερμόν
638 1478 989 1565 περιϐόλαιον,
1028 1495 1088 1544 τό
1128 1489 1385 1567 ὑπόδημα
1421 1498 1514 1544 τοῦ
1564 1492 1700 1543 πάνυ
1747 1494 1887 1565 χρῄ-

291 1581 492 1653 ςοντος,
541 1582 671 1653 οὐχὶ
709 1587 802 1634 τοῦ
851 1586 1168 1655 κεκτημένου
1227 1578 1357 1647 εἶναι
1389 1580 1594 1661 ὀφείλει.
1640 1585 1741 1633 Καὶ
1786 1599 1887 1632 κα-

288 1669 451 1744 θάπερ
493 1677 567 1740 τῷ
613 1689 870 1744 φαρμακῳ
910 1672 937 1722 ό
966 1673 1400 1749 τραυματισθείς,
1434 1670 1541 1743 οὐχ
1569 1670 1595 1722 ὁ
1639 1670 1887 1743 ὑγιαίνων

284 1763 567 1833 κέχρηται,
599 1760 736 1811 οὕτω
772 1765 865 1813 καὶ
890 1767 989 1813 τῶν
1018 1764 1150 1834 πρὸς
1173 1764 1268 1819 τὴν
1298 1761 1473 1813 ἄνεσιν
1511 1764 1604 1812 τοῦ
1646 1764 1889 1831 σώματος

1997 595 2119 652 bris
2146 602 2637 670 coagmentatum
2655 600 2724 654 6⁷.
2759 602 2879 655 Hoc
2899 602 3099 655 autem
3119 599 3286 656 aliter
3308 602 3515 681 perﬁci
3525 619 3651 660 non

1997 691 2209 758 potest,
2251 689 2431 764 498
2461 690 2576 745 nisi
2605 689 2931 745 obtinuerit
2978 689 3108 745 haec
3150 691 3547 759 consuetudo,
3587 696 3652 750 ut

1994 774 2145 832 nihil
2164 778 2521 835 nominatim
2547 794 2618 835 ac
2638 777 3020 850 peculiariter
3032 777 3314 852 cuiquam
3331 779 3648 850 tribuatur,

1995 880 2193 939 neque
2212 867 2664 939 vestimentum,
2714 883 2913 940 neque
2942 882 3073 937 vas,
3101 883 3301 942 neque
3329 868 3650 943 quidpiam

1994 955 2159 1012 aliud
2190 972 2263 1012 ex
2282 956 2355 1012 iis
2387 973 2523 1031 quae
2546 957 2898 1014 conducunt
2922 957 3057 1013 vitae
3074 958 3383 1013 communi
3405 976 3418 1027 ;
3441 963 3509 1015 ut
3529 958 3647 1015 sin-

1994 1044 2137 1117 gula
2173 1043 2387 1101 usibus
2411 1046 2791 1116 necessariis,
2822 1061 2947 1102 non
2972 1050 3174 1102 autem
3194 1046 3648 1123 possessoribus

1993 1133 2389 1193 destinentur.
2418 1138 2485 1192 Et
2534 1136 2709 1193 sicuti
2741 1135 3168 1192 vestimentum
3215 1151 3474 1209 parvum
3521 1151 3649 1193 cor-

1994 1222 2127 1295 pori
2156 1223 2395 1292 majori,
2430 1228 2536 1280 aut
2563 1224 2763 1296 majus
2799 1239 2992 1296 parvo
3037 1239 3163 1280 non
3204 1223 3502 1294 convenit,
3537 1224 3649 1279 sed

1992 1310 2292 1385 quidquid
2319 1311 2535 1384 cuique
2553 1312 3081 1369 accommodatum
3113 1311 3291 1383 est,id
3318 1311 3459 1369 utile
3487 1316 3649 1368 estet

1996 1400 2387 1456 commodum
2413 1418 2425 1455 :
2454 1401 2536 1457 ita
2562 1401 2746 1457 etiam
2784 1400 2902 1458 alia
2922 1401 3147 1471 omnia,
3173 1401 3381 1467 lectus,
3416 1406 3648 1470 stragu-

1993 1487 2072 1559 la,
2112 1487 2380 1544 calidum
2422 1489 2870 1563 vestimentum,
2911 1488 3087 1546 valde
3137 1488 3462 1560 indigentis
3519 1502 3649 1544 esse

1995 1575 2237 1646 debent,
2291 1593 2411 1634 non
2462 1577 2847 1652 possidentis.
2905 1578 3439 1645 Quemadmodum
3486 1576 3649 1633 enim

1996 1665 2440 1722 medicamento
2467 1666 2571 1739 qui
2601 1665 2952 1724 vulneratus
2983 1669 3093 1735 est,
3132 1682 3259 1722 non
3293 1665 3401 1739 qui
3440 1681 3647 1732 sanus,

1996 1754 2211 1810 utitur:
2246 1755 2331 1811 sic
2365 1756 2547 1812 etiam
2583 1756 2670 1812 vir
2698 1772 2835 1829 quae
2857 1755 2938 1813 ad
2957 1755 3401 1812 sublevandum
3430 1770 3650 1826 corpus

285 1845 678 1921 ἐπινοουμένων,
741 1847 846 1921 οὐχ
902 1850 929 1900 ὁ
981 1857 1208 1923 τρυφῶν,
1260 1848 1369 1901 ἀλλ’
1425 1852 1456 1900 ὅ
1515 1851 1736 1927 χρῄζων
1791 1854 1888 1908 τῆς

2001 1845 2332 1913 excogitata
2358 1848 2521 1915 sunt,
2548 1860 2673 1901 non
2711 1845 2819 1918 qui
2845 1843 3099 1901 delicate
3125 1843 3301 1911 vivit,
3328 1843 3434 1899 sed
3474 1842 3525 1898 is
3555 1842 3651 1899 cui

287 1934 509 1998 ἀνέσεως
563 1934 814 1989 ἀπολαύει
854 1933 1076 1998 δικαίως
1113 1937 1213 2007 (1),
1245 1938 1293 1988 ἓν
1339 1943 1558 2008 Χριστῷ
1596 1940 1771 1993 Ἰησοῦ
1813 1942 1888 2005 τῷ

290 2027 466 2098 Κυρίῳ
494 2024 662 2095 ἡμῶν,
684 2024 725 2101 ᾧ
764 2026 794 2083 ἡ
829 2020 962 2095 δόξα
999 2029 1089 2077 καὶ
1120 2027 1178 2076 τὸ
1216 2026 1408 2097 κράτος
1448 2023 1515 2087 εἰς
1553 2027 1674 2085 τοὺς
1702 2022 1887 2082 αἰῶνας

295 2118 396 2164 τῶν
427 2111 642 2168 αἰώνων.
687 2113 871 2185 Ἀμήν.

776 2253 925 2301 [IEPI
966 2252 1408 2317 ΠΛΕΟΝΕΞΙΑΣ.

930 2379 1148 2427 ΛΟΓΟΣ
1189 2374 1235 2439 ς’
1245 2416 1256 2429 .

363 2476 600 2534 1.”Οταν
657 2480 729 2540 εἰς
780 2480 952 2533 οἰκίαν
1008 2478 1202 2553 ἀνδρὸς
1257 2480 1605 2558 ἀπειροκάλου
1653 2484 1731 2552 (2)
1786 2482 1890 2535 εἰσ-

290 2565 442 2631 έλθω,
473 2571 564 2619 καὶ
592 2564 695 2621 ἴδω
725 2568 888 2627 αὐτὴν
938 2575 1224 2631 παιντοίοις
1266 2575 1617 2643 γεγανυμένην
1660 2572 1889 2637 ἄνθεσιν,

292 2650 418 2706 οἶδα
454 2654 535 2707 ὅτι
573 2655 723 2716 οὗτος
769 2654 921 2709 οὐδεν
986 2666 1088 2709 τῶν
1138 2660 1410 2732 ὁρωμένων
1464 2665 1747 2732 τιμὼτερον
1801 2662 1891 2713 uti.

294 2760 510 2809 ατη-ται,
541 2741 670 2796 ἀλλὰ
697 2746 763 2797 τὰ
789 2748 880 2816 μὲν
909 2744 1107 2818 ἄψυχα
1133 2745 1595 2814 καλλωπίζει,¹τήν
1627 2743 1687 2799 δὲ
1704 2746 1892 2817 ψυχὴν

296 2829 599 2903 ἀκόσμητον
654 2835 791 2904 ἔχει.
855 2837 1042 2887 Καίτοι
1096 2838 1277 2909 μυρίοι
1333 2834 1581 2907 ἐφεστᾶσι
1630 2842 1693 2908 τῇ
1760 2836 1893 2908 θύρᾳ

296 2925 524 2993 πτωχοὶ,
579 2928 754 2974 πᾶσαν
785 2920 1001 2980 ἐλεεινὴν
1042 2921 1275 2996 ἀφιέντες
1313 2928 1484 2996 φωνήν
1513 2939 1527 2965 ε
1573 2926 1600 2976 ὁ
1640 2921 1699 2979 δὴ
1729 2923 1894 2998 ἀρνεῖ-

296 3028 380 3063 ται
430 3015 524 3069 τὴν
564 3007 741 3081 δόσιν,
801 3008 1057 3069 ἀδύνατον
1105 3008 1237 3066 εἶναι
1291 3012 1451 3085 λέγων
1502 3012 1741 3089 ἐπαρκεῖν
1783 3021 1893 3079 τοῖς

295 3098 530 3152 αἰτοῦσι.
567 3105 669 3155 Καὶ
722 3108 786 3174 τῇ
836 3105 927 3173 μεν
955 3101 1173 3177 γλώσσῃ
1206 3101 1502 3175 ἐξόμνυται,
1542 3104 1642 3157 ὑπὸ
1690 3100 1751 3157 δὲ
1799 3111 1894 3168 τῆς

1992 1930 2273 1989 levamen
2302 1948 2459 2005 opus
2500 1937 2614 2001 est,
2648 1934 2864 1989 merito
2906 1933 3251 2008 perfruitur,
3302 1932 3366 1989 in
3419 1931 3650 1989 Christo

1995 2021 2137 2088 Jesu
2159 2023 2414 2079 Domino
2438 2028 2671 2087 nostro,
2697 2023 2793 2079 cui
2816 2023 3009 2093 gloria
3043 2026 3101 2079 et
3136 2026 3405 2097 potestas
3439 2021 3499 2077 in
3533 2037 3647 2076 sae-

1996 2110 2133 2168 cula
2163 2111 2545 2170 saeculorum.
2572 2115 2781 2168 Amen.

2524 2247 2648 2314 DE
2690 2247 3120 2316 AVARITI4

2664 2374 2896 2430 SERMO
2923 2375 2991 2429 Vl

2074 2482 2122 2535 1.
2158 2482 2234 2551 (4)
2267 2480 2524 2546 Quando
2555 2480 2619 2535 in
2644 2479 2901 2537 domum
2930 2479 3119 2553 inepti
3174 2478 3281 2534 viri
3326 2478 3651 2549 ingredior,

1998 2569 2298 2641 videoque
2311 2570 2507 2643 ipsam
2521 2569 2862 2640 omnigenis
2874 2569 3249 2625 renidentem
3260 2566 3650 2636 ornamentis,

1998 2657 2263 2729 intelligo
2285 2673 2424 2714 eum
2441 2658 2589 2714 nihil
2611 2658 2683 2713 iis
2709 2675 2845 2729 quae
2874 2658 3155 2714 videntur
3181 2657 3500 2729 pretiosius
3519 2671 3654 2729 pos-

1999 2747 2212 2817 sidere,
2247 2746 2354 2802 sed
2395 2762 2613 2803 ornare
2638 2746 2954 2817 diligenter
3000 2747 3356 2812 inanimata,
3383 2744 3654 2800 animam

1999 2851 2140 2891 vero
2198 2835 2485 2891 incultam
2527 2835 2886 2909 relinquere.
2942 2836 3308 2907 Quanquam
3354 2833 3655 2889 innumeri

2001 2927 2164 2979 stant
2191 2939 2302 2996 pro
2332 2924 2564 2980 foribus
2586 2939 2891 2996 pauperes
2923 2923 3154 2979 nullam
3175 2937 3299 2979 non
3319 2921 3654 2978 emittentes

1999 3028 2211 3069 vocem
2237 3012 2675 3082 miserabilem;
2707 3018 2888 3084 negat
2914 3012 3011 3069 ille
3037 3028 3099 3068 se
3119 3012 3426 3077 daturum,
3468 3024 3653 3082 seque

2001 3101 2083 3157 ait
2094 3101 2367 3157 sufﬁcere
2377 3116 2502 3158 non
2514 3117 2697 3174 posse
2710 3100 3085 3172 rogantibus.
3100 3099 3386 3171 Etlingua
3400 3098 3652 3172 quidem

292 3192 474 3262 χειρός
502 3188 769 3262 ἐλέγχεται
793 3209 806 3229 τ
842 3199 1099 3244 σιωπῶσα
1133 3195 1233 3267 γὰρ
1281 3194 1311 3250 ἠ
1346 3196 1463 3268 χεὶρ
1502 3197 1598 3255 τὴν
1637 3190 1889 3263 ψευδολοο

2001 3189 2050 3267 ej
2063 3194 2193 3246 urat
2219 3206 2342 3246 non
2371 3205 2573 3263 posse,
2607 3190 2715 3246 sed
2737 3206 2774 3247 a
2805 3206 2992 3246 manu
3022 3189 3312 3261 arguitur.
3360 3187 3463 3245 Illa
3490 3187 3651 3244 enim

290 3282 411 3349 γίαν
461 3281 741 3351 κηρύσσει,
793 3285 1313 3353 περιαστραπτομένη
1374 3281 1473 3334 ἧπὸ
1529 3289 1621 3343 τῆς
1672 3280 1756 3335 ἐπὶ
1800 3288 1892 3335 τοῦ

294 3363 580 3419 δακτυλίου
621 3364 924 3439 σφενδόνης.
961 3368 1139 3428 ’Ἅθλιε
1179 3375 1270 3423 καὶ
1317 3369 1590 3443 ταλαίπωρ
1608 3389 1646 3441 ε,
1699 3374 1893 3432 πόσους

298 3451 520 3507 δύναται
568 3457 636 3517 εἷς
673 3476 767 3519 σου
808 3452 1087 3519 δακτύλιος
1126 3467 1299 3533 χρεῶν
1336 3458 1606 3511 ἆπνλῦσαι
1630 3475 1646 3499 θ
1695 3463 1895 3523 πόσους

298 3548 475 3607 οἴκους
515 3550 938 3608 καταπίπτοντας
994 3544 1323 3622 ἁνορθῶσαιῑ
1371 3552 1482 3602 Μία
1523 3566 1617 3600 σου
1672 3546 1894 3614 κιϐωτός

299 3643 395 3685 τῶν
438 3638 655 3707 ἱματίων
687 3631 911 3688 δύναται
942 3632 1112 3708 δῆμον
1159 3635 1436 3709 ὀλόκληρον
1460 3638 1711 3712 ῥιγοῦντα
1745 3657 1894 3711 περι,-

300 3723 470 3777 ϐαλεὶν
492 3741 505 3755 '
539 3722 645 3776 ἀλλ’
685 3725 956 3796 ὑπομένεις
1003 3726 1265 3797 ἄπρακτον
1318 3724 1626 3798 ἀποπέμψαι
1666 3729 1753 3778 τόν
1804 3730 1895 3780 πάν

299 3832 450 3878 νητα,
492 3816 563 3884 μὴ
606 3812 913 3884 φοϐούμενος
948 3816 1008 3866 τὸ
1050 3809 1255 3867 δίκαιον
1292 3821 1389 3876 τῆς
1434 3810 1749 3876 ἀντιδόσεως
1802 3822 1895 3868 τοῦ

299 3908 500 3973 κριτοῦ.
530 3900 642 3954 Οὐκ
679 3900 927 3971 ἠλέησαε,
955 3901 1052 3954 οὐκ
1094 3901 1353 3975 ἐλεηθήσῃ
1383 3918 1397 3941 ε
1439 3902 1535 3955 οὐκ
1565 3903 1773 3965 ἤνοιξας
1800 3908 1894 3961 τὴν

300 3990 488 4061 οὶκίαν,
532 3987 919 4063 ἁποπεμφθήσῃ
970 3998 1062 4051 τῆς
1092 3989 1363 4063 βασιλείας
1386 4004 1402 4031 ρ
1435 3990 1530 4044 οὐκ
1567 3988 1769 4059 ἔδωκας
1805 3994 1893 4044 τὸν

298 4081 475 4153 ἄρτον,
505 4079 565 4131 οὗ
596 4077 738 4152 λήψῃ
786 4082 880 4138 τήν
938 4079 1144 4132 αἰώνιον
1174 4079 1334 4140 ζωήν.
1378 4079 1533 4133 Ἀλλὰ
1579 4083 1775 4137 πένητα
1816 4079 1870 4133 λέ

295 4190 402 4242 γεις
432 4172 672 4227 σεαυτόν.
721 4168 879 4241 Κάγὼ
932 4172 1239 4243 συντίθεμαι
1271 4191 1284 4215 ε
1329 4174 1482 4232 πένης
1520 4172 1621 4245 γάρ
1661 4169 1824 4237 ἐστιν,
1865 4172 1892 4235 ῤ

295 4259 492 4312 πολλῶν
523 4255 722 4324 ἐνδεής9
765 4257 973 4314 Πολλῶν
1014 4255 1075 4313 δὲ
1127 4261 1261 4333 ὑμᾶς
1299 4256 1483 4321 ἕνδεείς
1527 4266 1665 4313 ποιεῖ
1700 4264 1759 4312 τό
1798 4267 1894 4322 τῆς

297 4349 579 4419 ὄπιθυμίας
605 4346 908 4422 ἀκόρεστον.
955 4355 1081 4410 Τοῖς
1122 4345 1254 4407 δέκα
1289 4348 1558 4410 ταλάντοις
1594 4348 1726 4403 ἄλλα
1764 4346 1896 4402 δέκα

294 4435 524 4487 τάλαντα
567 4437 990 4508 προστεθηκέναι
1043 4434 1373 4499 σπουδάζετε
1397 4455 1411 4477 ε
1463 4435 1675 4491 ἐπειδὰν
1725 4441 1894 4490 εἴκοσι

2002 3279 2133 3336 silet
2150 3279 2535 3351 quidem,sed
2554 3280 2943 3336 mendacium
2960 3280 3266 3353 praedicat,
3290 3277 3498 3334 annuli
3513 3276 3656 3349 pala

2004 3385 2353 3425 coruscans.
2381 3373 2424 3427 Ο
2443 3369 2650 3426 infelix
2665 3375 2846 3443 atque
2863 3370 3065 3434 miser,
3089 3369 3257 3442 quod
3282 3373 3480 3442 potest
3498 3383 3657 3423 unus

2003 3463 2142 3515 tuus
2169 3458 2430 3515 annulus
2456 3475 2573 3515 aere
2599 3459 2794 3515 alieno
2818 3458 3104 3515 liberare!
3130 3462 3280 3531 quot
3302 3457 3519 3513 domos
3532 3472 3658 3513 cor-

2003 3552 2245 3603 ruentes
2275 3548 2528 3617 erigere!
2552 3552 2705 3605 Area
2720 3552 2826 3605 tua
2843 3547 3125 3605 vestiaris
3148 3546 3245 3602 vel
3267 3546 3448 3602 unica
3463 3548 3659 3618 potest

2008 3641 2197 3693 totum
2213 3637 2510 3710 populum
2527 3638 2747 3708 frigore
2771 3637 3065 3707 rigentem
3084 3636 3369 3702 amicere;
3388 3637 3657 3690 attamen

2006 3727 2263 3782 sustines
2282 3738 2613 3799 pauperem
2639 3742 2763 3782 non
2784 3726 3079 3782 donatum
3105 3724 3422 3793 dimittere,
3431 3723 3657 3793 justam

2001 3815 2222 3887 judicis
2247 3815 2578 3871 vindictam
2598 3831 2721 3871 non
2752 3815 3178 3870 reformidans.
3220 3816 3350 3869 Non
3373 3811 3657 3867 misertus

2004 3918 2088 3971 es,
2111 3919 2237 3960 non
2262 3919 2630 3977 consequere
2668 3903 3178 3959 misericordiam:
3206 3917 3330 3959 non
3363 3898 3654 3971 aperuisti

2003 3992 2278 4060 domum,
2310 4009 2348 4050 a
2370 4008 2558 4064 regno
2586 3992 2951 4049 excluderis:
2984 4006 3207 4065 panem
3246 4005 3374 4046 non
3406 3987 3649 4054 dedisti,

2003 4097 2127 4139 non
2157 4081 2413 4154 accipies
2442 4080 2630 4138 vitam
2657 4084 2966 4138 aeternam.
2995 4079 3111 4138 Sed
3138 4092 3471 4153 pauperem
3497 4076 3651 4132 dicis

2004 4173 2264 4244 teipsum
2288 4188 2301 4237 ;
2329 4176 2386 4228 et
2427 4187 2541 4243 ego
2588 4171 2909 4228 assentior.
2937 4174 3172 4244 Pauper
3199 4169 3360 4226 enim
3397 4171 3504 4238 est,
3544 4165 3652 4238 qui

2002 4261 2206 4317 multis
2234 4261 2485 4332 indiget.
2524 4263 2642 4317 Vos
2691 4265 2895 4317 autem
2952 4258 3308 4316 insatiabilis
3353 4255 3652 4330 cupiditas

2003 4350 2332 4406 multorum
2360 4350 2600 4420 indigos
2624 4348 2818 4406 efﬁcit.
2863 4348 3121 4406 Talentis
3163 4348 3397 4416 decem,
3436 4345 3649 4401 decem

2004 4439 2126 4497 alia
2155 4439 2413 4511 adjicere
2452 4438 2799 4496 conamini:
2843 4438 3058 4510 viginti
3105 4436 3351 4507 coactis,
3401 4433 3651 4494 totidem

294 4525 529 4593 γένηται,
597 4522 729 4574 ἄλλα
786 4531 1025 4583 τοσαῦτα
1066 4524 1379 4596 ἕπιζητείτε,
1430 4530 1523 4578 καὶ
1571 4525 1651 4579 ἀεὶ
1707 4528 1781 4596 (3)
1834 4529 1889 4579 1'6

2003 4528 2291 4602 quaeritis,
2326 4544 2523 4601 neque
2564 4528 2973 4601 appetentiam
3004 4527 3170 4583 sistet
3206 4524 3391 4621 quod
3414 4530 3654 4621 semper

295 4612 719 4685 προστιθέμενον,
749 4610 880 4682 οὐχὶ
908 4616 1003 4671 τὴν
1050 4614 1217 4686 ὁρμήν
1264 4614 1499 4681 ίστησιν,
1525 4612 1631 4666 ἀλλ’
1673 4613 1893 4686 ἁναφλέρ

295 4717 374 4770 ⁹νει
421 4701 516 4756 τὴν
570 4697 761 4772 ὄρεξιν.
796 4697 999 4774 ⁷Ωσπερ
1053 4702 1156 4774 γὰρ
1211 4708 1319 4764 τοῖς
1360 4704 1644 4774 μεθύουσιν
1683 4700 1890 4775 ἀφορμή

282 4786 387 4840 ’τοῦ
417 4792 581 4841 πίνειν
611 4789 642 4846 ἡ
702 4790 980 4864 προσθήκη
1042 4797 1137 4853 τοῦ
1190 4793 1331 4851 οῖνου
1377 4796 1598 4863 γίνεται,
1638 4793 1774 4855 οὕτω
1803 4798 1892 4847 καὶ

296 4880 344 4930 οἱ
408 4876 708 4931 νεόπλουτοι
765 4877 932 4932 πολλὰ
994 4883 1346 4954 κτησάμενοι,
1413 4880 1658 4935 πλειόνων
1714 4881 1891 4936 ἐπιθυ-

292 4972 473 5041 μούοι,
526 4975 599 5040 τῷ
652 4966 734 5020 ἀεὶ
785 4971 1171 5044 προστιθεμένῳ
1226 4975 1321 5033 risv
1384 4975 1535 5027 νόσον
1599 4976 1886 5045 τρέφοντες,

288 5065 379 5114 καί
423 5063 784 5134 περιτρέπεται
829 5059 1011 5123 αὐτοῖς
1056 5061 1088 5119 ἠ
1141 5057 1349 5122 σπουδή
1377 5065 1510 5137 πρὸς
1536 5064 1598 5114 τὸ
1638 5060 1884 5118 ἐναντίον.

284 5149 362 5202 Οὐ
390 5152 490 5224 γὰρ
522 5148 780 5225 εὐφραίνει
833 5148 1020 5211 αὐτοὺς
1058 5152 1125 5203 τὰ
1173 5154 1438 5223 προσόντα
1478 5159 1715 5204 τοσαῦτα
1744 5155 1883 5220 ὄντα,

282 5239 403 5292 ὅσον
467 5238 619 5302 λυπεῖ
665 5241 733 5297 τὲι
779 5235 1043 5308 ἐνδέοντα,
1112 5240 1243 5313 οἷπερ
1301 5239 1363 5303 ἂν
1415 5240 1593 5307 αὐτοῖς
1640 5241 1883 5297 ἱλλείπειν

351 5348 396 5382 ⁵⁷
428 5350 446 5403 1
480 5347 611 5411 Cor.
648 5362 751 5423 xu,
797 5349 879 5402 12.

354 5475 426 5535 (1)
457 5476 694 5534 Δικαίως.
740 5471 932 5530 Minus
965 5473 1288 5531 commode
1333 5475 1502 5532 deest
1539 5491 1613 5533 ea
1660 5491 1779 5533 vox
1815 5477 1879 5534 in

286 5546 566 5598 contextu
593 5543 816 5600 Basilii.

302 5614 441 5693 “(21
496 5613 890 5693 ῘΑπειροπιάλου.
927 5616 1132 5693 Addit
1182 5618 1379 5675 Basilii
1428 5624 1747 5677 contextus
1789 5624 1878 5674 καὶ

290 5681 627 5755 ὀψιπλούτου,
647 5681 712 5742 'el
741 5701 870 5744 sero
898 5688 1128 5752 divitis.

2003 4618 2268 4688 additur,
2300 4617 2423 4674 imo
2448 4617 2723 4674 accendit
2742 4617 3101 4689 appetitum.
3123 4610 3653 4681 Quemadmodum

2002 4708 2165 4763 enim
2196 4706 2376 4763 ebriis
2412 4707 2537 4762 vini
2570 4706 2839 4762 accessio
2868 4704 3119 4761 bibendi
3149 4704 3217 4759 ﬁt
3257 4701 3533 4758 occasio:
3568 4699 3653 4754 sic

2000 4797 2183 4853 etiam
2211 4811 2421 4853 recens
2446 4795 2617 4852 dilati
2655 4794 2760 4851 ubi
2798 4793 2991 4850 multa
3033 4791 3438 4865 acquisierint,
3476 4788 3654 4861 plura

1999 4885 2702 4958 concupiscunt,semper
2713 4883 2830 4940 add
2839 4882 2996 4939 endo
3005 4881 3290 4938 morbum
3301 4879 3650 4944 nutrientes,

1997 4975 2206 5048 eisque
2228 4990 2408 5030 suum
2438 4973 2706 5030 studium
2734 4972 2891 5029 cedit
2928 4972 2991 5028 in
3022 4970 3414 5028 contrarium.
3443 4971 3651 5041 Neque

1996 5063 2156 5119 enim
2178 5062 2500 5136 praesentia
2527 5061 2691 5118 bona
2713 5075 2853 5117 cum
2877 5064 3047 5117 tanta
3084 5060 3223 5125 sint,
3248 5062 3486 5116 tantum
3513 5056 3647 5114 illos

1994 5151 2348 5218 exhilarant,
2381 5154 2680 5224 quantum
2718 5151 3078 5206 contristent
3130 5163 3268 5221 quas
3295 5147 3534 5213 desunt,
3547 5158 3641 5212 ea,

1991 5241 2266 5314 inquam,
2296 5256 2434 5314 quae
2473 5238 2588 5309 sibi
2616 5240 2827 5307 deesse
2853 5241 3091 5312 putant.
3113 5240 3264 5307 Nam
3294 5252 3433 5303 cum
3461 5233 3644 5297 laetari

2063 5478 2140 5548 (3)
2184 5482 2284 5531 Καὶ
2316 5476 2414 5532 ἀεί.
2438 5477 2727 5533 Voculum
2772 5475 3120 5548 addidimus
3157 5489 3230 5529 ex
3261 5473 3549 5548 contextu
3577 5474 3640 5548 et

1992 5536 2272 5604 codicum
2300 5548 2508 5605 altero.
2524 5548 2688 5604 Idem
2716 5547 2907 5604 codex
2923 5547 3107 5619 paulo
3129 5549 3265 5601 ante
3290 5561 3380 5596 και
3405 5536 3634 5603 ἐπειδάν,

2063 5621 2141 5693 (4)
2166 5623 2247 5675 Ex
2271 5620 2439 5686 hom,
2471 5620 2535 5676 in
2560 5621 2806 5694 Divz'tes,
2830 5622 2919 5675 56.
