2042 3196
241 165 311 193 1183

723 160 911 189 ΑΡΡΕΝΒΙΧ.
927 174 960 180 -
974 158 1146 188 SYMEONIS
1170 158 1436 188 METAPHRASTE

1859 160 1953 189 1184

240 227 323 264 ipsos
332 233 389 264 par
402 226 490 260 esset,
498 232 533 253 ac
545 224 675 260 gratiam
686 223 810 259 habere,
819 223 902 260 quod
910 224 973 251 tam
988 221 1066 250 mul-

1124 221 1280 249 ὑπὸθωνται.
1308 223 1366 248 Δέον
1385 222 1435 259 γὰρ
1459 220 1551 253 αὐτοὺς
1566 221 1748 259 εὐφραίνεσθαι
1773 224 1819 249 καὶ
1842 224 1949 261 χάριν

241 272 278 300 tis
294 273 363 299 sunt
377 270 599 307 opulentiores:
616 271 722 297 contra
742 276 821 304 aegre
840 268 941 296 ferunt
963 274 998 295 ac
1015 266 1066 295 do-

239 315 303 344 lent
325 323 356 343 se
367 316 442 343 forte
456 315 495 343 ab
510 322 572 343 uno
597 316 649 343 aut
662 313 755 341 altero
770 312 964 348 locupletiore
979 318 1067 347 supe-

242 360 316 389 rari.
346 360 385 396 (1)
405 362 505 396 Neque
528 367 579 387 eos
599 358 653 395 qui
669 366 701 386 se
721 357 795 394 ipsis
817 356 973 385 inferiores
999 357 1068 383 sunt

244 407 466 437 enumerantes,
478 412 534 440 pro
548 404 584 431 iis
601 411 669 439 quze
683 402 806 437 habent,
824 401 935 437 gratias
952 399 1068 437 persol-

243 452 319 478 vunt
332 449 464 485 largitori
480 448 617 476 beneﬁco
634 457 640 476 :
663 447 753 484 499
770 447 833 475 imo
847 447 926 475 facta
940 454 1009 474 cum
1032 452 1068 473 eo

243 494 328 531 quod
342 493 532 530 praestantius
543 494 588 521 est
598 491 836 528 comparatione,
855 493 1004 528 quantum
1021 497 1069 518 su-

243 540 385 576 perentur
396 539 579 574 reputantes,
600 537 641 566 ita
657 539 785 565 moerent
799 538 827 564 et
843 536 1069 572 conqueruntur

243 583 332 612 bonis
362 582 467 611 alienis
495 582 613 618 privati,
647 589 682 610 ac
711 581 736 609 si
763 581 826 609 suis
856 580 1066 617 spoliarentur.

243 628 282 664 (2)
293 629 368 656 Nam
379 627 430 664 qui
443 627 632 655 necessarios
651 626 795 654 terminos
818 632 981 658 excessere,
997 632 1068 652 cum

241 672 305 707 jam
321 671 388 705 sibi,
399 679 484 699 more
496 679 602 699 eorum
619 671 672 707 qui
686 670 717 698 in
734 670 849 698 declive
863 669 1008 702 feruntur,
1024 668 1069 697 ni-

242 716 285 744 hil
299 716 422 744 ﬁrmum
445 717 597 752 suppetat,
611 715 650 743 ad
664 714 748 751 quod
773 722 804 742 se
817 714 973 750 recipiant,
997 721 1069 741 nus-

243 768 337 797 quam
352 760 477 788 ulterius
493 759 591 796 abripi
601 759 800 787 intermittunt
814 767 820 786 :
839 758 892 786 sed
907 766 968 795 quo
983 757 1070 794 plura

244 805 459 841 compararim,
477 812 513 833 eo
537 804 635 839 magis
655 812 733 840 opus
752 803 910 831 habebunt
934 802 1070 839 paribus,

245 851 297 878 aut
305 850 393 878 etiam
410 848 609 885 amplioribus
619 848 658 877 ad
669 848 865 885 cupiditatem
876 847 1069 883 explendam,

244 893 413 922 secundum
430 893 610 922 Execestidaa
621 893 718 921 ﬁlium
730 892 882 928 Solonem,
893 892 946 929 qui
960 891 1014 920 ait:

244 948 427 976 Diuitiarum
444 947 559 975 homini
571 947 639 981 ﬁnis
653 955 712 975 non
729 947 863 975 constitit
877 946 970 975 ullus.

243 1028 274 1056 in
290 1029 337 1056 his
352 1029 443 1057 etiam
454 1028 625 1064 Theognide
637 1028 781 1064 magistro
794 1027 942 1056 utendum
955 1028 1008 1062 est,
1017 1026 1069 1063 qui

243 1073 313 1101 dicit
324 1083 330 1101 :

289 1128 358 1155 Non
372 1135 439 1155 amo
451 1127 582 1162 divitias,
597 1135 657 1155 non
669 1130 754 1161 opto:
772 1126 823 1154 sed
838 1126 913 1153 mihi
925 1133 1020 1159 parvo

350 1164 452 1191 Vivere
464 1164 628 1198 conlingat,
643 1163 744 1198 nilque
758 1163 862 1190 limere
876 1162 959 1189 mali.

280 1216 341 1251 Ego
355 1218 456 1244 autem
466 1216 604 1250 Diogenis
615 1216 749 1244 admiror
763 1216 901 1244 omnium
912 1214 999 1242 simul
1011 1215 1068 1243 hu-

245 1268 408 1288 manarum
421 1268 523 1288 rerum
533 1263 752 1296 contemptum,
768 1261 820 1297 qui
835 1268 865 1287 se
879 1268 947 1294 rege
956 1267 1068 1294 magno

243 1305 449 1340 pronuntiavit
463 1305 611 1341 ditiorem,
639 1305 722 1341 quod
744 1306 774 1332 in
793 1305 853 1332 vita
874 1304 1068 1340 paucioribus

245 1349 399 1385 quamillc
415 1352 524 1384 egeret.
545 1350 649 1377 Avaris
665 1352 777 1384 autem,
798 1349 856 1376 nisi
879 1348 976 1384 Pythii
997 1348 1069 1384 Mysi

244 1393 471 1428 adsinttalcnta,
485 1394 543 1421 nisi
558 1394 618 1421 sint
630 1397 712 1421 terrm
725 1396 768 1422 tot
778 1396 806 1422 et
823 1396 863 1422 tot
876 1394 993 1429 jugera,
1009 1393 1068 1421 nisi

241 1445 386 1473 pecorum
403 1446 508 1473 greges
519 1438 679 1473 innumeri,
696 1438 824 1466 sufﬁciet
841 1438 926 1466 nihil.
951 1439 989 1473 (3)
1011 1437 1068 1465 Sed

241 1483 503 1518 quemadmodum
519 1483 539 1510 ii
561 1484 613 1519 qui
637 1483 733 1511 scalas
753 1483 970 1515 conscendunt,
991 1482 1067 1518 pede

241 1535 360 1563 semper
370 1528 410 1555 ad
425 1529 613 1563 superiorem
627 1527 756 1562 gradum
781 1530 878 1554 erecto
895 1535 955 1554 non
983 1528 1066 1562 prius

241 1573 468 1608 conquiescunt,
480 1581 573 1608 quam
587 1573 626 1600 ad
640 1580 792 1600 summum
817 1572 1006 1608 perveniant:
1025 1572 1067 1600 sic
1084 1577 1103 1604 c

243 1619 271 1644 ct
281 1617 311 1643 hi
326 1617 450 1652 quando
464 1617 545 1644 hunc
559 1617 683 1644 divitem
694 1617 834 1649 assecuti,
852 1616 1008 1643 confestim
1025 1616 1069 1643 di-

243 1661 308 1689 tiori
323 1661 422 1689 adhuc
434 1669 523 1697 pares
535 1661 597 1688 ﬁeri
614 1663 761 1689 conantur
774 1669 779 1687 :
797 1663 824 1688 et
839 1660 889 1687 ubi
905 1669 974 1688 cum
994 1668 1068 1696 quo-

245 1714 303 1742 que
319 1705 480 1740 attigerint,
497 1705 629 1733 studium
649 1713 738 1732 suum
765 1706 804 1733 ad
830 1705 921 1733 alium
946 1706 1068 1733 transfe-

243 1752 322 1783 runt,
339 1752 368 1777 et
381 1758 442 1777 non
454 1752 571 1777 cessant
581 1750 620 1778 ab
636 1750 806 1785 appetenda
817 1750 960 1786 potentia,
972 1750 1068 1778 donec

242 1794 272 1822 in
289 1794 416 1822 sublime
433 1794 535 1828 evecti,
548 1795 608 1823 alto
619 1803 692 1823 casu
704 1795 818 1831 scipsos
831 1795 1031 1823 contundunt.

277 1929 303 1955 Ξ.
320 1929 357 1962 (4)
374 1930 469 1965 Atque
483 1929 576 1965 utqui
588 1936 648 1965 pra:
660 1929 779 1957 insania
792 1930 893 1956 mente
906 1929 1067 1964 motisunt,

241 1980 288 2000 res
303 1973 386 2008 ipsas
399 1981 460 2001 non
471 1973 638 2006 intuentur;
652 1974 706 2001 sed
721 1982 757 2001 ea
765 1981 800 2001 ex
811 1973 921 2009 quibus
935 1973 1068 2001 afﬁciun-

243 2019 306 2045 tur:
325 2018 366 2045 sic
382 2026 542 2045 avarorum
554 2019 820 2054 animus,pecunim
829 2018 969 2046 aviditate
978 2018 1067 2046 obru-

244 2063 301 2094 tus,
315 2064 424 2090 cuncta
439 2066 674 2096 aurum,cuncia
685 2065 842 2098 argentum
858 2063 953 2091 videt:
970 2071 1005 2091 ac
1025 2063 1068 2090 lu-

243 2105 362 2133 bentius
377 2115 484 2134 aurum
497 2115 587 2142 quam
600 2107 694 2135 solem
710 2107 871 2135 intueatur.
880 2107 956 2135 Verti
968 2107 1071 2136 omnia

244 2151 274 2178 in
285 2151 350 2178 auri
365 2154 505 2179 naturam
519 2154 650 2187 exoptat,
667 2154 757 2187 atque
770 2152 800 2179 in
815 2152 845 2179 id
858 2152 1004 2180 incumbit
1015 2159 1069 2187 pro

242 2195 327 2223 virili.
339 2196 414 2228 Quid
424 2196 505 2223 enim
517 2204 577 2223 non
589 2196 711 2224 molitur
725 2199 848 2232 propter
863 2196 991 2224 aurum?
1001 2197 1070 2224 Fru-

1086 899 1106 927 Β

1123 266 1204 302 ἔχειν,
1230 267 1360 292 τοσούτων
1387 267 1460 297 ὂντας
1480 266 1693 304 εὐπορωτέρους*
1711 268 1735 294 οἱ
1763 265 1793 293 δὲ
1824 266 1944 304 δυσφο-

1122 314 1210 347 ροῦσι,
1235 313 1281 337 καὶ
1296 309 1450 346 ὀδυνῶνται,
1467 311 1507 337 ὅτι
1530 311 1584 342 ἑνός
1605 321 1656 338 που
1681 312 1696 341 ἦ
1725 309 1850 348 δευτέρου
1878 316 1942 338 τῶν

1123 355 1367 392 ὑπερπλουτούντων
1387 355 1619 392 ἀπολιμπάνονται.
1637 359 1688 383 Καὶ
1720 356 1749 382 οὐ
1775 358 1835 387 τοὺς
1859 357 1941 383 ὑπο-

1125 397 1277 438 δεεστέρους
1290 399 1530 437 ἀπαριθμούμενοι,
1540 403 1587 430 τὴν
1603 402 1666 438 ὑπὲρ
1686 401 1720 437 ᾦν
1735 402 1831 437 ἔχουσι
1842 403 1938 438 χάριν

1125 443 1309 482 ἀποπληροῡσι
1326 448 1363 480 τῷ
1381 444 1500 482 εὐεργέτῃ
1512 454 1519 461 ·
1540 445 1603 472 ἀλλὰ
1618 450 1649 482 τῇ
1663 447 1729 482 πρὸς
1747 447 1776 472 τό
1791 447 1934 483 ὑπερέχον

1125 491 1263 526 συγκρίσει
1279 497 1285 504 ·
1307 489 1367 516 ὅσον
1382 489 1565 516 ἀπολείπονται
1578 489 1749 527 λογιζόμενοι,
1766 491 1801 522 ὡς
1821 490 1933 517 οἰκείων

1125 535 1290 571 στερούμενοι
1311 538 1361 561 τῶν
1392 534 1488 572 ἑτέροις
1512 537 1671 572 προσόντων,
1691 535 1772 566 οὕτως
1801 535 1932 562 ἀνιῶνται

1123 581 1168 605 καὶ
1185 581 1405 616 καταμέμφονται.
1426 581 1459 606 Οἱ
1480 581 1531 618 ⁵Ῑίιρ
1546 584 1597 607 τῶν
1616 579 1764 616 ἀναγκαίων
1788 581 1853 617 ὅρων
1878 581 1929 612 ἔξω

1124 625 1264 660 γενόμενοι,
1280 624 1471 662 παραπλῂσίως
1492 628 1548 655 τοῖς
1565 625 1634 651 κατά
1652 629 1698 651 τοῦ
1717 629 1832 662 πρανοῦς
1849 635 1927 663 φερο-

1125 670 1221 704 μένοις,
1245 670 1311 706 πρὸς
1329 667 1405 695 οὐδὶν
1419 670 1548 705 στάσιμον
1568 670 1670 706 ἔχοντες
1685 669 1827 704 ἀποϐῆναι,
1843 668 1930 696 οὐδα-

1125 716 1175 750 μοῦ
1196 717 1241 744 τῆς
1267 713 1301 744 εἰς
1327 715 1355 740 τὸ
1377 715 1468 751 πρόσω
1494 717 1572 750 φορᾶς
1598 715 1737 741 ἱστανται·
1754 714 1808 741 ἀλλ’
1825 715 1936 752 ὅσῳπερ

1125 757 1155 783 ἂν
1182 757 1260 784 πλείω
1273 757 1544 794 προσπεριϐάλωνται,
1560 761 1607 785 τοῦ
1621 760 1682 785 ἴσου
1707 757 1823 794 δέονται,
1843 759 1859 788 ἦ
1885 761 1938 785 καὶ

1125 801 1241 833 πλείονος
1261 803 1325 839 πρὸς
1349 804 1397 831 τὴν
1423 806 1471 833 τῆς
1499 802 1638 839 ἐπιθυμίας
1662 802 1839 841 ἐκπλήρωσιν,
1860 804 1940 829 κατὰ

1125 848 1169 874 τόν
1185 845 1371 878 Ἐξηκεστίδου
1384 847 1494 882 Σόλωνα,
1511 848 1536 878 ὃς
1546 857 1612 884 φησι
1624 855 1633 865 ·

1126 945 1242 972 Πλούτου
1289 944 1315 972 δ’
1363 943 1439 972 ούδῒν
1476 947 1558 983 τέρμα
1605 948 1792 983 πιφασμένονᾲ
1808 944 1939 983 ἀνδράσι

1782 981 1893 1017 [κεῖται.

1124 1039 1165 1071 Τῷ
1186 1034 1216 1062 δὲ
1242 1033 1367 1071 Θεόγνιδι
1393 1036 1456 1073 πρὸς
1486 1038 1570 1062 ταῦτα
1597 1032 1753 1071 διδασκάλῳ
1779 1037 1933 1073 χρηστέον,

1124 1081 1223 1116 λέγοντι
1238 1088 1245 1096 ·

1125 1134 1180 1160 Οὐκ
1209 1135 1303 1172 ἔραμαι
1331 1133 1462 1172 πλουτεῖν,
1488 1133 1542 1160 οὔτ’
1564 1135 1679 1172 εῇχομαι
1694 1141 1701 1149 ⁸
1725 1132 1790 1160 ἀλλά
1812 1142 1859 1170 μοι
1887 1134 1932 1162 εἴη

1289 1169 1339 1196 ἀπὸ
1359 1174 1408 1195 τὼν
1424 1169 1517 1206 ὀλίγων
1531 1168 1615 1206 mea
1630 1168 1719 1206 ἔχοντι
1738 1168 1828 1197 κακόν,

1159 1222 1225 1258 Ἐγὼ
1248 1221 1277 1249 δὲ
1303 1225 1348 1249 καὶ
1376 1224 1511 1259 Διογένους
1537 1223 1638 1260 ἄγαμαι
1660 1225 1708 1252 τὴν
1729 1223 1831 1250 πάντων
1857 1223 1930 1258 ὁμοῦ

1123 1271 1172 1294 τῶν
1193 1267 1357 1305 ἀνθρωπίνων
1377 1268 1521 1304 ὑπεροψίαν
1545 1268 1573 1300 ὃς
1596 1277 1625 1304 γε
1648 1269 1693 1294 καὶ
1721 1267 1848 1304 βασιλέως
1873 1270 1925 1293 τοῦ

1124 1312 1236 1349 μεγάλου
1268 1312 1358 1339 ἑαυτὸν
1387 1312 1499 1349 ἀπέφηνε
1528 1313 1727 1349 πλουσιώτερον,
1757 1316 1793 1348 τῷ
1821 1312 1923 1339 ἔλατ-τό-

1123 1367 1171 1382 νων
1195 1357 1210 1386 ἦ
1238 1356 1330 1388 ἐκεῖνος
1358 1358 1427 1383 κατά
1442 1358 1486 1384 τὸν
1514 1356 1572 1394 βίον
1598 1356 1788 1395 προσδεῖσθαι.
1803 1360 1863 1388 Τοῖς
1894 1354 1927 1383 δί

1124 1401 1295 1438 πλεονέκταις,
1322 1402 1343 1428 εἰ
1367 1404 1404 1439 μὴ
1431 1403 1465 1429 τὰ
1484 1403 1583 1429 Πυθίου
1612 1406 1659 1429 τοῦ
1691 1402 1786 1429 Μυσοῦ
1810 1404 1925 1438 προσείη

1123 1447 1245 1481 τάλαντα,
1266 1449 1312 1473 καὶ
1326 1447 1424 1484 πλέθρα
1438 1451 1488 1483 γῆς
1511 1449 1579 1474 τόσα
1591 1449 1637 1473 καὶ
1661 1449 1736 1482 τόσα,
1757 1449 1803 1473 καὶ
1824 1446 1926 1483 βοσκη-

1123 1493 1210 1527 μάτων
1227 1492 1303 1528 ἑσμοὶ
1325 1492 1429 1523 πλείους
1451 1492 1465 1522 ἲ)
1491 1491 1650 1529 ἀριθμῆσαι,
1672 1490 1749 1518 οὐδὲν
1776 1491 1923 1529 ἐξαρκέσει.

1123 1536 1189 1562 Ἀλλ’
1209 1537 1295 1573 ὥσπερ
1318 1538 1343 1563 οἱ
1361 1538 1406 1567 τὰς
1430 1537 1559 1573 κλίμακας
1580 1536 1771 1572 ἀναϐαίνοντες,
1794 1536 1834 1564 ἀεὶ
1860 1539 1927 1573 πρὸς

1122 1583 1168 1610 τὴν
1181 1582 1364 1617 ὑπερκειμένην
1379 1582 1417 1617 (5)
1439 1580 1563 1618 βαθμίδα
1586 1583 1616 1608 τὸ
1645 1583 1720 1618 ἴχνος
1746 1583 1873 1619 αἴροντες,
1896 1581 1927 1608 οὐ

1122 1627 1246 1663 πρότερον
1279 1625 1445 1662 ἀφίστανται,
1477 1628 1539 1663 πρὶν
1565 1626 1596 1652 ἂν
1619 1630 1668 1657 τῆς
1698 1627 1782 1663 οῖκρας
1814 1625 1928 1662 ἀφίκων-

1122 1680 1165 1695 ται
1181 1671 1219 1703 (6)
1234 1678 1242 1685 ·
1268 1670 1336 1696 οὕτω
1355 1673 1400 1697 καὶ
1426 1670 1508 1705 οὗτοι,
1534 1671 1594 1697 ὅταν
1612 1675 1703 1697 τοῦτον
1730 1672 1774 1697 τὸν
1799 1670 1927 1697 πλούσιον

1123 1715 1325 1749 καταλάϐωσιν,
1353 1715 1427 1746 εὐθὺς
1455 1720 1491 1751 τῷ
1518 1715 1702 1754 πλουσιωτέρῳ
1736 1716 1924 1753 παρισωθῆναι

1123 1760 1296 1796 φιλονεικοῦσι
1311 1768 1317 1775 ·
1334 1759 1381 1786 κᾶν
1402 1759 1441 1787 ἐπ’
1463 1760 1556 1787 ἐκεῖνον
1576 1761 1723 1797 φθάσωσιν,
1740 1759 1782 1787 ἐπὶ
1794 1761 1838 1786 τὸν
1848 1759 1925 1786 οἷλλον

1123 1807 1169 1833 τὴν
1191 1803 1311 1834 σπουδὴν
1326 1807 1511 1843 μεταφέρουσι,
1531 1808 1576 1832 καὶ
1590 1805 1619 1832 οὐ
1639 1806 1766 1831 παύονται
1785 1809 1833 1835 τῆς
1856 1806 1926 1830 κατά

1123 1852 1169 1878 τὴν
1197 1848 1352 1876 δυναστείαν
1378 1850 1470 1886 ὁρμῆς,
1498 1850 1544 1881 ἕως
1562 1850 1593 1875 ἂν
1623 1850 1778 1885 ὑψωθέντες,
1803 1848 1854 1876 ἀπὸ
1880 1859 1926 1885 με·

1124 1897 1220 1930 τεώρου
1235 1898 1281 1920 τοῦ
1296 1897 1434 1931 πτώματος
1450 1894 1557 1925 ἑαυτοὺς
1570 1893 1765 1932 καταῤῥὴξωσι.

1160 1942 1186 1966 2.
1215 1941 1266 1965 Καὶ.
1298 1940 1385 1976 ὥσπερ
1415 1940 1439 1965 oi
1460 1939 1509 1966 ὑπὸ
1532 1941 1626 1975 μανίας
1652 1940 1800 1975 παράφοροι
1831 1939 1862 1965 οὐ
1891 1940 1925 1964 τὰ

1124 1985 1268 2020 πράγματα
1296 1983 1449 2020 βλέπουσιν,
1475 1983 1539 2010 ἀλλὰ
1562 1985 1595 2010 τὰ
1617 1983 1644 2010 ἐκ
1670 1988 1716 2010 τοῦ
1739 1984 1840 2013 παθους
1863 1993 1925 2019 φαν-

1124 2029 1266 2058 τάζονται·
1295 2028 1374 2059 οὕτως
1393 2029 1408 2057 ἡ
1438 2031 1484 2054 τοῦ
1510 2028 1662 2055 πλεονέκτου
1687 2028 1765 2064 ψυχὴ
1793 2031 1825 2063 τῇ
1856 2027 1926 2063 φιλο-

1125 2075 1266 2109 χρηματία
1288 2074 1495 2108 καταχωσθεῖσα
1515 2073 1563 2108 (7),
1588 2074 1672 2099 πάντα
1699 2074 1814 2110 χρυσὸν,
1839 2073 1926 2098 πάντα

1126 2119 1238 2155 ἄργυρον
1250 2117 1351 2153 βλέπει,
1368 2115 1461 2143 Ἥδιον
1481 2116 1511 2143 ἂν
1526 2115 1572 2153 ἴδῃ
1594 2117 1631 2153 (8)
1645 2118 1688 2144 τὸν
1702 2118 1817 2154 χρυσὸν,
1831 2117 1863 2145 τῆ
1880 2119 1925 2143 τὸν

1126 2162 1207 2191 ἣλιον.
1223 2163 1337 2198 Εὕχεται
1348 2162 1433 2188 πάντα
1445 2163 1509 2198 πρὸς
1523 2164 1571 2191 τὴν
1584 2166 1628 2188 τοῦ
1640 2165 1745 2199 χρυσοῦ
1757 2163 1834 2197 φύσιν
1847 2170 1926 2197 μετα-

1126 2206 1263 2242 ϐληθῆναι,
1277 2208 1322 2232 καὶ
1338 2205 1433 2233 ἐπινοεῖ
1450 2205 1536 2242 μέντοι
1552 2206 1609 2233 καθ’
1631 2206 1692 2232 ὅσον
1719 2206 1771 2232 οἶόν
1785 2215 1823 2233 τε.
1844 2208 1925 2232 Ποίαν

241 2242 378 2268 mentum
387 2241 420 2268 fit
431 2240 471 2268 illi
487 2248 607 2272 aurum,
616 2241 721 2268 vinum
735 2241 765 2268 in
776 2249 883 2269 aurum
894 2241 1066 2275 concrescit,

1124 2252 1173 2288 γὰρ
1188 2240 1313 2287 μηχανὴν
1329 2249 1376 2277 δια
1391 2240 1494 2288 χρυσὸν
1518 2251 1548 2277 οὐ
1568 2253 1652 2284 κινεῖ;
1667 2249 1697 2276 Ὁ
1725 2253 1796 2280 σῖτος
1821 2252 1924 2287 χρυσὸς

241 2283 317 2312 laure
335 2284 376 2312 illi
393 2284 423 2312 in
442 2292 550 2312 aurum
573 2287 745 2315 vertuntur:
771 2287 939 2314 mercatura
958 2286 1068 2321 omnis,

240 2329 338 2356 omnis
349 2329 467 2357 solertia
479 2329 558 2365 parit
568 2329 609 2357 illi
619 2337 737 2357 aurum.
746 2331 849 2365 Ipsum
858 2338 967 2357 aurum
979 2337 1067 2365 gene-

239 2375 286 2401 rat
313 2373 520 2409 semetipsum,
537 2374 610 2401 dum
635 2382 689 2410 per
704 2374 808 2402 fenora
834 2374 1067 2409 multiplicatur;

239 2425 336 2453 neque
352 2418 430 2445 ullus
445 2418 515 2445 ﬁnis
536 2418 685 2454 reperitur
705 2418 885 2454 cupiditatis.
904 2421 946 2446 Ac
968 2420 1069 2456 pueris

240 2462 364 2498 quidem
375 2463 488 2497 gulosis
499 2463 679 2499 plerumque
694 2463 937 2497 concedimus,ut
951 2464 987 2491 iis
999 2472 1067 2500 quae

242 2507 449 2543 cupiunt,sese
465 2507 586 2535 abunde
600 2507 789 2543 expleant,ut
798 2516 851 2543 per
861 2508 1009 2543 majorem
1019 2517 1068 2537 sa-

244 2552 392 2580 turitatem
413 2551 565 2580 fastidium
588 2552 662 2588 ipsis
686 2552 837 2580 afferatur.
863 2555 980 2581 Avarus
1007 2561 1069 2582 non

278 2615 315 2650 (1)
330 2616 371 2642 Ex
390 2614 473 2642 hom.
489 2614 521 2642 in
535 2618 628 2643 mari.
644 2616 793 2650 Julittam,
810 2617 857 2643 39.

333 2652 373 2693 Ex
389 2657 480 2693 serm.
491 2651 777 2693 _Deliegf2ndis_libris
788 2655 881 2686 gent.,
900 2652 960 2680 183.

280 2685 318 2721 (3)
335 2687 374 2713 Ex
389 2686 472 2713 hom.
483 2685 515 2713 in
526 2686 641 2718 divites,
656 2688 699 2713 57.

280 2723 319 2756 (4)
335 2722 379 2759 Ex
391 2722 475 2749 hom.
492 2722 523 2748 in
542 2721 615 2759 illud
631 2723 726 2756 Lucae,
741 2723 912 2759 Destruam,
931 2725 975 2751 47.

282 2758 320 2791 (ὅ)
335 2757 540 2793 Ὑπερχειμένην.
558 2757 603 2785 Sic
619 2760 775 2786 contextus
788 2757 986 2788 BasiliiJEditi
998 2767 1067 2788 uos-

246 2792 471 2829 trirﬁnoxu‘uévnv.

281 2828 320 2862 (6)
334 2828 499 2863 Ἀφίκωνται.
515 2829 599 2858 Forte
609 2828 756 2865 ἐφίκωνται.
773 2830 850 2857 EDIT-

1125 2296 1195 2331 αὐτῷ
1214 2298 1331 2332 γίνεται·
1348 2296 1361 2321 ὁ
1386 2294 1453 2325 οἶνος
1477 2295 1513 2326 εἰς
1536 2296 1640 2332 χρυσὸν
1662 2297 1876 2331 μεταπήγνυταν
1891 2296 1924 2321 τὰ

1124 2342 1181 2377 ἔρια
1192 2340 1262 2376 αὐτῷ
1285 2339 1491 2377 ἀποχρυσοῦται
1503 2347 1510 2354 '
1535 2343 1610 2366 πᾶσα
1629 2339 1752 2376 ἐμπορία,
1779 2342 1854 2365 πᾶσα
1869 2338 1922 2365 ἐπί-

1123 2395 1180 2411 νοια
1204 2386 1307 2423 χρυσὸν
1336 2384 1407 2420 αὐτῷ
1430 2385 1560 2420 προσάγει
1591 2384 1643 2420 (9).
1677 2384 1761 2414 Αὐτὸς
1788 2383 1878 2410 ἑαυτὸν
1909 2385 1921 2410 ό

1124 2433 1227 2467 χρυσὸς
1242 2429 1380 2465 ἀπο-γεννᾷ,
1392 2429 1665 2464 πολυπλασιαζόμενος
1692 2428 1717 2454 ἐν
1740 2426 1900 2464 δανείσμασι
1912 2437 1918 2444 ·

1123 2477 1167 2501 καὶ
1185 2474 1253 2505 τέλος
1278 2478 1326 2505 τῆς
1352 2473 1492 2510 ἐπιθυμίας
1518 2473 1565 2499 οὐκ
1588 2472 1775 2509 ἐξευρίσκεται.
1797 2476 1853 2499 Τῶν

1123 2521 1173 2555 γὰρ
1194 2517 1297 2545 παίδων
1316 2522 1372 2549 τοῖς
1385 2518 1486 2554 λίχνοις
1508 2516 1622 2553 ἀφειδῶς
1642 2517 1766 2549 πολλάκις
1786 2516 1915 2553 ἐνδίδομεν

1124 2568 1173 2590 τῶν
1199 2561 1437 2600 περισπουδάστων
1466 2563 1521 2598 (i0)
1551 2562 1829 2599 ὐπερεμπίμπλασθαι,
1856 2563 1914 2588 ὥστε

1158 2617 1197 2653 (7)
1209 2618 1437 2653 ,Καταχωσθιῖσοα
1454 2616 1615 2644 Contextus
1625 2617 1838 2652 πατασχιθείσα.

1160 2651 1195 2688 (8)
1208 2651 1380 2689 'Id‘p.'Forte
1396 2651 1459 2679 ἴδοι.
1475 2653 1551 2689 Enn.

1159 2689 1197 2724 (9)
1213 2687 1355 2725 Προσάγει.
1377 2689 1422 2716 Sic.
1442 2688 1581 2716 codicum
1597 2687 1670 2716 alter
1689 2689 1718 2716 et
1732 2687 1831 2716 Basilii
1854 2694 1921 2716 con-

1124 2724 1241 2752 textus.’
1248 2724 1323 2751 Editi
1337 2725 1455 2760 προάγει.

1160 2760 1218 2797 (
1229 2763 1284 2786 Τῶν
1299 2757 1547 2797 περισπουδάστων.
1562 2759 1609 2787 Sic
1620 2759 1702 2797 idem
1717 2758 1813 2788 codex
1824 2760 1853 2788 et
1867 2760 1920 2788 Ba-

1124 2795 1179 2824 silii
1192 2794 1354 2824 cbntextus.
1368 2795 1443 2825 Editi
1453 2799 1489 2830 τῷ
1508 2794 1740 2832 περισπουδάστῳ,
