4084 6378
195 307 329 365 1185

1374 295 1601 358 8ΕῆΜο
1640 292 1731 355 VI.
1770 322 1839 337 —
1876 292 1967 353 DE
2002 295 2358 356 AVARJTIA.

3415 308 3552 365 1186

187 437 265 512 τῷ
328 425 700 505 ὑπερϐάλλοντι
763 426 900 500 κόρῳ
940 427 1034 484 τὴν
1096 422 1432 501 ἀποστροφὴν
1482 421 1792 512 ἐμποιῆσαι.

1910 420 2049 512 item
2076 440 2089 479 :
2120 422 2228 480 sed
2255 437 2380 512 quo
2421 420 2698 497 pluribus
2745 420 3169 497 impletur,hoc
3197 425 3375 500 plura
3400 428 3559 487 desi-

206 526 250 573 Ο
315 515 375 574 δὲ
410 517 713 578 πλεονέκτης
737 558 752 585 ,
804 514 911 589 οὐχ
962 514 1125 577 οὕτως
1156 528 1169 543 ·
1218 512 1328 568 ἀλλ’
1390 513 1498 586 ὅσῳ
1553 510 1798 566 πλειόνων

194 610 512 685 ὶμφορεῖται,
568 607 812 663 πλειόνων
861 604 1079 679 ἐφίεται.
1138 609 1208 661 Τὸ
1420 611 1524 680 πῦρ
1587 598 1798 657 ἐπειδὰν

196 704 574 775 καταπρήσεως
623 695 848 769 ἅψηται,
910 692 1128 750 σπεύδει
1182 702 1356 749 πᾶσαν
1428 693 1799 767 ἐπινεμηθῆναι

198 793 292 848 τὴν
322 789 467 848 ῦληνο
509 791 600 841 καὶ
637 783 809 848 οὐδεὶς
846 785 988 858 αύτῷ
1036 786 1113 858 (1)
1152 793 1349 845 στῆσαι
1403 780 1646 853 δύναται,
1677 786 1799 858 πρὶν

201 881 262 932 οἶν
319 878 552 953 ἐπιλείπῃ
612 877 644 937 ἡ
694 875 814 935 ύλη.
866 878 966 931 Τόν
1024 873 1084 930 δὲ
1134 876 1436 935 πλεονέκτην
1474 878 1527 927 τί
1576 870 1799 927 δύναται

198 967 476 1041 ἐπισχείν;
510 969 679 1043 Πυρός
730 965 845 1019 ἔστι
892 965 1292 1042 χαλεπώτερος,
1318 966 1486 1018 πάντα
1533 959 1629 1017 διὰ
1673 982 1798 1015 συν-

198 1062 379 1131 εχείας
434 1061 732 1130 νεμόμενος.
790 1053 979 1109 Ἐλαϐε
1046 1057 1114 1108 τὰ
1176 1062 1270 1108 τοῦ
1332 1054 1581 1112 πλησίον·
1645 1050 1796 1114 ἄλλος

196 1145 414 1219 ἀνεφάνη
480 1150 684 1219 γείτων,
740 1149 830 1197 καὶ
884 1147 952 1197 τὰ
989 1142 1183 1198 ἐκείνου
1235 1139 1685 1208 ἐξιδιοποιήσατο.
1719 1140 1795 1194 Οὐ

194 1244 305 1300 τοῖς
333 1239 553 1290 κατόπιν
585 1237 859 1311 προσέχει,
909 1236 990 1287 ὅτι
1026 1233 1226 1288 πολλά·
1262 1232 1391 1287 ἀλλά
1427 1240 1537 1295 τοῖς
1583 1231 1796 1286 λείπου-

195 1345 299 1391 σιν,
349 1324 429 1379 ὃτι
465 1329 702 1398 γείτονας
762 1327 1031 1383 κέκτηται.
1061 1322 1173 1377 Οὐκ
1236 1323 1493 1399 εὐφραίνει
1539 1324 1607 1375 τὰ
1660 1340 1796 1380 κτη-

194 1417 363 1469 θέντα·
404 1413 534 1468 ἀλλὰ
587 1414 741 1468 λυπεῖ
783 1416 852 1468 τὰ
904 1412 1181 1487 λειπόμενα
1210 1432 1224 1448 ·
1261 1412 1321 1467 ού
1384 1420 1447 1486 τῇ
1509 1410 1794 1465 ἀπολαύσει

192 1511 291 1557 τῶν
349 1505 715 1578 συναχθέντων
752 1507 1028 1579 προσέχει,
1058 1501 1167 1556 ἀλλ’
1191 1503 1373 1555 ἑαυτὸν
1431 1497 1703 1573 ἐκδαπανᾴ
1727 1507 1791 1574 τῇ

191 1593 445 1667 ἐπιθυμίᾳ
489 1602 581 1655 τῆς
635 1599 729 1646 τοῦ
778 1592 1009 1654 πλείονος
1059 1596 1312 1654 κτήσεως.
1356 1592 1486 1646 Εἶτα
1513 1590 1795 1667 ἀγρυπνίαι

192 1682 438 1753 ἐντεῦθεν,
496 1683 552 1736 αἱ
602 1685 848 1755 μέριμναι
878 1724 895 1751 ,
945 1683 1000 1734 αἱ
1060 1677 1369 1758 φροντίδες.
1425 1686 1489 1735 Τί
1543 1685 1791 1750 ποιήσω;

1907 508 2097 568 derat.
2123 512 2201 584 (4)
2249 511 2410 583 Ignis
2456 512 2783 585 postquam
2830 528 3124 570 accensus
3180 518 3289 588 est,
3321 516 3566 576 festinat

1904 601 2222 658 materiam
2242 617 2485 659 omnem
2507 602 2835 676 depascere
2860 620 2873 657 :
2896 617 3008 660 nec
3024 603 3352 678 quisquam
3370 607 3565 680 prius-

1904 704 2091 762 quam
2121 690 2373 747 materia
2390 690 2797 759 deﬁciat,eum
2824 691 3028 749 sistere
3052 697 3272 766 potest.
3300 698 3567 752 Avarum

1906 784 2111 837 autem
2139 780 2289 853 quid
2316 784 2512 854 potest
2549 780 2877 838 cohibere?
2906 784 3047 853 Igne
3086 783 3224 857 ipso
3265 788 3354 841 est
3390 800 3568 860 aspe-

1902 868 2043 937 rior,
2076 869 2282 926 omnia
2305 870 2678 927 continenter
2710 870 3408 947 depascens.Usurpavit
3432 890 3570 948 qua:

1905 958 2161 1031 proximi
2188 963 2361 1029 sunt;
2396 958 2550 1016 alius
2598 959 2822 1032 prodiit
2850 959 3109 1031 vicinus,
3137 962 3268 1033 ejus
3322 978 3571 1036 quoque

1904 1048 2073 1105 bona
2095 1048 2209 1105 sibi
2260 1048 2629 1123 assumpsit:
2669 1050 2845 1122 500
2872 1064 2996 1107 non
3043 1051 3296 1108 attendit
3324 1052 3396 1108 iis
3429 1068 3569 1125 quae

1904 1137 2072 1210 prius
2089 1141 2264 1210 parta
2288 1137 2548 1206 fuerunt,
2572 1138 2741 1210 quod
2770 1139 2963 1196 multa
2995 1144 3165 1196 sunt:
3190 1140 3297 1196 sed
3326 1140 3400 1197 iis
3426 1156 3565 1214 quas

1904 1225 2317 1299 desunt,quod
2343 1225 2572 1283 vicinos
2599 1227 2937 1285 babet.Non
2965 1228 3207 1287 laetatur
3229 1230 3561 1304 possessis:

1905 1315 2011 1372 sed
2041 1315 2115 1372 de
2157 1315 2231 1371 iis
2272 1332 2410 1389 quae
2461 1315 2699 1388 desunt,
2732 1316 2894 1374 dolet
2921 1334 2935 1375 :
2967 1333 3164 1393 neque
3195 1319 3275 1377 ad
3318 1336 3392 1377 ea
3419 1335 3558 1393 quae

1904 1404 2205 1476 congessit
2231 1405 2599 1478 perfruenda
2627 1405 2901 1463 animum
2933 1408 3198 1482 appellit,
3233 1408 3339 1466 sed
3368 1425 3558 1483 opum

1903 1492 2271 1566 ampliorum
2300 1492 2600 1550 desiderio
2624 1494 2892 1553 absumit
2917 1497 3560 1570 semetipsum.Deinde

1902 1581 2046 1639 hinc
2074 1582 2313 1653 vigiliae,
2341 1598 2520 1651 curae,
2546 1582 2998 1641 sollicitudines.
3021 1585 3172 1651 Quid
3190 1586 3445 1643 faciam?
3462 1588 3566 1644 Di-

1902 1686 2081 1730 ruam
2102 1673 2318 1730 horrea
2330 1678 2545 1743 mea,et
2556 1673 2858 1743 ampliora
2883 1674 3113 1745 adi/ica
3122 1676 3213 1734 bo.
3225 1676 3564 1745 Stulte,hac

196 1770 406 1826 Καθελῶ
452 1789 553 1846 μου
622 1772 717 1834 τὰς
773 1769 1081 1843 ἀποθήκας,
1134 1773 1225 1824 καὶ
1289 1772 1528 1843 μείζονας
1591 1766 1797 1823 οἰκοδο-

1910 1768 2075 1820 nocte
2103 1765 2365 1821 animum
2394 1768 2561 1820 tuam
2600 1770 2874 1833 repetunt
2895 1781 2934 1822 a
2964 1770 3050 1822 te:
3074 1781 3211 1838 qua!
3238 1773 3437 1824 autem
3461 1782 3567 1838 ραι
3656 1807 3662 1811 -

193 1866 372 1933 μήσω.
421 1859 638 1936 Ἀφρον,
678 1857 727 1913 ἕν
772 1862 935 1933 ταύτῃ
985 1867 1049 1933 τῇ
1111 1864 1261 1913 νυκτὶ
1312 1858 1600 1913 ἀπαιτοῦσι
1653 1860 1798 1934 παρὰ

194 1957 293 2003 σοῦ
356 1952 452 2009 τὴν
516 1948 704 2021 ψυχήν
731 1964 747 1980 ο
806 1948 843 2002 ἂ
923 1945 984 2001 δε
1048 1949 1359 2022 ἡτοίμασας,
1435 1952 1540 2001 τίνι
1594 1950 1794 2017 forat;

194 2038 400 2100 Μείζων
438 2044 529 2099 τῆς
581 2038 791 2091 αἰωνίου
846 2035 1112 2100 κολάσεως
1140 2037 1167 2091 ὀ
1204 2036 1365 2110 γέλως
1401 2043 1497 2099 τῆς
1527 2035 1795 2099 ἀϐουλίας.

192 2128 252 2181 Ὀ
297 2130 399 2202 γὰρ
453 2126 566 2200 μετ’
609 2125 782 2200 ὀλίγον
837 2125 1169 2199 ἀνάρπαστος
1198 2125 1424 2199 ἄγεσθαι
1462 2126 1542 2198 (2)
1579 2125 1795 2200 μέλλων,

194 2218 282 2271 οἷα
334 2215 686 2290 βουλεύεται;
737 2215 948 2270 Καθελῶ
1012 2234 1114 2289 μου
1176 2218 1272 2279 τὰς
1337 2214 1623 2278 ἀποθήκας.
1686 2222 1797 2269 Κα-

194 2306 294 2369 λῶς
321 2312 527 2377 ποιεῖς,
569 2310 725 2379 φαίην
781 2306 842 2357 ἄν
900 2307 1062 2378 ἔγωγε
1115 2309 1248 2380 πρὸς
1304 2305 1458 2359 αὐτόν
1487 2319 1501 2336 ⁸
1541 2305 1668 2369 οἱξια
1693 2306 1796 2382 γὰρ

193 2398 545 2470 καθαιρέσεως
594 2398 663 2449 τά
724 2401 938 2470 ταμιεῖα
981 2402 1071 2457 τῆς
1127 2392 1339 2457 ἀδικίας
1372 2438 1387 2454 .
1447 2397 1799 2449 Κατάσκαπτε

192 2492 304 2547 ταῖς
379 2484 564 2538 ἑαυτοῦ
624 2488 835 2561 χερσὶν,
886 2484 923 2536 ἄ
967 2492 1141 2548 κακῶς
1196 2481 1550 2558 ᾠκοδόμησας
1599 2484 1687 2537 λύε
1732 2485 1799 2537 τά

197 2572 551 2648 σιτοδοχεῖα,
592 2574 705 2628 ὃθεν
767 2570 944 2637 οὐδεὶς
1017 2572 1216 2633 ἀπῆλθέ
1261 2593 1387 2627 ποτε
1457 2575 1797 2650 παραμυθίας

194 2677 396 2736 τυχων⁶
467 2662 718 2735 ἀφάνισον
769 2664 940 2715 πάντα
989 2658 1128 2714 οἶκον
1160 2704 1174 2730 ,
1206 2661 1496 2725 πλεονεξίας
1572 2661 1794 2733 φύλακα,

197 2751 559 2805 ἀποσκεύασον
616 2750 849 2825 ὀρόφους,
906 2749 1105 2823 περίελε
1159 2755 1415 2822 τοίχους,
1450 2746 1619 2813 δεῖξον
1667 2748 1798 2820 ἡλίῳ

196 2844 284 2896 τόν
349 2840 674 2914 εύρωτιῶντα
722 2847 884 2907 σῖτον,
932 2838 1156 2912 ἐξάγαγε
1211 2838 1264 2893 ἐκ
1304 2838 1537 2913 φυλακῆς
1587 2840 1674 2891 τόν
1714 2834 1800 2891 δέ-

200 2948 354 3002 σμιον
390 2927 609 2982 πλοῦτον
638 2972 654 2999 ,
697 2926 1047 3003 θριάμϐευσον
1092 2930 1160 2981 τὰ
1191 2929 1432 2981 σκοτεινά
1454 2934 1546 2981 τοῦ
1577 2931 1802 3000 μαμωνᾶ

197 3023 507 3092 καταγώγια
540 3060 553 3074 .
614 3017 825 3071 Καθελῶ
885 3036 988 3091 μου
1045 3018 1139 3081 τὰς
1197 3016 1490 3088 ἀποθήκας,
1547 3020 1638 3070 καὶ
1689 3019 1801 3090 μεί-

197 3108 348 3171 ζονας
408 3103 747 3181 οἰκοδομήσω
780 3149 794 3163 .

199 3215 298 3270 σης
336 3197 440 3269 (3),
468 3200 520 3250 τί
554 3215 680 3251 ποτε
722 3198 829 3271 ἄρα
880 3193 1212 3271 διανοηθῆση
1245 3215 1260 3267 ;
1292 3193 1428 3257 ἦπου
1476 3194 1631 3250 πάλιν
1677 3195 1804 3249 καθ-

1903 1852 2071 1923 ναδιί,
2105 1854 2279 1923 cujus
2304 1857 2483 1909 erunt
2510 1852 2558 1889 ⁸⁸
2580 1852 2609 1908 ‘I
2634 1852 2713 1923 (ὅ)
2739 1854 2875 1911 Haec
2927 1853 3122 1912 irrisio
3171 1855 3433 1913 stultitim
3464 1872 3568 1913 su-

1905 1945 2078 2014 perat
2118 1940 2484 2014 supplicium
2533 1944 2849 1998 aeternum.
2878 1942 2990 2008 Qui
3011 1943 3173 2001 enim
3216 1944 3403 2017 paulo
3432 1948 3570 2018 post

1903 2030 2235 2104 rapiendus
2263 2035 2357 2089 est
2380 2035 2437 2088 et
2457 2030 2876 2103 abducendus,
2898 2033 3105 2106 qualia
3118 2034 3181 2090 in
3204 2035 3412 2092 animo
3431 2050 3568 2093 ver-

1906 2125 2000 2178 sat
2024 2120 2316 2178 consilia?
2340 2121 2663 2179 Destruam
2686 2121 2904 2180 horrea
2918 2125 3253 2182 mea.Recte
3278 2123 3569 2195 facis,ego

1904 2211 2035 2283 ipse
2061 2211 2115 2267 ei
2141 2210 2610 2281 dixerim.Digna
2638 2211 2802 2269 enim
2832 2217 2970 2270 sunt
2995 2228 3127 2287 quae
3156 2213 3565 2283 destruantur,

1906 2299 2240 2372 iniquitatis
2287 2300 2524 2357 horrea.
2551 2300 2688 2357 Tuis
2717 2300 2847 2373 ipse
2883 2301 3169 2359 manibus
3211 2303 3381 2359 dirue
3428 2318 3567 2376 quae

1906 2388 2067 2446 male
2116 2387 2450 2447 mdiﬁcasti.
2486 2387 2660 2446 Solve
2688 2388 3111 2448 fromentarias
3157 2406 3374 2464 penus,
3402 2390 3567 2447 unde

1904 2492 2089 2535 nemo
2117 2492 2395 2550 unquam
2423 2476 2714 2535 allevatus
2743 2478 3154 2537 exiit.Destrue
3183 2494 3429 2537 omnem
3462 2478 3567 2536 do-

1907 2583 2085 2626 mum
2125 2566 2393 2624 avaritiae
2440 2566 2779 2636 custodem,
2809 2572 3006 2625 everte
3061 2572 3235 2637 tecta,
3276 2567 3566 2626 demolire

1907 2670 2137 2723 muros,
2164 2655 2414 2711 ostende
2441 2655 2554 2712 soli
2592 2655 2961 2712 frumentum
3000 2657 3325 2725 cariosum,
3350 2657 3504 2713 educ
3534 2671 3567 2713 e

1907 2759 2151 2804 carcere
2164 2744 2391 2801 vinctas
2411 2745 2818 2818 opes,produc
2833 2747 2894 2801 in
2912 2746 3227 2818 publicum
3251 2747 3570 2805 tenebrosa

1908 2849 2279 2891 mammonae
2310 2833 2626 2891 conclavia
2657 2850 2670 2889 :
2706 2837 3023 2893 Destruam
3072 2836 3289 2893 horrea
3332 2851 3484 2905 mea,
3515 2841 3570 2893 et

1908 2925 2146 2994 maiora
2166 2922 2484 2993 aediﬁcabo.
2506 2923 2681 2990 Quod
2703 2923 2754 2979 si
2768 2924 2898 2980 haec
2928 2940 3173 2997 quoque
3205 2924 3572 3009 impleveris,

1910 3012 2058 3086 quid
2086 3016 2214 3068 tum
2242 3012 2612 3083 excogitabis
2628 3013 2656 3069 ?
2676 3028 2967 3070 rursusne
2987 3014 3344 3084 destrues,et
3361 3030 3574 3071 rursus

846 3106 963 3161 Ἐὰν
1039 3104 1099 3161 δὲ
1181 3111 1273 3161 καὶ
1341 3110 1533 3169 ταύτας
1597 3104 1799 3179 ἐμπλή-

1912 3100 2278 3198 tediﬁcabis?
2303 3100 2458 3167 Quid
2483 3101 2936 3176 stultius,quam
2963 3103 3241 3160 laborare
3257 3107 3573 3177 perpetuo,

1913 3189 2210 3248 aediﬁcare
2229 3189 2565 3263 diligenter,
2592 3195 2650 3249 et
2676 3190 2991 3263 diligenter
3015 3192 3321 3249 destruere
3345 3194 3373 3250 ?

197 3290 474 3360 αιράσεις,
540 3290 632 3339 καὶ
706 3286 861 3341 πάλιν
940 3283 1345 3360 οἰκοδομήσεις;
1396 3291 1498 3341 Καὶ
1570 3291 1623 3339 τί
1686 3286 1882 3339 τούτων
1948 3280 2281 3355 ἀνοητότερον
2315 3322 2330 3347 ,
2397 3279 2658 3356 ἀπέραντα
2740 3282 2999 3354 μοχθεῖν,
3069 3278 3366 3356 οἰκοδομεῖν
3445 3285 3576 3355 μετὰ

199 3373 461 3442 σπουδῆς,
501 3378 741 3448 καὶμετά
783 3372 1021 3438 σπουδῆς
1047 3378 1314 3452 καθαιρεῖν
1344 3392 1358 3444 ;

272 3494 323 3547 3.
353 3489 459 3544 Κάν
523 3494 614 3563 μέν
680 3489 957 3565 ἀκούσῃς,
1027 3490 1279 3549 Πὼλησόν
1338 3509 1433 3544 σου
1490 3494 1557 3544 τά
1630 3491 1801 3565 ὑπάρ-

200 3599 387 3653 χοντα,
451 3584 537 3632 κοὶ
600 3575 693 3640 δός
758 3587 1017 3653 πτωχοῖς,
1082 3581 1166 3633 ἱνα
1228 3583 1356 3653 ἔχης
1403 3576 1610 3652 ἐφόδιον
1676 3584 1805 3654 πρὸς

199 3674 293 3727 τὴν
346 3668 550 3721 αἰώνιον
609 3667 920 3739 ἀπόλαυσιν,
976 3669 1183 3744 ἀπερχη
1238 3669 1554 3741 λυπούμενος
1583 3684 1597 3698 ⁸
1638 3670 1700 3721 ἄν
1747 3665 1807 3722 δὲ

201 3757 452 3831 ἀκούσῃς,
476 3761 569 3821 Δός
609 3763 871 3835 χρήματα
904 3758 1115 3831 γυναιξὶ
1168 3756 1465 3831 χλιδώσαις
1490 3802 1504 3826 ,
1536 3755 1630 3819 δός
1657 3758 1806 3812 λιθο-

204 3846 364 3916 ξόοις,
410 3850 637 3917 τέκτοσι,
676 3847 1035 3921 ψηφοθέταις,
1088 3850 1403 3922 ζωγράφοις,
1456 3852 1666 3920 χαίρεις
1739 3850 1809 3910 ὡς

204 3932 273 3995 δή
307 3955 359 3989 τι
384 3938 672 4010 χρημάτων
719 3942 1023 4012 τιώιώτερον
1080 3943 1491 4011 κατακτὼμενος·
1524 3937 1646 4009 Οὐχ
1685 3938 1810 4011 ὁρᾷς

201 4028 319 4089 τούς
382 4031 598 4100 τοίχους
642 4031 857 4091 τούτους
906 4032 1023 4090 τοὺς
1074 4030 1174 4081 ὑπό
1220 4036 1312 4082 τοῦ
1381 4033 1578 4104 χρόνου
1621 4026 1810 4103 καταρ-

201 4117 440 4192 ῥυέντας,
474 4113 543 4170 ὧν
602 4120 668 4171 τά
732 4116 952 4189 λείψανα
1003 4119 1179 4191 ὥσπερ
1230 4119 1472 4172 σκόπελοι
1526 4137 1661 4179 τινες
1717 4114 1811 4172 διὰ

203 4216 301 4270 τῆς
328 4208 523 4271 πόλεως
574 4210 754 4269 πάσης
800 4207 1100 4281 ἀνέχουσι;
1143 4212 1308 4261 Πόσοι
1352 4204 1486 4267 ἦσαν
1543 4209 1678 4261 κατά
1715 4211 1809 4266 τὴν

1982 3500 2034 3553 3.
2070 3496 2147 3567 (6)
2176 3494 2349 3562 Quod
2374 3496 2425 3552 si
2452 3496 2751 3554 audieris:
2796 3498 2989 3556 Vende
3018 3514 3151 3571 qua:
3176 3498 3377 3569 habes,
3409 3504 3465 3556 et
3491 3499 3572 3557 da

1906 3585 2280 3658 pauperibus
2306 3587 2379 3655 ⁸ο,
2401 3585 2713 3644 uthabeas
2741 3587 3027 3644 viaticum
3052 3588 3132 3645 ad
3146 3592 3433 3645 zetcrnam
3448 3587 3572 3644 feli-

1912 3675 2173 3740 citatem,
2206 3674 2337 3732 abis
2391 3675 2575 3731 tristis
2610 3692 2623 3731 :
2658 3676 2707 3732 si
2744 3693 2888 3733 vero
2927 3677 3187 3734 audieris
3222 3691 3233 3730 :
3269 3682 3355 3734 Da
3392 3692 3573 3750 pecu-

1912 3765 2045 3823 nias
2074 3763 2427 3820 mulieribus
2462 3764 2812 3833 luxuriosis,
2843 3766 2920 3821 de
2966 3766 3262 3838 lapicidis,
3292 3765 3479 3823 fabris
3500 3764 3571 3821 li-

1914 3852 2158 3924 gnariis,
2183 3851 2535 3907 hominibus
2557 3852 2820 3909 calculos
2848 3852 3568 3926 locantibus,pictoribus,

1915 3946 2058 3998 tunc
2082 3940 2331 4013 perinde
2361 3940 2592 4011 gaudes
2621 3957 2691 3998 ac
2704 3941 2753 3997 si
2773 3941 3110 4015 quidquam
3139 3942 3411 4015 pecuniis
3440 3955 3576 4015 pre-

1914 4029 2129 4086 tiosius
2160 4028 2460 4101 acquiras.
2485 4032 2614 4086 Non
2652 4029 2818 4086 vides
2845 4032 3068 4088 moenia
3112 4031 3241 4088 haec
3288 4030 3578 4103 temporis

1915 4118 2301 4175 diuturnitate
2330 4117 2623 4191 collapsa,
2655 4135 2919 4192 quorum
2963 4120 3228 4194 reliquiae
3262 4120 3426 4177 velut
3453 4136 3580 4177 sco-

1914 4207 2039 4280 puli
2065 4207 2318 4280 quidam
2334 4223 2442 4279 per
2464 4211 2651 4265 totam
2668 4208 2884 4265 urbem
2910 4209 3214 4267 eminent?
3236 4208 3580 4281 Quod,cum

203 4297 350 4351 πόλιν
388 4302 599 4361 πένητες
647 4301 841 4352 τούτων
903 4297 1255 4373 ἐγειρομένων,
1303 4298 1353 4351 οἱ
1420 4294 1515 4350 διὰ
1551 4302 1644 4356 τὴν
1691 4301 1801 4371 περῖ

1916 4301 2349 4364 extruerentur,
2384 4301 2556 4355 erant
2581 4298 2644 4354 in
2672 4300 2823 4355 urbe
2864 4316 3187 4373 pauperes,
3218 4300 3325 4372 qui
3353 4299 3432 4356 ob
3463 4298 3587 4356 col-

203 4394 367 4439 ταῦτα
397 4384 637 4445 σπουδὴν
663 4388 764 4440 ὑπὸ
804 4395 904 4439 τῶν
948 4392 1065 4441 τότε
1114 4387 1378 4440 πλουσίων
1426 4394 1808 4461 παρεωρῶντο;

209 4480 318 4526 Ποῦ
360 4479 530 4526 τοίνυν
561 4477 590 4532 ἡ
618 4474 832 4549 λαμπρά
861 4484 960 4526 τῶν
999 4478 1160 4549 ἔργων
1216 4481 1556 4543 κατασκευὴ;
1600 4484 1704 4529 ποῦ
1753 4471 1812 4529 δὲ

206 4562 233 4613 ό
266 4561 351 4614 ἐπὶ
393 4565 457 4635 τῇ
499 4565 694 4615 τούτων
742 4562 1097 4637 μεγαλουργίᾳ
1127 4563 1441 4637 ζηλούμενος
1472 4582 1485 4633 ς
1528 4564 1603 4617 Οὐ
1633 4567 1699 4616 τὰ
1722 4567 1813 4637 μὲν

209 4655 542 4724 συγκέχυται
592 4656 683 4705 καὶ
739 4652 1043 4725 ἠφάνισται,
1078 4656 1254 4727 ὥσπερ
1293 4656 1361 4707 τὰ
1395 4656 1529 4707 κατά
1589 4650 1813 4707 παιδιάν

208 4739 257 4794 ἐν
296 4747 414 4803 ταῖς
476 4739 717 4814 ψάμμοις
764 4742 865 4795 ὑπὸ
914 4749 1014 4794 τῶν
1083 4740 1291 4795 παίδων
1349 4742 1811 4816 φιλοτεχνούμενα,

207 4831 235 4882 ό
275 4826 335 4883 δὲ
373 4828 421 4882 ἐν
447 4839 520 4902 τῷ
550 4827 656 4905 ἃδη
690 4837 877 4901 κεῖται,
904 4829 989 4883 ἐπὶ
1036 4838 1098 4905 τῇ
1154 4827 1363 4905 σπουδῇ
1411 4841 1511 4884 τῶν
1577 4836 1812 4906 ματαίων

206 4919 680 4994 μεταμελούμενος;
722 4919 965 4993 Μεγάλην
1026 4922 1119 4993 ἔχε
1174 4924 1267 4980 τὴν
1304 4920 1513 4993 ψυχὴν,
1554 4920 1810 4996 ἄνθρωπε.

205 5015 397 5082 Τοῖχοι
428 5003 489 5064 δε
533 5014 624 5063 καὶ
660 5013 842 5085 μικροὶ
880 5014 970 5064 καὶ
1019 5010 1247 5083 μείζονες
1282 5015 1378 5069 τὴν
1409 5010 1572 5071 αὐτὴν
1622 5014 1813 5087 χρείαν

206 5096 472 5174 πληροῦσι
524 5104 629 5160 τοῖς
669 5099 910 5171 ἔχουσιν.
938 5096 1126 5172 Ἔχεις
1185 5096 1494 5171 ἀποθήκας,
1533 5097 1619 5155 ἐὰν
1670 5098 1815 5176 θίλῇς

280 5241 330 5280 ⁸⁸
368 5243 508 5300 Luc.
540 5257 640 5299 xu.
676 5241 858 5301 18-20.
933 5241 981 5278 δ’
1021 5239 1225 5300 Matth.
1246 5256 1359 5314 xix,
1383 5244 1475 5301 21.

313 5385 360 5457 1)
402 5385 569 5457 adi-qs.
604 5382 950 5457 Legendum
980 5382 1215 5457 videtur
1252 5384 1399 5441 αὐτό.
1428 5386 1584 5443 Enrr.

403 5454 1010 5529 fAyéqOmeodicum
1048 5455 1199 5512 alter
1232 5458 1492 5529 γενέσθαι.

314 5527 369 5606 f3)
405 5526 605 5606 ξΕμςτλὴ
614 5548 729 5602 σῃς.
764 5528 858 5589 Sic
886 5531 1138 5603 uterque
1161 5526 1355 5590 codex
1377 5534 1435 5591 et
1466 5532 1807 5593 contextus.

221 5593 374 5657 Editi
397 5593 559 5672 ἔμπλή
569 5593 696 5666 cui.

1915 4387 2108 4445 latum
2137 4388 2199 4443 in
2230 4403 2302 4444 ea
2327 4388 2596 4445 studium
2628 4405 2665 4446 a
2694 4388 2980 4446 divitibus
3005 4391 3136 4461 ejus
3168 4388 3455 4461 temporis
3478 4404 3578 4445 ne-

1919 4476 2340 4548 gligebantur?
2370 4476 2481 4533 Ubi
2526 4477 2705 4550 igitur
2760 4478 3086 4551 splendida
3141 4494 3396 4551 operum
3422 4481 3578 4533 stru-

1918 4573 2089 4623 ctura
2109 4566 2137 4621 ‘2
2166 4566 2272 4621 ubi
2300 4566 2418 4635 ille,
2449 4567 2555 4639 qui
2585 4584 2955 4641 magnopere
2983 4568 3349 4625 laudabatur
3373 4567 3452 4624 ob
3479 4583 3579 4624 e0-

1917 4671 2054 4711 rum
2073 4655 2591 4725 magniﬁcentiam
2610 4657 2638 4711 ?
2668 4660 2877 4714 Nonne
2893 4657 3018 4713 haec
3030 4656 3274 4729 quidem
3292 4656 3579 4729 prolapsa

1919 4748 1977 4801 et
2005 4742 2249 4807 abolita,
2274 4748 2339 4801 ut
2367 4760 2458 4815 ea,
2490 4761 2627 4818 quae
2652 4746 2714 4801 in
2735 4761 2921 4803 arena
2948 4762 2985 4802 a
3005 4746 3210 4819 pueris
3231 4745 3578 4801 ludentibus

1918 4837 2326 4905 exstruuntur,
2356 4833 2527 4890 illum
2571 4840 2773 4892 autem
2792 4836 2855 4891 in
2882 4835 3118 4893 inferno
3137 4835 3441 4907 jacentem
3470 4836 3579 4891 im-

1918 4925 2092 4998 pensi
2114 4922 2297 4980 rebus
2325 4924 2497 4981 vanis
2548 4924 2729 4981 studii
2767 4925 3052 4998 pcenitet?
3084 4925 3173 4982 Sis
3198 4924 3407 4982 animo
3437 4941 3576 4983 ma-

1919 5029 2062 5086 gno,
2088 5029 2125 5070 o
2154 5012 2361 5070 homo.
2386 5013 2532 5071 Muri
2558 5017 2685 5071 tum
2706 5014 2878 5087 parvi
2898 5018 3028 5072 tum
3056 5015 3268 5085 magni
3295 5014 3583 5073 eumdem

1919 5101 2374 5178 possidentibus
2401 5118 2584 5161 usum
2599 5107 2906 5177 praestant.
2937 5104 3014 5177 (7)
3040 5103 3238 5164 Habes
3264 5104 3502 5175 horrea,
3535 5103 3586 5161 si

1997 5388 2075 5461 (4)
2112 5389 2195 5445 Ex
2222 5386 2389 5461 hom.
2414 5386 2577 5447 dicta
2600 5390 2664 5448 in
2688 5390 2943 5456 Lacizis,
2975 5391 3099 5452 ενι).

1995 5460 2074 5535 (ὅ)
2114 5462 2196 5535 Ex
2224 5460 2391 5535 bom.
2414 5461 2476 5517 in
2504 5461 2654 5518 illud
2695 5464 2884 5535 Lucae,
2907 5466 3246 5535 Destruam,
3274 5461 3364 5520 48.

1996 5532 2077 5603 (6)
2116 5533 2201 5587 Ex
2226 5532 2396 5604 hom.
2424 5535 2486 5590 in
2517 5535 2749 5604 divites,
2778 5539 2865 5593 55.

1996 5607 2078 5676 (7)
2118 5605 2203 5663 Ex
2222 5603 2392 5670 hom.
2422 5604 2486 5668 in
2511 5605 2662 5668 illud
2686 5603 2879 5682 Lucae,
2910 5607 3249 5681 Destruam,
3270 5605 3362 5669 49.
