4084 6378
558 288 694 353 1187

1512 257 1882 332 APPENDIX.
1922 301 1990 310 —
2031 264 2376 324 SYMEONIS
2413 262 2931 323 unurnmsm

3786 262 3812 320 Δ
3827 252 3952 319 188

555 419 670 481 vis,
697 415 918 472 domos
947 421 1310 484 pauperum.
1338 400 1700 460 Thesauriza
1728 397 1838 453 tibi
1854 395 2204 484 tiwsaurum

2327 391 2403 449 τὰς
2463 389 2627 449 οἰκίας
2693 387 2773 460 (3)
2831 397 2932 441 ¹ι’ῶν
2985 393 3253 447 πενήτων.
3303 390 3643 460 Θησαύρισον
3720 396 3949 459 σεαυτῷ

555 507 619 562 in
646 505 786 561 caelo
804 481 1021 565 7°.Quze
1043 495 1159 552 illic
1185 490 1694 556 reconduntur,ea
1716 499 1838 541 non
1870 481 2206 552 depascun-

555 600 651 653 tur
682 593 874 659 tineae,
899 603 1021 644 non
1051 582 1314 642 corrodit
1359 579 1565 647 caries,
1589 591 1712 631 non
1742 569 2203 659 praedanturfu-

549 699 668 741 res.
701 685 770 738 At
793 657 994 750 egenis
1024 671 1350 746 impertiar,
1387 683 1524 723 cum
1555 663 1825 720 secunda
1846 661 2062 716 horrea
2089 657 2202 712 im-

548 773 811 847 plevero.
834 748 1108 835 Longum
1140 761 1245 818 tibi
1274 760 1408 816 vitae
1441 762 1678 828 tempus
1709 748 2202 847 praa_tixisti.(‘lave

2318 480 2582 550 θησαυρὸν
2647 477 2696 529 ἐν
2744 477 3070 554 ούρανῷ.Τὰ
3110 477 3215 530 ἐκεῖ
3276 476 3621 549 ἀποτιθέμενα
3655 477 3716 528 ού
3764 485 3946 538 σῆτες

2313 566 2749 638 μεταϐοσκονται,
2799 567 2857 619 ού
2924 563 3169 624 σηπεδὼν
3222 565 3534 638 ἐπινέμεται,
3594 565 3653 618 οὐ
3721 565 3938 638 λῃστάὶ

2313 652 2735 708 διακλέπτουσιν.
2762 653 2917 708 Ἀλλὰ
2963 659 3077 707 τότε
3140 651 3430 727 μεταδώσω
3467 661 3580 717 τοῖς
3625 650 3931 725 δεομένοις,

2311 745 2432 796 ὅταν
2498 746 2586 804 τὰς
2653 740 2896 819 δευτέρας
2970 742 3241 804 ἀποθήκας
3295 742 3594 816 πληρώσω.
3665 746 3928 817 Μακρούς

2312 841 2514 903 σεαυτῷ
2559 836 2680 894 τοὺς
2729 836 2952 906 χρόνους
2988 840 3085 894 τῆς
3127 832 3263 893 ζωῆς
3315 832 3524 894 ἔπηξας·
3557 836 3648 884 καὶ
3706 837 3919 900 σκόπει,

2309 927 2380 992 μή
2418 940 2474 972 σε
2523 920 2890 994 προκαταλάϐη
2921 923 2946 973 6
2974 925 3111 973 κατὰ
3163 923 3487 994 προθεσμίαν
3535 918 3774 991 ἕπείγων.
3815 925 3919 973 Καὶ

2309 1012 2412 1086 ’γὰρ
2443 1012 2472 1067 ἡ
2507 1009 2788 1082 ἐπαγγελία
2839 1010 2898 1062 ού
2955 1014 3327 1086 χρηστότητος
3384 1008 3526 1062 ἐστιν
3575 1008 3706 1061 ἀλλὰ
3752 1029 3918 1067 πονη-

544 835 601 919 te
627 856 924 934 praeﬁnita
946 854 1069 909 dies
1101 849 1392 906 festinans
1431 845 1770 918 praevertet.
1797 842 1947 934 Nam
1978 835 2202 934 pollici-

543 922 686 1008 tatio
712 946 917 1002 isthteo
969 938 1252 1012 nequitiae
1289 935 1716 1005 argumentum
1747 932 1853 990 est,
1876 941 2000 983 non
2031 922 2201 1012 beni-

546 1034 806 1109 gnitatis.
839 1011 1140 1087 Polliceris
1173 1026 1354 1095 enim,
1379 1037 1504 1078 non
1533 1025 1599 1077 ut
1626 1019 1700 1076 de
1745 1021 1979 1109 postea,
2007 1011 2113 1069 sed

549 1101 812 1199 praesens
832 1119 1390 1176 submoveas.Nunc
1421 1127 1559 1168 cum
1587 1101 2204 1199 liceat,quid‘impedit

549 1193 878 1286 quominus
904 1205 1202 1278 largiare?
1233 1207 1440 1259 Nonne
1467 1199 1638 1256 adest
1669 1195 1908 1265 indigus
1933 1193 1960 1248 ?
2001 1206 2203 1248 nonne

552 1283 731 1375 plena
753 1303 896 1356 sunt
921 1295 1179 1353 horrea?
1205 1308 1284 1349 an
1305 1305 1424 1346 non
1445 1291 1659 1362 parata
1679 1300 1910 1340 merces
1925 1283 1952 1336 ?
1981 1297 2059 1337 an
2080 1295 2204 1335 non

551 1369 783 1448 clarum
834 1388 1206 1460 prmeeptum
1244 1384 1332 1437 est
1360 1382 1418 1434 et
1445 1372 1884 1451 perspicuum?
1918 1369 2202 1426 Esuriens

551 1459 944 1545 contabescit,
973 1473 1179 1530 nudus
1221 1471 1373 1542 riget
1403 1487 1417 1524 :
1451 1463 1857 1536 strangulatur
1890 1462 2059 1534 50],
2091 1459 2141 1514 is
2169 1473 2207 1514 a

550 1585 675 1641 quo
691 1566 963 1624 debitum
983 1561 1239 1631 exigitur
1262 1577 1275 1628 ;
1308 1561 1366 1612 et
1384 1560 1448 1612 tu
1466 1554 1913 1624 eleemosynam
1931 1548 2205 1641 ditl'ersin

553 1639 884 1715 crastinum
904 1653 932 1708 ?
958 1650 1110 1708 Audi
1139 1648 1524 1706 Salomonem
1550 1663 1562 1699 :
1591 1645 1679 1699 Ne
1699 1642 1924 1697 dixeris
1947 1655 1966 1690 :
1994 1639 2112 1694 Abi
2133 1654 2206 1695 ac

2311 1103 2425 1173 ρίας
2465 1096 2762 1161 ἀπόδειξιςό
2799 1099 3119 1172 Ἐπαγγέλλη
3174 1101 3294 1172 γὰρ,
3328 1099 3435 1171 οὐχ
3488 1100 3574 1150 ἱνα
3638 1095 3744 1169 δῷς
3785 1102 3920 1172 μετὰ

2313 1191 2500 1259 ταύτὰ,
2542 1188 2646 1240 ἀλλ’
2681 1190 2764 1240 ἵνα
2802 1193 2858 1241 τὸ
2890 1192 3054 1264 παρὸν
3105 1185 3422 1263 διακρούση.
3453 1185 3595 1242 Ἐπεὶ
3640 1195 3729 1240 νῦν
3759 1208 3810 1241 τι
3859 1193 3916 1240 τὸ

2312 1278 2506 1329 κωλύον
2556 1283 2650 1336 τὴν
2707 1275 3030 1350 μετάδοσινς
3072 1278 3147 1331 Ού
3182 1279 3433 1350 πάρεστιν
3473 1279 3498 1329 6
3531 1273 3743 1342 ἐνδεηςς
3783 1277 3924 1348 οὐχὶ

2311 1366 2524 1439 πλήρεις
2557 1370 2610 1418 αἱ
2676 1365 2978 1432 ἀποθῆκαι;
3031 1368 3136 1439 οὐχ
3193 1369 3218 1419 6
3265 1368 3459 1440 μισθὸς
3518 1367 3758 1432 ἓτοιμος;
3805 1367 3920 1438 οὐχ

2315 1456 2344 1512 ἡ
2402 1455 2574 1514 ἐντολὴ
2635 1456 2945 1528 τηλαυσγής;
2984 1457 3042 1509 Ὀ
3095 1464 3276 1510 πεινῶν
3319 1462 3578 1523 τήκεται,
3636 1457 3661 1508 6
3715 1475 3926 1527 γυμνη-

2314 1547 2472 1597 τεύων
2547 1550 2843 1617 πήγνυται,
2908 1547 2934 1598 ὁ
2990 1544 3365 1618 ἀπαιτούμενος
3431 1543 3735 1617 ἀπάγχεται
3764 1559 3778 1571 ’
3837 1549 3936 1596 καὶ.

2317 1639 2382 1687 σύ
2456 1640 2549 1693 τὴν
2637 1633 2985 1707 ἐλεημοσύνην
3058 1633 3131 1696 εἰς
3203 1639 3297 1693 τὴν
3376 1637 3557 1708 αὔριον
3634 1631 3934 1690 ἀναϐάλλῃ.

551 1751 872 1807 revertere,
899 1746 954 1799 et
981 1754 1115 1796 cras
1145 1737 1320 1802 dabo,
1339 1750 1472 1791 cum
1503 1732 1676 1788 hodie
1703 1731 2048 1800 benefacere
2075 1742 2207 1797 pos-

2327 1730 2504 1777 Ἀκουε
2566 1723 2888 1796 Σολομῶντος
2922 1741 2934 1753 ·
3003 1729 3089 1782 Μὴ
3159 1727 3308 1785 εἴπης
3340 1744 3353 1757 ·
3404 1722 3723 1777 Ἐπανελθὼν
3799 1720 3939 1775 ἐπά-

552 1837 692 1892 sis"
731 1850 744 1888 :
779 1833 1026 1904 ignoras
1073 1829 1230 1885 enim
1279 1825 1424 1898 quid
1472 1823 1670 1892 pariet
1700 1821 1823 1876 dies
1847 1834 2092 1890 sequens
2121 1818 2196 1872 ⁷³.

2327 1833 2438 1872 νηκε
2467 1858 2484 1886 ,
2525 1817 2615 1865 καὶ
2654 1817 2832 1888 αὔριον
2885 1811 3062 1880 δώσω,
3105 1811 3333 1867 δυνατοῦ
3401 1833 3492 1866 σον
3552 1833 3647 1867 σου
3695 1817 3846 1873 ὄντος
3881 1810 3937 1865 εὖ

553 1928 628 1994 tt)
651 1900 958 1985 Praeterea,
989 1934 1208 1976 aurum
1234 1932 1374 1972 cum
1404 1914 1535 1980 das,
1565 1917 1622 1969 et
1651 1911 1803 1967 emis
1829 1923 2209 1982 equum,non

2327 1910 2500 1956 ποιεῖν·
2547 1903 2606 1956 ού
2662 1905 2763 1976 γὰρ
2819 1900 2970 1964 οἶδας
3020 1907 3072 1956 τί
3125 1904 3324 1967 τέξεται
3377 1905 3406 1962 ἠ
3463 1901 3707 1958 ἐπιοῦσα.
3770 1905 3930 1969 Εἶτα,

555 1989 810 2070 maeres:
845 2026 984 2066 cum
1030 2023 1170 2064 vero
1221 2004 1492 2078 peritura
1530 1998 1822 2072 impertis,
1855 2013 1923 2053 ac
1954 2012 2209 2068 regnum

2327 1997 2524 2068 χρυσὸν
2580 1997 2669 2065 μὲν
2727 1989 2936 2061 διδοὺς,
2963 1997 3052 2046 καὶ
3115 1995 3269 2045 ῖππον
3325 1999 3608 2065 κτώμενος,
3635 1992 3732 2044 οὐκ
3800 1991 3936 2045 ἀθυ-

555 2101 847 2158 ccelorum
879 2096 1124 2169 accipis,
1156 2077 1460 2164 lacrymas
1481 2088 1763 2152 effundis,
1792 2091 1850 2142 et
1895 2084 2091 2156 rejicis
2120 2099 2211 2139 ro-

2327 2091 2427 2152 usi;
2459 2099 2472 2112 ·
2517 2083 2719 2156 φθαρτὰ
2784 2077 2842 2135 δὲ
2896 2086 3194 2158 προέμενος,
3251 2086 3341 2135 καὶ
3416 2080 3690 2154 βασιλείαν
3767 2081 3934 2154 ούρα-

552 2193 819 2260 gentem,
846 2202 919 2243 ac
947 2165 1090 2240 dare
1111 2183 1694 2246 recusas,sexcentas
1723 2175 1830 2232 tibi
1857 2177 2211 2246 sumptuum

2327 2179 2416 2223 νῶν
2453 2170 2765 2243 λαμϐάνων,
2830 2165 3076 2246 δακρύεις
3111 2215 3124 2242 ,
3183 2177 3270 2224 καὶ
3322 2169 3447 2244 ἀρνῇ
3511 2175 3599 2224 τὸν
3653 2171 3932 2240 αἰτούντα,

554 2294 772 2336 causas
811 2273 1300 2332 comminiscens.
1335 2268 1490 2336 Quid
1541 2265 1938 2340 respondebis
1963 2263 2157 2334 judici
2185 2262 2212 2316 ?

553 2366 660 2441 qui
680 2365 940 2438 parietes
958 2359 1474 2429 vestis,hominem
1503 2372 1625 2412 non
1656 2355 1836 2410 vestis
1853 2353 1882 2407 ?
1900 2351 2002 2426 qui
2025 2366 2214 2424 equos

555 2438 1020 2518 ornas,fratrem
1064 2448 1126 2504 in
1167 2446 1447 2502 sordibus
1469 2447 1773 2515 jacentem
1815 2438 2157 2513 asperneris
2184 2439 2212 2492 ?

555 2542 662 2615 qui
701 2544 1046 2614 putrescere
1075 2536 1222 2592 sinis
1268 2535 1636 2592 frumentum
1661 2576 1674 2601 ,
1707 2530 2032 2587 esurientes
2089 2543 2212 2583 non

556 2630 714 2689 alis?
742 2628 850 2701 qui
877 2625 1110 2684 defodis
1136 2639 1376 2692 aurum,
1396 2636 1759 2696 oppressum
1792 2617 2127 2676 contemnis
2147 2617 2176 2670 ?

2321 2266 2412 2312 καὶ
2466 2259 2723 2322 ἀνανεύεις
2763 2265 2856 2319 τὴν
2898 2257 3049 2314 δόσιν
3076 2305 3092 2330 ,
3133 2265 3326 2336 μυρίας
3375 2263 3666 2335 προφάσεις
3732 2257 3935 2312 ἀναλω-

2321 2351 2498 2422 μάτων
2559 2349 2812 2408 ἐπινοῶν.
2864 2355 2928 2402 Τί
2976 2348 3313 2424 ἀποκριθήσῄ
3368 2358 3441 2421 τῷ
3496 2357 3692 2423 apt-qi;
3733 2350 3761 2400 6
3809 2353 3936 2409 τοὺς

2323 2442 2541 2510 τοίχους
2589 2436 2901 2510 ἀμφιεννὺς,
2949 2439 3219 2511 ἄνθρωπον
3277 2437 3370 2490 ούκ
3436 2433 3682 2504 ἐνδύεις;
3722 2437 3748 2488 ὁ
3809 2440 3938 2498 τοὺς

2322 2527 2509 2588 ἱππους
2561 2537 2790 2600 κοσμῶν,
2816 2532 2901 2580 τὸν
2942 2525 3161 2601 ἀδελφὸν
3191 2526 3604 2601 ἀσχημονοῦντα
3637 2532 3885 2600 περιορᾷς
3913 2545 3930 2593 ;

2321 2619 2348 2668 6
2389 2621 2708 2675 κατασὴπων
2737 2621 2823 2669 τὸν
2856 2625 3018 2687 σῖτον,
3047 2621 3165 2678 τοὺς
3219 2626 3495 2678 πεινῶντας
3524 2615 3584 2670 ού
3639 2619 3860 2691 τρέφεις
3896 2616 3928 2667 ὁ

2323 2711 2410 2759 τὸν
2449 2710 2656 2782 χρυσὸν
2685 2709 3051 2779 κατορύσσων,
3082 2714 3173 2760 τοῦ
3201 2705 3502 2780 ἀγχομένου
3528 2725 3664 2759 κατα
3687 2713 3891 2780 φρονεῖς
3917 2723 3932 2772 ;

628 2902 682 2954 4.
706 2901 783 2968 (2)
816 2893 1134 2962 Quomodo
1156 2890 1264 2948 tibi
1287 2889 1572 2964 pauperis
1595 2887 1966 2945 calamitates
1986 2901 2211 2958 ponam

2393 2887 2451 2941 4.
2491 2891 2605 2946 Πῶς
2637 2904 2722 2937 σοι
2751 2884 2840 2937 ὑπ’
2887 2885 3006 2955 ὄψιν
3057 2882 3236 2957 ἀγάγω
3264 2887 3332 2938 τὰ
3357 2885 3500 2943 πάθη
3533 2891 3626 2937 τοῦ
3659 2887 3880 2944 πένητος
3915 2903 3929 2950 ;

561 2987 641 3045 ob
697 2983 1078 3043 oculos?er
1125 2997 1190 3037 re
1245 2978 1524 3036 familiari
1561 2978 2017 3049 circumspecta,
2053 2974 2211 3030 videt

2328 2974 2544 3034 Ἐκεῖνος
2601 2971 3044 3049 περισκεψάμενος
3083 2976 3151 3026 τὰ
3197 2970 3380 3044 ἔνδον,
3427 2975 3546 3047 ὁρᾷ,
3586 2975 3668 3025 ὅτι
3717 2976 3935 3047 χρυσός

562 3092 779 3135 aurum
805 3073 920 3131 sibi
949 3089 1060 3129 nec
1087 3071 1324 3137 adesse,
1353 3085 1467 3125 nec
1491 3083 1764 3140 unquam
1793 3066 2079 3132 adfuisse,
2110 3063 2211 3120 sed

2327 3066 2415 3135 μὲν
2467 3063 2608 3134 αύτῷ
2655 3067 2774 3115 οὔτε
2831 3061 3013 3132 ἐστὶν,
3061 3066 3179 3116 οὔτε
3227 3067 3504 3134 γεγένηται
3559 3063 3635 3132 (4)
3696 3067 3933 3114 πώποτε·

557 3182 709 3223 vasa
737 3180 809 3222 ac
839 3167 1056 3232 vestes,
1104 3159 1300 3233 qualis
1355 3173 1488 3214 esse
1536 3156 1686 3213 solet
1712 3171 2052 3228 pauperum
2079 3170 2211 3227 pos-

2327 3155 2484 3210 σκεύη
2545 3148 2604 3205 δὲ
2654 3157 2745 3203 καὶ
2793 3151 2983 3224 ἐσθὴς,
3030 3159 3249 3205 τοιαῦτα
3311 3153 3470 3204 ὁποῖα
3519 3156 3738 3224 γένηται
3789 3169 3937 3203 πτω-

560 3256 772 3319 sessio,
827 3252 1037 3310 omnia
1090 3250 1304 3324 paucis
1349 3247 1543 3304 obolis
1586 3245 1963 3302 aestimanda.
1992 3243 2211 3316 Ecquid

2327 3251 2440 3314 χῶν
2494 3247 2740 3313 κτήματα
2767 3242 2866 3313 (ὅ),
2898 3241 3084 3314 ὀλίγων
3131 3244 3198 3294 τὰ
3244 3243 3415 3294 πάντα
3452 3239 3643 3293 ὀϐολῶν
3683 3240 3830 3302 ἄξια.
3876 3245 3943 3294 Τί

556 3346 735 3415 igitur
753 3343 782 3398 ?
811 3345 961 3400 Tum
987 3340 1237 3396 demum
1268 3338 1450 3393 miser
1492 3335 1784 3392 convertit
1833 3333 2042 3390 oculos
2071 3333 2132 3388 in
2157 3332 2211 3387 li-

2327 3327 2455 3397 οὗν;
2522 3332 2636 3383 Ἐπὶ
2684 3334 2806 3392 τούς
2869 3327 3069 3393 παῖδας
3120 3330 3299 3384 λοιπὸν
3355 3332 3382 3383 6
3429 3330 3609 3392 οῖθλιος
3675 3331 3795 3401 ἄγει
3848 3333 3942 3382 τὸν

559 3433 760 3500 beros,
793 3435 858 3487 ut
885 3430 948 3486 in
983 3430 1182 3486 forum
1220 3427 1470 3493 ducens,
1497 3425 1705 3482 mortis
1738 3424 2005 3480 inveniat
2031 3438 2219 3478 reme-

561 3523 753 3579 dium.
782 3519 884 3576 Hic
910 3517 1178 3588 urgentis
1215 3515 1394 3573 famis
1423 3529 1698 3586 pugnam
1727 3513 2090 3580 consideres,
2116 3527 2219 3568 ve-

562 3611 754 3679 lim,et
779 3607 1011 3681 paterni
1035 3605 1280 3663 amoris.
1315 3607 1523 3660 Fames
1544 3603 1791 3675 quidem
1816 3601 2221 3657 miserrimam

567 3701 824 3755 mortem
855 3695 1141 3762 minatur,
1171 3696 1390 3749 natura
1421 3707 1562 3748 vero
1588 3690 1855 3760 retrahit,
1887 3689 2223 3762 suadetque

567 3791 634 3844 ut
662 3802 787 3843 una
812 3801 951 3841 cum
1005 3782 1208 3840 liberis
1261 3781 1554 3838 moriatur
1580 3798 1592 3836 :
1621 3785 1677 3838 et
1706 3795 1866 3851 saepe
1898 3778 2220 3851 impulsus,

569 3881 630 3933 et
674 3891 837 3949 saepe
875 3877 1161 3941 retentus,
1192 3872 1438 3929 tandem
1489 3869 1848 3932 succumbit,
1871 3869 2225 3926 necessitate

567 3962 850 4036 egestatis
880 3967 1150 4018 coactus.
1181 3960 1298 4018 Sed
1321 3976 1457 4034 quae
1491 3960 1553 4016 in
1583 3960 1788 4016 animo
1818 3957 2069 4014 consilia
2095 3973 2222 4014 ver-

570 4059 666 4109 sat
694 4057 864 4125 pater
884 4052 912 4105 ?
943 4053 1133 4117 Quem
1177 4050 1442 4122 primum
1488 4047 1811 4104 divendam
1837 4047 1864 4101 ?
1893 4061 2222 4118 quemnam

567 4140 852 4198 frumenti
883 4139 1163 4196 venditor
1191 4137 1499 4194 lubentius
1518 4135 1892 4208 conspiciat?
1923 4137 2223 4193 Accedam

569 4230 651 4288 ad
674 4230 1010 4286 maximum
1039 4227 1234 4284 natu?
1259 4229 1331 4282 At
1381 4225 1574 4281 aetatis
1611 4225 1749 4296 jura
1795 4239 2094 4281 revereor.
2138 4229 2211 4280 An

2331 4223 2499 4290 ἔλθως
2551 4223 2678 4276 ἀλλὰ
2726 4220 3078 4296 δυσωποῦμαι
3132 4223 3291 4275 αὐτοῦ
3340 4224 3406 4273 τὰ
3458 4220 3726 4294 πρεσϐεῖα.
3784 4220 3952 4275 Ἀλλά

567 4319 647 4376 ad
674 4317 999 4374 minimum
1047 4316 1240 4372 natu?
1271 4319 1333 4371 at
1371 4330 1468 4370 me
1515 4315 1759 4370 miseret
1808 4313 1965 4369 illius
2011 4315 2211 4381 aetatis,

2331 4316 2419 4365 τὸν
2450 4317 2596 4380 νέον;
2648 4311 2753 4364 ἀλλ’
2798 4311 2914 4364 ἐλεῶ
2971 4317 3064 4370 τὴν
3117 4311 3324 4370 ἡλικίαν
3369 4309 3795 4368 ἁναισθητοῦσαν
3842 4320 3950 4362 τῶν

567 4406 942 4465 calamitates
990 4403 1252 4460 necdum
1297 4402 1694 4472 intelligentis.
1720 4402 1823 4458 Hic
1871 4401 2096 4458 claram
2123 4418 2211 4458 ex-

2336 4411 2634 4476 συμφορῶν.
2695 4402 2860 4464 Οὗτος
2935 4399 3165 4473 ἐναργεῖς
3229 4402 3388 4462 σώζει
3438 4407 3539 4452 τῶν
3590 4403 3778 4471 γονέων
3819 4404 3950 4460 τοὺς

569 4496 737 4554 hibet
761 4497 1080 4567 parentum
1105 4492 1400 4562 efﬁgiem:
1433 4491 1530 4547 ille
1558 4491 1812 4549 idoneus
1833 4497 1924 4548 est
1952 4492 2032 4548 ad
2052 4492 2211 4548 disci-

2332 4499 2673 4564 χαρακτῆρας
2704 4505 2718 4520 ⁸
2770 4487 2952 4550 ἐκεῖνος
2999 4485 3310 4550 ἐπιτηδείως
3356 4490 3470 4560 ἔχει
3514 4490 3645 4560 πρὸς
3709 4489 3779 4539 τὰ
3832 4507 3948 4560 μα-

570 4585 767 4657 plinas
805 4581 1145 4638 discendae.
1177 4583 1323 4650 Heu,
1351 4581 1582 4637 consilii
1620 4581 1927 4654 inopiam!
1970 4583 2099 4647 Quo
2129 4597 2227 4638 me

572 4671 850 4729 vertam?
877 4671 939 4726 in
967 4685 1150 4742 quem
1190 4669 1407 4726 horum
1437 4668 1816 4740 impingam?
1843 4669 2089 4742 qualem
2125 4668 2227 4726 be-

577 4761 704 4817 stiae
720 4759 992 4817 animum
1003 4759 1295 4815 induam?
1313 4757 1626 4830 quomodo
1638 4762 1867 4816 naturae
1883 4758 2228 4816 obliviscar?

576 4853 800 4906 Omnes
848 4850 899 4905 si
951 4863 1142 4918 servo,
1174 4849 1335 4905 fame
1393 4847 1616 4904 videbo
1669 4848 1949 4904 consumi
1993 4864 2223 4905 omnes.

576 4939 774 4994 Unum
800 4938 852 4993 si
875 4937 1225 5007 vendidero,
1252 4936 1476 5010 quibus
1523 4935 1710 4994 oculis
1753 4937 2018 5010 reliquos
2069 4937 2226 5010 aspi-

2327 3419 2612 3492 οφθαλμόν,
2671 3423 2806 3473 ὥστε
2845 3419 3054 3492 ἀγαγὼν
3112 3420 3187 3481 εἰς
3235 3424 3293 3472 τὸ
3358 3425 3670 3495 πρατήριον,
3703 3415 3942 3470 ἐντεῦθεν

2330 3509 2586 3581 εὕρασθαι
2615 3516 2706 3561 τοῦ
2756 3510 2978 3562 θανάτου
3034 3505 3408 3582 παραμυθίαν.
3462 3513 3671 3565 Νόησον
3709 3505 3946 3559 ἐνταῦθα

2329 3600 2514 3670 μάχην
2544 3597 2774 3670 ἀνάγκης
2801 3597 2958 3671 λιμοῦ
2995 3602 3085 3650 καὶ
3142 3594 3429 3658 διαθέσεως
3456 3604 3738 3670 πατρικῆς.
3757 3594 3816 3647 Ἠ
3844 3597 3947 3667 μὲν

2329 3691 2416 3738 τὸν
2445 3689 2708 3739 οἴκτιστον
2760 3688 2975 3740 Θάνατον
3028 3685 3242 3753 ἀπειλεῖ,
3279 3687 3308 3744 ἡ
3352 3682 3411 3738 δὲ
3465 3689 3620 3758 φύσις
3680 3683 3943 3756 ἀνθέλκει,

2332 3778 2704 3830 συναποθανεῖν
2765 3785 2874 3838 τοῖς
2935 3781 3132 3838 τέκνοις
3188 3777 3488 3828 πείθουσα*
3538 3779 3629 3826 καὶ
3685 3772 3949 3835 πολλάκις

2329 3868 2587 3940 ὁρμήσας,
2617 3873 2708 3920 καὶ
2741 3866 2986 3927 πολλάκις
3010 3908 3023 3933 ,
3069 3865 3340 3926 ἀνακοπεὶς
3364 3909 3378 3934 ,
3427 3864 3716 3917 τελευταῖον
3780 3862 3947 3937 ἐκρα-

2329 3958 2612 4025 τήθη,ύπὸ
2660 3965 2756 4018 τῆς
2805 3955 3092 4028 ἀναγκαίας
3148 3959 3336 4030 χρείας
3365 3951 3676 4014 ἐκϐιασθείς.
3704 3959 3808 4006 Καὶ
3855 3953 3951 4005 οἶα

2333 4044 2637 4118 βουλεύεται
2666 4047 2693 4098 6
2732 4050 2904 4120 πατὴρ
2936 4057 2950 4114 ;'
2991 4050 3120 4098 Τίνα
3147 4048 3343 4097 τούτων
3385 4041 3794 4116 diremta-thiam;
3828 4048 3950 4094 τίνοι

2333 4132 2393 4188 δὲ
2421 4131 2592 4196 ἡδέως
2621 4136 2647 4187 ὁ
2678 4134 2971 4195 σιτοπώλης
3000 4132 3182 4205 ὄψεται
3216 4151 3229 4201 ;
3271 4131 3388 4186 Ἐπὶ
3437 4135 3524 4185 τὸν
3576 4129 3950 4207 πρεσϐύτατον

2336 4582 2563 4653 ϐήματα.
2593 4587 2692 4634 Φεῡ
2720 4589 2814 4641 τῆς
2835 4578 3135 4652 ἀμηχανίας
3161 4577 3174 4632 ε
3205 4583 3299 4640 Τίς
3330 4582 3590 4650 γένωμαι;
3614 4579 3720 4628 τίνι
3739 4579 3949 4629 τούτων

2336 4671 2724 4746 προσκρούσω;
2765 4674 2917 4721 ποίαν
2999 4669 3182 4742 θηρίου
3244 4665 3432 4739 ψυχὴν
3498 4663 3785 4734 ἀναλάϐω;
3828 4674 3950 4727 πῶς

2335 4767 2431 4821 τῆς
2510 4761 2712 4832 φύσεως
2798 4757 3167 4831 ἐπιλάθωμαι;
3209 4756 3326 4810 Ἐὰν
3389 4757 3592 4808 πάντων
3659 4753 3948 4827 ἀντίσχω-

2337 4855 2464 4920 ὄμαι
2500 4849 2599 4919 (6),
2640 4851 2840 4909 πάντας
2911 4845 3111 4919 ὄψομαι
3177 4841 3576 4917 δαπανωμένους
3614 4851 3686 4915 τῷ
3760 4846 3940 4896 πάθει.

2339 4938 2458 4991 Ἐὰν
2522 4938 2608 4991 ἓνα
2669 4941 2955 5014 πρὸωμαι,
3016 4939 3188 4996 ποίοις
3246 4933 3534 5011 ὀφθαλμοῖς
3597 4935 3716 4992 τοὺς
3771 4931 3945 4984 λειπο-

644 5116 694 5149 ⁷⁰
722 5114 879 5170 Matt.
906 5129 989 5182 v1,
1009 5119 1080 5172 20
1141 5115 1185 5151 τ’
1215 5115 1388 5173 Prov.
1420 5129 1502 5188 ιιι,
1534 5118 1624 5172 28.
1701 5118 1750 5151 ⁷³
1779 5117 1945 5174 Prov.
1969 5131 2155 5185 xxvn,
2178 5120 2226 5174 t.

646 5292 726 5434 (ιζ
765 5297 843 5346 Ex
861 5290 1028 5346 hom.
1049 5292 1112 5370 in
1140 5293 1385 5364 Divites,
1412 5298 1498 5348 55.

648 5364 702 5434 (2
765 5365 850 5417 Ex
868 5362 1034 5434 hom.
1065 5378 1128 5418 1n
1154 5362 1303 5434 illud
1334 5367 1498 5420 Luca:

648 5362 726 5503 E2)
765 5365 850 5417 Ex
868 5362 1034 5418 hom.
1065 5364 1128 5418 in
1154 5362 1303 5418 illud
1334 5362 1528 5431 Lucae,
1549 5365 1891 5436 Destruam,
1916 5370 2006 5424 46.

671 5435 726 5503 3)
763 5435 867 5503 Τὰς
912 5433 1094 5493 οἰκίας.
1154 5432 1302 5489 Editi
1349 5437 1440 5495 τὰς
1487 5434 1704 5503 κοιλίας,
1738 5445 1967 5495 ventres

671 5432 726 5505 3)
763 5435 888 5512 '_I‘_&§_
912 5432 1302 5512 οἰκίδια-βῶιὶ
1343 5437 1453 5512 ’τὰς
1487 5434 1704 5508 κοιλίας,
1738 5432 1971 5512 ventres
1988 5455 2232 5512 γραεφε.

581 5503 738 5560 rum.
765 5503 970 5560 Melius
991 5503 1189 5562 Basilii
1217 5509 1532 5562 contextus
1555 5523 1624 5564 ac
1653 5503 1844 5565 nostri
1864 5503 2122 5568 codices.

655 5576 738 5648 (4)
775 5578 1073 5650 Γεγένηται.
1116 5576 1350 5651 Legitur
1400 5578 1462 5658 in
1505 5583 1781 5638 contextu
1835 5581 2035 5642 Basilii
2087 5589 2233 5655 7mi-

2344 5315 2512 5376 σεται,
2542 5316 2651 5358 nec
2678 5316 2944 5375 unquam
2971 5301 3352 5376 adfuturum.

2411 5366 2507 5442 (5)'
2530 5366 2813 5451 Κτὴριατά,
2845 5377 3022 5451 Deest
3051 5366 3125 5433 ea
3161 5391 3284 5434 vox
3311 5377 3374 5433 in
3424 5380 3680 5451 utroque
3711 5366 3948 5450 codice,

2338 5459 2609 5520 quorum
2631 5445 2779 5520 alter
2798 5446 2984 5520 habet
3001 5456 3224 5520 πτωχῷ.

2412 5517 2494 5585 (6)
2531 5515 2652 5591 ’βὰν
2671 5519 2874 5570 πάντων
2901 5515 3260 5591 ἀντίσχωμαί,
3285 5520 3422 5578 Hec
3439 5519 3646 5578 addita
3673 5535 3752 5578 ex
3780 5521 3956 5579 codi-

2342 5601 2481 5644 cum
2510 5585 2696 5647 altero
2725 5592 2784 5648 et
2805 5585 3104 5648 contextu.
