4084 6396
203 312 337 368 1189

201 438 385 507 μένους
444 426 709 503 προσίδω,
771 429 1003 486 ὕποπτος
1058 425 1241 485 αὐτοῖς
1302 418 1411 480 ἤδη
1474 416 1886 493 γεγενημένοςΔ

204 524 277 585 εἰς
323 521 606 585 ἀπιστίαν;
646 525 766 579 Πῶς
801 517 1002 574 οἰκήσω
1029 516 1123 573 τήν
1165 512 1358 579 οἰκίαν,
1390 509 1599 584 ἔμαυτῷ
1638 527 1806 561 κατα-

208 611 471 672 σκευάσας
528 613 622 667 τήν
681 603 976 672 (inuidiam;
1026 612 1138 663 πῶς
1194 606 1279 656 ἐπὶ
1327 600 1588 676 τράπεζαν
1654 598 1806 666 ἔλθω,

209 699 267 752 ἐκ
312 700 561 759 τοιαύτης
605 696 911 770 προφάσεως
956 698 1050 752 τὴν
1099 693 1344 767 εὐπορίαν
1393 692 1664 762 ἔχουσαν;
1709 690 1811 741 Καὶ

213 792 239 843 6
270 792 361 862 μεν
398 790 530 861 μετὰ
558 791 758 861 μυρίων
790 781 1032 857 δακρύων
1075 785 1162 834 τὸν
1208 780 1449 854 φίλτατον
1479 787 1578 831 τῶν
1607 773 1810 832 παίδων

216 876 612 951 ἀπεμπωλήσων
657 876 871 947 ἔρχεται
895 892 907 906 ·
960 875 1018 925 σε
1064 867 1123 925 δὲ
1169 870 1229 922 ού
1267 871 1495 941 κάμπτει
1530 870 1590 919 τό
1628 866 1811 931 πάθος,

219 967 278 1020 ού
327 966 576 1037 λογισμὸν
619 961 893 1035 λαμϐάνεις
929 969 1021 1022 τῆς
1052 962 1269 1032 φύσεως.
1302 957 1438 1032 ιΑλλ’
1471 959 1496 1010 ὁ
1526 961 1615 1029 μεν
1662 956 1816 1028 λιμὸς

222 1058 434 1129 συνέχει
484 1057 572 1106 τόν
620 1052 819 1117 ἄθλιον,
871 1054 938 1104 σὺ
991 1046 1052 1104 δε
1103 1048 1363 1119 ἀναϐάλλῃ
1412 1052 1503 1100 καὶ
1549 1046 1814 1122 εἰρωνεύῃ,

217 1148 541 1218 μακροτέραν
593 1141 734 1212 αύτῷ
786 1138 1193 1200 κατασκευάζων
1238 1142 1331 1196 τήν
1374 1138 1668 1209 συμφοράν.
1716 1137 1819 1189 Καὶ

218 1235 245 1286 6
289 1237 377 1305 μεν
424 1235 491 1285 τά
541 1230 827 1303 σπλάγχνα
865 1233 1188 1303 προτείνεται
1225 1232 1382 1300 τιμὴν
1429 1235 1529 1277 τῶν
1575 1232 1815 1300 τροφῶνο

222 1330 318 1376 σοῦ
349 1318 408 1375 δὲ
451 1321 510 1374 ού
549 1325 701 1393 μόνον
732 1318 827 1371 οὐκ
871 1317 1141 1393 ἀποναρκᾷ
1182 1319 1212 1375 ἡ
1254 1322 1401 1389 χεὶρ.
1431 1314 1490 1367 ἐκ
1518 1322 1617 1365 τῶν
1643 1314 1820 1366 τοιού-

219 1431 319 1463 των
384 1417 660 1484 συμφορῶν
726 1404 1092 1481 ὑποδεχομένη
1146 1411 1462 1478 τιμήματα·
1538 1402 1669 1454 ἀλλὰ
1730 1405 1821 1453 καὶ

222 1501 548 1572 ζυγομαχεῖς
603 1502 723 1573 περὶ
780 1504 869 1549 τοῦ
924 1496 1189 1557 πλείονος⁶
1247 1498 1338 1548 καὶ
1393 1494 1533 1553 ὅπως
1562 1490 1623 1543 ἂν
1687 1489 1821 1544 πολὺ

220 1587 387 1640 λαϐὼν
438 1587 647 1640 ἔλαττον
702 1582 845 1660 δώης
901 1585 1220 1658 φιλονεικεῖς,
1274 1582 1606 1655 πανταχόθεν
1654 1578 1822 1655 βαρύ-

222 1698 318 1730 νων
347 1682 441 1736 τήν
475 1678 746 1749 συμφορὰν
774 1684 848 1746 τῷ
875 1674 1055 1745 ἀθλίῳ.

406 1844 512 1897 Τήν
572 1833 852 1890 Σελευκίδα
900 1840 958 1889 τὸ
1012 1840 1218 1911 ὄρνεον,
1272 1833 1349 1887 ἐπ’
1390 1834 1659 1907 εὐεργεσίᾳ
1722 1839 1822 1884 τῶν

228 1927 509 2001 ἀνθρώπων
535 1972 549 1996 ,
616 1925 896 2000 ἀκόρεστον
963 1922 1094 1978 εἶναι
1157 1927 1183 1976 ό
1246 1929 1463 1986 κτίστης
1529 1931 1628 1975 τῶν
1696 1921 1823 1975 ὅλων

229 2015 646 2090 ἐμηχανήσατοο
691 2019 755 2068 σὺ
809 2011 869 2067 δὲ
917 2013 1001 2067 ἐπὶ
1046 2011 1214 2087 βλάϐη
1265 2022 1366 2064 τῶν
1412 2012 1610 2065 πολλῶν
1649 2011 1823 2085 ἀκόρε-

232 2124 354 2159 στον
400 2111 621 2158 σεαυτοῦ
664 2108 753 2163 τὴν
795 2103 981 2175 ψυχήν
1010 2106 1420 2166 κατεσκεύασας.
1453 2101 1828 2175 Ἀλληλοφάγοι

231 2203 331 2246 τῶν
379 2195 582 2266 ἰχθύων
620 2193 949 2261 οἱπλεῖστοι,
976 2193 1067 2245 καὶ
1111 2194 1137 2245 ό
1185 2197 1491 2266 μικροτέρος
1538 2182 1663 2265 παρ’
1692 2190 1828 2244 ἐκεί-

230 2303 333 2344 νοις
372 2281 564 2357 βρῶμά
608 2281 719 2335 ἐστι
763 2289 855 2335 τοῦ
893 2282 1147 2355 μείζονος.
1198 2283 1306 2335 Κοῖν
1353 2301 1477 2335 ποτε
1521 2281 1695 2354 συμϐῇ
1741 2284 1827 2333 τόν

231 2381 323 2426 τοῦ
371 2372 641 2434 ἐλάττονος
686 2391 1027 2447 κρατήσαντα
1074 2371 1247 2448 ἑτερου
1297 2373 1535 2444 γενέσθαι
1595 2373 1828 2445 θήραμα,

233 2462 333 2514 ὑπο
384 2466 478 2520 τήν
534 2466 659 2535 μίαν
706 2462 923 2533 ἄγονται
973 2465 1209 2537 γαστέρα
1255 2468 1347 2513 τοῦ
1402 2459 1719 2516 τελευταίου.
1769 2463 1832 2513 Τί

234 2546 322 2603 οὖν
352 2552 498 2623 ἡμεῖς
526 2551 792 2624 ἅνθρωποι
818 2550 891 2621 (1)
928 2549 1052 2604 ἄλλο
1081 2570 1132 2602 τι
1160 2556 1407 2624 ποιοῦμεν
1454 2549 1503 2602 ἐν
1550 2556 1612 2622 τῇ
1668 2567 1833 2601 κατα-

238 2636 527 2712 δυναστείᾳ
577 2647 677 2691 τῶν
725 2632 1147 2712 ὑποδεεστέρωνς
1176 2643 1228 2690 τί
1272 2634 1505 2711 διαφέρει
1533 2644 1624 2691 τοῦ
1667 2637 1834 2691 τελευ-

237 2733 384 2781 ταίου
438 2727 630 2799 ἰχθύος
659 2728 683 2778 6
714 2735 777 2799 τῇ
833 2728 1107 2802 Ααιμάργῳ
1146 2726 1485 2799 φιλοπλουτίᾳ
1529 2734 1634 2786 τοῖς
1672 2725 1836 2782 ἀπλη-

237 2822 423 2891 ρώτοις
488 2822 584 2877 τῆς
646 2813 941 2877 πλεονεξίας
1004 2814 1166 2867 αὐτοῦ
1230 2813 1439 2876 κόλποις
1490 2812 1837 2888 ἀποκρύπτων

241 2910 362 2966 τοὺς
422 2902 696 2971 ἀσθενείςς
748 2904 969 2966 Ἐκεῖνος
1046 2900 1146 2958 εἷλε
1202 2908 1266 2958 τὰ
1317 2912 1409 2958 τοῦ
1459 2909 1713 2967 πένητος-
1772 2907 1838 2957 σὺ

241 3002 422 3047 τοῦτον
463 2994 631 3047 λαϐὼν
679 2998 834 3070 μέρος
880 2992 1113 3053 ἐποιήσω
1161 3002 1253 3055 τῆς
1288 2999 1591 3070 περιουσίας
1630 2993 1838 3048 ἑαυτοῦ.

242 3079 469 3137 Ἀδίκων
533 3079 851 3158 ἀδικώτερος
925 3083 1140 3156 ἐφάνης,
1207 3088 1295 3136 καὶ
1353 3083 1840 3158 πλεονεκτικώτερος

242 3171 566 3229 πλεονέκτου.
615 3170 772 3248 Ὀρα,
804 3177 876 3246 μὴ
922 3176 981 3225 τό
1033 3173 1159 3227 αὐτὸ
1201 3193 1258 3227 σε
1300 3178 1462 3247 πέρας
1499 3182 1597 3227 τῶν
1640 3175 1840 3246 ἰχθύων

243 3259 541 3333 ἐκδέξηται,
603 3263 891 3337 ἄγκιστρόν
951 3282 1073 3332 που,
1144 3264 1173 3323 ἣ
1238 3266 1444 3339 κύρτος,
1508 3263 1539 3323 ἢ
1603 3260 1839 3318 δικτυον.

245 3353 454 3414 Πάντως
499 3354 599 3426 γὰρ
646 3356 737 3403 καὶ
778 3353 922 3424 ἡμεῖς
967 3352 1130 3405 πολλά
1168 3361 1268 3405 τῶν
1316 3349 1515 3406 ἀδίκων
1562 3350 1844 3416 διεξελθόν-

245 3460 347 3507 τες,
410 3444 505 3499 τήν
562 3445 860 3494 τελευταίαν
916 3445 1171 3514 τιμωρίαν
1236 3441 1329 3494 οὐκ
1395 3439 1834 3515 ἀποδρασόμεθα.

248 3531 337 3584 Ἐκ
397 3529 688 3594 πλεονεξίαν
758 3549 843 3583 σοι
901 3529 1173 3584 κατέλιπεν
1230 3532 1256 3584 6
1320 3536 1496 3605 πατὴρ
1559 3538 1841 3599 κτήματαο

248 3615 450 3681 ἀπόδος
476 3626 550 3689 τῷ
582 3613 907 3691 ἠδικημένῳ,
941 3623 1010 3691 μή
1041 3622 1106 3679 ὡς
1138 3612 1287 3671 ἰδίων
1327 3617 1601 3673 ἀντιποιοῦ
1624 3642 1636 3653 ·
1671 3619 1848 3694 ἁμαρ-

248 3714 367 3771 τίας
421 3711 530 3761 ἐστὶ
581 3707 919 3783 κληρονομία.
962 3704 1193 3769 Ἀδίκως
1239 3705 1775 3783 καταδουλωσάμενος
1820 3711 1847 3763 6

251 3801 425 3871 πατὴρ
476 3794 641 3868 ἀφῆκέ
676 3815 762 3848 σοι
802 3792 1023 3849 δοῦλονο
1072 3792 1162 3857 δός
1206 3796 1343 3868 αύτῷ
1394 3801 1461 3850 σὺ
1508 3802 1603 3858 τήν
1651 3796 1849 3851 ἐλευθε-

252 3888 389 3959 ρίαν,
421 3885 505 3938 ῖνα
548 3882 769 3958 κάκείνῳ
814 3889 1127 3962 κουφοτέραν
1172 3891 1405 3960 ποιήσῃς
1450 3892 1546 3946 τὴν
1596 3886 1851 3959 βάσανον,

253 3980 343 4028 καὶ
386 3983 588 4046 σεαυτῷ
636 3979 731 4033 τήν
779 3973 1069 4049 ἐλευθερίαν
1111 3978 1546 4050 παρασκευάσῃς.
1597 3981 1680 4036 Μὴ
1727 3995 1853 4051 προ-

254 4068 481 4141 φασίζου
510 4071 629 4129 τοὺς
678 4063 892 4129 παῖδας.
936 4063 1127 4129 Παῖδες
1170 4068 1308 4135 εἰσι;
1345 4068 1636 4145 θησαύριξε
1680 4073 1854 4131 αὐτοῖς

256 4161 521 4234 θησαυρὸν
581 4157 805 4213 αἰώνιον.
868 4158 1155 4212 Κατάλειπε
1216 4159 1397 4222 αὐτοῖς
1455 4159 1663 4232 μνύμην
1726 4158 1854 4232 ἁγα-

255 4249 369 4316 θήν,
404 4246 433 4307 ἦ
484 4246 707 4301 πλοῦτον
735 4247 815 4316 (2)
855 4247 1048 4301 πολύν·
1091 4250 1291 4311 πάντας
1340 4252 1568 4307 ποίησαι
1598 4255 1689 4302 τοῦ
1727 4268 1855 4303 παι-

255 4332 345 4398 δός
392 4344 483 4389 τοῦ
533 4344 628 4390 σοῦ
679 4341 903 4412 πατέρας
953 4334 1047 4390 διὰ
1092 4346 1185 4399 τῆς
1226 4337 1426 4400 εὐνοίας
1467 4338 1573 4410 (3).
1624 4336 1851 4412 Ἀνάγκη

258 4444 315 4477 σε
343 4444 468 4477 ποτε
509 4424 744 4477 ἀπελθεῖν
780 4433 874 4477 τοῦ
905 4424 1027 4497 βίου
1052 4442 1066 4456 '
1099 4422 1211 4479 εἶτα
1246 4429 1336 4480 τὸν
1380 4430 1472 4479 σὸν
1508 4423 1682 4480 παῖδα
1709 4425 1759 4480 ἐν
1787 4435 1850 4501 τῇ
1884 4469 1930 4524 D

256 4510 510 4582 ἀφηλικίᾳ
572 4511 942 4583 καταλείψεις,
1009 4522 1111 4565 τῶν
1182 4521 1523 4587 προεστώτων
1591 4511 1851 4588 δεόμενον,

257 4596 377 4652 Ἐὰν
425 4601 516 4672 μὲν
564 4600 715 4661 καλὸς
766 4604 857 4652 καὶ
906 4598 1105 4672 ἀγαθὸς
1152 4597 1235 4674 ᾖς,
1267 4603 1486 4665 ἕκαστος
1514 4606 1602 4655 τόν
1646 4607 1737 4655 σόν
1775 4606 1854 4656 ἔκ-

257 4707 407 4759 γονον
462 4689 636 4761 ὦσπερ
694 4683 833 4740 ἴδιον
890 4686 1165 4763 ἐκθρέψειθ
1227 4695 1545 4762 μεμνήσεται
1596 4693 1720 4764 γὰρ,
1776 4692 1859 4744 ὅτι

259 4783 350 4831 καὶ
397 4781 463 4830 συ
507 4777 739 4851 ὀρφανῶν
775 4782 949 4851 πατὴρ
998 4776 1194 4849 ἐγένου.
1243 4778 1361 4832 Ἐἀν
1419 4776 1479 4832 δε
1526 4778 1576 4832 ἄν
1631 4786 1864 4856 πονηρίᾳ

261 4870 452 4939 ζήσας,
490 4871 577 4920 καὶ
611 4866 831 4929 πολλοὺς
879 4866 1143 4936 λυπήσας,
1173 4872 1264 4921 καὶ
1309 4872 1498 4931 παντὸς
1531 4870 1715 4941 θηρίου
1745 4890 1857 4942 χα-

260 4958 543 5031 λεπώτερος
595 4960 864 5030 γενόμενος
913 4963 1023 5018 τοῖς
1082 4960 1539 5030 συντυγχάνουσιν
1562 4999 1579 5027 ,
1646 4958 1860 5023 ὑπεξέλ-

264 5049 376 5111 θοις
423 5054 517 5100 τοῦ
575 5045 721 5119 βίον,
778 5046 1046 5108 κατελιπες
1110 5049 1200 5099 τόν
1265 5051 1359 5101 σὸν
1417 5050 1624 5120 ἔκγονον
1690 5051 1860 5102 κοινὸν

259 5137 452 5212 ἐχθρὸν
494 5144 594 5189 τῶν
642 5140 869 5201 ζώντων.
911 5134 1111 5211 ’Ὠσπερ
1159 5138 1262 5212 γὰρ
1309 5139 1485 5190 τέκνον
1532 5141 1788 5212 σκορπίου
1834 5139 1863 5191 6

325 5264 411 5335 (l)
446 5262 766 5335 fAvopmroc.
803 5262 896 5320 Sic
927 5264 1181 5334 uterque
1211 5261 1399 5320 codex
1435 5265 1494 5319 et
1524 5264 1862 5319 contextus.

503 5332 789 5408 ἄνθρωποι.

336 5407 413 5478 (2)
442 5405 510 5460 Ἢ
574 5404 813 5463 πλοῦτον.
873 5404 1026 5462 Editi
1077 5405 1137 5458 οὐ
1174 5406 1416 5478 πλοῦτον.
1469 5406 1621 5463 Cum
1670 5405 1866 5465 Basilii

267 5482 557 5551 contextu
579 5478 877 5537 consentit
912 5482 1164 5551 uterque
1200 5477 1410 5534 codex.

339 5548 423 5616 (3)
470 5548 564 5601 Διά
606 5559 701 5612 τῆς
754 5551 976 5611 εὐνοίας.
1024 5548 1090 5605 In
1144 5553 1427 5607 contextu
1481 5549 1676 5608 Basilii
1720 5550 1868 5607 satis

272 5619 589 5675 commode
618 5622 1009 5682 emendatum
1037 5623 1127 5680 est
1152 5618 1245 5675 διὰ
1255 5629 1352 5683 τῆς
1378 5621 1867 5692 σῦποιίαςφεηεΐα·

1384 294 1616 355 SEBMO
1657 295 1744 350 VI.
1784 314 1855 339 -~
1892 293 1986 350 DE
2030 282 2381 349 AVARITIA.

3428 290 3566 351 H90

1913 416 2093 481 ciam,
2121 414 2240 472 illis
2264 416 2395 487 jam
2422 412 2692 487 perﬁdiae
2716 428 2790 471 ac
2810 409 3169 487 proditionis
3186 417 3433 474 nomine
3466 433 3566 475 sn-

1915 505 2202 578 spectus?
2241 503 2557 570 Quomodo
2610 502 2902 560 habitabo
2950 502 3225 573 domum,
3277 506 3385 578 qui
3422 506 3571 564 mihi

1913 596 2045 668 ipse
2066 595 2181 651 sim
2219 599 2433 650 auctor
2469 592 2741 649 orbitatis
2763 592 2791 646 ‘I
2822 592 3139 659 Quomodo
3177 594 3464 651 accedam
3489 595 3571 653 ad

1918 698 2219 752 mensam,
2285 682 2461 753 cujus
2526 681 2907 739 abundantia
2958 696 3210 738 causam
3274 684 3576 754 ejusmodi

1917 771 2101 828 habet
2121 771 2150 826 ‘?
2165 775 2357 844 Atque
2376 770 2472 827 ille
2496 769 2744 843 quidem
2764 770 3100 827 innumeris
3125 786 3266 828 cum
3284 770 3571 847 lacrymis

1920 861 2046 919 abit
2068 860 2492 918 charissimum
2515 859 2777 916 ﬁliorum
2796 859 3144 916 venditurus
3166 878 3182 916 :
3209 864 3264 918 te
3290 877 3433 918 vero
3448 877 3575 919 non

1922 951 2104 1008 ﬂectit
2127 949 2459 1021 calamitas,
2492 964 2689 1021 neque
2708 949 2983 1006 animum
3011 952 3185 1007 tuum
3210 949 3372 1007 subit
3402 955 3576 1009 natua-

1921 1055 2002 1096 rse
2045 1038 2345 1110 cogitatio.
2375 1038 2554 1111 Atqui
2580 1036 2772 1094 fames
2796 1036 3085 1094 miserum
3125 1037 3297 1094 illum
3332 1040 3573 1111 premit,

1923 1132 1989 1186 tu
2015 1144 2159 1184 vero
2197 1127 2498 1183 cunctaris
2535 1142 2606 1182 ac
2633 1125 2852 1193 illudis,
2904 1124 3315 1184 calamitatem
3364 1128 3417 1183 ei
3443 1126 3577 1184 red-

1924 1216 2075 1274 dens
2097 1216 2455 1286 longiorem.
2498 1217 2565 1272 Et
2613 1214 2710 1272 ille
2751 1214 3001 1287 quidem
3032 1215 3267 1273 viscera
3290 1232 3404 1273 sua
3440 1231 3576 1290 pre-

1926 1306 2077 1364 tium
2126 1306 2551 1362 alimentorum
2587 1304 2869 1377 porrigit;
2897 1308 3001 1361 tua
3048 1320 3191 1361 vero
3228 1321 3450 1362 manus
3504 1321 3578 1362 ex

1926 1394 2228 1467 ejusmodi
2245 1393 2686 1453 calamitatibus
2703 1394 2895 1465 pretia
2950 1392 3235 1462 referens,
3253 1408 3375 1450 non
3396 1394 3579 1452 modo

1926 1499 2052 1541 non
2090 1485 2310 1555 stupet,
2342 1482 2451 1539 sed
2480 1482 2555 1538 de
2584 1482 2776 1554 pretio
2806 1481 2990 1537 etiam
3021 1481 3356 1553 contendis,
3404 1482 3581 1555 quasi

1926 1574 2065 1647 plus
2086 1573 2232 1630 satis
2257 1572 2498 1641 offeras,
2529 1576 2713 1645 atque
2759 1571 3031 1628 studium
3056 1570 3120 1627 in
3166 1587 3238 1628 eo
3266 1572 3468 1644 ponis,
3516 1576 3582 1629 ut

1926 1662 2065 1736 plus
2084 1662 2407 1735 accipiens,
2433 1661 2636 1718 minus
2664 1659 2795 1731 des,
2824 1660 3047 1718 misero
3068 1658 3378 1719 undelibet
3403 1676 3582 1719 accu-

1927 1751 2170 1808 mulans
2197 1750 2624 1809 calamitatem.

2004 1845 2056 1896 5.
2087 1840 2165 1913 (4)
2190 1843 2378 1896 Avem
2406 1837 2778 1897 Seleucidem
2802 1840 3229 1900 universorum
3255 1842 3457 1917 opifex
3478 1842 3585 1904 ho-

1932 1929 2168 1986 minum
2219 1928 2414 1999 gratia
2443 1927 2713 1986 condidit
2761 1929 3202 2001 insatiabilem;
3243 1935 3308 1989 tu
3352 1949 3499 1991 vero
3522 1934 3587 1990 in

1931 2017 2263 2075 multorum
2291 2015 2617 2093 perniciem
2645 2018 2920 2075 animum
2961 2024 3132 2076 tuum
3161 2020 3587 2094 inexplebilem

1934 2106 2202 2164 eﬁecisti.
2232 2106 2315 2180 (5)
2354 2106 2616 2163 Piscium
2658 2106 2903 2179 plurimi
2954 2113 3174 2167 vorant
3209 2126 3272 2167 se
3304 2110 3586 2181 invicem,

1936 2197 2258 2269 minorque
2297 2196 2463 2269 apud
2494 2196 2631 2254 illos
2679 2196 3035 2255 alimentum
3072 2204 3161 2257 est
3200 2201 3471 2272 majoris.
3521 2203 3591 2260 Et

1937 2286 1989 2343 si
2015 2301 2289 2358 unquam
2329 2284 2661 2355 contigerit,
2705 2289 2772 2343 ut
2823 2287 2875 2342 is
2920 2287 3026 2360 qui
3057 2288 3232 2361 502
3290 2289 3592 2346 minorem

1938 2377 2343 2447 superaverat,
2376 2373 2621 2430 alterius
2658 2374 2765 2430 ﬁat
2794 2375 3033 2447 praeda:
3074 2377 3259 2433 ambo
3299 2377 3363 2433 in
3400 2393 3594 2434 unum

1938 2467 1997 2521 et
2014 2462 2300 2520 eumdem
2319 2463 2663 2535 posterioris
2682 2467 2956 2520 ventrem
2973 2464 3412 2535 ingrediuntur.
3444 2465 3598 2531 Quid

1938 2552 2119 2624 igitur
2146 2550 2316 2608 aliud
2338 2566 2453 2608 nos
2481 2550 2759 2608 homines
2794 2552 3054 2624 agimus,
3093 2552 3245 2612 dum
3286 2554 3597 2627 tyrannica

1943 2646 2001 2698 et
2055 2640 2325 2713 potentia
2373 2639 2778 2713 opprimimus
2837 2641 3192 2700 inferiores?
3218 2642 3371 2709 Quid
3408 2660 3447 2700 a
3490 2659 3599 2716 po-

1945 2734 2170 2786 stremo
2196 2728 2364 2801 pisce
2391 2727 2591 2785 differt
2614 2727 2687 2797 is,
2718 2730 2824 2802 qui
2848 2745 2974 2802 prie
3019 2731 3226 2788 voraci
3249 2730 3599 2789 divitiarum

1946 2817 2275 2891 cupiditate
2310 2816 2371 2873 in
2400 2816 2865 2890 inexplebilibus
2894 2818 3158 2876 avaritiae
3198 2835 3322 2876 sum
3364 2820 3599 2877 sinibus

1946 2905 2276 2964 imbecilles
2337 2905 2708 2963 abscondit?
2765 2905 2865 2962 Ille
2910 2907 3260 2981 possidebat
3316 2907 3603 2983 pauperis

1946 2995 2141 3054 bona:
2178 2998 2242 3052 tu
2280 2995 2486 3068 ipsum
2513 2995 2965 3068 apprehensum
3003 2995 3191 3054 fecisti
3243 3002 3360 3055 tuas
3404 2997 3602 3071 ipsius

1948 3084 2272 3158 opulentiae
2300 3088 2561 3157 partem.
2619 3084 2861 3156 lnjustis
2886 3085 3289 3157 injustiorem.
3312 3090 3373 3144 et
3397 3087 3606 3159 rapaci

1948 3173 2326 3248 rapaciorem
2364 3179 2421 3232 te
2465 3174 2796 3231 ostendisti.
2849 3176 3001 3232 Cave
3053 3176 3314 3250 excipiat
3349 3181 3405 3235 te
3439 3177 3605 3235 idem

1950 3264 2106 3336 ﬁnis,
2133 3262 2239 3337 qui
2259 3263 2453 3336 pisces
2477 3281 2490 3316 :
2511 3262 2734 3320 hamus
2776 3262 3072 3332 videlicet,
3117 3269 3223 3322 aut
3257 3281 3463 3333 nassa,
3502 3270 3611 3324 aut

1950 3358 2096 3411 rete.
2126 3352 2385 3410 Omnino
2406 3352 2568 3409 enim
2589 3356 2647 3409 et
2664 3368 2799 3420 nos,
2828 3352 2881 3408 si
2903 3353 3160 3410 multum
3181 3352 3610 3411 admiserimus

1952 3441 2307 3515 iniquitatis,
2330 3441 2603 3498 ultimam
2622 3457 2746 3498 non
2764 3441 3121 3513 effugiemus
3141 3458 3410 3517 pmnam.
3429 3447 3449 3468 ‘
3467 3446 3612 3501 Pos-

1954 3533 2258 3588 sessiones
2294 3546 2404 3605 per
2447 3531 2729 3603 rapinam
2756 3534 2966 3604 partas
2990 3531 3100 3589 tibi
3140 3531 3379 3606 reliquit
3404 3537 3610 3606 pater:

1952 3619 2140 3678 redde
2171 3624 2235 3678 tu
2256 3619 2479 3693 injuria
2498 3619 2735 3683 affecto,
2758 3635 2834 3677 ne
2855 3624 2920 3677 tu
2947 3620 3055 3678 tibi
3098 3636 3203 3678 eas
3242 3626 3310 3678 ut
3335 3623 3615 3694 proprias

1954 3709 2233 3777 vindica;
2281 3709 2510 3781 peccati
2534 3712 2628 3765 est
2651 3707 2992 3765 haereditas.
3027 3709 3249 3780 Injuste
3275 3709 3340 3765 in
3367 3709 3616 3767 servitu-

1956 3803 2081 3857 tem
2108 3798 2421 3855 redactum
2443 3796 2552 3854 tibi
2577 3814 2818 3854 servum
2856 3797 3095 3871 reliquit
3139 3802 3511 3871 paterzeum
3548 3802 3617 3856 tu

1958 3886 2232 3945 libertate
2257 3886 2441 3956 dona,
2469 3890 2535 3943 ut
2563 3889 2622 3943 et
2648 3885 2732 3941 illi
2776 3884 3002 3943 efﬁcias
3029 3886 3256 3944 leviora
3293 3890 3613 3956 tormenta,

1961 3976 2190 4049 tibique
2207 3974 2546 4032 libertatem
2590 3990 2788 4047 pares.
2840 3973 2916 4047 (6)
2946 3977 3028 4031 Ne
3057 3974 3322 4032 causeris
3370 3975 3615 4033 liberos.

1965 4067 2113 4123 Sunt
2138 4063 2244 4121 tibi
2266 4063 2484 4121 liberi?
2507 4062 2720 4133 collige
2750 4062 2896 4135 ipsis
2920 4062 3278 4120 thesaurum
3298 4068 3618 4122 aeternum.

1963 4153 2249 4227 Relinque
2275 4151 2389 4209 illis
2417 4151 2896 4209 recordationem
2916 4151 3166 4224 bonam,
3198 4154 3400 4225 magis
3429 4170 3620 4228 quam

1962 4242 2202 4300 divitias
2233 4241 2477 4300 multas.
2510 4244 2624 4299 Fac
2667 4240 3113 4313 benevolentia,
3150 4245 3219 4299 ut
3245 4257 3459 4299 omnes
3512 4241 3623 4299 ﬁlii

1962 4331 2049 4390 tui
2078 4332 2197 4389 sint
2223 4336 2443 4407 patres.
2475 4330 2816 4403 Aliquando
2843 4330 2919 4388 de
2938 4331 3061 4388 vita
3079 4330 3340 4388 decedas
3367 4346 3621 4388 necesse

1963 4424 2087 4490 est;
2120 4421 2340 4478 deinde
2368 4420 2561 4477 ﬁlium
2591 4425 2763 4477 tuum
2791 4419 2853 4477 in
2882 4419 3212 4478 immatura
3241 4423 3409 4477 estate
3444 4418 3623 4476 relin-

1963 4527 2115 4584 ques
2146 4510 2347 4568 adhuc
2385 4508 2683 4567 tutoribus
2710 4513 3008 4581 egentem.
3033 4509 3204 4577 Quod
3244 4510 3295 4567 si
3329 4510 3624 4567 honestus

1965 4598 2146 4657 fueris
2177 4604 2235 4656 et
2265 4599 2486 4669 bonus,
2502 4599 2922 4672 unusquisque
2948 4598 3139 4655 ﬁlium
3160 4604 3333 4656 tuum
3348 4603 3415 4657 ut
3442 4612 3625 4656 suum

1965 4687 2258 4757 enutriet;
2301 4703 2448 4744 nam
2504 4687 2590 4743 eis
2642 4687 2706 4743 in
2744 4691 3011 4743 mentem
3074 4685 3271 4744 veniet
3325 4685 3509 4743 fuisse
3564 4691 3627 4744 te

1966 4792 2214 4852 quoque
2246 4777 2661 4851 orphanorum
2711 4781 2949 4849 patrem
2974 4788 2999 4841 ;‘
3030 4776 3126 4833 sin
3175 4779 3380 4833 autem
3406 4779 3626 4849 postea

1968 4883 2157 4942 quam
2176 4866 2239 4923 in
2267 4866 2497 4923 malitia
2523 4865 2765 4935 vixeris,
2802 4864 3149 4937 multosque
3178 4864 3449 4922 effeceris
3478 4882 3627 4923 mae-

1970 4971 2126 5027 rore,
2158 4959 2215 5013 et
2232 4955 2295 5013 in
2314 4971 2420 5012 eos
2446 4954 2553 5028 qui
2591 4958 2791 5011 tecum
2819 4953 3294 5025 congrediuntur
3311 4954 3440 5014 fera
3456 4956 3629 5013 omni

1971 5046 2153 5104 fueris
2176 5045 2470 5111 acerbior,
2500 5045 2582 5101 ita
2602 5044 2855 5100 demum
2885 5043 3116 5115 migras
3139 5043 3216 5101 de
3241 5044 3402 5112 vita;
3430 5044 3629 5102 ﬁlium

1972 5141 2147 5194 tuum
2183 5133 2474 5208 reliquisti
2523 5146 2916 5191 communem
2976 5131 3306 5191 viventium
3361 5133 3631 5192 hostem.

1976 5262 2203 5331 ciendo,
2218 5259 2498 5333 quamvis
2526 5258 2650 5315 duo
2669 5261 2907 5333 tantum
2937 5257 3175 5333 codices
3200 5258 3359 5317 hanc
3374 5257 3630 5333 scriptu-

1973 5349 2108 5391 ram
2139 5329 2494 5405 agnoscant,
2534 5330 2734 5405 caeteri
2771 5346 2912 5386 cum
2939 5329 3114 5387 editis
3152 5329 3554 5388 consentiant.

2044 5403 2229 5476 (4)121
2252 5403 2418 5476 hom.
2452 5404 2518 5459 in
2546 5404 2784 5476 divites,
2826 5405 2918 5459 57.

2045 5473 2126 5547 (5)
2164 5478 2250 5531 Ex
2269 5473 2451 5547 hom.
2481 5486 2559 5547 vn
2592 5474 3012 5547 inﬂexam”
3040 5473 3132 5531 65.

2046 5544 2126 5620 (6)
2156 5549 2241 5604 Ex
2266 5545 2434 5606 hom.
2466 5544 2627 5604 dicta
2653 5544 2719 5602 in
2746 5546 3001 5612 Lac-isis,
3031 5548 3162 5618 591,
