4084 6446
558 302 687 365 1191

1512 296 1881 359 APPENDIX.
1920 327 1988 342 --
2027 294 2385 359 SYMEONIS
2423 299 2955 362 METAPHRASTJE

3785 312 3945 371 1192

553 428 1091 499 Quemadmodum
1109 424 1272 486 enim
1282 427 1388 502 qui
1398 426 1621 501 scorpii
1645 429 1859 484 natum
1886 439 2195 499 conspexe

2327 425 2639 500 θεασάμενος
2702 426 2968 501 φοϐεῖται,
3036 434 3110 503 μή
3174 449 3298 487 ποτε
3366 433 3439 496 εἰς
3501 432 3711 494 ἡλικίαν
3785 436 3944 491 ἐλθὸν

549 521 646 588 rit,
693 521 863 578 timet
913 534 991 577 ne
1043 519 1294 593 quando
1347 521 1523 576 aetate
1558 516 1900 590 provectior
1947 514 2211 574 imitetur

552 614 821 683 patrem:
872 610 959 667 ita
994 609 1175 666 etiam
1205 608 1321 665 tuis
1368 606 1572 664 liberis
1622 610 1889 679 paternae
1926 605 2209 678 nequitiae

550 697 919 769 haeredibus,
959 698 1322 771 priusquam
1369 695 1450 754 ad
1517 698 1754 753 aetatem
1805 695 2207 769 pervenerint,

552 792 858 846 struentur
883 787 962 845 ab
987 786 1273 844 omnibus
1302 784 1553 842 insidiis.
1584 785 1602 854 (
1612 786 1663 858 1)
1686 786 1837 841 Nam
1861 789 1927 840 ut
1954 782 2210 841 ﬂumina

551 893 626 935 ex
661 892 854 950 parvo
874 876 1041 933 initio
1071 875 1362 949 profecta,
1394 874 1613 932 deinde
1633 889 1743 948 per
1767 889 1872 931 eas
1897 888 2035 947 quae
2060 888 2206 948 pau-

547 965 718 1024 latim
745 965 901 1022 ﬁunt
929 965 1307 1022 accessiones
1336 962 1790 1021 intolerabiliter
1808 967 2006 1032 aucta,
2033 962 2208 1036 quid-

548 1055 696 1128 quid
716 1055 1016 1112 obsistitet
1044 1054 1341 1126 objicitur,
1372 1053 1434 1110 id
1463 1052 1725 1110 violento
1747 1052 1977 1125 impetu
2002 1067 2207 1109 secum

547 1143 830 1213 trahunt;
870 1144 953 1201 ita
981 1144 1163 1200 etiam
1193 1143 1407 1200 divites
1429 1159 1499 1198 ex
1530 1158 1723 1216 parva
1769 1141 2039 1214 potentia
2077 1156 2212 1214 pro—

547 1232 824 1303 deuntes,
863 1233 971 1290 ubi
997 1249 1070 1290 ex
1093 1233 1167 1289 iis
1194 1249 1349 1306 quos
1378 1234 1507 1305 jam
1532 1231 1803 1306 potentia
1828 1247 1940 1288 sua
1965 1246 2212 1304 oppres-

547 1338 675 1380 sere
685 1323 1015 1382 inferendae
1028 1324 1261 1397 injuriae
1275 1323 1620 1381 facultatem
1632 1322 1988 1396 ampliorem
2001 1320 2210 1393 adepti

545 1416 705 1481 sunt,
737 1417 881 1470 tunc
905 1413 1172 1487 reliquos
1196 1429 1319 1471 una
1350 1429 1488 1469 cum
1516 1412 1587 1468 iis
1618 1428 1772 1484 quos
1797 1411 1965 1484 prius
1990 1411 2210 1482 injuria

548 1501 823 1571 affecere,
850 1502 1133 1573 redigunt
1155 1502 1217 1559 in
1246 1502 1609 1571 servitutem,
1627 1500 1815 1572 fitque
1838 1501 1985 1573 ipsis
2011 1503 2209 1573 potes-

546 1591 683 1648 tatis
699 1591 1142 1649 incrementum
1164 1591 1522 1663 magnitudo
1537 1591 1837 1664 nequitiee,
1862 1606 2002 1647 cum
2022 1606 2211 1652 unus-

543 1680 805 1754 quisque
835 1695 1040 1737 eorum
1070 1681 1175 1755 qui
1199 1681 1329 1753 jam
1354 1680 1577 1753 injuria
1600 1679 1796 1738 affecti
1821 1684 1978 1750 sunt,
2011 1683 2208 1753 magis

2317 519 2626 588 μιμήσηται
2685 520 2773 569 τὸν
2837 522 3039 593 πατέρα
3065 536 3079 550 ⁸
3129 521 3265 574 οὕτω
3319 526 3411 576 καὶ
3473 525 3540 576 τὰ
3601 528 3673 578 σα
3739 528 3945 598 ἔκγονα

2316 608 2571 677 πονηρίας
2621 614 2881 681 πατρικῆς
2938 606 3066 661 εἶναι
3120 608 3419 685 κληρονόμα
3484 612 3937 688 ὑποπτευόμενα,

2314 697 2437 767 πρὶν
2502 695 2568 755 εἰς
2633 694 2841 754 ἠλικίαν
2905 695 3088 770 ἐλθεῖν,
3148 703 3293 775 παρὰ
3351 703 3557 753 πάντων
3623 701 3938 759 ἐπιϐουλευ-

2318 783 2557 841 θήσεται.
2587 781 2674 847 Ὠς
2715 787 2818 860 γὰρ
2868 787 2917 838 οἱ
2962 793 3190 860 ποταμοὶ
3228 791 3284 840 ἐκ
3337 796 3528 864 μικρᾶς
3570 799 3667 854 τῆς
3706 799 3933 868 πρώτης

2317 869 2495 947 ἀρχῆς
2536 873 2865 945 ὁρμηθέντες,
2898 871 3009 929 εἶτα
3055 884 3173 939 ταῖς
3216 877 3335 930 κτα’
3380 878 3552 951 ὀλίγον
3588 883 3931 955 προσθήκαις

2318 958 2675 1015 ἀνυπόστατον
2737 961 3076 1036 λαμϐάνοντες
3135 970 3229 1025 τὴν
3295 967 3516 1030 αὔξησιν
3543 1011 3558 1040 ,
3617 978 3692 1041 τῷ
3763 970 3930 1045 βιαίῳ

2317 1057 2409 1113 τῆς
2465 1056 2621 1124 φορᾶς
2672 1055 2731 1104 τὸ
2783 1051 3110 1126 ἐνιστάμενον
3159 1060 3605 1129 παρασύρουσιν·
3659 1060 3798 1113 οὕτω
3851 1058 3923 1122 δη

2316 1143 2407 1192 καὶ
2445 1141 2495 1193 οἱ
2535 1139 2780 1194 πλούσιοι
2825 1140 2881 1194 ἐκ
2917 1149 3107 1218 μικρᾶς
3154 1140 3423 1218 δυνάμεως
3452 1147 3794 1220 προελθόντες
3825 1152 3926 1224 (6),

2317 1234 2407 1283 καὶ
2450 1228 2505 1282 ἔκ
2544 1237 2647 1282 τῶν
2694 1226 2803 1289 ἤδη
2854 1228 3444 1288 καταδυναστευθέντων
3488 1241 3584 1295 τὴν
3615 1245 3708 1291 τοῦ
3751 1239 3927 1294 πλεῖον

2318 1314 2519 1371 ἀδικεῖν
2582 1315 2806 1393 δύναμιν
2867 1320 3383 1395 προσλαμϐάνοντες,
3451 1332 3562 1388 τοῖς
3627 1325 3930 1401 προηδικη-

2317 1412 2488 1478 μένοις
2532 1412 2649 1470 τοὺς
2704 1408 3032 1481 λειπομένους
3069 1408 3546 1483 καταδουλοῦνται,
3588 1421 3680 1469 καὶ
3724 1422 3927 1487 γίνεται

2318 1498 2495 1558 αὐτοῖς
2535 1494 2807 1571 δυνάμεως
2853 1498 3072 1561 αὔξησις
3111 1502 3139 1558 ἡ
3181 1507 3464 1577 περιουσία
3501 1512 3593 1564 τῆς
3646 1513 3930 1581 πονηρίας,

2315 1586 2522 1641 πλείονα
2562 1586 2714 1659 λόγον
2767 1587 2988 1641 ἑκάστου
3037 1596 3137 1641 τῶν
3192 1586 3523 1664 ἠδικημένων
3578 1596 3800 1665 ἔχοντος
3853 1602 3930 1669 μή

2314 1677 2637 1750 προσπαθεῖν
2684 1680 2961 1750 τι-ξκακόν,
2994 1677 3024 1736 ἣ
3073 1673 3230 1736 δίκην
3270 1677 3442 1732 λαϐεῖν
3490 1682 3617 1754 ὑπὲρ
3647 1690 3752 1735 τῶν
3792 1686 3935 1755 φθα-

545 1768 832 1827 sollicitus
863 1771 958 1842 sit,
982 1786 1059 1827 ne
1084 1770 1233 1843 quid
1260 1769 1406 1827 mali
1426 1769 1672 1828 ulterius
1704 1770 1986 1843 patiatur,
2017 1786 2203 1844 quam
2234 1778 2277 1836 B
2317 1766 2537 1824 σάντων.

543 1860 612 1913 ut
639 1857 714 1915 de
750 1859 821 1915 iis
858 1875 996 1933 quae
1026 1875 1351 1933 perpessus
1377 1864 1487 1930 est,
1515 1858 1845 1916 vindictam
1876 1862 2095 1918 sumat.

616 1950 669 2004 6.
711 1948 791 2021 (2)
819 1951 898 2005 Ne
927 1948 1109 2020 igitur
1147 1948 1547 2021 concupiscas
1583 1963 1763 2019 agros
1792 1947 2072 2020 proximi.
2123 1951 2204 2006 Ne

542 2035 782 2095 sulcum
829 2037 995 2095 sulco
1048 2037 1364 2110 adjiciens,
1424 2053 1644 2109 agrum
1686 2041 1859 2094 tuum
1906 2035 2200 2110 paulatim

539 2125 870 2198 adaugeas.
920 2128 1226 2193 Quantum
1274 2126 1438 2184 enim
1482 2143 1554 2183 ex
1609 2125 1806 2185 aliena
1854 2125 2203 2184 accessione

541 2220 763 2274 terram
783 2217 1146 2283 dilataveris,
1187 2220 1356 2274 tanto
1383 2216 1587 2289 majus
1618 2218 1936 2289 peccatum
1966 2215 2075 2273 tibi
2102 2231 2202 2274 ac-

540 2307 743 2363 cersis.
767 2309 835 2363 Et
859 2311 1017 2364 terra
1034 2306 1283 2379 quidem
1321 2322 1459 2379 quae
1480 2305 1588 2362 tibi
1615 2304 1910 2378 paulatim
1933 2320 2200 2362 accesse-

539 2399 657 2460 rat,
704 2399 763 2451 et
786 2410 893 2468 per
929 2395 1245 2452 avaritiam
1283 2398 1460 2467 parta
1515 2394 1728 2464 fuerat,
1762 2394 1857 2451 hic
1903 2400 2195 2464 remanet,

540 2498 654 2540 nec
678 2482 939 2556 amplius
966 2488 1072 2541 tua
1096 2483 1325 2553 est,sed
1348 2482 1677 2555 haeredum,
1694 2497 1765 2539 ac
1792 2482 2035 2556 iniquas
2047 2500 2198 2557 opes

540 2570 832 2644 relinquis
890 2572 1249 2629 successori.
1320 2573 1508 2628 Terra
1531 2573 1594 2629 ιή
1625 2578 1914 2630 aeternum
1960 2579 2080 2630 stat
2108 2575 2192 2631 “’3:

541 2668 861 2733 peccatum
885 2677 1029 2718 vero
1077 2663 1360 2733 sequetur
1393 2661 1566 2734 503
1600 2665 1667 2718 ut
1687 2661 1925 2729 umbra,
1957 2662 2196 2719 “animae

539 2749 708 2807 omni
745 2749 1084 2807 adhaerens.
1115 2750 1649 2817 Quemadmodum
1680 2751 1842 2807 enim
1862 2751 2081 2808 umbra
2101 2767 2198 2808 se-

537 2839 743 2912 quitur
799 2854 1055 2911 corpus:
1088 2839 1171 2896 ita
1200 2843 1257 2896 et
1302 2843 1616 2911 peccatum
1662 2840 1880 2897 animae
1905 2841 2194 2898 adhaeret.

538 2928 616 3001 (3)
627 2932 915 2986 Praeterea
924 2930 1272 3003 quicunque
1289 2929 1595 3001 usurpatis
1607 2928 2198 3002 proximorumjagris

536 3018 755 3075 limites
784 3019 1241 3093 possessionum
1264 3034 1513 3076 suarum
1543 3018 1681 3091 plus
1704 3034 1881 3092 aequo
1910 3019 2197 3076 extende-

2383 1947 2435 2002 6.
2477 1948 2563 2002 Mi:
2616 1948 2787 1998 τοίνυν
2830 1944 3156 2021 ἐπιθυμήσῃς
3201 1953 3294 2011 τῆς
3324 1955 3414 2001 τοῦ
3444 1948 3666 2008 πλησίον
3704 1958 3930 2025 χώρας,

2309 2038 2395 2093 Μὴ
2453 2033 2673 2100 αὔλακα⁸
2700 2033 2888 2088 αὔλακι
2930 2037 3252 2110 προστιθεὶς,
3304 2040 3438 2092 κατὰ
3487 2044 3677 2115 μικρὸν
3730 2043 3933 2119 αὖξαςδε

2308 2128 2402 2182 τὴν
2446 2132 2546 2197 γῆν
2727 2123 2890 2178 Ὅσον
2937 2127 3036 2202 γὰρ
3079 2125 3352 2190 πλατύνεις
3396 2126 3452 2181 ἔκ
3497 2136 3593 2188 τῆν
3642 2128 3934 2207 ἀλλοτρίας

2306 2215 2616 2288 προσθήκης
2670 2218 2763 2272 τὴν
2824 2221 2946 2286 γῆν,
2999 2218 3234 2288 τοσούτῳ
3294 2223 3617 2293 μακροτέραν
3676 2240 3767 2275 σοι
3826 2228 3932 2282 τὴν

2307 2301 2568 2377 ἁμαρτίαν
2631 2304 3064 2367 κατασκευάζεις.
3135 2310 3235 2359 Καὶ
3300 2309 3329 2365 ἡ
3398 2310 3488 2380 μὲν
3552 2317 3621 2380 γῆ
3692 2310 3933 2368 ἐνταῦθα

2304 2397 2610 2468 παραμένει,
2655 2394 2790 2445 κατὰ
2834 2399 3019 2467 μικρὸν
3069 2414 3154 2448 σοι
3200 2399 3635 2471 προχωρηθεῖσα,
3675 2406 3770 2454 καί
3824 2400 3931 2456 διὰ

2304 2490 2401 2544 τῆς
2443 2481 2735 2545 πλεονεξίας
2763 2486 3032 2556 γενομένη,
3074 2484 3170 2537 οὐκ
3211 2487 3325 2538 ἔστι
3357 2492 3447 2554 σὴ,
3482 2484 3611 2540 ἀλλὰ
3634 2497 3732 2542 τῶν
3777 2495 3927 2563 μετὰ

2306 2574 2383 2639 σε,
2413 2569 2700 2645 καὶιμᾶφίεις
2729 2567 2916 2624 ἄδικον
2944 2580 3015 2644 τῷ
3049 2569 3084 2625 δ
3090 2569 3417 2648 ιαδεχομένῳ
3456 2580 3545 2630 τὸν
3586 2576 3717 2651 βίον.
3750 2578 3812 2630 Ἡ
3839 2589 3917 2651 γῆ

2303 2661 2518 2719 ἔστηκεν
2571 2660 2645 2723 εἰς
2689 2663 2776 2713 τὸν
2829 2660 3027 2713 αἰῶνα·
3071 2663 3101 2721 ἡ
3159 2658 3220 2716 δε
3276 2663 3509 2739 ἁμαρτία
3564 2664 3915 2726 ἀκολουθήσει

2303 2752 2373 2813 ὡς
2428 2751 2574 2817 σκίὰ,
2628 2751 2775 2823 ποίση
2827 2749 3047 2822 ἑπομένη
3084 2750 3163 2822 (8)
3202 2751 3404 2827 ψυχῇ.
3462 2753 3663 2831 Ὠσπερ
3718 2758 3823 2830 γὰρ
3882 2760 3918 2817 ἡ

2306 2842 2433 2893 σκιὰ
2484 2847 2555 2911 τῷ
2602 2844 2808 2912 σώματι
2872 2839 3067 2908 ἕπεται,
3123 2840 3265 2894 οὕτω
3330 2847 3416 2897 καὶ
3470 2846 3499 2902 ἡ
3555 2844 3794 2917 ἁμαρτία
3851 2854 3918 2919 τῇ

2303 2929 2458 3001 ψυχῆ
2513 2933 2864 3001 συμπέφυκεν.
2909 2927 3105 2990 ’Ἄλλως
3146 2949 3201 2984 τε
3244 2931 3360 2984 ὅσοι
3400 2935 3531 3005 μετὰ
3570 2944 3919 3009 παρορισμοῦ

2304 3026 2404 3071 τῶν
2441 3016 2687 3085 πλησίον,
2717 3021 2834 3079 τοὺς
2877 3019 3026 3092 ὅρους
3068 3026 3168 3071 τῶν
3215 3020 3415 3074 οἰκείων
3467 3026 3703 3085 κτήσεως
3754 3025 3921 3101 ὑπερ-

537 3113 693 3183 runt,
720 3126 788 3167 eo
815 3110 981 3183 quod
997 3110 1416 3184 possessiones
1444 3109 1559 3166 illae
1579 3125 1705 3167 non
1732 3109 1861 3166 sine
1878 3110 2195 3181 gemitibus

2307 3107 2573 3177 εξέτειναν,
2632 3102 2727 3159 διὰ
2780 3111 2838 3159 τὸ
2900 3104 3001 3160 ἀπὸ
3061 3117 3354 3183 στεναγμοῦ
3405 3117 3507 3163 τῶν
3574 3108 3925 3187 ἠδικημένων

537 3214 749 3256 eorum
769 3198 874 3272 qui
888 3199 1113 3270 injuria
1140 3197 1581 3267 afﬁciebantur,
1600 3198 1839 3255 fuerant
1867 3198 2196 3270 acquisitae,

536 3288 674 3345 facti
714 3293 855 3345 sunt
892 3304 930 3346 a
958 3287 1167 3346 divina
1195 3287 1615 3344 benedictione
1655 3286 1858 3344 alieni.
1900 3286 2066 3343 Unde
2092 3289 2196 3351 ubi

536 3377 747 3434 decem
775 3377 966 3434 boum
1007 3378 1180 3449 juga,
1211 3381 1277 3433 ut
1304 3380 1397 3433 est
1425 3376 1593 3449 apud
1623 3376 1841 3432 Isaiam
1867 3378 1939 3446 7",
1989 3392 2195 3435 arave-

544 3471 702 3537 rant,
732 3467 833 3523 vix
854 3466 1184 3537 laguncula
1212 3482 1337 3523 una
1359 3466 1848 3537 vindemiabitur,
1882 3471 1940 3523 et
1966 3466 2067 3523 ubi
2090 3483 2196 3524 sex

540 3554 763 3613 artabze
794 3555 1033 3612 fuerant
1062 3555 1388 3625 seminatee,
1416 3554 1515 3610 vix
1552 3559 1670 3611 tres
1694 3554 2000 3611 fructuum
2030 3571 2195 3612 men-

536 3659 689 3700 surae
729 3644 1103 3715 colligentur.
1158 3643 1235 3716 (4)
1288 3643 1480 3700 Malus
1539 3644 1599 3700 in
1632 3643 1804 3712 urbe,
1845 3643 2043 3700 malus
2072 3645 2195 3701 ruri

534 3732 769 3789 vicinus
789 3739 878 3791 est
898 3749 1108 3806 rapax.
1142 3732 1316 3790 Novit
1341 3748 1508 3790 mare
1537 3732 1827 3789 terminos
1868 3748 2012 3788 suos
2036 3751 2048 3788 :
2074 3749 2194 3790 nox

534 3821 814 3895 antiquos
843 3821 1061 3878 limites
1099 3819 1212 3876 sibi
1255 3821 1635 3893 praescriptos
1664 3836 1788 3877 non
1826 3821 2193 3892 transgredi-

533 3914 647 3967 tur.
670 3914 743 3968 At
772 3926 909 3967 vero
928 3909 1114 3966 homo
1140 3925 1331 3982 rapax
1359 3925 1484 3965 non
1513 3914 1750 3966 veretur
1777 3914 2036 3982 tempus,
2068 3925 2191 3966 non

534 3999 810 4069 agnoscit
830 3999 1177 4065 terminum,
1208 3999 1609 4055 successionis
1640 3998 1839 4055 ordini
1863 4014 1986 4055 non
2003 3999 2186 4057 cedit:

537 4087 648 4144 sed
692 4087 850 4158 ignis
880 4089 1003 4145 vim
1032 4088 1322 4157 imitatur,
1352 4088 1580 4145 invadit
1601 4088 1828 4157 omnia,
1847 4089 2055 4145 omnia
2085 4088 2187 4145 de—

533 4176 819 4252 pascitur.
848 4180 1234 4250 Quaacunque
1263 4177 1427 4234 videt
1451 4176 1687 4245 oculus,
1721 4192 1791 4234 ea
1816 4178 2189 4250 concupiscit

530 4283 744 4340 rapax.
773 4268 911 4325 Non
954 4267 1292 4337 ewplebz‘tur
1333 4267 1541 4323 oculus
1586 4266 1841 4323 videndo
1881 4268 1950 4334 ⁷⁵,
1989 4282 2185 4339 neque

2307 4266 2373 4320 Οὔ
2446 4265 2774 4325 πλησθεήται
2849 4266 2874 4317 ὁ
2942 4264 3200 4337 ὀφθαλμὸς

528 4373 721 4430 rapax
760 4356 1074 4414 satiabitur
1124 4354 1499 4427 accipiendo.
1542 4354 1814 4411 lnfernus
1844 4370 1969 4412 non
2017 4355 2183 4424 dixit,

530 4448 760 4505 Sufﬁcit
803 4449 875 4518 ⁷⁵,
896 4462 1096 4519 neque
1133 4462 1323 4519 rapax
1374 4461 1651 4518 unquam
1709 4445 1876 4511 dixit,
1934 4446 2184 4505 Sufﬁcit.

531 4539 606 4610 (5)
636 4541 710 4595 At
730 4553 869 4595 vero
885 4536 1034 4610 quid
1063 4536 1201 4592 inde
1221 4535 1415 4592 lucri?
1436 4536 1680 4609 νὶεἱϋεθ,
1706 4553 1883 4607 curae,
1908 4535 2188 4593 sollicitu-

527 4629 720 4688 dines.
750 4628 941 4687 Judex
971 4630 1365 4701 exspectatur,
1390 4631 1447 4684 et
1464 4626 1596 4701 ipse
1618 4627 2082 4701 circumspectat
2107 4643 2185 4685 ne

2309 3196 2738 3269 συμπεπορίσθαι
2808 3197 2898 3257 τὰς
2972 3202 3224 3268 κτήσεις,
3291 3197 3555 3273 ἀλλότριοι
3618 3209 3717 3264 τῆς
3776 3206 3927 3267 θείας

2305 3282 2705 3357 ἀπεδείχθησαν
2750 3284 2979 3356 εὐλογίας
3005 3302 3017 3315 ·
3056 3288 3190 3340 ὥστε
3230 3289 3351 3341 ἔνθα
3403 3292 3563 3361 ζεύγη
3606 3286 3740 3343 δέκα
3776 3290 3926 3364 βοῶν

2305 3375 2627 3449 εἰργάσατο,
2676 3376 2813 3427 κατὰ
2872 3379 2959 3427 τὸν
3018 3374 3277 3445 Ἡσαΐαν,
3335 3380 3491 3449 μόγις
3556 3381 3810 3453 κεράμιον
3873 3382 3926 3436 ἓν

2304 3466 2675 3536 τρυγηθῆναι³
2740 3467 2829 3516 καὶ
2892 3464 3012 3516 ἔνθα
3077 3464 3129 3528 ἓξ
3190 3463 3409 3537 ἀτράϐαι
3473 3469 3922 3544 κατεσπάρησαν,

2303 3560 2427 3625 τρία
2465 3557 2632 3625 μέτρα
2670 3554 2989 3623 συνάγεσθαι
3033 3555 3121 3606 τὸν
3160 3560 3382 3627 καρπόν.
3424 3560 3661 3630 Πονηρὸς
3686 3557 3737 3611 ἐν
3768 3559 3924 3614 πόλει

2306 3645 2568 3709 σύνοικος,
2616 3644 2836 3715 πονηρὸς
2891 3639 2938 3692 ἐν
2994 3640 3170 3714 ἀγροῖς
3224 3645 3250 3695 ὁ
3308 3643 3636 3709 πλεονέκτης.
3688 3644 3750 3701 Ἠ
3815 3650 3924 3702 θοὶ-

2301 3730 2479 3784 λασσοι
2530 3726 2643 3783 οἶδε
2693 3731 2761 3782 τὰ
2815 3730 2935 3802 ὅρια
2981 3728 3177 3790 αὐτῆς·
3231 3732 3260 3789 ἡ
3312 3732 3404 3795 νὺξ
3454 3733 3563 3806 οὐχ
3610 3735 3925 3809 ὑπερϐαίνει

2302 3822 2574 3894 ὁροθεσίας
2627 3817 2875 3891 ἀρχαίας.
2934 3818 2993 3871 Ὀ
3046 3818 3353 3884 πλεονέκτης
3411 3817 3472 3874 δὲ
3523 3823 3620 3876 οὐκ
3677 3821 3924 3880 αἰδεῖται

2299 3913 2511 3985 χρόνον,
2566 3907 2626 3961 οὐ
2675 3907 2919 3983 γνωρίζει
2984 3909 3122 3983 ὅρον,
3167 3908 3226 3962 οὗ
3285 3919 3560 3986 συγχωρεῖ
3617 3912 3925 3987 ἁκολουθίῳ

2301 3995 2607 4070 διαδοχῆς·
2648 3995 2776 4050 ἀλλὰ
2826 4003 3064 4069 μιμεῖται
3093 4004 3185 4051 τοῦ
3221 4001 3389 4072 πυρὸς
3424 4004 3519 4059 τὴν
3552 3999 3698 4073 βίαν,
3740 4006 3928 4060 πάντα

2297 4086 2678 4160 ἐπιλαμϐάνων,
2742 4090 2832 4138 καὶ
2896 4087 3067 4138 πάντα
3141 4085 3519 4160 ἐπινεμόμενος,
3583 4089 3732 4143 "Usa:
3794 4092 3924 4147 ἐπι-

2296 4177 2470 4231 ϐλέπει
2521 4180 2545 4230 ὁ
2588 4176 2868 4249 ὀφθαλμὸς,
2917 4178 3176 4229 τοσούτων
3230 4175 3472 4251 ἐπιθυμεῖ
3523 4180 3548 4232 ὁ
3579 4179 3925 4253 πλεονέκτης,

3283 4274 3374 4319 τοῦ
3461 4268 3629 4339 ὁρᾴν,
3690 4278 3788 4325 καὶ
3860 4274 3924 4327 οὗ

2294 4357 2676 4429 κορεσθὴσεται
2740 4353 3052 4427 φιλάργυρος
3118 4361 3210 4407 τοῦ
3275 4353 3577 4427 λαμϐάνειν.
3648 4358 3706 4411 Ὁ
3779 4359 3926 4432 ᾅδης

2295 4446 2389 4499 οὐκ
2454 4441 2613 4511 εἶπεν,
2677 4442 2873 4517 ’Λρκεῐ,
2933 4438 3049 4495 οὐδ’
3108 4444 3134 4495 ὁ
3201 4442 3509 4508 πλεονέκτης
3565 4443 3675 4501 εἰπέ
3746 4470 3921 4506 ποτε·

2297 4535 2493 4607 Ἀρκεῖ,
2550 4535 2621 4587 Τὸ
2681 4528 2740 4585 δὲ
2796 4532 3021 4585 ἐντεῦθεν
3078 4528 3263 4606 κέρδος
3311 4537 3402 4603 τί;
3467 4541 3790 4611 Λγρυπνίαι,
3824 4548 3923 4613 μέ-

2294 4644 2495 4701 ριμναι,
2536 4617 2825 4699 φροντίδες.
2857 4626 3121 4683 Δικαστὴς
3170 4618 3562 4699 προσδοκᾶται,
3613 4632 3706 4681 καὶ
3761 4623 3923 4708 οὗτος

597 4791 648 4829 ⁷³
687 4791 873 4850 Eccle.
916 4807 955 4858 ι,
996 4794 1050 4849 4.
1090 4791 1139 4825 7‘
1178 4791 1289 4847 Isa.
1337 4806 1390 4857 ν,
1436 4790 1519 4847 10.
1561 4790 1609 4826 ⁷⁵
1656 4789 1843 4848 Eccle.
1883 4806 1920 4859 ι,
1964 4793 2017 4849 8.
2057 4791 2106 4829 τε
2138 4791 2195 4851 P1

2307 4834 2312 4849 .
2350 4801 2527 4858 xxvn,
2569 4788 2672 4853 27;
2712 4797 2854 4852 xxx,
2884 4782 2971 4840 16.

601 4973 676 5045 (i)
704 4972 785 5027 Ex
805 4970 973 5045 hom.
998 4973 1062 5029 in
1083 4973 1313 5045 divites,
1350 4973 1438 5027 £57.

599 5043 680 5115 (2)
700 5045 785 5098 Ex
802 5043 969 5099 hom.
997 5046 1061 5099 in
1081 5043 1336 5115 Lacizz's,
1375 5044 1504 5097 590.

597 5113 676 5186 (3)
704 5115 787 5168 Ex
816 5117 1137 5186 comment.
1172 5115 1235 5169 in
1254 5113 1409 5186 rIsa.,
1436 5115 1561 5169 486.

601 5181 675 5255 (4)
713 5188 796 5241 Ex
823 5184 990 5239 hom.
1032 5186 1096 5255 in
1135 5185 1367 5253 divites,
1403 5188 1491 5239 57.

618 5259 674 5323 5)
713 5258 798 5313 Ex
829 5255 996 5326 hom.
1021 5254 1183 5326 dicta
1205 5255 1269 5311 in
1290 5255 1700 5326 Lacizist591.

615 5322 670 5402 6)
725 5331 812 5402 0i_
846 5324 1085 5402 πλούσιοι
1281 5332 1468 5402 μικρᾶς
1526 5322 1812 5400 ’δυνάμεως
1857 5323 2184 5402 προελθόντες

522 5396 626 5464 τες.
650 5396 768 5457 Ῥτο
796 5398 891 5455 his
918 5397 1173 5469 vocibus
1196 5396 1413 5469 legitur
1438 5399 1502 5454 in
1532 5396 1815 5455 contextu
1843 5396 2007 5450 οῖ’ἐπὶ
2047 5400 2184 5469 μέγα

523 5481 613 5534 τῆς
667 5468 953 5544 δυνάμεως.
985 5468 1333 5544 προελθόντες,
1379 5470 1485 5540 qui
1533 5469 1623 5544 ad_
1649 5484 1934 5544 magnam
1967 5468 2183 5544 poten-

526 5545 671 5601 tiam
694 5538 1136 5615 prqbectz'sant.
1156 5541 1273 5597 Sed
1289 5538 1499 5615 nostra
1513 5538 1809 5611 scriptura
1822 5540 2004 5615 longe
2022 5538 2183 5595 vide-

523 5617 620 5674 tur
637 5606 1032 5688 praeferenda,
1057 5627 1129 5673 ac
1151 5627 1290 5672 cum
1312 5606 1500 5675 altero
1517 5606 1985 5685 comparationis
1994 5624 2185 5671 mem-

2288 4967 2399 5027 bro
2412 4964 2624 5037 melius
2642 4961 2928 5037 quadrat.
2950 4962 3191 5037 Qumea
3209 4962 3508 5021 consentit
3523 4964 3911 5037 Golbertinus

2295 5039 2511 5108 codex,
2541 5030 3066 5108 nisi-quod'habet
3091 5030 3141 5085 ἐν
3179 5039 3406 5108 μακρᾶς,
3437 5036 3609 5107 quod
3639 5041 3900 5095 erratum

2295 5113 2387 5167 est
2411 5106 2823 5164 librariorum.

2387 5180 2443 5250 7)
2456 5183 2555 5238 Τὴν
2567 5186 2686 5250 γῆν.
2715 5173 3252 5250 Μὶηιιεᾲοοῑηῳοάο
3271 5173 3334 5231 in
3346 5181 3636 5250 contextu
3655 5183 3738 5236 τὴν
3765 5180 3889 5250 miro:

2387 5186 2417 5235 7
2456 5183 2555 5238 Τὴν
2567 5186 2686 5250 γῆν.
2715 5180 2906 5232 Minus
2929 5180 3252 5231 commode
3271 5180 3334 5231 in
3346 5181 3636 5237 contextu
3655 5183 3738 5236 τὴν
3765 5180 3889 5237 σήν·

2364 5180 2621 5379 ᾇΒέΠάση
2642 5248 2860 5320 ἑπομένη
2871 5288 2884 5302 .
2900 5246 2992 5303 Sic
3003 5246 3238 5303 videtur
3253 5248 3712 5307 emendandum
3728 5248 3905 5323 quod

2364 5338 2418 5379 re
2469 5326 2604 5379 atur
2640 5320 2702 5375 in
2732 5321 3015 5375 contextu
3042 5323 3179 5370 πᾶσι
3205 5323 3563 5379 παρεπομένη,
3594 5323 3737 5379 Qua;
3764 5323 3905 5379 seri.

2288 5308 2609 5400 legebatur
2640 5308 3015 5400 in__'contextu
3042 5323 3179 5370 πᾶσι
3205 5323 3563 5400 παρεπομένη.
3594 5323 3737 5389 Qua
3748 5308 3911 5400 iseri:

2288 5389 2471 5467 ptura
2494 5408 2634 5449 cum
2662 5390 2964 5467 vitio__non
3000 5394 3253 5467 careret,
3277 5389 3375 5447 ide
3394 5389 3626 5449 factum
3656 5400 3726 5451 ut
3752 5393 3914 5453 illud

2290 5458 2425 5519 ξτάσι
2451 5464 2516 5536 in
2562 5461 2866 5520 nonnullis
2908 5458 3217 5536 codicibus
3238 5458 3391 5536 mss.
3423 5470 3909 5536 expungeretur.

2291 5539 2392 5599 Est
2416 5534 2601 5599 etiam
2619 5536 2983 5609 expunctum
3010 5531 3075 5593 in
3093 5529 3211 5597 hac
3240 5529 3581 5599 novissinia
3606 5529 3912 5601 editione.
