4084 6420
444 324 578 390 uss
1159 293 1172 305 ’
1386 312 1752 369 APPENDIX.
1790 339 1856 350 ——
1899 304 2242 364 SYMEONIS
2279 307 2822 365 mamentis“.

3647 307 3839 361 {\96

441 463 605 508 mur.
646 447 724 518 (t)
746 442 932 500 Velim
966 446 1022 498 te
1053 440 1133 498 ab
1152 437 1454 510 injustitiaa
1473 436 1759 509 operibus
1780 430 2094 505 paululum

2232 427 2522 504 Εϐουλόμην
2579 451 2637 485 σε
2691 451 2876 506 μικρόν
2944 433 3261 486 ἀναπνεῦσαι
3326 443 3424 484 τὼν
3491 437 3661 507 ἔργων
3720 438 3840 490 τῆς

443 535 763 610 respirare,
792 547 829 588 o
867 543 1068 600 avare,
1115 531 1175 584 et
1234 523 1698 598 cogitationibus
1753 521 1870 577 tuis
1907 519 2095 576 otium

446 609 614 692 dare,
645 629 846 681 tecum
892 624 958 676 ut
987 621 1228 690 reputes
1271 616 1349 671 ad
1379 629 1562 686 quem
1608 613 1791 669 ﬁnem
1833 609 2097 665 studium

449 711 753 787 ejusmodi
797 724 1002 766 rerum
1045 706 1270 763 tendat.
1321 704 1516 760 Habes
1547 707 1631 760 tot
1671 703 1888 772 jugera
1929 705 2099 754 terrae

449 802 716 868 arabilis,
746 798 992 857 totidem
1020 800 1189 855 terrm
1218 792 1538 851 arboribus
1559 790 1823 856 consitae,
1844 794 2098 855 montes,

449 906 724 964 campos,
773 887 984 957 saltus,
1010 885 1247 954 ﬂuvios,
1275 887 1467 956 prata.
1530 881 1683 947 Quid
1730 879 1908 950 igitur
1969 884 2106 948 post

451 980 625 1040 haec?
645 983 852 1037 Nonne
873 981 988 1032 tres
1003 979 1172 1032 terrze
1195 972 1378 1028 cubiti
1406 977 1460 1028 te
1489 969 1872 1041 exspectant?
1901 981 2104 1023 nonne

451 1083 787 1145 paucorum
806 1063 968 1140 lapid
981 1080 1079 1120 um
1091 1079 1248 1120 onus
1269 1061 1492 1118 misero
1513 1058 1748 1130 corpori
1769 1055 2103 1113 custodien-

453 1144 534 1228 do
559 1158 670 1214 erit
697 1155 877 1214 satis?
909 1153 996 1209 Ob
1021 1167 1209 1225 quam
1228 1167 1355 1207 rem
1375 1149 1580 1221 inique
1604 1147 1736 1216 agis
1755 1148 1781 1202 ?
1811 1144 1956 1218 quid
1981 1159 2105 1200 ma-

454 1247 634 1306 nibus
670 1245 1104 1302 infructuosam
1129 1239 1496 1297 sterilitatem
1518 1242 1698 1309 atque
1720 1232 2106 1301 inexstingui-

451 1336 556 1394 bili
585 1337 1001 1410 perpetuoque
1031 1329 1157 1401 igni
1181 1327 1499 1386 materiam
1547 1326 1910 1381 coacervas?
1955 1326 2108 1378 Num

452 1424 699 1482 tandem
737 1421 1054 1493 resipisces
1085 1418 1164 1474 ab
1186 1419 1300 1473 hac
1328 1415 1652 1472 ebrietate?
1682 1429 1830 1468 num
1858 1411 2111 1482 recipies

452 1520 508 1572 te
539 1513 619 1572 ad
639 1513 943 1568 saniorem
961 1512 1222 1564 mentem
1246 1506 1273 1562 ‘2
1303 1521 1452 1562 num
1483 1503 1558 1560 ad
1591 1509 1647 1560 te
1678 1501 1936 1558 redibis?
1962 1516 2109 1555 num

454 1601 663 1660 Christi
688 1599 988 1671 judicium
1012 1595 1119 1653 tibi
1148 1610 1341 1667 pones
1363 1593 1443 1648 ob
1471 1591 1680 1649 oculos
1698 1591 1726 1646 ?
1749 1591 1940 1656 Quam
1971 1587 2112 1644 alla-

453 1696 624 1748 turus
653 1705 717 1748 es
746 1686 1220 1747 excusationem,
1255 1700 1393 1740 cum
1444 1682 1484 1738 ii
1514 1681 1620 1754 qui
1649 1680 1869 1752 injuria
1915 1676 2112 1734 atlecti

2207 517 2437 586 ἀδικίας,
2471 520 2512 574 ὦ
2550 521 2844 589 πλεονέκτα,
2878 527 2966 575 καὶ
3012 520 3196 576 δοῦναι
3234 523 3436 594 σχολὴν
3464 530 3578 582 τοῖς
3623 521 3840 573 ἑαυτοῦ

2207 611 2502 682 λογισμοῖς,
2556 615 2688 664 ὥστε
2746 612 3119 685 ἐνθυμηθῆναι,
3173 617 3304 686 πρὸς
3356 619 3504 664 ποῖον
3562 615 3733 685 πέρας
3790 613 3833 666 ἡ

2211 697 2418 757 σπουδή
2481 709 2578 752 τῶν
2621 706 2899 774 γινομένων
2950 707 3292 754 συντέτακται
3479 699 3664 772 Ἔχεις
3717 706 3836 770 γῆς

2211 789 2469 862 ἀροσίμης
2518 791 2712 862 πλέθρα
2758 795 2892 844 τόσα
2938 797 3027 843 καὶ
3075 796 3225 858 τόσα,
3281 799 3374 861 γῆς
3428 793 3834 862 πεφυτευμένης

2213 887 2442 932 τοσαῦτα
2472 881 2638 952 ἕτερα,
2669 885 2784 952 ὄρη,
2820 877 2994 950 πεδία,
3029 882 3213 946 νάπας,
3244 886 3532 952 ποταμούς,
3565 875 3826 938 λιϐάδας.

2210 973 2273 1021 Τί
2303 965 2391 1020 οὖν
2438 971 2569 1041 μετά
2597 978 2799 1034 roma;
2833 969 2978 1042 Οὐχὶ
3028 977 3160 1042 τρεῖς
3194 989 3252 1022 σε
3289 974 3488 1041 πήχεις
3531 972 3833 1040 ἀναμένου-

2217 1075 2338 1122 σιν;
2384 1058 2511 1129 ούχὶ
2551 1058 2706 1110 λίθων
2758 1059 2936 1130 ὀλίγων
2978 1057 3140 1132 βάρος
3170 1057 3380 1132 ἀρκέσει
3427 1062 3553 1132 πρὸς
3585 1057 3833 1130 φυλακην

2215 1155 2274 1218 τῇ
2321 1144 2570 1217 δυστήνῳ
2611 1153 2768 1220 σαρκί
2793 1165 2807 1213 ;
2834 1147 2982 1220 ’Υπὲρ
3020 1154 3152 1208 τίνος
3199 1153 3554 1221 παρανομεῖς;
3597 1152 3648 1198 τί
3698 1165 3832 1197 συν-

2216 1236 2364 1306 άψεις
2411 1242 2601 1308 χερσὶν
2650 1235 2933 1310 ἀκαρπίαν,
2977 1242 3067 1289 καὶ
3110 1237 3236 1294 ὕλην
3285 1245 3358 1306 τῷ
3406 1236 3602 1307 αἰωνίῳ
3647 1240 3830 1308 πυρί;

2218 1327 2293 1377 Οὐ
2324 1325 2505 1396 νήφεις
2548 1330 2672 1379 ποτε
2724 1325 2825 1379 ἀπὸ
2856 1334 2946 1386 τῆς
2976 1328 3134 1398 μέθης
3181 1329 3416 1392 ταύτης;
3464 1325 3567 1396 οὐχ
3601 1326 3826 1395 ὑγιανεῖς

2217 1419 2336 1476 τούς
2381 1413 2700 1488 λογισμούς;
2733 1415 2838 1487 οὐχ
2887 1416 3073 1468 ἑαυτοῦ
3113 1421 3310 1488 γενήσῃ
3339 1431 3352 1482 ;
3385 1415 3445 1466 ού
3496 1417 3598 1487 πρὸ
3639 1413 3831 1484 ὀφθαλ-

2217 1512 2324 1576 μῶν
2351 1503 2496 1576 ληχη
2527 1509 2585 1557 τὸ
2610 1513 2699 1556 τοῦ
2725 1511 2961 1579 Χριστοῦ
2989 1501 3372 1580 δικαστήριον;
3400 1509 3462 1557 Τί
3492 1502 3836 1574 ἀπολογήσῃ,

2219 1589 2430 1645 ἐπειδάν
2477 1613 2534 1646 σε
2581 1593 2754 1665 κύκλῳ
2809 1597 3140 1668 περιστάντες
3191 1595 3241 1646 οἰ
3292 1591 3607 1666 ἠδικημένοι
3664 1611 3840 1644 κατα·

2221 1681 2383 1734 ϐοῶσί
2444 1702 2538 1735 σου
2596 1683 2684 1736 ἐπὶ
2738 1692 2828 1736 τοῦ
2885 1681 3094 1737 δικαίου
3153 1693 3374 1756 κριτού;
3424 1687 3486 1739 Τί
3545 1688 3839 1744 ποιησειςς

452 1779 692 1846 fuerint,
713 1777 845 1851 jam
875 1780 932 1832 te
958 1775 1434 1838 circumstantes,
1457 1770 1781 1829 adversum
1811 1773 1864 1826 te
1890 1766 2112 1823 clama-

2232 1776 2398 1832 ποίους
2440 1778 2762 1846 συνηγόρους
2801 1775 3048 1846 μισθώσῃ
3077 1789 3090 1838 ;
3121 1779 3304 1836 ποίους
3338 1776 3612 1848 μάρτυρας
3657 1791 3842 1846 παρα-

451 1869 608 1928 bunt
634 1883 841 1924 coram
871 1880 1048 1938 aequo
1073 1863 1278 1935 judice
1301 1863 1328 1919 ?
1353 1861 1506 1928 Quid
1537 1875 1679 1931 ergo
1711 1858 1934 1914 facies?
1959 1872 2116 1928 quos

453 1958 758 2016 conduces
789 1956 1121 2029 patronos?
1145 1968 1300 2026 quos
1333 1955 1512 2008 testes
1541 1951 1725 2006 duces
1746 1949 1773 2003 ?
1803 1946 2116 2021 quomodo

456 2043 1013 2120 illudesjudici,qui
1033 2041 1214 2099 nullis
1236 2041 1466 2098 artibus
1495 2039 1689 2111 decipi
1722 2037 1958 2112 potest?
1978 2035 2116 2091 Nul-

458 2137 554 2194 lus
583 2136 665 2193 ibi
687 2135 860 2192 adest
885 2133 1110 2193 rhetor.
1141 2147 1266 2187 non
1297 2136 1436 2186 sunt
1453 2130 1637 2185 verba
1650 2127 1943 2197 suasoria,
1977 2141 2115 2198 quae

452 2224 645 2298 judici
671 2223 982 2280 veritatem
1014 2219 1297 2277 suﬂ‘urari
1323 2219 1590 2293 possint:
1623 2233 1748 2273 non
1782 2220 2119 2288 sequuntur

457 2313 826 2383 adulatores,
870 2327 996 2366 non
1033 2309 1324 2384 pecuniae,
1381 2322 1504 2363 non
1544 2306 1733 2362 fastus
1782 2305 2114 2374 dignitatis.

459 2406 734 2460 Desertus
782 2401 862 2458 ab
907 2399 1142 2464 amicis,
1194 2398 1514 2452 destitutus
1572 2394 1928 2464 fautoribus,
1990 2394 2118 2448 sine

458 2489 816 2566 patrocinio.
849 2489 994 2544 citra
1015 2486 1450 2553 defensionem,
1476 2483 1709 2557 pudore
1731 2483 1996 2539 suffusus
2026 2496 2116 2538 re-

459 2579 772 2654 linqueris,
815 2577 1019 2642 tristis,
1069 2580 1342 2644 moestus,
1399 2574 1720 2643 solitarius,
1773 2571 1999 2629 fiducia
2049 2587 2119 2627 ac

463 2669 736 2727 libertate
791 2665 1082 2740 loquendi
1107 2680 1339 2720 carens.
1370 2664 1744 2736 Quocunque
1788 2662 1946 2718 enim
1980 2676 2118 2716 con-

461 2763 657 2814 vertes
688 2756 918 2823 oculos,
940 2754 1104 2812 clara
1131 2761 1190 2810 et
1222 2758 1430 2826 aperta
1459 2753 1794 2824 conspicies
1825 2751 2119 2807 scelerum

463 2850 853 2918 argumenta;
876 2844 1018 2901 hinc
1039 2841 1252 2917 pupilli
1281 2841 1779 2914 lacrymas,illine
1809 2841 2008 2896 viduae
2021 2854 2120 2909 ge-

464 2937 705 3005 mitum,
727 2933 973 2992 aliunde
1001 2948 1225 3004 egenos
1248 2931 1360 2988 abs
1377 2937 1432 2987 te
1463 2931 1684 3003 pugnis
1704 2929 1977 2996 obtusos,
2007 2943 2125 2984 ser-

463 3041 575 3081 vos
598 3032 759 3098 quos
781 3021 1310 3090 cecidisti,vicinos
1321 3035 1474 3093 quos
1498 3019 1574 3075 ad
1594 3018 1973 3075 iracundiam
1987 3033 2122 3090 pro-

2226 1867 2481 1928 στήσεις;
2529 1871 2640 1924 πῶς
2685 1869 3028 1937 παραπείσεις
3074 1866 3160 1915 τόν
3212 1861 3636 1938 ἀπαραλόγιστον
3677 1857 3844 1913 δικα-

2226 1955 2391 2016 στήν;
2443 1951 2675 2023 Οὖκιὲνι
2721 1953 2896 2026 ῥήτωρ
2949 1950 3069 2019 ἐκεῖ,
3122 1952 3216 2004 οὐκ
3265 1955 3339 2004 ἔνι
3380 1954 3669 2012 πιθανότης
3729 1952 3843 2024 ῥη-

2225 2043 2424 2111 μάτων,
2455 2039 2646 2110 κλέψαι
2698 2037 2956 2114 δυναμένη
2990 2049 3081 2094 τοῦ
3113 2037 3372 2094 δικαστοῦ
3402 2045 3494 2099 τὴν
3539 2039 3797 2098 ἀληθειαν
3827 2062 3840 2073 ·

2226 2129 2320 2182 ουκ
2359 2128 2733 2183 ἀκολουθοῦσιν
2777 2133 2827 2184 οἱ
2869 2131 3102 2198 κόλακες,
3132 2131 3192 2184 ού
3234 2133 3301 2183 τά
3344 2136 3622 2204 χρήματα,
3657 2130 3771 2201 ούχ
3813 2132 3842 2181 ό

2226 2223 2376 2290 ὄγκος
2429 2226 2523 2270 τοῦ
2581 2218 2888 2292 ἀξιώματος.
2939 2219 3168 2294 Ἔρημός
3224 2219 3402 2292 φίλων,
3447 2223 3638 2293 ἕρημος
3702 2217 3842 2290 βοη-

2228 2309 2351 2375 θῶν,
2404 2306 2813 2380 ἀσυνηγόρητος,
2862 2308 3247 2380 ἀναπολόγητος
3297 2309 3392 2378 (4),
3444 2313 3842 2381 κατησχυμμέ·

2225 2417 2309 2458 νος
2376 2396 2766 2471 ἀπολείφθήση,
2819 2401 3156 2474 σκυθρωπός,
3205 2404 3474 2470 κατηφὴς,
3535 2403 3841 2470 μεμονωμέ-

2226 2506 2331 2557 νος,
2386 2485 2841 2562 ἀπαρρησίαστος.
2891 2487 3060 2540 Ὀπου
3103 2492 3203 2562 γὰρ
3260 2487 3320 2540 ἆν
3366 2491 3689 2562 περιαγάγῃς
3742 2490 3840 2538 τόν

2229 2575 2514 2649 ὀφθαλμόν,
2547 2576 2780 2650 ἐναργεῖς
2825 2577 2941 2648 ὄψει
2984 2585 3083 2628 τῶν
3126 2584 3300 2629 κακῶν
3348 2580 3440 2640 τὰς
3478 2577 3668 2636 εἰκόνας
3692 2592 3705 2604 ’
3738 2577 3828 2625 ἔν-

2232 2668 2312 2718 θεν
2360 2673 2452 2718 τού
2500 2666 2724 2738 ὀρφανοῦ
2772 2668 2838 2718 τά
2875 2662 3103 2738 δάκρυα,
3149 2666 3336 2718 ἐκεῖθεν
3375 2673 3471 2726 τῆς
3516 2670 3688 2736 χήρας
3735 2667 3833 2714 τόν

2233 2775 2542 2828 στεναγμόν,
2611 2755 2851 2830 ἑτέρωθεν
2914 2759 3031 2816 τούς
3095 2750 3667 2816 κατακονδυλισθέντας
3730 2754 3842 2804 ὑπὸ

2233 2854 2328 2899 σου
2383 2850 2622 2915 πένητας,
2673 2847 2794 2905 τοὺς
2848 2843 3160 2915 οἰκέτας
3219 2844 3305 2904 οὓς
3351 2844 3660 2908 κατέξαινες,
3716 2847 3842 2903 τοὺς

2229 2940 2465 3005 γείτονας
2511 2933 2598 2995 οὓς
2637 2934 2990 3007 παρώργιζες.
3038 2935 3213 2986 Πάντα
3259 2953 3344 2985 σοι
3389 2932 3836 3002 ἐπαναστήσεται,

2230 3028 2322 3076 καὶ
2368 3027 2593 3095 πονηρὸς
2657 3026 2821 3096 χορός
2873 3031 2971 3074 τῶν
3021 3031 3192 3074 κακῶν
3254 3042 3349 3075 σου
3411 3023 3645 3094 πράξεων
3694 3040 3843 3095 περιο

466 3112 716 3171 vocasti.
744 3116 1065 3182 lnsurgent
1081 3110 1408 3167 adversum
1434 3113 1489 3164 te
1520 3109 1763 3164 omnia:
1795 3113 1849 3164 te
1881 3113 2118 3165 tuarum

2238 3117 2573 3185 στοιχίσεταί
2641 3131 2724 3166 σε.
2801 3111 2912 3164 Ούκ
2991 3116 3131 3164 ἔστιν
3197 3114 3420 3186 ἄρνησις
3493 3110 3640 3180 ἐκεῖ,
3710 3110 3846 3162 ἀλλὰ

466 3204 776 3263 actionum
796 3201 1096 3259 malarum
1117 3201 1337 3258 chorus
1365 3213 1592 3272 pravus
1630 3197 1896 3269 stipabit.
1919 3197 2126 3255 Nullus

469 3297 560 3350 est
594 3291 677 3348 ibi
718 3289 984 3362 negandi
1003 3290 1197 3357 locus,
1238 3287 1344 3344 sed
1373 3287 1691 3344 obturatur
1720 3303 1900 3343 omne
1931 3304 1996 3344 os
2022 3288 2129 3344 im-

472 3381 735 3455 pudens.
765 3385 917 3438 Nam
942 3381 1078 3452 ipsa
1102 3379 1516 3435 testimonium
1537 3377 1597 3432 in
1627 3372 2129 3450 unumquemque

472 3470 673 3527 ferunt
708 3484 915 3542 opera,
947 3483 1072 3524 non
1110 3467 1358 3540 quidem
1392 3481 1605 3522 vocem
1635 3465 1987 3529 emittentia,
2021 3466 2130 3521 sed

473 3558 616 3615 talia
639 3559 1018 3631 apparentia,
1057 3554 1266 3628 qualia
1293 3571 1330 3612 a
1359 3554 1537 3611 nobis
1568 3560 1812 3627 peracta
1833 3561 1990 3611 sunt.
2021 3557 2129 3611 Fu-

474 3649 714 3720 giamus
741 3646 923 3717 igitur
961 3645 1095 3702 totis
1138 3645 1361 3700 viribus
1391 3644 1820 3714 gravissimum
1865 3645 2130 3700 avaritia;

474 3737 727 3793 vitium:
761 3734 1089 3804 fugiamus,
1122 3733 1398 3806 inquam,
1450 3737 1513 3789 ut
1563 3737 1621 3789 et
1678 3733 1905 3789 indicta
1951 3733 2129 3790 nobis

474 3824 774 3898 supplicia
799 3824 1080 3886 vitemus,
1114 3827 1172 3880 et
1200 3827 1562 3878 aeternorum
1594 3822 1895 3878 bonorum
1937 3822 2129 3894 parti-

473 3914 638 3988 cipes
663 3913 1018 3979 efﬁciamur,
1041 3913 1103 3968 in
1146 3911 1378 3968 Christo
1416 3913 1557 3968 Jesu
1588 3911 1841 3967 Domino
1897 3917 2128 3977 nostro,

474 4003 574 4060 cui
604 4002 817 4073 gloria,
845 4006 1197 4074 etpotestas.
1226 4017 1361 4056 cum
1379 4000 1673 4073 principio
1687 4005 1926 4056 carente
1939 4003 2128 4068 Patre,

477 4107 547 4148 ac
562 4091 948 4147 sanctissimo
978 4095 1035 4146 et
1049 4089 1390 4146 vivificante
1412 4089 1652 4160 Spiritu,
1684 4105 1867 4158 nunc,
1901 4093 2130 4146 etsem-

474 4196 604 4252 per,
632 4183 690 4236 et
715 4179 777 4235 in
804 4178 1040 4235 inﬁnita
1077 4178 1302 4234 saecula
1326 4177 1708 4235 saeculorum.
1738 4183 1948 4234 Amen.

931 4307 1106 4380 505
1147 4306 1256 4361 DE
1289 4305 1540 4362 PECC'A
1557 4306 1672 4360 T0.

1075 4424 1306 4480 SERMO
1337 4424 1447 4478 νη.

550 4539 600 4593 Ι.
626 4534 702 4604 (2)
733 4535 1012 4603 Magnum
1050 4546 1121 4587 ac
1147 4530 1386 4588 varium
1414 4529 1640 4587 bellum
1662 4529 2129 4601 nobis,dilectis-

474 4623 632 4692 simi,
663 4621 932 4697 quotidie
957 4620 1133 4677 infert
1159 4619 1350 4676 hostis
1374 4619 1656 4676 veritatis.
1698 4619 1876 4676 Infert
1902 4626 2127 4692 autem,

472 4712 560 4768 uti
572 4712 754 4780 scitis,
780 4710 930 4766 dum
949 4709 1305 4782 cupiditates
1325 4713 1562 4764 nostras
1577 4708 1782 4780 jacula
1804 4710 2130 4766 adversum

471 4817 586 4857 nos
625 4799 826 4860 efﬁcit.
856 4814 1216 4872 semperque
1236 4798 1393 4853 vires
1423 4814 1458 4853 a
1483 4797 1659 4853 nobis
1681 4799 1759 4854 ad
1778 4814 1889 4854 nos
1913 4799 2131 4856 laeden-

471 4890 586 4945 dos
601 4889 1006 4945 mutuatur.Et
1030 4886 1824 4958 quemadmodumimprobi
1853 4888 2132 4944 homines

471 4994 544 5035 ac
573 4993 847 5050 rapaces,
905 4993 1166 5049 quorum
1203 4991 1391 5047 opera
1437 4992 1508 5031 ac
1537 4977 1914 5048 propositum
1936 4981 2028 5033 est
2056 4995 2129 5034 ex

471 5067 683 5124 alienis
708 5066 1017 5132 ditescere,
1041 5065 1148 5122 sed
1176 5064 1400 5137 quibus
1420 5081 1542 5120 non
1567 5067 1834 5138 suppetit
1861 5068 2130 5138 potentia

470 5161 538 5216 ut
562 5153 912 5212 violentiam
951 5159 1227 5227 apertam
1265 5158 1604 5220 exerceant,
1661 5156 1794 5210 vias
1839 5154 2129 5214 insidiose

542 5337 619 5409 (t)
649 5337 732 5392 Ex
759 5333 927 5409 hom.
958 5335 1022 5390 in
1051 5334 1298 5409 divites,
1321 5338 1409 5392 57.

540 5405 614 5479 (2)
645 5411 731 5493 ξι
753 5408 919 5493 hom.
966 5423 1080 5475 xxx,
1127 5406 1298 5474 Quod
1335 5405 1661 5466 mundanis
1691 5408 2125 5470 adhaerendum

465 5497 589 5538 non
617 5484 714 5552 sit,
752 5484 875 5538 163.

535 5552 612 5637 (3‘)
649 5555 1005 5637 ξυντέτακται.
1046 5549 1391 5637 ,σορῑθΧῐιιε
1450 5555 1783 5624 συντέταται,
1828 5557 1885 5610 et
1939 5555 2125 5626 paulo

466 5627 623 5696 post,
646 5624 986 5696 ἀναμένουσιν
1012 5624 1062 5676 οἱ
1083 5624 1289 5683 πάντες.

2237 3202 2594 3276 ἐμφράσσεται
2626 3205 2703 3271 (6)
2748 3207 2849 3255 πᾶν
2897 3206 3068 3274 στόμα
3116 3201 3493 3274 ἀναίσχυντον.
3549 3201 3695 3254 Αύτά
3734 3203 3846 3274 γὰρ

2237 3290 2458 3344 ἑκάστου
2539 3298 2933 3364 καταμαρτυρεῖ
2996 3311 3064 3343 τα
3139 3293 3462 3366 πράγματα,
3531 3290 3590 3345 ού
3669 3295 3846 3362 φωνην

2237 3379 2466 3453 ἀφιέντα,
2509 3380 2635 3433 ἀλλά
2682 3389 2901 3433 τοιαῦτα
2948 3385 3229 3454 φαινόμενα
3275 3383 3362 3433 οἶα
3413 3381 3495 3453 ὑφ’
3531 3383 3680 3453 ἡμῶν
3718 3399 3847 3431 κατ-

2239 3474 2574 3526 εσκεύασται.
2625 3473 2870 3542 Φύγωμεν
2931 3479 3206 3543 τοιγαροῦν
3267 3475 3325 3522 τό
3391 3480 3488 3532 τῆς
3547 3469 3847 3532 πλεονεξίας

2237 3560 2610 3632 χαλεπώτατον
2654 3561 2841 3629 πάθος,
2883 3561 2982 3617 ὅση
3025 3556 3278 3631 δύναμις·
3327 3564 3586 3632 φύγωμεν,
3620 3562 3704 3611 ῖνα
3749 3564 3846 3610 καὶ

2237 3655 2331 3708 την
2382 3649 2754 3720 ἀπειλουμένην
2808 3652 2932 3721 ἡμῖν
2989 3655 3232 3723 τιμορίαν
3287 3654 3561 3722 φύγωμεν,
3612 3655 3847 3702 καὶτῶν

2238 3740 2456 3792 αἰωνίων
2510 3737 2718 3810 ἀγαθῶν
2774 3737 3100 3810 ἐπιτύχωμεν
3160 3737 3208 3790 ἐν
3266 3748 3485 3811 Χριστῷ
3531 3738 3711 3796 Ἰησοῦ
3768 3748 3849 3810 τῷ

2241 3833 2418 3902 Κυρίῳ
2442 3828 2610 3900 ἡμῶν,
2721 3829 2750 3885 ἡ
2781 3824 2910 3890 δόξα
2948 3833 3038 3880 καὶ
3065 3831 3122 3880 τό
3151 3829 3364 3904 κράτος,
3390 3832 3483 3880 σὺν
3511 3837 3582 3900 τῷ
3622 3827 3850 3901 ἀνάρχῳ

2239 3918 2398 3968 αὑτοῦ
2455 3921 2645 3990 ΙΙατρὶ,
2693 3921 2783 3968 καὶ
2834 3925 2905 3987 τῷ
2953 3923 3192 3988 παναγίῳ
3239 3922 3328 3969 καὶ
3385 3920 3624 3988 ζωοποιῷ
3682 3921 3848 3969 Ilus-J-

2239 4026 2388 4078 ματι,
2419 4013 2527 4077 νῦν,
2561 4011 2653 4058 καὶ
2701 4004 2803 4065 ἀεὶ,
2829 4011 2921 4058 καὶ
2966 4005 3039 4066 εἰς
3080 4011 3194 4067 τοὺς
3241 4005 3611 4069 ἀτελευτήτους
3652 4007 3850 4068 αἰῶνας

2239 4105 2338 4148 τῶν
2366 4095 2581 4149 αἰώνων.
2615 4095 2803 4167 Ἀμήν.

2768 4317 2916 4366 ΠΕΡΙ
2962 4319 3098 4366 AMA
3109 4318 3314 4367 ΡΤΙΑΣ.

2876 4436 3092 4482 ΛΟΓΟΣ
3130 4430 3204 4487 Ζ’.

2314 4540 2362 4591 1.
2408 4535 2592 4602 Πολυν,
2645 4536 2928 4608 ἀγαπητοὶ,
2956 4544 3046 4590 καὶ
3096 4539 3329 4592 ποικίλον
3364 4539 3439 4610 ἐφ’
3489 4543 3688 4614 ἡμέραν
3720 4544 3852 4614 ἡμῖν

2238 4627 2264 4676 ό
2311 4633 2405 4686 τῆς
2451 4623 2697 4686 ἀληθείας
2743 4625 2932 4700 ἐχθρὸς
2964 4630 3220 4700 προσάγει
3259 4631 3346 4680 τόν
3392 4627 3635 4701 πόλεμον.
3669 4637 3846 4704 Προσ-

2239 4717 2356 4785 άγει
2405 4710 2484 4781 δὲ,
2514 4717 2582 4776 ὡς
2612 4719 2746 4782 ἴστε,
2781 4719 2869 4776 τὰς
2907 4718 3159 4790 ἡμετέρας
3205 4716 3484 4790 ἐπιθυμίας
3532 4720 3652 4771 καθ’
3698 4723 3846 4793 ἡμῶν

2241 4803 2365 4874 βελη
2431 4807 2761 4875 ποιούμενος,
2811 4810 2900 4858 καὶ
2964 4806 3087 4879 παρ’
3151 4809 3297 4879 ἡμῶν
3360 4807 3429 4868 εἰς
3482 4813 3540 4859 τὸ
3591 4807 3843 4880 βλάπτειν

2242 4895 2378 4964 ἡμᾶς
2427 4891 2505 4943 ἀεὶ
2547 4891 2820 4964 λαμϐάνων
2871 4896 3052 4966 ἰσχύν.
3112 4901 3212 4948 Καὶ
3255 4898 3488 4970 καθάπερ
3529 4900 3578 4949 οὶ
3625 4907 3837 4974 πονηροί

2237 4986 2329 5033 καὶ
2374 4981 2721 5035 πλεονεκτικοὶ
2769 5003 2868 5035 των
2922 4984 3222 5056 ἀνθρώπων,
3271 4985 3346 5047 οἷς
3391 4988 3538 5061 ἔργον
3592 4993 3684 5060 μέν
3731 4988 3830 5039 ἐστι

2237 5075 2328 5122 καὶ
2367 5075 2674 5144 προαίρεσις
2723 5071 2780 5124 ἐκ
2819 5081 2920 5124 τῶν
2969 5071 3246 5145 ἀλλοτρίων
3304 5074 3566 5144 πλουτεῖν,
3621 5073 3821 5146 δύναμις

2238 5157 2298 5213 δὲ
2340 5161 2399 5214 ού
2444 5164 2697 5235 πάρεστιν
2737 5165 2871 5217 ὥστε
2901 5166 3031 5236 μετά
3060 5165 3360 5239 παρρησίας
3392 5165 3705 5238 βιάζεσθαι,
3726 5173 3831 5228 ταῖς

2307 5343 2876 5424 ς4)-’Ᾱναπο).όγητος.
2926 5347 3020 5402 Sic
3077 5346 3276 5404 Basilii
3327 5351 3668 5407 contextus.
3700 5349 3842 5405 Editi

2234 5415 2553 5491 habebant
2573 5415 2942 5491 ἀπαραλόγητο
2953 5438 2991 5480 ς.

2307 5488 2383 5559 (5)
2414 5493 2545 5548 Τοὺς
2570 5488 2796 5552 οἰκέτας.
2819 5488 2950 5546 Hoc
2988 5489 3263 5548 additum
3291 5507 3365 5548 ex
3392 5495 3700 5551 contextu.

2306 5563 2384 5640 (6)
2415 5559 2844 5640 ⁹Ἐμςῖςράσσιεται.
2903 5562 2996 5616 Sic
3052 5561 3252 5618 Basilii
3295 5568 3629 5620 contextus.
3694 5564 3849 5623 Editi.

2239 5634 2429 5687 nostri
2456 5634 2729 5705 φράσεται.
