4084 6378
475 330 612 387 1199

1435 316 1800 375 APPENDIX.
1841 338 1912 356 —
1950 305 2294 368 SYMEONIS
2337 305 2873 369 METAPHRASTE

3707 310 3857 367 1200

467 448 754 525 peccavit,
782 461 964 520 prave
1014 444 1094 502 ab
1139 442 1308 500 initio
1365 442 1692 507 educatus;
1722 438 1961 525 quippe
1995 436 2052 490 et
2080 447 2114 490 a

2227 440 2582 510 προαιρέσεως
2649 436 3037 508 κατακρίνεται.
3079 430 3136 484 Ὀ
3183 433 3272 504 μὲν
3325 433 3424 508 γὰρ
3473 451 3553 494 τις
3609 431 3850 507 ἥμαρτε,

467 538 822 614 parentibus
851 535 1090 607 injustis
1114 535 1461 605 procreatus
1510 529 1773 587 introivit
1801 527 1864 584 in
1907 524 2118 591 vitam,

467 635 525 688 et
555 630 707 684 inter
739 626 926 683 verba
961 624 1239 695 factaque
1285 621 1492 694 iniqua
1534 619 1791 676 nutritus
1821 613 2120 672 fuit:alter

467 735 613 775 vero
638 717 828 773 multa
850 713 1082 771 habens
1113 711 1338 768 virtutis
1363 711 1770 774 incitamenta,
1805 703 2118 762 educatio-

466 825 607 866 nem
628 801 1626 871 honestissimam,admonitionem
1643 801 2119 873 parentum,ma-

468 900 790 969 gistrorum
819 890 1600 966 disciplinam,auditionem
1619 887 1980 945 diviniorum
2001 898 2119 940 ser-

468 1003 743 1054 monum,
771 984 1123 1053 catisgatam
1145 981 1643 1052 moderatamque
1663 977 1905 1034 diaetam
1925 977 1983 1032 et
1999 971 2119 1030 alia

466 1075 689 1147 quibus
721 1073 925 1130 anima
953 1071 1032 1127 ad
1062 1070 1340 1126 virtutem
1395 1068 1743 1136 instituitur,
1773 1068 1985 1138 postea
2027 1065 2117 1118 ta-

463 1180 604 1221 men
631 1163 920 1235 delapsus
953 1163 1041 1216 est
1060 1164 1116 1216 et
1133 1159 1262 1232 ipse
1279 1159 1342 1214 in
1363 1157 1524 1214 idem
1540 1160 1855 1230 peccatum
1881 1171 1895 1222 ;
1918 1165 2118 1208 nonne

2227 533 2466 600 πονηρῶς
2505 529 2562 578 τὸ
2623 523 2676 587 ἐξ
2742 523 2916 598 ἀρχῆς
2980 523 3360 596 τεθραμμένος·
3419 526 3508 575 καὶ
3570 523 3673 597 γὰρ
3753 521 3854 575 καὶ

2227 613 2326 666 ὑπὸ
2373 618 2560 686 γονέων
2612 610 2810 666 ἀδίκων
2865 611 2932 673 εἰς
2971 614 3057 664 τὸν
3095 609 3211 684 βίον
3251 612 3534 685 παρήχθη,
3567 616 3660 664 καὶ
3720 631 3851 664 συν-

2227 704 2419 776 ετράφη
2473 707 2562 755 καὶ
2599 702 2805 776 ῥήμασι
2843 705 2932 753 καὶ
2977 700 3202 773 πράξεσι
3253 705 3594 773 παρανόμοις.
3657 701 3848 763 Ἀλλος

2228 787 2286 844 δὲ
2325 790 2490 844 πολλα
2562 794 2700 864 ἔχων
2725 793 2792 842 τὰ
2848 789 3243 864 προκαλούμενα
3299 788 3456 843 αὐτὸν
3495 790 3564 852 εἰς
3621 789 3842 865 ἀρετὴν,

2226 878 2519 955 ἀνατροφὴν
2599 881 2955 953 σεμνοτάτην,
3008 880 3313 936 νουθέτησιν
3371 884 3559 952 γονέων
3584 921 3600 950 ,
3681 877 3824 934 διδα

2228 969 2430 1022 σκάλων
2464 971 2540 1041 (3)
2607 968 2874 1042 ἀκρίϐειαν
2910 1010 2926 1036 ,
2991 967 3246 1044 ἀκρόασιν
3305 967 3473 1041 λόγων
3539 971 3836 1044 θειοτέρων,

2228 1056 2440 1111 δίαιταν
2465 1057 2881 1131 κατεσταλμένην
2909 1099 2923 1126 ,
2955 1057 3118 1110 τᾶλλα
3164 1059 3243 1120 οἷς
3284 1057 3440 1131 ψυχὴ
3473 1055 3843 1132 παιδαγωγεῖο

2225 1168 2310 1201 ται
2375 1151 2506 1222 πρὸς
2567 1147 2791 1222 ἀρετήν’
2835 1145 2946 1200 εἶτα
3009 1151 3098 1201 καὶ
3163 1147 3320 1210 αὐτὸς
3377 1147 3445 1209 εἰς
3511 1152 3606 1207 τὴν
3674 1147 3842 1206 αὐτὴν

2227 1238 2485 1311 ἁμαρτίαν
2562 1236 2844 1293 ύπὼλισθε.
2912 1243 3024 1298 Πῶς
3079 1233 3167 1290 οὖν
3217 1236 3347 1310 ούχὶ
3405 1235 3706 1312 βαρυτέρας
3756 1233 3844 1291 διο

2227 1331 2383 1387 καίως
2409 1327 2436 1378 ό
2470 1332 2702 1388 τοιοῦτος
2745 1334 2841 1388 τῆς
2901 1329 3160 1398 τιμωρίας
3215 1322 3615 1393 ἀξιωθήσεται;
3657 1324 3716 1378 Ὀ
3742 1327 3835 1398 μὲν

2226 1417 2327 1490 γὰρ
2376 1413 2460 1468 ἐπὶ
2503 1419 2687 1488 μόναις
2723 1422 2840 1476 ταῖς
2877 1417 3329 1488 κατεσπαρμέναις
3374 1412 3423 1468 ἒν
3463 1421 3580 1478 ταῖς
3617 1417 3838 1476 ἐννοίαις

2228 1505 2373 1586 ἡμῶν
2406 1509 2676 1578 σωτηρίοις
2719 1503 2976 1580 ἀφορμαῖς
3025 1502 3421 1575 ἐγκληθήσεται,
3454 1507 3522 1568 ὡς
3579 1504 3640 1558 ού
3693 1525 3839 1580 χρη-

2230 1595 2446 1665 σάμενος
2501 1593 2685 1656 αύταῖς
2725 1594 2888 1665 ὑγιῶς
2915 1613 2928 1626 ·
2963 1594 2989 1645 ό
3029 1588 3089 1646 δὲ
3136 1595 3266 1666 πρὸς
3295 1596 3464 1666 τούτῳ
3497 1594 3596 1665 (4),
3647 1599 3739 1646 καὶ
3772 1597 3842 1656 ὡς

2226 1677 2574 1755 προδεδωκὼς
2633 1688 2808 1735 πᾶσαν
2862 1686 2956 1740 τὴν
3011 1677 3297 1755 δεδομένην
3355 1681 3497 1754 αὐτῷ
3555 1688 3842 1756 συνεργίαν

2147 1789 2188 1844 Β
2226 1775 2314 1824 καὶ
2347 1767 2424 1824 δι’
2474 1769 2787 1844 ἀπροσεξίαν
2813 1770 2883 1833 εἰς
2914 1774 3001 1824 τὸν
3054 1774 3279 1844 πονηρὸν
3333 1769 3450 1844 βίον
3494 1777 3840 1844 κατασνρείς.

463 1269 606 1324 ergo
632 1253 766 1323 jure
819 1267 890 1307 ac
935 1248 1148 1305 merito
1197 1248 1302 1320 qui
1343 1245 1646 1318 ejusmodi
1675 1248 1782 1312 est,
1819 1240 2116 1315 supplicio

463 1341 723 1412 graviori
737 1339 1047 1412 punietur?
1059 1341 1206 1394 Nam
1221 1336 1316 1392 ille
1328 1335 1578 1408 quidem
1598 1334 1678 1392 ob
1691 1332 1821 1389 sola
1839 1332 2122 1404 inspersa

462 1428 683 1488 animis
726 1427 948 1485 nostris
981 1424 1270 1483 salutaria
1299 1423 1574 1480 subsidia
1614 1419 2022 1485 accusabitur,
2053 1421 2122 1475 ut

461 1519 544 1576 eis
583 1535 706 1574 non
755 1516 944 1589 probe
974 1531 1154 1582 usus;
1185 1512 1291 1569 sed
1319 1512 1416 1568 hic
1462 1513 1728 1584 insuper,
1760 1513 1826 1565 ut
1849 1507 2120 1582 proditor

461 1608 661 1664 omnis
694 1605 809 1661 sibi
868 1603 1138 1661 concessi
1181 1601 1632 1672 adjumenti,ac
1673 1597 2036 1670 negligentia
2055 1595 2117 1653 in

459 1711 716 1768 pravam
740 1695 929 1750 vitam
949 1692 1254 1765 abreptus.

2296 1890 2350 1943 4.
2396 1893 2530 1940 Ποῖα
2583 1883 2672 1940 οὖν
2719 1895 2819 1938 τῶν
2865 1885 3255 1962 ἁμαρτημάτων
3310 1892 3626 1961 συγγνώμην
3685 1889 3839 1960 ἔχειν

2225 1972 2446 2029 δύναται
2503 1977 2644 2048 παρὰ
2695 1982 2769 2044 τῷ
2809 1982 2922 2044 Θεῷ
2959 1993 2972 2040 ;
3004 1979 3148 2028 πόσα
3177 1971 3237 2029 δὲ
3257 1980 3346 2029 καὶ
3400 1973 3598 2032 πηλίκα
3660 1975 3843 2050 ἁμαρ·

2220 2071 2385 2128 τόσας
2413 2084 2494 2127 τις
2527 2108 2542 2133 ,
2590 2065 2870 2126 ὑπεύθυνος
2926 2069 3125 2136 γίνεται
3159 2073 3234 2138 τῷ
3276 2069 3494 2140 κρίματι
3539 2073 3636 2126 τῆς
3673 2063 3837 2119 ἀπει-

2223 2156 2358 2215 θείας
2387 2170 2402 2221 ;
2435 2155 2572 2207 Οὔτε
2597 2152 2646 2205 ἐν
2688 2160 2761 2224 τῷ
2799 2153 2984 2212 πλήθει
3027 2163 3128 2207 τῶν
3174 2154 3607 2228 ἁμαρτανομένων
3631 2197 3648 2223 ,
3711 2155 3840 2208 οὗτε

2221 2242 2270 2295 ἐν
2307 2252 2380 2314 τῷ
2436 2245 2636 2315 μεγέθει
2701 2250 2802 2294 τῶν
2857 2243 3290 2317 ἁμαρτημάτων,
3328 2242 3376 2296 ἐν
3441 2247 3571 2317 μόνη
3639 2239 3700 2297 δὲ
3765 2251 3833 2316 τῇ

2220 2331 2516 2407 παραϐάσει
2585 2334 2884 2385 οὑτινοσοῦν
2946 2337 3349 2408 προστάγματος
3410 2340 3590 2406 σαφῶς
3660 2338 3838 2407 κρίνον

2220 2441 2310 2495 μιν
2350 2423 2425 2493 (5]
2483 2426 2576 2481 τὴν
2614 2425 2741 2496 πρὸς
2780 2426 2909 2476 Θεὸν
2959 2421 3220 2478 ἀπείθειαν
3255 2466 3268 2492 ,
3317 2430 3406 2477 καὶ
3463 2426 3633 2476 κοινόν
3693 2427 3836 2477 κοιτά

2219 2513 2397 2574 πάσης
2426 2519 2697 2586 παρακοῆς
2740 2519 2831 2564 τοῦ
2870 2520 3004 2566 Θεοῦ
3046 2517 3105 2566 τὸ
3142 2520 3308 2586 κρῖμα
3357 2514 3691 2587 εὑρίσκομεν,
3732 2515 3832 2575 τὰς

2223 2603 2362 2662 θείας
2418 2599 2756 2664 ἀναλαϐόντες
2819 2603 3059 2676 Γραφάς.
3105 2601 3185 2656 Ἐν
3378 2611 3440 2662 τῆ
3499 2602 3697 2670 Παλαιᾷ
3755 2607 3819 2654 τό

2221 2689 2432 2766 φοϐερὸν
2489 2691 2649 2745 ἐκεῖνο
2706 2699 2799 2745 τοῦ
2855 2691 3032 2766 Ἃχαρ
3096 2691 3533 2764 ἀναγινώσκοντες
3577 2691 3732 2756 τέλος,
3785 2692 3817 2749 ἢ

2218 2785 2312 2839 τὴν
2360 2783 2495 2833 κατὰ
2545 2784 2632 2834 τόν
2673 2781 2723 2834 ἐν
2764 2780 3010 2852 Σαϐϐάτῳ
3047 2781 3176 2845 ξύλα
3214 2780 3529 2845 ἀναλέξαντα
3568 2783 3829 2855 ἱστορίαν.

530 1905 584 1959 li.
617 1901 694 1972 (1)
719 1897 1200 1970 Quasnamigitur
1215 1901 1461 1969 peccata
1477 1896 1716 1953 veniam
1739 1893 1904 1968 apud
1925 1895 2115 1950 Deum

461 1990 731 2048 obtinere
761 1991 1101 2061 possunt,et
1130 1986 1211 2043 ob
1236 2003 1373 2059 quae
1402 1990 1460 2043 et
1487 1985 1566 2042 ob
1591 1984 1798 2058 qualia
1815 1983 2034 2040 delicta
2049 1981 2116 2039 tit

456 2079 593 2155 quis
615 2076 1010 2135 contumaciae
1031 2075 1260 2147 judicio
1281 2074 1584 2132 obnoxius
1600 2076 1627 2130 ἱ)
1649 2077 1850 2146 Neque
1879 2073 1940 2129 in
1965 2071 2115 2128 mul-

456 2169 708 2226 titudine
739 2182 937 2240 neque
965 2167 1028 2222 in
1057 2164 1474 2236 magnitudine
1501 2162 2027 2237 peccatorum,sed
2053 2161 2112 2218 in

456 2274 580 2314 una
627 2255 1052 2313 tantummodo
1087 2255 1506 2326 cujuscunque
1543 2252 1790 2310 tandem
1829 2250 2113 2325 praecepti

453 2343 1248 2418 violatione,contumaciam
1271 2342 1562 2400 adversus
1578 2344 1762 2398 Deum
1788 2343 1947 2398 clare
1955 2340 2114 2410 judi-

457 2435 580 2492 cari
628 2448 1138 2505 communemque
1193 2431 1550 2487 sententiam
1598 2445 1633 2488 a
1691 2429 1811 2486 Deo
1867 2429 2006 2486 ferri
2050 2428 2114 2485 in

456 2538 699 2578 omnem
730 2521 1203 2578 inobedienliam
1237 2519 1604 2587 invenimus,
1637 2519 1973 2592 Scripturas
2013 2533 2112 2574 sa-

456 2627 589 2668 cras
621 2611 770 2667 dum
790 2611 1146 2667 evolvimus.
1175 2612 1366 2682 Atque
1399 2608 1462 2664 in
1493 2608 1678 2665 Veteri
1703 2606 1950 2679 quidem
1974 2606 2110 2678 lego

455 2699 825 2756 horrendum
845 2699 1014 2755 illum
1049 2697 1241 2771 ipsius
1273 2697 1465 2754 Achar
1495 2698 1719 2754 exitum
1742 2699 1814 2766 79,
1846 2701 1950 2754 aut
1977 2697 2108 2770 ejus

454 2791 562 2862 qui
602 2787 868 2846 Sabbato
895 2787 1062 2858 ligna
1109 2787 1430 2858 collegerat
1462 2788 1530 2855 ⁸ο,
1562 2785 1875 2844 historiam
1903 2803 1917 2841 :
1950 2801 2110 2858 quo-

453 2894 592 2935 rum
620 2883 831 2934 neuter
855 2893 1129 2950 unquam
1172 2875 1338 2932 aliud
1368 2875 1429 2932 in
1461 2877 1649 2932 Deum
1687 2891 1977 2948 peccasse
2007 2877 2112 2931 aut

2226 2870 2287 2920 ὧν
2327 2872 2566 2942 ἕκάτερος
2610 2866 2761 2923 οὐδὲν
2809 2866 3060 2923 οὐδέποτε
3089 2869 3212 2923 ἄλλο
3243 2870 3336 2924 οὐκ
3381 2870 3452 2934 εἰς
3495 2874 3626 2924 Θεὸν
3656 2873 3833 2942 ἡμαρ-

453 2969 517 3024 in
540 2967 874 3035 hominem,
908 2967 1030 3022 sive
1074 2979 1369 3036 magnum
1414 2964 1542 3020 sive
1594 2980 1851 3036 parvum
1899 2963 2112 3036 depre-

2226 2964 2412 3023 τηκὼς,
2445 2960 2539 3013 οὐκ
2586 2961 2856 3034 ἄνθρωπον
2900 2957 3213 3027 ἠδικηκὼς,
3255 2960 3314 3013 ού
3352 2963 3509 3032 μέγα,
3537 2960 3597 3012 ού
3636 2964 3833 3033 μικρὸν

454 3056 758 3112 henditur.
790 3054 904 3112 Sed
943 3055 1090 3111 alter
1116 3053 1365 3127 quidem
1411 3052 1493 3108 ob
1523 3054 1718 3108 solam
1759 3068 1831 3109 ac
1861 3053 2112 3126 primam

2226 3048 2348 3112 ὃλως
2371 3091 2389 3114 ,
2434 3050 2727 3122 εὑρίσκεται
2761 3086 2776 3102 .

452 3144 753 3214 lignorum
795 3144 1206 3201 collectionem
1237 3141 1612 3199 inevitabiles
1643 3158 1856 3215 poenas
1875 3141 2004 3211 luit,
2035 3157 2113 3198 ne

2226 3146 2319 3191 τῶν
2351 3137 2511 3201 ξύλων
2560 3137 2785 3210 συλλογῇ
2828 3136 3186 3211 ἀπαραίτητον
3250 3135 3451 3192 δίδωσι
3499 3144 3594 3198 τὴν
3643 3135 3831 3206 δίκην,

453 3233 818 3307 poenitentia
860 3233 1111 3306 quidem
1154 3232 1398 3288 invento
1423 3229 1579 3300 loco,
1610 3230 2112 3304 quandoquidem

2226 3224 2346 3281 οὐδὲ
2370 3231 2640 3299 μετανοίας
2677 3232 2830 3280 τόπον
2879 3228 3038 3301 εὑρών
3064 3249 3076 3262 ο
3127 3229 3503 3302 προστάγματι
3529 3230 3632 3303 γάρ
3692 3236 3837 3283 Θεοῦ

456 3323 558 3380 Dei
610 3323 786 3394 jussu
836 3321 1150 3378 confestim
1187 3337 1225 3376 a
1262 3323 1478 3376 cuncto
1524 3319 1753 3393 populo
1804 3319 2111 3392 lapidibus

2226 3318 2366 3390 παρὰ
2415 3321 2603 3379 παντὸς
2646 3324 2737 3369 τοῦ
2784 3316 2910 3370 λαοῦ
2964 3325 3301 3393 παραχρῆμα
3360 3317 3731 3374 λιθοϐολείται.
3771 3317 3838 3372 c0

456 3411 914 3468 obruitur.Alter
938 3408 1277 3482 vero,quod
1301 3408 1498 3464 solum
1523 3408 1862 3466 sustulisset
1885 3408 2114 3482 aliquid

2226 3402 2301 3470 δὲ,
2335 3407 2415 3458 ὅτι
2463 3410 2616 3478 μόνον
2655 3405 2884 3478 ύφείλετό
2922 3426 2974 3459 τι
3020 3415 3117 3460 τῶν
3167 3409 3510 3481 ἀναθημάτων
3544 3451 3560 3480 ,
3591 3409 3738 3461 όύπω
3769 3405 3837 3463 δὲ

457 3517 531 3557 ex
552 3500 820 3556 donariis
846 3504 902 3556 et
924 3499 1302 3566 muneribus,
1334 3498 1526 3570 iisque
1554 3498 1830 3554 nondum
1849 3499 1910 3555 in
1933 3515 2114 3572 syna-

2226 3494 2612 3568 εἰσενεχθέντων
2687 3495 2756 3558 εἰς
2831 3501 2925 3554 τὴν
2993 3502 3343 3569 συναγωγὴν,
3400 3494 3525 3551 οὐδὲ
3602 3494 3836 3572 προσδε-

458 3605 684 3660 gogam
716 3589 1062 3662 exportatis,
1091 3587 1352 3644 necdum
1375 3587 1534 3644 abiis
1562 3588 1667 3660 qui
1696 3587 1777 3644 ad
1799 3587 1940 3645 talia
1965 3589 2112 3644 reci-
2221 3585 2452 3656 χθέντων
2543 3586 2643 3637 ύπὸ

456 3679 682 3752 pienda
710 3677 1193 3748 destinabantur,
1221 3677 1566 3749 assumptis,
1589 3693 1715 3734 non
1743 3677 1858 3734 sibi
1903 3678 2112 3746 modo,

459 3769 565 3824 sed
590 3768 764 3824 uxori
787 3771 968 3824 etiam
995 3772 1052 3823 et
1078 3766 1281 3824 liberis
1303 3766 1463 3822 exitii
1484 3771 1666 3838 atque
1688 3767 1972 3840 perniciei
2000 3785 2114 3825 au-

457 3862 584 3914 ctor
612 3857 1159 3930 fuit,praetereaque
1185 3860 1241 3913 et
1268 3857 1386 3928 ipsi
1415 3855 1806 3913 tabernaculo
1832 3873 1955 3914 una
1975 3874 2114 3915 cum

457 3947 582 4004 suis
626 3947 936 4003 omnibus.
982 3950 1235 4019 Jamque
1276 3946 1508 4017 peccati
1559 3945 1845 4010 vindicta.
1866 3947 2022 4017 ignis
2051 3950 2115 4005 in

456 4036 732 4103 modum,
757 4035 1053 4107 populum
1082 4050 1328 4091 omnem
1354 4034 1716 4107 populatura
1735 4041 1880 4106 erat,
1906 4036 2111 4110 idque,

459 4141 600 4181 cum
629 4140 828 4196 neque
875 4140 1005 4180 rem
1035 4129 1260 4190 nosset,
1283 4139 1482 4196 neque
1524 4126 1799 4196 peccanti
1839 4127 2116 4184 conscius

463 4216 757 4280 esset,nisi
779 4214 981 4270 statim
1003 4214 1082 4270 ob
1103 4214 1372 4270 virorum
1400 4213 1849 4271 interfectorum
1879 4217 2115 4274 cladem

458 4305 749 4362 contritus
798 4303 1059 4376 populus
1116 4303 1345 4374 fuisset,
1371 4304 1525 4359 iram
1579 4304 1680 4360 Dei
1729 4305 2010 4378 sentiens,
2043 4323 2114 4364 ac

2226 4299 2339 4360 λαός
2377 4299 2684 4372 αἰσθόμενος
2731 4308 2822 4362 τῆς
2845 4302 3006 4377 ὀργῆς
3053 4309 3146 4354 τοῦ
3203 4309 3376 4372 Θεοῦ,
3427 4305 3576 4356 ἔπεσε
3625 4301 3686 4357 δὲ
3718 4305 3841 4377 ἅμα

457 4397 596 4449 Jesu
621 4397 782 4450 Nave
836 4392 997 4448 ﬁlius
1057 4391 1302 4464 pulvere
1355 4407 1717 4464 conspersus
1761 4394 2114 4465 procidisset

2226 4399 2330 4454 τοῖς
2364 4391 2732 4468 πρεσϐυτέροις
2785 4397 3222 4470 καταπασάμενος
3267 4405 3402 4468 χοῦν
3435 4397 3640 4458 Ἰησοῦς
3664 4399 3692 4450 ό
3737 4409 3840 4453 τοῦ

457 4498 583 4539 una
611 4499 751 4538 cum
781 4481 1349 4553 senioribus,sicque
1370 4497 1508 4536 reus
1531 4497 1639 4553 per
1660 4487 1881 4539 sortem
1905 4483 2114 4557 depre-

2226 4488 2392 4541 Ναυῆ·
2456 4488 2546 4535 καὶ
2593 4483 2728 4536 οὕτω
2777 4479 2872 4536 διὰ
2916 4484 3111 4559 κλήρου
3161 4487 3467 4562 φωραθεὶςό
3497 4489 3676 4560 ἔνοχος
3735 4493 3838 4548 τὴν

457 4571 818 4640 hensus,eas
848 4586 1002 4642 quas
1032 4568 1155 4625 dixi
1181 4585 1396 4641 poenas
1417 4569 1944 4639 dedisset.(2)0uid
1972 4590 2112 4631 vero

2226 4571 2492 4647 εἰρημένην
2523 4569 2723 4626 δέδωκε
2751 4569 2929 4632 δίκην.
2959 4579 3023 4628 Τί
3064 4571 3124 4628 δὲ
3153 4581 3331 4651 Μαρία
3358 4577 3388 4634 ἡ
3437 4573 3633 4649 ἀδελφὴ
3667 4585 3837 4633 Mani-

457 4662 638 4716 Maria
658 4660 876 4732 Moysis
901 4659 1111 4715 soror?
1135 4658 1237 4714 illa
1263 4675 1403 4714 cum
1434 4659 1629 4715 solum
1660 4660 1889 4733 aliquid
1904 4667 2114 4721 contra

2226 4662 2560 4728 σέωςςΑῦτη
2615 4663 2752 4714 κατὰ
2800 4667 3064 4726 Μωῦσέως
3118 4660 3298 4724 ἐπειδὴ
3349 4663 3459 4719 εἶπέ
3493 4685 3547 4718 τι
3589 4671 3748 4739 μόνον
3777 4665 3834 4718 ἓν

459 4751 721 4819 Moysem
774 4748 1181 4821 improbando
1233 4747 1501 4815 dixisset,
1526 4747 1709 4820 idque
1747 4749 1947 4822 ipsum
1976 4769 2112 4809 vere

2226 4755 2587 4823 καταγνώσεως
2637 4755 2780 4827 μέρει
2807 4792 2823 4820 ,
2867 4757 2958 4804 καὶ
3009 4760 3163 4806 τοῦτο
3203 4751 3385 4816 ἀληθὲς
3422 4761 3671 4827 (γυναῖκα
3699 4760 3831 4831 γὰρ,

2833 3048 2966 3102 Ἀλλ’
2993 3051 3019 3102 ό
3049 3052 3140 3122 μὲν
3196 3048 3282 3103 ἐπὶ
3333 3053 3461 3123 μόνη
3512 3053 3602 3102 καὶ
3639 3055 3830 3122 πρώτη

2744 3593 2844 3638 τῶν
2937 3584 3342 3660 ἐπιτέταγμένων
3416 3589 3483 3640 τὰ
3582 3595 3834 3658 τοιαῦτα,

2222 3677 2389 3734 αἴτιος
2449 3673 2719 3739 ἀπωλείας,
2752 3675 2859 3747 οὐχ
2897 3675 3063 3748 ἑαυτῷ
3109 3680 3267 3749 μόνῳ,
3303 3674 3431 3728 ἀλλὰ
3482 3679 3572 3728 καὶ
3617 3686 3829 3750 γαμετῇ

2221 3767 2311 3815 καὶ
2354 3766 2570 3832 τέκνοις,
2602 3767 2730 3837 πρὸς
2781 3760 2841 3816 δὲ
2889 3770 2977 3818 καί
3016 3765 3146 3839 αὐτῇ
3199 3774 3387 3839 σκηνῇ,
3420 3771 3515 3819 σὺν
3553 3772 3688 3819 πᾶσι
3713 3775 3834 3830 τοῖς

2225 3849 2379 3914 ἰδίοις
2417 3851 2630 3924 ἐγένετο.
2668 3852 2875 3928 Ἔμελλε
2933 3849 2991 3907 δὲ
3045 3851 3152 3915 ἢδη
3196 3856 3377 3908 θᾶττον
3425 3860 3516 3908 καὶ
3571 3859 3657 3909 τόν
3700 3855 3833 3910 λαὸν

2221 3941 2445 4009 ἅπαντα,
2478 3945 2644 4017 πυρὸς
2696 3947 2910 4017 τρόπον,
2946 3942 3279 4016 ἐπινέμεσθαι
3332 3952 3425 4006 τῆς
3480 3945 3739 4020 ἁμαρτίας
3767 3950 3835 4000 τὸ

2222 4035 2399 4102 κακὸν,
2432 4036 2523 4084 καὶ
2577 4039 2763 4100 ταῦτα,
2791 4036 2909 4087 οὔτε
2956 4030 3134 4088 εἰδότα
3179 4037 3238 4087 τὸ
3279 4039 3506 4106 γεγονὸς,
3536 4037 3652 4088 οὔτε
3708 4055 3838 4088 σνν-

2223 4123 2482 4192 εγνωκότα
2529 4129 2599 4193 τῷ
2675 4121 3035 4197 ἁμαρτήσαντι
3063 4165 3079 4194 ,
3128 4123 3173 4176 εἰ
3233 4128 3305 4196 μὴ
3368 4129 3572 4197 ταχέως
3619 4124 3675 4177 ἐκ
3732 4133 3838 4188 τῆς

2220 4215 2463 4271 πτώσεως
2507 4219 2606 4263 τῶν
2660 4209 3029 4286 ἀναιρεθέντων
3095 4208 3300 4288 ἀνδρῶν
3341 4213 3618 4288 συνετρίϐη
3669 4216 3762 4286 μὲν
3807 4217 3840 4268 ό

458 4838 730 4908 (uxorem
761 4839 940 4902 enim,
965 4837 1617 4910 inquit,£thiopissam
1645 4837 1760 4894 sibi
1790 4839 1888 4911 adj
1901 4843 2109 4910 unxit),

460 4929 691 4983 tantam
721 4931 966 4998 experta
1007 4931 1097 4983 est
1126 4926 1228 4982 Dei
1253 4925 1752 4996 indignationem,
1787 4934 1852 4984 ut
1875 4945 1950 4986 ne
1978 4931 2112 5004 ipso

458 5013 708 5086 quidem
723 5017 920 5087 Moyse
932 5021 1213 5087 precante
1230 5016 1459 5086 peccati
1470 5016 1680 5087 poenai
1685 5017 1778 5089 psi
1787 5019 2109 5077 remittere-

457 5102 1019 5161 tur“.Sedistorum
1029 5104 1178 5177 quid
1190 5104 1535 5162 meminisse
1545 5120 1790 5163 necesse
1802 5111 1916 5174 est,
1935 5109 2104 5182 507

2223 4846 2419 4914 φησὶν,
2471 4842 2822 4895 Αἰθιόπισσαν
2871 4842 3044 4896 ἔλαϐεν
3079 4843 3264 4916 ἑαυτῶ)
3289 4887 3306 4914 ,
3363 4849 3627 4910 τοσαύτης
3693 4848 3832 4901 ἐπει-

2220 4933 2357 5004 ράθη
2397 4940 2488 4992 τῆς
2538 4939 2632 4984 τοῦ
2689 4938 2824 4985 Θεοῦ
2862 4931 3303 5004 ἀγανακτήσεως,
3350 4936 3417 4998 ὡς
3474 4933 3618 5008 μηδὲ
3665 4937 3826 4990 αὑτοῦ

2221 5027 2314 5072 τοῦ
2375 5023 2635 5082 Μωῦσέως
2687 5021 2996 5084 ἱκετεύοντος
3064 5025 3484 5100 συγχωρηθῆναι
3531 5025 3664 5099 αὐτῇ
3726 5033 3816 5085 τῆς

2223 5109 2485 5188 ἁμαρτίας
2532 5112 2589 5164 τό
2628 5107 2910 5182 ἐπιτίμιον.
2941 5115 3042 5166 Καὶ
3098 5117 3148 5167 τί
3214 5109 3299 5168 δεῖ
3341 5119 3460 5188 περὶ
3503 5119 3689 5170 τούτων
3733 5112 3804 5165 li-

528 5247 578 5281 τε
608 5247 727 5304 ιοε,
755 5261 853 5314 νυ,
880 5249 970 5302 25.
1003 5246 1050 5282 ³ο
1125 5248 1302 5304 Num.
1333 5263 1434 5322 xv,
1461 5251 1548 5308 36.
1592 5249 1638 5286 εί
1705 5249 1884 5308 Num.
1908 5267 2014 5326 xu,
2048 5258 2116 5314 l7
2153 5267 2295 5334 sqq.

649 5390 1058 5518 lbeidITrommio
1093 5391 1176 5447 De
1193 5391 1430 5461 judicio
1459 5393 1590 5465 Dei,
1622 5393 1750 5453 217.

485 5535 618 5623 ζ
1033 5534 1198 5623 Ηῇῌϐ
1228 5549 1436 5596 vocem
1467 5536 1813 5623 addidimus
1843 5553 1918 5601 OX
1953 5555 2112 5604 oon-

455 5606 626 5681 textu
650 5609 706 5663 et
735 5606 1014 5680 codicum
1038 5607 1243 5666 altero.

2285 5396 2362 5471 (4)
2401 5398 2535 5471 Πρὸς
2567 5398 2757 5469 τούτῳ.
2783 5397 2876 5456 Sic
2918 5397 3082 5458 idem
3126 5400 3312 5460 codex
3367 5405 3427 5461 et
3482 5406 3830 5462 contextus.

2211 5467 2366 5544 Editi
2398 5467 2529 5544 πρὸς
2554 5467 2727 5544 τοῦτοί.

2283 5542 2364 5611 (5)
2401 5542 2667 5628 ιςρίνομεν.
2702 5543 3042 5615 Legendum
3073 5543 3309 5604 videtur
3341 5549 3408 5606 ut
3435 5545 3497 5606 in
3537 5551 3838 5609 contextu

2209 5632 2538 5691 κρινομενην.
