4084 6410
334 316 466 373 1201

1546 312 1774 372 SERMO
1815 313 1926 369 νιι.
1950 341 2019 354 --
2051 312 2143 370 DE
2179 314 2487 374 PECCATO

3566 324 3701 381 120'2

330 459 462 512 γειν,
510 439 666 494 αὐτὸν
709 446 891 494 τοῦτον
953 439 1173 512 ἀφέντας
1229 443 1478 507 Μωῦσέα,
1518 442 1606 492 τὸν
1653 446 1744 492 τοῦ
1799 447 1906 493 Θεο·

2040 437 2178 512 ipso
2210 442 2412 512 Moyse
2442 443 2757 513 praeterito,
2776 443 2877 500 Dei
2899 441 3147 510 famulo,
3172 458 3396 514 magno
3424 444 3526 502 illo
3547 447 3698 519 viro,

334 531 644 604 θεράποντα,
687 533 770 583 τόν
812 535 974 603 μέγαν
1017 528 1226 597 ἐκεῖνον,
1271 532 1357 583 τὸν
1408 532 1667 590 τοσαύτης
1705 531 1794 602 μὲν
1841 532 1932 581 καὶ

329 618 651 682 τηλικαύτης
679 618 964 682 ἀξιωθέντα
986 619 1109 695 παρ’
1152 619 1312 672 αὐτοῦ
1357 626 1529 692 τιμῆς,
1563 618 1698 671 οὕτω
1740 614 1798 671 δὲ
1829 617 1930 670 ὑπὸ

331 708 490 762 αὐτοῦ
557 710 976 785 μαρτυρηθέντα,
1039 711 1105 770 ὡς
1171 708 1418 766 ἀκοῦσαι.
1477 703 1619 761 Οἶδά
1686 726 1742 760 σε
1786 709 1932 782 παρά

327 799 566 869 πάντας,
633 802 724 851 καὶ
784 798 1008 872 εὕρηκας
1066 799 1230 873 χάριν
1285 801 1496 851 ἐνώπιόν
1549 813 1697 870 μου;
1766 797 1930 858 Οὗτος

326 889 428 961 γὰρ
483 886 566 940 ἐπὶ
617 894 710 940 τοῦ
764 884 958 948 ὕδατος
997 895 1092 950 τῆς
1149 886 1462 960 ἀντιλογίας,
1515 882 1726 947 οὐδενὸς
1770 885 1929 938 ἕνεκεν

327 975 524 1050 ἑτέρου,
577 978 608 1037 ἣ
671 979 755 1030 ῖνα
809 981 962 1049 μόνον
1019 980 1138 1050 εἴπῃ
1197 983 1268 1048 τῷ
1324 976 1431 1047 λαῷ
1477 975 1793 1048 γογγύζοντι
1854 971 1930 1027 δι’

327 1062 548 1138 ἀπορίαν
609 1063 822 1132 ὕδατος,
888 1069 974 1125 Μὴ
1016 1065 1074 1119 ἐκ
1129 1068 1326 1127 ταύτης
1367 1074 1463 1128 τῆς
1524 1068 1713 1140 πέτρας
1767 1062 1928 1127 ἐξάξω

325 1153 447 1227 ύμῖν
505 1152 698 1228 ὕδωρ;
767 1158 951 1209 τούτου
1017 1159 1177 1228 μόνον
1253 1156 1412 1209 ἕνεκεν
1486 1155 1632 1215 εὐθὺς
1711 1153 1924 1211 ἀπειλὴν

321 1247 468 1316 παρὰ
513 1252 608 1297 τοῦ
647 1253 782 1299 Θεοῦ
823 1242 1062 1318 δέχεται,
1097 1246 1168 1309 εἰς
1197 1250 1292 1304 την
1329 1252 1429 1317 γῆν
1471 1252 1568 1307 τῆς
1614 1242 1923 1315 ἐπαγγελίας

320 1333 417 1387 οὐκ
443 1333 852 1405 εἰσελεύσεσθαι,
901 1337 1017 1399 ἣτις
1058 1333 1119 1394 ἧν
1159 1339 1275 1389 τότε
1303 1343 1404 1387 τῶν
1442 1337 1574 1408 πρὸς
1629 1329 1921 1395 Ἰουδαίους

319 1421 639 1495 ἰπαγγελιών
702 1427 760 1478 τὸ
833 1423 1142 1497 κεφάλαιον.
1197 1424 1360 1476 Ὅταν
1427 1424 1515 1476 οὗν
1571 1419 1675 1475 ἶδω
1738 1428 1920 1475 τοῦτον

316 1511 749 1585 παρακαλοῦντα,
817 1518 906 1566 καὶ
953 1517 1024 1586 μη
1087 1515 1553 1588 συγγωρούμενον·
1621 1512 1743 1564 ὅταν
1816 1508 1919 1562 ἴδω

317 1597 582 1673 μηδεμιᾶς
641 1608 958 1674 συγγνώμης
1006 1599 1100 1654 διὰ
1151 1604 1218 1654 τὰ
1259 1610 1492 1654 τοσαῦτα
1535 1601 1918 1674 κατορθώματα

314 1687 402 1742 ἐπὶ
451 1697 524 1761 τῷ
577 1688 780 1764 βραχεῖ
821 1689 994 1763 ἐκείνῳ
1049 1691 1452 1764 καταξιούμενον
1493 1691 1694 1765 ῥήματι
1722 1709 1736 1722 ο
1786 1689 1915 1761 οὐχὶ

314 1780 473 1840 ὄντως
517 1781 621 1853 ὁρῶ
662 1787 796 1833 Θεοῦ
851 1778 1160 1854 ἀποτομίαν,
1217 1782 1352 1833 κατὰ
1412 1783 1499 1833 τόν
1547 1777 1863 1831 Ἀπόστολον
1895 1795 1909 1846 ;
1942 1796 1983 1852 Β

311 1867 442 1940 οὐχὶ
466 1867 674 1921 κάκεῖνο
716 1867 900 1932 ἀληθὴς
927 1868 1057 1923 εἶναι
1098 1871 1481 1942 πεισθήσομαι,
1517 1871 1596 1938 τὸ,
1631 1867 1692 1920 Εἰ
1747 1868 1772 1919 6
1823 1863 1912 1919 δί-

311 1976 456 2017 καιος
493 1956 645 2030 μόλις
695 1961 942 2028 σώζεται,
1003 1960 1029 2011 ὁ
1083 1957 1276 2021 ἀσεϐὴς
1327 1962 1416 2010 καὶ
1468 1955 1769 2030 ἁμαρτωλὸς
1810 1962 1912 2009 ποῦ

310 2053 588 2117 paruit-au;
646 2050 749 2100 Καὶ
803 2052 856 2099 τί
893 2055 1059 2101 ταῦτα
1093 2047 1263 2119 λέγω;
1315 2046 1451 2100 Ἠλεὶ
1498 2047 1524 2099 ό
1570 2048 1727 2121 ἱερεύς
1783 2047 1910 2119 ὑπὲρ

307 2142 400 2186 τοῦ
442 2132 582 2188 ἰδίου
625 2135 748 2209 βίου
779 2133 946 2210 μηδεν
993 2136 1385 2210 ἐγκαλούμενος,
1429 2137 1510 2189 ὅτι
1537 2141 1609 2210 μὴ
1642 2142 1753 2198 τοῖς
1776 2137 1912 2198 υἱοῖς

305 2221 551 2287 ἐπεξῆλθε
609 2223 978 2300 σφοδρότερον,
1033 2228 1281 2285 τοιαύτην
1348 2225 1581 2284 ίκίνησεν
1630 2225 1790 2299 ὀργὴν
1842 2232 1905 2297 τῇ

302 2315 646 2386 μακροθυμίᾳ
683 2323 778 2367 τοῦ
841 2323 998 2385 Θεοῦ,
1039 2317 1174 2368 ὥστε
1229 2314 1624 2368 ἐπαναστάντων
1683 2313 1908 2386 ἀλλοφύ-

301 2400 421 2472 λων,
461 2407 582 2464 τοῦς
627 2405 716 2466 μὶν
747 2406 895 2467 υἱοὺς
948 2405 1109 2458 αὐτοῦ
1140 2403 1356 2466 ἐκείνους
1406 2403 1738 2478 ἀναιρεθῆναι
1772 2405 1909 2456 κατά

299 2493 388 2543 τὸν
416 2491 635 2565 πόλεμον
690 2491 738 2546 ἐν
787 2499 885 2566 μιᾷ
944 2496 1134 2570 ἡμέρᾳ,
1184 2496 1473 2554 ἡττηθῆναι
1524 2490 1582 2546 δὲ
1628 2496 1908 2565 σύμπαντα

299 2583 387 2632 τόν
433 2581 575 2652 λαόν,
631 2587 722 2634 καὶ
769 2587 966 2634 τούτων
1031 2591 1207 2636 πεσεῖν
1266 2587 1494 2648 ἱκανούς,
1552 2585 1793 2654 γενέσθαι
1847 2579 1907 2636 δὲ

299 2675 389 2722 καὶ
412 2674 532 2743 περὶ
560 2675 655 2730 τὴν
682 2671 902 2724 κιϐωτόν
949 2681 1040 2733 τῆς
1089 2671 1243 2742 ἁγίας
1297 2680 1390 2724 τοῦ
1429 2679 1562 2725 Θεοῦ
1621 2668 1902 2737 διαθήκης,

299 2757 334 2809 ἃ
395 2763 526 2830 μήτε
591 2759 829 2818 ἠκούσθη
888 2763 1014 2812 ποτε
1077 2765 1328 2835 πρότερον
1373 2777 1384 2790 ·
1456 2762 1609 2822 ὥστε,
1670 2761 1729 2820 ἧς
1788 2761 1904 2812 οὔτε

304 2846 676 2922 Ἰσραηλίταις,
739 2851 856 2901 οῦτε
904 2853 1001 2921 μὴν
1049 2849 1231 2910 αὐτοῖς
1277 2857 1381 2910 τοῖς
1423 2849 1644 2924 ἱερεῦσιν
1681 2848 1900 2914 ἅπασιν,

300 2933 425 2989 οὐδὲ
451 2939 694 3006 πάντοτε,
733 2938 994 2992 ἅπτεσθαι
1043 2939 1248 3011 θεμιτὸν
1289 2934 1372 3006 ἦν,
1430 2933 1552 2991 οὐδε
1601 2942 1756 2999 τόπος
1811 2937 1901 2990 αύ-

295 3030 392 3084 τήν
431 3027 506 3098 (1)
537 3027 564 3080 ὁ
593 3031 774 3099 τυχὼν
813 3024 1118 3100 ὑπεδέχετο,
1173 3030 1366 3086 ταύτην
1398 3029 1499 3080 ύπό
1537 3035 1732 3100 χειρῶν
1772 3025 1900 3078 ἀσεο

296 3114 398 3167 ϐῶν
428 3115 606 3169 ἄλλοτε
655 3115 942 3190 ἀλλαχόθεν
997 3119 1449 3191 μετακομίσεσθαι
1500 3119 1604 3186 (2),
1657 3120 1746 3169 καὶ
1785 3115 1899 3170 ἀντὶ
1927 3139 1967 3196 C

294 3214 394 3258 τῶν
425 3210 608 3278 αγίων,
665 3203 891 3260 εἰδώλων
941 3215 1086 3270 ναοῖς
1131 3205 1499 3262 ἀποτίθεσθαι.
1541 3205 1648 3280 Ἐφ’
1689 3206 1761 3268 οἷς
1803 3211 1898 3259 πό-

295 3315 385 3350 σον
410 3299 529 3349 τινὰ
578 3295 872 3349 συνέϐαινεν
903 3293 1035 3350 εἶναι
1077 3302 1170 3350 καὶ
1197 3299 1312 3350 κατ’
1351 3297 1515 3350 αὐτοῦ
1567 3303 1659 3350 τοῦ
1713 3296 1900 3369 ὀνόμα-

291 3404 382 3446 τος
409 3393 502 3438 τοῦ
556 3393 690 3439 Θεοῦ
724 3386 926 3457 γελωτα
979 3391 1070 3439 καὶ
1117 3386 1314 3458 χλεύην
1356 3387 1502 3460 παρὰ
1536 3392 1644 3446 τοῖς
1678 3383 1896 3457 ἀλλοφύ-

291 3474 420 3541 λοις,
480 3476 844 3548 στοχάζεσθαι
905 3479 1176 3549 πάρεστιν.
1211 3475 1329 3529 Ἐπὶ
1365 3478 1572 3537 τούτοις
1616 3479 1706 3527 καὶ
1745 3474 1897 3536 αὐτὸς

291 3564 318 3616 ὁ
360 3563 499 3617 Ἦλεὶ
551 3564 683 3617 τέλει
737 3567 1080 3640 χρησάμενος
1136 3565 1479 3639 οἰκτροτάτῳ,
1530 3563 1742 3622 ἀπειλὴν
1783 3561 1892 3618 ἐδέ-

292 3654 416 3717 ξατο
445 3662 536 3709 τοῦ
576 3660 667 3707 καὶ
707 3659 766 3707 τό
816 3660 1025 3730 σπέρμα
1069 3656 1230 3708 αὐτοῦ
1280 3654 1764 3714 ἀποκινηθὴσεσθαι
1801 3662 1896 3707 τοῦ

299 3745 562 3818 ἱερατικοῦ
590 3743 886 3816 ἀξιώματος
920 3786 936 3802 .
995 3746 1117 3818 ὅπερ
1156 3748 1248 3797 καὶ
1294 3748 1490 3816 γέγονε.
1546 3748 1750 3815 Καίτοι,
1801 3751 1893 3796 τοῦ

288 3834 380 3902 μὲν
450 3829 591 3885 ἰδίου
656 3831 780 3905 βίου
836 3835 1020 3904 ἕνεκεν,
1069 3829 1220 3886 οὐδὲν
1277 3834 1469 3906 ᾐτιάθη
1513 3834 1538 3886 6
1593 3832 1890 3909 πρεσϐύτης

286 3927 430 3976 ποτέ.
487 3927 586 3975 Καὶ
640 3922 815 3984 αὐτοῖς
869 3920 928 3976 δὲ
974 3930 1084 3986 τοῖς
1147 3923 1277 3982 υἱοῖς
1328 3921 1423 3974 οῦκ
1479 3924 1743 3994 ὑπέμεινεν
1802 3920 1891 3993 ἐφ-

288 4013 573 4084 ησυχάσαι
600 4028 615 4042 ⁸
649 4009 776 4064 ἀλλὰ
818 4011 981 4064 πολλά
1010 4015 1100 4085 μεν
1130 4016 1371 4084 παρῄνει,
1416 4017 1535 4087 περὶ
1562 4019 1653 4064 τοῦ
1701 4016 1890 4084 μηκέτι

284 4109 393 4165 τοῖς
442 4103 644 4175 ὁμοίοις
708 4100 964 4174 ἐμμένειν,
1021 4106 1107 4160 Μὴ
1159 4106 1334 4171 τέκνα,
1388 4101 1568 4173 λέγων,
1625 4105 1696 4173 μή
1728 4119 1741 4132 °
1793 4104 1886 4153 οὐκ

285 4190 484 4264 ἀγαθαί
539 4191 595 4244 αἱ
652 4189 826 4258 ἀκοαὶ,
879 4191 941 4254 ἂς
979 4190 1077 4264 ἐγώ
1123 4190 1296 4244 ἀκούπ
1331 4195 1450 4266 περὶ
1495 4192 1658 4264 ὑμῶν.
1707 4189 1886 4263 Ὀμως

284 4278 567 4356 ἐπειδήπερ
613 4281 742 4354 ούχὶ
787 4283 872 4334 τὸν
915 4285 1179 4356 πρέποντα
1237 4279 1390 4345 ζῆλον
1427 4281 1540 4334 κατ’
1582 4279 1751 4333 αὐτῶν
1789 4279 1884 4333 ἐπ-

285 4368 542 4438 εδείξατο,
576 4370 742 4443 ἑαυτῷ
769 4390 824 4423 τε
853 4374 1132 4439 κάκείνοις,
1181 4374 1270 4422 καὶ
1311 4379 1381 4442 τῷ
1437 4370 1564 4443 λαῷ,
1622 4373 1884 4428 τοσαύτην

282 4463 376 4516 τὴν
439 4465 534 4511 τοῦ
587 4467 721 4512 Θεοῦ
778 4457 971 4529 ἀνῆψεν
1028 4464 1216 4533 ὀργήν.
1294 4465 1476 4513 Καίτοι
1513 4463 1672 4514 ἔοικεν
1724 4461 1751 4513 6
1795 4465 1884 4532 μὲν
1917 4497 1960 4551 D

282 4547 498 4617 ἔλεγχος
538 4546 678 4610 τέλος
723 4550 863 4619 ἔχειν
886 4552 979 4606 τὴν
1007 4546 1293 4620 διόρθωσιν
1330 4557 1423 4602 τοῦ
1449 4550 1836 4622 ἁμαρτάνοντος
1867 4571 1880 4584 ·

283 4637 310 4688 6
351 4633 411 4690 δὲ
445 4633 743 4709 ὀνειδισμὸς
783 4635 866 4689 ἐπὶ
924 4636 1280 4710 ἀσχημοσύνη
1325 4646 1416 4690 τοῦ
1461 4638 1762 4700 ἐπταικότος
1805 4645 1884 4711 γί-

279 4727 484 4782 νεσθαι.
543 4725 604 4778 Εἰ
643 4728 744 4800 γὰρ
793 4729 883 4777 καὶ
935 4727 1002 4778 τά
1036 4725 1258 4779 πλεῖστα
1293 4728 1687 4799 κατωρθωκέναι
1741 4723 1887 4780 δοκεῖ

277 4834 384 4884 τις,
434 4814 613 4886 ὀλίγων
655 4811 715 4868 δέ
755 4833 878 4880 που,
911 4814 941 4873 ἦ
988 4819 1078 4867 καὶ
1127 4820 1252 4887 μιᾶς
1308 4817 1623 4874 ἡστινοσοῦν
1678 4816 1884 4880 ἐντολῆς

277 4903 550 4976 ἀμελήσει,
575 4904 603 4962 ᾖ
638 4910 710 4974 τῷ
737 4902 1172 4976 πλημμελήσαντι
1200 4901 1504 4978 ἀδιαφόρως
1527 4903 1880 4977 ἐφησυχάσει,

277 5000 369 5048 καὶ
400 4997 471 5068 μὴ
508 4993 663 5054 ζῆλον
703 4993 900 5065 ἀγαθὸν
931 4996 1066 5047 κατά
1096 4997 1155 5046 τὸ
1184 5002 1352 5069 κρῖμα
1376 5002 1468 5048 τοῦ
1497 5002 1634 5048 Θεοῦ
1679 4992 1880 5048 ἐπιδεί-

277 5085 441 5154 ξεται,
473 5082 557 5137 ἐπὶ
595 5085 761 5156 ταύτῃ
792 5087 923 5156 μόνῃ
959 5080 1180 5147 δικαίως
1231 5085 1420 5156 ὑφέξει.
1453 5083 1558 5138 Κᾶν
1584 5085 1638 5148 ἐξ
1669 5083 1882 5157 ἀγνοίας

273 5175 417 5248 πάθη
450 5193 502 5227 τι
531 5179 784 5241 τοιοῦτον,
843 5169 969 5226 ούδὶ
1011 5173 1167 5236 οὕτως
1213 5172 1539 5247 ἀτιμώρητος
1587 5171 1877 5247 διαφεύγει.

351 5300 396 5334 ⁸³
420 5297 607 5355 Exod.
641 5312 834 5368 xxxm,
871 5302 957 5358 l2.
1071 5298 1118 5333 ⁸³
1142 5301 1319 5358 Num.
1345 5315 1438 5372 xx,
1469 5303 1552 5356 t0.

351 5423 428 5496 (lg)
467 5427 631 5485 Τόπος
671 5423 859 5496 αὐτην.
892 5423 997 5496 Sic
1036 5437 1152 5496 ope
1192 5427 1501 5496 contextus
1545 5427 1602 5482 et
1639 5424 1883 5482 alterius

280 5493 557 5572 codicum
573 5495 1044 5572 emendavimus
1056 5493 1308 5567 pravam
1330 5495 1650 5572 lectionem
1674 5499 1732 5549 τὸ
1758 5500 1884 5572 πρὸς

281 5563 461 5641 αὐτὴν.
501 5565 730 5641 Ibidem
760 5582 876 5641 ope
901 5563 1214 5641 contextus
1234 5567 1693 5628 emendavimus
1718 5563 1886 5641 quod

280 5639 411 5696 erat
439 5635 602 5708 apud
625 5635 1011 5712 Syme'onem,
1041 5636 1312 5695 οὐδέποτε.

1668 5299 1714 5334 ⁸⁸
1738 5302 1907 5357 Rom.
1941 5315 2022 5368 χι,
2046 5302 2140 5356 22.

2039 530 2126 584 tot
2151 544 2222 584 ac
2253 530 2432 584 tantis
2471 530 2805 587 honoribus
2843 547 2880 589 a
2922 535 3041 588 Deo
3076 533 3383 601 insignito,
3413 537 3469 590 et
3507 534 3700 606 ipsius

2037 617 2378 674 testimonio
2419 618 2500 676 ita
2529 620 2943 693 comprobato,
2979 626 3042 678 ut
3091 620 3387 678 audierit:
3437 623 3593 680 Novi
3646 632 3701 681 te

2029 723 2164 777 pra:
2185 709 2478 777 omnibus,
2502 715 2558 765 et
2583 711 2868 766 invenisti
2888 713 3146 783 gratiam
3169 727 3366 767 coram
3394 714 3576 769 me"?
3596 714 3696 769 Hic

2036 797 2197 853 enim
2215 798 2293 854 ad
2316 814 2511 871 aquas
2535 801 3052 870 contradictionis,
3072 801 3239 857 nulla
3256 801 3375 858 alia
3396 802 3469 857 de
3483 819 3694 870 causa,

2035 885 2151 942 nisi
2175 888 2342 959 quod
2365 889 2789 945 tantummodo
2813 891 3040 963 populo
3063 890 3143 946 ob
3173 906 3347 963 aquae
3374 891 3692 962 penuriam

2036 975 2439 1031 murmuranti
2461 976 2705 1045 dixerat,
2719 978 2879 1034 Num
2903 995 2977 1035 ea:
3004 979 3118 1036 hac
3137 985 3311 1048 petra
3331 981 3578 1036 educam
3597 997 3689 1037 vo-

2037 1063 2124 1120 bis
2138 1079 2359 1135 aquam
2373 1065 2578 1122 83?hac
2599 1065 2732 1122 sola
2744 1067 2818 1122 de
2832 1083 3015 1124 causa
3039 1068 3239 1124 statim
3261 1071 3429 1124 aDeo
3442 1070 3691 1125 commi-

2031 1153 2341 1208 nationem
2367 1155 2620 1227 accepit,
2647 1156 2776 1211 fore
2797 1160 2861 1212 ut
2889 1172 3016 1212 non
3037 1155 3450 1227 ingrederetur
3469 1157 3532 1212 in
3569 1163 3689 1214 ter-

2029 1254 2162 1295 ram
2192 1240 2634 1312 promissionis,
2668 1258 2804 1314 quas
2825 1245 3122 1316 omnium,
3142 1260 3278 1316 quae
3309 1243 3530 1300 Judaais
3549 1260 3688 1317 pro-

2028 1328 2220 1386 missa
2243 1329 2500 1397 fuerant,
2524 1335 2666 1386 tunc
2690 1347 2933 1388 summa
2957 1336 3102 1389 erat.
3133 1334 3278 1388 Cum
3300 1332 3478 1405 igitur
3506 1334 3684 1392 video

2025 1416 2190 1474 hunc
2219 1424 2562 1488 rogantem,
2593 1424 2648 1476 et
2675 1421 2914 1478 veniam
2944 1437 3068 1478 non
3099 1422 3472 1479 obtinentem
3499 1440 3511 1489 ;
3541 1440 3680 1482 cum

2025 1507 2202 1564 video
2244 1507 2476 1564 nullam
2515 1508 2598 1564 illi
2636 1515 2720 1566 tot
2761 1526 2831 1566 ac
2872 1515 3043 1568 tanta
3081 1517 3238 1568 recte
3275 1511 3433 1569 facta
3476 1512 3681 1570 brevis

2024 1597 2209 1670 hujus
2262 1598 2432 1654 verbi
2481 1599 2719 1657 veniam
2764 1601 3160 1674 impetrasse;
3223 1617 3428 1659 nonne
3468 1619 3681 1662 revera

2025 1686 2362 1742 secundum
2401 1689 2758 1761 Apostolum
2804 1691 3182 1747 severitatem
3244 1691 3342 1747 Dei
3380 1707 3560 1749 cerno
3581 1693 3680 1750 ⁸⁸⁸1

2022 1776 2225 1833 nonne
2243 1777 2328 1833 ita
2353 1779 2740 1850 persuadebo
2756 1779 2904 1836 mihi
2926 1780 3106 1852 plane
3127 1797 3339 1837 verum
3357 1797 3487 1838 esse
3506 1782 3676 1838 illud:

2019 1866 2091 1924 Si
2098 1868 2304 1936 justus
2325 1867 2430 1923 vix
2448 1869 2652 1924 salvus
2677 1870 3186 1940 efﬁcitur,impius
3208 1877 3262 1927 et
3276 1873 3680 1940 peccatorubi

2015 1955 2253 2026 parebit
2277 1956 2323 1990 ⁸⁵
2346 1956 2374 2012 ?
2406 1959 2472 2010 Et
2494 1956 2643 2029 quid
2672 1957 2804 2013 haec
2842 1973 3258 2015 commemoro
3278 1961 3307 2015 ?
3336 1960 3460 2016 Heli
3486 1977 3677 2018 sacer-

2019 2043 2156 2110 dos,
2185 2045 2318 2101 vitae
2346 2044 2572 2118 alioqui
2610 2045 3030 2117 integerrimae,
3055 2052 3376 2120 propterea
3405 2049 3573 2121 quod
3612 2050 3676 2107 in

2017 2131 2171 2188 ﬁlios
2194 2149 2336 2190 suos
2367 2134 2782 2191 vehementius
2803 2151 2930 2191 non
2964 2135 3365 2206 inveheretur,
3397 2141 3564 2194 tanta
3583 2137 3676 2195 ira

2017 2221 2121 2277 Dei
2138 2222 2445 2278 lenitatem
2467 2222 2857 2294 incendit,ut,
2889 2225 3244 2296 alienigenis
3276 2226 3672 2298 irruptionem

2016 2309 2392 2379 facientibus,
2415 2311 2498 2367 illi
2523 2311 2638 2384 ipsi
2669 2313 2800 2384 ejus
2822 2312 2928 2368 filii
2956 2329 3078 2370 una
3105 2313 3201 2370 die
3221 2314 3283 2369 in
3316 2315 3471 2370 bello
3492 2316 3672 2370 inter-

2014 2398 2352 2469 licerentur,
2381 2407 2888 2475 superareturque
2921 2404 3234 2458 universus
3256 2403 3672 2476 populus,non

2013 2491 2226 2562 paucis
2270 2507 2344 2545 ex
2374 2506 2446 2546 eo
2477 2492 2856 2560 cadentibus,
2890 2492 3014 2548 imo
3045 2493 3230 2548 etiam
3262 2493 3423 2549 circa
3463 2509 3669 2550 arcam

2014 2580 2204 2634 sancti
2240 2580 2483 2635 foederis
2517 2581 2618 2636 Dei
2649 2581 2881 2650 ﬁerent,
2906 2597 3042 2654 quae
3071 2597 3148 2638 ne
3183 2582 3390 2639 audita
3420 2583 3669 2654 quidem

2011 2681 2285 2738 unquam
2317 2673 2497 2723 antea
2527 2668 2802 2725 fuerant:
2847 2670 2932 2726 sic
2961 2674 3026 2726 ut
3054 2687 3197 2727 arca
3235 2687 3423 2743 quam
3469 2687 3669 2743 neque

2012 2753 2518 2827 Israelitis,neque
2536 2756 2685 2828 ipsis
2709 2757 3124 2813 sacerdotibus
3146 2759 3451 2829 omnibus,
3469 2775 3667 2830 neque

2009 2843 2225 2914 quovis
2251 2848 2520 2916 tempore
2551 2845 2896 2914 contingere
2919 2846 3159 2915 licebat,
3181 2863 3440 2919 quaeque
3460 2847 3667 2904 nonin

2008 2933 2224 3004 quovis
2253 2933 2388 2988 loco
2420 2933 2868 3001 asservabatur,
2916 2935 3036 2991 alio
3075 2935 3314 2992 aliunde
3351 2941 3666 3007 exportata

2009 3021 2086 3077 sit
2110 3021 2188 3077 ab
2219 3021 2421 3094 impiis
2441 3023 2807 3092 manibus,et
2829 3039 2940 3096 pro
2963 3025 3309 3082 sanctuario
3329 3025 3391 3080 in
3419 3024 3665 3082 simula-

2009 3127 2251 3168 crorum
2278 3111 2550 3168 delubris
2591 3112 2885 3170 collocata
2914 3113 3116 3172 fuerit.
3155 3118 3236 3170 Ex
3264 3115 3488 3187 quibus
3519 3131 3663 3171 con-

1999 3200 2228 3273 jectare
2255 3201 2345 3256 fas
2384 3206 2493 3270 est,
2538 3206 2770 3274 quanto
2817 3203 2966 3259 risui
3015 3203 3400 3276 ludibrioque
3458 3204 3662 3276 ipsum

2005 3290 2186 3347 etiam
2219 3292 2319 3347 Dei
2349 3307 2574 3348 nomen
2597 3292 2951 3365 alienigenae
2972 3293 3056 3350 illi
3075 3294 3511 3350 habuerint.Ad
3531 3295 3661 3350 haec

2004 3383 2062 3436 et
2084 3380 2217 3452 ipse
2245 3379 2366 3436 Heli
2394 3381 2735 3437 miserrimo
2761 3383 2924 3438 exitu
2957 3384 3143 3439 vitam
3163 3383 3338 3447 ﬁniit,
3357 3383 3531 3455 eique
3553 3383 3663 3438 mi-

2002 3473 2184 3525 natus
2216 3474 2306 3525 est
2326 3470 2617 3526 Dominus
2637 3469 2765 3528 fore
2785 3478 2850 3528 ut
2871 3488 3077 3528 semen
3095 3477 3226 3543 ejus
3244 3488 3279 3528 a
3300 3471 3659 3528 sacerdotali

2001 3558 2290 3628 dignitate
2316 3559 2808 3618 submoveretur:
2837 3561 3005 3634 quod
3037 3566 3093 3618 et
3124 3562 3398 3631 contigit:
3422 3562 3658 3618 tametsi

2001 3664 2184 3704 senex
2206 3649 2285 3704 ob
2317 3665 2461 3705 suos
2492 3650 2683 3722 ipsius
2704 3667 2906 3708 mores
2929 3651 3094 3708 nullo
3113 3667 3385 3724 unquam
3407 3651 3656 3706 crimine

2000 3743 2319 3796 accusatus
2349 3743 2462 3796 est.
2514 3744 2640 3796 lmo
2671 3741 2852 3796 etiam
2889 3757 3088 3814 neque
3115 3741 3375 3797 ﬁliorum
3403 3755 3655 3796 suorum

2000 3827 2225 3899 ﬂagitia
2256 3827 2469 3884 tacitus
2489 3830 2795 3885 sustinuit:
2822 3829 2929 3885 sed
2948 3830 3208 3886 multum
3229 3829 3652 3894 admonuerat,

1999 3922 2066 3974 ut
2085 3933 2159 3972 ne
2190 3917 2453 3990 amplius
2483 3917 2545 3973 in
2578 3918 2876 3989 ejusmodi
2893 3919 3155 3991 peccatis
3180 3921 3648 3991 perseverarent.

1999 4007 2212 4062 Aiebat
2239 4008 2399 4062 enim
2424 4025 2437 4063 :
2467 4009 2660 4077 Absit,
2686 4009 2802 4076 ﬁlii
2822 4012 2842 4063 !
2868 4025 2989 4064 non
3017 4015 3158 4064 sunt
3191 4009 3330 4064 boni
3356 4022 3646 4077 rumores,

1996 4111 2142 4168 quos
2154 4097 2335 4152 audio
2348 4096 2420 4152 de
2431 4097 2594 4153 vobis
2608 4099 2676 4152 δῦ.
2694 4097 2992 4163 Quoniam
3006 4102 3211 4154 tamen
3223 4097 3391 4170 quod
3403 4112 3514 4169 par
3525 4102 3652 4153 erat

1995 4186 2184 4242 animi
2210 4185 2479 4242 studium
2520 4187 2579 4242 in
2610 4188 2776 4260 ipsos
2806 4203 2930 4244 non
2961 4188 3242 4257 ostendit,
3273 4187 3389 4243 sibi
3419 4202 3486 4243 ac
3532 4187 3650 4242 illis

1992 4275 2230 4350 ipsique
2273 4275 2504 4349 populo
2535 4280 2764 4333 tantam
2794 4277 2946 4334 iram
2979 4278 3080 4334 Dei
3120 4277 3416 4334 accendit.
3455 4277 3532 4348 (3)
3581 4278 3650 4333 Et

1992 4365 2227 4422 videtur
2240 4365 2485 4437 quidem
2506 4365 2848 4439 objurgatio
2867 4367 3052 4423 ﬁnem
3071 4366 3298 4423 habere
3312 4365 3648 4439 peccatoris

1993 4455 2862 4528 correctionem,opprobrium
2885 4471 3029 4512 vero
3049 4456 3128 4512 ad
3156 4454 3312 4526 lapsi
3343 4454 3645 4511 confusio-

1993 4560 2135 4602 nem
2156 4544 2379 4600 inferri.
2409 4547 2489 4616 (4)
2517 4545 2744 4600 Etenim
2776 4545 3014 4601 etiamsi
3038 4544 3314 4601 videatur
3337 4543 3643 4616 quispiam

1991 4634 2278 4708 praeclare
2297 4633 2595 4706 permulta
2607 4633 3182 4706 fecisse,paucorum
3198 4649 3339 4690 vero
3349 4633 3444 4690 vel
3461 4633 3645 4690 etiam

1992 4724 2175 4780 unius
2197 4722 2520 4795 cujuslibet
2542 4723 2829 4796 praecepti
2857 4722 3167 4794 negligens
3195 4722 3390 4791 fuerit,
3407 4725 3511 4778 aut
3543 4721 3645 4779 de-

1990 4814 2285 4887 linquenti
2316 4811 2722 4869 indifferenter
2760 4813 3146 4885 acquieverit,
3168 4827 3366 4884 neque
3388 4811 3644 4882 diligens

1993 4904 2259 4960 studium
2293 4902 2630 4959 secundum
2663 4902 2764 4958 Dei
2789 4901 3090 4974 judicium
3129 4901 3491 4969 adhibuerit,
3519 4901 3645 4973 jus-

1993 4997 2083 5050 tas
2106 4993 2224 5049 hoc
2262 4991 2459 5048 solum
2484 4991 2732 5048 nomine
2762 5006 2975 5065 poenas
3006 4991 3149 5048 luet.
3183 4990 3356 5058 Quod
3382 4991 3431 5046 si
3461 4991 3643 5047 etiam

1992 5083 2348 5157 imprudens
2379 5081 2495 5138 tale
2530 5080 2679 5154 quid
2724 5085 2950 5154 peccet,
2990 5096 3190 5156 neque
3228 5096 3300 5138 eo
3353 5083 3644 5154 praetextu

1992 5173 2365 5246 supplicium
2396 5171 2656 5241 effugiet.

2264 5299 2309 5334 ⁸⁵
2339 5301 2360 5354 l
2389 5299 2508 5354 Pet.
2539 5313 2619 5364 ιν,
2655 5299 2740 5357 18.
2855 5299 2902 5334 ⁸⁸
2935 5300 2954 5353 1
2987 5299 3126 5370 Reg.
3163 5316 3216 5367 ιι,
3249 5301 3341 5353 24.

2063 5425 2140 5496 (‘2)
2173 5426 2657 5496 Μετακομίσεσθαι.
2695 5426 2862 5480 Forte
2884 5424 3351 5497 μετακομίζεσθαι.
3383 5423 3534 5476 Eutr.

2067 5498 2144 5567 (3)
2178 5499 2259 5552 Ex
2280 5498 2444 5553 hom.
2481 5498 2543 5552 in
2567 5512 2657 5566 ps.
2689 5513 2806 5563 xw,
2833 5501 2956 5553 35ξὶ.

2065 5571 2144 5639 (4)
2181 5569 2340 5625 Unus
2362 5568 2553 5626 codex
2584 5568 2810 5626 indicat
2831 5583 3011 5626 serm.
3035 5570 3217 5625 ascet.
