4084 6414
256 280 401 336 1205

1439 274 1669 334 SEBMO
1710 274 1821 328 Vll.
1872 302 1932 312 -—-
1972 275 2063 327 DE
2100 272 2437 333 PECCATO.

3499 286 3636 347 ηοε

252 400 433 474 δούλῳ
459 408 548 455 καὶ
590 402 800 474 μαθητῇ
842 399 1105 453 εὐλάϐειαν
1136 398 1554 474 ἐπιδειξάμενος.
1587 397 1734 454 Ἰδὼν
1763 400 1845 470 γὰρ

1975 410 2047 452 ac
2091 400 2553 458 convenientem
2600 419 2776 462 servo
2805 411 2863 462 et
2900 406 3194 480 discipulo
3233 412 3636 471 reverentiam

248 498 347 547 τόν
376 493 561 546 ἑαυτοῦ
589 495 681 543 καὶ
710 492 915 544 πάντων
949 493 1161 565 Κύριον,
1187 496 1278 544 καὶ
1310 494 1460 563 Θεὸν,
1493 494 1583 543 καὶ
1616 487 1863 561 βασιλέα,

247 588 349 636 καὶ
374 590 610 655 Σωτῆρα,
641 585 732 632 καὶ
760 581 892 652 ὁμοῦ
920 582 987 631 τὰ
1010 582 1202 646 πάντα,
1236 578 1284 632 ἐν
1314 582 1575 653 ὑπηρέτου
1623 584 1861 650 σχήματι

250 668 291 723 δ
298 672 655 743 ιαζωσάμενον
680 674 738 722 τό
761 668 973 740 λέντιον,
1000 675 1091 722 καὶ
1112 674 1308 723 νίπτειν
1338 674 1462 731 τούς
1498 665 1670 730 πόδας
1701 667 1861 719 αὐτοῦ

248 761 590 834 βουλόμενον,
618 758 771 820 εὐθὺς
815 761 989 833 ὥσπερ
1022 758 1090 819 εἰς
1141 761 1495 817 συναίσθησιν
1553 756 1710 810 ἐλθὼν
1765 763 1861 817 τῆς

246 850 450 912 οἰκείας
480 847 832 916 ἀναξιότητος,
861 853 950 901 καὶ
975 852 1035 900 τό
1066 847 1275 921 ἀξίωμα
1301 855 1391 901 τοῦ
1430 850 1859 922 προσερχομένου

245 938 626 1010 καταπλαγεὶς,
665 936 934 1001 ἑξεϐόησε·
981 942 1157 1012 Κύριε,
1220 941 1286 991 σύ
1340 957 1442 1010 μου
1499 943 1696 998 νίπτεις
1738 940 1859 997 τοὺς

242 1025 458 1095 πόδας;
499 1032 590 1080 καὶ
620 1026 772 1080 πάλιν
796 1044 809 1056 ·
843 1028 919 1080 Ou’
973 1033 1044 1099 μή
1096 1047 1196 1100 μου
1228 1027 1387 1101 νίψῃς
1416 1032 1536 1090 τοὺς
1579 1023 1747 1086 πόδας
1786 1026 1858 1089 εἰς

242 1121 340 1169 τὸν
369 1117 553 1171 αἰῶνα.
577 1117 694 1170 Ἐπὶ
720 1119 888 1188 τούτῳ
911 1122 1006 1175 τὴν
1026 1120 1289 1175 τοσαύτην
1320 1114 1600 1189 ἐκδέχεται
1619 1115 1853 1181 ἀπειλὴν,

240 1211 315 1269 ὡς
363 1206 408 1260 εἱ
452 1210 525 1278 μὴ
580 1207 772 1279 ἔφθασε
827 1214 891 1279 τῇ
948 1209 1219 1278 ταχύτητι
1256 1212 1347 1260 καὶ
1392 1204 1717 1279 σφοδρότητι
1759 1213 1856 1267 τῆς

240 1298 483 1356 ὑπακοῆς
513 1291 933 1368 διορθωσάμενος
961 1300 1055 1354 τὴν
1088 1294 1404 1368 ἀντιλογίαν,
1437 1293 1589 1348 οὐδὲν
1616 1294 1677 1346 ἂν
1713 1294 1855 1365 αὐτῷ

238 1393 348 1436 τῶν
378 1387 524 1458 παρὰ
549 1393 642 1437 τοῦ
698 1389 894 1460 Κυρίου
933 1394 1283 1459 μακαρισμῶν
1311 1404 1364 1438 τε
1394 1390 1485 1437 καὶ
1529 1381 1733 1459 δωρεῶν
1764 1389 1855 1436 καὶ

237 1472 585 1545 ἐπαγγελιῶν,
621 1471 746 1527 οὐδὲ
775 1473 904 1532 αὐτὴ
930 1475 962 1532 ἠ
994 1482 1088 1526 τοῦ
1121 1474 1195 1546 (1)
1227 1482 1361 1528 Θεοῦ
1392 1479 1483 1526 καὶ
1515 1478 1719 1547 Πατρός
1756 1482 1819 1532 τῆ
1832 1492 1854 1534 ς

236 1566 494 1624 τοιαύτης
524 1567 614 1614 καὶ
649 1564 911 1624 τοσαύτης
955 1563 1027 1624 εἰς
1057 1565 1144 1614 τόν
1174 1569 1422 1635 μονογενῆ
1456 1565 1575 1615 Υἱόν
1605 1558 1853 1625 εὐδοκίας

233 1651 576 1723 ἀποκάλυψις
632 1656 822 1725 ἤρκεσε
868 1654 1361 1725 παραμυθήσασθαι
1423 1656 1517 1710 τὴν
1578 1659 1849 1726 παροῦσαν

235 1740 533 1799 ἀπείθειαν.

316 1835 370 1888 6.
411 1829 568 1885 Ἀλλά
605 1837 771 1884 ταῦτα
824 1834 911 1897 μὲν
962 1830 1051 1884 ἐὰν
1102 1830 1227 1884 θέλω
1275 1831 1596 1902 καταλέγειν,
1629 1832 1731 1883 ὅσα
1759 1829 1847 1882 εύ-

233 1925 412 1993 ρίσκω
436 1922 489 1972 ἔκ
519 1939 570 1972 τε
595 1928 692 1982 τῆς
741 1920 973 1981 Παλαιᾶς
1029 1924 1120 1973 καὶ
1152 1926 1345 1981 Καινῆς
1398 1921 1679 1986 Διαθὴκης,
1741 1918 1847 1971 ἑπι-

234 2008 408 2079 λείψει
460 2027 523 2080 με
559 2011 706 2080 τάχα
758 2006 1102 2081 διηγούμενον
1134 2010 1161 2061 ό
1210 2012 1423 2082 χρόνος.
1492 2008 1631 2067 Πλὴν
1686 2006 1845 2061 ἐκεῖνο

235 2101 395 2168 μόνον
424 2101 555 2172 πρὸς
594 2101 653 2149 τὸ
682 2102 848 2170 παρόν
874 2098 1231 2171 μνημονεῦσαι
1284 2096 1585 2170 ἀναγκαῖον,
1614 2102 1672 2151 τό
1704 2097 1751 2150 ὲν
1777 2106 1840 2171 τῇ

234 2188 437 2260 μεγάλη
497 2193 588 2241 καὶ
639 2187 829 2262 φοϐερᾴ
863 2197 955 2249 τῆς
993 2193 1215 2263 κρίσεως
1259 2189 1431 2263 ἡμέρᾳ
1483 2192 1611 2263 πρὸς
1638 2191 1759 2250 τοῦς
1789 2188 1845 2251 ἐξ

233 2277 527 2351 ἀριστερῶν
557 2285 649 2329 τοῦ
704 2283 897 2352 Κυρίου
955 2279 1100 2349 ἡμῶν
1134 2278 1309 2335 Ἰησοῦ
1341 2285 1577 2353 Χριστοῦ
1620 2280 1840 2350 ἱσταμέ-

231 2387 356 2429 νους
421 2367 607 2440 λεχθεν
658 2368 784 2441 παρ’
837 2368 1031 2421 αύτού-
1098 2369 1388 2442 [Ιορεύεσθε
1454 2366 1542 2420 ἀπ’
1594 2367 1741 2441 ἐμοῦ,
1792 2368 1840 2421 οἰ

231 2462 609 2529 κατηραμένοι,
633 2457 704 2519 εἰς
724 2461 782 2509 τό
809 2465 911 2532 πῦρ
934 2461 992 2511 τό
1023 2457 1252 2523 αἰώνιον,
1272 2461 1331 2510 τό
1362 2460 1745 2530 ἡτοιμασμένον
1766 2465 1839 2529 τῷ

234 2544 489 2618 διαϐόλῳ,
514 2551 605 2599 καὶ
630 2556 739 2610 τοῖς
778 2546 1016 2619 ἀγγέλοις
1038 2548 1200 2600 αὐτοῦ
1221 2563 1236 2577 ⁸
1269 2547 1375 2619 οὐχ
1405 2549 1487 2599 ὅτι
1511 2546 1835 2619 ἐφονεύσατε,

234 2640 266 2695 ἦ
295 2636 655 2709 ἐπορνεύσατε,
672 2636 701 2694 ἦ
724 2634 1038 2706 ἐψεύσασθε,
1059 2640 1089 2693 ἤ
1111 2654 1231 2688 τινα
1245 2633 1563 2702 ἠδικήσατε,
1585 2636 1614 2694 ἦ
1639 2635 1763 2688 ἄλλο
1787 2654 1838 2687 τι

234 2733 339 2775 τῶν
356 2723 806 2796 ἀπηγορευμένων,
826 2723 921 2775 κᾶν
946 2726 1004 2775 τό
1030 2723 1370 2796 βραχύτατον
1391 2731 1538 2794 γοῦν,
1562 2722 1836 2799 ἐπράξατε,

238 2811 348 2864 ἀλλ’
375 2813 456 2864 ὄτι
480 2819 580 2863 τῶν
610 2810 818 2883 ἀγαθῶν
848 2814 1007 2886 ἔργων
1049 2812 1367 2884 ἠμελήσατε.
1398 2811 1679 2864 Ἐπείνασα
1710 2814 1835 2884 γὰρ,

228 2906 395 2974 φησὶ,
423 2906 516 2954 καὶ
544 2900 639 2953 ούκ
677 2897 907 2954 ἐδώκατέ
964 2920 1054 2973 μοι
1086 2908 1265 2973 φαγεῖν
1286 2922 1298 2935 ·
1336 2897 1595 2972 ἐδίψησα,
1626 2906 1717 2954 καὶ
1745 2901 1840 2953 οὐκ

237 2991 519 3044 ἐποτίσατέ
584 3010 668 3064 με·
730 2989 926 3053 ἀσθνης
992 2995 1083 3043 καὶ
1144 2990 1193 3043 ἐν
1278 2990 1504 3063 φυλακῇ,
1578 2995 1668 3043 καὶ
1747 2991 1841 3043 οῦκ

1974 484 2360 548 declarasset.
2393 493 2543 549 Cum
2575 494 2736 549 enim
2794 494 3045 552 vidisset
3101 513 3278 553 suum
3310 503 3370 556 et
3397 501 3638 559 univer-

1974 591 2182 632 sorum
2215 579 2537 637 Dominum
2566 599 2640 638 ac
2671 586 2883 654 Deum,
2911 591 2970 641 et
3017 600 3247 656 regem,
3274 593 3333 644 et
3362 596 3635 649 senatua-

1971 679 2100 720 rem
2129 666 2430 741 simulque
2476 671 2705 737 omnia,
2756 673 2817 729 in
2873 674 3132 730 ministri
3176 675 3393 734 habitu
3449 676 3636 737 linteo

1970 752 2256 826 cinctum,
2289 761 2346 814 et
2372 759 2559 831 pedes
2578 761 2772 834 ipsius
2801 762 3008 821 lavare
3032 761 3362 834 volentem,
3397 778 3542 825 mox
3569 772 3638 827 ut

1970 843 2252 901 conscius
2282 846 2662 917 indignitatis
2688 865 2842 919 suae,
2868 854 2926 907 et
2944 851 3026 908 ob
3054 851 3401 911 accedentis
3439 855 3636 927 digni~

1969 935 2154 990 tatem
2204 936 2513 1008 attonitus,
2556 938 2918 996 exclamavit
2970 958 2984 996 :
3043 942 3316 1011 Domine,
3369 951 3435 1001 tu
3479 947 3632 1004 mihi

1969 1023 2134 1078 lavas
2156 1027 2336 1094 pedes
2357 1029 2407 1062 9‘
2428 1028 2457 1083 ?
2501 1034 2559 1084 et
2604 1030 2824 1086 iterum
2857 1047 2871 1088 :
2904 1031 3043 1088 Non
3092 1033 3322 1091 lavabis
3349 1035 3502 1092 mihi
3526 1050 3631 1106 pe-

1966 1111 2067 1168 des
2096 1113 2166 1169 in
2196 1117 2569 1189 aeternum”.
2603 1120 2723 1174 Hac
2752 1118 2827 1174 de
2859 1135 3050 1176 causa
3100 1124 3283 1178 tantae
3329 1123 3382 1180 ei
3434 1123 3629 1182 inten-

1965 1198 2192 1256 duntur
2227 1202 2430 1271 minae,
2462 1208 2530 1260 ut
2565 1206 2685 1262 nisi
2710 1205 2887 1262 celeri
2915 1222 2989 1263 ac
3017 1207 3254 1266 fervida
3278 1208 3630 1271 obedientia

1963 1290 2347 1348 emendasset
2370 1294 2928 1363 contradictionem,
2950 1312 3075 1353 non
3099 1298 3336 1355 Domini
3365 1300 3630 1358 testimc-

1962 1380 2065 1435 nia
2092 1380 2341 1437 beatum
2397 1399 2537 1439 eum
2594 1385 3007 1456 praedicanda,
3068 1402 3190 1444 non
3250 1387 3437 1457 dona,
3496 1404 3625 1450 non

1963 1470 2283 1540 promissa,
2316 1486 2515 1543 neque
2569 1474 2752 1529 etiam
2801 1478 3052 1547 accepta
3103 1493 3140 1533 ιι
3188 1479 3309 1534 Deo
3364 1483 3423 1534 et
3451 1479 3623 1537 Patre

1961 1556 2096 1612 talis
2121 1572 2194 1613 ac
2221 1563 2403 1615 tantas
2429 1560 2493 1616 in
2523 1560 2741 1618 Filium
2760 1562 3143 1633 unigenitum
3183 1564 3618 1625 benevolentia)

1958 1644 2265 1716 revelatio,
2302 1647 2481 1720 509
2505 1648 2665 1706 hanc
2718 1649 3195 1709 inobedientiam
3246 1668 3462 1712 sanare
3499 1670 3616 1729 po-

1877 1751 1922 1804 B
1958 1731 2189 1789 tuisset.

2031 1828 2083 1877 6.
2126 1822 2243 1880 Sed
2272 1824 2320 1879 si
2340 1825 2547 1882 omnia
2572 1842 2883 1885 recensere
2922 1828 3124 1901 velim,
3171 1844 3310 1904 quas
3335 1830 3399 1889 in
3425 1833 3613 1891 Veteri

1958 1926 2030 1968 ac
2050 1914 2215 1968 Novo
2234 1915 2608 1972 Testamento
2626 1918 2965 1988 nanciscor,
2988 1919 3241 1977 fortasse
3258 1927 3609 1981 narrantem

1958 2016 2054 2056 me
2087 2007 2325 2069 tempus
2354 2002 2606 2061 deﬁciet.
2621 2007 2702 2077 (3)
2725 2010 2894 2064 Nunc
2911 2007 3060 2065 illud
3084 2014 3322 2067 tantum
3344 2027 3610 2071 commt-

1954 2089 2323 2147 morandum
2354 2096 2461 2163 est,
2493 2093 2661 2165 quod
2700 2095 2764 2151 in
2810 2111 3037 2166 magna
3064 2112 3136 2155 ac
3181 2098 3493 2167 horrenda
3503 2101 3607 2173 ju-

1953 2178 2094 2235 dicii
2121 2179 2218 2236 die
2247 2181 2535 2238 Dominus
2560 2188 2764 2240 noster
2782 2186 2954 2241 Jesus
2975 2186 3240 2243 Christus
3264 2188 3381 2257 his,
3401 2189 3509 2262 qui
3524 2180 3605 2249 ad

1949 2266 2165 2324 ltevam
2188 2269 2382 2341 ipsius
2411 2270 2658 2329 stabunt
2676 2272 2946 2330 dicturus
2963 2279 3054 2332 est
3077 2292 3091 2331 :
3115 2277 3408 2334 Discedite
3429 2293 3467 2335 a
3486 2294 3603 2350 me,

1949 2358 2276 2424 maledicti,
2306 2361 2371 2415 in
2395 2364 2594 2430 ignem
2614 2367 2923 2433 aeternum,
2955 2366 3064 2434 qui
3083 2368 3338 2435 paratus
3358 2373 3445 2425 est
3472 2367 3605 2426 diae

1952 2446 2106 2514 bolo,
2138 2452 2193 2504 et
2223 2450 2456 2519 angelis
2490 2451 2619 2520 ejus
2636 2452 2684 2487 ⁹⁶
2717 2468 2732 2507 :
2763 2465 2891 2508 non
2936 2453 3084 2527 quia
3139 2454 3466 2525 occidistis,
3497 2461 3605 2515 aut

1948 2534 2226 2593 fornicati
2253 2537 2419 2607 estis,
2449 2543 2554 2595 aut
2603 2540 2994 2598 mendacium
3039 2542 3300 2611 dixistis,
3331 2548 3439 2603 aut
3481 2544 3605 2603 cui-

1946 2624 2115 2695 piam
2144 2624 2425 2682 intulistis
2448 2628 2756 2697 injuriam,
2789 2633 2892 2686 aut
2918 2629 3085 2688 aliud
3121 2632 3461 2707 quidquam
3488 2633 3606 2693 sal-

1948 2717 2070 2769 tem
2110 2714 2586 2773 minutissimum
2639 2732 2713 2773 ex
2761 2718 2835 2774 iis
2889 2735 3028 2792 quae
3078 2721 3385 2793 prohibita
3440 2728 3603 2797 sunt,

1949 2800 2170 2858 fecistis
2194 2819 2207 2858 :
2241 2804 2349 2860 sed
2370 2804 2516 2876 quia
2542 2805 2710 2863 bona
2736 2822 2925 2879 opera
2960 2808 3327 2880 neglexistis.
3358 2812 3608 2872 Esurivi

1950 2892 2128 2959 enim,
2159 2891 2374 2965 inquit,
2403 2899 2459 2950 et
2487 2910 2609 2951 non
2638 2896 2884 2953 dedistis
2912 2897 3060 2954 mihi
3081 2900 3452 2958 manducare
3479 2917 3501 2959 :
3528 2904 3607 2957 si~

1954 2979 2079 3048 tivi,
2107 2986 2163 3036 el
2191 2997 2314 3039 non
2361 2982 2606 3040 dedistis
2651 2986 2804 3042 mihi
2844 2992 3055 3055 potum
3083 3003 3108 3044 .·
3142 2989 3423 3058 inﬁmus
3445 2996 3503 3048 et
3539 2993 3605 3049 in

236 3080 601 3153 ἐπεσκέψασθέ
638 3099 721 3153 με,
753 3080 812 3133 Ὀ
848 3085 1020 3133 τοίνυν
1039 3085 1110 3153 μὴ
1138 3080 1561 3153 ὲκθηλυνόμενος,
1585 3077 1724 3153 μηδὲ
1744 3099 1842 3133 κα-

1956 3084 2214 3137 carcere,
2242 3082 2297 3128 et
2328 3088 2449 3129 non
2490 3075 2775 3131 visitaslis
2806 3090 2899 3133 me
2916 3077 2984 3129 ’⁷.
3021 3076 3132 3142 Qui
3159 3077 3341 3148 igitur
3358 3079 3607 3138 mollitie

235 3174 660 3243 τακαμπτὸμενος
711 3171 811 3223 ὑπὸ
850 3169 1285 3243 τῆςέγκρατείας,
1336 3176 1512 3223 πᾶσαν
1564 3174 1733 3241 φυγὴν

237 3261 629 3334 ἁμαρτημάτων
693 3261 1072 3334 κάτωρθωσενο
1141 3260 1186 3312 εἰ
1244 3255 1303 3313 δὲ
1354 3261 1422 3311 τὰ
1476 3262 1567 3332 μεν
1623 3258 1846 3311 πλεῖστα

236 3353 438 3421 ἔφυγεν,
480 3350 564 3421 ὑφ’
597 3348 709 3412 ἑνὸς
729 3345 788 3402 δε
818 3357 1109 3422 κρατεῖται,
1133 3349 1227 3401 οῦκ
1247 3348 1503 3423 ἐγκρατὴς
1533 3350 1559 3401 ό
1587 3357 1841 3416 τοιοῦτος,

237 3441 305 3499 ὡς
332 3442 449 3492 οὔτε
477 3440 630 3511 ὑγιὴς
659 3441 684 3491 ό
715 3439 788 3491 ἐνὶ
820 3447 1099 3512 σωματικῷ
1139 3441 1294 3491 πάθει
1322 3438 1797 3513 παρενοχλούμενος
1825 3457 1838 3469 ·

237 3531 357 3582 οὔτε
384 3527 643 3602 ἐλεύθερος
674 3529 699 3581 ὁ
724 3528 804 3599 ὑφ’
833 3528 941 3589 ἑνός
974 3532 1065 3581 καὶ
1109 3535 1201 3580 τοῦ
1231 3531 1490 3599 τυχόντος
1544 3531 1844 3601 κυριευόμε-

237 3637 339 3679 νος.
400 3624 521 3680 Τοῖς
576 3621 667 3690 μὲν
719 3614 808 3670 οὖν
876 3616 1068 3690 ἰάσιμα
1132 3616 1524 3692 ἁμαρτάνουσιν
1582 3616 1779 3670 ἀπειλεί
1815 3619 1841 3670 ό

237 3707 410 3779 λόγος,
437 3707 841 3761 ἐπισκέπτεσθαι
870 3706 921 3760 ἐν
949 3703 1134 3782 ῥάϐδῳ
1158 3709 1253 3769 τὰς
1284 3705 1502 3780 ἀνομίας
1530 3707 1719 3771 αὐτῶν,
1751 3713 1842 3761 καὶ

238 3795 288 3848 ἐν
311 3796 534 3867 μάστιξι
563 3799 657 3857 τὰς
681 3792 891 3857 ἀδικίας
920 3796 1089 3849 αὐτῶν
1110 3813 1121 3825 ·
1150 3803 1262 3857 τοίς
1306 3793 1365 3850 δε
1403 3794 1620 3857 ἀνιάτοις
1649 3799 1842 3868 ἔχουσι

238 3884 407 3955 λέγει’
475 3889 539 3938 Τί
594 3888 671 3938 ἔτι
722 3884 977 3957 πληγῆτε,
1046 3886 1219 3946 πάσας
1278 3882 1691 3948 διεξεληλυθότες
1744 3888 1840 3948 τὰς

238 3972 478 4045 πληγάς;
549 3981 737 4027 Πασῶν
799 3978 1216 4048 κατεφρονήσατε
1270 3981 1370 4026 τῶν
1427 3972 1839 4049 ἑπιστρεπτικών

238 4068 533 4137 μαστίγων,
566 4067 892 4138 συντριμμὸς
918 4065 1050 4136 ὑμᾶς
1078 4066 1238 4137 μένει.
1269 4070 1381 4117 Τῶν
1430 4060 1489 4117 δε
1536 4082 1839 4137 περιστατι-

239 4160 336 4217 κῶς
371 4153 759 4227 συμϐαινόντων
809 4156 928 4206 τινὰ
965 4157 1056 4223 μὲν
1111 4153 1503 4229 ἁμαρτημάτων
1531 4153 1677 4206 ἕνεκα
1704 4157 1838 4224 γίνε-

237 4263 323 4295 ται
345 4257 359 4272 ⁶
388 4247 504 4296 τινὰ
544 4240 603 4296 δὲ
624 4243 697 4306 εἰς
727 4240 1015 4319 διόρθωσιν
1054 4250 1146 4296 τοῦ
1178 4245 1351 4327 ,ἤθους
1389 4251 1486 4295 τῶν
1528 4246 1838 4317 πειραζομέ-

237 4354 330 4384 νων
353 4347 369 4362 ⁸
394 4332 524 4385 ἄλλα
556 4329 589 4386 δ
593 4336 614 4385 ὲ
643 4334 770 4407 ὑπὲρ
803 4340 893 4386 τοῦ
915 4331 1214 4406 ἐκτριϐῆναι
1239 4337 1362 4393 τοὺς
1382 4331 1834 4405 ἀπεγνωσμένους,

238 4423 306 4480 ὡς
333 4420 416 4474 ἐπὶ
446 4428 539 4473 τοῦ
591 4426 796 4493 Φαραώ.
830 4424 1043 4482 Τούτοις
1096 4424 1199 4493 γὰρ
1251 4421 1426 4474 οὐκέτι
1461 4420 1681 4492 πληγαὶ,
1712 4420 1837 4473 οὐδὲ

239 4510 503 4580 μάστιγες,
532 4507 639 4561 ἀλλ’
674 4509 962 4581 ἀφανισμός
1014 4509 1323 4567 ἀπειλεῖται,
1363 4513 1429 4566 Τί
1473 4512 1548 4562 ἔτι
1581 4510 1832 4582 πληγῆτε,

238 4597 304 4648 ὧν
331 4601 420 4649 καὶ
448 4600 515 4650 τὰ
555 4602 777 4669 σώματα
817 4601 907 4650 καὶ
955 4599 1011 4651 αἱ
1038 4597 1219 4669 ψυχαὶ
1261 4604 1711 4671 μεμαστίγωνται,
1743 4602 1835 4651 καὶ

238 4682 472 4759 οὐδαμοῦ
511 4688 541 4745 ἡ
578 4682 902 4761 διόρθωσις;
962 4689 1073 4740 ἔστι
1122 4684 1183 4740 δὲ
1223 4686 1466 4747 πολλάκις
1503 4691 1594 4740 καὶ
1622 4689 1652 4745 ἡ
1686 4691 1833 4747 νόσος

238 4776 501 4847 ὠφέλιμος,
550 4777 667 4828 όταν
714 4771 1072 4848 παιδαγωγεῖν
1111 4775 1268 4848 μελλῃ
1308 4778 1393 4828 τὸν
1433 4775 1831 4850 ἁμαρτάνοντα·

301 5084 346 5117 9‘
371 5083 543 5140 Joan.
574 5095 699 5150 xui,
726 5084 778 5137 6.
859 5082 906 5117 95
933 5080 1080 5138 ibid.
1114 5085 1165 5136 8.
1265 5082 1313 5117 96
1339 5080 1540 5140 Matth.
1569 5096 1708 5152 xxv,
1739 5084 1829 5138 tl.

298 5367 373 5436 (1)
402 5367 540 5426 Αὐτὴ
570 5369 599 5425 ἠ
631 5372 745 5422 τοῦ.
776 5365 869 5424 Sic
916 5366 1107 5425 nostri
1138 5365 1376 5423 codices
1407 5369 1465 5423 et
1491 5368 1827 5424 contextus.

238 5437 382 5492 Εόὶὶὶ
413 5439 542 5497 αὐτὴ
576 5440 758 5494 αὐτοῦ.

412 5516 594 5584 Πᾷσαν
628 5516 817 5584 φυγήν.
855 5508 1200 5582 Legendum
1234 5514 1306 5582 μὴ
1338 5516 1514 5584 πᾶσαν
1555 5516 1752 5584 φυγήν,
1778 5510 1829 5565 Si

242 5581 589 5645 sententiam
620 5579 735 5639 sibi
763 5597 886 5639 non
932 5579 1378 5656 repugnantem
1411 5579 1641 5647 habere
1658 5579 1829 5639 volu-
1872 5614 1881 5625 ι

1952 3175 2077 3217 non
2102 3161 2339 3230 difﬂuit,
2372 3167 2432 3219 et
2478 3180 2515 3221 a
2556 3164 2929 3222 continentia
2980 3182 3052 3223 ac
3077 3169 3475 3241 temperantia
3499 3169 3610 3228 mi~

1951 3251 2115 3308 nime
2138 3251 2418 3325 deﬂectit,
2450 3253 2502 3308 is
2526 3269 2651 3310 non
2688 3269 2937 3312 omnem
2967 3257 3197 3328 peccati
3220 3257 3433 3328 fugam
3461 3273 3611 3316 conv-

1950 3346 2195 3398 secutus
2227 3347 2319 3399 est
2352 3359 2367 3397 :
2399 3342 2507 3399 sed
2559 3343 2611 3400 si
2666 3344 2928 3417 plurima
2977 3346 3230 3419 quidem
3265 3346 3497 3420 effugit,
3528 3348 3611 3407 ab

1953 3447 2076 3488 uno
2100 3447 2241 3488 vero
2270 3437 2590 3505 superatus
2620 3438 2729 3504 est,
2757 3450 2884 3491 non
2912 3441 3258 3509 temperans
3282 3437 3381 3494 ille
3410 3443 3519 3507 est,
3546 3442 3612 3496 ut

1952 3537 2150 3595 neque
2175 3537 2360 3578 sanus
2388 3523 2496 3596 qui
2524 3523 2620 3580 vel
2652 3525 2832 3582 unico
2869 3525 3143 3598 corporis
3181 3526 3398 3584 morbo
3421 3527 3612 3599 agita-

1952 3616 2049 3669 tur
2081 3628 2094 3667 :
2122 3627 2322 3685 neque
2350 3611 2522 3683 liber,
2553 3613 2661 3685 qui
2706 3614 2812 3671 uni
2866 3615 3217 3688 quicunque
3257 3615 3356 3674 ille
3382 3616 3460 3674 sit
3486 3617 3606 3674 do-

1951 3700 2120 3758 mino
2177 3705 2368 3773 paret.
2428 3702 2506 3772 (4)
2561 3702 2665 3758 His
2708 3702 2960 3774 quidem
3012 3719 3277 3776 quorum
3311 3704 3613 3763 sanabilia

1953 3796 2093 3846 sunt
2120 3794 2391 3862 peccata,
2421 3790 2842 3848 interminatur
2873 3792 3179 3865 Scriptura
3205 3792 3352 3861 fore,
3382 3798 3450 3851 ut
3473 3794 3611 3851 visi-

1951 3884 2032 3935 tet
2060 3879 2352 3935 Dominus
2391 3895 2604 3935 eorum
2632 3879 2979 3952 iniquitates
3009 3880 3072 3937 in
3101 3880 3290 3951 virga,
3314 3885 3610 3941 eteorum

1948 3969 2006 4025 in
2010 3968 2273 4041 justitias
2305 3969 2364 4024 in
2389 3969 2746 4025 verberibus
2758 3971 2831 4004 97'
2858 3988 2871 4038 ;
2905 3970 3016 4027 sed
3043 3970 3137 4028 his
3166 3972 3276 4045 qui
3300 3971 3612 4029 insanabi-

1948 4058 2080 4116 liter
2100 4060 2506 4131 peccaverunt
2520 4057 2690 4115 dicit:
2708 4058 2866 4127 Quid
2885 4060 3088 4118 adhuc
3107 4063 3608 4132 percutiamini”,

1949 4146 2163 4219 plagas
2191 4162 2407 4204 omnes
2446 4147 2723 4220 experti?
2775 4148 2992 4205 Omnia
3042 4149 3608 4223 contempsistisin-

1946 4235 2105 4293 ﬂicta
2128 4236 2210 4291 ad
2238 4236 2695 4294 emendandum
2732 4236 2992 4309 ﬂagella,
3025 4237 3305 4296 contritio
3324 4255 3435 4296 vos
3480 4254 3610 4296 ma-

1948 4329 2065 4381 net.
2122 4328 2207 4381 Ex
2244 4325 2316 4381 iis
2366 4331 2570 4383 autem
2624 4325 3071 4384 calamitatibus
3117 4343 3258 4400 quae
3295 4327 3601 4394 eveniunt,

1946 4414 2077 4485 aliae
2106 4414 2357 4487 quidem
2384 4415 2668 4473 accidunt
2699 4415 2782 4473 ad
2833 4416 3148 4489 punienda
3173 4421 3444 4490 peccata,
3473 4415 3605 4473 alim

1947 4504 2026 4561 ad
2053 4520 2254 4561 mores
2285 4521 2494 4562 eorum
2519 4505 2626 4579 qui
2655 4509 2961 4563 tentantur
3001 4506 3440 4574 emendandos,
3470 4505 3605 4563 alite

1944 4592 2025 4649 ad
2048 4609 2153 4650 eos
2176 4595 2276 4666 qui
2301 4593 2696 4667 desperantur
2707 4594 3073 4665 atterendos,
3088 4598 3156 4650 ut
3181 4594 3244 4650 in
3268 4594 3601 4653 Pharaone.

1943 4683 2043 4738 His
2065 4682 2228 4738 enim
2252 4698 2377 4739 non
2401 4684 2533 4754 jam
2562 4682 2778 4755 plagas
2828 4688 2935 4739 aut
2984 4682 3248 4752 ﬂagella,
3275 4682 3382 4739 sed
3406 4682 3604 4740 interi-

1942 4776 2072 4828 tum
2102 4771 2386 4829 minatur.
2421 4771 2577 4841 Quid
2602 4772 2804 4830 adhuc
2822 4772 3258 4843 perculiamini
3296 4788 3414 4842 vos,
3444 4788 3600 4846 quo-

1941 5077 1986 5111 ”
2015 5075 2162 5134 ibid.
2194 5078 2285 5134 42.
2362 5078 2434 5112 9'“
2460 5074 2611 5133 Psal.
2635 5091 2905 5147 Lxxxvm,
2936 5080 3026 5135 33.
3103 5077 3152 5112 ⁸⁸
3178 5080 3297 5136 lsa.
3323 5080 3365 5148 '1,
3391 5082 3418 5135 Ξ
3441 5105 3463 5144 ρ

1938 5380 2097 5421 mus.
2129 5364 2359 5421 Ibidem
2382 5360 2709 5438 legendum
2740 5361 2843 5438 ᾄπὸ
2870 5372 2962 5426 τῆς
2986 5362 3313 5438 ὶγκρατείας.

2010 5439 2090 5506 (3)
2120 5438 2203 5492 Ex
2227 5438 2525 5493 Prooemio
2549 5436 2635 5492 De
2641 5437 2879 5507 judicio
2908 5436 3040 5508 Dei,
3064 5436 3192 5493 222.

2004 5510 2194 5580 (4)131:
2223 5511 2546 5573 comment.
2579 5508 2641 5564 in
2664 5508 2784 5565 Isa.
2806 5510 2930 5565 389.
