4084 6384
523 249 548 306 1
561 250 668 306 207

1503 241 1871 301 ΛΡΡΕΝΟΙΧ.
1913 267 1980 280 -
2021 235 2368 298 SYMEONIS
2409 243 2934 310 METAPHRASTAE

3779 274 3806 327 ί
3819 275 3954 330 208

519 387 660 434 rum
685 384 943 445 corpora
970 372 1028 426 et
1072 368 1293 426 animae
1323 369 1529 441 ﬂagris
1577 368 1818 425 concisa
1861 365 2018 425 sunt,
2073 374 2183 418 nec

2300 370 2382 463 Ital
2434 370 2463 427 ἡ
2525 371 2675 445 ὑγεία
2740 375 2988 454 βλαϐερὰ,
3043 383 3164 436 ὅταν
3213 384 3419 458 ἑφόδιον
3478 396 3700 463 γίνηται
3784 403 3955 470 πρὸς

523 478 788 538 usquam
817 459 1304 532 emendatiolU)
1334 459 1453 516 Erit
1483 460 1643 515 enim
1704 457 1862 514 utilis
1914 465 2184 525 saepenu-

523 568 694 612 mero
718 551 807 609 vel
839 549 1112 616 morbus,
1146 564 1285 605 cum
1316 548 1587 605 videlicet
1614 547 1966 620 peccantem
2006 539 2182 596 refre-

523 642 716 703 nabit.
752 645 815 698 Et
861 655 1060 698 nocua
1099 644 1190 696 est
1247 639 1476 696 sanitas
1527 655 1664 695 cum
1693 633 1925 711 peccati
1961 631 2176 728 instru-

524 733 803 791 mentum
826 729 893 786 ﬁt
917 731 1074 786 recte
1094 727 1336 785 valenti.
1372 728 1463 786 Sic
1497 732 1553 785 et
1575 726 1846 802 pecuniae
1872 717 2179 780 nonnullis

523 823 657 894 jam
705 819 782 876 ad
820 817 1131 877 libidinem
1181 818 1618 888 inservierunt;
1662 818 1991 891 paupertas
2035 823 2176 866 vero

2302 452 2313 463 .
2903 452 2908 454 _
3243 452 3253 458 ,
3484 452 3498 463 ,
3833 452 3845 470 ,
3938 452 3952 461 .

2289 464 2550 532 αμαρτίαν
2582 473 2654 535 τῷ
2683 469 2880 538 ἔχοντι.
2913 473 3066 522 Οὕτω
3094 479 3184 525 καὶ
3223 478 3288 528 τὰ
3327 483 3594 552 χρήματα
3634 481 3756 543 ἤδη
3785 492 3956 541 τισὶν

2289 543 2554 637 υπηρεσία
2601 559 2732 626 πρὸς
2785 556 3071 612 ἀκολασίαν
3119 560 3337 637 ἐγένετο,
3370 576 3461 623 καὶ
3493 578 3653 626 πενία
3695 575 3955 641 πολλοὺς

2285 642 2602 738 εῆσωφρὸνισε
2629 652 2729 696 τῶν
2765 649 3078 721 ὡρμημένων
3105 663 3293 717 κακῶς.
3321 663 3468 716 Mth
3485 662 3575 712 οὖν
3595 665 3775 737 φύγῃς
3801 666 3844 716 ἆ
3867 675 3950 738 μή

2284 718 2388 827 ξεῖ)
2415 732 2548 798 μήτε
2581 739 2884 811 προσφύγῃς
2974 744 3044 812 μὴ
3071 737 3154 795 δἐι
3183 745 3258 816 (8)
3283 759 3299 777 ⁸
3331 745 3440 799 ἀλλ’
3469 751 3520 802 ἓν
3559 771 3650 804 σοι
3676 718 3954 827 ’ἐπακτόν

2283 813 2409 882 ἤτω,
2425 818 2454 874 ἡ
2476 818 2711 895 ἁμαρτία
2731 831 2818 879 καὶ
2835 833 2932 900 μία
2954 838 3228 904 καταφυγὴ
3249 833 3304 887 ἐκ
3333 845 3433 889 τῶν
3462 848 3666 910 κακῶν,
3701 844 3730 894 ὀ
3777 852 3946 909 Θεὸς.

529 909 827 984 plurimos
855 907 934 966 ad
963 907 1106 964 vitia
1136 922 1510 981 magnopere
1529 908 1979 998 propendentes
2004 898 2310 998 repressit:
2337 905 2538 979 Neque
2564 911 2748 982 igitur
2777 898 2975 988 fugias
3006 898 3142 993 quas
3165 898 3286 979 non
3313 933 3591 998 oportet;
3626 898 3753 988 nec
3782 898 3946 992 con:

529 998 730 1071 fugias
755 997 836 1056 ad
864 1011 1051 1070 quem
1080 1011 1203 1054 non
1229 1000 1467 1069 oportet
1495 1013 1508 1053 :
1534 997 1640 1054 sed
1671 1011 1863 1055 unum
1913 990 2018 1049 tibi
2064 988 2420 1058 fugiendum
2455 997 2530 1055 sit
2557 1008 2897 1076 peccatum,
2926 1012 2983 1065 et
3020 988 3212 1067 unum
3260 1028 3336 1070 ex
3355 988 3942 1094 .malis'refugiu—r—n

529 1090 710 1148 Deus.

598 1184 659 1236 7.
693 1179 775 1250 (2)
803 1175 964 1234 Multi
988 1176 1238 1250 quidem
1267 1177 1539 1250 priorum
1566 1180 1956 1250 peccatorum
1979 1171 2187 1231 oblivi-

518 1271 802 1336 scuntur,
835 1265 1070 1325 nullam
1099 1282 1310 1326 eorum
1338 1266 1632 1325 habentes
1665 1268 1984 1328 rationem,
2013 1278 2084 1319 ac
2116 1277 2188 1318 ea

529 1359 1006 1426 contemnentes,
1038 1358 1218 1430 quasi
1269 1356 1438 1415 nulla
1492 1357 1694 1414 futura
1754 1355 1830 1413 sit
1877 1353 2040 1410 ultio.
2077 1351 2188 1418 Qui

526 1463 672 1504 vero
692 1446 992 1519 judicium
1019 1447 1124 1503 Dei
1167 1447 1390 1519 jugiter
1445 1446 1631 1503 habet
1682 1445 1762 1502 ob
1807 1443 2038 1510 oculos,
2068 1456 2188 1498 cre-

528 1535 736 1610 ditque
765 1540 930 1593 certo
976 1535 1128 1605 fore,
1157 1540 1224 1592 ut
1252 1551 1465 1593 omnes
1519 1550 1724 1593 coram
1757 1534 1969 1591 Christi
2000 1531 2186 1588 tribu-

528 1624 654 1681 nali
695 1624 1002 1694 sistamur,
1051 1629 1120 1682 ut
1171 1629 1435 1698 reportet
1474 1625 1898 1697 unusquisque
1955 1636 2189 1695 eaquae

528 1712 684 1770 ﬁunt
708 1728 818 1786 per
845 1729 1086 1787 corpus,
1106 1715 1284 1786 juxta
1315 1715 1376 1770 id
1397 1715 1567 1789 quod
1590 1714 1747 1785 fecit,
1781 1714 1905 1770 sive
1933 1712 2185 1774 bonum,

531 1803 660 1860 sive
680 1801 996 1873 malum”,
1029 1804 1082 1862 is
1121 1803 1183 1861 in
1225 1804 1525 1862 anxietate
1555 1819 1796 1878 semper
1813 1806 2106 1872 versatur,
2132 1803 2190 1856 et
2220 1814 2259 1868 Β

529 1891 695 1948 hunc
743 1892 956 1950 anima:
1005 1909 1130 1950 sure
1183 1892 1456 1950 dolorem
1511 1909 1727 1951 sanare
1781 1892 2048 1960 studens,
2082 1904 2188 1963 per

535 1996 682 2038 suas
712 1980 791 2038 ad
822 1983 1012 2039 Deum
1043 1982 1456 2040 confessiones
1495 1999 1561 2040 se
1606 1983 1734 2056 ipse
1772 1984 2037 2051 accusat,
2091 1995 2185 2035 ex-

532 2071 737 2144 emplo
765 2070 948 2140 illius,
993 2073 1100 2146 qui
1155 2071 1235 2129 ait
1263 2089 1277 2128 :
1305 2073 1495 2130 Dolor
1541 2087 1704 2130 meus
1747 2074 1811 2128 in
1868 2074 2187 2140 conspectu

528 2175 657 2217 meo
685 2163 975 2231 semper".
1005 2161 1084 2232 (3)
1112 2161 1271 2218 Multi
1300 2177 1440 2218 vero
1471 2158 1580 2218 etsi
1604 2177 1640 2219 a
1669 2161 1875 2234 pravis
1898 2159 2186 2233 operibus

527 2253 932 2322 recesserunt,
960 2249 1109 2306 dum
1135 2251 1312 2323 510
1337 2251 1543 2324 priora
1587 2249 1746 2307 facta
1772 2243 2188 2308 recordatione

527 2341 908 2410 percurrunt,
963 2354 1071 2411 per
1127 2355 1265 2395 eam
1327 2355 1487 2413 saepe
1523 2341 1843 2413 quiescens
1893 2344 2189 2396 renovant

528 2429 868 2499 peccatum.
897 2428 975 2498 (4)
997 2426 1239 2484 Silentio
1268 2428 1430 2484 enim
1461 2428 1656 2501 sopita
1696 2427 2078 2500 improbitas,
2101 2427 2187 2484 la-

529 2519 660 2572 tens
690 2517 780 2572 est
806 2515 1062 2572 morbus
1084 2515 1146 2572 in
1171 2515 1395 2575 anima.
1419 2519 1498 2589 (5)
1528 2518 1816 2572 Caeterum
1841 2533 2051 2573 eorum
2082 2517 2188 2590 qui

528 2609 788 2677 peccant
817 2604 1092 2662 dimissio
1129 2605 1197 2662 ﬁt
1249 2622 1356 2679 per
1411 2606 1884 2664 derelictionem.
1918 2609 2185 2674 Quorum

527 2697 735 2752 autem
765 2709 978 2752 curam
1008 2694 1175 2766 gerit,
1208 2695 1281 2751 de
1332 2695 1402 2752 iis
1454 2695 1537 2754 ait
1566 2696 1873 2770 Scriptura
1905 2714 1918 2752 :
1951 2697 2083 2753 Non
2132 2700 2187 2754 te

531 2783 826 2852 deseram,
854 2799 1048 2858 neque
1099 2791 1156 2841 te
1191 2785 1544 2858 derelinquo
1567 2788 1588 2822 ²
1622 2803 1635 2843 :
1691 2802 1721 2843 ο
1770 2786 2068 2843 contrario
2108 2786 2183 2843 de

526 2870 752 2944 quibus
775 2887 1027 2945 prorsus
1057 2873 1359 2948 desperat,
1385 2875 1497 2932 hos
1523 2876 1602 2932 ad
1648 2875 1849 2932 carnis
1875 2878 1934 2931 et
1961 2876 2183 2944 cogita-

526 2961 763 3018 tionum
794 2976 1044 3019 suarum
1073 2961 1373 3020 desideria
1410 2962 1709 3036 explenda
1736 2963 1958 3020 liberos
1983 2964 2182 3021 dimit-

529 3051 622 3119 tit,
657 3051 823 3125 quod
870 3052 957 3110 eis
1012 3052 1329 3125 profutura
1389 3069 1514 3111 non
1579 3053 1655 3111 sit
1711 3054 2178 3112 animadversio.

2370 1181 2428 1232 7.
2463 1181 2526 1230 Οἱ
2553 1184 2723 1252 μέντοι
2757 1183 2935 1238 πολλοὶ
2967 1196 3067 1256 τῶν
3092 1189 3380 1267 ἀνθρωπων
3401 1200 3494 1250 καὶ
3511 1196 3686 1257 λήθην
3717 1211 3930 1256 ποιοῦν-

2298 1283 2387 1315 ται
2417 1274 2515 1318 τῶν
2543 1275 2800 1344 προτέρων
2829 1277 3243 1351 ἁμαρτημάτων,
3272 1279 3691 1361 ἀδιαφοροῦντες
3715 1291 3801 1344 ἐπ’
3835 1294 3941 1346 αὑ-

2299 1361 2409 1417 τοῖς
2465 1361 2555 1409 καὶ
2611 1371 3066 1437 καταφρονοῦντες,
3117 1372 3187 1432 ὡς
3253 1369 3524 1446 μηδεμιᾶς
3582 1375 3939 1445 ἐκδικήσεως

2301 1451 2670 1518 γενησομένης.
2712 1449 2768 1503 Ὀ
2829 1449 2887 1506 δὲ
2938 1459 2995 1508 τὸ
3053 1453 3400 1535 δικαστήριον
3453 1473 3548 1517 τοῦ
3619 1476 3766 1522 Θεοῦ
3831 1477 3941 1542 πρὸ

2302 1532 2576 1606 ὀφθαλμῶν
2636 1534 2730 1591 διὰ
2789 1548 2983 1606 παντὸς
3033 1549 3196 1618 ἔχων,
3254 1556 3344 1604 καὶ
3401 1563 3777 1630 πεπεισμένος,
3855 1563 3943 1612 ὅτι

2301 1623 2485 1684 πάντες
2522 1634 2980 1704 παραστησόμεθα
3023 1644 3098 1706 τῷ
3141 1636 3346 1711 βήματι
3397 1649 3492 1694 τοῦ
3544 1653 3817 1718 Χριστοῦ,
3854 1651 3946 1702 ἱνα

2303 1717 2590 1784 κομίσηται
2610 1717 2828 1781 ἕκαστος
2857 1723 2922 1772 τὰ
2948 1720 3040 1776 διὰ
3070 1734 3162 1778 τοῦ
3191 1734 3430 1801 σώματος
3451 1737 3583 1806 πρὸς
3611 1736 3648 1787 ἃ
3677 1739 3941 1811 ἔπραξεν,

2302 1803 2400 1853 εἴτε
2432 1800 2645 1873 ἀγαθὸν,
2669 1808 2767 1859 εἴτε
2807 1809 3017 1883 φαῦλον,
3041 1813 3089 1865 ἐν
3119 1815 3318 1889 ἀγωνίᾳ
3343 1821 3643 1880 καθέστηκε
3671 1827 3940 1894 πάντοτε,

2299 1895 2390 1943 καὶ
2417 1897 2510 1950 τὴν
2541 1891 2806 1965 ἀλγηδόνα
2834 1908 2896 1972 τῇ
2931 1901 3116 1956 ἑαυτοῦ
3142 1905 3298 1980 ψυχῇ
3325 1912 3521 1968 ταύτην
3553 1915 3820 1969 ἵστασθαι
3857 1920 3942 1990 (9)

2301 1985 2606 2054 φροντίζων,
2641 1985 2798 2049 αὐτὸς
2827 1987 3013 2043 ἑαυτοῦ
3054 2004 3337 2071 κατηγορεῖ
3379 1995 3474 2052 διὰ
3512 2010 3613 2054 τῶν
3662 2008 3800 2078 πρὸς
3837 2010 3938 2060 τόν

2301 2073 2430 2121 Θεὸν
2462 2068 2739 2146 ἐξομολογή
2750 2096 2896 2146 σεων,
2921 2083 3056 2133 κατά
3082 2087 3170 2134 τὸν
3190 2068 3406 2158 λέγοντα
3424 2109 3436 2123 ·
3454 2088 3514 2142 Ἠ
3539 2068 3799 2163 ἀλγηέὼν
3819 2116 3936 2169 μου

2301 2157 2512 2212 ἐνώπιόν
2539 2182 2639 2234 μου
2669 2164 2780 2217 ἐστὶ
2830 2164 2924 2220 διὰ
2965 2177 3186 2235 παντὸς.
3234 2175 3418 2230 Πολλοὶ
3450 2176 3510 2232 δὲ
3541 2185 3633 2233 καὶ
3674 2182 3936 2262 ἐπιστρέ-

2299 2248 2484 2318 ψαντες
2535 2250 2637 2304 ἀπὸ
2691 2265 2926 2332 πονηρῶν
2990 2263 3174 2335 ἔργων,
3221 2266 3375 2319 οἱονεὶ
3413 2271 3503 2330 τὰς
3547 2277 3767 2345 μνήμας
3819 2284 3933 2328 τῶν

2301 2337 2530 2390 παλαιῶν
2585 2344 2744 2416 Epwa
2801 2355 3270 2423 παρακατέχοντες,
3322 2351 3398 2408 δι’
3446 2358 3620 2412 αὐτῶν
3660 2362 3930 2427 πολλάκις

2300 2425 2626 2483 ἀνανεοῦνται
2684 2439 2779 2491 τὴν
2826 2437 3214 2509 ἡσυχάζουσαν
3253 2443 3536 2519 ἁμαρτιαν.
3580 2456 3757 2504 Κακία
3811 2458 3926 2530 γὰρ

2301 2520 2650 2589 σιωπηθεῐσα,
2682 2527 2834 2587 νόσος
2871 2526 3095 2592 ὑποῦλός
3139 2529 3278 2584 ἐστιν
3320 2533 3367 2586 ἐν
3407 2544 3469 2609 τῇ
3731 2548 3789 2593 Ἡ
3847 2520 3922 2596 δέ

2297 2606 2474 2669 ἄνεσις
2499 2616 2598 2660 τῶν
2643 2610 2960 2688 ἁμαρτωλῶν
2999 2621 3133 2672 κατὰ
3164 2619 3530 2696 ἐγκαταλείψω
3559 2633 3774 2698 γίνεται.
3803 2631 3909 2683 Ὧν

2295 2697 2511 2770 μὲνγὰρ
2551 2709 2845 2774 προνοεῖται
2899 2706 2924 2756 ὁ
2976 2705 3144 2779 λόγος,
3199 2731 3386 2784 φησιν·
3421 2715 3499 2767 Οὐ
3539 2722 3614 2788 μή
3670 2738 3729 2773 σε
3781 2719 3920 2788 ἀνῶ,

2297 2781 2411 2837 οὐδ’
2430 2788 2489 2838 οὐ
2514 2794 2585 2860 μή
2622 2810 2679 2844 σε
2713 2792 3066 2864 ἐγκαταλείπω
3085 2815 3097 2829 ⁸
3122 2799 3190 2851 ὧν
3218 2797 3271 2854 δ’
3300 2801 3360 2854 ἂν
3389 2806 3655 2870 παντελῶς
3675 2807 3920 2883 ἀπογνῷ,

2294 2877 2512 2938 τούτους
2543 2876 2750 2943 ἁνέτους
2778 2881 2966 2956 ἀφίησι
2987 2895 3152 2940 ποιεῖν
3180 2893 3246 2943 τὰ
3269 2891 3535 2966 Θελὴματα
3567 2905 3664 2958 τῆς
3690 2905 3922 2973 σαρκὸς,

2293 2969 2384 3017 καὶ
2416 2974 2515 3017 τῶν
2539 2964 2781 3022 διανοιῶν
2809 2973 3000 3044 αὐτῶν,
3033 2979 3102 3040 ὡς
3130 2988 3225 3041 τῆς
3252 2979 3593 3047 παιδευτικῆς
3617 2986 3923 3061 ἀνωφελοῦς

2295 3053 2467 3116 αὐτοῖς
2494 3055 2762 3130 ἐσομένης.
2799 3067 2898 3115 Καὶ
2943 3069 3040 3137 γαρ
3092 3066 3201 3122 ἐπεὶ
3250 3071 3376 3145 ὑπὲρ
3417 3082 3632 3148 τραῦμα
3684 3085 3783 3132 καὶ
3816 3087 3927 3152 μώ-

527 3139 607 3210 (6)
639 3141 935 3207 Quoniam
975 3141 1138 3198 enim
1184 3142 1301 3199 hoc
1347 3146 1664 3216 peccatum
1703 3144 1968 3212 vulnere,
1995 3143 2181 3200 livore

2300 3143 2438 3196 λωπα
2466 3150 2555 3198 καὶ
2583 3147 2789 3220 πληγὴν
2819 3151 3232 3226 φλεγμαίνουσαν
3270 3161 3300 3218 ἡ
3344 3160 3580 3238 ἁμαρτία
3612 3165 3789 3231 ἐστὶν,
3825 3170 3928 3224 οὐκ

528 3242 601 3284 ac
627 3227 812 3302 plaga
834 3232 1103 3286 tumente
1127 3230 1304 3302 pejus
1325 3235 1445 3298 est;
1469 3247 1594 3288 non
1620 3235 1709 3288 est
1728 3231 2039 3303 malagma
2066 3232 2180 3289 im-

525 3331 754 3391 ponere
777 3321 1074 3393 tanquam
1108 3320 1188 3377 ad
1216 3321 1486 3394 plagam,
1517 3337 1716 3395 neque
1758 3321 1979 3395 oleum,
2013 3327 2079 3380 ut
2103 3325 2183 3381 ad

525 3406 780 3465 vulnera
812 3426 826 3466 :
859 3424 970 3466 nec
989 3411 1121 3482 jam
1145 3426 1303 3484 opus
1325 3411 1600 3468 esthisce
1625 3412 1935 3469 remediis:
1955 3414 2183 3486 quippe

527 3497 767 3568 majora
797 3501 956 3567 sunt,
983 3498 1196 3572 inquit,
1229 3504 1640 3574 symptomata
1670 3519 1857 3575 quam
1905 3507 1971 3558 ut
2015 3503 2182 3560 hisce

526 3585 983 3644 medicamentis
1013 3588 1248 3646 cedant.
1294 3591 1360 3647 Et
1382 3590 1529 3664 quia
1553 3595 1679 3648 tota
1709 3607 1856 3662 gens
1879 3594 2184 3665 peccatrix

527 3679 638 3746 est,
667 3675 1056 3751 populusque
1103 3679 1303 3735 omnis
1349 3681 1612 3754 peccatis
1641 3681 1878 3754 plenus,
1903 3681 1982 3738 ob
2012 3683 2074 3740 id
2103 3683 2183 3740 ad

527 3779 741 3822 omnes
761 3781 1179 3839 smpenumero
1199 3769 1470 3842 pervenit
1492 3770 1878 3844 supplicium.
1913 3775 1983 3828 Et
2013 3789 2185 3830 omne

527 3869 632 3910 cor
665 3860 871 3912 mwret
890 3856 932 3924 ³,
955 3855 1104 3914 dum
1133 3857 1195 3913 in
1215 3859 1622 3931 captivitatem
1653 3859 1974 3917 abducitur
1993 3877 2183 3935 popu-

525 3941 622 3998 lus
670 3942 752 3999 ob
793 3948 1065 4016 peccata.
1099 3947 1632 4012 Quemadmodum
1671 3949 1853 4020 igitur
1879 3952 2180 4023 sectionis,

526 4035 634 4088 aut
676 4034 920 4090 cauterii
967 4051 1219 4093 causam
1275 4053 1397 4096 non
1447 4039 1701 4095 sustinet
1752 4041 2045 4110 medicus,
2075 4043 2182 4100 sed

527 4121 780 4177 morbus
809 4137 824 4177 :
859 4122 944 4178 sic
968 4127 1026 4179 et
1053 4125 1363 4182 civitatum
1390 4127 1726 4184 eversiones
1752 4129 1831 4185 ab
1860 4130 2182 4190 innumera

527 4215 916 4282 peccatorum
965 4212 1347 4272 multitudine
1397 4219 1640 4285 exortae,
1677 4231 1921 4275 omnem
1961 4236 2178 4293 quere-

525 4299 649 4355 lam
680 4314 717 4356 a
746 4302 866 4356 Deo
895 4301 1276 4375 propulsant.

599 4393 654 4446 8.
681 4389 759 4460 (7)
792 4390 1088 4450 Invadunt
1111 4393 1275 4450 enim
1305 4398 1552 4468 propter
1579 4411 1809 4469 paucos
1834 4399 1894 4454 in
1934 4415 2178 4457 omnem

526 4479 824 4552 populum
854 4480 1038 4552 mala,
1070 4497 1144 4538 ac
1187 4482 1486 4554 ﬂagitium
1517 4485 1697 4542 unius
1740 4487 1900 4560 plebi
1945 4489 2048 4545 toti
2073 4505 2177 4546 no-

527 4572 636 4626 cet.
661 4569 856 4627 Achar
880 4569 1263 4644 sacrilegium
1314 4574 1614 4632 commisit
1638 4577 1681 4641 ⁵,
1715 4582 1770 4634 et
1816 4581 1978 4635 totus
2008 4579 2180 4637 casti-

598 4875 644 4908 9°
675 4874 718 4928 ll
746 4875 872 4932 Cor.
898 4891 950 4944 ν,
981 4880 1064 4935 lO.
1169 4880 1182 4912 ¹
1220 4877 1368 4937 Psal.
1405 4895 1620 4948 xxxvn,
1655 4884 1735 4936 18.
1841 4885 1860 4916 ³
1892 4885 2010 4940 Jos.
2039 4899 2076 4950 ι,
2115 4890 2168 4940 5.

597 5179 677 5252 (1)
704 5180 787 5252 Ex
815 5177 982 5252 _hom.
1015 5183 1077 5237 in
1101 5196 1192 5252 ps.
1219 5198 1344 5252 xu,
1378 5189 1496 5241 i7l.

597 5251 672 5330 (ξ)
702 5251 783 5330 ξι
813 5249 1074 5330 hom._in
1102 5249 1258 5330 psqt.
1290 5249 1502 5330 xxxvu,
1525 5259 1653 5314 370.

621 5323 674 5388 3')
706 5322 867 5378 Unus
889 5322 1080 5379 codex
1102 5323 1328 5382 indicat
1355 5322 1680 5384 comment.
1709 5330 1771 5385 in
1804 5328 1920 5385 Isa.

619 5392 672 5465 4)
704 5394 957 5465 Uterque
987 5395 1176 5451 codex
1203 5397 1624 5454 indicatserm.
1657 5400 1828 5457 ethic.

597 5463 670 5535 (ὅ)
703 5465 785 5520 Ex
812 5463 1136 5523 comment.
1171 5469 1233 5524 in
1253 5468 1370 5525 Isa.
1403 5472 1527 5524 482.

597 5535 675 5603 (6)
704 5536 785 5591 Ex
811 5542 1134 5597 comment.
1158 5541 1220 5596 in
1243 5540 1362 5598 15a.
1387 5542 1509 5602 390,

2293 3235 2405 3286 ἔστι
2471 3235 2722 3311 μάλαγμα
2770 3239 3020 3296 ἐπιθεῖναι
3059 3247 3128 3308 ὡς
3184 3251 3317 3320 πρὸς
3373 3235 3466 3310 τὴν
3497 3253 3738 3327 πληγὴν,
3795 3257 3928 3313 οὐδε

2293 3322 2460 3377 ἔλαιον
2490 3327 2556 3386 ὡς
2575 3330 2706 3401 πρὸς
2737 3331 2802 3382 τὰ
2831 3334 3113 3406 τραύματα
3136 3356 3150 3370 ·
3184 3335 3310 3391 οὐδὲ
3334 3346 3498 3414 χρεία
3528 3350 3624 3406 τῆς
3656 3344 3768 3398 ἀπὸ
3803 3353 3926 3402 τού-

2292 3432 2393 3466 των
2433 3412 2679 3487 βοηθείας
2705 3435 2718 3448 ·
2750 3420 2967 3491 μείζονα
3003 3425 3125 3498 γὰρ,
3158 3433 3310 3499 φησὶ,
3362 3431 3429 3482 τὰ
3469 3441 3861 3508 συμπτώματα
3891 3441 3924 3498 ἧ

2294 3505 2429 3556 ὥστε
2466 3508 2672 3568 τούτοις
2724 3505 2982 3567 ἐνδοῦναι.
3037 3518 3138 3566 Καὶ
3169 3514 3349 3576 ἐπειδὴ
3383 3523 3497 3589 (10)
3524 3521 3641 3574 ὅλον
3678 3505 3739 3576 τὸ
3777 3529 3931 3592 ἔθνος

2294 3590 2616 3670 ἁμαρτωλὸν,
2645 3601 2735 3649 καὶ
2773 3605 2870 3661 πᾶς
2909 3602 2935 3654 ὁ
2979 3601 3100 3666 λαός
3132 3605 3333 3682 πλήρης
3361 3607 3606 3683 ἀνομιῶν,
3641 3609 3736 3667 διὰ
3759 3627 3928 3672 τοῦτο

2291 3687 2380 3735 καὶ
2410 3685 2439 3741 ἡ
2483 3687 2698 3750 κόλασις
2729 3687 2814 3741 ἐπὶ
2855 3692 3053 3754 πάντας
3093 3694 3338 3759 πολλάκις
3371 3700 3582 3771 ἔφθασε.
3615 3709 3722 3757 Καὶ
3767 3715 3929 3764 πᾶσα

2292 3769 2492 3846 καρδία
2520 3773 2729 3850 λυπηρὰ
2758 3781 2983 3852 γέγονεν,
3019 3782 3089 3845 εἰς
3113 3783 3490 3858 αἰχμαλωσίαν
3520 3788 3794 3865 ἀγομένου
3827 3809 3925 3852 τοῦ

2291 3859 2418 3914 λαοῦ
2449 3858 2484 3915 δ
2491 3866 2544 3915 ιὰ
2567 3868 2625 3917 τὸ
2667 3865 3037 3941 ἁμαρτήματα.
3064 3871 3264 3948 ’Ὠσπερ
3297 3873 3386 3929 οὖν
3413 3885 3506 3940 τῆς
3532 3890 3724 3955 τομῆς,
3762 3888 3793 3944 ἦ
3825 3897 3925 3941 τοῦ

2291 3960 2570 4026 καυτῆρος,
2606 3954 2710 4026 οὐχ
2742 3958 2766 4008 ὁ
2801 3957 2974 4032 ἰατρὸς
3000 3964 3185 4030 αἴτιος,
3218 3963 3325 4016 ἀλλ’
3358 3968 3386 4025 ἠ
3419 3972 3572 4032 νόσος
3596 3986 3608 3999 ⁸
3641 3972 3790 4026 οὕτω
3832 3985 3925 4031 καὶ

2290 4043 2340 4093 οἱ
2369 4050 2467 4094 τῶν
2493 4043 2685 4097 πόλεων
2710 4044 3012 4121 ἀρανισμοὶ,
3048 4050 3103 4103 ἐκ
3131 4061 3220 4114 τῆς
3261 4053 3509 4130 ἀμετρίας
3538 4067 3642 4111 τῶν
3677 4061 3926 4140 ἀμαρταο

2290 4135 2510 4202 νομένων
2549 4137 2643 4192 τὴν
2677 4134 2852 4208 ἀρχὴν
2879 4139 3107 4212 ἔχοντες,
3140 4145 3226 4195 τὸν
3255 4147 3384 4197 Θεὸν
3426 4145 3637 4211 ἀπάσης
3668 4155 3923 4225 μέμψεως

2292 4220 2627 4277 ἀπολύουσιν.

2361 4400 2411 4452 8.
2446 4399 2698 4474 Ἔρχεται
2735 4407 2835 4478 γὰρ
2890 4409 2977 4459 καὶ
3013 4404 3087 4460 δι’
3117 4409 3320 4482 ὀλίγους
3367 4416 3526 4485 κακὰ,
3576 4423 3668 4471 καὶ
3701 4428 3919 4495 μοχθηο

2290 4490 2404 4560 ρίας
2465 4495 2602 4554 τινος
2657 4494 3040 4567 παραπήλαυσε
3099 4496 3290 4572 δῆμος.
3335 4502 3513 4576 ’Ἀχαρ
3573 4490 3914 4584 ἱεροσύλὲσε,

2291 4581 2380 4628 καὶ
2430 4578 2518 4637 ὅλη
2587 4582 2614 4638 ἡ
2649 4583 2940 4656 παράταξις
2990 4586 3316 4656 ἐμαστίζετο.
3369 4591 3427 4644 Ὀ
3484 4595 3696 4670 Ζαμϐρὶ
3758 4603 3909 4655 πάλιν

2290 4883 2451 4940 313a.
2482 4899 2518 4954 ι,
2551 4891 2604 4941 5.
2687 4889 2704 4920 ’θ
2731 4889 2850 4944 Jos.
2889 4896 2982 4958 vn,
3020 4895 3068 4950 t.

2359 5190 2436 5259 (7)
2467 5191 2548 5245 Ex
2577 5191 2742 5262 hom.
2769 5194 2833 5248 in
2852 5193 3079 5262 famem
3107 5202 3163 5252 et
3193 5197 3379 5262 siccit,
3407 5203 3497 5258 66.

2358 5261 2429 5345 (si
2461 5262 2530 5345 :9
2557 5267 2629 5334 μὴ
2663 5260 2767 5345 ῥέῑ.
2799 5260 3091 5345 godicum
3123 5266 3287 5345 alter,
3323 5260 3400 5333 οἷς
3430 5277 3503 5345 μὴ
3538 5272 3640 5331 δεῖ.

2356 5333 2434 5404 (9)
2452 5332 2505 5414 ’Ἰ
2516 5332 2764 5414 στασοαι.
2798 5336 2999 5414 Melius
3031 5338 3094 5395 in
3127 5332 3440 5414 contextu;
3466 5344 3753 5405 ἰάσασθαι.
3785 5351 3899 5409 lbi-

2281 5403 2420 5481 detti
2443 5403 2497 5456 ἐκ
2523 5413 2583 5477 τῇ
2619 5405 2801 5481 ἑμυτοῆ
2831 5407 3012 5481 ψυχῇ.

2350 5474 2713 5561 gmnﬂffsté‘a.
2741 5474 3313 5561 Sic'enicndavimus
3334 5499 3451 5558 ope
3474 5489 3644 5561 Regii
3665 5494 3900 5555 codicis

2283 5549 2437 5605 1992.
2466 5547 2639 5622 Ediﬁ,
2664 5549 2770 5603 ἐπεὶ
2790 5556 2886 5621 μή.
