4084 6390
246 283 274 334 1
285 279 395 334 209

1448 266 1686 326 SERMO
1725 267 1841 325 VII.
1873 295 1942 309 --
1982 267 2074 326 DE
2109 268 2439 329 PECCATO.

3480 284 3617 341 1210

250 402 324 463 εἰς
343 404 436 463 τὰς
466 393 864 459 Μαδιανίτιδας
892 396 1203 472 ἐξεπόρνευε,
1237 394 1372 449 καὶὸ
1398 393 1612 468 Ἰσραὴλ
1651 396 1860 449 ἔπιπτεν

1977 397 2152 465 gatus
2189 399 2279 454 est
2307 396 2619 456 exercitus.
2652 402 2890 460 Zambri
2927 402 3345 464 Madianitidas
3395 411 3615 468 scorta-

253 491 330 554 εἰς
362 488 396 544 δ
401 494 540 549 ίκην.
573 493 674 544 Καὶ
700 487 935 559 καθάπερ
965 487 992 539 ό
1032 484 1229 559 λοιμὸς,
1271 480 1483 539 ἐπειδὰν
1522 484 1631 548 ἐνὸς
1659 484 1863 562 ἀνθρώ-

253 600 359 635 που
393 581 420 640 ᾗ
454 583 676 641 κτήνους
701 577 928 650 ἅψηται,
954 579 1093 629 κατὰ
1120 571 1368 630 διάδοσιν
1398 573 1483 628 ἐπὶ
1525 577 1723 638 πάντας
1747 580 1865 638 τοὺς

259 670 560 744 ἐγγίζοντας
589 664 932 740 διανέμεσθαι
968 670 1188 739 πέφυκεν
1220 686 1233 699 ’
1265 668 1399 718 οὕτω
1422 669 1513 718 καὶ
1551 667 1601 718 οἱ
1650 664 1867 739 ἐργάται

261 768 358 822 τῆς
389 758 624 832 ἀνομίας,
658 761 717 810 τὸ
746 752 886 809 ἴδιον
929 759 1088 808 κακὸν
1131 754 1215 809 ἐπὶ
1243 757 1440 818 πάντας
1464 756 1608 828 ἄγειν
1648 755 1866 828 φιλονει-

265 855 446 918 κοῦσι,
476 845 694 908 πολλοὺς
723 844 928 907 ἑαυτοῖς
958 844 1361 922 παραπλησίους
1409 846 1649 916 γενέσθαι
1670 844 1868 918 φιλοτι-

268 940 541 1009 μούμενοι,
582 937 665 989 ἵνα
693 933 742 987 ἐν
766 942 829 1007 τῇ
854 938 1099 1008 κοινωνίᾳ
1122 942 1219 988 τῶν
1249 942 1420 986 κακῶν
1448 930 1483 987 δ
1488 936 1773 1007 ιοφεύγωσι
1801 937 1870 988 τὰ

263 1023 443 1084 ὀνείδη
475 1046 489 1060 ·
521 1030 611 1078 καὶ
650 1024 795 1086 ἄλλος
823 1023 958 1096 άλλῳ
988 1031 1086 1087 τῆς
1121 1028 1277 1077 νόσου
1316 1020 1708 1097 μεταδιδόντες,
1741 1044 1866 1078 συν-

261 1123 509 1170 νοσοῦσιν
549 1112 784 1176 ἀλλήλοις
821 1118 912 1167 καὶ
949 1113 1382 1169 συναπόλλυνται.
1423 1114 1557 1167 Ούτε
1594 1117 1696 1189 γὰρ
1735 1122 1863 1189 πῦρ,

263 1206 701 1278 εὐκαταπρήστου
740 1203 865 1265 ὕλης
901 1203 1185 1276 ἁψάμενον,
1228 1199 1451 1257 δυνατὸν
1490 1208 1561 1277 μὴ
1595 1203 1724 1276 οὐχὶ
1779 1202 1862 1256 ἐπὶ

258 1300 438 1358 πᾶσαν
468 1294 628 1354 αὐτὴν
660 1291 695 1347 δ
700 1291 931 1360 ιαϐῆναι,
971 1293 1138 1356 ἄλλως
1161 1312 1213 1346 τε
1237 1292 1332 1347 κᾶν
1363 1293 1585 1367 ἐπιτύχῃ
1637 1296 1861 1365 πνεύμα-

257 1403 344 1446 τος
368 1383 614 1458 ἐπιφόρου
644 1387 738 1443 τὴν
765 1382 931 1456 φλόγα
953 1379 989 1436 δ
994 1384 1357 1455 ιακομίζοντος
1381 1399 1394 1415 '
1428 1387 1546 1436 οὔτε
1570 1386 1665 1442 τὴν
1694 1382 1860 1456 ἁμαρο

255 1478 396 1542 τίαν,
448 1472 559 1537 ἐνὸς
597 1472 889 1545 ἁψαμένην,
929 1476 1002 1545 μὴ
1061 1470 1191 1543 οὐχὶ
1226 1473 1427 1534 πάντας
1463 1491 1584 1534 τους
1626 1469 1860 1544 ἐγγίζον-

255 1583 350 1625 τας
392 1560 634 1635 διελθεῖν,
694 1562 1012 1626 ἐξαπτόντων
1068 1561 1232 1620 αὐτὴν
1287 1570 1389 1615 τῶν
1426 1562 1731 1636 πνευμάτων
1770 1568 1860 1623 τῆς

254 1658 528 1727 πονηρίας.

332 1866 388 1919 9.
429 1861 494 1913 Ai
667 1860 767 1934 γὰρ
809 1856 902 1911 διὰ
943 1865 1039 1912 τοῦ
1079 1861 1321 1932 σώματος
1356 1860 1569 1933 πράξεις
1597 1862 1688 1912 καὶ
1725 1861 1859 1935 χρό-

260 1970 350 2004 νου
392 1946 622 2018 δέονται,
660 1953 751 2001 καὶ
790 1947 1081 2020 εὐκαιρίας,
1121 1954 1213 2001 καὶ
1248 1951 1514 2022 καμάτων,
1554 1952 1646 2002 καὶ
1686 1967 1864 2021 συνερ-

178 2030 195 2044 ’
259 2048 387 2113 γῶν,
430 2042 519 2091 καὶ
555 2046 650 2101 τῆς
713 2037 897 2100 λοιπῆς
947 2041 1236 2112 χορηγίας.
1289 2039 1355 2092 Ai
1394 2034 1454 2091 δε
1490 2044 1586 2100 τῆς
1626 2034 1865 2101 διανοίας

261 2132 496 2191 κινήσεις
546 2126 783 2204 ἀχρὸνως
841 2127 1185 2201 ἐνεργοῦνται,
1240 2126 1452 2191 ἀκόπως
1489 2126 1863 2196 ἐπιτελοῦνται,

262 2217 708 2293 ἀπραγματεύτως
748 2220 1112 2287 συνίστανται,
1145 2219 1312 2273 πάντα
1347 2220 1529 2291 καιρὸν
1568 2213 1865 2277 ἐπιτήδειον

260 2311 482 2380 ἔχουσι.
523 2311 624 2361 Καί
651 2309 754 2360 πού
774 2327 857 2370 τις
879 2314 980 2359 τῶν
1033 2305 1270 2382 σοϐαρῶν
1294 2310 1386 2359 καὶ
1423 2310 1864 2380 κατοφρυωμένων

262 2398 346 2451 ἐπὶ
385 2401 686 2471 σεμνότητι,
740 2397 963 2470 πλάσμα
1019 2398 1358 2473 σωφροσύνης
1412 2397 1595 2460 ἔξωθεν
1633 2401 1865 2472 περικεί-

259 2506 425 2560 μενος,
470 2486 518 2539 ἐν
556 2490 740 2561 μέσοις
775 2486 1118 2560 καθεζόμενος
1156 2485 1403 2549 πολλάκις
1441 2492 1550 2549 τοῖς
1590 2485 1667 2539 ἐπ’
1708 2486 1860 2561 ἀρετῇ

260 2577 419 2630 αὐτόν
458 2577 867 2649 μακαρίζουσιν,
908 2572 1179 2650 ἀπέδραμε
1229 2583 1292 2648 τῇ
1345 2572 1554 2647 διανοίᾳ
1607 2577 1738 2651 πρὸς
1776 2578 1865 2628 τὸν

257 2674 358 2744 ’τῆς
397 2664 654 2738 ἁμαρτίας
717 2668 872 2717 τόπον
1046 2663 1098 2717 ἐν
1149 2671 1222 2733 τῷ
1281 2662 1464 2736 ἁφανεί
1504 2672 1600 2726 τῆς
1637 2661 1864 2739 καρδίας

261 2757 535 2825 κινήματι.
573 2749 698 2806 Εἶδε
762 2760 825 2825 τῇ
869 2755 1130 2825 φαντασίᾳ
1179 2753 1247 2804 τὰ
1285 2748 1709 2824 σπουδαζόμενα,
1755 2753 1865 2805 ἀνε-

263 2845 545 2895 τυπὼσατό
581 2860 699 2895 τινα
736 2841 942 2915 ὁμιλίαν
981 2841 1075 2893 οὐκ
1115 2840 1365 2917 εὐπρεπῆ,
1404 2845 1494 2893 καὶ
1534 2840 1663 2901 ὅλως
1704 2841 1752 2895 ἐν
1792 2849 1865 2911 τῷ

265 2936 466 3004 κρυφίῳ
503 2939 595 2993 τῆς
631 2927 855 3006 καρδίας
894 2931 1228 3006 ἐργαστηρίῳ
1275 2930 1463 3003 ἐναργῆ
1515 2935 1611 2989 τὴν
1669 2927 1866 2990 ἡδονὴν

264 3022 433 3093 ἐαυτῷ
492 3020 862 3099 ζωγραφήσας,
923 3020 1221 3097 ἀμάρτυρον
1288 3023 1390 3073 ἔσω
1449 3024 1544 3079 τὴν
1606 3020 1865 3095 ἁμαρτίαν

1974 488 2070 542 tus
2098 487 2250 555 est“,
2282 489 2341 543 et
2367 488 2548 546 Israel
2575 505 2792 564 poenas
2823 491 3008 549 dedit.
3048 495 3126 566 (2)
3177 498 3257 551 Ac
3295 499 3361 553 ut
3407 498 3615 570 pestis,

1972 573 2081 631 ubi
2108 590 2299 633 unum
2338 576 2669 649 hominem,
2703 584 2807 638 aut
2820 582 3164 653 jumentum
3185 584 3393 658 attigit,
3419 590 3623 644 conta-

1976 664 2074 735 gio
2108 665 2171 721 in
2208 667 2518 738 proximos
2574 685 2850 743 quosque
2894 687 3133 745 serpere
3183 673 3335 732 solet
3375 691 3388 730 :
3438 676 3525 732 sic
3565 680 3624 734 et

1976 753 2309 826 iniquitatis
2349 758 2609 829 operarii
2656 759 2971 833 proprium
3022 762 3255 818 malum
3300 762 3363 819 in
3409 778 3624 820 omnes

1978 843 2398 902 transfundere
2450 853 2764 921 conantur,
2823 850 3172 925 multosque
3235 853 3348 909 sibi
3405 853 3631 910 similes

1976 932 2106 991 ﬁeri
2143 950 2516 1010 magnopere
2553 938 2822 1011 cupiunt,
2864 943 2930 998 ut
2984 940 3047 998 in
3102 942 3386 999 vitiorum
3446 943 3633 1000 socie-

1978 1028 2095 1082 tate
2132 1024 2447 1083 infamiam
2483 1028 2667 1086 vitent
2698 1047 2712 1097 ;
2753 1032 2935 1104 atque
2959 1030 3109 1088 alter
3137 1031 3307 1089 alteri
3342 1031 3628 1090 morbum

1975 1115 2405 1188 impertientes,
2445 1120 2741 1188 aegrotant
2764 1118 2965 1189 simul,
2998 1120 3301 1194 simulque
3338 1125 3619 1194 pereunt.

1975 1206 2125 1262 Nam
2162 1221 2361 1279 neque
2385 1205 2563 1277 ignis,
2583 1208 2899 1265 materiam
2932 1210 3330 1284 suscipiendae
3358 1210 3624 1267 ﬂammae

1971 1293 2259 1353 idoneam
2288 1298 2523 1367 nactus,
2560 1296 2828 1354 cohiberi
2864 1302 3079 1371 potest,
3122 1299 3451 1372 quominus
3488 1300 3622 1356 uni-

1967 1399 2211 1442 versam
2262 1385 2575 1458 pervadat,
2626 1386 2912 1455 maxime,
2958 1389 3007 1443 si
3043 1388 3372 1446 vehemens
3407 1393 3621 1447 ventus

1968 1474 2284 1533 ﬂammam
2322 1475 2646 1549 pervebat:
2689 1490 2888 1548 neque
2912 1476 3041 1534 ﬁeri
3077 1482 3291 1550 potest,
3316 1481 3382 1535 ut
3408 1493 3619 1551 pecca-

1968 1568 2120 1632 tum,
2160 1565 2331 1638 quod
2378 1580 2572 1622 unum
2627 1564 2894 1639 aliquem
2941 1566 3220 1638 attigerit,
3269 1567 3350 1624 ad
3404 1583 3619 1625 omnes

1968 1654 2201 1712 vicinos
2242 1670 2366 1712 non
2405 1658 2694 1725 transeat,
2746 1656 2798 1712 si
2853 1657 3137 1730 nequitiae
3193 1656 3436 1730 spiritus
3470 1655 3622 1714 illud

1890 1752 1930 1809 Β
1969 1744 2326 1803 accendant.

2041 1862 2096 1917 9.
2128 1860 2206 1932 (3)
2238 1860 2469 1917 Etenim
2499 1874 2804 1934 corporeae
2841 1859 3110 1918 actiones
3148 1864 3207 1919 et
3242 1863 3511 1934 tempore
3538 1861 3628 1917 in-

1971 1950 2198 2022 digent,
2229 1953 2288 2007 et
2306 1949 2775 2023 opportunitate,
2809 1954 2867 2007 et
2893 1949 3125 2022 labore,
3144 1954 3202 2008 et
3225 1949 3623 2022 adjutoribus,

1973 2039 2234 2113 denique
2263 2039 2496 2113 reliquo
2517 2043 2881 2097 commeatu.
2899 2042 2939 2096 E
2958 2039 3216 2104 diverso,
3249 2039 3629 2110 cogitationis

1972 2134 2176 2187 motus
2216 2129 2364 2186 citra
2401 2129 2692 2202 temporis
2733 2145 2969 2186 moram
3021 2128 3195 2198 ﬁunt,
3235 2125 3630 2201 perﬁciuntur

1974 2219 2122 2276 citra
2156 2218 2597 2291 lassitudinem,
2640 2218 2788 2275 citra
2822 2218 3134 2289 negotium
3179 2216 3371 2274 ullum
3425 2214 3626 2272 consi-

1974 2313 2156 2375 stunt,
2216 2308 2506 2364 idoneum
2543 2308 2694 2381 ipsis
2733 2311 2825 2365 est
2871 2312 3108 2380 tempus
3146 2322 3347 2364 omne.
3389 2308 3457 2362 Et
3481 2319 3626 2361 sane

1972 2413 2421 2474 nonnunquam
2468 2398 2770 2455 invenitur
2820 2398 2927 2471 qui
2965 2412 3258 2471 arrogans
3294 2396 3389 2467 sit,
3416 2411 3625 2468 super-

1972 2489 2220 2563 bietque
2247 2489 2317 2545 de
2344 2488 2635 2559 gravitate
2660 2492 2717 2544 et
2746 2488 3038 2554 castitate,
3065 2488 3291 2561 quique
3336 2485 3624 2543 extrinse-

1975 2594 2081 2636 cus
2111 2594 2234 2652 prte
2267 2594 2331 2635 se
2351 2577 2549 2634 ferens
2569 2577 2981 2651 temperantiae
2996 2576 3251 2645 larvam,
3272 2592 3342 2633 ac
3363 2575 3626 2648 plerum-

1974 2684 2093 2742 que
2118 2668 2272 2725 inter
2300 2683 2424 2731 eos,
2446 2668 2553 2740 qui
2581 2668 2784 2740 ipsum
2802 2666 2882 2723 ob
2900 2667 3184 2723 virtutem
3206 2665 3455 2721 beatum
3475 2679 3625 2736 prat-

1974 2758 2200 2826 dicant,
2233 2756 2514 2813 desidens
2558 2756 2816 2822 medius,
2847 2771 2991 2811 mox
3032 2759 3236 2811 tamen
3267 2753 3628 2825 cogitatione

1975 2862 2083 2920 per
2112 2845 2413 2901 occultum
2444 2843 2641 2900 cordis
2668 2848 2903 2900 motum
2924 2842 3003 2901 ad
3032 2843 3264 2915 peccati
3292 2841 3495 2899 locum
3525 2856 3630 2898 ac-

1982 2938 2200 2993 currat.
2220 2935 2395 2991 Videt
2419 2934 2622 2991 animo
2640 2933 2980 3006 concupita,
2997 2930 3472 2989 comminiscitur
3492 2946 3632 2986 con-

1982 3040 2258 3097 gressum
2305 3024 2657 3097 quempiam
2702 3023 3078 3093 indecorum,
3123 3037 3194 3078 ac
3251 3020 3514 3093 denique
3569 3018 3631 3075 in

265 3113 567 3186 εἰργάσατο.
633 3115 704 3166 Τό
760 3115 862 3189 γὰρ
926 3112 1168 3165 πλεῖστον
1228 3118 1324 3174 τῆς
1390 3110 1647 3186 ἁμαρτίας
1714 3112 1761 3165 ἐν
1800 3120 1863 3185 τῇ

1983 3114 2190 3172 abdita
2221 3113 2421 3170 cordis
2454 3112 2716 3180 officina,
2740 3111 2969 3167 claram
2993 3111 3054 3167 in
3080 3110 3277 3182 seipso
3309 3108 3634 3181 voluptatis

263 3203 399 3276 ὁρμῇ
458 3200 752 3277 πληροῦται
811 3209 876 3275 τῇ
940 3202 1075 3254 κατὰ
1128 3201 1377 3275 πρόθεσιν
1423 3220 1438 3234 ·
1476 3197 1619 3254 διότι
1686 3200 1741 3254 αἰ
1777 3204 1868 3275 μὲν

263 3299 356 3346 τοῦ
397 3296 632 3364 σώματος
688 3290 908 3364 πράξεις
956 3291 1059 3344 ὑπὸ
1117 3289 1316 3344 πολλῶν
1380 3285 1416 3342 δ
1421 3292 1772 3361 ιακὸπτονται,
1842 3292 1869 3344 ό

266 3378 327 3435 δὲ
363 3382 497 3434 κατὰ
532 3381 781 3455 πρόθεσιν
838 3378 1147 3453 ἁμαρτάνων
1207 3386 1281 3450 τῷ
1335 3380 1494 3450 τάχει
1530 3387 1631 3430 τῶν
1669 3381 1868 3452 νοημά-

264 3490 365 3524 των
405 3469 924 3545 συναπαρτιζομένην
963 3471 1077 3541 ἔχει
1113 3471 1209 3527 τήν
1248 3467 1531 3542 ἁμαρτίαν.
1568 3466 1655 3531 ’ος
1692 3471 1795 3544 γὰρ
1834 3471 1865 3528 ἡ

267 3563 393 3614 σκιὰ
428 3567 502 3632 τῷ
568 3564 794 3634 σώματι,
860 3559 997 3612 οὕτω
1059 3564 1178 3621 ταῖς
1232 3557 1441 3630 ψυχαῖς
1502 3559 1559 3610 αἱ
1615 3556 1870 3633 ἁμαρτίαι

264 3653 603 3727 παρέπονται,
682 3648 915 3725 ἐναργεῖς
987 3649 1077 3709 τὰς
1148 3647 1362 3723 πράξεις
1437 3645 1866 3710 ἑξεικονίζουσαι.

265 3740 443 3794 Τελεία
479 3740 571 3812 μὲν
609 3735 698 3791 οὖν
753 3742 933 3808 κακία,
990 3741 1049 3790 τὸ
1096 3740 1187 3790 καὶ
1242 3742 1422 3809 γνώμῃ
1479 3741 1570 3790 καὶ
1619 3737 1868 3811 πράξεσιν

268 3828 577 3901 ἁμαρτάνειν
610 3848 624 3861 ο
657 3828 827 3901 ἣμισυ
868 3823 928 3881 δὲ
965 3834 1058 3880 τοῦ
1095 3834 1280 3896 κακοῦ,
1323 3825 1407 3880 ἐπὶ
1444 3834 1539 3889 τῆς
1578 3827 1746 3901 ὁρμῆς
1774 3836 1869 3891 τῆς

268 3920 399 3971 κατὰ
439 3915 676 3971 διάνοιαν
717 3924 906 3975 στῆναι
943 3920 1038 3975 τὴν
1095 3915 1379 3990 ἁμαρτίαν.
1438 3917 1514 3968 Οὐ
1571 3919 1738 3975 πάντη
1781 3914 1869 3969 οὖν

268 4007 592 4081 ἀτιμώρητος
630 4007 657 4058 ὁ
695 4008 832 4059 κατὰ
876 4002 1113 4059 διάνοιαν
1170 4005 1479 4081 ἁμαρτάνων
1523 4026 1534 4038 ·
1578 4004 1687 4056 ἀλλ’
1749 4007 1869 4059 ὅσον

267 4096 480 4151 ἐλλείπει
515 4103 608 4150 τοῦ
644 4102 829 4163 κακοῦ,
887 4102 1137 4149 τοσοῦτον
1176 4095 1317 4165 αύτῷ
1363 4101 1464 4146 τῶν
1502 4099 1670 4147 πόνων
1709 4096 1868 4168 ὑφαι-

265 4189 565 4263 ρεθήσεται.
602 4189 702 4240 Τὸν
769 4189 941 4249 μέντοι
1000 4180 1408 4260 παραδεχθέντα
1465 4183 1537 4244 εἰς
1584 4188 1679 4243 τὴν
1721 4181 1870 4238 ἀδελ-

268 4282 488 4352 φότητα,
551 4274 662 4331 εἶτα
727 4279 822 4335 τὴν
861 4275 1143 4349 ὁμολογίαν
1183 4273 1530 4345 ἀθετήσαντα,
1582 4273 1716 4327 οὕτω
1754 4280 1864 4350 χρὴ

266 4368 511 4439 ὁρᾶσθαι,
551 4368 616 4427 ὡς
680 4365 752 4427 εἰς
817 4368 945 4418 Θεὸν
986 4363 1360 4438 ἐξαμαρτόντα,
1422 4363 1499 4436 ἐφ’
1537 4364 1616 4435 οὗ,
1670 4368 1759 4417 καὶ
1798 4365 1869 4426 εἰς

1981 3204 2244 3278 speciem
2275 3203 2637 3276 depingens,
2666 3202 2829 3257 intus
2857 3206 3177 3274 peccatum
3226 3199 3353 3254 sine
3386 3196 3632 3253 testibus

1977 3297 2300 3368 perpetrat.
2317 3292 2544 3349 Peccati
2574 3291 2735 3348 enim
2756 3290 3026 3346 maxima
3051 3304 3195 3362 pars
3214 3289 3277 3344 in
3306 3285 3631 3343 voluntatis

1978 3383 2346 3457 appetitione
2384 3381 2753 3451 absolvitur;
2801 3384 3087 3454 proptera
3142 3376 3310 3451 quod
3363 3375 3630 3448 corporis

1978 3475 2243 3532 actiones
2273 3490 2310 3530 a
2344 3474 2512 3547 511
2568 3472 2771 3529 multis
2816 3469 3308 3542 interpellentur:
3348 3466 3455 3540 qui
3481 3480 3625 3523 vero

1976 3568 2186 3638 peccat
2203 3562 2533 3626 voluntate,
2563 3561 2763 3618 statim
2794 3559 2968 3617 celeri
2990 3558 3425 3629 cogitationum
3454 3559 3626 3611 motu

1975 3657 2293 3729 peccatum
2323 3653 2599 3727 explevit.
2622 3652 2698 3720 (4)
2734 3653 2802 3707 Ut
2828 3651 2988 3706 enim
3018 3648 3238 3705 umbra
3265 3661 3510 3718 corpus,
3542 3643 3626 3700 sic

1978 3751 2228 3818 peccata
2249 3745 2487 3802 animas
2524 3742 2908 3809 comitantur,
2941 3744 3247 3810 gestorum
3294 3735 3625 3805 imaginem

1981 3835 2207 3891 claram
2238 3832 2652 3906 exprimentia.
2683 3830 2762 3901 (5)
2784 3832 2886 3885 Est
2910 3830 3069 3885 enim
3093 3826 3357 3900 perfecta
3377 3823 3624 3891 malitia,

1981 3938 2119 3978 cum
2146 3921 2284 3994 quis
2316 3925 2371 3977 et
2394 3919 2701 3976 voluntate
2721 3921 3002 3992 peccatet
3026 3914 3198 3972 factis
3223 3933 3235 3971 :
3262 3912 3513 3970 dimidia
3532 3926 3629 3969 ve-

1980 4026 2047 4067 ro
2078 4011 2219 4067 mali
2241 4026 2383 4082 pars
2408 4012 2516 4080 est,
2533 4024 2670 4064 cum
2697 4012 3012 4080 peccatum
3031 4005 3092 4061 in
3115 4002 3300 4061 animi
3320 4003 3629 4076 proposito

1981 4105 2204 4159 manet.
2237 4101 2444 4174 Itaque
2470 4099 2575 4173 qui
2606 4098 2965 4170 cogitatione
2984 4099 3214 4169 peccat,
3236 4109 3361 4151 non
3381 4091 3632 4148 omnino

1978 4206 2373 4249 remansurus
2403 4194 2493 4247 est
2523 4188 2781 4245 inultus:
2833 4186 2939 4243 sed
2987 4189 3284 4259 quantum
3339 4181 3542 4238 deﬁcit
3597 4195 3634 4236 δ,

1980 4281 2164 4350 malo,
2206 4285 2440 4339 tantum
2472 4279 2525 4336 ei
2552 4293 2877 4352 poenarum
2913 4275 3270 4333 remittetur.
3302 4275 3382 4339 (6)
3421 4268 3631 4341 Utique

1979 4370 2199 4428 horum
2237 4369 2678 4443 unusquisque,
2709 4368 2814 4441 qui
2862 4365 3015 4422 inter
3066 4363 3277 4420 fratres
3326 4357 3630 4416 admissus

268 4456 321 4506 ὃν
358 4460 453 4512 τήν
493 4453 769 4525 ὁμολογίαν
807 4460 907 4504 τῶν
948 4455 1218 4511 συνθηκῶν
1257 4455 1517 4507 κατέθετο.
1546 4454 1665 4506 Ἐὰν
1698 4449 1758 4506 δὲ
1796 4455 1866 4517 εἰς

1982 4459 2173 4524 fuerit,
2206 4463 2537 4532 posteaque
2593 4455 3032 4530 professionem
3086 4467 3265 4507 suam
3301 4445 3629 4510 resciderit,

270 4545 397 4595 Θεὸν
454 4543 739 4616 ἁμαρτήσῃ
780 4561 875 4606 τις,
918 4546 1067 4614 φησὶ,
1111 4546 1200 4593 καὶ
1238 4546 1319 4604 τίς
1357 4542 1699 4615 προσεύξεται
1751 4548 1869 4618 περὶ

267 4631 429 4684 αὐτοῦ
471 4648 484 4698 ;
542 4630 600 4684 Ὀ
656 4632 756 4704 γὰρ
816 4630 1020 4703 ᾀναθεὶς
1059 4629 1239 4683 ἑαυτὸν
1282 4639 1353 4702 τῷ
1393 4629 1527 4701 Θεῷ,
1593 4627 1703 4683 εἶτα
1740 4635 1870 4703 πρὸς

273 4719 424 4775 ἄλλον
494 4720 610 4794 βίον
678 4717 1052 4787 ἀποπηδήσας,
1128 4719 1391 4795 ἱερόσυλος
1451 4723 1671 4791 γέγονεν,
1714 4720 1871 4784 αὐτὸς

269 4813 449 4865 ἑαυτὸν
490 4809 799 4881 διακλέψας,
848 4814 938 4863 καὶ
1003 4807 1307 4882 ἀφελόμενος
1345 4813 1404 4863 τό
1445 4816 1536 4861 τοῦ
1576 4815 1710 4862 Θεοῦ
1751 4808 1870 4863 ανά-

271 4904 431 4974 θημα.
476 4901 568 4961 Οἷς
624 4899 834 4972 εὔλογόν
890 4899 1024 4965 ἐστι,
1065 4902 1253 4971 μηκέτι
1295 4900 1454 4974 θύραν
1492 4906 1592 4951 τῶν
1634 4895 1869 4972 ἀδελφῶν

269 4991 589 5064 ἀνοίγεσθαι,
622 4986 763 5063 μηδὲ
794 4990 837 5044 εἰ
866 4992 1003 5043 κατὰ
1031 4988 1190 5061 ψιλὴν
1222 4987 1455 5066 πάροδον
1488 4993 1681 5050 σκέπης
1708 4992 1867 5042 ἕνεκεν

267 5076 661 5152 ἐπιδημήσειεν.
693 5079 752 5132 Ὀ
780 5079 882 5152 γὰρ
930 5077 1282 5140 ἀποπολικὸς
1312 5083 1478 5131 κανὼν
1529 5082 1757 5152 φανερὸς,
1791 5097 1869 5132 κε-

336 5245 355 5277 ⁵
397 5244 571 5300 Num.
612 5255 746 5309 xxv,
779 5243 834 5296 6.
910 5240 931 5275 θ
972 5240 993 5295 Ι
1035 5240 1176 5310 Reg.
1218 5253 1278 5309 ιι,
1310 5242 1401 5295 25.

313 5404 413 5490 ,(1)
433 5406 620 5459 Τόπον.
653 5400 745 5460 Sic
766 5403 1084 5460 contextus
1114 5404 1172 5458 et
1187 5401 1439 5474 uterque
1459 5398 1670 5458 codex.
1693 5399 1865 5470 Editi,

270 5492 447 5532 τυπον.

450 5547 534 5672 Ex
554 5545 721 5602 hom.
754 5547 819 5628 in
837 5546 1002 5629 psal.
1036 5560 1077 5613 ι,
1102 5547 1187 5602 96.

406 5658 423 5687 ,
498 5633 536 5674 ι
554 5616 722 5677 hom.
750 5633 814 5677 in
833 5616 1002 5687 illud,
1029 5616 1187 5675 Atte:

371 5619 423 5688 3)
454 5618 536 5674 Ex
554 5616 722 5677 hom.
750 5617 814 5677 in
833 5615 1002 5690 illud,
1029 5616 1290 5675 Attende
1321 5616 1432 5675 tibi
1457 5615 1595 5687 ipsi,
1630 5617 1715 5673 17.

1980 4549 2228 4622 perinde
2259 4548 2448 4622 aspici
2477 4547 2674 4616 debet,
2705 4550 2770 4603 ut
2810 4544 2916 4619 qui
2943 4544 3007 4600 in
3051 4543 3239 4597 Deum
3268 4534 3624 4611 peccaverit,

1980 4655 2187 4696 coram
2216 4655 2358 4712 quo,
2388 4642 2445 4695 et
2470 4638 2531 4694 in
2556 4653 2680 4710 quo
2701 4638 3018 4709 pactorum
3049 4629 3493 4687 confessionem
3522 4625 3623 4681 de.-

1979 4729 2198 4801 posuit.
2230 4729 2299 4788 Si
2322 4742 2480 4796 vero,
2509 4726 2801 4799 inquit,in
2831 4724 3019 4780 Deum
3045 4721 3175 4793 quis
3200 4715 3555 4789 peccaverit,
3572 4720 3627 4770 et

1979 4820 2112 4890 quis
2137 4818 2334 4874 orabit
2378 4831 2491 4886 pro
2532 4829 2594 4871 eo
2624 4816 2646 4851 ⁶
2677 4815 2705 4868 ?
2749 4812 2863 4879 Qui
2912 4811 3075 4869 enim
3113 4808 3380 4882 seipsum
3410 4802 3631 4861 dicavit

1983 4910 2124 4975 Deo,
2154 4910 2212 4963 et
2230 4904 2449 4962 deinde
2478 4903 2558 4960 ad
2579 4901 2743 4959 aliud
2776 4900 2906 4957 vitae
2933 4914 3125 4970 genus
3149 4895 3403 4963 transiit,
3435 4893 3630 4951 factus

1980 5001 2074 5054 est
2101 4995 2451 5066 sacrilegus,
2479 5008 2619 5049 cum
2648 4990 2779 5064 ipse
2810 4988 2905 5046 sui
2948 4987 3140 5062 ipsius
3169 4987 3265 5043 fur
3291 4983 3491 5054 fuerit,
3525 4982 3630 5038 do-

1981 5086 2344 5158 nariumque
2383 5083 2502 5141 Deo
2541 5083 2961 5140 consecratum
3014 5076 3341 5136 abstulerit.
3400 5071 3634 5139 Quibus

2053 5415 2132 5487 (4)
2163 5414 2247 5487 ξπ
2274 5410 2439 5466 hom.
2480 5410 2543 5463 in
2565 5406 2807 5487 diuites,
2838 5406 2929 5487 53,

2157 5485 2245 5559 Ex
2274 5479 2694 5559 9011119911}..th
2721 5477 2840 5559 Isa.
2874 5476 3005 5559 4559:

2052 5548 2132 5629 (6)
2156 5556 2238 5612 Ex
2262 5552 2508 5625 Regalis
2529 5551 2727 5621 fusius
2755 5548 3050 5615 tractatis,
3079 5548 3206 5600 355.
