4084 6422
604 281 735 338 1211

1560 269 1924 324 ΑΡΡΕΝΒΙΧ.
1946 295 2011 305 --
2043 255 2395 319 SYMEONIS
2427 255 2990 314 METAPHRASTE.

3834 253 3953 310 1212

603 418 848 477 (equum
905 405 994 458 est
1041 414 1164 456 non
1219 396 1480 469 amplius
1518 394 1674 450 fores
1713 393 1965 449 fratrum
2003 385 2241 477 aperiri,

2365 382 2492 434 λεύει
2519 383 2596 452 (4)
2620 382 2754 452 ἡμᾶς
2795 379 3098 432 στέλλεσθαι
3128 377 3229 431 ἀπό
3261 381 3442 436 παντὸς
3471 375 3738 446 ἀτάκτου,
3766 381 3854 427 καὶ
3888 384 3949 448 μὴ

602 476 688 551 ne,
716 492 767 549 si
804 492 866 548 in
903 488 1072 546 brevi
1127 487 1376 559 quidem
1435 484 1686 540 transitu
1748 480 1827 539 ad
1867 476 2244 553 poscendum

601 586 827 642 tectum
865 578 1236 636 accederent.
1279 573 1604 646 Perspicua
1641 576 1730 627 est
1779 569 1941 626 enim
1979 565 2250 638 Apostoli

600 671 830 742 regula,
860 684 986 741 qua
1008 665 1295 738 jubemur
1317 662 1656 718 subducere
1677 676 1787 717 nos
1803 658 1883 715 ab
1900 657 2068 714 omni
2091 657 2251 713 inor-

602 761 834 828 dinata,
890 771 1088 829 neque
1151 751 1528 812 commisceri
1585 766 1723 806 cum
1789 748 1911 809 illo,
1981 755 2044 804 ut
2110 761 2249 804 con-

601 849 908 907 fundatur.

678 968 761 1022 to.
791 964 865 1036 (1)
897 963 988 1019 Sic
1017 961 1178 1016 enim
1216 975 1252 1015 a
1291 957 1584 1030 principio
1623 956 1856 1027 absque
1895 955 2082 1028 spinis
2111 970 2249 1010 rosa

603 1052 1004 1117 nascebatur;
1044 1053 1254 1122 postea
1292 1061 1433 1102 vero
1473 1045 1638 1100 floris
1677 1043 2108 1116 pulchritudini
2141 1041 2252 1098 fuit

604 1142 779 1215 spina
815 1140 1120 1210 adjuncta,
1158 1142 1222 1192 ut
1259 1135 1527 1191 fruendae
1566 1133 1855 1206 voluptati
1891 1133 2042 1190 foret
2078 1131 2253 1188 dolor

603 1229 942 1300 contiguus,
999 1227 1151 1283 dum
1215 1224 1676 1281 recordaremur
1738 1222 2009 1294 peccati,
2072 1222 2250 1294 cujus

603 1333 794 1375 causa
829 1316 909 1372 ad
945 1315 1062 1372 hoc
1100 1314 1394 1370 damnata
1432 1318 1589 1367 terra
1629 1316 1737 1379 est,
1777 1315 1842 1367 ut
1897 1309 2074 1366 nobis
2135 1310 2251 1382 spi-

603 1423 715 1464 nas
750 1406 1042 1479 proferret
1101 1409 1282 1476 atque
1347 1401 1615 1457 tribulos.
1688 1399 1803 1455 Sed
1863 1399 2248 1456 aifectionum

603 1496 975 1568 depravatio,
1007 1507 1116 1566 per
1151 1490 1595 1562 ignorationem
1631 1489 1752 1557 Dei,
1781 1488 2124 1560 improbam
2154 1505 2252 1544 co-

604 1585 935 1655 gnitionem
1008 1580 1244 1640 insevit.
1305 1582 1386 1651 (2)
1455 1578 1763 1651 Siquidem
1830 1593 2092 1648 magnus
2155 1577 2252 1635 ille

604 1673 826 1731 athleta
863 1672 973 1730 Job
1011 1669 1369 1727 tentationes
1406 1668 1603 1726 omnis
1633 1667 1867 1738 generis
1906 1683 2250 1740 perpessus,

2362 472 2850 544 συναναμίγνυσθαι
2871 470 3032 541 αὐτῷ,
3057 469 3140 520 ἱνα
3163 465 3416 541 ἐντραπῇ.

2435 967 2518 1018 10.
2563 963 2714 1013 Οὕτω
2753 964 2852 1035 γὰρ
2895 967 2983 1010 καὶ
3025 964 3080 1010 τό
3118 955 3275 1033 ῥόδον
3315 959 3433 1009 ἄνευ
3473 955 3723 1016 ἀκάνθης
3765 953 3822 1012 ἦν
3859 963 3931 1012 τήν

2361 1053 2535 1126 ἀρχὴν
2582 1049 2897 1123 βλαστηθὲν,
2956 1050 3080 1122 ὑπὲρ
3135 1044 3193 1100 δὲ
3238 1055 3309 1116 τῷ
3357 1045 3531 1097 κάλλει
3583 1041 3682 1097 to;
3724 1046 3941 1104 ἀνθονςὲ

2359 1143 2561 1193 ἄκανθα
2587 1140 2951 1214 παρεζεύχθη,
3003 1140 3084 1190 ῐνα
3135 1145 3207 1188 τῶ
3255 1143 3452 1209 τερπνῷ
3491 1143 3593 1196 τῆς
3640 1131 3943 1192 ἀπολαύοι-,ις

2361 1229 2571 1302 ἐγγύθεν
2602 1232 2803 1300 ἔχωμεν
2855 1230 3248 1302 παραχειμένην
3295 1230 3388 1282 τὴν
3427 1223 3623 1292 λύπην,
3660 1227 3943 1295 μεμνημὲδω

2361 1328 2450 1379 τῆς
2476 1319 2756 1392 ἁμαρτίας,
2794 1313 2866 1368 δι’
2910 1316 2969 1374 ἣν
3010 1315 3232 1374 ἀκάνθας
3263 1319 3351 1366 καὶ
3381 1311 3660 1386 τριϐόλους
3700 1314 3827 1384 ἡμῖν
3851 1331 3875 1368 η
3895 1319 3943 1379 γῆ

2360 1408 2644 1461 ἀνατέλλειν
2670 1403 3056 1462 κατεδικάσθη.
3090 1403 3227 1458 Ἀλλ’
3255 1406 3282 1462 ἡ
3317 1411 3414 1456 τῶν
3447 1401 3636 1454 παθῶν
3669 1406 3846 1464 κακία,
3877 1397 3944 1452 διὰ

2360 1506 2448 1559 τῆς
2487 1503 2603 1571 περὶ
2645 1506 2778 1549 Θεον
2815 1493 3094 1566 ἀγνωσίας,
3149 1491 3403 1566 ἀδόκιμον
3443 1501 3650 1564 γνῶσιν
3692 1489 3944 1546 ἐντίθησιν.

2359 1586 2418 1640 Ὀ
2457 1589 2546 1659 μὲν
2583 1605 2685 1659 γαρ
2724 1589 2886 1658 μέγας
2919 1583 3151 1645 ἀθλητὴς
3194 1581 3328 1653 Ἰὼϐ,
3371 1586 3660 1642 παντοίους
3699 1579 3945 1651 ὑπομείνας

2361 1680 2706 1749 πειρασμοὺς,
2739 1675 2829 1726 οὐκ
2868 1675 3041 1744 ἠγνόει
3081 1674 3264 1724 ὁπόθεν
3296 1671 3437 1740 αὐτῷ
3465 1670 3616 1722 τουτ’
3647 1669 3855 1739 ἐγένετο.
3879 1673 3946 1719 Διό

603 1777 728 1819 non
765 1760 1084 1832 ignorabat
1116 1758 1422 1814 undenam
1461 1757 1576 1812 hoc
1617 1755 1734 1812 sibi
1770 1755 2054 1812 eveniret.
2095 1757 2253 1822 Qua-

2365 1765 2499 1837 ἔλεγε
2522 1786 2534 1798 ·
2572 1764 2691 1822 Bch:
2724 1769 2823 1837 γὰρ
2865 1767 3057 1832 Κυρίου
3090 1761 3136 1812 ἐν
3164 1769 3235 1830 τῷ
3277 1764 3480 1831 σώματί
3513 1761 3620 1830 μου
3662 1757 3819 1824 ἐστιν,
3850 1757 3945 1806 ὧνο

604 1856 849 1925 propter
875 1849 1141 1906 dicebat.
1180 1849 1432 1918 Sagittae
1461 1847 1615 1904 enim
1652 1847 1890 1903 Domini
1917 1848 1980 1903 in
2010 1861 2254 1916 corpore

604 1957 731 1998 meo
759 1947 923 2009 sunt,
953 1954 1211 2011 quarum
1241 1939 1337 1994 ira
1373 1953 1566 1993 meum
1603 1936 1782 1994 ebibit
1818 1938 2171 2008 sanguinem
2198 1938 2245 1990 ⁷.

606 2029 796 2087 David
836 2045 979 2085 vero
1025 2044 1163 2084 cum
1207 2026 1413 2083 anima
1458 2025 1590 2098 ipsa
1632 2030 1971 2096 aegrotaret,
2017 2041 2082 2081 se
2125 2026 2254 2098 ipse

604 2119 1006 2176 ulciscebatur
1035 2122 1217 2190 atque
1257 2114 1587 2186 afﬂigebat,
1630 2131 1816 2187 seque
1849 2115 2016 2172 omni
2044 2131 2255 2188 paena-

603 2221 740 2266 rum
766 2205 970 2278 generi
995 2204 1354 2277 subjiciebat
1373 2205 1434 2259 in
1464 2203 1645 2258 variis
1669 2201 1994 2260 conﬁtendi
2024 2203 2248 2259 modis.

583 2296 900 2364 .Quoniam
923 2297 1080 2353 enim
1108 2295 1346 2363 sagittae
1368 2300 1485 2348 tum
1532 2293 1735 2361 inﬁxa:
1771 2298 1913 2347 sunt
1956 2293 2124 2355 mihi,
2172 2292 2256 2348 in-

605 2384 755 2456 quit,
787 2390 844 2441 et
872 2383 1238 2453 conﬁrmasti
1267 2397 1447 2452 super
1475 2396 1565 2437 me
1593 2395 1838 2437 manum
1893 2387 2078 2436 tuam.
2122 2381 2256 2436 Non

608 2480 692 2532 est
717 2473 946 2530 sanitas
993 2473 1056 2527 in
1105 2486 1288 2527 carne
1325 2485 1456 2528 mea
1507 2487 1541 2523 a
1574 2469 1738 2538 facie
1791 2469 1898 2524 irae
1935 2474 2072 2525 tuae.
2124 2469 2258 2526 Non

607 2567 692 2620 est
712 2576 842 2632 pax
880 2561 1106 2616 ossibus
1159 2561 1300 2615 meis
1367 2576 1403 2617 α
1449 2560 1614 2628 facie
1659 2564 2042 2628 peccatorum
2101 2573 2258 2614 meo-

606 2666 743 2706 rum
773 2650 816 2705 δ.
848 2651 1028 2706 Porro
1068 2647 1301 2718 sagittae
1341 2647 1437 2704 hic
1476 2651 1828 2704 memoratae
1866 2646 2015 2703 mihi
2052 2646 2258 2703 viden-

605 2745 703 2796 tur
760 2754 894 2795 esse
951 2736 1316 2810 spirituales,
1375 2736 1499 2792 imo
1537 2751 1680 2792 vero
1735 2736 1868 2808 ipsa
1906 2735 2008 2792 Dei
2047 2736 2253 2800 verba,

603 2845 740 2903 qua:
779 2828 1134 2902 pungebant
1169 2843 1242 2883 ac
1297 2826 1695 2884 vulnerabant
1729 2826 1925 2899 ipsius
1963 2827 2256 2895 animam,

603 2924 660 2978 et
715 2919 792 2976 de
857 2919 1226 2976 conscientia
1283 2919 1420 2991 ipsa
1483 2917 1807 2974 sumebant
1869 2917 2254 2990 supplicium,

605 3024 863 3082 eamque
901 3007 1300 3078 castigabant.
1359 3007 1455 3062 Vir
1505 3008 1668 3064 enim
1720 3007 1817 3062 hic
1870 3012 2070 3063 tantus
2116 3022 2256 3063 cum

2366 1857 2528 1926 θυμός
2555 1852 2748 1906 ἐκπίνει
2785 1871 2886 1923 μου
2925 1856 2983 1902 τό
3028 1851 3181 1921 αἷμα.
3225 1851 3284 1900 ’0
3317 1844 3376 1900 δε
3407 1845 3582 1900 Δαϐὶδ
3637 1842 3816 1902 ἐπειδὴ
3849 1850 3944 1916 περὶ

2365 1949 2457 2002 τὴν
2487 1943 2673 2014 ψυχὴν
2699 1941 2860 1998 αὐτὴν
2893 1942 3200 2003 ἐνενοσήκει,
3229 1938 3386 1997 αὐτὸς
3425 1937 3611 1988 ἑαυτὸν
3652 1935 3941 2006 ἐτιμωρεῖτο,

2363 2036 2631 2093 παντοίαις
2659 2029 2958 2082 ὑποϐάλλων
2997 2027 3274 2080 κολάσεσιν
3301 2025 3349 2078 ἐν
3379 2032 3491 2087 τοῖς
3519 2034 3624 2086 τῆς
3656 2023 3942 2094 ἐξομολογή-

2367 2141 2498 2183 σεως
2534 2125 2767 2195 τρόποις.
2793 2118 2915 2171 Ὀτι
2943 2119 3044 2192 γὰρ
3076 2120 3143 2169 τὰ
3185 2115 3312 2188 βελη
3364 2135 3459 2168 σου
3509 2113 3831 2185 ἐνεποὲγησάν
3849 2129 3939 2182 μοι,

2366 2215 2520 2282 φησι,
2549 2216 2638 2262 καὶ
2667 2207 3004 2282 ἐπεστήριξας
3031 2206 3110 2259 ἐπ’
3141 2205 3228 2278 ἐμὲ
3253 2210 3348 2264 τὴν
3367 2207 3532 2278 χεῖρά
3553 2223 3674 2257 σου.
3695 2201 3800 2254 Οὐκ
3826 2203 3941 2252 ἔστιν

2367 2302 2509 2360 ἰασις
2539 2299 2588 2351 ἐν
2617 2307 2675 2370 τῇ
2712 2303 2871 2371 σαρκί
2902 2317 3002 2367 μου
3043 2295 3144 2348 ἀπό
3175 2299 3459 2370 προσώπου
3501 2301 3605 2354 τῆς
3649 2292 3804 2366 ὀργῆς
3833 2307 3931 2340 σον.

2369 2388 2481 2440 Οὐκ
2509 2390 2648 2440 ἔστιν
2685 2387 2859 2460 εἰρήνη
2894 2386 2942 2437 ἐν
2992 2393 3101 2445 τοῖς
3145 2385 3346 2444 ὀστέοις
3393 2402 3493 2455 μου
3555 2381 3661 2434 ἀπό
3691 2384 3937 2452 προσώπου

2367 2485 2466 2529 τῶν
2495 2476 2762 2548 ἁμαρτιῶν
2790 2495 2910 2546 μου.
2944 2480 3043 2527 Καί
3073 2493 3162 2546 μοι
3202 2469 3438 2525 δοκεῖτὰ
3463 2471 3698 2524 ἐνταῦθα
3724 2469 3931 2540 λεγόμενα

2369 2563 2496 2636 βέλη
2519 2565 2705 2636 λογικὰ
2732 2561 2858 2616 εἶναι
2893 2584 2904 2596 ·
2937 2562 3127 2635 μᾶλλον
3160 2559 3218 2616 δὲ
3240 2561 3429 2622 αὐτοὺς
3457 2565 3586 2623 τοὺς
3613 2568 3707 2612 τοῦ
3730 2563 3838 2612 Θεοῦ
3854 2555 3925 2605 λο-

2365 2674 2504 2725 γους,
2527 2657 2799 2714 νύττοντας
2826 2658 2915 2704 καὶ
2940 2658 3325 2727 τιτρώσκοντας
3356 2653 3516 2703 αὑτοῦ
3546 2654 3646 2708 τὴν
3665 2649 3838 2720 ψυχὴν,
3854 2646 3921 2694 καὶ

2367 2747 2459 2801 τὴν
2492 2740 2797 2801 συνείδησιν
2839 2741 2998 2794 αὐτοῦ
3027 2745 3446 2814 τιμωρουμένους
3488 2745 3587 2792 καὶ
3636 2737 3927 2798 κολάζοντας.

2366 2833 2508 2886 Ἐπεὶ
2536 2840 2781 2892 τοσοῦτος
2809 2829 2868 2904 ᾖν
2900 2832 2979 2901 (5)
3005 2836 3036 2883 ό’
3070 2829 3221 2904 ἀνὴρ,
3251 2835 3340 2882 καὶ
3369 2830 3640 2882 τοσούτων
3667 2825 3932 2895 τετυχηκὼς

2364 2923 2465 2974 ὑπὸ
2494 2930 2585 2974 τοῦ
2613 2930 2766 2991 Θεοῦ,
2803 2922 3010 2993 αἰσχρᾷ
3036 2919 3220 2993 πράξει
3247 2919 3426 2970 ἑαυτὸν
3453 2915 3723 2981 ἐξέδωκεν.
3755 2906 3927 2966 Ἐπειδὴ

2364 3014 2465 3084 γὰρ
2495 3011 2756 3084 ἄφρακτος
2785 3011 3026 3083 εὑρεθεὶς,
3056 3009 3149 3061 οὐκ
3181 3007 3406 3079 ἀντέσχε
3436 3011 3568 3082 πρὸς
3599 3009 3667 3058 τὰ
3691 3023 3776 3056 του
3804 3017 3931 3054 πονη-

605 3102 785 3164 esset,
811 3101 1015 3170 totque
1057 3113 1095 3154 a
1143 3099 1262 3152 Deo
1309 3096 1478 3153 bona
1513 3100 1893 3164 consecutus,
1933 3102 2138 3152 tamen
2167 3096 2254 3153 fa-

2365 3107 2458 3175 ροῦ
2502 3103 2849 3172 πεπυρωμένα
2897 3097 3048 3170 βέλη,
3095 3099 3306 3158 εἰκότως
3354 3100 3449 3154 τὴν
3492 3096 3685 3167 ψυχὴν
3735 3090 3931 3163 τρωθεὶς,

605 3192 768 3243 ctum
806 3190 977 3257 turpe
1016 3185 1292 3258 patravit.
1336 3185 1634 3252 Quoniam
1681 3185 1842 3240 enim
1893 3185 2138 3241 inermis
2163 3185 2252 3241 in-

605 3279 818 3332 ventus
874 3274 1082 3337 David,
1121 3273 1324 3345 ignitis
1378 3273 1628 3345 maligni
1684 3274 1814 3330 telis
1855 3289 1978 3330 non
2015 3275 2257 3331 resiste-

605 3363 730 3432 bat,
789 3366 924 3436 jure
984 3364 1046 3420 in
1114 3365 1323 3420 anima
1378 3366 1701 3434 sauciatus,
1765 3363 2260 3436 concupiscentia

607 3456 919 3525 correptus
948 3456 1054 3509 est.
1089 3451 1617 3518 Quemadmodum
1647 3456 1845 3508 autem
1881 3452 1991 3508 Job
2030 3452 2258 3509 diaboli

607 3541 1163 3611 sagittas,immissa
1185 3540 1460 3598 videlicet
1489 3541 1723 3612 corpori
1745 3558 1854 3596 suo
1875 3540 2260 3614 ulcera,quia

607 3628 911 3701 permissu
941 3629 1038 3686 Dei
1065 3629 1431 3692 acciderant,
1453 3634 1701 3699 sagittas
1731 3630 1964 3686 Domini
1994 3634 2255 3700 vocavit,

605 3717 812 3775 dicens
849 3735 862 3772 :
905 3719 1065 3774 Nam
1117 3720 1346 3789 sagitta
1397 3719 1640 3775 Domini
1695 3722 1758 3775 in
1799 3735 2046 3789 corpore
2108 3734 2254 3786 meo,

605 3822 863 3880 quarum
888 3809 1072 3878 furor
1100 3809 1281 3864 ebibit
1310 3823 1504 3864 meum
1554 3810 1944 3880 sanguinem;
1971 3809 2055 3865 ita
2105 3808 2258 3864 veri-

604 3895 796 3953 simile
825 3901 915 3953 est
936 3897 1074 3953 ideo
1101 3897 1390 3954 Davidem
1407 3897 1504 3952 hic
1535 3898 1783 3968 sagittas
1809 3898 2043 3955 Domini
2066 3898 2258 3954 nomi-

604 4001 805 4056 nasse,
828 3985 974 4058 quia
993 4001 1066 4042 ex
1087 3986 1324 4042 Domini
1354 4002 1646 4042 concessu
1670 3987 1952 4043 inimicus
1976 4002 2118 4042 eum
2153 4002 2258 4060 op-

605 4073 939 4148 pugnabat,
970 4079 1037 4130 ut
1062 4074 1354 4130 edisceret
1382 4091 1506 4131 non
1531 4075 1730 4132 dicere
1755 4092 1768 4132 :
1790 4076 1930 4132 Non
1984 4075 2258 4132 movebar

605 4163 669 4217 in
698 4164 1052 4218 aeternum".
1100 4163 1253 4228 Quia
1300 4163 1464 4220 enim
1523 4165 1625 4220 Dei
1677 4164 1870 4234 gratia
1912 4164 2256 4232 roboratus,

605 4265 832 4322 magna
853 4250 1182 4323 aliquando
1206 4250 1280 4307 de
1311 4267 1373 4308 se
1403 4258 1691 4322 senserat,
1712 4253 1796 4309 ita
1815 4257 1880 4310 ut
1907 4258 2260 4322 arroganter

605 4339 863 4398 diceret:
893 4342 1015 4410 Ego
1032 4346 1230 4398 autem
1251 4341 1386 4398 dixi
1403 4342 1467 4398 in
1492 4342 1873 4398 abundantia
1904 4343 1954 4415 5
1969 4344 2010 4412 1
2025 4343 2077 4412 2
2105 4357 2258 4398 mea:

2367 3189 2498 3243 ἑάλω
2631 3189 2901 3260 ἐπιθυμίᾳ.
2931 3188 3131 3261 Ὠσπερ
3164 3184 3221 3240 δε
3252 3191 3316 3240 τὰ
3339 3193 3428 3238 τοῦ
3461 3183 3716 3238 διαϐόλου
3738 3178 3934 3254 βέλη,τά

2366 3278 2485 3337 ἕλκη
2515 3282 2580 3331 τὰ
2605 3279 2899 3331 ἐπιτεθέντα
2928 3285 2998 3348 τῷ
3026 3276 3140 3331 Ἰὼϐ
3165 3279 3301 3329 κατὰ
3342 3283 3434 3328 τοῦ
3482 3282 3748 3348 σώματος,
3784 3261 3930 3322 ἐπειδὴ

2368 3371 2503 3420 κατὰ
2528 3374 2879 3441 συγχώρησιν
2908 3367 3100 3438 ἐγένετο
3131 3374 3222 3419 τοῦ
3267 3373 3423 3434 Θεοῦ,
3463 3363 3593 3437 βέλη
3631 3365 3815 3435 Κυρίου
3841 3356 3932 3407 ὠνο-

2368 3476 2552 3528 μασεν,
2585 3457 2758 3524 εἰπὼν,
2793 3456 2915 3514 Beia
2935 3459 3036 3531 γὰρ
3064 3460 3258 3528 Κυρίου
3287 3454 3334 3506 ἐν
3356 3475 3428 3525 τῳ
3453 3457 3663 3527 σώματί
3687 3451 3782 3523 μου
3801 3446 3931 3499 ἐστιν.

2368 3546 2436 3597 ὧν
2465 3548 2490 3597 ό
2521 3548 2676 3619 θυμός
2706 3546 2875 3597 αὐτῶν
2917 3544 3113 3598 ἐκπίνει
3169 3564 3268 3616 μου
3322 3547 3381 3596 τὸ
3423 3544 3560 3615 αἷμα
3593 3563 3605 3575 ·
3647 3541 3802 3597 οὕτως
3828 3533 3933 3587 εἰκὸς

2367 3639 2572 3688 καὶτὸν
2615 3632 2782 3688 Δαϐίὸ
2834 3633 3058 3688 ἐνταυθα
3109 3633 3234 3705 βέλη
3290 3637 3484 3707 Κυρίου
3535 3632 3806 3704 εἰρηκέναι,
3848 3624 3930 3673 ἐπει

2367 3727 2503 3777 κατὰ
2533 3731 2884 3798 συγχώρησιν
2923 3730 3015 3776 τοῦ
3058 3728 3253 3796 κυρίου
3291 3722 3777 3796 κατεστρατεύσατο
3803 3710 3929 3764 αὐτοῦ

2367 3814 2394 3866 ό
2434 3812 2736 3879 ἀντίπαλος,
2780 3815 2864 3865 ἱνα
2914 3813 3058 3885 μάθῃ
3126 3817 3198 3885 μή
3239 3810 3403 3882 λέγειν
3438 3831 3451 3843 ·
3505 3809 3582 3862 Οὐ
3622 3811 3695 3881 μὴ
3737 3798 3932 3885 σαλευθῶ

2367 3902 2434 3964 εἰς
2472 3906 2559 3954 τόν
2599 3902 2780 3956 αἰῶνα.
2833 3882 3046 3960 Ἐπειδὴ
3087 3882 3189 3973 γὰρ
3230 3907 3292 3972 τῇ
3336 3900 3525 3973 χάριτι
3565 3904 3658 3951 τοῦ
3697 3898 3818 3947 Θεοῦ
3852 3882 3927 3938 δν·

2365 3995 2700 4064 ναμούμενος,
2741 3995 2878 4064 μέγα
2915 3990 2992 4062 ἐφ’
3032 3990 3195 4060 ἑαυτῷ
3234 3989 3484 4063 ἑφρόνησέ
3520 4005 3666 4054 ποτε,
3701 3986 3767 4044 ὡς
3799 3977 3929 4030 ἁπαν·

2369 4077 2736 4134 θαδιάσασθαι
2775 4086 2865 4133 καὶ
2905 4081 3081 4150 εἰπεῖν,
3126 4079 3256 4150 Ἐγὼ
3297 4075 3357 4130 δὲ
3397 4075 3517 4130 εἶπα
3557 4077 3605 4129 ἐν
3654 4081 3713 4146 τῇ
3755 4065 3928 4129 εὐθηνίὲ

2367 4190 2468 4244 μου
2502 4191 2515 4204 ·
2560 4175 2634 4222 Οὐ
2674 4175 2745 4242 μὴ
2791 4169 3024 4222 σαλευθώ
3066 4169 3132 4229 εἰς
3169 4171 3256 4220 τόν
3295 4167 3460 4220 αἰῶνα
3501 4187 3514 4199 ·
3583 4166 3765 4217 τούτου
3799 4155 3927 4248 χάρξν

2369 4261 2574 4319 εἰκότως
2612 4255 2880 4331 παρεδόθη
2922 4265 2995 4328 τῷ
3051 4257 3375 4332 πειράζοντι,
3417 4255 3470 4317 ὃς
3525 4263 3620 4315 τῆς
3655 4251 3828 4323 ψυχῆς
3858 4260 3926 4291 αν·

2369 4355 2459 4401 τοῦ
2497 4348 2886 4420 καθαψάμενος,
2938 4348 3188 4420 μειζόνως
3244 4345 3399 4399 αὑτὸν
3456 4346 3486 4403 ἢ
3537 4348 3625 4398 τόν
3677 4335 3788 4394 Ἰὼϐ
3835 4330 3923 4388 5:“

604 4430 740 4487 Non
766 4430 1046 4487 movebar
1075 4431 1137 4486 in
1174 4436 1468 4488 aternum
1504 4432 1549 4467 ³ο
1579 4450 1592 4487 :
1626 4430 1764 4488 ideo
1789 4431 1923 4503 jure
1980 4431 2254 4488 tentatori

2367 4441 2470 4510 μὶω
2479 4455 2582 4492 σευ.

605 4518 858 4576 traditus
888 4523 999 4582 est,
1032 4519 1136 4592 qui
1166 4519 1436 4576 animam
1489 4520 1620 4591 ejus
1663 4519 1933 4591 adortus,
1979 4521 2178 4592 majus
2204 4520 2257 4576 ei

604 4621 793 4679 quam
821 4607 974 4664 Jobo
1003 4607 1300 4664 damnum
1324 4607 1543 4664 intulit.

677 4725 766 4778 it.
796 4722 871 4794 (3)
895 4726 1017 4794 Ego
1045 4727 1248 4780 autem
1269 4724 1384 4780 tria
1419 4724 1552 4779 haec
1573 4722 1749 4780 video
1780 4725 1967 4780 animi
1997 4724 2257 4781 affectio-

606 4813 702 4869 nis
729 4813 1084 4869 discrimina
1108 4813 1172 4869 in
1199 4813 1529 4870 inviolabili
1563 4813 1794 4870 Christo
1822 4814 2256 4872 obediendine-

607 4901 899 4969 cessitate,
927 4917 1258 4967 servorum,
1284 4903 2120 4974 mercenariorum,ﬁliorum.
2147 4909 2259 4961 Aut

609 4990 770 5045 enim
796 4990 1242 5062 suppliciimetu
1259 5007 1296 5048 a
1324 4991 1483 5050 malo
1503 4993 1903 5057 declinamus,
1918 5008 2257 5050 versamur-

607 5093 727 5150 que
742 5078 806 5134 in
829 5077 1048 5136 affectu
1071 5080 1267 5138 servili
1292 5098 1304 5147 ;
1329 5086 1435 5139 aut
1454 5083 1752 5140 mercedis
1774 5081 1942 5141 lucra
1956 5082 2258 5156 requiren-

679 5249 697 5282 ⁷
721 5247 836 5308 Job
862 5265 940 5320 vx,
970 5252 1027 5308 4.
1088 5250 1108 5285 ⁸
1140 5251 1290 5307 Psal.
1325 5267 1546 5318 xxxvn,
1587 5253 1698 5310 3-4.
1761 5256 1781 5289 9
1808 5251 1961 5311 Psal.
1997 5269 2158 5324 XXIX,
2189 5258 2247 5307 7.

680 5419 757 5490 (1)
788 5421 870 5474 Ex
899 5418 1065 5474 hom.
1098 5435 1133 5471 v
1161 5422 1222 5474 in
1254 5419 1610 5489 Hexaemer,
1633 5425 1720 5476 45.

684 5489 760 5560 (2)
799 5491 881 5544 Ex
910 5489 1075 5545 hom.
1109 5493 1172 5544 in
1201 5491 1358 5557 psal.
1391 5506 1600 5560 xxxv",
1633 5495 1756 5547 364.

682 5555 760 5627 (3)
790 5562 870 5616 Ex
894 5561 1138 5628 Regalis
1163 5555 1361 5628 fusius
1391 5555 1686 5624 tractatis,
1721 5567 1840 5618 329.

2443 4735 2526 4786 Η.
2570 4730 2702 4801 Ἐγὼ
2744 4727 2803 4783 6":
2841 4736 2972 4804 τρεῖς
3010 4733 3209 4790 ταύτας
3249 4725 3508 4802 διαφορὰς
3547 4735 3644 4788 τῆς
3681 4717 3915 4808 διαθέσεως

2367 4825 2498 4895 πρὸς
2569 4823 2660 4877 τήν
2722 4817 3081 4892 ἀπαραίτητον
3149 4817 3382 4890 ἀνάγκην
3433 4825 3524 4877 τῆς
3585 4815 3805 4867 ὑπακοῆς
3846 4813 3913 4848 τον

2368 4915 2606 4982 Χριστοῦ
2670 4909 2898 4981 καθορῶ,
2977 4903 3239 4970 δουλείαν,
3315 4907 3652 4979 μισθαρνίαν,
3724 4898 3906 4982 uictui“.-

2368 4997 2435 5050 Ἦ
2498 5000 2599 5070 γὰρ
2668 4995 2973 5068 φοϐούμενοι
3047 4997 3140 5055 τὰς
3215 4995 3454 5055 κολάσεις
3519 4991 3794 5058 ἑκκλίνομεν
3833 4985 3898 5025 ’πθ

2369 5094 2459 5140 τοῦ
2500 5092 2686 5154 κακοῦ,
2729 5091 2818 5138 καὶ
2857 5085 3009 5157 ἐσμεν
3049 5085 3097 5138 ἐν
3146 5093 3208 5142 τῆ
3269 5080 3505 5137 διαθέσει
3567 5091 3627 5140 τῆ
3690 5069 3896 5130 δουλικῆ⁶

2371 5256 2417 5290 ¹⁰
2456 5254 2601 5311 ibid.

2437 5424 2516 5493 (4)
2547 5429 2783 5497 Φᾳνερος,
2808 5422 3018 5476 κελεύει.
3055 5426 3240 5488 Forte,
3277 5440 3497 5497 φανεροῖς
3518 5421 3717 5480 κελευει,
3741 5403 3820 5463 vel
3844 5414 3913 5470 φφ

2368 5499 2526 5568 νερὸς,
2550 5495 2788 5568 κελεύοξν.
2819 5498 2967 5550 EDIT.

2441 5571 2518 5637 (5)
2549 5566 2666 5622 Ἦν.
2700 5567 2868 5624 Forte
2893 5572 2978 5622 ὧν.
3006 5569 3101 5622 Eu.
