4084 6380
191 292 346 347 1213

1410 283 1640 341 SERIO
1675 285 1786 340 Vll.
1816 314 1885 328 --
1916 285 2004 340 DE
2035 285 2369 344 PECCATO.

3423 289 3562 349 1214

191 417 228 474 ὗ
302 418 371 467 τά
433 414 490 468 ἐκ
545 423 637 466 τοῦ
696 414 892 486 μισθοῦ
961 408 1121 485 κέρδη
1157 407 1452 478 διωκοντες,
1488 410 1649 463 ἕνεκεν
1705 417 1800 471 τῆς

1924 414 2000 465 tes
2025 409 2106 465 ob
2131 416 2399 468 nostram
2420 412 2689 486 ipsorum
2715 413 3021 471 utilitatem
3048 416 3340 472 mandata
3367 416 3561 489 exple-

194 506 399 557 ἔαυτῶν
450 503 688 576 ὠφελείας
737 502 1032 577 πληρούμεν
1089 503 1156 553 τά
1205 504 1652 572 προστεταγμένα,
1710 505 1800 552 καὶ

194 596 340 646 κατά
390 601 542 646 τοῦτο
578 596 955 665 προσεοίκαμεν
1012 596 1119 652 τοῖς
1175 591 1424 663 μισθίοις·
1462 589 1492 647 ᾖ
1550 585 1623 642 δι’
1674 589 1800 641 αὐτὸ

195 687 260 736 τὸ
293 683 467 748 καλὸν,
508 686 592 734 καὶ
624 687 716 741 τὴν
745 686 875 757 πρὸς
905 685 991 732 τὸν
1041 677 1315 733 δεδωκότα
1351 683 1476 751 ἡμῖν
1524 684 1612 731 τὸν
1648 684 1802 750 νόμον

200 773 440 842 ἀγάπην,
470 777 743 844 χαίροντες
799 773 880 823 ὅτι
909 772 1068 830 οὕτως
1126 766 1316 840 ἐνδόξῳ
1345 775 1435 821 καὶ
1479 768 1656 838 ἀγαθῷ
1687 777 1800 836 Θεῷ

201 859 468 915 δουλεύειν
499 861 926 933 κατηξιώθημενν
969 865 1058 911 καὶ
1107 858 1257 930 ἔσμεν
1287 858 1449 918 οὕτως
1493 857 1541 910 ἐν
1591 866 1651 930 τῇ
1703 868 1802 909 τῶν

203 954 334 1004 υἱῶν
378 946 635 1005 διαθέσει.
685 953 820 1001 Οὔτε
868 946 954 1001 οὖν
986 951 1012 1000 6
1055 948 1104 1000 ἐν
1133 946 1272 1020 φόϐῳ
1303 951 1396 1008 τας
1439 946 1640 1006 ἐντολὰς
1687 966 1806 999 κατ-

202 1043 396 1114 ορθῶν,
449 1044 539 1092 καὶ
588 1041 670 1093 ἀεὶ
733 1044 790 1092 τὸ
844 1046 938 1100 τῆς
993 1040 1251 1112 ῥαθυμὶας
1297 1037 1556 1109 ἐπιτίμιον
1609 1038 1805 1110 ὑφορώ-

201 1148 379 1201 μενος,
433 1132 498 1182 τά
545 1133 635 1201 μεν
686 1134 901 1186 ποιήσει
946 1136 1045 1180 τῶν
1121 1133 1583 1200 προστεταγμένων
1640 1126 1803 1195 αὐτῷ,

201 1221 273 1271 τά
326 1215 386 1272 δι
413 1218 726 1292 παροψεταιο
769 1216 899 1271 ἀλλά
946 1222 1039 1276 τὴν
1093 1216 1173 1269 ἐπὶ
1223 1219 1366 1287 πάσῃ
1427 1224 1665 1289 παρακοῇ
1716 1214 1803 1266 ἑκ-

203 1305 427 1366 ὃίκησιν
477 1309 664 1379 ὁμοίως
721 1306 937 1382 φοϐερὰν
995 1307 1161 1375 ἐαυτῷ
1201 1305 1545 1375 ὑπολήψεται·
1579 1311 1668 1357 και
1714 1301 1808 1357 δια

200 1404 361 1450 τοῦτο
425 1397 795 1470 μακαρίζεται,
860 1400 929 1458 ὡς
989 1393 1141 1450 οὐδὲν
1201 1399 1500 1468 αἱρούμενος
1563 1392 1804 1468 παριδεῖν

200 1494 300 1537 τῶν
369 1482 588 1539 δεόντων
626 1489 923 1560 (Μακάριος
965 1489 1088 1557 γὰρ,
1146 1490 1323 1556 φησιν,
1359 1483 1487 1556 ἀνὴρ
1541 1486 1567 1534 6
1625 1483 1805 1555 φοϐού-

197 1592 352 1645 μενος
400 1577 488 1626 τὸν
557 1577 766 1648 Κύριον·
845 1569 941 1626 διὰ
1004 1579 1094 1637 τί;
1162 1575 1244 1624 ὅτι
1299 1571 1348 1623 ἐν
1414 1580 1530 1633 ταῖς
1585 1571 1807 1631 ἐντολαῖς

201 1662 367 1714 αὑτοῦ
442 1661 648 1721 θελήσει
718 1659 967 1735 σφόδρα).
1035 1661 1174 1715 Ἀλλ’
1244 1658 1369 1714 οὐδὲ
1450 1665 1476 1713 6
1542 1663 1807 1733 μισθωτὸς

1913 513 2070 561 mus,
2101 504 2156 554 et
2179 499 2294 555 hoc
2323 505 2501 572 pacto
2530 503 2918 560 mercenariis
2971 502 3267 559 efﬁcimur
3297 504 3558 568 similes;

1909 593 2013 645 aut
2032 589 2113 646 ob
2139 591 2342 662 ipsum
2372 592 2720 662 honestum,
2750 599 2806 650 et
2836 609 3106 650 amorem
3130 593 3287 650 illius
3335 595 3440 667 qui
3483 594 3563 651 le-

1910 692 2048 747 gem
2077 678 2254 734 nobis
2279 679 2460 750 dedit,
2492 682 2822 750 gaudentes
2842 681 3008 751 quod
3034 681 3202 752 digni
3236 682 3428 738 simus
3447 683 3562 740 htt-

1912 767 2038 828 biti.
2063 767 2169 840 qui
2201 774 2322 825 tam
2353 769 2613 839 glorioso
2643 786 2711 828 ac
2743 769 2908 827 bono
2939 773 3058 828 Deo
3095 771 3465 835 serviamus;
3508 776 3567 826 et

1910 856 1992 914 ita
2014 857 2264 913 demum
2291 864 2354 914 ut
2373 859 2478 915 ﬁlii
2504 859 2820 918 atﬂcimur.
2847 863 3047 933 Neque
3086 861 3267 932 igitur
3294 861 3344 918 is
3373 861 3478 935 qui
3503 860 3561 917 in

1911 945 2120 1002 timore
2152 947 2381 1018 perﬁcit
2414 949 2722 1016 mandata,
2754 965 3110 1023 semperque
3158 950 3407 1007 desidia;
3441 967 3566 1023 pas-

1912 1049 2056 1091 nam
2085 1042 2342 1103 veretur,
2372 1037 2491 1093 alia
2516 1038 2766 1110 quidem
2795 1055 2931 1111 quas
2959 1039 3071 1095 sibi
3101 1044 3402 1112 praecepta
3446 1040 3567 1096 fue-

1913 1125 2048 1190 rint,
2099 1130 2477 1197 exsequetur,
2513 1127 2632 1183 alia
2685 1143 2826 1184 vero
2875 1128 3175 1199 negliget:
3217 1129 3326 1185 sed
3366 1129 3568 1186 omnis

1913 1213 2336 1270 inobedientiaa
2382 1216 2707 1273 vindictam
2737 1217 2848 1274 sibi
2879 1234 2951 1274 ex
2974 1233 3150 1290 aequo
3177 1218 3566 1275 metuendam

1913 1303 2336 1375 suspicabitur.
2363 1307 2428 1360 Et
2454 1305 2676 1362 idcirco
2697 1307 2910 1362 beatus
2933 1306 3292 1378 praedicatur
3321 1309 3427 1380 qui
3460 1309 3566 1362 scio

1913 1393 2047 1448 licet
2074 1391 2221 1446 nihil
2245 1408 2457 1447 eorum
2483 1409 2620 1466 quae
2647 1395 2724 1451 ad
2745 1396 3014 1452 officium
3039 1396 3395 1466 pertineant,
3418 1412 3528 1468 pra
3545 1422 3568 1438 ο

1914 1480 2234 1536 termittere
2261 1480 2416 1537 velit.
2449 1484 2658 1540 Beatus
2688 1486 2844 1540 enim
2877 1486 2990 1549 vir,
3022 1485 3121 1552 ait,
3145 1486 3251 1556 qui
3271 1491 3434 1544 timet
3455 1487 3567 1540 Do-

1913 1571 2143 1625 minum
2179 1573 2246 1624 ¹¹.
2290 1572 2484 1635 Quam
2516 1571 2615 1648 οὶ),
2637 1589 2887 1629 causam
2918 1573 2945 1627 ‘2
2985 1574 3126 1645 quia
3155 1575 3220 1630 in
3263 1574 3568 1631 mandatis

1915 1661 2043 1729 ejus
2074 1660 2229 1715 volet
2266 1661 2442 1716 nimis
2468 1663 2536 1718 η.
2579 1661 2694 1718 Sed
2743 1677 2939 1735 neque
2987 1663 3394 1719 mercenarius
3440 1663 3570 1735 qui-

204 1750 508 1824 παραϐῆναί
567 1771 620 1803 τι
686 1760 785 1803 τῶν
844 1747 1258 1822 διατεταγμένων
1325 1751 1623 1824 αἱρήσεται.
1693 1758 1807 1811 ΙΙῶς

1924 1754 2056 1803 dem
2085 1747 2424 1819 quidquam
2467 1766 2679 1806 eorum
2702 1767 2842 1823 quae
2891 1750 3244 1823 praescripta
3281 1751 3421 1821 sint,
3451 1753 3570 1808 vio-

202 1845 308 1914 γὰρ
357 1845 633 1913 κομίσεται
681 1845 767 1894 τὸν
809 1842 1001 1912 μισθόν
1054 1849 1147 1902 τῆς
1197 1839 1470 1914 ίργασίας,
1513 1845 1584 1911 μὴ
1639 1843 1808 1892 πάντα

203 1929 494 2002 πληρώσας
550 1933 614 1984 τά
672 1936 1163 2001 συμπεφωνημένα;
1228 1936 1326 1982 Καὶ
1390 1933 1492 2002 γὰρ
1544 1929 1629 1981 ἇάν
1668 1932 1716 1981 ἓν
1756 1949 1808 1980 τι

204 2020 356 2091 λείπῃ
395 2026 496 2070 τῶν
528 2017 842 2088 ἀναγκαίων,
885 2019 1163 2091 ἄχρηστον
1215 2022 1303 2070 τὸν
1341 2021 1487 2092 ἔργον
1512 2026 1585 2088 τῷ
1615 2037 1806 2075 κεκτη-

206 2112 341 2178 μένῳ
372 2112 680 2164 κατέστησε.
736 2113 822 2168 Τίς
879 2103 990 2175 οὖν,
1049 2110 1302 2178 μενούσης
1332 2109 1408 2174 (1)
1452 2110 1522 2160 ἔτι
1549 2116 1640 2168 τῆς
1673 2106 1806 2178 βλά-

207 2196 328 2259 ϐης,
375 2197 567 2268 μισθὸν
631 2195 866 2249 ὑποτελεῖ
923 2205 996 2267 τῷ
1051 2192 1410 2262 ἀδικήσαντι;
1465 2201 1648 2270 Τρίτον
1679 2193 1736 2254 ἦν
1776 2200 1804 2254 ἡ

203 2290 338 2338 κατά
396 2285 606 2357 ἀγάπην
659 2288 944 2358 ὑπηρεσία.
1003 2291 1096 2347 Τίς
1136 2284 1224 2338 οὖν
1264 2289 1376 2348 υίὸς
1432 2290 1625 2338 σκοπὸν
1672 2289 1809 2356 ἔχων

204 2381 300 2433 τὴν
341 2383 432 2427 τοῦ
491 2380 682 2446 πατρὸς
715 2374 1081 2447 εὐαρέστησιν,
1115 2374 1199 2427 ἐπὶ
1249 2383 1358 2435 τοῖς
1423 2376 1660 2446 μείζοσιν
1711 2376 1808 2426 αὑ-

203 2470 291 2516 τὸν
340 2465 646 2537 εὐφραίνων,
714 2473 813 2515 τῶν
861 2468 1190 2538 μικροτάτων
1229 2467 1386 2517 ἕνεκεν
1438 2466 1613 2517 λυπεῖν
1663 2467 1808 2538 αἱρή-

207 2573 356 2606 σεται
385 2569 398 2618 ;
451 2554 516 2604 Οἱ
564 2558 734 2604 τοίνυν
779 2557 872 2615 τὰς
901 2553 1146 2613 πλείστας
1175 2563 1274 2606 τῶν
1305 2553 1514 2606 ἐντολῶν
1545 2553 1810 2626 παραϐαί-

205 2661 391 2707 νοντες,
433 2640 481 2692 ἐν
532 2647 660 2710 ποίῳ
711 2646 852 2715 μέρει
901 2643 1158 2712 τετάχθαι
1219 2641 1534 2712 βούλονται;
1575 2648 1706 2712 μήτε
1749 2646 1813 2702 ὡς

212 2735 379 2803 “arpi
427 2731 800 2801 ὑπηρετοῦντες
855 2737 925 2798 τῷ
980 2735 1106 2799 Θεῷ,
1166 2737 1298 2800 μήτε
1339 2733 1406 2789 ὡς
1471 2731 1673 2801 μεγάλα
1722 2731 1811 2782 ἑπ-

210 2819 564 2892 αγγελλομένω
652 2821 966 2890 πειθόμενοι,
1037 2825 1170 2890 μήτε
1237 2821 1300 2879 ὼς
1377 2829 1608 2890 Δεσποτῃ
1680 2816 1812 2871 δον-

210 2911 455 2968 λεύοντες.

287 3001 369 3053 12.
414 3005 528 3060 Πῶς
551 2994 610 3052 δι
642 3003 726 3050 τὸν
763 2998 879 3050 καθ’
932 2995 1129 3056 ἡδονὴν
1176 2997 1295 3069 βίον
1341 3007 1428 3052 τοῦ
1461 2999 1572 3052 κατ’
1606 2999 1814 3058 ἐντολὴν

1915 1838 2039 1893 lare
2066 1836 2239 1893 volet.
2269 1839 2588 1904 Quomodo
2618 1841 2778 1896 enim
2805 1857 3004 1914 operae
3048 1841 3392 1898 mercedem
3420 1840 3568 1898 refe-

1915 1932 2022 1993 ret,
2046 1927 2095 1982 si
2123 1931 2298 1997 pacta
2317 1928 2526 1984 omnia
2569 1944 2690 1985 non
2729 1931 3104 1986 servaverit?
3138 1931 3364 1986 Etenim
3395 1930 3447 1984 si
3476 1929 3571 1986 vel

1915 2031 2106 2072 unum
2137 2030 2209 2072 ex
2239 2016 2308 2072 iis
2347 2033 2485 2089 quae
2527 2019 2870 2075 necessaria
2917 2019 3233 2084 extiterint,
3292 2017 3566 2082 defuerit,

1918 2103 2120 2160 inutile
2171 2120 2326 2177 opus
2380 2107 2721 2178 possessori
2780 2107 3064 2163 reddidit.
3125 2107 3339 2180 Ecquis
3366 2106 3567 2175 igitur,

1918 2198 2197 2249 manente
2217 2194 2594 2262 detrimento,
2626 2196 2965 2252 mercedem
2993 2195 3295 2268 persolvat
3335 2196 3570 2267 injuria;

1918 2283 2142 2336 actori?
2171 2284 2428 2338 Tertium
2485 2284 2886 2340 ministerium
2938 2290 3066 2342 erat
3095 2285 3175 2342 ob
3218 2284 3570 2340 charitatem

1919 2371 2344 2442 praestitutum.
2376 2373 2514 2438 Quis
2538 2373 2716 2444 igitur
2744 2374 2921 2443 ﬁlius,
2954 2390 3092 2430 cum
3126 2374 3180 2430 ei
3216 2388 3438 2444 scopus
3477 2371 3569 2439 sit,

1921 2465 1983 2514 ut
2027 2459 2403 2532 complaceat
2447 2463 2625 2535 patri,
2660 2464 2859 2535 ipsum
2891 2465 2953 2520 in
3007 2464 3192 2520 rebus
3238 2461 3575 2534 majoribus

1920 2548 2124 2606 lzetitia
2151 2550 2440 2612 afficiens.
2473 2553 2770 2609 tristitiam
2791 2553 2872 2609 ob
2902 2570 2997 2609 res
3028 2551 3261 2609 minimi
3280 2550 3575 2607 momenti

1923 2639 2135 2694 afferre
2155 2639 2308 2695 volet
2328 2643 2356 2694 ?
2377 2641 2485 2706 Qui
2505 2642 2685 2711 igitur
2711 2645 3048 2699 maximam
3072 2642 3299 2698 violant
3324 2640 3576 2696 manda-

1926 2733 2121 2782 torum
2153 2732 2406 2799 partem,
2438 2745 2561 2801 quo
2590 2730 2649 2787 in
2675 2747 2929 2789 numero
2968 2731 3247 2788 collocari
3279 2729 3577 2802 cupiunt?

1925 2831 2063 2872 cum
2084 2831 2279 2888 neque
2300 2823 2362 2874 ut
2377 2819 2529 2875 Patri
2551 2819 2968 2893 obsequantur
2990 2824 3129 2887 Deo,
3151 2835 3346 2892 neque
3368 2822 3430 2874 ut
3451 2831 3577 2876 ma-

1926 2920 2046 2974 gna
2073 2904 2372 2976 pollicenti
2403 2914 2673 2979 pareant,
2701 2925 2895 2980 neque
2915 2915 2980 2967 ut
3006 2909 3260 2966 Domino
3293 2907 3571 2965 serviant.

2004 2999 2085 3049 12.
2115 2996 2432 3060 Quomodo
2447 2997 2494 3053 si
2507 2998 2692 3054 vitam
2703 2998 3102 3071 voluptariam
3122 2999 3251 3054 vita
3264 3013 3400 3069 quae
3409 2997 3578 3067 juxta

210 3094 645 3159 προτιμήσαντες,
693 3089 834 3148 ζωῆς
876 3091 1261 3159 μακαριότητα,
1322 3095 1410 3140 καὶ
1468 3088 1810 3142 ἰσοπολιτείαν

1929 3082 2219 3140 mandata
2230 3084 2484 3155 degitur,
2499 3093 2959 3160 anteponamus,
2973 3089 3108 3143 vitae
3122 3086 3547 3144 beatitudinem
3558 3127 3575 3153 ,

209 3185 310 3229 τῶν
376 3177 557 3248 ἀγίων,
600 3183 688 3230 καὶ
757 3181 850 3236 τὰς
925 3176 1030 3248 μετ’
1095 3176 1324 3248 ἀγγέλων
1389 3178 1704 3250 εὐφροσύνας
1768 3178 1815 3230 ἐν

209 3272 474 3337 προσώπῳ
549 3266 780 3338 Χριστοῦ
835 3267 1036 3326 ἑαυτοῖς
1086 3268 1433 3338 ὑποθωμεθα;
1487 3274 1694 3330 Νηπίας
1739 3273 1813 3319 ὀν-

211 3375 306 3416 τως
349 3359 527 3428 φρενὸς
587 3358 652 3406 τα
710 3363 929 3408 τοιαῦτα
990 3358 1358 3427 φαντάσματα.
1448 3364 1564 3418 Πῶς
1629 3361 1816 3428 ἔσομαι

213 3442 509 3516 μετάῚὼϐ,
543 3446 568 3494 6
617 3439 756 3515 μηδὲ
809 3449 896 3501 τὴν
949 3452 1222 3514 τυχοῦσαν
1273 3444 1447 3514 θλίψιν
1503 3447 1613 3515 μετ’
1653 3447 1815 3516 εὐχα-

212 3537 417 3607 ριστίας
462 3528 778 3604 δεξάμενος;
840 3539 953 3593 "ab;
985 3537 1114 3604 μετὰ
1165 3530 1353 3596 Anglii,
1384 3535 1409 3585 ὁ
1439 3541 1510 3605 μὴ
1567 3538 1690 3606 πρὸς
1731 3539 1816 3587 τὸν

214 3622 454 3694 πολέμιον
519 3625 865 3697 μακροθύμως
929 3619 1218 3688 διατεθείς
1260 3630 1374 3684 Ηώς
1414 3626 1544 3693 μετά
1605 3625 1814 3692 Δανιὴλ,

216 3715 240 3765 6
289 3718 359 3783 μή
429 3713 540 3784 μετ’
570 3711 870 3784 ἐγκρατείας
927 3709 1200 3775 διηνεκοῦς
1257 3720 1346 3766 καὶ
1404 3710 1632 3776 δεήσεως
1673 3715 1814 3786 φιλοο

216 3807 372 3854 πονου
403 3807 489 3854 τόν
547 3806 675 3854 Θεὸν
723 3801 1060 3866 ἐκζητήσαςς
1125 3809 1234 3863 Πῶς
1283 3803 1391 3873 μεθ’
1452 3805 1673 3856 ἑκάστου
1717 3813 1816 3856 τῶν

217 3892 398 3960 ἁγίων,
432 3892 458 3943 ὀ
514 3896 585 3963 μὴ
637 3897 745 3951 τοῖς
783 3893 990 3962 ἴχνεσιν
1043 3891 1210 3943 αὐτῶν
1263 3897 1668 3966 περιπατήσας;
1726 3900 1816 3955 Τίς

216 3985 378 4041 οὕτως
443 3982 652 4054 ἄκριτος
721 3979 1017 4043 ἀθλοθέτης,
1088 3985 1154 4042 ὡς
1223 3988 1322 4033 τῶν
1402 3982 1527 4033 ἴσων
1593 3980 1819 4044 ἀξιῶσαι

220 4072 477 4142 στεφάνων
515 4075 602 4123 τὸν
651 4074 888 4131 νικητὴν,
923 4077 1008 4124 καὶ
1067 4074 1154 4122 τὸν
1209 4067 1376 4141 μηδὲν
1425 4072 1816 4142 ἠγωνισμένονς

216 4167 304 4222 Τίς
363 4164 657 4235 στρατηγὸς
698 4160 763 4220 εἰς
817 4165 910 4218 τὴν
951 4155 1144 4231 μερίδα
1201 4168 1298 4212 τῶν
1357 4160 1556 4212 σκύλων
1596 4159 1648 4222 ἐξ
1699 4165 1818 4213 ῖσου

217 4253 338 4302 ποτε
388 4257 498 4310 τοῖς
545 4253 842 4307 νενικηκόσι
891 4254 1011 4310 τοὺς
1077 4244 1216 4320 μηδὲ
1267 4254 1512 4318 φανέντας
1584 4248 1666 4303 ἐπὶ
1723 4261 1818 4312 τῆς

217 4340 400 4409 μάχης
431 4335 703 4402 ἕκάλεσεη
752 4337 971 4407 Ἀγαθός
1023 4339 1048 4388 ὁ
1081 4340 1230 4402 Θεὸς,
1264 4335 1391 4387 ἀλλὰ
1447 4342 1536 4389 καὶ
1595 4333 1815 4398 δίκαιος.

1929 3180 1984 3230 et
2004 3174 2256 3231 civitatis
2279 3191 2418 3232 cum
2451 3177 2672 3233 sanctis
2699 3179 2796 3248 jus
2820 3178 3073 3250 mquale,
3092 3183 3149 3234 et
3178 3191 3320 3232 cum
3342 3173 3575 3244 angelis

1929 3263 2224 3332 gaudiain
2245 3265 2453 3322 Christi
2475 3272 2806 3339 conspectu
2818 3267 2996 3324 nobis
3018 3266 3408 3340 pollicemur?
3430 3267 3577 3320 Sunt

1929 3353 2113 3408 animi
2144 3370 2277 3410 vere
2309 3354 2508 3411 stolidi
2536 3355 2674 3412 talia
2701 3361 3064 3413 commenta.
3091 3354 3410 3422 Quomodo
3435 3367 3576 3410 cum

1926 3441 2032 3496 Job
2071 3457 2191 3511 ero,
2220 3443 2324 3515 qui
2372 3458 2447 3499 ne
2475 3443 2842 3501 levissimam
2880 3445 3129 3516 quidem
3170 3442 3576 3500 calamitatem

1929 3548 2064 3587 cum
2085 3533 2410 3601 gratiarum
2429 3534 2663 3591 actione
2685 3534 3026 3608 pertulerim
3045 3537 3072 3591 ?
3098 3532 3416 3600 Quomodo
3437 3547 3577 3588 cum

1932 3621 2174 3687 Davide,
2197 3622 2299 3693 qui
2331 3622 2538 3679 leniter
2554 3639 2651 3679 me
2676 3639 2800 3680 non
2820 3623 3106 3694 gesserim
3135 3638 3274 3678 cum
3301 3621 3581 3693 adversa-

1929 3712 2015 3766 rio
2033 3712 2060 3766 ?
2081 3712 2396 3776 Quomodo
2413 3729 2550 3768 cum
2584 3713 2842 3779 Daniele,
2868 3713 2973 3786 qui
2995 3713 3241 3769 assidua
3266 3710 3576 3768 abstinen-

1929 3800 2012 3856 tia
2051 3806 2106 3857 et
2130 3801 2341 3856 sedula
2380 3801 2724 3872 precatione
2754 3804 2938 3857 Deum
2976 3817 3100 3858 non
3148 3799 3580 3872 exquisierim?

1931 3889 2248 3954 Quomodo
2277 3905 2417 3944 cum
2445 3889 2693 3961 singulis
2723 3890 3038 3962 quibusvis
3063 3889 3303 3951 sanctis,
3322 3888 3426 3959 qui
3455 3886 3581 3942 illo-

1929 3994 2064 4035 rum
2109 3978 2358 4046 vestigia
2387 3986 2626 4034 secutus
2674 3995 2794 4035 non
2826 3979 2938 4035 sim
2958 3981 2987 4035 ?
3013 3979 3154 4044 Quis
3179 3977 3578 4034 certaminum

1932 4067 2152 4124 arbiter
2179 4069 2261 4124 ita
2285 4068 2495 4138 judicii
2524 4084 2737 4141 expers
2763 4073 2874 4139 est,
2905 4075 2967 4125 ut
3015 4069 3297 4124 victorem
3331 4071 3386 4123 et
3437 4080 3579 4122 eum

1929 4158 2034 4228 qui
2076 4171 2199 4211 non
2252 4156 2598 4221 decertavit,
2624 4157 2874 4229 paribus
2916 4157 3156 4214 coronis
3185 4156 3402 4225 dignos
3446 4169 3579 4209 esse

1933 4247 2218 4303 censeat?
2251 4246 2392 4313 Quis
2414 4247 2739 4320 imperator
2768 4247 2838 4303 iis
2862 4248 2968 4320 qui
2999 4246 3266 4312 vicerint,
3297 4249 3356 4301 et
3377 4244 3449 4300 iis
3475 4243 3580 4314 qui

1931 4350 2007 4391 ne
2036 4335 2481 4406 comparuerint
2515 4335 2763 4406 quidem
2795 4336 2854 4392 in
2883 4351 3110 4408 pugna,
3135 4331 3437 4390 distribuit
3472 4345 3581 4386 un-

221 4429 430 4478 Δικαίου
466 4421 546 4493 δὴ,
591 4427 618 4484 ἡ
682 4428 809 4495 πρὸς
876 4424 1024 4487 ἀξίαν
1087 4421 1380 4492 ἀντίδοσις,
1411 4427 1579 4486 καθὼς
1629 4432 1810 4499 γέγρα-

1930 4439 2119 4496 quam
2151 4424 2447 4496 aequalem
2478 4425 2807 4496 spoliorum
2836 4431 3069 4497 partem
3097 4425 3126 4480 ?
3159 4423 3311 4478 Deus
3333 4418 3581 4493 quidem

219 4531 391 4565 πταυ
449 4514 754 4584 Ἀγάθννον,
839 4516 1013 4585 Κύριε,
1081 4520 1184 4573 τοῖς
1248 4515 1485 4584 ἀγαθοῖς,
1553 4519 1685 4576 Τοὺς
1761 4513 1820 4567 ὃε

220 4600 536 4664 ἐκκλίνοντας
624 4601 697 4662 εἰς
776 4604 869 4663 τὰς
933 4602 1315 4674 στραγγαλιάς,
1375 4600 1562 4664 ἀπάξει
1632 4606 1819 4676 Κύριος

219 4693 350 4763 μετά
434 4699 533 4743 τῶν
618 4690 976 4763 ἐργαζομενων
1055 4695 1150 4749 τήν
1235 4689 1472 4763 ἀνομίαν.
1541 4691 1816 4763 Ἐλεήμων,

221 4779 347 4835 ἀλλὰ
388 4786 478 4834 καὶ
516 4786 715 4854 κριτής.
768 4781 978 4850 Ἀγαπᾲ
1029 4783 1128 4852 γαρ
1187 4777 1538 4851 ἐλεημοσύνην
1571 4785 1660 4832 καὶ
1707 4786 1819 4854 κρί-

221 4890 302 4922 σιν
328 4872 353 4922 ὁ
386 4873 590 4944 Κύριος.
650 4869 874 4942 Ἐμαθες
931 4869 1014 4922 ἐπὶ
1053 4874 1192 4929 τίνας
1221 4873 1280 4920 τὸ
1310 4869 1445 4931 ἔλεος
1474 4886 1487 4934 ;
1532 4873 1816 4939 Μακάριοι,

651 4958 934 5030 ἐλεήμονες,

213 5050 389 5122 Ὀρᾲς,
453 5058 560 5110 πῶς
631 5053 940 5121 κεκριμένως
1004 5052 1264 5121 κέχρηται
1354 5067 1424 5117 τῳ
1492 5047 1632 5116 ελέῳ,
1702 5051 1818 5100 οὐτε

217 5139 440 5212 ἀκρίτως
515 5137 681 5203 ἐλεῶν,

218 4964 400 5030 φησιν,
503 4963 550 5010 oi
651 4958 934 5030 ἐλεήμονες,
1031 4959 1112 5012 ὅτι
1195 4959 1344 5011 αὐτοὶ
1429 4958 1815 5016 ελεηθήσονται.

762 5141 880 5189 οὔτε
955 5136 1178 5197 ἀνηλεῶς
1249 5143 1478 5209 κρίνων;
1559 5136 1816 5208 Ἐλεὴμων

293 5319 332 5352 ¹¹
367 5317 520 5375 Psal.
561 5334 672 5386 cxx,
705 5320 758 5375 1.
839 5319 884 5353 ⁸³
922 5315 1072 5374 ibid.
1152 5318 1198 5350 ¹³
1233 5314 1390 5372 Psal.
1425 5331 1617 5383 CXXIX,
1653 5319 1772 5374 4-5.

1933 4513 2132 4569 bonus
2166 4517 2275 4582 est,
2306 4512 2414 4569 sed
2444 4519 2534 4570 est
2557 4529 2801 4587 quoque
2827 4515 3046 4586 justus.
3074 4511 3221 4568 Justi
3251 4513 3452 4567 autem
3493 4512 3583 4564 est

1933 4617 2314 4658 remunerare
2345 4617 2454 4673 pro
2485 4603 2714 4673 merito,
2741 4603 2894 4659 sicut
2917 4603 3206 4673 scriptum
3241 4603 3330 4656 est
3361 4615 3373 4653 :
3399 4599 3579 4654 Bene-

1930 4693 2053 4760 fac,
2076 4692 2342 4758 Domine,
2370 4694 2552 4747 bonis.
2578 4693 2955 4748 Declinantes
2973 4692 3178 4746 autem
3193 4691 3254 4744 in
3272 4687 3584 4756 obligatio-

1933 4797 2053 4847 nes,
2082 4781 2341 4836 adducet
2374 4782 2660 4836 Dominus
2704 4797 2836 4837 cum
2868 4779 3256 4850 operantibus
3297 4778 3581 4846 iniquita-

1934 4878 2046 4926 tem
2073 4871 2138 4924 ¹³.
2164 4870 2494 4927 Misericors
2515 4871 2764 4942 quidem
2795 4875 2903 4937 est,
2930 4869 3036 4926 sed
3066 4874 3121 4925 et
3138 4867 3344 4938 judex.
3370 4867 3584 4934 Diligit

1928 4959 2324 5031 enim,inquit,
2338 4960 2810 5016 misericordiam
2828 4966 2880 5014 et
2885 4963 2921 5029 j
2927 4958 3193 5014 udicium
3209 4958 3499 5012 Dominus
3513 4956 3580 5006 ιδ.

1931 5048 2268 5106 Didicistine
2291 5049 2544 5118 quinam
2560 5049 2758 5120 sint,5
2773 5051 2814 5118 ι
2828 5049 2882 5120 3
2909 5062 3172 5119 quorum
3196 5043 3586 5103 misereatur?

1927 5139 2122 5205 Beati,
2139 5138 2356 5210 inquit,
2369 5138 2808 5206 misericordes,
2823 5138 3103 5210 quoniam
3122 5136 3240 5205 ipsi
3252 5135 3585 5191 misericor-

1853 5318 1902 5351 ιδ
1942 5316 2096 5374 Psal.
2130 5333 2301 5389 χχχιι,
2339 5323 2388 5373 ὅ.

293 5495 371 5562 (1)
407 5501 694 5560 Μενούσης.
739 5497 927 5554 Minus
965 5493 1285 5550 commode
1316 5493 1482 5551 deest
1511 5509 1581 5551 ea
1613 5508 1729 5550 vox
1758 5493 1820 5550 in
1861 5499 2141 5552 contextu
2178 5495 2396 5553 Basilii.
2446 5495 2673 5552 Ibidem
2703 5494 2964 5567 legimus
2999 5501 3058 5546 ut
3090 5494 3151 5546 in
3201 5491 3480 5545 contextu
3513 5495 3585 5556 τῷ

232 5572 540 5639 κεκτημένῳ.
583 5568 753 5639 Ediﬁ,
778 5569 876 5620 τῶν
903 5571 1246 5639 κεκτημένων,
