4084 6396
578 287 710 344 1215

1556 277 1919 336 ΑΡΡΕΝΒΙΧ.
1960 305 2027 318 -—
2068 271 2408 334 SYMEONIS
2446 272 2976 331 METAPHRASTE

3809 281 3924 342 1216

573 411 737 468 diam
759 413 1196 481 consequentur
1210 408 1274 461 ιτ».
1291 405 1468 463 Vides
1489 419 1676 478 quam
1697 402 2071 461 considerate
2090 403 2212 457 uta-

2335 400 2437 472 γὰρ
2501 400 2528 452 ὀ
2586 401 2777 473 Κύριος
2833 404 2923 454 καὶ
2990 396 3216 465 δίκαιος.
3276 404 3366 462 Μὴ
3435 399 3530 456 οὖν
3593 403 3650 468 ἐξ
3714 405 3923 478 ἡμισείας

574 503 670 556 tur
697 497 1146 568 misericordiaf?
1167 500 1368 569 Neque
1393 495 1540 552 citra
1557 491 1854 566 judicium
1884 491 2225 549 misericors

575 592 683 658 est,
713 604 911 661 neque
927 588 1160 660 judicat
1185 587 1331 642 citra
1355 583 1850 641 misericordiam.
1883 581 2223 637 Misericors

573 678 737 736 enim
793 679 1082 734 Dominus
1139 681 1191 733 et
1211 675 1502 746 justus”.
1528 676 1606 730 Ne
1632 672 1810 742 igitur
1864 669 2120 727 dimidia
2148 684 2222 725 ex

572 772 744 841 parte
771 767 1092 824 Dominum
1123 779 1578 835 cognoscamus,
1603 777 1803 835 neque
1838 760 2030 834 ipsius
2058 758 2222 816 beni-

573 857 770 928 gnitas
789 855 1046 929 ignaviae
1062 855 1239 911 nobis
1260 852 1500 910 occasio
1523 852 1616 908 sit.
1636 849 1776 907 Ideo
1787 847 2220 916 tonitrua,ideo

571 945 845 1016 fulmina,
878 949 944 1002 ut
970 960 1045 1001 ne
1075 946 1498 1001 contemnatur
1523 940 1786 998 bonitas.
1816 939 1928 1005 Qui
1957 937 2137 995 efﬁcit
2155 941 2221 995 ut

571 1035 664 1092 sol
719 1034 1032 1104 oriatur”,
1077 1035 1206 1107 ipse
1244 1033 1446 1098 etiam,
1483 1031 1747 1087 caecitate
1784 1029 2079 1085 multat”.
2108 1027 2220 1092 Qui

569 1122 935 1180 imbremdat
955 1125 1019 1191 ιθ,
1033 1124 1214 1180 etiam
1226 1122 1427 1192 ignem
1439 1120 1592 1194 pluit
1606 1120 1678 1175 ³ο.
1695 1118 1799 1174 Illa
1815 1117 2217 1181 clementiam,

569 1213 699 1269 haec
728 1213 1105 1270 severitatem
1136 1212 1423 1268 indicant.
1455 1213 1569 1266 Aut
1595 1213 1842 1282 propter
1868 1207 1970 1263 illa
2011 1205 2222 1277 diliga-

567 1317 730 1372 mus,
755 1307 860 1360 aut
885 1306 1130 1374 propter
1159 1301 1288 1357 haec
1310 1300 1650 1365 timeamus,
1677 1313 1753 1354 ne
1773 1296 1948 1353 nobis
1978 1309 2222 1368 quoque

568 1391 805 1450 dicatur
834 1413 848 1449 :
889 1395 982 1448 An
1021 1392 1266 1448 divitias
1299 1389 1582 1446 bonitatis
1621 1389 1751 1457 ejus
1786 1392 1840 1444 et
1868 1386 2221 1457 longanimi-

570 1482 711 1539 tatis
728 1481 1372 1551 contemnis,ignorans
1385 1479 1543 1551 quod
1555 1478 1889 1546 benignitas
1905 1476 2012 1531 Dei
2020 1474 2102 1531 ad
2103 1489 2222 1544 pae-

568 1558 888 1628 nitentium
904 1576 956 1626 te
971 1571 1170 1626 ducit?
1185 1569 1523 1625 Secundum
1539 1573 1736 1624 autem
1750 1566 2038 1621 duritiam
2054 1570 2220 1621 tuam

567 1665 626 1718 et
650 1661 1026 1730 impaenitens
1051 1675 1172 1730 cor,
1208 1658 1576 1715 thesaurizas
1603 1656 1710 1712 tibi
1733 1656 1888 1712 iram
1919 1656 1980 1710 in
1997 1654 2092 1710 die
2111 1656 2221 1711 ira?

2333 493 2420 542 τὸν
2489 495 2680 564 Κυριον
2743 491 3096 565 γνωρίζωμεν,
3160 489 3298 565 μηδὲ
3385 491 3639 568 ἀφορμήν
3695 495 3922 570 ῥᾳθυμίας

2331 584 2426 638 τὴν
2494 579 2656 633 αὑτοῦ
2715 581 3100 656 φιλανθρωπίαν
3181 581 3560 656 λαμϐάνωμεν,
3627 587 3722 637 Διά
3795 597 3919 642 τοῦτο

2335 668 2574 745 βρονταὶ,
2609 666 2705 723 διὰ
2762 678 2915 725 τοῦτο
2964 677 3222 746 κεραυνοὶ,
3275 676 3361 726 ἶνα
3421 678 3499 746 μὴ
3563 686 3916 749 καταφρονῆται

2331 761 2362 818 ἡ
2425 758 2702 831 ἀγαθότης.
2761 759 2820 812 Ὀ
2876 764 2965 813 τὸν
3014 761 3158 820 ἣλιον
3211 761 3528 833 ἀνατέλλων,
3561 768 3655 816 καὶ
3706 763 3913 838 indigitari

2330 846 2701 911 καταδικάζει.
2756 848 2815 902 Ὀ
2863 853 2952 903 τὸν
3000 850 3191 925 ὄμϐρον
3229 848 3445 920 διδοὺς,
3474 859 3573 906 ’και
3607 857 3668 906 τὸ
3695 862 3794 927 πῦρ

2330 958 2447 1011 χει.
2515 939 2715 993 Ἐκεῖνα
2769 947 2862 1002 τῆς
2926 945 3319 1016 χρηστότητος,
3379 949 3564 994 ταῦτα
3611 951 3706 1005 τῆς
3761 943 3909 999 ἀποτο-

2331 1036 2472 1103 μίας.
2505 1029 2571 1084 Ἢ
2604 1026 2680 1084 δι’
2722 1029 2890 1084 ἐκεῖνα
2937 1029 3310 1105 ἀγαπήσωμεν,
3344 1031 3377 1092 ἣ
3426 1028 3530 1086 διὰ
3583 1040 3754 1087 ταῦτα
3791 1035 3906 1107 906::-

2335 1121 2499 1193 θῶμεν
2535 1121 2635 1191 (5),
2691 1123 2776 1172 ἵνα
2835 1124 2907 1193 μὴ
2956 1121 3092 1196 ῥηθῇ
3151 1127 3242 1175 καὶ
3271 1123 3428 1195 ἡμῖν·
3474 1121 3548 1175 Ἦ
3583 1129 3678 1176 τοῦ
3730 1123 3902 1178 πλούτει

2329 1219 2420 1270 τῆς
2516 1213 2881 1285 χρηστότητος
2955 1211 3118 1264 αὐτοῦ
3213 1215 3302 1267 καὶ
3390 1219 3498 1274 τῆς
3585 1215 3901 1288 μακροθυμίας

2331 1306 2692 1372 καταφρονεῖς,
2771 1297 2989 1372 ἀγνοῶν,
3057 1301 3138 1354 ὅτι
3201 1303 3261 1354 τὸ
3334 1304 3598 1374 χρηστὸν
3663 1309 3755 1355 τοῦ
3811 1311 3906 1357 Θεοῦ

2334 1389 2406 1451 εἰς
2462 1391 2736 1462 μετάνοιάν
2796 1409 2854 1443 σε
2918 1391 3076 1462 ἄγεις
3149 1392 3296 1444 Κατᾶ
3351 1387 3419 1444 δι
3472 1395 3575 1450 τὴν
3623 1390 3907 1470 σκληρότητά

2335 1498 2452 1547 σου,
2510 1483 2602 1532 καὶ
2666 1477 3014 1552 ἀμετανόητον
3078 1476 3325 1556 καρδίαν,
3424 1483 3773 1555 θησαυρίζεις
3845 1502 3907 1535 σε·

2329 1576 2473 1640 αυτῷ
2527 1567 2687 1642 ὀργὴν
2737 1571 2786 1622 ἐν
2836 1571 3003 1642 ἡμέρᾳ
3055 1567 3232 1645 ὀργῆς.
3290 1575 3358 1623 Τί
3400 1566 3468 1624 δέ
3526 1589 3622 1644 μοι
3666 1574 3720 1625 τὸ
3773 1571 3907 1644 ὄφελος

2328 1666 2430 1711 τῶν
2487 1657 2648 1710 ἀλλων
2687 1659 3128 1732 κατορθωμάτων,
3195 1658 3240 1711 εί
3303 1657 3583 1733 μέλλοιμι,
3645 1663 3806 1734 μωρὸν
3851 1661 3907 1712 εὶ-

569 1752 637 1806 ”.
657 1750 734 1822 (1)
769 1749 996 1823 Ecquid
1020 1749 1168 1805 mihi
1188 1747 1522 1821 proderunt
1540 1751 1752 1803 caetera
1783 1747 1940 1800 recte
1968 1743 2148 1813 facta,
2171 1743 2212 1800 si

2327 1753 2436 1802 πὼν
2484 1751 2572 1801 τόν
2618 1743 2857 1820 ἀδελφὸν,
2902 1750 3086 1820 ἔνοχος
3127 1749 3373 1820 γενέσθαι
3506 1753 3720 1823 γεέννης
3751 1755 3808 1803 Τί
3825 1753 3903 1823 γὰρ

567 1843 888 1913 propterea
913 1839 1078 1912 quod
1115 1838 1358 1894 fratrem
1393 1837 1628 1894 fatuum
1666 1834 2071 1908 appellavero,
2104 1833 2219 1891 sim

568 1929 858 1999 gehennae
888 1927 1304 1986 addicendus?
1334 1928 1528 1992 Quam
1555 1925 1716 1982 enim
1745 1923 2061 1980 utilitatem
2085 1939 2216 1996 per-

566 2017 708 2090 cipit
736 2017 838 2089 qui
868 2033 905 2073 a
930 2016 1132 2074 multis
1160 2015 1314 2072 liber
1342 2019 1452 2084 est,
1484 2015 1534 2071 si
1561 2013 1653 2070 vel
1678 2029 1800 2070 uno
1839 2013 2129 2083 redigitur
2150 2013 2214 2069 in

565 2106 950 2163 servitutem?
977 2105 1094 2174 Qui
1116 2106 1300 2175 enim,
1323 2104 1536 2178 inquit,
1559 2104 1713 2174 facit
1735 2108 2068 2173 peccatum,
2093 2117 2214 2158 ser-

562 2210 669 2252 vus
681 2201 764 2252 est
781 2197 1018 2265 peccati
1027 2196 1095 2251 η.
1116 2194 1270 2260 Quid
1291 2195 1472 2250 etiam
1493 2193 1778 2265 cuiquam
1796 2191 2042 2264 prodest
2057 2189 2212 2248 mul-

561 2288 762 2341 torum
794 2283 1148 2340 morborum
1177 2298 1312 2338 esse
1341 2285 1666 2354 expertem,
1695 2282 1745 2336 si
1770 2281 1960 2353 ipsius
1989 2295 2210 2352 corpus

565 2373 661 2429 vel
683 2373 762 2429 ab
800 2389 924 2429 uno
962 2373 1178 2429 morbo
1216 2371 1744 2444 corrumpitur?(2)
1773 2371 1880 2436 Qui
1907 2371 2068 2426 enim
2111 2387 2212 2427 vo-

560 2461 854 2518 luntatem
877 2462 980 2519 Dei
1005 2461 1166 2525 facit,
1191 2461 1298 2517 sed
1333 2476 1459 2517 non
1487 2465 1552 2516 ut
1580 2459 1704 2516 vult
1730 2464 1904 2530 Deus,
1923 2474 2122 2533 neque
2149 2459 2212 2516 in

562 2550 780 2607 affectu
794 2552 1016 2608 amoris
1027 2567 1170 2622 erga
1187 2553 1374 2607 Deum
1396 2551 1458 2607 id
1479 2550 1638 2617 facit,
1654 2550 2052 2620 inutileﬁhabet
2071 2566 2211 2623 ope-

560 2640 643 2697 ris
676 2639 938 2697 studium
969 2658 981 2696 :
1006 2657 1149 2696 nam
1177 2642 1278 2705 ait,
1307 2641 1495 2698 Amen
1522 2641 1653 2696 dico
1683 2639 1866 2708 vobis,
1890 2641 2033 2712 quia
2051 2655 2211 2696 rece-

557 2734 779 2800 perunt
797 2731 1124 2788 mercedem
1149 2746 1361 2787 suuam
1383 2732 1450 2786 ’3.
1476 2730 1555 2802 (3)
1595 2733 1796 2802 Itaque
1848 2731 2060 2802 primae
2095 2733 2211 2786 tuos

560 2819 807 2890 originis
827 2820 875 2876 si
895 2835 1128 2877 memor
1151 2835 1274 2876 non
1297 2836 1382 2892 es,
1399 2836 1435 2876 ο
1455 2819 1662 2889 homo,
1677 2836 1749 2876 ex
1778 2819 2084 2892 persoluto
2101 2835 2212 2892 pro

559 2912 615 2964 te
645 2909 837 2981 pretio
867 2910 1134 2982 aliquam
1164 2909 1474 2980 dignitatis
1503 2912 1620 2966 tuae
1645 2910 1957 2967 notionem
1983 2909 2207 2981 accipe,

559 2998 638 3056 ad
661 2999 919 3071 pretium
940 2998 1085 3054 illud
1101 3015 1223 3072 quo
1245 3003 1654 3056 commutatus
1671 3015 1732 3055 es
1751 2999 2209 3071 respice,tuam-

2328 1837 2503 1911 ὄφελος
2559 1845 2654 1899 τῆς
2713 1836 2814 1890 ἀπὸ
2857 1845 2959 1890 τῶν
3012 1837 3212 1891 πολλῶν
3269 1836 3579 1915 ἐλευθερίας
3627 1848 3698 1910 τῷ
3725 1840 3801 1912 ὑφ’
3824 1840 3904 1899 ἐνὸς

2325 1931 2654 2001 κρατουμένῳ
2717 1926 2789 1990 εἰς
2864 1923 3141 1996 deuictae»;
3214 1926 3274 1979 Ὀ
3350 1929 3460 2002 γὰρ
3529 1936 3707 2000 ποιῶν,
3797 1933 3900 2001 φησί

2323 2022 2419 2076 τὴν
2481 2017 2761 2092 ἁμαρτίαν,
2825 2012 3008 2078 δοῦλός
3072 2015 3187 2069 ἔστι
3250 2025 3351 2080 τῆς
3410 2017 3694 2094 ἁμαρτίας.
3735 2023 3792 2072 Τί
3854 2015 3899 2070 δὲ

2322 2103 2506 2182 κάρδος
2558 2114 2654 2169 τῆς
2717 2104 2996 2168 ἒνπολλοῖς
3028 2104 3279 2168 ἀπαθείας
3335 2114 3416 2179 τῷ
3475 2109 3564 2182 ὑφ’
3607 2109 3706 2170 ἕνός
3731 2109 3894 2169 πάθους

2323 2198 2635 2272 φθειρομένῳ
2691 2198 2751 2248 τὸ
2784 2204 2976 2268 σῶμα;
3037 2194 3097 2248 '0
3142 2197 3245 2270 γὰρ
3300 2198 3363 2249 τὸ
3417 2196 3624 2270 θέλημα
3661 2204 3747 2250 τοῦ
3790 2203 3894 2249 Θεοῦ

2323 2286 2686 2359 ἐργαζόμενος,
2713 2289 2785 2358 μὴ
2827 2287 3002 2347 καθὼς
3052 2281 3111 2338 δὲ
3157 2284 3289 2338 θέλει
3319 2288 3347 2338 ὁ
3383 2289 3542 2352 Θεὸς,
3576 2283 3709 2359 μηδὲ
3733 2285 3774 2339 ἐν
3801 2282 3894 2337 δια-

2325 2377 2462 2428 θέσει
2519 2383 2610 2436 τῆς
2639 2377 2765 2450 πρὸς
2828 2377 2956 2428 Θεὸν
3004 2373 3213 2446 ἀγάπης
3261 2383 3426 2430 τοῦτο
3466 2385 3648 2442 ποιῶν,
3691 2374 3889 2432 ἀνόνητον

2321 2466 2436 2536 ἔχει
2498 2468 2592 2522 τὴν
2657 2467 2846 2516 τούτου
2901 2460 3162 2522 σπουδήν.
3223 2463 3397 2536 Ἀμην
3457 2467 3560 2540 γὰρ
3617 2464 3735 2537 λέγω
3776 2464 3885 2535 ὑμῖν,

2323 2558 2501 2626 φησὶν,
2555 2555 2634 2606 ὅτι
2697 2551 2964 2624 ἀπέχουσι
3023 2555 3111 2604 τὸν
3186 2555 3382 2625 μισθὸν
3459 2555 3650 2609 αὐτῶν.
3705 2559 3877 2621 Τοιγαρ-

2322 2650 2432 2713 οῦν,
2481 2641 2523 2695 εἰ
2573 2647 2640 2711 μὴ
2685 2651 2781 2704 τῆς
2831 2648 3040 2717 πρώτης
3086 2649 3309 2694 σεαυτοῦ
3347 2648 3625 2714 γενέσεως,
3675 2642 3870 2712 ἄνθρωπε,

2322 2736 2605 2806 μέμνησαι,
2673 2732 2728 2785 ἐκ
2789 2739 2886 2793 τῆς
2965 2731 3395 2795 καταϐληθείσης
3454 2733 3584 2806 ὑπὲρ
3647 2738 3732 2784 σοῦ
3762 2734 3877 2799 τιμῆς

2320 2822 2444 2875 λάϐε
2505 2823 2623 2874 τινὰ
2692 2828 2784 2874 τοῦ
2847 2819 3143 2892 ἀξιώματος
3205 2823 3429 2874 ἔννοιαν⁸
3499 2819 3773 2890 andem»
3808 2835 3875 2868 σου

2319 2917 2445 2988 πρὸς
2482 2913 2538 2963 τὸ
2579 2909 2934 2984 ἀντάλλαγμα,
2957 2914 3049 2963 καὶ
3116 2912 3281 2982 γνῶθι
3343 2919 3573 2964 σεαυτοῦ
3635 2915 3716 2968 τὴν
3745 2906 3873 2969 ἀξίαν.

2319 3009 2402 3072 Τῷ
2449 2999 2788 3073 πολυτιμήτω
2853 3001 3038 3072 αἵματι
3101 3007 3194 3052 τοῦ
3270 3007 3411 3054 Θεοῦ
3459 2999 3781 3076 ἁγοράσθης’
3823 3000 3873 3066 μὴ

558 3103 676 3161 que
701 3103 966 3159 agnosce
995 3088 1376 3161 dignitatem.
1414 3091 1660 3161 Emptus
1680 3105 1742 3144 es
1769 3088 2206 3162 pretiosissimo

2323 3094 2464 3164 γίνου
2506 3085 2692 3152 δοῦλος
2741 3096 2837 3151 τῆς
2867 3087 3146 3163 ἁμαρτίας.
3194 3091 3348 3152 Σύνες
3407 3096 3628 3143 σεαυτοῦ
3684 3095 3767 3147 τῆς
3814 3102 3875 3134 τι·

559 3179 662 3234 Dei
686 3179 1244 3251 sanguine,peccati
1263 3195 1338 3235 ne
1362 3178 1476 3235 ﬁas
1508 3195 1736 3235 servus.
1757 3178 2017 3248 lntellige
2037 3183 2206 3235 tuam

558 3269 994 3342 praestantiam,
1007 3272 1074 3325 ut
1091 3285 1167 3326 ne
1177 3270 1198 3341 j
1211 3268 1467 3325 umentis
1485 3268 1905 3341 insipientibus
1925 3268 2210 3325 assimile-

557 3356 663 3414 ris.
687 3357 1006 3423 Quomodo
1027 3357 1188 3414 enim
1220 3374 1354 3427 vos,
1377 3357 1483 3430 qui
1516 3357 1707 3414 stultis
1734 3357 2210 3430 perniciosisque

560 3446 1060 3518 concupiscentiis
1082 3447 1318 3502 servitis
1337 3446 1833 3519 velutmancipia,
1875 3447 2061 3503 servis
2089 3447 2207 3503 im-

557 3533 907 3607 perabitis?‘
931 3535 1247 3601 Quomodo
1270 3535 1491 3592 liberos
1511 3539 1740 3592 vestros
1761 3539 1918 3593 recte
1943 3537 2208 3593 institue-

559 3624 658 3690 tis,
688 3624 792 3696 qui
814 3627 1119 3697 expertem
1141 3625 1472 3697 disciplinae
1502 3629 1559 3682 et
1584 3625 1809 3681 ordinis
1840 3626 2020 3682 vitam
2045 3627 2208 3698 degi-

558 3714 634 3770 tis
653 3713 679 3767 ?
715 3716 788 3772 Ut
817 3716 973 3772 enim
1000 3716 1150 3772 mihi
1177 3715 1465 3772 incumbit
1506 3717 1840 3785 necessitas,
1859 3723 1912 3774 et
1944 3732 2031 3774 vae
2057 3717 2210 3774 mihi

560 3807 747 3871 est,ut
774 3804 856 3861 ait
883 3804 1226 3876 Apostolus,
1249 3806 1369 3861 nisi
1387 3807 1866 3876 evangelizavero
1891 3806 2206 3877 “,etjusti-

557 3894 701 3950 tiam
723 3893 824 3949 Dei
849 3897 1021 3950 nocte
1034 3893 1252 3967 dieque
1271 3893 1445 3950 vobis
1458 3894 2007 3952 annuntiavertha
2026 3897 2206 3953 etiam

556 3983 728 4039 vobis
757 3998 870 4056 par
906 3984 1264 4056 periculum,
1297 3984 1346 4039 si
1378 3984 1474 4040 vel
1509 3984 1754 4040 desidiae
1780 4001 1884 4040 vos
1904 3985 2204 4056 dederitis,

559 4071 650 4128 vel
677 4071 925 4127 remisse
965 4076 1021 4128 et
1049 4073 1337 4130 dissolute
1365 4073 1427 4130 in
1455 4073 1528 4130 iis
1565 4090 1702 4147 quae
1740 4074 1914 4130 vobis
1960 4075 2208 4132 tradun-

558 4165 656 4218 tur
693 4165 821 4217 tum
845 4160 1192 4232 retinendis,
1227 4165 1353 4218 tum
1397 4178 1578 4235 opere
1611 4162 1986 4236 complendis
2014 4179 2208 4220 verse-

557 4249 725 4308 mini.
751 4251 950 4307 Sermo
976 4251 1137 4306 enim
1167 4267 1334 4323 quem
1357 4253 1591 4308 locutus
1619 4268 1764 4324 sum,
1791 4253 1873 4309 ait
1898 4253 2204 4322 Dominus,

556 4342 971 4411 illejudicabit
988 4343 1281 4399 mundum
1293 4344 1358 4398 in
1376 4349 1642 4400 extrema
1669 4343 1764 4400 die
1780 4344 1847 4398 ’5.
1865 4345 1937 4414 (4)
1963 4345 2210 4416 Semper

2319 3188 2443 3253 μῆς,
2525 3180 2607 3231 ἵνα
2671 3182 2741 3251 μὴ
2808 3179 3170 3253 παρεικασθῇς
3229 3186 3337 3241 τοῖς
3402 3177 3638 3239 ἀνοήτοις
3688 3178 3876 3233 κτήνεσι.

2320 3277 2437 3332 Πως
2504 3269 2606 3344 γὰρ
2671 3275 2771 3320 τῶν
2837 3267 3044 3320 οἰκετῶν
3119 3267 3321 3342 ἄρξετε,
3385 3268 3540 3322 αὖτοὶ
3604 3263 3873 3320 δουλεύοντες

2319 3357 2623 3431 ἓπιθυμίαις
2669 3355 2902 3420 ἀνοήτοις
2960 3361 3052 3418 καὶ
3107 3355 3410 3433 βλαϐεραῖς,
3454 3360 3522 3420 ὡς
3569 3347 3872 3430 ἁνδράποδας

2319 3455 2438 3510 Πῶς
2460 3450 2583 3510 τοὺς
2609 3442 2809 3508 παῖδας
2847 3447 3206 3515 νουθετήσετε,
3255 3445 3601 3506 ἀνουθέτητον
3656 3445 3776 3506 ζωὴν
3807 3442 3871 3491 καὶ

2319 3534 2635 3591 ἀδιάτακτον
2687 3540 2909 3600 ζῶντες;
2968 3534 3170 3608 Ὠσπερ
3233 3538 3337 3609 γὰρ
3401 3536 3516 3609 ἐμοὶ
3572 3534 3755 3605 ἀνάγκη
3795 3528 3871 3580 ἐπί-

2315 3647 2501 3694 κειται,
2559 3629 2650 3678 καὶ
2707 3625 2824 3678 οῦαί
2895 3644 2984 3697 μοι
3049 3625 3211 3696 ἐστὶν,
3281 3625 3367 3678 ἐὰν
3437 3630 3510 3698 μὴ
3573 3619 3869 3693 εὐαγγελίζω-

2316 3737 2431 3790 μαι,
2461 3722 2551 3770 καὶ
2599 3715 2893 3788 ἀναγγελλω
2943 3717 3008 3767 τά
3065 3712 3410 3788 δικαιώματα
3437 3722 3532 3770 τοῦ
3579 3718 3705 3767 Θεοῦ
3729 3707 3868 3762 νυκτὸς

2317 3827 2371 3861 τε
2417 3811 2508 3860 καὶ
2559 3809 2778 3882 ἡμέρας,
2810 3808 2946 3858 κατά
2991 3808 3079 3857 τὸν
3108 3804 3452 3860 Ἀπόστολον·
3487 3804 3620 3858 οὕτω
3666 3803 3746 3853 καὶ
3777 3797 3866 3866 ὑμῖν

2317 3901 2433 3959 ’ίσος
2482 3898 2508 3948 ὁ
2561 3894 2720 3967 ἀγὼν,
2765 3892 3296 3968 ἀπορῥᾳθυμὴσασιν,
3351 3895 3383 3954 ἦ
3462 3893 3646 3951 ἀτόνως
3692 3890 3769 3940 καὶ
3809 3881 3866 3933 ἐκ·

2315 3985 2595 4059 λελυμένως
2669 3988 2800 4058 πρὸς
2851 4002 2904 4036 τε
2965 3987 3059 4042 τὴν
3127 3983 3356 4056 φυλακὴν
3407 3992 3510 4036 τῶν
3560 3969 3865 4055 παραδεδομέο

2316 4097 2413 4128 νων
2459 4079 2550 4128 καὶ
2601 4077 2696 4133 τὴν
2750 4069 2844 4125 διά
2879 4081 2980 4125 τῶν
3037 4075 3198 4146 ἔργων
3251 4073 3525 4150 πλήρωσιν
3580 4065 3863 4123 διατεθεῖσα.

2314 4163 2373 4218 Ὀ
2426 4164 2570 4236 λόγος
2611 4165 2712 4238 γὰρ
2763 4161 2815 4214 ὃν
2868 4161 3118 4229 ἃάλησα,
3174 4167 3332 4234 φησὶν
3383 4163 3410 4216 ό
3483 4163 3684 4234 Κύριος,
3725 4155 3864 4238 ἐκεῖνος

2316 4273 2480 4327 κρινει
2541 4255 2629 4305 τὸν
2685 4255 2880 4324 κόσμον
2949 4250 2997 4304 ἑν
3057 4259 3120 4326 τῇ
3186 4251 3393 4324 ἐσχάτη
3454 4253 3637 4323 ἡμέρᾳ,
3683 4243 3773 4295 Ἀεὶ
3797 4235 3862 4327 pi?

2317 4347 2415 4418 γὰρ
2475 4341 2732 4394 ἑπιθυαῶν
2787 4347 2879 4392 τοῦ
2928 4339 3110 4409 καλοῦ,
3164 4340 3241 4394 ἀεὶ
3271 4338 3331 4394 δε
3389 4337 3752 4410 ἀποτυγχάνων
3797 4321 3860 4375 αὖ·

557 4430 716 4487 enim
749 4430 915 4500 quod
943 4431 1176 4488 bonum
1205 4436 1294 4488 est
1343 4431 1613 4504 cupiens,
1636 4432 1715 4488 ab
1753 4447 1946 4506 eoque
1971 4414 2210 4507 semper

2323 4439 2428 4503 τοῦ,
2458 4431 2552 4484 οὐκ
2581 4429 2738 4488 ἀλλην
2795 4431 2910 4482 τινὰ
2949 4429 3120 4483 αἰτίαν
3142 4432 3251 4502 ἔχω
3307 4438 3420 4492 τοῖς
3475 4428 3743 4501 γινομένοις
3773 4414 3856 4466 έπί·

555 4518 866 4587 aberrans,
900 4520 1131 4577 nullam
1161 4521 1346 4576 aliam
1390 4536 1640 4593 possum
1669 4537 1878 4578 eorum
1895 4538 2032 4595 quas
2055 4523 2210 4581 ﬁunt

555 4624 803 4665 causam
839 4609 1261 4678 invenire,nisi
1289 4610 1455 4682 quod
1483 4625 1840 4682 persuasum
1870 4612 2084 4684 habeo,
2109 4630 2207 4671 me

554 4703 822 4754 veterum
847 4704 1232 4770 peccatorum
1266 4715 1479 4771 poenas
1513 4701 1881 4773 persolvere.
1923 4704 1991 4758 Ut
2026 4702 2207 4772 igitur

554 4788 807 4844 scientes
862 4789 1121 4847 adversa
1158 4790 1352 4846 fronte
1389 4791 1564 4847 nobis
1611 4791 1827 4847 divinae
1887 4792 2204 4866 Scriptura;

555 4891 890 4946 sermones,
918 4893 1028 4950 pro
1057 4876 1342 4934 tribunali
1372 4879 1586 4936 Christi
1626 4880 1977 4952 oppositum
1998 4881 2095 4952 iri;
2123 4881 2205 4939 ita

553 4968 610 5020 et
639 4964 710 5021 iis
738 4980 874 5038 quae
895 4965 1198 5033 dicuntur,
1223 4982 1464 5025 summa
1498 4982 1638 5024 cum
1674 4968 1984 5038 vigilantia
2011 4973 2203 5026 atten-

553 5053 792 5121 damus,
813 5054 1134 5127 etadjopus
1159 5055 1488 5128 perducere
1510 5056 1716 5114 divina
1739 5062 2045 5131 praecepta
2063 5074 2203 5117 cum

625 5216 670 5250 '5
711 5213 920 5272 Matth.
952 5231 1006 5274 γ,
1032 5220 1089 5271 7.

553 5288 595 5323 ²¹
640 5289 807 5344 Rom.
842 5301 902 5354 ιι,
931 5289 983 5353 4,
1009 5291 1060 5342 5.

1179 5217 1222 5250 ¹⁶
1261 5215 1418 5272 Psal.
1449 5232 1596 5284 cxn',
1626 5222 1678 5275 ὅ.

1137 5287 1184 5322 9!
1223 5285 1398 5343 Joan.
1429 5303 1551 5359 xm,
1585 5291 1678 5347 34.

620 5450 698 5558 m
739 5447 1098 5558 Fgﬂliegulis
1129 5447 1326 5514 fusius
1356 5451 1654 5514 tractatis,
1688 5452 1807 5507 329.

623 5517 698 5586 (2')
740 5517 888 5574 ibid.

622 5591 698 5658 (3)
741 5591 821 5645 Ex
841 5588 1006 5648 hom.
1039 5591 1104 5649 in
1134 5590 1290 5661 psat.
1317 5592 1666 5660 XLVlll,185.

1759 5220 1799 5253 ⁷⁷
1843 5219 2040 5275 Matth.
2062 5235 2121 5288 v,
2149 5223 2242 5277 45.

1761 5291 1809 5326 ³⁸
1852 5291 2049 5348 Matth.
2085 5308 2165 5348 v1.
2189 5297 2241 5348 2.

2315 4529 2465 4591 νοῑεν,
2493 4520 2627 4580 πλήν
2656 4539 2712 4592 γε
2769 4516 2836 4578 δὴ
2871 4527 2962 4573 τοῦ
3013 4522 3292 4575 πεπεῖσθαι
3328 4520 3562 4574 παλαιῶν
3603 4515 3856 4586 dum???”

2315 4634 2415 4666 των
2455 4611 2729 4665 ἑκτιννύειν
2769 4607 2946 4672 δίκας.
2993 4610 3082 4673 Ὠς
3111 4606 3198 4662 οὖν
3248 4606 3460 4680 εἰδότες,
3508 4609 3585 4660 ὅτι
3621 4602 3850 4663 ἀντιπροσ-

2315 4721 2445 4755 ωποι
2484 4704 2610 4773 ἡμῖν
2653 4701 2702 4752 οἱ
2743 4707 2836 4761 τῆς
2872 4701 3214 4752 θεοπνεύστου
3251 4706 3461 4772 Γραφῆς
3503 4696 3643 4766 λόγοι
3676 4688 3848 4741 στήσων

2314 4813 2400 4846 ται
2449 4791 2532 4844 ἐπὶ
2569 4797 2661 4843 τοῦ
2711 4788 2947 4862 βήματος
3000 4796 3092 4843 τοῦ
3145 4797 3414 4864 Χριστοῦ’
3462 4787 3594 4840 οὕτω
3621 4781 3700 4833 καὶ
3722 4783 3845 4845 προσ·

2312 4889 2492 4954 χῶμεν
2557 4882 2813 4952 νηφόντως
2891 4885 3000 4940 τοῖς
3076 4878 3386 4951 λεγομένοις,
3452 4879 3542 4928 καὶ
3619 4869 3681 4929 εἰς
3739 4864 3842 4956 ἷρῖξν

2310 4944 2640 5043 προαγαγεῖν.
2677 4969 2744 5020 τὰ
2785 4969 2896 5020 θεῖα
2949 4944 3262 5040 διδάγματα
3308 4944 3605 5022 σπουδαιως
3645 4944 3832 5049 tragici:

2313 5077 2424 5130 μεν,
2479 5059 2554 5110 ὄτι
2607 5057 2703 5110 οὐκ
2747 5053 2963 5128 οἴδαμεν
3001 5075 3129 5128 ποια
3176 5056 3346 5132 ἡμέρᾳ
3391 5057 3420 5115 ἦ
3482 5055 3591 5127 ὥρᾳ
3635 5047 3660 5099 ὀ
3704 5043 3829 5104 Κύριος

2320 5221 2366 5255 ¹⁸
2409 5220 2476 5275 ιν
2515 5220 2656 5289 Reg.
2689 5233 2765 5290 vi,
2795 5219 2884 5275 18.
2919 5219 2964 5253 ’9
3009 5217 3186 5275 Zacb.
3214 5233 3270 5287 ιι,
3304 5218 3355 5276 1.
3432 5215 3480 5250 ²⁰
3504 5214 3638 5270 Gen.
3661 5187 3838 5264 πικῶ-

2318 5293 2365 5328 ²⁴
2405 5294 2426 5348 l
2455 5293 2584 5349 Cor.
2616 5306 2697 5358 ix,
2719 5293 2809 5348 16.
2888 5290 2935 5324 ³⁵
2974 5291 3143 5346 Joan.
3169 5305 3262 5360 xu,
3284 5292 3373 5346 48.

2383 5454 2458 5526 (4)
2499 5454 2580 5526 Ex
2608 5452 2786 5526 epist.
2815 5467 2929 5508 le.
2964 5456 3084 5526 153.
3497 5518 3513 5526 _
3677 5515 3730 5526 __
3771 5504 3840 5526 nm

2383 5504 2459 5596 es
2497 5504 3241 5597 Tn's.2‘as;;r,.‘e;ee,.a
3277 5526 3410 5582 Haec
3440 5513 3634 5580 addita
3671 5515 3732 5562 ex
3769 5504 3822 5548 co

2309 5596 2512 5654 dicum
2543 5596 2729 5657 altero
2759 5601 2818 5654 et
2844 5596 3147 5655 contextu.
