4084 6388
213 321 361 379 1217

1324 314 1553 374 SERMO
1593 311 1732 368 VIII.
1771 339 1840 353 —
1880 311 1970 370 DE
2020 315 2488 378 ΡίῈΝΙΤΕΝΤΙΑ.

3445 334 3582 389 1218

206 448 366 518 ἡμῶν
406 447 639 520 ἔρχεται·
685 443 836 514 Αύτῷ
888 445 917 501 ἠ
969 438 1102 507 δόξα
1146 445 1236 497 καὶ
1292 444 1350 497 τὸ
1381 442 1566 517 κράτος
1588 438 1659 503 εἰς
1700 440 1819 501 τοὺς

1930 440 2129 499 studio
2148 459 2545 517 properemus
2568 464 2584 517 ;
2608 445 2755 520 quia
2774 445 3011 520 qualdie
3031 450 3090 506 et
3107 449 3260 510 hora
3290 454 3582 513 Dominus

209 535 406 598 αἰῶνας
426 543 525 588 τῶν
556 534 771 591 αἰώνων.
801 533 984 606 Ἀμήν.

739 843 887 894 ΠΕΡΙ
927 844 1311 894 ΜΕΤΑΝΟΙΑΣ

862 972 1070 1020 ΔΟΓΟΣ
1111 966 1190 1024 Η’.

294 1097 340 1148 1.
388 1094 564 1155 Διττός
613 1109 703 1164 μοι
741 1090 896 1164 φόϐος
942 1091 1195 1162 ἐνέσκηψε
1276 1099 1388 1153 τοῖς
1437 1096 1532 1152 τῆς
1586 1087 1817 1150 διανοίας

215 1182 430 1244 κόλποις
486 1181 543 1234 ἐκ
581 1189 677 1242 τῆς
731 1187 850 1256 περὶ
923 1184 980 1235 σε
1049 1182 1357 1243 ὑποθέσεως.
1436 1179 1505 1233 Ἠ
1586 1182 1687 1254 γάρ
1738 1199 1816 1241 τις

214 1269 540 1343 ἀσυμπαθὴς
616 1273 810 1345 τρόπος
849 1269 1338 1346 προκαταρξάμενος
1398 1270 1469 1332 εἰς
1513 1270 1810 1341 μισανθρω-

213 1366 336 1422 πίας
383 1361 616 1434 ἒγκλημοὲ
663 1380 726 1434 με
779 1361 1128 1437 πετιρρίπτει,
1192 1361 1222 1419 ἣ
1309 1357 1456 1421 αὖθις
1524 1359 1816 1432 συμπαθεῖν

215 1450 473 1514 ἐθέλοντα,
521 1456 613 1504 καὶ
677 1453 809 1525 πρὸς
861 1452 928 1504 τὰ
967 1451 1109 1508 πάθη
1187 1449 1595 1522 μαλακίζεσθαι,
1650 1455 1818 1508 κακῶς

217 1537 517 1598 διατίθησι.
579 1544 767 1614 Διόπερ
832 1544 922 1592 καὶ
972 1535 1354 1615 διαχαράττειν
1421 1537 1614 1611 με’λλων
1669 1541 1817 1591 τουτί

215 1649 316 1702 μου
364 1632 420 1683 τό
473 1631 715 1704 γράμμα,
770 1635 865 1688 τὴν
913 1631 1003 1702 μὲν
1046 1636 1207 1704 χεῖρα
1253 1637 1527 1702 ναρκώσαν
1575 1634 1684 1688 τοῖς
1727 1627 1817 1680 λο-

216 1727 427 1792 γισμοῖς
477 1719 758 1790 ἐνεύρωσα,
806 1722 865 1772 τὸ
915 1715 976 1772 δε
1033 1723 1332 1792 πρόσωπον,
1389 1719 1714 1792 ἠπορημένον
1764 1715 1818 1769 ἐκ

1926 535 2127 588 noster
2155 538 2445 591 venturus
2483 535 2574 608 sit,
2607 536 2787 593 nobis
2816 536 2997 609 plane
3051 544 3138 597 est
3182 541 3479 602 incertum
3509 547 3580 602 ³⁸.

1929 621 2033 676 Cui
2061 623 2308 694 quidem
2357 623 2568 698 gloria,
2598 629 2656 684 et
2683 628 2968 700 potestas,
2991 627 3054 686 in
3084 631 3306 690 saecula
3337 634 3582 692 saeculo-

1926 725 2082 768 rum.
2115 716 2324 771 Amen.

2307 838 2483 913 514
2532 841 2640 898 DE
2677 842 3222 904 ΡΠΞΝῙΤΕΝΤῙΑ.

2563 969 2791 1026 SEBMO
2832 968 2976 1028 VIII.

1999 1093 2058 1148 1.
2097 1092 2173 1163 (‘2)
2202 1092 2428 1166 Duplex
2460 1093 2638 1150 timor
2668 1095 2848 1153 subiit
2877 1097 3097 1154 mentis
3116 1113 3267 1154 mea:
3287 1098 3453 1154 sinus
3483 1101 3584 1156 tua

1927 1196 2130 1237 causa.
2167 1186 2276 1239 Aul
2317 1184 2478 1239 enim
2523 1200 2959 1259 praeoccupans
3000 1202 3098 1242 me
3155 1187 3583 1244 immisericors

1925 1269 2180 1342 quidam
2209 1271 2608 1329 animimotus
2636 1274 2696 1329 in
2710 1275 2937 1331 crimen
2964 1275 3424 1332 inhumanitatis
3444 1292 3585 1333 con—

1922 1359 2069 1432 jicit,
2113 1364 2216 1416 aut
2266 1377 2476 1417 rursus
2506 1362 2774 1418 misereri
2820 1363 3146 1435 volentem,
3178 1365 3360 1422 etiam
3389 1369 3456 1421 ut
3503 1365 3583 1422 ad

1927 1449 2068 1506 vitia
2099 1450 2542 1524 remollescam,
2574 1452 2733 1508 male
2765 1453 3076 1510 convertit.
3122 1456 3315 1520 Quare
3345 1459 3402 1511 et
3425 1456 3585 1510 hanc

1927 1554 2129 1595 meam
2169 1540 2486 1612 epistolam
2507 1546 2884 1614 exaraturus,
2917 1559 3168 1599 manum
3195 1543 3435 1616 quidem
3467 1548 3586 1600 tor-

1925 1633 2270 1701 pescentem
2296 1630 2860 1688 ratiocinationibus
2884 1632 3288 1703 corroboravi,
3323 1633 3430 1689 sed
3455 1632 3585 1690 vul-

1929 1723 2075 1789 tum,
2107 1735 2181 1774 ex
2210 1725 2502 1792 concepta
2545 1725 2790 1793 propter
2810 1725 2864 1778 te
2895 1722 3129 1779 tristitia
3161 1723 3432 1793 anxium,
3455 1739 3584 1778 mu-

217 1816 311 1870 τῆς
356 1807 438 1862 ἐπὶ
485 1814 570 1862 σοὶ
617 1813 923 1880 κατηφείας,
981 1807 1260 1860 ἀλλοιῶσαι
1316 1808 1411 1859 ούκ
1472 1811 1700 1879 ἰσχυσα,
1740 1826 1819 1859 το-

1930 1811 2053 1864 tare
2093 1823 2215 1864 non
2265 1809 2466 1880 potui;
2528 1813 2690 1865 tanto
2747 1810 2896 1866 mihi
2941 1812 3184 1867 incusso
3238 1811 3490 1884 pudore,
3523 1815 3586 1868 ut

221 1900 415 1961 σαύτης
473 1917 563 1970 μοι
616 1896 938 1970 ἐπικειμένης
987 1897 1273 1968 αἰσχύνης,
1330 1898 1395 1956 ὡς
1441 1902 1532 1948 καὶ
1577 1900 1671 1954 τὴν
1727 1901 1818 1948 τοῦ

223 1991 475 2060 στόματος
549 1986 839 2058 σύμπτυξιν
875 1994 1213 2059 παραχρῆμα
1283 1989 1512 2053 πίπτειν,
1554 1993 1653 2037 τῶν
1697 2004 1812 2057 χει-

215 2077 336 2129 λέων
397 2095 496 2148 μου
561 2075 629 2136 εἰς
704 2075 970 2149 κλαυθμὸν
1040 2075 1449 2150 ἐκτρεπσμένων.
1505 2074 1709 2148 Οἳμοιε
1766 2079 1818 2128 τί

218 2168 364 2235 εἴπω,
409 2169 439 2224 ἦ
482 2170 533 2218 τί
574 2165 892 2239 λογίσωμαι,
938 2164 986 2218 ἐν
1015 2161 1213 2239 τριόδῳ
1265 2165 1340 2228 (U
1401 2164 1813 2238 ἀπειλημμένοςς

224 2255 337 2307 Ἐὰν
395 2254 524 2307 ἔλθω
571 2254 642 2318 εὶς
691 2259 902 2327 μνήμην
964 2263 1060 2317 τῆς
1131 2258 1386 2328 προτέρας
1446 2274 1540 2306 σου
1589 2259 1815 2326 ματαίας

217 2341 565 2417 ἀναστροφῆς,
638 2345 721 2396 ὅτε
784 2363 869 2397 σοι
941 2342 1196 2419 περιέρρει
1265 2343 1500 2416 πλοῦτος,
1581 2348 1670 2395 καὶ
1756 2348 1814 2396 τὸ

217 2436 540 2509 χαμαιρεπὶς
569 2429 832 2507 δοξάριον,
877 2438 1094 2506 φρίττωσ
1128 2435 1288 2492 ἡνίκα
1335 2435 1502 2486 εἵπετό
1544 2452 1629 2485 σοι
1653 2432 1814 2485 κολά-

216 2542 314 2574 κων
345 2521 560 2592 πλῆθος,
601 2526 692 2574 καὶ
738 2530 940 2595 τρυφῆς
989 2521 1276 2584 ἀπόλαυσις
1324 2528 1643 2598 πρόσκαιρος
1689 2525 1816 2595 μετά

217 2619 510 2686 προφανοῦς
595 2609 840 2664 κινδύνου
907 2616 996 2664 καὶ
1059 2609 1261 2664 ἀδίκων
1324 2618 1516 2687 πόρων’
1589 2619 1678 2665 καὶ
1741 2620 1812 2671 πῆ

218 2706 304 2773 μέν
345 2700 654 2776 αρχοντικοὶ
703 2700 852 2772 φόϐοι
903 2696 1229 2774 διερρίπιζόν
1287 2719 1384 2753 σου
1439 2707 1534 2759 τὴν
1591 2710 1686 2762 τῆς
1718 2720 1815 2753 σω-

219 2794 402 2861 τηρίας
421 2791 686 2856 ὑπόνοιαν,
713 2797 784 2847 πῆ
823 2785 883 2842 δὲ
928 2785 1203 2862 δημοσίων
1255 2789 1468 2862 θόρυϐοι
1515 2785 1815 2843 διεσάλευον

223 2899 314 2932 σου
341 2885 433 2938 τὴν
456 2878 653 2944 ἑστίαν,
687 2883 715 2937 ἡ
748 2898 801 2932 τε
833 2884 1036 2951 συνοχὴ
1095 2888 1193 2932 τῶν
1236 2888 1411 2931 κακῶν
1469 2878 1819 2955 ἀπεσφαίριζέ

225 2988 316 3021 σου
348 2973 436 3021 τόν
458 2976 575 3022 νοῦν
607 2972 737 3044 πρὸς
765 2971 854 3021 τὸν
903 2965 1185 3042 δυνάμενόν
1231 2988 1316 3022 σοι
1374 2967 1606 3042 βοηθεῖν·
1664 2971 1819 3027 ἡνίκα

219 3061 352 3111 κατὰ
402 3061 589 3136 μικρὸν
662 3057 893 3132 ἐμελέτας
969 3057 1371 3134 περιϐλέπεσθαι
1436 3063 1523 3112 τόν
1581 3067 1814 3132 Σωτῆρα,

1927 1896 2048 1954 oris
2086 1897 2266 1953 etiam
2297 1897 2506 1969 ﬂexus,
2541 1897 2716 1954 labiis
2740 1900 2890 1955 meis
2912 1899 2971 1955 in
3001 1899 3232 1956 luctum
3251 1901 3584 1969 conversis,

1928 1985 2127 2041 statim
2149 1984 2508 2041 concideret.
2533 1985 2634 2041 Hei
2655 1985 2823 2056 mihi,
2850 1987 2997 2059 quid
3026 1987 3246 2059 dicam,
3296 1991 3400 2045 aut
3435 1987 3584 2061 quid

1929 2073 2183 2145 cogitem
2204 2073 2266 2130 in
2311 2073 2484 2130 trivio
2512 2076 2911 2132 constitutus?
2944 2075 3001 2132 Si
3029 2076 3179 2132 mihi
3219 2076 3435 2149 prioris
3467 2081 3582 2132 tum

1926 2180 2096 2220 vanae
2127 2164 2372 2220 vivendi
2399 2164 2648 2221 rationis
2682 2166 2883 2222 veniat
2904 2166 2964 2221 in
2981 2170 3266 2234 mentem,
3300 2182 3439 2223 cum
3469 2167 3583 2222 cir-

1925 2253 2322 2310 cumﬂuerent
2355 2258 2409 2310 te
2459 2253 2700 2321 divitiae,
2728 2271 2798 2310 ac
2820 2254 2989 2310 humi
3038 2271 3256 2328 repens
3305 2255 3580 2327 gloriola,

1924 2343 2168 2412 horreo;
2205 2359 2342 2398 cum
2375 2341 2761 2400 adulatorum
2785 2347 2838 2400 te
2863 2350 3212 2418 sequeretur
3236 2345 3579 2414 multitudo,

1924 2434 2331 2506 fruererisque
2359 2433 2530 2490 brevi
2551 2450 2621 2490 ac
2671 2435 3035 2508 temporaria
3084 2435 3410 2508 voluptate,
3458 2451 3581 2492 non

1927 2523 2056 2580 sine
2076 2523 2397 2580 manifesto
2424 2523 2692 2596 periculo
2719 2529 2777 2581 et
2803 2524 3013 2598 iniquo
3053 2531 3321 2597 quaestu;
3357 2531 3412 2582 et
3440 2542 3579 2598 par-

1926 2613 2031 2668 tim
2062 2613 2311 2685 quidem
2340 2613 2807 2684 magistratuum
2832 2614 3013 2670 timor
3031 2617 3082 2670 te
3105 2615 3180 2669 de
3214 2615 3404 2671 salute
3426 2616 3583 2686 cogi-

1927 2706 2153 2758 tantem
2183 2701 2536 2772 exagitaret;
2569 2701 2788 2774 partim
2814 2718 2956 2758 vero
2982 2702 3367 2775 publicorum
3396 2720 3582 2774 nego-

1927 2791 2146 2848 tiorum
2205 2791 2501 2847 tumultus
2562 2794 2728 2846 tuam
2772 2791 3239 2847 interturbarent
3302 2792 3578 2861 domum,

1926 2885 2102 2953 atque
2134 2881 2437 2935 malorum
2471 2879 2812 2951 frequentia
2833 2884 3097 2935 mentem
3126 2885 3292 2938 tuam
3317 2881 3395 2937 ad
3417 2898 3578 2949 eum,

1925 2971 2028 3043 qui
2059 2968 2338 3042 opitulari
2360 2968 2465 3024 tibi
2493 2974 2744 3040 poterat,
2779 2973 3178 3042 retorqueret;
3204 2987 3340 3026 cum
3374 2971 3580 3042 paula-

1925 3059 2033 3116 tim
2060 3061 2432 3116 Servatorem
2454 3057 2911 3130 circumspicere
2923 3057 3580 3127 meditareris,timores

221 3153 434 3221 φέροντα
506 3150 595 3220 μὲν
647 3151 772 3222 πρὸς
847 3147 1088 3220 ὠφελειαν
1146 3152 1267 3210 τοὺς
1334 3147 1542 3221 φόϐους,
1572 3148 1818 3222 ρυμόενον

1930 3148 2176 3222 quidem
2197 3147 2303 3203 tibi
2319 3146 2396 3203 ad
2410 3151 2580 3204 tuam
2599 3145 2915 3203 utilitatem
2933 3146 3308 3216 inferentem,
3322 3147 3582 3204 liberan-

224 3235 280 3291 δέ
311 3256 389 3306 σε,
448 3243 537 3290 καὶ
597 3241 874 3304 σκέποντα,
931 3238 1187 3298 παίζοντα
1224 3237 1338 3290 κατ’
1397 3237 1558 3290 αύτου
1603 3237 1652 3290 ἐν
1705 3259 1820 3302 ταις

221 3323 438 3388 ἀδείαιςο
495 3328 650 3385 ἡνίκα
705 3325 999 3399 ἐγύμναζον
1068 3329 1194 3402 πρὸς
1273 3325 1561 3399 μεταϐολὴν
1632 3336 1820 3401 σεμνοῦ

222 3420 433 3490 τρόπον,
489 3414 784 3476 συϐαλίζων
833 3419 923 3487 μέν
974 3433 1069 3467 σου
1115 3421 1210 3474 τὴν
1275 3413 1654 3469 πολυκίνδυνον
1698 3437 1818 3492 περι

222 3510 422 3572 ουσίαν,
482 3505 627 3556 οἴκου
675 3522 729 3556 τε
777 3505 1071 3578 θεραπείαν,
1132 3509 1221 3557 καὶ
1295 3511 1538 3557 συνοίκου
1613 3506 1820 3578 ὁμιλίαν

224 3593 671 3668 ἀπαρνησαμενος.
761 3592 911 3654 ’Ὁλος
967 3594 1270 3668 μετάρσιος,
1321 3597 1495 3669 ὧσπερ
1540 3595 1673 3657 ξένος
1731 3601 1819 3648 καὶ

222 3684 433 3752 ἀλήτης,
499 3682 692 3756 ἀγρούς
756 3687 846 3734 καὶ
896 3682 1067 3743 πόλεις
1125 3682 1423 3756 ἐξαμείϐων,
1501 3683 1819 3759 κατέδραμες

223 3779 304 3838 ἐπὶ
355 3775 420 3826 τὰ
471 3772 828 3847 Ἰεροσόλυμα,
875 3775 997 3826 ἔνθα
1024 3792 1108 3826 σοι
1130 3779 1220 3826 καὶ
1252 3774 1410 3836 αὐτὸς
1441 3773 1820 3852 ουνδιατρίϐων

222 3861 537 3935 ἐμακάριζον
585 3871 686 3915 τῶν
744 3861 1036 3921 ἀθλητικῶν
1089 3867 1280 3933 πόνων,
1331 3866 1413 3918 ὅτε
1453 3861 1822 3937 ἐϐδοματικοῖς

221 3952 428 4015 κύκλοις
469 3961 649 4013 νῆστις
703 3949 949 4005 διατελῶν
994 3960 1110 4023 Θεῷ
1163 3953 1640 4028 προσεφιλοσόφεις,
1691 3957 1821 4028 ὁμοῦ

219 4045 304 4094 καὶ
347 4045 438 4104 τὰς
464 4051 564 4095 τῶν
595 4041 876 4114 ἀνθρώπων
931 4047 1223 4114 συντυχίας
1270 4041 1406 4114 λόγῳ
1453 4052 1648 4116 τροπῆς
1693 4045 1823 4097 ύπο-

221 4135 436 4205 φεύγων,
484 4137 575 4186 καὶ
620 4133 860 4204 ἡσυχίαν
911 4130 1076 4202 ἐαυτῷ
1127 4129 1445 4204 ἐφαρμόσας,
1505 4136 1626 4193 τούς
1674 4133 1822 4186 πολι-

220 4226 394 4286 τικούς
454 4221 703 4297 θορύϐους
785 4219 1060 4284 ἐξέκλινας.
1143 4224 1323 4294 Σακκῳ
1377 4219 1436 4275 δὲ
1509 4231 1701 4296 τραχεῖ
1764 4227 1822 4276 τὸ

224 4316 374 4385 σῶμα
434 4333 530 4367 σου
589 4309 897 4377 διανύττων,
940 4318 1031 4365 καὶ
1084 4312 1220 4385 ζώνη
1283 4312 1486 4387 σκληρᾷ
1536 4319 1629 4372 τὴν
1660 4316 1822 4387 ὀσφύν

219 4407 595 4474 περισφίγγων,
637 4411 957 4474 καρτερικῶς
1007 4404 1074 4454 τὰ
1155 4402 1289 4454 ὀστᾶ
1370 4421 1465 4456 σου
1552 4400 1820 4466 διέθλιϐες.

1929 3242 2048 3295 tem
2074 3252 2218 3294 vero
2250 3253 2321 3293 ac
2359 3240 2776 3312 protegentem
2805 3240 2879 3308 te,
2914 3236 3019 3309 qui
3050 3236 3124 3307 ei,
3173 3238 3321 3294 dum
3361 3237 3423 3292 in
3454 3242 3582 3294 tuto

1928 3343 2116 3396 esses,
2144 3327 2444 3396 illuseras;
2491 3342 2628 3383 cum
2663 3331 2716 3383 te
2743 3325 2822 3382 ad
2852 3327 3234 3384 innovandos
3265 3328 3582 3400 acquiren-

1928 3419 2162 3491 dosquc
2173 3418 2458 3474 honestos
2469 3433 2668 3473 mores
2678 3417 3583 3490 cxerceres,periculosissimam

1929 3512 2096 3564 tuam
2127 3507 2498 3580 opulentiam
2527 3506 2694 3562 nihili
2753 3507 3003 3574 faciens,
3045 3507 3250 3579 reique
3273 3506 3583 3564 familiaris

1929 3614 2137 3654 curam
2186 3603 2242 3654 et
2267 3598 2469 3652 uxoris
2517 3597 3019 3654 consuetudinem
3051 3598 3372 3666 refugiens.
3431 3597 3583 3662 Quin

1929 3689 2108 3744 etiam
2126 3692 2287 3743 totus
2311 3686 2606 3755 sublimis,
2628 3686 2789 3742 velut
2806 3688 3156 3758 peregrinus
3172 3691 3228 3742 et
3253 3702 3406 3754 erro,
3425 3686 3586 3756 agris

1929 3782 1986 3833 et
2009 3776 2348 3833 civitatibus
2377 3776 2731 3848 peragratis,
2757 3775 2953 3848 petisti
2974 3776 3372 3847 Jerosolyma,
3398 3775 3503 3831 ubi
3527 3778 3586 3832 et

1929 3866 2058 3938 ipse
2089 3872 2288 3921 tecum
2342 3868 2755 3920 commoratus
2788 3863 2867 3919 ob
2900 3863 3212 3920 athleticos
3243 3869 3296 3920 te
3345 3863 3585 3920 labores

1930 3958 2177 4012 beatum
2194 3952 2628 4027 przedicabam,
2653 3969 2790 4008 cum
2815 3968 2923 4024 per
2943 3953 3312 4025 septenarios
3326 3953 3582 4010 circulos

1925 4045 2170 4118 jejunus
2187 4058 2581 4117 perseverans
2603 4045 2720 4098 Deo
2733 4041 3265 4114 philosophareris,
3281 4043 3584 4115 simulque

1931 4149 2294 4204 congressus
2316 4132 2622 4188 humanos
2643 4130 3121 4202 velutiinfugam
3135 4148 3463 4189 conversus
3485 4132 3585 4190 de-

1931 4226 2168 4290 vitares,
2185 4228 2365 4295 atque
2380 4221 2702 4294 tranquillo
2725 4220 2967 4278 vivendi
2985 4236 3201 4291 genere
3219 4221 3325 4278 tibi
3343 4225 3582 4294 parato,

1932 4312 2134 4370 civiles
2157 4311 2448 4368 tumultus
2477 4310 2832 4367 declinares.
2856 4313 3141 4367 Przeterea
3161 4326 3378 4383 corpus
3409 4314 3584 4366 tuum

1933 4401 2122 4458 cilicio
2153 4415 2372 4473 aspero
2412 4398 2753 4468 lancinans,
2785 4403 2841 4454 et
2871 4414 3026 4454 zona
3054 4399 3209 4455 dura
3246 4398 3584 4466 astringens

226 4493 459 4559 Λαγόνας
519 4485 578 4542 δὲ
631 4497 742 4550 ταῖς
791 4487 1010 4550 ἐνδείαις
1055 4489 1326 4542 κοιλαίνων
1377 4495 1541 4566 μεχρι
1580 4503 1680 4546 τῶν
1730 4515 1819 4546 νω·

1930 4491 2176 4546 lumbos
2193 4494 2350 4559 tuos,
2381 4487 2672 4561 patienter
2701 4503 2841 4544 ossa
2861 4491 2964 4543 tua
2994 4486 3310 4543 atterebas.
3337 4486 3487 4551 Quin
3529 4488 3587 4543 et

223 4581 405 4628 τιαίων
492 4585 659 4654 μερῶν
737 4579 1136 4650 ύπεχαύνωσας·
1237 4584 1328 4632 καί
1421 4587 1646 4652 φασκίας
1733 4586 1823 4655 μέν

224 4665 428 4730 ἁπαλῆς
473 4671 567 4726 τὴν
619 4675 822 4740 χρῆσιν
883 4665 1192 4741 ἁπηρνὴσω’
1244 4665 1449 4741 ἔνδογεν
1509 4667 1568 4723 δὲ
1605 4673 1699 4733 τὰς
1737 4671 1825 4724 λα-

221 4757 394 4830 πάρας
466 4758 652 4819 σικύας
725 4753 881 4815 δίκην
961 4757 1267 4830 ὑφελκύσας,
1337 4765 1442 4820 τοῖς
1518 4767 1829 4832 νεφριτικοῖς

220 4850 441 4921 χωρίοις
487 4845 914 4921 προσκολλᾶσθαι
955 4845 1192 4909 ἐϐιάζου.
1243 4845 1408 4906 ’Ὀλην
1460 4844 1548 4918 βε
1594 4854 1688 4908 τὴν
1735 4858 1830 4913 τῆς

224 4939 421 5010 σαρκός
485 4936 704 5009 πιμελὴν
772 4935 1079 5006 ἐκκενώσας,
1135 4940 1252 4999 τοὺς
1337 4947 1437 4990 τῶν
1495 4940 1829 5014 ύπογασρίων

221 5023 442 5096 ὀχετούς
479 5030 720 5096 γενναίως
765 5024 1041 5100 ἐξήρανας,
1093 5030 1329 5100 γαστέρα
1383 5045 1436 5079 τε
1489 5029 1656 5086 αὐτὴν
1712 5037 1827 5092 ταῖς

222 5112 452 5179 ἀσιτίαις
511 5113 837 5187 συμπτύξας,
912 5117 978 5167 τὰ
1043 5114 1353 5190 πλευριτικὰ
1423 5120 1580 5190 μέρη,
1652 5117 1825 5194 ὡσπερ

220 5207 336 5258 τινὰ
376 5209 564 5277 στέγης
621 5203 836 5276 ἐξοχὴν,
887 5211 997 5266 τοῖς
1048 5212 1142 5258 τοῦ
1204 5204 1438 5279 ὀμφαλοῦ
1490 5210 1698 5282 μέρεσιν
1742 5210 1826 5261 ἐπ-

223 5295 481 5359 εσκίαζες.
544 5299 645 5349 Καὶ
700 5294 1090 5368 συνεσταλμένῳ
1150 5294 1248 5368 ὅλῳ
1296 5315 1368 5368 τῳ
1423 5295 1642 5372 ὀργάνῳ,
1692 5301 1828 5354 κατὰ

295 5440 343 5476 ³⁸
372 5439 489 5495 Luc
509 5454 612 5508 xu,
642 5438 710 5494 lio

294 5578 477 5655 (I)_’Ev
502 5577 856 5655 Tptod‘q).__s_ic
881 5595 996 5655 ope
1027 5584 1340 5655 contextus
1367 5582 1827 5646 emendavimus

226 5648 396 5726 quod
425 5648 554 5711 erat
582 5652 643 5710 in
663 5648 857 5725 editis,
881 5648 1191 5730 ἐν’πρὸόδῳ,

1933 4580 2034 4636 illa
2062 4579 2267 4635 inedia
2322 4593 2680 4644 concavans,
2725 4592 2798 4632 ea
2823 4593 3018 4648 usque
3064 4576 3141 4632 ad
3173 4575 3337 4631 dorsi
3381 4578 3584 4647 partes

1932 4669 2072 4725 laxa
2103 4667 2370 4736 effecisti,
2402 4670 2580 4739 atque
2621 4665 2822 4722 {ascite
2851 4664 3046 4721 mollis
3073 4665 3292 4736 rejecto
3317 4680 3453 4734 usu,
3481 4663 3584 4720 ab-

1936 4758 2159 4814 domen
2175 4756 2534 4813 intrinsecus
2548 4755 2872 4811 cucurbitre
2887 4754 2947 4810 in
2960 4770 3193 4812 morem
3205 4757 3584 4810 contractum

1936 4848 2181 4904 renibus
2207 4846 2619 4903 adhaerescere
2653 4843 2934 4914 cogebas.
2980 4844 3068 4900 Ad
3097 4843 3244 4914 haec,
3291 4846 3585 4900 evacuato

1939 4938 2135 4994 carnis
2161 4941 2286 4994 toto
2317 4936 2517 5008 adipe,
2564 4935 2877 4991 exsiccasti
2912 4939 3151 4990 strenue
3189 4937 3426 4990 meatus
3471 4932 3586 4990 sub

1936 5032 2142 5084 ventre
2171 5027 2336 5095 sitos,
2365 5029 2420 5081 et
2440 5024 2575 5097 ipso
2605 5027 2811 5080 ventre
2837 5023 3037 5081 inedia
3065 5026 3387 5094 coarctato,
3411 5021 3589 5079 facie-

1935 5116 2046 5174 bas
2057 5120 2123 5174 ut
2143 5120 2388 5173 costatae
2410 5117 2633 5186 partes,
2655 5113 2791 5170 tecti
2815 5113 2992 5185 quasi
3012 5113 3299 5185 quaedam
3321 5112 3589 5169 eminen-

1934 5207 2017 5264 tia
2055 5205 2339 5262 umbram
2373 5204 2726 5260 inducerent
2756 5203 3036 5277 partibus
3071 5202 3357 5260 umbilici.
3395 5204 3588 5272 Atque

1934 5299 2244 5355 contracto
2267 5298 2389 5354 toto
2418 5309 2672 5366 organo,
2727 5293 3037 5354 nocturnis
3083 5291 3248 5353 horis
3297 5288 3588 5349 conﬁtens

2007 5583 2080 5658 (2)
2114 5584 2194 5639 Ex
2216 5581 2391 5656 epist.
2411 5597 2542 5652 XLv,
2575 5583 2697 5643 l33.
