4084 6374
193 343 329 397 1221

1311 336 1542 396 ΞΕΒΜΟ
1582 336 1720 393 Vill.
1762 365 1829 375 —
1866 336 1958 391 DE
1997 335 2442 392 ΡίΕΝΠἙΝτΙΑ

3426 338 3561 396 1222

188 484 281 524 νος
309 486 321 497 ·
351 465 741 531 Μετανοήσατε,
773 481 862 514 κα.
897 461 1251 536 βαπτισθήτω
1279 464 1500 524 ἕκαστος
1542 463 1685 534 ὑμῶν
1712 458 1798 513 έπὶ

1918 457 2087 515 audis
2118 475 2132 515 :
2164 458 2332 532 Agite
2354 458 2786 531 penitentiam,
2817 463 2874 516 et
2901 458 3243 529 baptizatur
3274 461 3542 535 unusqm'

191 561 269 624 τῷ
322 553 539 625 ὀνόματι
587 559 678 603 τοῦ
726 556 920 625 Κυρίου
947 551 1125 611 Ἰησοῦ
1166 553 1235 615 εἰς
1276 554 1460 625 ἄφεσιν
1508 550 1798 626 ἁμαρτιῶν,

190 648 287 695 καὶ
309 641 540 713 λήψεσθε
577 645 672 699 τὴν
699 639 1007 713 ἐπαγγελίαν
1033 650 1125 695 τοῦ
1156 642 1454 717 Πνεῦματος
1478 662 1491 674 ·
1523 638 1611 692 ὑπ’
1638 639 1798 691 αὑτοῦ

192 738 289 783 τοῦ
318 735 514 803 Κυρίου
536 728 1080 803 προσλαμϐανόμενος,
1099 731 1333 803 λέγοντος
1361 745 1376 761 '
1407 736 1557 784 Δεῦτε
1589 731 1712 806 πρὸς
1737 730 1800 801 με

194 823 384 880 πάντες
413 821 462 872 οἰ
490 827 768 882 κοπιῶντες
789 824 880 872 καὶ
903 824 1326 895 πεφορτισμένοι,
1344 817 1490 891 κάγὼ
1515 816 1800 871 ἀναπαύσω

195 913 331 983 ὑμᾶς
355 929 368 942 ·
399 907 582 979 ὀκνεῖς,
606 912 695 960 καὶ
735 907 982 982 βουλεύῃ,
1018 914 1108 962 καὶ
1149 906 1186 962 δ
1192 909 1464 983 ιαμέλλεις.
1494 907 1581 961 Ἐκ
1610 910 1799 965 νηπίου

192 1004 283 1052 τόν
318 999 470 1070 λόγον
500 1001 919 1071 κατηχούμενος,
975 999 1117 1052 οῦπω
1167 1001 1381 1053 συνέθου
1430 1006 1493 1072 τῇ
1544 996 1798 1069 ἀληθείᾳ,

194 1093 418 1142 πάντοτε
446 1088 740 1162 μανθάνων,
768 1084 977 1141 οὐδέπω
1005 1089 1153 1150 ἦλθες
1176 1093 1303 1165 πρὸς
1339 1094 1432 1147 τήν
1480 1090 1758 1160 ἓπίγνωσιν
1782 1101 1795 1152 ;

195 1182 498 1252 Πειραστὴς
528 1173 624 1230 διὰ
663 1174 807 1249 βίου,
866 1180 1194 1240 κατάσκοπος
1236 1183 1399 1252 μέχρι
1450 1182 1646 1252 γήρως.
1675 1180 1800 1228 πότε

190 1273 393 1338 γενήσῃ
435 1270 783 1341 Χριστιανός
814 1270 939 1319 πότε
981 1285 1039 1319 σε
1066 1271 1387 1340 γνωρίσομεν
1418 1268 1488 1326 ὡς
1516 1267 1797 1340 ἠμέτερον;

191 1364 393 1430 Περυσι
429 1358 516 1409 τὸν
544 1359 778 1430 παρόντα
804 1359 986 1429 καιρόν
1027 1351 1294 1428 έξεδέχου,
1326 1362 1415 1407 νῦν
1463 1354 1617 1407 πάλιν
1668 1353 1798 1407 ἁνα-

190 1450 357 1517 μένεις
388 1448 477 1497 τὸν
508 1446 739 1498 ἐπιόντα.
761 1443 917 1519 Ὀρα,
971 1448 1040 1517 μὴ
1096 1444 1306 1518 εὑρεθῇς
1351 1447 1677 1519 μακροτέρας
1704 1451 1801 1505 τῆς

189 1536 330 1595 ζωῆς
361 1536 450 1595 τὰς
487 1535 811 1605 ὑποσχέσεις
839 1537 1163 1606 ποιούμενος.
1194 1536 1305 1585 ωῦκ
1341 1530 1496 1595 οἶδας
1523 1537 1575 1586 τί
1602 1532 1800 1595 τέξεται

189 1625 219 1680 ἠ
270 1622 530 1675 ἐπιοῦσα·
582 1627 653 1695 μὴ
712 1621 1025 1693 ἑπαγγέλλου
1063 1624 1131 1674 τὰ
1173 1626 1244 1694 μὴ
1299 1624 1387 1674 σα.
1415 1621 1531 1674 Ἐπὶ
1569 1620 1709 1682 ζωήν
1742 1639 1799 1673 σε

190 1712 468 1785 καλοῦμεν,
531 1713 805 1785 οἰνθρωπε⁸
856 1716 908 1764 τί
965 1710 1273 1785 ἀποφεύγεις
1323 1716 1414 1769 τὴν
1460 1710 1686 1776 κλῆσινς
1718 1709 1798 1762 ἐπ’

1908 561 2052 618 sque
2076 553 2337 604 vestrum
2366 549 2430 603 in
2455 548 2696 604 nomine
2731 547 2974 603 Domini
3005 548 3147 603 Jesu
3186 547 3248 604 in
3275 550 3568 606 remissio-

1907 650 2042 692 nem
2060 643 2471 706 peccatorum,
2513 642 2567 693 et
2617 636 2923 705 accipietis
2948 637 3404 706 promissionem
3439 638 3570 710 Spi-

1909 725 2124 780 ritus”
2146 737 2166 793 ;
2196 725 2303 799 qui
2357 725 2436 782 ab
2466 724 2601 798 ipso
2651 723 2908 781 Domino
2946 724 3242 795 invitaris,
3287 726 3521 783 dicente
3555 744 3568 783 :

1921 813 2123 870 Venite
2150 815 2233 870 ad
2260 829 2354 871 me
2372 829 2573 871 omnes
2592 814 2699 885 qui
2724 813 3040 883 laboratis,
3072 819 3128 870 et
3155 815 3396 872 onerati
3412 817 3572 883 estis,

1909 907 1965 959 et
1995 919 2092 974 ego
2122 903 2391 972 reﬁciam
2427 919 2527 959 vos
2539 904 2618 973 ⁸³;
2651 902 2843 959 haeres
2872 907 3102 974 tamen,
3146 902 3573 978 deliberasque

1909 996 1968 1048 et
1997 993 2323 1049 cunctaris.
2352 997 2399 1049 Α
2439 1008 2631 1066 puero
2681 992 2825 1049 fidei
2882 992 3241 1050 rudimentis
3271 993 3571 1066 imbutus,

1908 1080 2184 1138 nondum
2206 1082 2523 1139 assensisti
2542 1081 2775 1139 veritati
2792 1081 2822 1139 τ
2851 1096 3090 1156 semper
3109 1081 3405 1149 ediscens,
3423 1098 3573 1142 non-

1908 1169 2059 1226 dum
2090 1171 2416 1244 pervenisti
2460 1170 2541 1227 ad
2582 1171 2990 1242 cognitionem
3014 1171 3043 1227 τ
3078 1171 3188 1227 Per
3214 1186 3461 1228 omnem
3489 1173 3575 1229 vi-

1908 1264 2035 1315 tam
2065 1258 2429 1332 explorator,
2454 1260 2533 1317 ad
2566 1264 2932 1317 senectutem
2965 1275 3161 1334 usque
3210 1259 3569 1333 speculator,

1908 1348 2160 1420 quando
2176 1348 2423 1405 tandem
2435 1348 2546 1405 ﬁes
2572 1349 2943 1405 Christianus
2962 1348 2992 1404 ?
3012 1348 3263 1421 quando
3286 1364 3571 1420 agnosce-

1910 1453 2049 1494 mus
2074 1442 2129 1494 te
2160 1443 2227 1494 ut
2270 1440 2587 1496 nostrum?
2614 1444 2787 1495 Anno
2820 1438 3129 1511 superiore
3173 1439 3290 1496 hoc
3329 1443 3571 1515 tempus

1907 1526 2358 1600 praestolabare,
2391 1542 2556 1585 nunc
2607 1543 2819 1584 rursus
2870 1531 3182 1600 exspectas
3224 1532 3566 1584 venturum.

1907 1617 2065 1671 Cave
2090 1614 2566 1689 deprehendaris
2584 1616 2889 1689 promissa
2903 1614 3101 1672 facere
3126 1615 3250 1672 vita
3274 1614 3569 1688 longiora.

1908 1707 2158 1775 Ignoras
2187 1705 2335 1777 quid
2363 1720 2624 1779 sequens
2653 1705 2782 1761 dies
2820 1705 2996 1778 516
3036 1709 3320 1779 parturus
3355 1705 3465 1775 sit;
3497 1719 3576 1761 ne

194 1800 405 1872 ἀγαθῶν
431 1806 711 1874 μετουσίαν
734 1817 746 1830 ’
779 1805 834 1852 τί
862 1800 1189 1876 ὑπερϐαίνεις
1212 1807 1306 1859 τὴν
1346 1797 1545 1875 δωρεάν
1570 1816 1583 1865 ;
1634 1806 1797 1852 Βασι-

1918 1793 2189 1866 promitte
2221 1809 2360 1867 quae
2404 1799 2509 1851 tua
2534 1810 2657 1851 non
2688 1800 2848 1850 sunt.
2898 1795 2988 1850 Ad
3035 1796 3224 1851 vitam
3253 1798 3332 1866 te,
3362 1791 3574 1863 homo,

191 1892 305 1944 λεία
352 1891 580 1964 οὐρανῶν
625 1894 903 1949 ἣνοικται·
954 1892 981 1941 ὀ
1044 1890 1213 1942 καλῶν
1253 1887 1524 1961 ἀψευδής*
1597 1893 1624 1948 ἡ
1679 1885 1799 1950 ὀδος

191 1976 379 2054 ῥᾳδία,
412 1979 471 2032 ού
501 1983 722 2050 χρόνου,
761 1979 820 2032 οὐ
848 1976 1057 2036 δαπάνη
1069 1999 1110 2047 ς,
1128 1978 1189 2031 οῦ
1213 1985 1575 2053 πραγματείας
1602 1983 1764 2055 χρεία
1782 1995 1795 2009 ⁸

192 2074 247 2119 τί
278 2067 514 2139 μέλλεις;
544 2072 598 2119 τί
632 2063 858 2141 ἀναδύῃ,
888 2071 941 2119 τί
967 2066 1096 2140 φοϐῇ
1130 2070 1217 2119 τὸν
1268 2071 1443 2139 ζυγὸν,
1477 2068 1650 2141 ὥσπερ
1694 2064 1798 2121 δοί-

194 2156 353 2229 μαλίς
403 2174 484 2219 τις
538 2156 924 2230 ἁπειρόζυγος;
980 2156 1058 2209 Oi}
1085 2155 1250 2232 τρίϐει
1289 2160 1375 2209 τὸν
1404 2155 1628 2229 αύχένα,
1673 2155 1801 2210 ἀλλὰ

195 2242 431 2307 δοξάζει.
465 2244 540 2297 Οὑ
596 2248 695 2320 γὰρ
748 2240 1024 2317 ὃεσμεῖται
1066 2246 1093 2303 ἡ
1154 2244 1340 2318 ζεύγλη
1372 2252 1492 2322 περὶ
1539 2249 1627 2298 τόν
1677 2249 1800 2320 τροί-

196 2334 382 2405 χηλον,
440 2334 777 2396 αὐτεξούσιον
824 2332 1062 2395 ἐπιζητεῖ
1118 2338 1207 2386 τόν
1271 2336 1570 2407 ὑφέλκοντα.
1617 2335 1796 2411 Ὀρᾷς,

193 2426 277 2475 ὁτι
304 2429 678 2497 κατηγορεῖται
712 2424 955 2498 Ἐφραίμ,
1005 2426 1072 2486 ὡς
1127 2432 1505 2498 παροιστρῶσα
1553 2421 1798 2498 δάμαλις,

194 2513 273 2563 ότι
300 2512 507 2563 ἄτακτα
533 2509 935 2585 περιπλανᾶται,
976 2515 1064 2563 τόν
1117 2519 1210 2564 τοῦ
1263 2516 1421 2585 νόμου
1476 2511 1636 2583 ζυγόν
1683 2511 1796 2564 ἀτι-

194 2599 411 2672 μάζωνς
449 2599 660 2661 ’Υποθες
703 2618 798 2652 σου
855 2604 944 2652 τόν
992 2597 1305 2673 ἀδάμαστον
1359 2601 1593 2672 αῦχένα·
1647 2607 1798 2672 γενοῦ

194 2688 483 2759 ὑποζύγιον
532 2693 626 2739 τοῦ
683 2694 939 2761 Χριστοῦ,
995 2688 1078 2740 ἵνα
1123 2694 1193 2760 μὴ
1246 2687 1513 2761 ἀφειμένος
1565 2697 1655 2749 τῆς
1684 2690 1799 2751 ζεύ-

194 2775 342 2847 γλης,
373 2771 513 2847 μηδι
541 2773 907 2847 ἐλευθεριάζων
938 2782 1010 2844 τῷ
1044 2774 1167 2848 βίῳ,
1201 2773 1799 2850 εὑεπιχείρητοςῇςτοῖς

199 2868 419 2937 θηρίοις.

274 3137 326 3189 4.
371 3134 431 3187 Εἰ
485 3137 693 3208 χρυσὸν
741 3141 805 3193 τῆ
839 3133 1127 3207 Ἐκκλησία
1166 3130 1419 3207 διένεμον,
1473 3133 1567 3186 οὐκ
1597 3135 1660 3186 οἷν
1711 3152 1801 3206 μοι
1833 3171 1875 3225 C

200 3221 333 3287 εἶπες
357 3239 372 3254 ⁸
396 3227 587 3299 Αὔριον
608 3224 738 3291 ἥξω,
768 3229 859 3277 καὶ
889 3228 1069 3297 αὔριον
1100 3221 1325 3286 δώσεις*
1356 3223 1464 3276 ἀλλ’
1493 3223 1711 3297 ἀπῄτεις
1740 3223 1801 3276 ἆν

196 3310 304 3372 ἤδη
353 3318 450 3371 τήν
498 3309 757 3387 διανομὴν
811 3319 1153 3385 κατεπείγων,
1202 3320 1293 3367 καὶ
1329 3311 1636 3387 ἄδυσφόρεις
1672 3316 1804 3389 πρὸς

197 3407 291 3460 τὴν
342 3404 639 3477 ὑπέρθεσιν.
700 3403 842 3455 Ἐπεὶ
887 3399 946 3455 δὲ
1002 3403 1110 3475 οὐχ
1166 3403 1293 3465 ὕλης
1347 3406 1619 3479 εὔχροιαν,
1677 3401 1807 3455 ἀλλὰ

200 3492 390 3563 ψυχῆς
435 3492 777 3566 καθαρότητα
826 3496 1152 3565 προτείνεταί
1212 3511 1296 3544 σοι
1336 3493 1362 3543 ὁ
1414 3487 1802 3566 μεγαλόδωρος,

198 3583 478 3653 προφάσεις
529 3580 754 3654 πλάττῃ,
793 3585 885 3632 καὶ
936 3580 1105 3641 αἰτίας
1152 3579 1449 3654 ἀπαριθμῇ.
1504 3581 1566 3634 Εἰ
1620 3577 1809 3642 δοῦλος

202 3668 484 3742 ἀνθρώπων
515 3664 677 3736 ἦσθα,
718 3672 1022 3744 προεγράφη
1071 3666 1131 3722 δὲ
1162 3665 1371 3731 δούλοις
1401 3669 1681 3744 ἐλευθερία,
1714 3670 1810 3723 οῦκ

201 3756 260 3809 ἂν
289 3759 375 3810 ἐπὶ
399 3762 494 3816 τὴν
508 3762 695 3832 κυρίαν
719 3756 1050 3829 ἀπήντησας,
1090 3763 1411 3832 συνηγόρους
1441 3760 1807 3832 μισθούμενος,

201 3851 290 3897 καὶ
346 3841 605 3908 δικαστὰς
656 3847 994 3919 παρακαλῶν,
1040 3848 1174 3900 ὥστε
1221 3850 1366 3921 πάσῃ
1419 3855 1638 3920 μηχανῇ
1681 3851 1815 3921 πρὸς

198 3933 485 4007 ἐλευθερίαν
542 3933 902 4008 ἐξαιρεθῆναις
960 3934 1028 3988 Ἦ
1083 3955 1185 3988 που
1245 3941 1332 3988 καὶ
1391 3937 1660 4009 ῥάπισμα,
1716 3940 1814 3993 τὴν

201 4023 497 4076 τελευταίαν
527 4031 627 4075 τῶν
668 4020 867 4076 δούλων
896 4023 1125 4096 πληγὴν,
1158 4026 1285 4099 ὑπὲρ
1336 4033 1431 4087 τῆς
1475 4028 1609 4097 μετὰ
1644 4031 1816 4077 ταῦτα

200 4122 297 4165 τῶν
328 4112 590 4186 αἰκισμῶν
617 4111 920 4184 ἀπαλλαγῆς
939 4110 1271 4185 καταδέχου.
1297 4110 1510 4172 Ἐπειδὴ
1545 4111 1606 4167 δε
1628 4110 1814 4167 δοῦλον

199 4206 321 4255 ὄντα
352 4221 409 4256 σε
438 4202 532 4256 οὑκ
560 4201 864 4278 ἀνθρώπων,
908 4201 1039 4255 ἀλλά
1068 4211 1165 4265 τῆς
1197 4203 1481 4277 ἁμαρτίας,
1509 4202 1658 4256 καλεῖ
1685 4207 1816 4278 πρός

198 4290 486 4365 ἐλευθερίαν
508 4293 533 4343 ό
559 4291 749 4365 κῆρυξ,
785 4292 870 4344 ἶνα
895 4292 1030 4365 λύσῃ
1057 4298 1148 4364 μέν
1183 4311 1240 4345 σε
1278 4300 1370 4353 τῆς
1414 4292 1814 4365 αἰχμαλωσίας,

203 4379 507 4437 ὶσοπολίτην
536 4376 597 4433 δὲ
641 4388 747 4440 τοῖς
777 4380 1019 4451 ἀγγέλοις
1059 4386 1286 4454 ποιήσῃ,
1318 4387 1408 4436 καὶ
1438 4386 1550 4435 υἱὸν
1570 4387 1661 4456 μὲν
1688 4380 1815 4435 ἁπο-

202 4464 347 4538 ὃείξῃ
372 4475 463 4520 τοῦ
495 4475 649 4533 Θεοῦ,
684 4467 1182 4534 εἰσποιηθένταὶδιά
1223 4478 1318 4532 τῆς
1346 4473 1588 4546 χάριτος,
1622 4471 1815 4546 κληρο-

202 4560 356 4627 νόμον
390 4552 447 4607 δξ
499 4563 600 4607 τῶν
635 4553 842 4626 ἀγαθῶν
870 4564 962 4608 τοῦ
1001 4564 1239 4630 Χριστοῦ
1263 4575 1276 4587 ·
1311 4563 1454 4611 οὔπω
1492 4559 1658 4631 λέγεις
1689 4557 1818 4613 εἷναί

205 4662 288 4696 σοι
337 4646 520 4715 καιρόν
580 4640 840 4706 δέξασθαι
892 4649 958 4698 τὰ
1015 4643 1291 4719 διδόμενα.
1321 4644 1389 4699 ⁴Ω
1442 4656 1542 4699 τῶν
1578 4657 1818 4722 πονηρῶν

204 4728 505 4803 ἐμποδίωνὲ
540 4730 580 4782 ὣ
611 4740 706 4792 τῆς
769 4732 1009 4806 αἰσχρᾶς
1059 4742 1149 4787 καὶ
1203 4733 1478 4787 ἀτελέστου
1517 4734 1814 4808 ἀσχολίαςὶ

201 4820 337 4882 Ἐως
370 4825 494 4873 πότε
515 4818 705 4879 ἡδοναί
729 4839 742 4889 ;
773 4823 869 4884 ἕως
897 4830 1022 4876 πότε
1046 4821 1373 4882 ἡδυπάθειαι
1398 4840 1411 4891 ;
1439 4824 1602 4878 [Ιολῦν
1624 4824 1817 4885 ἐξῄσα-

202 4930 292 4983 μεν
321 4915 514 4985 χρόνον
546 4919 621 4981 τῷ
648 4916 854 4985 κόσμῳ,
876 4914 1132 4988 ζήσωμεν
1176 4914 1355 4967 λοιπόν
1384 4920 1476 4967 καί
1506 4916 1728 4978 ἑαυτοῖς.
1750 4920 1817 4969 Τί

199 5000 390 5072 ψυχῆς
444 4999 725 5070 ﬁnditore;
782 5008 836 5054 τί
895 5004 1204 5057 ἰσοστάσιον
1251 5013 1347 5067 τῆς
1400 5005 1673 5078 βασιλείας
1715 5013 1818 5057 τῶν

204 5091 433 5163 οὐρανῶν
460 5106 474 5157 ;
501 5094 595 5153 Τίς
620 5088 1046 5169 ἀξιοπιστότερος
1078 5113 1164 5147 σοι
1195 5094 1489 5167 σύμϐουλος
1517 5102 1609 5148 τοῦ
1637 5102 1772 5149 Θεοῦ
1798 5111 1814 5161 ;

199 5183 275 5241 τίς
304 5185 688 5255 φρονιμώτερος
731 5189 827 5233 τοῦ
874 5188 1058 5255 σοφοῦ,
1091 5183 1123 5241 ᾖ
1163 5188 1243 5244 τίς
1293 5183 1680 5258 ὠφελιμώτερος
1722 5188 1818 5236 τοῦ

201 5266 439 5339 ἀγαθοῦς
467 5273 549 5331 τίς
594 5276 690 5322 τοῦ
735 5274 1015 5333 κτίσαντος
1062 5272 1409 5347 οἰκειότερος;
1445 5270 1586 5326 Οὐδὲ
1609 5280 1673 5347 τῇ
1707 5275 1817 5345 Εὔα

280 5445 325 5479 ⁸³
362 5449 484 5503 Act.
518 5462 578 5513 ιι,
608 5450 696 5505 38.

784 5449 833 5484 ³³
858 5449 1058 5508 Matth.
1092 5464 1174 5519 x1,
1195 5453 1286 5507 28.
1369 5453 1418 5486 ⁸⁵
1450 5453 1687 5520 Ose.1v,
1713 5456 1804 5509 t6.

285 5623 359 5694 (1)
402 5625 484 5679 Ex
505 5625 757 5687 homilia
786 5632 850 5688 in
877 5639 1154 5690 sanctum
1190 5632 1499 5704 baptisma,
1540 5637 1657 5689 “6.

1908 1897 2240 1950 vocamus;
2290 1882 2437 1957 quid
2477 1882 2636 1953 fugis
2673 1882 3101 1939 vocationem?
3144 1882 3225 1938 ad
3268 1882 3574 1940 bonorum

1907 1970 2432 2044 participationem
2462 1989 2476 2040 ;
2507 1970 2655 2045 quid
2677 1970 2908 2027 donum
2926 1972 3365 2044 prmtermittis?
3390 1975 3573 2045 Aper-

1908 2067 2038 2117 tum
2070 2066 2159 2116 est
2205 2059 2498 2116 cmlorum
2530 2075 2826 2131 regnum;
2861 2076 3048 2116 verax
3078 2064 3171 2117 est
3211 2059 3318 2134 qui
3355 2064 3568 2126 vocat;

1912 2148 2010 2205 via
2036 2147 2244 2218 facilis,
2274 2165 2397 2205 non
2429 2153 2724 2222 tempore,
2752 2164 2877 2205 non
2904 2153 3174 2223 sumptu,
3199 2165 3326 2206 non
3362 2148 3572 2206 labore

1909 2252 2066 2309 opus
2095 2242 2187 2294 est
2233 2255 2246 2293 :
2289 2237 2437 2310 quid
2467 2237 2713 2293 diﬂ'ers?
2741 2237 2890 2310 quid
2937 2238 3386 2309 tergiversaris?
3422 2236 3571 2312 quid

1903 2327 2122 2399 jugum
2148 2327 2556 2399 perhorrescis
2579 2326 2740 2383 velut
2764 2328 3027 2399 juvenca
3048 2327 3332 2400 quaedam
3352 2326 3571 2401 iugum

1909 2416 2187 2474 nondum
2213 2422 2463 2490 experta
2480 2418 2509 2472 ?
2536 2417 2765 2474 Collum
2805 2432 2930 2473 non
2952 2416 3191 2486 obterit,
3218 2415 3323 2473 sed
3355 2415 3571 2473 conde-

1911 2511 2102 2563 corat.
2149 2509 2352 2579 Neque
2382 2522 2542 2563 enim
2592 2505 2800 2578 jugale
2841 2504 3111 2562 vinclum
3140 2505 3300 2562 circa
3351 2505 3573 2563 collum

1908 2595 2150 2666 ligatur.
2183 2597 2289 2653 sed
2316 2595 2470 2653 ultro
2501 2612 2571 2653 ac
2597 2596 2782 2653 libere
2810 2597 3148 2654 trahentem
3172 2594 3576 2668 poscit.Yides

1909 2682 2176 2740 incusari
2210 2683 2517 2757 Ephraim,
2539 2689 2840 2757 tanquam
2880 2682 3131 2740 vitulam
3170 2687 3353 2739 uestro
3381 2681 3576 2755 perci-

1911 2773 2117 2834 tam“,
2150 2772 2319 2844 quod
2350 2771 2689 2830 inordinate
2711 2771 2947 2828 oberret
2970 2770 3121 2841 legis
3150 2772 3371 2843 jugum
3398 2770 3577 2828 dede~

1912 2864 2169 2917 corans?
2192 2861 2393 2918 Subde
2422 2860 2785 2917 indomitam
2817 2860 3110 2917 cervicem
3130 2863 3302 2916 tuam
3326 2877 3340 2914 :
3364 2858 3578 2917 Christi

1911 2950 2025 3007 ﬁas
2050 2950 2414 3023 jumentum,
2447 2958 2513 3007 ut
2537 2967 2614 3008 ne
2658 2951 2808 3023 jugo
2848 2950 3079 3008 solutus
3106 2949 3571 3022 liberioremque

1911 3039 2098 3097 vitam
2127 3040 2376 3110 degens,
2411 3040 2545 3113 capi
2571 3056 2603 3097 a
2631 3039 2841 3097 bestiis
2874 3038 3043 3097 facile
3068 3040 3296 3113 possis.

1983 3132 2037 3184 4.
2071 3128 2145 3201 (1)
2178 3129 2352 3196 Quod
2382 3130 2429 3185 si
2451 3144 2669 3188 aurum
2690 3128 2965 3185 Ecclesiae
2988 3128 3568 3198 distribuerem,non

1914 3218 2122 3294 utique
2149 3234 2314 3275 esses
2341 3218 2490 3275 mihi
2519 3218 2792 3277 dicturus
2836 3237 2849 3274 :
2894 3219 3035 3275 Cras
3065 3216 3330 3285 veniam,
3364 3220 3421 3274 et
3445 3232 3580 3276 cras

1916 3306 2127 3375 dabis;
2162 3306 2268 3363 sed
2287 3307 2417 3379 jam
2439 3322 2800 3381 exposceres
2821 3322 3046 3378 urgens
3068 3305 3582 3376 distributionem,

1918 3401 1975 3453 et
2003 3396 2354 3453 dilationem
2389 3397 2596 3453 animo
2640 3396 2851 3470 iniquo
2897 3395 3103 3453 ferres.
3138 3394 3254 3452 Sed
3283 3395 3431 3469 quia
3457 3410 3585 3452 non

1920 3486 2236 3542 materiam
2259 3484 2509 3559 pulchre
2531 3485 2882 3553 coloratam,
2904 3484 3011 3543 sed
3030 3484 3250 3542 animai
3263 3484 3589 3558 puritatem

1920 3575 2028 3632 tibi
2052 3574 2226 3631 offert
2256 3590 2518 3646 magnus
2538 3575 2841 3632 donorum
2862 3575 3131 3647 largitor.
3166 3573 3590 3631 comminisce-

1921 3665 2003 3722 ris
2028 3664 2472 3733 excusationes,
2526 3670 2711 3739 atque
2758 3681 2975 3722 causas
3021 3679 3319 3720 recenses.
3372 3665 3595 3719 Servus

1922 3754 2243 3810 hominum
2284 3754 2334 3809 si
2376 3770 2563 3825 esses,
2590 3754 2902 3826 servisque
2936 3753 3144 3810 fuisset
3172 3751 3488 3825 proposita
3515 3750 3591 3807 li-

1923 3842 2148 3914 bertas,
2174 3857 2380 3899 nonne
2402 3843 2482 3899 ad
2509 3847 2729 3899 statam
2766 3842 2927 3899 diem
2953 3841 3336 3913 occurrisses,
3360 3838 3587 3897 condu-

1925 3946 2070 3989 cens
2118 3936 2431 4003 patronos,
2476 3932 2834 4004 judicesque
2866 3945 3112 4002 rogans,
3160 3934 3228 3987 ut
3277 3929 3587 3987 machina-

1925 4021 2087 4076 tione
2116 4019 2371 4077 omniin
2400 4035 2590 4077 manu
2616 4019 3050 4077 mittendorum
3067 4034 3389 4076 numerum
3409 4018 3587 4075 ascri-

1926 4109 2194 4167 bereris?
2224 4109 2378 4176 Quin
2421 4114 2479 4166 et
2525 4108 2794 4183 alapam,
2842 4111 3215 4182 postremam
3272 4123 3586 4166 servorum

1927 4199 2197 4272 plagam,
2229 4199 2374 4255 utin
2403 4202 2717 4272 posterum
2745 4214 2783 4255 a
2816 4197 3169 4255 verberibus
3204 4197 3358 4254 liber
3382 4196 3585 4265 ﬁeres,

1928 4290 2250 4361 acciperes.
2284 4289 2584 4355 Quoniam
2611 4293 2816 4345 autem
2864 4303 3107 4344 servum
3160 4290 3217 4343 te
3245 4300 3372 4343 non
3396 4286 3590 4342 homi-

1926 4392 2101 4445 num,
2128 4377 2235 4435 sed
2261 4377 2514 4450 peccati,
2540 4382 2718 4435 vocat
2739 4378 2816 4433 ad
2837 4375 3173 4433 libertatem
3199 4390 3424 4449 praaco,
3446 4377 3513 4430 ut
3530 4380 3591 4430 te

1930 4467 2123 4523 solvat
2146 4482 2217 4522 ex
2249 4467 2593 4540 captivitate
2614 4470 2673 4524 et
2700 4482 2774 4523 ex
2804 4480 2982 4539 aequo
3010 4481 3152 4521 cum
3191 4463 3420 4535 angelis
3447 4463 3585 4519 civi-

1928 4560 2051 4612 tate
2078 4555 2286 4626 donet,
2314 4560 2371 4612 et
2398 4555 2592 4612 ﬁlium
2622 4554 2722 4611 Dei
2748 4553 2966 4611 efﬁciat
2994 4552 3354 4625 adoptatum
3376 4551 3592 4623 gratia,

1931 4659 2004 4700 ac
2030 4643 2337 4701 bonorum
2382 4643 2595 4701 Christi
2623 4642 2929 4699 haeredem
2973 4660 2987 4698 :
3038 4641 3314 4698 nondum
3344 4644 3595 4713 tempus

1931 4748 2063 4789 esse
2089 4734 2223 4789 haec
2260 4732 2427 4789 dona
2481 4732 2820 4806 excipiendi
2875 4730 3048 4787 dicis.
3083 4732 3128 4788 Ο
3154 4729 3591 4802 impedimenta

1930 4822 2151 4894 prava!
2183 4836 2221 4878 o
2252 4826 2487 4893 turpem
2516 4826 2574 4877 et
2599 4820 3049 4877 interminatam
3084 4817 3546 4891 occupationem
3571 4815 3593 4873 ι

1931 4913 2257 4983 Quousque
2285 4909 2536 4967 tandem
2560 4908 2903 4981 voluptates
2918 4908 2948 4964 ?
2973 4921 3298 4980 usquequo
3317 4905 3546 4963 delicias
3560 4905 3592 4964 ‘P

1932 4998 2200 5055 Viximus
2223 4997 2484 5054 multum
2526 5002 2767 5069 tempus
2812 4995 3067 5065 mundo,
3095 4994 3396 5069 reliquum
3424 4993 3589 5051 viva-

1930 5101 2069 5142 mus
2097 5089 2157 5142 et
2182 5084 2535 5158 nobisipsis.
2586 5082 2812 5157 Ecquid
2841 5084 3062 5139 animai
3105 5080 3542 5155 aequiparabile
3560 5080 3597 5136 ?

1930 5175 2080 5248 quid
2106 5188 2297 5246 regno
2352 5174 2645 5231 caelorum
2702 5172 3238 5247 comparandum?
3293 5170 3435 5238 Quis
3480 5167 3593 5226 tibi

1931 5264 2305 5322 consiliarius
2333 5262 2457 5321 ﬁde
2474 5263 2713 5336 dignior
2730 5278 2918 5337 quam
2948 5262 3147 5323 Deus?
3171 5262 3310 5335 quis
3328 5259 3591 5335 pruden-
