4084 6388
593 313 729 369 1223

1568 296 1915 360 ΛΡΡΕΝΒΙΧ
1954 330 2023 343 —-
2060 292 2409 358 SYMEONIS
2447 293 2973 355 METAPHRASTE

3756 310 3867 366 1224

584 435 699 494 tior
724 432 1017 507 sapiente,
1044 430 1150 488 aut
1188 426 1328 502 quis
1357 425 1555 484 utilior
1600 426 1809 485 bono?
1836 426 1974 501 quis
2007 422 2230 484 Condi-

2345 424 2623 496 συνήνεγκε
2646 430 2711 496 τῇ
2741 429 2834 476 τοῦ
2863 426 3020 496 ὄφεως
3048 419 3317 496 συμϐουλῇ
3359 423 3622 483 πεισθῆναι
3661 426 3818 499 μᾶλλον
3842 435 3864 491 ἡ

572 529 704 582 tore
730 521 1111 594 conjunctior
1130 517 1158 574 ?
1197 521 1317 576 Nec
1336 519 1470 574 Eva:
1506 515 1732 590 profuit
1764 515 2057 590 serpentis
2088 529 2228 572 con«

571 612 704 671 silio
748 610 1077 669 credidisse
1133 606 1330 678 magis
1376 622 1566 680 quam
1627 606 1887 663 Domini.
1940 608 1984 664 Ο
2022 605 2231 678 inepta

567 702 793 760 verba!
825 703 955 757 Non
984 701 1160 756 vacat
1184 695 1423 765 sanari;
1454 695 1732 753 nondum
1768 693 2056 753 ostendas
2079 692 2230 751 mihi

567 790 800 859 lucem;
832 786 1112 846 nondum
1155 782 1493 856 conjungas
1547 800 1645 842 me
1680 782 1826 856 regi.
1859 786 2068 842 Nonne
2096 782 2229 839 haec

568 884 773 955 aperte
820 876 1127 952 loqueris?
1168 878 1295 932 Imo
1337 875 1521 932 etiam
1565 873 1661 932 his
1716 873 2096 932 absurdiora.
2141 874 2228 930 Tu

570 970 734 1028 enim
763 968 812 1025 si
840 982 1004 1025 esses
1032 963 1270 1023 tributis
1292 962 1551 1037 publicis
1576 963 1900 1031 obnoxius,
1923 962 2227 1020 nuntiare—

569 1063 788 1131 turque
817 1054 1129 1114 undelibet
1146 1052 1522 1111 debitoribus
1549 1052 1829 1110 rescissio
1850 1051 1986 1109 aeris
2006 1050 2222 1109 alieni:

569 1147 789 1204 deinde
810 1149 970 1203 esset
1006 1143 1111 1217 qui
1148 1147 1203 1201 te
1241 1158 1351 1216 per
1377 1142 1664 1214 injuriam
1692 1146 2001 1216 expertem
2028 1140 2226 1199 facere

571 1236 755 1307 hujus
785 1231 1252 1292 condonationis
1300 1236 1651 1298 conaretur;
1682 1230 2084 1304 indignareris
2113 1230 2225 1287 uti-

571 1340 692 1399 que
721 1328 779 1381 et
804 1323 1125 1395 clamarcs,
1152 1326 1219 1378 ut
1267 1321 1536 1393 legitima
1581 1321 1926 1377 communis
1952 1317 2229 1375 beneﬁcii

573 1412 848 1487 portione
878 1410 1193 1485 spoliatus.
1217 1413 1547 1483 Postquam
1576 1426 1716 1467 vero
1746 1425 1871 1467 non
1905 1408 2229 1483 praeterito-

570 1517 709 1559 rum
737 1500 925 1558 modo
951 1497 1339 1566 condonatio,
1355 1496 1463 1554 sed
1486 1497 1826 1556 futurorum
1848 1498 2030 1555 etiam
2053 1494 2231 1566 largi-

570 1589 765 1648 tiones
794 1588 1210 1663 prasnuntiatae
1239 1591 1408 1657 sunt;
1441 1592 1498 1644 te
1530 1587 1659 1660 ipse
1687 1586 1910 1659 injuria
1939 1585 2225 1652 afﬁciens,

572 1682 871 1752 quantum
930 1693 1008 1733 ne
1046 1676 1202 1733 ullus
1252 1675 1502 1747 quidem
1553 1675 1834 1733 inimicus
1864 1674 2230 1746 imprecatus

2340 519 2403 586 τῇ
2445 519 2538 566 τοῦ
2568 517 2854 569 Δεσπότου.
2877 511 2947 566 Ὣ.
2974 519 3066 574 τῆς
3094 510 3316 576 ἀτοπίας
3340 520 3439 565 τῶν
3465 512 3617 585 λόγων
3639 515 3651 570 ε
3680 517 3761 571 οὐκ
3780 523 3865 593 οἰγω

2343 600 2545 676 σχολὴν
2575 603 2815 676 ὑγιᾶναιο
2861 608 3022 676 μήπω
3063 621 3156 676 μοι
3181 597 3353 676 δείξῃς
3382 605 3439 656 τό
3469 613 3593 676 φῶς
3623 610 3762 679 μήπω
3800 627 3867 662 συ.

2337 691 2506 767 νάψῃς
2533 700 2606 764 τῷ
2651 691 2882 766 βασιλεῖ.
2925 691 3002 745 Οὐ
3030 698 3199 745 ταῦτα
3227 690 3388 764 λέγεις
3414 693 3673 769 ἄντικρυς
3706 697 3865 753 Μᾶλλον

2340 776 2400 835 δε
2418 783 2485 834 τὰ
2511 783 2707 836 τούτων
2732 779 3125 857 ἀλογιστότερα.
3172 784 3237 835 Σὺ
3269 777 3305 835 δ
3307 783 3349 851 ξ,
3376 780 3418 835 εἰ
3442 784 3527 854 μὲν
3556 779 3609 845 ἧς
3634 782 3864 861 ἐγγεγραμ.

2338 875 2483 945 μένος
2508 878 2615 936 τοῖς
2646 867 2934 946 δημοσίοις
2952 869 3240 946 ὀφλήμασι,
3262 879 3430 945 χρεῶν
3453 868 3486 924 δ
3489 874 3510 925 's
3528 870 3764 929 ἀποκοπαὶ
3784 885 3861 940 τοῖς

2335 962 2643 1025 ὑπευθύνοις
2659 961 3140 1037 περιηγγέλθησαν,
3158 956 3270 1014 εἶτα
3289 980 3368 1023 τις
3390 957 3449 1020 ἦν
3479 962 3504 1013 ό
3529 966 3647 1038 πρὸς
3671 962 3860 1040 ἐπήρειαν

2335 1051 2553 1125 ἄμοιρόν
2581 1068 2639 1103 σε
2669 1057 2891 1108 ποιῆσαι
2928 1058 3021 1112 τῆς
3070 1053 3458 1123 συγχωρήσεως
3494 1053 3675 1113 ταύτης
3714 1050 3863 1126 ἐπιχιια

2334 1148 2437 1218 ρῶν
2462 1156 2477 1172 ⁶
2540 1140 2855 1213 ἠγανάκτεις
2910 1138 2972 1193 ἃν
3008 1143 3101 1194 καὶ
3149 1138 3319 1211 ἐϐόας,
3358 1142 3423 1202 ὡς
3459 1143 3515 1194 τὸ
3547 1139 3786 1197 ἐπιϐάλλον
3810 1161 3861 1197 σοι

2334 1234 2487 1307 μέρος
2512 1237 2610 1293 τῆς
2637 1238 2816 1293 κοινῆς
2846 1232 3070 1304 χάριτος
3102 1229 3496 1305 ἀφαιρούμενος.
3525 1227 3721 1290 Ἐπειδὴ
3752 1227 3798 1285 δὲ
3827 1233 3862 1284 οὐ

2336 1323 2489 1392 μόνον
2518 1320 2704 1391 ἄφεσις
2742 1327 2841 1371 τῶν
2878 1319 3257 1395 παρελθόντων,
3313 1317 3441 1373 ἀλλὰ
3474 1324 3564 1373 καὶ
3610 1316 3778 1396 δωρεαὶ
3799 1330 3866 1374 τῶν

2338 1409 2620 1483 μελλόντων
2650 1411 3157 1485 προεκηρόχθησαν,
3203 1409 3361 1474 αὐτὸς
3397 1409 3571 1464 ἐαυτὸν
3627 1408 3812 1478 ἀδικῶν,
3846 1411 3867 1463 ἆ

2336 1495 2466 1573 μηδ’
2490 1498 2550 1552 ἂν
2576 1506 2676 1552 τῶν
2708 1498 2917 1575 ἐχθρῶν
2967 1505 3053 1553 σοί
3099 1520 3181 1564 τις
3222 1498 3539 1573 ἐπηράσατο,
3590 1504 3679 1554 οῐει
3720 1520 3869 1576 προση-

2338 1593 2525 1651 κόντως
2556 1587 2953 1662 βεϐουλεῦσθαι,
2977 1595 3068 1643 καὶ
3095 1590 3371 1651 λυσιτελῶς
3410 1589 3758 1663 ἐντεθυμῆσθαι
3786 1598 3870 1661 περὶ

2341 1686 2585 1745 σεαυτοῦ,
2626 1681 2677 1741 ὃς
2704 1698 2763 1751 γε
2791 1678 2852 1732 οὐ
2886 1675 3023 1753 δέχῃ
3052 1684 3147 1738 τὴν
3176 1681 3378 1753 οἶφεσιν,
3404 1678 3507 1732 ἀλλ’
3534 1679 3870 1741 ἐναποθνήσκεις

573 1770 748 1837 esset,
779 1770 1041 1839 putasne
1080 1770 1135 1823 te
1192 1765 1614 1823 convenienter
1655 1764 2049 1830 consuluisse,
2078 1760 2231 1818 utili-

2341 1776 2450 1832 τοῖς
2479 1767 2811 1843 ὀφλήμασιν;
2862 1769 2922 1821 Εἰ
2965 1772 3057 1841 μεν
3085 1768 3251 1822 πολλὰ
3300 1772 3394 1822 σου
3450 1768 3559 1823 ἐστι
3598 1772 3660 1823 τὰ
3682 1769 3871 1841 ἁμαρτή-

572 1860 783 1929 terque
837 1854 1188 1927 tibimetipsi
1237 1853 1596 1927 providisse,
1658 1853 1764 1926 qui
1828 1852 2048 1909 scilicet
2105 1866 2231 1908 non

575 1944 865 2003 admittas
889 1944 1424 2008 condonationem,
1446 1942 1554 2000 sed
1577 1943 1640 1999 in
1657 1959 1774 2000 aere
1796 1942 1992 2000 alieno
2017 1942 2232 1998 immo-

574 2033 744 2091 riaris
763 2034 792 2088 ?
824 2032 883 2089 Si
911 2032 1104 2090 multa
1132 2037 1273 2088 sunt
1300 2037 1551 2104 peccata
1579 2036 1703 2103 tua,
1733 2048 1809 2089 ne
1838 2032 2121 2105 desperes
2150 2029 2232 2086 ob

576 2121 1044 2180 multitudinem.
1082 2121 1192 2179 Ubi
1240 2123 1397 2178 enim
1435 2122 1770 2179 abundavit
1800 2121 2108 2188 delictum,
2140 2135 2233 2174 su-

574 2210 1020 2282 perabundavit
1039 2210 1248 2281 gratia
1259 2211 1338 2278 35;
1362 2208 1414 2264 si
1436 2210 1620 2267 modo
1636 2209 1893 2282 gratiam
1910 2209 2233 2281 suscipias.

2342 1878 2504 1933 ματα,
2534 1862 2607 1931 μὴ
2637 1856 2919 1931 ἀθυμήσῄς
2946 1865 3019 1930 τῷ
3058 1857 3265 1916 πλήθει.
3298 1857 3465 1912 Ὀπου
3501 1861 3594 1933 γὰρ
3635 1857 3872 1912 ἐπλεόνασεν

2342 1950 2372 2006 ἡ
2417 1947 2665 2023 ἁμαρτία,
2697 1948 3193 2022 ὑπερεπερίσσευσεν
3239 1949 3270 2007 ἡ
3300 1952 3497 2023 χάρις’
3546 1947 3625 2001 ἐὰν
3665 1946 3779 2020 δέχῃ
3805 1952 3873 2003 τὴν

2341 2040 2524 2110 χάριν.
2544 2036 2605 2090 Εἰ
2634 2032 2693 2089 δὲ
2717 2038 2885 2111 μικρὰ
2909 2041 2998 2090 καὶ
3029 2036 3229 2108 εὐτελῆ,
3257 2044 3349 2091 καὶ
3368 2038 3428 2090 οὐ
3454 2040 3580 2114 πρὸς
3601 2039 3787 2091 θάνατόν
3803 2053 3873 2087 σου

2342 2130 2409 2180 τὰ
2436 2128 2809 2201 ἁμαρτήματα,
2833 2131 2882 2179 τί
2912 2124 3138 2198 ἀγωνιᾷς
3164 2130 3223 2180 τό
3253 2126 3455 2199 μέλλον,
3486 2130 3537 2192 ὃς
3564 2146 3617 2199 γε
3648 2126 3729 2180 οὐκ
3766 2125 3873 2197 ἆγεν-

2343 2225 2440 2278 νῶς
2466 2220 2534 2269 τὰ
2559 2215 2886 2289 παρελθόντα
2914 2212 3192 2289 διήνεγκας
3214 2235 3228 2287 ;

580 2301 750 2373 517
787 2300 863 2371 (1)
902 2299 1002 2357 Sin
1033 2303 1236 2356 autem
1257 2314 1447 2372 parva
1475 2315 1547 2356 ac
1565 2297 1740 2369 levia,
1764 2314 1875 2356 nec
1905 2298 1986 2356 ad
2011 2301 2267 2355 mortem
2293 2295 2514 2355 fuerint
2540 2287 2792 2369 peccata
2820 2300 2942 2361 tua,
2967 2287 3079 2354 cur
3108 2297 3327 2356 anxius
3365 2313 3429 2356 es
3481 2298 3554 2356 de
3588 2297 3776 2364 futuro,
3798 2287 3873 2367 qui

571 2388 740 2447 haud
757 2389 977 2459 ignave
1007 2389 1307 2461 praeterita
1334 2388 1652 2461 pertuleris
1674 2390 1702 2445 ?

644 2483 697 2533 5.
729 2480 895 2534 Nunc
919 2477 1078 2535 velut
1098 2478 1159 2534 in
1180 2477 1406 2536 trutina
1436 2479 1703 2535 animam
1742 2483 1928 2544 tuam,
1957 2494 1993 2535 o
2018 2477 2230 2545 homo,

573 2566 841 2640 appendi
870 2567 1168 2637 existima,
1191 2567 1329 2625 hinc
1356 2567 1435 2624 ab
1456 2568 1711 2639 angelis,
1732 2567 1925 2625 hinca
1940 2567 2228 2624 daemoni-

571 2655 688 2714 bus
717 2659 1054 2715 attractam.
1079 2657 1254 2726 Utris,
1281 2673 1513 2730 quaeso,
1536 2657 1710 2714 dabis
1732 2656 1931 2715 cordis
1956 2672 2227 2714 momen—

574 2745 752 2802 tum?
782 2744 931 2819 quid
978 2745 1145 2818 apud
1182 2750 1240 2802 te
1281 2745 1525 2803 vincet?
1576 2746 1857 2820 voluptas
1902 2747 2123 2808 carnis,
2152 2760 2231 2802 an

576 2836 794 2893 animae
840 2835 1285 2893 sanctimonia?
1316 2838 1705 2909 praesentium
1758 2836 2099 2905 oblectatio,
2152 2850 2233 2891 an

574 2925 914 2982 futurorum
944 2924 1311 2982 desiderium
1331 2926 1359 2980 ?
1387 2925 1662 2997 angelinc
1695 2930 1749 2983 te
1780 2925 2128 2999 suscipient,
2154 2939 2231 2981 an

573 3013 927 3072 detinebunt
954 3014 1058 3087 qui
1076 3015 1206 3086 jam
1227 3017 1432 3072 tenent
1453 3016 1481 3071 ?
1502 3019 1566 3072 in
1583 3015 1711 3073 acie
1732 3015 1919 3071 duces
1942 3020 2231 3071 tesseram

2415 2482 2465 2533 5.
2510 2482 2615 2530 Νῦν
2666 2478 2840 2552 ὥσπερ
2897 2476 2983 2530 ἐπὶ
3036 2477 3292 2549 τρυτάνης
3354 2480 3562 2532 εστοὶναι
3618 2475 3766 2549 νόμιςέ
3799 2492 3869 2524 σου

2341 2569 2432 2623 τὴν
2484 2564 2691 2637 ψυχὴν,
2738 2567 2996 2638 ἄνθρωπε,
3046 2567 3184 2619 ἐνθεν
3250 2566 3341 2620 ὑπ’
3396 2565 3639 2639 ἁγγελων,
3691 2560 3865 2614 κάκεῖθεν

2341 2656 2442 2709 ὑπὸ
2510 2651 2771 2728 δαιμόνων
2831 2652 3184 2727 διελκομένην.
3248 2660 3402 2709 Τίσιν
3451 2657 3554 2733 οἶρα
3610 2650 3763 2712 δώσεις
3791 2652 3858 2704 τὴν

2341 2746 2507 2817 ῥοπὴν
2546 2752 2642 2806 τῆς
2680 2740 2906 2819 καρδίας
2951 2763 3046 2798 σου
3091 2748 3240 2813 τότες
3292 2749 3347 2799 τί
3397 2748 3536 2818 παρὰ
3573 2747 3649 2798 σοι
3682 2745 3864 2799 νικήσεις

2342 2830 2509 2892 ἡδονὴ
2554 2836 2766 2907 σαρκὸς,
2828 2834 2856 2892 ἦ
2915 2833 3175 2907 ἁγιασμὸς
3223 2833 3450 2907 ψυχῆς
3502 2833 3760 2891 ἀπόλαυσις
3800 2833 3865 2877 vi»

2341 2927 2632 3000 παρόντων,
2675 2924 2703 2983 ᾖ
2764 2931 2864 2976 τῶν
2932 2922 3214 2996 μελλόντων
3275 2922 3562 2997 ἐπιθυμίας
3622 2918 3796 2993 ἄγγελοί
3831 2932 3868 2966 σε

2342 3011 2759 3089 παραλήψονται,
2828 3012 2857 3070 ἦ
2926 3012 3236 3075 καθέξουσιν
3300 3016 3348 3066 οἱ
3423 3017 3740 3085 κατέχοντες
3793 3004 3870 3057 Ἐπὶ

575 3103 843 3162 tribuunt
869 3104 985 3160 sub
1017 3120 1082 3160 se
1109 3102 1524 3174 militantibus,
1562 3109 1630 3161 ut
1674 3110 1731 3162 et
1758 3104 1934 3162 amici
1967 3104 2139 3162 facile
2169 3120 2232 3161 se

2343 3102 2681 3176 παρατάξεως
2730 3103 2779 3155 οὶ
2839 3106 3132 3176 στρατηγοὶ
3175 3105 3235 3156 τό
3291 3105 3535 3176 σύνθημα
3575 3108 3671 3162 τοῖς
3706 3095 3776 3150 ὑπ’
3814 3091 3874 3145 αὖ·

572 3193 828 3250 invicem
849 3192 1198 3263 inclament,
1231 3197 1290 3251 et
1328 3193 1379 3249 si
1424 3192 1486 3250 in
1512 3194 1796 3252 conﬂictu
1819 3194 2038 3252 fuerint
2092 3210 2232 3252 cum

570 3281 847 3339 hostibus
873 3281 1198 3352 commisti,
1242 3287 1472 3356 queant
1507 3283 1655 3342 citra
1684 3284 2106 3342 confusionem
2138 3300 2232 3341 se-

567 3371 767 3444 jungi.
790 3370 1089 3441 Agnoscet
1115 3375 1169 3427 te
1184 3386 1389 3441 nemo,
1411 3376 1695 3429 nosterne
1720 3373 1824 3442 sis,
1847 3374 2231 3451 anhostium,

573 3458 689 3517 nisi
703 3459 979 3531 mysticis
1006 3460 1194 3530 signis
1216 3461 1729 3518 necessitudinem
1754 3462 2235 3536 afﬁnitatemque

575 3547 930 3615 ostenderis,
963 3548 1079 3604 nisi
1108 3548 1414 3619 signatum
1444 3551 1517 3606 sit
1545 3566 1728 3624 super
1768 3556 1822 3608 te
1872 3552 2080 3609 lumen
2109 3551 2236 3607 vul-

576 3641 672 3694 tus
701 3635 1023 3693 Domini“.
1075 3638 1394 3703 Quomodo
1442 3639 1775 3697 vindicabit
1822 3644 1876 3697 te
1933 3640 2187 3711 angelus
2206 3640 2234 3695 ‘I

577 3727 891 3799 quomodo
921 3727 1130 3801 eripiet
1152 3744 1223 3785 ex
1254 3729 1547 3803 hostibus,
1569 3730 1682 3787 nisi
1704 3733 2019 3802 agnoverit
2038 3731 2235 3802 signa-

579 3816 832 3874 culum?
886 3817 1204 3883 Quomodo
1243 3817 1513 3875 dicturus
1571 3835 1635 3877 es
1687 3824 1771 3889 tu,
1819 3821 1922 3877 Dei
1975 3836 2134 3889 sum,
2184 3820 2235 3876 si

574 3910 751 3964 notas
780 3922 853 3964 ac
881 3906 1144 3976 insignia
1172 3923 1299 3964 non
1336 3909 1669 3967 exhibeas?
1724 3911 2067 3967 Thesaurus
2109 3924 2234 3966 non

576 3994 933 4066 obsignatus
953 3996 1145 4069 deripi
1165 4012 1202 4053 a
1220 3995 1455 4054 furibus
1478 3997 1650 4057 facile
1671 4003 1869 4072 potest
1890 4018 1903 4069 ;
1936 3999 2032 4057 ovi
2061 3999 2235 4071 signo

576 4084 802 4141 carenti
828 4088 956 4142 tuto
984 4089 1293 4143 struuntur
1319 4087 1572 4145 insidiae.
1599 4088 1676 4159 (2)
1706 4089 1764 4145 Si
1792 4089 1929 4161 quis
1959 4089 2235 4146 medicus

577 4172 949 4245 promitteret
1002 4172 1126 4246 tibi,
1181 4190 1246 4230 se
1302 4176 1533 4234 artibus
1590 4177 1961 4250 quibusdam
2008 4193 2081 4235 ac
2137 4178 2234 4235 in-

575 4258 806 4318 dustria
825 4261 1113 4333 juvenem
1144 4266 1200 4320 te
1224 4279 1298 4320 ex
1323 4280 1465 4321 sene
1506 4264 1809 4323 facturum
1849 4282 2000 4336 esse,
2030 4282 2235 4325 nonne

575 4349 952 4407 desiderares
981 4350 1149 4408 illam
1206 4352 1422 4410 adesse
1469 4354 1650 4424 diem,
1699 4354 1763 4410 in
1800 4370 1924 4428 qua
1976 4356 2235 4429 teipsum

2342 3195 2465 3253 τοὺς
2495 3186 2855 3262 διανέμουσιν,
2912 3191 2995 3242 ἱνα
3042 3195 3133 3243 καὶ
3180 3192 3229 3243 οἱ
3287 3191 3425 3263 φίλοι
3468 3186 3655 3266 ῥαδίως
3682 3182 3872 3241 ἀλλήλους

2343 3279 2701 3332 ἀνακαλῶνται
2729 3323 2749 3347 ,
2816 3283 2905 3332 καὶ
2971 3282 3102 3352 πρός
3158 3282 3281 3342 τοὺς
3362 3278 3613 3341 ἐναντίους
3669 3275 3744 3329 ἐὰν
3794 3275 3874 3328 ταῖς

2345 3368 2673 3443 συμπλοκαῖς
2740 3368 3134 3442 ἀναμιχθῶσιν,
3197 3369 3441 3445 εὐκρινής
3500 3365 3705 3426 δύνηται

2344 3480 2461 3532 χειν
2518 3460 2543 3511 ὁ
2601 3464 2903 3533 χωρισμός.
2960 3455 3153 3521 Οὐδεὶς
3190 3457 3537 3533 ἐπιγνώσεταί
3601 3477 3672 3528 σε,
3714 3452 3874 3521 εἱὲφα

2344 3569 2489 3622 τερος
2521 3546 2584 3617 εἷ,
2645 3549 2674 3607 ἦ
2734 3556 2834 3600 τῶν
2865 3548 3201 3617 ὑπεναντίων,
3255 3548 3343 3603 ἐὰν
3406 3556 3475 3624 μὴ
3516 3555 3617 3608 τοῖς
3659 3545 3875 3618 μυστικοῖς

2348 3638 2626 3712 συμϐόλοις
2654 3641 2913 3712 παράσχῃ
2944 3642 3036 3697 τὴν
3067 3638 3387 3711 οἰκειότητα,
3421 3639 3505 3693 ἐὰν
3551 3643 3619 3711 μὴ
3666 3629 3873 3705 σημειωθῇ

2345 3727 2431 3780 ἐπὶ
2500 3730 2556 3779 σε
2617 3730 2674 3779 τό
2724 3736 2829 3799 φῶς
2893 3734 2985 3780 του
3042 3732 3329 3801 προσώπου
3372 3732 3584 3802 Κυρίου.
3636 3732 3734 3783 Πῶς
3776 3718 3876 3771 ἀντί·

2343 3818 2539 3889 ποιηθῇ
2591 3835 2686 3869 σου
2727 3817 2752 3869 ὁ
2784 3816 3000 3889 ἄγγελος
3026 3833 3041 3884 ς
3071 3825 3183 3880 πῶς
3229 3814 3291 3871 δε
3345 3816 3591 3890 ἀφέληται
3616 3818 3695 3869 τὸν
3715 3810 3875 3883 ἐχθρὸν,

2344 3905 2429 3958 ἐὰν
2493 3909 2564 3979 μὴ
2633 3904 2825 3980 ἐπιγνῷ
2884 3911 2978 3965 τὴν
3048 3904 3356 3981 σφραγίδας
3402 3915 3513 3970 Πῶς
3572 3902 3628 3959 δὲ
3686 3901 3876 3969 σὺὲρσῖςι

2341 4001 2447 4049 Τοῦ
2513 4003 2647 4050 Θεοῦ
2707 3995 2835 4068 εἰμὶ,
2904 4000 2976 4069 μὴ
3046 3994 3403 4071 ἐπιφερόμενος
3464 3999 3528 4050 τὰ
3570 3994 3878 4067 γνωρίσματαὶ

2344 4083 2736 4159 Ἀσφροὲγιστος
2840 4086 3109 4155 θησαυρός
3197 4085 3591 4162 εὐεπιχείρητος
3657 4079 3875 4162 κλέπταιςξ

2342 4173 2602 4249 πρόϐατον
2664 4173 2989 4247 ἀσημείωτον
3070 4171 3364 4238 ἀκινδύνως
3428 4171 3794 4228 ἐπιϐουλεύεται.
3841 4160 3878 4214 Ei

2343 4282 2425 4325 τις
2471 4262 2659 4337 ἰατρῶν
2694 4260 3031 4335 ἐπηγγέλλετό
3080 4282 3186 4330 σοι,
3237 4271 3513 4337 μηχαναῖς
3555 4280 3661 4316 τισι
3710 4259 3781 4310 καὶ
3801 4249 3877 4303 ἐπι·

2342 4357 2509 4414 νοίαις
2559 4356 2669 4406 νέον
2707 4357 2947 4411 ποιήσειν
2987 4351 3044 4405 ἐκ
3080 4358 3343 4428 γέροντος,
3370 4353 3466 4407 οὐκ
3515 4352 3574 4406 ἂν
3619 4347 3877 4417 ἐπεθύμησας

576 4438 817 4496 visurus
840 4455 1003 4497 esses
1016 4441 1096 4498 ad
1111 4442 1304 4499 astatis
1317 4443 1583 4513 vigorem
1594 4460 1901 4502 reversum
1914 4447 1942 4503 ?
1958 4446 2073 4504 Sed
2095 4462 2232 4504 cum

2345 4441 2502 4494 ἐλθεῖν
2568 4440 2637 4503 εἰς
2700 4440 2896 4499 ἐκείνην
2953 4447 3047 4501 τὴν
3109 4443 3326 4516 ἡμέραν,
3369 4442 3417 4497 ἐν
3554 4439 3749 4495 σεαυτὸν
3793 4431 3877 4503 ὀρῷ

576 4530 931 4601 poenitentia
967 4530 1267 4589 facturam
1296 4548 1358 4589 se
1390 4534 1650 4605 spondet
1693 4550 1764 4592 ac
1809 4536 2143 4607 pollicetur,
2170 4542 2237 4595 ut

581 4618 788 4675 anima
820 4623 924 4676 tua
944 4635 1132 4692 quam
1152 4624 1445 4678 vetustate
1466 4623 1793 4694 confecisti,
1822 4641 1894 4681 ac
1911 4624 2236 4699 iniquitati—

581 4705 690 4764 bus
715 4723 1005 4779 rugosam
1032 4709 1533 4783 maculosamque
1568 4712 1904 4782 reddidisti,
1930 4714 2010 4771 ad
2037 4715 2233 4788 pristi-

578 4811 728 4853 num
748 4797 956 4855 ﬂorem
979 4799 1219 4866 redeat;
1251 4801 1593 4873 aspernaris
1612 4801 2110 4871 benefacientem,
2124 4821 2237 4862 nec

578 4888 842 4943 accurris
891 4889 972 4945 ad
1019 4889 1503 4962 promissionem.
1557 4895 1722 4950 ltane
1769 4910 1911 4952 vero
1940 4910 2236 4967 magnum

575 4973 1023 5046 pollicitationis
1052 4979 1414 5038 miraculum
1440 4981 1641 5039 videre
1681 4998 1805 5040 non
1849 4984 2059 5057 cupis?
2082 5001 2236 5058 quo-

575 5062 762 5120 modo
788 5064 916 5123 sine
948 5071 1142 5125 matre
1161 5073 1547 5141 regeneretur
1567 5072 1752 5130 homo
1768 5073 2126 5147 ?quomodo
2149 5075 2236 5132 in-

575 5155 876 5210 veteratus
935 5158 994 5211 et
1039 5158 1256 5214 erroris
1294 5158 1609 5218 desideriis
1668 5168 2012 5236 corruptus,
2042 5163 2240 5235 vigeat

578 5255 812 5311 rursus,
849 5243 1333 5320 repubescatque
1390 5253 1450 5307 et
1512 5250 1593 5309 ad
1641 5266 1856 5310 verum
1905 5252 2240 5326 juventutis

658 5367 705 5404 ⁸⁵
728 5368 898 5427 Rom.
928 5385 983 5443 v,
1016 5373 1106 5429 20.
1182 5372 1230 5409 ⁸⁸
1262 5372 1419 5433 Psal.
1443 5390 1525 5447 vr,
1556 5381 1611 5433 7.

664 5508 741 5651 ἓξ
766 5512 1138 5643 Ιιὲἴᾱιιοωὶιὶα
1160 5516 1225 5576 in
1253 5523 1531 5578 sanctum
1562 5518 1876 5596 baptisma,
1905 5527 2027 5583 117.

2345 4530 2545 4604 ἔμελλες
2593 4535 2727 4606 πρὸς
2783 4529 2955 4605 ἀκμὴν
3002 4533 3432 4607 ὑποστρέφοντας
3493 4524 3694 4587 Ἐπειδὴ
3738 4519 3786 4577 δῖ
3814 4520 3875 4607 τὺ

2343 4620 2530 4693 ψυχήν
2576 4640 2671 4674 σου
2735 4620 3082 4680 ἀναθηλήσειν
3144 4622 3516 4694 ἐπαγγέλλεταί
3569 4638 3648 4673 σοι
3696 4618 3723 4674 ἠ
3767 4624 3874 4684 μεῖν

2344 4729 2460 4763 νοια
2483 4753 2498 4780 ,
2552 4710 2611 4769 ἢν
2652 4714 2717 4762 σὺ
2771 4709 3102 4773 ἐπαλαίωσας
3134 4752 3153 4783 ,
3196 4715 3287 4764 καὶ
3324 4712 3496 4785 ῥυσὴν
3544 4709 3695 4766 αὐτὴν
3727 4702 3772 4758 ἐκ
3805 4701 3872 4747 τῶν

2348 4797 2568 4871 ἀνομιῶν
2627 4803 2717 4851 καὶ
2796 4798 3148 4872 ἐσπιλωμένην
3216 4796 3496 4864 ἀπέδειξας
3521 4843 3536 4872 ,
3613 4788 3873 4872 καταφρονξῖ(

2346 4870 2445 4940 τοῦθ
2496 4886 2783 4961 εὐεργέτου,
2831 4892 2923 4940 καὶ
2975 4870 3034 4941 οὐ
3085 4892 3432 4963 προστρέχεις
3587 4895 3653 4959 τῷ
3686 4870 3866 4948 ἐπιπίλ-

2347 4996 2494 5050 ματι.
2538 4976 2649 5029 Οὐκ
2706 4976 2970 5048 ἐπιθυμεῖς
3019 4974 3171 5046 ἰδεῖν,
3227 4983 3277 5032 τί
3333 4983 3393 5032 τό
3447 4982 3583 5052 μέγα
3638 4977 3777 5041 θαῦμα
3804 4963 3862 5012 τῆς

2347 5069 2727 5139 ὑποσχέσεως;
2776 5075 2887 5129 πῶς
2937 5069 3056 5120 ἄνευ
3113 5072 3312 5144 μητρός
3364 5067 3692 5140 ἀναγεννᾶται
3726 5053 3859 5147 ΜΨ

2346 5173 2482 5224 πος;
2515 5164 2622 5217 πῶς
2674 5157 2701 5209 ό
2757 5154 3136 5229 παλαιούμενος
3172 5162 3264 5210 καὶ
3307 5158 3631 5233 φθειρόμενος
3673 5146 3775 5237 κατρ
3802 5150 3872 5237 τίς

2350 5245 2632 5318 ἐπιθυμίας
2678 5252 2772 5310 τῆς
2830 5244 3057 5316 ἀπάτης,
3132 5253 3329 5321 σφριγᾷ
3387 5224 3542 5301 πάλιν
3606 5248 3686 5298 καὶ
3739 5224 3878 5292 (Nam

2425 5528 2518 5606 (3)Δ
2545 5533 2921 5606 Προφτρίχεις.
2967 5528 3257 5593 Codicum
3303 5528 3454 5592 alter
3507 5527 3692 5603 prima
3716 5520 3883 5582 manu,

2352 5602 2633 5676 προσέχεὶς
2651 5602 2930 5678 [melius].
