4084 6398
259 326 390 379 1225

1360 323 1592 381 ΒΕΒΜΟ
1619 323 1759 380 VIII.
1796 352 1868 366 —
1898 322 1988 378 DE
2019 317 2489 377 ΡίΕΝΙΤΕΝΤΙΑ.

3489 305 3627 361 1226

251 453 341 499 καὶ
372 446 438 508 εἰς
485 449 541 498 τό
573 444 815 504 ἀληθινόν
857 445 1006 509 ἀνθος
1055 455 1150 509 τῆς
1187 449 1422 509 νεότητος
1475 468 1850 526 επανερχεται;

1960 444 2175 500 ﬂorem
2207 442 2537 498 revertatur
2555 438 2582 494 ?
2611 436 2658 472 ³⁷
2689 437 2794 492 Tot
2817 448 2887 491 ac
2921 430 3103 490 tantis
3132 428 3331 502 bonis,
3351 443 3386 487 o
3416 429 3622 498 miser,

250 539 524 592 Τοσούτων
582 535 788 608 ἀγαθῶν
841 542 931 590 καὶ
978 536 1317 608 τηλικούτων,
1378 539 1542 608 ἄθλιε,
1590 564 1849 608 προτιιιο-

251 631 400 699 τέραν
469 627 614 697 ἄγεις
670 632 764 685 την
820 623 1024 693 ὴὸνήν;
1086 635 1203 680 Νοῶ
1259 631 1358 702 γάρ
1402 649 1497 682 σου
1559 597 1653 692 τὴν
1693 601 1851 690 ὑπέσ-

255 718 413 787 θεσιν,
469 715 563 767 κᾶν
621 716 926 790 περιστέλλῃ
987 724 1092 778 τοῖς
1145 718 1392 792 ῥήμασιν·
1435 721 1570 774 αὑτά
1627 723 1732 797 βοᾷ

347 808 356 820 ν
656 780 693 818 ς,
906 780 914 789 ,
1145 780 1154 792 .
1212 780 1220 790 .
1627 780 1636 797 .

249 825 558 879 πραγματα,
616 824 710 857 καν
895 814 1030 880 φωνῇ
1086 813 1309 878 σιωπᾷς.
1352 808 1545 864 Ἔασον
1602 780 1852 888 ἀποᾷρή·

253 915 427 968 σωμαι
465 902 526 967 τῇ
590 900 748 970 σαρκὶ
805 899 935 969 πρὸς
971 901 1064 955 τὴν
1115 897 1405 951 ἀπόλαυσιν
1445 910 1544 954 τῶν
1587 869 1848 980 αἰσχΙρδῶν,

247 983 542 1056 ἐγκυλισθὼ
596 992 668 1055 τῷ
736 982 980 1061 βορϐόρῳ
1040 993 1138 1038 τῶν
1205 984 1429 1058 ἡδονῶν,
1487 993 1697 1064 αἰμάξω
1757 998 1850 1057 τὰς

247 1082 454 1150 χεῖρας,
534 1072 800 1146 ἀφέλῶμαι
856 1077 924 1127 τὰ
989 1074 1254 1150 ἀλλότρια,
1322 1075 1511 1142 δολίως
1587 1087 1850 1156 πορευθῶ,

245 1161 563 1237 ἐπιορκήσω,
615 1163 916 1237 ψεύσωμαι·
961 1169 1051 1218 καὶ
1097 1170 1207 1219 τότε
1281 1169 1310 1225 ἠ
1385 1137 1666 1242 μετάνοια,⁸
1730 1137 1848 1226 ὅταν

242 1252 388 1317 λῆξίν
451 1273 576 1306 ποτε
613 1262 713 1306 τῶν
769 1262 941 1306 κακῶν
985 1253 1340 1330 ὑποδέξωμαι·
1367 1259 1429 1311 Εἰ
1462 1263 1547 1313 αεν
1576 1258 1663 1314 οὖν
1693 1263 1846 1317 καλὸν

217 1362 272 1400 ,η
329 1349 577 1417 αμαρτία,
630 1343 863 1416 φύλασσε
900 1349 1092 1406 ταύτην
1135 1347 1202 1408 εἰς
1251 1348 1403 1410 τελος·
1437 1350 1480 1402 εἰ
1527 1347 1586 1404 δὲ
1615 1351 1846 1428 βλαϐερά

242 1441 313 1485 τῶ
367 1441 620 1501 ποιοῦντι,
659 1439 712 1486 τί
760 1433 1012 1507 ἐπιμένεις
1069 1444 1180 1497 τοῖς
1237 1436 1513 1512 ὀλεθρίοις;
1545 1441 1620 1493 Οὐ
1666 1441 1844 1514 βλέπει

245 1526 377 1584 Θεὸς
414 1525 479 1575 τα
507 1527 781 1596 γινόμενα;
879 1525 936 1576 οὐ
975 1533 1078 1577 νοεῖ
1137 1545 1230 1578 σου
1285 1529 1351 1580 τὰ
1396 1527 1734 1602 ἐνθυμήματα
1767 1549 1779 1599 ;
1808 1534 1837 1593 ἡ

247 1614 620 1685 συνεργάζεταί
689 1633 782 1665 σου
854 1622 970 1676 ταῖς
1046 1614 1318 1688 ἀνομίαις;
1416 1618 1672 1681 Υπέλαϐες
1739 1626 1840 1694 γαο

1811 1676 1819 1694 Α

1783 1709 1842 1764 0‘":

244 1788 431 1866 ἀνδρὸς
469 1795 557 1864 μὲν
614 1793 802 1850 θνητοῦ
854 1793 1027 1864 φιλίαν
1067 1801 1576 1868 πραγματευόμενος,
1633 1794 1706 1849 δι’
1763 1797 1841 1850 εὖ·
1871 1799 1914 1852 Β

245 1706 479 1773 ανομίαν,
552 1707 732 1774 φησὶν,
803 1705 878 1755 ὅτι
969 1707 1155 1777 ἔσομαί
1226 1725 1310 1758 σοι
1378 1708 1574 1779 ὅμοιος.
1650 1714 1715 1762 Σὺ

242 1885 481 1953 εργεσίας
512 1880 664 1933 αὐτὸν
711 1885 976 1955 προσάγῃ.
1019 1882 1186 1934 ἐκεῖνα
1223 1883 1378 1954 λέγων
1432 1891 1521 1937 καὶ
1577 1889 1838 1959 πράττων,

241 1973 423 2044 οἷσπερ
490 1970 550 2021 ἂν
599 1971 754 2023 αὐτόν
831 1973 988 2043 αῐσθῃ
1051 1978 1330 2045 χαίροντα”
1392 1983 1504 2044 Θεῷ
1571 1972 1629 2028 δὲ
1681 1997 1844 2030 ποοσ-

969 2033 976 2043 ι
1051 2032 1092 2043 σν
1155 2032 1162 2045 ι
1476 2032 1483 2044 ι
1722 2035 1728 2050 ¹

417 2062 426 2073 ι
844 2058 855 2068 ε
985 2065 993 2073 ι
1157 2069 1173 2073 .-
1265 2061 1275 2070 ·
1322 2070 1337 2073 ..
1461 2064 1503 2073 ,ιο
1627 2064 1657 2073 ~-

241 2062 606 2131 οικειούμενος,
666 2079 755 2110 και
815 2061 884 2122 εἰς
941 2065 1030 2118 την
1083 2069 1174 2113 τοῦ
1225 2061 1340 2113 υἱον
1406 2064 1573 2125 τάξι*
1620 2064 1840 2127 ἐλπίζων

239 2144 774 2222 παραδεχθήσεσθαι,
843 2151 910 2201 τα
957 2147 1092 2224 ἐχρά
1147 2159 1219 2221 τῷ
1281 2159 1394 2221 Θεῷ
1452 2156 1712 2226 πράττων,
1753 2161 1842 2208 καὶ

244 2234 336 2290 δια
372 2247 461 2298 τῆς
521 2245 612 2290 τοῦ
652 2242 810 2310 νόμου
852 2239 1199 2313 παραϐάσεως
1254 2239 1519 2313 ἀτιμάζων
1563 2243 1739 2295 αὐτόν·
1793 2244 1844 2307 ἐξ

242 2348 308 2378 ων
370 2342 602 2400 μαλιστα
675 2331 1039 2400 προσκρούεις,
1108 2327 1162 2380 ἐκ
1235 2332 1428 2382 τούτων
1491 2331 1716 2395 ἐλπίζεις
1754 2339 1842 2392 τὴν

243 2422 567 2484 acutorum;
598 2415 753 2491 ’ορα,
784 2422 854 2489 μη
909 2415 987 2469 ἐπ’
1043 2415 1216 2470 ἐλπίδι
1263 2427 1356 2481 τῆς
1415 2419 1842 2496 ἀπολυτρώσεως,

243 2507 435 2567 πλῆθος
491 2514 662 2558 κακῶν
723 2515 924 2577 σεαυτῷ
992 2506 1382 2580 συλλεξάμενος,
1441 2514 1534 2568 τὴν
1568 2513 1652 2564 uisu
1680 2512 1847 2564 ἀααο-

396 2595 406 2604 .
896 2567 902 2577 ¹
1157 2567 1168 2570 ’
1213 2567 1221 2580 ¹
1346 2567 1380 2576 ”
1492 2567 1497 2568 ⁷
1563 2567 1573 2583 ⁸

241 2601 355 2650 τίαν
387 2598 660 2669 κοροίσῃς,
699 2603 794 2655 τῆς
835 2592 892 2648 δὲ
929 2602 1324 2670 συγχωρήσεως
1365 2596 1658 2670 ἀποτύχης,
1714 2567 1846 2665 ‘65:);

1758 2696 1841 2751 Μὴ

246 2778 413 2846 εἴπῃς·
481 2771 643 2832 Καλός
683 2774 770 2844 μὲν
829 2774 854 2822 ό
909 2776 1078 2844 νόμος,
1127 2771 1232 2824 ἀλλ’
1274 2770 1438 2832 ἡδίων
1492 2778 1520 2833 ἡ
1592 2776 1842 2849 ἀμαοτία,

243 2686 302 2738 οὗ
361 2687 759 2758 μυκτηρίζεται.
805 2689 889 2741 Μὴ
977 2686 1263 2757 ἑμπορεύου
1333 2690 1427 2744 την
1492 2691 1676 2762 γάριν.

258 2861 430 2921 Ηδονή
487 2865 773 2935 αγκιστρόν
822 2873 931 2913 εστι
971 2870 1062 2913 τοῦ
1107 2859 1376 2932 διαϐόλου,
1413 2868 1542 2938 πρὸς
1593 2865 1845 2921 ἀπώλειαν

244 2955 406 3007 ἕλκον,
466 2949 659 3021 Πὸονὴ,
718 2955 892 3023 μήτηρ
944 2958 1040 3013 τῆς
1097 2950 1378 3024 ἁμαρτίας·
1441 2955 1470 3010 ἡ
1517 2950 1575 3007 δὲ
1615 2956 1847 3012 ἁιιαοτία

239 3047 298 3096 τὸ
347 3060 550 3115 κεντρον
612 3039 725 3092 ἐστὶ
789 3048 876 3093 τοῦ
943 3043 1185 3096 θανάτου.
1245 3038 1440 3109 Πιῖονὴ,
1519 3015 1844 3120 τροφὸέτοῦ

243 3133 453 3186 αἰωνίου
506 3130 790 3193 σκώληκος·
864 3130 894 3188 ἢ
947 3135 1076 3206 πρὸς
1128 3135 1308 3207 καιρὸν
1367 3135 1457 3206 μὲν
1523 3136 1845 3191 καταλεαίνει
1878 3158 1917 3211 C

243 3227 330 3293 τόν
372 3220 718 3287 ἀπολαύοντα,
753 3222 968 3294 ὕστερον
1001 3218 1059 3274 δὲ
1111 3228 1417 3298 πικροτέρας
1475 3225 1638 3296 χολῆς
1676 3237 1844 3281 ποιεῖ-

244 3334 333 3367 ται
372 3315 465 3374 τὰς
487 3308 781 3371 ἀναδόσεις.
821 3317 885 3364 Τί
923 3320 1108 3376 ποιεῖς,
1149 3313 1422 3386 οῖνθρωπε;
1464 3313 1584 3368 Ὀτε
1623 3314 1846 3382 δυνατός

248 3402 296 3458 εἶ
341 3402 389 3454 ἐν
440 3405 631 3476 ἔργοις,
692 3406 785 3459 τὴν
824 3403 1038 3458 νεότητά
1071 3420 1164 3454 σου
1204 3411 1317 3464 ταῖς
1351 3403 1634 3478 ἁμαρτίαις
1677 3429 1844 3483 "PM-

247 3492 568 3553 αναλίσκεις.
635 3489 796 3542 Ὀταν
847 3489 1090 3563 ἀποκάμη
1144 3494 1208 3542 τα
1261 3496 1471 3564 όξογανα,
1506 3500 1621 3548 τότε
1673 3518 1843 3572 προσ..

248 3588 387 3654 air/at;
446 3581 580 3633 αὐτὰ.
618 3588 688 3650 τῷ
729 3588 862 3650 Θεῷ,
925 3581 1006 3632 ὅτε
1041 3580 1110 3642 εἰς
1150 3576 1302 3632 οὐδὲν
1342 3582 1520 3646 αὐτοῖς
1559 3588 1670 3638 ἔστι
1707 3596 1844 3660 γοὴ-

1729 3645 1761 3660 ν.

249 3673 466 3735 σασθαι,
519 3668 624 3721 ἀλλ’
667 3667 866 3740 ἀνάγκη
909 3671 1135 3736 κεῖσθαι,
1175 3665 1269 3722 δια
1297 3672 1385 3722 τόν
1424 3674 1476 3723 ἐκ
1517 3683 1607 3726 τοῦ
1647 3645 1844 3747 γόξίιου

1671 3731 1700 3747 ..

480 3762 488 3772 ι
756 3731 782 3769 ι’
1124 3731 1130 3736 Ι
1647 3731 1689 3747 Iv

246 3778 547 3835 μαρασμον,
612 3759 994 3831 παραλυθέντος
1061 3765 1152 3810 τοῦ
1230 3764 1402 3814 τόνου.
1463 3761 1521 3814 Ἠ
1591 3764 1638 3816 ἐν
1693 3731 1848 3838 ’γήρᾳ

249 3851 583 3922 σωφροσύνη,
635 3847 693 3899 οὐ
751 3849 1083 3921 σωφροσύνη,
1146 3845 1251 3899 ἀλλ’
1311 3848 1593 3913 ἀκολασίας
1647 3824 1844 3909 aliud“:

1773 3946 1850 4000 δι’

247 4026 542 4100 ἀδυναμίαν
577 4034 762 4078 κακοῦ.
798 4025 924 4086 Ἐως
972 4027 1086 4079 ἐστι
1127 4045 1212 4078 σοι
1253 4024 1497 4101 δύναμις,
1539 4032 1672 4106 λόγω
1721 4041 1847 4090 κοά·

1645 4095 1652 4106 .
1754 4091 1762 4106 ι

1645 4095 1652 4107 ⁵
1753 4091 1762 4112 Ι

245 3944 361 4012 μία.
416 3941 609 4012 Νεκρός
675 3936 733 3988 οὗ
805 3945 1164 4010 στεφανοῦται·
1221 3936 1396 4000 οὐδεὶς
1470 3939 1693 4014 δίκαιος,

245 4137 322 4171 τει
373 4126 466 4178 τῆς
521 4116 799 4188 ἁμαρτίας·
842 4122 994 4167 τοῦτο
1042 4117 1142 4188 γάρ
1194 4114 1334 4168 ἐστιν
1385 4115 1555 4193 ἀρετὴ,
1620 4126 1851 4189 ἔκκλισις

248 4207 350 4262 ἀπο
389 4214 574 4272 κακοῦ,
600 4210 688 4257 καὶ
711 4209 922 4266 ποίησις
943 4205 1162 4277 ἀγαθον.
1198 4205 1255 4257 Ἠ
1285 4203 1344 4258 δὲ
1375 4205 1534 4282 ἀργία
1572 4223 1662 4276 τῆς
1691 4236 1849 4276 “om-

248 4305 369 4376 ρίας
419 4301 537 4351 οὔτε
576 4295 794 4348 ἐπαίνων
841 4295 970 4353 αὐτὴ
1018 4295 1134 4347 καθ’
1164 4295 1373 4365 ἐαντην,
1416 4303 1532 4354 οὔτε
1587 4305 1850 4360 κολάσεων

252 4387 510 4451 ἀξιοῦται.
569 4386 682 4438 Ἐαν
741 4381 809 4436 δι’
845 4385 1051 4442 ἠλικίαν
1083 4388 1257 4458 παύσῃ
1307 4396 1403 4450 τῆς
1443 4390 1722 4460 ἁμαρτίας,
1757 4407 1852 4460 τῆς

262 4475 274 4483 ἡ
1238 4440 1256 4458 _-
1354 4440 1402 4450 ..
1448 4440 1701 4458 .-.μη-η,
1765 4440 1815 4457 υ,

254 4477 522 4534 ἀσθενείας
547 4475 576 4529 ἡ
611 4474 794 4544 χάρις.
822 4479 1154 4544 Ἐπαρνοῡμεν
1197 4471 1256 4526 δὲ
1285 4480 1406 4539 τοὺς
1613 4440 1852 4539 ποσαίοεῖ
1884 4477 1925 4531 D

257 4584 339 4617 σιν
357 4565 608 4636 ἀγαθοὺς,
633 4561 691 4612 ου
722 4564 842 4621 τοὺς
867 4563 966 4613 ὑπὸ
1002 4580 1138 4624 τινος
1187 4561 1417 4634 ἀνάγκης
1447 4541 1851 4642 ἐξειργοέιένοιὲδς.

253 4658 344 4715 Τίς
412 4648 471 4704 δὲ
514 4670 598 4703 σοι
644 4652 728 4702 τὸν
795 4651 914 4724 ὅρον
969 4658 1064 4712 τῆς
1107 4653 1244 4713 ζωῆς
1311 4655 1500 4717 ἔπηξε;
1645 4623 1854 4724 ’σοιτὲν

255 4743 581 4814 προθεσμίαν
647 4744 740 4790 τοῦ
794 4743 966 4813 γήρως
1015 4741 1210 4810 ὦρισε;
1243 4745 1334 4802 τίς
1358 4744 1522 4809 οὕτως
1552 4747 1855 4817 ἀξιόπιστος

254 4833 400 4906 παρά
445 4833 529 4882 σοὶ
568 4835 664 4881 τῶν
695 4827 978 4900 μελλόντων
1020 4825 1318 4899 ἐγγυητης;
1371 4833 1492 4906 Οὐχ
1531 4839 1655 4912 ὁρᾷς
1696 4848 1860 4902 νήπια

255 4919 677 4996 ἀναρπαζόμενα,
726 4920 843 4978 τοὺς
919 4915 968 4968 ἐν
1042 4916 1222 4990 ηλικια
1304 4894 1691 4998 ἀπαγομένους
1749 4933 1860 4986 Οὐκ

254 5016 370 5084 ἔχει
415 5013 538 5082 μίαν
577 5008 901 5080 προθεσμίαν
941 5007 966 5058 ό
1018 5005 1154 5080 βίος.
1200 5013 1263 5062 Τί
1319 5009 1583 5085 ἀναμένεις
1640 5031 1860 5095 πυρετοῦ

257 5121 345 5155 σοι
395 5097 564 5172 δῶρον
615 5097 856 5168 γενέσθαι
898 5099 992 5154 τὴν
1048 5098 1342 5169 μετάνοιαν,
1376 5103 1458 5156 ὅτε
1487 5103 1611 5160 οὐδὲ
1645 5113 1862 5184 φθέγξα-

259 5193 384 5245 σθαι
437 5185 643 5264 δυνήσῃ
1002 5183 1418 5259 ἐξομολογησεως
1484 5195 1563 5265 (1)
1629 5183 1866 5278 σωτήρια

256 5282 485 5356 ῥήματα·
511 5279 658 5349 τάχα
697 5269 757 5327 δὲ
800 5270 924 5326 οὐδὲ
967 5273 1194 5328 ἀκοῦσαι
1231 5280 1473 5356 καθαρῶς
1513 5269 1862 5362 ἐπιτραπήῇ-η,

333 5407 375 5441 ετ
408 5403 622 5478 Ephes,
651 5416 728 5471 1v,
755 5403 846 5455 22.
904 5400 951 5435 ³⁸
984 5400 1139 5458 Psal.
1173 5418 1324 5462 xux.
1348 5409 1411 5464 2t
1479 5410 1526 5445 ³9
1559 5413 1744 5473 Galat.
1775 5435 1853 5489 vr,
1894 5425 1951 5477 7.

335 5532 413 5600 (ι)
442 5537 551 5592 Τῆς
579 5526 1018 5601 ἐξομολογήσεως.
1053 5529 1278 5589 Desunt
1324 5533 1452 5594 haec
1480 5535 1542 5596 in
1572 5547 1875 5608 contextu.

549 5619 873 5678 PATROLOG.
909 5619 1012 5678 Gn.
1045 5619 1245 5681 XXXII.

1961 533 2333 606 voluptatem
2376 526 2548 585 ducis
2585 525 2924 600 potiorem?
2965 520 3112 579 Novi
3165 519 3328 576 enim
3382 533 3624 592 procra-

1963 623 2351 680 stinationem
2387 623 2580 688 tuam,
2605 629 2966 689 quanquam
3011 618 3148 668 eam
3192 608 3394 665 verbis
3425 613 3625 666 conte-

1962 712 2053 784 gis
2081 731 2095 781 ;
2129 712 2396 768 clamant
2422 724 2518 764 res
2549 707 2719 779 ipsae,
2752 701 2994 761 tametsi
3022 715 3171 757 voce
3201 702 3366 757 taces
3421 714 3436 754 :
3487 698 3623 754 Sine

1961 809 2098 860 utar
2118 816 2370 874 corpore
2399 798 2479 856 ad
2508 795 2797 854 fruendas
2828 799 3036 866 turpes
3059 789 3358 861 libidines,
3392 788 3624 845 voluter

1961 896 2022 952 in
2045 910 2217 951 coeno
2248 891 2650 963 voluptatum,
2702 889 3012 943 eruentem
3063 897 3306 951 manus,
3337 878 3620 952 diripiam

1959 985 2187 1048 aliena,
2221 981 2430 1039 dolose
2479 976 2812 1047 ambulem,
2869 974 3159 1048 pejerem,
3217 969 3513 1034 mentiar;
3565 970 3622 1024 et

1960 1081 2084 1134 tum
2113 1070 2484 1148 poenitentia,
2521 1084 2660 1124 cum
2705 1066 2982 1123 vitiorum
3022 1061 3272 1120 tandem
3315 1061 3502 1116 ﬁnem
3539 1057 3620 1114 fe-

1958 1181 2114 1222 cero.
2143 1162 2316 1229 Quod
2347 1160 2395 1216 si
2427 1163 2746 1234 peccatum
2775 1155 3008 1211 bonum
3050 1156 3138 1208 est
3176 1154 3233 1206 et
3265 1149 3612 1218 honestum,

1955 1255 2104 1312 illud
2134 1253 2214 1310 ad
2244 1251 2429 1307 finem
2460 1263 2656 1320 usque
2701 1261 2910 1310 serva;
2943 1242 3035 1298 sin
3083 1239 3338 1296 noxium
3370 1241 3459 1294 est
3505 1252 3616 1310 pa-

1954 1344 2149 1413 tranti,
2181 1341 2331 1415 quid
2368 1340 2430 1395 in
2459 1335 2724 1394 exitiosis
2753 1331 3135 1391 immoraris?
3161 1332 3236 1401 (‘2)
3285 1331 3414 1384 Non
3451 1325 3618 1383 videt

1955 1439 2112 1492 Deus
2133 1449 2271 1507 qua;
2298 1429 2495 1486 ﬁunt?
2527 1441 2650 1483 non
2676 1423 2950 1496 agnoscit
2990 1424 3126 1476 tuas
3175 1416 3614 1490 cogitationes?

1953 1541 2033 1582 an
2063 1505 2408 1597 iniquitates
2436 1523 2571 1574 tuas
2609 1515 2827 1588 juvat?
2876 1512 3232 1582 Suspicatus
3270 1524 3352 1576 es,
3391 1505 3610 1579 inquit:

1952 1616 2350 1685 iniquitatem,
2383 1607 2542 1680 quod
2592 1621 2692 1662 ero
2744 1602 2856 1660 tibi
2901 1601 3114 1657 similis
3161 1599 3228 1652 ³³.
3280 1599 3366 1652 Tu
3408 1600 3611 1652 autem

1953 1702 2223 1759 mortalis
2273 1699 2381 1755 viri
2435 1695 2765 1754 amicitiam
2808 1708 2948 1748 cum
3015 1687 3236 1755 ambis,
3301 1681 3613 1742 beneﬁciis

1951 1808 2090 1850 eum
2124 1791 2333 1853 allicis,
2369 1787 2642 1858 dicisque
2670 1801 2741 1839 ea
2771 1799 2841 1838 ac
2868 1779 3035 1846 facis,
3071 1777 3297 1850 quibus
3344 1772 3611 1844 gaudere

1951 1877 2494 1954 ipsumintelligis;
2533 1875 2643 1931 sed
2675 1877 2796 1930 Deo
2835 1869 3125 1940 conjungi
3176 1866 3409 1933 volens,
3454 1867 3512 1920 et
3541 1862 3604 1918 in

1948 1969 2055 2025 filii
2081 1970 2281 2025 locum
2316 1972 2368 2023 te
2393 1969 2702 2037 receptum
2740 1961 2809 2016 iri
2839 1973 3117 2031 sperans,
3159 1954 3208 2010 si
3248 1955 3474 2009 interea
3522 1955 3609 2005 ta-

1950 2076 2088 2117 men
2120 2074 2256 2131 qure
2287 2061 2403 2112 Deo
2433 2053 2679 2111 inimica
2715 2055 2851 2105 sunt
2876 2051 3206 2121 perpetres,
3242 2049 3300 2099 et
3331 2057 3441 2115 per
3465 2039 3611 2110 legis

1947 2129 2338 2205 violationem
2364 2161 2504 2202 eum
2537 2141 2901 2207 dedecores;
2931 2135 3092 2192 unde
3136 2131 3402 2190 maxime
3439 2129 3611 2186 illum

1950 2237 2227 2305 offendis,
2260 2235 2478 2291 indene
2529 2231 2720 2304 ipsius
2767 2225 3234 2284 familiaritatem
3272 2217 3609 2277 necessitu-

1952 2329 2280 2400 dinemque
2312 2325 2417 2381 tibi
2449 2320 2795 2397 polliceris?
2827 2317 2966 2373 Vide
2991 2331 3066 2370 ne
3107 2310 3476 2369 liberationis
3503 2323 3611 2380 spe

1951 2417 2060 2475 tibi
2087 2417 2219 2490 ipse
2266 2413 2570 2471 malorum
2620 2409 2862 2482 copiam
2902 2418 3258 2474 congerens,
3289 2402 3609 2474 peccatum

1953 2508 2197 2581 quidem
2231 2518 2577 2569 coacerves,
2608 2500 2790 2556 venia
2818 2511 2957 2553 vero
2987 2491 3261 2567 priveris.
3301 2490 3460 2545 Deus
3491 2502 3612 2542 non

1956 2579 2251 2655 irridetur
2275 2598 2344 2650 ³9.
2377 2593 2554 2667 518
2583 2594 2735 2649 Cave
2766 2585 3038 2644 abutaris
3096 2581 3288 2654 gratia
3338 2579 3416 2635 ab
3455 2593 3616 2650 qure-

1956 2693 2134 2743 stum.
2188 2689 2268 2741 Ne
2325 2665 2546 2740 diseris
2602 2697 2615 2735 :
2664 2681 2831 2734 Bona
2860 2680 2947 2732 est
2971 2671 3220 2745 quidem
3246 2669 3361 2734 lex,
3392 2665 3616 2736 sedju—

1959 2775 2215 2832 cundius
2245 2774 2588 2846 peccatum.
2627 2764 2858 2824 Diaboli
2900 2765 3122 2820 hamus
3180 2758 3456 2829 voluptas
3503 2759 3612 2810 est.

1955 2865 2194 2921 habens
2223 2842 2296 2918 ad
2326 2858 2676 2935 perniciem.
2699 2855 2984 2926 Voluptas
3011 2854 3099 2906 est
3121 2851 3314 2904 mater
3343 2842 3612 2918 peccati:

1956 2959 2275 3028 peccatum
2309 2933 2451 3007 vero
2491 2947 2768 3004 stimulus
2808 2940 3018 2999 mortis
3072 2942 3160 2994 est
3199 2937 3267 2992 ⁸ο.
3325 2933 3614 3005 Voluptas

1957 3043 2160 3101 nutrix
2192 3047 2280 3097 est
2301 3039 2504 3096 aeterni
2533 3035 2755 3092 vermis
2780 3051 2792 3088 :
2821 3047 2958 3105 quas
2986 3028 3065 3086 ad
3100 3032 3337 3098 tempus
3365 3021 3613 3096 quidem

1957 3132 2259 3191 demulcet
2286 3129 2714 3203 perfruentem,
2749 3120 2967 3178 deinde
2992 3133 3134 3174 vero
3159 3113 3433 3186 germina
3480 3109 3614 3166 felle

1958 3224 2262 3282 amariora
2290 3201 2607 3294 producit.
2667 3211 2819 3279 Quid
2869 3209 3039 3277 facis,
3081 3224 3116 3263 ο
3173 3203 3408 3261 homo?
3467 3201 3614 3255 Cum

1958 3315 2212 3370 idoneus
2242 3291 2430 3382 eswqui
2451 3305 2738 3380 opereris,
2760 3297 3108 3360 absumisin
3131 3292 3392 3368 peccatis
3401 3291 3618 3362 juven-

1959 3408 2144 3460 tutem
2171 3407 2361 3458 tuam.
2396 3402 2720 3468 Potsquam
2762 3390 3162 3460 elanguerunt
3191 3397 3440 3452 organa,
3475 3383 3616 3468 tunc

1957 3512 2030 3552 ea
2055 3498 2171 3550 Deo
2203 3492 2405 3558 offers,
2431 3467 2570 3546 cum
2601 3501 2722 3542 non
2772 3480 3034 3554 amplius
3082 3479 3254 3549 potes
3291 3472 3384 3529 his
3420 3470 3501 3526 ad
3532 3467 3619 3524 ul-

1957 3585 2077 3641 lam
2111 3600 2239 3639 rem
2266 3581 2350 3638 uti
2385 3598 2397 3634 :
2432 3578 2538 3636 sed
2569 3593 2642 3632 ea
2671 3587 2920 3631 necesse
2951 3573 3041 3625 est
3070 3572 3327 3638 torpere,
3359 3560 3439 3618 ob
3485 3558 3618 3615 diu-

1957 3678 2148 3733 tinam
2177 3673 2402 3739 tabem,
2434 3669 2637 3739 vigore
2660 3670 2716 3721 et
2745 3663 2963 3720 robore
2988 3655 3274 3714 resoluto.
3298 3651 3616 3709 Continen-

1960 3767 2041 3822 tia
2094 3766 2154 3820 in
2223 3737 2527 3818 senectute
2587 3752 2958 3812 continentia
3009 3761 3133 3803 non
3164 3748 3273 3810 est,
3310 3741 3419 3798 sed
3448 3737 3619 3795 lasci-

1959 3854 2162 3910 viendi
2194 3847 2567 3922 impotentia.
2592 3847 2856 3901 Mortuus
2889 3853 3011 3894 non
3044 3836 3404 3891 coronatur:
3437 3842 3617 3884 nemo

1959 3943 2094 3998 ideo
2113 3914 2333 4012 justus,
2367 3934 2535 4008 quod
2566 3933 2619 3988 ei
2647 3929 2790 3986 mali
2816 3924 3077 3984 faciendi
3102 3919 3358 3977 facultas
3381 3931 3505 3973 non
3523 3914 3615 3970 sit.

1964 4004 2131 4087 Vires
2152 4045 2221 4085 ac
2257 4004 2526 4100 potentia
2558 4024 2706 4078 dum
2759 4017 2865 4074 tibi
2905 4014 3252 4086 suppetunt,
3286 4008 3380 4064 fac
3410 4004 3619 4061 vincas

1959 4122 2192 4177 ratione
2222 4119 2564 4190 peccatum.
2599 4113 2718 4166 Hoc
2745 4107 2909 4163 enim
2946 4105 3134 4160 virtus
3182 4102 3288 4168 est,
3317 4094 3620 4152 declinare

1963 4226 1999 4267 a
2025 4208 2208 4272 malo,
2243 4210 2298 4262 et
2327 4203 2562 4260 efficere
2592 4199 2846 4256 bonum.
2886 4197 3031 4250 Nam
3074 4202 3311 4245 cessare
3352 4200 3388 4240 a
3434 4181 3618 4251 malo,

1964 4313 2158 4370 neque
2195 4294 2394 4362 laude,
2430 4306 2626 4364 neque
2687 4282 3080 4356 castigatione
3134 4294 3202 4333 ex
3260 4290 3322 4330 se
3367 4272 3619 4343 dignum

1967 4393 2076 4445 est.
2111 4387 2362 4442 Peccare
2394 4383 2445 4438 si
2469 4362 2719 4436 desieris
2749 4375 2830 4432 ob
2859 4375 3118 4437 aetatem,
3142 4362 3504 4422 beneficium
3535 4363 3625 4414 est

1967 4475 2353 4535 infirmitatis.
2399 4470 2747 4528 Laudamus
2778 4470 2985 4521 autem
3015 4474 3119 4515 eos
3146 4453 3251 4528 qui
3277 4449 3462 4509 animi
3484 4462 3622 4520 pro-

1967 4568 2164 4642 posito
2202 4563 2347 4621 boni
2389 4566 2550 4627 sunt,
2581 4573 2706 4614 non
2751 4570 2876 4622 eos,
2899 4550 3006 4624 qui
3045 4543 3398 4604 necessitate
3420 4537 3626 4610 aliqua

1970 4661 2339 4714 coercentur.
2375 4655 2664 4708 Caeterum
2695 4645 2830 4719 quis
2855 4640 3118 4697 tibivilae
3172 4631 3426 4689 limitem
3473 4642 3624 4698 prm-

1968 4749 2144 4804 fixit?
2166 4745 2302 4819 quis
2330 4749 2561 4799 certum
2583 4732 2908 4794 senectutis
2938 4725 3262 4786 terminum
3288 4718 3393 4776 tibi
3414 4713 3626 4772 deﬁni-

1969 4839 2098 4896 vit?
2165 4805 2302 4910 quis
2367 4846 2627 4906 sponsor
2658 4828 3000 4884 futurorum
3029 4813 3198 4889 apud
3227 4816 3282 4869 te
3313 4808 3468 4910 adeo
3505 4805 3628 4861 ﬁde
3697 4881 3711 4886 _

1973 4899 2238 4999 dignus?
2277 4899 2495 4982 Annon
2551 4918 2718 4976 vides
2747 4913 3007 4972 infantes
3037 4899 3371 4976 abreptos?
3420 4909 3628 4954 annon

1974 4987 2140 5074 vides
2170 5031 2273 5072 eos
2302 5013 2408 5086 qui
2437 5013 2609 5067 aetate
2639 5007 2861 5075 vigent,
2901 4995 3124 5057 abduci
3166 4997 3346 5086 atque
3384 4987 3460 5086 de
3510 5000 3632 5086 me-

1976 5109 2077 5166 dio
2109 5107 2230 5164 tolli
2250 5107 2277 5161 ‘2
2310 5075 2549 5160 rtullum
2589 5094 2953 5171 praefinitum
3004 5093 3242 5158 tempus
3272 5081 3395 5138 vita
3425 5075 3630 5171 liabetj

1979 5163 2134 5266 Quid
2173 5197 2511 5268 exspectas,
2559 5163 2712 5245 d-um
2758 5181 2942 5240 febris
2979 5173 3340 5268 beneficium
3397 5165 3507 5267 tibi
3560 5163 3634 5219 sit

1978 5256 2351 5362 poenitentia,
2394 5256 2643 5356 quando
2676 5290 2786 5338 nec
2834 5267 3228 5347 pronuntiare
3258 5256 3483 5336 poteris
3534 5269 3632 5312 sa-

2019 5418 2064 5455 ⁸⁰
2104 5419 2122 5472 l
2154 5417 2284 5471 Cor.
2316 5426 2416 5479 xv,
2451 5413 2538 5466 56.

2055 5538 2303 5616 (2)1bid.
2335 5538 2458 5596 iis.

3178 5609 3244 5664 39
