4084 6414
515 311 532 362 l
545 312 648 364 227

1517 307 1879 365 APPENDIX.
1905 339 1973 350 —-
1997 310 2320 370 SIMEONIS
2356 317 2887 376 METAPHRASTJE

3757 336 3912 390 1228

505 429 721 489 lutaria
762 431 1158 489 confessionis
1195 433 1406 503 verba,
1449 448 1647 504 neque
1687 433 1834 489 forte
1877 434 1984 490 tibi
2015 435 2149 491 clari

2284 439 2412 512 αὐτῇ
2481 449 2543 514 τῇ
2599 445 2789 518 κεφαλῇ
2859 445 3162 511 ἐνοικοῦσης
3215 459 3304 511 τῆς
3359 458 3538 522 νόσου,
3589 455 3650 507 οὐ
3698 465 3911 530 χεῖρας

511 521 719 579 audire
736 521 956 589 licebit,
974 523 1193 579 morbo
1217 527 1400 596 caput
1419 523 1622 594 ipsum
1640 529 1977 595 occupante
2004 543 2016 580 :
2047 541 2173 581 non

509 628 733 668 manus
766 611 844 667 ad
876 611 1092 667 coelum
1115 611 1402 679 attollere,
1420 627 1544 667 non
1573 612 1633 666 in
1654 612 1840 684 pedes
1863 612 2026 684 erigi,
2050 629 2174 670 non

511 715 672 770 genu
717 700 956 756 ﬂectere
1011 700 1090 756 ad
1125 700 1531 766 adorandum,
1563 714 1685 756 non
1723 703 2042 757 commode
2072 703 2177 758 do-

510 790 650 856 ceri,
683 805 806 845 non
834 796 1111 845 accurate
1137 789 1432 854 confiteri,
1453 804 1578 845 non
1601 789 1845 845 credere
1871 791 1931 845 in
1959 794 2168 854 Deum,

509 893 632 933 non
663 877 906 933 inimico
937 879 1303 942 renuntiare,
1355 877 1505 934 forte
1547 894 1713 943 vero,
1762 894 1963 950 neque
2002 879 2169 960 intel:

508 967 760 1037 ligenter
788 967 998 1023 audire
1021 967 1170 1023 dum
1194 967 1547 1035 initiaberis,
1589 983 1732 1024 cum
1757 969 2032 1024 dubitent
2060 967 2167 1042 qul

509 1059 746 1129 adsunt,
799 1062 1003 1114 utrum
1037 1058 1294 1113 senseris
1342 1058 1618 1128 gratiam,
1679 1074 1754 1114 an
1815 1059 1942 1115 sine
1987 1075 2168 1115 sensu

506 1163 643 1220 quae
683 1151 945 1217 aguntur
971 1147 1234 1219 accipias
1255 1147 1284 1202 τ
1319 1151 1444 1203 Imo
1475 1148 1712 1203 etiamsi
1745 1149 2000 1204 scienter
2035 1164 2165 1220 gra-

506 1238 652 1293 tiam
685 1236 1004 1310 suscipias,
1040 1241 1181 1292 tunc
1211 1237 1461 1309 quidem
1488 1237 1784 1294 talentum
1814 1238 2026 1302 habes,
2059 1239 2169 1295 sed

506 1325 744 1381 lucrum
774 1341 898 1381 non
924 1325 1125 1380 refers.

579 1420 630 1471 6.
661 1415 736 1487 (t)
768 1414 860 1470 Ad
889 1414 1420 1478 malefaciendum,
1479 1416 1718 1483 fratres,
1779 1417 1948 1472 vafer
1999 1417 2164 1473 calli-

507 1505 744 1579 dusque
775 1509 869 1560 est
924 1504 1234 1563 diabolus.
1279 1505 1556 1575 Intelligit
1606 1521 1720 1561 nos
1773 1506 2050 1562 homines
2106 1508 2168 1563 in

506 1594 788 1668 praesenti
817 1593 1015 1650 solum
1043 1598 1313 1666 tempore
1339 1595 1568 1662 vivere;
1603 1595 2023 1668 actionemque
2046 1613 2169 1652 om-

507 1699 646 1740 nem
661 1683 722 1739 in
741 1683 1025 1756 praesenti
1046 1688 1316 1755 tempore
1338 1683 1487 1739 ﬁeri.
1512 1684 1911 1749 Quamobrem
1933 1686 2168 1742 hodier-

507 1789 593 1830 na
626 1773 723 1828 die
762 1772 938 1828 nobis
983 1772 1397 1828 fraudulenter
1445 1773 1757 1851 subrepta,
1789 1774 1966 1829 nobis
1994 1791 2165 1847 spem
2191 1792 2237 1848 Β

509 1862 783 1918 crastinas
813 1860 1114 1934 relinquit.
1139 1865 1346 1917 Nonne
1383 1861 1649 1931 suggerit
1671 1868 1735 1917 ut
1757 1863 1934 1918 hodie
1959 1880 2166 1934 perpe-

507 1956 734 2007 tremus
770 1957 1114 2022 peccatum,
1149 1951 1363 2006 suadet
1405 1957 1630 2020 autem,
1679 1955 1744 2007 ut
1781 1953 2072 2022 justitiam
2102 1954 2164 2009 in

509 2041 835 2096 crastinum
867 2041 1287 2095 reservemus?
1317 2041 1540 2095 Deinde
1579 2057 1719 2095 cum
1749 2040 1878 2096 dies
1905 2044 2166 2100 crastina

505 2131 688 2197 venit,
714 2145 923 2185 rursus
945 2130 1177 2185 accedit
1211 2130 1411 2185 malus
1431 2135 1635 2185 noster
1658 2131 1900 2196 divisor,
1927 2133 2163 2205 sibique

506 2219 894 2290 hodiernum,
933 2217 1188 2274 Domino
1208 2231 1350 2274 vero
1373 2219 1707 2274 crastinum
1740 2222 1953 2291 poscit,
1980 2229 2161 2294 atque

508 2310 592 2364 sic
623 2324 864 2380 semper
883 2323 1152 2380 praesens
1195 2307 1446 2379 quidem
1485 2324 1594 2379 per
1622 2309 1995 2380 voluptatem
2026 2311 2163 2368 sub-

507 2397 751 2453 trahens
807 2397 1080 2452 futurum
1127 2411 1273 2452 vero
1327 2397 1452 2468 spei
1509 2402 1734 2453 nostra:
1788 2414 2159 2470 proponens,

504 2486 921 2559 imprudentes
956 2502 1067 2542 nos
1096 2491 1152 2543 et
1180 2487 1452 2542 incautos
1491 2502 1522 2541 e
1574 2487 1693 2547 vita
1749 2489 2049 2546 subducit.
2083 2492 2158 2563 (2)

502 2576 634 2632 Vidi
678 2590 790 2644 ego
821 2574 1150 2647 aliquando
1186 2576 1367 2632 talem
1414 2576 1642 2632 callida;
1692 2578 1816 2633 avis
1853 2577 2157 2635 astutiam.

503 2665 793 2722 Nimirum
842 2681 978 2719 cum
1028 2665 1176 2738 pulli
1230 2667 1359 2736 ejus
1389 2670 1590 2722 essent
1639 2671 1819 2738 captu
1850 2666 2053 2721 faciles
2076 2666 2156 2722 ob

498 2754 988 2826 teneritudinem,
1016 2772 1077 2811 se
1107 2757 1241 2827 ipsa
1271 2755 1597 2826 objiciebat
1618 2761 1682 2812 ut
1707 2761 1986 2828 paratam
2005 2773 2156 2828 prae-

496 2845 660 2915 dam,
695 2847 878 2915 atque
911 2846 1049 2898 ante
1076 2844 1426 2900 venantium
1470 2861 1692 2900 manus
1740 2845 2019 2912 volitans,
2053 2860 2153 2900 ne-

495 2950 614 3006 que
634 2931 806 2988 facile
829 2937 1062 3003 poterat
1093 2949 1129 2990 a
1153 2935 1546 2990 venatoribus
1579 2933 1735 3005 capi,
1765 2949 1962 3004 neque
1981 2949 2151 3006 spem

491 3022 801 3098 capiendae
826 3023 1047 3094 praedia
1068 3025 1152 3080 eis
1176 3023 1507 3090 adimebat,
1553 3023 1658 3078 sed
1705 3024 1979 3091 interea,;
2001 3024 2148 3079 dum

2283 549 2405 602 αραι
2478 532 2546 592 εἰς
2597 535 2834 606 οὐρανόν,
2899 538 2992 589 ούκ
3041 537 3123 592 ἐπὶ
3180 539 3346 603 πόδας
3404 540 3782 616 διαναστῆναι,
3839 547 3907 599 οὗ

2281 618 2449 671 κλῖναι
2511 627 2635 692 γόνυ
2694 626 2764 686 εἰς
2829 632 2920 685 την
3005 634 3349 701 προσκύνσιν,
3411 634 3469 684 ού
3548 631 3907 707 διδαχθῆναι

2278 715 2587 781 χρησίμως,
2638 714 2741 785 οὑχ
2769 715 3094 787 ὁμολογῆσαι
3122 717 3385 792 ἀσφαλῶς,
3430 723 3560 794 ούχὶ
3597 733 3904 779 πιστεῦσαι

2281 805 2392 869 Θεῷ
2432 802 2532 871 (4),
2565 803 2657 854 οὑκ
2698 803 3062 868 ἀποτάξασθαι
3091 817 3162 878 τῷ
3207 809 3403 884 ἐχθρῷ,
3452 832 3601 884 ταχα
3647 811 3732 880 δὲ,
3765 813 3903 869 οὐδὲ

2283 899 2504 951 συνετῶς
2566 892 2854 946 ἐπακοῦσαι
3011 904 3546 972 μυσταγωγούμενος,
3598 902 3899 976 ἀμφίϐολος

2276 976 2343 1026 ὠν
2386 987 2494 1040 τοῖς
2543 991 2820 1054 παροῦσιν·
2881 980 2984 1060 ἀρα
3023 989 3214 1058 ᾔσθετο
3266 991 3343 1060 (6)
3392 999 3488 1052 τῆς
3545 995 3802 1066 χάριτος.
3860 997 3892 1054 ἢ

2277 1071 2602 1131 ἀναισθήτως
2651 1075 2764 1143 ἔχει
2808 1083 2907 1126 τῶν
2964 1082 3272 1149 γινομένων;
3308 1078 3470 1132 ΛΟταν
3525 1079 3583 1134 δε
3636 1087 3730 1134 καὶ
3782 1087 3897 1135 ἐπι-

2278 1162 2544 1229 στημόνως
2595 1167 2687 1220 τὴν
2731 1165 2894 1238 χάριν
2938 1162 3084 1238 ὃέξη,
3136 1173 3252 1220 τότε
3295 1172 3384 1242 μὲν
3433 1171 3682 1224 τάλαντον
3719 1175 3890 1244 ἔχεις,

2274 1251 2368 1303 τὴν
2413 1244 2472 1300 δὲ
2503 1249 2752 1322 ἐργασίαν
2781 1254 2873 1305 οὐκ
2903 1258 3114 1329 ἐπιφέρῃ
3147 1262 3248 1325 (7),

2349 1411 2400 1462 6.
2435 1416 2592 1482 Σοφός
2637 1411 2746 1465 ἐστι
2800 1424 2891 1466 τοῦ
2941 1426 3295 1476 κακοποιῆσαι
3355 1423 3380 1472 ό
3435 1425 3684 1497 πονηρός,
3738 1419 3894 1477 ἀδελ-

2278 1503 2383 1567 φοί⁸
2434 1508 2647 1573 συνορᾷ,
2691 1505 2768 1554 ὅτι
2815 1509 2950 1557 κατὰ
2988 1510 3045 1558 τό
3087 1511 3250 1581 παρόν
3302 1509 3467 1582 ζῶμεν
3515 1514 3563 1563 οἱ
3592 1513 3890 1586 ἄνθρωποι,

2276 1593 2365 1638 καὶ
2415 1596 2562 1642 πᾶσα
2613 1593 2804 1665 πρᾶξις
2865 1598 3001 1647 κατά
3057 1600 3113 1647 τό
3175 1596 3353 1660 ἐνετὼς
3407 1599 3709 1674 ἐνεργεῖται.
3779 1608 3893 1660 Τὴν

2277 1673 2368 1727 οὑυ
2427 1683 2646 1751 σήμερον
2691 1682 2918 1736 κλέπτων
2973 1687 3118 1756 ἡμῶν
3177 1683 3268 1738 διὰ
3314 1696 3405 1748 τῆς
3445 1687 3740 1761 μεθοόείας,
3797 1701 3896 1753 τῆς

2277 1771 2454 1839 αὔριον
2499 1774 2623 1842 ημῖν
2685 1775 2774 1833 τὰς
2821 1771 3028 1836 ἐλπίδας
3070 1783 3410 1850 περιαφίησιν
3463 1777 3529 1831 ⁴Η
3584 1782 3689 1854 γὰρ
3751 1782 3894 1853 οι)χὶ

3795 1875 3893 1928 τὴν

2275 1941 2334 1997 δὲ
2388 1943 2730 2008 δικαιοσύνην
2773 1953 2845 2014 εἰς
2900 1959 2993 2012 την
3045 1958 3223 2026 αὔριον
3271 1959 3435 2010 πείθει
3484 1961 3626 2030 ἡμας
3667 1964 3894 2033 ταμιεύ-

2273 1862 2363 1913 τὴν
2423 1862 2514 1930 μὲν
2567 1859 2827 1934 ἁμαρτίαν
2889 1869 3113 1938 σήμερον
3173 1875 3333 1919 ποιεῖν
3408 1868 3709 1936 ἀποϐάλλει,

2276 2037 2492 2104 σεσθαι;
2534 2038 2662 2097 Εἶτα
2709 2039 2918 2094 ἐπειδὰν
2963 2045 2991 2101 ἡ
3028 2049 3206 2118 αὔριον
3251 2046 3396 2118 ἔλθη,
3430 2048 3581 2099 πάλιν
3605 2052 3831 2122 ἔρχεται
3863 2053 3892 2103 ό

2271 2129 2429 2187 κακὸς
2465 2135 2828 2204 συμμεριστὴς
2882 2135 3047 2204 ημῶν,
3081 2133 3234 2196 ἀξιῶν
3289 2141 3380 2194 την
3427 2143 3653 2213 σήμερον
3684 2139 3887 2210 ἑαυτῷ,

2270 2216 2364 2270 τὴν
2433 2213 2492 2269 δὲ
2531 2223 2710 2293 αὔριον
2768 2229 2837 2292 τῷ
2909 2227 3103 2294 Κυρίῳ
3153 2229 3244 2275 καὶ
3302 2225 3468 2288 οὕτως
3525 2226 3626 2296 ἀεὶ,
3676 2233 3738 2281 τό
3787 2235 3887 2301 μέν

2268 2308 2433 2378 παρὸν
2479 2304 2550 2358 δι’
2592 2306 2785 2370 ἡδονῆς
2828 2313 3224 2384 ὑφαιρούμενος,
3276 2317 3334 2364 τὸ
3397 2311 3455 2366 ὃε
3520 2316 3700 2388 μελλον
3763 2325 3886 2380 ταῖς

2269 2391 2470 2448 ἐλπίσιν
2527 2400 2652 2471 ἡμῖν
2710 2407 3038 2473 προσαφιεὶς,
3082 2403 3319 2457 λανθάνει
3380 2407 3519 2477 ἡμᾶς
3589 2405 3890 2461 ἀποϐουκο-

2267 2483 2364 2535 λῶν
2418 2496 2512 2550 τῆς
2577 2490 2735 2552 ζωῆς.
2796 2496 3056 2549 Τοιαύτην
3095 2490 3233 2546 εἶδον
3261 2496 3360 2565 ἐγώ
3397 2515 3524 2546 ποτε
3550 2504 3883 2571 πανουργίαν

2268 2577 2464 2648 όςονιθος
2514 2579 2838 2651 εὐμηχάνου.
2901 2581 3184 2634 Εύαλωτων
3222 2585 3324 2655 γὰρ
3380 2584 3548 2646 αὐτῆς
3595 2595 3689 2636 τῶν
3732 2605 3876 2638 νεοτ-

2266 2674 2364 2714 τῶν
2404 2669 2752 2741 ὑπαρχόντων
2820 2667 2893 2721 δι’
2955 2670 3276 2742 ἁπαλότητα,
3334 2670 3524 2731 ἑαυτὴν
3589 2673 3865 2746 προϐαλλο-

2262 2758 2386 2827 μένη
2446 2761 2508 2818 ὡς
2545 2761 2749 2830 ἕτοιμον
2802 2761 3030 2833 θήραμα,
3067 2767 3156 2813 καὶ
3211 2769 3325 2822 ταῖς
3361 2768 3526 2834 χερσὶ
3555 2772 3655 2815 τῶν
3686 2763 3875 2838 ἀγρευ-

2262 2850 2420 2898 όντων
2485 2847 3028 2922 ἐνστρεφομένη,οὑτε
3080 2849 3340 2924 ἀλὼσιμος
3395 2849 3456 2909 ἦν
3497 2852 3552 2904 ἐκ
3605 2861 3696 2905 τοῦ
3738 2875 3870 2927 προ-

2259 2940 2444 3009 χείρου
2490 2946 2597 2998 τοῖς
2645 2941 2942 3012 θηρευταῖς,
3007 2939 3121 2992 οὔτε
3189 2940 3486 3012 ἀπόγνωσιν
3543 2943 3726 3006 αὐτοις
3795 2946 3873 2997 ἐν-

2259 3031 2420 3078 εποίει
2474 3036 2564 3088 τῆς
2609 3027 2791 3103 ἆγρας·
2823 3029 2948 3081 ἀλλὰ
2996 3037 3106 3090 ταῖς
3139 3029 3337 3083 ἐλπίσιν
3387 3033 3577 3092 αὑτούς
3615 3034 3875 3097 ποικίλως

491 3115 658 3188 ipsos
688 3127 796 3184 spe
817 3113 982 3168 varie
1011 3113 1325 3182 detineret,
1371 3129 1442 3169 ac
1489 3112 1650 3168 circa
1687 3128 1749 3167 se
1801 3117 2144 3184 occuparet,

2259 3122 2711 3189 παρακατέχουσα
2749 3127 2810 3191 τῇ
2852 3124 2968 3193 περὶ
3008 3119 3171 3178 αὑτὴν
3201 3119 3454 3192 ἀσχολίᾳ,
3489 3129 3599 3182 τοῖς
3629 3131 3877 3184 νεοσσοῖς

489 3208 756 3279 fugiendi
809 3207 984 3282 519
1025 3206 1265 3278 copiam
1296 3221 1366 3260 ac
1389 3203 1767 3260 securitatem
1798 3203 1974 3276 pullis
2020 3204 2145 3259 suis

493 3297 1000 3361 subministravit,
1047 3312 1118 3351 ac
1149 3299 1462 3367 postremo
1499 3294 1634 3366 ipsa
1675 3309 1919 3366 quoque
1967 3294 2148 3350 simul

488 3388 773 3444 avolavit.
822 3387 984 3443 Time
1027 3400 1104 3439 ne
1149 3388 1206 3439 et
1262 3383 1367 3439 tibi
1421 3383 1641 3439 similia
1689 3383 1984 3453 accidant,
2039 3383 2146 3455 qui

486 3482 649 3535 certa
672 3479 1038 3534 incertorum
1070 3489 1176 3546 spe
1225 3473 1610 3545 derelinquis.
1644 3474 1723 3544 (3)
1762 3472 1906 3529 Vide
1940 3473 2144 3543 etiam,

482 3583 581 3632 ne,
609 3567 754 3622 dum
773 3563 1192 3640 paenitentiam
1223 3578 1297 3618 ex
1320 3577 1484 3618 anno
1513 3562 1576 3617 in
1605 3577 1857 3629 annum,
1882 3578 1913 3617 e
1935 3578 2145 3619 mense

482 3658 545 3713 in
582 3672 878 3719 mensem,
904 3671 936 3710 e
962 3653 1058 3710 die
1085 3653 1148 3708 in
1169 3651 1333 3708 diem
1350 3650 1568 3722 rejicis,
1594 3651 1657 3706 in
1681 3651 1847 3707 diem
1866 3651 2142 3724 inexspe-

479 3752 700 3805 ctatam
729 3744 1062 3818 aliquando
1087 3742 1342 3806 incidas,
1378 3758 1520 3798 cum
1546 3741 1676 3813 jam
1707 3742 1944 3798 deﬁciet
1977 3747 2031 3798 te
2063 3743 2144 3798 vi-

478 3838 658 3894 vendi
679 3836 952 3906 facultas,
988 3834 1221 3905 eritque
1249 3831 1518 3904 undique
1550 3831 1856 3902 angustia,
1898 3836 1953 3888 et
1996 3831 2142 3888 afﬂi-

480 3928 597 3984 ctio
619 3927 1038 3998 cujuscunque
1053 3921 1375 3978 levamenti
1415 3936 1651 3993 expers,
1673 3921 2139 3992 desperantibus

479 4017 751 4086 medicis,
781 4012 1245 4086 desperantibus
1275 4014 1333 4067 et
1359 4010 1739 4083 propinquis,
1765 4026 1904 4066 cum
1926 4010 2138 4066 crebro

479 4111 538 4164 et
575 4107 736 4162 sicco
767 4103 1038 4162 anhelitu
1067 4117 1320 4174 pressus
1369 4101 1710 4158 vehementi
1757 4100 1921 4156 febre
1949 4101 2136 4158 inter-

476 4212 591 4252 nas
621 4199 822 4268 partes
851 4192 1272 4248 inﬂammnate
1322 4193 1502 4262 atque
1555 4190 2135 4260 succedente,.inge-

475 4285 695 4342 misces
724 4283 974 4356 quidem
997 4283 1237 4354 pectore
1267 4279 1412 4345 imo,
1448 4278 1555 4334 sed
1577 4278 1682 4350 qui
1711 4278 2028 4336 condoleat
2047 4295 2134 4335 re-

473 4374 671 4447 peries
698 4371 1004 4428 neminem
1030 4388 1044 4439 ;
1068 4384 1141 4425 ac
1164 4368 1412 4440 loquere
1433 4367 1681 4440 quidem
1708 4372 1884 4423 tenue
1901 4367 2134 4441 aliquid

2255 3210 2350 3263 τὴν
2389 3203 2572 3258 ἄδειαν
2628 3218 2722 3270 τῆς
2778 3216 2941 3280 φυγῆς
3009 3209 3366 3282 προεξένησεν,
3419 3208 3529 3262 εἶτα
3578 3213 3640 3261 τό
3699 3212 3879 3265 τελευ-

2254 3302 2397 3346 ταῖον
2425 3301 2514 3348 καὶ
2571 3298 2697 3355 αὑτὴ
2749 3302 3070 3354 συναπέπτη.
3099 3298 3385 3365 Φοϐήθητι,
3426 3303 3498 3365 μὴ
3557 3304 3649 3352 καὶ
3702 3306 3774 3352 σύ
3806 3306 3879 3354 τὰ

2253 3386 2603 3461 παραπλήσια
2643 3389 2838 3457 πάθης,
2891 3387 2934 3439 ἐι
2989 3396 3104 3451 ταῖς
3149 3397 3249 3439 τῶν
3311 3385 3520 3446 ἀδήλων
3584 3388 3769 3442 ἑλπισι
3807 3396 3878 3444 τὰ

2255 3480 2446 3550 φανερά
2488 3483 2805 3550 προῐέμενος.
2853 3477 3008 3552 Ὀρα,
3057 3483 3260 3550 μήποτε
3310 3479 3543 3530 ἐνιαυτὸν
3587 3479 3642 3541 ἐξ
3698 3481 3878 3534 ἐνιαυ-

2251 3573 2367 3632 τοῦ,
2425 3572 2516 3618 καὶ
2592 3575 2732 3639 μῆνα
2788 3567 2842 3619 ἐκ
2915 3571 3098 3639 μηνὸς,
3173 3573 3263 3620 καὶ
3312 3570 3508 3640 ἡμέραν
3563 3568 3621 3630 ἐξ
3665 3571 3878 3644 ἡμέρας

2253 3655 2642 3729 ὑπερτιθέμενος
2708 3662 2802 3714 τὴν
2854 3659 3152 3730 μετάνοιαν,
3215 3656 3446 3728 ἑμπέσης
3494 3661 3616 3710 ποτὶ
3672 3659 3746 3718 εἰς
3807 3661 3875 3718 ἣν

2785 3749 3003 3820 ἡμέραν,

2248 3831 2426 3885 λοιπὸν
2475 3837 2660 3887 αἰτοῦ
2723 3836 2818 3907 ζῇν
2872 3834 3120 3911 ἀφορμαι*
3177 3834 3374 3908 ἀπορία
3431 3833 3490 3889 δὲ
3564 3833 3594 3907 ᾖ
3669 3839 3875 3891 πάντο-

3772 3932 3871 3998 μὲν

2249 4009 2456 4084 ἰατρῶν,
2530 4013 2886 4088 ἀπειρηκότων
2935 4010 2994 4066 δὲ
3058 4023 3157 4065 τῶν
3243 4015 3465 4066 οἰκείωνο
3533 4016 3617 4066 ὅτε
3669 4025 3868 4086 πυκνῷ

2251 3744 2309 3794 ού
2395 3742 2701 3818 προσδοκᾷς
2785 3749 3003 3818 ἡμέραν,
3081 3749 3234 3804 ἡνίκα
3290 3745 3350 3798 ἆν
3424 3746 3738 3800 ἐπιλείπυσί
3810 3769 3875 3802 σε

2250 3923 2350 3987 θεν,
2405 3929 2495 3976 καὶ
2554 3924 2726 3994 θλίψις
2801 3923 3234 3998 ἀπαραμύθητος·
3318 3924 3677 4000 ἀπειρηκότων

2243 4100 2479 4172 ἄσθματι
2507 4108 2598 4154 καὶ
2633 4103 2773 4175 ξηρῷ
2833 4109 3194 4176 συνεχόμενος,
3234 4122 3460 4177 πυρετου
3489 4102 3684 4178 λάϐρον
3733 4102 3866 4157 δια-

2241 4195 2475 4253 καίοντος
2512 4196 2575 4244 τά
2624 4191 2770 4245 ἔνδον
2823 4198 2911 4244 καὶ
2959 4196 3388 4266 ὑποσμύχοντος,
3445 4194 3705 4266 στενάξῃς
3763 4201 3860 4268 μὲν

2242 4278 2343 4331 ἀπὸ
2392 4285 2554 4352 μέσης
2591 4279 2835 4357 καρδίας,
2882 4285 2970 4333 τὸν
3012 4280 3071 4334 δὲ
3098 4283 3512 4355 συλλυπούμενον
3544 4283 3651 4354 οὑχ
3683 4287 3859 4358 εὑρῂ-

2245 4387 2368 4429 σεις·
2423 4376 2512 4424 καὶ
2566 4372 2754 4443 φθέγξῃ
2811 4377 2902 4444 μέν
2957 4392 3008 4424 τι
3045 4372 3226 4425 λεπτὸν
3283 4377 3374 4425 καὶ
3431 4369 3671 4447 ἀδρανὲς,
3719 4378 3749 4426 ό
3799 4373 3862 4429 δὲ

473 4468 530 4520 et
552 4463 876 4519 remissum
912 4477 925 4514 :
955 4458 1065 4515 sed
1095 4474 1221 4514 non
1257 4457 1366 4513 erit
1393 4457 1498 4529 qui
1540 4456 1791 4524 audiat;
1831 4457 2133 4529 quidquid

2259 4456 2444 4511 Ξικούων
2496 4461 2590 4512 οὑκ
2636 4464 2804 4513 ἔσται’
2862 4467 2963 4513 πᾶν
3021 4457 3080 4514 δὲ
3119 4466 3177 4514 τὸ
3223 4461 3531 4534 λαλούμενον
3570 4467 3725 4536 παρά
3757 4474 3860 4518 σοῦ

471 4557 678 4610 autem
707 4551 999 4625 proferes,
1030 4548 1190 4605 velut
1204 4547 1672 4604 deliramentum
1693 4552 2130 4604 contemnetur.

473 4644 616 4709 Quis
645 4646 700 4698 te
751 4641 828 4698 de
875 4637 1228 4713 pcenitentia
1275 4635 1667 4693 submonebit
1707 4635 1828 4692 alto
1872 4641 1929 4692 et
1962 4637 2131 4707 gravi

472 4747 692 4804 sopore
711 4747 780 4787 ex
807 4729 1025 4786 morbo
1051 4730 1393 4800 correptum
1409 4727 1436 4781 ‘P
1479 4729 1722 4782 Moerent
1775 4725 2126 4798 propinqui,

467 4821 753 4878 morbum
778 4818 957 4876 alieni
977 4820 1422 4874 comtemnunt:
1446 4815 1679 4872 monita
1701 4815 1880 4887 quasi
1901 4821 2127 4887 pertur-

467 4910 779 4966 bationem
825 4906 1140 4965 aﬂ'erentia
1194 4904 1444 4975 negligit
1504 4904 1759 4974 amicus,
1803 4909 1908 4961 aut
1973 4905 2124 4962 forte

467 4999 648 5055 etiam
678 4997 953 5054 medicus
979 4994 1222 5068 decipit,
1244 5009 1356 5050 nec
1387 4994 1463 5050 de
1494 4995 1686 5067 teipso
1726 4994 2014 5066 desperas
2040 4993 2121 5051 ob

465 5085 804 5144 naturalem
829 5085 967 5141 vitae
1013 5098 1308 5141 amorem.
1331 5086 1505 5140 Astas
1544 5099 1732 5155 mors,
1761 5087 1979 5154 urgent
2016 5084 2122 5156 qui

464 5177 795 5235 abducant.
819 5175 1036 5248 Ecquis
1057 5179 1112 5230 te
1129 5173 1380 5246 eripiet?
1401 5176 1577 5242 Deus,
1601 5174 1708 5247 qui
1737 5178 2120 5245 contemptus

463 5271 572 5338 est,
603 5271 659 5322 te
689 5264 913 5321 scilicet
940 5268 1072 5320 tum
1097 5261 1415 5318 exaudiet?
1449 5261 1541 5318 Tu
1571 5262 1736 5319 enim
1784 5278 1924 5318 eum
1952 5277 2118 5320 nunc

533 5396 612 5466 (1)
639 5393 814 5462 Ibid.,
851 5397 969 5451 ηρ.

527 5469 602 5537 (2)
634 5467 806 5539 lbid.,
839 5468 964 5522 420.

529 5541 605 5609 (3)
632 5538 804 5606 lbid.,
830 5539 954 5594 421.

529 5609 608 5678 (4)
676 5615 970 5662 Πιστεῦσαι
1041 5615 1182 5680 Θεῷ,
1232 5610 1556 5666 Contentus
1615 5612 1897 5666 συνθέσθαι
1969 5617 2110 5686 Θεῷ²

2242 4549 2313 4608 ὡς
2369 4553 2745 4626 παραφροσύνη
2794 4558 3212 4624 καταφρονεῖται.
3271 4556 3364 4612 Τίς
3421 4552 3722 4623 ὑπομνήσει
3799 4576 3857 4608 σε

2238 4643 2358 4712 περὶ
2417 4644 2689 4711 μετανοίας
2750 4643 2866 4691 τότε
2933 4643 3286 4713 κεκαρωμένον
3359 4649 3433 4711 τῷ
3501 4643 3701 4706 πάθει;
3788 4647 3853 4696 Oi

2235 4733 2582 4800 προσήκοντες
2637 4729 2950 4801 ἀθυμοῦσιν,
3007 4730 3057 4781 οὶ
3107 4729 3203 4793 ἔξω
3248 4737 3341 4782 τοῦ
3398 4733 3599 4792 πάθους
3678 4753 3851 4787 κατα-

2235 4827 2532 4891 φρονοῦσιν,
2571 4821 2598 4872 ό
2643 4818 2782 4891 φίλος
2821 4818 2962 4871 ὀκνεῖ
2995 4823 3089 4878 τὴν
3139 4821 3457 4892 ὑπόμνησιν,
3492 4821 3563 4882 ὠς
3593 4831 3850 4895 ταραχὴν

2231 4906 2624 4979 ἐμποιοῦσαν,ἣ
2665 4928 2766 4961 που
2820 4913 2910 4960 καὶ
2957 4908 3127 4982 ἰατρός
3172 4908 3426 4980 ἐξαπατᾷ,
3471 4919 3563 4966 καὶ
3618 4920 3843 4966 σεαυτὸν

2229 4997 2324 5050 ούκ
2371 4997 2747 5069 ἀπογινώσκεις
2807 4995 2901 5051 διὰ
2927 5001 2986 5050 τὸ
3027 5001 3177 5069 φύσει
3217 4998 3490 5070 φιλοζωον.
3515 5009 3576 5054 '0
3619 5006 3832 5064 θάνατος

2228 5092 2570 5161 παρέστηκεν,
2603 5087 2655 5140 οἷ
2709 5087 2995 5159 ἀπάγοντες
3036 5092 3425 5160 κατεπείγουσι.
3477 5093 3571 5155 Τίς
3606 5092 3632 5143 ὀ
3679 5091 3822 5152 ἐξαι-

2225 5181 2512 5250 ρούμενος;
2557 5181 2710 5246 Θεὸς,
2750 5179 2776 5228 ό
2816 5179 3267 5251 καταφρονηθείςς
3302 5177 3420 5231 Αλλ’
3461 5180 3834 5234 εἰσ-ἀκούσεται

2223 5271 2354 5319 τότε·
2408 5271 2474 5319 σύ
2546 5269 2649 5340 γὰρ
2735 5268 2896 5320 αὑτοῦ
2970 5266 3060 5318 νῦν
3124 5267 3435 5330 εἰσακούεις.
3496 5273 3843 5344 Προθεσμίαν

2221 5411 2357 5453 cum
2373 5395 2494 5452 Deo
2521 5393 2766 5464 pacisci.

2291 5470 2373 5545 ζ
2398 5468 2725 5545 ἐἰπακοῦσαι
2736 5469 3090 5545 _C_onte;:tus
3114 5464 3558 5545 ἐπακολουθῆσαι.

2204 5582 2208 5587 .
2401 5537 2664 5618 ,ξΠσθει-οο
2696 5539 2922 5618 genus.
2946 5539 3010 5594 in
3039 5544 3325 5618 contextu
3350 5543 3545 5614 ᾔσθου,
3575 5545 3637 5601 et
3665 5543 3851 5618 ἔχεις.

2291 5609 2370 5681 (7)
2401 5611 2673 5684 Ἐπιφέρη.
2695 5613 2863 5668 Forte
2901 5609 3156 5684 ἀποφέρῃ.
3185 5609 3359 5686 Enna;
