4084 6396
269 346 404 402 1229

269 469 430 525 δώσει
457 489 469 500 ·
501 472 671 532 καλῶς
697 470 914 544 ἐχρήσω
943 478 1004 542 τῇ
1044 465 1323 542 δεδομένη.
1357 465 1559 530 Μηδεὶς
1593 489 1649 521 σε
1679 468 1867 531 ἐξαπα-
1898 470 1949 525 Α

265 565 406 613 τατω
457 565 618 620 κένοῖς
655 560 848 632 λόγοις.
902 559 1273 617 Ἐπιστήσεται
1326 562 1427 633 γὰρ
1486 578 1568 610 σοι
1609 556 1868 630 αἰφνίδιος

268 652 497 724 ὄλεθρος,
539 656 628 703 καὶ
676 653 705 708 ἡ
766 654 1103 724 καταστροφὴ
1183 651 1369 721 ὁμοίως
1415 646 1690 719 καταιγίδι
1732 668 1869 722 παρ-

269 745 437 795 έσται.
482 739 627 803 Ἥξει
683 739 899 810 ἄγγελος
947 743 1209 810 κατηφὴς,
1263 737 1478 810 ἀπάγων
1527 737 1716 811 βιαίως
1779 744 1869 791 καὶ

272 833 442 903 σύρων
519 847 614 881 σου
680 833 776 886 τὴν
850 827 1036 899 ψυχὴν
1100 823 1379 900 δεδεμένην
1410 834 1528 888 ταῖς
1565 827 1867 900 ἁμαρτίαις,

271 921 440 971 πυκνά
487 922 965 992 μεταστρεφομένην
1017 921 1148 992 πρὸς
1202 920 1266 968 τὰ
1304 913 1426 981 ὧδε,
1476 921 1565 968 καὶ
1621 913 1871 989 ὀδυρομέ-

269 1029 360 1065 νην
420 1009 538 1060 ἄνευ
580 1015 767 1079 φωνῆς,
806 1015 898 1058 τοῦ
938 1006 1160 1080 ὀργάνου
1190 1006 1365 1058 λοιπὸν
1394 1013 1491 1057 τῶν
1524 1007 1720 1078 θρήνων
1743 1003 1873 1057 ἀπο-

1535 1094 1545 1147 !
1581 1100 1722 1146 πόσα
1751 1114 1871 1146 στε-

268 1098 606 1157 κλεισθέντος.
663 1096 733 1148 ’Ὠ
792 1103 936 1149 πόσα
987 1096 1270 1170 σπαράξεις
1303 1100 1516 1147 σεαυτόν

269 1187 464 1250 ναξειςῗ
529 1189 775 1259 ἄπρακτα
830 1195 1087 1259 μετανοῶν
1168 1185 1254 1237 ἐπὶ
1322 1193 1432 1247 τοῖς
1493 1184 1870 1256 βουλευθεῖσιν,

270 1280 390 1329 ὅταν
413 1273 531 1349 ἴδῃς
579 1282 671 1334 τὴν
703 1273 1030 1349 φαιδρότητα
1067 1283 1166 1326 τῶν
1208 1271 1426 1326 δικαίων
1467 1273 1514 1325 ἐν
1661 1273 1876 1346 λαμπρᾷ

271 1363 495 1439 διανομῇ
553 1373 653 1417 τῶν
701 1362 904 1438 δώρων,
963 1369 1052 1415 καὶ
1101 1368 1194 1422 τὴν
1236 1367 1518 1434 κατήφειαν
1578 1371 1676 1413 τῶν
1708 1362 1874 1434 ἁμαρ-

269 1457 442 1507 τωλῶν
492 1454 541 1506 ἐν
587 1455 659 1526 τῷ
723 1459 897 1506 σκότει
941 1463 1014 1525 τῷ
1074 1452 1381 1526 βαθυτάτῳ.
1423 1453 1524 1503 Οἷα
1561 1451 1694 1525 ἐρεῖς
1723 1451 1770 1502 ἐν
1808 1459 1869 1523 τῇ

271 1542 432 1618 ὀδύνῃ
495 1553 591 1606 τῆς
647 1541 869 1618 καρδίας
919 1563 1012 1596 σου
1053 1547 1196 1607 rora;
1243 1545 1307 1595 Αἵ
1336 1541 1436 1613 uel
1471 1546 1542 1613 μὴ
1584 1540 1874 1615 ἀποῤῥῖψαι

268 1637 325 1686 τό
367 1633 510 1708 βαρὺ
566 1642 720 1686 τοῦτο
759 1637 966 1707 φορτίον
1031 1641 1128 1693 τῆς
1179 1632 1463 1706 ἁμαρτίας,
1503 1631 1634 1683 οὕτω
1681 1628 1874 1704 ῥᾳδίας

271 1729 435 1786 οὔσης
478 1733 576 1785 τῆς
621 1722 940 1792 ἀποθέσεως,
1010 1721 1138 1773 ἀλλά
1192 1725 1276 1773 τὸν
1319 1725 1485 1793 σωρὸν
1541 1728 1642 1772 τῶν
1702 1728 1874 1771 κακῶν

269 1817 466 1866 τούτων
524 1811 850 1884 ἐφέλκεσθαι.
922 1815 988 1864 Αἵ
1031 1812 1125 1883 ps!
1186 1811 1280 1870 τὰς
1343 1805 1564 1869 κηλῖδας
1629 1814 1698 1881 μὴ
1744 1807 1948 1878 ἀπο-β

671 1900 776 1952 ἀλλ’

272 2001 378 2047 Νῦν
433 1993 492 2044 ἂν
537 1997 678 2064 ἤμην
719 1993 968 2064 μετὰτῶν
1001 1990 1227 2061 ἀγγέλων
1253 2011 1265 2021 ·
1330 1996 1418 2040 νῦν
1449 1988 1509 2040 ἂν
1549 1997 1657 2050 τοῖς
1714 1988 1876 2063 οὐρα..

271 1904 587 1968 πλύνασθαι,
671 1900 776 1952 ἀλλ’
857 1900 1158 1972 ἐστιγμένον
1213 1896 1342 1951 εἶναι
1396 1906 1507 1958 ταῖς
1567 1898 1874 1971 ἁμαρτίαις.

272 2087 399 2142 νίοις
448 2080 666 2152 ἀγαθοῖς
731 2079 1029 2152 ἐνετρύφων.
1091 2078 1162 2130 ’Ὠ
1223 2087 1323 2130 τῶν
1388 2086 1624 2150 πονηρῶν
1665 2076 1878 2150 βουλευτ

274 2172 484 2245 μάτωνῖ
535 2168 628 2222 διὰ
678 2175 999 2244 πρόσκαιρον
1057 2169 1318 2241 ἁμαρτίας
1367 2166 1678 2237 ἀπόλαυσιν,
1743 2165 1877 2219 ἀθά-

272 2281 403 2312 νατα
439 2259 824 2334 βασανίζομαι·
869 2255 942 2310 δι’
983 2255 1174 2316 ἡδονὴν
1200 2260 1507 2329 σαρκὸς,τῷ
1548 2263 1675 2332 πυρὶ
1702 2275 1876 2330 παρα-

275 2347 521 2422 δίδομαι.
565 2354 750 2401 Δικαία
788 2349 818 2406 ἡ
848 2352 1024 2420 κρίσις
1053 2354 1144 2398 τοῦ
1190 2354 1343 2400 Θεοῦ.
1390 2345 1732 2417 Ἐκαλουμην,
1789 2349 1878 2397 καὶ

274 2440 381 2512 οὐχ
439 2442 731 2497 ὑπήκουον·
794 2435 1182 2510 ἐδιδασκόμην,
1211 2441 1301 2488 καὶ
1341 2437 1399 2488 οὗ
1451 2442 1767 2511 προσεῖχον·
1799 2432 1880 2487 δι-

277 2533 628 2603 εμαρτύραντό
668 2549 778 2600 μοι,
820 2527 920 2598 ἐγὼ
981 2523 1041 2579 δὲ
1096 2525 1399 2597 κατεγέλων.
1445 2533 1626 2578 Ταῦτα
1662 2529 1752 2576 καὶ
1815 2527 1882 2575 τὰ

275 2627 496 2671 τοιαῦτα
535 2618 666 2691 ἐρεῖς
711 2617 1112 2688 ἀποκλαιόμενος
1171 2619 1408 2681 σεαυτὸν,
1455 2613 1540 2666 ἐὰν
1614 2633 1882 2688 προαναρ-

278 2710 490 2779 πασθῇς
563 2716 653 2766 τῆς
731 2709 1022 2778 μετανοίας.
1078 2706 1371 2778 Ἀνθρωπε,
1431 2704 1459 2762 ἡ
1530 2707 1623 2761 τὴν
1681 2707 1883 2774 γέενναν

282 2796 562 2870 φοϐήθητι,
613 2797 642 2854 ἦ
703 2805 794 2854 τῆς
857 2792 1127 2866 βασιλείας
1181 2791 1568 2850 ἀντιποιηθητι.
1604 2793 1748 2863 Ἐμοὶ
1781 2788 1884 2843 δα-

282 2889 452 2960 κρύειν
503 2886 802 2960 ἐπέρχεται,
845 2886 965 2936 ὅταν
1021 2881 1314 2955 ἐνθυμηθῶ,
1369 2883 1448 2933 ὅτι
1500 2883 1565 2932 τά
1613 2883 1739 2955 ἔργα
1791 2888 1888 2940 τῆς

283 2976 548 3046 αἰσχύνης
595 2979 856 3050 προτιμᾷς
885 2981 981 3033 τῆς
1017 2971 1250 3045 μεγάλης
1297 2968 1456 3032 δόξης
1481 2979 1573 3022 τοῦ
1601 2977 1763 3023 Θεοῦ·
1797 2974 1888 3021 καὶ

284 3061 378 3116 διὰ
418 3067 475 3117 τὸ
506 3072 601 3124 τῆς
645 3062 928 3124 ἀκολασίας
967 3059 1096 3127 ἡδὺ,
1133 3057 1601 3120 δυσαποσπάστως
1633 3062 1768 3130 ἔχων
1798 3066 1888 3118 τῆς

280 3154 561 3228 ἁμαρτίας,
591 3162 690 3205 τῶν
748 3152 796 3204 ἐν
845 3150 1174 3223 ἐπαγγελίαις
1227 3149 1434 3222 ἀγαθῶν
1486 3153 1705 3202 σεαυτόν
1759 3147 1884 3201 ἀπο·
1915 3181 1958 3239 c

281 3243 486 3311 κλείεις,
552 3245 622 3304 ὡς
686 3247 759 3315 μὴ
822 3238 951 3294 ἰδεῖν
1021 3243 1087 3292 τά
1153 3239 1328 3311 ἀγαθὰ
1394 3238 1738 3314 Ἰερουσαλὴμ
1794 3244 1888 3298 τῆς

284 3332 613 3408 ἐπουρανίου.

355 3422 409 3477 7.
454 3421 693 3473 Βουλεταί
743 3419 1070 3485 σεέλεῆσαι,
1119 3423 1340 3470 καὶτῶν
1391 3417 1553 3469 αὐτοῦ
1607 3416 1888 3489 οἰκτιρμῶν

284 3509 604 3583 μεταδοῦναι
669 3513 695 3562 ό
758 3515 959 3584 κριτὴς,
1034 3511 1169 3560 κατὰ
1229 3511 1315 3560 τὸν
1374 3508 1609 3560 εἰπόντα·
1684 3507 1892 3577 Ἀγαπᾷ

285 3602 632 3674 ἐλεημοσύνην
698 3605 787 3652 καὶ
859 3605 1036 3676 κρίσιν
1106 3600 1132 3650 ό
1197 3601 1406 3672 Κύριος.
1475 3596 1612 3651 Ἀλλ’
1668 3596 1750 3648 ἐάν
1799 3599 1889 3669 μὲν

287 3693 407 3765 εὖρη
444 3711 501 3743 σε
539 3693 666 3763 μετά
716 3696 811 3748 την
877 3689 1139 3764 ἁμαρτίαν
1197 3691 1457 3754 ταπεινὸν,
1523 3691 1890 3759 συντετριμμέ-

286 3801 391 3850 νον,
465 3779 630 3832 πολλά
685 3779 1120 3852 μετακλαύσαντα
1172 3776 1254 3829 ἐπὶ
1283 3783 1394 3838 τοῖς
1423 3784 1664 3849 πονηροῖς
1703 3778 1889 3850 ἔργοις,

286 3873 352 3922 τὰ
407 3875 654 3943 γεδὸμεια
717 3877 886 3943 κρυφῆ
955 3866 1381 3938 ἀνεπαῑσχὼτως
1436 3863 1887 3937 δημοσιεύσαντα,

287 3958 538 4019 δεηθέντα
603 3956 835 4030 ἀδελφῶν
901 3964 1185 4030 συγκαμεῖν
1246 3974 1329 4009 σοι
1386 3959 1511 4028 πρὸς
1585 3959 1679 4014 τὴν
1725 3958 1890 4023 ἴασιν,

287 4051 414 4111 ὅλως
444 4049 650 4102 ἐλεεινόν
691 4068 748 4100 σε
775 4052 1044 4120 γενόμενον
1101 4046 1185 4098 ἐὰν
1243 4042 1360 4118 ἴδη,
1430 4047 1652 4116 ἄφθονόν
1683 4062 1766 4096 σοι
1797 4047 1890 4101 τὴν

288 4141 448 4193 αὐτοῦ
498 4138 844 4212 ἐλεημοσύνην
879 4137 1216 4211 ἐπιχορηγεῖ’
1260 4133 1345 4186 ἐὰν
1393 4131 1453 4186 δὲ
1508 4130 1734 4205 καρδίαν
1771 4132 1890 4204 ἀμε·

287 4234 554 4290 τανόητον,
614 4232 852 4301 φρόνημα
888 4229 1234 4300 ὑπερήφανον,
1295 4223 1546 4276 ἀπιστίαν
1578 4231 1669 4274 τοῦ
1708 4223 1890 4283 αἰῶνος

288 4330 378 4373 τοῦ
436 4319 724 4393 μέλλοντος,
801 4316 1018 4389 ἀφοϐίαν
1082 4325 1176 4376 τῆς
1232 4319 1474 4389 κρίσεως,
1542 4318 1658 4365 τότε
1713 4311 1894 4382 ἀγαπᾷ

289 4411 374 4461 ἐπὶ
431 4414 514 4460 σοὶ
579 4413 673 4465 τήν
739 4412 934 4479 κρίσιν.
990 4405 1078 4466 Ὠς
1143 4407 1242 4477 γὰρ
1288 4404 1457 4476 ἰατρὸς
1522 4401 1738 4474 ἐμμελὴς
1802 4404 1892 4452 καὶ

289 4498 668 4570 φιλάνθρωπος,
721 4494 1114 4565 καταντλήμασι
1173 4497 1424 4566 πρότερον
1487 4497 1578 4544 καὶ
1642 4490 1891 4564 περιπλά-

292 4604 490 4658 σμασιν
551 4583 768 4644 ἁπαλοῖς
827 4588 1070 4656 πειρᾶται
1118 4580 1458 4633 καταστεῖλαι
1529 4583 1588 4631 τὸ
1646 4577 1885 4650 οἴδημα·

289 4670 500 4728 ἐπειδὰν
566 4669 625 4726 δὲ
658 4669 750 4746 ἴδη
794 4670 1076 4733 ἀνενδότως
1105 4675 1195 4723 καὶ
1238 4669 1479 4743 σκληρῶς
1508 4668 1892 4720 ἀντιτυποῦν-τα

289 4769 374 4817 τόν
406 4769 578 4836 ὄγκον,
600 4762 757 4837 ῥίψας
793 4766 849 4814 τὸ
888 4762 1055 4814 ἔλαιον
1102 4761 1178 4833 (1)
1220 4764 1304 4812 καὶ
1343 4764 1438 4818 τὴν
1478 4759 1716 4830 μαλακὴν
1755 4756 1892 4828 ἀγω-

286 4861 407 4928 γην,
463 4858 684 4928 αἱρεῖται
710 4853 891 4905 λοιπὸν
927 4857 1022 4911 τὴν
1072 4859 1163 4904 τοῦ
1196 4847 1425 4924 σιδήρου
1485 4857 1708 4922 χρῆσιν.
1757 4850 1891 4909 Τοὺς

288 4948 390 5019 γὰρ
449 4942 550 4996 ἀπὸ
606 4941 803 4995 πολλῶν
841 4943 1132 5014 πτωμάτων
1198 4939 1442 4999 πολλάκις
1501 4935 1536 4990 δ
1543 4939 1888 4998 ιαναστάντας

290 5035 346 5088 ἐκ
389 5043 485 5096 τῆς
530 5035 664 5085 κατά
711 5031 1096 5106 φιλανθρωπίαι
1118 5033 1498 5103 χειραγωγίας,
1527 5024 1634 5080 εἶτα
1673 5029 1888 5099 ὕστερον

290 5127 390 5177 ὑπὸ
459 5132 558 5175 τῶν
605 5121 881 5174 ἀσθενειῶν
953 5122 1320 5192 κρατηθέντας,
1366 5116 1562 5171 ἀπειλεῖ
1628 5116 1890 5175 παντελῶς

365 5340 410 5376 ⁴¹
441 5336 659 5412 Ephes.
691 5342 747 5404 γ,
775 5336 831 5390 6.
851 5335 903 5370 η
929 5333 952 5386 Ι
979 5331 1188 5388 Thess.
1203 5345 1264 5403 τ,
1285 5331 1338 5386 3.
1372 5329 1422 5366 ⁵³
1447 5327 1603 5386 Psal.
1636 5343 1819 5393 xxx",
1837 5332 1886 5383 5.

367 5556 440 5625 (1)
477 5559 547 5608 T6
574 5553 761 5609 ἔλαιον.
793 5549 887 5625 Sic
924 5549 1266 5625 contentus.
1290 5543 1443 5625 Editi
1468 5546 1558 5600 τὸν
1600 5541 1760 5611 ἔλεον,
1787 5541 1895 5598 mi-

295 5613 704 5684 sericordiam.
737 5624 900 5682 infra
926 5621 1069 5680 editi
1098 5618 1303 5694 ἀρωγὴν
1342 5613 1403 5670 δέ
1438 5634 1580 5672 τιναε

365 5697 440 5770 (2)
478 5697 626 5755 Ibid.
652 5700 781 5758 121.

1331 340 1562 400 SERMO
1603 345 1741 400 VllI.
1782 373 1854 384 —
1891 343 1983 400 DE
2025 342 2490 400 PCENITENTIA.

3499 350 3639 406 l230

1981 466 2179 524 audis.
2205 469 2457 538 Tempus
2481 467 2844 538 praeﬁnitum
2869 469 3639 540 prorogabitzscilicetdato

1978 561 2247 627 tempore
2274 555 2460 627 probe
2493 573 2642 611 usus
2666 559 3043 627 es.(2)i\'emo
3071 565 3124 613 te
3161 559 3408 617 seducet
3441 561 3637 619 inani-

1981 646 2092 702 bus
2123 646 2318 701 verbis
2355 647 2417 701 ”.
2455 650 2602 702 Nam
2645 649 2999 718 repentinus
3033 649 3141 704 tibi
3174 649 3516 708 imminebit
3544 652 3637 708 in-

1978 736 2184 791 teritus
2207 737 2274 801 i’,
2300 740 2358 790 et
2377 735 2623 791 exitium
2657 736 2936 808 procellre
2973 738 3165 794 simile
3186 739 3394 795 aderit.
3436 742 3640 799 Veniet

1979 823 2230 893 angelus
2278 824 2481 892 tristis,
2538 824 2850 881 abducens
2916 826 3204 883 violenter
3269 828 3638 902 trahensque

1979 928 2248 969 animam
2262 919 2424 970 tuam
2441 916 2704 986 peccatis
2715 915 3001 980 vinctam,
3016 916 3226 973 crebro
3239 933 3302 974 se
3317 917 3395 974 ad
3412 934 3483 975 ea
3497 927 3639 992 qua”!

1979 1003 2076 1059 hic
2115 1009 2252 1060 sunt
2279 1009 2750 1072 convertentem,
2811 1023 2883 1061 ac
2933 1006 3064 1063 sine
3095 1023 3240 1063 voce
3271 1016 3635 1080 gementem,

1981 1093 2227 1148 occluso
2250 1093 2380 1162 jam
2413 1095 2747 1162 gemituum
2778 1111 2849 1152 ac
2870 1095 3274 1152 lamentorum
3304 1113 3553 1167 organo.
3590 1100 3634 1156 Ο

1981 1197 2166 1253 quam
2189 1181 2510 1236 dilaniabis
2528 1187 2579 1236 te
2602 1183 2764 1254 ipse!
2798 1186 3495 1256 quantumingemisces!
3530 1187 3638 1244 sed

1982 1277 2036 1325 te
2069 1276 2308 1326 tuorum
2331 1271 2721 1327 consiliorum
2761 1273 2980 1330 frustra
3007 1276 3334 1347 paenitebit,
3368 1293 3508 1332 cum
3547 1278 3636 1332 vi-

1981 1359 2154 1415 debis
2181 1360 2320 1414 hinc
2362 1360 2724 1416 hilaritatem
2751 1363 3053 1432 justorum
3078 1365 3152 1418 de
3183 1365 3426 1435 egregia
3449 1366 3638 1422 dono-

1981 1463 2119 1503 rum
2145 1448 2565 1505 distributione
2596 1449 2950 1518 laetantium,
2968 1453 3125 1508 illinc
3149 1470 3467 1510 maerorem
3489 1470 3636 1527 pec-

1983 1543 2254 1592 catorum
2302 1538 2408 1610 qui
2437 1538 2498 1593 in
2529 1539 2838 1594 altissimis
2869 1541 3126 1597 tenebris
3149 1542 3459 1612 jacebunt.
3494 1546 3638 1609 Quae

1982 1629 2123 1682 tunc
2153 1625 2423 1682 dicturus
2463 1643 2525 1682 es
2573 1627 2632 1684 in
2674 1628 2882 1685 dolore
2913 1630 3110 1686 cordis
3140 1631 3271 1687 tui?
3309 1631 3411 1687 Hei
3452 1632 3632 1688 mihi!

1981 1715 2098 1771 hoc
2128 1731 2306 1784 grave
2354 1717 2587 1787 peccati
2637 1733 2814 1785 onus,
2846 1733 2984 1774 cum
3017 1719 3078 1775 id
3108 1735 3324 1776 exuere
3361 1721 3444 1777 ita
3468 1720 3640 1778 facile

1984 1810 2163 1874 esset,
2189 1820 2312 1860 non
2345 1805 2538 1875 abjeci
2568 1823 2580 1861 :
2610 1807 2716 1862 sed
2744 1808 2965 1864 horum
3015 1809 3317 1865 malorum
3359 1825 3640 1866 acervum

1986 1893 2155 1950 traxi.
2209 1894 2310 1949 Hei
2365 1895 2548 1950 mihi!
2592 1895 2865 1952 maculas
2917 1913 2987 1953 ac
3040 1898 3248 1954 sordes
3277 1913 3401 1954 non
3432 1898 3638 1958 ablui:

1986 1983 2092 2038 sed
2117 2000 2252 2038 sum
2281 1989 2670 2056 peccatorum
2704 1989 2862 2042 notis
2888 1993 3307 2059 compunctus.
3351 1992 3519 2046 Nune
3543 2004 3642 2045 es-

1987 2089 2115 2128 sem
2142 2089 2280 2128 cum
2314 2074 2544 2142 angelis
2577 2092 2590 2129 :
2625 2090 2788 2131 nunc
2822 2076 3149 2132 caelestium
3178 2077 3480 2134 bonorum
3502 2078 3644 2135 deli-

1987 2163 2093 2217 ciis
2149 2162 2395 2218 fruerer.
2443 2165 2486 2218 0
2520 2180 2705 2236 prava
2755 2166 3044 2222 consilia!
3086 2168 3165 2222 ob
3213 2169 3643 2240 temporariam

1986 2252 2217 2323 peccati
2238 2251 2693 2308 delectationem
2720 2262 3000 2310 aeternum
3021 2257 3368 2313 excrucior:
3397 2257 3476 2314 ob
3507 2268 3643 2315 car-

1986 2340 2081 2395 nis
2102 2340 2479 2412 voluptatem
2520 2341 2641 2412 igni
2697 2343 2923 2401 trador.
2972 2347 3206 2401 iustum
3239 2347 3644 2417 estjudicium

1989 2430 2093 2485 Dei
2127 2446 2139 2484 :
2173 2430 2531 2494 vocabar,et
2553 2447 2678 2487 non
2710 2433 3073 2490 obediebam
3099 2435 3416 2508 :docebar,
3442 2442 3500 2494 et
3519 2437 3647 2494 ani-

1990 2535 2160 2574 mum
2201 2534 2322 2574 non
2345 2520 2732 2577 attendebam
2765 2539 2779 2578 :
2811 2524 3276 2581 obtestabantur
3300 2541 3420 2597 me,
3446 2531 3505 2582 et
3531 2539 3646 2597 ego

1991 2607 2364 2662 deridebam.
2398 2611 2531 2664 Haec
2553 2615 2611 2666 et
2641 2610 2758 2667 alia
2786 2612 3062 2682 ejusdem
3093 2615 3327 2682 generis
3357 2615 3650 2687 proferes,

1992 2696 2221 2750 deﬂens
2251 2698 2658 2769 temeptisum,
2681 2700 2730 2754 si
2758 2700 2900 2756 hinc
2912 2707 3048 2757 ante
3061 2703 3477 2774 paenitentiam
3495 2703 3653 2761 abri-

1993 2784 2200 2856 piaris.
2233 2787 2276 2841 O
2307 2786 2516 2855 homo,
2541 2794 2646 2843 aut
2682 2789 3024 2858 gehennam
3057 2798 3278 2861 metue,
3308 2797 3412 2848 aut
3431 2794 3654 2851 enitere

1994 2878 2059 2929 ut
2115 2889 2369 2943 regnum
2417 2875 2776 2948 adipiscare.
2839 2879 2976 2936 Mihi
3040 2881 3288 2953 quidem
3355 2882 3518 2939 subit
3569 2882 3656 2941 la-

1995 2964 2278 3035 crymari,
2327 2981 2462 3020 cum
2514 2966 2629 3021 hoc
2681 2984 2923 3024 mecum
2980 2973 3216 3041 reputo,
3251 2971 3421 3043 quod
3473 2970 3658 3044 turpi-

1995 3053 2223 3108 tudinis
2249 3069 2435 3124 opera
2464 3055 2692 3124 ingenti
2739 3056 2836 3112 Dei
2893 3058 3097 3128 gloriaa
3149 3060 3416 3131 praefers,
3464 3061 3658 3133 quod~

1997 3158 2114 3214 que
2154 3148 2401 3213 peccato
2443 3145 2790 3201 ﬁrmissime
2834 3147 3133 3203 inhaerens
3154 3147 3233 3204 ob
3262 3149 3526 3212 libidinis
3549 3150 3658 3206 de-

1996 3232 2445 3302 lectationem,a
2459 3235 2771 3305 promissis
2782 3234 2962 3291 bonis
2977 3237 3174 3309 teipse
3187 3237 3477 3306 excludis,
3494 3239 3582 3295 sic
3594 3242 3661 3299 ut

2001 3321 2107 3376 tibi
2140 3320 2395 3377 caelestis
2412 3322 2569 3377 illius
2581 3324 2910 3380 Jerusalem
2923 3325 3088 3382 bona
3106 3327 3311 3383 videre
3321 3343 3445 3384 non
3461 3328 3656 3386 liceat.

2068 3415 2122 3463 7.
2167 3414 2242 3477 (3)
2270 3409 2400 3466 Vult
2430 3410 2510 3466 tui
2543 3412 2814 3468 misereri
2839 3413 3050 3484 judex,
3101 3418 3280 3488 teque
3331 3416 3662 3474 miseratio.

1998 3514 2148 3553 num
2167 3514 2416 3554 suarum
2451 3499 2645 3556 facere
2683 3502 3059 3574 participem,
3088 3509 3154 3560 ut
3181 3504 3278 3561 ille
3314 3505 3416 3572 ait,
3443 3506 3662 3578 Diligit

1997 3589 2473 3646 misericordiam
2523 3595 2577 3646 et
2614 3591 2918 3658 judicium
2970 3595 3262 3650 Dominus
3292 3594 3363 3650 ".
3392 3596 3450 3652 Si
3474 3594 3660 3654 modo

1999 3683 2134 3751 post
2180 3684 2499 3751 peccatum
2552 3682 2772 3753 reperit
2833 3687 2887 3738 te
2942 3682 3260 3750 humilem,
3311 3686 3658 3755 contritum,

1999 3783 2189 3838 prava
2205 3783 2391 3840 opera
2402 3769 2662 3826 multum
2674 3771 3114 3843 deplorantem,
3133 3773 3310 3845 520
3323 3789 3394 3830 ac
3419 3789 3494 3830 ea
3522 3789 3661 3846 quas

1999 3856 2156 3912 clam
2193 3858 2350 3914 facta
2377 3864 2513 3913 sunt
2536 3859 2922 3928 evulgantem
2941 3860 3417 3933 citrapudorem,
3442 3877 3662 3934 rogan-

1999 3951 2117 4001 tem
2144 3947 2354 4002 fratres
2385 3947 2487 4003 tibi
2513 3953 2579 4003 ut
2605 3948 2722 4004 sint
2750 3948 3104 4020 adjumento
3133 3951 3211 4007 ad
3241 3952 3660 4024 accipiendam

2000 4035 2322 4100 medelam,
2357 4051 2480 4091 uno
2531 4037 2716 4093 verbo
2757 4038 2805 4092 si
2844 4039 3373 4098 commiseratione
3404 4042 3660 4114 dignum

2000 4124 2233 4189 viderit,
2279 4125 2520 4181 abunde
2560 4126 2668 4182 tibi
2708 4143 2884 4183 suam
2929 4128 3302 4200 impertietur‘
3327 4131 3660 4189 misericor-

2000 4214 2187 4270 diam.
2220 4215 2278 4270 Si
2307 4231 2449 4271 vero
2480 4231 2584 4272 cor
2621 4219 2910 4289 paenitere
2938 4218 3238 4287 nescium,
3268 4227 3535 4278 mentem
3564 4238 3660 4277 su-

2000 4303 2274 4374 perbam,
2302 4305 2576 4360 animum
2592 4305 2789 4362 futuro
2821 4306 3042 4363 seculo
3059 4323 3179 4364 non
3199 4310 3562 4374 credentem,
3585 4326 3660 4369 ae

1999 4393 2234 4448 nullum
2272 4394 2480 4464 judicii
2533 4395 2812 4451 timorem
2870 4399 3266 4469 conspexerit,
3298 4403 3442 4455 tunc
3481 4399 3542 4456 in
3601 4404 3659 4457 te

1996 4481 2292 4552 judicium
2335 4483 2543 4553 diligit.
2577 4487 2664 4540 ita
2693 4485 2858 4541 enim
2880 4485 3077 4542 bonus
3103 4500 3173 4542 ac
3200 4487 3510 4545 humanas
3535 4505 3658 4547 me-

1999 4571 2170 4627 dicus
2200 4571 2480 4628 fomentis
2522 4574 2692 4646 prius
2721 4590 2793 4630 ac
2823 4574 3105 4630 remediis
3151 4576 3434 4634 mollibus
3463 4582 3658 4636 tumo-

1998 4677 2127 4716 rem
2149 4662 2358 4719 sedare
2377 4670 2628 4720 conatur
2659 4681 2672 4718 :
2701 4669 3030 4737 postquam
3046 4681 3186 4722 vero
3206 4666 3416 4723 viderit
3433 4668 3659 4727 molem

1998 4750 2145 4807 nihil
2195 4752 2516 4816 remittere,
2597 4759 2778 4826 atque
2848 4754 3196 4812 induratam
3246 4756 3464 4828 reniti;
3528 4763 3658 4816 tum

1998 4839 2248 4896 demum
2277 4842 2514 4913 rejectis
2545 4841 2678 4898 oleo
2717 4859 2790 4898 ac
2827 4841 3098 4899 molliore
3124 4844 3378 4902 curandi
3401 4847 3656 4918 ratione,

1999 4928 2138 4987 ferri
2193 4946 2374 4986 usum
2437 4931 2795 4997 adhibettt)
2851 4931 2924 4987 lis
2981 4933 3164 5000 enim,
3213 4935 3318 5006 qui
3346 4950 3419 4992 ex
3448 4937 3660 5016 multis

1999 5018 2240 5076 casibus
2267 5035 2427 5093 saepe
2449 5021 2876 5077 misericordiae
2919 5021 3140 5079 divinae
3175 5023 3458 5096 praesidio
3477 5026 3659 5084 erecti

2001 5113 2162 5173 sunt,
2194 5124 2265 5164 ac
2294 5108 2513 5166 deinde
2542 5109 2988 5168 inﬁrmitatibus
3034 5112 3433 5180 succubuere,
3466 5115 3660 5175 mina.

2077 5542 2154 5611 (3)
2195 5540 2281 5595 Ex
2307 5539 2473 5596 hom.
2507 5541 2581 5613 in,
2597 5541 2757 5611 psal.
2789 5557 2958 5613 χχχιι,
2988 5544 3113 5600 134.

2075 5615 2156 5683 (4)
2195 5615 2452 5685 Uterque
2473 5612 2666 5670 codex
2681 5613 2912 5673 indicat
2933 5612 3260 5674 Comment.
3288 5615 3352 5674 in
3372 5615 3488 5675 Isa.
