4084 6374
506 323 629 378 1231

1487 319 1852 377 ΑΡΓἘΝΒΙΧ.
1883 346 1954 359 —-
1985 316 2328 375 SYMEONIS
2369 314 2890 374 METAPHRAST/E

3735 312 3896 364 I232

499 451 595 503 tur
625 447 873 503 omnino
907 449 1060 501 Deus
1108 460 1172 500 se
1233 459 1354 501 non
1395 444 1810 500 remissurum.
1846 443 1940 499 Ait
1969 443 2144 513 enim,

2261 443 2287 493 ό
2341 443 2470 503 Θεὸς
2525 443 2597 512 μὴ
2662 439 2902 511 ἀφήσειν,
2947 437 3136 489 Οὐκέτι
3185 439 3310 510 γὰρ,
3341 439 3520 508 φησὶν,
3563 433 3751 492 ἀνήσω
3782 435 3892 495 τὰς

497 537 634 592 Νοη
684 537 946 605 amplius
995 535 1298 590 remittam
1351 532 1511 588 vobis
1562 539 1811 599 peccata
1856 538 2052 589 vestra
2083 534 2148 588 ⁸³.

499 627 576 692 (1)
597 623 874 680 indicans
897 639 958 678 se
985 622 1113 693 jam
1145 635 1560 692 saepenumero
1588 619 1803 676 similia
1824 620 1991 693 prius
2016 636 2155 677 con-

499 712 761 768 donasse
785 728 798 767 :
830 711 1133 784 siquidem
1154 709 1282 764 ﬁeri
1307 708 1537 780 nequit,
1568 713 1634 764 ut
1661 709 1798 780 quis
1821 709 1950 765 sine
1979 708 2155 764 venia

499 817 638 874 quae
681 818 718 857 a
770 803 890 857 Deo
929 800 1295 865 conceditur,
1323 799 1456 853 vitae
1499 799 1835 854 secundum
1872 800 2153 854 virtutem

501 891 880 947 instituendas
905 906 1036 945 sese
1067 888 1270 944 dedat.
1295 891 1372 958 (2)
1404 887 1543 942 Vult
1573 888 1757 956 enim,
1792 893 1858 944 ut
1882 889 1930 942 is
1959 887 2062 959 qui
2091 887 2152 942 in

501 980 761 1052 peccatis
789 977 1158 1051 quibusdam
1184 981 1456 1032 versatus
1479 981 1586 1046 est,
1637 981 1693 1032 et
1713 975 1930 1032 deinde
1951 976 2028 1032 ad
2059 991 2154 1032 sa-

499 1071 732 1125 niorem
790 1068 920 1124 vita:
958 1067 1257 1122 rationem
1305 1065 1620 1138 pollicetur
1661 1082 1723 1120 se
1747 1069 2150 1138 recepturum,

498 1160 682 1215 tinem
713 1159 990 1231 imponat
1034 1156 1366 1230 praeteritis,
1421 1156 1701 1228 factoque
1740 1160 1878 1228 post
1907 1161 2156 1228 peccata

497 1248 666 1304 initio
696 1247 988 1319 quodam,
1013 1245 1188 1319 quasi
1231 1261 1339 1317 per
1378 1245 1793 1317 paenitentiam
1814 1244 2151 1300 reviviscat.

499 1341 738 1406 Contra,
776 1336 879 1409 qui
920 1336 1124 1391 isthmc
1169 1333 1462 1406 promittit
1511 1334 1639 1389 sine
1694 1333 1812 1390 ulla
1857 1334 2157 1389 intermis-

498 1427 688 1494 sione,
722 1431 779 1481 et
793 1425 1015 1496 jugiter
1047 1425 1126 1480 ab
1152 1424 1247 1480 his
1271 1422 1510 1487 excidit,
1543 1421 1709 1478 illum
1730 1422 1892 1478 velut
1919 1421 2155 1494 penitus

495 1516 888 1588 desperatum
938 1529 974 1570 a
1031 1529 1143 1569 sua
1181 1511 1498 1568 clementia
1527 1511 1808 1568 excludit.
1841 1515 1968 1568 Non
1993 1511 2154 1566 enim

494 1605 598 1676 qui
631 1603 1076 1665 dicit,Pcccavi,
1111 1605 1394 1673 etpostea
1423 1600 1482 1656 in
1515 1606 1760 1672 peccato
1785 1603 2152 1672 perseverat,

495 1694 546 1749 is
576 1693 893 1748 conﬁtetur
923 1709 936 1746 :
973 1691 1075 1746 sed
1098 1691 1202 1762 qui
1229 1689 1330 1744 ubi
1345 1691 1520 1762 juxta
1547 1690 1925 1745 Psalmistam
1942 1705 2152 1762 pecca-

494 1787 624 1838 tum
651 1798 829 1837 suum
851 1780 1266 1853 deprehendit,
1285 1779 1430 1834 illud
1444 1779 1778 1844 odit‘5.0ui
1801 1779 1961 1834 enim
1987 1795 2144 1834 emo-

2257 1785 2320 1833 Τί
2361 1782 2463 1852 γάρ
2515 1777 2687 1851 ὄφελος

491 1871 746 1928 lumenti
765 1872 935 1926 affert
955 1875 1178 1941 aegroto
1191 1870 1408 1925 medici
1426 1885 1588 1940 cura,
1604 1870 1909 1942 quandois
1930 1869 2150 1941 quiad-

489 1976 669 2017 versa
684 1960 1024 2016 valetudine
1045 1959 1376 2022 utitur,suua
1393 1959 1526 2014 vita:
1538 1959 1796 2014 exitialia
1811 1959 2151 2030 conquirit?

491 2051 586 2107 Sic
614 2050 719 2122 qui
753 2049 955 2105 adhuc
993 2051 1222 2120 peccat,
1247 2047 1394 2103 nihil
1430 2049 1480 2104 ei
1517 2048 1784 2104 utilitatis
1811 2047 2040 2104 accedit
2076 2063 2148 2102 ex

488 2139 754 2212 peccatis
776 2137 1132 2194 condonatis
1166 2155 1179 2194 :
1213 2153 1411 2210 neque
1431 2138 1538 2210 qui
1557 2139 1831 2210 impurus
1848 2142 1954 2205 est,
1978 2136 2151 2208 quid-

489 2244 678 2301 quam
700 2227 950 2300 percipit
984 2226 1136 2282 lucri
1167 2243 1240 2282 ex
1264 2227 1530 2282 remissis
1557 2227 1948 2300 impudicitiae
1969 2226 2145 2282 vitiis.

563 2321 614 2373 8.
660 2319 734 2382 (3)
755 2317 966 2372 Desine
1006 2315 1208 2388 itaque
1249 2315 1615 2388 proximitui
1637 2316 1779 2372 vitia
1800 2315 2144 2388 explorare;

489 2420 638 2462 cave
668 2403 1136 2474 cogitationibus
1179 2405 1370 2460 otium
1419 2404 1655 2460 dederis
1696 2405 1962 2461 alienum
1989 2420 2142 2460 mor-

402 2521 404 2523 >
490 2496 642 2552 bum
666 2492 1043 2566 inquirendi;
1094 2493 1201 2550 sed
1226 2494 1306 2550 ad
1341 2494 1602 2567 teipsum
1645 2493 2149 2566 perscrutandum

493 2587 774 2641 converte
825 2581 1058 2639 oculos.
1090 2585 1237 2639 Sunt
1266 2584 1425 2638 enim
1456 2599 1567 2639 nec
1598 2583 1798 2656 pauci,
1834 2582 1938 2655 qui
1967 2582 2148 2639 festu-

490 2687 626 2728 cam
667 2670 918 2743 quidem
963 2670 1456 2727 animadvertunt
1486 2672 1546 2727 in
1587 2671 1764 2727 oculo
1790 2671 2006 2742 fratris,
2033 2675 2147 2727 tra-

485 2761 630 2819 bem
658 2777 801 2817 vero
831 2761 893 2816 in
919 2777 1030 2817 suo
1055 2761 1332 2833 ipsorum
1365 2762 1539 2817 oculo
1569 2777 1692 2818 non
1731 2761 1935 2817 vident
1955 2763 2022 2815 *6.
2065 2763 2147 2817 Ea

487 2866 622 2924 qua:
661 2850 1034 2907 extrinsecus
1086 2854 1226 2906 sunt
1269 2866 1346 2906 ne
1401 2851 1813 2923 circumspice,
1853 2850 2146 2906 numcubi

487 2941 832 3013 cujuspiam
854 2939 1338 3011 reprehendendi
1381 2939 1584 2996 locum
1632 2941 1826 3012 possis
1854 2940 2141 3008 invenire,

485 3029 859 3086 Pharisreum
885 3029 1055 3084 illum
1079 3029 1371 3098 imitatus,
1394 3029 1499 3102 qui
1535 3033 1703 3084 stans
1722 3045 1783 3085 se
1819 3029 1951 3102 ipse
1971 3029 2140 3101 justi-

2261 530 2522 604 ἁμαρτίας
2581 531 2723 602 ὑμῶν
2753 543 2766 557 ’
2828 530 3049 600 ἔμφασιν
3108 528 3233 598 ημῖν
3280 529 3528 599 παρέχων
3585 532 3681 577 τοῦ
3751 522 3894 576 πολ-

2258 619 2408 682 λάκις
2447 616 2553 678 ἤδη
2605 621 2852 691 πρότερον
2922 616 3007 668 ἐπὶ
3078 624 3188 677 τοῖς
3245 616 3448 687 ὁμοίοις
3508 633 3886 686 συγκεχωρη-

2258 712 2422 763 κέναι.
2469 711 2640 783 Χωρὶς
2683 709 2782 779 γάρ
2829 713 2926 766 τῆς
2980 707 3123 780 παρά
3180 712 3272 756 τοῦ
3299 710 3432 757 Θεοῦ
3465 701 3718 776 ἀφέσεως,
3753 700 3884 754 ἑπι-

2261 793 2474 850 διδόναι
2529 799 2645 849 τινά
2692 795 2872 848 ἑαυτὸν
2917 802 2990 865 τῷ
3027 793 3142 846 κατ’
3171 791 3356 867 ἀρετὴν
3406 790 3531 866 βίῳ,
3561 789 3880 864 ἀμήχανον.

2257 891 2356 940 Τόν
2403 889 2505 960 γὰρ
2556 889 2604 938 ἓν
2661 904 2798 938 τισιν
2851 883 3131 958 ἁμαρτίαις
3186 881 3544 948 ἰξετασθέντα,
3603 879 3719 933 εἶτα
3750 879 3883 932 ἀνα-

2259 981 2465 1050 τρέχειν
2524 975 2608 1028 ἐπὶ
2667 978 2753 1027 τόν
2791 975 2912 1045 ὑγιῆ
2949 972 3063 1046 βίον
3113 971 3566 1046 ἐπαγγελλόμενον,
3618 969 3880 1044 βούλεται

2259 1070 2445 1139 πέρατι
2500 1068 2590 1138 μεν
2646 1064 2846 1139 ὁρίζειν
2886 1066 2952 1115 τά
3002 1061 3346 1135 παρελθόντα,
3413 1060 3590 1137 ἀρχὴν
3641 1057 3704 1114 δέ
3753 1080 3880 1113 τινα

2258 1157 2526 1208 ποιεῖσθαι
2563 1156 2694 1226 μετά
2731 1156 2798 1206 τά
2826 1153 3190 1226 ἡμαρτημένα,
3235 1154 3392 1204 οίονιὶ
3443 1147 3538 1204 διὰ
3566 1157 3662 1212 τῆς
3701 1169 3876 1223 μετα-

2256 1249 2400 1307 νοίας
2448 1242 2859 1299 ἀναϐιώσκοντα.
2914 1250 3146 1314 Συνεχῶς
3227 1238 3286 1294 δε
3342 1248 3510 1294 ταῦτα
3552 1239 3879 1313 ἐπαγγελλό-

2257 1353 2426 1406 μενον,
2471 1338 2560 1385 καὶ
2616 1339 2848 1403 συνεχῶς
2913 1331 3082 1384 αὐτῶν
3148 1329 3533 1400 ἀποπίπτοντα,
3594 1332 3664 1392 ὡς
3741 1349 3880 1382 παν-

2257 1422 2412 1485 τελῶς
2466 1422 2622 1474 αὐτόν
2677 1420 3091 1494 ἀπεγνωσμένον,
3172 1428 3264 1481 τῆς
3343 1419 3732 1494 φιλανθρωπίας
3791 1417 3884 1471 ἑκ·-

2258 1510 2437 1566 κλείει.
2503 1512 2577 1564 Ou’
2627 1511 2731 1584 γὰρ
2799 1510 2826 1561 ό
2888 1509 3064 1575 εἰπὼν,
3116 1507 3403 1584 Ἥμαρτον,
3451 1505 3563 1561 εἶτα
3613 1507 3878 1580 ἐπιμένων

2256 1608 2320 1672 τῇ
2373 1599 2626 1674 ἁμαρτίᾳ,
2682 1599 2828 1660 οὗτος
2885 1597 3265 1671 ἐξομολογεῑται
3293 1614 3306 1628 ’
3373 1597 3483 1651 ἀλλ’
3525 1600 3551 1650 ό
3593 1600 3734 1650 κατά
3780 1600 3880 1649 τόν

2259 1686 2550 1762 Ψαλμῳδόν
2604 1691 2761 1762 εὑρὼν
2808 1693 2902 1748 τὴν
2930 1689 3188 1763 ἁμαρτίαν
3228 1687 3409 1752 αὑτοῦ,
3449 1692 3541 1740 καὶ
3605 1691 3878 1761 μισήσας.

2764 1787 2836 1850 τῷ
2899 1777 3256 1853 ἀρρωστοῦντι
3305 1779 3383 1849 (8)
3456 1779 3486 1837 ἡ
3555 1779 3701 1852 παρὰ
3774 1785 3879 1830 τοῦ

2258 1868 2438 1942 ἰατροῦ
2495 1867 2776 1940 ἐπιμελεια,
2844 1869 2964 1920 ὅταν
3038 1869 3105 1919 τὰ
3179 1869 3439 1942 φθαρτικά
3484 1875 3576 1928 τῆς
3635 1867 3779 1928 ζωῆς
3847 1868 3879 1919 ὁ

2255 1958 2462 2028 κάμνων
2512 1951 2831 2029 ἐπιτηδεύῃ
2895 1956 3070 2017 Οὕτως
3109 1953 3260 2008 οὐδὲν
3305 1955 3478 2029 ὄφελος
3517 1953 3881 2028 ἀδικημάτων

2256 2049 2708 2119 συγχωρουμένων
2755 2053 2826 2116 τῷ
2881 2046 2956 2096 ἔτι
3011 2043 3389 2119 ἀρῥωστοῦντι,
3419 2049 3509 2098 καὶ
3565 2043 3880 2104 ἀκολαστη-

2253 2137 2429 2208 μάτων
2461 2133 2741 2207 ἀφιεμένων
2766 2141 2837 2205 τῷ
2869 2135 2944 2186 ἔτι
2973 2131 3420 2188 ἀκολασταίνοντι.

2328 2317 2379 2368 8.
2423 2319 2635 2365 Παῦσαι
2686 2319 2964 2385 τοιγαροῦν
3002 2313 3069 2365 τά
3127 2319 3218 2365 τοῦ
3271 2312 3493 2371 πλησίον
3542 2315 3682 2366 κακά
3721 2333 3878 2389 περι-

2256 2406 2628 2476 εργαζόμενος·
2671 2406 2743 2474 μὴ
2799 2399 2957 2454 δίδου
3000 2401 3202 2474 σχολὴν
3255 2410 3362 2464 τοῖς
3407 2401 3685 2475 λογισμοῖς
3717 2403 3873 2456 ἀλλό-

2254 2511 2396 2566 τριον
2450 2489 2700 2554 ἐξετάζειν
2759 2488 3115 2566 ἀρρώστημα·
3198 2490 3304 2544 ἀλλ’
3369 2489 3453 2544 ἐπὶ
3518 2497 3615 2551 την
3666 2492 3870 2546 οἰκείαν

2253 2583 2460 2653 ἔρευναν
2509 2584 2692 2654 στρέφε
2740 2599 2836 2632 σου
2871 2583 2928 2632 τό
2984 2585 3128 2653 ἅμμα
3286 2579 3471 2634 Πολλοὶ
3508 2584 3611 2654 γὰρ
3648 2584 3702 2633 τὸ

2252 2673 2444 2744 κάρφος
2482 2673 2540 2722 τὸ
2598 2668 2646 2721 ἐν
2698 2677 2770 2741 τῷ
2825 2669 3071 2742 ὀφθαλμῷ
3101 2678 3194 2723 τοῦ
3243 2667 3468 2744 ἀδελφοῦ
3519 2679 3857 2742 κατανοοῦσι,

2250 2764 2344 2818 τὴν
2400 2756 2459 2812 δὲ
2525 2758 2573 2810 ἐν
2631 2767 2701 2830 τῷ
2730 2759 2903 2830 οἰκείῳ
2943 2758 3188 2832 ὀφθαλμῷ
3218 2757 3373 2814 δοκόν
3402 2760 3496 2812 οὐκ
3517 2760 3865 2834 ἐμϐλέπουσι.

2250 2853 2335 2906 Μὴ
2396 2851 2460 2901 τά
2515 2848 2977 2921 ἓξωξπεριοηιιόπει,
3037 2852 3183 2901 εἵπου
3241 2852 3376 2910 τινὸς
3428 2859 3607 2922 μῶμον
3639 2849 3864 2924 ἐξευρεό

2251 2934 2555 3004 δυνηθείης,
2621 2940 2756 2990 κατά
2799 2940 2886 2990 τόν
2926 2944 3210 3011 Φαρισαῖον
3271 2937 3479 3004 ἐκεῖνον,
3517 2938 3571 3000 ὃς
3632 2941 3868 2998 εἱστήκει

2251 3025 2432 3078 ἑαυτὸν
2483 3022 2724 3091 δικαιῶν,
2783 3030 2874 3078 καὶ
2926 3028 3010 3078 τόν
3068 3024 3288 3084 τελώνην
3324 3025 3872 3090 ἐξευτελίςων.⁹Αλλὸι

483 3117 729 3187 ﬁcabat,
775 3133 846 3174 ac
887 3117 1284 3207 publicanum
1313 3117 1580 3174 habebat
1609 3117 1962 3189 despicatui.
2016 3123 2142 3176 lmo

2256 3118 2468 3168 σεαυτόν
2522 3113 2805 3190 ἀνακρίνων
2849 3119 2920 3188 μὴ
2982 3111 3280 3188 διαλείπης,
3340 3120 3410 3188 μή
3481 3135 3533 3168 τι
3579 3117 3722 3170 κατά
3771 3118 3870 3180 τὰς

482 3223 624 3264 vero
671 3223 748 3263 ne
789 3207 1146 3262 intermittas
1176 3206 1438 3280 teipsum
1471 3207 1832 3278 percontari,
1863 3208 2143 3281 nunquid

482 3295 809 3368 deliqueris
860 3295 1243 3365 cogitatione,
1302 3295 1584 3368 nunquid
1648 3295 1878 3367 lingua}
1930 3297 2145 3354 labarit

483 3389 750 3440 mentem
763 3399 1159 3456 praecurrens,
1173 3383 1452 3456 nunquid
1471 3385 1528 3439 in
1552 3401 1846 3441 manuum
1860 3386 2143 3458 operibus

481 3473 712 3529 factum
729 3472 1306 3528 sitinvoluntarium.
1327 3475 1399 3544 (4)
1435 3475 1961 3540 Quemadmodum
1990 3476 2141 3531 enim

482 3562 611 3618 ﬁeri
641 3577 764 3618 non
804 3565 1000 3633 potest
1046 3565 1110 3618 ut
1139 3563 1274 3634 quis
1308 3563 1625 3620 sanitatem
1666 3571 1994 3637 recuperat,
2019 3566 2144 3621 nisi

482 3653 777 3725 depulsus
804 3652 1055 3708 morbus
1090 3653 1162 3709 sit
1195 3672 1207 3708 :
1241 3653 1404 3710 velut
1447 3659 1512 3709 ut
1553 3655 1690 3726 quis
1733 3656 1991 3723 caletiat,
2027 3656 2142 3711 nisi

481 3741 662 3814 plane
688 3741 964 3798 sedatum
988 3743 1059 3798 sit
1080 3742 1303 3812 frigus;
1345 3759 1542 3814 neque
1591 3744 1751 3799 enim
1798 3744 1926 3800 haec
1963 3744 2141 3802 simul

482 3832 805 3888 consistere
836 3836 1091 3903 possunt
1118 3849 1131 3887 :
1165 3832 1433 3888 similiter
1463 3837 1520 3888 et
1547 3833 1653 3904 qui
1695 3833 1923 3890 bonam
1953 3834 2139 3888 vitam

483 3937 660 3991 agere
687 3921 874 3993 cupit,
902 3937 1040 3977 eum
1082 3937 1193 3994 par
1232 3925 1322 3978 est
1364 3921 1443 3977 ab
1474 3923 1639 3977 omni
1666 3922 1807 3978 mali
1840 3923 2138 3980 consortio

482 4008 778 4064 recedere.
814 4008 894 4078 (ὅ)
926 4011 1054 4064 Non
1085 4010 1247 4065 enim
1277 4010 1564 4082 temporis
1593 4010 2004 4075 diuturnitate,
2032 4010 2139 4066 sed

483 4097 705 4155 animae
753 4097 1066 4153 aﬁectione
1119 4098 1472 4170 paenitentia
1513 4098 1901 4172 dijudicatur.
1927 4100 2002 4170 (6)
2027 4099 2139 4165 Qui

480 4201 626 4243 vero
663 4185 742 4243 ab
784 4186 954 4242 inani
997 4187 1117 4244 vita
1162 4193 1557 4253 recesserunt,
1587 4193 1643 4244 et
1667 4187 1744 4243 ad
1784 4188 2138 4244 diviniorem

481 4277 712 4350 seipsos
738 4280 1035 4344 exercent,
1087 4293 1163 4334 ne
1198 4277 1363 4350 apud
1395 4294 1476 4349 se,
1518 4293 1716 4350 neque
1746 4278 1998 4333 seorsim
2023 4278 2138 4335 soli

482 4382 548 4422 se
568 4367 680 4439 ipsi
711 4372 1063 4436 exerceant;
1119 4367 1371 4423 testibus
1403 4367 1565 4422 enim
1591 4383 1712 4422 non
1737 4383 1938 4423 carere
1965 4367 2140 4424 decet

477 4456 662 4512 vitam
694 4456 1019 4528 ejusmodi,
1061 4460 1126 4512 ut
1164 4459 1333 4511 extra
1357 4472 1606 4528 pravam
1630 4456 2034 4528 suspicionem
2063 4456 2135 4513 sit

475 4546 672 4618 posita
689 4547 799 4618 52
815 4546 857 4615 1
875 4587 887 4599 .
903 4547 978 4617 (7)
999 4545 1171 4610 Quod
1184 4546 1231 4600 si
1247 4545 1554 4617 quispiam
1573 4545 1704 4616 jam
1739 4545 1883 4601 olim
1906 4546 2131 4603 inesca-

473 4640 592 4703 tus,
616 4641 721 4692 aut
743 4636 1089 4692 divitiarum
1120 4635 1441 4707 'pulverem
1486 4635 1690 4708 inique
1731 4637 1896 4709 apud
1929 4653 1993 4693 se
2033 4653 2132 4693 co-

472 4725 792 4794 acervavit,
819 4741 1152 4797 earumque
1183 4724 1339 4780 curis
1390 4725 1639 4797 illigavit
1663 4727 1974 4792 animum;
2027 4729 2133 4783 aut

471 4813 733 4870 lasciviae
782 4815 976 4871 scelus
1025 4814 1194 4887 quod
1236 4814 1333 4871 vix
1368 4813 1485 4871 elui
1523 4819 1737 4888 potest,
1771 4821 2002 4873 natura:
2027 4817 2129 4874 ad-

470 4903 699 4976 iunxit;
731 4909 834 4962 aut
875 4903 1226 4962 criminibus
1274 4904 1404 4963 aliis
1451 4909 1640 4963 semet
1673 4906 2010 4976 exsatiavit;
2051 4906 2127 4976 is,

541 5100 591 5137 “
618 5100 732 5158 lsa.
755 5115 792 5166 ι,
827 5103 917 5160 14.
961 5101 1006 5138 ⁸⁸
1037 5101 1188 5160 Psal.
1212 5118 1360 5174 xxxx,
1391 5107 1441 5160 5.
1484 5105 1529 5141 ⁸⁸
1557 5103 1754 5162 Matth.
1789 5120 1887 5177 vn,
1914 5107 1965 5162 3.

536 5298 616 5372 (1)
657 5299 740 5372 Ex
765 5300 1073 5372 comment
1100 5298 1164 5356 in
1193 5299 1311 5372 Isa,
1342 5301 1468 5356 407.

537 5370 616 5442 (2)
656 5370 805 5426 Ibid.
830 5374 956 5428 408.

534 5440 611 5516 (3)
655 5445 739 5498 Ex
764 5442 930 5516 hom.
960 5441 1022 5516 in
1052 5440 1199 5516 illud
1229 5458 1242 5496 :
1276 5440 1524 5516 Attende
1549 5441 1660 5498 tibi
1686 5443 1820 5514 ipsi,
1850 5444 1942 5500 21.

535 5514 614 5584 (⁷4)
653 5517 733 5569 Ex
762 5514 931 5570 hom.
960 5514 1025 5568 in
1048 5514 1210 5582 psal.
1243 5527 1430 5577 χχχιιι,
1461 5515 1586 5570 153.

463 5666 494 5713 c
533 5587 608 5656 (ὅ)
630 5587 732 5712 812x
776 5585 947 5657 epist.
999 5599 1291 5656 CLxxxvm,
1340 5599 1478 5642 can.
1535 5590 1588 5654 2,
1637 5588 1696 5644 et
1743 5600 1836 5657 ep.
1895 5601 2116 5659 ccxvm,

500 5671 598 5715 an.
705 5696 718 5709 .

2252 3203 2560 3278 ἐνθυμήσεις
2611 3207 2861 3278 ἥμαρτες,
2929 3209 3000 3278 μή
3071 3224 3122 3258 τι
3180 3207 3209 3264 ἠ
3270 3204 3490 3278 γλῶσσα
3555 3205 3870 3280 παρώλισθε

2251 3301 2342 3355 τῆς
2396 3291 2632 3356 διανοίας
2690 3290 3154 3370 προεκδραμοῦσα,
3184 3298 3255 3366 μὴ
3313 3293 3362 3348 ἐν
3409 3303 3519 3358 τοῖς
3561 3297 3734 3368 ἔργοις
3761 3304 3870 3348 τῶν

2249 3392 2445 3456 χειρῶν
2520 3388 2817 3457 πέπρακταί
2884 3403 2936 3435 τι
2985 3393 3081 3436 τῶν
3140 3382 3459 3443 ἀϐουλήτων.
3496 3383 3697 3458 Ὠσπερ
3755 3388 3867 3460 γὰρ

2252 3470 2528 3545 ἀμήχανον
2581 3475 2754 3545 ὑγείαν
2803 3471 3071 3525 ἀναλαϐεῖν
3114 3478 3186 3545 μὴ
3245 3483 3335 3534 τῆς
3391 3478 3546 3526 νόσου
3615 3473 3866 3528 ἀπαλλα-

2248 3566 2421 3632 γέντα,
2473 3562 2502 3620 ᾖ
2569 3561 2615 3613 ἐν
2669 3563 2944 3634 θερμότητι
3022 3563 3262 3633 γενέσθαι
3340 3566 3426 3614 τόν
3481 3566 3552 3635 μὴ
3607 3564 3864 3638 καθαρῶς

2249 3655 2571 3722 πεπαυμένον
2629 3659 2718 3710 τῆς
2785 3649 3121 3721 καταψῦξεως
3161 3648 3499 3722 (ἀνεπίδεκτα
3534 3654 3638 3725 γὰρ
3686 3661 3871 3708 ταῦτα

2249 3738 2552 3810 ἀλληλοις)⁶
2611 3741 2745 3792 οὕτω
2811 3744 2900 3791 καὶ
2980 3744 3065 3792 τὸν
3121 3739 3372 3813 μέλλοντα
3423 3739 3472 3792 ἐν
3521 3739 3704 3812 ἀγαθῷ
3758 3742 3868 3814 βίῳ

2248 3830 2508 3900 γενέσθαι,
2561 3831 2738 3890 πάσης
2795 3833 3050 3900 προσήκει
3108 3837 3200 3890 τῆς
3266 3827 3350 3882 ἰπὶ
3409 3833 3466 3881 τό
3518 3833 3680 3882 κακόν
3738 3849 3869 3882 συν-

2251 3924 2428 3991 αφείας
2495 3917 2890 3990 ἀπαλλαγῆναι·
2947 3919 3004 3970 οῦ
3042 3921 3144 3993 γὰρ
3181 3923 3379 3994 χρόνου
3410 3925 3692 3987 ποσότητι,
3729 3917 3868 3974 διοι-

2253 4009 2388 4061 θέσει
2437 4005 2496 4060 ὃὲ
2533 4007 2716 4081 ψυχῆς
2774 4009 2802 4067 ἡ
2849 4010 3099 4081 μετάνοια
3139 4012 3390 4082 κρίνεται·
3448 4011 3514 4061 Οἱ
3572 4005 3632 4062 δε
3689 4030 3870 4085 χωρι-

2251 4099 2455 4160 σθέντες
2508 4105 2598 4150 τοῦ
2649 4104 2795 4150 κενοῦ
2856 4096 3000 4170 βίον,
3028 4101 3118 4150 καὶ
3148 4101 3275 4173 πρὸς
3303 4101 3390 4157 τὴν
3425 4099 3682 4174 Θειοτέραν
3715 4101 3868 4161 ζωὴν

2248 4186 2463 4248 ἑαυτοὺς
2515 4185 2816 4256 ἀσκοῦντες,
2864 4190 2934 4260 μὴ
2988 4185 3062 4259 ἐφ’
3118 4187 3351 4255 ἑαυτοὺς,
3385 4184 3525 4260 μηδὲ
3554 4195 3867 4263 καταμόνας

2247 4275 2998 4350 ἀσκείσθωσανσέμμάρτυρον
3053 4278 3154 4350 γάρ
3219 4273 3348 4329 εἶναι
3425 4281 3689 4352 προσήκει
3777 4284 3867 4333 τόν

2245 4374 2478 4420 τοιοῦτον
2535 4365 2674 4439 βίον,
2732 4369 2796 4427 ὡς
2857 4365 2918 4417 ἀν
2967 4365 3110 4427 ἐκτὸς
3137 4361 3268 4419 εἶναι
3306 4371 3538 4441 πονηρᾶς
3593 4367 3863 4438 ὑποψίας,

2248 4461 2348 4510 Καὶ
2398 4459 2441 4508 εἰ
2477 4475 2557 4518 τις
2587 4455 2750 4508 πάλαι
2781 4451 3096 4521 δελεασθεὶς,
3129 4456 3158 4514 ἣ
3192 4454 3418 4508 πλούτου
3471 4459 3612 4508 κόνιν
3654 4455 3708 4520 ἐξ
3739 4455 3868 4512 ἀδια

2243 4549 2361 4607 κίας
2413 4545 2489 4618 ἐφ’
2527 4545 2710 4598 ἑαυτὸν
2761 4549 3099 4619 συνεφόρησε,
3128 4549 3218 4596 καὶ
3255 4547 3344 4597 τόν
3368 4551 3486 4597 νοῦν
3515 4553 3633 4608 ταῖς
3662 4549 3863 4601 τούτου

2953 4635 2982 4693 ἦ
3052 4636 3222 4706 μύσος
3285 4631 3557 4706 ἀσελγείας
3604 4638 3861 4708 προσῆψε

3041 4725 3070 4783 ἦ
3127 4732 3226 4775 τῶν
3281 4722 3446 4776 ἄλλων
3508 4722 3858 4798 ἐγκλημάτων

2241 4639 2516 4710 μερίμναις
2571 4630 2861 4692 κατέδησεν
2897 4655 2909 4667 ο

2240 4732 2302 4797 τῇ
2361 4727 2511 4797 φύσει
2566 4721 2911 4778 δυσέκνιπτον
2947 4738 2960 4753 ·

2239 4814 2538 4891 ἐπλήρωσεν
2580 4815 2756 4868 ἑαυτόν
2779 4836 2794 4848 ·
2854 4814 3025 4882 οὗτος,
3073 4817 3138 4875 ὡς
3165 4817 3242 4868 ἔτι
3277 4816 3482 4890 καιρὸς,
3516 4820 3639 4891 πρὶν
3690 4815 3856 4869 ἐλθεῖν

2240 4904 2310 4968 εἰς
2384 4903 2578 4960 τελείαν
2649 4903 2924 4976 ἀπώλειαν,
3007 4903 3284 4959 ἀποθέσθω
3340 4911 3442 4958 τῶν
3499 4909 3721 4982 φορτίων
3783 4907 3849 4957 τὰ

2305 5301 2386 5443 (6;
2426 5303 2683 5375 Uterque
2705 5301 2896 5359 codex
2919 5300 3148 5359 indicat
3174 5303 3504 5358 comment.
3536 5301 3601 5358 in
3620 5300 3750 5358 Isa.

2306 5375 2360 5443 (7
2425 5376 2507 5430 Ex
2533 5373 2701 5431 hom.
2722 5374 2892 5443 Quod
2909 5373 3238 5434 mundanis
3263 5373 3705 5433 adhaerendum
3725 5389 3750 5428 ι

2275 5373 2384 5457 “(72
2406 5376 2507 5457 ΔΙξχ
2533 5373 2701 5431 hom.
2722 5374 2892 5444 Quod
2909 5373 3238 5434 mundanis
3263 5373 3705 5433 adhaerendum
3725 5387 3862 5432 non

2231 5448 2818 5592 szt(8)1§§ﬁwmwm
2852 5513 3496 5592 contextusAéatxoaﬂ'i.

2299 5592 2381 5660 (9)
2417 5588 2486 5644 Τό
2509 5588 2681 5662 cingat.
2717 5593 2783 5649 In
2811 5595 3094 5652 contextu
3122 5589 3366 5651 additur
3393 5596 3490 5651 τῆς
3517 5588 3743 5662 ψυχῆς.
