4084 6402
250 332 385 386 1233

1354 327 1584 385 ΒΕΒΜΟ
1628 328 1765 383 Vlll.
1807 353 1876 367 ——
1915 325 2008 383 DE
2046 326 2512 384 PCENITENTIA.

3476 330 3611 385 1234

244 454 473 524 πλείονα,
521 458 612 507 καὶ
665 458 787 527 πρὶν
843 451 1167 525 ὑποϐρύχιον
1214 453 1455 524 γενέσθαι
1502 454 1561 503 τὸ
1616 450 1832 521 σκάφος,

1950 448 2099 505 dum
2141 450 2343 507 adhuc
2385 454 2623 524 tempus
2666 455 2775 520 est,
2807 455 3139 525 antequam
3185 452 3262 508 ad
3301 438 3607 523 integrum

244 541 460 602 ἐκϐολὴν
510 544 827 602 ποιησάσθω
870 550 969 595 τῶν
1027 541 1328 615 ἀγωγίμων,
1378 541 1414 593 ἀ
1465 544 1568 613 μὴν
1622 536 1842 601 δεόντως

247 632 496 696 συνελεξε.
563 635 638 686 Td
712 636 974 706 χρήματα
1051 630 1364 690 ἐκϐληθέντα
1445 629 1650 698 καλῶς,
1724 632 1843 681 οὔτε

246 721 531 776 ἀπόλλυται
582 729 692 784 τοῖς
747 719 1024 774 ἐκϐαλοῦσι
1074 726 1165 773 καὶ
1214 720 1466 795 ῥίψασινο
1510 718 1620 772 ἀλλ’
1666 720 1841 793 ὥσπερ

245 811 313 873 εἰς
355 808 584 874 ὁλκάδας
636 810 795 874 ἄλλας
840 809 1228 884 ἀσφαλεστέρας
1274 812 1415 871 τινὰς
1460 810 1554 871 τὰς
1598 816 1698 861 τῶν
1748 825 1843 860 πε-

241 907 408 960 νήτων
461 902 746 974 μεταθέντα
801 902 1080 975 γαστέρας,
1132 896 1476 967 διασώζεται,
1525 902 1616 950 καὶ
1664 898 1841 968 φθάνει

240 993 371 1064 πρὸς
412 990 617 1064 λιμένας
663 989 894 1057 ἐλθόντα,
921 993 1011 1043 καὶ
1060 988 1369 1061 φυλάττεται
1415 994 1521 1049 τοῖς
1563 984 1842 1039 ἐκϐαλοῦσι

238 1084 458 1153 κόσμος.

311 1350 362 1401 9.
403 1348 480 1399 Τά
525 1349 626 1422 γὰρ
673 1352 852 1422 χρόνῳ
904 1350 1253 1423 κρατυνθέντα
1303 1348 1441 1404 πάθη
1491 1351 1693 1419 πρῶτον
1746 1345 1836 1415 μὲν

236 1440 434 1508 χρόνου
485 1432 656 1489 δεῖται
703 1440 833 1512 πρὸς
878 1442 972 1496 τὴν
1022 1434 1343 1510 διόρθωσιν·
1379 1438 1556 1488 ἔπειτα
1604 1432 1835 1504 ἰσχυρᾶς

237 1530 326 1577 καὶ
370 1525 706 1599 εὐτονωτέρας
756 1522 1042 1598 διαγωγῆς,
1086 1525 1129 1578 εἰ
1158 1524 1335 1597 μελλοι
1382 1543 1461 1583 τις
1498 1528 1590 1574 τοῦ
1635 1519 1835 1592 βάθους

237 1613 398 1666 αὐτοῦ
437 1616 821 1680 καθικνεῖσθαι,
872 1618 1006 1667 ὥστε
1059 1613 1320 1688 προρριζα
1357 1611 1536 1674 ἐξελεῖν
1584 1612 1651 1663 τά
1705 1613 1834 1683 χρό-

236 1723 306 1775 νῳ
387 1712 572 1780 μακρῲ
634 1710 745 1765 ταῖς
808 1702 1019 1775 ψυχαῖς
1082 1702 1443 1778 ἐρῥιζωθέντα.
1506 1702 1732 1755 Τοιαύτη
1801 1700 1831 1757 ἡ

1951 540 2197 596 exitium
2243 541 2575 613 perveniat,
2608 541 2873 614 deponat
2899 541 3196 612 majorem
3228 541 3605 598 sarcinarum

1950 634 2204 704 partem,
2235 636 2289 687 et
2336 631 2693 703 priusquam
2739 632 2911 686 navis
2955 631 3402 701 submergatur,
3451 648 3605 686 Iner-

1951 721 2111 777 cium
2141 721 2423 777 indecore
2453 726 2876 792 congestarum
2919 721 3272 791 ejectioncm
3299 719 3497 775 faciat.
3530 722 3603 790 (4)

1951 812 2155 885 Neque
2183 827 2324 881 vero
2354 811 2624 884 pecuniae
2662 811 2852 883 probe
2894 811 3097 882 ejectae
3135 813 3391 882 pereunt
3416 810 3605 865 etfun-

1950 901 2233 958 dentibus
2275 918 2346 957 ae
2396 894 2894 974 projicientibus‘;
2953 903 3058 957 sed
3106 900 3277 971 quasi
3332 900 3395 955 in
3454 900 3603 956 alias

1948 991 2251 1063 quasdam
2277 991 2588 1047 onerarias
2632 1007 2819 1047 naves
2850 990 3118 1057 tutiores,
3151 1005 3487 1062 pauperum
3518 989 3601 1044 vi-

1948 1079 2162 1137 delicet
2217 1085 2476 1149 ventres,
2530 1083 2853 1153 exportata:
2910 1083 3363 1147 conservantur,
3408 1082 3467 1135 et
3521 1079 3602 1135 ad

1948 1174 2158 1241 portus
2203 1171 2577 1242 perveniunt,
2625 1170 3166 1241 custodiunturque
3210 1168 3598 1238 jacientibus,

1947 1259 2167 1331 quibus
2193 1264 2547 1316 ornamento
2581 1265 2740 1316 sunt.

2019 1354 2069 1405 9.
2112 1350 2187 1421 (ὅ)
2218 1352 2506 1421 Tempore
2550 1349 2940 1405 corroborata
2967 1347 3130 1404 mala
3174 1347 3441 1419 primum
3471 1348 3599 1420 qui-

1944 1439 2085 1494 dem
2129 1445 2396 1510 tempore
2436 1437 2710 1507 indigent
2740 1442 2803 1493 ut
2846 1442 3172 1504 sanentur;
3204 1436 3422 1492 deinde
3464 1436 3602 1493 forti

1945 1544 2017 1584 ac
2062 1528 2241 1583 ﬁrma
2293 1526 2514 1596 agendi
2542 1528 2793 1595 ratione,
2825 1526 2875 1582 si
2912 1525 3049 1597 quis
3102 1526 3236 1580 velit
3278 1524 3355 1581 ad
3404 1526 3596 1581 imum

1942 1617 2143 1689 ipsum
2193 1617 2565 1689 pertingere,
2613 1616 2768 1671 adeo
2816 1620 2881 1670 ut
2935 1614 3219 1671 radicitus
3269 1614 3600 1671 evelluntur

1945 1723 2082 1779 qua:
2106 1706 2291 1776 longo
2321 1712 2588 1779 tempore
2617 1706 2677 1761 in
2706 1705 2927 1762 animis
2954 1705 3188 1761 radices
3215 1709 3485 1775 egerunt.
3516 1705 3598 1773 (6)

238 1790 459 1866 ἐμμελὴς
509 1800 610 1845 τῶν
657 1800 954 1852 Νηνευῑτῶν
1003 1794 1279 1865 μετάνοια,
1322 1795 1413 1843 καὶ
1467 1791 1497 1847 ἠ
1561 1792 1692 1860 σοφὴ
1747 1792 1832 1840 καὶ

1949 1797 2117 1853 Haud
2150 1795 2447 1852 absimilis
2470 1795 2580 1852 fuit
2609 1810 2852 1851 summa
2875 1794 2977 1851 illa
3012 1793 3412 1866 absolutaque
3441 1794 3596 1850 Nini-

237 1887 608 1955 πεπυκνωμένη
678 1881 853 1954 θλίψις
912 1880 1077 1940 ἐκείνη
1107 1923 1121 1947 ,
1189 1883 1301 1941 ἣτις
1365 1876 1491 1932 ούδὶ
1549 1879 1614 1931 τά
1674 1876 1841 1948 οἴλογα

241 1968 517 2029 ἀσυνετελῆ
585 1978 683 2033 τῆς
749 1975 1005 2044 τιμωρίας
1065 1968 1296 2041 ἀφῆκεν
1366 1965 1494 2020 ἀλλά
1552 1969 1640 2018 καὶ
1703 1964 1838 2018 αύτά

241 2057 371 2132 βοᾶν
413 2057 467 2122 ἐξ
505 2057 738 2131 ἀνάγκης
779 2057 1181 2131 ἐμηχανήσατο.
1235 2057 1536 2131 Ἐχωρίσθη
1589 2056 1692 2130 γάρ
1740 2061 1835 2117 τῆς

239 2146 368 2221 βοὸς
406 2148 432 2201 ό
472 2151 703 2221 μόσχος,
747 2146 991 2207 ἀπηλάθη
1036 2156 1126 2208 τῆς
1173 2151 1421 2219 μητρῴας
1467 2143 1629 2206 θηλῆς
1667 2144 1693 2195 ό
1737 2141 1834 2216 ἀρ-

234 2239 399 2299 νειόςο
431 2232 649 2290 παιδίον
691 2235 969 2310 ἕπιμάζιον
1020 2237 1115 2289 ούκ
1153 2237 1215 2295 ἦν
1263 2234 1314 2288 ἐν
1352 2241 1463 2295 ταῖς
1515 2241 1610 2294 τῆς
1660 2234 1836 2285 τεκού-

236 2344 336 2388 σης
378 2325 631 2398 ἀγκάλαις
674 2322 1025 2379 ἐπιδεικνύναι
1053 2343 1066 2356 ·
1119 2328 1282 2399 φωναὶ
1330 2320 1390 2377 δε
1434 2324 1581 2397 παρά
1629 2323 1833 2374 πάντων

231 2414 439 2489 οἰκτραὶ
504 2415 748 2478 ἀλλήλαις
815 2415 1132 2470 ἀντιϐοῶσαι
1192 2419 1283 2468 καὶ
1340 2412 1695 2485 ἀντηχοῦσαι.
1756 2412 1835 2464 Τά

230 2509 383 2559 τέκνα
436 2505 762 2580 λιμώττοντα
793 2509 884 2568 τὰς
935 2508 1108 2579 πηγὰς
1162 2504 1337 2567 ἐζήτει
1392 2511 1484 2556 τοῦ
1539 2502 1827 2575 γάλακτος⁶

231 2596 287 2649 αἱ
337 2598 556 2669 μητέρες
606 2604 682 2668 τῷ
730 2615 935 2668 φυσικῳ
991 2597 1147 2649 πάθει
1198 2591 1634 2665 διακοπτόμεναι,
1690 2610 1831 2663 συμ-

230 2685 423 2738 παθέσι
491 2690 681 2757 φωναῖς
740 2683 1079 2737 ἀνεκαλοῦντο
1133 2685 1201 2736 τά
1255 2685 1475 2754 ἔγγονα·
1539 2683 1606 2734 τά
1663 2679 1829 2754 βρέφη

231 2775 369 2826 κατά
428 2776 517 2825 τὸν
582 2774 758 2846 ὅμοιον
817 2777 1008 2847 τρόπον
1071 2772 1430 2845 λιμώττοντα,
1492 2765 1831 2843 σφοδροτάτῳ

231 2862 483 2936 κλαυθμῷ
541 2861 916 2938 ἀνερρήγνυντο
963 2866 1055 2915 καὶ
1112 2859 1438 2936 ἀπέσπαιρον
1464 2877 1478 2890 ⁸
1539 2860 1596 2911 αἱ
1643 2865 1831 2911 τεκοῦ-

235 2971 327 3006 σαι
407 2958 525 3016 ταῖς
611 2959 857 3026 φυσικαῖς
940 2948 1207 3025 ἀλγηδόσι
1289 2955 1683 3003 κατεκεντοῦντο
1765 2949 1832 3000 τά

235 3040 521 3115 σπλάγχνα
581 3040 640 3095 Ὀ
690 3040 991 3117 πρεσϐύτης
1052 3040 1130 3095 ἐπ’
1183 3040 1383 3095 ἐκείνων
1435 3041 1675 3115 ἒθρηνει,
1741 3042 1832 3090 καὶ

1946 1888 2202 1944 vita‘rum
2249 1885 2620 1958 poenitentia,
2655 1890 2833 1957 atque
2858 1884 3124 1956 prudens
3148 1883 3598 1955 vehemensque

1946 1992 2155 2035 eorum
2186 1974 2516 2041 afﬂictatio,
2546 1991 2684 2047 quae
2730 1990 2807 2030 ne
2834 1974 3014 2030 bruta
3049 1973 3297 2046 quidem
3327 1973 3599 2030 animan-

1943 2066 2029 2124 tia
2069 2082 2105 2122 a
2151 2065 2347 2138 poenis
2394 2064 2693 2120 immania
2729 2063 2984 2121 exemit:
3027 2061 3138 2119 sed
3166 2078 3238 2118 ea
3265 2064 3449 2119 etiam
3493 2079 3596 2120 ne-

1945 2154 2207 2213 cessario
2249 2154 2515 2210 clamare
2545 2153 2795 2211 artiﬁcio
2838 2152 3112 2226 quodam
3158 2151 3381 2223 adegit.
3413 2145 3595 2225 Sepa-

1942 2244 2111 2302 ratus
2151 2258 2421 2316 namque
2452 2246 2544 2299 est
2584 2241 2805 2299 vitulus
2835 2257 2872 2299 a
2898 2256 3107 2310 vacca,
3139 2245 3407 2297 semotus
3444 2245 3533 2297 est
3559 2257 3598 2298 a

1943 2337 2218 2392 materno
2266 2333 2452 2388 ubere
2498 2346 2715 2402 agnus,
2740 2346 2892 2404 puer
2930 2329 3159 2386 lactens
3199 2330 3263 2386 in
3309 2330 3598 2386 maternis

1941 2422 2102 2480 ulnis
2134 2421 2384 2478 minime
2428 2418 2947 2493 conspiciebatur;
2983 2433 3164 2476 voces
3191 2434 3330 2476 vero
3365 2419 3598 2476 emitte-

1940 2511 2166 2569 bantur
2196 2509 2275 2568 ab
2300 2509 2587 2567 omnibus
2615 2508 3009 2578 miserabiles,
3037 2507 3304 2565 vicissim
3332 2507 3596 2565 claman-

1941 2606 2051 2673 tes,
2081 2617 2152 2657 ac
2179 2603 2558 2657 resonantes.
2590 2601 2800 2656 Partus
2842 2598 3172 2655 esurientes
3200 2597 3370 2655 lactis
3398 2597 3597 2656 fontes

1942 2690 2330 2764 quaerebant;
2364 2692 2587 2745 matres
2619 2687 2881 2745 naturali
2908 2686 3224 2744 affectione
3252 2686 3596 2761 discerptae,

1940 2779 2192 2837 vocibus
2246 2777 2837 2835 commiserationem
2891 2792 3067 2832 suam
3117 2775 3598 2847 signiﬁcantibus

1938 2867 2309 2925 revocabant
2348 2866 2525 2924 fetus.
2564 2865 2859 2922 Eumdem
2906 2866 2981 2923 ad
3037 2866 3294 2922 modum
3334 2866 3597 2923 infantes

1939 2958 2100 3015 fame
2128 2956 2498 3020 laborantes,
2527 2953 2755 3026 ejulatu
2793 2953 3327 3011 vehementissimo
3362 2954 3599 3026 frange-

1939 3048 2181 3116 bantur,
2231 3045 2750 3119 palpitabantque,
2798 3049 2857 3101 et
2898 3048 3165 3101 matrum
3212 3044 3443 3101 viscera
3490 3061 3597 3101 na-

231 3135 325 3190 τὴν
394 3131 578 3185 πολιὰν
652 3131 814 3185 ἓτιλλε
882 3137 973 3185 καὶ
1039 3130 1376 3206 ἐσπάραττεν.
1443 3129 1502 3182 ⁸0
1567 3131 1832 3190 νεανίσκος

1942 3136 2237 3197 turalibus
2280 3134 2593 3193 doloribus
2641 3120 3229 3207 compungebantur.
3266 3138 3421 3191 Inter
3462 3134 3598 3192 illos

230 3225 320 3274 καὶ
387 3220 678 3295 ἀκμάζων,
743 3218 1091 3298 σφοδρότερον
1161 3217 1468 3294 ἀπωδύρετο
1501 3236 1515 3250 ⁸
1583 3219 1611 3271 ὁ
1674 3220 1832 3280 πένης

230 3310 531 3374 ἐστέναξεν·
606 3311 634 3363 ὁ
697 3309 951 3373 πλούσιος
1015 3308 1375 3383 ἐπιλαθόμενος
1436 3317 1525 3370 τῆς
1590 3314 1829 3382 τρυφῆς,

228 3404 384 3459 ἤσκει
442 3403 536 3458 τὴν
597 3401 950 3453 κακοπάθειαν
1013 3402 1079 3462 ὡς
1138 3405 1400 3473 σώφρονα.
1451 3398 1511 3450 Ὀ
1579 3396 1832 3470 βασιλεὺς

228 3488 418 3557 αὐτῶν,
447 3493 541 3548 τὴν
582 3488 930 3564 λαμπρότητα
975 3492 1066 3542 καὶ
1106 3494 1202 3548 τὴν
1241 3485 1400 3552 δόξαν
1448 3487 1522 3550 εἰς
1565 3485 1828 3557 αἰσχύνην

227 3576 518 3651 μετέϐαλεν.
586 3578 828 3632 Ἀπέθετο
892 3580 978 3631 τὸν
1044 3581 1314 3650 στέφανον,
1380 3581 1492 3645 καὶ,
1533 3579 1673 3628 κόνιν
1737 3582 1829 3636 τῆς

225 3666 446 3740 κεφαλῆς
483 3667 562 3739 (1)
607 3672 885 3741 κατεχέετο
910 3688 922 3702 ·
963 3672 1059 3727 τὴν
1105 3663 1398 3741 ἁλουργίδα
1419 3665 1598 3742 ῥίψας,
1633 3665 1828 3718 σάκκον

227 3759 663 3831 μετημφιάσατο⁸
710 3762 797 3811 τὸν
865 3760 1043 3834 θρόνον
1106 3760 1194 3810 τὸν
1260 3755 1461 3828 ὑψηλὸν
1529 3754 1675 3828 ἀφεὶς
1736 3757 1827 3806 καὶ

226 3849 500 3919 μετέωρον,
550 3846 772 3909 ἐλεεινῶς
825 3855 888 3920 τῇ
953 3855 1021 3921 γῇ
1081 3848 1436 3921 προσεσύρετο
1462 3866 1473 3879 ·
1534 3849 1630 3903 τὴν
1688 3840 1827 3896 ἰδιά-

228 3936 424 3997 ζουσαν
489 3940 578 3989 καὶ
642 3934 929 4010 βασιλικὴν
988 3936 1286 3989 καταλιπὼν
1345 3935 1649 3988 εὐστάθειαν
1715 3932 1822 4003 (2),

227 4027 529 4101 συνεθρήνει
574 4034 647 4099 τῷ
701 4023 856 4099 δήμῳ
886 4044 899 4059 ο
955 4028 1026 4090 εἷς
1078 4024 1273 4099 ἐγένετο
1324 4033 1425 4078 τῶν
1470 4022 1691 4092 πολλῶν,
1740 4024 1825 4075 ὅτε

224 4118 314 4169 τὸν
369 4119 539 4169 κοινὸν
598 4116 806 4169 πάντων
873 4120 1138 4175 Δεσπότην
1203 4115 1404 4169 ἔϐλεπεν
1466 4113 1821 4187 ὀργιζόμενον.

221 4212 388 4260 Τοῦτο
454 4202 652 4259 δούλων
715 4205 1039 4265 εύαισθήτων
1105 4209 1363 4279 φρόνημα.
1428 4205 1656 4261 Τοιαύτη
1722 4208 1824 4254 τῶν

224 4293 509 4368 ἀμαρτίαις
563 4295 879 4370 ἐνεχομένων
940 4298 971 4356 ἠ
1027 4297 1311 4370 μετάνοια·
1373 4296 1457 4348 ἶνα
1505 4290 1599 4347 διὰ
1649 4294 1826 4352 πάσης

223 4383 428 4446 ἡλικίας
479 4387 510 4443 ἡ
556 4387 932 4459 σκυθρωπότης
978 4391 1238 4461 κρατήσῃ,
1289 4385 1601 4458 αἰσθομένης
1646 4402 1700 4435 τε
1732 4385 1825 4434 καὶ

224 4471 574 4539 ἀναισθήτου,
618 4481 716 4536 τῆς
767 4477 857 4546 μὶν
907 4476 1045 4527 κατὰ
1090 4479 1418 4550 προαίρεσιν,
1456 4482 1552 4535 τῆς
1603 4469 1663 4526 δε
1709 4471 1824 4524 κατ’
1858 4511 1901 4567 D

225 4558 479 4632 ἀνάγκην.
537 4563 634 4615 Διά
685 4569 841 4615 τοῦτο
895 4559 1022 4616 ἰδὼν
1066 4562 1258 4626 αὐτοὺς
1303 4565 1330 4616 ό
1377 4565 1509 4624 Θεὸς
1547 4561 1682 4615 οὕτω
1727 4580 1826 4616 τα-

222 4650 585 4717 πεινωθέντας,
630 4653 701 4715 ὡς
757 4650 842 4705 ἐπὶ
889 4650 1306 4727 ὑπερβαίνουσαν
1372 4652 1565 4706 ἑαυτῶν
1637 4650 1826 4705 ταλαι-

223 4743 429 4815 πωρίαν
458 4748 692 4814 παγγενῆ
725 4746 1160 4818 κατακρίναντας,
1185 4746 1277 4795 καὶ
1321 4745 1380 4795 τὸ
1419 4743 1587 4803 πάθος
1614 4740 1826 4805 ἠλέησε,

224 4834 317 4884 καὶ
362 4838 459 4893 τῆς
504 4835 761 4906 τιμωρίας
805 4829 980 4900 ἀνῆκε,
1022 4851 1114 4885 και
1156 4834 1215 4884 τὸ
1258 4836 1468 4909 χαίρειν
1517 4828 1825 4902 ἐδωρήσατο

224 4927 335 4981 τοῖς
364 4920 687 4982 εὶαισθήτως
714 4923 1058 4980 πενθήσασιν.
1101 4919 1189 4976 ’Ίδ
1194 4941 1268 4975 ιον
1304 4924 1406 4996 γὰρ
1431 4930 1525 4984 τῆς
1570 4928 1661 4974 τοῦ
1693 4927 1828 4975 Θεοῦ

226 5010 635 5085 φιλανθρωπίας,
690 5013 749 5063 τὸ
801 5014 874 5084 μὴ
938 5019 1108 5084 σιωπῇ
1165 5014 1259 5074 τὰς
1307 5010 1545 5074 κολάσεις
1593 5010 1824 5082 ἐπάγειν,

224 5098 357 5153 ἀλλά
410 5100 821 5175 προκηρύσσειν,
882 5094 977 5152 διὰ
1034 5108 1135 5153 τῶν
1201 5098 1420 5153 ἀπειλῶν
1477 5099 1831 5175 προκαλούμε-

222 5209 308 5253 νος
347 5190 425 5264 (3)
482 5188 554 5252 εἰς
595 5192 872 5262 μετάνοιαν
912 5193 1036 5252 τοὺς
1082 5190 1487 5267 ἡμαρτηκόταςο
1544 5190 1681 5244 οὕτω
1724 5193 1827 5265 γάρ

298 5317 379 5388 (l)
416 5321 523 5379 Τῆς
573 5313 816 5389 κεφαλῆς.
865 5315 1037 5389 Editi,
1067 5313 1150 5369 ἐπὶ
1194 5322 1291 5378 τῆς
1336 5314 1576 5389 κεφαλῆς.
1622 5314 1826 5373 Melius

225 5388 290 5446 in
315 5391 600 5460 contextu
624 5388 811 5460 quem
838 5388 1025 5460 secuti
1056 5403 1289 5444 sumus.

303 5458 378 5530 (2)
416 5457 758 5514 Εύστάθίιαν.
797 5459 974 5532 Haud
1010 5460 1196 5532 paulo
1244 5457 1481 5532 melior,
1505 5458 1638 5525 haec
1687 5459 1830 5517 scri-

228 5532 429 5605 ptura,
456 5545 643 5605 quam
674 5530 842 5605 quod
871 5531 932 5587 in
962 5530 1095 5604 ipso
1123 5535 1407 5605 contextu
1435 5530 1729 5589 εὐπάθειαν.

304 5599 381 5671 (3)
422 5599 820 5677 Προκαλούμενο
823 5622 864 5665 ς.
880 5599 1202 5661 Contextus
1215 5601 1658 5677 προκαλουμένου.
1674 5605 1830 5662 Uter-

230 5686 351 5746 que
380 5673 573 5730 codex
599 5673 1070 5750 προσκαλούμενος.

1938 3227 2122 3285 ﬂebat
2168 3241 2370 3297 senex,
2404 3230 2463 3282 et
2503 3240 2688 3281 canos
2736 3223 3014 3295 vellebat,
3065 3223 3591 3297 discerpebatque.

1938 3316 2325 3384 Adolescens,
2358 3319 2415 3371 et
2455 3313 2561 3387 qui
2596 3313 2835 3370 ﬂorenti
2874 3318 3046 3370 aetate
3092 3317 3238 3380 erat,
3267 3313 3594 3370 vehemen-

1936 3408 2053 3464 tius
2100 3404 2583 3471 lamentabatur;
2622 3402 3056 3473 ingemiscebat
3094 3418 3363 3476 pauper;
3404 3404 3589 3477 dives,

1938 3495 2291 3552 deliciarum
2335 3493 2577 3565 oblitus,
2610 3492 2985 3550 afﬂictationi
3008 3497 3075 3550 ut
3114 3492 3295 3549 bonae
3324 3508 3386 3549 se
3414 3493 3593 3550 dede-

1935 3586 2060 3642 bat.
2101 3588 2225 3641 Rex
2269 3584 2539 3657 ipsorum
2578 3582 2964 3657 splendorem
3010 3582 3390 3656 gloriamque
3431 3586 3593 3640 tran-

1936 3675 2221 3732 smutavit
2250 3674 2310 3729 in
2345 3671 2794 3729 verecundiam.
2829 3671 3108 3745 Deposita
3136 3688 3380 3736 corona,
3408 3677 3593 3745 caput

1934 3764 2132 3821 cinere
2156 3762 2467 3835 inspersit;
2498 3777 2770 3834 purpura
2798 3760 3057 3832 abjecta,
3083 3760 3277 3817 induit
3305 3776 3586 3818 saccum:

1935 3854 2152 3910 throno
2181 3851 2301 3908 alto
2330 3855 2389 3907 et
2416 3850 2662 3906 sublimi
2691 3848 2991 3913 dereheto,
3022 3849 3350 3906 miserabili
3375 3849 3590 3908 habitu

1931 3942 2101 4000 humi
2142 3939 2393 4013 repebat
2420 3956 2432 3995 :
2466 3938 2785 4012 repudiata
2820 3938 3067 4011 propria
3096 3954 3166 3996 ac
3195 3939 3363 4009 regia
3391 3941 3589 4009 gravi-

1930 4037 2071 4102 tate,
2105 4030 2351 4102 lugebat
2380 4045 2520 4085 cum
2556 4028 2807 4101 populo,
2835 4045 2993 4085 unus
3018 4044 3050 4085 e
3075 4028 3279 4085 multis
3309 4029 3502 4086 factus
3531 4033 3589 4086 et

1931 4121 2223 4196 plebeius,
2254 4119 2420 4191 quod
2451 4134 2840 4175 communem
2866 4118 3158 4175 Dominus
3201 4119 3474 4175 omnium
3506 4119 3588 4176 vi-

1932 4212 2099 4267 deret
2126 4210 2363 4266 iratum.
2389 4210 2525 4265 Htec
2545 4212 2632 4264 est
2651 4223 2964 4264 servorum
2986 4223 3168 4264 sensu
3195 4209 3587 4280 praeditorum

1930 4298 2285 4374 prudentia:
2322 4297 2455 4355 talis
2483 4297 2803 4354 hominum
2850 4298 3112 4370 peccatis
3134 4297 3584 4369 .implicitorum

1931 4386 2300 4461 paenitentia,
2332 4389 2399 4441 ut
2425 4385 2657 4442 tristitia
2685 4389 3013 4458 occuparet
3040 4388 3272 4443 aetatem
3316 4402 3586 4455 omnem,

1934 4475 2459 4549 tum‘sentientem,
2476 4478 2603 4531 tum
2624 4490 2751 4531 non
2771 4475 3146 4543 sentientem,
3164 4474 3330 4531 illam
3350 4479 3584 4547 sponte,

1935 4567 2095 4624 hanc
2123 4568 2332 4639 printer
2376 4563 2770 4622 voluntatem.
2805 4567 3124 4637 Propterea
3165 4580 3306 4621 cum
3342 4564 3591 4622 vidisset

1935 4658 2090 4714 Deus
2131 4654 2300 4728 ipsos
2330 4654 2416 4710 sic
2444 4653 2814 4721 humiliatos,
2845 4657 2910 4710 ut
2947 4652 3427 4711 condemnarent
3453 4668 3591 4710 sese

1936 4744 2017 4802 ad
2046 4744 2435 4815 gravissimas
2464 4742 2721 4800 mulctas
2768 4743 2968 4799 omnis
2996 4743 3250 4816 generis,
3278 4747 3335 4801 et
3363 4742 3590 4801 doloris

1936 4850 2146 4891 eorum
2176 4832 2456 4889 misertus
2477 4836 2583 4899 est,
2604 4836 2661 4889 et
2679 4847 2925 4905 poenam
2947 4832 3193 4904 remisit,
3213 4838 3270 4890 et
3295 4831 3591 4903 gaudium

1935 4924 2007 4982 iis
2036 4925 2141 4998 qui
2168 4939 2318 4980 sano
2344 4922 2593 4980 consilio
2621 4922 2918 4986 luxerant,
2940 4921 3190 4993 largitus
3213 4928 3322 4983 est.
3351 4925 3425 4995 (7)
3456 4927 3593 4981 Pro-

1936 5015 2136 5089 prium
2157 5018 2245 5070 est
2262 5014 2423 5069 enim
2446 5015 2549 5069 Dei
2567 5013 2629 5069 in
2648 5013 2926 5069 homines
2952 5015 3175 5070 amoris
3197 5029 3593 5088 nequaquam

1938 5105 2172 5161 silentio
2200 5119 2415 5178 poenas
2444 5104 2743 5173 irrogare:
2771 5102 2877 5158 sed
2902 5119 3005 5160 eas
3033 5105 3457 5177 praenuntiam,
3485 5120 3595 5178 per

1937 5193 2136 5250 minas
2151 5195 2497 5266 peceatores
2511 5191 2905 5265 provocando
2920 5192 2998 5249 ad
3010 5193 3425 5265 paenitentiam
3442 5212 3454 5248 :
3470 5206 3596 5265 qua

1978 5319 2211 5403 ,(4)ᾼῷ
2239 5316 2407 5373 hom.
2447 5316 2616 5384 Quod
2640 5316 2967 5374 mundanis
3004 5318 3434 5377 adhwrendum
3470 5332 3593 5374 non

1934 5392 2031 5453 sit,
2068 5392 2189 5446 168.

2011 5462 2085 5535 (ὅ)
2122 5464 2205 5516 Ex
2229 5460 2403 5535 epist.
2439 5474 2580 5535 cm,
2610 5462 2737 5516 245.

2012 5532 2090 5604 (6)
2131 5535 2212 5588 Ex
2238 5532 2406 5589 hom.
2439 5532 2500 5588 in
2528 5534 2772 5602 famem,
2803 5535 2936 5601 etc.,
2969 5535 3059 5589 65.

2008 5607 2086 5677 (7)
2128 5607 2212 5661 Ex
2239 5608 2564 5661 comment.
2591 5605 2656 5661 in
2686 5604 2830 5675 Isa.,
2862 5607 2987 5660 480.
