4084 6404
304 317 445 371 1237

1477 314 1714 373 SERMO
1756 318 1846 373 IX.
1878 346 1948 358 -
1975 316 2068 373 DE
2107 312 2487 372 ORATIONE.

3532 307 3670 364 1238

301 440 527 507 αἰώνιον,
558 444 650 492 καὶ
694 438 928 513 ἀπολαϐη
987 441 1200 501 ἕκαστος
1247 442 1382 493 κατὰ
1425 446 1519 500 τὴν
1576 442 1762 514 πρᾶξιν
1800 442 1888 495 αῦ-

2011 439 2351 497 secundum
2372 453 2482 494 sua
2500 435 2692 509 ipsius
2715 449 2903 508 opera
2927 432 3275 507 recipiet.(3)
3298 430 3485 488 Vobis
3504 447 3667 502 vero,

299 536 415 584 τοῦ.
468 528 612 601 Ὑμῖν
669 525 748 595 δὲ,
803 530 920 582 ὅσοι
964 528 1384 602 ἐπεστυγνασατε
1417 538 1479 603 τῇ
1541 529 1895 605 ἀσχημοσύνῃ

297 626 400 672 τῶν
446 620 934 690 καταγνωσθέντων,
995 617 1154 672 ἐκεῖνο
1210 618 1539 693 ὼτελλόμεθα
1590 623 1670 692 (1)
1700 643 1712 655 ·
1785 622 1899 675 Ἐὰν

298 710 388 780 μὲν
418 704 571 766 ῖὸητε
606 714 977 781 μετανοοῦντας
1028 707 1113 761 ἐπὶ
1156 716 1218 781 τῇ
1273 708 1465 783 ἀτοπία
1515 718 1615 762 τῶν
1671 731 1901 787 πεπραγ-

295 801 477 868 μένων,
530 797 907 868 συμπαθήσατε
961 799 1031 858 ὡς
1103 796 1312 859 οἰκείοις
1376 798 1553 871 μέλεσι
1616 805 1898 859 νενοσηκό-

297 905 413 937 σινο
454 884 541 938 ἐὰν
600 881 659 938 δὲ
716 883 1274 960 ἀπαυθαδιαζομένους
1317 893 1406 941 καὶ
1453 897 1896 962 καταφρονοῦντας

294 983 390 1037 τῆς
441 976 691 1049 ὑμετέρας
749 974 829 1028 ἐπ’
886 976 1058 1037 αὐτοῖς
1108 976 1278 1039 λύπης
1319 979 1598 1046 αἴσθησθε,
1641 978 1895 1043 Ἐξέλθετε

292 1064 350 1117 ἐκ
412 1068 575 1135 μέσου
637 1064 806 1116 αὐτῶν
862 1070 953 1118 καὶ
1026 1065 1365 1141 ἀφορίσθητε,
1431 1073 1523 1120 καὶ
1596 1066 1894 1144 ἀκαθάρτου

291 1156 365 1226 μή
398 1154 670 1211 ᾶπτησθε·
733 1154 797 1205 ἶν’
854 1155 1018 1216 οὕτως
1069 1157 1119 1207 οἱ
1155 1158 1245 1227 μὲν
1293 1155 1640 1230 ἐντραπέντες,
1687 1159 1759 1219 εἰς
1787 1158 1897 1212 ἐπί-

291 1263 484 1314 γνωσιν
512 1242 701 1295 ἔλθωσι
752 1251 847 1304 τῆς
902 1244 1091 1305 οἰκείας
1119 1249 1307 1306 κακίας
1331 1262 1342 1273 ·
1399 1248 1544 1319 ὑμεῖς
1576 1244 1636 1300 δὲ
1659 1256 1751 1300 τοῦ
1791 1249 1894 1310 ζή-

292 1332 382 1384 λου
426 1340 517 1383 τοῦ
567 1335 733 1394 Φινεὲς
761 1336 849 1385 τὸν
879 1335 1070 1405 μισθὸν
1108 1331 1436 1398 ύποδέξησθε
1471 1340 1618 1411 παρά
1652 1346 1745 1390 τοῦ
1783 1345 1893 1390 Σω-

291 1429 447 1495 τῆρος
475 1423 621 1493 ἡμῶν
655 1421 830 1479 Ἰησοῦ
860 1430 1117 1498 Χριστοῦ,
1228 1426 1257 1482 ἡ
1308 1421 1445 1488 δόζα
1479 1430 1565 1478 καὶ
1592 1430 1652 1478 τὸ
1680 1429 1891 1502 κράτος,

291 1517 381 1562 νῦν
421 1514 509 1563 καὶ
549 1509 650 1583 ἀεὶ,
690 1517 782 1565 καὶ
824 1511 898 1573 εἰς
941 1516 1063 1575 τοὺς
1109 1513 1300 1575 αἰῶνας
1323 1522 1423 1566 τῶν
1449 1514 1666 1568 αἰώνων.
1711 1517 1892 1591 Ἀμήν.

787 1689 940 1738 ΠΕΡΙ
980 1690 1391 1741 ΠΡΟΣΕΥΧΗΣ.

919 1815 1139 1863 ΛΟΓΟΣ
1180 1809 1261 1869 θ’.

354 1934 409 1989 1.
450 1938 564 2007 Χρὴ
620 1939 713 1992 τὴν
764 1940 1073 2009 προσευχὴν
1137 1940 1209 2008 μὴ
1288 1934 1337 1988 ἐν
1404 1936 1688 2000 συλλαϐαῖς
1749 1941 1892 2012 ἡμᾶς

285 2018 595 2093 ἐκπληροῦν,
626 2019 860 2096 ἀδελφοὶ,
920 2023 1048 2076 ἀλλά
1093 2030 1397 2099 προαιρέσει
1446 2026 1636 2100 μᾶλλον
1677 2028 1885 2102 ψυχῆς,

285 2113 377 2161 καὶ
416 2110 640 2184 πράξεσι
701 2119 813 2174 ταῖς
878 2115 993 2166 κατ’
1049 2114 1237 2188 ἀρετὴν
1292 2120 1449 2170 παντὶ
1486 2126 1559 2189 τῷ
1615 2116 1720 2191 βίῳ
1757 2140 1892 2195 παρ·⁸

286 2206 674 2273 εκτεινομέναις.
724 2200 866 2256 Οῦὸὲ
901 2206 1003 2279 γὰρ
1042 2206 1312 2278 ἡγούμεθα
1361 2209 1448 2258 τὸν
1489 2211 1618 2260 Θεὸν
1653 2216 1745 2269 τῆς
1796 2206 1892 2263 διὰ

284 2295 384 2339 τῶν
413 2288 574 2361 λόγων
628 2293 962 2364 ὑπομνήσεως
1010 2289 1241 2363 δεῖσθαι,
1286 2294 1394 2347 ἀλλ’
1442 2293 1635 2350 εἰδέναι
1685 2304 1775 2350 καὶ
1812 2304 1886 2372 μὴ

286 2376 566 2430 αἰτούντων
618 2382 764 2452 ἡμῶν
808 2383 872 2433 τά
915 2388 1189 2455 χρήσιμα.
1246 2382 1306 2436 Ἡ
1356 2386 1455 2459 γὰρ
1507 2387 1620 2437 θεία
1658 2384 1786 2446 ἀκοη
1830 2388 1889 2440 οῦ

286 2475 452 2538 φωνῆς
484 2465 655 2522 δεῖται
677 2474 809 2545 πρὸς
838 2473 1089 2531 αἴσθησιν
1114 2491 1127 2502 ·
1174 2469 1288 2525 οἶδε
1316 2477 1417 2548 γὰρ
1439 2480 1528 2527 καὶ
1558 2474 1606 2528 ἐν
1636 2485 1709 2528 τῶ
1748 2483 1891 2537 κινή-

284 2577 414 2628 ματι
478 2567 569 2619 τῆς
633 2557 861 2634 καρδίας
917 2568 1175 2636 γνωρίσαι
1238 2566 1306 2615 τά
1360 2562 1766 2638 ἐπιζητούμενα.
1818 2565 1889 2620 ’Ἦ

285 2646 381 2698 οὐκ
436 2645 660 2715 ἀκούεις,
718 2650 800 2700 ὅτι
856 2657 1084 2711 Μωῦσῆς
1138 2649 1305 2722 μηδὲν
1358 2654 1719 2727 φθεγγόμενος,
1761 2655 1889 2709 ἀλλά

284 2742 395 2795 τοῖς
461 2734 737 2798 ἀλαλήτοις
794 2737 978 2790 ἑαυτοῦ
1047 2747 1355 2812 στεναγμοῖς
1417 2739 1750 2814 ἐντυγχάνων
1816 2753 1889 2815 τῷ

288 2829 485 2897 Κυρίῳ,
515 2827 726 2883 ἠκούετο
766 2830 911 2900 παρά
960 2835 1053 2879 τοῦ
1108 2833 1304 2904 Κυρίου
1358 2829 1589 2902 λέγοντος
1614 2847 1626 2859 ⁸
1668 2838 1731 2885 Τί
1763 2832 1891 2906 βοᾷς

282 2916 414 2985 πρὸς
433 2918 526 2986 μέ;
560 2914 625 2965 Οἱ
649 2910 708 2967 δὲ
736 2914 784 2967 ἐν
816 2924 886 2987 τῷ
918 2914 1022 2988 βίῳ
1050 2919 1141 2989 μὲν
1161 2914 1328 2990 μηδὲν
1349 2922 1737 2995 κατορθοῦντες,
1760 2922 1808 2975 ἐν
1832 2919 1891 2978 δὲ

283 3009 346 3074 τῇ
379 3005 672 3078 παρατάσει
708 3012 769 3077 τῇ
782 3025 802 3066 ς
846 3014 1155 3081 προσευχῆς
1193 3008 1492 3080 νομίζοντες
1521 3006 1886 3080 δικαιοῦσθαι,

280 3095 474 3144 τούτων
523 3091 852 3147 ἀκουέτωσαν
910 3104 1009 3147 τῶν
1085 3098 1368 3171 ῥημάτων
1423 3097 1584 3151 Ὀταν
1627 3103 1721 3164 τὰς
1763 3109 1884 3174 χεῖ-

280 3201 377 3255 ρας
451 3184 593 3255 ὑμῶν
665 3181 922 3243 ἐκτείνητε
1002 3190 1131 3260 πρὸς
1193 3191 1299 3259 με,
1376 3186 1694 3264 ἀποστρέψω
1768 3196 1886 3253 τούς

282 3270 574 3344 ὀφθαλμούς
634 3292 733 3339 μου
788 3273 872 3345 ἀφ’
937 3275 1114 3348 ὑμῶν·
1173 3282 1264 3329 καὶ
1324 3276 1409 3331 ἐὰν
1460 3278 1753 3339 πληθύνητε
1792 3286 1885 3340 τὴν

284 3357 487 3432 δέησιν,
554 3362 648 3414 οῦκ
704 3364 1081 3438 εἰσακούσομαε
1172 3368 1336 3438 ὑμῶν,
1404 3368 1479 3420 Οῦ
1536 3372 1637 3444 γάρ
1715 3370 1885 3433 ἁπλῶς

281 3453 349 3501 τά
409 3451 625 3524 ῥήματα
687 3460 783 3516 τῆς
844 3462 1151 3525 προσευχῆς
1221 3455 1420 3528 ὠφελεῖ,
1472 3456 1602 3509 ἀλλά
1656 3462 1715 3511 τὸ
1753 3463 1887 3533 μετά

283 3537 577 3600 σπουδαίας
643 3537 927 3604 διαθέσεως
986 3541 1400 3617 ἀναπέμπεσθαι.
1483 3546 1623 3600 Ἐπεὶ
1678 3552 1769 3602 καὶ
1826 3550 1885 3603 Ὀ

282 3636 563 3702 Φαρισαῖος
624 3638 790 3684 ταῦτα
862 3635 995 3705 πρὸς
1077 3632 1257 3687 ἑαυτὸν
1320 3639 1681 3709 προσηύχετο,
1756 3639 1886 3712 ούχὶ

280 3722 413 3793 πρὸς
476 3722 564 3771 τὸν
613 3723 776 3772 Θεὸνο
838 3719 1165 3795 ἐπανήρχετο
1202 3726 1301 3797 γὰρ
1341 3729 1468 3798 πρὸς
1508 3726 1712 3798 ἑαυτὸν,
1753 3726 1886 3781 ἐπεί·

281 3825 375 3880 περ
424 3805 473 3859 ἐν
527 3807 762 3883 ἁμαρτία
798 3818 893 3873 τῆς
940 3812 1294 3886 ὑπερηφανίας
1335 3812 1548 3886 ἐγένετο.
1599 3820 1695 3869 Διά
1730 3825 1884 3871 τοῦτο

282 3896 372 3948 καὶ
410 3898 435 3948 ὁ
488 3903 698 3972 Σωτήρ·
759 3906 1184 3973 Προσευχόμενοι
1240 3899 1300 3956 δὲ
1363 3909 1435 3976 μὴ
1498 3903 1881 3978 βαττολογεῖτε,

281 3989 350 4048 ὼς
388 3991 478 4038 καὶ
516 3989 564 4039 οἱ
602 3986 831 4040 ἐθνικοί·
901 3984 1124 4042 δοκοῦσι
1177 3994 1303 4065 γὰρ,
1361 3994 1438 4044 ὅτι
1476 3994 1527 4045 ἐν
1567 4003 1628 4067 τῇ
1670 3994 1886 4048 πολυλοο

278 4081 373 4148 γίᾳ
437 4077 605 4129 αὐτῶν
673 4078 1217 4137 εἰσακουσθήσονται·
1277 4086 1367 4134 καὶ
1432 4087 1513 4152 τὸ,
1578 4082 1665 4137 Ἐκ
1730 4086 1885 4137 πολυ-

278 4165 461 4237 λογίας
498 4166 590 4219 ούκ
651 4166 864 4241 ἐκφεύξῃ
927 4167 1201 4243 ἁμαρτίαν.
1272 4175 1436 4223 Τοῦτό
1498 4171 1608 4225 ἐστι
1674 4178 1733 4227 τὸ
1796 4177 1883 4227 αἵ-

280 4275 388 4307 τιον
410 4264 508 4327 ,τοῦ
540 4255 959 4332 ἀποστρέφεσθαι
1104 4263 1221 4321 τούς
1258 4259 1556 4334 ὀφθαλμούς
1594 4270 1685 4315 τοῦ
1725 4272 1880 4332 Θεοῦ,

279 4347 402 4398 ὅταν
462 4345 748 4399 ἐκταθῶσιν
814 4350 869 4400 αἱ
929 4358 1122 4422 χεῖρες,
1166 4346 1307 4403 διότι
1362 4354 1429 4404 τὰ
1478 4362 1577 4416 τῆς
1624 4355 1885 4432 ἱκετηρίας

283 4432 519 4505 σύμϐολα
574 4436 919 4509 παροξυσμοῦ
982 4438 1110 4491 εἰσιν
1178 4438 1428 4513 ἀφορμαί.
1486 4440 1685 4519 Ὠσπερ
1741 4444 1801 4497 ἄν
1839 4448 1885 4497 εἰ

2009 533 2308 603 quotquot
2347 527 2424 582 de
2452 525 2758 582 actionum
2789 522 3274 596 improbatarum
3300 520 3669 593 turpitudine

2008 617 2306 683 doluistis,
2332 614 2482 673 illud
2510 613 2921 687 praecipimus.
2947 611 3007 668 Si
3034 610 3299 666 videritis
3339 626 3495 683 quos
3524 610 3668 666 stul-

2008 708 2149 765 titiae
2182 710 2487 776 gestorum
2522 719 2775 759 suorum
2798 701 3106 775 poeniteat,
3138 715 3352 756 eorum
3385 700 3668 755 miserea-

2007 796 2158 854 mini
2203 801 2499 868 tanquam
2541 797 2876 850 vestrorum
2914 790 3334 847 membrorum
3363 791 3666 858 aegrotan-

2004 887 2190 951 tium;
2236 885 2329 940 sin
2358 882 2705 956 pervicaces
2734 896 2806 937 ac
2830 884 3096 936 vestram
3124 893 3236 950 pro
3265 877 3412 950 ipsis
3443 876 3667 934 moesti-

2004 977 2151 1033 tiam
2177 977 2521 1048 spernentes
2551 970 2880 1033 senseritis,
2905 970 3087 1027 Exite
3115 969 3190 1025 de
3214 968 3426 1034 medio,
3476 972 3533 1024 et
3576 982 3666 1024 se-

1996 1066 2324 1139 paremim’,
2366 1070 2421 1122 et
2449 1062 2828 1121 immundum
2861 1076 2936 1117 ne
2967 1059 3234 1131 tangatis
3253 1058 3302 1092 ⁵ο
3331 1075 3345 1113 :
3378 1060 3444 1113 ut
3472 1055 3560 1113 sic
3582 1056 3667 1113 illi

2003 1157 2252 1231 quidem
2280 1154 2509 1228 pudore
2544 1152 2764 1223 aifecti,
2797 1166 2975 1207 suam
3006 1149 3278 1222 ipsorum
3304 1146 3666 1220 pravitatem

2004 1249 2374 1317 cognoscant
2400 1261 2414 1298 :
2453 1242 2626 1316 523
2655 1256 2763 1296 vos
2787 1254 2928 1296 vero
2958 1237 3303 1295 mercedem
3337 1234 3669 1293 aemulatio-

2002 1335 2098 1392 nis
2146 1334 2402 1390 Phinees
2422 1332 2468 1368 5‘
2520 1328 2823 1402 recipiatis
2862 1343 2902 1385 a
2947 1329 3262 1385 Servatore
3288 1329 3497 1383 nostro
3524 1326 3668 1383 Iesu

2004 1424 2260 1495 Christo,
2288 1421 2386 1478 cui
2406 1419 2617 1492 gloria,
2650 1422 2710 1474 et
2728 1420 3018 1491 potestas,
3049 1431 3214 1474 nunc
3241 1418 3301 1475 et
3326 1429 3590 1490 semper,
3609 1417 3669 1472 et

2001 1514 2065 1572 in
2095 1511 2317 1569 saecula
2339 1508 2720 1568 saeculorum.
2749 1510 2962 1565 Amen.

2499 1680 2622 1737 DE
2658 1679 2827 1736 ORA
2851 1676 3167 1737 TIONE.

2661 1807 2892 1864 SERMO
2933 1806 3005 1863 IX

2073 1941 2121 1993 1.
2166 1934 2241 2008 (4)
2283 1934 2627 1992 Orationem
2670 1948 2799 1990 non
2846 1932 3227 2007 syllabarum
3254 1929 3524 1988 numeris
3552 1929 3668 1988 ab-

1998 2025 2230 2082 solvere
2277 2040 2390 2081 nos
2430 2025 2684 2096 oportet,
2734 2038 2771 2079 o
2812 2022 3064 2093 fratres;
3105 2021 3216 2078 sed
3240 2020 3431 2077 animi
3459 2019 3669 2078 volun-

1996 2118 2139 2184 tate,
2162 2113 2459 2186 rectisque
2485 2128 2593 2185 per
2622 2114 2812 2168 totam
2840 2111 3031 2169 vitam
3068 2110 3432 2169 actionibus.
3462 2111 3669 2185 Neque

1998 2206 2160 2261 enim
2192 2208 2382 2261 Deum
2407 2202 2777 2260 arbitramur
2803 2205 2869 2258 ut
2908 2201 3110 2258 verbis
3136 2204 3476 2268 moneatur,
3508 2199 3668 2257 indi-

1999 2310 2137 2366 gere
2162 2313 2177 2363 ;
2207 2292 2314 2350 sed
2339 2309 2543 2362 nosse,
2566 2306 2642 2348 ne
2669 2291 3013 2365 petentibus
3032 2290 3284 2364 quidem
3307 2288 3507 2362 nobis,
3527 2303 3669 2362 qua

1999 2382 2411 2442 conducibilia
2439 2382 2577 2438 sint.
2609 2380 2688 2453 (ὅ)
2724 2380 2940 2453 Utique
2971 2380 3217 2437 auditus
3249 2378 3487 2435 divinus
3515 2390 3666 2436 voce

1998 2491 2123 2533 non
2140 2474 2369 2544 indiget
2391 2472 2471 2529 ad
2483 2469 3272 2545 percipiendum,siquidem
3285 2469 3473 2544 petita
3485 2470 3669 2529 etiam

1998 2566 2062 2623 in
2093 2563 2290 2620 cordis
2312 2566 2485 2619 motu
2513 2577 2879 2633 cognoscere
2904 2560 3083 2618 valet.
3118 2562 3329 2617 Nonne
3363 2558 3479 2615 scis
3506 2561 3668 2633 Moy-

1999 2670 2127 2724 sen,
2169 2669 2309 2708 cum
2348 2650 2497 2708 nihil
2532 2649 2901 2723 loqueretur,
2946 2649 3054 2706 sed
3078 2649 3271 2706 tacitis
3319 2648 3443 2705 suis
3469 2648 3666 2723 suspi-

1997 2744 2102 2800 riis
2142 2741 2471 2797 Dominum
2509 2739 2936 2811 interpellaret,
2980 2755 3018 2796 a
3072 2739 3330 2796 Domino
3365 2737 3662 2807 auditum,

1998 2832 2232 2889 dicente
2265 2848 2278 2885 :
2315 2828 2472 2899 Quid
2499 2830 2729 2886 clamas
2753 2830 2836 2886 ad
2863 2829 3058 2886 me"?
3102 2827 3180 2901 (6)
3221 2827 3336 2894 Qui
3355 2826 3523 2885 nulla
3546 2826 3667 2884 vir-

1997 2926 2121 2978 tute
2141 2921 2327 2977 vitam
2350 2935 2527 2976 suam
2549 2919 2865 2986 exornant,
2886 2917 3282 2974 nihilominus
3303 2920 3507 2974 tamen
3528 2931 3663 2973 sese

1998 3011 2347 3069 existimant
2357 3009 2418 3065 in
2428 3022 2678 3082 precum
2692 3023 2942 3064 suarum
2962 3006 3338 3078 longitudine
3343 3004 3663 3078 justiﬁcari

1994 3101 2181 3157 verba
2224 3100 2357 3156 haec
2413 3097 2663 3155 audiant
2711 3113 2726 3154 :
2781 3098 2933 3155 Cum
2981 3097 3369 3154 extenderitis
3418 3109 3657 3165 manus,

1996 3196 2267 3248 avertam
2313 3189 2517 3245 oculos
2555 3202 2712 3244 meos
2735 3186 2985 3244 avobis:
3010 3187 3123 3243 etsi
3162 3186 3659 3257 multiplicaveri-

1997 3282 2072 3337 tis
2087 3279 2735 3352 supplicationem,non
2751 3276 3072 3333 exaudiam
3086 3291 3187 3332 vos
3202 3275 3481 3348 “Neque
3494 3274 3659 3331 enim

1994 3385 2243 3444 precum
2259 3367 2447 3425 verba
2468 3366 2821 3439 simpliciter
2835 3363 3071 3438 prolata
3084 3362 3432 3436 juvant,sed
3448 3362 3497 3418 si
3516 3379 3658 3420 cum

1994 3457 2337 3516 vehementi
2356 3454 2576 3513 affectu
2601 3454 3221 3528 depromantur.Nam
3241 3456 3298 3509 et
3311 3452 3657 3510 Pharisaeus

1997 3549 2121 3606 haec
2146 3547 2314 3618 apud
2341 3562 2402 3603 se
2430 3546 2729 3615 orabat“,
2754 3560 2880 3601 non
2923 3543 3090 3617 apud
3126 3546 3351 3599 Deum:
3379 3541 3660 3616 respicie-

1993 3636 2099 3695 bat
2127 3651 2397 3709 namque
2441 3634 2522 3692 ad
2570 3634 2879 3707 seipsum;
2914 3631 3216 3707 siquidem
3258 3631 3322 3687 in
3358 3629 3657 3703 superbiae

1993 3731 2242 3800 peccato
2269 3724 2650 3783 versabatur.
2703 3725 3080 3796 Quapropter
3123 3724 3182 3778 et
3232 3720 3505 3778 Salvator
3526 3719 3655 3776 ait:

1996 3817 2250 3873 Orantes
2270 3821 2470 3872 autem
2504 3815 2693 3870 nolite
2715 3813 2974 3868 multum
3026 3811 3191 3882 loqui
3210 3810 3366 3866 sicut
3390 3808 3648 3866 ethnici:

1988 3911 2212 3977 putant
2227 3906 2383 3961 enim
2397 3905 2557 3975 quod
2566 3904 2630 3959 in
2645 3903 2822 3958 multi
2827 3901 3022 3974 loquio
3033 3915 3139 3957 suo
3150 3898 3620 3958 examiiantur“3
3634 3917 3654 3967 ;

1994 4001 2053 4053 et
2074 3994 2222 4052 illud
2252 4012 2264 4049 :
2305 3994 2407 4051 Ea:
2428 3992 2812 4063 multiloquio
2841 4008 2965 4047 non
2986 3991 3236 4061 effugies
3254 3988 3651 4061 peccatum“.

1994 4088 2117 4143 Hoc
2145 4088 2237 4141 est
2265 4099 2485 4153 causae,
2513 4098 2620 4139 cur
2658 4080 2816 4137 Deus
2858 4079 3066 4137 oculos
3106 4082 3355 4147 avertat,
3387 4094 3528 4134 cum
3552 4094 3655 4134 ex-

1994 4174 2292 4233 tenderint
2316 4188 2555 4246 manus,
2573 4170 2741 4245 quod
2762 4171 2899 4244 ipsa
2933 4167 3387 4243 supplicationis
3408 4166 3657 4242 symbo-

1993 4267 2054 4323 la
2083 4266 2160 4323 ad
2194 4264 2556 4322 irritandum
2585 4262 2755 4319 illum
2794 4262 2915 4319 sint
2952 4261 3326 4319 occasiones.
3358 4259 3659 4326 Quemad-

1995 4357 2252 4414 modum
2285 4354 2334 4411 si
2361 4354 2498 4427 quis
2538 4352 2824 4410 dilectum
2853 4351 3097 4408 alterius
3127 4349 3321 4406 ﬁlium
3349 4347 3654 4414 occiderit,

1996 4462 2067 4503 ac
2098 4460 2320 4502 manus
2352 4459 2498 4500 suas
2530 4442 2730 4499 adhuc
2752 4444 3094 4499 cruentatas
3118 4438 3198 4497 ad
3216 4438 3518 4495 infensum
3540 4435 3657 4495 sibi

280 4542 363 4583 τις
416 4524 526 4573 υὶόν
583 4543 723 4585 τινος
787 4527 1033 4596 φονεύσας
1082 4525 1372 4601 ἀγαπητὸν,
1437 4534 1513 4582 ἔτι
1577 4534 1882 4605 ᾑμαγμένας

1999 4539 2227 4608 patrem
2273 4532 2636 4607 exporrigat,
2667 4531 3100 4603 dexteramque
3136 4527 3418 4598 eﬂlagitet
3446 4525 3654 4583 amici-

281 4614 370 4671 τάς
407 4618 593 4686 χεῖρας
633 4616 788 4685 ἕχῶν,
844 4620 1099 4687 προτείνω
1165 4617 1328 4679 αῦτάς
1381 4628 1452 4689 τῷ
1517 4627 1678 4695 πατρὶ
1715 4623 1883 4695 χαλε-

279 4699 537 4768 παίνοντι,
604 4699 780 4766 δεξιὰν
846 4703 1018 4775 φιλίας
1072 4705 1406 4779 αἰτούμενος·
1448 4702 1529 4783 ἆρ’
1569 4710 1697 4782 οὐχὶ
1735 4715 1884 4785 φανὲν

278 4799 371 4844 τοῦ
402 4796 579 4844 τέκνου
610 4796 667 4844 τὸ
698 4793 831 4865 αἷμα
878 4791 925 4844 ἐν
972 4802 1031 4864 τῇ
1076 4801 1224 4869 χειρὶ
1266 4804 1357 4848 τοῦ
1384 4795 1708 4872 παιδοφόνον
1747 4801 1884 4874 μᾶλ-

276 4881 363 4934 λον
412 4881 484 4943 εἰς
535 4880 694 4955 ὀργὴν
736 4886 824 4934 τὸν
869 4880 1186 4957 ἠδικημένον
1219 4884 1442 4958 ἐγείροι;
1483 4894 1736 4942 Τοιαῦταί
1782 4892 1885 4943 εἱσι

278 4977 365 5024 καὶ
399 4974 577 5024 αἰτῶν
606 4969 875 5025 Ἰουδαίων
916 4974 1095 5046 εὐχαὶ,
1149 4977 1270 5027 ὅταν
1318 4976 1586 5031 ἐκτείνωσι
1638 4982 1729 5042 τὰς
1766 4988 1882 5053 χεῖ-

274 5082 373 5135 ρας
411 5070 506 5123 τῆς
545 5062 612 5123 εἰς
649 5066 736 5115 τὸν
790 5072 1034 5135 μονογενῆ
1092 5067 1210 5118 Υὶὸν
1272 5065 1531 5140 ἀμαρτίας
1595 5067 1883 5143 ἀναμιμνη-

279 5157 506 5206 σκόντων
548 5157 636 5205 τὸν
693 5156 823 5206 Θεὸν
887 5157 976 5205 καὶ
1044 5157 1269 5228 Πατέρα,
1336 5161 1427 5209 καὶ
1482 5158 1601 5210 καθ’
1656 5158 1883 5218 ἑκάστην

1994 4625 2091 4681 tiae
2114 4644 2127 4692 ;
2158 4639 2362 4681 nonne
2381 4622 2629 4694 sanguis
2648 4621 2753 4677 ﬁlii
2773 4622 2834 4677 in
2850 4619 3038 4693 ipsius
3052 4616 3443 4675 interfectoris
3464 4630 3655 4673 manu

1994 4729 2298 4787 apparens
2329 4717 2561 4786 patrem
2592 4711 2814 4783 injuria
2843 4707 3129 4765 affectum
3162 4706 3363 4764 acrius
3398 4721 3654 4779 exaspe-

1992 4804 2125 4860 rat?
2155 4801 2466 4874 Ejusmodi
2499 4805 2641 4856 sunt
2677 4799 3024 4856 Iudaeorum
3054 4812 3302 4870 preces;
3351 4794 3655 4869 siquidem

1995 4905 2135 4948 cum
2161 4892 2491 4949 extendunt
2520 4905 2759 4956 manus,
2792 4887 3138 4945 admissum
3170 4886 3233 4942 in
3269 4885 3654 4958 unigenitum

1991 4981 2208 5037 Filium
2240 4981 2433 5038 scelus
2456 4983 2577 5036 Deo
2609 4983 2666 5035 et
2693 4978 2847 5035 Patri
2870 4980 3152 5034 revocant
3178 4975 3241 5032 in
3269 4975 3653 5047 memoriam,

1993 5078 2175 5145 atque
2195 5088 2304 5146 per
2337 5070 2607 5143 singulas
2637 5068 3022 5126 extensiones
3056 5084 3200 5125 suas
3223 5067 3497 5142 ipsorum
3522 5083 3655 5125 ma-

1990 5178 2107 5219 nus
2136 5161 2429 5233 sanguine
2461 5159 2675 5217 Christi
2704 5158 2921 5232 plenas
2948 5157 3293 5215 ostendunt.
3333 5157 3653 5214 Enimvero

350 5270 398 5347 5_°
428 5272 474 5325 ΙΙ
502 5272 633 5327 Cor.
660 5286 738 5347 vi,
770 5269 856 5324 17.
925 5269 970 5304 σί
1003 5272 1179 5327 Num.
1208 5288 1346 5340 xxv,
1378 5274 1464 5329 11.
1533 5276 1583 5310 ⁵⁸
1612 5275 1797 5332 Exod.
1820 5293 1888 5334 xr

2008 5283 2057 5334 5.
2128 5279 2177 5314 ⁵³
2210 5282 2324 5336 lsa.
2356 5295 2395 5347 ι,
2428 5281 2512 5333 15.
2583 5278 2631 5312 ⁵⁵
2661 5278 2800 5333 Luc.
2832 5290 3001 5346 xvm,
3031 5280 3117 5333 ll.
3175 5276 3227 5313 ⁸⁵
3254 5274 3456 5334 Matth.
3483 5291 3560 5346 vi,
3591 5273 3649 5333 7.

278 5343 329 5376 ⁵⁸
357 5345 526 5398 Prov.
558 5358 620 5410 x,
650 5342 734 5397 19.

352 5440 429 5518 ζ
470 5440 846 5518 Ἐντελλόμεθα.
880 5442 1202 5518 contextus
1230 5438 1660 5518 διαστελλόμεθα.

353 5509 431 5590 (2')
469 5519 571 5590 Τοῦ
597 5509 1037 5590 ἀποστρέφεσθαι.
1078 5513 1234 5570 Male
1264 5516 1325 5571 in
1355 5509 1637 5574 contextu
1664 5522 1723 5571 τὸ
1753 5516 1881 5572 ἀπο-

288 5585 617 5653 στρέφεσθαι.

358 5655 436 5723 (3)
476 5654 559 5709 Ex
580 5654 748 5713 hom.
779 5658 844 5714 in
873 5659 1148 5727 ebriosos,
1185 5659 1307 5715 130.

2069 5447 2149 5519 (4)
2190 5450 2270 5503 Ex
2295 5446 2462 5503 hom.
2490 5449 2554 5503 in
2577 5452 2759 5504 mart.
2786 5447 3094 5518 Julittam,
3117 5450 3205 5503 35.

2070 5521 2146 5591 (5)
2186 5522 2269 5574 Ex
2295 5520 2462 5576 hom.
2489 5520 2553 5576 in
2578 5519 2736 5589 psal.
2766 5534 2921 5583 cxrv,
2953 5522 3080 5591 290.

2068 5590 2148 5663 (6)
2188 5594 2271 5647 Ex
2301 5596 2628 5649 comment.
2649 5591 2715 5647 in
2742 5591 2881 5661 Isa.,
2901 5590 3031 5647 408.
