4084 6388
551 298 691 353 1239

1537 285 1900 343 ΛΡΡΕΝΠΙΧ.
1936 313 2000 323 -
2030 280 2377 338 SYMEONIS
2417 278 2942 336 METAPHRASTA'I

3755 292 3863 348 1'240

551 417 655 491 qui
703 418 763 473 in
813 433 920 472 sua
972 416 1235 472 cmcitatc
1283 418 1686 488 perseverant,
1730 410 1909 466 caedis
1937 411 2195 481 paterna!

2315 407 2524 457 ἔκτασιν
2551 407 2643 467 τὰς
2701 412 2887 479 χεῖρας
2942 405 3130 460 ἑαυτῶν
3173 416 3264 461 τοῦ
3310 412 3527 482 αἳματος
3555 418 3640 465 τοῦ
3669 421 3862 488 Χριστοῦ

554 510 694 562 sunt
723 507 1011 563 haeredes.
1044 506 1307 575 Sanguis
1333 506 1486 559 enim
1517 505 1664 572 ejus,
1694 499 1989 573 inquiunt,
2027 513 2207 568 super

553 612 682 665 nos,
716 605 768 654 et
798 612 981 668 super
1006 597 1163 666 ﬁlios
1189 600 1418 650 nostros
1432 595 1497 648 57.

625 869 680 920 2.
723 865 795 935 (1)
831 867 1076 936 Semper
1111 863 1307 932 igitur,
1339 877 1374 918 ο
1406 861 1612 928 homo,
1645 861 1741 917 Dei
1769 861 2112 917 memineris
2150 865 2206 917 et

555 954 707 1010 illius
733 955 1009 1010 timorem
1037 953 1098 1008 in
1129 951 1307 1008 corde
1333 951 1574 1017 habeto,
1599 956 1778 1023 atque
1820 951 1898 1006 ad
1929 967 2204 1006 commu-

555 1045 797 1100 nionem
815 1059 1063 1116 precum
1087 1057 1299 1098 omnes
1323 1041 1897 1112 adjungeltlagnum
1925 1042 2082 1096 enim
2114 1045 2205 1098 est

554 1148 763 1189 eorum
799 1132 902 1205 qui
944 1136 1130 1188 Deum
1161 1131 1398 1204 placare
1429 1134 1684 1203 possunt
1712 1131 2020 1186 auxilium.
2057 1134 2203 1186 Nam

553 1227 612 1282 et
639 1223 974 1279 viventibus
996 1222 1172 1278 nobis
1192 1223 1254 1277 in
1276 1222 1388 1276 hac
1413 1237 1592 1276 carne
1620 1220 1783 1276 bona
1811 1221 1918 1275 erit
1943 1221 2016 1276 ad
2020 1222 2205 1290 jutrix

552 1313 898 1388 precatio,el
915 1311 1054 1368 inde
1069 1310 1587 1383 proﬁciscentibus
1617 1309 1903 1365 idoneum
1921 1309 2204 1367 viaticum

553 1403 632 1459 ad
661 1403 929 1458 futurum
963 1418 1178 1458 rerum.
1206 1399 1732 1466 Quemadmodum
1763 1404 1965 1455 autem
1995 1399 2203 1455 sollici-

552 1492 698 1549 tudo
725 1507 822 1548 res
847 1491 1010 1548 bona
1040 1497 1162 1547 est:
1188 1489 1268 1547 ita
1290 1506 1496 1546 rursus
1526 1489 1798 1545 animum
1829 1490 2206 1561 despondere

553 1586 611 1638 et
639 1582 961 1654 desperare
985 1598 1052 1636 ac
1077 1580 1152 1637 de
1182 1579 1371 1636 salute
1397 1577 1688 1647 diffidere,
1712 1594 1804 1634 res
1828 1584 1965 1633 sunt
1985 1579 2203 1635 anima:

548 1671 767 1728 noxias.
803 1672 982 1743 Spem
1013 1670 1216 1742 itaque
1251 1669 1312 1724 in
1354 1667 1454 1723 Dei
1481 1667 1748 1724 bonitate
1779 1667 2024 1736 colloca,
2059 1674 2116 1725 et
2141 1670 2206 1725 il-

2315 492 2526 567 πλήρεις
2589 490 3028 549 έπιὸεικνυόντων.
3085 499 3151 548 Οἱ
3195 500 3295 571 γαρ
3347 500 3652 570 ἐπιμένοντες
3685 511 3739 574 τῇ
3774 525 3862 556 πυ-

2313 589 2490 655 ρῶσει,
2557 591 2651 646 τῆς
2707 592 2966 658 ’πατρικῆς
3025 593 3320 659 μιαιφονίας
3386 588 3686 664 κληρονομοι
3730 594 3860 667 ὑπάρ-

2313 684 2498 742 χουσι.
2531 676 2600 725 Τό
2639 675 2740 746 γαρ
2783 675 2914 746 αἱμα
2954 674 3132 741 αὑτοῦ,
3178 681 3335 748 φησιν
3367 681 3464 748 (6),
3515 677 3583 751 ἐφ’
3623 681 3765 753 ἡμᾶς,
3795 689 3860 735 καὶ

2314 759 2397 813 ἐπὶ
2426 764 2491 814 τά
2516 767 2666 815 τέκνα
2694 765 2858 834 ἡμῶν.

2382 855 2436 906 2.
2479 855 2572 905 Διά
2600 857 2788 914 παντὸς
2826 858 2996 906 τοίνυν
3029 858 3263 928 μέμνησο
3318 864 3409 909 τοῦ
3467 865 3620 927 Θεοῦ,
3649 861 3859 934 ἄνθρωπε,

2311 945 2401 993 καὶ
2444 943 2536 1013 ἔχε
2577 946 2664 994 τόν
2697 941 2848 1015 φόϐον
2892 943 3052 996 αὑτοῦ
3084 943 3131 996 ἐν
3170 953 3229 1018 τῇ
3273 943 3477 1020 καρδίᾳ
3507 968 3621 1016 σου,
3657 955 3738 1002 καὶ
3769 954 3861 1003 πάν-

2312 1049 2404 1090 τας
2454 1031 2524 1092 εἰς
2569 1036 2662 1090 τὴν
2715 1038 2983 1085 κοινωνίαν
3021 1041 3120 1085 τῶν
3161 1034 3331 1106 εὐχῶν
3379 1036 3749 1110 παραλάμϐανε.
3783 1047 3860 1092 Ms-

2311 1119 2442 1190 γάλη
2494 1122 2592 1194 γὰρ
2634 1126 2720 1174 καὶ
2760 1123 2787 1179 ἡ
2832 1131 2931 1174 τῶν
2972 1119 3268 1196 δυναμένων
3310 1121 3572 1178 δυσωπεῖν
3631 1131 3712 1179 τόν
3765 1133 3860 1181 Θεὸν

2317 1207 2555 1280 βοήθεια.
2628 1214 2728 1263 Καί
2773 1214 2874 1283 γὰρ
2931 1232 3020 1264 και
3069 1216 3230 1272 ζῶσιν
3268 1215 3395 1286 ἡμῖν
3434 1219 3522 1272 τήν
3559 1213 3605 1267 ἐν
3643 1224 3699 1288 τῇ
3740 1224 3861 1290 σαρκί

2314 1302 2507 1356 ταύτην
2555 1299 2710 1371 ζωὴν,
2756 1300 2924 1373 ἀγαθὴ
2970 1305 3118 1353 ἔσται
3158 1301 3355 1374 βοηθός
3396 1306 3425 1363 ἠ
3469 1311 3756 1380 προσευχήο
3798 1313 3863 1358 καὶ

2315 1386 2686 1462 ἀπερχομένοις
2753 1389 2995 1453 ἐντεῦθεν,
3074 1391 3278 1464 ἐφόδιον
3363 1390 3574 1467 διαρκὲς
3634 1399 3747 1469 πρός
3799 1401 3861 1448 τόν

2312 1477 2473 1529 αἱωνα
2501 1482 2585 1530 τόν
2615 1479 2880 1551 μέλλοντα.
2913 1479 3110 1554 Ὠσπερ
3145 1478 3204 1534 δε
3238 1485 3266 1540 ἡ
3303 1489 3508 1557 φροντὶς
3531 1487 3733 1558 πρᾶγμά
3755 1483 3861 1537 ἔστιν

2313 1565 2508 1637 ἀγαθόν
2529 1585 2540 1596 ·
2591 1569 2724 1620 οὕτω
2755 1569 2906 1621 πάλιν
2939 1571 2964 1628 ᾖ
2997 1569 3196 1642 ἀθυμία
3225 1576 3314 1623 καὶ
3345 1574 3374 1630 ἡ
3407 1570 3797 1645 ἀπόγνωσις,και
3819 1577 3860 1625 τὸ

2315 1653 2680 1721 δυσελπίστως
2737 1661 2878 1731 ἔχειν
2934 1663 3061 1734 πρὸς
3113 1667 3399 1736 σωτηρίαν,
3440 1671 3540 1715 τῶν
3578 1661 3860 1736 βλαπτόντων

548 1759 668 1816 lius
699 1759 990 1816 auxilium
1021 1763 1307 1832 exspecta
1339 1775 1352 1814 :
1387 1761 1544 1814 certo
1590 1757 1802 1825 sciens,
1851 1759 1899 1814 si
1935 1765 2090 1817 recte
2133 1777 2195 1817 ac

2313 1744 2423 1798 ἐστὶ
2462 1751 2554 1806 τὴν
2592 1747 2798 1820 ψυχήν.
2842 1749 3113 1812 Ἐπέλπιζε
3151 1755 3322 1803 τοίνυν
3379 1760 3440 1824 τῇ
3497 1750 3762 1824 ἀγαθότητι
3792 1759 3861 1804 τοῦ

550 1849 781 1907 sincere
819 1849 900 1906 ad
933 1847 1108 1923 524
1141 1848 1344 1920 ipsum
1375 1852 1818 1917 convertamur,
1846 1847 2111 1906 futurum
2140 1855 2205 1908 ut

544 1953 670 1997 non
699 1938 883 1995 modo
908 1955 1016 1996 nos
1042 1938 1290 1994 omnino
1311 1952 1436 1993 non
1474 1937 1720 2007 rejiciat,
1745 1937 1851 1993 sed
1882 1939 2062 1995 etiam
2093 1954 2197 1996 no-

541 2027 636 2086 bis
659 2029 856 2086 adhuc
877 2043 1127 2100 precum
1147 2027 1335 2084 verba
1354 2025 1797 2100 proferentibus
1821 2027 1982 2084 dicat
2009 2046 2021 2083 :
2046 2029 2202 2086 Ecce

539 2118 754 2174 adsum
769 2119 835 2174 ⁵⁸.
864 2118 941 2188 (2)
964 2117 1106 2184 Quis
1127 2117 1289 2173 enim
1314 2115 1407 2172 vel
1428 2115 1653 2172 malam
1680 2116 1957 2173 admittat
1978 2121 2198 2188 cogita-

538 2207 782 2275 tionem,
813 2206 908 2262 vel
937 2205 1168 2262 malum
1195 2205 1500 2278 perficiat;
1544 2205 1591 2260 si
1625 2208 1810 2262 Deum
1837 2205 2042 2262 credat
2069 2208 2198 2264 ubi-

537 2310 656 2370 que
681 2310 814 2352 esse
842 2295 1135 2357 locorum,
1155 2294 1367 2350 adesse
1395 2293 1488 2350 his
1517 2308 1653 2365 quae
1674 2293 1846 2359 tiunt,
1871 2296 2195 2369 unicuique

536 2384 821 2442 interesse
843 2384 1086 2452 actioni,
1102 2399 1174 2439 ac
1195 2383 1472 2439 cordium
1492 2382 1744 2438 consilia
1764 2383 2150 2456 introspicere
2167 2385 2195 2441 ?

541 2472 657 2530 Sed
687 2473 800 2530 rati
815 2473 906 2530 vel
927 2475 1113 2531 Deum
1140 2489 1262 2529 non
1287 2473 1712 2545 inspicero,vel
1743 2489 1865 2529 non
1895 2490 2103 2532 curare
2125 2492 2196 2533 ea

536 2576 675 2638 qua:
695 2566 983 2633 aguntur;
1017 2562 1101 2619 sic
1121 2562 1399 2619 homines
1419 2561 1496 2619 ad
1519 2561 1705 2635 impia
1731 2563 2031 2635 patranda
2052 2565 2195 2621 faci-

536 2665 688 2708 nora
715 2653 989 2708 animum
1037 2651 1370 2708 conferunt.
1406 2652 1484 2723 (3)
1521 2652 1700 2717 Quies
1747 2652 1927 2721 igitur
1981 2654 2197 2726 princi-

534 2739 706 2814 pium
724 2740 1179 2814 expurgationis
1203 2741 1561 2810 animmmec
1577 2739 1782 2811 lingua
1799 2740 2079 2814 loquente
2101 2759 2196 2800 res

533 2829 861 2900 humanas,
889 2845 1000 2885 nec
1021 2829 1212 2886 oculis
1243 2829 1465 2887 nitidos
1495 2845 1818 2903 corporum
1841 2831 2069 2888 colores
2092 2837 2198 2889 aut

533 2919 966 2976 concinnitates
995 2919 1617 2992 circumspicientibus
1643 2939 1656 2988 ;
1689 2935 1801 2975 nec
1831 2920 2040 2977 auditu
2068 2923 2194 2978 ani-

534 3023 648 3064 mae
679 3008 947 3079 vigorem
979 3008 1345 3065 dissolvente
1369 3025 1478 3081 per
1502 3012 1850 3066 acroamata
1870 3011 2194 3068 modorum

2312 1843 2466 1901 Θεοῦ,
2516 1841 2606 1889 καὶ
2663 1834 2888 1910 ἕκὸίχου
2930 1838 3090 1892 αὑτοῦ
3129 1844 3222 1898 τὴν
3285 1838 3578 1912 ἀντίληψιν,
3615 1847 3858 1912 γινώσκων,

2311 1925 2390 1978 ὅτι
2429 1924 2512 1979 ἐὰν
2551 1927 2722 1988 καλῶς
2759 1933 2849 1980 καὶ
2885 1933 3118 2000 γνησίως
3173 1933 3300 2005 πρός
3359 1931 3515 1983 αὐτόν
3577 1929 3859 2004 ἐπιστραφῶ-

2307 2035 2420 2088 μεν,
2461 2016 2519 2069 οὐ
2558 2021 2712 2090 μόνον
2761 2018 2853 2070 οὐκ
2905 2017 3185 2094 ἀπορρίψει
3238 2023 3381 2094 ἡμᾶς
3439 2021 3509 2083 εἰς
3555 2024 3609 2074 τὸ
3645 2020 3858 2080 παντελὲς,

2309 2105 2415 2158 ἀλλ’
2456 2109 2530 2158 ἔτι
2571 2107 2854 2160 λαλούντων
2907 2111 3031 2182 ἡμῖν
3095 2111 3162 2162 τὰ
3219 2111 3438 2184 ῥήματα
3475 2119 3566 2174 τῆς
3602 2117 3860 2185 προσευχῆς

2306 2197 2444 2271 ἐρεῖ·
2510 2192 2652 2249 Ἰδοὺ
2713 2199 2950 2272 πάρειμι.
3010 2203 3102 2260 Τίς
3165 2202 3266 2275 γὰρ
3327 2203 3582 2254 πιστεύων
3620 2199 3860 2252 εἶναιπαν-

2304 2293 2478 2358 ταχοῦ
2539 2289 2626 2339 τόν
2696 2291 2844 2353 Θεὸν,
2900 2291 2989 2340 καὶ
3054 2297 3297 2364 παρεῖναι
3335 2299 3440 2352 τοίς
3475 2295 3757 2364 γινομένοις,
3787 2293 3856 2339 καί

2305 2374 2494 2449 ἑκάστῃ
2555 2377 2739 2450 πράξει
2800 2379 3151 2452 παρεστάναι,
3219 2385 3312 2432 καὶ
3377 2387 3494 2444 ταῖς
3558 2379 3751 2454 βουλαῖς
3779 2383 3854 2429 τῶν

2302 2461 2536 2541 καρδιῶν
2575 2465 2783 2540 ἐνορᾷψ
2826 2468 2856 2526 ἡ
2900 2471 2994 2526 τὴν
3033 2469 3226 2520 ἔννοιαν
3256 2473 3354 2528 τήν
3406 2471 3629 2543 πονηρὰν
3664 2463 3851 2542 παραδέ-

2303 2573 2481 2627 χεται,
2531 2555 2560 2614 ἦ
2611 2555 2957 2632 τελεσιουργεί
3001 2559 3058 2609 τό
3096 2561 3256 2610 κακόν
3291 2574 3306 2626 ;
3365 2558 3500 2611 Ἀλλ’
3538 2559 3566 2618 ἢ
3608 2562 3673 2631 μὴ
3704 2556 3844 2626 ἐφορᾷν

2303 2646 2391 2696 τόν
2422 2647 2573 2715 Θεὸν,
2625 2645 2653 2704 ἦ
2705 2650 2776 2718 μὴ
2835 2645 3003 2718 μέλειν
3053 2647 3194 2718 αὐτῷ
3233 2656 3336 2700 τῶν
3363 2652 3637 2721 γινομένων
3669 2643 3840 2714 ὑπολαμ-

2305 2733 2534 2795 ϐάνοντες
2559 2756 2571 2768 ·
2631 2736 2794 2797 οὕτως
2859 2735 3063 2810 ὁρμῶσι
3101 2739 3231 2811 πρὸς
3271 2740 3367 2800 τὰς
3425 2736 3628 2798 ἀνοσίας
3653 2737 3720 2807 (7)
3750 2733 3848 2805 προί-

2306 2823 2408 2886 ξεις
2447 2826 2496 2876 οἰ
2535 2825 2821 2898 ἄνθρωποι.
2854 2823 3026 2898 ’Λρχή
3071 2822 3131 2878 δὲ
3159 2828 3470 2902 καθάρσεως
3492 2834 3551 2900 τῇ
3582 2825 3718 2896 ψυχῇ
3746 2823 3849 2878 ἠσυ-

2303 2917 2420 2986 χίαν
2481 2919 2614 2986 μήτε
2677 2913 2926 2985 γλώσσης
2990 2913 3245 2976 λαλούσης
3312 2918 3377 2969 τὰ
3443 2925 3540 2970 τῶν
3604 2913 3849 2985 ἀνθρώπων,

2303 3009 2436 3076 μήτε
2487 3002 2761 3076 ὀφθαλμῶν
2819 3003 3063 3077 εὖχροίας
3123 3007 3380 3078 σωμάτων
3443 3011 3531 3058 καὶ
3587 3003 3852 3076 συμμετρίας

537 3097 618 3153 ad
648 3096 1019 3170 voluptatem
1068 3097 1565 3170 compositorum,
1599 3103 1704 3153 aut
1744 3113 1851 3170 per
1875 3099 2193 3156 hominum

2305 3095 2776 3162 περισκοπούντων,
2837 3098 2966 3166 μήτε
3021 3091 3180 3156 ἀκοῆς
3243 3098 3328 3148 τόν
3384 3099 3526 3148 τόνον
3573 3102 3662 3155 τῆς
3709 3090 3852 3161 ψυχῆς

535 3183 868 3242 facetorum
890 3202 961 3243 ac
989 3185 1385 3242 ridiculorum
1404 3187 1628 3242 verba:
1657 3186 1718 3242 id
1744 3187 1909 3260 quod
1932 3189 2193 3245 maxime

533 3274 722 3332 animi
740 3275 865 3332 vim
893 3275 1170 3346 frangere
1197 3275 1362 3333 solet.
1397 3278 1558 3332 Mens
1590 3275 1770 3347 enim,
1820 3293 1956 3350 quae
1987 3278 2067 3334 ad
2093 3294 2193 3334 ex-

534 3369 704 3420 terna
745 3380 871 3420 non
913 3365 1257 3438 dissipatur.
1303 3380 1501 3438 neque
1548 3381 1659 3438 per
1687 3382 1898 3422 sensus
1927 3367 1990 3423 in
2021 3384 2195 3424 mun-

534 3451 684 3508 dum
709 3452 1084 3525 diffunditur,
1119 3454 1273 3510 redit
1301 3454 1549 3528 quidem
1580 3455 1658 3511 ad
1690 3473 1752 3511 se
1791 3455 1963 3528 ipsa;
1999 3474 2106 3530 per
2133 3475 2195 3515 se

534 3545 741 3598 autem
769 3541 848 3598 ad
874 3543 976 3598 Dei
1000 3543 1425 3613 cogitationem
1457 3544 1749 3612 ascendit,
1776 3551 1956 3619 atque
1978 3548 2195 3604 decore

532 3629 634 3686 illo
659 3629 972 3698 illustrata,
998 3632 1186 3705 ipsius
1216 3633 1395 3689 etiam
1419 3637 1646 3690 naturae
1673 3634 2194 3704 obliviscitur,nec

526 3719 658 3791 jam
685 3719 802 3776 cibi
827 3735 971 3777 cura
990 3720 1341 3778 distrahitur
1356 3727 1460 3778 aut
1482 3723 1737 3779 amictus
1760 3723 2187 3795 sollicitudine;

536 3808 642 3866 sed
670 3811 919 3866 terrenis
947 3810 1105 3867 curis
1135 3827 1349 3880 vacua,
1381 3828 1560 3868 omne
1591 3829 1768 3869 suum
1800 3815 2066 3872 studium
2109 3818 2184 3874 ad

532 3901 757 3954 (eterna
784 3899 948 3956 bona
976 3900 1366 3973 adipiscenda
1400 3902 1692 3958 transfert.

2303 3181 2592 3242 ἐκλυούσης
2638 3180 2686 3234 ἐν
2737 3180 3040 3255 ἀκροάμασι
3079 3182 3243 3256 μελῶν
3282 3188 3417 3260 πρὸς
3455 3180 3642 3243 ἡδονὴν
3676 3195 3852 3233 πεποιη-

2303 3277 2484 3345 μένων,
2553 3277 2686 3344 μήτε
2735 3273 2970 3347 ῥήμασιν
3038 3272 3360 3348 εὐτραπέλων
3443 3277 3530 3326 καὶ
3591 3269 3852 3343 γελοιαστῶν

2305 3358 2527 3436 ἀνδρῶν,
2591 3363 2617 3413 ὃ
2682 3361 2914 3434 μάλιστα
2959 3361 3093 3414 λύειν
3145 3371 3240 3426 τῆς
3287 3363 3478 3436 ψυχῆς
3515 3364 3597 3414 τὸν
3633 3363 3757 3412 τόνον
3788 3357 3852 3406 πέ·

2305 3471 2447 3525 par/.3.
2493 3458 2632 3512 Νοῦς
2664 3454 2766 3527 γὰρ
2817 3456 2888 3524 μὴ
2939 3448 3346 3526 σκεδαννύμενος
3386 3452 3469 3506 ἐπὶ
3514 3453 3576 3504 τά
3619 3449 3721 3512 ἔξω,
3747 3437 3852 3516 μηδὲ

2302 3543 2401 3594 ὑπὸ
2458 3549 2558 3594 τῶν
2625 3542 2984 3614 αἰσθητηρίων
3053 3540 3138 3594 ἐπὶ
3204 3545 3292 3594 τόν
3353 3547 3551 3616 κόσμον
3622 3533 3850 3608 διαφορού-

2299 3651 2477 3705 μενος,
2547 3629 2779 3683 ἐπάνεισι
2843 3634 2933 3704 μεν
2989 3634 3122 3705 πρὸς
3180 3631 3384 3698 ἑαυτόν,
3454 3627 3526 3683 δι’
3591 3628 3754 3680 ἑαυτοῦ
3806 3618 3850 3670 δ”ε

2298 3725 2424 3796 πρὸς
2480 3725 2574 3776 τὴν
2623 3724 2739 3793 περὶ
2789 3726 2922 3773 Θεοῦ
2980 3722 3172 3772 ἔννοιαν
3231 3719 3534 3774 ἀναϐαίνει·
3573 3717 3765 3783 κάκείνῳ
3795 3714 3849 3776 τῷ

2296 3809 2468 3861 κάλλει
2531 3807 2999 3881 περιλαμπόμενος,
3054 3814 3144 3860 καὶ
3210 3809 3376 3871 αὐτῆς
3438 3817 3531 3868 τῆς
3577 3797 3849 3878 φύσεωςλτῗ·

2296 3906 2388 3959 θην
2460 3897 2748 3971 λαμϐάνει·
2819 3902 2951 3970 μήτε
3015 3901 3145 3971 πρὸς
3211 3908 3404 3972 τροφῆς
3465 3890 3716 3972 φροντίδα,
3749 3889 3850 3960 μήτε

534 3992 665 4060 πρὸς
719 3988 1056 4062 περιϐολαίων
1101 3994 1350 4064 μέριμναν
1377 3995 1470 4049 τὴν
1499 3991 1686 4064 ψυχὴν
1719 3993 2091 4067 καοελκόμενος
2121 4019 2132 4031 ·
2179 3996 2306 4052 ἀλλὰ
2339 3988 2538 4062 σχολὴν
2590 3985 2690 4039 ἀπὸ
2719 3995 2818 4038 τῶν
2871 3991 3060 4059 γηίνων
3092 3985 3378 4063 φροντίδων
3407 3989 3566 4060 ἄγων,
3611 3987 3694 4039 τὴν
3716 3992 3850 4031 ’,τασαν

534 4085 718 4132 εαυτοῦ
752 4077 990 4139 σπουδὴν
1034 4078 1118 4133 ἐπὶ
1175 4085 1266 4140 τὴν
1302 4089 1488 4140 κτῆσιν
1511 4091 1608 4136 τῶν
1635 4083 1852 4135 αἰωνίων
1885 4084 2089 4158 ἀγαθῶν
2127 4083 2460 4162 μετατίθησι.

603 4173 660 4224 3.
699 4169 778 4240 (4)
807 4171 1008 4242 Neque
1039 4169 1216 4241 igitur
1239 4172 1469 4244 patiare
1499 4172 1766 4229 mediam
1794 4174 1929 4231 vitae
1957 4182 2190 4248 partem

531 4257 807 4316 inutilem
829 4258 935 4314 tibi
957 4275 1085 4315 esse
1108 4275 1214 4333 per
1240 4262 1436 4318 somni
1469 4277 1751 4334 soporem
1783 4281 1794 4319 :
1824 4265 1926 4320 sed
1957 4264 2190 4323 divida-

530 4351 628 4406 tur
658 4348 763 4404 tibi
787 4349 980 4405 noctis
1010 4354 1249 4422 tempus
1269 4350 1329 4406 in
1354 4367 1638 4408 somnum
1659 4356 1716 4408 et
1735 4355 2140 4425 precationem
2173 4375 2185 4411 :

531 4438 657 4495 imo
680 4454 931 4495 somnus
946 4438 1074 4512 ipse
1095 4440 1434 4498 exercitatio
1458 4441 1532 4497 sit
1554 4442 1812 4514 pietatis.
1843 4447 2010 4517 Saepe
2028 4447 2188 4506 enim

530 4541 830 4602 expressae
860 4528 923 4584 in
949 4545 1164 4586 somno
1195 4531 1421 4603 species
1446 4531 1647 4587 nescio
1676 4535 1988 4606 quomodo
2008 4537 2190 4593 vesti-

531 4615 633 4689 gia
679 4617 965 4690 quaedam
1019 4633 1090 4674 ac
1127 4618 1393 4692 reliquiae
1431 4635 1562 4676 esse
1602 4621 1796 4678 solent
1824 4622 2188 4682 diurnarum

531 4721 837 4764 curarum.
868 4709 946 4778 (ὅ)
974 4708 1201 4781 Ecquid
1243 4709 1422 4780 igitur
1472 4709 1725 4780 beatius,
1766 4728 1953 4785 quam
1985 4715 2187 4772 statim

529 4796 780 4868 quidem
811 4813 883 4854 ac
912 4798 1039 4853 dies
1068 4798 1278 4871 incipit
1323 4799 1398 4855 ad
1441 4815 1648 4873 preces
1677 4807 2042 4874 surgentem,
2078 4805 2188 4878 hy-

531 4884 692 4941 mnis
730 4891 785 4941 et
816 4887 1063 4943 canticis
1096 4892 1426 4946 creatorem
1455 4892 1759 4959 venerari;
1816 4892 2030 4950 exinde
2063 4895 2187 4952 sole

525 4975 656 5045 jam
683 4974 838 5031 clare
859 4977 1259 5034 dilucescente
1290 4979 1365 5035 ad
1391 4995 1578 5052 opera
1606 4996 1990 5049 conversum,
2007 4985 2186 5040 comi-

527 5065 691 5120 tante
734 5062 958 5136 ubique
988 5065 1277 5137 oratione,
1309 5068 1556 5142 hymnis
1602 5069 1783 5127 etiam
1827 5086 2014 5144 opera
2060 5078 2187 5131 tan-

596 5227 642 5262 ⁵⁷
666 5227 866 5286 Matth.
895 5245 1079 5294 xxvu,
1101 5233 1190 5288 23.
1232 5231 1280 5267 ⁵⁸
1301 5234 1413 5290 Isa.
1448 5248 1596 5303 mu,
1631 5235 1681 5289 9.

595 5391 670 5464 (1)
713 5391 798 5445 Ex
830 5391 1004 5464 epist.
1033 5408 1250 5458 CLXXIV,
1281 5395 1405 5449 262.

593 5461 670 5531 (2)
713 5464 793 5518 Ex
820 5461 1142 5534 comment.
1177 5465 1239 5519 in
1269 5465 1412 5534 Isa.,
1445 5467 1570 5521 416.

594 5534 668 5605 (3)
705 5535 786 5588 Ex
816 5533 986 5605 epist.
1023 5549 1060 5600 ι,
1087 5539 1174 5590 72.

593 5603 671 5671 (4)
713 5605 795 5660 Ex
819 5603 985 5662 hom.
1017 5608 1082 5661 in
1109 5612 1290 5664 mart.
1321 5607 1620 5679 Julz'ttam,
1654 5611 1744 5665 36.

2373 4174 2426 4226 3'
2467 4172 2553 4226 Μὴ
2584 4163 2671 4219 οὖν
2697 4163 2958 4240 καταδέξη
2995 4163 3089 4219 δικ
3131 4175 3226 4228 τῆς
3263 4171 3400 4221 κατά
3437 4170 3518 4219 τόν
3557 4164 3699 4216 ὑπνον
3734 4153 3850 4206 ἀναι-

2304 4260 2532 4319 σθησίας
2563 4259 2620 4308 τό
2644 4258 2812 4328 ἣμισυ
2843 4264 2933 4316 τῆς
2960 4257 3095 4317 ζωῆς
3127 4255 3378 4331 ἀχρειοῦν
3403 4278 3415 4291 ·
3460 4254 3581 4307 ἀλλά
3608 4241 3849 4324 μεριζέσθω

2303 4367 2388 4400 σοι
2409 4356 2502 4409 τῆς
2531 4349 2716 4406 νυκτός
2755 4347 2780 4398 ό
2811 4349 3002 4417 χοόνος
3045 4349 3111 4406 εἷς
3153 4365 3207 4398 τε
3255 4346 3413 4399 ὒπνον
3441 4348 3529 4397 καὶ
3559 4334 3846 4424 προσευχήν.⁹

2301 4435 2430 4489 ἀλλά
2475 4441 2564 4488 καὶ
2599 4437 2646 4488 οἱ
2691 4435 2842 4487 ΰπνοι
2882 4435 3031 4487 αὐτοι
3072 4435 3338 4508 μελέτημα
3394 4439 3620 4488 ἔστωσαν
3671 4432 3752 4482 τῆς
3792 4435 3847 4467 εν⁸

2302 4525 2518 4587 σεϐείας.
2564 4529 2834 4597 Πεφύκασι
2870 4527 2970 4600 γάρ
3020 4545 3128 4588 πως
3176 4527 3233 4577 αἱ
3273 4526 3393 4578 καθ’
3418 4525 3568 4577 ὗπνον
3593 4523 3843 4591 φαντασιαίν

2299 4617 2368 4678 ὡς
2414 4619 2480 4668 τὰ
2545 4615 2728 4680 πολλὰ,
2788 4613 3126 4687 ἀπηχήματα
3185 4613 3316 4668 εἶναι
3381 4623 3479 4666 τῶν
3547 4609 3840 4691 μεθημεριπξν

2299 4701 2606 4779 φροντίδων.
2639 4709 2702 4757 Τί
2742 4701 2800 4757 δὲ
2850 4707 3294 4778 μακαριστότερον
3349 4703 3631 4776 ἀνθρώπου,
3667 4694 3745 4743 τοῦ
3785 4701 3840 4778 ενς

2299 4796 2390 4857 θός
2420 4797 2510 4867 μὲν
2570 4792 2866 4870 ἀρχομένης
2920 4795 3115 4867 ἡμέρας
3165 4793 3236 4856 εἰς
3285 4793 3444 4866 εὐχὰς
3481 4792 3737 4864 ὁρμῶντος,
3772 4787 3837 4871 ξαί

2297 4883 2476 4954 ὓμνοις
2534 4888 2622 4935 καὶ
2688 4879 2849 4954 ᾠδαῖς
2912 4887 3241 4957 γεραίροντος
3279 4887 3365 4936 τόν
3421 4884 3701 4935 κτίσαντας
3754 4873 3833 4913 tua

2296 4972 2443 5032 ἡλίου
2499 4976 2740 5048 καθαρῶς
2801 4972 3188 5046 ἐπιλάμψαντος
3254 4973 3330 5026 ἐπ’
3384 4975 3509 5047 ξογα
3557 4965 3820 5048 τρεπομενῗῖζ

2315 5030 2320 5032 ’
2637 5030 2647 5048 ι
2725 5030 2738 5037 ν
2953 5030 2962 5046 ι
3005 5030 3014 5044 ι
3175 5030 3188 5036 -
3405 5030 3414 5047 .
3446 5030 3458 5042 .
3587 5030 3595 5039 .
3716 5049 3722 5060 ‘

2294 5070 2568 5135 πανταχοῦ
2633 5062 2774 5134 αὐτῷ
2849 5070 2942 5125 τῆς
3004 5062 3170 5134 εὐχῆς
3228 5062 3624 5135 συμπαρούσης,
3661 5065 3726 5102 και
3763 5030 3819 5105 (8)

2363 5404 2438 5475 (3)
2482 5406 2561 5459 Ex
2591 5403 2760 5476 epist.
2792 5417 2849 5476 tt,
2879 5406 2967 5459 72.
3008 5472 3057 5476 ,Δ
3226 5475 3230 5476 ί
3646 5464 3655 5476 ,

2479 5455 3197 5544 δῆσῖί-ῖοεξῖἒεονὶἀοῑων
3218 5475 3506 5546 interpres
3537 5464 3695 5540 φασίν.
3711 5455 3833 5510 Emr.

2355 5553 2434 5617 (7)
2470 5546 2727 5620 ’Λνοσίας.
2773 5549 3027 5620 Uterque
3057 5547 3247 5603 codex
3275 5546 3525 5602 ἀνοσίους.

2353 5621 2430 5692 (8)
2472 5619 2600 5678 Kal.
2629 5622 2794 5678 Forte
2825 5621 2890 5683 ὡς
2917 5618 3008 5677 rel
3037 5621 3210 5674 ὡστεί.
3238 5621 3387 5676 Εωτ.
