4084 6402
246 336 376 390 1241

1422 343 1648 401 SERMO
1693 346 1778 401 IX.
1819 371 1887 389 —-
1931 348 2022 404 DE
2062 347 2441 404 ORATIONE.

3468 346 3613 403 1242

241 465 351 520 τοῖς
395 458 594 532 ύμνοις,
626 462 798 536 ὥσπερ
857 461 1030 533 ἅλατι,
1062 468 1376 541 παραρτύειν
1415 471 1507 531 τὰς
1550 468 1844 546 ἔργασίαςς

1960 488 2146 546 quam
2178 472 2303 529 sale
2323 469 2603 528 condire?
2630 468 2929 544 siquidem
2958 467 3211 527 hilarem
3232 467 3604 540 jucundam-

241 552 305 601 τό
343 552 442 624 γάρ
474 549 647 623 ἱλαρόν
684 557 775 605 καὶ
827 552 1021 606 ἄλυπον
1067 563 1164 618 τῆς
1208 555 1395 629 ψυχῆς
1425 561 1760 633 κατάστημα,
1793 563 1850 615 αἱ

243 646 348 689 τῶν
397 638 567 711 ὕμνων
606 645 930 716 παρηγορίαι
993 644 1330 718 χαρίζονται.
1390 648 1571 721 Εύχαὶ
1623 654 1712 702 καὶ
1747 654 1848 727 πρὸ

243 736 345 789 τῆς
388 735 580 802 τροφῆς
626 727 782 792 ἀξίως
838 734 1167 803 γενέσθωσαν
1222 743 1319 788 τῶν
1375 743 1466 790 τοῦ
1514 742 1645 792 Θεοῦ
1679 759 1851 813 παρο-

244 824 383 888 χῶν,
433 814 502 869 ὧν
540 836 592 871 τε
618 826 708 871 νῦν
749 816 969 891 δίδωσι,
1014 829 1103 875 καὶ
1150 824 1218 876 ὧν
1250 829 1375 903 πρὸς
1404 829 1463 879 τὸ
1500 827 1679 900 μέλλον
1727 828 1850 882 ἕτα-

244 907 500 977 μιεύσατο
527 927 540 941 ·
600 907 758 980 εὐχαὶ
794 913 886 963 καὶ
935 914 1069 983 μετά
1114 915 1205 976 τὰς
1256 918 1470 991 τροφὰς,
1503 916 1849 993 εὐχαριστίαν

243 1000 348 1045 τῶν
399 991 689 1069 διδομένων
719 999 966 1070 ἔχουσαί,
1005 1005 1095 1053 καὶ
1139 1004 1350 1062 αἴτησιν
1384 1014 1483 1058 τῶν
1536 1003 1850 1081 ἐπηγγελμέ-

240 1102 362 1139 νων.
404 1082 554 1157 Εύχὴ
599 1082 659 1138 δε
708 1086 863 1155 καλὴ,
914 1090 944 1148 ἡ
992 1087 1180 1165 έναργῆ
1232 1091 1523 1167 ἐμποιοῦσα
1574 1104 1668 1150 τοῦ
1713 1103 1847 1152 Θεοῦ

242 1174 440 1226 ἔννοιαν
478 1181 539 1247 τῇ
590 1174 770 1248 ψυχῇ
801 1185 953 1232 τοῦτο
981 1181 1084 1255 γὰρ
1132 1179 1243 1235 ἔστι
1295 1191 1430 1238 Θεοῦ
1476 1184 1760 1255 ἑνοίκησις,
1786 1206 1845 1240 το

243 1256 343 1312 διὰ
397 1270 493 1323 τῆς
555 1268 767 1337 μνήμης
840 1268 981 1338 ἔχειν
1044 1266 1374 1346 ἐνιδρυμένον
1422 1273 1471 1326 ἐν
1536 1273 1702 1346 ἐαυτῷ
1757 1279 1845 1329 τόν

244 1353 396 1406 Θεόν.
458 1351 609 1404 Ούτω
672 1357 923 1428 γινόμεθα
984 1362 1107 1422 ναὸς
1158 1368 1313 1432 Θεοῦ,
1340 1364 1462 1416 ὅταν
1490 1368 1562 1437 μὴ
1607 1372 1845 1440 φροντίσι

241 1443 455 1510 γηίναις
505 1444 563 1494 τό
622 1447 838 1517 συνεχὲς
876 1454 967 1508 τῆς
1013 1453 1224 1523 μνήμης
1290 1449 1665 1523 διακόπτηται,
1705 1453 1845 1528 μηδέ

243 1536 352 1591 τοῖς
392 1528 822 1604 ἀπροσδοκήτοις
875 1539 1095 1591 πάθεσιν
1154 1542 1180 1592 ὁ
1244 1549 1361 1604 νοῦς
1426 1542 1841 1619 ἕκταράσσηται,

245 1619 375 1673 ἀλλά
420 1621 591 1674 πάντα
647 1621 972 1698 ἀποφεύγων,
1000 1625 1085 1681 ἐπὶ
1134 1632 1264 1683 Θεὸν
1317 1629 1594 1707 ἀναχωρῇ,
1647 1634 1847 1689 έλελαύ-

241 1729 342 1761 νων
378 1711 448 1762 τὰ
474 1711 903 1788 προσκαλούμενα
931 1716 1083 1769 αὐτὸν
1110 1718 1182 1782 εἰς
1238 1718 1496 1796 ἀκρασίαν
1554 1725 1721 1791 πάθη,
1752 1729 1844 1778 καὶ

1959 578 2078 636 que
2095 562 2315 619 animae
2336 560 2808 634 aequabilitatem
2837 558 3205 631 hymnorum
3229 556 3443 614 solatia
3468 572 3611 614 con-

1960 650 2178 708 ferunt.
2210 652 2288 723 (2)
2314 653 2523 707 Preces
2550 652 2688 705 ante
2718 647 2923 704 cibum
2947 646 3116 716 ﬁant,
3147 661 3284 719 quae
3311 645 3486 702 donis
3509 645 3612 702 Dei

1959 740 2160 812 dignae
2204 741 2342 810 sint,
2375 744 2503 796 tum
2540 755 2679 812 quae
2725 754 2889 795 nunc
2929 737 3200 807 largitur,
3224 741 3351 792 tum
3382 750 3520 808 quas
3547 734 3610 790 in

1957 830 2225 888 futurum
2245 828 2607 897 recondidit;
2635 843 2844 901 preces
2863 827 3046 884 etiam
3062 832 3202 891 post
3223 825 3450 895 cibum,
3471 838 3609 896 qum

1957 923 2015 977 et
2040 920 2375 991 gratiarum
2403 919 2712 976 actionum
2740 932 2852 990 pro
2891 915 3152 990 acceptis
3179 914 3358 971 bonis
3385 917 3447 971 et
3468 927 3609 987 pro-

1956 1010 2284 1067 missorum
2305 1008 2662 1082 petitionum
2681 1006 2967 1064 habeant.
2991 1007 3067 1078 (3)
3096 1008 3194 1062 Est
3231 1007 3435 1061 autem
3472 1017 3610 1060 ora-

1956 1099 2038 1157 tio
2076 1099 2176 1156 illa
2206 1097 2515 1172 prmclara,
2549 1112 2687 1170 quae
2716 1096 3104 1170 perspicuam
3146 1094 3248 1151 Dei
3298 1092 3610 1150 notionem

1954 1188 2174 1245 animae
2213 1186 2504 1261 imprimit
2537 1207 2549 1242 :
2581 1185 2766 1258 idque
2812 1185 2913 1241 Dei
2941 1182 3301 1241 inhabitatio
3329 1187 3437 1253 est,
3469 1180 3611 1238 insi-

1953 1277 2197 1334 dentem
2227 1276 2386 1333 intus
2433 1278 2621 1333 Deum
2665 1274 2960 1331 memoria
2991 1271 3331 1345 complecti.
3363 1271 3459 1329 Sic
3506 1272 3612 1330 Dei

1952 1368 2249 1426 efﬁcimur
2288 1368 2602 1440 templum,
2631 1383 2770 1423 cum
2795 1381 2908 1422 nec
2933 1364 3180 1422 terrenis
3214 1362 3372 1420 curis
3400 1377 3613 1437 perpe-

1955 1464 2093 1516 tuus
2118 1457 2425 1514 memoria;
2455 1461 2625 1513 tenor
2652 1454 3085 1528 interpellatur,
3116 1468 3226 1510 nec
3262 1450 3609 1526 improvisis

1954 1545 2465 1605 commotionibus
2499 1544 2886 1619 perturbatur
2925 1558 3115 1614 mens,
3145 1541 3253 1599 sed
3277 1541 3486 1599 omnia
3522 1541 3613 1596 fu-

1955 1637 2126 1707 giens
2153 1636 2233 1693 ad
2282 1639 2467 1693 Deum
2502 1633 2747 1704 secedit,
2776 1632 3073 1707 repellens
3102 1632 3501 1704 provocantes
3529 1629 3610 1687 ad

1952 1725 2269 1783 libidinem
2330 1724 2701 1794 affectiones,
2733 1738 2804 1781 ac
2844 1723 2908 1779 in
2954 1720 3169 1779 studiis
3197 1719 3279 1777 ad
3333 1719 3610 1777 virtutem

240 1804 351 1889 τοῖς
413 1803 544 1872 πρὸς
597 1799 778 1875 ἀρετὴν
833 1805 1056 1878 ἄγουσιν
1109 1805 1524 1884 ἐπιτηδεύμασιν
1584 1808 1845 1889 ένδιατρί-

1957 1812 2318 1872 ducentibus
2346 1813 2724 1871 immoratur.
2755 1812 2832 1884 (4)
2877 1810 2992 1870 Sed
3015 1808 3185 1883 quod
3214 1807 3348 1866 aliis
3377 1806 3611 1864 dilucu-

244 1886 368 1945 ϐων.
421 1893 524 1944 Καὶ
575 1891 699 1966 ὅπερ
746 1900 859 1956 τοῖς
905 1894 1079 1958 ἄλλοις
1109 1897 1135 1949 ό
1188 1900 1370 1973 ἧοθρος
1410 1898 1542 1971 ὶστὶ,
1581 1908 1735 1956 τοῦτο
1764 1886 1847 1975 τῷ

242 1986 336 2039 τῆς
392 1978 655 2044 εὐσεϐείας
715 1980 980 2058 ἀγωνιστῇ
1064 1989 1122 2039 τὸ
1187 1990 1545 2060 μεσονύκτιον,
1613 1991 1848 2065 μάλιστα

246 2066 451 2139 σχολὴν
480 2075 542 2142 τῇ
583 2068 738 2144 ψυχῇ
772 2079 863 2134 τῆς
908 2084 1203 2148 νυκτερινῆς
1258 2078 1494 2150 ἡσυχίας
1545 2081 1850 2155 χαριζομέ-

241 2175 358 2225 νης,
399 2161 517 2212 οὔτε
580 2160 877 2234 ὀφθαλμῶν,
917 2164 1035 2218 οὔτε
1099 2169 1239 2219 ὤτων
1287 2165 1542 2242 βλαϐερὰς
1587 2167 1748 2235 ἀκοάς
1812 2171 1841 2231 ἦ

246 2248 366 2309 θέας
423 2254 872 2323 παραπεμπόντων
910 2250 992 2305 ἰπὶ
1047 2251 1294 2328 καρδίαν·
1362 2255 1491 2310 ἀλλὰ
1550 2262 1641 2311 καὶ
1686 2263 1846 2332 μόνου

241 2334 365 2390 καθ’
394 2334 575 2390 ἑαυτὸν
607 2338 687 2409 (1)
738 2346 830 2393 τοῦ
860 2348 950 2394 νοῦ
978 2351 1050 2414 τῷ
1111 2351 1226 2416 Θεῷ
1279 2348 1541 2414 συνόντος,
1573 2352 1664 2401 καὶ
1702 2345 1739 2401 δ
1744 2368 1847 2424 ιορ-

245 2427 495 2513 θουμένου
543 2430 634 2497 μιν
682 2427 863 2483 ἑαυτὸν
893 2430 942 2484 έν
972 2439 1035 2506 τῇ
1090 2439 1270 2508 μνήμη
1306 2443 1406 2488 τῶν
1444 2438 1845 2513 ἠμᾶρτημίνων,

242 2517 392 2590 ὅρους
419 2512 479 2571 δε
523 2516 690 2591 ἑαυτῷ
728 2521 956 2585 τιθέντος
1013 2527 1146 2599 πρὸς
1195 2528 1291 2584 τὴν
1348 2524 1579 2580 ἔκκλισιν
1621 2535 1715 2581 τοῦ
1745 2548 1846 2583 κα-

240 2613 358 2671 κοῦ,
387 2610 478 2660 καὶ
525 2612 621 2666 τὴν
674 2612 821 2682 παρὰ
857 2618 993 2665 Θεοῦ
1024 2617 1298 2686 συνεργίαν
1330 2614 1399 2676 εἰς
1439 2618 1536 2675 τὴν
1582 2615 1846 2671 τελείωσιν

241 2702 344 2750 τῶν
376 2693 817 2770 σπουδαζομένων
848 2698 1237 2763 ἐπιζητοῦντος.

312 2789 367 2842 4.
417 2792 582 2839 Τοῦτο
619 2790 709 2839 καὶ
758 2788 788 2845 ἠ
817 2791 953 2841 κατά
989 2793 1219 2844 Μωῦσέα
1260 2796 1667 2868 παραινίσσεται
1706 2795 1848 2848 ἱστο-

240 2879 353 2952 ρία,
386 2877 467 2930 ὅτι
498 2871 593 2930 διὰ
637 2879 697 2931 τό
762 2880 881 2939 τοὺς
932 2882 1325 2952 προκόπτοντας
1387 2886 1459 2956 μὴ
1527 2881 1847 2956 ἐξομαλίζειν

243 2968 334 3028 τὰς
383 2965 615 3041 πράξεις,
662 2964 792 3020 ἀλλά
818 2969 943 3021 ποτε
998 2970 1090 3041 μεν
1137 2975 1370 3043 κρεῖττον
1410 2969 1584 3044 βιοῦν,
1623 2974 1748 3026 ποτέ
1787 2968 1848 3026 δί

244 3051 317 3109 δι’
387 3053 594 3109 ἀτονίαν
669 3055 944 3110 ἐκλύεσθαι
1018 3055 1383 3134 ἀσθενέστερον
1449 3059 1687 3137 ἐνεργεῖν,
1755 3070 1847 3124 τῆς

1953 1903 2103 1972 lum,
2127 1902 2191 1960 id
2220 1901 2461 1975 pietatis
2483 1901 2813 1959 cultoribus
2832 1898 3035 1957 media
3057 1913 3179 1956 nox
3204 1914 3217 1955 :
3250 1912 3390 1954 cum
3417 1896 3610 1954 maxi-

1954 2007 2052 2050 me
2080 1994 2381 2050 nocturna
2417 1991 2589 2065 quies
2618 1989 2809 2048 otium
2835 1989 3053 2046 animae
3080 1986 3388 2058 largiatur,
3412 2000 3609 2059 neque

1954 2081 2167 2145 oculis,
2199 2095 2399 2155 neque
2424 2079 2675 2138 auribus
2703 2078 3043 2153 quidquam
3083 2076 3221 2133 visu
3265 2078 3371 2134 aut
3398 2075 3610 2133 auditu

1954 2171 2274 2230 exitiosum
2304 2171 2367 2227 in
2396 2186 2500 2228 cor
2527 2168 2943 2238 imittentibus,
2975 2167 3085 2225 sed
3113 2168 3313 2224 mente
3345 2165 3475 2223 sola
3501 2179 3610 2239 per

1955 2277 2018 2318 se
2066 2277 2208 2318 cum
2239 2263 2360 2318 Deo
2406 2260 2706 2317 rationem
2736 2257 3019 2329 habente,
3053 2272 3237 2331 seque
3278 2255 3611 2327 corrigente

1960 2351 2135 2424 525
2166 2364 2275 2424 per
2326 2352 2714 2422 peccatorum
2743 2346 3228 2405 recordationem
3276 2349 3336 2402 et
3369 2343 3610 2416 regulas

1955 2441 2070 2500 sibi
2097 2440 2213 2516 ipsi
2258 2439 2689 2514 praescribente
2720 2437 2800 2496 ad
2834 2438 2975 2496 vitia
3002 2435 3383 2504 declinanda,
3411 2451 3483 2493 ac
3506 2434 3611 2493 Dei

1957 2530 2251 2588 auxilium
2308 2529 2387 2588 ad
2426 2544 2520 2598 ea,
2550 2544 2688 2603 quas
2743 2527 2942 2586 studio
2999 2526 3205 2598 habet,
3245 2524 3613 2600 perﬁcienda

1954 2619 2340 2694 implorante.

2025 2801 2080 2855 4.
2104 2798 2177 2871 (5)
2216 2799 2337 2855 Hoc
2386 2796 2566 2854 etiam
2596 2794 2773 2853 nobis
2802 2795 2999 2853 innuit
3048 2794 3268 2868 Moysis
3311 2794 3609 2865 historia;

1956 2888 2185 2963 quippe
2232 2901 2371 2960 quae
2428 2889 2572 2943 tunc
2613 2883 2864 2954 ﬁebant,
2905 2882 3266 2941 conditionis
3324 2884 3613 2941 humanae

1957 2981 2129 3037 erant
2143 2973 2443 3049 symbola,
2468 2973 2633 3048 quod
2655 2974 2697 3030 ii
2725 2973 2831 3048 qui
2849 2972 3193 3048 proﬁciunt,
3218 2988 3341 3030 non
3367 2974 3501 3046 pari
3520 2990 3616 3031 ra-

1956 3067 2119 3125 tione
2150 3082 2220 3124 ae
2253 3070 2459 3122 tenore
2487 3067 2816 3138 operantur
2847 3082 2860 3120 :
2918 3062 3025 3121 sed
3052 3062 3240 3121 modo
3268 3062 3483 3120 melius
3518 3063 3611 3119 vi-

243 3144 571 3222 ἆνθρωπίνης
608 3148 984 3209 καταστάσεως
1036 3146 1274 3221 σύμϐολα
1329 3145 1390 3209 ἦν
1418 3152 1484 3203 τά
1538 3155 1654 3204 τότε
1705 3155 1845 3225 γινό-

1957 3161 2125 3225 vunt,
2156 3154 2342 3213 modo
2399 3169 2543 3212 vero
2600 3153 2682 3210 ob
2725 3152 3200 3210 imbecillitatem
3229 3151 3610 3224 franguntur,

241 3253 387 3308 μενα.
436 3235 498 3288 Εἰ
527 3236 618 3308 μὶν
654 3237 757 3311 γὰρ
789 3234 947 3311 ἐπῆρε
969 3237 1059 3297 τὰς
1091 3244 1299 3313 χεῖρας,
1333 3240 1573 3312 ἓνίσχυεν
1598 3240 1846 3314 Ἰσραήλ-

243 3326 328 3378 ὃτε
367 3320 427 3379 δί
480 3326 680 3383 καθῆκε
717 3326 811 3388 τὰς
860 3332 1068 3400 χεῖρας,
1102 3326 1347 3400 ἐνίσχυεν
1386 3330 1647 3403 Ἀμαλήκ.
1685 3336 1846 3384 Τουτ⁶

245 3418 379 3484 έστι,
454 3416 894 3477 καταπιπτούσης
966 3416 1113 3488 ἡμῶν
1167 3424 1262 3479 τῆς
1323 3414 1618 3492 δραστικῆς
1682 3417 1846 3473 δυνά-

244 3523 400 3578 μεως,
444 3503 624 3576 ἰσχύει
671 3505 738 3557 τὰ
795 3502 1200 3559 ἀντιπαλαίοντα
1253 3509 1399 3580 ἡμῖν’
1433 3507 1732 3581 ύψουμενης
1787 3506 1848 3564 δέ

244 3598 334 3647 καὶ
403 3589 756 3668 διαιρομένης,
806 3589 1160 3670 δυνατώτερον
1209 3600 1409 3668 γίνεται
1454 3601 1514 3651 τὸ
1545 3594 1847 3674 διορατικόν

249 3683 296 3737 ἐν
352 3685 478 3756 ἡμῖν
511 3699 525 3714 ·
587 3681 787 3757 ἐπαίρει
832 3687 924 3758 μὲν
969 3687 1070 3759 γὰρ
1112 3686 1137 3738 ό
1174 3687 1239 3738 τὰ
1276 3687 1381 3738 οἷνω
1412 3687 1603 3759 ζητῶν,
1637 3688 1848 3743 ἐκτείνει

248 3770 309 3826 δε
347 3773 374 3825 ό
429 3780 523 3835 τῆς
578 3772 644 3835 εἰς
687 3775 752 3826 τά
799 3782 1079 3846 σωματικά
1135 3772 1385 3848 βοηθείας
1414 3773 1758 3848 ἐπιδεόμενος.
1787 3778 1846 3831 Ὀ

248 3866 417 3914 τοίνυν
456 3860 504 3915 ἓν
541 3870 614 3934 τῷ
650 3870 756 3934 ναῷ
784 3870 877 3916 τοῦ
929 3870 1064 3917 Θεοῦ
1100 3868 1386 3938 γενόμενος,
1419 3866 1478 3918 ού
1513 3866 1843 3938 κακολογίαν,

248 3953 306 4006 οὐ
356 3956 706 4026 ματαιότητα,
757 3952 853 4006 ούκ
927 3954 1169 4029 αἰσχρῶν
1244 3957 1568 4029 πραγμάτων
1614 3957 1844 4032 ῥήματα,

248 4043 579 4118 ἀπαγγέλλει,
633 4042 838 4116 ἄπαγεξ
882 4042 991 4097 ἀλλ’
1049 4044 1133 4097 Ἐν
1191 4053 1263 4116 τῷ
1327 4054 1433 4099 ναῶ
1481 4047 1660 4117 αὑτοῦ,
1712 4050 1849 4101 κατὰ

246 4138 333 4188 τὸν
409 4130 598 4203 Δαϐἱδ,
663 4139 765 4195 πᾶς
822 4152 899 4194 τις
961 4133 1098 4207 λέγει
1164 4131 1344 4199 δόξαν.
1416 4136 1734 4196 Ἐστήκασιν
1799 4138 1848 4191 οἱ

248 4223 665 4300 ἀπογραφόμενοι
696 4224 762 4277 τά
798 4223 1012 4299 ῥήματα
1061 4225 1293 4297 ἄγγελοι·
1346 4226 1599 4302 πάρεστιν
1656 4226 1683 4279 ό
1741 4229 1847 4280 Κύ-

247 4334 358 4391 ριος
406 4317 496 4375 τὰς
548 4309 812 4376 διαθέσεις
885 4320 984 4366 τῶν
1060 4314 1320 4368 εἰσιόντων
1404 4318 1721 4374 ἐπισκοπῶν.
1787 4315 1847 4369 Ἠ

244 4407 522 4477 προσευχή
592 4403 814 4457 ἑκάστου
867 4407 1223 4477 πεφανέρωται
1250 4412 1321 4476 τῷ
1352 4412 1486 4477 Θεῷ’
1518 4410 1601 4468 τίς
1638 4404 1693 4459 έκ
1732 4400 1849 4459 δια-

1961 3261 2223 3321 suasque
2235 3243 2584 3318 languidius
2595 3242 3379 3301 exeruntactiones.Etenim
3394 3241 3442 3299 si
3454 3243 3613 3315 Moy-

1958 3351 2055 3393 ses
2100 3334 2393 3393 attolleret
2436 3348 2678 3403 manus,
2723 3332 3003 3389 vincebat
3032 3331 3328 3389 Israel”:
3364 3331 3612 3405 quando

1955 3440 2101 3482 vero
2130 3439 2234 3481 eas
2265 3421 2638 3490 demittebat,
2664 3420 3035 3495 praevalebat
3060 3420 3323 3483 Amalec.
3366 3420 3487 3477 Hoc
3500 3423 3612 3494 est,

1956 3518 2164 3572 nostra
2203 3512 2456 3570 facultas
2497 3515 2746 3568 actuosa
2780 3510 3082 3584 siquando
3102 3509 3321 3567 fatiscit
3346 3526 3417 3566 ac
3446 3524 3614 3583 pros-

1954 3604 2224 3674 ternitur,
2249 3603 2314 3660 in
2341 3618 2455 3659 nos
2475 3600 2801 3676 pravalent
2830 3600 3189 3657 adversariis
3235 3604 3561 3673 potestates
3595 3618 3609 3657 :

1957 3708 1989 3750 e
2018 3692 2340 3756 contrario,
2374 3691 2424 3748 si
2476 3706 2547 3747 ea
2578 3690 2819 3747 sublata
2847 3689 2910 3745 in
2949 3688 3137 3745 altum
3169 3688 3244 3744 sit
3300 3694 3356 3745 et
3382 3692 3610 3753 erecta;

1954 3784 2047 3840 vis
2058 3787 2269 3840 nostra
2282 3781 2528 3838 videndi
2547 3780 2703 3836 vires
2724 3779 2990 3851 majores
3009 3777 3276 3835 resumit.
3301 3776 3610 3850 Siquidem

1955 3873 2062 3946 qui
2110 3871 2327 3945 quaerit
2354 3869 2658 3938 sublimia,
2695 3868 2987 3925 sustollit:
3022 3866 3283 3925 extendit
3320 3881 3485 3936 vero,
3505 3864 3613 3939 qui

1957 3961 2039 4021 ad
2068 3959 2517 4035 comparandas
2543 3974 2638 4016 res
2685 3958 3030 4031 corporales
3072 3956 3362 4014 auxilium
3396 3959 3611 4026 rogat.

1956 4053 2034 4126 (6)
2073 4052 2184 4119 Qui
2240 4050 2421 4123 igitur
2474 4050 2537 4107 in
2588 4048 2815 4122 templo
2863 4048 2965 4105 Dei
3018 4051 3125 4113 est,
3151 4062 3277 4103 non
3325 4045 3609 4115 convitia,

1955 4156 2083 4200 non
2110 4157 2207 4199 res
2251 4156 2466 4207 vanas,
2497 4154 2623 4197 non
2647 4137 2834 4195 verba
2862 4136 3144 4195 obscenis
3186 4136 3369 4193 rebus
3396 4135 3614 4193 referta

1954 4229 2201 4304 profert,
2235 4229 2422 4286 absit!
2475 4228 2581 4284 sed
2611 4229 2684 4284 In
2723 4227 2946 4297 templo
2985 4228 3134 4296 ejus,
3184 4228 3250 4281 ut
3288 4224 3369 4281 ait
3397 4222 3610 4295 David,

1956 4321 2206 4394 quisque
2232 4319 2383 4376 dicit
2405 4319 2685 4389 gloriam.
2711 4318 2921 4373 Astant
2940 4314 3159 4386 angeli,
3181 4315 3286 4386 qui
3312 4312 3497 4370 verba
3512 4312 3614 4369 de-

1958 4409 2233 4466 scribunt
2258 4427 2271 4466 :
2305 4407 2476 4465 adest
2507 4405 2818 4470 Dominus,
2840 4404 2947 4478 qui
2975 4405 3249 4462 animum
3269 4402 3612 4473 ingredien-

251 4494 459 4560 θέσεως,
490 4495 568 4553 τίς
624 4491 979 4565 ἐπιστημόνως
1040 4491 1279 4557 ἐπιζητεῖ
1347 4496 1417 4547 τὰ
1479 4494 1713 4569 οὐράνια·
1770 4500 1846 4558 τίς

1957 4497 2106 4556 tium
2120 4498 2400 4555 intuetur.
2414 4499 2623 4553 Preces
2638 4494 3118 4566 uniuscujusque
3137 4491 3469 4549 manifestae
3491 4491 3613 4548 Deo

251 4579 630 4655 ἀφωσιωμένως
662 4583 841 4657 ἄκροις
887 4583 997 4644 τοῖς
1024 4582 1230 4655 χεᾶεσι
1286 4584 1353 4635 τὰ
1405 4584 1621 4658 ῥήματα
1685 4586 1846 4657 φθέγ-

247 4672 469 4743 γεται.ἠ
525 4667 585 4725 δε
638 4668 839 4745 καρδία
894 4670 1055 4725 αὐτοῦ
1101 4670 1279 4747 πόρῥω
1338 4671 1525 4744 ἀπέχει
1556 4671 1656 4726 ἀπὸ
1688 4680 1842 4743 Θεοῦ,

250 4761 357 4817 Κᾶν
414 4763 662 4836 εὔχηται,
691 4764 891 4835 ὑγίειαν
923 4765 1140 4839 σαρκός,
1194 4766 1284 4816 καὶ
1340 4766 1638 4838 σωματικὸν
1693 4763 1849 4818 πλοῦ-

245 4872 352 4924 τον,
378 4858 469 4907 καὶ
497 4850 657 4918 δόξαν
688 4851 1014 4929 ἀνθρωπίνην
1044 4852 1302 4915 ἐπιζητεῖ.
1345 4860 1430 4907 Δεῖ
1463 4850 1498 4907 δ
1501 4857 1523 4907 ι
1552 4850 1704 4908 ούδεν
1731 4856 1846 4908 τού-

244 4964 366 5013 των,
394 4946 460 5006 ὡς
511 4944 537 4995 ό
592 4942 745 5015 λόγος
801 4939 1073 5013 διδάσκει,
1114 4941 1224 4995 ἀλλ’
1287 4942 1367 4997 Ἐν
1414 4950 1488 5014 τῷ
1534 4951 1640 5015 ναῷ
1683 4943 1844 4997 αὐτοῦ

245 5041 342 5096 πᾶς
404 5053 480 5096 τις
527 5031 664 5105 λέγει
730 5028 909 5097 δόξαν.
973 5031 1129 5101 Ἀλλ’,
1181 5033 1221 5083 ὦ
1273 5039 1365 5086 τοῦ
1420 5031 1721 5107 θαύματοςῐ
1778 5034 1845 5085 Οἱ

245 5126 453 5199 οῦρανοὶ
515 5118 826 5195 διηγοῦνται
891 5116 1050 5185 δόξαν
1115 5126 1273 5176 Θεοῦ.
1328 5120 1590 5194 Ἀγγέλοις
1671 5123 1842 5197 ἔργον,

313 5271 362 5307 ⁸ο
399 5266 587 5327 Exod.
618 5282 756 5326 xvn.
788 5269 872 5324 ιι.
950 5266 999 5302 ⁸ο
1040 5265 1197 5324 Psal.
1235 5266 1434 5330 xxvni,
1466 5268 1518 5322 9.

256 5482 270 5495 ι
314 5413 389 5495 (1)
427 5416 531 5495 K01}.
557 5415 718 5487 μόνου
768 5411 887 5467 καθ’
918 5411 1119 5467 ἑαυτόν.
1161 5411 1330 5469 Forte
1377 5412 1535 5483 μόνου
1582 5412 1672 5463 καὶ
1722 5407 1841 5462 καθ’

248 5486 443 5541 ἑαυτόν.
476 5486 629 5541 Emr.

315 5556 393 5636 (si
429 5556 516 5636 ex.
539 5555 711 5636 sepia.
737 5572 796 5630 ιι.
829 5559 921 5615 τε-

315 5625 396 5699 (3)
434 5624 610 5700 lbidf,
634 5631 725 5686 73.

1958 4592 2129 4654 sunt;
2162 4586 2267 4660 qui
2297 4601 2371 4642 ex
2401 4584 2642 4655 affectu,
2672 4584 2810 4658 quis
2839 4583 2983 4640 scite
3008 4581 3287 4655 exquirat
3310 4579 3610 4646 caelestia;

1955 4677 2095 4751 quis
2120 4674 2526 4749 perfunctorie
2547 4676 2606 4731 et
2624 4671 2909 4730 extremis
2927 4670 3112 4729 labris
3130 4669 3317 4727 verba
3339 4684 3612 4743 pronun-

1955 4766 2079 4831 tiet,
2119 4780 2224 4822 cor
2250 4779 2394 4822 vero
2436 4762 2632 4837 ipsius
2657 4760 2872 4834 procul
2910 4775 2948 4817 a
2985 4763 3125 4817 Deo.
3159 4758 3330 4826 Quod
3369 4757 3419 4814 si
3456 4761 3609 4827 orat,

1954 4855 2154 4913 carnis
2180 4853 2526 4923 sanitatem,
2548 4865 2818 4925 opesque
2838 4864 3165 4923 corporeas
3190 4852 3248 4906 et
3273 4848 3610 4906 humanam

1953 4944 2208 5016 gloriam
2240 4942 2552 5016 efﬂagitat.
2601 4943 2826 4997 Horum
2858 4943 3061 4996 autem
3099 4937 3249 4995 nihil
3279 4937 3609 5011 petendum

1952 5039 2061 5098 est,
2095 5038 2159 5091 ut
2198 5031 2499 5106 Scriptura
2525 5030 2701 5088 docet
2728 5047 2741 5086 :
2776 5029 2885 5087 sed
2922 5029 2994 5085 In
3027 5029 3241 5099 tempto
3271 5031 3401 5099 ejus
3425 5044 3610 5084 unus-

1951 5124 2203 5198 quisque
2224 5122 2369 5180 dicit
2390 5121 2653 5193 gloriam
2666 5121 2733 5175 ⁶⁰.
2750 5121 2990 5191 Verum,
3004 5134 3041 5176 o
3063 5133 3193 5176 rem
3210 5116 3609 5177 admiratione

2024 5409 2103 5480 (ι)
2141 5406 2318 5476 lbid.,
2339 5411 2430 5463 75.

2024 5476 2098 5553 (5)
2136 5480 2220 5553 Ex
2245 5479 2570 5553 comment.
2593 5476 2833 5553 in_Isa.,
2864 5477 2990 5553 408.

2022 5549 2104 5623 (6)
2142 5550 2229 5609 Ex
2255 5551 2429 5611 hom.
2462 5551 2526 5608 in
2545 5549 2703 5621 psai.
2734 5563 2928 5618 xxvm,
2961 5550 3084 5605 122.
