4084 6384
475 333 614 391 1243

1428 322 1790 380 ΛΡΡΕΝΒΙΧ.
1828 349 1899 360 ——
1935 317 2278 376 SYMEONIS
2316 317 2872 376 METAPHRASTE.

3708 320 3879 376 1244

478 454 758 529 dignam!
783 456 926 513 Caeli
952 457 1245 511 enarrant
1272 450 1532 524 gloriam
1556 448 1668 504 Dei
1686 449 1754 500 δι.
1784 447 1972 501 Deum
2003 442 2125 514 glo-

2248 440 2523 515 Ῠοξολογεῖν
2549 446 2636 496 τὸν
2675 447 2825 498 Θεόν.
2870 445 3024 516 Πάσῃ
3056 451 3118 517 τῇ
3171 450 3397 517 στρατιᾷ
3457 452 3564 497 τῶν
3620 445 3876 520 ἐπουρα-

478 549 572 605 ria
599 546 857 613 afﬁcere,
889 544 1245 614 angelorum
1274 555 1498 596 munus
1527 542 1638 595 est.
1671 539 1791 592 Hoc
1819 549 2012 591 unum
2041 535 2130 588 est

481 637 666 695 totius
698 634 953 691 caelestis
985 631 1272 690 exercitus
1301 629 1590 695 ofﬁcium,
1621 625 1839 682 referre
1881 621 2132 680 creatori

481 725 758 796 gloriam.
781 726 1066 780 Creatura
1085 720 1302 782 omnis,
1318 724 1449 776 tum
1473 716 1678 779 silens,
1694 718 1823 771 tum
1847 713 2130 784 loquens,

481 819 614 872 tum
641 813 912 877 caelestis,
946 817 1075 869 tum
1107 815 1360 875 terrena,
1389 807 1491 864 dat
1519 805 1774 877 gloriam
1799 801 2122 860 conditori.

480 903 842 963 Miserabiles
879 917 1020 959 vero
1056 900 1354 970 homines,
1387 901 1714 970 postquam
1744 893 1978 949 aedibus
2009 891 2134 946 suis

481 993 698 1052 relictis
728 993 808 1049 ad
835 990 1129 1064 templum
1160 990 1572 1054 cucurrerunt,
1596 983 1771 1058 quasi
1815 981 2132 1055 quidpiam

481 1082 863 1140 consecuturi
908 1078 1318 1143 emolumenti,
1348 1081 1552 1134 tamen
1590 1073 1693 1130 Dei
1727 1071 1927 1129 verbis
1956 1085 2133 1126 aures

480 1187 605 1229 non
616 1171 905 1246 praebent,
922 1186 1100 1227 suam
1121 1169 1392 1242 ipsorum
1404 1171 1686 1222 naturam
1701 1178 1825 1219 non
1838 1160 2131 1227 sentiunt;

480 1277 606 1320 non
626 1265 880 1318 mcerent
904 1261 1053 1316 dum
1070 1257 1539 1315 reminiscuntur
1559 1256 1975 1327 peccatorum;
2007 1265 2131 1305 non

480 1351 693 1408 timent
712 1348 1047 1422 judicium;
1090 1346 1197 1404 sed
1225 1344 1581 1413 arridentes,
1609 1347 1665 1398 et
1697 1341 1850 1397 inter
1887 1355 1949 1394 se
1986 1340 2130 1410 jun-

482 1444 694 1512 gentes
719 1440 988 1507 dextras,
1027 1435 1388 1510 precationis
1418 1434 1672 1490 domum
1699 1431 1763 1486 in
1789 1430 1991 1486 locum
2017 1429 2131 1484 im-

481 1529 741 1588 modicae
781 1527 1168 1601 loquacitatis
1209 1529 1464 1589 vertunt,
1495 1521 1798 1595 aspernati
1842 1519 2131 1576 Davidem

482 1619 893 1676 declarantem
911 1623 969 1675 et
987 1617 1286 1673 dicentem
1310 1633 1324 1670 :
1345 1616 1414 1670 In
1437 1614 1655 1681 templo
1670 1614 1799 1682 ejus
1819 1610 2132 1682 unusquis-

483 1724 598 1781 que
609 1709 756 1764 dicit
776 1709 1057 1779 gloriam.
1084 1709 1166 1762 Tu
1185 1721 1328 1761 vero
1344 1719 1469 1761 non
1484 1701 1669 1758 modo
1689 1716 1812 1757 non
1832 1698 2126 1771 loqueris:

2236 537 2355 584 νίων
2408 532 2456 585 ἓν
2508 540 2658 587 τοῦτο
2710 535 2874 606 ἔργον,
2908 530 3066 597 δόξαν
3121 532 3434 606 ἀναπέμπειν
3473 542 3547 604 τῷ
3573 539 3872 586 κτίσαντι.

2236 618 2294 676 Ἠ
2326 627 2500 685 κτίσις
2528 629 2697 691 πᾶσα,
2729 623 2759 680 ἢ
2820 642 2873 675 τε
2904 631 3162 676 σιωπῶσα
3200 628 3290 675 καὶ
3339 625 3690 695 φθεγγομένη,
3728 622 3762 680 ἣ
3813 642 3878 675 τε

2238 713 2608 785 ὑπερκόσμιος,
2641 715 2670 770 ἡ
2727 731 2782 764 τε
2833 716 3110 785 περίγειος,
3165 709 3380 776 δοξάζει
3425 715 3513 765 τόν
3562 718 3870 765 κτίσαντα.

2238 802 2538 876 ’Ἄνθρωποι
2593 798 2651 854 δὲ
2697 801 2922 871 ἐλεεινοί,
2954 801 3323 864 καταλιπόντες
3366 805 3487 864 τοὺς
3545 805 3732 863 οἴκους
3763 807 3875 854 καὶ

2239 891 2323 944 ἐπὶ
2348 895 2434 943 τόν
2488 893 2607 942 ναόν
2649 887 2931 965 δραμόντες
2962 891 3062 961 (3),
3093 893 3163 952 ὡς
3201 887 3268 950 δή
3300 911 3351 944 τι
3399 890 3612 951 ἑαυτοὺς
3652 889 3873 962 ὠφελη-

2243 1000 2436 1048 σοντες,
2464 980 2570 1053 οὐχ
2637 981 2901 1052 ὑπέχουσι
2959 983 3055 1040 τὰς
3118 979 3274 1042 ἀκοὰς
3333 981 3506 1052 λόγοις
3570 988 3737 1050 Θεοῦ,
3803 981 3870 1031 οὗ

2239 1069 2593 1142 λαμϐάνουσιν
2637 1072 2891 1128 αἴσθησιν
2941 1079 3037 1132 τῆς
3089 1070 3283 1122 ἑαυτῶν
3338 1072 3563 1143 φύσεως,
3631 1069 3696 1122 οῦ
3755 1071 3869 1121 λυ-

2239 1167 2458 1212 ποῦνται
2505 1159 2577 1220 εἰς
2628 1165 2836 1231 μνήμην
2887 1167 2987 1210 τῶν
3039 1158 3304 1234 ἁμαρτιῶν
3351 1157 3748 1232 ἀφικνούμενοι,
3797 1160 3867 1210 οὐ

2240 1253 2492 1321 τρέμουσι
2511 1255 2605 1306 την
2644 1253 2838 1321 κρίσιν·
2874 1247 3006 1300 ἀλλὰ
3048 1245 3348 1320 μειδιῶντες
3394 1253 3485 1300 καὶ
3521 1250 3618 1310 τὰς
3672 1245 3869 1310 δεξιὰς

2241 1337 2475 1398 ἀλληλοις
2535 1336 2883 1409 ἐμϐάλλοντες,
2941 1341 3096 1391 τόπον
3153 1337 3504 1409 μακρολογίας
3561 1340 3649 1389 τόν
3706 1335 3867 1389 οἷκον

2239 1434 2512 1480 ποιοῦνται
2556 1435 2644 1488 τῆς
2683 1436 3006 1499 προσευχῆς,
3063 1429 3446 1500 παρακούοντες
3474 1435 3567 1479 τοῦ
3624 1427 3868 1500 Ψαλμῳ-

2243 1515 2340 1568 δοῦ
2395 1513 2880 1592 διαμαρτυρομένου
2920 1522 3009 1568 καὶ
3053 1516 3308 1588 λέγοντος,
3341 1519 3421 1568 ὄτι
3480 1518 3560 1570 Ἐν

2240 1613 2332 1658 τοῦ
2373 1613 2505 1658 Θεοῦ
2536 1612 2638 1668 πᾶς
2670 1625 2748 1668 τις
2778 1605 2912 1676 λέγει
2943 1601 3122 1668 δόξαν.
3156 1610 3223 1660 Σὺ
3263 1603 3324 1658 δέ
3364 1605 3424 1657 οῦ
3453 1611 3608 1679 μόνον
3650 1607 3714 1658 οῦ
3775 1606 3870 1658 λέ-

2239 1715 2368 1768 γεις,
2413 1693 2542 1748 ἀλλὰ
2586 1699 2675 1747 καὶ
2719 1694 2871 1768 ἑτέρῳ
2902 1691 3155 1768 ἐμπόδιον
3195 1700 3336 1768 γίνῃ,
3367 1693 3693 1769 ἐπιστρέφων
3725 1700 3870 1768 πρὸς

485 1797 592 1855 sed
619 1796 788 1853 alteri
813 1797 996 1852 etiam
1015 1812 1079 1852 es
1102 1794 1554 1868 impedimento,
1583 1792 1847 1864 quicum
1867 1790 1973 1846 tibi
1999 1788 2133 1845 red-

2248 1784 2443 1839 ἑαυτόν,
2469 1789 2554 1842 Μὴ
2589 1788 2689 1858 γὰρ
2714 1781 2874 1846 δόξης
2906 1781 3167 1838 ἐπιδέεται
3209 1787 3237 1836 ό
3278 1787 3429 1855 Θεὸς,
3460 1784 3591 1838 ἀλλὰ
3622 1788 3684 1838 σὲ
3729 1784 3876 1857 βού-

483 1885 597 1941 das
627 1888 942 1941 attentum.
981 1886 1136 1940 Deus
1165 1882 1324 1938 enim
1355 1880 1606 1936 minime
1650 1879 1878 1948 indiget
1906 1877 2133 1949 gloria;

485 1973 592 2029 sed
624 1978 680 2029 te
707 1973 834 2030 vult
863 1988 994 2028 esse
1019 1973 1294 2041 dignum,
1325 1970 1430 2043 qui
1459 1983 1831 2041 consequare
1857 1967 2131 2037 gloriam.

484 2063 880 2134 Quapropter,
915 2062 1085 2131 Quod
1110 2061 1364 2117 seminat
1399 2060 1592 2125 homo,
1617 2058 1727 2114 hoc
1775 2064 1829 2114 et
1858 2063 2032 2113 metet
2062 2058 2133 2114 δ’.

557 2156 606 2208 ὅ.
633 2156 712 2220 (1)
735 2153 961 2208 Censeo
987 2155 1191 2207 autem
1215 2153 1492 2221 oportere
1519 2151 1638 2203 Deo
1667 2147 1834 2203 bona
1860 2146 2136 2215 largienti

483 2240 710 2314 gratias
735 2255 935 2310 agere,
957 2236 1424 2312 procrastinanti
1447 2252 1590 2292 vero
1610 2251 1732 2291 non
1760 2251 2135 2291 succensere.

483 2331 552 2386 Et
581 2343 729 2384 sane
759 2329 810 2384 si
839 2327 1018 2384 nobis
1056 2326 1288 2383 dederit
1337 2331 1534 2381 tecum
1564 2340 1713 2388 esse,
1748 2324 1979 2396 optima
2006 2324 2137 2380 haec

485 2416 786 2489 simulque
794 2413 1243 2487 jucundissima
1255 2413 1632 2486 parabimus;
1653 2411 1701 2467 si
1721 2428 1849 2468 rem
1879 2410 2137 2482 differat,

484 2505 784 2564 damnum
839 2505 1047 2560 leniter
1075 2504 1357 2561 feremus.
1392 2504 1539 2558 Nam
1579 2501 1792 2558 melius
1847 2501 2135 2574 profecto,

481 2610 670 2667 quam
692 2609 805 2649 nos
822 2593 937 2666 ipsi
958 2593 1175 2662 eligere
1187 2592 1513 2665 possimus,
1536 2595 1744 2647 nostra
1764 2591 2135 2646 moderatur.

482 2687 562 2752 (2)
592 2682 858 2753 Halcyon
889 2682 1012 2740 avis
1036 2683 1270 2737 marina
1297 2686 1404 2737 est.
1435 2685 1566 2736 Haec
1597 2679 1884 2753 depositis
1912 2679 1974 2734 in
2003 2679 2138 2751 ipsa

482 2787 668 2830 arena
691 2773 839 2843 ovis,
873 2772 1212 2828 secundum
1241 2771 1376 2844 ipsa
1407 2770 1606 2828 littora
1642 2770 1926 2826 fetiticare
1948 2768 2135 2835 solet;

484 2865 542 2918 et
570 2861 730 2917 circa
748 2861 1014 2918 mediam
1039 2861 1161 2918 fere
1185 2861 1447 2918 hiemem
1476 2860 1677 2934 pullos
1703 2859 1983 2928 excludit,
2009 2864 2136 2915 tum

483 2967 625 3010 cum
678 2968 848 3008 mare
894 2951 1098 3008 multis
1153 2956 1212 3008 et
1261 2950 1535 3008 violentis
1578 2949 1770 3006 ventis
1803 2949 1882 3005 ad
1918 2953 2136 3005 terram

489 3040 666 3112 526
694 3040 974 3098 alliditur.
1017 3045 1295 3099 Attamen
1342 3039 1782 3112 consopiuntur
1809 3038 1984 3094 .venti
2013 3055 2139 3094 om-

2239 1876 2381 1928 λεται
2436 1874 2578 1938 ἄξιον
2617 1870 2748 1925 εἶναι
2794 1881 2885 1926 του
2943 1870 3290 1937 δοξασθῆναι·
3345 1878 3508 1940 Διότι,
3547 1874 3614 1927 ”Ο
3645 1879 3872 1948 σπείρει

2243 1967 2532 2041 ἄνθρωπος,
2565 1970 2718 2017 τοῦτο
2747 1969 2836 2016 καὶ
2867 1965 3080 2038 θερίσει.

2315 2149 2366 2199 5.
2408 2149 2522 2217 Χρή
2559 2140 2619 2196 δὲ
2649 2138 2858 2195 διδόντι
2883 2146 2972 2215 μὲν
3001 2145 3068 2194 τὰ
3107 2142 3283 2215 ἀγαθὰ
3319 2151 3393 2213 τῷ
3437 2151 3552 2214 Θεῷ
3581 2146 3753 2216 χάριν
3799 2147 3877 2198 εἰ-

2245 2230 2411 2296 δέναι,
2471 2236 2822 2305 ταμιευομένῳ
2854 2229 2914 2284 δὲ
2953 2237 3023 2303 μὴ
3077 2228 3466 2305 δυσχεραίνειν.
3525 2237 3629 2285 Καὶ
3671 2233 3718 2285 εἰ
3767 2238 3873 2305 μὲν

2243 2325 2580 2395 παράσχοιτο
2622 2323 2871 2387 συνεῖναι,
2920 2328 3088 2374 ταῦτα
3125 2324 3250 2393 ἡμῖν
3281 2323 3477 2395 ἄριστά
3507 2341 3559 2374 τε
3590 2323 3726 2394 ὁμοῦ
3766 2330 3869 2375 καὶ

2247 2407 2449 2470 ἣδιστα
2495 2413 2824 2483 ἡγησόμεθα·
2886 2410 2930 2463 εἰ
2980 2407 3039 2464 δὲ
3068 2409 3399 2480 ἀναϐάλοιτο,
3433 2413 3610 2483 πράως
3642 2415 3868 2484 οἴσομεν

2243 2505 2338 2559 την
2371 2501 2584 2573 ζημίαν.
2623 2500 2860 2572 ’Ἄμεινον
2898 2503 2997 2574 γάρ
3037 2520 3137 2552 που
3183 2502 3411 2565 πάντως,
3445 2501 3473 2558 ἦ
3508 2503 3576 2562 ὡς
3606 2500 3664 2552 ἂν
3707 2503 3866 2572 ἡμεῖς

2244 2590 2630 2662 προειλοίμεθα,
2701 2585 2979 2642 διοικεῖται
3058 2593 3124 2642 τα
3175 2590 3420 2662 ἡμέτερα.
3467 2589 3685 2642 Ἀλκυὼν
3729 2588 3851 2641 ἐστι

2249 2679 2521 2732 θαλάττιον
2572 2682 2761 2753 ὄρνεον.
2820 2679 2960 2737 Αὕτη
3016 2679 3140 2754 παρ’
3172 2679 3357 2739 αὐτοὺς
3407 2681 3670 2732 νοσσεύειν
3727 2683 3858 2740 τοὺς

2246 2769 2516 2840 αἰγιαλοὺς
2563 2776 2806 2841 πέφυκεν,
2862 2769 2940 2821 ἐπ’
3006 2769 3174 2829 αὐτῆς
3213 2772 3276 2821 τὰ
3332 2769 3409 2821 διὰ
3465 2779 3559 2830 τῆς
3630 2769 3863 2840 ψάμμου

2245 2861 2590 2931 καταθεμένη·
2647 2865 2736 2910 καὶ
2778 2862 3017 2911 νοσσεύει
3051 2861 3186 2910 κατά
3252 2862 3408 2928 μέσον
3462 2878 3562 2910 που
3604 2862 3691 2910 τόν
3738 2879 3863 2930 χει-

2247 2957 2411 3022 μῶνα,
2449 2951 2529 3001 ὅτε
2566 2949 2772 3010 πολλοῖς
2809 2954 2898 3000 καὶ
2943 2947 3142 3020 βιαίοις
3173 2947 3385 3020 ἀνέμοις
3424 2950 3452 3005 η
3507 2947 3760 3001 θάλασσα
3796 2959 3859 3020 τῇ

2246 3047 2312 3111 γῇ
2359 3039 2808 3113 προσαράσσεταιη
2872 3037 3006 3089 Ἀλλ’
3047 3040 3184 3110 ὅμως
3233 3036 3561 3108 κοιμίζονται
3591 3042 3682 3110 μὲν
3730 3041 3866 3091 πάνυ

482 3144 612 3198 nes,
652 3130 972 3201 quiescunt
1000 3129 1266 3202 aequorei
1304 3128 1548 3184 ﬂuctus"
1568 3143 1676 3200 per
1714 3132 1933 3200 septem
1980 3128 2133 3196 dies,

2248 3147 2323 3188 τες
2353 3129 2554 3199 ἄνεμοι,
2600 3127 2870 3198 ἡσυχάζει
2927 3123 2985 3180 δὲ
3032 3133 3176 3198 κῦμα
3227 3126 3534 3198 θαλάσσιον,
3575 3129 3704 3178 ὅταν
3765 3127 3866 3179 ἀλ-

482 3218 707 3291 quibus
730 3220 992 3291 halcyon
1023 3220 1153 3276 ovis
1178 3218 1445 3275 incubat.
1467 3219 1620 3273 Nam
1649 3217 1895 3273 totidem
1921 3217 2139 3274 diebus

484 3307 684 3365 solum
720 3308 920 3382 pullos
951 3307 1230 3365 excludit.
1284 3312 1433 3365 Cum
1472 3312 1675 3362 autem
1707 3311 1762 3363 et
1803 3308 1960 3363 victu
1988 3307 2137 3378 ipsis

483 3411 640 3468 Opus
669 3397 764 3467 sit,
783 3396 932 3454 alios
963 3402 1193 3468 septem
1217 3397 1346 3451 dies
1371 3396 1448 3453 ad
1476 3395 1780 3468 pullorum
1809 3396 2141 3452 incremen-

484 3487 616 3541 tum
638 3486 794 3540 Deus
822 3484 1346 3540 muniﬁcentissim
1357 3500 1425 3540 us
1453 3484 1707 3540 minimo
1726 3484 1868 3540 huic
1889 3483 2136 3540 animali

481 3573 774 3646 praestitit.
809 3573 1216 3638 Quamobrem
1239 3577 1294 3629 et
1318 3588 1530 3629 omnes
1551 3577 1750 3629 nautae
1780 3573 1896 3629 hoc
1919 3574 2137 3642 sciunt,

483 3661 736 3734 diesque
773 3661 906 3717 illos
956 3661 1263 3735 appellant
1309 3661 1701 3734 halcyoneos.
1733 3666 1843 3718 Res
1889 3662 2003 3718 illae
2033 3678 2139 3736 per

486 3751 588 3807 Dei
609 3750 670 3806 in
695 3750 874 3808 bruta
898 3751 1342 3824 providentiam
1373 3750 1617 3806 sancitae
1651 3756 1792 3807 sunt
1820 3757 1876 3808 et
1903 3751 2138 3807 ordina-

484 3842 581 3906 ιω,
608 3843 672 3894 ut
701 3844 765 3895 tu
810 3839 905 3895 his
931 3839 1230 3904 incitatus,
1259 3855 1333 3895 ea
1379 3856 1516 3912 quae
1564 3838 1640 3894 ad
1673 3845 1842 3896 tuam
1884 3839 2140 3896 salutem

485 3928 808 4000 pertinent,
833 3944 869 3983 a
891 3930 1008 3983 Deo
1031 3944 1347 4000 exposcas.
1411 3927 1564 3993 Quid
1586 3933 1688 3985 tua
1705 3944 1911 3996 causa,
1934 3929 2038 4002 qui
2059 3928 2140 3985 fa-

487 4020 618 4071 ctus
657 4031 720 4072 es
750 4016 830 4072 ad
861 4016 962 4072 Dei
989 4017 1338 4086 imaginem,
1377 4017 1558 4073 etiam
1589 4021 1804 4088 praeter
1830 4023 2140 4090 exspecta-

487 4103 715 4162 tionem
763 4105 889 4160 tieri
914 4121 1040 4161 non
1064 4106 1273 4177 possit,
1298 4122 1437 4161 cum
1461 4097 1711 4162 aviculae
1739 4106 1892 4162 adeo
1913 4107 2141 4177 exiguae

488 4192 684 4264 gratia
703 4198 944 4249 vastum
966 4199 1024 4250 et
1042 4194 1418 4250 horrendum
1447 4211 1614 4250 mare
1639 4196 1700 4250 in
1731 4195 1934 4251 media
1948 4196 2144 4251 hieme

487 4281 800 4353 quiescere
821 4283 1084 4353 jussum,
1109 4283 1448 4339 detineatur
1471 4300 1543 4339 ac
1567 4283 1868 4339 frenetur?
1911 4285 1968 4340 Si
1984 4285 2146 4341 enim

484 4369 776 4443 halcyoni
845 4376 1009 4428 tanta
1053 4372 1321 4442 largitur,
1356 4377 1585 4444 quanto
1647 4374 1883 4442 majora
1924 4373 1995 4428 iis
2042 4373 2148 4446 qui

2246 3222 2383 3269 κυὼν
2446 3217 2655 3286 ἐπωάζη
2722 3219 2815 3278 τὰς
2879 3216 3010 3268 ἑπτὰ
3063 3219 3295 3290 ἡμέρας·
3354 3215 3402 3267 ἐν
3441 3219 3735 3278 τοσαύταις
3759 3237 3867 3289 γαρ

2248 3311 2427 3378 μόναις
2484 3304 2739 3366 ἐκλεπίξει
2790 3309 2913 3366 τοὺς
2962 3309 3218 3367 νεοττούς.
3275 3310 3410 3358 Ἐπεὶ
3461 3303 3521 3358 δὲ
3549 3311 3638 3358 καὶ
3665 3317 3870 3380 τροφῆς

2249 3396 2424 3456 αὐτοῖς
2453 3400 2630 3468 χρεία,
2661 3394 2814 3454 ἁλλας
2862 3395 2993 3448 ἑπτὰ
3030 3399 3160 3467 πρὸς
3213 3400 3308 3454 τὴν
3361 3402 3460 3446 τῶν
3513 3403 3731 3448 νεοττῶν
3775 3403 3869 3449 αῦ-

2250 3485 2450 3548 ξησινό
2481 3481 2845 3558 μεγαλόδωρος
2891 3488 3021 3546 Θεὸς
3076 3493 3148 3555 τῷ
3209 3486 3506 3557 μικροτάτῳ
3541 3488 3658 3555 ζωῳ
3715 3505 3868 3557 παρ-

2249 3577 2460 3644 έσχετο.
2492 3573 2653 3625 "Qa-“rs
2708 3579 2794 3624 καὶ
2847 3579 3082 3626 ναυτικοὶ
3136 3577 3312 3633 πάντες
3351 3576 3507 3626 ἴσασι
3557 3581 3739 3636 τοῦτο,
3773 3582 3868 3626 καὶ

2249 3660 2557 3722 ἀλκυονίδας
2588 3664 2677 3722 τάς
2717 3664 2914 3734 ἡμέρας
2966 3661 3163 3724 ἐκείνας
3192 3665 3674 3736 προσαγορεύουσι.
3728 3669 3872 3715 Ταυ-

2248 3755 2314 3805 τά
2347 3772 2430 3804 σοι
2479 3752 2548 3813 εἰς
2595 3757 2894 3826 προτροπὴν
2934 3759 3025 3803 τοῦ
3058 3752 3217 3804 αἰτεῖν
3266 3754 3411 3826 παρά
3475 3759 3566 3804 τοῦ
3620 3759 3762 3804 Θεοῦ
3802 3757 3870 3804 τά

2249 3845 2380 3915 πρὸς
2421 3846 2686 3912 σωτηρίαν
2719 3837 2812 3893 διά
2841 3849 2932 3901 τῆς
2978 3847 3096 3914 περὶ
3128 3861 3194 3892 τα
3243 3840 3410 3912 οὶλογα
3439 3848 3531 3892 τοῦ
3563 3847 3692 3894 Θεοῦ
3735 3862 3870 3914 προσ

2249 3935 2388 3991 νοίας
2426 3932 2841 4002 νενομοθέτηται.
2889 3928 2957 3982 Τί
2986 3933 3088 4005 γάρ
3121 3930 3216 3982 οὐκ
3248 3930 3308 3982 ἂν
3359 3935 3560 4001 γένοιτο
3605 3938 3704 3981 τῶν
3763 3950 3870 3982 πα-

2251 4017 2488 4092 ραδόξων
2550 4020 2712 4072 ἕνεκεν
2771 4019 2969 4080 σοῦ.ὀς
3029 4021 3145 4070 κατ’
3203 4019 3377 4073 εἰκόνα
3439 4023 3657 4091 γέγονας
3710 4025 3869 4092 Θεοῦ,

2253 4110 2445 4179 ὃπουγε
2508 4111 2634 4183 ὑπὲρ
2703 4110 2904 4180 όςονιθος
2971 4109 3105 4160 οὕτω
3161 4115 3355 4182 μικρᾶς
3410 4111 3439 4168 η
3511 4107 3713 4181 μεγάλη
3779 4117 3872 4163 καὶ

2255 4197 2448 4270 φοϐερὰ
2484 4201 2768 4269 κατέχεται
2807 4197 3069 4260 θάλασσα,
3116 4197 3163 4250 ἐν
3213 4203 3356 4270 μέσῳ
3418 4207 3648 4270 χειμῶνι
3705 4199 3874 4270 γαλη-

2254 4308 2345 4345 νην
2390 4290 2532 4359 ἄγειν
2573 4287 2958 4359 ἐπιταχθεῖσα;
3001 4289 3061 4340 Εἰ
3090 4290 3191 4361 γὰρ
3235 4288 3444 4340 ἀλκυόνι
3471 4290 3536 4340 τά
3570 4288 3872 4346 τηλικαῦτα

2256 4381 2562 4450 χαρίζεται,
2599 4382 2747 4448 πόσῳ
2771 4378 2985 4449 μείζονα
3025 4375 3188 4430 δώσει
3213 4385 3319 4438 τοῖς
3363 4377 3416 4440 ἐξ
3473 4377 3596 4440 ὅλης
3633 4376 3873 4451 καρδίας

485 4459 686 4532 ipsum
745 4465 870 4517 toto
917 4462 1100 4517 corde
1140 4461 1443 4530 invocant,
1502 4478 1907 4518 concessurus
1983 4470 2070 4518 est
2117 4465 2137 4519 ‘1

2259 4465 2622 4538 ἐπιϐοωμένοις
2683 4466 2871 4531 aurea;
2945 4471 3208 4538 ῐῐείσωμεν
3270 4474 3548 4537 τοιγαροῦν
3623 4466 3870 4537 ἑαυτοὺς,

490 4550 887 4622 Quapropter,
920 4568 956 4606 ο
1000 4551 1234 4615 fratres,
1264 4551 1414 4607 illud
1461 4555 1749 4618 statutum
1780 4552 2142 4622 habeamus,

490 4654 630 4696 cum
655 4640 885 4696 caeteris
916 4640 978 4695 in
1005 4641 1286 4711 precibus
1317 4641 1562 4707 nostris,
1598 4645 1727 4696 tum
1757 4642 1934 4697 etiam
1959 4647 2145 4697 tenta-

488 4728 668 4784 tionis
698 4733 990 4801 tempore,
1015 4744 1138 4785 non
1168 4729 1248 4785 ad
1279 4730 1583 4785 humanas
1627 4745 1768 4802 spes
1815 4745 2147 4801 accurrere,

489 4832 687 4888 neque
717 4817 858 4873 hinc
887 4819 1094 4874 venari
1133 4819 1313 4874 nobis
1345 4818 1675 4873 auxilium:
1725 4818 1830 4873 sed
1874 4818 1935 4874 in
1961 4819 2150 4891 lacry-

489 4905 606 4958 mis
628 4909 684 4959 et
715 4906 989 4978 suspiriis
1021 4913 1078 4962 et
1104 4907 1412 4962 laboriosa
1440 4923 1616 4978 prece
1647 4906 1979 4979 vigiliisque
2001 4907 2150 4963 assi-

491 4992 627 5048 duis
653 5008 859 5064 preces
897 4995 1172 5053 fundere.
1215 4996 1306 5052 Sic
1335 4996 1498 5052 enim
1533 5012 1643 5050 sua
1672 4996 2149 5057 1evatur,anxie-

489 5086 632 5148 tate,
664 5083 769 5154 qui
794 5089 847 5139 et
875 5084 1214 5141 humanum
1244 5085 1533 5141 auxilium
1577 5092 1643 5141 ut
1673 5101 1902 5141 vanum
1948 5090 2148 5142 conte-

490 5172 662 5242 mnit,
686 5176 742 5228 et
772 5187 908 5244 spes
949 5174 1011 5228 in
1058 5190 1216 5244 eum,
1251 5175 1347 5228 cui
1379 5175 1660 5231 servandi
1688 5175 1876 5230 nostri
1906 5180 1996 5231 est
2042 5191 2148 5248 po-

562 5317 607 5351 ⁶¹
651 5315 806 5371 Psal.
838 5331 988 5383 xvui,
1023 5321 1081 5371 2.
1165 5318 1214 5352 δ’
1254 5315 1443 5374 Galat.
1475 5333 1555 5388 vi,
1579 5321 1631 5373 8.

561 5459 636 5527 (τι)
676 5457 760 5530 Ex
785 5458 955 5530 epist.
981 5477 1018 5528 ι,
1046 5461 1137 5515 70.

564 5532 641 5598 (2)
683 5529 765 5584 Ex
794 5529 962 5587 hom.
993 5546 1086 5586 vni
1117 5531 1180 5585 in
1205 5531 1482 5601 Exaem.,
1504 5535 1593 5601 '75.

566 5600 639 5671 (3)
681 5608 986 5676 Δραμόντες.
1077 5604 1397 5660 Contextus
1468 5599 1878 5674 συνδραμόντες.
1940 5602 2142 5659 Codex

2260 4552 2492 4628 ἀδελφοὶ,
2543 4561 2632 4608 καὶ
2685 4554 2733 4607 ἐν
2795 4563 2912 4616 ταῖς
2959 4555 3141 4616 άλλαις
3179 4560 3324 4628 ἤμῶν
3379 4555 3646 4622 αἰτήσεσι,
3695 4562 3791 4609 καὶ
3823 4558 3870 4609 ἐν

2255 4653 2421 4718 καιρῷ
2451 4652 2768 4718 πειρασμοῦ,
2801 4649 2872 4716 μὴ
2914 4648 3043 4719 πρός
3095 4643 3420 4718 ἀνθρωπίνας
3478 4641 3700 4706 ἐλπίδας
3731 4644 3868 4698 ἀπο-

2254 4738 2482 4808 τρέχειν,
2549 4730 2687 4806 μηδὲ
2758 4733 2946 4786 ἐκεῖθεν
3009 4733 3212 4794 ἑαυτοῖς
3260 4736 3354 4795 τάς
3397 4731 3648 4805 βοηθείας
3707 4737 3868 4810 θηρᾶ-

2259 4825 2405 4875 σθαι”
2455 4821 2561 4874 ἀλλ’
2617 4823 2664 4874 ἐν
2698 4819 2931 4897 δάκρυσι
2981 4828 3071 4874 καὶ
3120 4829 3446 4894 στεναγμοῖς,
3479 4828 3572 4874 καὶ
3607 4823 3866 4895 φιλοπόνῳ

2254 4920 2557 4985 προσευχῇ,
2607 4916 2697 4964 καὶ
2736 4911 3000 4986 ἀγρυπνίᾳ
3054 4911 3262 4981 εὐτόνῳ,
3312 4914 3400 4972 τάς
3447 4908 3657 4969 δεήσεις
3707 4919 3860 4963 ποιεῖ-

2258 5003 2405 5057 σθαι,
2438 5003 2588 5052 Οὕτω
2632 5003 2733 5073 γάρ
2783 5000 3034 5072 λαμϐάνει
3088 4999 3337 5074 βοήθειαν
3393 5000 3448 5052 ἐκ
3496 5000 3728 5071 θλίψεως,
3767 5005 3849 5050 καὶ

2253 5099 2344 5150 τῆς
2401 5088 2727 5164 ἀνθρωπίνης
2787 5089 3038 5162 βοηθείας
3109 5093 3172 5150 ὡς
3225 5095 3456 5162 ματαίας
3508 5096 3856 5162 καταφρονῶν,

2253 5185 2343 5231 χαὶ
2370 5188 2429 5251 τῇ
2479 5179 2561 5232 ἐπὶ
2605 5183 2690 5231 τόν
2731 5179 2916 5240 σώζειν
2958 5176 3239 5252 δυνάμενον
3284 5180 3421 5250 ἡμᾶς
3461 5176 3642 5231 ἐλπίδι
3680 5197 3865 5251 στηρι-

2252 5463 2469 5531 Regius
2499 5463 2547 5516 έν
2576 5471 2644 5534 νῷ
2684 5471 2842 5520 Θεοῦ.
2883 5465 3170 5521 Contextu
3205 5464 3290 5518 ἐπὶ
3315 5467 3398 5517 τὸν
3424 5467 3565 5522 ναόν.
3614 5465 3762 5522 Hac
3817 5468 3884 5523 ιη

2251 5535 2426 5592 editis
2453 5535 2674 5592 nostris
2701 5535 2968 5592 deerant.
