4084 6376
237 292 377 349 1245

1468 294 1701 353 εειωο
1739 296 1802 353 Χ.
1829 325 1901 340 --
1937 298 2029 355 DE
2066 297 2371 354 JEJUNIO.

3459 297 3600 354 1246

236 414 472 489 ζόμενος.
501 415 623 470 Ὀτι
651 416 794 489 αύτῷ
822 421 1004 491 πρέπει
1033 419 1063 478 ἡ
1099 415 1233 482 δόξα
1272 423 1365 473 καὶ
1396 421 1428 478 ἡ
1473 424 1837 495 προσκύνησις

1953 426 2152 493 testas,
2179 422 2411 481 nititur.
2450 421 2749 489 Quoniam
2796 421 2913 495 ipsi
2959 420 3214 479 debetur
3271 421 3481 493 gloria,
3540 423 3603 479 et

239 510 337 558 σὺν
362 513 435 578 τῷ
465 504 684 581 ἀνάρχῳ
721 509 880 561 αὑτοῦ
924 514 1093 584 Πατρὶ
1143 513 1335 581 καὶτῷ
1384 512 1623 583 ζωοποιῷ
1680 516 1836 566 Πνεύ-

236 615 390 668 ματι,
429 602 517 650 νῦν
555 600 647 651 καὶ
685 595 788 666 ἀεὶ,
842 601 934 651 καὶ
989 597 1058 660 εἰς
1093 602 1213 661 τοὺς
1250 598 1439 663 αἰῶνας
1476 609 1577 653 τῶν
1614 601 1835 659 αἰώνων.

239 684 428 758 ’Δμήν.

766 787 921 842 ΠΕΡΙ
966 792 1312 846 ΝΗΣΤΕΙΑΣ.

881 901 1099 950 ΛΟΓΟΣ
1142 896 1198 952 Ι’.

315 1020 366 1074 1.
400 1022 696 1091 Στρατηγοὶ
720 1037 813 1092 μεν
860 1020 929 1082 εἰς
952 1022 1244 1097 παράταξιν
1272 1026 1359 1077 τὸν
1391 1029 1616 1101 στρατόν
1654 1030 1841 1084 καθισ-

238 1114 446 1172 τῶντες,
497 1114 610 1170 τοῖς
648 1108 1063 1184 παρακλητικοίς
1112 1111 1284 1185 λόγοις
1328 1119 1430 1191 πρό
1478 1124 1580 1169 τῶν
1626 1117 1839 1189 ἀγώνων

240 1199 553 1271 κέχρηνται,
584 1202 675 1250 καὶ
721 1202 984 1259 τοσαύτην
1035 1204 1149 1274 ἔχει
1199 1198 1423 1277 δύναμιν
1448 1207 1478 1264 ἡ
1511 1210 1837 1280 παραίνεσις,

241 1287 379 1341 ὥστε
407 1290 498 1339 καὶ
526 1294 619 1340 τοῦ
647 1288 868 1341 θανάτου
893 1288 1145 1354 πολλάκις
1174 1298 1561 1369 καταφρόνησιν
1587 1295 1840 1367 ἐμποιεῖν.

242 1380 549 1448 Γυμνασταὶ
580 1370 638 1429 δε
661 1381 753 1430 καὶ
781 1374 1150 1453 παιδοτρίϐαι,
1179 1385 1309 1457 πρὸς
1342 1388 1462 1446 τοὺς
1499 1387 1548 1437 ἐν
1578 1391 1689 1448 τοῖς
1719 1404 1843 1438 στα-

245 1461 380 1526 δίοις
426 1462 629 1537 ἀγῶνας
665 1470 788 1530 τοὺς
832 1466 1062 1531 ἀθλητὰς
1105 1474 1481 1543 προσάγοντες,
1524 1471 1689 1526 πολλά
1727 1479 1843 1547 περὶ

241 1562 336 1607 τοῦ
360 1562 562 1626 χρῆναι
588 1563 756 1608 πονεῖν
782 1559 908 1631 ὑπὲρ
944 1566 1045 1610 τῶν
1100 1562 1359 1632 στεφάνων
1414 1559 1802 1617 διακελεύονται
1827 1544 1866 1598 ·’

242 1646 375 1696 ὥστε
399 1649 488 1697 καὶ
520 1647 937 1706 συνεπείσθησαν
967 1647 1146 1701 πολλοὶ
1170 1658 1231 1723 τῇ
1264 1656 1382 1725 περὶ
1406 1657 1500 1711 τὴν
1524 1658 1671 1712 νίκην
1703 1652 1842 1726 φιλο-

1947 511 2244 583 adoratio,
2274 527 2418 568 cum
2446 515 2669 567 aeterno
2724 511 2857 584 ejus
2907 512 3100 581 Patre,
3156 520 3216 566 et
3257 508 3599 567 viviﬁcante

1948 601 2190 674 Spiritu,
2214 615 2377 658 nunc
2401 605 2460 659 et
2484 616 2745 675 semper,
2777 605 2834 658 et
2860 601 2924 657 in
2949 598 3174 657 saecula
3199 596 3588 657 saeculorum.

1944 694 2156 747 Amen.

2526 782 2628 838 DE
2662 780 3009 838 JEJUNIO.

2601 890 2830 948 SERMO
2868 887 2943 943 X.

2019 1018 2070 1073 1.
2100 1016 2176 1087 (2)
2200 1018 2389 1072 Duces
2414 1031 2553 1074 cum
2583 1015 2775 1073 aciem
2821 1014 3149 1083 instruunt,
3183 1011 3600 1071 exhortatoriis

1946 1105 2324 1164 orationibus
2355 1110 2493 1163 ante
2513 1104 2862 1163 conﬂictum
2893 1105 2979 1162 uti
3004 1103 3219 1167 solent,
3245 1106 3601 1178 tantamque

1947 1195 2067 1251 vim
2097 1194 2275 1252 habet
2296 1211 2368 1252 ea
2396 1194 2749 1265 exhortatio,
2773 1198 2839 1252 ut
2856 1195 3042 1251 etiam
3064 1192 3271 1251 mortis
3292 1197 3601 1266 contemp-

1950 1288 2078 1341 tum
2116 1285 2456 1357 frequenter
2477 1283 2706 1341 afferat.
2732 1282 3011 1341 Similiter
3049 1281 3343 1356 palaestrae
3380 1282 3599 1353 magis-

1949 1375 2023 1431 tri
2060 1380 2118 1430 et
2144 1373 2515 1447 paedotribaa,
2534 1390 2674 1430 cum
2700 1373 2780 1430 ad
2808 1373 2985 1430 stadii
3014 1377 3318 1430 certamen
3347 1370 3601 1431 athletas

1950 1463 2313 1536 producunt,
2340 1462 2531 1519 multa
2550 1462 2852 1519 disserunt
2884 1461 2960 1518 de
2988 1460 3197 1518 labore
3222 1476 3332 1535 pro
3363 1460 3601 1518 coronis

1948 1552 2330 1627 perferendo,
2363 1551 2518 1608 adeo
2564 1555 2632 1608 ut
2667 1550 2873 1608 multis
2902 1550 3330 1624 persuaserint,
3359 1554 3426 1606 ut
3473 1549 3603 1615 vin-

1950 1642 2125 1699 cendi
2145 1641 2344 1699 studio
2374 1657 2630 1714 corpora
2676 1643 3147 1698 contemnerent.
3171 1637 3423 1696 Proinde
3454 1638 3604 1697 mihi

239 1736 393 1805 τιμία
421 1742 521 1785 τῶν
563 1736 817 1807 σωμάτων
855 1733 1149 1809 ὑπεριδεῖν.
1206 1745 1386 1793 Τοίνυν
1434 1747 1522 1793 καὶ
1571 1741 1684 1814 ἐμοὶ
1727 1747 1843 1803 τοὺς

1953 1748 2215 1806 quoque,
2245 1731 2352 1805 qui
2378 1732 2590 1789 Christi
2618 1730 2837 1788 milites
2867 1729 2947 1786 ad
2974 1728 3204 1786 bellum
3229 1745 3369 1786 cum
3395 1729 3601 1785 invisi-

240 1830 479 1897 Χριστοῦ
508 1830 826 1899 στρατιώτας
845 1830 976 1901 πρός
1000 1831 1086 1879 τόν
1107 1830 1243 1880 κατά
1262 1838 1362 1881 τῶν
1379 1828 1612 1903 ἀοράτων
1635 1831 1843 1904 ἐχθρῶν

188 1959 202 1973 ,
237 1912 459 1986 πόλεμον
491 1909 526 1966 δ
532 1915 859 1985 ιατάσσοντι,
888 1920 979 1967 καὶ
1023 1921 1140 1977 τοὺς
1179 1916 1409 1979 ἀθλητὰς
1438 1929 1534 1982 τῆς
1579 1920 1844 1985 εὐσεϐείας

239 2004 325 2057 ἐπὶ
353 2006 471 2064 τοὺς
496 2011 591 2065 τῆς
625 1999 968 2066 δικαιοσύνης
1000 2009 1278 2079 στεφάνους
1309 2005 1404 2063 διὰ
1422 2018 1517 2072 τῆς
1546 2010 1842 2085 ἐγκρατείας

238 2095 717 2166 παρασκευάζοντι,
755 2092 1037 2166 ἀναγκαῖος
1067 2095 1093 2148 ό
1134 2095 1285 2168 λόγος
1324 2107 1415 2159 τῆς
1448 2100 1839 2175 παρακλήσεως.

237 2180 486 2254 Ἀγγελοί
517 2182 648 2236 εἰσιν
688 2185 737 2235 οἱ
785 2184 901 2236 καθ’
940 2184 1168 2244 ἑκάστην
1217 2186 1499 2245 ἐκκλησίαν
1540 2187 1842 2263 ἀπογραφό-

238 2290 381 2343 μενοι
409 2276 526 2332 τούς
550 2275 912 2335 νηστεύοντας.
942 2272 1099 2349 Ὀρα,
1150 2281 1223 2348 μη
1272 2274 1366 2329 δια
1413 2282 1606 2353 μικρὰν
1645 2276 1841 2338 ἡδονὴν

240 2359 533 2434 βρωμάτων
564 2361 839 2435 ζημιωθῇς
866 2366 956 2435 μὲν
984 2369 1074 2422 την
1113 2363 1421 2438 ἀπογραφὴν
1460 2375 1551 2419 τοῦ
1601 2366 1841 2439 ἀγγέλου,

238 2446 493 2504 ὑπόδικον
526 2448 584 2504 δὲ
614 2455 831 2505 σεαυτὸν
862 2451 1190 2517 λειποταξίου
1215 2464 1423 2528 γραφῆς
1452 2465 1524 2527 τῷ
1558 2457 1841 2531 στρατολο-

237 2543 858 2614 γόσαντικαταστήσῃς.
909 2542 1156 2596 Ἐλάττων
1202 2545 1227 2595 ὁ
1274 2542 1537 2615 κίνδυνος,
1580 2546 1843 2620 ῥίψασπιν

240 2628 327 2682 ἐπὶ
353 2628 688 2702 παρατάξεως
719 2630 1036 2702 ἐλεγχθῆναί
1063 2651 1195 2702 τινα,
1230 2634 1259 2691 ἣ
1302 2637 1361 2685 τό
1386 2639 1524 2705 μέγα
1559 2636 1713 2688 ὅπλον
1748 2641 1843 2699 τὴν

239 2722 483 2775 νηστείαν
504 2715 833 2771 ἀποϐαλόντα
863 2727 1102 2791 φανῆναι.
1139 2720 1396 2784 Πλούσιος
1421 2721 1501 2789 εἶ;
1542 2728 1628 2782 Μὴ
1675 2726 1845 2784 καθυ-

241 2804 427 2880 ϐρίσῃς
454 2810 547 2864 τὴν
573 2811 840 2874 νηστείαν,
874 2806 1183 2870 ἀπαξιώσας
1212 2808 1386 2863 λαϐεῖν
1425 2812 1590 2871 αύτην
1613 2815 1841 2885 ὁμοτρά-

238 2895 418 2964 πεζον,
463 2892 603 2969 μηδὲ
651 2902 747 2956 τῆς
785 2895 951 2956 οἰκίας
996 2898 1158 2953 αὐτοῦ
1211 2899 1395 2971 οἶτιμον
1424 2898 1708 2975 ἀποπέμψῃ
1737 2922 1841 2955 πα-

239 2985 684 3059 ρευημερηθείσαν
714 2985 815 3039 ύπὸ
852 2993 946 3047 τῆς
974 2982 1204 3049 ἡδονῆς·
1237 2993 1307 3060 μή
1360 2993 1485 3042 ποτέ
1514 3010 1607 3043 σου
1639 3011 1843 3062 καταγ-

238 3073 384 3147 γείλη
414 3072 498 3127 ἐπὶ
527 3081 618 3127 τοῦ
644 3076 923 3147 νομοθέτου
965 3085 1065 3128 τῶν
1095 3086 1365 3147 νηστειῶν,
1416 3084 1505 3131 καὶ
1544 3080 1838 3135 πολλαπλα-

242 3166 391 3217 σίονά
432 3167 516 3216 σοί
554 3161 654 3217 ἀπό
694 3160 993 3227 καταδίκης
1030 3164 1269 3241 ἐπαγάγῃ
1320 3173 1415 3226 τὴν
1452 3162 1674 3238 ἔνδειαν,
1717 3171 1746 3229 ᾖ
1790 3169 1843 3234 ἐξ

240 3252 541 3328 ἀρρωστίας
580 3259 838 3325 σώματος,
870 3255 898 3314 ᾖ
931 3254 985 3318 ἐξ
1022 3255 1181 3318 ἄλλης
1220 3261 1357 3321 τινὸς
1390 3261 1702 3332 σκυθρωπῆς
1747 3280 1842 3313 πε-

241 3345 556 3418 ριστάσεως.
586 3342 645 3393 Ὀ
673 3351 829 3406 πένης
850 3348 921 3416 μὴ
956 3344 1301 3419 εἰρωνευέσθω
1320 3350 1446 3419 πρὸς
1471 3353 1839 3415 τηννηστείαν,

242 3430 407 3485 πάλαι
437 3433 674 3485 σύνοικον
700 3432 861 3491 αὐτὴν
892 3438 982 3485 καὶ
1014 3430 1320 3505 ὁμοδίαιτον
1351 3439 1508 3507 ἔχων.
1544 3438 1752 3501 Γυναιξὶ
1785 3434 1844 3491 δε

245 3522 417 3594 ὥσπερ
449 3522 507 3573 τό
530 3519 788 3591 ἀναπνεῖν,
819 3522 982 3584 οὕτως
1002 3526 1059 3575 τὸ
1095 3527 1362 3582 νηστεύειν
1399 3526 1587 3580 οἰκεῖόν
1616 3525 1727 3579 ἐστι
1757 3533 1845 3580 καὶ

245 3613 381 3664 κατά
405 3612 582 3684 φύσιν.
616 3612 681 3662 Οἱ
717 3608 924 3682 παῖδες,
967 3613 1141 3687 ὥσπερ
1181 3622 1280 3665 τῶν
1322 3624 1491 3687 φυτῶν
1531 3619 1595 3668 τὰ
1630 3616 1844 3687 εὐθαλῆ,

244 3707 315 3769 τῷ
353 3708 447 3761 τῆς
485 3703 729 3762 νηστείας
778 3697 937 3754 ύδατι
987 3698 1515 3775 καταρδευέσθωσαν.
1554 3712 1676 3768 Τοῖς
1717 3725 1846 3780 πρε-

247 3787 463 3849 σϐύταις
511 3795 702 3860 κοῦφον
739 3796 879 3842 ποιεῖ
914 3793 1001 3842 τόν
1051 3795 1205 3845 πόνον
1257 3793 1287 3849 ἡ
1344 3790 1399 3844 ἐκ
1454 3792 1678 3846 παλαιοῦ
1717 3798 1848 3869 πρὸς

246 3877 403 3935 αὐτὴν
442 3876 701 3939 οἰκείωσις
724 3899 737 3911 θ
778 3883 926 3931 πόνοι
962 3882 1064 3956 γὰρ
1104 3878 1159 3932 ἐκ
1193 3886 1399 3955 μακρᾶς
1440 3884 1715 3946 συνηθείας
1761 3903 1848 3955 με·

244 3966 555 4034 λετηθέντες,
608 3965 919 4042 ἀλυπότερον
988 3974 1388 4044 προσπίπτουσι
1426 3978 1538 4034 τοῖς
1590 3991 1849 4045 γεγυμναο·

248 4060 468 4129 σμένοις.
510 4063 630 4119 Τοῖς
668 4054 967 4133 ὁδοιπόροις
1008 4057 1260 4122 εύσταλὴς
1298 4057 1411 4112 ἐστι
1452 4065 1775 4135 συνέμπορος
1814 4063 1843 4120 ἡ

245 4151 480 4205 νηστεία.
542 4143 742 4223 ’Ὠσπερ
804 4150 906 4223 γὰρ
966 4149 996 4207 η
1046 4154 1213 4221 τρυφὴ
1277 4148 1593 4222 ἀχθοφορεῖν
1660 4150 1848 4212 αύτούς

247 4234 552 4308 ἀναγκάζει,
584 4239 675 4298 τὰς
716 4234 1029 4298 ἀπολαύσεις
1067 4237 1498 4313 περικομίζοντας
1528 4259 1540 4272 ’
1568 4239 1703 4292 οὕτω
1730 4243 1847 4291 κού-

248 4344 370 4397 φους
409 4324 596 4388 αὐτοὺς
634 4330 724 4378 καὶ
772 4325 1026 4389 εὐζώνους
1081 4329 1110 4385 η
1162 4331 1381 4385 νηστεία
1434 4331 1848 4400 παρασκευάζει.

251 4418 353 4465 Καὶ
390 4420 495 4473 τοῖς
533 4416 623 4486 μὲν
661 4421 753 4466 τοῦ
792 4419 995 4487 κόσμου
1038 4422 1402 4489 στρατιώταις,
1445 4420 1579 4469 κατὰ
1616 4422 1710 4476 τὴν
1748 4426 1848 4468 τών

249 4502 496 4572 καμάτων
536 4499 832 4572 ἀναλογίαν,
871 4506 930 4555 τό
987 4506 1286 4575 σιτηρέσιον
1325 4505 1537 4566 αὔξεται
1583 4527 1595 4538 ’

249 4596 620 4661 πνευματικοῖς
670 4590 927 4653 ὁπλίταις,
968 4593 994 4642 ὁ
1051 4590 1259 4644 ἔλαττον
1316 4595 1452 4663 ἔχων
1489 4602 1583 4654 τῆς
1634 4602 1848 4666 τροφῆς,

250 4682 308 4731 τό
348 4678 525 4751 μεῖζον
564 4681 679 4751 ἔχει
714 4686 804 4732 τοῦ
862 4679 1170 4752 ἀξιώματος.
1222 4680 1448 4734 Ἀτοπον
1498 4678 1585 4734 οὖν
1625 4681 1738 4735 ἐστι
1777 4688 1847 4756 μὴ

249 4773 459 4842 χαίρειν
499 4770 581 4822 imi.
619 4771 770 4841 ύγείᾳ
806 4769 1014 4840 ψυχῆς,
1074 4768 1203 4823 ἀλλά
1237 4769 1516 4823 λυπεῖσθαι
1569 4775 1653 4823 επὶ
1710 4770 1851 4844 βρω-

248 4859 425 4931 μάτων
464 4857 737 4931 ἀπαλλαγῇ
803 4860 903 4930 (1),
965 4864 1055 4912 καὶ
1119 4858 1331 4913 πλείονα
1377 4861 1540 4932 χάριν
1580 4862 1851 4932 φαίνεσθαι

249 4942 496 5009 διδόντας
532 4943 697 5020 ἡδονῇ
739 4952 986 5023 γαστρός,
1028 4949 1058 5008 ἦ
1117 4945 1379 5022 ἐπιμελείᾳ
1437 4948 1642 5021 ψυχῆς,
1686 4954 1852 5023 Κόρος

244 5041 335 5112 μὲν
374 5040 473 5111 γὰρ
532 5037 602 5099 εἰς
651 5042 881 5112 γαστέρα
930 5042 1025 5096 τὴν
1067 5040 1229 5110 χάριν
1290 5040 1497 5108 ἵστησι,
1538 5044 1752 5097 νηστεία
1792 5035 1850 5092 δὲ

245 5131 367 5203 πρὸς
403 5127 591 5201 ψυχὴν
628 5124 929 5188 ἀναϐιϐάζει
969 5129 1027 5179 τὸ
1079 5124 1293 5190 κέδσος.
1346 5133 1431 5186 Μὴ
1484 5133 1694 5201 μιμὴσῃ
1759 5136 1849 5190 τῆς

241 5224 378 5281 Εὔας
417 5223 510 5281 τὴν
547 5223 818 5292 παρακοήν
875 5221 947 5290 μὴ
1002 5216 1155 5269 πάλιν
1221 5215 1514 5289 σύμϐουλον
1566 5213 1838 5291 παραδέξῃ

239 5312 324 5361 τόν
362 5313 497 5382 ὅφιν,
538 5303 712 5382 φειδοῖ
746 5314 844 5370 τῆς
884 5310 1074 5381 σαρκός
1128 5310 1222 5365 τὴν
1276 5303 1480 5385 βρῶσιν
1536 5307 1845 5379 ὑποτιθέμε-

310 5486 386 5555 (1)
424 5486 751 5561 Ἄπαλλαγῇ.
780 5483 1068 5561 Meliusin
1102 5488 1387 5561 contextu
1409 5483 1703 5560 ύπαλλαγῇ.

309 5562 387 5626 (2)
428 5560 510 5629 Ex
530 5558 762 5629 hom.u
799 5560 885 5615 De
902 5559 1165 5629 jejunio,
1199 5560 1285 5613 tO.

309 5630 385 5699 (3)
424 5626 599 5699 Ibid.,
634 5634 721 5687 11.

1950 1821 2174 1878 bilibus
2209 1819 2485 1877 hostibus
2540 1820 2876 1890 gerendum
2930 1820 3188 1889 instruo,
3237 1820 3294 1875 et
3345 1817 3605 1876 athletas

1950 1911 2186 1986 pietatis
2217 1925 2324 1983 per
2350 1909 2782 1967 abstinentiam
2819 1924 3093 1982 prteparo
3122 1907 3203 1965 ad
3227 1907 3471 1979 justitiae
3498 1923 3603 1965 co-

1947 2015 2154 2067 ronas,
2184 2016 2339 2073 opus
2386 2004 2476 2056 est
2504 1998 2776 2056 oratione
2815 1996 3239 2055 exhortatoria.
3276 1996 3355 2067 (3)
3394 1996 3602 2069 Angeli

1950 2090 2215 2162 suntqui
2243 2088 2303 2145 in
2331 2088 2585 2162 singulis
2615 2087 2884 2145 ecclesiis
2922 2084 3274 2142 describunt
3303 2102 3373 2143 ac
3398 2101 3603 2143 recen-

1952 2183 2084 2236 sent
2103 2179 2514 2252 jejunantium
2540 2179 2765 2250 capita.
2792 2176 2940 2233 Vide
2968 2190 3044 2232 ne
3074 2174 3154 2232 ob
3182 2192 3440 2250 parvam
3459 2175 3603 2233 edu-
3660 2201 3667 2207 -

1948 2269 2167 2326 liorum
2194 2269 2572 2341 voluptatem
2601 2267 2783 2324 simul
2813 2272 2870 2323 et
2898 2266 3148 2340 priveris
3170 2266 3366 2338 angeli
3396 2282 3603 2323 recen-

1950 2361 2139 2425 sione,
2172 2365 2229 2417 et
2257 2358 2516 2431 teipsum
2540 2356 2706 2431 apud
2730 2373 2869 2414 eum
2899 2355 3006 2430 qui
3020 2356 3344 2413 exercitum
3369 2354 3607 2427 collegit

1950 2448 2285 2506 obnoxium
2316 2447 2504 2504 facias
2532 2445 2854 2505 desertoris
2886 2444 3143 2502 crimini.
3166 2445 3354 2502 Minus
3376 2445 3606 2518 pericu-

1948 2537 2099 2606 lum,
2127 2537 2176 2593 si
2204 2537 2342 2609 quis
2371 2536 2661 2607 fugiendo
2692 2541 2932 2593 scutum
2973 2537 3035 2591 in
3066 2535 3192 2592 acie
3223 2534 3483 2607 abjicere
3506 2534 3606 2591 de.

1951 2624 2376 2699 prehendatur,
2400 2642 2588 2699 quam
2617 2625 2667 2681 si
2692 2640 2986 2695 magnum
3006 2623 3155 2680 illud
3180 2622 3606 2696 scutum,jeju.

1950 2715 2143 2782 nium,
2176 2714 2453 2772 videatur
2480 2712 2831 2787 proiecisse.
2863 2713 3038 2775 Dives
3065 2729 3128 2769 es
3148 2713 3177 2770 ?
3200 2716 3281 2769 Ne
3304 2712 3605 2787 jejunium

1953 2804 2223 2862 aﬁeceris
2257 2803 2642 2869 contumelia,
2671 2803 2999 2867 excludens
3040 2802 3189 2865 illud
3234 2802 3541 2863 fastidiose
3568 2818 3606 2861 a

1950 2910 2176 2951 mensae
2206 2898 2322 2949 tuae
2355 2893 2678 2958 consortio,
2716 2908 2868 2949 neve
2910 2891 3143 2965 absque
3165 2890 3288 2949 ullo
3312 2891 3543 2948 honore
3573 2908 3606 2949 e

1950 2982 2136 3038 domo
2166 2987 2266 3039 tua
2294 2982 2501 3056 ipsum
2530 2982 2849 3055 expuleris,
2874 2998 2911 3038 a
2938 2981 3247 3054 voluptate
3274 2980 3502 3037 victum
3536 2997 3606 3039 ac

1951 3078 2301 3143 superatum
2327 3090 2341 3139 ;
2374 3087 2448 3127 ne
2479 3071 2728 3144 quando
2753 3077 2811 3127 te
2841 3087 3012 3128 reum
3041 3074 3292 3144 peragat
3333 3069 3497 3143 apud
3521 3070 3608 3141 je-

1946 3162 2259 3234 juniorum
2289 3161 2715 3230 legislatorem,
2738 3166 2918 3235 teque
2937 3160 3117 3232 longe
3143 3160 3359 3232 majori
3390 3158 3608 3216 conde-

1951 3256 2228 3308 mnatum
2250 3252 2451 3309 inedia
2468 3250 2733 3316 mulctet,
2753 3252 2875 3308 sive
2893 3267 2964 3307 ex
2990 3250 3248 3307 adversa
3262 3249 3608 3306 valetudine

1952 3342 2240 3413 corporis,
2276 3341 2399 3398 sive
2425 3358 2497 3398 ex
2523 3340 2641 3398 alio
2662 3340 2956 3414 quopiam
2977 3340 3125 3396 tristi
3143 3355 3308 3396 casu.
3329 3339 3442 3405 Qui
3460 3355 3608 3412 pau-

1953 3448 2062 3505 per
2085 3432 2254 3504 527
2292 3436 2403 3498 est,
2437 3447 2513 3488 ne
2538 3430 2749 3487 ludum
2767 3429 3063 3502 jejunium
3090 3428 3272 3486 faciat
3295 3447 3309 3498 ;
3336 3426 3609 3501 quando-

1954 3521 2204 3593 quidem
2233 3520 2380 3578 illud
2404 3521 2536 3594 jam
2582 3520 2727 3577 olim
2778 3520 2966 3578 habet
3011 3524 3068 3581 et
3104 3518 3524 3590 domesticum,
3553 3522 3612 3575 et

1954 3626 2182 3667 mensae
2210 3612 2464 3668 socium.
2493 3613 2674 3668 Porro
2712 3609 3070 3667 mulieribus
3100 3624 3289 3682 quam
3320 3612 3407 3664 est
3434 3612 3610 3664 natu-

1956 3700 2079 3756 rale
2108 3700 2426 3773 respirare,
2444 3705 2567 3757 tam
2590 3706 2679 3757 est
2693 3699 3061 3757 conveniens
3071 3697 3392 3770 jejunium.
3418 3697 3606 3765 Pueri,

1954 3789 2116 3846 velut
2139 3789 2361 3862 plantae
2390 3787 2635 3851 virides.
2651 3784 2866 3860 jejunii
2898 3802 3060 3859 aqua
3083 3786 3424 3856 irrigentur.
3451 3784 3611 3842 Seni-

1953 3877 2071 3934 bus
2100 3877 2291 3934 levem
2318 3876 2515 3933 reddit
2532 3875 2807 3933 laborem
2830 3880 3137 3934 contracta
3147 3876 3276 3946 jam
3294 3873 3438 3931 olim
3469 3888 3610 3930 cum

1949 3966 2183 4041 jejunio
2241 3964 2665 4037 familiaritas;
2704 3964 2944 4039 labores
3000 3964 3299 4037 siquidem
3346 3978 3609 4036 quorum

1955 4057 2181 4111 factum
2210 4061 2303 4111 est
2331 4056 2815 4128 experimentum
2840 4054 3025 4124 longo
3051 4069 3185 4119 usu,
3219 4052 3453 4108 minore
3477 4067 3609 4108 mo-

1954 4143 2128 4201 lestia
2189 4142 2457 4201 efﬁciunt
2484 4145 2859 4200 exercitatos.
2904 4140 3239 4199 Viatoribus
3294 4140 3610 4213 expeditus

1955 4232 2180 4290 itineris
2205 4249 2409 4291 comes
2436 4238 2525 4290 est
2533 4233 2613 4306 jej
2628 4233 2834 4289 unium
2858 4252 2870 4302 ;
2900 4229 3425 4306 quemadmodum
3448 4230 3611 4286 enim

1955 4323 2135 4386 luxus
2156 4322 2314 4394 cogit
2355 4322 2488 4385 illos
2525 4339 2683 4381 onus
2713 4323 2996 4396 perferre,
3037 4321 3321 4377 nimirum
3371 4335 3445 4374 ea
3471 4332 3611 4391 quas

1958 4410 2039 4469 ad
2063 4410 2308 4469 delicias
2341 4416 2616 4485 spectant
2644 4410 3169 4467 circumferentes:
3204 4408 3286 4464 sic
3311 4406 3612 4480 jejunium

1643 4474 1752 4559 τοῖς
1791 4501 1851 4559 ei“:
1881 4474 1928 4529 Π
1959 4518 2062 4557 eos
2084 4498 2319 4558 etleves
2340 4474 2608 4558 redditet
2627 4499 3166 4573 expcditos.Atque
3190 4474 3613 4568 hujusvmundi

1958 4582 2251 4649 militibus
2279 4605 2389 4663 pro
2414 4589 2695 4646 laborum
2716 4588 2947 4645 ratione
2977 4591 3232 4657 augetur
3255 4583 3608 4641 obsonium:

1960 4684 2188 4748 contra,
2227 4680 2379 4737 inter
2409 4676 2753 4750 spirituales
2786 4675 3005 4733 milites
3054 4675 3160 4748 qui
3198 4674 3400 4730 minus
3429 4671 3616 4731 habet

1961 4766 2249 4834 alimenti,
2272 4767 2411 4840 plus
2438 4766 2623 4823 habet
2650 4765 2916 4822 honoris.
2934 4765 3008 4836 (4)
3033 4766 3411 4837 Quapropter
3439 4760 3613 4818 valde

1959 4858 2297 4915 absurdum
2324 4861 2413 4914 est
2438 4872 2564 4914 non
2592 4855 2781 4911 laetari
2811 4853 2886 4910 de
2932 4853 3186 4911 sanitate
3215 4852 3455 4916 animae.
3488 4850 3613 4908 imo

1957 4944 2034 5002 de
2073 4942 2458 5002 commutatis
2498 4942 2646 5001 cibis
2694 4941 2920 5011 dolere,
2962 4958 3033 4998 ac
3078 4941 3265 4998 videri
3312 4940 3460 4997 tales
3508 4940 3615 5013 qui

1957 5034 2096 5107 plus
2118 5033 2460 5091 tribuamus
2477 5032 2771 5107 voluptati
2792 5030 3037 5091 ventris.
3055 5046 3242 5104 quam
3263 5045 3422 5086 cura:
3444 5044 3614 5086 men-

1958 5124 2052 5181 tis.
2085 5128 2233 5181 Nam
2264 5124 2326 5180 in
2354 5129 2553 5179 ventre
2586 5121 2813 5178 sistitur
2838 5119 3123 5177 satietatis
3149 5118 3482 5185 delectatio,
3508 5117 3614 5173 sed

1952 5213 2252 5285 jejunium
2307 5213 2368 5268 in
2417 5211 2689 5268 animam
2742 5208 3018 5267 subvehit
3062 5206 3321 5267 lucrum.
3369 5206 3447 5280 (5)
3486 5204 3616 5269 Noli

1953 5301 2176 5361 imitari
2206 5304 2337 5360 Eva:
2367 5300 2860 5370 inobedientiam,
2882 5297 3008 5358 noli
3036 5314 3245 5357 rursus
3272 5300 3614 5371 serpentem

2022 5480 2100 5551 (4)
2140 5482 2223 5535 Ex
2246 5478 2414 5551 hom.
2438 5496 2457 5534 1
2484 5481 2573 5536 De
2585 5478 2842 5551 jejunio,
2872 5481 2930 5541 2,

2025 5551 2100 5623 (δ)
2139 5550 2314 5621 una,
2342 5555 2394 5608 3.
