4084 6378
489 289 626 344 1247

1462 283 1826 339 ΛΡΡΕΜΠΧ.
1863 311 1929 322 -
1958 278 2302 339 SYMEONIS
2340 279 2867 337 METAPHRASTE

3729 287 3756 337 1
3771 284 3910 341 248

487 413 551 468 in
575 408 895 468 consilium
923 408 1233 474 adhibere,
1273 410 1540 469 edulium
1566 411 1645 468 ad
1693 426 1938 470 carnem
1986 405 2122 461 mol-

2247 424 2352 463 νον.
2390 410 2476 463 Μὴ
2517 406 2849 479 προφασίςου
2890 403 3185 480 ἀρρωστίαν
3246 411 3485 478 σώματος
3525 413 3619 462 καὶ
3662 404 3906 460 ἀδυνα-

487 501 598 556 lius
624 499 961 556 curandam
983 505 1444 572 proponentem.
1473 506 1553 558 Ne
1584 501 1847 559 causeris
1864 496 2133 571 corporis

484 589 792 646 infirmam
819 587 1226 646 valetudinem
1248 605 1317 646 ac
1338 590 1726 647 debilitatem.
1752 594 1954 662 Neque
1975 586 2134 642 enim

483 678 632 735 mihi
664 679 812 735 istas
842 679 1261 736 excusationes
1295 680 1525 752 profers
1554 699 1565 735 :
1599 680 1702 736 sed
1728 679 1936 735 scienti
1963 676 2132 733 dicis.

485 771 634 840 Age,
664 767 759 824 dic
790 768 958 834 mihi,
986 769 1260 840 jejunare
1298 785 1422 826 non
1469 775 1660 844 potes,
1695 775 1750 827 et
1799 769 1998 826 satiari
2031 781 2136 839 per

486 861 674 914 totam
696 857 881 913 vitam
907 873 978 913 ac
1009 859 1302 915 conficere
1328 875 1548 934 corpus
1573 859 1839 932 pondere
1860 858 2133 914 ciborum

488 952 656 1018 potes
685 949 712 1003 ξ)
741 946 913 1020 Atqui
951 947 1222 1019 inﬁrmis,
1259 965 1381 1006 non
1430 950 1728 1007 ciborum-
1760 948 2130 1010 varietatem,

487 1036 592 1092 sed
623 1037 887 1093 inediam
918 1042 974 1093 et
1004 1037 1436 1095 abstinentiam
1468 1055 1504 1096 a
1531 1039 1780 1095 medicis
1821 1035 2135 1110 praescribi

487 1125 634 1182 scio.
668 1125 776 1192 Qui
803 1125 866 1182 fit
897 1126 1092 1196 igitur,
1123 1132 1185 1184 ut
1212 1143 1351 1183 cum
1381 1128 1498 1185 ista
1525 1129 1743 1200 possis,
1774 1127 1877 1183 illa
1920 1132 1974 1182 te
2011 1139 2133 1181 non

483 1229 661 1287 posse
699 1215 966 1272 causeris
998 1218 1026 1273 i’
1067 1219 1274 1273 Utrum
1324 1218 1516 1274 ventri
1561 1217 1794 1273 facilius
1847 1220 1936 1272 est
1972 1213 2136 1271 tenui

483 1303 642 1360 victu
667 1305 1071 1361 transmittere
1104 1311 1363 1376 noctem,
1393 1322 1470 1363 an
1493 1307 1668 1379 copia
1694 1305 1964 1361 ciborum
1997 1319 2138 1373 gra-

483 1397 691 1449 vatum
718 1395 966 1464 jacere?
995 1395 1109 1450 nisi
1165 1395 1315 1451 forte
1363 1413 1399 1453 a
1453 1395 1753 1452 naucleris
1781 1395 1944 1450 dices
1986 1409 2134 1449 onu-

484 1487 639 1538 stam
673 1484 926 1539 sarcinis
958 1500 1175 1541 navem
1201 1485 1434 1540 facilius
1485 1485 1705 1542 servari
1747 1501 1933 1556 quam
1967 1499 2136 1555 expe-

482 1572 673 1629 ditam
705 1579 762 1630 et
787 1572 1001 1630 levem.
1039 1578 1185 1630 Nam
1229 1576 1426 1631 oneris
1461 1575 1875 1647 magnitudine
1923 1589 2134 1644 grava-

484 1664 629 1729 tam,
649 1663 931 1735 quamvis
961 1664 1212 1734 exiguus
1240 1664 1456 1720 ﬂuctus
1487 1664 1766 1721 adoriens
1795 1663 2089 1732 demergit
2115 1679 2129 1718 :

482 1753 712 1822 contra,
740 1751 911 1822 cujus
949 1752 1187 1809 sarcina
1239 1753 1555 1810 moderata
1607 1757 1694 1810 est
1740 1767 1811 1810 ac
1867 1751 2128 1818 modica,
2163 1756 2203 1812 Β

482 1839 614 1896 haec
643 1839 817 1896 facile
845 1841 1063 1899 ﬂuctus
1085 1847 1347 1916 superat.

553 1933 608 1987 2.
641 1928 713 2000 (t)
738 1931 1098 2004 Quanquam
1124 1947 1248 1989 non
1277 1932 1535 1990 arbitror
1563 1936 1728 1989 tanto
1757 1931 1902 1988 mihi
1922 1931 2131 1988 labore

481 2033 636 2091 opus
662 2035 810 2086 esse,
846 2025 910 2077 ut
939 2037 1043 2078 vos
1073 2021 1151 2078 ad
1175 2023 1475 2094 jejunium
1501 2023 1798 2089 exhorter,
1818 2026 2046 2096 quanto
2067 2025 2132 2078 ut

480 2107 762 2166 dehorter
789 2125 865 2166 ne
892 2111 1030 2183 quis
1051 2111 1114 2167 in
1142 2113 1351 2169 vitium
1382 2112 1683 2170 ebrietatis
1713 2111 1960 2170 incidat.
1979 2113 2128 2168 Nam

473 2197 774 2269 jejunium
805 2199 1051 2273 quidem
1077 2201 1346 2276 plerique
1373 2202 1596 2275 partim
1626 2201 1706 2258 ob
1744 2200 2131 2258 consuetudi-

477 2300 638 2354 nem,
667 2287 886 2360 partim
913 2288 994 2346 ob
1023 2289 1321 2363 pudorem
1345 2291 1498 2348 inter
1527 2291 1693 2363 ipsos
1721 2294 2001 2346 mutuum
2028 2305 2128 2344 su-

478 2375 754 2448 scipiunt.
783 2379 997 2435 Verum
1026 2377 1105 2435 ab
1141 2379 1426 2436 ebrietate
1472 2383 1698 2446 metuo,
1741 2395 1928 2452 quam
1958 2378 2127 2434 vino-

476 2463 621 2521 lenti
648 2479 772 2522 non
798 2465 1161 2539 aliterquam
1191 2472 1508 2541 paternam
1526 2468 1934 2525 hereditatem
1966 2483 2126 2524 mor—

478 2551 650 2609 dicus
697 2556 918 2611 tenent.
961 2557 1491 2621 Quemadmodum
1535 2558 1698 2614 enim
1740 2558 1846 2630 qui
1891 2556 2127 2628 longin-

474 2657 664 2714 quam
693 2643 1123 2716 profectionem
1153 2646 1472 2716 adornant,
1505 2647 1587 2704 ita
1614 2646 1889 2704 nonnulli
1927 2663 2126 2703 vecor-

474 2731 583 2788 des
609 2731 788 2789 hodie
809 2733 1100 2792 adversus
1119 2738 1390 2810 quinque
1411 2737 1645 2794 dierum
1665 2737 1965 2810 jejunium
1985 2736 2124 2792 vino

473 2820 808 2892 indulgent.
836 2824 989 2890 Quid
1019 2825 1168 2896 agis,
1190 2842 1226 2883 ο
1254 2826 1440 2883 homo
1459 2828 1488 2886 ?
1518 2827 1596 2900 (2)
1621 2830 1804 2883 Nemo
1835 2827 2122 2899 pudicam

473 2925 725 2967 uxorem
751 2911 1019 2982 legitimo
1045 2915 1329 2986 conjugio
1360 2915 1674 2986 ducturus,
1717 2915 1886 2989 prius
1927 2917 2124 2971 scorta

472 3002 530 3055 et
557 3000 927 3058 concubinas
958 3003 1212 3072 domum
1233 3005 1480 3061 inducit.
1499 3009 1698 3079 Neque
1718 3006 1879 3063 enim
1901 3005 2120 3076 conjux

2246 500 2365 567 μίαν
2410 517 2420 527 ·
2467 495 2524 548 ού
2563 497 2663 566 γὰρ
2706 493 2818 566 ἐμοὶ
2857 497 2947 556 τὰς
3001 498 3308 570 προφάσεις,
3363 495 3492 550 ἀλλά
3553 505 3630 568 τῷ
3690 494 3903 550 εἰδότι

2244 584 2424 655 λέγεις.
2467 586 2752 641 Νηστεύειν
2793 583 2850 636 οὐ
2892 580 3141 651 δύνασαι,
3186 583 3292 637 εἰπέ
3330 602 3468 657 μοι;
3509 588 3901 661 κορέννυσθαι

2246 671 2305 726 δε
2345 669 2439 725 διὰ
2478 672 2623 746 βίον,
2663 677 2753 725 καὶ
2794 672 3080 748 συντρίϐειν
3133 675 3190 726 τὸ
3234 681 3389 746 σῶμα
3443 682 3516 745 τῷ
3558 674 3723 748 βάρει
3771 684 3898 727 τῶν

2245 764 2554 835 ἐσθιομένων
2595 759 2852 825 δύνασαι;
2915 767 3016 815 Καὶ
3052 767 3155 835 μὴν
3195 770 3298 824 τοῖς
3357 762 3670 816 ἀσθενοῦσιν
3736 764 3896 835 οὐχὶ

2247 851 2535 925 βρωμάτων
2583 851 2866 921 ποικιλίαν,
2917 851 3026 904 ἀλλ’
3069 851 3278 904 ἀσιτίαν
3328 858 3417 905 καὶ
3462 850 3668 906 ἔνδειαν
3742 851 3895 906 οἶδα

2244 948 2362 1002 τοὺς
2402 942 2604 1014 ἰατρούς
2644 940 3038 1002 ἐπιτάσσοντας.
3079 949 3194 1002 Πῶς
3230 939 3318 994 οὖν
3359 944 3385 995 ό
3419 950 3590 994 ταῦτα
3631 939 3893 1016 δυνάμε-

2243 1051 2342 1102 νος,
2369 1035 2536 1084 ἕκεῐνα
2559 1034 2860 1104 προφασίζη
2895 1035 2966 1103 μή
3003 1027 3304 1100 δύνασθαις
3337 1036 3402 1084 Τί
3424 1031 3785 1106 εύκολὼτερον
3816 1041 3886 1091 τῆ

2243 1129 2459 1196 γαστρὶ,
2486 1122 2719 1180 λιτότητι
2759 1118 2968 1182 διαίτης
3006 1129 3336 1194 παρενεγκεῖν
3366 1126 3460 1180 την
3486 1125 3676 1194 νύκτα,
3703 1125 3740 1182 ἦ
3782 1119 3892 1175 δα-

2243 1211 2420 1284 ψιλείᾳ
2451 1210 2740 1285 βρωμάτων
2764 1211 3125 1287 βεϐαρημένην
3151 1213 3399 1278 κεῖσθαι;
3435 1211 3477 1265 εἰ
3505 1216 3579 1284 μή
3612 1217 3710 1264 καὶ
3747 1217 3894 1273 τούς

2244 1301 2564 1376 κυϐερνητας
2589 1307 2792 1373 φήσεις,
2814 1300 3171 1377 βαρυνομένην
3191 1309 3297 1362 τοῖς
3327 1303 3625 1374 ὰγωγίμοις
3655 1299 3897 1355 ὁλκάδα

2247 1390 2578 1466 εὐκολώτερον
2611 1391 2797 1451 σώζειν
2823 1399 2919 1452 τῆς
2948 1390 3352 1464 εύσταλεστέρας
3381 1396 3471 1444 καὶ
3500 1393 3734 1463 κούφης.
3766 1398 3894 1450 Τήν

2228 1484 2334 1556 μὲν
2360 1483 2461 1552 γὰρ
2494 1484 2983 1553 παραπεπιεσμένην
3013 1488 3084 1550 τῷ
3114 1479 3321 1547 πλήθει,
3364 1479 3602 1555 βραχεῖα
3623 1484 3894 1553 κύματος

2246 1569 2602 1630 ἐπανάστασις
2631 1567 3006 1621 κατεϐάπτισεν
3034 1590 3046 1602 ο
3071 1572 3100 1627 ἡ
3132 1565 3192 1622 δὲ
3227 1574 3534 1643 συμμέτρως
3569 1579 3677 1621 τῶν
3723 1569 3891 1644 ἀγω-

2244 1664 2411 1732 γίμων
2443 1662 2668 1731 ἔχουσα,
2697 1655 2894 1732 ῥᾳδίως
2919 1659 3184 1734 ὑπεραίρει
3213 1666 3304 1711 τοῦ
3335 1655 3615 1721 κλύδωνος.

2310 1932 2363 1985 2.
2426 1927 2565 1987 Πλὴν
2620 1927 2679 1981 ού
2737 1931 2990 1982 τοσούτου
3048 1947 3140 2002 μοι
3196 1925 3306 1982 δεῖν
3354 1925 3554 2000 ἀγῶνος
3612 1936 3878 2002 ηγοῦμαι

2238 2020 2333 2076 τὴν
2387 2023 2505 2092 περὶ
2559 2022 2804 2080 νηστείας
2858 2017 3213 2093 παράκλησιν,
3271 2018 3393 2070 ὅσον
3447 2024 3540 2070 τοῦ
3592 2025 3670 2091 μή
3734 2039 3877 2072 τινα

2238 2115 2346 2170 τοῖς
2385 2115 2569 2171 κακοῖς
2605 2117 2700 2170 τῆς
2737 2110 2900 2181 μέθης
2938 2114 3254 2181 περιπεσεῖν.
3309 2111 3415 2167 Τὴν
3454 2110 3545 2180 μεν
3597 2110 3705 2182 γὰρ
3767 2129 3873 2167 νη-

2238 2201 2434 2268 στείαν,
2497 2201 2586 2249 καὶ
2639 2193 2732 2250 διὰ
2787 2202 2880 2256 τὴν
2934 2198 3230 2268 συνήθειαν,
3281 2201 3370 2250 καὶ
3428 2193 3524 2249 διὰ
3579 2201 3678 2256 τὴν
3717 2204 3873 2274 πρὸς

2236 2285 2489 2351 ἀλλήλους
2525 2284 2683 2355 αἰδῶ,
2724 2290 2774 2340 οἱ
2804 2287 2983 2341 πολλοὶ
3019 2283 3433 2360 καταδέχονται.
3477 2285 3749 2360 Φοϐοῦμαι
3799 2286 3869 2342 δὲ

2237 2379 2330 2434 τὴν
2369 2378 2550 2448 μέθην,
2596 2375 2675 2444 ἢν,
2719 2378 2894 2452 ὧσπερ
2933 2379 3051 2430 τινὰ
3113 2375 3302 2452 κλῆρον
3357 2383 3623 2450 πατρῷον,
3667 2379 3718 2429 οἱ
3757 2382 3863 2450 φί-

2235 2464 2396 2518 λοινοι
2458 2463 2838 2528 διασώζουσιν.
2901 2466 2990 2528 Ὠς
3043 2468 3143 2542 γὰρ
3194 2469 3243 2519 οἱ
3303 2468 3433 2542 πρὸς
3489 2468 3587 2529 τὰς
3640 2469 3860 2540 μακρὰς

2237 2552 2540 2628 ἀποδημίας
2581 2559 2898 2632 ἁπαίροντες,
2958 2555 3094 2610 οὕτω
3149 2559 3280 2618 τινες
3326 2564 3426 2608 τῶν
3474 2553 3698 2614 ἀνοήτων
3737 2561 3848 2614 σή-

2235 2666 2388 2721 μερον
2452 2650 2582 2722 πρὸς
2638 2650 2732 2709 τὰς
2784 2639 2932 2700 πέντε
2987 2654 3087 2699 τῶν
3141 2653 3391 2705 νηστειῶν
3463 2648 3658 2722 ἡμέρας
3711 2646 3834 2698 οἰνί-

2236 2735 2434 2797 ζονται.
2473 2740 2538 2789 Τί
2577 2743 2760 2808 ποιεῖς,
2819 2734 3090 2808 ineptam;
3134 2731 3326 2798 Οὐδεὶς
3359 2742 3590 2807 γυναῖκα
3647 2740 3846 2808 σεμνὴν

2233 2829 2406 2898 νόμοις
2454 2833 2704 2899 γαμικοῖς
2755 2825 3042 2898 ἐπάγεσθαι
3091 2824 3304 2899 μέλλων,
3362 2821 3696 2887 παλλακίδας
3750 2830 3850 2878 καὶ

2233 2915 2443 2989 ἑταίρας
2477 2914 2748 2989 προλαϐὼν
2789 2915 3060 2976 εἰσοικίζει
3093 2935 3106 2949 ·
3147 2914 3207 2968 ού
3244 2917 3344 2989 γὰρ
3386 2913 3634 2987 ἀνέχεται
3673 2916 3706 2974 ἡ
3751 2935 3847 2968 νο-

2231 3009 2367 3077 μίμη
2407 3008 2502 3064 τὴν
2532 3006 2663 3078 μετὰ
2699 3012 2798 3057 τῶν
2839 3000 3222 3077 διεφθαρμένων
3256 3008 3584 3062 συνοίκησιν,
3610 3009 3701 3063 Μὴ
3736 3009 3849 3057 τοί-

469 3088 736 3159 legitimo
766 3091 987 3164 patitur
1010 3094 1349 3151 convictum
1372 3095 1957 3168 contuberniumque
1987 3110 2118 3152 cor-

2234 3114 2317 3146 νυν
2355 3097 2446 3146 καὶ
2489 3097 2576 3164 σὺ,
2624 3090 3068 3167 προσδοκωμένης
3124 3099 3389 3160 νηστείας,
3441 3097 3850 3168 προεισαγάγης

468 3183 803 3251 ruptarum.
849 3181 1107 3241 Proinde
1149 3188 1215 3241 tu
1250 3199 1497 3258 quoque
1550 3201 1690 3242 cum
1741 3189 2122 3258 exspectatur

465 3267 786 3339 jejunium,
820 3286 966 3328 cave
996 3273 1162 3346 prius
1191 3273 1551 3332 introducas
1573 3273 1941 3342 ebrietatem,
1992 3291 2118 3332 sco-

468 3361 627 3414 rtum
662 3357 809 3416 illud
837 3359 1170 3433 publicum,
1203 3362 1594 3436 impudicitiae
1633 3369 1910 3436 matrem,
1957 3365 2119 3422 insa-

467 3444 749 3518 nientem,
769 3448 846 3504 ad
877 3450 1083 3508 omnia
1105 3452 1490 3524 turpitudinis
1511 3468 1734 3523 genera
1758 3453 2112 3526 proclivem.

464 3533 850 3604 Jejunantem
881 3537 1036 3595 intra
1074 3554 1249 3596 sacra
1277 3545 1446 3613 septa
1494 3541 1746 3614 suscipit
1784 3543 2111 3600 Dominus:

467 3627 530 3680 at
564 3623 710 3680 luxu
741 3626 1110 3702 crapulaque
1138 3628 1406 3702 plenum,
1439 3629 1622 3687 veluti
1642 3631 1966 3704 profanum
1998 3637 2056 3689 et
2081 3649 2117 3690 a

469 3714 656 3771 sacris
677 3715 960 3784 alienum,
984 3733 1374 3792 nequaquam
1392 3720 1569 3793 528
1591 3721 1866 3778 admittit.
1887 3722 2114 3778 Etenim

467 3803 518 3858 si
547 3819 679 3861 cras
706 3806 915 3862 venias
939 3807 1147 3863 vinum
1163 3807 1657 3883 redolens,idque
1678 3810 1968 3869 cruditate
1989 3827 2114 3869 cor-

465 3899 713 3966 ruptum
744 3911 815 3952 ac
842 3897 1264 3969 putrefactum,
1315 3900 1627 3971 quomodo
1664 3901 1770 3958 tibi
1800 3901 2113 3976 crapulam

466 3997 575 4056 pro
601 3983 834 4056 jejunio
863 3985 1181 4058 imputabo
1205 3989 1233 4046 ?
1257 4003 1454 4062 neque
1485 3989 1646 4045 enim
1697 3989 1845 4046 illud
1893 3990 2108 4061 cogita,

465 4071 632 4144 quod
670 4087 906 4130 merum
955 4074 1061 4131 tibi
1089 4091 1300 4132 recens
1339 4077 1606 4134 infusum
1655 4094 1779 4135 non
1816 4083 1943 4136 est:
2005 4079 2113 4135 sed

465 4159 632 4233 quod
663 4177 701 4218 a
723 4161 865 4218 vino
895 4179 1086 4235 purus
1117 4179 1239 4221 non
1266 4181 1348 4231 es,
1368 4167 1484 4223 hoc
1523 4171 1760 4239 reputa.
1785 4172 1850 4224 In
1885 4174 2022 4226 utro
2054 4173 2109 4226 te

467 4249 678 4306 ordine
709 4249 1062 4312 collocabo?
1091 4252 1244 4309 inter
1278 4253 1494 4324 ebrios,
1540 4271 1619 4312 an
1655 4256 1808 4314 inter
1837 4256 2116 4329 jejunan-

465 4343 554 4396 tes
579 4340 607 4398 7
637 4341 941 4398 Prseterita
968 4342 1293 4400 vinolentia
1323 4347 1378 4401 te
1409 4344 1520 4401 sibi
1549 4346 1762 4402 asserit
1791 4363 1805 4402 :
1845 4362 2113 4420 praesens

2229 3188 2323 3243 τὴν
2362 3185 2544 3257 μέθην,
2590 3189 2684 3243 τὴν
2721 3180 2998 3256 πάνδημον
3035 3187 3250 3260 πόρνην,
3283 3189 3377 3243 τὴν
3415 3191 3506 3246 τῆς
3544 3182 3850 3256 ἀναισχυν-

2229 3278 2341 3335 τίας
2397 3278 2616 3349 μητέρα,
2666 3277 2759 3332 τὴν
2813 3270 3070 3346 μαινάδα,
3128 3277 3222 3332 την
3279 3276 3406 3347 πρός
3455 3280 3634 3328 πᾶσαν
3691 3271 3846 3328 ἰδέαν

2230 3362 2614 3436 ἀσχημοσύνης
2680 3362 2903 3418 εὔκολον,
2970 3366 3070 3416 Τόν
3133 3366 3466 3432 νηστεύοντα,
3533 3367 3659 3417 εἵσω
3736 3373 3845 3417 τῶν

2231 3455 2374 3527 ἱερῶν
2413 3452 2694 3528 περιϐόλων
2733 3449 3094 3525 παραδέχεται
3133 3454 3158 3505 ὁ
3199 3456 3385 3527 Κύριος
3419 3474 3432 3488 ·

2225 3541 2412 3611 λῶν-τα,
2481 3545 2549 3604 ὡς
2609 3540 2828 3614 βέϐηλον
2883 3546 2974 3594 καὶ
3015 3540 3332 3614 ἀνίερον,ού
3372 3547 3672 3615 προσίεται.
3721 3543 3842 3596 Ἐὰν

3473 3457 3560 3507 τὸν
3599 3473 3845 3528 κραιπα-

2224 3634 2323 3706 γὰρ
2365 3631 2515 3704 ἔλθῃς
2555 3632 2733 3706 αὔριον
2771 3633 2910 3683 οἴνου
2969 3629 3200 3700 ἀπόζων,
3239 3635 3330 3684 καὶ
3369 3634 3558 3685 τούτου
3601 3638 3839 3690 σεσηπό-

2223 3740 2328 3788 τος,
2369 3729 2475 3782 πῶς
2513 3725 2606 3779 τὴν
2646 3719 2942 3794 κραιπάλην
2983 3719 3054 3781 εἰς
3091 3724 3335 3779 νηστείαν
3377 3740 3462 3774 σοι
3499 3721 3835 3796 lar/iactam;

2224 3815 2308 3868 Μὴ
2368 3811 2468 3885 γὰρ
2531 3811 2612 3863 ὄτι
2671 3813 2970 3884 πρόσφατον
3040 3809 3134 3863 οὐκ
3190 3808 3376 3883 ἐνεχέω
3431 3813 3518 3864 τὸν
3575 3813 3833 3886 ἄκρατον,

2221 3899 2330 3952 ἄλλ’
2370 3902 2450 3952 ὅτι
2490 3899 2547 3952 ού
2586 3901 2892 3974 καθαρεύεις
2929 3903 3089 3971 οἴνου,
3125 3908 3278 3954 τοῦτο
3329 3900 3561 3973 λογίζου.
3605 3909 3716 3956 Ποῦ
3773 3924 3837 3958 σε

2220 3989 2396 4057 nigro;
2439 3991 2487 4043 ἐν
2527 3996 2632 4050 τοῖς
2687 3990 2954 4063 μεθύσοις,
2996 3990 3026 4050 ἦ
3087 3989 3135 4042 ἓν
3174 3997 3293 4053 ποῖς
3345 3999 3657 4053 νηστευταῖς
3697 4009 3713 4060 ;
3766 3993 3832 4048 κη

2219 4080 2552 4154 παρελθοῦσα
2612 4078 2914 4152 οἰνοφλυγία
2951 4084 3080 4153 πρὸς
3131 4081 3326 4140 ἑαυτὴν
3399 4081 3694 4135 ἐπισπᾶται
3738 4106 3752 4118 -
3793 4087 3829 4145 ἡ

2219 4177 2464 4245 παροῦσα
2500 4167 2672 4223 ἔνδεια
2715 4174 2959 4228 νηστείαν
3013 4179 3424 4246 προσμαρτυρεῖ.
3463 4171 3838 4246 ’Λμφισϐήτή-

2223 4277 2378 4331 σιμος
2418 4257 2465 4311 εἶ
2497 4267 2557 4332 τῇ
2601 4261 2732 4332 μέθη
2791 4261 2965 4333 ὥσπερ
3030 4257 3387 4336 ἀνδράποδον,
3446 4267 3536 4314 καὶ
3574 4263 3669 4315 ούκ
3711 4263 3837 4337 ἀφέ-

2224 4349 2366 4413 ξεταί
2405 4368 2501 4402 σου
2542 4345 2763 4411 δικαίως
2795 4369 2808 4383 ·
2852 4347 3084 4424 ἐναργεῖς
3112 4352 3207 4413 τὰς
3237 4347 3533 4415 ἀποδείξεις
3570 4359 3667 4415 τῆς
3709 4350 3836 4408 δου-

464 4428 665 4487 inedia
683 4430 984 4502 jejunium
1009 4431 1378 4489 testificatur.
1414 4437 1650 4508 Anceps
1680 4451 1762 4501 es,
1796 4439 1853 4493 et
1881 4442 2118 4495 contro-

2234 4443 2363 4502 λείας
2400 4443 2756 4513 παρεχομένη,
2782 4443 2876 4499 την
2916 4439 3087 4511 ὀσμὴν
3126 4447 3218 4495 τοῦ
3253 4443 3393 4494 οἴνου
3423 4442 3597 4518 ὥσπερ
3630 4441 3831 4518 ἀγγείῳ

463 4533 707 4576 versum
721 4519 1078 4578 temulentis;
1100 4521 1279 4578 veluti
1298 4523 1694 4596 mancipium,
1711 4540 1820 4581 nec
1841 4541 2115 4600 unquam

464 4607 720 4668 dimittet
743 4614 819 4679 te,
842 4610 1026 4684 idque
1051 4612 1280 4685 optimo
1295 4613 1428 4685 jure
1453 4635 1465 4670 :
1497 4614 1724 4688 quippe
1758 4631 1895 4689 qum
1924 4617 2117 4673 mani-

465 4696 617 4754 festa
645 4700 942 4756 servitutis
971 4707 1328 4772 argumenta
1372 4702 1653 4777 proferat,
1691 4703 1942 4762 odorem
1988 4705 2116 4763 vini

463 4785 628 4843 velut
645 4787 705 4843 in
734 4787 950 4860 lagena
976 4791 1361 4849 residentem.

539 4879 590 4932 3.
621 4876 697 4947 (3)
727 4876 911 4950 Cujus
943 4880 1215 4951 magistri
1251 4881 1577 4954 praesentia
1612 4897 1941 4954 puerorum
1969 4887 2112 4941 stre-

464 4963 626 5038 pitus
668 4969 792 5022 tam
840 4967 1038 5026 subito
1086 4972 1431 5043 compescit,
1464 4987 1652 5044 quam
1677 4972 1977 5044 jejunium
2008 4975 2112 5030 ob-

465 5053 665 5111 oriens
697 5054 952 5113 civitatis
968 5059 1257 5115 tumultus
1281 5062 1556 5118 coercet?
1580 5061 1719 5133 quis
1741 5077 2112 5119 commessa-

464 5146 557 5200 tor
575 5143 793 5217 prodiit
809 5145 870 5201 in
885 5146 1118 5218 jejunio
1131 5151 1159 5206 ?
1179 5149 1314 5221 quis
1331 5150 1550 5206 chorus
1570 5149 1889 5209 lasciviens
1909 5169 1946 5209 a
1960 5153 2040 5226 jej
2053 5170 2113 5210 u-

465 5234 566 5292 nio
583 5239 824 5292 coactus
844 5239 933 5292 est
947 5237 975 5294 ?
997 5239 1329 5295 Meretriciae
1353 5239 1917 5313 cantilenmﬁnsanae
1939 5243 2116 5300 salta-

463 5321 655 5380 tiones
672 5323 871 5382 subito
884 5323 1206 5396 diffugiunt
1225 5342 1258 5382 e
1272 5327 1654 5401 civitate,ajej
1665 5330 1805 5389 unio
1818 5335 2112 5406 tanquam

537 5518 612 5658 Et;
642 5520 725 5600 Εκ
748 5518 917 5578 hom.
943 5536 984 5576 ιι
1009 5521 1086 5579 De
1114 5521 1364 5591 ieiunio,
1399 5523 1486 5579 15.

558 5594 590 5643 2
640 5589 825 5658 lbid.,
859 5595 949 5648 l2.

558 5589 612 5658 2)
640 5589 825 5659 lbid.,
859 5595 949 5648 ιε.

2225 4526 2650 4603 ἐναπομείνασαν.

2291 4890 2344 4944 3.
2384 4891 2534 4950 Τίνος
2573 4882 2901 4940 διδασκάλου
2931 4890 3198 4962 παρουσία
3234 4885 3440 4942 παίδων
3473 4889 3697 4963 θόρυϐον
3743 4894 3822 4946 οὖς

2220 4995 2317 5038 τως
2355 4975 2555 5052 ἀθρόως
2601 4979 2938 5049 καθίστησιν,
2982 4981 3053 5040 ὡς
3117 4980 3146 5037 ἡ
3188 4983 3405 5037 νηστεία
3459 4991 3811 5055 παραφανεῐσα

2219 5071 2457 5140 ταραχὴν
2512 5065 2705 5128 πόλεως
2765 5066 3140 5136 καταστίλλεις
3211 5077 3361 5130 ποῖος
3427 5077 3714 5142 κωμαστὲς
3763 5071 3807 5123 ἐν

2219 5159 2436 5228 νηστείᾳ
2472 5154 2742 5229 προῆλθε;
2781 5163 2923 5218 ποῖος
2975 5161 3141 5231 χορὸς
3179 5155 3406 5230 ἀσελγὴς
3442 5157 3544 5212 ἀπὸ
3585 5165 3821 5224 νηστείας

2223 5247 2498 5313 συνέστη;
2553 5243 2806 5319 Ἀσματα
2865 5249 3088 5322 πορνικὰ
3141 5251 3231 5300 καὶ
3280 5247 3539 5322 ὀρχήσεις
3591 5249 3830 5323 ἐκμανείς

2222 5331 2466 5397 ἐξαπίνης
2527 5342 2619 5396 τῆς
2679 5333 2870 5397 πόλεως
2935 5335 3331 5414 ὑπεξέρχονται,
3371 5339 3548 5413 ὧσπερ
3604 5341 3710 5395 ὑπὸ
3753 5339 3832 5397 διο

2294 5529 2371 5603 (3)
2411 5529 2587 5598 lbid.,
2624 5535 2711 5592 ιθ.
