4084 6374
215 331 240 384 i
255 331 359 389 249

1466 339 1699 399 SEBMO
1736 343 1799 400 X.
1819 371 1890 384 —
1916 343 2006 400 DE
2026 338 2332 401 JEJUNIO.

3446 348 3589 407 1250

210 462 417 509 καστοῦ
473 474 612 517 τινος
685 454 955 530 αὐστηροῦ
1017 465 1110 519 τῆς
1164 464 1414 525 νηστείας
1477 460 1809 535 φυγαδευθεῖ-

1930 465 2010 522 ab
2038 469 2279 523 austero
2309 464 2599 538 quopiam
2612 465 2817 537 judice
2840 465 2901 523 in
2923 466 3200 523 exsilium
3222 470 3392 525 actae.
3412 470 3585 536 Quod
3612 515 3618 520 .

211 564 308 599 σαι
354 545 453 617 (1).
512 544 574 598 Εἰ
612 540 672 598 δὲ
702 546 889 609 πάντες
937 546 1101 606 αὐτὴν
1132 548 1204 611 εἰς
1229 554 1323 609 τὴν
1353 551 1481 625 ύπερ
1513 561 1613 605 τῶν
1651 572 1817 627 πρακ-

204 638 333 687 τέων
365 632 656 707 σύμϐουλον
693 633 1107 709 παρελάμϐανον,
1171 635 1324 692 οὐδὲν
1366 638 1554 694 ἐκώλυε
1599 641 1816 716 βαθεῖαν

207 723 420 798 εἰρήνην
467 721 598 778 εἶναι
678 726 813 777 κατὰ
893 732 1069 779 πᾶσαν
1126 732 1221 788 τὴν
1285 728 1613 802 οἰκουμένην·
1683 738 1817 806 μήτε

206 811 368 865 ἐθνῶν
433 814 852 886 ἐπανισταμένων
921 813 1183 888 ἀλλήλοις,
1245 824 1373 892 μήτε
1446 819 1813 896 στρατοπέδων

209 900 666 978 συρρηγνυμένων.
717 899 851 956 Οὐδ’
902 902 963 956 ἆν
1007 904 1135 968 ὅλως
1183 903 1328 980 εἶχον
1369 912 1425 962 αἳ
1448 908 1662 983 ἔρημίαι
1691 915 1814 974 τοὺς

203 993 554 1067 κακούργους,
604 993 635 1052 ἦ
691 994 747 1045 αἱ
794 993 970 1057 πόλεις
1024 998 1148 1059 τοὺς
1217 1000 1567 1072 συκοφάντας,
1599 1001 1629 1060 ἦ
1690 1005 1812 1065 τοὺς

202 1083 628 1143 καταποντιστὰς
656 1082 687 1141 ἡ
724 1080 989 1142 θάλασσα.
1024 1082 1159 1139 Οὐδ’
1187 1085 1248 1139 ἂν
1294 1087 1461 1152 ούτως
1512 1089 1574 1148 ἧν
1623 1091 1648 1143 ὁ
1696 1089 1811 1164 βίος

206 1172 360 1243 ἡμῶν
415 1169 823 1234 πολυστένακτος
865 1179 957 1227 καὶ
1017 1180 1296 1250 κατηφείας
1358 1177 1584 1253 πλήρης,
1626 1179 1671 1233 εἰ
1724 1201 1813 1240 νη-

204 1264 361 1314 στεία
392 1262 480 1313 τὸν
520 1258 639 1334 βίον
686 1263 835 1335 ἡμῶν
887 1261 1215 1339 ἕπρυτάνευε.
1271 1267 1517 1327 Δηλονότι
1571 1266 1812 1336 ὶδίδαξεν

201 1347 267 1402 ἆν
332 1352 527 1413 πάντας
569 1350 699 1425 ούχὶ
755 1351 1049 1429 βρωμάτων
1120 1361 1274 1431 μόνον
1321 1357 1644 1433 ἐγκράτειαν,
1684 1359 1813 1415 ἀλλὰ

200 1444 295 1494 καὶ
343 1439 708 1516 φιλαργυρίας,
738 1447 828 1496 καὶ
883 1443 1191 1519 πλεονεξίας,
1239 1452 1330 1501 καὶ
1389 1450 1568 1512 πάσης
1623 1455 1814 1514 κακίας

197 1528 420 1589 παντελῆ
481 1536 647 1603 φυγήν
697 1550 753 1584 τε
793 1537 884 1587 καὶ
938 1532 1296 1610 ἀλλοτρίωσιν.
1339 1538 1482 1597 Αύτη
1530 1542 1617 1592 τὸν
1645 1544 1809 1613 μέγαν

201 1618 430 1692 Σαμψὼν
487 1621 853 1690 ἐτιθηνήσατο,
910 1627 1003 1676 καὶ
1056 1624 1145 1687 ἓως
1212 1627 1296 1680 ὅτε
1379 1638 1662 1703 συμπαρῆν
1735 1638 1808 1703 τῷ

200 1705 384 1783 ἀνδρὶ,
413 1712 551 1764 κατὰ
598 1710 812 1784 χιλίους
867 1715 1081 1767 ἔπιπτον
1124 1715 1175 1768 οἱ
1229 1717 1487 1790 πολέμιοι,
1528 1724 1619 1772 καὶ
1648 1719 1810 1773 πύλαι

200 1799 397 1853 πόλεων
443 1799 760 1871 ἁνεσπῶντο,
815 1808 907 1855 καὶ
957 1803 1154 1867 λέοντες
1204 1811 1298 1866 τὴν
1338 1807 1501 1880 ἰσχύν
1538 1817 1639 1862 τῶν
1694 1829 1808 1882 χει·
1840 1825 1879 1881 Β

199 1897 305 1962 ρῶν
353 1889 459 1962 οὐχ
510 1892 816 1963 ὑφίσταντο.
848 1891 973 1946 Ὀτε
1019 1890 1079 1946 δὲ
1103 1897 1235 1967 μέθη
1268 1897 1423 1950 αὐτὸν
1465 1902 1558 1951 καὶ
1598 1905 1812 1973 πορνεία

197 1978 512 2055 παρέλαϐον,
571 1979 832 2054 ἁλώσιμος
901 1983 963 2040 ἧν
1034 1990 1148 2046 τοῖς
1239 1983 1476 2061 ἐχθροῖς,
1538 1992 1628 2042 καὶ
1707 1998 1809 2041 τῶν

201 2066 481 2142 ὀφθαλμῶν
536 2072 828 2143 στερηθεὶς,
871 2076 1114 2144 παίγνιον
1143 2079 1413 2150 προέκειτο
1450 2084 1559 2141 τοῖς
1611 2075 1809 2132 παιδα-

197 2161 334 2233 ρίοις
374 2164 476 2211 τῶν
516 2156 827 2231 ἀλλοφύλων·
884 2164 1196 2225 Νηστεύσας
1258 2163 1458 2236 Ἠλίας,
1529 2164 1805 2221 ἀπέκλεισε

199 2249 289 2299 τὸν
318 2246 533 2320 οὐρανὸν
564 2252 686 2323 τρία
715 2250 800 2307 ἔτη
847 2255 937 2303 καὶ
981 2260 1145 2322 μῆνας
1194 2253 1265 2317 ἔξ.
1309 2252 1524 2314 Ἐπειδὴ
1566 2258 1668 2331 γὰρ
1701 2254 1808 2311 εἶδε

198 2335 393 2394 πολλὴν
434 2334 488 2388 ἐκ
521 2344 615 2389 τοῦ
643 2341 800 2412 κόρου
832 2345 1137 2413 τικτομένην
1166 2346 1260 2402 τὴν
1308 2342 1478 2418 ὕϐριν,
1511 2343 1808 2418 ἀναγκαίως

200 2424 381 2489 αὐτοῖς
410 2428 501 2485 τὴν
527 2425 774 2480 ἀκούσιον
819 2427 875 2480 ἐκ
922 2436 1017 2482 τοῦ
1066 2430 1222 2505 λιμοῦ
1264 2439 1509 2491 νηστείαν
1555 2433 1804 2510 ἐπήγαγε,

201 2510 279 2569 δι’
345 2516 410 2579 ἧς
468 2520 598 2591 πρὸς
644 2520 703 2570 τὸ
743 2519 966 2595 ἄμετρον
1023 2516 1132 2580 ἤδη
1186 2528 1445 2597 χεομένην
1497 2525 1665 2578 αὐτῶν
1712 2530 1807 2586 τὴν

200 2608 462 2682 ἁμαρτίαν
516 2606 754 2680 ἕστησεν,
810 2610 917 2661 οἷον
990 2617 1215 2687 καυτῆρί
1293 2633 1397 2667 τινι
1457 2616 1487 2675 ἦ
1553 2624 1686 2689 τομῇ
1741 2623 1804 2688 τῇ

199 2699 414 2767 νηστείᾳ
435 2698 529 2753 τὴν
561 2694 628 2756 εἰς
656 2699 715 2748 τὸ
752 2695 903 2749 πλέον
933 2696 1161 2772 πρόοδον
1199 2709 1292 2754 τοῦ
1317 2710 1483 2755 κακοῦ
1513 2700 1548 2757 δ
1553 2704 1804 2777 ιακόψας.

199 2782 312 2837 Ἱνα
356 2785 457 2857 γὰρ
511 2783 715 2858 μαλάξῃ
758 2789 847 2844 τὴν
901 2784 1195 2860 ἀμάλακτον
1233 2788 1458 2864 καρδίαν
1503 2801 1604 2846 τῶν
1648 2793 1808 2853 σιλη-

197 2872 564 2947 ροτραχήλων,
606 2873 764 2926 είλετο
795 2879 885 2928 καὶ
923 2874 1104 2929 ἑαυτὸν
1152 2886 1213 2952 τῇ
1255 2882 1580 2955 κακοπαθείᾳ
1612 2902 1806 2955 συγκα-

196 2958 492 3015 ταδικάσαι
520 2962 546 3014 ὁ
579 2958 806 3024 δίκαιος.
838 2966 941 3018 Διά
978 2973 1157 3034 τοῦτο,
1192 2975 1264 3042 Ζῇ
1313 2972 1530 3045 Κύριος,
1565 2974 1610 3025 εἶ
1662 2974 1809 3025 ἐσται

196 3048 343 3127 ὕδωρ
377 3049 459 3104 ἐπὶ
502 3059 595 3114 τῆς
649 3061 772 3125 γῆς,
821 3054 866 3107 εἰ
908 3052 992 3128 μὴ’
1024 3052 1120 3110 διὰ
1166 3062 1426 3132 στόματὸς
1463 3080 1581 3133 μον,
1623 3065 1803 3134 φησίν.

197 3142 396 3209 Οὕτως,
427 3137 664 3195 ἀπέδωκε
691 3148 783 3197 καὶ
803 3151 863 3218 τῇ
904 3149 1059 3219 χήρᾳ
1098 3150 1186 3200 τὸν
1221 3145 1413 3215 παῖδα,
1439 3150 1666 3226 ἰσχυρὸς
1714 3170 1807 3223 φα·
1834 3186 1877 3245 C

195 3234 298 3294 νεὶς
356 3234 494 3284 κατὰ
533 3233 757 3286 θανάτου
817 3229 913 3288 διὰ
947 3241 1213 3300 νηστείας.
1266 3242 1400 3293 Οὔτε
1457 3237 1517 3294 δε
1572 3241 1807 3305 εύποιὶας

200 3320 588 3394 σαλπιζομένης
626 3321 823 3395 ὄφελος,
874 3328 966 3377 καὶ
1020 3330 1270 3391 νηστείας
1362 3326 1806 3405 δημοσιευομένης

196 3405 381 3482 κέρδος
441 3407 614 3466 οὐδὲν.
670 3414 750 3464 Τὰ
811 3415 914 3488 γὰρ
972 3411 1341 3481 ἐπιδεικτικῶς
1430 3424 1680 3493 γενόμενα
1743 3420 1802 3474 ού

199 3502 327 3573 πρὸς
371 3502 459 3552 τὸν
496 3499 660 3552 αἰῶνα
700 3503 788 3553 τὸν
844 3501 1095 3575 μέλλοντα
1136 3509 1224 3558 τὸν
1269 3511 1471 3579 καρπὸν
1504 3508 1803 3579 ἐπεκτείνει,

200 3587 308 3640 ἀλλ’
362 3588 432 3653 εἰς
507 3592 594 3642 τὸν
659 3598 758 3643 τῶν
820 3590 1100 3666 ἀνθρώπων
1163 3597 1368 3649 ἔπαινον
1436 3604 1800 3676 καταστρέφει.

198 3678 481 3752 Ἐλισσαίῳ
529 3675 589 3733 δὲ
645 3684 881 3745 ποταπὸς
931 3685 958 3736 ὁ
1008 3682 1167 3759 βίος;
1229 3696 1341 3750 πῶς
1391 3691 1482 3761 μὲν
1531 3675 1675 3766 παρὰ
1714 3700 1805 3753 τῆς

198 3764 568 3841 Σουναμίτιδος
629 3777 727 3833 τῆς
796 3770 964 3835 ξενίας
1030 3772 1288 3845 ἀπέλαυες
1363 3786 1469 3840 πῶς
1539 3775 1599 3832 δὲ
1652 3780 1806 3843 αύτος

194 3860 317 3920 τοὺς
361 3863 633 3931 προφήτας
675 3855 967 3930 ἓδεξιοῦτο;
1018 3864 1163 3937 Οὐχὶ
1208 3864 1418 3938 λάχανα
1483 3869 1647 3943 ἄγρια
1704 3875 1796 3923 καὶ

193 3945 404 4020 ἄλευρον
455 3945 642 4021 βραχύ
714 3953 809 4008 τὴν
878 3950 1163 4025 φιλοξενίαν
1230 3954 1486 4031 ἐπληρουτ
1559 3958 1642 4011 ὅτε
1710 3959 1802 4011 καὶ

194 4044 286 4096 τῆς
331 4035 561 4100 τολύπης
617 4037 1072 4113 παραληφθείσης,
1114 4040 1432 4098 κινδυνεύειν
1489 4046 1691 4120 ἔμελλον
1752 4046 1803 4100 οἰ

193 4124 470 4199 ἁψάμενοι,
512 4126 656 4201 εἰμὴ
689 4134 751 4201 τῇ
788 4127 920 4203 εὐχῇ
965 4130 1156 4202 (2)1013
1194 4142 1484 4192 νηστευτοῡ
1505 4135 1795 4210 ἠμαυρώθη

192 4216 251 4267 τὸ
292 4210 634 4291 δηλητήριον.
678 4221 780 4269 Καὶ
827 4217 1159 4287 ἁπαξαπλῶς,
1219 4222 1388 4299 εὕροις
1440 4224 1501 4275 ἄν
1557 4228 1645 4283 τὴν
1701 4244 1798 4284 νη-

198 4306 370 4356 στείαν
425 4305 623 4366 πάντας
653 4307 774 4368 τοὺς
813 4304 994 4380 ἁγίους
1033 4309 1100 4371 εἰς
1156 4314 1249 4370 τὴν
1287 4314 1425 4366 κατά
1481 4315 1610 4367 Θεὸν
1655 4312 1800 4367 πολι-

196 4396 332 4444 τείαν
371 4399 679 4467 χειραγωγή
690 4414 881 4449 σασαν.

1826 4477 1872 4532 D

267 4659 317 4713 4.
340 4656 494 4713 Ἐστι
531 4679 609 4723 τις
636 4663 791 4735 φύσις
831 4668 1071 4738 σώματος
1121 4668 1181 4727 ἣν
1225 4666 1475 4721 καλοῦσιν
1526 4667 1796 4743 ἀμίαντον,

198 4743 451 4814 ἀνάλωτος
489 4755 636 4827 πυρί·
694 4753 810 4815 ἣτις
859 4752 907 4806 ἐν
945 4757 1037 4828 μὲν
1073 4763 1134 4830 τῇ
1179 4755 1329 4831 φλογὶ
1358 4762 1587 4832 κειμένη,
1631 4758 1799 4819 ἀπην-

202 4838 506 4913 θρακῶσθαι
559 4836 724 4894 δοκεῖ·
795 4841 1121 4920 ἐξαίρεθεῑσα
1173 4843 1232 4899 δὲ
1302 4855 1395 4901 τοῦ
1472 4852 1655 4923 πυρὸς,
1730 4852 1800 4914 ὡς

194 4922 354 4981 ὕδατι
380 4927 777 5006 λαμπρυνθεῖσα
811 4933 909 5005 (3),
941 4936 1282 5012 καθαρωτέρα
1317 4922 1802 5011 γίνεται.ίΤοιαῦτα

197 5012 256 5077 ἧν
294 5020 361 5071 τὰ
408 5027 509 5072 τῶν
569 5028 728 5096 τριῶν
773 5019 980 5076 παίδων
1020 5022 1222 5078 ἐκείνων
1283 5033 1527 5101 σώματα,
1581 5027 1637 5082 ἐκ
1703 5038 1801 5092 τῆς

193 5111 437 5173 νηστείας
505 5111 699 5182 ἔχοντα
770 5114 830 5165 τὸ
892 5111 1162 5187 ἀμίαντον.
1204 5115 1288 5172 Ἐν
1325 5119 1428 5193 γὰρ
1468 5126 1532 5192 τῇ
1593 5118 1794 5194 μεγάλῃ

265 5234 313 5272 ⁸³
339 5210 530 5292 Judic.
561 5250 694 5300 xm,
738 5239 804 5293 14
823 5251 959 5312 sqq.
1027 5241 1078 5277 ⁸⁸
1107 5241 1179 5299 III
1200 5244 1342 5314 Reg.
1375 5259 1509 5314 xvn,
1532 5248 1585 5301 ι.

262 5357 342 5499 iii

198 5431 372 5570 φυξέ.

243 5556 473 5658 ﬁl?”
531 5595 701 5658 ῖτυρος
758 5580 825 5658 ᾡς
861 5575 1021 5658 ὗδοςτι
1068 5580 1486 5658 λαμπρυνθείσα.
1513 5587 1650 5644 Haec
1688 5583 1798 5644 ad-

198 5638 413 5702 dita’ex
435 5638 652 5708 eodem
676 5638 883 5711 codice
912 5655 970 5712 et
999 5668 1074 5712 ex
1099 5638 1403 5717 c'on'textu.

380 5356 820 5442 Ῠυγαδενθεῖσαι.
845 5362 1148 5442 Codicum
1187 5366 1335 5442 alter
1384 5364 1796 5442 φυγαδευθέντα,

374 5431 551 5505 saxa.
595 5432 687 5491 Sic
712 5437 1033 5494 contextus
1061 5441 1122 5495 et
1144 5431 1426 5497 codicum
1456 5431 1623 5499 alter.
1648 5440 1801 5499 Editi

1927 554 1976 611 si
2001 570 2215 612 omnes
2245 555 2550 628 jejunium
2575 554 2656 612 ad
2696 570 2792 612 res
2823 555 3121 627 gerendas
3173 556 3235 613 in
3264 558 3583 618 consilium

1924 643 2303 713 adhiberent,
2323 644 2474 701 nihil
2498 644 2767 702 obstaret
2779 645 3101 719 quominus
3117 662 3224 720 per
3234 646 3583 705 universum

1924 736 2220 790 terrarum
2245 733 2459 791 orbem
2489 734 2611 792 alta
2634 750 2756 809 pax
2787 740 2968 806 esset,
3001 734 3280 793 videlicet
3304 752 3415 793 nec
3434 735 3582 809 ;aliis

1923 823 2239 895 egentibus
2285 824 2348 880 in
2379 824 2528 882 alias
2557 824 3033 897 insurgentibus,
3072 842 3184 884 nec
3220 825 3581 884 exercitibus

1921 928 2142 969 manus
2161 913 2315 970 inter
2343 929 2406 971 se
2437 914 2918 971 conserentibus.
2949 914 3017 972 In
3056 931 3301 972 summa
3330 931 3441 972 nec
3479 914 3583 973 de-

1920 1005 2079 1058 serta
2102 1000 2397 1059 haberent
2425 1001 2761 1071 maleﬁcos,
2791 1018 2902 1059 nec
2934 1002 3202 1060 civitates
3246 1002 3583 1077 sycophan-

1919 1094 2031 1159 tas,
2051 1106 2164 1149 nec
2197 1107 2365 1148 mare
2394 1090 2641 1164 piratas.
2676 1094 2790 1148 Nec
2816 1091 2935 1149 vita
2950 1098 3163 1149 nostra
3182 1097 3265 1150 tot
3284 1092 3576 1165 suspiriis,

1919 1183 2006 1236 tot
2023 1178 2388 1236 maeroribus
2406 1183 2561 1237 esset
2581 1178 2834 1247 differta,
2868 1180 2918 1236 si
2939 1179 3241 1252 jejunium
3271 1180 3459 1237 vitam
3474 1196 3585 1238 no-

1919 1272 2107 1325 stram
2126 1267 2508 1339 gubernaret.
2529 1267 2811 1326 Videlicet
2825 1284 3329 1343 unumquemque
3340 1269 3582 1327 doceret

1918 1372 2043 1414 non
2069 1361 2304 1415 tantum
2333 1355 2413 1413 ab
2439 1356 2655 1414 eduliis
2695 1357 3144 1428 abstinentiam,
3164 1374 3375 1415 verum
3395 1357 3578 1415 etiam

1918 1446 1998 1505 ab
2018 1446 2273 1503 avaritia
2294 1449 2350 1503 et
2375 1445 2628 1519 rapinis,
2655 1446 2918 1520 denique
2943 1447 3022 1504 ab
3042 1447 3211 1504 omni
3238 1446 3380 1504 vitio
3402 1463 3576 1521 pror-

1917 1552 2017 1592 sus
2048 1535 2396 1605 abhorrere,
2422 1540 2482 1592 et
2515 1535 2782 1592 alienum
2808 1551 2958 1593 esse.
2994 1535 3072 1607 (4)
3101 1535 3407 1609 Jejunium
3449 1552 3577 1595 ma-

1914 1641 2106 1698 gnum
2134 1623 2308 1681 illum
2336 1626 2739 1698 Sampsonem
2771 1624 3052 1683 educavit
3081 1626 3149 1692 ‘3,
3181 1625 3364 1698 idque
3392 1641 3580 1699 quan.

1914 1715 2023 1772 diu
2058 1714 2191 1772 viro
2246 1714 2458 1786 adfuit,
2516 1713 2818 1772 cadebant
2858 1714 3066 1772 hostes
3118 1714 3301 1787 mille,
3336 1713 3577 1772 urbium

1916 1808 2104 1878 porta
2162 1803 2597 1874 evellebantur,
2626 1803 2834 1861 leones
2882 1803 3071 1861 robur
3121 1820 3378 1861 manum
3415 1803 3575 1861 illius

1916 1910 2042 1952 non
2067 1893 2467 1950 sustinebant.
2503 1895 2577 1948 At
2606 1893 2787 1950 simul
2813 1898 2995 1967 atque
3026 1891 3284 1950 ebrietas
3313 1910 3384 1951 ac
3416 1909 3575 1951 scor-

1916 1983 2062 2041 tatio
2083 1982 2485 2057 apprehendit
2511 1983 2852 2051 hominem,
2889 1982 3064 2041 facile
3098 1983 3165 2041 in
3210 1998 3430 2041 manus
3467 1984 3576 2040 ho-

1917 2074 2096 2131 stium
2118 2071 2345 2140 incidit,
2359 2077 2540 2146 atque
2570 2071 2943 2142 exoculatus,
2969 2088 3081 2146 pro
3100 2070 3247 2129 ludo
3262 2072 3573 2144 expositus

1916 2166 2006 2220 est
2048 2164 2249 2235 pueris
2292 2160 2795 2231 alienigenarum.
2834 2160 3012 2232 Elias,
3052 2177 3192 2218 cum
3217 2161 3572 2233 jejunasset,

1918 2251 2131 2310 clausit
2152 2253 2370 2308 coelum
2403 2258 2522 2307 tres
2548 2266 2766 2321 annos,
2798 2266 2869 2308 ac
2898 2267 3138 2308 menses
3185 2267 3312 2307 sex.
3342 2251 3572 2308 Etenim

1914 2359 2055 2401 cum
2084 2341 2314 2399 videret
2341 2342 2599 2398 multam
2616 2340 2786 2398 nasci
2805 2357 2837 2398 e
2864 2341 3134 2399 satietate
3154 2341 3572 2412 petulantiam,

1913 2431 2257 2491 necessario
2272 2430 2387 2487 illis
2404 2429 2881 2487 involuntarium
2903 2445 2976 2488 ex
2995 2430 3156 2487 fame
3174 2427 3472 2502 jejunium
3486 2429 3572 2486 in-

1913 2522 2066 2590 tulit,
2099 2537 2208 2594 per
2235 2520 2406 2594 quod
2430 2520 2578 2577 citra
2607 2519 2862 2576 modum
2884 2522 3018 2593 jam
3046 2519 3304 2576 eﬂ'usam
3330 2517 3573 2576 illorum

1913 2610 2295 2683 iniquitatem
2353 2607 2626 2665 cohibuit
2669 2608 2924 2680 jejunio,
2971 2608 3134 2665 velut
3169 2608 3405 2666 ustione
3467 2611 3573 2665 aut

1915 2698 2360 2771 sectione_quad
2369 2714 2497 2769 am,
2515 2697 2813 2769 majorem
2827 2696 2968 2755 mali
2989 2713 3380 2771 progressum
3396 2697 3573 2754 inter-

1914 2788 2140 2846 cidens.
2193 2787 2270 2859 (5)
2332 2788 2400 2843 Ut
2450 2786 2613 2843 enim
2642 2786 2961 2843 hominum
2991 2786 3211 2844 duram
3251 2785 3570 2844 cerviciem

1912 2876 2270 2935 habentium
2318 2891 2423 2933 cor
2461 2875 2825 2932 indomitum
2875 2874 3192 2946 emolliret,
3238 2875 3330 2933 vir
3368 2874 3569 2948 justus

1912 2965 2104 3023 voluit
2141 2970 2200 3023 et
2222 2964 2492 3038 seipsum
2520 2980 2592 3022 ea
2621 2963 2963 3021 calamitate
2993 2981 3133 3023 cum
3161 2963 3391 3022 caeteris
3429 2978 3570 3020 con-

1914 3056 2225 3113 demnare.
2250 3054 2590 3127 Propterea,
2624 3054 2773 3110 Vivit
2794 3053 3108 3124 Dominus,
3131 3053 3347 3127 inquit,
3374 3053 3428 3109 si
3453 3052 3568 3110 erit

1913 3161 2074 3218 aqua
2116 3160 2299 3214 super
2350 3150 2599 3209 terram,
2630 3143 2752 3199 nisi
2774 3158 2886 3213 per
2914 3158 2976 3200 os
3017 3159 3211 3201 meum
3240 3144 3326 3199 σιτ
3379 3141 3465 3199 sic
3512 3145 3571 3199 et

1914 3232 2175 3292 reddidit
2200 3230 2400 3290 viduas
2450 3231 2666 3301 ﬁlium,
2698 3230 2867 3289 fortis
2920 3231 3116 3289 factus
3146 3231 3434 3289 adversus
3474 3228 3569 3303 ip-

1913 3339 2046 3380 sam
2074 3327 2332 3380 mortem
2362 3338 2472 3396 per
2497 3320 2820 3393 jejunium.
2853 3323 3005 3377 Nam
3034 3336 3145 3377 nec
3184 3318 3331 3377 boni
3367 3316 3567 3393 operis

1913 3412 2061 3470 tuba
2088 3410 2341 3469 nuntiati
2376 3411 2592 3468 utilitas
2620 3409 2784 3481 ulla;
2816 3426 2928 3467 nec
2954 3410 3178 3467 fructus
3219 3409 3374 3466 ullus
3414 3408 3566 3481 jeju-

1910 3503 1994 3559 nii
2023 3502 2087 3558 in
2116 3502 2431 3575 publicum
2450 3500 2680 3575 jactati.
2711 3501 2786 3573 (6)
2809 3498 2951 3567 Quae
2969 3499 3129 3557 enim
3150 3497 3568 3557 ostentationis

1912 3608 2101 3649 causa
2124 3591 2297 3661 ﬁunt,
2328 3608 2402 3649 ea
2427 3606 2820 3664 nequaquam
2855 3586 3173 3663 porrigunt
3214 3588 3474 3645 fructum
3503 3586 3568 3644 in

1912 3681 2203 3739 saeculum
2234 3685 2577 3752 venturum,
2614 3695 2818 3736 verum
2861 3679 2923 3735 in
2956 3676 3277 3735 hominum
3320 3676 3568 3733 laudem

1910 3769 2623 3842 commendationemque
2638 3767 2934 3825 desinunt.
2956 3769 3036 3840 (7)
3058 3769 3286 3822 Rursus
3312 3765 3568 3838 quinam

1909 3860 2104 3917 victus
2134 3857 2306 3915 Elisei
2326 3858 2354 3914 ?
2382 3857 2693 3930 quomodo
2718 3854 2886 3930 apud
2915 3853 3353 3912 Sunamitidem
3367 3851 3567 3926 hospi-

1911 3949 1992 4007 tio
2040 3964 2186 4004 usus
2228 3946 2366 4004 est?
2415 3944 2727 4018 quomodo
2773 3945 2903 4017 ipse
2931 3942 3262 4017 prophetas
3298 3938 3568 4014 excepit?

1911 4041 2118 4096 Nonne
2142 4034 2403 4108 agrestia
2431 4032 2596 4091 olera
2633 4048 2705 4091 ac
2743 4032 2951 4090 farina:
2994 4031 3331 4106 pauxillum
3363 4029 3569 4103 hospi-

1909 4126 2149 4185 talitatis
2176 4140 2400 4182 munus
2417 4121 2790 4197 explebant?
2818 4138 2942 4196 quo
2968 4126 3237 4195 tempore
3258 4121 3440 4180 etiam
3469 4134 3568 4178 co-

1907 4215 2255 4289 locynthide
2286 4217 2552 4287 sumpta,
2599 4215 2773 4271 erant
2806 4210 3198 4285 periclitaturi
3224 4211 3332 4284 qui
3361 4214 3567 4281 gusta-

1906 4310 2066 4376 rant,
2086 4305 2148 4363 ni
2179 4304 2391 4360 fuisset
2410 4301 2769 4376 jejunatoris
2804 4299 2980 4374 529
3000 4316 3176 4375 prece
3204 4299 3567 4373 dissipatum

1907 4410 2231 4454 venenum.
2256 4396 2467 4466 Atque,
2501 4396 2567 4449 ut
2597 4390 2786 4448 semel
2816 4392 3023 4448 omnia
3053 4389 3276 4456 dicam,
3305 4387 3567 4462 reperies
3631 4426 3649 4441 .

1909 4488 2207 4561 quotquot
2231 4483 2398 4540 fuere
2424 4481 2639 4551 sancti,
2672 4495 2885 4538 omnes
2915 4495 3020 4553 per
3042 4477 3343 4553 jejunium
3363 4476 3445 4535 ad
3470 4474 3566 4535 vi-

1908 4580 2035 4635 tam
2065 4578 2186 4632 Deo
2215 4573 2462 4645 dignam
2486 4571 2783 4629 institutos
2815 4569 3020 4627 fuisse.

1976 4668 2032 4722 4.
2075 4665 2160 4721 Ea
2216 4667 2304 4720 est
2374 4665 2594 4719 natura
2671 4658 2941 4733 corporis
3004 4655 3345 4730 cujusdam,
3398 4652 3567 4730 quod

1906 4755 2221 4813 amianton
2248 4756 2493 4820 vocant,
2525 4755 2590 4807 ut
2620 4749 2746 4822 igni
2775 4747 3055 4806 consumi
3096 4762 3222 4810 non
3259 4745 3468 4820 possit.
3500 4743 3567 4802 Id

1907 4845 1958 4902 si
1985 4845 2048 4902 in
2063 4845 2317 4902 ﬂamma
2333 4846 2599 4917 ponatur
2625 4839 2862 4898 videtur
2888 4837 3137 4912 quidem
3162 4837 3488 4909 ignescere,
3508 4841 3569 4895 et

1907 4935 1971 4993 in
1999 4949 2265 5010 prunam
2314 4932 2462 4990 verti
2495 4949 2508 4987 :
2559 4929 2667 4987 sed
2696 4929 2747 4986 si
2793 4927 3092 4986 eximatur
3131 4926 3277 5000 igni,
3312 4924 3568 5000 perinde

1908 5023 2080 5099 quasi
2126 5023 2341 5080 fuisset
2387 5036 2552 5096 aqua
2611 5018 3006 5090 illustratum,
3065 5016 3268 5075 evadit
3325 5016 3563 5091 purius.

1909 5111 2271 5189 Hujusmodi
2288 5116 2461 5171 erant
2478 5110 2659 5170 trium
2680 5108 2923 5169 illorum
2944 5122 3272 5184 puerorum
3286 5120 3563 5182 corpora,

1909 5418 1919 5428 ,
1980 5366 2058 5448 (9
2085 5367 2175 5448 Ex,
2195 5364 2365 5448 hom.
2388 5367 2427 5421 ii
2453 5361 2808 5448 erq‘unio,
2837 5363 2929 5448 ﬁt”).

2087 5434 2367 5565 Aman.
2399 5452 2415 5494 ι
2447 5434 2805 5509 Dejejunio,
2835 5436 2895 5494 υ.

2002 5514 2059 5579 6)
2087 5514 2263 5575 lbid.,
2280 5514 2335 5565 2.

2003 5583 2058 5655 η
2088 5579 2264 5650 lbid.,
2287 5584 2346 5638 5.

1981 5443 1999 5655 ἓ
