4084 6378
580 361 708 418 1251

1544 351 1906 408 ΑΡΡΕΝΟΙΧ.
1938 379 2007 388 -
2033 344 2378 403 SYMEONIS
2421 347 2948 404 METAPHRASTzE

3829 354 3992 408 i252

577 489 858 542 naturam
882 483 1130 539 amianti
1149 480 1564 554 perjejunium
1591 477 1894 534 habentia.
1919 473 2224 546 Siquidem

2346 470 2493 542 φλογὶ
2533 481 2628 534 τῆς
2693 479 2913 545 καμίνου
2953 473 3105 527 οἱονεὶ
3145 483 3345 547 χρυσοῖ
3411 481 3504 534 τὴν
3565 480 3727 550 φύσιν
3796 481 3986 540 ὄντες,

579 575 637 630 in
669 575 1006 630 vehementi
1042 571 1301 628 fornacis
1345 570 1591 625 ﬂamma
1631 567 1805 639 quasi
1838 570 2052 621 natura
2080 563 2226 617 fuis-

581 672 714 720 sent
740 664 924 727 aurei,
950 664 1030 718 ita
1080 662 1492 734 apparuerunt
1520 675 1680 713 noxa
1728 657 1884 725 ignis
1914 672 1982 710 ac
2011 653 2228 723 injuria

580 755 936 826 superiores.
981 753 1133 818 Quin
1180 755 1236 806 et
1292 765 1440 804 auro
1484 746 1704 804 ostensi
1749 750 1890 800 sunt
1931 743 2226 800 fortiores.

581 846 781 915 Neque
812 843 970 897 enim
1003 841 1166 912 ipsos
1188 837 1488 894 conﬂabat
1518 837 1695 906 ignis,
1723 834 1830 889 sed
1859 835 2126 901 integros
2160 829 2228 886 il-

580 931 915 1004 libatosque
967 929 1265 985 tuebatur.
1314 927 1488 998 Atqui
1536 923 1682 981 nihil
1732 928 1821 978 est
1859 921 2024 994 quod
2063 920 2229 976 illam

577 1028 719 1092 tum;
739 1021 1054 1076 ﬂammam
1077 1018 1368 1072 sustinere
1395 1015 1702 1088 potuisset,
1720 1027 1908 1085 quam
1939 1009 2227 1082 naphthe,

576 1111 679 1184 pix
727 1114 784 1166 et
831 1112 1134 1166 sarmenta
1173 1106 1258 1160 sic
1313 1104 1578 1170 alebant,
1612 1109 1676 1159 ut
1721 1103 1798 1158 ad
1829 1099 2232 1174 quadraginta

576 1217 795 1256 novem
828 1198 1060 1255 cubitos
1080 1195 1304 1251 diffusa
1333 1200 1506 1262 esset,
1537 1198 1717 1265 atque
1744 1189 2234 1259 circumjaccntia

582 1291 946 1361 depascens,
979 1286 1273 1358 plurimos
1305 1283 1617 1339 Chaldaeos
1654 1279 2080 1352 absumpserit.
2115 1280 2233 1332 Hoc

577 1381 755 1449 igitur
772 1381 1006 1434 tantum
1027 1373 1376 1429 incendium
1397 1371 1569 1443 pueri
1590 1363 2234 1440 cumjejunioingressi

579 1468 1028 1532 conculcarunt,
1050 1461 1352 1535 liquidum
1381 1476 1450 1515 ac
1467 1458 1774 1514 roscidum
1795 1474 1994 1513 aerem
2015 1459 2075 1512 in
2096 1458 2234 1526 igne

576 1565 703 1615 tam
730 1553 1072 1612 vehementi
1102 1551 1488 1622 respirantes.
1515 1551 1716 1621 Neque
1744 1548 1905 1602 enim
1954 1548 2110 1617 ignis
2138 1547 2234 1603 vel

576 1647 734 1721 pilos
761 1645 1001 1700 illorum
1030 1657 1220 1698 ausus
1247 1644 1335 1694 est
1363 1639 1671 1705 attingere,
1707 1652 1778 1692 eo
1808 1637 1974 1709 quod
2000 1653 2036 1692 a
2075 1635 2232 1708 jeju-

583 1737 684 1792 nio
715 1737 915 1791 essent
944 1730 1086 1787 aliti.
1116 1729 1299 1785 Porro
1344 1726 1547 1783 Daniel
1577 1726 1666 1781 vir
1693 1726 2127 1782 desideriorum
2160 1728 2226 1797 ⁸⁵,

2339 561 2472 611 οὕτω
2521 567 2782 633 κρείττους
2821 571 2915 624 τῆς
2963 564 3066 622 ηπὸ
3106 572 3197 616 τοῦ
3229 569 3388 638 πυρὸς
3428 562 3799 618 ὃιεόείκνυντο
3839 564 3986 640 βλά-

2339 648 2450 709 ϐης.
2495 649 2666 702 Ἤπου
2707 657 2795 704 καὶ
2812 661 3022 725 χρυσοῦ
3057 650 3405 728 δυνατώτεροι
3446 652 3846 710 ὃιεδείκνυντο.
3898 658 3986 707 Οῦ

2337 741 2436 814 γὰρ
2486 739 2736 811 ἐχώνευεν
2775 742 2962 804 αὐτοὺς
2999 745 3056 794 τὸ
3114 751 3240 816 πῦρ,
3286 745 3391 796 ἀλλ’
3429 744 3709 816 ἐφύλαττεν
3769 745 3984 806 αὐτοὺς

2341 826 2636 900 ἀκεραίους,
2695 835 2880 882 Καίτοι
2937 828 3088 884 οῦὸεν
3141 832 3200 884 ἂν
3257 832 3454 892 ἐκείνην
3497 839 3611 887 τότε
3644 841 3745 894 τὴν
3793 836 3984 908 φλόγα

2339 918 2561 984 ὑπέστη,
2599 918 2660 977 ἣν
2690 922 2859 992 νάφθα
2895 926 2986 973 καὶ
3031 927 3204 974 πίσσα
3238 929 3328 975 καὶ
3357 921 3687 996 κληματίδες
3718 928 3978 1000 ἔτρεφον,

2340 1008 2407 1067 ὡς
2462 1005 2544 1059 ἐπὶ
2588 1012 2982 1084 τεσσαράκοντα
3011 1010 3150 1063 ἐννέα
3172 1017 3366 1084 πήχεις
3405 1014 3566 1072 αὐτὴν
3601 1011 3976 1085 δίαχείσθαι,

2339 1101 2430 1148 καὶ
2511 1101 2574 1149 τὰ
2657 1099 2828 1170 κύκλῳ
2891 1100 3053 1162 αὐτῆς
3113 1102 3500 1175 ἐπινεμομένην,
3557 1103 3792 1165 πολλοῦς
3873 1115 3976 1156 τῶν

2341 1183 2623 1239 Χαλδαίων
2673 1188 3012 1250 ἐξαναλῶσαι’
3055 1190 3282 1248 Ἐκείνην
3336 1199 3507 1244 τοίνυν
3560 1200 3656 1252 τὴν
3685 1200 3981 1269 πυρκαῐαν

2342 1281 2474 1348 μετά
2534 1284 2778 1340 νηστείας
2841 1279 3169 1342 είσελθοντες,
3229 1285 3551 1335 κατεπάτουν
3625 1283 3676 1334 οἰ
3743 1281 3977 1347 παῖδες,

2343 1366 2520 1417 λεπτὸν
2563 1366 2688 1442 ἀέρα
2725 1373 2813 1420 καὶ
2867 1366 3112 1444 ἔνδροσον
3170 1369 3218 1422 ἐν
3262 1371 3397 1423 οὕτω
3449 1371 3624 1446 λάϐρῳ
3694 1381 3773 1444 τῷ
3842 1381 3981 1449 πυρὶ

2345 1453 2693 1517 ὼαπνέοντες.
2727 1455 2870 1510 Οὑιῖὶ
2904 1462 3004 1533 γὰρ
3064 1467 3162 1510 τῶν
3202 1469 3402 1534 τριχῶν
3432 1465 3488 1512 τὸ
3537 1469 3641 1534 πῦρ
3704 1461 3980 1513 κατετόλ-

2343 1563 2480 1616 μησε
2511 1542 2604 1597 διὰ
2633 1550 2690 1597 τὸ
2739 1546 2838 1598 ῦπό
2891 1552 3134 1610 νηστείας
3174 1549 3338 1611 αὑτὰς
3380 1549 3723 1625 ἐκτραφῆναι.
3766 1550 3982 1608 Δανιὴλ

2343 1631 2403 1684 δὲ
2451 1635 2476 1685 ὀ
2534 1633 2662 1708 ἀνὴρ
2723 1645 2821 1688 τῶν
2871 1635 3178 1709 ἐπιθυμιῶν,
3206 1639 3232 1690 ὀ
3267 1647 3406 1714 τρεῖς
3444 1636 3758 1712 ἑϐδομάδας
3803 1642 3982 1714 ἄρτον

2341 1727 2413 1794 μὴ
2470 1729 2666 1796 φαγὼν,
2718 1730 2807 1777 καὶ
2865 1722 3009 1798 ὕδωρ
3077 1731 3150 1800 μὴ
3219 1733 3372 1799 πιὼν,
3431 1735 3522 1781 καὶ
3579 1733 3705 1790 τοὺς
3754 1730 3983 1790 λέοντας

579 1842 719 1882 cum
777 1828 894 1878 tres
940 1817 1365 1876 hebdomadas
1418 1831 1640 1887 panem
1692 1830 1814 1871 non
1848 1816 2086 1880 edisset,
2120 1831 2230 1871 nec

2345 1818 2605 1870 νηστεύειν
2661 1811 2922 1884 ἐδίδαξεν,
2975 1816 3214 1868 εἰσελθὼν
3261 1817 3329 1878 εἰς
3361 1821 3448 1870 τὸν
3498 1818 3716 1872 λάκκον.
3752 1818 3980 1894 Ὠσπερ

577 1914 1093 1982 bibissetaquam,
1127 1905 1430 1962 demissus
1459 1904 1518 1960 in
1573 1903 1773 1960 lacum
1806 1905 1987 1960 etiam
2026 1906 2230 1960 leones

573 2004 851 2075 jejunare
880 1998 1104 2055 docuit.
1131 2000 1331 2068 Neque
1363 1995 1524 2050 enim
1570 1993 1775 2050 leones
1823 1995 2030 2050 dentes
2070 1995 2130 2049 in
2165 1994 2231 2049 il-

575 2093 701 2148 lum
732 2090 1065 2163 impingere
1093 2085 1430 2144 valuerunt.
1457 2082 1705 2156 perinde
1742 2083 1917 2155 quasi
1945 2100 1977 2139 e
2006 2083 2228 2156 lapide,

576 2185 680 2238 aut
713 2196 849 2244 aere,
881 2181 984 2234 aut
1023 2175 1140 2232 alia
1164 2174 1455 2247 quapiam
1487 2171 1767 2242 rigidiore
1797 2172 2052 2228 materia
2092 2189 2226 2228 con-

577 2274 771 2326 cretus
809 2267 1036 2323 fuisset.
1070 2264 1236 2318 Adeo
1259 2260 1559 2334 jejunium
1585 2259 1750 2315 velut
1779 2260 2064 2332 quaedam
2095 2261 2232 2317 ferri

578 2361 836 2418 tinctura
863 2356 1136 2411 ﬁrmarat
1161 2351 1269 2406 viri
1299 2350 1452 2405 illius
1485 2365 1726 2422 corpus,
1745 2365 1812 2404 ac
1836 2349 2114 2405 leonibus
2149 2351 2234 2406 in-

581 2445 925 2520 superabile
954 2439 1326 2498 reddiderat.
1354 2439 1431 2508 (t)
1466 2440 1861 2510 Nequaquam
1899 2442 2088 2496 Moses
2132 2456 2236 2495 au-

581 2555 684 2594 sus
730 2536 940 2592 fuisset
985 2531 1264 2588 verticem
1321 2526 1538 2584 montis
1568 2527 1899 2584 fumantem
1922 2529 2232 2600 attingere,

578 2643 777 2700 neque
802 2623 1034 2696 ingredi
1061 2623 1123 2678 in
1151 2620 1402 2686 nubem,
1431 2618 1546 2672 nisi
1569 2617 1778 2676 fuisset
1801 2620 2032 2691 jejunio
2062 2621 2238 2677 obar-

578 2721 798 2773 matus.
857 2717 966 2770 Per
1015 2711 1314 2785 jejunium
1361 2708 1557 2778 legem
1615 2709 1844 2782 accepit
1895 2710 2079 2781 digito
2134 2711 2238 2767 Dei

581 2807 868 2879 scriptam
899 2805 962 2860 in
991 2802 1232 2874 tabulis,
1263 2805 1544 2875 atquein
1599 2801 1820 2856 montis
1864 2799 2112 2872 quidem
2142 2815 2237 2856 ca-

578 2895 818 2951 cumine
835 2893 1137 2966 jejunium
1165 2893 1359 2964 legem
1388 2891 1748 2967 impetravit,
1775 2890 1835 2944 in
1864 2889 2066 2944 radice
2091 2905 2235 2946 vero

578 2985 802 3041 montis
817 2984 874 3040 in
884 2984 1112 3054 gluvies
1135 2983 1213 3040 ad
1231 2983 1635 3039 idololatriam
1657 2978 2044 3037 dementavit.
2061 2980 2236 3045 Quod

578 3073 740 3130 enim
769 3072 1043 3137 famulus
1091 3072 1498 3145 quadraginta
1543 3071 1674 3127 dies
1713 3070 1957 3142 jejunus
1989 3070 2233 3125 assidue

2346 1905 2440 1977 γὰρ
2509 1901 2563 1954 ἔκ
2620 1902 2788 1964 λίθου,
2831 1904 2861 1962 ἦ
2906 1904 3132 1976 χαλκοῦ,
3175 1907 3205 1964 ἦ
3239 1907 3398 1968 ἄλλης
3437 1911 3576 1968 τινὸς
3609 1907 3984 1983 στερροτέρας

2340 1992 2467 2053 ὕλης
2525 1991 2870 2065 ἐμπεπηγὸτι,
2919 1995 3153 2067 ἐμϐαλεῖν
3211 1996 3304 2047 οῦκ
3359 1995 3504 2068 εἶχον
3563 2002 3685 2058 τοὺς
3733 1996 3982 2060 ὀδόντας

2342 2084 2390 2133 οὶ
2436 2082 2648 2144 λέοντες,
2706 2083 2886 2146 Οὕτως
2929 2087 3082 2138 οἱονεὶ
3123 2085 3268 2159 βαφὴ
3312 2084 3539 2164 σιδήρου
3568 2093 3626 2142 τὸ
3662 2099 3838 2163 σῶμα
3881 2099 3980 2143 τοῦ

2343 2169 2534 2244 ἀνδρὸς
2571 2174 2602 2230 ἡ
2649 2180 2864 2231 νηστεία
2907 2181 3242 2244 στοκὼσασα,
3286 2175 3596 2250 ἁδάμαστον
3630 2177 3802 2232 ἐποίει
3862 2187 3980 2241 τοίς

2341 2260 2570 2317 λέουσιν.
2603 2263 2714 2314 Οὐκ
2767 2263 2828 2315 ἂν
2893 2265 3246 2339 κατετόλμησε
3285 2274 3514 2328 Μωυσῆς
3563 2270 3977 2342 καπνιζομῄης

2342 2358 2438 2411 τῆς
2487 2361 2718 2425 κορυφῆς
2755 2352 3067 2426 προσϐαλεῖν
3119 2364 3190 2407 τῶ
3247 2360 3377 2432 ᾁοεί,
3422 2354 3537 2409 οὐδ’
3577 2355 3640 2408 ἂν
3666 2357 3976 2432 ἐθάρῥτσεν

2345 2439 2586 2492 εἰσελθεῖν
2636 2442 2704 2502 εἰς
2742 2447 2829 2494 τὸν
2876 2454 3085 2517 γνοφον,
3126 2447 3270 2518 εἰμὴ
3321 2451 3541 2518 νηστείᾳ
3588 2450 3971 2502 καθὼπλιστο.

2345 2531 2440 2581 Διὰ
2494 2538 2586 2591 τῆς
2639 2537 2887 2594 νηστείας
2938 2539 3031 2592 τὴν
3081 2533 3288 2594 ἐντολὴν
3340 2531 3651 2606 ὑπεδέξατο,
3709 2533 3968 2607 ant-vlg.»

2349 2627 2482 2672 Θεοῦ
2520 2629 2808 2695 γραφεῖσαν
2841 2621 2891 2674 ἐν
2918 2631 3029 2684 ταῖς
3057 2624 3233 2686 πλαξίο
3263 2629 3352 2678 καὶ
3399 2625 3506 2677 οἷνω
3545 2628 3640 2699 μὶν
3677 2627 3705 2683 ἡ
3735 2629 3958 2682 νηστεία

2345 2711 2656 2780 νομοθεσίας
2694 2711 2931 2784 πρόξενος
2951 2717 3171 2783 γίνεται,
3211 2716 3356 2766 κάτω
3399 2711 3458 2767 δὲ
3488 2716 3518 2772 ἡ
3552 2718 3969 2788 γαστριμαργία

2347 2801 2415 2860 εἰς
2456 2798 2853 2875 εἰδωλολατρίαν
2919 2803 3146 2878 ἐξέμηνε.
3205 2808 3611 2882 Τεσσαράκοντα
3661 2809 3768 2879 γὰρ
3830 2825 3967 2878 ημε-

2345 2898 2447 2965 ρῶν
2487 2889 2834 2966 προσεδρείαν
2890 2899 3227 2957 νηστεύοντος
3279 2903 3369 2948 καὶ
3426 2893 3674 2968 δεομένου
3736 2903 3836 2948 τοῦ
3882 2897 3964 2947 θε-

2343 2983 2598 3052 ράποντος
2619 2984 2895 3054 ﬁxam-mu
2941 2981 3206 3048 ἀπέδειξεν
3243 2984 3548 3056 οἰνοφλυγία
3584 2989 3706 3056 μία.
3739 2983 3836 3045 Ἀς
3866 2988 3964 3060 γάρ

2345 3072 2375 3128 ἡ
2417 3077 2633 3128 νηστεία
2689 3071 2837 3124 ἔλαϐε
2890 3073 3088 3134 πλάκας
3154 3071 3396 3146 δακτύλῳ
3453 3082 3586 3127 Θεοῦ
3644 3082 3964 3147 γραφείσας,

573 3179 826 3219 versans
883 3178 1023 3218 cum
1074 3163 1196 3218 Deo
1248 3162 1708 3234 deprecansque
1756 3158 2115 3227 confecerat,
2171 3159 2230 3215 id

2345 3163 2534 3221 ταύτας
2573 3163 2603 3219 ἡ
2663 3164 2795 3234 μέθη
2847 3162 3170 3236 συνέτριψεν·
3205 3163 3298 3216 οὐκ
3351 3163 3494 3226 ἄξιον
3547 3167 3825 3239 κρίναντος
3877 3172 3966 3216 τοῦ

573 3252 755 3307 unica
767 3250 1115 3307 temulentia
1129 3249 1389 3306 reddidit
1401 3249 1634 3305 irritum
1645 3247 2232 3321 ,infrugiferumque.

573 3344 723 3398 Nam
746 3339 984 3396 tabulas
1004 3355 1159 3412 quas
1169 3339 1470 3410 jejunium
1490 3339 1842 3410 impetrarat
1861 3338 2234 3410 conscriptas

574 3418 764 3500 digito
803 3430 924 3496 Dei,
955 3428 1212 3486 ebrietas
1243 3428 1626 3496 comminuit;
1667 3427 1959 3498 judicavit
2007 3429 2234 3501 quippe

574 3516 876 3592 propheta
897 3517 1132 3575 ebrium
1174 3516 1468 3591 populum
1502 3517 1755 3587 dignum
1795 3531 1916 3572 non
1949 3532 2096 3585 esse,
2127 3517 2234 3590 qui

575 3607 772 3679 legem
793 3607 1093 3680 acciperet
1123 3623 1160 3664 a
1183 3609 1320 3663 Deo.
1352 3605 1580 3679 Ecquid
1607 3605 1945 3678 inquinavit
1969 3607 2149 3674 Esau,
2177 3611 2236 3662 et

577 3713 824 3754 servum
849 3696 986 3753 fecit
1015 3695 1213 3752 fratris
1236 3696 1264 3751 ?
1289 3710 1492 3751 nonne
1519 3693 1788 3750 edulium
1813 3710 2026 3764 unum,
2060 3696 2234 3766 cujus

579 3786 771 3858 gratia
799 3785 1067 3842 vendidit
1090 3786 1192 3858 jus
1211 3784 1598 3858 primogeniti
1619 3782 1668 3819 ⁶⁶
1689 3783 1717 3838 ?
1751 3785 1829 3855 (2')
1884 3783 2032 3841 Cum
2085 3799 2235 3856 qua-

574 3876 825 3948 daginta
847 3876 1081 3932 dierum
1103 3875 1333 3947 jejunio
1355 3876 1740 3947 repurgasset
1758 3873 2029 3930 animam
2047 3874 2228 3942 Elias;

575 3966 658 4022 ita
684 3965 934 4022 demum
979 3965 1040 4020 in
1083 3964 1372 4037 spelunca
1407 3979 1544 4036 quae
1588 3965 1678 4018 est
1717 3962 1780 4018 in
1810 3962 2061 4034 Choreb,
2094 3979 2232 4036 pro-

575 4054 795 4110 meruit
835 4053 1038 4109 videre
1088 4053 1432 4120 Dominum,
1483 4055 1782 4124 quantum
1821 4051 2068 4123 quidem
2096 4052 2234 4108 licet

575 4142 807 4199 homini
824 4141 1043 4198 videre.
1061 4142 1135 4212 (3)
1157 4141 1419 4208 Quorum
1442 4141 1743 4196 cadavera
1766 4145 2074 4209 prostrata
2089 4147 2229 4197 sunt

577 4233 640 4288 in
679 4232 907 4289 deserto
951 4231 996 4265 ⁸⁷
1017 4231 1046 4284 ‘?
1095 4245 1297 4286 nonne
1351 4244 1583 4296 eorum,
1615 4227 1719 4300 qui
1749 4244 1922 4283 esum
1953 4228 2229 4285 carnium

575 4319 978 4395 ﬂagitabant?
1026 4317 1112 4375 Illi
1157 4317 1353 4373 donec
1399 4321 1569 4372 erant
1598 4314 1859 4372 contenti
1896 4332 2145 4386 manna,
2171 4322 2231 4374 et

575 4430 738 4487 aqua
773 4412 849 4468 de
884 4415 1056 4484 petra
1086 4408 1326 4476 ﬂuente,
1359 4406 1730 4480 superabant
1759 4406 2094 4479 Egyptios,
2121 4424 2228 4480 per

2344 3255 2613 3323 προφήτου
2688 3253 2945 3323 μεθύοντα
3007 3253 3130 3304 λαὸν
3178 3255 3575 3326 νομοθετεῖσθαι
3645 3258 3800 3329 παρὰ
3875 3263 3965 3308 τοῦ

2345 3348 2504 3398 Θεοῦ.
2551 3345 2616 3394 Τί
2671 3345 2758 3392 τὸν
2805 3342 2974 3394 ’Πσαῦ
3013 3342 3321 3414 ἐϐεϐηλωσε,
3351 3349 3443 3396 καὶ
3498 3343 3717 3402 ἐποίησε
3775 3341 3965 3398 δοῦλον

2341 3439 2432 3484 τοῦ
2465 3428 2722 3504 ἁδελφοῦς
2756 3432 2814 3483 οῦ
2848 3430 3054 3504 βρῶσις
3082 3438 3199 3505 μία,
3234 3429 3310 3486 δι’
3342 3434 3402 3490 ἢν
3452 3429 3680 3486 ἀπέδοτο
3713 3437 3788 3487 τὰ
3826 3455 3964 3510 πρω-

2343 3527 2595 3589 τοτόκιας
2641 3523 3047 3594 Τεσσαράκοντα
3094 3521 3272 3584 Ἠλίας
3322 3525 3540 3597 ἡμέραις
3587 3530 3819 3598 νηστείᾳ
3874 3532 3966 3584 τὴν

2345 3614 2523 3683 φύχήν
2579 3610 2936 3684 ἀποκαθάρας,
2994 3611 3154 3672 οὕτως
3210 3611 3260 3664 ἐν
3323 3621 3396 3683 τῷ
3464 3613 3709 3686 σπηλαίῳ
3774 3624 3850 3686 τῷ
3921 3615 3967 3667 ἐν

2343 3699 2529 3773 Υωρηϐ
2570 3697 2700 3753 ἰδεῖν
2749 3701 3076 3769 κατηξιώθη,
3124 3706 3188 3764 ὡς
3239 3699 3463 3755 δυνατόν
3509 3702 3651 3755 ἐστιν
3701 3700 3842 3756 ἰδεῖν
3886 3705 3969 3756 ἀν-

2347 3791 2554 3862 θρώπῳ,
2626 3793 2714 3841 τὸν
2771 3794 2982 3864 Κύριον.
3041 3796 3203 3844 Τίνων
3261 3793 3411 3845 ἔπεσε
3465 3795 3532 3844 τὰ
3595 3791 3742 3844 κῶλα
3797 3792 3849 3846 ἐν
3901 3803 3961 3866 τῇ

2345 3877 2550 3951 ἐρημῳ;
2599 3879 2657 3931 οῦ
2713 3888 2811 3930 νῶν
2861 3886 3190 3953 κρεωφαγίας
3254 3881 3668 3947 ἐπιζητοῦντων;
3742 3881 3967 3936 Ἐκεῖνοι

2343 3969 2434 4028 ἕως
2472 3971 2561 4040 μὲν
2619 3969 2872 4042 ἠρκοῦντο
2931 3979 3003 4042 τῷ
3053 3973 3242 4044 μάννα,
3284 3971 3373 4023 καὶ
3405 3980 3476 4042 τῷ
3535 3971 3592 4024 ἐκ
3621 3979 3713 4032 τῆς
3766 3976 3966 4045 πέτρας

2343 4053 2521 4124 ὕδατι,
2554 4059 2874 4130 Αἰγυπτίους
2899 4059 3098 4129 ἐνίκων,
3141 4057 3234 4113 διὰ
3293 4061 3564 4123 θαλάσσης
3590 4058 3814 4128 ὥδευον,
3851 4064 3968 4116 Οῦκ

2347 4141 2410 4202 ἧν
2468 4146 2515 4198 ἐν
2582 4156 2698 4210 ταῖς
2754 4148 2940 4220 φυλαῖς
2997 4150 3166 4201 αὐτῶν
3215 4151 3243 4201 ὁ
3289 4148 3541 4207 ἀσθενῶν,
3597 4147 3818 4210 Ἐπειδὴ
3908 4149 3966 4204 δε

2342 4233 2735 4308 ἐνεθυμήθησαν
2788 4247 2887 4291 τῶν
2945 4247 3106 4314 κρεῶν
3173 4247 3274 4291 τῶν
3323 4239 3570 4305 λεϐήτων,
3620 4244 3712 4292 καὶ
3761 4245 3963 4314 εστρά-

2346 4345 2519 4395 φησαν
2551 4334 2667 4388 ταῖς
2719 4327 3019 4400 ἐπιθυμίαις
3076 4329 3146 4391 εἰς
3207 4331 3488 4400 Αἴγυπτον,
3530 4329 3624 4382 οὐκ
3676 4327 3823 4382 εἶδον
3867 4336 3964 4389 τήν

2342 4427 2439 4491 γῆν
2466 4425 2527 4475 τῆ
2539 4439 2559 4478 ς
2591 4416 2920 4489 ἐπαγγελίας.

575 4518 739 4561 mare
768 4500 1068 4558 faciebant
1094 4499 1226 4568 iter,
1253 4497 1388 4554 Non
1409 4502 1537 4554 erat
1561 4497 1838 4565 inﬁmus
1867 4496 1931 4551 in
1954 4497 2227 4554 tribubus
2255 4525 2471 4571 eorum
2492 4509 2561 4562 68,
2597 4509 2994 4578 posteaquam
3016 4524 3160 4566 vero
3190 4509 3494 4566 recordati
3517 4513 3654 4566 sunt
3678 4511 3963 4568 carnium

575 4592 745 4660 ollas,
770 4595 826 4648 et
844 4588 1140 4647 desiderio
1170 4587 1392 4643 reversi
1413 4589 1554 4642 sunt
1583 4585 1645 4641 in
1674 4587 2020 4656 Egyptum,
2048 4603 2169 4644 non
2201 4600 2494 4657 viderunt
2523 4601 2742 4653 terram
2771 4597 3225 4668 repromissam,

648 4688 700 4738 5.
727 4686 808 4737 Ac
855 4695 931 4736 ne
991 4676 1198 4735 Daniel
1243 4675 1494 4748 quidem
1545 4673 1641 4730 ille
1693 4674 1935 4745 sapiens
1973 4676 2233 4739 visiones
2266 4693 2308 4746 ι)

576 4770 845 4840 vidisset,
886 4768 1001 4825 nisi
1025 4767 1257 4840 jejunio
1296 4763 1662 4821 reddidisset
1704 4763 1911 4819 anima
1938 4763 2236 4838 limpidio-

575 4874 725 4917 rem.
756 4858 1065 4931 Siquidem
1096 4855 1411 4929 pinguiore
1458 4857 1634 4927 pastu
1677 4867 1787 4908 ceu
1836 4851 2061 4911 fumosi
2108 4860 2239 4932 qui.

576 4951 723 5008 dam
751 4963 1004 5023 vapores
1023 4945 1402 5008 exhalantur,
1442 4943 1549 5016 qui
1577 4943 1777 5000 lucem
1812 4942 1992 5015 350
2040 4946 2240 5006 sancti

580 5038 832 5114 Spiritus
869 5037 931 5094 in
969 5035 1235 5092 hominis
1275 5037 1543 5090 mentem
1588 5032 2002 5103 irradiantem,
2056 5039 2237 5107 quasi

578 5129 773 5187 densa
799 5125 996 5181 nubes
1031 5123 1459 5194 interveniens,
1488 5122 1898 5195 intercipiunt.
1931 5125 2011 5197 (4)
2067 5128 2242 5184 Som.

576 5219 642 5276 ni
663 5217 849 5285 leves,
881 5213 1134 5286 ejusque
1160 5212 1349 5281 modi,
1382 5212 1488 5285 qui
1527 5212 1724 5270 excuti
1771 5212 1943 5270 facile
1979 5216 2238 5287 possint,

2423 4692 2476 4742 5.
2509 4685 2643 4738 Ἀλλ’
2672 4683 2791 4738 οὐδ’
2817 4684 2878 4737 ἄν
2909 4688 2934 4737 ὁ
2968 4691 3127 4758 σοφὸς
3151 4687 3340 4746 Δανιὴλ
3365 4689 3460 4750 τὰς
3505 4687 3770 4750 ὀπτασίας
3801 4686 3958 4757 Sida,

2349 4776 2391 4828 εἰ
2462 4781 2534 4848 μὴ
2595 4781 2812 4848 νηστεία
2866 4773 3244 4852 διαυγεστέραν
3309 4775 3524 4836 ἐποίησε
3579 4783 3678 4837 τὴν
3740 4779 3953 4851 ψυχήν.

2349 4865 2441 4918 Ἐκ
2487 4869 2588 4938 γὰρ
2630 4875 2725 4927 τῆς
2785 4871 3017 4939 παχείας
3067 4875 3260 4940 τροφῆς
3317 4869 3423 4920 οἷον
3478 4865 3793 4930 αἰθαλὼδεις
3833 4869 3953 4920 ἀνα-

2353 4957 2626 5028 θυμιάσεις
2713 4955 3155 5030 ἀναπεμπόμεναι,
3223 4958 3431 5030 νεφέλης
3513 4955 3676 5017 δίκην
3727 4966 3936 5022 πνκνῦς,

2348 5047 2436 5104 τὰς
2493 5045 2594 5098 ἀπὸ
2650 5053 2743 5098 τοῦ
2801 5046 2955 5118 ἁγίου
3013 5049 3308 5121 Πνεύματος
3364 5048 3729 5121 ἐπιγινομένας
3754 5046 3935 5117 ἐλλάμ-

2350 5133 2466 5204 ψεις
2511 5135 2595 5189 ἐπὶ
2648 5140 2733 5189 τὸν
2780 5145 2898 5190 νοῦν
2939 5134 3340 5192 διακόπτουσιν.
3384 5143 3486 5191 Καὶ
3523 5138 3684 5192 ὕπνοι
3740 5143 3950 5204 κοῦφοι,

2348 5230 2440 5277 καὶ
2497 5227 2897 5296 εὖαπάλλακτοι,
2960 5235 3191 5300 φυσικῶς
3253 5226 3606 5282 ἀκολουθοῦσι
3669 5236 3748 5300 τῷ

652 5365 700 5401 σε
742 5362 892 5419 Dan.
946 5375 1007 5427 ιι,
1040 5361 1098 5414 2.
1171 5358 1221 5392 ⁸³
1240 5355 1415 5413 Hebr.
1450 5371 1529 5425 ιιι,
1577 5359 1658 5412 17.
1719 5359 1762 5393 οτ
1793 5357 2094 5434 Ρεδ1.‹;ινε
2122 5360 2217 5418 37.

2351 5371 2518 5429 Exod
2531 5417 2545 5430 .
2583 5387 2697 5442 xvi,
2740 5379 2793 5429 3.

645 5509 721 5580 (t)
746 5510 830 5580 Ex
845 5508 1013 5580 hom.
1045 5517 1087 5570 1,
1118 5502 1205 5560 De
1218 5503 1457 5573 jejunio
1488 5505 1542 5557 4.

651 5579 932 5651 (2)1bid.,
965 5583 1016 5632 ε.

2417 5502 2499 5645 iii
2527 5499 2758 5645 ἑῗὲιέ

2441 5575 2499 5644 4)
2527 5576 2608 5630 Ex
2629 5572 2808 5645 epist.
2844 5587 2906 5640 ιι,
2943 5573 3035 5626 75.
