4084 6416
222 319 362 373 i253

1437 333 1668 392 SERMO
1705 337 1769 393 X.
1811 364 1881 378 --
1919 339 2012 395 DE
2046 334 2345 394 JEJUNlO.

3456 337 3597 397 1256

216 450 316 503 τῆς
350 438 582 506 διαίτης
609 447 723 498 κατ’
773 446 1112 507 ἐπιτήδευσιν
1163 450 1221 505 δὲ
1268 463 1379 516 ταῖς
1431 465 1549 533 περὶ
1602 469 1698 512 τῶν
1735 481 1817 534 με·

1944 462 2290 520 naturalem
2314 478 2457 519 cum
2485 463 2646 519 tenui
2692 462 2887 519 victus
2931 465 3163 521 ratione
3208 464 3595 521 necessitudi-

215 531 391 601 γάλων
458 540 732 610 μερίμναις
817 535 1243 614 διακοπτόμενοι.
1328 550 1397 599 Τὸ
1482 531 1584 624 γὰρ
1672 531 1828 625 βαρεῖ

214 623 364 694 κάρῳ
409 630 881 700 κατακρατεῖσθαι,
943 629 1199 703 λυομένων
1257 623 1683 710 αύτού(1)ῗτῶν
1740 623 1828 713 με·

213 707 342 779 λων,
401 716 535 765 ὥστε
569 714 771 786 σχολὴν
822 716 1028 789 ἀλόγοις
1077 728 1385 792 φαντασίαις
1440 731 1713 800 παρέχειν,
1778 728 1826 782 ἐν

215 801 550 876 καθημερινῷ
630 805 833 877 θανάτῳ
889 816 1025 861 ποιεῖ
1071 816 1191 872 τούς
1249 814 1385 866 οὕτω
1454 815 1824 881 καθεύδοντας.

216 893 479 953 Μωυσῆς,
558 888 803 967 δευτέραν
864 896 1138 969 λαμϐάνων
1193 905 1525 975 νομοθεσίαν,
1580 904 1828 984 δευτέρας

212 984 463 1041 νηστείας
529 980 886 1054 προσεδεήθη.
949 992 1050 1040 Καὶ
1104 994 1402 1054 Νινευῖταις
1451 994 1494 1047 εἰ
1537 1000 1608 1068 μή
1642 980 1827 1050 καὶ-τὰ

215 1064 386 1136 ἄλογα
447 1076 871 1143 συνενήστευσεν,
933 1075 1027 1127 ούκ
1081 1075 1141 1128 ἂν
1187 1075 1429 1153 διέφυγον
1475 1088 1569 1142 την
1617 1083 1824 1144 ἀπειλὴν

218 1161 320 1215 τῆς
378 1170 767 1233 καταστροφῆς.
828 1168 980 1234 Μέγα
1035 1164 1230 1237 ἀγαθόν
1297 1168 1588 1244 ἀνθρώποις
1649 1176 1678 1233 ἠ
1734 1195 1824 1233 νη..

221 1248 391 1311 στεία,
450 1249 567 1309 ἣτις
606 1247 869 1322 ἀπόφασιν
924 1262 1056 1306 Θεοῦ
1099 1254 1461 1316 ἀνεκαλέσατο.
1516 1262 1819 1337 Ἐκηρύχθη

214 1338 267 1382 ἐν
336 1338 519 1387 Νινευῖ
590 1344 866 1413 τριήμερος
923 1346 1284 1420 καταπρὸφή·
1356 1356 1446 1403 καὶ
1490 1351 1721 1411 ἐνίκησεν
1787 1356 1819 1412 ᾖ

214 1426 342 1495 πρὸς
397 1426 484 1476 τὸν
530 1431 659 1479 Θεὸν
705 1427 989 1504 ἐπιστροφὴ
1046 1440 1141 1492 τὴν
1201 1447 1592 1513 καταστροφήν·
1649 1445 1679 1502 ἡ
1721 1446 1820 1517 γάρ

215 1512 401 1570 ἀπειλὴ
450 1522 540 1575 τῆς
570 1528 953 1594 καταστροφῆς,
999 1519 1091 1575 διὰ
1140 1530 1233 1584 τὴν
1266 1525 1585 1603 ἐπιστροφὴν
1616 1530 1819 1593 ἀνείθη.

217 1599 551 1674 Εύγνώμονες
615 1607 692 1665 (2)
745 1606 1042 1682 ἁμαρτωλοὶ
1089 1614 1138 1664 οὶ
1211 1621 1505 1690 Νινευῖται,
1566 1618 1823 1676 ἀκούσαν-

215 1705 300 1748 τες
374 1696 467 1740 τοῦ
544 1691 692 1743 Ἰωνᾶ
742 1699 1098 1767 κηρύσσοντος
1142 1706 1237 1760 τὴν
1292 1714 1684 1780 καταστροφὴν,
1750 1720 1822 1784 τῷ

1936 570 2076 610 nem
2108 552 2373 609 habent:
2409 552 2532 609 imo
2552 553 2713 623 {vero
2765 552 2841 609 de
2880 553 3181 610 industria
3228 569 3593 624 magnarum

1935 658 2139 699 rerum
2184 641 2341 697 curis
2378 642 2918 714 interrumpantur.
2957 645 3108 699 Nam
3152 643 3362 699 altiore
3401 659 3593 700 corre-

1937 737 2109 805 ptum
2139 747 2270 788 esse
2294 747 2532 803 sopore,
2564 730 2855 787 membris
2908 732 3145 802 solutis,
3176 733 3260 789 ita
3288 736 3355 788 ut
3402 732 3594 789 facilis

1936 825 2140 893 pateat
2167 820 2366 878 aditus
2386 820 2758 890 imaginibus
2788 837 2824 878 a
2851 824 3083 880 ratione
3115 821 3346 891 alienis,
3368 822 3430 879 id
3446 838 3596 895 quo-

1936 911 2175 968 tidianae
2196 910 2375 967 morti
2396 909 2623 966 addicit
2658 911 2742 967 ita
2771 911 3162 967 dormientes.
3199 913 3279 985 (4)
3312 914 3502 969 Moses
3530 915 3596 968 ut

1936 999 2200 1067 alteram,
2220 999 2516 1071 acciperet
2540 998 2759 1071 legem,
2793 999 2979 1056 altero
3005 999 3250 1072 [jejunio
3297 1016 3453 1073 opus
3480 1000 3592 1057 ha-

1932 1089 2082 1147 buit.
2144 1088 2266 1145 Nisi
2309 1092 2365 1144 et
2410 1103 2535 1143 una
2591 1104 2733 1144 cum
2791 1089 3062 1144 Ninivitis
3101 1089 3485 1160 jejunassent
3533 1092 3594 1146 et

1931 1179 2064 1251 ipsa
2076 1178 2253 1234 bruta
2267 1176 2575 1246 animalia,
2592 1176 3075 1251 haudquaquam
3089 1178 3441 1248 effugissent
3451 1177 3593 1234 sub-

1932 1269 2223 1324 versionis
2253 1267 2807 1323 comminationem.
2834 1268 2911 1337 (5)
2936 1268 3223 1338 Magnum
3247 1267 3458 1340 procul
3483 1267 3592 1323 du-

1931 1356 2034 1413 bio
2064 1355 2420 1412 mortalibus
2441 1354 2674 1411 bonum
2696 1360 2785 1411 est
2799 1355 3123 1426 jejunium,
3140 1356 3308 1428 quod
3339 1354 3592 1428 quidem

1932 1446 2036 1502 Dei
2060 1445 2370 1501 decretum
2421 1444 2745 1499 revocavit.
2804 1444 3180 1501 Proclamata
3222 1446 3315 1499 est
3367 1443 3591 1500 Niniva

1929 1539 2073 1608 post
2107 1534 2377 1590 triduum
2421 1531 2754 1601 subversio,
2801 1538 2859 1590 et
2910 1533 3228 1590 conversio
3283 1533 3362 1591 ad
3401 1536 3591 1590 Deum

1929 1624 2073 1680 vicit
2100 1621 2579 1679 subversionem.
2607 1620 3024 1678 Subversionis
3075 1620 3381 1695 siquidem
3430 1636 3593 1678 com-

1931 1712 2183 1769 minatio
2211 1715 2455 1785 propter
2484 1710 2946 1767 conversionem
2975 1710 3245 1767 relaxata
3293 1716 3402 1767 est.
3443 1712 3592 1767 Can-

218 1779 396 1848 τρόπῳ
443 1798 535 1852 της
584 1788 824 1845 νηστείας
876 1789 1107 1846 ἔστησαν
1164 1795 1259 1850 τὴν
1318 1792 1552 1863 ἀπειλὴν,
1599 1804 1690 1851 καὶ
1746 1808 1817 1871 τῷ

1932 1802 2059 1859 didi
2085 1805 2144 1858 et
2171 1779 2423 1872 ingenui
2468 1805 2821 1871 peccatores
2852 1800 3147 1868 Ninivitee,
3186 1800 3394 1857 audito
3438 1802 3594 1856 Jona

215 1866 475 1939 φαρμάκῳ
553 1878 647 1933 τῆς
706 1870 1124 1947 ἐξομολογησεως
1195 1885 1286 1933 καὶ
1352 1894 1661 1957 προσευχῆς
1734 1888 1820 1942 ἐπ-

216 1956 523 2008 εσπάσαντο
568 1963 663 2017 τὴν
706 1969 988 2037 σωτηρίαν.
1022 1972 1109 2028 Τίς
1138 1972 1224 2020 τόν
1254 1970 1439 2025 ἑαυτοῦ
1483 1972 1621 2029 οἷκον
1666 1977 1820 2036 ηλατ-

220 2062 385 2097 τωσεν
437 2048 487 2097 ἐν
543 2055 791 2123 νηστείας
843 2052 1169 2128 Ἀρίθμησον
1237 2066 1463 2137 σήμερον
1518 2069 1583 2117 τὰ
1651 2066 1816 2141 ἔνδον,

213 2137 305 2184 καὶ
369 2132 664 2207 ἀρίθμησον
706 2143 774 2192 τὰ
841 2147 973 2215 μετά
1024 2155 1211 2217 ταῦτα,
1266 2148 1416 2204 οὐδὲν
1457 2150 1551 2207 διὰ
1595 2161 1688 2215 τὴν
1729 2132 1819 2217 νηί

216 2228 393 2274 στείαν
446 2223 612 2297 λείψει
664 2237 766 2280 τῶν
802 2229 850 2283 ἐν
890 2241 963 2304 τῷ
1009 2238 1156 2309 οἴκῳ.
1190 2236 1331 2292 Οόδὲ
1378 2243 1426 2294 ἓν
1460 2244 1591 2303 ζῶον
1631 2244 1821 2321 ὀδύρε-

211 2329 301 2361 ται
350 2313 583 2387 θάνατον,
630 2314 866 2392 οὐδαμοῦ
919 2324 1052 2396 αξιια
1097 2326 1196 2397 (3),
1234 2326 1472 2403 οὐδαμοῦ
1531 2313 1818 2407 ἀπόφασις,

210 2402 352 2472 παρὰ
392 2410 517 2495 Δτης
585 2403 949 2483 ἀπαραιτήτου
1016 2420 1245 2491 γαστρὸς
1311 2402 1653 2495 ἐκφερομένη.
1686 2402 1822 2479 κατᾶ

207 2496 310 2539 τῶν
387 2490 556 2551 ζώων.
615 2499 886 2551 Πέπαυται
958 2509 1229 2579 μαγείρωγ
1296 2511 1563 2583 μάχαιρα·
1611 2515 1642 2572 ἡ
1697 2517 1821 2591 τρά-

206 2596 337 2639 πεςα
399 2578 663 2651 ἀρεκεῖται
727 2594 837 2649 τοῖς
893 2590 1225 2664 αὐτομάτοις.
1282 2603 1404 2660 Τοῖς
1469 2596 1530 2653 δέ
1593 2578 1820 2675 κομῷοῖς

208 2664 571 2740 Ἐγκρατιταῐς
645 2677 776 2745 πρὸς
856 2681 913 2728 τό
996 2686 1180 2751 σεμνόν
1255 2683 1423 2737 αὐτῶν
1516 2690 1815 2764 πρόϐλημα*

210 2760 306 2806 Δια
353 2760 406 2807 τί
452 2762 543 2810 καὶ
598 2760 748 2832 ἡμεῖς
780 2763 908 2836 ούχὶ
960 2768 1148 2830 πάντες
1210 2769 1477 2846 ἐσθίομεν;
1534 2778 1694 2832 ἐκεῖνο
1736 2781 1819 2834 λε-

208 2845 407 2914 γέσθω,
458 2847 537 2899 ὄτι
600 2854 692 2902 καὶ
743 2854 811 2903 τὰ
854 2863 1226 2931 περιττώματα
1308 2863 1452 2934 ἡμῶν
1520 2864 1819 2938 βδελυσσό-

210 2934 365 3004 μεθα.
455 2939 604 2989 Κατὰ
672 2943 763 3012 μὲν
832 2945 934 3017 γὰρ
992 2951 1085 3005 τὴν
1140 2947 1309 3018 ἀξίαν,
1358 2952 1569 3026 λάχανα
1613 2962 1816 3033 χόρτου

210 3023 337 3124 ημῖν
391 3022 501 3077 ἐστι
550 3029 617 3080 τὰ
664 3034 816 3105 κρέα·
874 3037 1009 3087 κατὰ
1054 3038 1113 3089 δὲ
1157 3043 1253 3097 τὴν
1303 3050 1403 3093 τῶν
1456 3022 1815 3121 συμφερόντων

211 3107 507 3186 διάκρισιν,
582 3138 653 3180 ως
716 3125 807 3173 καὶ
875 3120 924 3174 ἐν
981 3123 1231 3197 λαχάνοις
1304 3134 1364 3182 τὸ
1417 3107 1671 3209 βλαϐερόν
1722 3145 1816 3191 τοῦ

207 3201 535 3260 καταλλὴλου
608 3212 927 3284 χωρίζομεν,
1005 3215 1140 3267 οὕτω
1205 3223 1294 3271 καὶ
1352 3219 1401 3272 ἐν
1469 3231 1575 3285 τοῖς
1628 3232 1816 3299 κρέασι

207 3296 303 3341 τοῦ
328 3296 605 3365 χρησίμου
635 3298 695 3347 τό
748 3296 1002 3369 βλαϐερόν
1043 3300 1394 3381 διακρίνομεν,
1464 3296 1690 3366 Ἐπείτοι
1726 3316 1814 3369 λά-

205 3382 373 3449 χανόν
403 3378 521 3433 ἐστι
558 3388 648 3436 καὶ
678 3389 737 3437 τὸ
767 3393 997 3457 κώνειον,
1026 3394 1200 3470 ὥσπερ
1254 3402 1411 3469 κρέας
1458 3401 1573 3455 ἐστὶ
1620 3410 1709 3457 καὶ
1755 3409 1813 3459 τό

205 3469 441 3537 γύπειον·
488 3470 595 3523 ἀλλ’
636 3474 778 3546 ὅμως
832 3477 947 3532 οὔτε
1011 3481 1311 3557 ὑοσκύαμον
1392 3492 1546 3562 φάγοι
1615 3495 1676 3546 ἄν
1732 3516 1815 3557 τις

204 3562 327 3657 νοῦν
393 3559 551 3632 ἔχων,
622 3564 739 3617 οὔτε
802 3571 956 3631 κυνὸς
1013 3570 1211 3642 ἅψαιτο
1244 3618 1259 3645 ,
1337 3577 1380 3629 εὶ
1442 3584 1514 3652 μὴ
1582 3585 1815 3657 μεγάλης

207 3656 443 3717 αναγκης
498 3656 934 3725 κατεπειγούσης·
1002 3661 1071 3722 ὡς
1144 3663 1233 3733 ὅγε
1306 3672 1481 3739 φαγὼν
1548 3656 1659 3723 ούκν
1699 3674 1817 3733 ἡνό-

206 3753 396 3806 μησεν.
457 3736 789 3795 Ἀνάπαυσόν
854 3765 951 3799 σου
1014 3752 1099 3801 τόν
1164 3736 1433 3830 μάγειρον,
1476 3755 1565 3821 δὸς
1625 3760 1814 3835 ἀργίαν

207 3829 284 3891 τῷ
339 3825 728 3900 τραπεζοποιῷ·
794 3841 991 3892 στῆσον
1051 3841 1147 3895 τὴν
1205 3849 1368 3916 χεῖρα
1424 3855 1496 3917 τῷ
1553 3825 1806 3923 οἰνοχόον

208 3914 507 3966 παυσάσθω
535 3920 660 3970 ποτε
693 3925 783 3973 καὶ
831 3924 857 3974 ό
896 3926 991 3985 τὰς
1041 3928 1306 3993 ποικιλίας
1360 3942 1460 3985 τῶν
1520 3907 1815 4012 βρωμάτων

208 4000 552 4061 ἐπιτηδεύων·
605 4009 941 4082 ἡσυχασάτω
992 4020 1114 4069 ποτε
1172 4025 1260 4073 καὶ
1301 4024 1327 4074 ὁ
1373 4020 1508 4086 οἶκος
1559 4000 1664 4081 από
1712 4038 1814 4082 τῶν

208 4096 410 4167 μυρίων
460 4095 710 4169 θορύϐων,
743 4107 831 4154 καὶ
870 4111 960 4155 τοῦ
1023 4116 1221 4161 καπνοῦ
1289 4118 1378 4165 καὶ
1424 4123 1519 4178 τῆς
1567 4124 1810 4192 κνίσσης,

210 4186 302 4278 καὶ
356 4190 456 4235 τῶν
510 4187 614 4237 ἄνω
660 4194 750 4241 καὶ
802 4193 945 4245 κάτω
1004 4191 1436 4275 διατρεχόντων,
1506 4211 1596 4259 καὶ
1658 4211 1814 4263 οἱονεὶ

209 4277 553 4345 απαραιτήτῳ
634 4272 886 4354 δεσποίνῃ
947 4290 1012 4356 τῇ
1088 4294 1285 4363 γαστρί
1357 4291 1813 4368 λειτουργούντων.

210 4361 352 4410 Δότω
411 4366 531 4414 τινὰ
594 4363 885 4441 ἐκεχειρίαν
940 4377 1031 4426 καὶ
1088 4377 1117 4432 ἡ
1176 4385 1385 4454 γαστὴρ
1434 4361 1811 4460 τῷΙστόματιο

212 4450 523 4500 σπεισάσθω
572 4453 697 4523 ἡμῖν
744 4460 1097 4534 πενθημέρους
1139 4464 1392 4534 σπονδὰς,
1445 4474 1475 4530 ἡ
1532 4473 1611 4528 ἀεὶ
1657 4450 1815 4530 άπαι-

208 4538 379 4585 τούσα
425 4541 516 4588 καὶ
555 4536 807 4595 οὐδέποτε
849 4546 1108 4619 λήγουσα,
1168 4555 1198 4612 ἡ
1250 4554 1593 4630 λαμϐάνουσα
1643 4571 1812 4637 σημε-

208 4640 321 4692 ρον,
385 4630 473 4677 καὶ
534 4630 713 4702 αὔριον
770 4630 1227 4713 ἐπιλανθανομένη.
1280 4643 1442 4699 Ὀταν
1500 4630 1810 4727 ἀμπλησθῇ,

208 4715 334 4812 περι
386 4711 699 4812 ἐγκρατείαςΔ
748 4721 1037 4797 φιλοσοφεί’
1088 4731 1208 4784 ὅταν
1276 4729 1627 4812 διαπνευσθῇ,
1708 4711 1818 4797 Enri-

209 4799 516 4858 λανθάνεται
544 4815 645 4858 τῶν
668 4803 703 4860 δ
706 4813 968 4883 ογμάτων.
1576 4799 1586 4812 ⁸

280 5111 337 5165 6.
388 5106 529 5163 Αλλὰ
596 5115 774 5186 καιρὸς
832 5114 940 5176 ἤδη
998 5120 1197 5193 λοιπὸν,
1253 5132 1343 5181 καὶ
1397 5134 1527 5203 πρὸς
1570 5136 1657 5186 τὸν
1706 5135 1815 5189 ἐπι-

282 5308 369 5446 (l)
391 5306 579 5363 Αὐτοῦ.
607 5310 896 5371 Codicum
917 5316 1066 5376 alter
1093 5321 1285 5380 αὐτῶν.

282 5380 340 5446 (2
391 5379 745 5446 Εὖγνώμονες.
767 5389 882 5444 etc.
927 5390 1154 5446 Locum
1181 5395 1285 5446 hui

278 5379 745 5462 (βλεύγνώμονες,
767 5389 882 5462 etc_.
927 5390 1154 5449 Locum
1180 5379 1346 5453 hunc
1376 5401 1729 5460 sanavimus
1756 5408 1817 5462 et

214 5446 632 5529 supplevimus
670 5446 807 5528 quae
835 5446 1814 5538 deeraninBEdiEﬁ’fﬁ'

215 5518 278 5571 et
299 5530 492 5572 ipsius
520 5528 857 5572 contextum
886 5531 1035 5572 nam
1056 5534 1391 5572 ,θωυιηημηη
1416 5551 1507 5572 --.τ
1538 5544 1684 5572 ww:

195 5528 278 5598 ,οι
291 5528 508 5611 ἐξεὲεῇ
520 5528 1039 5611 οοιιῐθξιιιε.“Εᾱ1ι1
1055 5528 1391 5611 ερνκῇωμὸνως
1416 5551 1507 5596 τοῦ
1538 5528 1705 5605 Ἰοἶνᾶξ

212 5657 271 5713 et
387 5583 826 5728 ἑεὲὦαῖμα.
848 5583 1813 5679 ήΗ-εεῖὶᾶἇίὧῗὲἶέόᾶἓηῗέδᾶὶοο

1933 1891 2390 1948 subversionem
2404 1887 2792 1961 praedicante,
2808 1904 2915 1961 per
2925 1889 3007 1961 jej
3016 1889 3142 1945 unii
3153 1889 3409 1945 modum
3430 1904 3591 1945 com-

1929 1981 2328 2038 minationem
2357 1977 2781 2045 cohibuerunt,
2809 1982 2868 2033 et
2917 1978 3315 2034 confessionis
3362 1978 3588 2035 oratio-

1929 2070 2145 2143 nisque
2172 2067 2443 2125 remedio
2473 2069 2846 2124 attraxerunt
2871 2066 3148 2125 salutem.
3174 2068 3251 2138 (6)
3280 2067 3423 2132 Quis
3457 2081 3587 2124 rem

1930 2159 2290 2216 familiarem
2346 2156 2631 2212 diminuit
2673 2157 2732 2211 in
2773 2156 3054 2228 jejunio?
3092 2159 3351 2212 Recense
3407 2154 3589 2213 hodie

1930 2252 2152 2308 domus
2184 2246 2638 2320 supellectilem,
2682 2261 2755 2301 ac
2801 2250 3013 2318 postea
3059 2245 3261 2302 denuo
3308 2261 3585 2315 numera,

1928 2337 2080 2395 nihil
2133 2335 2321 2392 deerit
2374 2333 2456 2390 ob
2507 2333 2811 2405 jejunium
2862 2332 2925 2388 in
2971 2334 3153 2389 rebus
3216 2332 3584 2388 domesticis.

1928 2426 2171 2483 Nullum
2200 2423 2431 2481 animal
2453 2422 2731 2495 deplorat
2773 2426 3051 2489 mortem,
3094 2436 3404 2493 nusquam
3448 2436 3589 2477 san-

1928 2516 2084 2587 guis,
2141 2529 2450 2586 nusquam
2514 2511 2807 2568 sententia
2859 2510 2938 2567 ab
2980 2509 3336 2567 inexorabili
3381 2514 3589 2567 ventre

1928 2605 2221 2662 adversus
2242 2602 2583 2660 animantia
2619 2600 2876 2673 prolata.
2912 2601 3119 2656 Cessat
3147 2600 3454 2657 machaera
3482 2615 3587 2657 co—

1927 2709 2214 2768 quorum,
2244 2707 2461 2748 mensa
2487 2694 2769 2747 contenta
2797 2692 2889 2745 est
2919 2694 3130 2762 sponte
3168 2688 3584 2747 nascentibus.

1930 2785 2008 2855 (7)
2034 2781 2272 2855 Lepidis
2292 2785 2493 2836 autem
2511 2777 2852 2846 ,Encratitis
2881 2779 2967 2834 ad
2991 2776 3349 2850 praeclaram
3374 2792 3586 2833 eorum

1926 2872 2348 2947 quaestionem,
2379 2872 2494 2927 Cur
2511 2884 2625 2925 nos
2657 2868 2841 2924 etiam
2889 2883 3012 2923 non
3060 2866 3348 2923 omnibus
3392 2866 3586 2922 vesci-

1926 2962 2111 3019 mur?
2153 2960 2271 3017 hoc
2312 2958 2487 3014 detur
2509 2957 2814 3030 responsi,
2846 2972 2959 3012 nos
2991 2956 3174 3012 etiam
3202 2959 3585 3013 excrementa

1923 3055 2139 3108 nostra
2167 3047 2497 3107 adversari.
2518 3051 2602 3103 Ac
2627 3048 2928 3119 quantum
2947 3044 3198 3119 quidem
3224 3043 3304 3103 ad
3329 3044 3585 3115 dignita-

1924 3147 2070 3211 tem,
2122 3139 2288 3197 olera
2322 3136 2524 3194 herbae
2563 3135 2742 3194 nobis
2799 3137 2940 3191 sunt
2986 3150 3231 3191 carnes:
3284 3137 3585 3206 quantum

1922 3247 2067 3287 vero
2089 3230 2171 3287 ad
2194 3226 2431 3285 utilium
2461 3224 2914 3294 discretionem,
2952 3223 3483 3296 quemadmodum
3526 3225 3585 3280 et

1922 3320 1986 3377 in
2015 3319 2281 3377 oleribus
2302 3314 2576 3387 [noxium
2606 3330 2644 3371 a
2673 3313 2903 3371 salubri
2957 3327 3339 3385 separamus,
3392 3311 3476 3368 ita
3526 3312 3586 3368 et

1922 3412 1984 3467 in
2009 3407 2295 3466 carnibus
2325 3405 2404 3464 ab
2430 3404 2559 3462 utili
2579 3403 2832 3460 noxium
2853 3401 3410 3458 secernimus.Nam
3427 3403 3586 3456 certe

1923 3504 1982 3557 et
2008 3498 2203 3555 cicuta
2226 3495 2360 3553 olus
2388 3499 2502 3563 est,
2536 3493 2692 3550 sicut
2715 3492 2899 3549 etiam
2927 3506 3068 3549 caro
3116 3493 3206 3547 est
3244 3488 3579 3546 vulturina:

1923 3589 2032 3646 sed
2067 3593 2274 3645 tamen
2296 3599 2408 3641 nec
2427 3584 2875 3657 hyoscyamum
2903 3595 3089 3637 sanus
3116 3579 3452 3652 quisquam
3481 3593 3584 3636 co-

1922 3677 2145 3745 medet,
2175 3692 2287 3732 nec
2329 3689 2479 3731 cane
2515 3676 2810 3736 vescetur,
2868 3669 2983 3725 nisi
3033 3672 3285 3739 urgente
3341 3681 3586 3725 summa

1923 3766 2276 3823 necessitate
2296 3783 2311 3833 ;
2328 3762 2436 3836 qui
2458 3764 2664 3819 tamen
2679 3757 2942 3815 comedit
2968 3772 3094 3813 non
3113 3759 3343 3829 peccat.
3372 3756 3451 3825 (8)
3472 3756 3585 3813 Da-

1924 3860 1986 3913 to
2009 3853 2472 3928 respirationem
2518 3854 2575 3905 et
2618 3862 2857 3904 moram
2889 3861 3086 3917 coquo
3130 3849 3257 3912 tuo,
3314 3843 3442 3900 sine
3480 3859 3585 3902 va-

1924 3959 2058 4002 care
2082 3944 2440 3998 structorem
2470 3951 2852 4003 mensarum;
2885 3934 3030 3990 siste
3064 3929 3430 4006 pocillatoris
3451 3948 3583 3990 ma-

1923 4048 2108 4099 num;
2140 4030 2215 4087 sit
2243 4027 2571 4101 aliquando
2585 4022 2899 4098 respiratio
2948 4024 3259 4079 variorum
3304 4019 3584 4079 bellaria-

1921 4138 2063 4179 rum
2091 4136 2162 4177 ac
2192 4115 2588 4191 cupediarum
2622 4113 2980 4180 architecto;
3014 4110 3408 4184 conquiescat
3451 4113 3586 4168 tan-

1922 4212 2065 4270 dem
2093 4211 2226 4284 ipsa
2253 4208 2476 4264 domus
2504 4204 2583 4262 ab
2620 4202 2868 4261 inﬁnitis
2894 4200 3275 4272 tumultibus,
3326 4215 3363 4256 a
3390 4198 3584 4269 fumo,

1926 4318 1964 4358 a
2005 4299 2239 4371 nidore,
2272 4296 2350 4354 ab
2396 4294 2492 4351 his
2520 4293 2627 4366 qui
2655 4307 2900 4349 sursum
2936 4290 3224 4348 deorsum
3269 4288 3582 4356 cursitant,

1924 4407 1999 4449 ac
2043 4387 2253 4457 ventri,
2290 4384 2453 4441 velut
2488 4381 2829 4455 imperiosa
2880 4379 3145 4437 dominas
3212 4376 3581 4434 ministrant.

1927 4482 2054 4547 Det,
2078 4478 2199 4544 det,
2229 4476 2505 4547 inquam,
2527 4470 2910 4544 aliquantum
2936 4466 3270 4524 vocationis
3296 4469 3354 4523 et
3380 4466 3586 4522 venter

1926 4569 2054 4635 ori;
2086 4566 2428 4640 paciscatur
2449 4559 2772 4617 nobiscum
2808 4557 3081 4629 quinque
3119 4554 3357 4611 dierum
3406 4553 3584 4613 indu-

1928 4658 2052 4716 cias
2074 4655 2181 4729 qui
2210 4667 2447 4725 semper
2467 4648 2691 4723 alioqui
2719 4647 2969 4720 ﬂagitat,
3004 4660 3119 4702 nec
3151 4659 3428 4716 unquam
3483 4642 3586 4700 de-

1928 4746 2088 4815 sinit,
2120 4745 2270 4802 dum
2295 4740 2465 4815 quod
2493 4738 2727 4810 accepit
2752 4735 2956 4803 hodie,
3002 4750 3136 4790 eras
3183 4731 3581 4789 obliviscitur.

1929 4839 2078 4895 Cum
2133 4834 2312 4891 fuerit
2365 4829 2662 4904 expletus,
2737 4831 2866 4884 tum
2908 4825 2986 4882 de
3037 4822 3405 4881 abstinentia
3447 4822 3584 4895 phi-

1926 4925 2318 4999 losophatur:
2369 4920 2477 4977 ubi
2530 4916 2853 4986 (letumuit,
2922 4913 3284 4987 dogmatum
3342 4911 3585 4969 illorum

1925 5013 2318 5073 obliviscitur.

1998 5108 2053 5160 6.
2092 5103 2194 5175 (9)‘
2234 5099 2353 5159 Sed
2373 5100 2504 5171 jam
2536 5100 2776 5170 tempus
2792 5095 2905 5162 est,
2933 5094 3002 5150 ut
3045 5105 3231 5152 causa
3259 5089 3425 5165 apud
3474 5088 3583 5147 im.

1996 5323 2075 5396 (4)
2105 5320 2382 5396 Exhom.
2414 5333 2435 5375 ι
2456 5316 2546 5396 De
2562 5311 2803 5396 jejunio
2829 5313 2885 5366 8.

1995 5381 2073 5471 (si
2102 5396 2187 5471 ξι
2213 5381 2874 5471 hom.ni_Dé.j'eiu13io,_
2896 5381 3026 5438 622.

2004 5457 2072 5536 '6)
2104 5467 2189 5520 Ex
2214 5463 2383 5519 hom.
2412 5476 2435 5516 1
2461 5457 2822 5529 Dejejunio,
2844 5457 2899 5509 6.

1993 5473 2074 5609 l7)
2099 5538 2183 5591 Ex
2202 5533 2379 5609 epist.
2409 5542 2681 5609 CC}Xx_V_I,
2704 5530 2829 5609 3(53.
2852 5598 2877 5609 _

1996 5541 2074 5609 (7)
2100 5541 2183 5591 Ex
2202 5541 2379 5606 epist.
2409 5542 2681 5600 CCIXXVI,
2704 5541 2829 5584 363-

1996 5608 2080 5683 (8)
2105 5610 2190 5683 1;;
2214 5606 2383 5662 hom.
2420 5621 2440 5658 ι
2457 5598 2940 5683 ρϐἱθνίαῖξίον.θεε

1995 5667 2078 5752 (9)
2109 5680 2367 5750 Uterque
2394 5667 2588 5734 eodei
2612 5667 2843 5731 indicat
2852 5667 3021 5739 epist.
