4084 6376
591 342 726 402 1255

1546 330 1908 390 APPENDIX.
1951 360 2019 372 —
2057 323 2402 385 SYMEONIS
2439 322 2980 384 METAPHRASTE

3797 335 3901 393 ‘a'l26

587 471 930 543 peratorem
949 461 1316 522 insanabilia
1331 459 1506 517 nobis
1525 456 1972 532 praecipientem
1985 452 2242 510 breviter

2358 451 2609 503 τάττοντα
2637 451 2762 523 ἡμῖν
2813 452 2880 504 τὰ
2923 449 3108 504 ἀνίατα
3169 451 3398 526 βασιλέα
3452 458 3634 528 μικρὸν
3697 456 3901 532 ἀπολογη-

593 542 774 624 dicta,
833 555 1208 612 desinamus.
1261 551 1343 622 (l)
1389 548 1540 606 Velis
1591 546 1795 618 nobis,
1841 542 2239 610 serenissime,

590 661 872 720 parcere;
915 643 1021 717 qui
1073 646 1305 699 tantum
1359 636 1766 712 possidemus,
1818 637 2137 707 quantum,
2191 629 2243 687 si

597 735 781 793 hodie
806 732 1120 791 comedere
1139 728 1524 796 voluerimus,
1573 725 1771 792 nobis,
1805 739 1929 780 non
1967 720 2240 778 sufﬁciet.

594 827 802 882 Cessat
848 821 1013 896 apud
1053 835 1187 890 nos,
1235 822 1301 875 ut
1368 833 1481 891 par
1553 819 1660 886 est,
1711 827 2047 886 coquorum
2110 825 2242 878 ars;

594 929 706 971 nec
728 928 937 970 eorum
967 909 1154 968 culter
1183 907 1544 979 sanguinem
1575 903 1832 974 attingit.
1869 901 2039 974 531
2078 898 2246 954 Cibo-

591 1018 728 1061 rum
754 1005 1098 1059 nostrorum
1135 995 1369 1072 optimi,
1399 995 1626 1069 quibus
1655 992 1985 1060 afﬂuimus,
2033 987 2247 1046 herba-

591 1108 728 1151 rum
779 1091 922 1149 folia
972 1093 1112 1146 sunt
1163 1102 1304 1144 cum
1361 1100 1519 1157 pane
1571 1081 1932 1157 asperrimo,
1985 1083 2042 1136 et
2104 1077 2248 1134 vino

593 1185 944 1240 acescente:
977 1195 1052 1236 ne
1084 1176 1308 1234 scilicet
1335 1178 1644 1247 stupentes
1680 1187 1895 1228 sensus
1926 1167 2119 1227 nostri
2167 1166 2247 1224 ob

590 1271 815 1329 ventris
875 1267 1205 1340 ingluviem
1249 1266 1311 1322 in
1358 1262 1609 1322 vesania
1661 1263 1995 1318 versentur.
2055 1256 2131 1328 (2)
2182 1259 2251 1313 Et

593 1358 1118 1434 quemadmodum
1148 1357 1211 1412 in
1231 1354 1590 1411 vestimento
1617 1348 2026 1406 necessarium
2047 1346 2248 1420 praeci-

593 1465 710 1522 pue
769 1447 1156 1505 sectandum:
1209 1444 1293 1501 ita
1330 1443 1393 1499 in
1439 1441 1576 1497 cibo
1624 1438 1801 1512 panis
1848 1436 2110 1509 explebit
2139 1451 2248 1491 ne--

594 1540 971 1604 cessitatem;
1041 1550 1206 1608 aqua
1286 1530 1526 1588 sedabit
1573 1529 1724 1586 sitim
1766 1533 1924 1585 recte
1984 1524 2244 1582 valenti:

592 1627 816 1702 quibus
841 1623 1133 1682 accedent
1159 1635 1539 1694 quaecunque
1567 1633 1642 1675 ex
1659 1613 2081 1688 leguminibus
2121 1613 2225 1687 pul

591 1721 800 1774 menta
825 1712 1064 1786 corpori
1087 1711 1240 1767 vires
1271 1709 1348 1766 ad
1400 1706 1774 1764 necessarios
1816 1720 1968 1761 usus
2013 1717 2250 1760 conser-

2355 545 2628 614 σαμένους,
2673 541 2966 594 καταλῦσαι
3004 546 3090 595 τὸν
3129 543 3296 616 λόγον·
3353 548 3641 599 Φείσασθαι
3677 549 3804 620 ἡμῶν

2349 632 2534 703 λησον,
2572 631 2912 704 γαληνὸτατε,
2969 642 3200 688 τοσαῦτα
3245 639 3394 708 ἡμῶν
3461 644 3783 712 κεκτημένων,
3809 644 3897 709 ὅσα,

2353 722 2414 774 ἂν
2477 727 2702 796 σήμερον
2759 722 3052 797 θελήσωμεν
3106 745 3305 798 φαγειν,
3361 726 3458 780 οὐκ
3508 727 3758 803 ἐξαρκέσει
3789 733 3896 803 ἡμὶν,

2354 811 2531 885 Ἀργεῖ
2582 814 2707 888 γὰρ,
2766 815 2834 876 ὡς
2883 813 3034 877 εἰκὸς,
3093 815 3218 889 παρ’
3282 817 3410 888 ἡμῖν
3459 823 3712 894 μαγείρων
3760 825 3894 892 τέχνη,

2354 903 2604 976 μάχαιρα
2642 897 2701 954 δὲ
2740 902 2906 954 αὐτῶν
2956 905 3173 978 αἱμασιν
3213 906 3270 958 οὐ
3322 907 3650 982 προσομιλεῖ.
3695 911 3764 963 Τὰ
3810 908 3897 982 βέλ-

2355 1009 2514 1044 τιστα
2557 998 2655 1043 τῶν
2694 991 2816 1067 παρ’
2867 993 2992 1065 ἡμῖν
3035 992 3349 1070 βρωμάτων,
3401 994 3450 1048 ἐν
3498 998 3576 1060 οἷς
3612 999 3641 1056 ἠ
3683 994 3894 1070 cingimur,

2355 1083 2564 1155 χόρτων
2606 1079 2768 1153 φύλλα
2817 1084 2911 1134 σύν
2949 1084 3092 1156 ἄρτῳ
3145 1087 3468 1160 τραχυτάτῳ
3505 1091 3595 1139 καὶ
3635 1094 3704 1158 τῷ
3739 1086 3897 1150 ἐξεστη-

2355 1173 2472 1221 κὸτι
2501 1173 2642 1242 οἰνῳ,
2688 1171 2822 1223 ὥστε
2861 1175 2933 1244 μὴ
2968 1170 3346 1246 ἐκθαμϐεῖσθαι
3402 1176 3550 1248 ἡμῶν
3599 1178 3664 1229 τὰ
3703 1176 3897 1235 αἰσθητὴ-

2355 1277 2448 1334 ρια
2499 1260 2600 1312 ὑπὸ
2639 1267 2738 1322 τῆς
2790 1268 3237 1338 γαστριμαργίας,
3298 1270 3389 1318 καὶ
3445 1264 3522 1319 ἐπ’
3578 1265 3816 1342 ἀφροσύνῃ
3849 1273 3895 1340 μή

2358 1347 2740 1404 πολιτεύεσθαι.
2807 1349 2890 1412 Ὠς
2954 1354 3056 1427 γὰρ
3123 1351 3172 1406 ἐν
3240 1363 3312 1426 τῷ
3385 1351 3637 1430 ἐνδύματι
3710 1357 3897 1428 ἡγεῖσθιιι

2356 1443 2613 1510 προσήκει
2656 1442 2712 1490 τὸ
2741 1437 3014 1514 χρειῶδες,
3081 1443 3217 1496 οὕτω
3270 1449 3363 1497 καὶ
3413 1444 3461 1497 ἐν
3512 1453 3573 1519 τῇ
3614 1453 3761 1522 τροφῇ
3789 1448 3898 1521 ἄρτος

2357 1525 2680 1600 ἕκπληρὼσει
2739 1533 2831 1588 τὴν
2884 1536 3094 1604 χρείαν,
3145 1539 3235 1584 καὶ
3291 1531 3440 1610 ὕδωρ
3509 1537 3790 1610 θεραπεύσει
3833 1541 3896 1592 τήν

2358 1611 2523 1687 δίψαν
2559 1624 2634 1689 τῷ
2681 1618 2988 1690 ὑγιαίνοντι,
3044 1627 3133 1674 καὶ
3189 1624 3288 1676 ὅσα
3351 1621 3406 1676 ἐκ
3467 1627 3756 1699 σπερμάτων
3801 1643 3895 1695 παρ-

2357 1705 2610 1778 οψήματα
2647 1711 2778 1781 πρὸς
2834 1712 2929 1772 τὰς
2977 1708 3258 1783 ἀναγκαίας
3310 1718 3500 1787 χρείας
3555 1719 3646 1773 τὴν
3685 1715 3820 1787 ἰσχὺν
3848 1721 3894 1783 τῷ

590 1821 735 1863 vare
788 1806 1058 1876 possunt.
1108 1799 1295 1855 Edere
1338 1802 1541 1854 autem
1571 1797 1764 1860 decet,
1813 1809 1937 1850 non
1984 1791 2250 1848 belluan-

2361 1799 2568 1868 σώματι
2618 1791 2840 1849 δύναται
2890 1794 3286 1854 διασώσασθαι.
3336 1803 3561 1856 Ἐσθίειν
3600 1800 3674 1871 δὲ,
3703 1808 3764 1876 μὴ
3804 1803 3894 1853 λυσ-

593 1894 743 1951 tium
773 1891 1038 1965 speciem
1066 1888 1424 1962 praebentes,
1470 1884 1576 1940 sed
1608 1884 1833 1956 ubique
1886 1881 2249 1938 modestiam

593 1988 649 2040 et
674 1982 980 2038 lenitatem
1027 1983 1211 2050 atque
1256 1977 1319 2033 in
1360 1973 1773 2048 voluptatibus
1817 1971 2249 2028 continentiam

591 2071 933 2129 retinentes.
1014 2070 1094 2140 (3)
1145 2065 1259 2124 Sed
1323 2064 1472 2138 quid
1514 2062 1781 2120 faciam?
1838 2065 1988 2118 Cum
2038 2076 2249 2118 eorum

591 2177 729 2235 quae
785 2159 947 2215 dicta
999 2159 1140 2214 sunt
1203 2154 1444 2228 copiam
1518 2151 1859 2218 considero,
1911 2149 2064 2208 ultra
2111 2165 2250 2206 mo-

591 2251 742 2307 dum
788 2248 926 2305 ferri
981 2261 1078 2302 me
1140 2243 1341 2300 video:
1407 2252 1548 2298 cum
1633 2245 1835 2296 autem
1909 2240 2126 2295 iterum
2170 2235 2250 2296 ad

595 2337 904 2411 sapientiae
951 2335 1013 2390 in
1052 2331 1307 2406 opiﬁciis
1364 2328 1833 2402 splendescentis
1898 2327 2250 2383 varietatem

593 2426 871 2500 respicio,
898 2439 974 2481 ne
1022 2422 1318 2494 incepisse
1367 2418 1616 2493 quidem
1645 2417 2054 2474 narrationem
2101 2415 2250 2472 mihi

594 2516 826 2574 videor.
867 2517 1062 2587 Atque
1117 2511 1302 2568 etiam
1378 2508 1605 2565 diutius
1653 2506 1920 2564 detinere
1972 2523 2082 2564 vos
2125 2521 2251 2564 non

597 2605 774 2663 fuerit
813 2603 1038 2660 inutile.
1092 2599 1246 2667 Quid
1296 2599 1458 2656 enim
1502 2597 1639 2671 quis
1695 2596 1774 2653 ab
1815 2595 1930 2652 hoc
1978 2601 2251 2669 tempore

597 2693 678 2753 ad
719 2709 912 2766 usque
967 2705 1286 2764 vesperam
1321 2688 1519 2746 facere
1563 2686 1804 2760 possit?
1831 2688 1947 2743 Vos
1992 2700 2118 2743 non
2154 2700 2251 2742 ur-

597 2789 742 2857 gent
769 2783 1206 2846 convivatores,
1238 2795 1362 2835 non
1382 2794 1494 2834 vos
1533 2777 2010 2848 compotationes
2042 2791 2250 2848 exspe-

598 2879 779 2932 ctant.
837 2872 1044 2939 Unde,
1082 2870 1131 2926 si
1187 2868 1464 2937 videtur,
1530 2865 1828 2938 corporali
1876 2863 2103 2937 jejunio
2172 2863 2252 2922 ad

596 2960 1022 3020 exhilarandas
1053 2958 1289 3014 animas
1320 2961 1579 3012 utemur.
1614 2958 1783 3026 Saepe
1808 2953 2105 3010 inservisti
2128 2967 2253 3010 car-

598 3052 661 3109 ni
687 3052 766 3109 ad
813 3051 1182 3122 voluptatem
1231 3043 1594 3118 capiendam
1636 3043 1818 3098 hodie
1874 3043 2095 3099 anima:
2127 3057 2251 3099 ser-

597 3142 722 3199 vire
776 3153 1116 3214 persevera.
1169 3137 1481 3193 Delectare
1534 3134 1599 3190 in
1649 3133 1925 3202 Domino,
1975 3137 2030 3189 et
2082 3132 2251 3189 dabit

601 3231 708 3289 tibi
726 3230 1044 3301 petitiones
1074 3226 1275 3284 cordis
1304 3225 1394 3281 tui
1421 3225 1496 3279 ⁸³.
1565 3221 1719 3288 Quid
1759 3223 1922 3278 enim
1979 3220 2248 3294 prodest,

597 3336 828 3394 quaeso,
860 3331 1112 3390 corpore
1135 3314 1434 3387 jejunare,
1476 3310 1746 3367 animam
1784 3325 1928 3367 vero
1978 3311 2253 3367 innume-

598 3409 680 3467 ris
702 3407 878 3464 malis
911 3405 1194 3462 refertam
1225 3419 1355 3460 esse
1375 3402 1402 3457 ?
1427 3400 1538 3468 Qui
1567 3415 1707 3457 vero
1757 3399 1912 3457 male
1942 3415 2068 3456 non
2107 3400 2250 3472 agit,

601 3497 752 3555 alias
775 3500 977 3553 autem
999 3494 1190 3550 otium
1217 3491 1360 3563 agit,
1408 3489 1558 3563 quid
1590 3505 1713 3546 non
1772 3488 2036 3562 loquitur
2065 3489 2253 3545 vani?

601 3585 750 3660 quid
782 3583 1031 3642 absurdi
1061 3598 1184 3639 non
1213 3579 1548 3638 auscultat?
1597 3583 1745 3636 Nam
1803 3580 1997 3636 otium
2049 3579 2153 3636 Dei
2191 3578 2255 3637 ti-

601 3693 770 3734 more
792 3674 1165 3744 destitutum,
1195 3673 1266 3728 iis
1297 3671 1402 3746 qui
1423 3674 1692 3744 tempore
1723 3670 1831 3748 uti;
1850 3684 1976 3726 non
2009 3675 2252 3738 norunt,

603 3766 891 3839 magister
931 3767 1023 3821 est
1099 3761 1426 3836 pravitatis.
1486 3760 1776 3818 Fortassis
1823 3759 2004 3830 igitur
2053 3759 2256 3832 aliqua

603 3857 784 3914 etiam
813 3855 1036 3912 utilitas
1083 3867 1156 3908 ex
1195 3852 1266 3908 iis
1309 3866 1447 3924 quae
1497 3850 1800 3914 dicuntur,
1836 3848 2196 3922 percipietur
2220 3863 2257 3905 a

601 3944 815 4013 vobis;
851 3943 945 3999 sin
976 3942 1200 4006 minus,
1225 3940 1436 3997 saltem
1461 3939 1600 3996 licet
1627 3938 1796 3995 vobis
1833 3954 1940 4011 per
1991 3953 2255 4012 praesen-

602 4037 726 4091 tem
773 4031 1238 4104 occupationem
1294 4045 1421 4086 non
1460 4043 1737 4101 peccare.
1781 4029 1975 4093 Quare
2032 4026 2258 4084 diutius

604 4136 710 4178 vos
741 4121 1028 4187 detinere,
1070 4123 1158 4174 est
1203 4117 1428 4174 diutius
1457 4133 1567 4174 vos
1592 4117 1652 4187 la
1693 4115 1923 4172 delictis
1953 4131 2253 4188 amovere,

605 4215 785 4284 atque
869 4208 949 4265 ad
1009 4207 1248 4264 cmleste
1306 4205 1455 4262 illud
1510 4221 1768 4276 regnum
1828 4204 2008 4261 veluti
2070 4219 2260 4262 manu

603 4300 842 4358 ducere.
875 4297 1048 4366 Quod
1083 4295 1331 4370 quidem
1359 4295 1602 4368 assequi
1638 4310 1750 4352 nos
1781 4310 1993 4351 omnes
2022 4295 2258 4352 contin-

604 4394 726 4462 gat,
785 4389 847 4445 in
906 4387 1138 4445 Christo
1189 4387 1332 4442 Jesu
1388 4384 1645 4440 Domino
1699 4389 1931 4448 nostro,
1986 4385 2131 4458 quia
2177 4383 2260 4441 illi

2363 1881 2510 1942 σὼδη
2570 1892 2997 1961 γαστριμαργίαν
3051 1887 3429 1963 ἐπιφαίνοντα,
3491 1891 3614 1945 ἀλλὰ
3678 1898 3893 1963 πανταχοῦ

2357 1977 2418 2026 τὸ
2449 1974 2694 2036 εὐσταθὲς
2731 1981 2820 2028 καὶ
2866 1983 3029 2050 πρᾶον
3087 1984 3176 2032 καὶ
3233 1986 3354 2056 περὶ
3403 1984 3498 2046 τὰς
3546 1979 3726 2044 ἡδονὰς
3752 1980 3894 2052 ἐγκρα-

2358 2067 2441 2126 τὲς
2490 2060 2843 2128 διασῶζοντα.
2889 2066 3042 2120 Ἀλλὰ
3081 2073 3132 2121 τί
3185 2073 3375 2139 πάοω;
3430 2071 3591 2125 Ὀταν
3639 2075 3720 2145 μὲν
3767 2065 3894 2123 ἀπίδω

2358 2157 2484 2229 πρὸς
2545 2159 2604 2208 τὸ
2669 2155 2868 2218 πλῆθος
2931 2167 3032 2210 τῶν
3087 2159 3388 2233 εἰρημένων,
3451 2163 3546 2226 ἔξω
3593 2161 3784 2235 ἐμαυτὸν
3823 2161 3891 2231 ὁ,ιώ

2355 2250 2446 2296 τοῦ
2477 2248 2666 2317 μέτρου
2707 2250 2996 2321 φερόμενον·
3047 2248 3168 2302 ὅταν
3219 2247 3279 2304 δὲ
3336 2251 3495 2304 πάλιν
3546 2255 3668 2325 πρὸς
3717 2254 3765 2303 τὸ
3809 2268 3889 2301 ποι-

2357 2331 2497 2385 κίλον
2553 2341 2645 2394 τῆς
2701 2337 2749 2387 ἐν
2792 2341 2926 2388 πᾶσι
2968 2345 3060 2390 τοῦ
3115 2346 3248 2392 Θεοῦ
3281 2345 3469 2414 σοφίας
3510 2339 3774 2412 ἀποϐλέψω,
3801 2332 3886 2389 οὐδὲ

2359 2419 2565 2497 ἦρχθαι
2590 2428 2793 2496 νομίζω
2813 2433 2903 2486 τῆς
2935 2422 3246 2500 διηγήσεως·
3289 2431 3404 2504 ἅμα
3430 2427 3490 2484 δ”ε
3537 2436 3625 2484 καὶ
3669 2433 3718 2482 τὸ
3759 2446 3884 2499 περα-

2357 2515 2601 2585 κατέχειν
2656 2514 2788 2587 ὑμᾶς
2853 2513 2936 2569 ἐπὶ
3000 2517 3193 2588 πλεῖον,
3255 2521 3353 2574 οὐκ
3421 2523 3703 2598 ἄχρηστον.
3746 2523 3793 2570 Τί
3807 2518 3878 2585 γὰρ

2359 2603 2420 2654 οἶδ
2444 2622 2523 2663 τις
2577 2610 2717 2656 ποιοῖ
2770 2608 2856 2657 τὸν
2908 2611 3072 2682 μέχρι
3126 2617 3221 2674 τῆς
3273 2610 3500 2688 ἑσπέρας
3556 2617 3758 2685 χρόνονς
3805 2603 3872 2655 οὐκ

2361 2697 2656 2765 ἐπείγουσιν
2721 2695 2853 2768 ὑμᾶς
2909 2699 2960 2748 οἰ
3011 2698 3334 2774 ἑστιάτορες,
3394 2701 3488 2754 οὐκ
3545 2701 3752 2774 ἀναμένει
3782 2696 3878 2766 ὑμᾶς

2360 2784 2427 2834 τὰ
2458 2788 2750 2856 συμπόσια.
2798 2784 2970 2858 Ὅθεν,
3014 2788 3057 2840 εἰ
3100 2785 3264 2860 δοκεῖ,
3323 2800 3386 2865 τῇ
3424 2798 3681 2866 σωματικῇ
3728 2787 3884 2851 νηστείῖι

2363 2890 2428 2932 εις
2481 2876 2574 2930 τὴν
2631 2881 2732 2925 τῶν
2783 2873 2976 2946 ψυχῶν
3029 2877 3353 2953 εὐφροσύνην
3408 2874 3879 2955 ἀποχρησάμεθα(δ)ο

2361 2959 2613 3022 Πολλάκις
2668 2963 3002 3038 ὑπηρὴτέσας
3074 2976 3137 3041 τῇ
3218 2976 3382 3046 σαρκὶ
3446 2975 3573 3046 πρὸς
3645 2967 3882 3025 ἀπόλαυσιν,

2363 3053 2586 3122 σήμερον
2644 3058 2705 3123 τῇ
2772 3049 3015 3127 διακονία
3058 3060 3378 3131 παράμεινον
3416 3068 3509 3122 τῆς
3545 3058 3732 3130 ψυχῆς.
3767 3058 3884 3105 Κατα’

2280 3159 2323 3217 C
2362 3140 2626 3212 τρύγησον
2676 3148 2766 3193 τοῦ
2825 3149 3042 3218 Κυρίου,
3103 3151 3194 3200 καὶ
3252 3144 3368 3220 δῴη
3439 3169 3523 3202 σοι
3572 3149 3634 3200 τὰ
3687 3143 3887 3213 αἰτήματα

2361 3236 2460 3290 τῆς
2487 3227 2713 3303 καρδίας
2753 3251 2868 3288 σου.
2919 3239 2982 3286 Τί
3032 3237 3134 3310 γὰρ
3193 3237 3370 3310 ὄφελος
3420 3240 3671 3297 νηστεύειν
3721 3240 3778 3302 τῷ
3819 3230 3885 3278 σώ-

2363 3337 2508 3390 ματι,
2551 3324 2646 3378 τὴν
2690 3317 2750 3374 δε
2777 3321 2963 3394 ψυχὴν
2993 3331 3192 3399 μυρίων
3230 3337 3406 3380 κακῶν
3446 3324 3808 3402 ἐμπεπλ.ῆσθαι;
3848 3313 3884 3362 ὀ

2361 3413 2433 3482 μὴ
2476 3412 2634 3461 κακὸν
2679 3413 2768 3484 μὲν
2819 3409 3175 3486 ἐργαζόμενος,
3228 3417 3435 3490 σχολὴν
3481 3414 3539 3470 δὲ
3590 3417 3732 3486 ἄγων,
3768 3411 3807 3460 τί
3847 3401 3883 3453 οὗ

2364 3500 2640 3572 φθέγγεται
2661 3509 2759 3552 τῶν
2790 3507 3064 3576 ματαίωνς
3121 3511 3172 3558 τί
3215 3507 3312 3560 οὐκ
3363 3507 3535 3561 ἀκούει
3576 3513 3666 3558 τῶν
3701 3502 3884 3556 ἁτόπων;

2364 3589 2534 3660 Σχολὴ
2585 3593 2682 3662 γάρ
2741 3593 2861 3644 ἄνευ
2916 3592 3074 3666 φόϐου
3125 3603 3278 3665 Θεοῦ,
3334 3602 3581 3672 πονηρίας
3631 3582 3884 3646 ὃιδάσκαλθς

2363 3685 2467 3738 τοῖς
2496 3676 2889 3753 ἀκαιρουμένοις
2914 3681 3051 3739 ἐστί,
3097 3687 3258 3757 Τάχα
3290 3691 3383 3758 μὲν
3415 3670 3500 3740 οὖν
3546 3704 3594 3737 τι
3643 3684 3723 3732 καὶ
3765 3670 3885 3745 ὄφελος

2364 3769 2412 3820 ἓν
2455 3775 2564 3829 τοῖς
2601 3767 2890 3843 λεγομένοις
2922 3774 3183 3845 εὑρήσετε·
3219 3775 3262 3828 εἰ
3291 3773 3355 3830 δὲ
3396 3780 3468 3849 μὴ
3529 3772 3648 3826 ἀλλὰ
3683 3771 3732 3820 τό
3759 3781 3805 3834 Ίε
3835 3759 3882 3830 μὴ

2367 3855 2678 3931 ἁμαρτάνειν
2704 3857 2758 3910 ἐκ
2799 3868 2889 3922 τῆς
2921 3860 3142 3915 ἐνταῦθα
3193 3865 3317 3937 ὑμῖν
3368 3864 3620 3937 ἀσχολίας
3669 3857 3884 3928 περίεστιν.

2363 3947 2521 3999 Ὥστε
2565 3951 2622 4000 τὸ
2663 3947 2748 4001 ἐπὶ
2777 3949 2925 4003 πλέον
2984 3955 3250 4024 κατέχειν,
3309 3958 3396 4008 ἐπὶ
3452 3953 3595 4007 πλέον
3636 3948 3759 4001 ἐστὶν
3797 3939 3886 4008 ὑμᾶς

2365 4043 2462 4087 τῶν
2521 4047 2694 4089 κακῶν
2755 4039 3047 4112 ὑπεξάγειν,
3103 4048 3193 4096 καὶ
3248 4049 3382 4116 πρὸς
3437 4048 3528 4102 τὴν
3581 4046 3672 4092 τῶν
3719 4029 3885 4101 οὐρανῶν

2369 4123 2642 4198 βασιλείαν
2671 4137 3036 4202 χειραγωγεῖν,
3071 4128 3131 4194 ἧς
3187 4137 3388 4204 γένοιτο
3443 4134 3631 4190 πάντας
3672 4125 3784 4195 ἡμᾶς
3814 4113 3886 4164 ἐπι·

2367 4222 2568 4286 τυχεῖν,
2605 4215 2652 4268 ἐν
2683 4225 2897 4290 Χριστῷ
2944 4217 3121 4276 Ἰησοῦ
3160 4230 3231 4292 τῷ
3289 4227 3465 4295 κυρίῳ
3508 4221 3661 4291 ἡμῶν,
3698 4204 3884 4263 cina-J71)

2367 4308 2549 4377 πρέπει
2693 4303 2845 4374 δόξα,
2890 4313 2979 4361 καὶ
3124 4315 3282 4383 τιμὴ,
3349 4316 3438 4364 καὶ
3491 4311 3519 4367 ἡ
3578 4300 3883 4380 προσκννπσιςτ

2371 4396 2465 4445 σὺν
2512 4401 2582 4465 τῷ
2628 4393 2845 4468 ἀνάρχῳ
2899 4399 3085 4471 Πάτρι,
3131 4404 3220 4452 καὶ
3272 4407 3346 4467 τῷ
3397 4399 3625 4469 παναγίῳ
3678 4389 3753 4441 καὶ
3801 4382 3884 4439 5“”

604 4477 858 4567 debetur
869 4475 1078 4567 gloria,
1099 4479 1156 4530 et
1170 4474 1388 4544 honor,
1403 4476 1584 4545 atque
1605 4471 1900 4542 adoratio,
1913 4476 2250 4543 aeternoque

2368 4502 2499 4555 ποιῳ
2567 4488 2846 4558 Πνεύματι,
2899 4494 2987 4540 νῦν
3047 4493 3138 4542 καὶ
3199 4487 3300 4562 ἀεὶ,
3364 4495 3452 4542 καὶ
3507 4485 3576 4548 εἰς
3611 4483 3716 4540 τοὺς
3748 4470 3883 4524 “ima;

607 4565 790 4624 simul
818 4563 996 4632 Patri,
1021 4581 1092 4622 ac
1119 4561 1502 4620 sanctissimo
1527 4561 1975 4633 viviﬁcantique
1997 4557 2256 4632 Spiritui,

606 4671 770 4714 nunc
796 4658 853 4713 et
885 4668 1142 4728 semper,
1201 4657 1258 4710 et
1284 4652 1347 4708 in
1378 4649 1600 4709 saecula
1630 4649 2012 4708 saeculorum.
2047 4654 2258 4707 Amen.

1209 4815 1334 4886 {DE
1365 4815 1522 4874 MOR
1536 4813 1657 4872 TE.

1251 4961 1377 5018 SER
1386 4960 1478 5017 MO
1519 4957 1612 5015 XI.

682 5108 737 5168 1.
770 5107 846 5180 (4)
895 5105 938 5164 Ο
977 5119 1108 5163 rem
1155 5102 1521 5174 mirandam,
1553 5100 1898 5162 charissimi
1927 5100 1939 5158 l
1973 5104 2038 5159 ut
2077 5117 2265 5159 unus-

2365 4582 2462 4628 τῶν
2493 4574 2711 4649 αἰώνων,
2735 4573 2926 4649 Ἀμήν.

2899 4835 3047 4884 ΠΕΡΙ
3089 4837 3406 4886 ΘΑΝΑΤΟΥ
3419 4872 3431 4888 .

2991 4979 3210 5028 ΛΟΓΟΣ
3251 4972 3352 5033 IA'.

2450 5118 2497 5172 Ι.
2528 5114 2595 5168 Ὦ.
2636 5123 2726 5169 τοῦ
2767 5117 3051 5190 θαύματος,
3089 5116 3377 5192 ἀγαπητοῦ
3428 5113 3536 5174 πῶς
3572 5087 3871 5192 ἕκαστωῖ

610 5199 1160 5275 quisquenostrum
1184 5192 1291 5252 ubi
1319 5209 1351 5252 e
1376 5169 1651 5254 materno
1683 5191 1821 5252 sinu
1841 5191 2044 5263 exivit,
2063 5191 2250 5253 statim

2453 5169 2469 5172 ’
2777 5169 2780 5170 ⁷
2867 5169 3375 5192 ινητσι-,η-
3522 5169 3534 5174 ,
3800 5169 3850 5184 Η

2375 5207 2508 5280 μετὰ
2561 5210 2620 5260 τὸ
2663 5209 2784 5270 τοὺς
2839 5214 3115 5282 μητρῴους
3176 5208 3398 5270 κόλπους
3453 5197 3731 5273 ἀποφυγεῖν,
3775 5171 3878 5230 ινθἺε

683 5364 730 5400 ⁸³
770 5359 930 5419 Psal.
968 5370 1170 5432 nm,
1200 5357 1258 5416 4.

686 5546 762 5616 (l)
793 5545 876 5599 Ex
905 5539 1076 5616 epist.
1097 5538 1343 5616 x1.i,_l24

685 5611 762 5689 (2)
786 5617 868 5689 Ex
889 5611 1064 5689 epist.
1092 5627 1152 5679 ιῐ,
1184 5611 1274 5689 74.

690 5621 738 5689 (2
786 5617 868 5670 Ex
889 5616 1064 5685 epist.
1092 5627 1152 5679 ιῐ,
1184 5616 1274 5665 74.

690 5616 765 5758 (3;
787 5687 868 5742 Ex
894 5684 1061 5743 hom.
1087 5692 1185 5742 vm
1203 5683 1266 5740 in
1294 5679 1609 5749 Herclem,
1643 5679 1734 5739 79.

2381 5532 2808 5616 (ῳιξξιιιοραοσι
2828 5485 3891 5616 ηεαηιίέξηίεαουικνεηάμνίτεξςνέέξξέῖἶε

2379 5583 3506 5680 {siTrapanazjsasanata...
3550 5583 3788 5650 codicum

2460 5679 2570 5739 ter.
2597 5676 2752 5738 Editi
2773 5676 2986 5752 ἀποχρη
2998 5681 3228 5751 σώμεθα.
