4084 6390
206 316 358 374 1257

209 447 327 504 τοῖς
398 447 490 494 τοῦ
548 444 744 515 χρόνον
805 440 1058 516 ῥεύμασιν

209 534 437 584 κατόπιν
482 529 561 583 ἀεὶ
602 536 695 590 την
763 529 1082 603 βεϐιωμένην
1120 532 1317 605 ἡμέραν
1377 527 1488 597 ἰῶν,
1549 534 1638 581 καὶ
1698 532 1825 601 πρὸς

209 626 313 681 την
352 622 483 694 χθὲς
539 620 823 675 ἐπανελθεῖν
871 616 1142 688 οὐδέποτε,
1209 618 1303 671 κᾶν
1367 617 1600 689 θελσήοι,
1667 614 1826 672 δυνά-

211 732 385 785 μενος.
442 713 618 785 Ἠμεῖς
672 707 731 764 δε
782 708 1023 784 ἡδόμεθα
1064 710 1151 763 ἐπὶ
1197 711 1263 763 τὰ
1304 713 1486 785 πρόσω
1535 712 1821 782 φερόμενοι,

211 808 309 856 καὶ
349 805 443 865 τάς
472 802 681 865 ἡλικίας
730 800 1041 875 ἀμείϐοντες,
1100 802 1168 862 ὦς
1220 819 1273 852 τι
1320 798 1820 874 προσλαμϐάνοντες,

210 898 500 969 χαίρομεν,
556 896 647 944 καὶ
686 893 943 966 μακάριον
999 895 1258 964 κρίνομεν,
1327 890 1449 941 ὅταν
1515 888 1571 941 ἐκ
1631 886 1825 952 παιδὸς

210 986 306 1055 μὲν
371 981 535 1056 ἀνὴρ,
602 981 657 1034 ἐκ
719 977 778 1035 δε
833 977 1024 1054 ἀνδρὸς
1079 983 1294 1052 ’γένηταί
1357 999 1434 1040 τις
1501 977 1820 1052 πρεσϐύτης.

210 1072 527 1146 Ἀγνοοῦμεν
605 1067 665 1124 δε
725 1072 831 1145 ἄρα
890 1077 1137 1124 τοσοῦτον
1203 1068 1510 1132 ἀπολλύντες
1574 1068 1824 1123 ἑκάστοτε

205 1171 304 1224 τῆς
358 1163 518 1227 ζωῆς,
561 1162 682 1215 ὅσον
722 1159 1012 1234 ἐξέκαμεν
1073 1164 1163 1213 καὶ
1198 1158 1293 1212 ούκ
1328 1158 1686 1232 αἰσθανόμεθα
1726 1156 1819 1213 δα-

206 1255 515 1325 πανωμένου
554 1259 646 1305 τοῦ
686 1250 830 1324 βίον,
870 1254 1102 1322 καίτοιγε
1162 1248 1241 1302 ἀεὶ
1306 1257 1606 1325 μετροῦντες
1667 1250 1820 1303 αὐτὸν

209 1342 317 1395 ἀπό
354 1348 447 1395 τοῦ
486 1337 920 1416 παραδραμόντος
980 1343 1071 1393 καὶ
1138 1338 1589 1415 παραῤῥεύσαντος
1621 1361 1633 1373 ·
1696 1335 1822 1393 οὐδὲ

207 1432 498 1504 ἐννοοῦμεν,
526 1435 591 1492 ὡς
642 1432 747 1506 ἄρα
794 1427 1010 1497 ἄδηλον,
1068 1430 1258 1482 ὁπόσον
1307 1430 1333 1481 ό
1375 1432 1505 1502 πρὸς
1542 1434 1637 1487 την
1676 1425 1820 1482 όδοι-

208 1528 401 1599 πορίαν
456 1525 652 1580 ταύτην
718 1520 986 1594 ἐκπέμψας
1052 1522 1191 1593 ἡμᾶς
1248 1517 1491 1573 ἕνδοῦναι
1535 1529 1604 1592 τῷ
1641 1525 1821 1594 χρόνῳ

216 1612 563 1687 βουλήσεται.
616 1608 758 1666 Ούδε
787 1609 1020 1683 ἐθᾶομεν
1053 1617 1262 1663 σκοπεῖν
1294 1608 1540 1685 ἀκριϐῶς,
1565 1618 1691 1665 ποῖα
1731 1614 1822 1684 μὲν

212 1711 388 1776 κοῦφα
425 1706 607 1779 φορτία
635 1704 762 1775 πρὸς
790 1704 878 1753 τὸν
908 1708 1140 1754 τοιοῦτον
1172 1697 1369 1775 δρόμον
1398 1703 1545 1774 ἡμῖν,
1578 1706 1667 1754 καὶ
1691 1721 1823 1775 συμ-

1460 310 1692 370 SERMO
1730 311 1822 370 XI.
1861 337 1930 354 -
1961 311 2052 369 DE
2081 311 2346 371 MORTE.

1151 435 1375 501 ἕνδεθεὶς
1460 438 1784 511 ὑποσύρεται
1808 452 1822 468 ⁸

1933 437 2221 511 temporis
2245 439 2471 497 ﬂuento
2494 439 2758 512 illigatus
2784 440 3033 514 rapitur,
3067 457 3304 517 semper
3335 459 3372 501 a
3423 448 3592 517 tergo

3454 321 3594 377 i258

1932 526 2093 583 diem
2153 544 2341 601 quam
2406 529 2547 587 vixit
2610 529 2981 604 relinquens,
3023 546 3135 588 nec
3199 549 3473 606 unquam
3513 534 3593 591 ad

1932 616 2304 687 hesternam,
2371 619 2610 677 etiamsi
2676 619 2838 691 velit,
2899 621 3113 678 reverti
3183 622 3406 679 valens.
3475 627 3593 681 Nos

1933 712 2136 764 autem
2159 707 2438 766 laetamur
2466 726 2606 766 cum
2637 708 3061 782 progredimur
3077 710 3348 779 ulterius,
3376 717 3435 772 et
3461 729 3594 788 per-

1932 801 2161 853 mutata
2216 803 2386 855 aetate
2446 799 2622 873 quasi
2662 800 2939 857 nonnihil
2979 801 3381 874 acquirentes,
3448 819 3595 874 gau-

1931 886 2168 954 demus,
2209 905 2281 946 ac
2318 889 2566 946 beatum
2597 890 2893 963 quiddam
2931 891 3233 960 ducimus,
3275 909 3417 949 cum
3454 895 3592 969 quis

1932 993 2005 1033 ex
2062 993 2250 1052 puero
2309 979 2416 1048 vir,
2458 984 2516 1036 et
2571 996 2644 1035 ex
2699 980 2828 1036 viro
2868 996 3049 1037 senex
3090 979 3285 1039 factus
3324 988 3433 1040 est.
3476 984 3592 1041 Sed

1930 1067 2081 1138 fugit
2134 1084 2268 1139 nos,
2316 1073 2553 1126 tantum
2599 1069 2737 1125 vitm
2780 1070 3043 1143 spatium
3085 1086 3122 1127 a
3167 1070 3344 1128 nobis
3378 1074 3588 1146 amitti,

1929 1163 2227 1231 quantum
2250 1159 2545 1228 viximus;
2576 1160 2785 1232 sicque
2814 1160 3211 1218 inscientibus
3244 1162 3421 1219 nobis
3468 1164 3593 1221 vita

1929 1247 2285 1320 absumitur,
2311 1265 2690 1322 quamquam
2719 1266 2959 1323 semper
2991 1250 3189 1324 ipsam
3221 1268 3295 1308 ex
3323 1268 3396 1310 eo
3425 1253 3595 1326 quod

1930 1341 2069 1394 ante
2104 1342 2306 1394 actum
2353 1344 2462 1406 est,
2513 1339 2800 1413 quodque
2836 1340 2966 1411 jam
3013 1341 3420 1413 praeterﬂuit,
3460 1358 3593 1398 me-

1928 1427 2154 1483 tiamur
2202 1444 2215 1483 :
2265 1442 2463 1500 neque
2516 1428 2854 1500 cogitamus
2912 1444 3098 1502 quam
3160 1430 3455 1487 incertum
3494 1434 3591 1501 sit,

1934 1517 2108 1589 532
2141 1522 2438 1590 quantum
2476 1516 2655 1574 nobis
2698 1519 2985 1591 temporis
3036 1518 3114 1575 ad
3143 1520 3308 1576 hunc
3345 1536 3594 1578 cursum

1928 1606 2231 1679 impertire
2255 1606 2396 1662 velit
2435 1606 2541 1679 qui
2586 1622 2700 1663 nos
2750 1606 2824 1663 ad
2869 1607 2985 1664 hoc
3014 1608 3126 1665 iter
3154 1607 3593 1682 perficiendum

1929 1696 2110 1753 misit.
2145 1700 2346 1769 Neque
2367 1696 2683 1768 diligenter
2704 1696 3088 1755 considerare
3114 1698 3421 1772 volumus,
3454 1715 3594 1773 quas

215 1795 574 1868 μεθίστασθαι
600 1788 823 1846 δύναται
843 1798 947 1853 τοῖς
970 1790 1246 1855 συλλέξασι
1266 1812 1279 1825 ’
1312 1799 1439 1845 ποῖα
1463 1788 1498 1844 δ
1500 1794 1524 1845 ε
1544 1790 1713 1866 βαρέα
1731 1796 1822 1845 καὶ

1933 1786 2181 1842 sarcinae
2208 1785 2366 1841 leves
2397 1785 2515 1843 sint
2545 1786 2723 1842 nobis
2747 1787 2827 1843 ad
2851 1787 3016 1844 hunc
3048 1804 3315 1858 cursum,
3338 1793 3396 1844 et
3420 1787 3593 1859 tales,

214 1881 463 1960 δυσχερῆ
522 1887 613 1935 καὶ
667 1880 1047 1957 προσηλωμένα
1096 1888 1158 1953 τῇ
1200 1888 1293 1952 γῆ,
1332 1885 1419 1933 καὶ
1463 1881 1522 1933 ού
1560 1886 1824 1953 πεφυκότα

211 1983 326 2036 τοῖς
364 1973 657 2047 ἀνθρώποις
721 1971 1045 2024 οἰκειοῦσθαι
1084 1970 1346 2037 καθάπαξ,
1411 1968 1535 2024 οὐδὲ
1602 1990 1819 2044 συγχω-

208 2067 441 2140 ρούμενα
492 2059 586 2115 δια
631 2069 728 2120 τῆς
786 2067 966 2123 στενῆς
1014 2058 1211 2123 ἐκείνης
1259 2059 1428 2121 πύλης
1466 2059 1822 2119 ἀκολουθῆσαι

210 2161 318 2214 τοῖς
358 2156 598 2225 ἔχουσιν.
643 2149 917 2214 Ἀλλ’,ὄσα
957 2151 1047 2222 μεν
1086 2154 1197 2225 χρὴ
1251 2149 1534 2223 συλλέγειν,
1568 2151 1822 2224 καταλιμ-

210 2246 465 2314 πάνομεν·
527 2242 594 2292 ὧν
655 2236 715 2293 δε
774 2241 1028 2315 ύπερορᾴν
1094 2245 1372 2313 προσήκει,
1435 2248 1604 2293 ταῦτα
1641 2240 1820 2293 συλλέ-

208 2352 389 2406 γομεν.
434 2335 534 2384 Καὶ
584 2329 619 2382 ἄ
667 2333 756 2403 μὲν
809 2331 935 2402 ἡμῖν
992 2328 1261 2401 ἕνωθῆναι,
1294 2334 1399 2388 καὶ,
1428 2333 1624 2403 κόσμος
1665 2334 1821 2392 ὅντως

210 2424 452 2496 γενέσθαι
519 2417 743 2473 δύναται
801 2424 1043 2493 συμφυὴς
1102 2420 1257 2492 ψυχῇ
1324 2439 1380 2473 τε
1439 2425 1530 2475 καὶ
1594 2426 1818 2494 σώματι,

211 2516 416 2572 τούτοις
467 2507 592 2563 οὐδὲ
654 2513 1024 2584 προσέχομεν·
1081 2509 1116 2561 οἶ
1168 2506 1227 2563 δε
1276 2508 1521 2583 ἀλλότρια
1566 2514 1704 2583 μένει
1743 2507 1826 2563 δι-

216 2610 433 2670 ηνεκῶς,
465 2605 627 2673 μόνην
684 2602 809 2671 ἡμῖν
850 2598 1304 2672 ἑναποματτόμενα
1350 2600 1424 2672 (1)
1483 2604 1577 2658 τὴν
1618 2600 1824 2673 αἰσχύ-

213 2712 327 2757 νην,
380 2696 550 2743 ταῦτα
605 2686 871 2762 ἀθροίζειν
919 2685 1308 2760 ἐπιχειροῦμεν,
1348 2690 1671 2760 μοχθοῦντες
1711 2685 1827 2741 δια-

214 2788 386 2845 κενῆς,
450 2781 540 2830 καὶ
596 2783 868 2837 πονοῦντες
926 2778 1101 2842 πόνον,
1143 2778 1251 2828 οἶόν
1315 2796 1390 2837 τις
1454 2776 1633 2829 ἑαυτὸν
1695 2775 1828 2829 ἀπα-

214 2878 338 2938 τῶν,
380 2867 448 2929 εἰς
492 2869 800 2942 τετρημένον
850 2866 1000 2917 πίθον
1046 2863 1241 2917 ἀντλεῖν
1279 2864 1582 2924 ἐθελήσειεν.
1623 2866 1823 2943 Ὠσπερ

212 2962 315 3033 γάρ
375 2959 426 3010 οἵ
477 2976 595 3010 τινα
647 2958 1026 3026 συντεταμένην
1086 2958 1301 3028 πορείαν
1341 2954 1596 3024 ἀνύοντες,
1639 2957 1721 3011 ἐπὶ
1759 2961 1825 3012 τά

216 3053 400 3121 πρόσω
443 3049 537 3109 τὰς
584 3054 684 3099 τῶν
722 3041 899 3098 ποδῶν
959 3043 1148 3117 βάσεις
1194 3043 1549 3119 ἁμιλλωμένας
1579 3046 1823 3111 ἀλλήλαις

1927 1881 1993 1934 ut
2017 1892 2156 1932 cum
2183 1874 2601 1946 colligentibus
2634 1876 2941 1933 transferri
2967 1878 3205 1950 possint
3236 1897 3249 1935 :
3283 1894 3421 1950 quae
3451 1893 3595 1934 vero

1928 1980 2143 2035 graves
2185 1964 2302 2022 sint
2365 1970 2425 2022 et
2480 1964 2773 2033 molestae,
2814 1971 2996 2039 atque
3052 1966 3224 2023 humi
3261 1966 3497 2038 deﬁxae,
3538 1972 3597 2024 et

1927 2055 2249 2128 ejusmodi,
2312 2059 2376 2111 ut
2437 2059 2654 2129 suapte
2707 2059 2930 2112 natura
2975 2056 3296 2113 hominum
3334 2056 3594 2130 propriae

1925 2161 2243 2218 nunquam
2286 2160 2418 2201 esse
2446 2145 2702 2217 possint,
2743 2160 2855 2202 nec
2887 2161 3271 2217 possessores
3304 2162 3445 2202 suos
3488 2162 3596 2219 per

1928 2240 2243 2304 angustam
2282 2234 2448 2290 illam
2498 2238 2737 2307 portam
2800 2234 3091 2307 subsequi
3149 2234 3591 2307 permittantur.

1932 2324 2048 2382 Sed
2103 2328 2305 2380 tamen
2366 2324 2764 2398 relinquimus
2819 2340 2958 2396 quae
2995 2323 3339 2394 colligenda
3376 2328 3591 2381 erant:

1929 2430 2066 2489 quae
2104 2429 2248 2471 vero
2286 2417 2670 2470 contemnere
2710 2429 2820 2487 par
2856 2413 3072 2485 fuerat,
3115 2413 3474 2484 colligimus.
3529 2417 3598 2471 Et

1930 2521 2067 2579 quae
2107 2505 2426 2562 nobiscum
2485 2504 2780 2577 copulari,
2846 2520 3108 2579 vereque
3170 2520 3300 2561 esse
3341 2507 3598 2578 possunt

1932 2599 2356 2653 ornamentum
2391 2594 2613 2650 animae
2645 2593 2825 2651 simul
2856 2599 2913 2651 et
2941 2596 3178 2667 corpori
3208 2597 3594 2663 conveniens,

1931 2684 2025 2740 his
2064 2700 2140 2739 ne
2193 2683 2562 2740 attendimus
2608 2682 2854 2756 quidem
2890 2701 2903 2738 :
2936 2700 3074 2757 quae
3116 2700 3258 2740 vero
3305 2688 3597 2757 perpetuo

1934 2774 2131 2830 aliena
2157 2776 2423 2841 manent,
2458 2771 2653 2828 solam
2682 2771 2859 2829 nobis
2910 2772 3227 2829 infamiam
3272 2773 3592 2845 inurentia,

1933 2878 2005 2920 ea
2034 2877 2387 2920 coacervare
2421 2860 2705 2929 nitimur;
2751 2864 2998 2918 inanem
3046 2877 3299 2935 operam
3346 2876 3593 2919 sumen-

1931 2958 2042 3019 tes,
2076 2957 2257 3025 atque
2279 2950 2580 3023 ejusmodi
2609 2950 3005 3024 suscipientes
3025 2950 3321 3022 laborem,
3340 2950 3594 3025 perinde

1932 3048 1997 3099 ut
2024 3043 2075 3098 si
2123 3041 2451 3115 quispiam,
2490 3040 2764 3114 seipsum
2803 3041 3118 3109 seducens,
3171 3041 3235 3097 in
3281 3043 3595 3114 pertusum

214 3139 286 3202 εἰς
345 3134 539 3211 δρόμον
604 3132 922 3209 ἀμείϐοντες,
989 3139 1079 3187 καὶ
1143 3138 1239 3193 τὴν
1295 3132 1374 3188 ἀεὶ
1429 3140 1682 3211 προτέραν
1736 3137 1819 3190 ἐπὶ

1933 3131 2163 3189 dolium
2222 3129 2538 3187 infundere
2599 3129 2873 3187 voluerit.
2943 3131 3017 3203 (2)
3060 3128 3594 3197 Quemadmodum

210 3237 305 3291 τῆς
334 3234 433 3300 γῆς
489 3227 808 3301 ἑρεισθεῖσαν
862 3222 1109 3301 δευτέραν
1161 3222 1555 3288 ἀποδεικνύντες
1610 3235 1673 3300 τῇ
1730 3248 1823 3280 τα-

213 3322 339 3391 χείᾳ
386 3317 658 3389 μεταθέσει
715 3322 808 3375 τῆς
864 3314 1045 3381 ἄλλης,
1096 3313 1298 3390 ῥᾳδίως
1338 3315 1422 3369 ἐπὶ
1459 3320 1519 3369 τό
1556 3325 1652 3380 τῆς
1691 3315 1821 3371 ὁδοῦ

212 3410 377 3481 τέρμα
425 3412 696 3481 χωροῦσιν
721 3426 733 3439 σ
795 3412 953 3466 οῦτως
999 3407 1048 3457 οἱ
1084 3409 1216 3478 πρὸς
1245 3409 1304 3458 τὸ
1336 3406 1431 3479 ζῇν
1460 3410 1821 3481 παραχθέντες

213 3497 313 3548 ὑπὸ
346 3503 437 3549 τοῦ
494 3499 786 3563 κτίσαντος,
820 3494 968 3555 εὐθὺς
1015 3493 1066 3547 ἐν
1122 3493 1266 3568 ἀρχῇ
1325 3503 1436 3559 τοῖς
1488 3504 1579 3549 τοῦ
1621 3503 1818 3573 χρόνου

212 3590 484 3659 τμήμασιν
539 3583 946 3658 ἐπεμϐαίνοντες,
999 3588 1091 3637 καὶ
1137 3589 1196 3637 τὸ
1247 3590 1494 3660 πρότερον
1547 3585 1622 3640 ἀεὶ
1654 3607 1819 3641 κατα-

213 3674 546 3748 λιμπάνοντες
617 3673 854 3751 ὓστερον,
923 3673 1008 3727 ἐπὶ
1063 3677 1123 3726 τό
1190 3678 1352 3749 πέρας
1416 3678 1673 3748 φθάνουσι
1727 3686 1821 3741 τῆς

217 3765 377 3828 ζωῆς.
439 3769 539 3818 Καὶ
602 3766 704 3839 γὰρ
775 3768 1007 3837 συνεχής
1043 3782 1123 3826 τις
1164 3761 1285 3826 ὁδὸς
1344 3766 1695 3838 ύφηπλῶσθαί
1732 3788 1822 3842 μοι

218 3855 364 3911 δοκεῖ
408 3857 437 3914 ἡ
480 3861 725 3929 παροῦσα
766 3857 900 3918 ζωὴ,
938 3858 1027 3906 καὶ
1064 3857 1252 3929 πορεία
1310 3851 1649 3929 διειλημμένη
1708 3866 1824 3922 ταῖς

217 3946 445 4007 ἡλικίαις
496 3946 729 4017 καθάπερ
765 3944 1051 4017 σταθμοῖς’
1096 3942 1271 4017 ἀρχὴν
1326 3944 1418 4017 μέν
1475 3948 1680 4020 ἑκάστῳ
1731 3957 1823 4009 τῆς

216 4032 523 4110 ὁδοιπορίας
588 4036 906 4107 παρέχουσα
972 4034 1067 4093 τὰς
1127 4042 1226 4085 τῶν
1299 4037 1535 4109 μητέρων
1610 4032 1819 4106 ὠδῖνας,

215 4131 379 4201 τέρμα
436 4122 494 4177 δὲ
560 4119 919 4175 ύποδεικνῦσα
982 4129 1075 4174 τοῦ
1135 4119 1335 4197 δρόμου
1384 4126 1474 4185 τάς
1510 4133 1611 4177 τῶν
1649 4128 1822 4199 τάφων

220 4217 449 4278 σκηνάς·
519 4218 611 4265 καὶ
674 4216 805 4286 πρὸς
873 4211 1070 4274 ἐκείνας
1133 4213 1366 4275 ἅπαντας
1426 4215 1654 4286 ἄγουσα,
1704 4220 1824 4277 τούς

219 4311 305 4380 μὲν
343 4308 548 4373 θᾶττον,
610 4307 733 4366 τοὺς
801 4298 861 4355 δε
927 4299 1275 4379 βραδύτερον,
1314 4309 1406 4357 καὶ
1442 4309 1564 4368 τοὺς
1600 4307 1691 4379 μεν
1732 4303 1826 4360 διὰ

218 4396 417 4447 πάντων
456 4400 557 4444 τῶν
623 4398 715 4443 τοῦ
778 4395 975 4467 χρόνου
1041 4387 1420 4463 διαστημάτων
1478 4389 1819 4463 όδεύσαντας,

1930 3223 2089 3280 enim
2130 3220 2232 3295 qui
2275 3220 2525 3293 aliquod
2579 3220 2689 3277 iter
2745 3220 2913 3277 haud
2950 3220 3204 3277 remisse
3243 3224 3596 3293 susceptum

1929 3312 2277 3375 coniiciunt,
2297 3325 2539 3383 gressus
2561 3310 2787 3383 pedum
2810 3309 2883 3367 ad
2909 3326 3153 3368 cursum
3176 3308 3595 3383 peragendum

1929 3401 2199 3460 certatim
2238 3400 2486 3457 ulterius
2546 3404 2993 3473 promoventes,
3045 3399 3389 3472 jugiterque
3428 3413 3597 3469 gres-

1929 3509 2064 3549 sum
2095 3491 2266 3548 humi
2292 3491 2459 3564 prius
2494 3490 2686 3546 ﬁxum
2710 3489 2901 3546 veloci
2932 3488 3178 3546 alterius
3207 3488 3597 3547 translatione

1930 3581 2322 3657 posteriorem
2364 3579 2708 3644 reddentes,
2768 3579 3115 3654 pertingunt
3153 3578 3326 3636 facile
3364 3578 3447 3636 ad
3483 3577 3596 3634 vim

1927 3673 2161 3730 ﬁnem:
2204 3671 2286 3727 ita
2326 3671 2433 3743 qui
2478 3670 2540 3726 in
2594 3670 2783 3726 vitam
2840 3686 2877 3726 a
2929 3668 3244 3725 Conditore
3325 3667 3598 3724 introdu-

1930 3764 2005 3819 cti
2053 3764 2212 3827 sunt,
2255 3759 2454 3816 statim
2494 3759 2554 3815 in
2600 3759 2732 3830 ipso
2782 3758 2955 3815 initio
2999 3757 3327 3830 particulas
3368 3761 3595 3830 tempo-

1929 3852 2010 3909 ris
2056 3849 2478 3921 ingredientes,
2544 3862 2615 3903 ac
2670 3848 2938 3919 priorem
2995 3862 3235 3919 semper
3310 3845 3598 3919 posterio-

1929 3957 2058 3999 rem
2088 3939 2511 4011 relinquentes,
2550 3936 2631 3993 ad
2668 3938 2805 3994 vitae
2861 3936 3182 3993 terminum
3219 3934 3594 4009 perveniunt.

1932 4035 2082 4089 Nam
2119 4029 2250 4086 haec
2295 4028 2416 4086 vita
2481 4043 2749 4100 praesens
2802 4026 2951 4083 mihi
3006 4025 3242 4084 videtur
3306 4025 3598 4082 continua

1930 4119 2216 4195 quaedam
2284 4122 2341 4174 et
2395 4120 2674 4190 porrecta
2725 4116 2824 4173 via
2880 4131 3036 4184 esse,
3078 4120 3135 4173 et
3172 4116 3281 4172 iter
3316 4113 3598 4172 aetatibus

1932 4210 2108 4284 quasi
2178 4206 2548 4280 quibusdam
2624 4205 3046 4263 mansionibus
3110 4204 3595 4261 interstinctum:

1932 4300 2100 4374 quod
2140 4304 2206 4355 ut
2242 4296 2635 4371 profectionis
2674 4296 2913 4353 initium
2963 4301 3207 4369 partum
3252 4299 3598 4353 maternum

1933 4388 2256 4461 unicuique
2319 4387 2578 4458 exhibet,
2646 4385 2731 4443 ita
2798 4401 3012 4441 cursus
3068 4384 3254 4441 ﬁnem
3343 4381 3600 4439 tentoria

219 4485 337 4542 τούς
400 4477 460 4533 δε
520 4476 645 4532 οὐδε
703 4487 810 4540 τοῖς
870 4485 1092 4552 πρώτοις
1131 4479 1531 4544 ἑπαυλισθέντας
1568 4490 1659 4535 τοῦ
1700 4481 1823 4556 βίον

1933 4478 2346 4552 sepulcrorum
2402 4475 2682 4534 ostendit.
2741 4480 2935 4548 Atque
2995 4474 3116 4530 huc
3183 4487 3397 4529 omnes
3460 4485 3601 4527 con-

225 4571 490 4642 σταθμοῖς.

1933 4569 2120 4637 ducit,
2183 4566 2333 4623 alios
2391 4566 2605 4633 citius,
2666 4566 2855 4620 serius
2917 4564 3090 4633 alios,
3170 4568 3228 4620 et
3288 4562 3403 4618 hos
3469 4559 3601 4635 qui-

220 4659 357 4716 dem
395 4674 502 4732 per
541 4657 747 4714 omnia
784 4657 1074 4730 temporis
1113 4658 1423 4716 intervalla
1461 4660 1782 4733 profectos,
1846 4658 1994 4715 alios
2049 4672 2194 4714 vero
2252 4672 2327 4713 ne
2393 4654 2455 4712 in
2512 4654 2724 4728 primis
2778 4653 3027 4726 quidem
3067 4652 3201 4709 vitae
3241 4649 3601 4709 stationibus

221 4751 648 4805 eommoratos.

289 4843 340 4893 ‘2.
381 4837 440 4890 Ὀ
470 4840 572 4912 γὰρ
621 4835 827 4898 πλάσας
865 4838 1007 4909 ἡμᾶς
1044 4842 1135 4890 καὶ
1186 4836 1456 4910 ψυχώσας
1495 4842 1641 4905 Θεὸς,
1688 4836 1830 4893 ἰδίαν

223 4924 406 4998 ἔδωκεν
433 4926 624 4999 ἑκάστη
658 4925 815 4998 ψυχῇ
864 4930 959 4984 τὴν
1012 4932 1105 4978 τοῦ
1146 4925 1264 4999 βίον
1296 4923 1592 5000 διαγωγὴν,
1624 4934 1715 4981 καὶ
1741 4929 1829 4981 ἆλ-

220 5018 325 5079 λοις
359 5016 545 5077 ἄλλους
587 5017 747 5089 ὄρους
797 5015 951 5078 ἔπηξε
982 5024 1077 5077 τῆς
1109 5012 1315 5080 ἐξόδου.
1353 5020 1451 5069 Τόν
1490 5020 1581 5090 μὲν
1609 5020 1711 5092 γάρ
1745 5017 1831 5071 ἐπὶ

221 5108 387 5161 πλεῖον
436 5113 754 5182 παραμεῖναι
808 5111 870 5163 τῆ
930 5110 1201 5180 παρουσίᾳ
1255 5114 1349 5169 τῆς
1412 5112 1608 5181 σαρκός
1646 5110 1829 5180 ᾠκονό-

221 5214 392 5269 μησε·
453 5197 540 5248 τόν
609 5190 669 5246 δε
731 5195 916 5246 θᾶττον
974 5192 1298 5253 ἀπολυθῆναι
1350 5204 1449 5247 τῶν
1491 5192 1700 5269 δεσμῶν
1738 5205 1830 5250 τοῦ

225 5291 453 5358 σώματος
517 5283 752 5348 ἐτάξατο,
813 5285 951 5335 κατά
1003 5288 1125 5346 τοὺς
1193 5282 1451 5359 ἀρρήτους
1514 5285 1675 5338 αὑτοῦ
1734 5294 1831 5348 τῆς

228 5380 405 5446 σοφίας
459 5379 550 5427 καὶ
610 5380 704 5435 τῆς
768 5368 1117 5436 δικαιοσύνης
1153 5372 1358 5445 λόγους.
1399 5374 1599 5450 ἶΩσπερ
1639 5378 1740 5451 γάρ
1782 5378 1831 5429 οἱ

263 5500 368 5582 ..(1)
408 5499 917 5582 Ἐναποματτόμενα.
988 5499 1104 5582 δίο.
1141 5499 1385 5582 Regius:
1410 5500 1621 5582 codex
1661 5501 1831 5582 toties

228 5571 460 5635 citatus,
489 5586 560 5626 ac
594 5571 723 5643 ipse
751 5571 933 5627 etiam
972 5574 1303 5628 contextus.
1345 5572 1499 5630 Editi
1538 5571 1832 5626 ἐναποτιθέ-

174 5646 185 5651 ’
227 5657 371 5714 μενοι.

509 5712 751 5771 Panos.
792 5712 896 5771 Gn.
938 5714 1121 5772 XXXII

2010 4844 2064 4894 2.
2105 4840 2184 4910 (3)
2216 4841 2370 4894 Deus
2400 4836 2561 4893 enim
2587 4834 2692 4908 qui
2721 4833 2999 4891 formavit
3028 4848 3142 4890 nos
3186 4836 3245 4889 et
3286 4831 3599 4898 animavit,

1939 4928 2156 4985 animae
2197 4925 2436 4982 cuilibet
2495 4923 2700 4981 tribuit
2736 4922 3048 4996 propriam
3085 4921 3425 4995 quamdam
3464 4923 3602 4977 vitae

1939 5033 2194 5082 moram,
2237 5020 2295 5072 et
2342 5014 2474 5072 aliis
2534 5012 2684 5069 alios
2741 5012 2935 5068 exitus
2974 5011 3265 5069 terminos
3322 5009 3601 5084 praeﬁxit.

1940 5107 2169 5165 Etenim
2196 5111 2356 5161 certo
2391 5102 2663 5177 quodam
2712 5102 2967 5159 consilio
3007 5101 3192 5173 voluit
3231 5101 3418 5157 alium
3475 5099 3605 5155 diu-

1938 5198 2055 5254 tius
2086 5197 2145 5252 in
2177 5210 2358 5251 carne
2388 5207 2774 5266 permanere;
2808 5191 3015 5249 statuit
3037 5207 3181 5248 vero
3212 5191 3401 5247 alium
3432 5189 3603 5246 ocius

1937 5286 2194 5343 vinculis
2219 5282 2486 5357 corporis
2512 5281 2761 5349 exsolvi,
2789 5281 2964 5353 juxta
2995 5280 3329 5338 ineffabiles
3366 5277 3606 5350 sapien-

1937 5378 2034 5435 tiae
2063 5381 2244 5448 atque
2281 5371 2524 5445 justitize
2566 5386 2693 5427 sua:
2740 5371 3029 5428 rationes.
3073 5366 3605 5438 Quemadmodum

1982 5501 2191 5586 ..αξξ
2239 5501 2405 5557 hom.
2455 5497 2624 5566 Quod
2673 5497 2998 5554 mundanis
3027 5493 3460 5554 adhaerendum
3485 5505 3605 5548 non

1939 5574 2099 5718 Μ(ἒῖ
2111 5575 2214 5701 δὲὲ
2240 5642 2409 5701 hom.
2437 5641 2501 5699 in
2530 5644 2714 5702 mart.
2743 5640 3050 5712 Juliuam,
3070 5641 3161 5697 38.
3248 5709 3321 5767 ‘0
