4084 6378
666 315 808 373 1259

1632 315 2001 371 APPENDIX.
2032 338 2100 356 ι-
2130 312 2480 373 SYMEONIS
2520 310 3046 375 ΜΕΤᾹΡΗΒΑΞΤᾹΞ

3897 320 4005 377 1260

660 438 843 510 igitur
889 453 962 494 ex
1008 438 1080 495 iis
1132 439 1237 511 qui
1276 439 1339 496 in
1378 454 1679 497 carcerem
1735 439 2157 511 conjiciuntur,
2221 439 2305 496 alii?

2426 438 2474 491 ἐν
2521 448 2639 503 ταῖς
2694 442 2921 515 εἱρκταῖς
2986 445 3339 514 εμπίπτοντες,
3400 442 3453 494 οἱ
3523 444 3619 515 μὲν
3686 441 3769 496 ἐπὶ
3829 442 4003 497 πλείονα

662 526 888 584 diutius
947 527 1287 584 detinentur
1340 529 1402 584 in
1451 544 1759 585 carcerum
1793 528 2179 597 cruciatibus,
2220 529 2320 586 alii

663 617 742 674 ab
772 632 845 673 ea
892 617 1232 674 calamitate
1259 617 1590 674 liberantur
1619 619 1789 674 citius
1823 635 1836 673 :
1873 618 1957 673 sic
1987 621 2045 673 et
2074 617 2315 690 animae,

661 706 794 764 aliae
821 706 1069 779 quidem
1109 707 1350 773 diutius,
1383 707 1513 763 aliae
1543 723 1686 763 vero
1716 708 1918 763 minus
1947 708 2007 762 in
2051 706 2165 763 hac
2195 708 2318 764 vita

663 795 1027 865 detinentur,
1066 811 1176 869 pro
1237 796 1531 868 cujusque
1597 797 1809 852 merito
1867 812 1936 853 ac
2003 796 2314 865 dignitate,

658 889 780 942 Deo
820 886 926 959 qui
979 900 1092 941 nos
1144 886 1430 953 condidit,
1473 886 1654 942 rebus
1702 887 1998 959 cujusque
2042 890 2314 942 nostrum

657 976 1062 1049 prospiciente
1094 976 1418 1049 sapienter,
1464 981 1522 1032 et
1577 975 1712 1045 alte,
1763 976 1989 1050 sicque,
2030 981 2094 1032 ut
2139 992 2311 1032 mens

656 1066 976 1122 hominum
998 1064 1287 1135 attingere
1309 1081 1431 1121 non
1452 1066 1664 1138 possit.
1686 1068 1759 1136 (1)
1782 1066 2311 1132 Quemadmodum

658 1157 820 1213 enim
849 1155 955 1229 qui
982 1155 1043 1211 in
1073 1155 1331 1224 navigiis
1356 1156 1688 1226 dormiunt,
1737 1162 1950 1230 sponte
1980 1173 2017 1213 a
2044 1160 2224 1213 vento
2248 1157 2312 1212 in

652 1249 864 1319 portus
903 1244 1305 1311 deducuntur,
1349 1249 1406 1300 et
1442 1246 1723 1318 quamvis
1760 1246 1879 1319 ipsi
1920 1262 2310 1319 nequaquam

654 1334 928 1406 sentiant,
971 1349 1186 1390 cursus
1224 1338 1430 1390 tamen
1468 1350 1572 1391 eos
1618 1335 1698 1391 ad
1744 1335 2064 1392 terminum
2098 1335 2262 1392 ducit
2294 1352 2307 1391 :

654 1425 739 1481 sic
798 1428 855 1480 et
907 1439 1039 1487 nos,
1104 1422 1412 1478 diﬁluente
1469 1424 1606 1479 vitia
1654 1429 1868 1481 nostrai
1902 1429 2190 1497 tempore,
2224 1424 2288 1480 in

651 1512 925 1571 sensibili
945 1514 1077 1569 vitae
1098 1515 1318 1568 nostrae
1346 1527 1526 1568 cursu
1546 1512 1706 1569 velut
1734 1514 2019 1570 continuo
2041 1513 2311 1586 quodam

651 1606 708 1660 et
734 1602 1058 1674 irrequieto
1097 1605 1266 1657 motu
1321 1601 1744 1675 unusquisque
1791 1602 1871 1658 ad
1902 1603 2218 1676 proprium
2247 1603 2313 1658 ὓς

649 1708 792 1749 nem
830 1691 1205 1748 festinamus.
1249 1694 1314 1746 In
1349 1690 1466 1747 hac
1502 1690 1625 1747 vita
1676 1691 1870 1747 viator
1925 1707 1989 1747 es
2039 1708 2051 1747 :
2104 1695 2313 1749 omnia

2424 534 2616 606 χρόνον
2656 538 2718 603 τῇ
2761 537 2991 584 κακώσει
3027 539 3127 584 τῶν
3169 528 3560 605 δεσμωτηρίων
3623 533 3700 601 (4)
3752 532 4002 586 ἐναποκλεί-

2425 638 2587 689 ονται,
2631 623 2680 673 οἱ
2720 616 2779 673 δὲ
2816 625 3113 696 ταχυτέραν
3154 622 3468 694 εὑρίσκουσι
3508 625 3608 679 τὴν
3661 629 3757 684 τῆς
3809 643 4001 677 καιοπαο

2428 710 2565 770 θείας
2631 709 2964 782 ἀπαλλαγήν*
3024 712 3160 762 οὕτω
3222 714 3312 762 καὶ
3363 712 3421 763 αὶ
3488 710 3702 783 ψυχαὶ,
3741 714 3796 765 αἱ
3831 716 3911 784 μὶν
3942 712 4003 766 ἐπὶ

2422 798 2550 851 πολύ
2589 805 3047 874 προσκατέχονται
3084 807 3147 873 τῇ
3192 799 3299 874 ζωῇ
3348 804 3548 873 ταύτῃ,
3585 803 3642 853 αἱ
3689 798 3748 854 δε
3786 798 3860 854 ἔπ’
3888 802 4002 855 ἔλατ-

2422 907 2527 956 τον,
2569 892 2706 942 κατὰ
2742 894 2838 948 τὴν
2894 888 3171 962 ἀναλογίαν
3220 898 3309 950 τῆς
3355 889 3510 953 ἀξίας
3570 890 3830 943 ἑκάστοΨ
3871 901 4001 964 σοφῶς

2420 983 2511 1031 καὶ
2573 976 2797 1052 βαθέως,
2861 984 2951 1032 καὶ
3008 983 3077 1040 ὡς
3138 979 3234 1032 ούκ
3291 981 3354 1032 ἄν
3405 978 3646 1053 ἐφίκοιτο
3683 988 3803 1043 νοῦς
3838 978 3998 1053 ἀνθρώ·

2420 1087 2549 1135 πων,
2614 1071 2682 1121 τὰ
2741 1074 2859 1143 περὶ
2918 1070 3140 1123 ἕκαστον
3201 1071 3346 1142 ἡμῶν
3403 1078 3503 1123 τοῦ
3574 1074 3852 1133 κτίσαντος
3895 1073 4001 1142 ἡμᾶς

2419 1156 2832 1232 προϐλεπομένου
2935 1166 3101 1218 Θεοῦ.
3198 1159 3398 1233 Ὠσπερ
3480 1161 3588 1232 γὰρ
3669 1160 3720 1212 οἱ
3813 1160 3859 1213 ἐν
3922 1169 3998 1221 τοῖς

2417 1245 2617 1308 πλοίοις
2682 1244 3023 1312 καθεύδοντες
3106 1248 3408 1322 αὐτομάτως
3476 1250 3584 1302 ύπό
3653 1256 3744 1302 τοῦ
3808 1252 3997 1321 πνεύμα-

2416 1354 2501 1397 τος
2562 1335 2645 1389 ἐπὶ
2700 1336 2909 1410 λιμένας
2972 1340 3206 1411 ἄγονται,
3278 1339 3373 1390 κᾶν
3412 1336 3574 1391 αὐτοὶ
3613 1343 3689 1411 μὴ
3755 1338 3997 1392 αἰσθάνων-

2416 1428 2525 1489 ται,
2560 1426 2666 1479 ἀλλ’
2695 1428 2720 1479 ό
2749 1424 2949 1501 δρόμος
2979 1428 3168 1491 αὐτοὺς
3196 1430 3329 1502 πρὸς
3358 1431 3416 1480 τὸ
3447 1428 3602 1490 τέλος
3636 1428 3818 1500 ἐπάγει
3838 1449 3852 1461 ο
3896 1430 3997 1480 οὕτω

2416 1518 2507 1566 καὶ
2545 1516 2715 1587 ἡμεῖς,
2757 1523 2848 1568 τοῦ
2913 1519 3111 1590 χρόνου
3178 1523 3275 1578 τῆς
3331 1520 3479 1580 ζωῆς
3522 1518 3677 1590 ἡμῶν
3731 1515 3996 1592 παραρρέον-

2417 1623 2531 1668 τας,
2590 1606 2697 1656 οἶόν
2762 1624 2866 1657 τινι
2925 1610 3129 1664 κινήσει
3193 1612 3411 1679 συνεχεῖ
3461 1611 3559 1659 καὶ
3627 1605 3872 1677 ἀπαύστῳ
3903 1608 3995 1677 πρὸς

2419 1696 2478 1744 τὸ
2527 1693 2715 1746 οἰκεῖον
2768 1694 2983 1755 ἕκαστος
3037 1699 3195 1769 πέρας
3235 1703 3309 1766 τῷ
3366 1694 3681 1749 λανθάνον-τι
3728 1692 3895 1769 δρόμῳ
3925 1703 3995 1754 τῆς

651 1785 990 1850 transeunt,
1012 1784 1151 1853 post
1171 1785 1408 1850 tergum
1438 1783 1609 1837 tuum
1638 1781 2057 1854 relinquuntur
2082 1783 2305 1839 omnia.

2421 1782 2563 1846 ζωῆς
2618 1785 2765 1856 ἡμῶν
2813 1786 3244 1857 κατεπειγόμεθα.
3280 1781 3605 1861 Ὀδοιπόρος
3645 1783 3912 1858 ἐφέστηκας
3938 1792 3991 1853 τῷ

649 1872 942 1939 Plantam,
971 1871 1143 1943 533
1168 1869 1444 1937 herbam,
1469 1886 1717 1943 aquam,
1751 1874 1854 1928 aut
1881 1871 2124 1936 quidvis
2146 1871 2313 1941 aliud

650 1964 900 2034 aspectu
929 1959 1180 2030 dignum
1229 1960 1291 2016 in
1337 1960 1438 2016 via
1484 1960 1683 2016 vidisti
1718 1979 1731 2016 :
1765 1961 2019 2033 paulum
2046 1961 2309 2018 oblecta-

648 2054 766 2117 tus,
821 2065 966 2105 mox
1018 2049 1309 2122 praeteris.
1340 2051 1568 2105 Rursus
1609 2050 1669 2105 in
1699 2049 1955 2123 lapides,
1984 2050 2305 2123 convalles,

645 2138 994 2213 prmcipitia,
1047 2138 1331 2211 scopulos
1380 2143 1437 2194 et
1477 2138 1673 2211 palos,
1706 2143 1812 2195 aut
1834 2139 2014 2195 etiam
2040 2139 2100 2195 in
2126 2140 2307 2208 feras,

644 2230 709 2284 in
753 2226 1041 2284 animalia
1081 2226 1375 2299 repentia,
1400 2226 1462 2282 in
1504 2227 1731 2299 spinas,
1758 2232 1815 2283 et
1843 2227 1905 2283 in
1930 2226 2093 2283 aliud
2120 2230 2311 2300 quod-

643 2318 734 2374 vis
772 2317 1168 2373 infortunium
1208 2316 1472 2372 incidisti
1507 2333 1520 2372 :
1550 2321 1876 2389 postquam
1903 2333 1968 2373 es
1992 2317 2307 2390 paululum

646 2406 932 2475 afflictus,
961 2421 1108 2462 mox
1154 2406 1270 2461 ista
1319 2404 1628 2477 reliquisti.
1654 2406 1785 2462 Vita
1827 2411 1916 2462 est
1965 2408 2305 2477 ejusmodi:

646 2511 846 2569 neque
901 2496 1035 2567 ejus
1101 2495 1341 2565 deliciae,
1393 2510 1594 2568 neque
1634 2495 1922 2552 molestias
1962 2502 2309 2553 constanter

644 2589 1054 2659 perseverant.
1080 2585 1265 2640 Hodie
1307 2589 1371 2641 tu
1419 2584 1657 2640 coluisti
1677 2590 1922 2653 terram,
1967 2601 2097 2643 cras
2137 2587 2303 2657 alter,

643 2678 782 2748 post
809 2675 971 2730 hunc
997 2673 1148 2730 colet
1191 2677 1247 2729 et
1289 2673 1464 2730 alius.
1511 2672 1681 2729 Vides
1726 2689 1905 2745 agros
1944 2675 2056 2730 hos
2086 2679 2144 2731 et
2196 2675 2306 2732 do-

642 2780 779 2821 mos
809 2763 1247 2836 sumptuosas?
1286 2762 1520 2836 quoties
1552 2763 1811 2833 singula,
1855 2779 1928 2820 ex
1965 2781 2091 2838 quo
2145 2765 2305 2821 exsi-

643 2858 829 2915 stunt.
866 2867 1091 2909 nomen
1132 2852 1263 2924 jam
1301 2853 1659 2908 mutavere?
1704 2853 2069 2910 Dicebantur
2123 2854 2308 2926 hujus

644 2959 793 3014 esse,
836 2947 1046 3018 postea
1073 2942 1221 3014 ipsis
1250 2942 1604 3015 impositum
1634 2947 1725 2999 est
1771 2956 1994 2999 nomen
2041 2944 2303 3011 alterius,

644 3033 725 3090 ad
750 3032 935 3089 alium
966 3030 1351 3095 transierunt,
1392 3035 1521 3086 tum
1576 3031 1824 3087 demum
1873 3031 2118 3088 alterius
2176 3048 2308 3088 esse

2420 1870 2523 1944 βίῳ
2553 1876 2716 1944 τούτῳ
2740 1887 2754 1903 ⁸
2815 1875 2986 1925 πάντα
3012 1878 3282 1949 παρέρχη,
3317 1877 3496 1927 πάντα
3524 1880 3750 1927 κατόπιν
3786 1892 3872 1925 σου
3892 1878 3992 1943 7i»;-

2417 1980 2523 2018 ται.
2557 1958 2706 2024 Εἶδες
2736 1960 2821 2015 ἐπὶ
2845 1971 2939 2025 τῆς
2971 1958 3100 2015 ὁδοῦ
3138 1967 3297 2036 φυτὸν
3322 1964 3353 2023 ἦ
3384 1969 3525 2017 πόαν
3557 1965 3588 2024 ἦ
3624 1960 3788 2037 ὓδωρ,
3832 1963 3859 2021 ἣ
3905 1963 3988 2013 ὅτι

2417 2052 2478 2102 ἄν
2507 2053 2671 2122 τύχοι
2698 2058 2797 2103 τῶν
2847 2049 2999 2113 ἀξίων
3051 2053 3308 2125 θεάματος
3327 2069 3339 2082 ⁸
3402 2057 3598 2127 μικρὸν
3629 2051 3877 2128 ἐτέρφθης,
3905 2047 3988 2101 εἶτα

2415 2136 2769 2215 παρέδραμες.
2854 2138 3014 2193 Πάλιν
3099 2140 3341 2214 ἐνέτυχες
3403 2142 3574 2204 litim;
3638 2146 3729 2194 καὶ
3784 2139 3983 2213 φάραγξιν

2414 2229 2506 2281 καὶ
2529 2237 2778 2302 κρημνοῖς
2808 2235 2899 2282 καὶ
2941 2230 3214 2294 σκοπέλοις
3255 2236 3346 2284 καὶ
3404 2228 3688 2303 σκόλοψιν,
3734 2234 3763 2288 ἥ
3808 2247 3893 2281 που
3917 2232 3983 2277 καί

2418 2319 2636 2393 θηρίοις,
2667 2324 2757 2371 καὶ
2787 2318 3037 2391 ἑρπετοῖς,
3084 2323 3173 2373 καὶ
3231 2317 3511 2387 ἀκάνθαις,
3567 2323 3663 2372 καί
3690 2338 3819 2371 τισιν
3850 2315 3980 2373 ἄλλοις

2414 2416 2514 2459 τῶν
2546 2406 2788 2482 ὀχληρῶν
2811 2424 2823 2437 ·
2886 2412 3072 2483 μικρὸν
3102 2409 3341 2479 ἡνιάθης,
3373 2406 3493 2462 εἶτα
3532 2408 3818 2468 κατέλιπες.
3842 2411 3979 2457 Τοιοῦ-

2412 2516 2502 2559 τος
2554 2498 2578 2548 ὁ
2631 2495 2746 2570 βίος
2769 2513 2783 2526 ⁸
2833 2500 2951 2550 οὔτε
2993 2500 3060 2550 τὰ
3084 2501 3277 2573 τερπνὰ
3309 2502 3532 2571 μόνιμα,
3570 2501 3691 2551 οὔτε
3725 2500 3788 2550 τὰ
3817 2492 3972 2564 λυπηρά

2416 2582 2609 2661 διαρκῆ
2664 2590 2994 2659 κεκτημένος.
3051 2593 3280 2661 Σήμερον
3338 2592 3434 2646 τὴν
3500 2596 3603 2660 γῆν
3667 2590 3732 2640 σὺ
3770 2584 3962 2657 ἐγεώργη-

2416 2695 2529 2743 σας,
2594 2680 2686 2728 καὶ
2748 2679 2927 2751 αὔριον
2986 2676 3162 2745 om“,
3231 2682 3321 2730 καὶ
3378 2678 3502 2750 μετ’
3569 2676 3755 2730 ἐκεῖνον
3828 2673 3965 2743 ἓτερνς.

2411 2763 2568 2837 Ὁρᾷς
2597 2768 2719 2827 τοὺς
2743 2764 2935 2838 ἀγροὺς
2962 2768 3181 2828 τούτους
3225 2772 3317 2819 καὶ
3366 2768 3460 2828 τὰς
3502 2765 3789 2824 πολυτελεῖς
3816 2761 3971 2821 οἰκίαςῖ

2411 2858 2555 2906 πόσα
2582 2851 2657 2913 ἥδ
2662 2874 2691 2912 η
2725 2854 2955 2927 ὀνόματα
2996 2853 3084 2928 ἀφ’
3112 2852 3171 2908 οὗ
3202 2861 3380 2928 γέγονε
3408 2859 3615 2909 τούτων
3644 2856 3842 2908 ἕκαστον
3866 2854 3957 2920 ἤμει

2411 2944 2513 3016 alas;
2544 2950 2647 2998 Τοῦ
2677 2941 2843 3007 δεῖνος
2874 2943 3087 3017 ἐλέγετο,
3124 2943 3235 2999 εἶτα
3262 2949 3653 3020 μετωνομάσθη
3684 2946 3802 3019 πρὸς
3828 2942 3972 3010 ἕτερον,

2414 3037 2540 3109 πρὸς
2594 3037 2679 3086 τὸν
2729 3030 2875 3086 δεῖνα
2932 3034 3201 3107 μετῆλθεν,
3252 3033 3366 3089 εἶτα
3415 3044 3512 3089 νῦν
3593 3034 3746 3088 ἄλλον
3801 3030 3971 3101 λέγεται.

644 3122 943 3179 dicuntur.
1012 3124 1219 3177 Nonne
1272 3136 1418 3191 ergo
1473 3119 1597 3176 vita
1651 3124 1859 3177 nostra
1894 3120 1996 3176 via
2034 3126 2142 3186 est,
2185 3120 2304 3177 alio

2415 3124 2533 3198 Ἆρ’
2572 3120 2658 3176 οὖν
2698 3123 2802 3196 οὐχ
2843 3119 2968 3184 ὁδὸς
3005 3126 3152 3196 ἡμῶν
3191 3126 3217 3176 ὁ
3259 3123 3395 3197 βίος,
3455 3124 3644 3178 οἴλλοτε
3690 3120 3827 3175 ἄλλον
3858 3132 3973 3189 μετα·

643 3216 916 3286 tempore
942 3210 1127 3267 alium
1157 3210 1486 3282 excipiens,
1533 3209 1675 3265 etin
1719 3225 1843 3281 qua
1892 3206 2003 3265 sibi
2050 3210 2304 3266 invicem

643 3299 976 3357 succedunt
1030 3299 1291 3354 omnes?
1316 3298 1393 3369 (2)
1417 3298 1581 3354 Alias
1624 3297 1873 3369 quidem
1911 3298 2043 3355 vias
2067 3314 2205 3371 quae
2233 3314 2308 3355 ex

641 3389 793 3446 urbe
833 3389 913 3445 ad
976 3388 1194 3444 urbem
1250 3387 1502 3457 ducunt,
1558 3387 1695 3444 licet
1741 3386 2066 3457 declinare,
2107 3394 2161 3444 et
2201 3404 2308 3461 per

644 3496 748 3536 eas
785 3494 912 3534 non
973 3476 1301 3550 proﬁcisci,
1344 3477 1393 3532 si
1446 3476 1581 3549 quis
1637 3476 1721 3533 ita
1767 3477 1973 3533 volet:
2006 3477 2135 3534 haec
2162 3494 2307 3535 vero

641 3568 775 3625 vitae
812 3566 987 3623 istius
1025 3566 1145 3628 via,
1187 3565 1426 3622 etiamsi
1462 3581 1576 3622 nos
1630 3565 1868 3622 differre
1927 3581 2171 3623 cursum
2213 3584 2309 3624 vo-

641 3657 951 3728 luerimus,
980 3670 1084 3712 eos
1115 3656 1220 3729 qui
1267 3655 1330 3710 in
1379 3671 1441 3711 se
1470 3654 1761 3711 incedunt
1803 3655 2058 3712 viatores
2088 3656 2309 3713 violen-

640 3752 729 3804 ter
757 3747 1170 3820 apprehensos
1200 3745 1279 3801 ad
1305 3744 1670 3802 destinatam
1714 3761 1752 3801 a
1800 3745 2054 3802 Domino
2082 3756 2309 3803 metam

639 3837 838 3895 trahit.
888 3839 1005 3892 Nec
1058 3835 1189 3892 ﬁeri
1244 3840 1460 3907 potest,
1522 3840 1588 3892 ut
1634 3835 1683 3890 is
1734 3834 1841 3907 qui
1888 3834 2074 3892 semel
2140 3841 2308 3892 extra

638 3930 880 4003 portam
921 3925 1001 3982 ad
1047 3925 1207 3981 hanc
1234 3924 1423 3980 vitam
1452 3924 1856 3981 deducentem
1885 3939 2163 3995 egressus
2193 3929 2302 3987 est,

639 4016 824 4088 idque
857 4016 967 4072 iter
1013 4014 1203 4082 inivit,
1248 4028 1373 4071 non
1423 4013 1607 4072 etiam
1665 4013 1744 4071 ad
1789 4012 1949 4069 illius
1980 4015 2305 4071 terminum

638 4103 883 4179 perveni
892 4107 975 4160 at.

711 4197 765 4250 3.
808 4192 887 4263 (3)
915 4194 997 4248 Ne
1018 4191 1196 4261 igitur
1222 4189 1671 4263 pretiosissimis
1691 4189 1984 4246 vilissima
2008 4191 2301 4263 praeferte,

637 4300 836 4357 neque
873 4281 1033 4339 male
1098 4280 1499 4347 commutatis,
1569 4280 1718 4336 dum
1775 4280 2092 4337 mortalem
2142 4282 2303 4339 hanc

636 4376 824 4431 vitam
850 4370 1178 4430 immortali
1210 4371 1527 4442 beataeque
1566 4369 1646 4425 illi
1690 4370 1877 4443 quieti
1916 4372 2300 4444 anteponitis.

640 4464 947 4537 Siquidem
988 4466 1204 4535 praeter
1241 4459 1591 4531 ignominiaa
1651 4460 2016 4522 affectiones.
2076 4461 2301 4534 quibus

634 4552 955 4625 voluptarii
1008 4550 1280 4623 plerique
1319 4548 1572 4620 subjecti
1628 4554 1788 4615 sunt,
1858 4549 2059 4606 adhuc
2117 4550 2298 4606 etiam

634 4645 771 4701 vitae
805 4641 1212 4710 necessitates,
1255 4638 1825 4711 magnanimitatem
1880 4639 2097 4695 animas
2135 4639 2300 4694 fran-

636 4736 861 4803 gentes,
888 4731 1086 4803 ipsam
1114 4728 1297 4784 veluti
1328 4727 1608 4797 redigunt
1646 4728 1706 4783 in
1750 4728 2119 4797 servitutem,
2150 4728 2299 4784 dum

634 4821 716 4878 ad
772 4821 969 4877 carnis
1014 4817 1374 4875 famulatum
1429 4817 1595 4873 illam
1652 4816 1998 4873 detrahunt.
2032 4817 2142 4873 Ubi
2193 4833 2297 4874 au-

632 4915 755 4966 tem
804 4909 1073 4976 servitus,
1125 4907 1243 4964 illic
1300 4922 1431 4964 esse
1490 4911 1546 4963 et
1622 4907 2021 4978 ignominiam
2086 4906 2293 4979 liquet.

633 4998 943 5070 Fugienda
966 4998 1146 5068 igitur
1194 5001 1282 5054 est
1323 4997 1466 5066 vita,
1517 4996 1615 5053 cui
1660 4996 1997 5068 ignominia
2045 4997 2298 5068 conjun-

631 5091 727 5147 cta
753 5090 858 5145 est.

698 5234 835 5291 Non
886 5245 1112 5303 magna
1167 5230 1354 5300 facio,
1403 5229 1617 5303 inquit,
1658 5232 1836 5288 sime
1889 5229 2030 5287 hero
2052 5231 2291 5374 {Zygiam

2104 5318 2122 5358 ι
2167 5318 2222 5374 ι,·

2104 5318 2222 5374 wz;

697 5451 777 5520 (l)
820 5450 902 5503 Ex
927 5445 1095 5520 hom.
1127 5446 1189 5520 in
1211 5445 1371 5520 paul.
1401 5461 1443 5510 1,
1473 5448 1558 5520 94.

670 5514 901 5617 “(2'2ch
925 5517 1090 5574 hom.
1129 5514 1298 5585 Quod
1326 5516 1652 5573 mundanis
1692 5514 2126 5573 adlicerendum
2168 5533 2288 5574 non

626 5594 903 5731 δῑιξζὶὲϐέὲ
928 5659 1098 5720 hom.
1130 5659 1194 5718 in
1217 5656 1383 5731 psal.
1414 5674 1539 5732 cxv,
1574 5660 1699 5715 375.

2413 3212 2706 3286 λαμϐάνων,
2759 3218 2851 3265 καὶ
2904 3215 3102 3275 πάντας
3152 3216 3289 3286 ἔχων
3362 3212 3613 3276 ἀλλήλοις
3659 3210 3970 3285 ἐρεπτομένουςὶ

2415 3306 2515 3364 Τὰς
2566 3306 2656 3377 μεν
2713 3299 2801 3355 οὖν
2854 3301 3013 3365 ἄλλοις
3050 3300 3227 3370 ὀδοὺς,
3270 3304 3392 3357 ὅσαι
3430 3309 3571 3379 πρὸς
3634 3301 3775 3355 πόλιν
3833 3296 3880 3349 ἐκ
3907 3296 3973 3346 πὸ.

2415 3391 2541 3453 λεως
2597 3393 2837 3464 ἄγουσιν,
2879 3394 3020 3444 ἔστιν
3077 3390 3324 3461 ἐκκλῖναι,
3368 3396 3457 3445 καὶ
3526 3398 3599 3466 μὴ
3664 3386 3866 3443 ὁδεῦσαι
3909 3382 3972 3433 τὸν

2417 3487 2486 3555 μὴ
2545 3481 2891 3556 βουλόμενον
2961 3484 2991 3540 ἠ
3049 3479 3110 3535 δὲ
3154 3490 3250 3544 τῆς
3298 3484 3438 3545 ζωῆς
3498 3486 3690 3543 ταύτης
3746 3468 3971 3539 ﬁdeli”

2418 3573 2567 3643 ἡμεῖς
2626 3570 3006 3624 ἀναϐάλλεσθαι
3065 3570 3403 3644 βουληθῶμεν
3460 3576 3554 3626 τὸν
3622 3567 3823 3645 δρόμον,
3864 3577 3973 3632 περι·

2416 3659 2652 3713 λαϐοῦσα
2693 3664 2828 3736 πρὸς
2876 3659 3020 3733 βίαν,
3072 3658 3155 3713 ἐπὶ
3210 3664 3270 3713 τὸ
3320 3666 3634 3735 τεταγμένον
3671 3661 3765 3712 ὑπὸ
3809 3659 3885 3707 τοῦ
3909 3656 3970 3701 Δε-

2421 3755 2617 3803 σπότου
2679 3754 2834 3823 πέρας
2896 3748 3030 3802 ἕλκει
3094 3753 3214 3813 τοὺς
3283 3750 3359 3803 ἔπ’
3412 3750 3599 3813 αὐτῆς.
3645 3752 3741 3803 Καὶ
3772 3744 3854 3798 οὐκ
3884 3740 3966 3791 ἔστι

2415 3843 2503 3892 τὸν
2556 3839 2697 3902 ἅπαξ
2750 3835 3152 3913 ύπεκδραμόντα
3182 3844 3282 3913 τὴν
3321 3837 3406 3892 ἐπὶ
3442 3836 3601 3893 τόνδε
3642 3840 3725 3891 τόν
3774 3832 3874 3907 βίον
3907 3827 3967 3896 γέ·

2413 3948 2609 4004 ρουσαν
2664 3927 2854 3990 πύλην,
2903 3932 2993 3980 καὶ
3044 3935 3137 3989 τῆς
3188 3925 3316 3981 ὁδοῦ
3374 3931 3574 3990 ταύτης
3638 3923 3878 3983 επιϐςὶντα.
3910 3914 3961 3986 μὴ

2413 4022 2503 4071 καὶ
2530 4022 2658 4093 πρὸς
2682 4021 2740 4070 τὸ
2768 4016 2908 4079 τελος
2935 4019 3129 4079 ταύτης
3158 4016 3336 4072 ἐλθεῖν.

2484 4200 2538 4252 3.
2579 4200 2665 4255 Μὴ
2711 4198 2884 4247 τοίνυν
2941 4201 3228 4270 προτιμᾶτε
3268 4203 3369 4248 τῶν
3416 4195 3776 4268 πολυτιμήτων
3802 4187 3858 4238 τὰ
3882 4179 3961 4231 ἀπ’

2410 4288 2630 4358 μότατα,
2680 4280 2820 4357 μηδὲ
2878 4290 3032 4337 κακοὶ
3095 4285 3443 4339 συναλλάκται
3481 4286 3706 4359 γίνεσθε,
3743 4281 3827 4336 τὸν
3859 4271 3962 4359 φθεξ⁸

2410 4356 2629 4449 ῥομένην
2668 4374 2807 4434 ζωὴν
2853 4382 2944 4435 τῆς
2978 4373 3247 4448 ἀφθάρτου
3300 4381 3391 4428 καὶ
3448 4356 3707 4450 μακαρίας
3749 4356 3959 4450 καταστά-

2412 4446 2541 4526 σεως
2728 4446 3128 4538 προτιμῶντες..
3167 4464 3321 4518 ’Ἄνευ
3376 4446 3477 4540 γὰρ
3545 4446 3642 4516 των
3693 4446 3956 4532 μαθημάτων

2408 4560 2504 4614 τῆς
2557 4553 2790 4625 ἀτιμίας,
2824 4554 2896 4613 οἷς
2953 4552 3002 4604 οἰ
3056 4551 3291 4606 πλεῖστοι
3320 4561 3418 4605 τῶν
3458 4549 3741 4626 φιληδόνων
3768 4544 3954 4626 ὑπόκειντ-

2405 4662 2510 4709 ται,
2556 4645 2632 4695 ἔτι
2674 4647 2761 4695 καὶ
2807 4644 2863 4695 αἱ
2917 4644 3051 4695 κατὰ
3096 4644 3185 4693 τὸν
3219 4641 3337 4715 βίον
3381 4651 3586 4717 χρεῖαι,
3613 4634 3883 4706 τῆςψυχῆς
3910 4620 3950 4721 ξδ

2407 4731 2718 4804 μεγαλοφυὲς
2770 4733 3269 4803 κατακάμπτουσαι,
3327 4735 3481 4784 οἱονεί⁹
3557 4727 3839 4785 δουλοῦνται
3886 4728 3948 4760 αῖν

2404 4826 2517 4887 τὴν,
2568 4824 2695 4895 πρὸς
2748 4825 2843 4880 τὴν
2886 4823 3176 4894 ὑπηρεσίαν
3221 4828 3313 4882 τῆς
3364 4825 3557 4896 σαρκός
3593 4813 3941 4883 κατασύρουσαί·

2403 4909 2573 4963 Ὅπου
2640 4907 2699 4963 δὲ
2767 4906 3000 4980 δουλεία,
3068 4908 3174 4962 ἐκεῖ
3231 4907 3475 4969 δηλονότι
3514 4913 3604 4962 καὶ
3643 4896 3939 4975 diripiat-‘1’”

2402 5004 2549 5052 κτέον
2577 4996 2669 5051 οὖν
2698 5004 2792 5059 τὴν
2825 4999 2984 5067 ζωὴν,
3073 5002 3131 5052 τὸ
3163 5000 3344 5072 ἄτιμον
3373 5001 3749 5075 παραπέφυκεν.

2475 5226 2642 5283 Οὐδὲν
2699 5233 2820 5304 γάγ,
2887 5233 3038 5302 φησὶ,
3089 5234 3222 5303 μέγα
3277 5238 3447 5304 ποιῶ,
3480 5228 3697 5304 ἐμαυτόν
3736 5234 3818 5304 (ἴσοι

3393 5284 3606 5374 [διδοὺς
3634 5304 3701 5366 τῷ
3725 5284 3911 5345 δεσπότῃ

2467 5445 2544 5517 (4)
2585 5452 2695 5517 Τῶν
2738 5440 3130 5516 δεσμωτηρίων.
3184 5443 3346 5501 Idem
3401 5445 3587 5503 codex
3631 5446 3721 5492 τῶν
3757 5426 3940 5494 δεσμῶν,

2398 5517 2459 5572 in
2477 5515 2866 5573 vinculorum
2903 5515 3291 5573 cruciatibus.

2465 5563 3374 5661 (έλξᾳέᾶστάᾶεδςί,έῶννῇἓᾷἶιιε
3413 5587 3599 5646 codex
3651 5580 3703 5636 et
3750 5563 3941 5628 contex-

2395 5658 2516 5718 tus.
2548 5658 2700 5718 Editi
2728 5677 3129 5722 καταπαύσεως.
