4084 6392
229 325 363 381 1261

1473 317 1708 375 SERMO
1747 317 1813 375 XI
1850 346 1921 361 -—
1958 318 2051 375 DE
2088 319 2344 377 MORTE.

3461 328 3601 384 1262

304 449 492 512 Δοῦλος
512 451 614 524 γὰρ
641 448 711 500 ὢν
741 449 854 515 σὸς,
897 451 982 501 σοὶ
1019 447 1275 519 προσάγω
1308 445 1385 519 (Ι)
1415 447 1474 498 τὸ
1511 448 1602 497 σὸν
1631 451 1833 517 κτῆμα.

2017 445 2148 503 Tibi
2165 460 2428 519 namque
2453 448 2853 520 servus,quod
2882 454 3051 506 tuum
3080 452 3161 505 est
3185 450 3293 506 tibi
3321 451 3529 521 offero.

236 544 455 603 Πάντως
495 543 597 615 γὰρ
636 548 729 593 τοῦ
779 542 1054 599 κτίσαντος
1111 534 1299 590 δοῦλον
1348 538 1583 609 ὑπάρχει
1603 539 1664 588 τὸ
1704 533 1837 588 ἑκτι-

234 637 436 706 σμένον.
486 638 775 704 Τοιγαροῦν
818 633 989 693 ζῶντα
1051 629 1141 701 μὶν
1180 629 1230 680 ἓν
1281 634 1344 699 τῇ
1381 630 1539 696 σαρκὶ
1585 626 1838 701 πάροικον

233 720 364 775 εἶναι
420 726 678 797 προσήκει
727 722 817 772 τὸν
864 720 1171 791 ἅνθρωπονο
1200 714 1571 789 μεταϐαίνοντα
1619 711 1679 767 δὲ
1734 712 1838 766 ἀπὸ

231 820 332 874 τῆς
377 813 514 875 ζωῆς
553 814 770 879 ταύτης,
841 816 949 869 τοῖς
1009 806 1221 867 οἰκείοις
1291 810 1472 868 τόποις
1522 802 1840 857 ὶναναπαύε-

236 905 383 960 σθαι.
424 903 519 953 Διά
558 907 713 953 τοῦτο
768 903 858 950 καὶ
897 896 1137 972 Ἀϐραὰμ
1181 896 1231 948 ἐν
1283 898 1373 968 μεν
1404 902 1469 967 τῇ
1517 895 1624 967 ζωῇ
1658 912 1842 969 παροι-

232 1000 317 1046 κεῖ
349 999 460 1053 τοῖς
491 989 808 1062 ἀλλοφύλοις,
838 984 962 1040 οὐδὲ
1018 985 1172 1059 βῆμα
1205 980 1374 1047 ποδός
1418 981 1563 1046 ἰδίας
1621 991 1715 1056 γῆς
1763 1001 1845 1036 κε-

231 1085 520 1154 κτημένος
554 1078 601 1131 ἐν
637 1075 697 1131 δί
736 1084 797 1151 τῇ
837 1084 971 1149 ταφῇ
1023 1076 1217 1128 οἰκείαν
1265 1074 1431 1145 ἐαυτῷ
1480 1078 1572 1132 τὴν
1625 1069 1844 1144 δεξαμέ-

231 1190 325 1229 νην
386 1169 547 1222 αὐτοῦ
620 1171 678 1220 τὸ
721 1174 875 1239 σῶμα
901 1173 1002 1238 γῆν
1059 1164 1312 1239 ἀργυρίου
1354 1162 1842 1239 ἐπραγματεύσατο.

232 1263 506 1335 Μακάριον
536 1254 624 1311 οὖν
649 1265 723 1329 τῷ
754 1262 883 1324 ὄντι,
941 1260 1013 1329 μή
1081 1255 1147 1317 ὡς
1184 1254 1396 1316 οἰκείοις
1438 1256 1845 1327 προστετηκέναι

234 1358 350 1413 τοῖς
401 1353 449 1403 ἓν
515 1356 578 1422 τῇ
620 1356 708 1421 γῇ,
766 1344 907 1421 μηδὲ
935 1346 1110 1419 ὥσπερ
1150 1341 1411 1420 πατρίδος
1446 1346 1586 1404 τινός
1616 1349 1847 1414 φυσικῆς

238 1440 559 1512 ἀντέχεσθαι
608 1445 710 1490 τῶν
777 1435 1139 1506 ἐνταῦθα
1182 1433 1311 1486 ἀλλά
1348 1438 1442 1492 τὴν
1465 1432 1519 1485 ἐκ
1548 1427 1844 1493 καταδίκης

237 1525 423 1582 ἐνθάδε
473 1525 745 1599 διαγωγὴν
800 1524 1211 1600 βαρυνομένους,
1252 1523 1388 1576 οὕτω
1425 1528 1717 1597 παροικεῖν,
1780 1522 1846 1580 ὡς

236 1619 340 1670 ὑπὸ
409 1613 677 1669 δικαστῶν
722 1633 872 1667 τινων
936 1612 1019 1666 ἐπί
1096 1631 1209 1665 τισι
1278 1609 1726 1683 πλημμελήμασιν
1780 1607 1847 1668 εἰς

233 1711 331 1765 τὴν
386 1708 664 1781 ὑπερορίαν
703 1702 759 1756 ἐκ
796 1711 888 1764 τῆς
926 1702 1234 1774 ἐνεγκούσης
1272 1699 1635 1760 ἀπελαθέντας.
1688 1696 1847 1752 Ἀλλά

1946 534 2204 592 Omnino
2252 536 2413 592 enim
2464 552 2563 593 res
2612 542 2826 594 creatae
2870 537 3164 594 Creatoris
3208 555 3394 596 servm
3443 542 3606 599 sunt.

1947 624 2025 696 (4)
2043 626 2288 697 Oportet
2316 625 2498 697 igitur
2524 626 2825 683 viventem
2863 627 2926 683 in
2969 642 3148 684 carne
3185 628 3447 686 incolam
3476 646 3607 687 esse

1944 713 2289 780 hominem;
2329 715 2692 786 migrantem
2723 720 2927 792 autem
2956 732 3029 773 ex
3057 716 3173 774 hac
3203 716 3346 788 vita,
3384 717 3447 775 in
3471 734 3611 792 pro-

1947 802 2093 876 priis
2147 802 2298 859 locis
2352 805 2748 877 requiescam.
2819 788 3138 878 propterea
3191 806 3373 865 etiam
3424 788 3610 866 Abra-

1947 892 2094 948 ham
2138 892 2200 948 in
2248 893 2365 949 hac
2416 893 2539 950 vita
2572 894 2772 951 incola
2800 899 2929 951 erat
2960 911 3100 951 cum
3135 895 3508 970 alienigenis,
3538 913 3612 954 ao

1949 997 2026 1037 ne
2045 997 2295 1054 passum
2326 982 2574 1055 quidem
2600 983 2771 1055 pedis
2799 988 2972 1041 terra:
3000 985 3259 1058 propriae
3292 985 3563 1058 possedit
3591 1004 3606 1045 :

1951 1071 2014 1127 in
2047 1070 2358 1144 sepultura
2404 1078 2608 1130 autem
2640 1074 2954 1146 propriam
2992 1073 3344 1147 sibimetipsi
3366 1079 3613 1147 terram,

1950 1177 2087 1234 quae
2143 1176 2364 1235 corpus
2419 1164 2613 1234 ipsius
2666 1163 2985 1235 exciperet,
3024 1170 3274 1234 argento
3306 1170 3611 1224 mercatus

1954 1254 2062 1305 est.
2108 1252 2288 1307 Porro
2343 1250 2592 1307 beatum
2636 1251 2816 1324 plane
2861 1251 3055 1319 fuerit,
3115 1251 3297 1309 rebus
3361 1254 3612 1311 terrenis

1952 1354 2078 1395 non
2132 1342 2197 1395 ut
2248 1339 2507 1412 propriis
2554 1355 2668 1396 nos
2723 1339 2997 1397 addictos
3025 1355 3174 1409 esse,
3200 1357 3399 1414 neque
3426 1343 3613 1401 rebus

1952 1429 2354 1502 praesentibus
2410 1434 2707 1503 tanquam
2761 1430 3023 1487 naturali
3083 1431 3327 1488 cuidam
3401 1432 3615 1505 patrita

1955 1519 2297 1575 adhaerere:
2323 1519 2434 1575 sed
2461 1524 2732 1576 nostram
2757 1519 2854 1576 hic
2880 1521 3443 1594 commorationem,
3473 1538 3614 1596 quin

1956 1624 2029 1665 ex
2069 1607 2576 1664 condemnatione
2629 1608 2809 1665 nobis
2855 1608 3143 1681 imposita
3199 1613 3308 1679 est,
3364 1610 3616 1669 moleste

1955 1697 2231 1768 ferentes,
2280 1698 2363 1754 ita
2396 1698 2772 1771 perigrinari,
2816 1698 2996 1772 quasi
3042 1698 3124 1755 ob
3173 1698 3380 1772 aliqua
3398 1700 3618 1760 delicta

234 1796 440 1867 πλούτῳ
479 1800 681 1867 κομᾷς;
732 1798 823 1845 καὶ
878 1791 963 1845 ἐπὶ
999 1795 1272 1865 προγόνοις
1311 1794 1447 1862 μέγα
1507 1788 1842 1862 φρονεῖς(3);

1957 1786 2315 1857 ajudicibus
2354 1786 2417 1843 in
2468 1792 2736 1843 exteram
2763 1786 3078 1858 regionem
3122 1802 3197 1844 ex
3240 1787 3439 1860 patria
3458 1788 3618 1861 pulsi

232 1890 328 1938 καὶ
368 1883 631 1957 ἓπαγάλλη
677 1879 903 1955 πατρίδι
963 1885 1053 1933 καὶ
1091 1879 1265 1933 κάλλει
1306 1884 1570 1951 σώματος,
1610 1881 1701 1930 καὶ
1730 1883 1847 1938 ταῖς

232 1977 377 2045 παρὰ
406 1975 610 2026 πάντων
651 1978 870 2044 τιμαίς;
930 1968 1059 2023 Εἶτα
1096 1968 1190 2022 ούκ
1229 1965 1397 2036 οἶδας,
1436 1968 1519 2018 ὅτι
1561 1968 1746 2028 θνητὸς
1778 1963 1843 2031 εἷ,

236 2067 318 2117 ὅτι
380 2070 447 2135 γῆ
502 2060 568 2132 εἶ,
617 2065 709 2113 καὶ
741 2061 813 2121 εἰς
871 2068 968 2132 γῆν
1025 2057 1319 2131 ἀπελεύσης
1362 2055 1679 2132 Περίϐλεψαι
1730 2059 1849 2116 τούς

235 2155 336 2226 πρὸ
382 2158 479 2204 σοῦ
532 2150 582 2202 ἐν
648 2156 765 2209 ταῖς
811 2150 1020 2221 ὁμοίαις
1073 2150 1423 2221 περιφανείαις
1462 2144 1843 2209 ἐξετασθέντας.

237 2249 345 2295 ΙΙοῦ
387 2244 434 2294 οἱ
471 2243 568 2303 τὰς
601 2239 875 2301 πολιτικὰς
901 2236 1214 2299 δυναστείας
1243 2235 1710 2311 περιϐεϐλημένοι;
1744 2241 1848 2287 ποῦ

236 2334 286 2383 οἱ
358 2328 780 2402 δυσμαχώτατοι
844 2328 1091 2402 ῥήτορεςς
1123 2333 1225 2378 ποῦ
1252 2328 1302 2378 οἰ
1334 2328 1641 2397 στρατηγοὶ,
1675 2323 1726 2376 οἰ
1753 2343 1844 2376 σα-

236 2423 456 2492 τράπαι,
492 2421 540 2471 οἱ
571 2421 840 2492 τύραννοι;
870 2416 946 2469 Ού
970 2417 1142 2469 πάντα
1159 2419 1333 2482 κόνιςς
1367 2414 1428 2466 ού
1449 2416 1621 2466 πάντα
1648 2415 1843 2486 μῦθος;

236 2511 333 2563 ούκ
381 2509 430 2562 ἐν
488 2509 680 2581 ὀλίγοις
707 2506 909 2568 ὀστέοις
949 2509 1016 2560 τὰ
1040 2509 1351 2580 μνημόσυνα
1388 2504 1596 2571 αύτῶνς
1656 2503 1847 2575 ’Ἐγκυ-

235 2600 337 2671 ψον
366 2606 477 2660 τοῖς
504 2600 707 2669 τάφοις,
758 2596 801 2648 εἰ
864 2592 1064 2668 δυνήσῃ
1119 2591 1410 2671 διακρῖναι,
1459 2598 1536 2653 τίς
1585 2594 1610 2644 6
1640 2592 1848 2654 οἰκέτης

237 2694 329 2741 καὶ
357 2692 440 2749 τίς
477 2688 503 2737 6
544 2682 830 2751 δεσπότης,
858 2689 939 2744 τίς
963 2685 990 2735 6
1027 2686 1244 2754 πτωχὸς
1278 2687 1369 2734 καὶ.
1405 2686 1485 2743 τίς
1516 2682 1541 2733 6
1571 2681 1843 2743 πλούσιος.

200 2779 529 2849 ’Διάκρινον,
572 2776 615 2826 εἴ
643 2778 724 2835 τίς
756 2791 840 2823 σοι
871 2768 1115 2843 δύναμις,
1192 2774 1278 2823 τὸν
1332 2766 1547 2841 δέσμιον
1590 2767 1692 2821 ἀπό
1751 2776 1843 2821 τοῦ

241 2866 524 2941 βασιλέως,
581 2867 670 2917 τὸν
724 2863 951 2938 ἰσχυρόν
1013 2860 1114 2914 ἀπὸ
1157 2868 1250 2913 τοῦ
1307 2858 1578 2921 ἀσθενοῦς,
1621 2861 1707 2912 τὸν
1764 2858 1847 2912 εύ-

238 2965 408 3031 πρεπῆ
477 2953 579 3007 ἀπὸ
617 2960 711 3006 τοῦ
762 2948 1069 3012 δυσειδοῦς.
1122 2954 1223 3004 Καὶ
1260 2952 1582 3023 μεμνημνος
1622 2956 1713 3010 τῆς
1751 2950 1844 3021 φύ-

242 3065 394 3111 σεως,
425 3044 520 3099 οὐκ
560 3044 834 3118 ἐπαρθὴσῃ
875 3044 1021 3098 ποτί.

309 3318 364 3371 4.
403 3318 467 3367 Τί
502 3315 605 3387 γὰρ
647 3311 819 3384 ὄφελος
842 3310 1078 3380 πλουσίῳ
1116 3307 1517 3377 ἀποθνήσκοντι,
1559 3312 1631 3382 μὴ
1674 3303 1846 3360 δυνα-

242 3410 376 3477 μένῳ
435 3401 609 3456 λαϐεῖν
667 3405 756 3453 τὸν
795 3400 1019 3453 πλοῦτον
1053 3400 1149 3450 σὺν
1186 3396 1392 3468 ἑαυτῷς
1442 3399 1569 3468 ὅσγε
1596 3403 1845 3449 τοσοῦτον

242 3492 345 3545 ἀπὸ
374 3499 471 3554 τῆς
521 3490 856 3551 ἀπολαύσεως
931 3483 1172 3562 ἐκέρδανε
1226 3490 1401 3558 μόνον,
1450 3487 1573 3539 ὅσον
1611 3491 1706 3545 τὴν
1744 3485 1845 3556 ψυ-

244 3587 352 3656 χὴν
405 3581 566 3633 αὑτοῦ
623 3578 672 3631 ὶν
736 3587 799 3652 τῇ
836 3578 943 3650 ζωῇ
984 3578 1149 3648 ταύτῇ
1174 3578 1318 3651 παρὰ
1344 3583 1445 3628 τῶν
1472 3575 1703 3630 κολάκων
1746 3594 1845 3647 μαο

241 3673 583 3745 καρισθῆναι.
653 3669 733 3722 Ἐν
788 3665 846 3721 δὲ
876 3676 948 3738 τῷ
978 3664 1326 3724 ἀποθνήσκειν
1374 3665 1433 3717 ού
1487 3664 1711 3737 λήψεται
1746 3671 1844 3718 πᾶ·-

246 3781 341 3814 σαν
404 3762 600 3817 ταύτην
657 3763 751 3817 τὴν
811 3755 1121 3832 περιϐολήν·
1182 3753 1327 3828 μόλις
1383 3751 1587 3828 ἔνδυμα
1620 3754 1846 3825 λήψεται

242 3849 500 3902 καλύπτον
541 3848 701 3901 αὐτοῦ
764 3849 829 3900 τὰ
893 3844 1202 3917 ἀσχήμονα,
1248 3848 1340 3897 καὶ
1372 3850 1546 3915 τοῦτο,
1589 3842 1674 3896 ἐὰν
1714 3840 1844 3917 δόξῃ

242 3948 340 3991 τῶν
406 3938 615 3991 οἰκετῶν
677 3945 788 3998 τοίς
846 3933 1291 4009 περιστέλλουσιν.
1335 3933 1628 4004 Ἀγαπητὸν
1681 3932 1847 4004 αὐτῷ,

242 4038 343 4102 γῆς
383 4028 561 4100 ὀλίγης
603 4026 815 4100 λαχεῖν·
862 4029 952 4077 καὶ
1011 4025 1210 4086 ταύτης
1257 4019 1331 4075 δι’
1363 4019 1534 4075 οἶκτον
1561 4019 1850 4095 διδομένης

246 4119 386 4190 αύτῷ
426 4120 571 4191 παρά
611 4125 713 4169 τῶν
750 4112 1102 4183 κηδευόντων,
1162 4113 1349 4175 οἵτινες
1407 4112 1549 4183 αύτῷ
1587 4116 1849 4187 παρέχον-

246 4227 333 4262 ται
402 4215 592 4274 ταῦτα,
625 4202 773 4259 αἰδοῖ
808 4214 905 4267 τῆς
940 4211 1122 4265 κοινῆς
1145 4206 1236 4255 καὶ
1265 4200 1590 4276 ἀνθρωπίνης
1627 4204 1848 4275 φύσεως,

245 4298 339 4350 ούκ
390 4298 531 4369 αὐτῷ
597 4296 965 4369 χαριζόμενοι,
1007 4293 1139 4346 ἀλλά
1201 4299 1448 4365 τιμῶντες
1499 4295 1594 4351 τήν
1645 4289 1851 4364 ἀνθρω-

244 4392 468 4444 πότητα.
518 4385 681 4438 ’Ὥστε
734 4381 886 4437 οὐδὲν
951 4391 1051 4435 τῶν
1105 4381 1154 4434 ἐν
1208 4389 1280 4453 τῷ
1356 4379 1459 4454 βίῳ
1496 4389 1744 4457 τερπνῶν,
1777 4379 1852 4454 ἔφ’

249 4476 315 4526 ὧν
362 4478 413 4527 6i
475 4474 683 4536 πλείους
747 4478 1061 4546 μεμήνασιν,
1107 4475 1354 4546 ἡμέτερον
1416 4476 1568 4532 ὄντως
1612 4470 1778 4538 ἐστὶν,
1818 4470 1849 4530 ἦ
1883 4502 1928 4558 D

248 4565 489 4635 γενέσθαι
538 4565 788 4634 πέφυκεν*
856 4560 964 4613 ἀλλ’
1039 4561 1231 4632 ὁμοίως
1316 4559 1556 4613 ἁπάντων
1612 4558 1856 4634 ἀλλότρια

250 4659 502 4727 φαίνεται,
553 4662 650 4705 τῶν
714 4670 771 4705 τε
845 4650 1122 4704 ἀπολαύειν
1183 4647 1499 4718 δοκούντων,
1544 4659 1644 4701 τῶν
1688 4669 1742 4703 τε
1792 4650 1853 4703 ού

248 4743 714 4819 προσπελαζόντων
766 4742 964 4804 αὐτοῖς.
1024 4740 1099 4793 Ού
1146 4742 1249 4815 γὰρ
1294 4739 1340 4792 εἰ
1392 4743 1598 4813 χρυσόν
1635 4759 1767 4801 τινες
1803 4738 1853 4792 ἓν

250 4842 351 4923 τῷ,<
372 4831 475 4905 βίῳ
516 4835 857 4904 συναγάγοιεν
909 4829 1141 4898 ἄπλετον,
1198 4826 1337 4892 ἴδιος
1382 4830 1549 4881 αὐτῶν
1597 4833 1734 4901 μένει
1772 4826 1855 4883 δι-

251 4918 471 4984 ηνεκῶς·
550 4920 659 4973 ἀλλ’
708 4922 741 4981 ἦ
775 4921 974 4983 ζῶντας
1009 4922 1087 4973 ἔτι
1138 4920 1468 4992 πανταχόθεν
1508 4918 1663 4971 αὐτὸν
1710 4938 1855 4993 περι-

253 5017 566 5087 σφίγγοντας
625 5006 1038 5084 ἀποδιδράσκει,
1105 5011 1232 5083 πρὸς
1287 5011 1404 5070 τούς
1461 5004 1853 5083 δυνατωτέρους

322 5312 400 5382 (1)
440 5309 721 5382 Προσαγω.
769 5305 861 5364 Sic
901 5303 1083 5362 etiam
1124 5304 1287 5362 idem
1317 5303 1510 5361 codex
1539 5319 1680 5360 cum
1711 5319 1851 5361 con-

254 5380 433 5438 textu.
467 5380 617 5453 Editi
642 5381 880 5453 npoaiyw,

328 5453 403 5523 ('2)
441 5460 550 5505 Τῶν
577 5445 812 5505 ἐνταῦθα.
849 5449 1217 5523 Hicquoque
1236 5448 1465 5523 Regius
1490 5445 1684 5523 codex
1714 5462 1854 5523 con-

260 5516 435 5578 sentit
463 5539 601 5579 cum
623 5526 923 5579 contextu.
962 5516 1461 5577 Editi'habebant
1482 5528 1580 5582 τῆς
1608 5516 1849 5576 ἐνταῦθα.

328 5594 407 5669 (3)
442 5598 590 5666 Μέγα
615 5602 836 5669 φρονεῖς.
1016 5591 1232 5669 Basilii
1275 5596 1608 5648 contextus.
1652 5590 1854 5649 Codex

260 5663 476 5735 Regius
502 5663 854 5744 μάγάᾴρονεῖς.
879 5663 1030 5724 Editi
1057 5663 1475 5740 μηαλογρονεῖς.

1956 1892 2246 1933 essemus.
2301 1874 2633 1947 (5)Eﬂ‘erris
2678 1891 2820 1932 vero
2858 1875 2939 1934 ob
2985 1875 3268 1935 divitias?
3309 1878 3505 1949 jactas
3560 1882 3616 1936 te

1953 1966 2034 2022 ob
2059 1967 2365 2037 majorum
2386 1964 2768 2023 nobilitatem
2789 1965 2815 2022 ?
2859 1964 2935 2022 de
2968 1966 3167 2039 patria
3184 1981 3258 2024 ac
3277 1964 3615 2040 pulchritu-

1953 2055 2096 2112 dine
2120 2055 2409 2128 corporis,
2453 2054 2653 2128 deque
2694 2054 2911 2111 delatis
2940 2055 3021 2113 ab
3044 2055 3333 2114 omnibus
3368 2056 3615 2115 honori-

1953 2146 2068 2202 bus
2112 2144 2427 2214 gloriaris?
2479 2148 2642 2201 Itane
2682 2144 2953 2215 ignoras,
2996 2145 3316 2203 mortalem
3360 2150 3418 2203 te
3461 2162 3614 2215 esse,

1952 2241 2176 2292 terram
2221 2250 2353 2290 esse
2388 2240 2445 2290 et
2499 2234 2562 2289 in
2599 2237 2821 2291 terram
2868 2235 3299 2292 reversurum?
3351 2237 3616 2294 Circum-

1956 2325 2120 2397 spice
2151 2340 2275 2391 eos,
2319 2323 2423 2397 qui
2445 2328 2585 2380 ante
2610 2328 2668 2380 te
2696 2323 2995 2393 degerunt
3012 2324 3073 2381 in
3096 2324 3394 2382 similibus
3418 2325 3619 2398 splen-

1955 2413 2228 2470 doribus.
2255 2412 2364 2469 Ubi
2388 2418 2530 2470 sunt
2557 2414 2662 2486 qui
2688 2412 3081 2483 magistratus
3102 2413 3306 2470 civiles
3329 2429 3567 2486 gessere
3586 2416 3617 2472 ‘I

1955 2503 2060 2559 ubi
2094 2501 2271 2576 535I
2286 2503 2555 2559 rhetores
2574 2501 3176 2575 illiinexpugnahiles
3192 2505 3220 2561 ’7
3244 2503 3619 2562 exercituum

1954 2592 2164 2661 duces,
2218 2596 2495 2664 satrapae,
2550 2591 2835 2663 tyranni?
2872 2595 3094 2649 Annon
3142 2593 3351 2650 omnia
3379 2593 3616 2666 pulvis?

1955 2695 2162 2737 annon
2193 2679 2401 2736 omnia
2427 2678 2682 2736 fabula?
2733 2694 2941 2736 annon
2995 2680 3272 2753 ipsorum
3318 2683 3618 2744 memoria

1955 2773 2348 2826 conservatur
2364 2768 2427 2824 in
2456 2768 2667 2840 paucis
2693 2767 2984 2825 ossibus?
3038 2768 3380 2841 Conspicito
3419 2771 3619 2845 sepul-

1954 2875 2076 2931 cra,
2121 2874 2273 2914 num
2330 2858 2528 2930 possis
2570 2873 2814 2914 servum
2855 2857 2935 2914 ab
2982 2858 3153 2929 hero,
3181 2863 3241 2915 et
3280 2875 3615 2933 pauperem

1954 2964 1992 3006 a
2012 2947 2197 3004 divite
2222 2946 2585 3003 discernere.
2615 2948 2918 3018 Discerne,
2972 2947 3023 3004 si
3053 2963 3178 3022 quo
3204 2948 3389 3007 modo
3417 2952 3614 3023 potes,

1951 3037 2224 3093 vinctum
2262 3052 2298 3093 a
2326 3050 2489 3106 rege,
2520 3036 2737 3093 fortem
2764 3052 2803 3093 a
2830 3035 3037 3103 debili,
3065 3036 3405 3095 formosum
3434 3054 3473 3095 a
3508 3037 3616 3095 de-

1874 3144 1915 3200 ο
1946 3125 2152 3184 Ῑοτωὶ.
2203 3130 2410 3200 Itaque
2438 3128 2669 3184 naturai
2716 3125 2768 3184 si
2807 3126 3177 3199 memineris,
3209 3142 3531 3201 nunquam
3556 3131 3614 3189 t6

1953 3216 2220 3275 extollas.

2023 3310 2079 3363 4.
2122 3307 2197 3379 (6)
2229 3307 2373 3373 Qum
2405 3306 2568 3363 enim
2606 3306 2828 3365 utilitas
2843 3310 2933 3364 est
2959 3307 3124 3365 diviti
3139 3308 3438 3381 morienti,
3472 3325 3615 3370 cum

1953 3412 2077 3454 non
2109 3400 2296 3470 queat
2340 3412 2548 3453 secum
2576 3396 2813 3455 auferre
2837 3396 3118 3454 divitias?
3163 3398 3271 3471 qui
3304 3397 3526 3457 scilicet
3548 3399 3615 3457 id

1953 3504 2027 3544 ex
2064 3502 2276 3544 earum
2323 3487 2706 3559 possessione
2759 3486 3027 3544 lucratus
3069 3487 3142 3546 sit
3199 3487 3420 3560 solum,
3447 3489 3616 3562 quod

1952 3577 2145 3651 ipsius
2197 3576 2404 3634 anima
2438 3577 2500 3634 in
2537 3577 2653 3634 hac
2708 3576 2832 3634 vita
2882 3576 2962 3634 ab
2988 3576 3407 3636 adulatoribus
3434 3577 3619 3637 beata

1953 3666 2281 3741 praedicata
2323 3666 2415 3723 sit.
2460 3668 2678 3723 Verum
2704 3682 2843 3723 cum
2873 3666 3144 3739 moritur,
3192 3682 3317 3724 non
3345 3670 3619 3726 assumat

1956 3771 2200 3813 omnem
2234 3756 2395 3812 hanc
2432 3753 2805 3828 opulentiam
2838 3772 2851 3813 :
2884 3755 2987 3812 vix
3014 3754 3441 3812 indumentum
3461 3756 3617 3816 acci-

1954 3848 2095 3920 piet,
2126 3844 2294 3918 quod
2321 3844 2614 3917 pudenda
2649 3844 2779 3915 ejus
2800 3848 3098 3915 tegantur,
3126 3844 3329 3918 idque,
3347 3845 3399 3902 si
3418 3845 3615 3904 visum

1955 3935 2132 3991 fuerit
2177 3933 2420 3991 famulis
2456 3934 2661 4007 ipsum
2702 3932 3146 3991 amicientibus.
3187 3936 3341 3993 Bene
3370 3950 3509 3994 cum
3539 3951 3615 3994 eo

1957 4030 2158 4082 actum
2184 4024 2379 4092 fuerit,
2413 4024 2467 4080 si
2495 4024 2773 4095 exiguam
2817 4015 3038 4081 terram
3091 4024 3403 4094 sortiatur;
3452 4041 3615 4084 eam-

1958 4130 2077 4189 que
2104 4114 2224 4187 ipsi
2242 4129 2280 4171 a
2305 4113 2533 4170 funeris
2553 4113 2934 4171 curatoribus
2961 4113 3170 4173 datam
3195 4113 3275 4173 ob
3296 4116 3617 4174 commise-

1958 4205 2277 4273 rationem,
2326 4206 2432 4276 qui
2489 4204 2544 4260 ei
2588 4203 2793 4260 isthaac
2817 4208 3125 4277 prmstant,
3156 4203 3238 4261 oh
3267 4205 3613 4263 communis

1958 4294 2244 4351 humana:
2275 4298 2506 4350 naturas
2534 4294 2955 4361 reverentiam,
2986 4309 3111 4351 non
3134 4294 3189 4350 ei
3217 4293 3618 4365 hmclargien-

1963 4387 2071 4453 tes,
2113 4381 2223 4438 sed
2263 4382 2603 4439 humanam
2648 4387 2932 4439 naturam
2977 4382 3207 4438 honore
3264 4380 3616 4440 amcientes.

1964 4472 2043 4543 (7)
2065 4474 2271 4545 Itaque
2291 4471 2439 4527 nihil
2456 4487 2668 4528 eorum
2694 4487 2832 4544 quas
2856 4471 2920 4528 in
2948 4470 3068 4527 vita
3082 4470 3358 4543 jucunda
3375 4475 3534 4541 sunt,
3557 4475 3618 4531 et

1961 4555 2224 4633 quorum
2254 4560 2448 4632 gratia
2472 4560 2744 4634 plerique
2788 4559 3122 4630 insaniunt,
3176 4575 3311 4617 vere
3339 4564 3617 4620 nostrum

1962 4656 2070 4717 est,
2103 4655 2208 4707 aut
2238 4667 2314 4708 ex
2351 4666 2415 4707 se
2443 4666 2577 4707 esse
2616 4654 2824 4723 posset
2852 4667 2867 4708 :
2896 4650 3004 4707 sed
3032 4650 3169 4723 ipsa
3203 4650 3490 4707 omnibus
3508 4664 3619 4724 pa-

1960 4740 2101 4797 riter
2131 4744 2437 4805 extranea,
2468 4744 2596 4797 tum
2646 4739 2720 4796 iis
2771 4740 2877 4813 qui
2902 4739 2989 4796 eis
3023 4739 3140 4797 frui
3167 4739 3468 4809 videntur,
3489 4742 3620 4797 tum

1962 4830 2033 4886 iis
2050 4831 2158 4903 qui
2180 4845 2257 4887 ne
2279 4829 2381 4887 illa
2408 4828 2659 4902 quidem
2691 4829 3010 4899 attingunt.
3042 4831 3158 4887 Nec
3182 4828 3344 4887 enim
3374 4829 3540 4902 siqui
3556 4828 3622 4886 in

1960 4920 2085 4977 vita
2107 4920 2440 4993 plurimum
2477 4920 2606 4977 auri
2628 4919 3060 4993 congesserint,
3085 4919 3148 4978 id
3177 4920 3451 4992 ipsorum
3480 4934 3620 4993 pro-

1961 5011 2161 5083 prium
2185 5012 2479 5084 perpetuo
2508 5012 2741 5079 manet;
2775 5008 2885 5067 sed
2914 5012 3021 5069 aut
3047 5008 3250 5069 adhuc
3275 5008 3622 5069 viventibus

2059 5305 2110 5376 4)
2148 5307 2231 5360 Ex
2258 5303 2423 5361 hom.
2453 5304 2519 5376 in
2544 5303 2701 5376 psal.
2734 5318 2847 5371 xxv,
2874 5306 2998 5376 352.

2058 5373 2109 5449 5)
2150 5379 2232 5432 Ex
2259 5376 2425 5449 hom.
2453 5375 2515 5431 in
2539 5374 2709 5445 illud,
2735 5374 2995 5432 Attende
3015 5374 3125 5449 tibi
3153 5373 3289 5446 ipsi,
3312 5376 3405 5428 2t.

2036 5448 2113 5520 (6)
2155 5450 2239 5503 Ex
2261 5448 2428 5520 hom.
2457 5450 2519 5503 in
2548 5448 2704 5520 psal.
2733 5463 2920 5520 vaIu,
2957 5448 3078 5520 187.

2036 5515 2239 5647 μέϐἓίκ
2267 5519 2432 5576 hom.
2466 5515 2633 5591 Quod
2680 5518 3003 5577 mundanis
3040 5515 3474 5576 adhaerendum
3503 5532 3626 5575 non

1964 5592 2208 5663 sit,165.
