4084 6404
473 319 606 375 1263

1353 315 1372 327 ⁶
1411 313 1777 371 ΑΡΡΕΝΟΙΧ.
1818 343 1886 354 ——
1927 308 2270 369 SYMEONIS
2309 310 2832 370 METAPHRASTE

3706 319 3865 373 1264

467 459 536 499 ac
557 442 703 498 illud
733 441 1002 514 undique
1037 441 1593 511 constringentibus
1637 439 1894 496 elabitur
1918 437 1996 493 ad
2021 453 2097 510 po

2231 435 2552 510 μεταρῥυεὶς,
2611 438 2640 497 ἣ
2691 441 2816 511 πρὸς
2885 447 2958 511 τῷ
3030 440 3232 510 θανάτῳ
3288 443 3661 512 γεγενημένους
3732 438 3857 501 ἤδη

466 532 745 589 tentiores
758 531 1039 597 afﬂuens,
1060 537 1162 587 aut
1171 532 1296 602 jam
1315 536 1570 587 mortem
1592 528 2124 603 oppetentesdese-

463 622 556 694 rit,
580 637 694 678 nec
723 621 852 677 vult
872 637 995 676 una
1016 635 1153 676 eum
1183 621 1257 676 iis
1303 620 1406 693 qui
1447 621 1646 692 ipsum
1669 621 2122 692 compararunt,

463 727 715 785 peregre
741 710 1058 783 proﬁcisci.
1087 709 1201 766 Sed
1233 709 1292 785 hi
1313 709 1558 782 quidem
1592 709 1670 764 ab
1691 723 1783 776 eo,
1808 707 2124 780 quiviani-

461 781 598 858 mas
625 781 666 857 a
696 781 924 858 misera
948 800 1063 855 hac
1087 781 1270 856 carne
1283 781 1545 870 separat,
1565 798 1643 854 ad
1678 795 2124 853 ineluctabilem

461 890 884 961 migrationem
918 889 1108 947 tracti.
1140 888 1480 960 frequenter
1511 890 1924 944 convertentes
1951 902 2014 941 se
2045 885 2125 942 ad

459 980 772 1053 pecunias,
793 979 1043 1034 sudores
1063 993 1218 1050 quos
1242 994 1275 1033 a
1299 977 1613 1049 juventute
1629 975 1710 1032 ob
1727 992 1826 1032 eas
1847 975 2121 1045 emisere,

457 1069 813 1143 deplorant;
864 1066 1082 1123 divitiae
1106 1082 1252 1122 vero
1279 1067 1340 1122 in
1373 1067 1598 1123 alienas
1631 1081 1852 1121 manus
1875 1064 2122 1120 commi-

457 1163 652 1229 grant,
694 1162 1095 1231 posteaquam
1124 1155 1318 1212 solum
1365 1155 1480 1212 illis
1503 1154 1819 1224 colligendi
1849 1154 2121 1211 laborem

455 1253 634 1321 atque
689 1245 952 1302 avaritiae
997 1245 1224 1301 crimen
1257 1244 1596 1300 asciverint.
1647 1246 1850 1316 Neque
1900 1243 1946 1298 si
1983 1242 2120 1315 quis

452 1337 772 1392 innumera
821 1341 990 1392 terrae
1025 1335 1242 1406 jugera
1273 1333 1607 1406 possideat,
1659 1337 1716 1389 et
1762 1332 2120 1402 magniﬁcas

449 1426 632 1490 aedes,
663 1430 722 1482 et
764 1424 1168 1481 animantium
1203 1438 1416 1494 greges
1463 1422 1662 1478 omnis
1709 1422 1962 1492 generis,
1994 1421 2115 1478 fue-

447 1515 642 1588 ritque
659 1515 933 1571 humano
951 1511 1114 1568 omni
1130 1516 1446 1585 potentatu
1464 1515 1690 1584 septus,
1709 1510 1796 1566 his
1829 1515 2119 1584 perpetuo

447 1593 663 1660 fruitur
695 1621 708 1659 :
745 1601 848 1658 sed
872 1617 1086 1658 eorum
1109 1599 1396 1656 dominus
1417 1599 1588 1656 brevi
1613 1598 1808 1656 dictus
1824 1602 2115 1670 tempore,

447 1695 578 1751 aliis
605 1709 818 1750 rursus
841 1707 993 1764 opes
1041 1689 1219 1756 cedit,
1270 1690 1473 1762 ipsum
1507 1704 1648 1745 vero
1696 1690 1915 1758 exigua
1943 1686 2115 1744 tellus

2232 523 2631 597 καταλιμπάνει,
2673 532 2762 578 καὶ
2823 527 2916 579 οὐκ
2991 526 3148 580 ἐθέλει
3177 534 3287 590 τοῖς
3334 534 3692 602 κτησαμένοις
3727 550 3860 583 συν-

2232 609 2503 687 εκδημεῖν.
2561 614 2695 668 Ἀλλ’
2751 617 2799 668 οἱ
2843 618 2933 689 μὲν
2987 617 3087 668 ὑπό
3127 623 3220 669 τού
3249 619 3381 690 πρὸς
3421 616 3548 690 βίαν
3575 620 3860 694 χωρίζον-

2231 721 2314 764 τος
2350 706 2444 766 τὰς
2489 701 2672 776 ψυχὰς
2709 713 2804 767 τῆς
2857 705 3188 780 ταλαιπώρου
3229 709 3425 770 ταύτης
3465 713 3666 782 σαρκός
3699 709 3856 763 £7.16—

2232 811 2375 865 μενοι
2430 796 2557 865 πρὸς
2593 797 2686 852 τὴν
2732 793 3019 867 ἀναγκαίαν
3074 791 3220 866 ὁδόν,
3256 799 3427 849 πυκνά
3486 804 3858 874 μεταστρεφό-

2231 899 2376 953 μενοι
2413 884 2545 956 πρός
2581 885 2648 934 τὰ
2710 887 2990 956 χρήματα,
3022 888 3141 945 τοὺς
3202 882 3257 936 ἐκ
3312 889 3554 949 νεότητος
3608 886 3689 939 ἐπ’
3755 889 3857 942 αὖ·

2231 979 2336 1032 τοῖς
2386 967 2610 1044 ἱδρῶτας
2667 969 3133 1046 ἀποδακρύουσιν·
3191 975 3216 1026 ό
3280 973 3502 1039 πλοῦτος
3541 972 3601 1028 δε
3633 976 3709 1040 εἰς
3744 977 3855 1032 ἐτέ-

2229 1080 2330 1132 ρων
2395 1068 2584 1133 χεῖρας
2649 1063 2764 1134 όρᾷ,
2797 1067 2950 1135 μόνον
3009 1062 3218 1126 ἐκείνοις
3266 1067 3352 1116 τόν
3381 1064 3465 1117 ἐπὶ
3504 1072 3564 1138 τῇ
3605 1065 3851 1141 συλλογῇ

2229 1151 2435 1222 μόχθον
2477 1154 2569 1202 καὶ
2617 1153 2676 1203 τό
2731 1159 2830 1213 τῆς
2875 1150 3165 1215 πλεονεξίας
3215 1152 3450 1226 ἔγκλημα
3501 1155 3828 1229 προστριψά

2227 1258 2395 1311 μενος,
2459 1243 2591 1292 Οὔτε
2621 1240 2666 1293 εἰ
2703 1239 2786 1292 ἐπὶ
2814 1249 2913 1312 γῆς
2952 1239 3150 1317 πλέθρα
3213 1247 3466 1300 κτήσαιτό
3506 1263 3587 1306 τις
3645 1251 3853 1318 μυρία,

2227 1333 2316 1381 καὶ
2372 1327 2779 1404 μεγαλοπρεπεῖς
2844 1330 3032 1397 οἰκίας,
3091 1336 3182 1383 καὶ
3239 1331 3385 1392 ζώων
3457 1330 3646 1404 ἀγέλας
3699 1355 3853 1388 παν-

2227 1415 2489 1490 τοδαπῶν,
2531 1425 2616 1472 κτὶ
2672 1424 2767 1478 τὴν
2822 1418 2870 1472 ἐν
2919 1419 3211 1495 ἀνθρώποις
3233 1421 3444 1474 ἅπασαν
3468 1422 3852 1498 περιϐάλλοιτο

2229 1504 2560 1570 δυναστείαν,
2599 1507 2852 1561 ἀπολαύοι
2907 1505 2978 1562 δι’
3028 1510 3215 1572 αἰῶνος
3267 1510 3473 1563 αὐτῶν·
3532 1510 3610 1564 ἐπ’
3657 1513 3850 1586 ὀλίγον

2227 1595 2286 1650 δὲ
2332 1602 2511 1673 κύριος
2564 1601 2756 1651 τούτων
2946 1599 3275 1673 ὁνομασθεὶς,
3326 1601 3501 1663 ἄλλοις
3529 1602 3687 1655 πάλιν
3752 1612 3850 1667 τῆς

2225 1687 2468 1761 εὐπορίας
2514 1686 2850 1757 ἐπιστήσεται,
2907 1687 3170 1763 βραχεῖαν
3224 1698 3325 1761 γῆν
3384 1690 3542 1752 αύτός
3599 1689 3844 1757 ὑποδύς.

443 1782 738 1840 recondit.
769 1785 895 1836 lmo
915 1779 1098 1836 etiam
1117 1794 1276 1851 saepe
1304 1784 1442 1834 ante
1467 1777 1930 1851 sepulturam,et
1952 1781 2088 1832 ante

2225 1776 2477 1840 Πολλάκις
2525 1773 2584 1830 δὲ
2631 1782 2722 1829 καὶ
2753 1781 2853 1853 πρό
2893 1786 2984 1831 τοῦ
3040 1780 3226 1851 τάφου,
3282 1784 3372 1832 καὶ
3407 1782 3510 1856 πρὸ
3539 1788 3639 1843 τῆς
3669 1781 3852 1836 ἐντεῦο

442 1888 631 1946 quam
684 1871 827 1928 hinc
883 1868 1176 1936 discedat,
1226 1867 1454 1924 videbit
1480 1883 1591 1923 sua
1619 1866 1782 1924 bona
1829 1866 1909 1923 ad
1939 1865 2109 1936 alios,

441 1977 668 2035 eosque
699 1961 955 2017 fortasse
987 1959 1288 2024 inimicos,
1319 1957 1601 2015 transire.
1646 1961 1737 2014 An
1758 1957 2112 2027 ignoramus

439 2069 628 2126 quam
657 2051 830 2107 multi
856 2050 1008 2120 agri,
1039 2065 1229 2122 quam
1263 2048 1468 2104 multae
1487 2047 1672 2116 aedes,
1695 2062 1884 2119 quam
1907 2045 2109 2102 multm

439 2146 646 2214 gentes
668 2157 739 2197 ac
762 2139 1053 2208 civitates,
1081 2140 1266 2194 etiam
1309 2137 1509 2194 adhuc
1539 2135 1880 2193 viventibus
1909 2137 2012 2208 qui
2037 2151 2110 2191 ea

437 2229 1123 2305 possederunt,aliorum
1139 2227 1528 2283 dominorum
1544 2226 1794 2282 nomina
1806 2225 2109 2298 prioribus

435 2320 629 2376 exutis
651 2317 1004 2374 induerint?
1025 2320 1083 2372 et
1102 2315 1628 2388 quemadmodum
1645 2315 1684 2370 ii
1703 2314 1806 2388 qui
1828 2314 1971 2370 olim
1989 2331 2108 2369 ser-

431 2409 602 2465 vituti
615 2404 1548 2474 addicebantur,conscenderint
1563 2403 1935 2476 principatus
1947 2403 2105 2460 thro-

431 2513 580 2554 num
608 2515 622 2553 :
656 2497 760 2569 qui
780 2510 924 2551 vero
945 2493 1177 2550 domini
1198 2493 1447 2565 herique
1467 2492 1861 2558 vocabantur,
1890 2493 1938 2548 si
1962 2508 2104 2548 cum

434 2587 696 2644 subditis
720 2586 1014 2655 sederent,
1041 2584 1194 2640 bene
1222 2600 1428 2640 secum
1455 2589 1658 2640 actum
1677 2583 1944 2640 arbitrati
1965 2583 2101 2652 sint,

433 2693 503 2734 ac
523 2675 956 2734 succubuerint
977 2675 1104 2730 suis
1127 2674 1399 2747 ipsorum
1415 2673 1838 2740 servis,rebus,
1857 2673 2020 2729 velut
2041 2673 2103 2730 in

430 2774 796 2827 tesserarum
822 2766 1214 2831 circumactu,
1233 2765 1554 2835 derepente
1571 2763 1988 2820 transmutatis
2004 2762 2033 2818 ‘I

503 2863 556 2914 5.
600 2858 674 2927 (1)
704 2855 1206 2926 Quandocnnque
1228 2852 1482 2908 herbam
1507 2853 1628 2908 feni
1648 2852 1932 2908 etﬂorem
1958 2868 2101 2908 con-

430 2945 932 3022 spexeris,veniat
949 2944 1049 3001 tibi
1065 2945 1126 3000 in
1141 2947 1403 3000 mentem
1416 2942 1688 2998 humana
1701 2942 2104 3012 natura,hanc

430 3037 718 3112 sapientis
752 3036 918 3092 Isaiae
949 3033 1280 3103 imaginem
1311 3033 1654 3089 recordanti
1686 3049 1700 3088 :
1736 3033 1938 3088 Omnis
1959 3047 2103 3090 caro

2225 1869 2305 1920 θεν
2387 1865 2818 1937 ἀπαναστάσεως,
2910 1867 2980 1930 εἰς

2484 1960 2578 2015 τὴν
2649 1956 2935 2030 εὐπραγίαν
3010 1956 3192 2029 ὄψεται
3265 1957 3710 2032 μεταϐαίνουσαν.
3771 1961 3842 2016 ἸΙ

3085 1867 3310 1944 ἐτέρους,
3379 1874 3470 1922 καὶ
3548 1869 3847 1943 πολεμίους

2220 1959 2407 2028 τυχὸν,

2220 2045 2312 2098 οὐκ
2354 2049 2526 2118 ἴσμεν,
2571 2047 2759 2098 ὀπόσοι
2816 2049 2906 2118 μεν
2961 2045 3144 2121 ἀγροὶ,
3175 2051 3341 2100 πόσαι
3377 2044 3436 2101 δε
3464 2047 3652 2118 οἰκίαι,
3683 2057 3846 2106 πόσα

2220 2131 2280 2188 δὲ
2336 2137 2451 2194 ἔθνη
2507 2140 2598 2188 καὶ
2652 2135 2844 2200 πόλεις,
2891 2141 2981 2188 καὶ
3020 2137 3225 2197 ζώντων
3251 2140 3330 2208 (3)
3359 2140 3432 2190 ἔτι
3477 2146 3577 2191 τῶν
3630 2158 3845 2199 κτησα·

2217 2228 2399 2296 μένων,
2459 2224 2642 2298 ἐτέρων
2725 2223 2950 2298 ὀνόματα
3005 2229 3436 2298 μετημφιάσαντο
3504 2223 3832 2301 δεσποτῶν;

2215 2317 2304 2366 καὶ
2351 2315 2415 2374 ὡς
2471 2314 2520 2366 οἱ
2574 2315 2664 2386 μὲν
2719 2313 2883 2366 πάλαι
2925 2311 3269 2386 δουλεύοντες,
3291 2314 3374 2368 ἐπὶ
3401 2319 3487 2368 τόν
3519 2325 3618 2380 τῆς
3645 2316 3840 2393 ἀρχῆς

2216 2405 2393 2476 θρόνον
2424 2400 2716 2462 ἀνέϐησαν·
2760 2405 2810 2455 οἱ
2865 2400 2925 2457 δε
2963 2407 3137 2478 κύριοι
3189 2410 3278 2458 καὶ
3329 2401 3590 2459 δεσπόται
3634 2409 3834 2462 καλού-

2212 2513 2375 2566 μενοι,
2431 2502 2616 2552 στῆναι
2659 2496 2790 2566 μετά
2853 2503 2953 2546 τῶν
2998 2493 3302 2568 ἀρχομένων
3361 2496 3672 2568 ἠγάπησαν,
3734 2507 3829 2554 καί

2211 2590 2318 2645 τοῖς
2383 2583 2574 2636 ἑαυτῶν
2657 2581 2860 2645 δούλοις
2927 2585 3218 2656 ὑπέκυψαν,
3287 2588 3460 2663 ὥσπερ
3529 2586 3582 2640 ἐν
3648 2589 3816 2641 κύϐων

2211 2681 2567 2748 περιτροπαῖς,
2644 2675 3011 2746 μεταχθέντων
3113 2676 3256 2748 ἄφνω
3327 2684 3427 2728 τῶν
3500 2681 3814 2751 πραγμάτων

2211 2762 2421 2829 αύτοῐς;

2285 2854 2359 2925 (5)
2392 2852 2551 2906 Ὀταν
2595 2850 2719 2928 εδες
2782 2853 3011 2926 βοτάνην
3041 2859 3242 2928 χόρτου
3300 2861 3388 2909 καὶ
3427 2857 3706 2926 amb“;
3755 2864 3833 2913 ἔν’

2209 2962 2351 2996 νοιαν
2427 2945 2590 3018 ἔρχου
2653 2953 2747 3006 τῆς
2804 2941 3128 3018 ἀνθρωπίνης
3195 2948 3414 3018 φύσεως,

2210 3041 2302 3094 τῆς
2358 3031 2551 3095 εἰκόνος
2591 3040 2684 3085 τοῦ
2754 3041 2915 3105 σοφοῦ
2945 3033 3186 3102 Ἠσαίου,
3219 3036 3301 3086 ὅτι
3368 3041 3524 3088 Πᾶσα
3574 3038 3715 3110 σὰρξ
3739 3043 3833 3102 ,ὡς

3495 2954 3832 3022 μεμνημένος

428 3134 496 3184 ut
504 3129 798 3198 fenum,et
810 3125 1004 3182 omnis
1016 3125 1218 3194 gloria
1237 3122 1348 3194 53
1361 3123 1412 3194 5
1430 3123 1687 3178 hominis
1701 3123 1886 3194 utﬂos
1896 3123 2098 3192 feni”.

2215 3125 2424 3198 χόρτος,
2485 3127 2575 3176 καὶ
2619 3128 2767 3175 πᾶσα
2812 3119 2944 3186 δόξα
3006 3121 3280 3198 ἀνθρώπου
3346 3127 3411 3186 ὡς
3472 3127 3631 3189 ἄνθος
3687 3135 3831 3206 χόρο

429 3215 580 3272 Nam
603 3215 738 3271 vitte
767 3213 1059 3278 brevitas,
1097 3215 1153 3267 et
1180 3209 1598 3282 prosperitatis
1629 3210 1916 3267 humanm
1945 3210 2099 3267 laeti-

429 3307 531 3375 tia,
552 3304 948 3377 hilaritasque
961 3300 1128 3358 haud
1151 3300 1255 3356 diu
1276 3299 1568 3356 duratura
1593 3299 2098 3358 accommodatis-

429 3397 650 3453 simam
683 3393 847 3466 apud
873 3391 1234 3465 pmphetam
1260 3391 1471 3447 sortita
1497 3395 1584 3446 est
1617 3390 2094 3448 similitudinem.

430 3485 615 3542 Hodie
644 3483 750 3557 qui
788 3484 964 3538 tloret
1006 3496 1280 3554 corpore,
1325 3480 1432 3553 qui
1478 3496 1602 3553 prae
1625 3480 1853 3538 deliciis
1883 3496 2097 3538 carno-

429 3591 533 3631 sus
553 3578 662 3644 est,
681 3571 786 3645 qui
808 3571 1069 3628 colorem
1099 3586 1220 3644 prae
1238 3570 1427 3626 aetatis
1449 3569 1597 3627 ﬂore
1619 3569 2094 3636 efﬂorescentem

429 3680 549 3738 prae
569 3679 631 3719 se
661 3662 796 3730 fert,
828 3661 933 3734 qui
961 3661 1124 3731 viget
1157 3663 1214 3715 et
1256 3675 1396 3716 acer
1429 3664 1534 3731 est,
1583 3664 1641 3716 et
1684 3659 1858 3731 cujus
1887 3659 2096 3733 nequit

429 3752 708 3810 sustineri
744 3752 1028 3824 impetus,
1080 3750 1178 3806 hic
1231 3749 1393 3806 idem
1437 3765 1571 3805 cras
1597 3749 1957 3806 miserabilis
1980 3755 2092 3821 est,

429 3849 532 3901 aut
552 3848 821 3916 tempore
841 3840 1169 3910 marcidus,
1184 3843 1288 3896 aut
1308 3840 1524 3896 morbo
1543 3839 1906 3896 dissolutus;
1926 3840 2094 3906 Quis-

425 3933 593 4006 piam
614 3931 960 3988 divitiarum
993 3930 1172 4003 copia
1207 3928 1505 3996 inclaruit,
1535 3929 1860 4002 ipsumque
1889 3928 2097 3987 adula-

427 4030 628 4078 torum
661 4021 1009 4077 circumstat
1042 4017 1366 4075 multitudo
1392 4037 1404 4073 :
1432 4017 1606 4074 adest
1636 4019 1917 4075 ﬁctorum
1945 4019 2090 4076 ami-

428 4128 662 4178 corum,
691 4109 948 4180 gratiam
1000 4109 1158 4166 illius
1194 4107 1566 4175 venantium,
1592 4107 1951 4165 comitatus:
1984 4108 2094 4165 fre-

427 4205 682 4274 quentes
713 4204 854 4255 sunt
883 4198 1343 4270 consanguinei,
1379 4198 1542 4269 iique
1574 4196 1974 4254 simulationis
2006 4214 2096 4254 ar-

427 4291 610 4347 tiﬁcio
635 4288 849 4345 eruditi
885 4305 898 4345 :
934 4289 1105 4344 adest
1126 4302 1346 4358 agmen
1371 4286 1728 4357 sequacium
1749 4285 2094 4344 innumero-

425 4396 584 4445 rum,
600 4379 936 4453 quipartim
955 4375 1214 4450 parandi
1243 4375 1359 4431 sibi
1389 4375 1599 4446 gratia,
1616 4375 1831 4447 partim
1847 4376 2092 4434 obalias

426 4469 812 4527 necessitates
841 4468 955 4540 ipsi
985 4471 1213 4558 astant:
1233 4481 1388 4558 quos
1415 4464 1562 4520 dum
1594 4469 1652 4520 et
1675 4464 2090 4532 abiens,etite-
2123 4502 2168 4558 Β

425 4575 561 4616 rum
578 4558 842 4624 rediens,
863 4573 1068 4613 secum
1094 4555 1292 4624 trahit,
1306 4555 1367 4610 in
1401 4571 1462 4611 se
1481 4555 1918 4612 occurrentium
1946 4571 2089 4613 con-

427 4651 567 4706 citat
595 4649 906 4705 invidiam.
936 4647 1102 4702 Adde
1130 4645 1354 4701 divitiis
1373 4644 1552 4700 etiam
1575 4645 1808 4701 civilem
1823 4645 2090 4720 aliquam

425 4743 806 4812 potestatem,
847 4741 952 4792 aut
993 4735 1174 4791 etiam
1213 4734 1429 4791 dilatos
1457 4750 1495 4791 a
1534 4734 1775 4805 regibus
1804 4734 2086 4809 honores,

427 4833 532 4884 aut
560 4827 826 4897 gentium
857 4824 1380 4897 gubernationem,
1395 4829 1498 4880 aut
1518 4823 1890 4881 exercituum
1905 4824 2092 4899 impe-

425 4917 606 4982 rium,
633 4931 980 4988 praeconem
1012 4930 1238 4987 magna
1258 4929 1404 4971 voce
1433 4918 1572 4971 ante
1596 4913 1800 4986 ipsum
1826 4912 2090 4972 claman-

425 5004 823 5076 tem,lictores
844 5005 985 5060 hinc
1011 5010 1066 5060 et
1102 5004 1244 5061 inde
1285 5002 1542 5060 subditis
1572 5003 1848 5060 timorem
1869 5005 2091 5074 gravis-

427 5097 652 5154 simum
673 5094 1018 5166 inferentes,
1034 5094 1271 5168 plagas,
1297 5093 1739 5166 publicationes
1759 5091 2086 5165 bonorum,

497 5304 547 5341 ⁷ο
587 5306 702 5362 lsa.
733 5318 821 5372 XL,
854 5305 914 5358 6.

500 5509 579 5578 (l)
626 5510 709 5564 Ex
737 5508 903 5565 hom.
935 5507 1053 5564 vin
1082 5505 1397 5578 Hexaem,
1425 5507 1513 5560 41.

498 5575 578 5649 (2)
619 5582 809 5654 Κύριος
837 5581 1051 5654 τούτων.
1104 5577 1199 5654 Sic
1243 5575 1434 5654 codex
1462 5575 1700 5654 Regius,
1743 5575 2087 5654 mu_lto__me-

429 5646 753 5721 ius,'quain
772 5649 944 5725 quod
970 5649 1033 5708 in
1058 5648 1235 5708 editis
1259 5661 1333 5706 ac
1359 5647 1496 5723 ipso
1524 5650 1808 5707 contextu
1839 5646 2076 5719 legitur,

2207 3231 2320 3264 του.
2375 3215 2444 3264 Τό
2491 3213 2594 3287 γὰρ
2640 3211 3001 3288 ὀλιγοχρόνιον
3031 3222 3120 3274 τῆς
3165 3213 3324 3284 ζωῆς,
3359 3218 3535 3268 καὶτὸ
3567 3214 3616 3268 ἐν
3659 3217 3831 3291 ὀλίγῳ

2207 3303 2490 3376 περιχαρὲς
2563 3305 2654 3354 καὶ
2724 3301 2898 3375 ἱλαρὸν
2966 3308 3061 3364 τῆς
3131 3300 3459 3376 ἀνθρωπίνης
3511 3303 3826 3380 εὐημερίας,

2207 3392 2533 3464 κυριωτάτης
2571 3392 2716 3466 παρά
2744 3398 2816 3460 τῷ
2841 3395 3080 3464 προφήτῃ
3143 3394 3406 3464 τετύχηκε
3462 3401 3556 3456 τῆς
3594 3394 3823 3460 εἰκόνος,

2203 3479 2263 3532 .0
2310 3485 2536 3556 σήμερον
2593 3480 2816 3542 εὐθαλὴς
2870 3481 2943 3552 τῷ
2990 3486 3216 3554 σώματι,
3281 3490 3827 3558 κατασεσαρκωμένος

2205 3571 2305 3621 ύπὸ
2369 3577 2592 3642 τρυφῆς,
2629 3567 2951 3622 ἐπανθοῦσαν
2999 3573 3135 3642 ἔχων
3173 3574 3267 3630 τὴν
3294 3573 3545 3645 εὔχροιαν
3584 3574 3688 3627 ὑπὸ
3721 3584 3824 3638 τῆς

2204 3660 2340 3711 κατὰ
2390 3663 2484 3717 τὴν
2551 3658 2755 3718 ἠλικίαν
2831 3657 3026 3732 ἀκμῆς,
3095 3668 3328 3734 σφριγῶν
3395 3665 3487 3713 καὶ
3548 3664 3821 3733 σύντονος,

2203 3751 2294 3800 καὶ
2363 3745 2718 3810 ἀνυπόστατος
2781 3753 2874 3807 τὴν
2931 3749 3116 3823 ὁρμὴν,
3193 3752 3373 3822 αὔριον
3431 3749 3590 3813 αὐτὸς
3662 3753 3824 3817 οὗτος

2205 3837 2434 3904 ἐλεεινός,
2473 3837 2503 3896 ᾖ
2571 3845 2644 3908 τῷ
2686 3841 2865 3913 χρόνῳ
2911 3840 3209 3914 μαρανθεὶς,
3259 3839 3290 3898 ἦ
3332 3843 3470 3912 νόσῳ
3519 3837 3819 3907 διαλυθεὶς.

2202 3925 2260 3980 Ὀ
2328 3922 2474 3979 δεῖνα
2535 3925 2871 4002 περίϐλεπτος
2932 3926 3017 3980 ἐπὶ
3046 3931 3338 4004 χρημάτων
3364 3935 3665 4004 περιουσίᾳ,
3721 3939 3821 3987 καὶ

2202 4015 2399 4079 πλῆθος
2447 4021 2567 4092 περὶ
2615 4016 2772 4070 αύτόν
2807 4016 3069 4070 κολάκων·
3129 4014 3421 4094 δορυφορία
3458 4019 3618 4092 φίλων
3648 4042 3824 4097 προσ-

2202 4113 2450 4177 ποιητῶν,
2499 4110 2594 4165 τήν
2634 4104 2722 4158 ἀπ’
2763 4106 2926 4159 αὐτοῦ
2969 4109 3133 4182 χάριν
3167 4109 3582 4182 θεραπευόντων·
3615 4111 3825 4175 πλῆθος

2206 4200 2523 4267 συγγενείας,
2564 4200 2654 4248 καὶ
2700 4199 2894 4256 ταύτης
2942 4203 3512 4270 κατεσχηματισμένης
3549 4217 3562 4230 ·
3656 4198 3826 4274 ἐσμὸς

2202 4292 2302 4337 τῶν
2359 4283 2674 4357 ἐφεπομένων
2727 4289 2939 4359 μυρίος,
2987 4293 3087 4338 τῶν
3126 4305 3179 4338 τε
3220 4285 3304 4339 ἐπὶ
3353 4293 3534 4340 σιτίων
3581 4294 3676 4342 καὶ
3711 4301 3823 4344 τῶν

2202 4374 2315 4426 κατ’
2380 4373 2534 4435 ἄλλας
2582 4379 2764 4447 χρείας
2813 4374 2955 4446 αὐτῷ
3017 4371 3468 4452 προσεδρευόντων
3501 4393 3516 4408 ⁸
3562 4377 3654 4442 οὓς
3721 4387 3823 4436 καὶ

2200 4467 2394 4536 προῖὼν
2454 4467 2545 4515 καί
2606 4461 2760 4515 πάλιν
2827 4461 3043 4515 ἐπανιὼν
3097 4468 3185 4516 καὶ
3253 4463 3647 4541 ἐπισυρόμενος,
3701 4467 3822 4522 ἐπί-

2201 4555 2380 4625 φθονός
2405 4551 2519 4605 ἐστι
2572 4561 2681 4615 τοῖς
2730 4552 3138 4625 ἐντυγχάνουσι.
3199 4557 3430 4626 Πρόσθες
3473 4564 3544 4627 τῷ
3594 4556 3820 4632 πλούτῳ

2199 4647 2286 4694 καὶ
2342 4642 2616 4702 πολιτικὴν
2674 4639 3005 4706 δυναστείαν,
3069 4645 3098 4704 ᾖ
3161 4648 3251 4695 καὶ
3293 4646 3379 4705 τὰς
3433 4643 3489 4697 ἐκ
3542 4643 3818 4718 βασιλέων

2197 4734 2374 4806 τιμὰς,
2425 4733 2455 4791 ᾖ
2515 4731 2670 4786 ἐθνῶν
2723 4732 3034 4806 ἐπιμέλειαν,
3102 4734 3131 4792 ἦ
3194 4731 3566 4807 στρατοπέδων
3609 4737 3814 4810 ἡγεμο-

2195 4827 2330 4892 νίαν,
2390 4826 2476 4876 τόν
2539 4827 2747 4896 κήρυκα
2793 4827 2931 4895 μέγα
2993 4825 3094 4896 πρὸ
3170 4822 3330 4876 αὐτοῦ
3380 4822 3608 4896 βοῶντα,
3686 4833 3816 4889 τοὺς

2195 4908 2538 4986 ῥαϐδούχους
2584 4913 2720 4964 ἔνθεν
2769 4915 2860 4963 καὶ
2904 4913 3039 4964 ἔνθεν
3105 4910 3410 4986 βαρυτάτην
3477 4915 3812 4978 κατάπληξιν

2196 5008 2308 5064 τοῖς
2372 4999 2690 5075 ἀρχομένοις
2730 4999 3095 5072 ἐμϐάλλοντας,
3156 5003 3246 5061 τὰς
3297 5001 3525 5074 πληγὰς,
3584 5006 3681 5067 τὰς
3712 5002 3780 5062 δη

2196 5093 2426 5163 μεύσεις,
2495 5092 2584 5152 τὰς
2639 5088 3041 5162 ἀπαγωγὰς,τὰ
3091 5087 3457 5166 δεσμωτήρια,
3499 5092 3554 5156 ἐξ
3585 5095 3655 5146 ὧν
3681 5093 3792 5164 ἀγό-

2195 5500 2297 5554 ἀπὸ
2326 5501 2543 5567 τούτων,
2573 5499 2650 5556 ab
2681 5498 2773 5557 his
2802 5503 3044 5569 accepto
3069 5500 3328 5556 nomine.

2262 5574 2342 5644 (3)
2379 5576 2611 5626 Ζώντων.
2653 5570 2823 5628 Hanc
2860 5587 3072 5629 vocem
3103 5569 3454 5628 addidimus
3488 5587 3560 5628 ex
3587 5573 3817 5634 codice

2193 5642 2376 5715 Regio
2405 5658 2480 5701 ex
2509 5646 2812 5703 contextu.
