4084 6404
315 313 456 370 1265

1572 311 1805 372 ΞΕΒΜΟ
1846 312 1936 369 XI.
1961 339 2028 353 -—
2050 312 2142 368 DE
2179 312 2436 371 MORTE.

3548 310 3569 366 i
3582 311 3690 367 266

309 454 469 510 puro;
518 438 545 490 6
593 446 695 491 τῶν
746 436 1067 512 ὑποχειρίων
1117 439 1518 512 συναθροίζεται
1579 436 1756 512 φόϐος.
1816 440 1904 491 Καὶ

2020 432 2548 511 bxsilia,vincula,
2604 453 2635 495 e
2673 435 2900 511 quibus
2948 431 3341 492 intolerabilis
3392 431 3491 491 ille
3546 433 3688 492 sub-

309 530 363 578 τί
384 529 514 599 μετὰ
542 534 736 592 retire;
791 531 903 580 Μία
945 525 1056 593 νύξ,
1108 529 1197 579 καὶ
1242 530 1463 601 πυρετός
1518 528 1605 592 εἷς,
1640 526 1669 585 ἦ
1702 525 1916 601 πλευρῖ-

309 634 391 678 τις
422 659 438 684 ,
504 616 535 676 ᾖ
602 620 1006 690 περιπνευμονίαι
1036 659 1052 684 ,
1114 617 1447 692 ἀνάρπαστον
1520 616 1573 679 ἑξ
1637 615 1916 691 ἀνθρώπων

311 702 599 778 ἀπάγουσα
649 708 738 758 τόν
795 704 1063 782 ἀνθρωπον
1115 709 1343 779 οἴχεται,
1412 712 1587 760 πᾶσαν
1647 710 1737 764 τὴν
1799 704 1916 758 κατ’

313 794 469 847 αύτόν
502 800 700 855 σκηνὴν
755 795 1000 859 ἐξαπίνης
1053 794 1502 871 ἀπο-γυμνώσασα,
1563 816 1653 849 και
1701 797 1731 855 ἠ
1784 792 1917 858 δόξα

312 882 478 942 ἐκείνη
563 886 736 960 ὥσπερ
808 883 1041 938 ὶνύπνιον
1103 884 1416 959 ἀπηλέγχθη
1445 928 1458 942 .
1523 885 1685 939 Ὠστε
1750 883 1917 938 ἕπιτί-

308 990 519 1024 τευκται
547 980 621 1044 τῷ
659 977 899 1047 προφήτῃ
950 975 980 1033 ἡ
1034 977 1166 1050 πρὸς
1216 978 1275 1027 τό
1333 970 1718 1050 ἁδρανέστατον
1759 974 1915 1035 ἄνθος

309 1067 401 1121 τῆς
441 1059 763 1137 ἀνθρωπίνης
786 1059 964 1126 ’δόξης
995 1064 1268 1137 ὁμοίωσις.

380 1152 433 1205 6.
465 1148 619 1203 Ἀλλὰ
654 1155 770 1204 τίνα
804 1153 931 1224 ἡμῖν
967 1152 1304 1229 εὐπρόσωπον
1352 1153 1525 1208 αἰτίαν
1578 1161 1668 1214 τῆς
1714 1147 1911 1225 φειδω-

306 1236 424 1301 λίας
480 1241 528 1292 οἱ
575 1245 694 1316 περὶ
744 1245 839 1300 τὴν
887 1244 1026 1305 ζωήν
1078 1246 1275 1302 ταύτην
1337 1241 1644 1316 ἐπτοημένοι
1680 1240 1910 1316 προϐάλ-

304 1325 518 1395 λονταις
553 1329 629 1382 Ού
686 1329 839 1383 πωλῶ
883 1334 947 1384 τὰ
994 1332 1324 1408 ὑπάρχοντα,
1376 1329 1500 1386 ούδὶ
1553 1328 1755 1404 δίδωμι
1801 1337 1912 1392 τοῖς

303 1426 561 1489 πτωχοῖς,
613 1415 709 1472 διὰ
752 1422 848 1484 τὰς
888 1420 1175 1493 ἀναγκαίας
1229 1427 1419 1499 χρείας
1462 1429 1554 1475 τοῦ
1602 1420 1746 1495 βίον·
1801 1419 1910 1474 ἀλλ’

308 1504 609 1569 ἀπολαύσας
649 1508 818 1562 αὐτῶν
864 1514 1009 1586 παρὰ
1053 1513 1230 1565 πᾶσάν
1271 1531 1372 1585 μου
1416 1516 1510 1570 την
1555 1511 1718 1583 ζωὴν,
1780 1513 1912 1584 μετὰ

305 1599 401 1655 τὴν
436 1595 668 1657 τελευτήν
698 1605 791 1651 τοῦ
822 1598 967 1673 βίου,
1001 1596 1302 1673 διαδόχους
1336 1606 1632 1674 ποιήσομαι
1669 1609 1770 1654 τῶν
1797 1599 1911 1674 ἐμοὶ

304 1691 604 1759 προσόντων
654 1692 776 1752 τοὺς
839 1694 1079 1752 πένητας.
1140 1698 1264 1744 Ὅτε
1328 1691 1502 1746 ούκίτι
1565 1694 1656 1766 ἔσῃ
1712 1690 1761 1743 ἐν
1825 1688 1910 1743 ἀν-

2023 526 2323 597 jectorum
2352 534 2551 585 melus
2587 526 2938 585 concrescit.
2972 523 3126 592 Quid
3147 538 3291 579 vero
3334 527 3477 596 post
3522 524 3639 580 hoc
3660 523 3689 581 ?

2027 632 2153 674 una
2182 635 2323 686 nox,
2357 624 2463 677 aut
2484 636 2608 677 una
2641 618 2845 689 febris,
2862 621 2965 675 aut
2994 616 3289 691 pleuritis,
3315 620 3419 671 aut
3447 615 3685 689 pulmo-

2025 707 2120 763 nis
2148 706 2572 779 inﬂammatio,
2629 709 2793 766 hunc
2843 706 3155 763 hominem
3201 721 3275 761 ex
3334 703 3685 760 hominibus

2025 797 2344 871 abreptum
2391 798 2661 866 abducit,
2706 798 2865 855 illico
2921 812 3167 855 omnem
3224 794 3385 852 illius
3435 809 3685 851 scenam

2023 886 2235 957 nudat,
2263 893 2443 962 atque
2473 888 2665 960 gloria
2687 886 2788 945 illa
2816 903 2926 944 ceu
2948 886 3257 944 somnium
3278 900 3410 941 esse
3439 883 3685 941 convin-

2023 977 2193 1043 citur.
2238 979 2434 1044 Quare
2482 983 2621 1052 apte
2685 977 2981 1053 propheta
3034 976 3371 1032 humanam
3424 973 3683 1046 gloriam

2023 1083 2162 1124 cum
2185 1067 2561 1125 debilissimo
2582 1068 2728 1125 ﬂore
2753 1065 3152 1141 comparavit.

2093 1162 2144 1214 6.
2160 1158 2240 1226 (3)
2272 1157 2391 1214 Sed
2419 1174 2756 1231 quemnam
2775 1157 3114 1231 speciosam
3132 1153 3525 1228 parcimoniaa
3538 1169 3682 1211 cau-

2023 1263 2161 1304 sam
2190 1247 2368 1303 nobis
2389 1247 2648 1304 afferunt
2674 1247 2715 1303 ii
2745 1247 2849 1320 qui
2870 1245 3103 1303 attoniti
3124 1244 3308 1316 hujus
3330 1245 3465 1300 vitae
3500 1242 3683 1300 rebus

2021 1337 2457 1413 adeoinhiant?
2482 1342 2611 1395 Non
2628 1341 2827 1395 vendo
2847 1354 2986 1411 quae
3007 1336 3430 1409 habeo,neque
3441 1334 3520 1391 do
3534 1350 3683 1407 pau-

2019 1426 2287 1500 peribus,
2305 1427 2385 1483 ob
2401 1427 2774 1484 necessarios
2790 1427 2928 1483 vitae
2944 1442 3116 1482 usus.
3143 1425 3258 1484 Sed
3280 1429 3680 1498 posteaquam

2019 1515 2243 1573 divitiis
2258 1515 2474 1573 fruitus
2503 1516 2674 1573 fuero
2694 1531 2802 1589 per
2816 1531 3064 1573 omnem
3079 1515 3269 1572 vitam
3298 1529 3519 1584 meam,
3544 1518 3683 1587 post

2017 1604 2205 1663 ﬁnem
2233 1605 2371 1662 vitm
2403 1622 2553 1662 mea:
2584 1621 2883 1679 pauperes
2914 1604 3279 1661 constituam
3303 1603 3575 1660 hieredes
3595 1602 3681 1658 fa-

2019 1695 2312 1753 cultatum
2341 1712 2640 1753 mearum.
2678 1696 2825 1752 Cum
2846 1695 2978 1767 jam
3008 1710 3135 1752 non
3177 1693 3501 1751 versabere
3526 1692 3681 1750 inter

307 1775 557 1848 θρώποις,
614 1782 732 1832 τότε
775 1784 971 1854 γενήσῃ
1028 1780 1405 1857 φιλάνθρωπος*
1464 1783 1587 1835 ὅταν
1633 1785 1809 1857 νεκρόν
1850 1799 1904 1834 σε

2017 1784 2317 1857 homines,
2336 1791 2464 1842 tum
2480 1786 2792 1843 humanus
2817 1785 2924 1842 ﬁes
2951 1784 3318 1856 etliberalis;
3352 1799 3494 1840 cum
3519 1798 3681 1839 mor-

302 1860 427 1935 ἵδω,
479 1870 593 1920 τότε
650 1871 776 1921 εἴπω
829 1865 1158 1943 φιλάδελφον.
1219 1870 1388 1930 Πολλὴ
1445 1890 1527 1924 σοι
1593 1872 1752 1945 χάρις
1809 1878 1907 1932 τῆς

303 1952 618 2027 φιλοτιμίας,
668 1958 750 2010 ὅτι
792 1955 842 2009 ἄν
888 1965 962 2029 τῷ
1012 1963 1249 2031 μνήματι
1287 1963 1538 2033 κείμενος,
1584 1964 1675 2012 καὶ
1704 1960 1776 2022 εἰς
1803 1968 1905 2032 γῆν

303 2039 592 2113 διαλυθεὶς,
624 2042 785 2122 ἁδρὸς
821 2051 940 2121 γίνῃ
999 2055 1117 2111 ταῖς
1168 2045 1430 2112 δαπάναις
1485 2053 1573 2102 καὶ
1599 2049 1905 2124 μεγαλόψυ-

300 2150 425 2203 χος.
466 2137 653 2202 Ποίων,
687 2134 797 2188 εἱπὲ
831 2155 943 2209 μοι,
973 2145 1167 2212 καιρῶν
1219 2140 1337 2199 τούς
1392 2141 1618 2212 μισθούς
1670 2138 1903 2200 ἀπαιτή-

303 2239 431 2283 σεις,
482 2230 583 2274 τῶν
626 2222 675 2275 ὶν
734 2232 797 2297 τῇ
843 2224 975 2299 ζωῇ,
1030 2227 1060 2286 ἦ
1119 2235 1219 2279 τῶν
1274 2230 1407 2301 μετὰ
1432 2232 1525 2287 τὴν
1566 2228 1899 2299 ἀποϐίωσιν;

301 2308 441 2363 Ἀλλ’
468 2311 523 2364 ὃν
551 2316 642 2385 μὲν
673 2316 797 2378 ἔζης
833 2320 1049 2390 χρόνον,
1083 2314 1497 2387 καθηδυπαθῶν,
1530 2322 1622 2371 καὶ
1664 2328 1727 2394 τῇ
1771 2339 1902 2395 τρυ-

299 2407 366 2473 φῇ
402 2396 676 2476 διαρρέων,
727 2400 852 2457 οὐδε
909 2404 1250 2480 προσϐλέπειν
1305 2408 1523 2481 ἠνείχου
1570 2412 1691 2472 τοὺς
1745 2412 1904 2469 πένη-

296 2507 412 2551 τας·
472 2488 818 2555 ἀποθανόντος
871 2490 930 2548 δι
959 2495 1036 2565 (l)
1093 2501 1221 2549 ποία
1274 2499 1365 2569 μεν
1394 2497 1622 2572 πμὶξιςς
1674 2506 1819 2561 ποῖος
1845 2495 1905 2553 δε

298 2580 495 2651 μισθός
550 2578 799 2655 ἐργασίας
865 2583 1170 2655 ὀφείλεται;
1247 2585 1419 2649 Δεῖξον
1487 2590 1554 2640 τὰ
1609 2589 1757 2661 ἔργα,
1814 2594 1905 2641 καὶ

302 2664 509 2719 ἀπαίτει
537 2670 632 2730 τὰς
663 2666 977 2733 ἀντιδόσεις.
1028 2669 1220 2733 Οὐδεὶς
1257 2678 1389 2745 μετὰ
1440 2678 1499 2728 τό
1542 2675 1765 2736 λυθῆναι
1810 2681 1905 2736 τὴν

298 2760 594 2831 πανήγυριν
640 2763 1098 2833 πραγματεύεται,
1159 2759 1284 2815 add“:
1340 2766 1470 2836 μετὰ
1522 2768 1643 2827 τούς
1708 2764 1905 2837 ἀγῶνας

298 2842 582 2898 ἐπανελθὼν
651 2857 1010 2922 στεφανοῦται,
1082 2847 1207 2904 οὐδὲ
1279 2854 1411 2925 μετὰ
1468 2857 1587 2914 τοὺς
1651 2854 1908 2928 πολέμους

297 2929 764 3009 ἀνδραγαθίζεται.
828 2936 904 2991 Oti
961 2943 1132 2992 τοίνυν
1186 2935 1310 2994 οὐδε
1363 2944 1497 3016 μετὰ
1530 2946 1625 3001 τὴν
1666 2946 1802 3007 ζωὴν
1826 2943 1907 2998 εύ-

300 3021 440 3076 σεϐεῖ
485 3020 746 3084 δηλονότι.
808 3026 925 3083 Ἐὰν
977 3032 1079 3103 γὰρ
1124 3030 1304 3103 με’λανι
1345 3037 1435 3084 καὶ
1474 3035 1757 3108 γράμμασι
1784 3054 1904 3088 κατ·

2017 1879 2266 1933 tuumte
2294 1876 2520 1941 videro,
2570 1881 2715 1933 tunc
2743 1876 2944 1933 dicam
2976 1881 3035 1931 te
3085 1874 3285 1931 fratris
3346 1878 3675 1931 amantem.

2015 1964 2193 2021 Multa
2214 1963 2320 2022 tibi
2347 1964 2669 2022 debebitur
2688 1966 2883 2036 gratia
2896 1964 2977 2022 ob
2994 1964 3496 2031 muniﬁcentiam,
3511 1962 3680 2037 quod

2015 2053 2077 2109 in
2111 2053 2386 2127 sepulcro
2403 2054 2615 2124 jacens
2651 2054 2789 2112 etin
2813 2058 3036 2110 terram
3065 2053 3388 2119 resolutus,
3434 2053 3565 2125 jam
3614 2052 3678 2108 in

2013 2143 2360 2216 sumptibus
2378 2142 2671 2199 faciendis
2691 2143 2899 2215 largus
2918 2143 3212 2200 exstiteris
3225 2147 3405 2215 atque
3423 2156 3677 2212 magna-

2012 2231 2237 2289 nimus.
2263 2233 2364 2289 Dic
2386 2232 2555 2301 mihi,
2583 2249 2819 2306 quaeso,
2873 2248 3286 2306 quarumnam
3331 2238 3673 2304 temporum

2014 2322 2357 2380 mercedem
2390 2339 2709 2395 exposces,
2739 2338 3031 2380 eorumne
3062 2322 3289 2396 quibus
3328 2321 3548 2390 vixisti,
3597 2337 3676 2378 an

2013 2428 2244 2483 eorum,
2279 2428 2418 2485 quae
2447 2417 2588 2485 post
2619 2416 2878 2469 mortem
2920 2416 3127 2469 secuta
3159 2412 3346 2468 sunt?
3391 2410 3506 2468 Sed
3550 2425 3675 2483 quo

2014 2507 2286 2576 tempore
2335 2502 2603 2573 vivebas,
2644 2501 3049 2576 voluptatibus
3079 2502 3321 2558 deditus
3350 2505 3408 2556 et
3446 2500 3677 2557 deliciis

2014 2592 2316 2663 difﬂuens,
2350 2607 2426 2648 ne
2453 2592 2723 2664 aspicere
2753 2592 3002 2664 quidem
3038 2606 3264 2662 egenos
3314 2589 3673 2647 sustinuisti.

2012 2682 2143 2738 Jam
2174 2684 2375 2737 autem
2405 2696 2692 2752 quasnam
2709 2681 2866 2737 actio
2888 2686 2977 2737 est
2991 2680 3211 2737 mortui
3227 2684 3255 2735 ?
3273 2696 3413 2753 quas
3429 2694 3677 2753 quoque

2014 2769 2215 2842 operis
2242 2784 2473 2825 merces
2503 2769 2798 2825 debetur?
2829 2769 3087 2825 Ostende
3104 2784 3314 2842 opera.
3341 2773 3399 2825 et
3426 2783 3675 2841 reposce

2014 2860 2779 2917 remunerationem.Nemo
2792 2858 3000 2916 solutis
3012 2858 3672 2929 nundinisnegotiatur:

2014 2965 2125 3006 nec
2148 2954 2285 3022 post.
2296 2953 2600 3005 certamen
2618 2949 3050 3022 superveniens
3060 2952 3401 3016 coronatur,
3414 2963 3527 3004 nee
3537 2951 3677 3020 post

2013 3037 2240 3094 bellum
2261 3038 2505 3108 egregia
2516 3037 2916 3095 editfacinora
2930 3038 3323 3111 Nequeigitur
3334 3042 3472 3111 post
3484 3038 3673 3094 vitam

296 3113 580 3187 επασγογέλλῃ
613 3118 704 3178 τὰς
753 3117 1006 3190 εὐποιίας,
1060 3124 1143 3183 τίς
1196 3119 1467 3195 ἀναγγελεί
1509 3143 1593 3176 σοι
1644 3128 1731 3177 τόν
1779 3144 1902 3178 και-

2017 3129 2186 3185 locus
2212 3128 2369 3193 ullus
2399 3133 2485 3185 est
2528 3128 2767 3202 pietatis
2810 3128 3176 3185 excolendae.
3226 3131 3377 3184 Nam
3422 3129 3471 3184 si
3520 3133 3674 3186 atra-

294 3204 385 3276 ρόν
414 3212 509 3268 τῆς
547 3201 731 3268 ἓξόδου
766 3224 779 3275 ;
823 3213 905 3272 τίς
955 3207 1217 3282 ἐγγυητὴς
1267 3214 1417 3265 ἔσται
1458 3220 1550 3266 τοῦ
1588 3217 1783 3288 τρόπον
1813 3222 1905 3277 τῆς

293 3291 591 3362 τελευτῆς;
662 3299 827 3349 Πόσοι
891 3300 992 3351 ὑπό
1064 3297 1256 3372 βιαίων
1314 3299 1692 3377 ἁνηράσθησαν
1760 3324 1902 3378 συμ-

294 3384 610 3455 πτωμάτων,
667 3382 793 3439 οὐδε
849 3393 1020 3460 φωνὴν
1092 3389 1255 3464 ῥῆξαι
1329 3394 1716 3466 συγχρηθέντες
1799 3396 1901 3448 ὑπό

295 3478 389 3523 τοῦ
436 3473 638 3534 πάθους
670 3473 711 3527 l‘
742 3479 806 3527 Τί
873 3473 1134 3550 ἀναμένεις
1194 3483 1395 3556 καιρόν,
1460 3480 1509 3533 ἐν
1653 3481 1904 3547 πόλλακις

296 3557 422 3614 οὐδε
474 3570 577 3614 τῶν
626 3561 892 3637 λογισμῶν
942 3574 1046 3619 τῶν
1102 3576 1325 3621 σεαυτοῦ
1376 3571 1470 3644 ἴση
1523 3574 1743 3646 κύριος;
1812 3574 1905 3639 νὺξ

304 3648 517 3723 βαθεῖα,
548 3657 639 3706 καὶ
670 3654 701 3713 ἠ
742 3658 897 3718 νόσος
925 3655 1137 3733 βαρεῖα,
1185 3663 1277 3712 καὶ
1323 3660 1350 3712 ό
1383 3659 1593 3734 βοηθῶν
1640 3659 1899 3737 οὐδαμοῦ.

296 3740 424 3793 Εἶτα
479 3740 914 3818 περιϐλεψάμενος
971 3743 1076 3818 ᾧδε
1148 3746 1361 3802 κάκεῖσε
1387 3791 1402 3818 ,
1469 3756 1561 3805 καὶ
1625 3749 1752 3806 ἰδὼν
1812 3758 1901 3814 τὴν

294 3834 653 3904 περιεστῶσαν
684 3851 744 3887 σε
799 3832 1039 3911 ἐρημίαν,
1089 3841 1206 3891 τότε
1236 3838 1473 3915 αἰσθήσῃ
1499 3849 1596 3904 τῆς
1628 3840 1895 3907 ἀϐουλίας·

293 3920 410 3971 τότε
440 3920 703 3985 στενάξεις
737 3927 833 3983 τὴν
881 3925 1080 3995 ἄνοιαν,
1123 3926 1193 3989 εἰς
1249 3926 1355 3981 οἷον
1402 3933 1584 4004 καιρόν
1626 3930 1898 4005 ἇταμίεύου

294 4011 390 4067 τὴν
434 4007 663 4080 ἐντολὴν,
703 4010 752 4065 ἐν
807 4021 870 4087 τῇ
926 4018 1031 4089 ζωῇ
1086 4019 1177 4089 μεν
1232 4015 1503 4072 ἀπολαύων
1532 4029 1632 4074 τῶν
1670 4018 1895 4094 ἡδονῶν,

292 4095 564 4152 ἀποθανὼν
626 4097 687 4155 δι
741 4098 1190 4180 διαπραττόμενος
1233 4110 1299 4161 τὰ
1338 4105 1745 4184 διατεταγμένα.
1774 4111 1899 4167 Ὀτε

292 4188 431 4253 ἔζης,
488 4193 708 4245 σεαυτόν
751 4201 848 4257 τῆς
891 4191 1091 4258 ἐντολῆς
1140 4200 1440 4272 προετίθῆς·
1509 4203 1641 4274 μετὰ
1708 4198 1768 4256 δε
1811 4206 1898 4257 τόν

294 4276 542 4348 θάνατον,
599 4285 717 4336 τότε
762 4287 852 4343 τὴν
916 4283 1117 4346 ἐντολὴν
1188 4295 1290 4340 τῶν
1342 4287 1550 4365 ἐχθρῶν
1614 4299 1897 4367 προτιμᾷς.

289 4366 406 4459 Ἵνα
461 4372 561 4444 γὰρ
607 4377 680 4444 μὴ
724 4371 857 4447 λάϐῃ
908 4376 935 4428 ὁ
983 4373 1149 4447 δεῖνα,
1188 4376 1408 4449 λαϐέτω,
1457 4366 1662 4453 φησιν,
1694 4383 1720 4435 ὀ
1767 4366 1900 4459 Χρι-

2014 3223 2219 3275 mento
2247 3235 2318 3274 ae
2341 3217 2558 3275 tabulis
2582 3217 2705 3275 fore
2730 3222 2789 3275 te
2815 3218 3176 3275 beneﬁcium
3201 3218 3674 3292 polliceris,quis

2014 3307 2399 3365 anuuntiabit
2417 3307 2520 3363 tibi
2549 3307 2742 3364 exitus
2760 3309 3031 3381 tempus?
3051 3306 3190 3380 quis
3206 3307 3439 3379 generis
3462 3307 3673 3364 mortis

2013 3414 2273 3472 sponsor
2293 3397 2400 3455 erit
2422 3397 2619 3464 ?Quot
2657 3397 2936 3455 violentis
2967 3396 3211 3454 casibus
3244 3397 3476 3470 abrepti
3507 3401 3668 3465 sunt,

2012 3488 2548 3562 quibusnevocem
2562 3487 2811 3553 quidem
2831 3486 3007 3544 edere
3039 3503 3145 3560 per
3176 3487 3460 3543 morbum
3475 3486 3666 3544 licuit!

2013 3576 2170 3644 Quid
2194 3576 2374 3647 igitur
2411 3581 2723 3649 exspectas
2754 3582 3015 3649 tempus,
3064 3577 3127 3633 in
3149 3591 3273 3649 quo
3305 3575 3670 3648 plerumque

2008 3665 2260 3726 rationis
2280 3682 2404 3723 non
2433 3666 2550 3723 eris
2583 3681 2837 3739 compos
2854 3666 2883 3722 ?
2909 3682 3047 3723 cum
3078 3664 3350 3723 videlicet
3367 3664 3476 3722 erit
3493 3666 3668 3738 536

2007 3756 2316 3833 profunda
2343 3772 2486 3821 nox,
2519 3755 2773 3812 morbus
2795 3755 3024 3826 gravis,
3046 3770 3229 3812 nemo
3261 3771 3522 3828 usquam
3564 3754 3671 3827 qui

2010 3848 2275 3919 adjuvet.
2301 3845 2526 3903 Deinde
2555 3844 2844 3917 conjectis
2891 3846 3010 3902 huc
3040 3849 3098 3901 et
3121 3843 3264 3900 illuc
3292 3842 3500 3915 oculis,
3560 3846 3669 3900 cir-

2009 3940 2412 3993 cumstantem
2440 3939 2496 3992 te
2526 3934 2915 3992 solitudinem
2954 3934 3356 4007 conspiciens,
3388 3938 3534 3991 tunc
3562 3934 3668 3991 de-

2008 4026 2299 4084 mentiam
2333 4029 2500 4081 tuam
2524 4024 2851 4095 intelliges;
2882 4029 3024 4082 tunc
3066 4024 3302 4097 lugebis
3331 4023 3665 4096 stultitiam,

2008 4115 2176 4189 quod
2204 4118 2575 4187 praeceptum
2597 4113 2903 4171 distuleris
2919 4114 2981 4171 in
3002 4114 3119 4171 hoc
3141 4120 3404 4188 tempus,
3427 4114 3668 4172 interim

2007 4205 2156 4261 dum
2187 4202 2436 4261 vivebas
2457 4203 2873 4277 voluptatibus
2888 4203 3245 4276 indulgens:
3281 4204 3356 4275 (4)
3392 4209 3667 4261 mortuus

2007 4310 2152 4352 vero
2201 4292 2493 4351 mandata
2533 4293 2873 4367 perﬁciens.
2932 4293 3148 4360 Quoad
3194 4293 3413 4354 vixisti,
3460 4294 3666 4365 teipse

2007 4383 2318 4459 praetulisti
2343 4383 2676 4440 mandato:
2711 4388 2986 4441 mortuus
3026 4400 3186 4456 vero,
3221 4388 3362 4440 tunc
3405 4382 3666 4438 inimicis

296 4458 441 4559 στὸς.
490 4462 591 4511 Καὶ
617 4463 670 4513 τί
712 4468 899 4531 tanta;
941 4462 1149 4540 ἐχθρῶν
1204 4468 1399 4540 ἄμυνα,
1454 4471 1484 4529 ἣ
1540 4478 1630 4524 τοῦ
1675 4458 1901 4532 πλησίον

2017 4458 2381 4548 praeceptum
2421 4473 2760 4547 anteponis.
2821 4474 3047 4530 Etenim
3087 4490 3164 4530 ne
3195 4472 3453 4545 accipiat
3477 4472 3664 4528 homo

294 4539 471 4616 ἀναπη
493 4564 508 4617 ;

365 4730 418 4780 7.
461 4729 548 4785 Μὴ
607 4730 778 4781 τοίνυν
830 4726 1145 4807 όδυρώμεθα
1168 4735 1264 4796 τὰς
1301 4734 1527 4790 ἰντεῦθεν
1552 4735 1785 4811 ἓξόδους,
1811 4744 1900 4794 καὶ

293 4813 528 4887 μάλιστα
583 4824 684 4870 τῶν
732 4819 891 4873 ὁσίων
926 4818 1152 4896 ἀνδρῶν,
1192 4822 1323 4877 ἀλλὰ
1363 4828 1455 4888 τὰς
1498 4832 1725 4900 γενέσεις
1766 4830 1901 4904 μάλ-

291 4902 378 4956 λον
408 4908 499 4957 καὶ
546 4908 641 4968 τὰς
684 4907 757 4971 εἰς
802 4913 898 4969 τήν
947 4911 1087 4973 ζωὴν
1142 4914 1339 4973 ταύτην
1375 4913 1667 4992 παρόδους.
1720 4902 1779 4973 ἰί
1808 4923 1900 4993 μὲν

288 4995 395 5067 ’γὰρ
447 4993 518 5056 εἰς
572 4998 660 5049 τὸν
716 5002 913 5072 κόσμον
960 5008 1141 5056 τοῦτον
1190 5000 1397 5069 εἴσοδος
1436 5003 1511 5059 δι’
1542 5005 1759 5081 ἀτιμίας
1788 5008 1901 5065 ἐστὶ

286 5082 459 5158 ῥύπου
488 5088 579 5138 καὶ
631 5081 926 5157 δυσωδίας,
975 5094 1067 5145 καὶ
1113 5092 1182 5145 ὧν
1232 5089 1348 5147 οὐδ’
1387 5093 1449 5148 ἂν
1478 5100 1574 5156 τὴν
1606 5099 1724 5151 θέαν
1749 5097 1900 5153 εὐκό-

287 5171 394 5237 λως
439 5173 731 5249 ἀνάσχοιτό
760 5196 842 5241 τις
885 5188 981 5244 τῆς
1011 5181 1149 5244 ζωῆς
1185 5184 1333 5256 ἡμῶν
1361 5186 1766 5260 καθηγουμένων

289 5266 387 5317 Διὰ
435 5266 540 5342 γὰρ
588 5273 689 5318 τῶν
736 5270 985 5323 τοιούτων
1031 5274 1063 5331 ἡ
1121 5269 1360 5347 πάροδος
1404 5284 1501 5340 τῆς
1534 5281 1786 5351 σαρκίνης
1805 5297 1899 5351 γε·

363 5410 446 5492 ρ)
473 5408 853 5492 Ἀποθαναντος
886 5410 1136 5492 (Mihine
1160 5416 1364 5485 etiam,
1402 5433 1541 5492 qua:
1572 5417 1898 5492 deerantin

290 5476 590 5575 editisz‘ex
616 5483 835 5575 eodenm
858 5485 1066 5575 codice
1084 5476 1444 5575 et'eontextii
1460 5476 1897 5575 supplevimus.

343 5549 446 5635 -(2)
474 5557 629 5635 Tt;._..
679 5557 1101 5635 xaenyoupe'ywv.
1134 5560 1483 5632 Legendum
1534 5549 1773 5620 iridetur
1815 5583 1899 5625 τις

298 5627 465 5676 τῶν...
498 5627 929 5702 καθηγουμίνωνξ
957 5633 1107 5688 Enu'.

2008 4563 2126 4630 ille,
2160 4562 2438 4635 accipiat,
2460 4562 2674 4636 inquit,
2699 4561 2988 4620 Christus.
3027 4566 3099 4619 At
3125 4561 3275 4635 quid
3303 4561 3494 4618 illud?
3519 4560 3664 4618 hos-

2009 4653 2242 4709 tiumne
2269 4652 2440 4722 ultio,
2462 4668 2541 4708 an
2569 4651 2831 4726 proximi
2852 4651 3110 4709 charitas
3132 4655 3159 4707 .7

2081 4748 2135 4799 7.
2162 4742 2244 4815 (ὅ)
2277 4745 2357 4799 Ne
2380 4741 2559 4812 igitur
2586 4757 2798 4798 eorum
2824 4741 2927 4815 qui
2958 4741 3100 4798 hinc
3126 4740 3445 4813 excedunt,
3478 4741 3665 4797 maxi-

2010 4847 2230 4905 meque
2251 4832 2490 4905 piorum
2505 4836 2727 4887 sortem
2750 4831 3089 4902 lugeamus,
3115 4831 3219 4887 sed
3236 4831 3433 4904 potius
3464 4835 3663 4889 ortum

2009 4925 2067 4978 et
2086 4937 2299 4978 eorum
2326 4922 2388 4977 in
2418 4920 2578 4978 hanc
2599 4921 2784 4977 vitam
2814 4920 3187 4992 ingressum.
3215 4924 3364 4977 Nam
3386 4921 3663 4979 introitus

2007 5010 2069 5068 in
2081 5011 2242 5067 hunc
2258 5010 2555 5067 mundum
2569 5009 2643 5066 ad
2646 5010 2919 5081 junctam
2933 5010 3524 5081 habetignominiam
3540 5027 3661 5069 sor-

2008 5100 2180 5157 dium
2210 5099 2538 5173 fetorisque
2559 5103 2615 5156 et
2634 5114 2843 5157 earum
2869 5116 3094 5170 rerum,
3113 5115 3376 5174 quarum
3393 5115 3467 5157 ne
3487 5115 3664 5173 aspe-

2010 5194 2175 5246 ctum
2200 5188 2448 5263 quidem
2478 5188 2651 5246 facile
2682 5189 2833 5246 ferre
2868 5194 3073 5263 posset
3114 5194 3383 5247 nostrum
3423 5188 3663 5261 aliquis,
3716 5224 3725 5233 ο

2008 5280 2113 5354 qui
2151 5280 2213 5336 in
2244 5280 2365 5337 vita
2385 5279 2754 5352 prieivimus.
2785 5279 2897 5336 Per
2920 5279 3059 5337 talia
3091 5280 3254 5336 enim
3310 5278 3663 5336 necessitate

2077 5423 2156 5491 (3)
2185 5424 2267 5479 Ex
2295 5384 2466 5481 hem.
2490 5424 2554 5479 in
2582 5423 2844 5480 Divitiis.
2876 5424 2971 5481 60.

2083 5493 2359 5566 (4)1bid.,
2394 5495 2481 5551 δι.

2079 5565 2254 5638 (5)Ex
2284 5565 2451 5623 hem.
2483 5568 2655 5639 inps.
2690 5582 2816 5624 cxx.
2851 5569 2940 5622 63.
