4084 6376
471 288 608 343 1267

1419 288 1806 353 _APPENDIX.
1837 317 1906 333 -ο
1937 287 2289 348 8ῩΜΕΟΝ18
2329 289 2855 349 ΜΕΤΑΡΗΒΑΞΤᾸΞ

3712 290 3871 346 1268

469 415 701 468 natura;
715 407 1066 466 constitutus
1083 412 1173 467 est
1186 426 1420 468 carneae
1433 413 1755 470 nativitatis
1770 397 2113 486 ingressus‘:

2247 419 2416 477 θέσεως
2471 423 2543 486 τῷ
2600 424 2695 476 τῆς
2752 417 2954 488 φύσεως
3002 413 3271 487 ἀναγκαίῳ
3326 415 3759 486 νενομοθέτηταυ
3825 414 3863 470 ἡ

469 499 1177 573 contra,exitus,etisqui
1207 501 1343 557 hinc
1375 501 1438 558 ﬁt
1469 502 2121 577 abscessus,pretiosus

470 593 560 646 est
579 593 635 645 et
650 588 1053 656 illustris,non
1078 591 1353 647 omnium
1383 592 1721 663 hominum,
1746 595 1851 650 sed
1888 611 2120 662 eorum,

471 679 576 751 qui
599 683 805 735 sancte
827 684 881 734 et
899 680 1057 750 juste
1095 681 1256 736 hanc
1284 681 1474 738 vitam
1517 688 1954 754 transegerunt.
1997 689 2125 740 Pre-

472 768 628 824 tiosa
650 768 826 836 igitur
841 774 930 824 est
949 785 1128 837 mors,
1144 785 1266 826 non
1281 771 1582 842 pretiosus
1595 772 1915 830 hominum
1933 779 2120 830 ortus.

471 858 821 914 Seminatur
841 859 1014 924 enim,
1030 859 1312 930 inquit,in
1327 861 1914 933 ignobilitate,surgit
1931 864 1993 918 in
2005 866 2126 934 glo-

473 946 612 1003 ria:
632 948 966 1003 seminatur
983 948 1048 1002 in
1080 951 1692 1022 corruptione,surgit
1726 953 1788 1008 in
1816 955 2126 1023 incorrup-

478 1037 636 1091 tione
665 1037 733 1070 τ’·
770 1038 916 1091 Cum
965 1037 1146 1092 etiam
1181 1038 1427 1094 Judaice
1466 1039 1776 1097 interirent
1822 1043 2126 1111 homines,

473 1124 888 1180 abominanda
903 1131 1073 1182 erant
1087 1126 1404 1184 cadavera:
1430 1129 1535 1184 Ubl
1548 1145 1689 1185 vero
1703 1134 1860 1186 conti
1869 1131 1950 1199 git
1964 1147 2128 1187 mors

2237 501 2297 557 δὲ
2346 501 2545 568 ἔξοδος,
2577 509 2666 556 καὶ
2697 505 2726 562 ἡ
2780 503 3005 556 ἐντεῦθεν
3065 503 3362 576 ἀπαλλαγὴ,
3420 507 3574 575 τιμία
3615 507 3711 554 καὶ
3771 520 3871 553 πε·

2234 599 2473 666 ριφανης,
2528 593 2586 646 οὐ
2647 595 2848 645 πάντων
2908 591 3209 667 ἀνθρώπων,
3266 591 3392 644 ἀλλά
3433 601 3530 644 τῶν
3572 594 3745 653 ὁσίως
3771 595 3871 642 καὶ

2236 680 2456 744 δικαίως
2503 686 2592 735 τόν
2631 683 2854 734 ἐνταῦθα
2897 681 3012 755 βίον
3068 678 3454 754 διενεγκόντων.
3511 687 3701 754 Τίμιος
3751 683 3866 754 γὰρ

2235 773 2261 824 ό
2317 775 2552 841 θάνατος,
2619 773 2748 844 οὐχὶ
2811 777 2965 845 τιμία
3028 780 3129 823 τῶν
3199 771 3480 847 ἀνθρώπων
3542 774 3571 829 ἡ
3644 774 3871 842 γένεσις

2236 867 2504 935 Σπείρεται
2555 864 2678 936 γὰρ,
2730 866 2908 933 φησὶν,
2955 860 3003 913 ἐν
3055 859 3261 934 ἀτιμίᾳ,
3303 860 3557 936 ἐγείρεται
3609 859 3657 912 ἐν
3693 857 3868 932 δὸξς’

3760 956 3871 1002 Καὶ

2237 1042 2320 1092 ὅτε
2383 1043 2473 1112 μὲν
2524 1036 2826 1099 Ἰουδαϊκῶς
2897 1038 3221 1096 ἀπέθνησκον
3274 1041 3323 1091 οἱ
3380 1040 3670 1113 ἄνθρωποι,
3734 1035 3875 1110 βδε-

2239 956 2507 1024 σπείρεται
2559 949 2606 1001 ἐν
2684 951 2869 1024 φθορᾷ,
2942 949 3193 1024 ἐγείρεται
3269 949 3317 1001 ἐν
3378 949 3673 1022 ἀφθαρσίᾳ.

2235 1129 2402 1181 λυκτά
2433 1126 2492 1187 ἦν
2539 1132 2606 1181 τὰ
2645 1131 2953 1201 θνησιμαῖα·
3006 1131 3088 1181 ὅτε
3146 1126 3206 1180 δὲ
3248 1131 3375 1203 ὑπὲρ
3427 1136 3665 1201 Χριστοῦ
3702 1130 3732 1179 ὁ
3773 1131 3874 1180 θά-

473 1228 584 1285 pro
603 1213 850 1281 Christo,
869 1213 1134 1287 reliquiae
1155 1221 1509 1273 sanctorum
1525 1218 1656 1289 ejus
1677 1223 1817 1275 sunt
1833 1221 2125 1292 pretiosm.

473 1302 986 1360 Anteadicebatur
1005 1305 1420 1362 sacerdotibus
1434 1313 1490 1363 et
1503 1309 1796 1364 Nazarmis
1819 1328 1830 1365 :
1848 1313 1976 1366 Non
1993 1327 2130 1366 con-

474 1393 869 1450 taminabitur
888 1411 1070 1468 super
1090 1395 1212 1451 ullo
1235 1402 1503 1454 mortuo:
1534 1402 1611 1467 et,
1633 1398 1846 1470 Siquis
1869 1401 2128 1471 tetigerit

475 1483 754 1549 cadaver,
779 1485 1120 1540 immundus
1146 1487 1320 1541 erit”
1342 1505 1364 1550 ;
1406 1487 1567 1557 item,
1601 1489 1860 1544 Lavabis
1894 1496 1998 1546 tua
2049 1492 2132 1559 ip-

474 1573 597 1628 sius
627 1575 981 1630 vestimenta
1003 1575 1070 1628 7'.
1099 1577 1267 1630 Nunc
1297 1579 1499 1632 autem
1536 1578 1641 1649 qui
1661 1581 1944 1650 martyris
1992 1596 2133 1636 ossa

474 1662 750 1732 tetigerit,
777 1678 851 1718 ex
881 1662 1182 1720 insidente
1203 1665 1265 1720 in
1295 1681 1544 1739 corpore
1576 1667 1770 1738 gratia
1795 1667 2132 1740 quamdam
2242 1668 2523 1740 μάρτυρος,
2573 1664 2823 1736 λαμϐάνει
2857 1667 2972 1717 τινὰ
3017 1669 3295 1737 μετουσίαν
3348 1664 3618 1737 ἁγιασμοϋ
3662 1663 3725 1716 ἐκ
3776 1675 3880 1726 τῆς

477 1753 807 1810 sanctitatis
829 1753 1353 1827 participationem
1385 1758 1620 1830 accipit.
1653 1759 1933 1815 Pretiosa
1975 1760 2133 1815 enim

2247 1763 2334 1807 τοῦ
2412 1761 2650 1826 σώματος
2715 1750 3144 1827 παρεδρευούσης
3213 1756 3456 1829 χάριτος.
3515 1757 3711 1826 Τίμιος
3769 1757 3878 1828 7&9

477 1848 563 1898 est
592 1843 655 1898 in
683 1850 1002 1913 conspectu
1055 1846 1301 1902 Domini
1327 1863 1486 1903 mors
1516 1853 1860 1903 sanctorum
1903 1850 2031 1918 ejus
2062 1849 2132 1901 τι.

478 1933 778 2004 Compara
832 1933 1034 2006 itaque
1065 1939 1321 1992 mortem
1369 1937 1702 2006 nativitati;
1738 1952 1808 1994 ac
1837 1953 1977 1994 eum
2029 1938 2135 2009 qui

473 2019 762 2079 liberatus
783 2027 874 2079 est
903 2024 1256 2094 ignominia,
1315 2025 1522 2096 lugere
1579 2027 1844 2083 desinas.
1878 2027 1952 2099 (t)
1987 2028 2134 2082 Cum

474 2110 656 2181 justis
703 2112 866 2168 enim
915 2113 1242 2184 exsultare,
1293 2115 1593 2188 simulque
1623 2115 1828 2185 laatari,
1867 2116 2138 2188 praecipit

475 2200 654 2257 nobis
686 2217 885 2258 sermo
912 2202 1190 2258 divinus:
1225 2203 1546 2274 lugeamus
1575 2221 1714 2261 vero
1743 2209 1801 2262 et
1850 2205 2136 2261 lamente-

474 2307 614 2347 mur
643 2307 782 2346 cum
813 2291 886 2346 iis
915 2291 1020 2363 qui
1050 2307 1123 2348 ex
1172 2294 1520 2364 paenitentia
1568 2294 1890 2350 effundunt
1940 2294 2134 2366 lacry-

474 2395 610 2436 mas
635 2396 648 2434 :
682 2384 787 2436 aut
817 2381 998 2436 etiam
1023 2396 1127 2436 eos
1156 2382 1264 2454 qui
1293 2382 1460 2438 nullo
1483 2366 1708 2439 doloris
1767 2400 1952 2439 sensu
2010 2387 2134 2439 tan-

477 2473 702 2540 guntur
727 2468 1138 2541 deploremus,
1167 2471 1337 2544 quod
1366 2471 1558 2544 perire
1592 2488 1654 2528 se
1694 2489 1769 2529 ne
1799 2473 2138 2542 intelligant

476 2558 746 2632 quidem.
765 2560 1412 2634 Caeterumimplevisse
1426 2561 1784 2618 mandatum
1813 2563 2137 2634 haudqua-

476 2664 664 2721 quam
696 2648 1006 2720 putandus
1034 2655 1143 2718 est,
1168 2650 1276 2724 qui
1305 2651 1626 2708 hominum
1649 2657 1904 2708 mortem
1927 2652 2137 2724 deplo-

473 2741 569 2794 rat
596 2743 653 2794 et
689 2753 819 2796 cum
847 2738 1197 2809 lugentibus
1221 2741 1342 2797 edit
1361 2741 1712 2798 clamorem.
1740 2745 1940 2814 Neque
1974 2742 2137 2798 enim

474 2825 850 2884 laudaverim
872 2829 1197 2901 medicum,
1222 2831 1327 2902 qui
1347 2846 1486 2886 cum
1503 2845 1681 2903 opem
1703 2830 2136 2899 aegrotantibus

477 2916 628 2973 ferre
658 2917 924 2986 deberet,
954 2919 1184 2976 morbis
1215 2921 1346 2992 ipse
1360 2919 1707 2993 repleretur.
1729 2923 1811 2990 (2)
1843 2921 1934 2977 Sic
1957 2920 2136 2977 etiam

478 3007 669 3064 David
701 3024 839 3065 cum
867 3009 1306 3066 amicissimum
1354 3010 1468 3066 sibi
1505 3009 1827 3066 Jonatham
1886 3009 2136 3080 lugeret,

476 3097 713 3155 hostem
740 3115 986 3172 quoque
1015 3117 1194 3156 suum
1236 3117 1357 3156 una
1386 3100 1555 3167 luxit,
1610 3101 1794 3157 Doleo
1837 3115 2020 3170 super
2061 3107 2135 3168 te,

2247 3099 2360 3159 τοῦ,
2413 3090 2581 3162 Ἀλγῶ
2647 3090 2730 3144 ἐπὶ
2793 3093 2869 3155 σὲ,
2933 3089 3115 3162 λέγων,
3177 3087 3364 3162 ἀδελφὴ
3431 3091 3701 3144 Ἰωνάθαν·
3758 3097 3874 3158 καὶ,

477 3188 985 3262 inquiens,frater
1013 3191 1097 3247 mi
1118 3191 1457 3260 Jonathan;
1483 3195 1560 3258 et,
1594 3191 1769 3246 Filia
1801 3192 2005 3259 lsrael,
2039 3207 2135 3246 su-

2251 3184 2544 3253 Θυγατέρες
2616 3179 3013 3253 Ἰερουσαλὴμ,
3100 3182 3396 3253 θρηνὴσατε
3473 3178 3560 3232 ἐπὶ
3655 3181 3872 3238 Σαούλ.

476 3293 587 3348 per
613 3280 766 3336 Saut
792 3281 926 3348 ﬂete
954 3282 1024 3335 ⁷⁵.
1059 3283 1226 3336 Hunc
1265 3280 1516 3353 quidem
1565 3281 1749 3349 luget,
1799 3287 1862 3336 ut
1890 3287 2135 3353 peccato

2247 3275 2345 3323 Τὸν
2395 3273 2484 3342 μὲν
2533 3273 2633 3346 γὰρ
2686 3271 2880 3344 θρηνεῖ,
2931 3272 2997 3330 ὡς
3053 3269 3433 3323 ἐναποθανόντα
3479 3277 3542 3342 τῇ
3603 3270 3875 3343 ἁμαρτίᾳ·

479 3366 911 3435 immortuum;
939 3369 1242 3426 Jonathan
1285 3385 1428 3426 vero
1456 3374 1521 3426 ut
1547 3369 1858 3426 hominem
1892 3370 2006 3426 sibi
2035 3386 2140 3442 per

483 3461 673 3514 totam
703 3459 892 3514 vitam
920 3460 1514 3530 conjunctissimum.

553 3549 609 3601 8.
632 3549 707 3615 (3)
742 3547 1024 3603 Homines
1055 3549 1216 3604 enim
1241 3565 1405 3605 mors
1430 3548 1682 3618 invadit,
1711 3548 1963 3622 expletis
2003 3550 2138 3607 vitm
2323 3544 2380 3596 8-

483 3637 773 3707 terminis,
798 3654 954 3710 quos
983 3638 1309 3712 unicuique
1341 3639 1420 3696 ab
1467 3639 1638 3695 initio
1690 3639 1999 3695 constituit
2049 3640 2135 3710 ju-

2251 3632 2381 3705 ὃρων
2420 3638 2511 3691 τῆς
2577 3631 2720 3692 ζωῆς
2770 3630 3165 3702 πληρωθέντων,
3225 3629 3316 3690 οὓς
3380 3629 3434 3692 ἐξ
3500 3629 3685 3704 ἀρχῆς
3753 3650 3874 3705 περι

483 3726 708 3782 dicium
756 3728 989 3798 justum
1053 3728 1174 3794 Dei,
1228 3728 1375 3800 quid
1432 3727 1649 3799 cuique
1695 3732 1968 3784 nostrum
2002 3744 2135 3783 con-

2251 3721 2468 3772 ἕκαστον
2520 3720 2702 3782 ἔπηξεν
2760 3721 2788 3777 ἡ
2847 3715 3033 3772 δικαία
3077 3727 3170 3771 τοῦ
3219 3726 3354 3772 θεοῦ
3401 3723 3600 3791 κρίσις,
3645 3719 3871 3794 πόρρω-

482 3815 683 3884 ducat,
716 3815 895 3886 longe
925 3817 1364 3890 prospicientis.
1385 3819 1458 3873 At
1482 3817 1586 3873 ﬁlii
1610 3817 1949 3873 charissimi
1979 3834 2144 3873 mors

484 3905 756 3962 animum
788 3911 960 3962 tuum
990 3906 1196 3963 dolore
1221 3907 1526 3979 opprimit.
1549 3907 1624 3978 (4)
1645 3906 1787 3973 Quis
1811 3906 1973 3963 enim
1986 3907 2141 3963 adeo

485 3995 664 4051 corde
693 3995 957 4068 lapideo,
988 4001 1091 4052 aut
1121 3997 1372 4052 omnino
1425 3997 1711 4052 humanae
1760 4001 1991 4052 naturae
2047 4012 2146 4051 ex-

484 4099 649 4156 pers,
673 4089 740 4139 ut
764 4085 823 4138 in
860 4085 1027 4156 537
1073 4085 1376 4154 ejusmodi
1424 4089 1646 4141 eventu
1672 4083 1822 4140 nihil
1856 4084 2139 4156 patiatur,

487 4176 592 4230 aut
604 4173 910 4229 modicum
921 4173 1191 4230 dolorem
1203 4175 1409 4231 animo
1420 4175 1702 4247 accipiat?
1717 4177 1938 4230 Domus
1952 4174 2146 4246 splen-

2237 1238 2410 1284 νατος,
2473 1224 2624 1290 τίμια
2678 1222 2745 1270 τὰ
2789 1218 3010 1289 λείψανα
3047 1227 3148 1270 τῶν
3180 1220 3337 1270 ὁσίων
3369 1217 3552 1274 αὐτοῦ,
3588 1222 3700 1291 Πρὸ
3737 1219 3875 1269 τοῦ-

2238 1327 2330 1360 του
2379 1307 2574 1379 ἐλέγετο
2618 1313 2725 1368 τοῖς
2777 1309 2968 1380 ἱερεῦσι
3015 1312 3106 1359 καὶ
3143 1314 3252 1367 τοὶς
3293 1307 3604 1380 Ναζιραίοις
3642 1309 3730 1371 τὸ,
3791 1306 3876 1358 Οὐ

2240 1399 2588 1471 μιανθήσεται
2637 1396 2712 1449 ἐπ’
2771 1393 2944 1450 οὐδενὶ
2995 1399 3289 1455 τεθνηκότι·
3349 1401 3438 1448 καὶ
3485 1401 3565 1462 τό,
3609 1397 3741 1448 Ἐάν
3795 1415 3879 1456 τις

3715 1485 3874 1538 Πλυ-

2241 1585 2338 1637 νεῖς
2375 1585 2595 1628 σεαυτοῦ
2619 1578 2699 1646 {6)
2729 1579 2796 1627 τά
2827 1578 3030 1649 ἱμάτια.
3079 1583 3186 1628 Νῦν
3219 1573 3278 1628 δὲ
3307 1578 3333 1627 ὁ
3361 1575 3628 1648 ἁψάμενος
3671 1575 3876 1628 ὀστέου

2241 1487 2448 1558 ἅψηται
2495 1493 2698 1561 νεκροῦ,
2762 1485 3058 1559 ἀκάθαρτος
3135 1489 3303 1538 ἔσται·
3369 1491 3459 1538 καὶ
3539 1489 3624 1555 τὸ,

2242 1668 2523 1740 μάρτυρος,
2573 1664 2823 1736 λαμϐάνει
2857 1667 2972 1717 τινά
3017 1669 3295 1737 μετουσίαν
3348 1664 3618 1737 ἀγιασμοῦ
3662 1663 3725 1716 ἐκ
3776 1675 3880 1726 τῆς

2244 1845 2470 1896 ἐναντίον
2543 1847 2736 1917 Κυρίου
2825 1846 2852 1895 ό
2939 1846 3155 1905 θάνατος
3229 1853 3328 1895 τῶν
3405 1845 3563 1895 ὁσίων
3646 1844 3824 1895 αὐτοῦ
3863 1888 3878 1900 ,

2245 1938 2523 2007 Σῦγκρινον
2573 1938 2740 1984 τοίνυν
2797 1941 2857 2004 τῇ
2907 1937 3105 2004 γενέσει
3160 1936 3245 1984 τόν
3297 1934 3534 2002 θάνατον,
3582 1937 3678 1984 καὶ
3733 1942 3881 1985 παῦ-

2247 2042 2338 2074 σαι
2400 2018 2716 2094 ὀδυρόμενος
2780 2024 2867 2073 τόν
2934 2030 3030 2082 τῆς
3115 2019 3327 2093 ἀτιμίας
3405 2019 3876 2092 ἀπαλλασόμενον.

2243 2115 2474 2172 Δικαίοις
2530 2113 2621 2182 μεν
2684 2113 2788 2184 γὰρ
2854 2116 3145 2183 συσκιρτᾷν
3220 2116 3310 2162 καὶ
3372 2110 3809 2182 συναγά).λεσθαι
3851 2114 3880 2162 ὁ

2246 2203 2376 2260 θεῖος
2439 2199 2588 2271 λόγος
2653 2201 2778 2272 ἡμῖν
2835 2198 3114 2274 ἐπιτρέπει’
3175 2207 3284 2260 τοῖς
3349 2196 3399 2252 δ’
3466 2197 3522 2252 ἐκ
3583 2206 3879 2272 μετανοίας

2245 2289 2448 2362 ἀφιεῖσι
2505 2286 2755 2364 δάκρυον,
2800 2291 3110 2362 συμπενθεῖν
3164 2295 3254 2342 καὶ
3307 2285 3725 2364 συνοδύρεσθαι·
3781 2296 3876 2344 καὶ

2244 2383 2366 2441 τοὺς
2437 2377 2732 2440 ἀναλλήτως
2818 2375 3175 2451 διακειμένους
3265 2377 3650 2430 ἀποκλαίεσθαι
3684 2423 3697 2447 ,
3786 2383 3874 2432 ὃτι

2246 2464 2370 2520 οὐδὲ
2428 2469 2581 2520 ἴσασι
2632 2477 2738 2527 πῶς
2786 2466 3117 2524 ἀπόλλυνται.
3180 2467 3322 2540 Οὐχὶ
3391 2464 3450 2520 δὲ
3508 2466 3594 2520 ἐπὶ
3655 2471 3864 2540 θανάτῳ

2247 2556 2528 2632 ἀνθρώπων
2594 2557 3064 2618 κατακλαύσαντα,
3144 2562 3234 2610 καὶ
3300 2556 3720 2615 συνεκϐοήσαντα
3765 2558 3851 2628 (7)

2245 2655 2348 2707 τοῖς
2376 2647 2647 2712 πενθοῦσι,
2702 2645 2980 2721 πληρωτὴν
3035 2651 3294 2721 προσήκει
3329 2649 3562 2718 νομίζειν
3594 2647 3720 2699 εἶναι
3763 2655 3855 2706 τῆς

2248 2733 2470 2796 ἐντολῆς.
2527 2731 2668 2786 Οὐδὲ
2698 2736 2798 2808 γάρ
2850 2734 3024 2807 ἰατρὸν
3073 2733 3284 2798 ἐπαινῶ,
3316 2737 3403 2786 τὸν
3446 2734 3564 2787 ἀντὶ
3602 2743 3696 2786 τοῦ
3729 2733 3868 2807 βοη-

2252 2825 2352 2876 θεῖν
2410 2831 2512 2883 τοΞ’ς
2577 2825 2884 2894 κάμνουσιν,
2955 2823 3136 2875 ἑαυτὸν
3205 2832 3302 2875 τῶν
3366 2825 3680 2894 νοσημάτων
3747 2823 3872 2875 ἁνα-

2249 2912 2652 2986 πιμπλάμενονρ
2680 2913 2832 2964 Οὕτω
2876 2917 2966 2964 καὶ
3010 2914 3036 2964 ὁ
3094 2909 3261 2965 Δαϐὶὸ
3307 2916 3396 2964 τόν
3427 2912 3572 2984 φίλον
3605 2912 3873 2986 ὀλοφυρό-

2248 3021 2402 3074 μενος
2454 3002 2732 3074 Ἰωμάθαν,
2794 3003 3219 3076 συναπεθρήνησε
3271 3006 3360 3053 καὶ
3402 3005 3488 3054 τὸν
3521 3000 3719 3074 ἐχθρόν
3757 3002 3876 3054 ἑαυ-

2248 3364 2334 3414 τόν
2395 3357 2453 3413 δὲ
2505 3360 2768 3429 Ἰωνάθαν,
2821 3364 2886 3420 ὡς
2940 3364 3105 3434 μέχρι
3169 3363 3363 3422 παντὸς
3422 3359 3562 3431 αὐτῷ
3618 3368 3880 3419 κοινωνή-

2251 3469 2417 3504 σαντα
2445 3459 2536 3504 τοῦ
2579 3450 2727 3523 βίου.

2456 3542 2687 3594 Θάνατοι
2747 3542 2848 3613 γὰρ
2906 3547 3011 3600 τοῖς
3074 3539 3367 3614 ἀνθρώποις
3413 3539 3723 3610 ὶπάγονται,
3770 3549 3876 3593 τῶν

2255 3811 2334 3862 θεν
2366 3813 2424 3862 τὸ
2477 3815 2595 3883 περὶ
2649 3808 2867 3861 ἑκαστον
2923 3810 3048 3880 ἡμῖν
3104 3813 3364 3883 συμφέρον
3421 3807 3874 3882 προϐλεπομένου.

2254 3898 2409 3951 Ἀλλά
2463 3897 2660 3960 παιδὸς
2718 3898 3000 3970 ἀγαπητοῦ.
3056 3900 3276 3960 θάνατος
3337 3897 3565 3958 ἐκπιέζει
3621 3917 3721 3950 σου
3780 3905 3877 3957 τὶν

2252 3986 2464 4059 ψυχὴν.
2517 3993 2616 4040 Καὶ
2673 3993 2749 4049 τίς
2805 3988 2940 4040 οὕτω
2992 3986 3186 4048 λίθινος
3239 3991 3332 4046 τὴν
3395 3983 3646 4062 καρδίαν,
3695 3989 3726 4045 ἡ
3781 3989 3878 4052 ἔξω

3447 4078 3583 4129 ὥστε
3653 4076 3880 4140 ἀπαθῶς

2254 4165 2472 4237 ἐνεγκεῖν
2504 4170 2560 4218 τό
2593 4165 2820 4238 συμϐὰν,
2863 4165 2893 4224 ἢ
2927 4171 3115 4239 μετρίῳ
3171 4168 3327 4219 πάθει
3381 4171 3475 4224 τὴν
3529 4166 3724 4238 ψυχὴν
3784 4189 3880 4220 κα-

2252 4076 2507 4138 παντελῶς
2562 4085 2660 4138 τῆς
2738 4075 3066 4152 ἀνθρωπίνης
3126 4079 3366 4149 φύσεως,

487 4263 646 4319 didee
664 4263 986 4329 successio,
1006 4263 1423 4320 fulcimentum
1456 4263 1712 4334 generis,
1739 4263 1951 4335 patriae
1982 4279 2141 4335 spes,

487 4359 809 4427 parentum
833 4354 1071 4426 piorum
1110 4369 1355 4424 germen
1404 4369 1544 4409 cum
1604 4352 1939 4408 innumeris
1986 4352 2142 4407 votis

2255 4255 2579 4327 ταληφθῆναι
2619 4257 2741 4325 (8);
2805 4258 2968 4308 Οἷκου
3020 4255 3262 4328 λαμπροῦ
3314 4252 3579 4327 διαδοχὴ,
3647 4259 3883 4331 ἔρεισμα

2254 4349 2456 4416 γένους,
2512 4343 2772 4418 πατρίδος
2824 4344 3006 4415 ἐλπὶς,
3057 4349 3244 4417 γονέων
3295 4345 3518 4398 εὐσεϐῶν
3575 4344 3882 4422 βλάστημα

489 4445 835 4509 educatum,
869 4443 931 4499 in
983 4444 1120 4516 ipso
1178 4444 1370 4501 aetatis
1399 4442 1566 4511 ﬂore,
1617 4458 1690 4497 ex
1721 4441 1935 4498 mediis
1956 4441 2135 4514 patris

2259 4437 2357 4488 ὑπο
2387 4441 2603 4508 μυρίαις
2634 4435 2816 4507 εὐχαῖς
2846 4435 3106 4510 ἐντραφὲν,
3162 4435 3212 4488 ἐν
3258 4436 3401 4508 αὐτῷ
3447 4445 3518 4507 τῷ
3570 4437 3722 4489 ἄνθει
3781 4449 3881 4500 τῆς

489 4533 772 4591 manibus
804 4537 1075 4606 ereptum
1103 4534 1247 4590 abit.
1283 4536 1416 4588 Hagc
1449 4549 1637 4605 quam
1678 4531 2020 4588 adamantis
2041 4547 2146 4588 na-

490 4628 687 4680 turam
713 4640 836 4679 non
866 4623 1108 4679 valeant
1155 4622 1504 4689 dissolvere,
1537 4627 1593 4678 et
1632 4621 1712 4676 ad
1761 4621 2147 4678 commisera-

491 4713 716 4770 tionem
743 4712 1088 4768 adducere?
1116 4717 1194 4781 (5)
1225 4712 1404 4782 Igitur
1439 4711 1490 4766 si
1537 4710 1617 4766 ob
1643 4725 1716 4766 ea
1745 4727 1883 4783 qua:
1912 4710 2147 4767 accide-

491 4807 633 4859 runt
653 4802 878 4873 lugere,
913 4807 970 4858 et
997 4801 1304 4874 lacrymas
1326 4800 1635 4857 effundere
1664 4799 1969 4870 volumus,
2001 4804 2149 4856 tem-
2183 4872 2187 4877 _

493 4908 611 4965 pus
667 4893 801 4950 vitae
855 4892 1031 4949 nobis
1091 4907 1216 4948 non
1269 4890 1550 4957 sufﬁciet;
1601 4905 1714 4948 nec
1772 4890 1822 4946 si
1872 4890 2150 4947 homines

566 5070 610 5104 τί
642 5071 660 5123 Ι
688 5068 818 5123 Cor.
843 5083 938 5139 xv,
973 5069 1062 5140 42,
1092 5072 1183 5126 43,
1241 5069 1290 5104 ⁷³
1322 5068 1504 5125 Levit.
1535 5084 1618 5134 x1,
1647 5072 1734 5124 39.
1803 5069 1852 5102 ⁷³
1881 5066 2030 5124 ibid.
2058 5072 2146 5124 25.

568 5247 643 5309 (1)
673 5250 755 5303 Ex
786 5245 957 5303 hom.
991 5246 1056 5302 in
1085 5252 1244 5303 mart
1274 5247 1579 5313 Julittam,
1612 5247 1701 5302 41·

566 5319 642 5390 (2)
665 5321 747 5374 Ex
775 5319 940 5374 hom.
964 5320 1050 5374 De
1075 5319 1417 5390 gratiarum
1445 5321 1702 5385 actione,
1733 5321 1826 5374 28.

566 5390 642 5459 (5)
675 5393 756 5446 Ex
786 5390 953 5449 hom.
988 5390 1158 5457 Quod
1187 5391 1345 5445 Deus
1394 5406 1516 5447 non
1568 5399 1649 5447 est
1702 5395 1918 5447 auctor
1963 5390 2149 5448 malo-

495 5479 650 5526 rum,
683 5466 776 5518 74.

567 5534 644 5604 (4)
665 5535 748 5604 Ex
774 5531 947 5604 epist.
975 5549 1034 5602 v,
1065 5533 1154 5588 77.

567 5602 643 5674 (5)
665 5602 812 5674 Ibid.

567 5673 647 5745 (6)
699 5673 907 5735 Πλυτείς
988 5681 1228 5729 σεαυτοῦ.

1308 5675 1400 5731 Sic
1442 5674 1657 5746 Regius
1730 5671 1942 5732 codex.
1994 5675 2145 5734 Editi

2257 4525 2460 4585 ἡλικίας
2507 4525 2580 4594 ὃν,
2636 4524 2691 4576 ἐκ
2744 4529 2905 4598 μέσου
2945 4533 3045 4577 τῶν
3099 4533 3366 4600 πατρικῶν
3400 4534 3593 4600 χειρῶν
3635 4524 3880 4601 ἀναρπα-

2260 4616 2399 4677 σθεὶς
2452 4615 2679 4688 οὶχεται.
2733 4622 2912 4668 Ταῦτα
2957 4619 3111 4668 ποίαν
3171 4612 3476 4687 ἀδάμαντος
3533 4617 3697 4687 φυσιν
3768 4619 3877 4690 οὐχ

2258 4705 2411 4757 ἱκανά
2460 4705 2696 4774 ἐκλῦσαι,
2755 4708 2845 4757 καὶ
2901 4705 2971 4766 εἰς
3029 4706 3360 4777 συμπάθειαν
3417 4703 3681 4776 ἀγαγεῖν;
3753 4707 3874 4759 Αλϊ

2257 4791 2341 4855 ἐὰν
2393 4797 2482 4867 μὲν
2546 4795 2864 4848 ποτνιᾶσθαι
2923 4792 3007 4846 ἐπὶ
3063 4801 3170 4855 τοῖς
3219 4794 3457 4866 συμϐᾱσι
3494 4799 3587 4846 καὶ
3619 4791 3876 4870 δακρύειν

2260 4881 2599 4957 βουλώμεθα,
2671 4883 2764 4937 οὐκ
2817 4883 3081 4959 ἐξαρκέσει
3134 4886 3224 4956 μὲν
3273 4883 3298 4936 ὀ
3350 4887 3541 4958 χρόνος
3578 4893 3676 4938 τοῦ
3728 4883 3868 4958 βίον,

2257 5063 2306 5098 ⁷⁸
2338 5061 2496 5121 Psal.
2517 5079 2648 5132 cxv,
2682 5065 2772 5119 14.
2857 5063 2906 5100 τε
2934 5065 2982 5119 ll
3012 5064 3158 5135 Reg.
3188 5078 3228 5130 1,
3251 5065 3340 5119 26.

2257 5243 2462 5326 πλυνεῖς
2521 5242 2702 5299 αὐτοῦ.
2755 5241 2991 5314 Legitur
3044 5242 3107 5300 in
3165 5241 3300 5315 ipso
3341 5244 3630 5298 contextu
3695 5241 3880 5295 πλυνεῖ

2260 5334 2546 5458 εαξῆῗυέίαὶ
2580 5385 3036 5446 συντκϐοήσαντα.
3102 5388 3236 5443 meo
3292 5384 3506 5444 addita
3547 5401 3624 5442 ex
3685 5388 3879 5458 Regio

2257 5458 2469 5516 codice
2497 5462 2550 5516 et
2591 5462 2894 5515 contextu.

2258 5533 2408 5655 θ,(8)
2433 5529 2862 5602 Καταληφθῆναι.
2894 5530 3117 5602 Regius
3165 5530 3362 5588 codex
3404 5531 3566 5596 1992,
3597 5529 3885 5591 καταϐλη-

2292 5622 2430 5655 mou.

2292 5622 2430 5661 ηναι.
