4084 6402
265 285 404 341 1269

261 411 451 471 πάντες
493 404 553 461 δε
599 407 864 482 ἄνθρωποι
909 405 1022 479 μεθ’
1061 407 1206 478 ἡμῶν
1257 407 1536 472 στένοντες,
1597 399 1864 475 παριστά-
1894 398 1943 452 Α

263 519 349 552 ναι
380 497 552 557 ἀπαθῆ
587 502 675 550 τόν
715 494 946 570 ὀδυρμόν
992 495 1051 547 οὐ
1093 492 1434 553 δυνήσονται⁹
1479 491 1609 545 ἀλλά
1662 488 1756 543 κᾶν
1803 489 1868 540 τά

263 597 365 641 τῶν
426 597 672 661 ποταμῶν
719 586 954 661 ῥεύματα
1008 581 1236 657 δάκρυον
1300 588 1535 656 γένηται,
1599 579 1865 653 ἐκπληρῶ-

267 697 359 731 σαι
413 687 514 730 τῶν
556 675 863 750 συμϐάντων
902 679 989 727 τόν
1050 676 1234 749 θρῆνον
1291 673 1385 726 οὐκ
1437 671 1730 746 ἐξαρκέσει.
1778 670 1865 722 Διὸ

264 766 572 841 παράκαλώ,
626 769 690 826 ὡς
745 772 973 837 γενναῖον
1024 762 1342 835 ἀγωνιστὴν,
1385 781 1575 821 στηναι
1624 762 1753 831 πρὸς
1809 761 1866 811 τό

264 858 482 930 μέγεθος
510 864 604 916 τῆς
632 854 857 926 πληγῆς,
896 864 986 907 και
1040 858 1110 925 μὴ
1145 853 1421 906 ὑποπεσεῖν
1468 858 1539 921 τῷ
1582 848 1735 922 βάρει
1776 855 1869 908 τῆς

264 945 449 1008 λύπης,
508 940 648 1018 μηδὲ
703 945 1069 1003 καταποθῆναι
1137 946 1232 1001 τὴν
1283 940 1489 1013 ψυχὴν·
1567 938 1725 991 ἐκεῖνο
1782 956 1868 989 πε-

264 1038 559 1107 πεισμένον,
592 1035 672 1086 ὅτι
710 1035 805 1085 κοίν
851 1032 900 1084 οἰ
950 1032 1094 1103 λόγοι
1131 1039 1230 1083 τῶν
1287 1033 1431 1103 παρὰ
1483 1035 1615 1082 Θεοῦ
1663 1028 1866 1079 οἰκονο-

266 1129 532 1197 μουμένων
610 1120 963 1195 διαφεύγωσιν
1018 1124 1173 1194 ἡμᾶς,
1234 1118 1366 1173 ἀλλά
1420 1121 1624 1180 πάντως
1685 1136 1745 1189 γε
1810 1120 1868 1168 τό

264 1216 410 1288 παρά
456 1221 547 1266 τοῦ
604 1220 766 1286 σοφοῦ
822 1216 913 1264 καὶ
970 1210 1275 1283 ἀγαπῶντος
1340 1212 1480 1282 ἡμᾶς
1536 1207 1867 1278 οἰκονομηθὲν

267 1300 556 1356 ἀποδεκτόν
610 1302 744 1369 ἐστι,
816 1300 910 1354 κᾶν
978 1299 1219 1354 ἐπίπονον
1377 1299 1537 1360 Δυτός
1586 1300 1687 1369 γὰρ
1733 1292 1865 1364 οἶδε,

264 1401 377 1455 πῶς
406 1392 608 1463 ἑκάστῳ
632 1388 912 1449 διατίθησι
942 1394 999 1444 τὸ
1034 1393 1316 1464 συμφέρον,
1347 1393 1437 1441 καὶ
1478 1384 1573 1440 διὰ
1606 1391 1657 1438 τί
1709 1387 1870 1438 οἶνισα

265 1485 476 1540 τίθησιν
534 1484 659 1555 ἡμῖν
697 1489 789 1535 τοῦ
849 1480 971 1554 βίου
1016 1482 1082 1533 τά
1120 1485 1338 1553 πέρατα·
1367 1477 1519 1531 Ἔστι
1545 1479 1647 1550 γάρ
1678 1496 1754 1536 τις
1785 1473 1868 1526 ἀν-

268 1574 493 1643 θρώποις
543 1572 689 1623 αἰτία
741 1570 1124 1635 ἀκατάληπτος,
1171 1565 1245 1621 δι’
1296 1568 1357 1627 ἢν
1410 1570 1460 1622 οἱ
1524 1570 1613 1640 μὲν
1682 1568 1867 1620 θᾶττον

265 1659 493 1713 ἐντεῦθεν
542 1660 853 1732 ἀπάγονται,
908 1662 958 1712 οἱ
1016 1656 1074 1712 δὲ
1128 1657 1212 1710 ἐπὶ
1249 1658 1419 1712 πλεῖον
1465 1656 1869 1731 προσταλαιπω-

265 1758 369 1823 ρεῖν
421 1759 490 1820 τῷ
540 1747 783 1823 όδυνηρῷ
829 1751 996 1820 τούτῳ
1035 1746 1138 1820 βίῳ
1166 1746 1667 1819 καταλιμπάνονται.
1707 1744 1868 1798 ’Ὥστε

1899 1626 1939 1680 Β

267 1839 345 1893 ἐπὶ
399 1846 533 1892 πᾶσι
575 1846 884 1915 προσκυνεῖν
937 1838 1098 1891 αὑτοῦ
1146 1841 1240 1896 τὴν
1290 1835 1675 1909 φιλανθρωπίαν
1726 1834 1868 1907 ὀφεί-

266 1928 439 2002 λομεν,
489 1933 578 1981 καὶ
620 1933 693 2000 μὴ
747 1924 1138 2001 δυσχεραίνειν·
1186 1929 1502 1998 μεμνημένοι
1557 1933 1653 1984 τῆς
1700 1926 1869 1997 μεγά-

264 2018 354 2077 λης
380 2016 575 2079 ἐκείνης
604 2022 694 2068 καὶ
733 2012 978 2087 ἀοιδίμου
1012 2022 1207 2087 φωνῆς,
1260 2014 1319 2071 ἣν
1360 2016 1385 2066 ὁ
1437 2018 1597 2087 μέγας
1637 2011 1870 2073 ἀθλητὴς

269 2106 385 2160 Ἰὼϐ
424 2106 700 2179 ἐφθέγξατο
763 2104 846 2157 ἐπὶ
905 2111 1030 2177 μιᾶς
1076 2105 1341 2178 τραπέζης
1398 2101 1522 2156 ἰδὼν
1570 2101 1699 2156 δέκα
1741 2111 1869 2155 παῖ-

269 2193 366 2259 δας
411 2195 457 2247 ἓν
491 2195 726 2271 βραχείᾳ
764 2202 948 2269 καιροῦ
990 2195 1124 2268 ῥοπῇ
1164 2192 1542 2265 συντριϐέντας*
1576 2194 1635 2244 Ὀ
1682 2195 1872 2266 Κύριος

268 2283 475 2351 ἔδωκεν,
520 2288 544 2337 6
594 2288 785 2358 Κύριος
845 2283 1075 2356 ἀφείλετο
1259 2287 1329 2345 ὡς
1385 2292 1459 2355 τῷ
1521 2287 1693 2357 Κυρίῳ
1758 2280 1872 2334 ἔδο-

268 2376 369 2438 ξεν,
419 2376 584 2437 οὕτως
629 2380 719 2427 καὶ
785 2372 1007 2446 ἐγένετο.
1064 2372 1336 2446 Ἠμέτερον
1388 2380 1538 2427 τοῦτο
1585 2372 1643 2424 τὸ
1698 2374 1874 2443 θαῦμα

265 2466 627 2537 ποιησώμεθα’
674 2467 793 2525 ἶσος
840 2464 865 2515 6
914 2465 1107 2536 μισθός
1148 2465 1409 2535 παράτού
1441 2460 1652 2516 δικαίου
1691 2469 1871 2537 κριτοῦ

266 2562 374 2616 τοῖς
425 2557 492 2607 τὰ
566 2557 660 2606 ἶσα
721 2550 1159 2625 ἐπιδεικνυμένοις
1226 2549 1702 2627 ἀνδραγαθηματα.
1762 2552 1872 2604 Οὐκ

268 2644 695 2717 ἀπεστερήθημεν
763 2650 854 2694 τοῦ
914 2639 1126 2709 παιδὸς,
1187 2640 1295 2693 ἀλλ’
1372 2638 1715 2713 ἀπεδώκαμεν
1798 2649 1871 2711 τῷ

266 2739 538 2807 χρήσαντι
586 2734 682 2801 (2)·
746 2730 841 2783 οὐκ
897 2731 1160 2803 ἠφανίσθη
1210 2730 1369 2782 αὐτοῦ
1399 2732 1428 2789 η
1476 2733 1604 2800 ζωὴ,
1649 2729 1757 2783 ἀλλ’
1789 2730 1873 2783 ἔπι

268 2825 326 2874 τό
376 2820 574 2895 βελτιον
633 2816 942 2893 διημείφθη·
988 2819 1046 2871 οὐ
1099 2827 1163 2892 γῆ
1206 2818 1507 2892 κατέκρυψε
1544 2823 1631 2871 τόν
1672 2817 1874 2890 ἀγαπη-

268 2915 375 2978 τόν,
425 2910 532 2963 ἀλλ’
582 2910 799 2984 οὐρανὸς
882 2905 1186 2972 ὑπεδέξατο.
1248 2910 1448 2983 Μικρὸν
1499 2908 1870 2982 ἀναμείνωμεν,

268 3005 358 3053 καὶ
403 3001 727 3072 συνεσόμεθα
764 3006 835 3051 τῶ
883 3001 1208 3071 ποθουμένω.
1242 2994 1382 3050 Οὐδὲ
1437 2997 1593 3058 πολὺς
1622 2999 1649 3049 6
1681 3003 1875 3071 χρόνος
1904 2979 1943 3035 C

267 3097 363 3152 τῆς
412 3086 761 3156 διαστάσεως,
809 3089 1015 3141 πάντων
1063 3090 1238 3161 ὥσπερ
1271 3086 1319 3140 ἐν
1342 3085 1450 3160 ὁδῷ
1471 3096 1542 3158 τῷ
1572 3086 1674 3161 βίῳ
1705 3090 1872 3159 τούτῳ

268 3185 398 3255 πρὸς
455 3184 514 3234 τό
564 3180 688 3233 αὐτὸ
750 3184 1080 3253 καταγώγιον
1129 3178 1489 3252 ἐπειγομένων·
1526 3177 1573 3231 ἐν
1704 3180 1729 3231 6
1782 3180 1873 3251 μεν

266 3269 641 3345 προκατελαϐεν
698 3272 798 3338 (3),
846 3270 873 3321 6
937 3266 995 3321 δὲ
1079 3267 1315 3338 ἐπῆλθεν,
1374 3270 1399 3321 ὁ
1468 3265 1527 3321 δὲ
1592 3266 1869 3339 ἐπείγεται,

266 3362 462 3420 πάντας
511 3355 570 3412 δὲ
623 3358 673 3411 ’ἐν
719 3354 1045 3430 ὑποδέχεται
1081 3357 1244 3419 τέλος.
1289 3357 1348 3411 Εἰ
1379 3360 1482 3433 γὰρ
1540 3363 1631 3410 καὶ
1692 3359 1873 3410 θᾶττον

265 3453 360 3507 τὴν
410 3444 532 3500 ὁδόν
581 3445 881 3514 κατέλυσεν,
935 3444 1065 3499 ἀλλὰ
1113 3448 1302 3508 πάντες
1335 3451 1432 3506 τὴν
1462 3446 1627 3506 αὐτὴν
1660 3452 1873 3520 πορευό-

266 3539 441 3611 μεθα,
509 3541 598 3590 καὶ
713 3538 912 3597 πάντας
975 3540 1035 3588 τό
1106 3535 1232 3589 αὐτὸ
1286 3534 1522 3609 ἀναμένει
1577 3537 1869 3610 κατάλυμα.

268 3628 660 3701 Ἀναμνήσθητι
736 3634 827 3679 τοῦ
884 3633 979 3681 σοῦ
1027 3629 1241 3700 πατρὸς,
1275 3627 1353 3679 ὅτι
1408 3629 1637 3685 τέθνηκε.
1672 3632 1736 3681 Τί
1785 3624 1872 3680 οὖν

268 3720 592 3791 θαυμαστὸν,
641 3715 697 3769 ἐκ
755 3718 944 3776 θνητοῦ
1001 3718 1329 3787 γεννηθέντα,
1395 3718 1583 3776 θνητοῦ
1630 3719 1872 3788 γενέσθαι

264 3811 504 3881 πατέρας
552 3810 622 3861 T6
673 3803 733 3859 δὲ
771 3809 874 3883 πρὸ
928 3808 1083 3881 ὧρας,
1136 3810 1227 3860 καὶ
1264 3810 1386 3880 πρὶν
1424 3809 1742 3881 κορεσθῆναι
1778 3813 1871 3861 τοῦ

268 3895 413 3969 βίον,
473 3900 563 3949 καὶ
616 3899 737 3968 πρὶν
779 3895 850 3957 εἰς
901 3900 1085 3970 μέτρον
1147 3894 1358 3959 ἡλικίας
1424 3894 1603 3963 ἐλθεῖν,
1636 3901 1725 3948 καὶ
1776 3917 1872 3969 φα-

263 3996 414 4047 νῆναι
463 3994 574 4050 τοῖς
604 3985 913 4062 ἀνθρώποις,
954 3990 1045 4039 καὶ
1078 3981 1350 4059 διαδοχὴν
1376 3993 1467 4039 τοῦ
1504 3990 1686 4058 γένους
1709 4006 1871 4040 κατα-

262 4079 448 4132 λιπεῖν·
518 4085 687 4131 ταῦτα
742 4084 837 4130 οῦκ
868 4075 1092 4140 αὔξησις
1128 4083 1220 4129 τοῦ
1264 4078 1484 4145 πάθους,
1530 4075 1658 4129 ἀλλά
1704 4096 1871 4151 παρα-

261 4171 430 4243 μυθία
480 4176 570 4221 τοῦ
626 4171 900 4241 γεγονότος
956 4165 1117 4232 ἐστὶν,
1160 4168 1242 4220 ὅτι
1290 4171 1361 4240 μὴ
1430 4167 1693 4220 κατέλιπεν
1739 4168 1867 4242 ὑπὲρ

261 4267 363 4333 γῆς
420 4259 621 4333 ὀρφανά
666 4262 845 4313 τέκνα·
912 4259 993 4312 ὅτι
1058 4262 1130 4332 μὴ
1184 4265 1409 4330 γυναῖκα
1468 4263 1646 4332 χήραν
1697 4256 1869 4329 θλίψει

261 4355 443 4425 μακρᾴ
495 4345 707 4402 ἔκδοτον
766 4346 979 4424 ἀφῆκεν,
1023 4347 1053 4407 ἢ
1104 4344 1259 4423 ἀνδρὶ
1301 4347 1453 4421 ἑτέρῳ
1497 4355 1863 4420 συνοικοῦσαν,
1901 4342 1943 4397 Ι)

261 4444 351 4492 καὶ
410 4447 509 4490 τῶν
555 4443 816 4513 προτέρων
863 4442 1050 4492 τέκνων
1092 4438 1508 4511 καταμελοῡσαν.
1554 4443 1623 4492 T6
1683 4435 1762 4507 δὲ,
1791 4441 1871 4492 ὅτι

264 4526 325 4578 οὐ
380 4528 646 4601 παρετάθη
694 4536 767 4599 τῷ
825 4525 929 4600 βίῳ
972 4530 1141 4599 τούτῳ
1204 4529 1230 4586 ἡ
1276 4527 1383 4588 ζωὴ
1424 4535 1517 4581 τοῦ
1548 4525 1762 4597 παιδὸς,
1795 4534 1872 4590 τίς

264 4614 430 4680 οὕτως
486 4614 759 4690 ἀγνώμων,
818 4618 890 4678 ὡς
952 4620 1024 4689 μὴ
1081 4619 1139 4670 τὸ
1196 4620 1444 4691 μέγιστον
1505 4626 1602 4670 τῶν
1661 4617 1869 4690 ἀγαθῶν

263 4714 418 4761 τοῦτο
445 4707 677 4781 νομίζειν
709 4707 877 4777 sirm;
910 4706 967 4761 Ἡ
997 4708 1100 4782 γὰρ
1150 4705 1234 4760 ἇπὶ
1270 4707 1442 4761 πλεῖον
1490 4709 1712 4761 ἐνταῦθα
1742 4705 1777 4762 δ
1783 4729 1868 4762 ια-

260 4796 439 4872 τριϐὴ,
467 4796 711 4852 πλειόνων
740 4805 911 4851 κακῶν
951 4796 1092 4851 ἔστιν
1121 4795 1356 4873 ἀφορμό.

334 4892 387 4947 9.
419 4893 567 4951 Τίνος
623 4888 784 4942 ἕνεκεν
842 4886 970 4961 οὐχ).
1017 4889 1181 4947 θνητά
1225 4895 1424 4962 φρονεῖν
1468 4893 1586 4963 περὶ
1624 4895 1715 4941 τοῦ
1750 4889 1865 4949 θνη-

259 4973 353 5033 τοῦ
410 4979 773 5054 προειθίσθης,
821 4976 931 5032 ἀλλ’
971 4975 1374 5053 ἀπροσδόκητον
1414 4986 1506 5033 τοῦ
1554 4975 1749 5043 παιδὸς
1779 4982 1864 5033 τόν

261 5069 481 5124 θάνατον
528 5063 864 5142 προσεδέξω;
926 5072 1050 5123 Ὅτε
1097 5087 1183 5122 σοι
1236 5076 1440 5144 πρῶτον
1488 5068 1713 5142 ἠγγέλθη
1772 5077 1862 5123 τοῦ

330 5234 379 5272 ⁷⁸
417 5231 548 5303 Job,
581 5248 621 5303 ι,
643 5235 730 5289 2t.

299 5413 417 5497 .(i),
432 5410 714 5497 Ἀχείλετο.
747 5411 1004 5484 Uterque
1029 5410 1222 5469 codex
1250 5409 1304 5468 ei
1328 5409 1508 5469 editio
1538 5409 1738 5484 prima
1756 5412 1864 5468 Pa-

262 5489 369 5540 ris.
394 5489 653 5557 ἀφείλατο,

340 5553 733 5695 ἓ2)Χρήσαντι.
766 5553 969 5613 Codex
1006 5554 1229 5626 Regius
1261 5558 1418 5622 1992,
1447 5559 1759 5629 χαρίσαντι.

367 5626 422 5689 3)
495 5627 903 5695 Προκατθαϐω,
958 5629 1283 5687 Contextus
1356 5627 1759 5695 προκατελυσιν,

367 5626 422 5689 3)
487 5626 903 5701 Προκατῦιαϐεν,
958 5629 1283 5687 Contextus
1356 5626 1762 5703 προκατέλυσεν,
1816 5628 1875 5685 et

1475 270 1710 335 SERMO
1748 271 1850 328 XI.
1886 297 1957 313 --
2013 271 2106 329 DE
2158 270 2412 331 MORTE.

3490 276 3630 333 i270

1985 412 2198 454 omnes
2242 398 2564 457 nobiscum
2613 402 2877 470 gemant,
2936 398 3265 457 infortunio
3320 399 3633 473 planctum

1979 488 2304 560 adaequare
2334 494 2649 562 poterunt:
2683 490 2806 546 imo
2834 489 3067 546 etiamsi
3102 488 3422 547 ﬂuviorum
3454 506 3630 563 aquae

1975 576 2261 648 lacrymaa
2285 579 2451 646 ﬁant,
2485 580 2821 652 nequibunt
2852 595 3030 636 casus
3058 579 3217 635 illius
3241 579 3509 637 lamenta
3536 595 3635 635 ex-

1976 667 2182 740 pleret.
2197 670 2270 739 (4)
2300 670 2493 735 Quare
2510 669 2881 737 adhortorte,
2898 674 2961 726 ut
2988 674 3302 726 strenuum
3316 669 3629 735 athletam,

1978 761 2277 815 utcontra
2308 759 2503 830 plagae
2524 759 3008 830 magnitudinem
3030 758 3343 830 obnitaris,
3368 774 3480 815 nec
3504 774 3635 814 suc-

1979 847 2237 904 cumbas
2267 849 2516 921 ponderi
2549 848 2798 917 doloris,
2827 865 3025 921 neque
3069 848 3452 906 absorbearis
3501 847 3635 904 ani-

1977 953 2118 1006 mo;
2144 953 2505 1009 persuasum
2523 939 2779 1008 habens,
2811 939 2920 994 etsi
2949 938 3218 996 rationes
3246 953 3457 995 eorum
3496 953 3635 1011 quas

1978 1044 2015 1083 a
2043 1030 2162 1084 Deo
2191 1027 2641 1100 dispensantur,
2656 1045 2768 1085 nos
2796 1028 3000 1096 latent,
3029 1033 3091 1085 at
3111 1028 3379 1101 profecto
3404 1026 3575 1100 quod
3598 1042 3637 1084 a

1979 1119 2248 1192 sapiente
2260 1134 2491 1191 nosque
2505 1125 2745 1176 amante
2757 1120 3166 1191 dispensatur,
3182 1117 3630 1192 accipiendum,

1978 1208 2217 1266 etiamsi
2248 1208 2569 1267 molestum
2599 1209 2695 1268 sit.
2724 1209 2895 1268 Novit
2935 1209 3097 1266 enim
3128 1208 3278 1281 ipse,
3319 1205 3633 1280 quomodo

1978 1298 2307 1370 unicuique
2328 1297 2558 1355 dividat
2585 1298 2753 1370 quod
2780 1299 2920 1355 utile
2946 1305 3054 1365 est,
3082 1302 3140 1355 et
3169 1313 3358 1371 quam
3379 1297 3459 1353 ob
3489 1312 3634 1352 cau-

1978 1405 2112 1446 sam
2164 1388 2496 1461 inaaquales
2543 1389 2676 1445 vitae
2720 1392 3012 1445 terminos
3061 1388 3237 1445 nobis
3280 1387 3631 1461 praestituat.

1979 1481 2257 1537 Estenim
2288 1496 2478 1537 causa
2532 1479 2739 1554 aliqua
2774 1479 3125 1536 hominibus
3167 1478 3631 1551 indeprehensa,

1978 1570 2060 1626 ob
2089 1585 2276 1642 quam
2303 1568 2403 1625 alii
2433 1569 2682 1641 quidem
2714 1569 2887 1625 citius
2934 1569 3076 1625 hinc
3101 1568 3503 1640 abripiuntur,
3535 1565 3637 1624 alii

1978 1676 2121 1717 vero
2160 1659 2386 1716 diutius
2424 1659 2488 1715 in
2527 1659 2645 1715 hac
2689 1658 3044 1716 calamitosa
3073 1658 3196 1716 vita
3226 1659 3306 1715 ad
3327 1672 3634 1714 mrumnas

1977 1748 2368 1824 perferendas
2399 1748 2840 1822 relinquuntur.
2874 1753 3079 1823 Itaque
3108 1749 3171 1806 in
3210 1748 3503 1806 omnibus
3531 1746 3636 1804 ad-

1977 1856 2151 1897 orare
2188 1838 2348 1895 illius
2407 1838 2468 1896 in
2524 1854 2638 1895 nos
2681 1854 2956 1898 amorem
2986 1837 3304 1903 debemus,
3332 1853 3446 1895 nec
3476 1852 3635 1907 tegre

1977 1928 2128 1986 ferre
2149 1947 2164 1995 ;
2194 1945 2492 1986 memores
2512 1944 2751 1999 magnae
2774 1929 2933 1986 illius
2948 1933 3007 1985 et
3027 1928 3430 1987 celeberrimae
3447 1928 3636 1998 vocis,

1977 2035 2167 2092 quam
2194 2035 2455 2091 magnus
2483 2018 2580 2075 ille
2611 2019 2835 2076 athleta
2861 2018 2972 2077 Job
2998 2019 3217 2089 emisit,
3249 2034 3389 2075 cum
3418 2018 3481 2073 in
3510 2032 3634 2073 uno
3669 2087 3679 2098 .

1979 2108 2258 2165 convivio
2282 2108 2506 2165 liberos
2528 2108 2739 2165 decem
2761 2108 2978 2180 exiguo
3005 2108 3296 2181 temporis
3321 2112 3635 2165 momento

1980 2214 2310 2272 oppressos
2325 2198 2475 2256 vidit
2498 2216 2510 2254 :
2537 2199 2815 2255 Dominus
2831 2199 3015 2267 dedit,
3040 2200 3330 2255 Dominus
3351 2198 3631 2255 abstulit:

1980 2289 2131 2344 sicut
2160 2289 2413 2345 Domino
2436 2289 2751 2355 visum,ita
2767 2294 2821 2346 et
2839 2291 3077 2359 factum
3106 2290 3283 2346 est”.
3305 2285 3638 2345 Admirabi-

1979 2378 2100 2435 lem
2128 2377 2293 2435 illam
2318 2394 2532 2435 vocem
2561 2383 2835 2435 nostram
2861 2378 3154 2436 faciamus
3179 2396 3192 2435 :
3225 2394 3336 2451 par
3355 2393 3585 2434 merces
3601 2394 3639 2434 a

1977 2468 2138 2538 justo
2171 2467 2378 2539 judice
2425 2468 2599 2541 paria
2638 2468 2928 2541 praeclare
2960 2468 3120 2526 facta
3157 2467 3636 2539 designantibus.

1981 2559 2111 2613 Non
2140 2562 2353 2612 sumus
2381 2556 2503 2615 ﬁlio
2526 2556 2722 2614 orbati
2748 2573 2761 2612 :
2786 2558 2892 2614 sed
2915 2557 3289 2614 restituimus
3310 2557 3362 2614 ei
3382 2556 3489 2629 qui
3510 2572 3641 2615 mu-

1980 2651 2086 2703 tuo
2107 2646 2374 2703 dederat.
2400 2649 2604 2719 Neque
2633 2647 2928 2705 exstincta
2957 2652 3046 2703 est
3068 2646 3227 2703 illius
3255 2647 3397 2714 vita,
3430 2645 3538 2704 sed
3574 2646 3637 2703 in

1982 2735 2198 2793 melius
2229 2739 2635 2793 transmutata
2669 2754 2681 2793 :
2716 2752 2913 2810 neque
2943 2736 3169 2793 humus
3208 2736 3497 2793 dilectum
3525 2751 3638 2793 no-

1983 2831 2175 2881 strum
2200 2824 2441 2889 obtexit,
2471 2825 2576 2881 sed
2605 2826 2826 2882 ccelum
2857 2824 3139 2898 suscepit.
3183 2824 3490 2897 Paulisper
3540 2840 3640 2881 ex-

1983 2918 2360 2985 spectemus;
2393 2918 2451 2969 et
2483 2929 2607 2969 una
2637 2929 2778 2970 cum
2835 2930 2906 2969 eo
2954 2929 3138 2986 quem
3195 2913 3639 2981 desideramus,

1984 3002 2226 3058 erimus.
2266 3005 2469 3075 Neque
2498 3002 2753 3074 longum
2782 3006 2876 3059 est
2933 3008 3172 3075 tempus
3225 3002 3637 3074 sejunctionis,

1983 3107 2124 3149 cum
2166 3107 2395 3147 omnes
2424 3092 2486 3147 in
2540 3091 2656 3150 hac
2691 3093 2814 3149 vita
2844 3096 3137 3164 tanquam
3167 3093 3227 3148 in
3255 3092 3351 3148 via
3371 3091 3451 3148 ad
3474 3091 3639 3148 idem

1983 3181 2387 3239 diversorium
2412 3182 2813 3239 contendant:
2838 3182 2900 3238 in
2920 3182 3085 3254 quod
3104 3182 3201 3238 hic
3221 3182 3349 3253 jam
3369 3181 3638 3251 advenit,

1982 3270 2079 3328 ille
2123 3271 2487 3344 supervenit,
2543 3271 2689 3328 alter
2740 3272 3025 3328 festinat:
3080 3272 3216 3329 ﬁnis
3248 3275 3451 3330 autem
3480 3287 3638 3329 unus

1982 3376 2197 3418 omnes
2255 3361 2530 3434 excipiet.
2586 3361 2705 3417 Etsi
2753 3362 2916 3418 enim
2941 3361 3117 3418 citius
3166 3362 3332 3419 viam
3361 3360 3635 3423 confecit,

1981 3451 2263 3507 eamdem
2289 3466 2502 3506 omnes
2529 3450 2923 3522 ingredimur,
2947 3467 3281 3524 omnesque
3311 3451 3472 3507 idem
3502 3465 3639 3507 ma-

1980 3545 2083 3597 net
2133 3540 2556 3597 diversorium.
2615 3542 2691 3613 (5)
2740 3544 2853 3598 Fac
2891 3540 3222 3598 recorderis
3284 3541 3472 3613 patris
3529 3539 3637 3610 tui,

1981 3630 2085 3703 qui
2120 3634 2394 3687 mortuus
2450 3636 2560 3687 est.
2609 3630 2764 3697 Quid
2802 3630 2983 3701 igitur
3012 3631 3258 3701 mirum,
3289 3646 3357 3686 ex
3400 3627 3640 3687 mortali

1981 3719 2277 3790 genitum,
2308 3719 2579 3775 mortalis
2612 3722 2846 3790 patrem
2867 3718 3095 3775 factum
3120 3734 3255 3774 esse
3275 3719 3302 3775 ?
3328 3717 3502 3784 Quod
3528 3733 3638 3773 au-

1980 3812 2101 3865 tem
2152 3809 2496 3877 immature,
2552 3813 2610 3864 et
2657 3808 3016 3880 priusquam
3092 3808 3217 3864 vita
3294 3808 3633 3874 satiaretur,

1983 3898 2341 3970 priusquam
2368 3896 2448 3952 ad
2477 3896 2671 3953 {etatis
2702 3912 3057 3953 mensuram
3079 3897 3438 3970 perveniret,
3468 3900 3527 3953 et
3549 3896 3637 3953 in-

1979 3991 2316 4043 notesceret
2334 3986 2707 4057 hominibus,
2740 4003 2809 4043 ac
2836 3987 3074 4056 generis
3113 3987 3476 4060 relinqueret
3499 4003 3636 4043 suc-

1980 4077 2315 4134 cessionem
2346 4093 2358 4131 :
2392 4092 2784 4149 nequaquam
2808 4077 2939 4133 haec
2964 4076 3188 4133 doloris
3218 4076 3506 4146 accessio,
3530 4076 3638 4132 sed

1981 4173 2231 4225 eventus
2276 4170 2415 4223 sunt
2468 4165 2769 4234 solatium,
2822 4167 2989 4239 quod
3042 4183 3165 4223 non
3214 4167 3519 4240 reliquerit
3573 4166 3636 4222 in

1984 4264 2139 4315 terra
2158 4257 2378 4314 liberos
2408 4256 2615 4323 orbos,
2646 4271 2758 4312 nec
2794 4256 3045 4314 viduam
3068 4261 3171 4313 aut
3198 4256 3488 4314 aerumnis
3506 4256 3638 4313 diu-

1983 4348 2172 4406 turnis
2224 4345 2576 4413 obnoxiam,
2617 4350 2723 4403 aut
2770 4362 2909 4402 cum
2939 4346 3126 4403 altero
3164 4346 3294 4403 viro
3330 4346 3634 4403 habitatu-

1978 4454 2111 4496 ram
2142 4442 2200 4494 et
2226 4436 2446 4493 liberos
2486 4436 2717 4509 priores
2748 4435 3173 4508 neglecturum
3216 4435 3390 4502 Quod
3431 4440 3634 4491 autem

1977 4529 2099 4585 vita
2142 4526 2315 4600 pueri
2368 4526 2608 4599 longius
2654 4525 2717 4581 in
2759 4525 2875 4582 hoc
2923 4524 3143 4581 saeculo
3173 4524 3470 4598 producta
3508 4540 3634 4581 non

1976 4620 2122 4688 fuit;
2155 4618 2292 4692 quis
2335 4617 2489 4675 adeo
2538 4616 3047 4687 inconsideratus,
3080 4620 3147 4671 ut
3181 4616 3244 4671 id
3292 4615 3631 4673 maximum

1974 4707 2278 4764 bonorum
2336 4720 2468 4762 esse
2516 4719 2640 4760 non
2686 4702 2955 4776 judicet‘?
3015 4704 3273 4774 Longior
3328 4703 3491 4761 enim
3529 4703 3629 4762 hic

1974 4795 2392 4861 commoratio,
2426 4793 2730 4851 malorum
2761 4793 3026 4866 plurium
3056 4794 3297 4850 occasio
3328 4798 3436 4851 est.

2050 4886 2290 4962 5389.
2311 4886 2388 4959 (6)
2403 4887 2700 4952 Quorsum
2713 4899 2836 4939 non
2850 4883 3015 4956 prius
3038 4884 3361 4941 assuevisti
3379 4883 3453 4940 de
3467 4899 3628 4941 mor-

1972 4977 2075 5035 tali
2094 4976 2347 5035 mortale
2369 4973 2666 5049 quiddam
2707 4974 2946 5045 sentire,
2963 4973 3068 5029 sed
3090 4978 3348 5031 mortem
3370 4973 3479 5031 ﬁlii
3500 4990 3629 5030 sus-

1970 5067 2183 5141 cepisti
2203 5069 2419 5140 prteter
2439 5063 2988 5136 exspectationem?
3012 5066 3187 5121 Ortus
3208 5064 3314 5120 ﬁlii
3344 5080 3484 5122 cum
3518 5064 3629 5121 tibi

1970 5411 2145 5481 inira,
2170 5412 2613 5482 συνοικήσουσαν,
2638 5410 2696 5464 et
2725 5407 2989 5482 καταμελή
3000 5427 3092 5462 σου
3102 5426 3217 5461 σαν.

2072 5484 2125 5555 lt)
2157 5485 2241 5538 Ex
2270 5481 2442 5555 epist.
2474 5496 2535 5549 v,
2556 5482 2647 5536 78.

2075 5556 2125 5626 5)
2156 5556 2238 5610 Ex
2266 5554 2439 5626 epist.
2467 5567 2585 5626 ccc,
2607 5555 2732 5609 436.

2054 5624 2127 5697 (6)
2157 5628 2238 5682 Ex
2268 5624 2436 5683 hom.
2464 5625 2528 5681 in
2557 5630 2741 5683 mari.
2765 5624 3065 5697 Juliltam,
3098 5625 3188 5678 73.
