4084 6372
614 264 752 320 1275

1601 257 1971 319 APPENDIX.
2011 286 2080 300 —-
2120 254 2473 315 SYMEONIS
2511 253 3038 324 METAPHRASTAS

3786 268 3885 325 1276

609 360 792 446 l‘etur.
817 392 897 445 Ac
934 388 1124 445 tristia
1154 388 1404 462 quidem
1441 386 1762 460 ejusmodi,
1785 390 1842 442 et
1865 385 1960 442 his
1989 384 2222 454 majora

2295 384 2340 436 Α
2375 387 2518 458 ἡμῶν
2573 397 2664 441 τοῦ
2711 399 2947 466 σώματος
2995 390 3370 466 ἀπερρήγνυτο.
3421 388 3576 443 Ἀλλὰ
3624 393 3683 442 τὰ
3727 396 3798 463 μιν
3833 392 3887 445 iv-

612 480 717 535 sed
738 497 874 550 quze
905 480 966 534 in
994 480 1086 534 his
1101 495 1238 552 quas
1260 485 1589 535 evenerunt
1608 476 1978 534 consolatio?
2000 475 2263 530 Primum

612 569 862 642 quidem
890 569 1103 640 vigens
1133 569 1236 625 illa
1265 569 1344 626 ab
1378 569 1545 624 initio
1575 569 1669 624 lex
1699 568 1797 624 Dei
1829 566 2032 636 nostri,
2063 579 2265 620 neces-

614 673 676 712 se
707 658 958 713 omnino
1010 673 1166 723 esse,
1213 663 1278 714 ut
1318 658 1593 730 quisquis
1650 661 1828 712 natus
1867 655 2060 723 fuerit,
2109 658 2264 708 stato

614 751 887 819 tempore
927 747 1001 801 de
1041 747 1161 803 vita
1188 753 1376 803 exeat.
1419 749 1475 803 Si
1522 747 1702 816 igitur
1733 746 1818 800 sic
1851 760 1945 800 res
1977 743 2264 798 humanae

616 837 695 892 ab
735 837 927 892 Adam
976 836 1054 892 ad
1100 841 1308 891 nostra
1363 851 1556 908 usque
1603 841 1878 905 tempora
1930 832 2262 887 constitutae

616 929 776 991 sunt,
809 940 1161 980 communes
1176 930 1404 980 natura;
1426 925 1602 997 540
1625 939 1803 980 casus
1823 922 2026 978 animo
2055 921 2265 992 iniquo

614 1030 690 1070 ne
727 1014 1012 1073 feramus,
1037 1014 1144 1068 sed
1173 1014 1404 1069 Domini
1432 1029 1577 1083 erga
1606 1029 1718 1069 nos
1749 1011 2265 1083 dispensationem

616 1103 1063 1174 amplectamur.
1083 1107 1161 1173 (1)
1191 1109 1271 1158 Ac
1304 1119 1542 1175 semper
1561 1102 1809 1175 quidem
1830 1100 1987 1156 utilis
2009 1099 2264 1170 Scriptu-

613 1204 821 1247 rarum
852 1192 1146 1255 doctrina,
1181 1193 1286 1249 sed
1329 1193 1595 1250 maxime
1647 1190 1953 1262 ejusmodi
1983 1190 2264 1262 tempori-

611 1280 747 1336 bus.
782 1284 1074 1338 Memento
1104 1282 1286 1352 igitur
1314 1281 1449 1338 latae
1489 1298 1527 1338 a
1566 1283 1843 1337 Creatore
1880 1284 2086 1336 nostro
2125 1294 2263 1334 sen-

614 1370 833 1438 tentiae,
862 1385 970 1441 per
989 1385 1177 1442 quam
1207 1377 1508 1444 quotquot
1537 1387 1611 1426 ex
1631 1375 1790 1427 terra
1813 1369 1928 1425 orti
1949 1384 2182 1434 sumus,
2203 1368 2264 1422 in

611 1461 831 1513 terram
857 1460 1215 1516 revertimus
1239 1461 1287 1497 3'
1313 1479 1326 1513 :
1354 1476 1467 1516 nec
1506 1459 1836 1531 quisquam
1867 1458 1948 1514 ita
1976 1473 2261 1528 magnus,

611 1550 677 1602 ut
705 1546 1090 1604 dissolutioni
1129 1565 1252 1605 non
1284 1549 1358 1606 sit
1387 1549 1712 1606 obnoxius.
1741 1546 2146 1603 Admirandus
2168 1545 2265 1601 ille

611 1637 702 1692 vir
727 1643 854 1694 erat
881 1639 1133 1710 quidem
1173 1640 1430 1696 eximius
1478 1645 1535 1696 et
1576 1654 1863 1708 magnus,
1891 1642 1950 1694 et
1998 1637 2268 1708 corporis

613 1726 816 1782 robori
833 1743 1044 1800 parem
1059 1729 1296 1785 habens
1319 1730 1506 1784 animi
1527 1729 1825 1798 virtutem,
1843 1727 2032 1783 fateor
2047 1730 2103 1782 et
2130 1741 2264 1795 ego;

2373 480 2519 552 πηρὰ
2561 488 2810 548 τοιαῦτα,
2856 488 2946 534 καὶ
2985 485 3148 553 μείζω
3185 483 3377 533 τούτων
3413 500 3426 513 ο
3469 482 3497 537 ἡ
3541 476 3598 532 δὲ
3642 479 3715 532 ἐπὶ
3746 486 3888 542 τούτοις

2373 571 2687 640 παραμυθία
2722 576 2842 638 τίς;
2891 573 2951 624 ’Π
2997 572 3050 634 ἐξ
3099 569 3271 644 ἀρχῆς
3303 577 3655 643 κεκρατηκυία
3688 579 3766 621 τον
3801 579 3887 624 Θεοῦ

2375 657 2520 728 ἡμῶν
2576 663 2858 732 νομοθεσία
2886 683 2898 695 ο
2955 665 3015 713 τὸ
3054 670 3251 733 χρῆναι
3299 662 3500 721 πάντως
3544 662 3625 710 τόν
3655 660 3717 721 εἰς
3749 664 3887 730 γένεσι,

2373 745 2730 820 παρελθόντα,
2794 757 2903 811 τοῖς
2965 751 3265 806 καθήκουσι
3319 753 3535 822 χρόνοις
3598 747 3779 800 ἀπιέναι
3833 759 3887 801 τοὺ

2377 833 2520 908 βίου.
2552 840 2610 890 Εἰ
2649 835 2737 891 οὖν
2787 841 2954 902 ούτως
2992 839 3093 892 ἀπὸ
3134 835 3310 910 Ἀδὰμ
3338 842 3531 912 μέχρις
3576 839 3711 909 ἡμῶν
3748 841 3800 888 τὰ
3838 837 3888 888 5:.-

2377 927 2611 998 θρώπινα
2677 925 3057 995 διατέτακται,
3113 933 3183 1001 μὴ
3263 926 3626 999 ἀγανακτῶμεν
3689 925 3762 978 ἐπὶ
3824 936 3889 985 τοῖς

2374 1023 2560 1076 κοινοῖς
2607 1024 2700 1078 τῆς
2758 1021 2960 1089 φύσεως
3003 1021 3147 1090 ἡμῶν
3191 1018 3536 1089 παθήμασιν,
3582 1014 3702 1066 ἁ)λά
3735 1013 3887 1068 καταδι-

2373 1108 2596 1177 χὼμεθα
2633 1111 2726 1164 τὴν
2768 1107 2842 1180 ἐφ’
2892 1110 3017 1180 ἡμῖν
3062 1115 3153 1161 τού
3193 1112 3454 1160 Δεσπότου
3495 1105 3784 1177 οἰκονομίαν.
3808 1109 3889 1158 Πιο-

2373 1213 2488 1246 τοτε
2516 1199 2605 1267 μεν
2643 1200 2741 1270 γαρ
2773 1201 3047 1269 χρήσιμον
3081 1200 3140 1249 τὸ
3187 1205 3288 1248 τῶν
3334 1202 3548 1270 Γραγῶν
3578 1191 3888 1250 διδασκαλεῖον.

2373 1283 2606 1355 μάλιστα
2636 1281 2696 1338 δὲ
2736 1284 2818 1337 ἐπὶ
2862 1295 2962 1338 τῶν
3007 1289 3255 1339 τοιούτων
3297 1293 3514 1360 καιρῶν.
3554 1286 3802 1341 Μνὴσθητι
3829 1289 3891 1334 τοί-

2373 1393 2461 1423 νυν
2503 1381 2598 1435 τῆς
2628 1381 2720 1425 τοῦ
2749 1379 3023 1435 κτίσαντος
3053 1377 3190 1448 ἡμᾶς
3229 1373 3572 1447 ἀποφάσεως,
3597 1369 3665 1425 δι’
3691 1371 3740 1432 ἧς
3771 1375 3890 1430 nam;

2375 1463 2424 1512 οἱ
2470 1460 2526 1512 ἐκ
2580 1470 2675 1523 τῆς
2725 1472 2824 1534 γῆς
2873 1467 3088 1536 φύντες,
3130 1463 3283 1516 πάλιν
3327 1463 3394 1524 εἰς
3439 1468 3534 1522 τὴν
3574 1472 3668 1534 γῆν
3711 1463 3889 1531 ὑποστρέ-

2376 1570 2531 1622 φομεν
2568 1573 2580 1585 ο
2622 1556 2712 1604 καὶ
2750 1549 2922 1614 οὐδεὶς
2963 1554 3098 1606 οὕτω
3138 1557 3316 1626 μέγας,
3353 1557 3490 1605 ὥστε
3531 1551 3706 1625 βελτίω
3740 1559 3890 1622 φανῆναι

2377 1650 2466 1700 τῆς
2512 1638 2820 1704 διαλύσεως.
2863 1643 3030 1704 Καλός
3077 1647 3168 1716 μὲν
3222 1639 3310 1696 ούν
3353 1648 3446 1695 καὶ
3494 1646 3648 1715 μέγας
3688 1644 3710 1694 6
3749 1643 3891 1711 θαυμα-

2380 1733 2502 1792 στὸς
2557 1730 2760 1797 ἐκεῖνος,
2813 1737 2900 1784 καὶ
2954 1731 3226 1804 ἐφάμιλλος
3275 1739 3336 1802 τῇ
3397 1731 3548 1805 ῥώμῃ
3600 1737 3685 1784 τοῦ
3726 1737 3891 1801 σώματος

611 1815 841 1871 nemini
874 1833 1018 1873 sane
1056 1817 1120 1872 in
1148 1823 1406 1891 utroque
1437 1817 1765 1886 secundus,
1794 1815 1902 1872 sed
1931 1821 2134 1872 tamen
2165 1815 2224 1870 h<

2303 1836 2346 1891 B
2377 1824 2470 1876 τὴν
2501 1828 2596 1882 τῆς
2638 1820 2826 1892 ψυχῆς
2867 1821 3075 1894 ἀρετὴν,
3142 1825 3277 1893 φημὶ
3325 1819 3512 1891 κάγώ’
3558 1819 3774 1890 οδμεδοθθ
3804 1820 3890 1887 57-“

614 1920 718 1960 mo
746 1910 892 1972 erat,
921 1911 978 1962 et
997 1912 1272 1963 mortuus
1292 1913 1400 1978 est,
1430 1913 1493 1964 ut
1511 1907 1726 1974 Adam,
1749 1911 1810 1962 ut
1836 1908 1977 1972 Noe,
1999 1910 2064 1960 ut
2089 1904 2271 1960 Abra-

615 1995 784 2065 ham,
820 2000 881 2051 ut
911 1999 1116 2068 Moses,
1155 2003 1218 2053 ut
1247 1997 1399 2054 alius
1421 1997 1843 2070 quivis,quem
1865 1994 2138 2067 ejusdem
2164 2009 2267 2050 na-

615 2086 764 2140 tura;
793 2086 1150 2158 participem
1181 2087 1612 2143 nominaveris.
1639 2086 1713 2156 (2)
1746 2088 1940 2142 Unum
1972 2084 2136 2140 enim
2184 2097 2270 2138 re-

613 2187 754 2229 vera
779 2174 1088 2246 exemplar
1111 2180 1347 2232 naturaa
1378 2175 1664 2230 humanm
1694 2175 1893 2229 virum
1929 2173 2103 2228 illum
2125 2173 2268 2227 Con-

610 2261 768 2318 ditor
813 2269 1016 2319 noster
1040 2270 1383 2330 creaverat;
1413 2263 1575 2319 unde
1613 2278 1826 2319 omnes
1863 2263 1924 2317 in
1963 2277 2102 2316 eum
2131 2276 2271 2315 con-

531 2389 540 2396 -
605 2351 968 2422 jiciebantur
1006 2353 1185 2421 oculi,
1216 2357 1273 2409 et
1307 2353 1517 2423 lingua
1551 2353 1750 2409 omnis
1809 2368 1904 2406 res
1933 2350 2092 2406 illius
2116 2365 2270 2422 prte-

613 2439 860 2495 dicabat
885 2458 898 2507 ;
927 2439 1187 2512 pictores
1215 2445 1419 2497 autem
1449 2447 1505 2497 et
1537 2441 1807 2497 statuarii
1837 2440 2047 2496 formte
2079 2437 2270 2506 digni-

611 2530 797 2582 tatem
827 2529 1074 2600 assequi
1110 2544 1232 2585 non
1269 2533 1583 2601 poterant;
1614 2529 1883 2586 historici
1927 2543 2094 2596 vero,
2119 2526 2266 2582 dum

609 2631 705 2672 res
736 2617 1020 2689 praeclare
1045 2618 1106 2672 in
1124 2619 1282 2675 bello
1308 2623 1511 2689 gestas
1541 2618 1824 2681 referunt,
1843 2618 1902 2672 in
1925 2617 2268 2673 fabularum

609 2706 1052 2763 incredibilium
1099 2707 1559 2766 incommodum
1604 2709 1897 2764 incidunt.
1946 2709 2142 2771 Quare
2192 2721 2268 2760 ne

611 2795 832 2851 adduci
867 2797 1114 2868 quidem
1134 2797 1404 2870 plerique
1430 2803 1727 2870 poterant,
1752 2802 1818 2854 ut
1836 2797 2016 2853 famae
2039 2795 2266 2852 tristem

609 2884 780 2940 illum
809 2888 1089 2942 nuntium
1113 2887 1553 2942 circumferenti
1578 2887 1914 2949 crederent,
1939 2890 2044 2942 aut
2073 2884 2270 2940 omni-

611 2992 692 3032 no
722 2981 1028 3032 mortuum
1062 2993 1190 3032 esse
1225 2977 1399 3034 talem
1427 2979 1624 3033 virum
1656 2977 2005 3033 faterentur.
2042 2975 2157 3033 Sed
2183 2981 2268 3032 ta-

609 3081 751 3122 men
783 3080 1104 3137 perpessus
1151 3072 1263 3134 est,
1293 3083 1430 3139 quae
1476 3071 1532 3122 et
1573 3065 1724 3122 caelo
1755 3071 1814 3122 et
1865 3065 1973 3121 soli
2005 3069 2062 3122 et
2098 3069 2266 3120 terrae

611 3155 902 3212 accident.
927 3157 1006 3225 (3)
1050 3159 1134 3212 Ita
1165 3155 1345 3226 igitur
1373 3155 1567 3211 dolori
1595 3155 1928 3225 moderare,
1962 3159 2026 3211 ut
2068 3169 2267 3225 neque

609 3245 778 3301 illum
811 3246 1018 3303 animo
1049 3247 1353 3319 projicias,
1378 3262 1579 3320 neque
1609 3263 1646 3303 a
1680 3246 1915 3304 tristitia
1941 3245 2266 3303 absorbea-

606 3335 710 3391 ris.

680 3427 770 3481 12.
794 3427 869 3489 (4)
893 3427 1006 3481 Eos
1036 3429 1258 3488 autem,
1290 3426 1398 3498 qui
1422 3425 1572 3481 dum
1603 3425 1842 3494 vivunt,
1871 3428 2084 3482 mutuo
2127 3439 2264 3482 con-

607 3513 968 3584 junguntur,
993 3531 1063 3570 ac
1082 3514 1300 3570 deinde
1317 3519 1508 3570 morte
1536 3531 1572 3571 a
1593 3531 1658 3570 se
1688 3515 1947 3570 invicem
1970 3515 2264 3572 divellun-

611 3607 726 3669 tur,
752 3603 1079 3660 viatoribus
1127 3604 1326 3672 cogita
1369 3620 1495 3660 non
1534 3620 1666 3662 esse
1703 3604 2033 3672 absimiles,
2076 3621 2266 3662 unam

613 3696 671 3748 et
694 3693 974 3749 eamdem
1013 3692 1294 3750 euntibus
1327 3695 1506 3763 viam,
1535 3698 1593 3750 et
1632 3700 1876 3767 propter
1918 3695 2266 3750 continuam

611 3781 768 3838 inter
789 3797 851 3838 se
873 3781 1429 3839 contabulationem
1457 3783 1899 3840 necessitudine
1925 3787 2107 3856 atque
2129 3799 2268 3840 con-

612 3872 927 3928 suetudine
958 3872 1271 3928 devinctis.
1324 3873 1390 3929 Hi
1434 3878 1573 3945 post
1601 3889 1920 3930 emensum
1948 3875 2058 3930 iter
2105 3890 2267 3931 com-

610 3978 815 4031 mune,
840 3963 946 4018 ubi
968 3967 1193 4019 sectam
1217 3963 1377 4019 viam
1401 3964 1748 4036 repererint,
1767 3965 2118 4022 necessitate
2134 3965 2266 4036 jam

609 4055 862 4120 cogente
892 4055 958 4106 ut
1000 4053 1150 4108 alter
1174 4052 1252 4108 ab
1283 4052 1468 4108 altero
1504 4057 1836 4124 separetur,
1872 4069 2263 4126 nequaquam

612 4139 1048 4196 consuetudine
1086 4141 1309 4197 detenti
1338 4141 1654 4212 negligant
1693 4143 1860 4214 quod
1905 4143 2016 4199 sibi
2045 4159 2240 4216 propo

611 4233 856 4285 suerant
885 4246 897 4284 :
933 4229 1038 4285 sed
1087 4245 1336 4287 causam
1365 4247 1501 4303 quas
1550 4247 1613 4286 se
1654 4231 1822 4290 initio
1853 4232 2164 4304 compulit,
2202 4233 2265 4288 in

609 4319 970 4376 memoriam
1011 4324 1390 4392 revocantes,
1419 4320 1500 4377 ad
1528 4336 1704 4378 suam
1751 4321 2007 4394 quisque
2039 4327 2264 4378 metam

610 4408 1001 4465 contendunt.
1036 4409 1564 4475 Quemadmodum
1611 4410 1793 4479 igitur
1827 4411 1924 4466 his
1955 4409 2108 4466 alius
2138 4415 2266 4468 erat

612 4497 726 4554 vias
751 4513 998 4571 scopus,
1032 4498 1365 4556 intercessit
1385 4503 1587 4556 autem
1614 4515 1689 4556 ex
1712 4499 2148 4557 consuetudine
2178 4501 2266 4557 in-

612 4592 702 4644 ter
725 4587 911 4660 ipsos,
945 4604 1086 4644 cum
1114 4589 1223 4646 iter
1253 4590 1537 4657 facerent,
1560 4591 1947 4647 necessitudo
1977 4591 2265 4664 quaedam

611 4691 683 4734 ac
712 4677 1086 4735 familiaritas
1119 4697 1132 4733 :
1171 4679 1257 4734 sic
1293 4679 1477 4737 etiam
1518 4679 1591 4736 iis
1629 4680 1734 4752 qui
1757 4681 1982 4753 nuptiis
2013 4685 2118 4738 aut
2146 4681 2266 4739 alia

612 4765 905 4838 quapiam
924 4767 1057 4824 vitm
1085 4767 1367 4825 societate
1397 4769 1708 4840 conjuncti
1737 4774 1896 4833 sunt,
1927 4769 2040 4826 fuit
2058 4769 2264 4842 procul

611 4854 798 4910 dubio
835 4856 1206 4926 praestitutus
1256 4859 1538 4931 proprius
1580 4857 1833 4931 quidam
1877 4859 2014 4916 vitai
2059 4859 2264 4916 termi-

614 4959 729 5000 nus
767 4960 780 5009 ;
818 4944 925 5000 sed
956 4950 1160 5003 tamen
1189 4947 1354 5020 ipsos
1380 4948 1534 5005 inter
1560 4963 1625 5004 se
1654 4949 2010 5020 coniunctos
2036 4950 2265 5023 prtede-

612 5031 820 5088 ﬁnitus
847 5033 981 5090 vitae
1028 5035 1167 5092 ﬁnis
1212 5038 1557 5095 necessario
1609 5039 1910 5112 separavit
1944 5056 2016 5097 ac
2064 5041 2262 5112 sejun-

610 5122 718 5180 xit.
749 5123 830 5196 (5)
869 5125 1076 5196 Itaque
1104 5126 1259 5196 grati
1301 5127 1491 5186 animi
1539 5127 1718 5186 fuerit
1749 5144 1876 5187 non
1914 5145 2072 5201 aegre
2109 5129 2274 5189 ferre

682 5317 732 5352 ⁸ο
749 5317 894 5374 Gen.
923 5332 1000 5389 Ill,
1038 5320 1126 5374 i9.

681 5511 758 5584 (1)
789 5513 879 5584 Ex,
901 5510 1074 5584 epist.
1101 5523 1320 5580 CCLXIX,
1341 5511 1468 5568 415.

691 5580 762 5652 (2')
797 5580 972 5652 lbidf,
996 5582 1122 5639 416.

687 5650 763 5722 (3)
789 5651 936 5710 Ibid.

2378 1907 2666 1982 ύπερϐολὴν
2724 1910 2794 1971 εἰς
2861 1911 3114 1986 ἑκάτερα,
3175 1909 3285 1962 ἀλλ’
3338 1911 3477 1982 ὅμως
3535 1911 3797 1981 ἄνθρωπος,
3837 1912 3890 1957 καὶ

2378 1999 2649 2067 τέθνηκεν,
2708 2001 2772 2058 ὡς
2826 1996 3040 2072 Ἀδὰμ,
3114 2003 3184 2061 ὡς
3238 2006 3385 2067 Νῶε,
3449 2001 3516 2059 ὡς
3569 1997 3806 2072 Ἀϐραὰμ,
3851 1998 3891 2051 ὡς

2380 2093 2629 2153 Μωύσῆς,
2659 2089 2724 2148 ὡς
2773 2086 2948 2140 ὅντινα
2976 2087 3036 2140 ἂν
3085 2091 3230 2161 εἴπης
3272 2097 3372 2140 τῶν
3424 2096 3520 2150 τῆς
3570 2087 3714 2146 αὐτῆς
3755 2087 3890 2156 φύσεως

2379 2179 2775 2249 μετασχόντων.
2813 2175 2897 2230 Ἐν
2942 2185 3012 2248 τῷ
3051 2181 3160 2231 ὅντι
3203 2173 3507 2250 ὑπόδειγμα
3536 2186 3629 2237 τῆς
3660 2174 3890 2248 ἀνθρωπείας

2381 2270 2583 2339 φύσεως
2625 2270 2713 2319 τὸν
2766 2265 2939 2343 ἄνδρα
2991 2268 3180 2322 ἐκεῖνον
3220 2270 3246 2321 6
3292 2273 3482 2328 κτίσας
3524 2270 3659 2340 ἡμᾶς
3693 2262 3890 2336 ἐδημιούρ-

2378 2374 2540 2425 γησεν
2569 2376 2582 2388 ·
2636 2358 2770 2409 ὥστε
2812 2358 2998 2418 πάντες
3047 2359 3138 2429 μὲν
3188 2355 3450 2429 ὀφθαλμοὶ
3496 2358 3621 2429 πρὸς
3668 2353 3790 2406 αὐτόν
3823 2349 3888 2418 ἐγέ-

2378 2462 2526 2516 ροντο
2556 2465 2568 2476 ο
2610 2450 2757 2496 πᾶσα
2795 2440 2853 2496 δὲ
2881 2444 3098 2516 γλῶσσα
3135 2446 3202 2498 τὰ
3237 2445 3352 2498 κατ’
3379 2445 3540 2497 αὐτὸν
3572 2440 3770 2514 διεξῄειν
3801 2457 3886 2509 χοα-

2380 2541 2483 2605 φεῐς
2539 2529 2598 2588 δε
2666 2539 2756 2586 καὶ
2827 2537 3058 2587 πλάσται
3121 2542 3218 2596 τῆς
3279 2533 3434 2598 ἀξίας
3509 2533 3878 2605 ἀπελίμπένοντο⁶

2381 2624 2640 2694 ἱστορικοὶ
2680 2619 2740 2676 δε
2794 2620 3000 2699 ἄνδρες,
3045 2627 3112 2678 τὰ
3146 2624 3260 2677 κατ’
3303 2623 3496 2698 ἀρετὴν
3538 2621 3876 2696 ἀνδραγαθήματα

2381 2707 2754 2783 διηγούμενοι,
2799 2716 2931 2785 πρὸς
2969 2718 3065 2771 τὴν
3112 2721 3211 2767 τῶν
3263 2715 3447 2786 μύθων
3487 2713 3783 2766 ἐκπίπτουσιν
3811 2706 3886 2755 m-

2382 2805 2549 2855 στίαν.
2601 2800 2753 2854 Ὅθεν
2791 2799 2915 2854 ούὸε
2963 2805 3228 2856 πιστεύειν
3280 2803 3557 2874 ἠνείχοντο
3597 2803 3645 2852 οἱ
3684 2797 3819 2850 πολλοὶ
3847 2798 3883 2861 τῇ

2379 2893 2524 2962 φήμῃ
2597 2894 2690 2948 τὴν
2741 2893 3059 2963 σκυθρωπὴν
3118 2890 3360 2962 ἀγγελίαν
3431 2893 3764 2966 περιαγούση,
3812 2875 3886 2932 οὐδε

2377 2973 2776 3048 καταδέχεσθαι
2827 2979 2978 3046 ὢως,
3034 2982 3114 3033 ὅτι
3161 2981 3404 3037 τέθνηκεν
3456 2984 3482 3032 ὁ
3533 2985 3762 3034 τοιοῦτος.
3804 2966 3877 3020 'Aii.

2379 3067 2518 3139 ὅμως
2546 3070 2792 3120 πέπονθεν
2823 3068 2858 3120 οἱ
2901 3073 2990 3122 καὶ
3034 3069 3236 3143 οὐρανῷ
3283 3073 3374 3121 καὶ
3421 3069 3550 3140 ἡλίῳ
3593 3069 3674 3121 καὶ
3708 3071 3763 3135 γῇ
3804 3078 3887 3126 ‘7’?“

2381 3153 2622 3212 ϐήσεται.
2673 3157 2826 3210 Ούτω
2863 3163 3034 3210 τοίνυν
3079 3161 3135 3211 τὸ
3189 3159 3353 3220 πάθος
3404 3162 3676 3232 μέτρησον,
3715 3156 3769 3213 ὡς
3809 3152 3889 3220 μέτε

2382 3242 2608 3297 ἐκϐαλεῖν
2655 3253 2744 3308 τῆς
2801 3243 3064 3321 καρδίας,
3131 3252 3261 3320 μήτε
3322 3248 3680 3306 καταποθῆναι
3721 3243 3799 3293 ὑπὸ

2379 3335 2512 3391 λύπη
2520 3354 2540 3395 ς
2549 3371 2561 3384 .

2448 3427 2538 3482 12.
2569 3429 2702 3488 Τούς
2741 3428 2844 3501 γὰρ
2881 3427 3017 3479 κατὰ
3053 3429 3138 3479 τὸν
3170 3425 3288 3498 βίον
3329 3428 3671 3500 συναφθέντας
3711 3415 3888 3475 mihi,

2377 3513 2490 3568 εἶτα
2549 3516 2751 3586 θανάτῳ
2811 3513 3204 3590 διισταμένους,
3264 3513 3570 3586 ὁδοιπόροις
3613 3512 3794 3585 λογίζου
3833 3523 3890 3556 πα·

2374 3607 2720 3683 ραπλησίους,
2777 3628 2900 3681 μιαν
2955 3612 3321 3684 πορευομένοις
3378 3606 3532 3678 ὁδὸν,
3587 3609 3672 3659 καὶ
3717 3599 3792 3655 διὰ
3834 3598 3889 3649 τὶν

2377 3707 2576 3769 συνεχῆ
2626 3698 2736 3770 μετ’
2790 3698 3019 3756 αλλήλων
3075 3695 3352 3771 διατριϐὴν
3405 3699 3661 3752 ἑνωθείσιν
3709 3692 3790 3744 ὑπὸ

2377 3789 2670 3848 συνηθείας.
2719 3788 2784 3840 Οἳ
2839 3783 3036 3841 ἐπειδεν
3079 3792 3173 3846 τὴν
3217 3792 3394 3846 κοινὴν
3445 3783 3568 3840 ὁδὸν
3611 3779 3890 3846 διεξιθ).όντι;ν

2375 3876 2712 3930 καταλάϐωσι
2776 3877 2954 3930 λοιπὸν
3018 3878 3341 3950 σχιζομένην
3393 3878 3578 3946 αὐτὴν,
3644 3883 3727 3934 τῆς
3768 3869 3890 3940 χρείας

2375 3963 2482 4026 ἤδη
2551 3966 2842 4039 ἀναγκαίως
2902 3967 3222 4042 μεριζούσης
3280 3966 3557 4042 ἑκάτερον,
3614 3963 3669 4017 ού
3719 3967 3769 4031 τῇ
3817 3970 3891 4006 συν·

2375 4058 2528 4129 ηθείᾳ
2589 4057 3070 4132 προσκαθεζόμενοι
3130 4055 3383 4129 ἀμελοῦσι
3439 4066 3538 4110 τῶν
3598 4050 3889 4129 προκειμένων,

2375 4145 2503 4199 ἀλλὰ
2551 4154 2649 4209 τῆς
2703 4145 2756 4209 ἐξ
2803 4145 2982 4220 ἀρχῆς
3032 4149 3330 4209 κινησάσης
3382 4147 3574 4208 αύτούς
3629 4143 3776 4198 αἰτίας
3807 4135 3889 4184 πθ·

2371 4237 2720 4308 μνησθέντες,
2783 4238 2916 4308 πρὸς
2969 4239 3028 4288 τὸ
3091 4236 3277 4289 οἰκεῖον
3332 4236 3554 4298 ἕκαστος
3612 4230 3888 4301 ἀποτρέχουσι

2374 4329 2547 4399 πέρας.
2589 4323 2677 4387 Ὦς
2732 4321 2820 4378 οὖν
2876 4324 3088 4387 ἐκεινοις
3123 4325 3271 4386 ἄλλος
3308 4330 3398 4399 μὲν
3453 4323 3514 4385 ἦν
3557 4326 3583 4376 6
3625 4322 3792 4376 σκοπὸς
3832 4317 3889 4402 τῆς

2371 4411 2524 4483 ὁδοῦ,
2576 4413 2763 4472 συνέϐη
2826 4411 2885 4467 δι
2935 4413 3111 4476 αὐτοῖς
3149 4417 3178 4474 ἡ
3225 4419 3361 4469 κατὰ
3407 4421 3502 4474 την
3558 4409 3820 4482 ὁδοιπορία)
3857 4415 3888 4446 α

2369 4512 2464 4565 τῆς
2520 4506 2802 4566 συνηθείας
2847 4504 3148 4568 οἰκείωσις·
3197 4508 3332 4559 οὕτω
3388 4509 3480 4559 καὶ
3537 4510 3634 4562 τοῖς
3684 4498 3726 4551 ἐν
3767 4493 3884 4566 γάμῳι

2372 4595 2401 4654 ἢ
2453 4593 2580 4668 ἄλλη
2629 4599 2735 4648 τινὶ
2783 4599 3024 4667 κοινωνίᾳ
3080 4593 3200 4666 βίου
3254 4599 3597 4668 συνημένοις,
3653 4585 3768 4642 ἰδίου
3808 4593 3883 4649 7'.”

2371 4687 2536 4738 έκειτο
2595 4681 2842 4742 δηλονότι
2893 4693 2987 4744 τῆς
3037 4688 3172 4748 ζωῆς
3233 4687 3293 4738 τὸ
3340 4688 3497 4759 πέρας
3535 4700 3550 4715 ο
3620 4674 3881 4746 συναφθέντα

2375 4769 2434 4828 δὲ
2498 4771 2772 4844 ἀλλήλοις,
2837 4771 3135 4845 ἀναγκαίως
3197 4777 3256 4826 τὸ
3321 4759 3880 4860 προδιατεταγμένρνςτὲς

2373 4863 2514 4925 ζωῆς
2540 4863 2683 4925 τέλος
2721 4862 2948 4938 ἐχώρισε
2985 4868 3075 4917 καὶ
3119 4859 3352 4920 διέλυσε,
3392 4863 3711 4935 Εὐγνώμονος
3733 4849 3778 4905 δὲ
3804 4849 3875 4936 διας

2370 4957 2546 5023 νοίας,
2597 4952 2690 5005 ούκ
2745 4950 2829 5005 ἐπὶ
2893 4961 2965 5024 τῷ
3019 4961 3284 5026 χωρισμῷ
3341 4949 3616 5026 δυσφόρως
3669 4950 3779 5018 ἔχειν
3810 4947 3867 5028 ,τεν

2375 5043 2736 5114 συναφθέντος,
2781 5040 2890 5095 ἀλλ’
2939 5044 3024 5096 ἐπὶ
3070 5049 3131 5115 τῇ
3182 5041 3248 5105 αξ
3285 5041 3462 5116 ἀρχῆς
3510 5041 3743 5110 «uenosi;
3765 5035 3859 5097 μετ’

2370 5133 2515 5204 ἔχειν
2565 5139 2641 5204 τῷ
2698 5131 3155 5209 συγκληρῶσαντι.
3187 5135 3254 5186 Σύ
3302 5127 3386 5201 δὲ,
3414 5134 3501 5186 καὶ
3530 5132 3609 5184 ὅτε
3649 5125 3786 5198 περᾶν
3816 5121 3870 5159 σδί

2558 5521 2834 5653 ξῶἑιοω.
2863 5523 2928 5581 in
2957 5529 3142 5583 mart.
3163 5524 3472 5595 Julzttam,
3497 5523 3585 5582 38.
