4084 6390
205 313 225 365 1
236 310 342 365 277

1256 305 1487 367 SERMO
1516 306 1625 365 ΧΠ.
1658 335 1728 353 --
1751 306 1844 365 DE
1867 304 2065 366 ANIMI
2104 306 2553 367 DEJECTIONE.

3427 308 3568 369 1278

200 436 227 486 ὁ
262 433 389 508 ἀνὴρ
421 434 451 493 ἦ
488 436 547 487 τὸ
575 430 810 503 παιδίον,
860 436 891 494 ἡ
940 435 1113 487 ὁτιοῦν
1156 433 1223 486 ὧν
1271 431 1437 509 ὀδύρῃ
1490 405 1618 500 νῦν,
1672 432 1800 506 ούχὶ

1911 435 2355 505 separationem
2374 433 2531 491 illius
2557 434 2664 508 qui
2690 435 3049 507 conjunctus
3100 434 3296 493 fuerat
3326 455 3337 492 :
3373 435 3483 492 sed
3512 435 3566 492 ei

201 528 366 599 ’χάριν
414 525 553 596 εἶχες
611 533 710 577 τῶν
766 528 1034 596 παρόντων
1084 531 1155 593 τῷ
1214 522 1493 596 δεδωκότι,
1552 523 1661 577 ἀλλ’
1718 523 1800 576 ἑν-

204 614 401 676 εκάλεις
448 616 576 687 ὑπερ
620 621 720 666 τῶν
778 614 1151 687 ἐλλειφθέντων.
1199 614 1260 667 Εἰ
1310 618 1401 688 μὲν
1451 610 1607 689 ἀνδρὶ
1661 618 1801 686 μόνῳ

205 709 473 770 συνώκεις,
529 705 611 755 ὅτι
657 708 729 777 μὴ
784 701 971 765 παῖδες
1022 701 1158 763 ἦσαν
1214 706 1355 767 οἵους
1403 701 1634 757 ἐϐούλου·
1671 703 1714 755 εἰ
1743 700 1802 756 δὲ

201 797 293 845 καί
350 789 532 854 παῖδες
586 801 853 869 παρῆσαν,
919 795 1001 847 ὅτι
1056 799 1129 867 μὴ
1191 794 1606 867 ύπερεπλούτεις.
1666 792 1803 865 Ὅρα

200 887 395 951 τοίνυν,
440 887 642 954 μήποτε
679 883 825 937 αὐτοὶ
876 883 1075 945 ἑαυτοῖς
1127 881 1415 956 ἀναγκαίας
1454 891 1555 935 τῶν
1612 882 1800 956 φιλτά-

199 991 301 1023 των
348 974 445 1034 τὰς
496 979 770 1046 στερήσεις
818 974 1311 1047 κατασκευάζωμεν·
1364 978 1632 1047 παρόντων
1687 977 1796 1046 μεν,

200 1062 296 1114 ούκ
362 1062 767 1136 αἰσθανομενοι,
830 1063 1186 1139 παρελθόντων
1251 1059 1348 1132 δὲ,
1414 1067 1799 1138 περιεχόμενοι.

201 1147 417 1209 Ἐπειδὴ
467 1154 569 1227 γὰρ
636 1157 1024 1229 παρακειμένων
1096 1161 1197 1206 τῶν
1265 1151 1322 1206 ἐκ
1392 1160 1528 1206 Θεοῦ
1592 1154 1800 1224 ἀγαθῶν

200 1241 296 1292 οὐκ
349 1242 785 1317 εὐχαριστοῦμεν,
838 1242 1102 1317 ἀναγκαία
1155 1245 1280 1317 ἡμῖν
1326 1246 1359 1302 ἠ
1408 1242 1683 1318 ἀφαίρεσις
1708 1239 1803 1295 διὰ

198 1335 293 1388 τὴν
343 1333 595 1390 αἴσθησιν
646 1336 867 1404 γίνεται.
923 1340 1123 1409 Ὠσπερ
1170 1335 1274 1407 γὰρ
1328 1332 1377 1384 οἰ
1433 1331 1690 1405 ὀφθαλμοὶ
1740 1335 1800 1384 τὸ

201 1421 336 1491 ἄγαν
374 1426 706 1494 προκείμενον
744 1423 851 1494 ούχ
898 1424 1110 1495 ὁρῶσιν,
1168 1421 1295 1474 ἀλλὰ
1351 1418 1558 1475 δέονται
1599 1425 1800 1494 συμμί-

197 1529 325 1584 τρου
352 1514 494 1573 τινὸς
522 1510 883 1574 ἀποστάσεως⁸
923 1512 1056 1565 οὕτω
1111 1516 1201 1565 καὶ
1255 1511 1311 1563 αἱ
1360 1510 1650 1583 ἀχάριστοι
1702 1510 1804 1582 ψυ-

197 1604 302 1670 χαὶ
332 1597 563 1652 ἐοίκασιν
602 1599 652 1652 ἐν
672 1607 735 1672 τῇ
762 1599 1097 1673 ἀλλοτριώσει
1136 1618 1236 1652 των
1286 1599 1493 1671 ἀγαθῶν
1536 1608 1627 1661 τῆς
1669 1618 1802 1674 παρ-

198 1688 449 1749 ελθούσης
513 1689 740 1764 χάριτος
823 1689 1274 1746 ἐπαισθάνεσθαι.
1345 1688 1466 1742 Ὀτε
1523 1690 1624 1763 γὰρ
1681 1687 1801 1741 ἀπί-

1910 520 2017 593 qui
2057 521 2312 593 hujusce
2356 524 2643 580 consortii
2683 529 2893 580 auctor
2925 524 3140 593 fuerat,
3201 525 3457 595 gratiam
3486 526 3566 582 ob

1910 610 2171 682 primam
2229 614 2719 685 conjunctionem
2749 613 2995 670 habere.
3022 616 3105 669 Tu
3151 629 3396 687 quoque
3424 631 3567 671 cum

1910 704 2216 773 superstes
2267 707 2423 759 esset
2474 703 2566 757 vir
2612 707 2754 758 tuus
2785 742 2800 765 ,
2875 707 2981 759 aut
3025 702 3356 759 infantulus
3398 746 3412 768 .
3466 709 3570 761 aut

1908 806 2032 863 quo
2050 791 2196 848 libet
2225 807 2435 848 eorum
2461 807 2600 866 qua:
2631 808 2792 849 nunc
2814 792 3189 859 lamentaris,
3209 792 3409 851 nullas
3435 809 3568 864 gra-

1909 885 1999 937 tes
2046 881 2424 953 rependebas
2461 882 2766 938 bonorum
2826 882 3210 954 presentium
3258 882 3565 952 largitori:

1909 970 2033 1026 imo
2072 970 2146 1026 de
2167 970 2522 1027 absentibus
2575 971 3063 1044 conquerebaris.
3107 974 3171 1028 Et
3199 972 3469 1045 rquidem
3518 972 3570 1029 si

1911 1060 2143 1132 absque
2164 1060 2331 1132 prole
2358 1077 2497 1118 cum
2536 1062 2663 1118 viro
2698 1060 2987 1133 degebas,
3034 1062 3369 1134 querebare
3400 1063 3569 1136 quod

1907 1149 2014 1205 ﬁlii
2043 1150 2253 1223 quales
2277 1150 2712 1221 desiderasses,
2734 1151 2842 1208 tibi
2863 1167 2988 1208 non
3007 1157 3229 1208 essent:
3247 1153 3341 1208 sin
3365 1158 3568 1209 autem

1907 1238 2183 1296 habebas
2213 1239 2391 1309 ﬁlios,
2417 1240 2668 1297 dolebas
2698 1240 2864 1312 quod
2884 1256 3010 1297 non
3037 1239 3315 1297 aﬂlueres
3328 1241 3566 1297 divitiis.

1912 1331 2089 1395 Cave,
2132 1327 2315 1399 igitur
2346 1344 2423 1385 ne
2454 1329 2603 1386 forte
2651 1329 3147 1386 charissimorum
3172 1331 3569 1403 privationem

1910 1417 2087 1473 nobis
2112 1418 2258 1489 ipsis
2284 1418 2617 1475 reddamus
2647 1419 3085 1486 necessarium,
3121 1435 3260 1475 cum
3288 1435 3413 1476 non
3444 1418 3570 1477 afﬂ-

1911 1506 2147 1563 ciamur
2189 1507 2433 1564 illarum
2456 1508 2808 1580 praesentia,
2859 1508 2967 1564 sed
3024 1508 3283 1565 amissos
3336 1509 3571 1565 deside-

1910 1611 2138 1653 remus.
2179 1597 2480 1663 Quoniam
2509 1598 2672 1654 enim
2696 1613 2809 1670 pro
2866 1599 3268 1669 prtesentibus
3313 1596 3494 1655 bonis
3534 1613 3572 1654 a

1913 1689 2034 1743 Deo
2063 1686 2294 1743 collatis
2320 1692 2520 1758 grates
2551 1702 2676 1744 non
2705 1686 3146 1760 persolvimus:
3178 1688 3315 1744 ideo
3343 1687 3571 1761 privari

195 1777 352 1830 λαυον
389 1787 489 1830 τῶν
514 1782 910 1853 χρηστοτίρων,
952 1776 1199 1853 οὐδεμίαν
1236 1781 1398 1854 χάριν
1440 1786 1512 1850 τῷ
1543 1775 1800 1831 δεδωκότι

1911 1789 2026 1832 nos
2051 1775 2123 1831 iis
2143 1791 2392 1832 necesse
2423 1780 2529 1842 est,
2563 1780 2629 1832 ut
2657 1776 2909 1832 affectus
2934 1781 3139 1833 noster
3186 1775 3356 1849 54],
3410 1792 3573 1833 com-

193 1874 559 1939 γινώσκοντες⁹
611 1870 739 1941 μετά
789 1873 885 1928 τὴν
929 1873 1197 1941 στέρησιν,
1254 1872 1313 1921 τό
1378 1867 1631 1941 παρελθὸν
1697 1886 1800 1940 μα-

192 1957 529 2031 καριζουσιν,
582 1956 717 2010 Ἀλλ’
773 1958 926 2030 ἡμεῖς
985 1956 1193 2030 ἀφέντες
1215 1960 1312 2019 τὰς
1346 1958 1432 2009 ἐπὶ
1460 1964 1564 2017 τοῖς
1604 1955 1801 2010 ἀποῦσι

192 2046 381 2117 λύπας,
430 2042 776 2118 διδαχθῶμεν
840 2051 937 2106 τὴν
979 2047 1063 2100 ἐπὶ
1105 2055 1215 2109 τοῖς
1269 2054 1529 2122 παροῦσιν
1585 2045 1803 2119 εὐχαρι-

198 2139 352 2188 στίαν
383 2131 721 2190 ἀποδιδόναι.
769 2139 1027 2210 Εἶπωμεν,
1080 2136 1132 2190 ἄν
1189 2140 1279 2210 μεν
1325 2144 1442 2198 ταῖς
1493 2139 1801 2212 σκυθρωποτ-

195 2227 374 2296 τέραις
466 2228 811 2298 περιστάσεσι
888 2235 989 2277 τῶν
1078 2229 1439 2302 πραγμάτων,
1506 2233 1581 2297 τῷ
1658 2234 1801 2299 σοφῷ

199 2311 384 2388 ἰατρῷ-
455 2314 536 2366 Ἐν
599 2313 772 2385 θλίχει
835 2321 1003 2390 μικρᾷ
1074 2317 1104 2374 ἡ
1188 2313 1411 2369 παιδεία
1488 2334 1584 2368 σου
1654 2317 1799 2387 ἡμῖν.

194 2404 455 2475 Εῖπωμεν’
505 2403 727 2476 ’Λγαθόν
791 2423 904 2477 μοι,
967 2405 1048 2457 ὅτι
1096 2404 1447 2468 ἑταπείνωσάς
1499 2423 1583 2478 με.
1636 2407 1804 2458 Εἴπω-

194 2511 311 2566 μεν,
341 2494 419 2544 ὅτι
475 2493 587 2545 Οὐκ
660 2492 785 2557 ἄξια
843 2495 911 2546 τὰ
967 2496 1260 2567 παθήματα
1316 2502 1407 2548 τοῦ
1470 2501 1559 2548 νῦν
1615 2500 1803 2569 καιροῦ

194 2584 326 2656 πρὸς
414 2586 510 2640 τὴν
593 2581 880 2653 μέλλουσαν
965 2580 1124 2646 δόξαν
1214 2583 1645 2656 ἀποκαλυφθῆναι
1735 2585 1805 2645 εἰς

194 2673 360 2743 ἡμᾶς.
424 2669 696 2743 Εἰπωμεν,
763 2671 845 2723 ὅτι
909 2671 1095 2743 Ὀλίγα
1160 2670 1228 2723 ὧν
1288 2675 1588 2746 ἡμάρτομεν
1644 2691 1805 2745 μεμα-

199 2760 525 2832 στιγώμεθα.
583 2758 1036 2834 Παρακαλίσωμεν
1100 2764 1187 2812 τὸν
1255 2764 1467 2836 Κύριον,
1526 2762 1606 2813 ὅτι
1674 2766 1805 2815 Παί-

198 2844 390 2901 δευσον
442 2850 619 2921 ἡμᾶς,
682 2851 877 2924 Κύριε,
931 2849 1064 2908 πλὴν
1122 2849 1171 2903 ἐν
1227 2855 1438 2923 κρίσει,
1488 2855 1578 2903 καὶ
1626 2856 1697 2923 μὴ
1754 2851 1803 2904 ἐν

199 2940 386 3009 θυμῷ.
434 2937 797 3011 Ἐλεγχόμενοι
846 2941 950 3015 γὰρ
1012 2940 1114 2992 ὑπὸ
1166 2944 1363 3014 Κυρίου
1417 2936 1799 3013 παιδευόμεθα,

197 3027 283 3077 ῖνα
310 3030 381 3098 μὴ
417 3030 511 3078 σὺν
543 3034 614 3097 τῷ
663 3032 844 3101 κόσμῳ
892 3030 1311 3102 κατακριθῶμεν.
1365 3029 1449 3081 Ἐν
1490 3025 1550 3081 δε
1586 3036 1650 3101 τῇ
1685 3049 1802 3102 φαιο

1911 1868 2246 1922 moveatur.
2276 1864 2808 1931 Quemadmodum
2840 1864 3004 1921 enim
3033 1880 3159 1922 non
3177 1866 3388 1923 vident
3412 1865 3573 1923 oculi

1910 1953 2079 2027 quod
2098 1954 2356 2010 nimium
2368 1969 2592 2026 propro
2613 1953 2930 2010 admotum
2947 1958 3058 2020 est,
3087 1953 3197 2009 sed
3217 1955 3572 2025 congruenti

1909 2043 2115 2116 aliquo
2141 2043 2337 2115 spatio
2364 2042 2664 2115 indigent:
2711 2043 2796 2099 ita
2824 2047 2882 2099 et
2908 2042 3162 2114 ingratas
3211 2044 3431 2100 animae
3461 2058 3571 2116 per

1908 2130 2214 2188 bonorum
2228 2131 2732 2191 abalienationem
2754 2132 3029 2188 videntur
3049 2131 3125 2188 de
3138 2132 3442 2204 praeterito
3468 2133 3572 2190 be-

1908 2220 2128 2277 neﬁcio
2157 2221 2349 2277 afﬁci.
2384 2224 2535 2278 Nam
2560 2237 2703 2277 cum
2725 2220 3067 2277 fruerentur
3111 2220 3312 2290 bonis,
3339 2221 3573 2278 nullam

1910 2314 2039 2367 tum
2067 2312 2327 2380 gratiam
2358 2311 2671 2367 habebant
2693 2310 2968 2381 largitori
2992 2329 3005 2379 ;
3056 2311 3166 2367 sed
3193 2311 3299 2367 ubi
3328 2315 3467 2368 sunt
3500 2311 3571 2367 iis

1912 2402 2204 2477 spoliatas,
2238 2401 2300 2457 id
2330 2402 2535 2473 ipsum
2592 2401 2763 2473 quod
2808 2400 3068 2470 evanuit,
3113 2400 3365 2457 laudant
3415 2400 3572 2458 aesti-

1910 2496 2223 2564 mantque,
2245 2491 2326 2561 (1)
2358 2493 2476 2546 Nos
2507 2493 2709 2547 autem
2739 2505 3063 2546 mmrorem
3092 2505 3168 2546 ex
3205 2490 3277 2546 iis
3305 2506 3443 2563 quin
3460 2489 3571 2546 de-

1910 2586 2051 2639 sunt
2078 2585 2488 2653 emergentem
2518 2580 2942 2647 amandantes,
2973 2580 3282 2637 discamus
3315 2580 3396 2636 ob
3422 2595 3571 2651 prie-

1912 2670 2106 2726 sentia
2134 2669 2357 2739 gratias
2386 2667 2718 2725 exsolvere.
2750 2671 3034 2724 Dicamus
3056 2668 3311 2740 sapienti
3336 2668 3573 2724 medico

1909 2760 1972 2817 in
2003 2757 2363 2815 tristioribus
2414 2772 2617 2812 rerum
2646 2755 3006 2827 infortuniis,
3056 2758 3131 2812 In
3181 2757 3575 2813 tribulatione

1907 2862 2125 2919 parva,
2138 2846 2465 2916 disciplina
2484 2851 2588 2901 tua
2598 2844 3150 2901 nobis“.Dicamus:
3170 2846 3399 2901 Bonum
3421 2845 3574 2901 mihi

1911 2938 2056 3009 quia
2078 2935 2523 2992 humiliastime
2540 2934 2611 2990 ⁸³.
2635 2933 2941 2990 Dicamus:
2962 2935 3087 2989 Non
3101 2941 3242 2991 sunt
3261 2933 3573 3004 condignae

1909 3028 2216 3096 passiones
2230 3024 2413 3094 hujus
2444 3025 2728 3093 temporis
2749 3023 2831 3079 ad
2848 3024 3126 3093 futuram
3148 3025 3411 3095 gloriam
3441 3037 3573 3094 quae

195 3112 423 3191 δροτέρᾳ
486 3122 579 3169 τοῦ
633 3114 756 3190 βίον
816 3113 1054 3191 διαγωγῇ
1102 3122 1298 3177 εκείνην
1326 3117 1549 3192 λέγωμεν
1574 3126 1666 3171 τοῦ
1706 3125 1800 3171 Δα-

1910 3115 2284 3173 revelabitur
2301 3115 2365 3170 in
2388 3114 2555 3169 nobis
2577 3113 2644 3166 3'.
2669 3112 2968 3168 Dicamus:
2990 3115 3188 3170 Pauca
3204 3127 3334 3181 pra
3346 3114 3418 3168 iis
3441 3126 3572 3184 qua:

194 3202 291 3258 ϐὶδ
330 3209 423 3265 τὴν
469 3210 659 3278 φωνήν·
712 3208 776 3262 Τί
825 3203 1267 3281 ἀνταποδώσομεν
1326 3216 1400 3279 τῷ
1449 3212 1627 3282 Κυρίῳ
1682 3213 1800 3284 περὶ

1910 3205 2285 3275 peccavimus
2314 3203 2644 3271 accepimus
2675 3202 2926 3258 verbera
2953 3202 3021 3255 ⁸⁸.
3046 3201 3443 3258 Obsecremus
3463 3203 3574 3257 Do-

193 3296 400 3347 πάντων
466 3295 534 3346 ὧν
594 3292 956 3349 ἀνταπέδωκεν
1000 3298 1174 3369 iiut»;
1251 3296 1418 3357 καλῶς
1484 3297 1801 3372 ἀποροῦντος

193 3390 289 3436 τοῦ
356 3388 656 3456 Προφήτου,
716 3388 808 3437 καὶ
856 3393 1300 3458 περισκοποῦντος
1350 3387 1511 3438 αὑτοῦ
1566 3390 1661 3445 τὴν
1714 3406 1802 3440 πε-

193 3475 330 3541 νίαν,
371 3473 454 3525 ὅτι
509 3469 662 3526 ούδὶν
701 3475 816 3545 ἔχει
863 3476 994 3547 πρὸς
1060 3471 1333 3527 ἀντίδοσιν
1387 3474 1553 3538 ἄξιον·
1611 3476 1663 3536 ὃς
1724 3475 1798 3549 ἐφ’

196 3561 333 3614 οὕτω
411 3562 659 3635 μεγάλαις
721 3567 812 3615 καὶ
866 3562 1131 3638 λαμπραῖς
1197 3564 1517 3637 εὐεργεσίαις
1539 3609 1555 3635 ,
1623 3565 1801 3638 οὐμεν-

194 3656 286 3704 οῦν
346 3649 603 3723 ἐχούσαις
666 3650 953 3727 ύπερϐολὴν
979 3696 993 3719 ,
1058 3652 1485 3707 πολλαπλασίονα
1546 3656 1673 3728 ἡμῖν
1735 3658 1801 3708 τὰ

195 3740 269 3801 εἰς
299 3740 513 3813 ὕστερον
575 3740 943 3813 ἐπαγγέλλεται
998 3740 1192 3813 ἀγαθὰ,
1258 3740 1323 3796 ’Δ
1385 3742 1649 3817 ὀφθαλμός
1705 3744 1799 3797 οὐκ

193 3824 324 3895 εἶδε,
391 3836 482 3883 καὶ
524 3830 615 3892 οὖς
679 3832 776 3884 οὐκ
850 3831 1062 3899 ἢκουσε,
1121 3835 1211 3884 καὶ
1272 3831 1355 3885 ἐπὶ
1416 3829 1644 3908 καρδίαν
1703 3832 1798 3887 ἀν-

195 3920 405 3991 θρώπου
458 3919 552 3974 οὐκ
605 3919 783 3990 ἀνέϐη,
831 3919 866 3974 ἃ
918 3923 1203 3993 ἡτοίμασεν
1258 3922 1285 3973 ὁ
1339 3925 1471 3983 Θεὸς
1519 3928 1624 3984 τοῖς
1672 3922 1801 3995 ἀγα-

189 4016 362 4060 πῶσιν
420 4009 594 4065 αὐτόν.
647 4008 742 4062 ’Ὼν
786 4015 878 4063 καὶ
943 4011 1092 4083 ἡμεῖς
1148 4009 1514 4085 ἕπιτύχοιμεν,
1578 4012 1634 4065 ἐκ
1697 4021 1799 4066 τῶν

184 4099 369 4151 παθῶν
434 4106 526 4159 τῆς
583 4102 774 4175 σαρκὸς
839 4099 1054 4162 ἑαυτοὺς
1119 4098 1493 4173 ἐκκαθάραντες
1525 4145 1540 4171 ,
1608 4104 1800 4177 χάριτι

184 4191 281 4240 καὶ
345 4186 707 4263 φιλανθρωπίᾳ
758 4196 853 4243 τοῦ
920 4193 1115 4265 Κυρίου
1192 4192 1339 4264 ἡμῶν
1422 4191 1598 4249 Ἰησοῦ
1673 4199 1802 4266 Χρι-

188 4282 342 4344 στοῦ,
480 4281 511 4337 ἡ
558 4276 712 4348 δόξα,
769 4283 860 4332 καὶ
908 4282 966 4332 τό
1014 4282 1222 4354 κράτος,
1265 4287 1355 4334 νῦν
1404 4286 1496 4335 καὶ
1549 4279 1649 4350 ἀει,
1708 4286 1799 4336 καὶ

184 4364 258 4426 εἰς
287 4370 410 4427 τοὺς
429 4367 614 4428 αἰῶνας
638 4377 738 4420 τῶν
763 4368 981 4423 αἰώνων.
1005 4368 1197 4443 Ἀμήν.

1909 3295 2166 3351 minum:
2192 3293 2443 3363 Castiga
2461 3306 2573 3357 me,
2591 3292 2864 3360 Domine,
2890 3297 3300 3348 verumtamen
3320 3292 3382 3345 in
3399 3290 3573 3360 judi-

1910 3386 2021 3455 cio,
2052 3389 2108 3441 et
2134 3384 2336 3439 nonin
2354 3384 2572 3452 furore
2609 3382 2677 3435 ⁸⁸.
2716 3381 2861 3437 Cum
2878 3382 3037 3437 enim
3058 3380 3511 3451 redarguimur,
3535 3394 3574 3437 a

1907 3474 2164 3531 Domino
2194 3472 2581 3541 corripimur,
2600 3475 2667 3525 ut
2696 3484 2818 3526 non
2849 3485 2985 3526 cum
3017 3469 3127 3526 hoc
3154 3470 3382 3526 mundo
3406 3470 3574 3526 dam-

1907 3578 2123 3621 nemur
2142 3563 2214 3619 ⁸⁸.
2236 3565 2307 3618 At
2335 3575 2474 3618 vero
2494 3560 2556 3616 in
2588 3558 2815 3617 laetiore
2850 3560 2988 3616 vitae
3032 3562 3195 3616 statu
3222 3558 3571 3616 omittamus

1908 3654 2075 3711 ﬂiam
2105 3651 2348 3708 Davidis
2389 3666 2635 3706 vocem:
2683 3649 2841 3717 Quid
2872 3649 3272 3706 retribuemus
3318 3649 3572 3705 Domino

1902 3758 2022 3814 pro
2067 3740 2341 3799 omnibus
2376 3755 2510 3810 quae
2537 3739 2807 3796 retribuit
2845 3738 3013 3795 nobis
3036 3739 3080 3773 ⁸⁷
3104 3738 3131 3792 ?
3194 3742 3351 3793 recte
3388 3736 3570 3793 nimi-

1907 3848 2045 3890 rum
2103 3830 2417 3887 dubitante
2458 3829 2784 3901 Propheta,
2823 3842 2895 3884 ac
2946 3826 3218 3899 inopiam
3259 3842 3433 3884 suam
3463 3827 3573 3884 cir-

1910 3919 2364 3992 cumspiciente,
2399 3917 2582 3974 talem
2612 3915 2906 3988 videlicet,
2940 3916 2995 3971 ei
3021 3920 3089 3970 ut
3111 3915 3258 3972 nihil
3289 3919 3572 3988 suppete-

1910 4015 2001 4068 ret
2029 4010 2289 4080 dignum
2320 4007 2489 4080 quod
2516 4006 2888 4062 retribueret.
2921 4005 3213 4062 Dominus
3243 4006 3404 4061 enim
3433 4009 3575 4078 post

1906 4099 2206 4157 beneﬁcia
2231 4098 2386 4154 adeo
2404 4111 2631 4166 magna
2644 4094 3110 4168 splendidaque,
3125 4094 3414 4167 etquibus
3425 4094 3575 4151 nihil
3631 4156 3637 4167 η

1907 4186 2496 4264 praestantiusmobis
2521 4186 2583 4242 in
2612 4190 2923 4258 posterum
2953 4183 3144 4241 multo
3175 4184 3413 4255 majora
3437 4183 3573 4257 pol-

1906 4280 2138 4346 licetur,
2159 4278 2302 4346 Quae
2329 4278 2532 4334 oculos
2553 4290 2676 4332 non
2697 4275 2871 4343 vidit,
2902 4289 3011 4332 nec
3031 4275 3197 4331 auris
3226 4274 3483 4342 audivit,
3516 4279 3572 4330 et

1833 4374 1878 4428 D
1908 4372 1973 4426 in
2003 4368 2376 4426 corhominis
2421 4381 2543 4423 non
2575 4365 2977 4423 ascenderunt
3032 4378 3167 4435 quae
3195 4364 3571 4433 praeparavit

182 4456 348 4509 Deus
369 4454 755 4523 diligentibus
774 4472 836 4513 se
858 4458 929 4512 ⁸⁸.
969 4459 1110 4523 Qum
1133 4459 1367 4516 utinam
1392 4470 1506 4516 nos
1539 4461 1845 4534 corporeis
1874 4460 1968 4518 his
2008 4456 2327 4515 affectibus
2365 4455 2668 4528 repurgati
2699 4453 2990 4526 consequi
3029 4452 3209 4510 etiam
3253 4452 3569 4509 valeamus

184 4556 300 4615 per
323 4543 582 4612 gratiam
602 4559 674 4600 ac
702 4544 1145 4603 humanitatem
1174 4548 1415 4606 Domini
1436 4550 1632 4607 nostri
1659 4550 1804 4607 Jesu
1836 4547 2071 4615 Christi,
2097 4545 2194 4603 cui
2215 4545 2425 4617 gloria,
2454 4548 2511 4602 et
2534 4548 2821 4617 potestas,
2844 4557 3009 4599 nunc
3038 4545 3096 4599 et
3121 4556 3383 4614 semper,
3414 4545 3472 4597 et
3508 4540 3571 4597 in

184 4631 410 4691 saecula
437 4633 818 4691 saeculorum.
844 4638 1057 4693 Amen.

511 4747 660 4796 ΠΕΡΙ
701 4747 928 4797 ΛΥΠΗΣ
973 4746 1087 4799 ΚΑΙ
1137 4749 1455 4801 ΑΘΥΜΙΑΣ.

806 4856 1027 4906 ΛΟΓΟΣ
1070 4851 1167 4910 ῙΒ’.

263 4962 317 5014 1.
352 4954 514 5009 Ὅταν
562 4952 666 5011 ἴδω
711 4963 897 5012 καὶτὸ
945 4962 1106 5014 κακόν
1156 4957 1517 5036 εύοδούμενον,
1568 4967 1658 5017 καὶ
1695 4964 1789 5022 τὴν

2082 4746 2174 4802 DE
2206 4741 2545 4801 TBISTITIA
2592 4742 2678 4798 ET
2723 4741 2922 4798 ANIMI
2949 4739 3392 4798 DEJECTIONE.

2550 4849 2781 4907 SERMO
2821 4850 2937 4907 XII.

1981 4968 2028 5020 1.
2055 4962 2134 5035 (2)
2182 4962 2329 5019 Cum
2369 4959 2549 5018 video
2593 4962 2650 5017 et
2704 4957 2938 5017 malum
2978 4957 3059 5015 ad
3106 4960 3343 5030 aptatos
3378 4956 3573 5015 exitus

179 5050 435 5121 ὑμετέραν
487 5047 751 5103 εύλάϐέιαν
817 5057 1137 5125 κεκμηκυῖαν
1201 5056 1293 5106 καὶ
1354 5051 1788 5130 ἀπαγορεύουσαν

1910 5052 2167 5128 perduci,
2199 5056 2259 5110 et
2282 5054 2549 5109 vestram
2572 5050 2859 5123 pietatem
2897 5047 3234 5119 defatigati,
3265 5048 3574 5105 animum—

177 5142 313 5216 πρὸς
359 5141 419 5191 τὸ
475 5141 689 5212 συνεχὲς
744 5148 845 5193 τῶν
902 5139 1154 5217 ἕπηρειῶν
1186 5182 1202 5210 ,
1278 5141 1504 5216 ἀθυμίας
1558 5141 1787 5217 πληροῦ-

257 5318 305 5355 ³¹
335 5317 448 5376 Isa.
478 5333 639 5386 nrt,
692 5320 781 5376 1ο.
857 5320 1082 5380 "Psal.
1116 5334 1307 5394 cxvm,
1338 5324 1438 5382 71.

182 5422 271 5477 xi,
300 5410 390 5463 22.
468 5409 512 5445 ⁸⁷
535 5408 688 5468 Psal.
723 5425 855 5479 ειν,
882 5411 972 5469 12.
1048 5409 1097 5448 ⁸³
1127 5413 1150 5467 Ι
1180 5411 1309 5470 Cor.
1343 5426 1404 5486 ιι,
1431 5414 1488 5470 9.

259 5601 340 5675 (1)
371 5605 456 5660 Ex
474 5603 646 5665 hom.
686 5607 753 5666 in
773 5612 936 5668 mari
959 5609 1260 5682 Julittam,
1286 5612 1380 5670 40.

1894 5158 2019 5216 que
2030 5140 2417 5215 despondere
2437 5139 2518 5197 ob
2536 5138 2856 5198 continuas
2871 5136 3265 5207 calamitates,
3284 5135 3575 5194 maestitia

1518 5322 1571 5361 ⁸³
1611 5323 1782 5380 Rom.

1910 5337 1944 5387 ι,
1985 5323 2075 5380 18.
2156 5320 2204 5357 ⁸⁴
2250 5318 2367 5378 Job
2394 5334 2494 5392 xv,
2541 5318 2635 5374 11.
2710 5316 2758 5354 ⁸⁵
2803 5318 3104 5390 Jerem.x,
3159 5318 3252 5372 24.
3289 5314 3337 5352 ⁸⁸
3387 5314 3572 5372 lCor.

1968 5608 2045 5681 (-2)
2074 5610 2158 5665 Ex
2175 5607 2350 5682 epist.
2373 5622 2591 5681 conn,
2622 5609 2750 5679 383,
