4084 6394
518 295 658 354 1279

1470 293 1840 352 APPENDIX.
1878 320 1948 336 -
1987 290 2330 349 SYMEONIS
2368 289 2916 346 ME’I‘APHRASTAE.

3747 286 3781 342 1
3792 289 3922 344 280

519 420 768 494 repleor.
803 419 918 477 Sed
929 433 1138 475 rursus
1155 433 1295 474 cum
1320 433 1610 489 magnam
1637 418 1741 475 Dei
1761 433 2014 475 manum
2035 431 2176 472 con-

2297 435 2398 470 και.
2430 413 2591 467 Ὅταν
2650 413 2710 467 δε
2754 413 2909 466 πάλιν
2960 416 3055 471 τὴν
3103 411 3332 485 μεγάλην
3389 419 3550 486 χεῖρα
3595 420 3695 464 τοῦ
3755 419 3924 466 Θεοῦ

521 510 740 579 sidere,
772 525 1035 582 eumque
1055 525 1231 566 nosse
1251 508 1651 565 etconfractos
1683 509 1927 578 erigere,
1957 509 2013 562 et
2037 506 2172 576 jus-

523 603 613 655 tos
655 599 920 668 diligere,
957 598 1252 670 superbos
1284 613 1427 654 vero
1466 603 1788 663 conterere,
1819 600 1876 653 et
1900 597 2173 667 potentes

524 689 598 744 de
625 689 747 744 suis
779 687 1027 744 sedibus
1066 687 1360 759 dejicere:
1395 703 1603 743 rursus
1648 687 2004 742 immutatus
2066 698 2173 756 spe

525 778 816 850 concepto
839 777 1085 834 allevor.
1137 777 1213 846 (1)
1253 777 1401 833 Novi
1442 782 1500 833 et
1547 792 1913 849 persuasum
1952 773 2173 842 habeo,

523 866 690 939 quod
717 871 773 922 et
801 866 974 922 vobis
1001 870 1210 922 notum
1225 881 1358 922 esse
1379 865 1533 934 volo,
1557 867 1808 922 celerem
1829 863 2176 920 adfuturam

524 971 723 1029 opem,
738 971 848 1012 nec
861 961 1218 1028 perpetuam
1230 955 1676 1012 derelictionem
1694 955 1982 1012 futuram.
2004 952 2177 1018 Quod

525 1047 684 1102 enim
717 1046 878 1118 passi
899 1063 1131 1118 sumus,
1158 1047 1239 1102 ob
1253 1051 1501 1120 peccata
1531 1050 1735 1102 nostra
1755 1045 1922 1118 passi
1943 1059 2176 1109 sumus;

524 1135 632 1191 sed
656 1151 835 1207 opem
865 1151 1060 1202 suam,
1094 1135 1172 1191 ob
1199 1152 1378 1192 suum
1409 1136 1470 1191 in
1502 1152 1708 1191 servos
1733 1149 1877 1190 suos
1907 1148 2178 1190 amorem

525 1242 595 1281 ac
651 1224 1146 1293 misericordiam,
1203 1224 1506 1294 benignus
1549 1224 1842 1280 ostendet.
1920 1225 1996 1294 (2)
2047 1222 2179 1279 Sive

525 1314 686 1370 enim
713 1317 1099 1386 peccatorum
1139 1314 1431 1371 solvimus
1463 1329 1702 1386 poenas,
1749 1312 2052 1368 sufficiunt
2074 1310 2180 1368 ﬂa-

525 1403 682 1473 gella
711 1403 791 1458 ad
811 1403 1202 1460 evertendam
1231 1403 1521 1475 deinceps
1549 1403 1646 1459 Dei
1678 1402 1739 1457 in
1770 1417 1882 1458 nos
1913 1400 2068 1457 iram
2097 1401 2176 1466 89;

528 1493 653 1549 sive
687 1492 768 1548 ad
797 1492 1150 1549 sustinenda
1181 1509 1293 1566 pro
1323 1493 1544 1565 pietate
1574 1492 1904 1548 certamina
1934 1491 2027 1547 his
2053 1494 2178 1546 ten-

524 1583 859 1640 tationibus
875 1600 1190 1649 vocamur,
1213 1584 1410 1655 justus
1425 1589 1515 1640 est
1527 1583 1923 1640 certaminum
1938 1581 2176 1651 arbiter,

2284 503 2531 572 ἐννοήσω,
2577 508 2670 558 καὶ
2727 506 2807 556 ὅτι
2859 498 2998 555 οἶδεν
3061 499 3308 576 ἀνορθοῦν
3359 505 3479 562 τοὺς
3534 500 3927 575 2037;990:7513-

2283 612 2404 654 νους
2460 599 2549 646 καὶ
2597 593 2803 666 ἀγαπᾷν
2858 588 3120 657 δικαίους,
3175 589 3466 664 συντρίϐειν
3511 610 3568 643 τε
3619 593 3924 665 ὑπερηφά-

2281 701 2415 753 νους,
2467 689 2556 736 καὶ
2622 685 2889 758 καθαιρεῖν
2951 681 3052 734 ἀπὸ
3125 683 3315 756 θρόνων
3393 677 3680 742 δυνάστας
3742 679 3923 734 πάλιν

2284 771 2624 845 μεταϐαλὼν,
2692 775 3000 846 κουφότερος
3079 775 3294 844 γίνομαι
3349 777 3464 832 ταῖς
3527 769 3730 824 ἐλπίσι.
3803 777 3920 824 Καὶ

2287 859 2411 915 οἶδα
2457 866 2548 915 καὶ
2599 865 2906 934 πέπεισμαι,
2959 859 2984 912 ὃ
3052 864 3143 912 καί
3188 862 3318 932 ὑμᾶς
3370 864 3646 932 γινώσκειν
3712 858 3920 932 βούλο-

2285 973 2401 1026 μαι,
2473 953 2554 1004 ὅτι
2610 959 2806 1025 ταχεῖα
2853 954 3003 1004 ἔσται
3057 953 3087 1010 ἡ
3146 949 3458 1021 ἀντίληψις,
3521 955 3614 1002 καὶ
3676 950 3769 1002 ούκ
3838 950 3916 1011 εὶς

2285 1044 2428 1106 τέλος
2475 1045 2626 1096 ἔσται
2679 1044 2710 1100 ἡ
2773 1040 3176 1114 ἐγκατάλειψις.
3228 1039 3290 1093 Ἃ
3336 1042 3428 1113 μὲν
3480 1043 3583 1113 γὰρ
3640 1042 3908 1092 πεπόνθα-

2287 1149 2397 1206 μεν·
2449 1129 2543 1186 διὰ
2603 1135 2693 1192 τὰς
2764 1131 3023 1205 ἁμαρτίας
3090 1132 3236 1203 ἡμῶν
3286 1130 3635 1202 πεπόνθαμενο
3686 1134 3773 1188 τήν
3842 1126 3912 1181 6":

2290 1224 2450 1277 αὐτοῦ
2500 1223 2748 1296 βοήθειαν
2790 1220 2884 1276 διὰ
2920 1227 3014 1281 τὴν
3071 1226 3190 1295 περὶ
3261 1224 3384 1284 τούς
3447 1218 3667 1282 δούλους
3736 1221 3920 1272 αὐτοῦ

2291 1312 2500 1386 ἀγάπην
2561 1317 2650 1366 καὶ
2720 1311 3114 1384 εὐσπλαγχνίαν
3163 1311 3188 1362 6
3247 1310 3608 1386 φιλάνθρωπος
3650 1306 3926 1372 ἐπιδείξε-

2289 1423 2396 1459 ται.
2467 1406 2588 1459 Εῖτε
2646 1405 2748 1477 γὰρ
2837 1400 3225 1475 ἁμαρτημάτων
3307 1398 3650 1472 ἀποτίννυμεν
3725 1397 3922 1463 δίκας,

2293 1495 2466 1546 ἱκαναὶ
2522 1496 2578 1544 αὶ
2632 1493 2883 1565 μάστιγες
2938 1494 3065 1564 πρὸς
3119 1493 3440 1565 παραίτησιν
3489 1489 3672 1542 λοιπόν
3705 1497 3808 1550 τῆς
3841 1487 3921 1560 ἐφ’

2290 1585 2414 1654 ἡμῖν
2471 1581 2632 1657 ὀργῆς
2687 1589 2778 1634 τοῦ
2833 1587 2987 1633 Θεοῦ·
3049 1583 3150 1633 εἴτε
3197 1579 3268 1642 εἰς
3311 1583 3433 1642 τούς
3458 1580 3586 1655 ὑπὲρ
3629 1587 3728 1640 τῆς
3761 1578 3926 1631 εὗσε-

525 1677 744 1730 utnon
783 1673 940 1729 sinat
968 1672 1181 1729 tentari
1222 1688 1334 1729 nos
1363 1672 1519 1729 ultra
1566 1687 1754 1745 quam
1780 1671 1931 1727 ferre
1961 1686 2178 1743 possu-

2297 1671 2434 1734 ϐείας
2483 1670 2683 1742 ἀγῶνοις
2738 1665 2832 1722 διὰ
2881 1677 2983 1722 τῶν
3033 1677 3339 1745 πειρασμῶν
3398 1671 3595 1721 τούτων
3651 1667 3927 1740 κεκλήμε-

527 1778 689 1818 mus:
712 1762 821 1818 sed
849 1763 1026 1819 nobis
1051 1763 1266 1820 reddat
1287 1777 1395 1835 pro
1416 1762 1679 1819 toleratis
1691 1762 1821 1833 jam
1845 1760 2179 1830 laboribus,

528 1851 831 1924 patientiae
851 1859 908 1908 et
920 1852 1047 1924 spei
1069 1851 1340 1925 inipsum
1366 1856 1585 1909 nostrae
1613 1865 1920 1908 coronam.
1939 1852 2020 1919 (3)
2040 1849 2180 1915 Quis

530 1941 690 1996 enim
722 1942 926 1999 animo
957 1941 1038 1998 ita
1063 1941 1480 2012 adamantina,
1519 1941 1658 2014 quis
1688 1941 1770 1997 ita
1797 1939 2183 1996 commisera-

530 2029 708 2086 tionis
735 2032 933 2087 omnis
963 2047 1034 2087 ac
1059 2031 1543 2087 mansuetudinis
1571 2047 1808 2103 expers,
1829 2033 1895 2086 ut
1922 2029 2179 2085 audiens

530 2120 822 2189 gemitum
861 2120 1034 2193 542
1059 2120 1330 2193 undique
1382 2136 1560 2177 auras
1586 2124 1824 2176 nostras
1847 2119 2179 2187 ferientem,

526 2208 689 2266 velut
709 2226 782 2266 ex
798 2211 944 2266 tristi
957 2210 1225 2284 quodam
1245 2210 1428 2266 choro
1445 2226 1833 2266 communem
1849 2207 2183 2283 quamdam

528 2315 599 2356 ac
615 2315 950 2356 consonam
963 2300 1455 2357 lamentationem
1467 2299 1699 2364 edente,
1718 2315 1842 2356 non
1857 2299 2062 2356 animo
2075 2298 2183 2355 do-

526 2388 668 2458 leat,
691 2405 814 2446 non
825 2389 1388 2462 humiprocumbat,
1411 2394 1602 2446 etnon
1616 2389 1857 2462 penitus
1872 2388 2184 2445 inextrica-

529 2476 753 2533 bilibus
771 2479 864 2534 his
877 2479 1034 2534 curis
1055 2478 1372 2535 tabescat?
1396 2481 1527 2535 Hrec
1541 2483 1747 2536 autem
1777 2479 1935 2550 dico,
1963 2480 2044 2551 (4)
2058 2493 2184 2535 non

531 2566 884 2623 consolandi
925 2567 1148 2640 gratia:
1195 2567 1331 2640 quis
1378 2567 1538 2624 enim
1593 2583 1793 2624 sermo
1848 2567 2186 2624 inveniatur

529 2660 711 2712 tantae
742 2656 1014 2713 medicus
1045 2655 1400 2714 calamitatis
1425 2657 1454 2713 ?
1484 2657 1588 2713 sed
1633 2657 1829 2714 cordis
1859 2656 1978 2712 mei
2018 2656 2186 2713 dolo-

527 2761 658 2802 rem
688 2751 983 2819 quantum
1013 2762 1364 2819 possumus,
1397 2747 1693 2804 vobishac
1718 2763 1866 2803 voce
1881 2747 2176 2817 signiﬁco.

2293 1764 2378 1831 θα,
2433 1757 2635 1821 δίκαίος
2681 1761 2708 1811 6
2767 1757 3049 1822 ἀθλοθέτης
3095 1763 3167 1831 μὴ
3224 1757 3379 1811 ἐᾶσαι
3424 1759 3562 1830 ἡμᾶς
3600 1759 3927 1831 πειρασθῆ-

2289 1870 2374 1902 ναι
2439 1851 2565 1922 ὑπερ
2632 1848 2658 1900 ὃ
2707 1844 2977 1921 δυνάμεθα
3061 1849 3378 1919 ὑπενεγκεῖν·
3465 1845 3578 1900 ἀλλ’
3646 1844 3737 1899 ἐπὶ
3805 1855 3928 1907 τοῖς

2289 1941 2658 2012 πεπονημένοις
2707 1933 2997 1990 ἀποδοῦναι
3043 1939 3168 2009 ἡμῖν
3215 1939 3304 1989 τόν
3350 1944 3444 1998 τῆς
3500 1937 3774 2008 ὑπομονῆς
3829 1942 3928 1988 καὶ

2291 2038 2385 2092 τῆς
2416 2028 2487 2091 εἰς
2517 2027 2672 2080 αύτόν
2699 2022 2909 2088 ἐλπίδος
2950 2029 3219 2099 στέφανον.
3273 2029 3362 2087 Τίς
3397 2029 3501 2100 γὰρ
3549 2026 3721 2087 οὕτως
3776 2022 3925 2078 ἀδα-

2290 2121 2528 2192 μάντινος
2556 2121 2650 2176 τήν
2679 2116 2887 2189 ψυχὴν,
2939 2120 3020 2178 τίς
3067 2116 3229 2178 οὕτως
3277 2115 3539 2178 παντελῶς
3585 2113 3923 2188 ἀσυμπαθὴς

2291 2212 2382 2260 καὶ
2415 2206 2689 2280 ἀνήμερος,
2721 2207 2791 2267 ὡς
2853 2204 3053 2258 ἀκούων
3111 2211 3203 2257 τοῦ
3259 2206 3592 2276 πανταχόθεν
3651 2206 3803 2277 ἡμᾶς
3838 2206 3924 2275 (7)

2290 2297 2702 2371 προσϐάλλοντος
2789 2302 3104 2368 στεναγμοῦ,
3189 2291 3296 2347 οἷον
3361 2293 3461 2347 ἀπὸ
3536 2314 3673 2355 τινος
3742 2302 3926 2367 χοροῦ

2291 2394 2577 2460 κατηφοῦς,
2635 2389 2804 2438 κοινόν
2855 2405 2973 2438 τινα
3026 2387 3210 2458 θρῆνον
3262 2389 3354 2437 καὶ
3417 2387 3696 2458 σύμφωνον
3750 2403 3928 2458 προσ-

2293 2485 2569 2550 ηχοῦντος,
2599 2480 2671 2550 μὴ
2727 2475 2856 2548 ούχὶ
2911 2476 3092 2528 παθεῖν
3144 2479 3239 2533 τὴν
3277 2473 3481 2547 ψυχήν,
3513 2479 3606 2526 καὶ
3635 2493 3928 2545 κατακαμ-

2294 2569 2484 2640 φθῆναι
2524 2566 2592 2627 εἰς
2628 2573 2746 2638 γῆν,
2802 2570 2893 2618 καὶ
2941 2572 3052 2626 ταῖς
3116 2563 3418 2637 ἀμηχάνοις
3471 2565 3692 2626 ταύταις
3745 2563 3930 2626 ἀνίαις

2292 2658 2552 2718 παντελῶς
2607 2654 2926 2723 ἐκτακῆναις
2965 2662 3144 2708 Ταῦτα
3203 2651 3263 2707 δε
3313 2653 3468 2726 λέγω,
3521 2653 3580 2706 ού
3633 2653 3924 2728 παρακλή-

2297 2766 2426 2808 σεως
2474 2746 2655 2817 ἕνεκεν,
2705 2747 2807 2809 (τίς
2842 2747 2945 2820 γὰρ
2999 2748 3088 2797 καὶ
3143 2743 3297 2816 λόγος
3348 2745 3578 2819 εὑρεθείη
3645 2747 3926 2806 τοσαύτης

534 2843 806 2913 συμφορᾶς
839 2837 1015 2912 ἰατρός
1047 2838 1092 2905 ;)
1118 2836 1246 2889 ἀλλὰ
1268 2841 1362 2896 τὴν
1386 2833 1576 2896 ὀδύνην
1604 2846 1699 2900 τῆς
1723 2834 1945 2912 καρδίας
1969 2857 2091 2911 μου,
2116 2835 2233 2889 καθ’
2255 2836 2375 2888 ὅσον
2399 2832 2641 2901 δυνατὸν,
2671 2833 2726 2886 ἔκ
2749 2843 2841 2896 τῆς
2862 2841 3033 2907 φωνῆς
3065 2835 3264 2896 ταύτης
3284 2833 3406 2906 ύμῖν
3439 2829 3474 2886 δ
3481 2839 3844 2906 ιασημαίνων.

602 2931 656 2981 2.
689 2925 1204 2998 (5)Perspeximus
1231 2926 1391 2981 enim
1419 2925 1702 2984 astutiam
1749 2925 1890 2983 belli
1929 2926 2182 2983 diaboli-

2357 2929 2411 2980 2.
2453 2924 2806 2998 Ἐλογισάμην
2860 2926 2962 2999 γὰρ
3016 2926 3074 2976 τὸ
3139 2926 3376 2996 ἔντεχνον
3435 2929 3532 2975 τοῦ
3599 2919 3918 2976 διαϐολικου

532 3015 606 3083 ei,
638 3016 761 3088 qui,
794 3014 896 3070 ubi
919 3014 1066 3070 vidit
1088 3015 1149 3071 in
1178 3015 1444 3072 hostium
1473 3015 1998 3088 persecutionibus
2031 3015 2184 3072 mul-

531 3105 786 3176 tiplicari
813 3105 874 3161 in
887 3104 1062 3160 nobis
1076 3104 1377 3171 virtutem,
1396 3121 1468 3161 ac
1493 3105 1688 3175 magis
1720 3104 1953 3172 ﬂorere,
1986 3109 2184 3162 muta-

530 3195 615 3252 vit
647 3211 824 3251 suum
849 3193 1038 3267 ipsius
1068 3195 1410 3265 consilium,
1441 3210 1553 3251 nec
1567 3195 1697 3266 jam
1724 3198 1927 3266 aperte
1956 3194 2186 3251 bellum

535 3283 703 3355 gerit,
756 3283 863 3340 sed
895 3285 1164 3341 occultas
1195 3283 1370 3340 nobis
1401 3283 1650 3340 insidias
1674 3284 1862 3356 struit,
1897 3283 2188 3355 obtegens

532 3373 814 3431 callidam
827 3373 1085 3430 nocendi
1104 3374 1473 3430 voluntatem
1495 3373 1739 3430 nomine
1751 3374 1919 3446 quod
1939 3375 2189 3430 circum-

534 3464 734 3520 ferunt
776 3463 1001 3530 hostes,
1033 3467 1097 3519 ut
1125 3467 1182 3520 et
1220 3463 1524 3536 patiamur
1579 3463 1791 3520 eadem
1815 3480 1951 3537 quae
1987 3468 2189 3537 patres

536 3553 746 3622 nostri,
774 3568 887 3609 nec
932 3551 1252 3609 videamur
1280 3551 1405 3625 pati
1445 3568 1557 3626 pro
1603 3553 1858 3622 Christo,
1898 3569 1970 3609 eo
2021 3553 2190 3626 quod

538 3641 1006 3699 Christianorum
1032 3657 1256 3700 nomen
1284 3641 1553 3699 habeant
1608 3647 1664 3698 et
1699 3641 1816 3715 ipsi
1851 3646 2192 3715 persecuto-

536 3747 650 3788 res.
687 3733 765 3802 (6)
819 3733 951 3786 Hth
979 3746 1092 3787 nos
1147 3730 1584 3803 perculserunt,
1642 3735 1700 3788 et
1743 3731 2193 3803 propemodum

535 3823 733 3876 mente
762 3824 1138 3877 emoverunt.
1166 3819 1259 3876 Ad
1288 3819 1397 3877 has
1428 3824 1632 3876 autem
1658 3820 2051 3891 cogitationes
2091 3820 2194 3878 illa

533 3910 712 3966 etiam
739 3910 1024 3966 accessit:
1047 3911 1200 3966 Num
1223 3909 1514 3966 Dominus
1529 3925 1736 3966 servos
1759 3926 1904 3967 suos
1925 3909 2192 3983 reliquit?

537 4015 686 4056 num
715 3997 1047 4055 novissima
1067 3998 1220 4054 hora
1249 4002 1355 4069 est,
1390 4003 1447 4055 et
1472 3997 1728 4055 defectio
1780 4015 1888 4072 per
1932 3998 2063 4055 haec
2107 3999 2195 4056 in-

539 4087 825 4159 greditur,
853 4090 920 4143 ut
945 4086 1234 4142 reveletur
1265 4087 1513 4143 tandem
1563 4087 1810 4159 iniquus
1866 4087 1981 4160 ille,
2033 4087 2194 4143 ﬁlius

538 4175 911 4249 perditionis,
942 4175 1050 4247 qui
1096 4175 1471 4237 adversatur,
1512 4179 1571 4232 et
1611 4176 1853 4233 effertur
1897 4177 2192 4233 adversus

2293 3013 2539 3087 πολέμου·
2596 3014 2647 3075 ὃς
2698 3009 2878 3072 ἐπειδὴ
2941 3009 3074 3066 εἶδεν
3127 3011 3177 3064 ἕν
3223 3019 3342 3075 ταῖς
3387 3014 3536 3086 παρὰ
3574 3021 3675 3066 τῶν
3715 3011 3918 3086 ἐχθρῶν

2296 3101 2557 3178 ἐπηρείαις
2612 3103 3001 3176 πληθυνομένην
3052 3106 3146 3160 τὴν
3224 3101 3411 3178 ἀρετὴν
3492 3101 3542 3155 ἐν
3610 3103 3752 3174 ὑμῖν,
3819 3108 3918 3155 καὶ

2296 3191 2486 3266 μᾶλλον
2546 3192 2834 3246 θάλλουσαν
2901 3190 3241 3265 μετέστρεψεν
3299 3190 3488 3244 ἑαυτοῦ
3533 3194 3620 3248 τὴν
3669 3189 3910 3262 βουλὴν,

2295 3287 2385 3335 καὶ
2415 3285 2510 3334 οὐκ
2539 3284 2615 3334 ἔτι
2655 3284 2711 3335 ἐκ
2761 3289 2854 3334 τοῦ
2908 3288 3201 3354 προφανοῦς
3248 3279 3485 3353 πολεμεῖ,
3518 3278 3635 3332 ἀλλὰ
3658 3297 3903 3351 κεκρυμ-

2298 3375 2449 3445 μένοις
2490 3372 2568 3444 (8)
2625 3373 2750 3444 ἡμῖν
2807 3372 2897 3431 τὰς
2949 3367 3161 3444 ἐνέδρας
3215 3371 3422 3436 τίθησι,
3477 3369 3743 3422 καλύπτων
3795 3367 3906 3420 αύ-

2297 3468 2391 3515 705
2448 3465 2541 3520 τὴν
2594 3459 2871 3519 ἐπιϐουλὴν
2923 3455 3018 3513 διὰ
3058 3459 3152 3512 τοῦ
3209 3458 3460 3533 ὀνόματος
3502 3459 3565 3512 οὗ
3592 3460 3914 3534 περιφέρου-

2302 3570 2385 3605 σιν
2447 3553 2497 3604 οἱ
2553 3549 2816 3623 πολέμιοι·
2893 3552 2977 3602 ἱνα
3035 3552 3124 3602 καὶ
3189 3551 3434 3622 πάθωμεν
3473 3551 3541 3602 τὰ
3605 3547 3744 3600 αὐτὰ
3806 3556 3920 3610 τοῖς

2300 3643 2564 3716 πατράσιν
2632 3642 2799 3713 ἡμῶν,
2866 3643 2958 3692 καὶ
3025 3642 3096 3712 μὴ
3168 3635 3398 3712 δόξωμεν
3472 3640 3709 3711 πάσχειν
3784 3639 3919 3713 ὑπερ

2303 3737 2563 3805 Χριστοῦ,
2617 3726 2713 3782 διὰ
2762 3731 2821 3782 τό
2873 3736 3204 3803 Χριστιανῶν
3253 3731 3416 3802 ὄνομα
3462 3731 3606 3800 ἔχειν
3654 3732 3749 3780 καὶ
3798 3733 3924 3790 τοῦς

2306 3817 2341 3873 δ
2348 3824 2614 3882 ιώκοντας.
2662 3825 2840 3872 Ταῦτα
2875 3819 3017 3891 ἡμᾶς
3056 3816 3315 3884 ἐξέπληξε,
3342 3822 3434 3870 καὶ
3463 3825 3658 3891 μικροῦ
3690 3813 3805 3870 δεῖν
3825 3819 3921 3890 (9),

2305 3909 2401 3973 ἔξω
2458 3908 2672 3966 εποίησε
2727 3916 2827 3961 τῶν
2886 3907 3172 3980 λογισμῶν.
3227 3906 3536 3966 Συνεισῆλθε
3589 3903 3653 3960 δι
3718 3911 3925 3968 τούτοις

2303 4004 2414 4060 τοῖς
2445 3993 2811 4071 διαλογισμοῖς
2848 3995 3059 4055 κάκείνη
3093 3998 3124 4056 ἠ
3158 3998 3344 4049 ἔννοια·
3384 3996 3526 4070 Ἀρα
3570 4000 3645 4069 μὴ
3701 3995 3924 4069 ἐγκατέ-

2302 4087 2446 4141 λιπεν
2509 4088 2696 4142 ἑαυτοῦ
2763 4091 2882 4149 τοὺς
2950 4083 3172 4148 δούλους
3237 4088 3264 4139 6
3337 4089 3585 4162 Κύριος;
3665 4083 3777 4162 ἆρα
3849 4093 3918 4161 μὴ

2303 4177 2510 4251 ἐσχάτη
2545 4179 2656 4254 ὥρα
2685 4177 2819 4247 ἐστὶ,
2868 4181 2959 4230 καὶ
3006 4178 3038 4236 ἡ
3092 4175 3397 4230 ἀποστασία
3427 4174 3522 4230 διὰ
3550 4179 3754 4230 τούτων
3785 4177 3927 4251 λαμ-

541 4279 785 4322 omnem
809 4263 916 4337 qui
943 4263 1158 4319 dicitur
1184 4265 1340 4320 Deus
1360 4268 1464 4320 aut
1485 4279 1713 4320 numen
1739 4266 1788 4300 ⁵ο
1805 4265 1832 4320 ?
1850 4265 1965 4323 Sed
1989 4269 2185 4322 tamen

2305 4267 2447 4322 ϐάνει
2500 4272 2588 4327 τήν
2645 4264 2873 4336 εἴσοδον,
2925 4268 3010 4319 ἶνα
3037 4266 3217 4320 λοιπόν
3262 4265 3603 4341 ἀποκαλυφθῇ
3643 4267 3670 4319 6
3702 4268 3924 4341 ἄνομος,

542 4355 668 4411 sive
705 4351 1071 4425 temporaria
1121 4357 1210 4408 est
1255 4352 1371 4413 ista
1427 4353 1698 4421 tentatio,
1730 4353 1874 4411 ferte
1916 4354 2196 4426 illam,ut

540 4440 924 4499 boniChristi
945 4439 1208 4498 athletae:
1243 4440 1369 4497 sive
1413 4441 1595 4497 etiam
1630 4457 1725 4499 res
1751 4459 1992 4500 summo
2021 4444 2198 4499 inter-

542 4531 650 4588 itui
677 4531 906 4588 traditae
940 4533 1102 4601 sunt,
1133 4529 1342 4586 animo
1369 4545 1447 4587 ne
1492 4531 1889 4589 concidamus
1928 4531 2008 4589 ob
2043 4547 2196 4606 prm-

548 4619 762 4688 sentia,
794 4619 901 4676 sed
929 4622 1347 4692 exspectemus
1372 4635 1403 4675 θ
1457 4620 1621 4676 caelis
1649 4620 2099 4694 revelationem,
2141 4625 2200 4679 et

545 4710 876 4766 adventum
920 4708 1127 4780 magni
1180 4709 1281 4765 Dei
1327 4713 1384 4765 et
1453 4709 1775 4766 Salvatoris
1837 4712 2026 4768 nostri
2063 4714 2201 4768 Jesu

545 4799 778 4856 Christi.
810 4800 1043 4855 Etenim
1074 4801 1123 4854 si
1161 4802 1435 4856 creatura
1481 4801 1682 4856 omnis
1728 4800 2110 4868 dissolvetur,
2144 4806 2202 4859 et

534 4887 1040 4944 transmutabitur
1094 4889 1307 4945 mundi
1333 4889 1514 4962 hujus
1550 4890 1767 4961 ﬁgura,
1799 4891 1948 4964 quid
1979 4892 2201 4949 mirum

616 5031 662 5065 39
691 5030 712 5082 Ι
742 5031 871 5088 Cor.
902 5047 964 5100 x,
1001 5034 1084 5088 l3.
1115 5033 1162 5068 9°
1203 5034 1249 5088 II
1277 5033 1482 5089 Thess.
1515 5048 1577 5104 ιι,
1610 5037 1663 5090 3.

615 5153 690 5228 (l)
709 5157 790 5210 Ex
812 5155 984 5228 epist.
1013 5171 1250 5213 conv".
1289 5161 1414 5214 383.

611 5227 689 5299 (2)
722 5229 804 5299 Ex
835 5227 1009 5299 epist.
1043 5245 1164 5297 ch,
1185 5232 1315 5286 232.

615 5298 700 5440 lii
729 5297 884 5440 ἓξξὲεῇ

644 5370 700 5442 4)
729 5371 812 5425 Ex
842 5370 1016 5442 epist.
1050 5387 1212 5441 xxxx,
1241 5373 1360 5427 t09.

622 5440 704 5579 (5)
730 5440 1014 5522 Ex'epist.
1053 5440 1290 5513 cxxer,
1318 5446 1444 5500 230.

651 5515 708 5578 6)
745 5511 921 5579 lbid.,
949 5516 1078 5570 23i-

651 5515 708 5584 6)
737 5511 921 5584 lbidl,
949 5516 1078 5584 231·

629 5581 705 5653 (7)
736 5581 920 5655 Ἦμᾶςζ
955 5582 1046 5640 Sic
1067 5583 1285 5655 Regius
1314 5583 1506 5643 codex
1529 5599 1669 5644 cum
1713 5590 2012 5646 contextu.
2058 5588 2210 5646 Editi

2307 4359 2333 4410 6
2391 4358 2503 4420 υἱὸς
2557 4364 2654 4418 τῆς
2713 4354 2982 4427 ἀπωλείας,
3043 4356 3069 4408 6
3123 4353 3494 4429 ἀντικείμενος,
3551 4359 3644 4408 καὶ
3703 4357 3925 4432 ὑπεραι-

2305 4450 2516 4523 ρόμενος
2590 4444 2674 4498 ἒπὶ
2739 4445 2909 4499 πάντα
2967 4444 3235 4518 λεγόμενον
3317 4448 3448 4499 Θεὸν
3516 4446 3546 4504 ἣ
3632 4445 3922 4520 σέϐασμας

2308 4535 2466 4604 Πλὴν,
2511 4538 2612 4589 εῖτε
2662 4538 2984 4608 πρόσκαιρός
3040 4532 3183 4588 ἐστιν
3244 4535 3271 4587 6
3329 4537 3644 4610 πειρασμὸς,
3715 4534 3921 4608 βαστά-

2311 4643 2437 4678 σατε
2483 4623 2639 4678 αὐτὸν
2695 4624 2762 4685 ὡς
2798 4623 2948 4678 κοιλοὶ
2992 4623 3106 4697 (iO)
3161 4630 3254 4676 τοῦ
3311 4631 3551 4698 Χριστοῦ
3604 4622 3919 4697 ἆγωνισται·

2309 4717 2410 4768 εἴτε
2458 4717 2548 4767 καὶ
2601 4720 2665 4788 τῇ
2706 4713 2943 4767 παντελεῖ
2994 4715 3163 4788 φθορᾷ
3215 4715 3283 4766 τὰ
3331 4716 3625 4789 πράγματα
3687 4713 3922 4790 παραδέ-

2311 4797 2484 4870 δοται,
2553 4805 2626 4873 μὴ
2701 4797 3076 4874 ἀκηδιάσωμεν
3156 4804 3288 4875 πρός
3352 4804 3419 4854 τά
3490 4805 3754 4878 παρόντω
3815 4802 3918 4855 ἀλλ’

2309 4889 2659 4964 ἀναμείνωμεν
2719 4895 2814 4949 τὴν
2875 4889 2929 4954 ἐξ
2985 4890 3212 4966 οὐρανῶν
3277 4889 3612 4964 ἀπόκάλυψιν
3664 4898 3758 4945 καὶ
3811 4890 3910 4943 £77:-

2315 5253 2876 5386 Κεκρυμμένας.
2911 5303 3005 5362 Sic
3047 5303 3212 5361 idem
3237 5303 3432 5362 codex
3468 5307 3528 5361 et
3577 5308 3925 5362 contextus.

2491 5380 2875 5452 κεκρυμμένως.

2390 5447 2464 5530 (9)
2495 5444 2703 5530 Μικρόῦ
2732 5444 2862 5504 δεῖν.
2891 5450 3065 5506 Deest
3095 5450 3404 5521 postrema
3422 5463 3542 5505 vox
3569 5448 3634 5505 in
3670 5452 3931 5523 utroque

2319 5519 2761 5592 eodieeiRegio.

2391 5592 2506 5664 (ίο)
2533 5591 2625 5654 Ὧς
2643 5590 2792 5651 ἑαλοί
2815 5593 3137 5652 Contextus
3161 5593 3210 5645 οἱ
3239 5590 3412 5646 καλοί.
