  <div class='ocr_page' id='page_1' title='image "/cluster/home/n/w/nwhite01/storage/ocr_20150623/32:no.4/coo.31924054869296/650.png"; bbox 0 0 4084 6390; ppageno 0'>
   <div class='ocr_carea' id='block_1_1' title="bbox 167 322 297 378">
    <p class='ocr_par' dir='ltr' id='par_1_1' title="bbox 167 322 297 378">
     <span class='ocr_line' id='line_1_1' title="bbox 167 322 297 378; baseline 0.008 -2"><span class='ocrx_word' id='word_1_1' title='bbox 167 322 297 378; x_wconf 82' lang='grc'>1281</span> 
     </span>
    </p>
   </div>
   <div class='ocr_carea' id='block_1_2' title="bbox 1087 317 2438 380">
    <p class='ocr_par' dir='ltr' id='par_1_2' title="bbox 1087 317 2438 380">
     <span class='ocr_line' id='line_1_2' title="bbox 1087 317 2438 380; baseline -0.003 -2"><span class='ocrx_word' id='word_1_2' title='bbox 1087 321 1320 380; x_wconf 82' lang='lat' dir='ltr'>SERMO</span> <span class='ocrx_word' id='word_1_3' title='bbox 1363 319 1476 379; x_wconf 81' lang='grc' dir='ltr'>ΧΠ.</span> <span class='ocrx_word' id='word_1_4' title='bbox 1517 355 1585 369; x_wconf 84' lang='grc'><strong><em>-</em></strong></span> <span class='ocrx_word' id='word_1_5' title='bbox 1626 317 1721 376; x_wconf 87' lang='lat' dir='ltr'><strong>DE</strong></span> <span class='ocrx_word' id='word_1_6' title='bbox 1758 320 1954 380; x_wconf 74' lang='lat' dir='ltr'>ANIMI</span> <span class='ocrx_word' id='word_1_7' title='bbox 1996 318 2438 380; x_wconf 79' lang='lat' dir='ltr'>DFJECTIONE.</span> 
     </span>
    </p>
   </div>
   <div class='ocr_carea' id='block_1_3' title="bbox 3398 327 3540 384">
    <p class='ocr_par' dir='ltr' id='par_1_3' title="bbox 3398 327 3540 384">
     <span class='ocr_line' id='line_1_3' title="bbox 3398 327 3540 384; baseline 0 -1"><span class='ocrx_word' id='word_1_8' title='bbox 3398 327 3540 384; x_wconf 77' lang='lat' dir='ltr'>i282</span> 
     </span>
    </p>
   </div>
   <div class='ocr_carea' id='block_1_4' title="bbox 168 444 1783 523">
    <p class='ocr_par' dir='ltr' id='par_1_4' title="bbox 168 444 1772 520">
     <span class='ocr_line' id='line_1_4' title="bbox 168 444 1772 520; baseline 0.001 -21"><span class='ocrx_word' id='word_1_9' title='bbox 168 448 372 520; x_wconf 73' lang='grc' dir='ltr'>φάνειαν</span> <span class='ocrx_word' id='word_1_10' title='bbox 416 451 507 500; x_wconf 83' lang='grc' dir='ltr'>τοῦ</span> <span class='ocrx_word' id='word_1_11' title='bbox 545 444 769 519; x_wconf 78' lang='grc' dir='ltr'>μεγάλου</span> <span class='ocrx_word' id='word_1_12' title='bbox 824 451 958 500; x_wconf 79' lang='grc' dir='ltr'>Θεοῦ</span> <span class='ocrx_word' id='word_1_13' title='bbox 1008 449 1099 500; x_wconf 81' lang='grc' dir='ltr'>καὶ</span> <span class='ocrx_word' id='word_1_14' title='bbox 1135 453 1370 520; x_wconf 76' lang='grc' dir='ltr'>Σωτῆρος</span> <span class='ocrx_word' id='word_1_15' title='bbox 1405 447 1552 519; x_wconf 79' lang='grc' dir='ltr'>ἡμῶν</span> <span class='ocrx_word' id='word_1_16' title='bbox 1594 445 1772 505; x_wconf 81' lang='grc' dir='ltr'>Ἰησοῦ</span> 
     </span>
    </p>
   </div>
   <div class='ocr_carea' id='block_1_5' title="bbox 1893 444 3541 523">
    <p class='ocr_par' dir='ltr' id='par_1_5' title="bbox 1893 446 3541 523">
     <span class='ocr_line' id='line_1_5' title="bbox 1893 446 3541 523; baseline 0.002 -19"><span class='ocrx_word' id='word_1_17' title='bbox 1893 449 2098 505; x_wconf 77' lang='lat' dir='ltr'>estnos</span> <span class='ocrx_word' id='word_1_18' title='bbox 2127 462 2395 521; x_wconf 83' lang='lat' dir='ltr'>quoque,</span> <span class='ocrx_word' id='word_1_19' title='bbox 2438 446 2545 521; x_wconf 88' lang='lat' dir='ltr'>qui</span> <span class='ocrx_word' id='word_1_20' title='bbox 2594 462 2799 505; x_wconf 89' lang='lat' dir='ltr'>rerum</span> <span class='ocrx_word' id='word_1_21' title='bbox 2847 452 3187 506; x_wconf 86' lang='lat' dir='ltr'>creatarum</span> <span class='ocrx_word' id='word_1_22' title='bbox 3238 465 3383 523; x_wconf 87' lang='lat' dir='ltr'>pars</span> <span class='ocrx_word' id='word_1_23' title='bbox 3434 467 3541 508; x_wconf 91' lang='lat' dir='ltr'>su-</span> 
     </span>
    </p>
   </div>
   <div class='ocr_carea' id='block_1_6' title="bbox 170 535 1773 612">
    <p class='ocr_par' dir='ltr' id='par_1_6' title="bbox 170 535 1773 612">
     <span class='ocr_line' id='line_1_6' title="bbox 170 535 1773 612; baseline -0.001 -21"><span class='ocrx_word' id='word_1_24' title='bbox 170 542 422 610; x_wconf 80' lang='grc' dir='ltr'>Χριστοῦ.</span> <span class='ocrx_word' id='word_1_25' title='bbox 454 535 516 590; x_wconf 83' lang='grc' dir='ltr'>Εἰ</span> <span class='ocrx_word' id='word_1_26' title='bbox 552 539 655 612; x_wconf 74' lang='grc' dir='ltr'>γὰρ</span> <span class='ocrx_word' id='word_1_27' title='bbox 697 541 849 589; x_wconf 85' lang='grc' dir='ltr'>πᾶσα</span> <span class='ocrx_word' id='word_1_28' title='bbox 903 537 934 595; x_wconf 86' lang='grc' dir='ltr'><strong>ἠ</strong></span> <span class='ocrx_word' id='word_1_29' title='bbox 992 540 1162 598; x_wconf 84' lang='grc' dir='ltr'>κτίσις</span> <span class='ocrx_word' id='word_1_30' title='bbox 1217 536 1524 603; x_wconf 75' lang='grc' dir='ltr'>λυθήσεται,</span> <span class='ocrx_word' id='word_1_31' title='bbox 1557 540 1648 589; x_wconf 84' lang='grc' dir='ltr'>καὶ</span> <span class='ocrx_word' id='word_1_32' title='bbox 1685 555 1773 610; x_wconf 79' lang='grc' dir='ltr'>με-</span> 
     </span>
    </p>
   </div>
   <div class='ocr_carea' id='block_1_7' title="bbox 170 626 1774 700">
    <p class='ocr_par' dir='ltr' id='par_1_7' title="bbox 170 626 1774 700">
     <span class='ocr_line' id='line_1_7' title="bbox 170 626 1774 700; baseline 0 -22"><span class='ocrx_word' id='word_1_33' title='bbox 170 628 588 685; x_wconf 77' lang='grc' dir='ltr'>ταποιηθήσεται</span> <span class='ocrx_word' id='word_1_34' title='bbox 660 629 720 678; x_wconf 88' lang='grc' dir='ltr'>τὸ</span> <span class='ocrx_word' id='word_1_35' title='bbox 789 633 982 698; x_wconf 84' lang='grc' dir='ltr'>σχῆμα</span> <span class='ocrx_word' id='word_1_36' title='bbox 1044 633 1137 679; x_wconf 83' lang='grc' dir='ltr'>τοῦ</span> <span class='ocrx_word' id='word_1_37' title='bbox 1196 629 1399 700; x_wconf 84' lang='grc' dir='ltr'>κόσμου</span> <span class='ocrx_word' id='word_1_38' title='bbox 1469 627 1680 693; x_wconf 84' lang='grc' dir='ltr'>τούτου,</span> <span class='ocrx_word' id='word_1_39' title='bbox 1720 626 1774 679; x_wconf 88' lang='grc' dir='ltr'>τί</span> 
     </span>
    </p>
   </div>
   <div class='ocr_carea' id='block_1_8' title="bbox 173 717 1770 789">
    <p class='ocr_par' dir='ltr' id='par_1_8' title="bbox 173 717 1770 789">
     <span class='ocr_line' id='line_1_8' title="bbox 173 717 1770 789; baseline 0.001 -20"><span class='ocrx_word' id='word_1_40' title='bbox 173 717 473 789; x_wconf 83' lang='grc' dir='ltr'>θαυμαστὸν</span> <span class='ocrx_word' id='word_1_41' title='bbox 533 719 623 768; x_wconf 84' lang='grc' dir='ltr'>καὶ</span> <span class='ocrx_word' id='word_1_42' title='bbox 686 717 827 789; x_wconf 77' lang='grc' dir='ltr'>ἡμᾶς</span> <span class='ocrx_word' id='word_1_43' title='bbox 858 756 874 784; x_wconf 86' lang='grc'><em>,</em></span> <span class='ocrx_word' id='word_1_44' title='bbox 933 719 1089 789; x_wconf 82' lang='grc' dir='ltr'>μέρος</span> <span class='ocrx_word' id='word_1_45' title='bbox 1146 719 1300 780; x_wconf 80' lang='grc' dir='ltr'>ὄντας</span> <span class='ocrx_word' id='word_1_46' title='bbox 1363 724 1461 778; x_wconf 88' lang='grc' dir='ltr'>τῆς</span> <span class='ocrx_word' id='word_1_47' title='bbox 1532 720 1770 787; x_wconf 81' lang='grc' dir='ltr'>κτίσεως,</span> 
     </span>
    </p>
   </div>
   <div class='ocr_carea' id='block_1_9' title="bbox 167 802 1771 880">
    <p class='ocr_par' dir='ltr' id='par_1_9' title="bbox 167 802 1771 880">
     <span class='ocr_line' id='line_1_9' title="bbox 167 802 1771 880; baseline -0.001 -21"><span class='ocrx_word' id='word_1_48' title='bbox 167 806 346 859; x_wconf 79' lang='grc' dir='ltr'>παθεῖν</span> <span class='ocrx_word' id='word_1_49' title='bbox 411 806 479 859; x_wconf 86' lang='grc' dir='ltr'>τά</span> <span class='ocrx_word' id='word_1_50' title='bbox 522 807 671 860; x_wconf 88' lang='grc' dir='ltr'>κοινά</span> <span class='ocrx_word' id='word_1_51' title='bbox 721 807 887 875; x_wconf 80' lang='grc' dir='ltr'>πάθη,</span> <span class='ocrx_word' id='word_1_52' title='bbox 940 811 1031 859; x_wconf 87' lang='grc' dir='ltr'>καὶ</span> <span class='ocrx_word' id='word_1_53' title='bbox 1072 802 1442 880; x_wconf 77' lang='grc' dir='ltr'>παραδοθῆναι</span> <span class='ocrx_word' id='word_1_54' title='bbox 1499 805 1771 878; x_wconf 72' lang='grc' dir='ltr'>θλίψεσιν,</span> 
     </span>
    </p>
   </div>
   <div class='ocr_carea' id='block_1_10' title="bbox 168 892 1771 971">
    <p class='ocr_par' dir='ltr' id='par_1_10' title="bbox 168 892 1771 971">
     <span class='ocr_line' id='line_1_10' title="bbox 168 892 1771 971; baseline 0.002 -24"><span class='ocrx_word' id='word_1_55' title='bbox 168 895 226 957; x_wconf 85' lang='grc' dir='ltr'>ἃς</span> <span class='ocrx_word' id='word_1_56' title='bbox 282 897 419 948; x_wconf 84' lang='grc' dir='ltr'>κατά</span> <span class='ocrx_word' id='word_1_57' title='bbox 468 898 527 949; x_wconf 88' lang='grc' dir='ltr'>τὸ</span> <span class='ocrx_word' id='word_1_58' title='bbox 579 914 765 969; x_wconf 74' lang='grc' dir='ltr'>μετρον</span> <span class='ocrx_word' id='word_1_59' title='bbox 815 904 910 958; x_wconf 82' lang='grc' dir='ltr'>τῆς</span> <span class='ocrx_word' id='word_1_60' title='bbox 977 892 1248 969; x_wconf 80' lang='grc' dir='ltr'>δυνάμεως</span> <span class='ocrx_word' id='word_1_61' title='bbox 1303 897 1449 970; x_wconf 80' lang='grc' dir='ltr'>ἡμῶν</span> <span class='ocrx_word' id='word_1_62' title='bbox 1505 897 1691 971; x_wconf 79' lang='grc' dir='ltr'>ὥρισεν</span> <span class='ocrx_word' id='word_1_63' title='bbox 1744 898 1771 950; x_wconf 86' lang='grc' dir='ltr'><strong><em>ὁ</em></strong></span> 
     </span>
    </p>
   </div>
   <div class='ocr_carea' id='block_1_11' title="bbox 171 981 1771 1062">
    <p class='ocr_par' dir='ltr' id='par_1_11' title="bbox 171 981 1771 1062">
     <span class='ocr_line' id='line_1_11' title="bbox 171 981 1771 1062; baseline 0.002 -25"><span class='ocrx_word' id='word_1_64' title='bbox 171 981 378 1047; x_wconf 81' lang='grc' dir='ltr'>δίκαιος</span> <span class='ocrx_word' id='word_1_65' title='bbox 426 989 631 1061; x_wconf 77' lang='grc' dir='ltr'>κριτὴς,</span> <span class='ocrx_word' id='word_1_66' title='bbox 681 984 776 1038; x_wconf 77' lang='grc' dir='ltr'>οὐκ</span> <span class='ocrx_word' id='word_1_67' title='bbox 824 983 917 1038; x_wconf 75' lang='grc' dir='ltr'>ἐῶν</span> <span class='ocrx_word' id='word_1_68' title='bbox 962 986 1098 1059; x_wconf 72' lang='grc' dir='ltr'>ἡμᾶς</span> <span class='ocrx_word' id='word_1_69' title='bbox 1155 987 1505 1059; x_wconf 74' lang='grc' dir='ltr'>πειρασθῆναι</span> <span class='ocrx_word' id='word_1_70' title='bbox 1556 987 1683 1062; x_wconf 73' lang='grc' dir='ltr'>ὑπὲρ</span> <span class='ocrx_word' id='word_1_71' title='bbox 1743 986 1771 1039; x_wconf 88' lang='grc' dir='ltr'><strong>ὃ</strong></span> 
     </span>
    </p>
   </div>
   <div class='ocr_carea' id='block_1_12' title="bbox 169 1070 1770 1149">
    <p class='ocr_par' dir='ltr' id='par_1_12' title="bbox 169 1070 1770 1149">
     <span class='ocr_line' id='line_1_12' title="bbox 169 1070 1770 1149; baseline 0 -22"><span class='ocrx_word' id='word_1_72' title='bbox 169 1070 454 1147; x_wconf 74' lang='grc' dir='ltr'>δυνάμεθα,</span> <span class='ocrx_word' id='word_1_73' title='bbox 515 1072 644 1126; x_wconf 79' lang='grc' dir='ltr'>ἀλλὰ</span> <span class='ocrx_word' id='word_1_74' title='bbox 692 1070 876 1136; x_wconf 78' lang='grc' dir='ltr'>διδοὺς</span> <span class='ocrx_word' id='word_1_75' title='bbox 925 1077 1019 1127; x_wconf 80' lang='grc' dir='ltr'>σὺν</span> <span class='ocrx_word' id='word_1_76' title='bbox 1078 1082 1150 1146; x_wconf 83' lang='grc' dir='ltr'>τῷ</span> <span class='ocrx_word' id='word_1_77' title='bbox 1211 1084 1487 1149; x_wconf 81' lang='grc' dir='ltr'>πειρασμῷ</span> <span class='ocrx_word' id='word_1_78' title='bbox 1556 1080 1647 1129; x_wconf 83' lang='grc' dir='ltr'>καὶ</span> <span class='ocrx_word' id='word_1_79' title='bbox 1675 1079 1770 1134; x_wconf 77' lang='grc' dir='ltr'>τήν</span> 
     </span>
    </p>
   </div>
   <div class='ocr_carea' id='block_1_13' title="bbox 166 1160 1771 1236">
    <p class='ocr_par' dir='ltr' id='par_1_13' title="bbox 166 1160 1771 1236">
     <span class='ocr_line' id='line_1_13' title="bbox 166 1160 1771 1236; baseline 0 -21"><span class='ocrx_word' id='word_1_80' title='bbox 166 1161 404 1236; x_wconf 77' lang='grc' dir='ltr'>ἔκϐασιν,</span> <span class='ocrx_word' id='word_1_81' title='bbox 446 1170 540 1217; x_wconf 79' lang='grc' dir='ltr'>τοῦ</span> <span class='ocrx_word' id='word_1_82' title='bbox 578 1160 846 1217; x_wconf 75' lang='grc' dir='ltr'>δύνασθαι</span> <span class='ocrx_word' id='word_1_83' title='bbox 895 1165 1036 1236; x_wconf 83' lang='grc' dir='ltr'>ἡμᾶς</span> <span class='ocrx_word' id='word_1_84' title='bbox 1083 1163 1417 1236; x_wconf 83' lang='grc' dir='ltr'>ὑπενεγκεῖν;</span> <span class='ocrx_word' id='word_1_85' title='bbox 1473 1168 1560 1225; x_wconf 77' lang='grc' dir='ltr'>Μὴ</span> <span class='ocrx_word' id='word_1_86' title='bbox 1602 1168 1771 1217; x_wconf 79' lang='grc' dir='ltr'>τοίνυν</span> 
     </span>
    </p>
   </div>
   <div class='ocr_carea' id='block_1_14' title="bbox 167 1249 1773 1330">
    <p class='ocr_par' dir='ltr' id='par_1_14' title="bbox 167 1249 1773 1330">
     <span class='ocr_line' id='line_1_14' title="bbox 167 1249 1773 1330; baseline 0.002 -26"><span class='ocrx_word' id='word_1_87' title='bbox 167 1252 542 1326; x_wconf 78' lang='grc' dir='ltr'>ἀποκάμωμεν,</span> <span class='ocrx_word' id='word_1_88' title='bbox 610 1249 843 1325; x_wconf 68' lang='grc' dir='ltr'>ἀδελφοί·</span> <span class='ocrx_word' id='word_1_89' title='bbox 905 1250 1224 1327; x_wconf 70' lang='grc' dir='ltr'>ἀναμένουσι</span> <span class='ocrx_word' id='word_1_90' title='bbox 1264 1256 1366 1330; x_wconf 81' lang='grc' dir='ltr'>γὰρ</span> <span class='ocrx_word' id='word_1_91' title='bbox 1405 1255 1541 1327; x_wconf 78' lang='grc' dir='ltr'>ἡμᾶς</span> <span class='ocrx_word' id='word_1_92' title='bbox 1584 1254 1635 1306; x_wconf 87' lang='grc' dir='ltr'>οἰ</span> <span class='ocrx_word' id='word_1_93' title='bbox 1672 1262 1773 1309; x_wconf 85' lang='grc' dir='ltr'>τῶν</span> 
     </span>
    </p>
   </div>
   <div class='ocr_carea' id='block_1_15' title="bbox 167 1341 1773 1417">
    <p class='ocr_par' dir='ltr' id='par_1_15' title="bbox 167 1341 1773 1417">
     <span class='ocr_line' id='line_1_15' title="bbox 167 1341 1773 1417; baseline 0.001 -24"><span class='ocrx_word' id='word_1_94' title='bbox 167 1344 444 1416; x_wconf 79' lang='grc' dir='ltr'>μαρτύρων</span> <span class='ocrx_word' id='word_1_95' title='bbox 494 1344 755 1414; x_wconf 66' lang='grc' dir='ltr'>στέφανον</span> <span class='ocrx_word' id='word_1_96' title='bbox 818 1342 1016 1416; x_wconf 78' lang='grc' dir='ltr'>ἕτοιμοί</span> <span class='ocrx_word' id='word_1_97' title='bbox 1062 1341 1193 1396; x_wconf 87' lang='grc' dir='ltr'>εἰσιν</span> <span class='ocrx_word' id='word_1_98' title='bbox 1259 1342 1309 1395; x_wconf 81' lang='grc' dir='ltr'>οἱ</span> <span class='ocrx_word' id='word_1_99' title='bbox 1368 1347 1528 1417; x_wconf 82' lang='grc' dir='ltr'>χοροὶ</span> <span class='ocrx_word' id='word_1_100' title='bbox 1583 1342 1773 1416; x_wconf 86' lang='grc' dir='ltr'>ὁμολο-</span> 
     </span>
    </p>
   </div>
   <div class='ocr_carea' id='block_1_16' title="bbox 166 1428 1776 1507">
    <p class='ocr_par' dir='ltr' id='par_1_16' title="bbox 166 1428 1776 1507">
     <span class='ocr_line' id='line_1_16' title="bbox 166 1428 1776 1507; baseline 0.001 -25"><span class='ocrx_word' id='word_1_101' title='bbox 166 1438 340 1503; x_wconf 81' lang='grc' dir='ltr'>γητῶν</span> <span class='ocrx_word' id='word_1_102' title='bbox 389 1436 652 1505; x_wconf 86' lang='grc' dir='ltr'>προτεῖναι</span> <span class='ocrx_word' id='word_1_103' title='bbox 707 1431 829 1504; x_wconf 90' lang='grc' dir='ltr'>ὑμῖν</span> <span class='ocrx_word' id='word_1_104' title='bbox 857 1431 934 1503; x_wconf 81' lang='grc'>(1)</span> <span class='ocrx_word' id='word_1_105' title='bbox 999 1433 1093 1493; x_wconf 87' lang='grc' dir='ltr'>τὰς</span> <span class='ocrx_word' id='word_1_106' title='bbox 1138 1438 1347 1507; x_wconf 85' lang='grc' dir='ltr'>χεῖρας,</span> <span class='ocrx_word' id='word_1_107' title='bbox 1378 1436 1469 1485; x_wconf 86' lang='grc' dir='ltr'>καὶ</span> <span class='ocrx_word' id='word_1_108' title='bbox 1517 1428 1776 1495; x_wconf 68' lang='grc' dir='ltr'>δέξασθαι</span> 
     </span>
    </p>
   </div>
   <div class='ocr_carea' id='block_1_17' title="bbox 167 1516 1776 1594">
    <p class='ocr_par' dir='ltr' id='par_1_17' title="bbox 167 1516 1776 1594">
     <span class='ocr_line' id='line_1_17' title="bbox 167 1516 1776 1594; baseline 0.001 -22"><span class='ocrx_word' id='word_1_109' title='bbox 167 1522 305 1594; x_wconf 83' lang='grc' dir='ltr'>ὑμᾶς</span> <span class='ocrx_word' id='word_1_110' title='bbox 360 1519 428 1582; x_wconf 87' lang='grc' dir='ltr'>εἰς</span> <span class='ocrx_word' id='word_1_111' title='bbox 478 1522 564 1573; x_wconf 87' lang='grc' dir='ltr'>τὸν</span> <span class='ocrx_word' id='word_1_112' title='bbox 615 1516 755 1573; x_wconf 76' lang='grc' dir='ltr'>ἳδιον</span> <span class='ocrx_word' id='word_1_113' title='bbox 808 1519 1051 1594; x_wconf 83' lang='grc' dir='ltr'>ἀριθμόν.</span> <span class='ocrx_word' id='word_1_114' title='bbox 1111 1522 1396 1580; x_wconf 75' lang='grc' dir='ltr'>Μνῆσθητε</span> <span class='ocrx_word' id='word_1_115' title='bbox 1449 1528 1549 1574; x_wconf 85' lang='grc' dir='ltr'>τῶν</span> <span class='ocrx_word' id='word_1_116' title='bbox 1612 1520 1776 1574; x_wconf 84' lang='grc' dir='ltr'>πάλαι</span> 
     </span>
    </p>
   </div>
   <div class='ocr_carea' id='block_1_18' title="bbox 167 1605 1776 1684">
    <p class='ocr_par' dir='ltr' id='par_1_18' title="bbox 167 1605 1776 1684">
     <span class='ocr_line' id='line_1_18' title="bbox 167 1605 1776 1684; baseline 0.001 -22"><span class='ocrx_word' id='word_1_117' title='bbox 167 1611 350 1682; x_wconf 82' lang='grc' dir='ltr'>οἷγίων,</span> <span class='ocrx_word' id='word_1_118' title='bbox 398 1611 479 1662; x_wconf 83' lang='grc' dir='ltr'>ὅτι</span> <span class='ocrx_word' id='word_1_119' title='bbox 518 1605 689 1671; x_wconf 71' lang='grc' dir='ltr'>οὐδεὶς</span> <span class='ocrx_word' id='word_1_120' title='bbox 742 1619 967 1684; x_wconf 75' lang='grc' dir='ltr'>τρυφῶν,</span> <span class='ocrx_word' id='word_1_121' title='bbox 1026 1607 1152 1664; x_wconf 60' lang='lat' dir='ltr'>add:</span> <span class='ocrx_word' id='word_1_122' title='bbox 1207 1610 1632 1684; x_wconf 70' lang='grc' dir='ltr'>κολακευόμενος,</span> <span class='ocrx_word' id='word_1_123' title='bbox 1675 1618 1776 1663; x_wconf 87' lang='grc' dir='ltr'>τῶν</span> 
     </span>
    </p>
   </div>
   <div class='ocr_carea' id='block_1_19' title="bbox 170 1697 1780 1773">
    <p class='ocr_par' dir='ltr' id='par_1_19' title="bbox 170 1697 1780 1773">
     <span class='ocr_line' id='line_1_19' title="bbox 170 1697 1780 1773; baseline 0.001 -21"><span class='ocrx_word' id='word_1_124' title='bbox 170 1701 432 1773; x_wconf 75' lang='grc' dir='ltr'>στεφάνων</span> <span class='ocrx_word' id='word_1_125' title='bbox 475 1706 572 1761; x_wconf 91' lang='grc' dir='ltr'>τῆς</span> <span class='ocrx_word' id='word_1_126' title='bbox 629 1700 894 1772; x_wconf 78' lang='grc' dir='ltr'>ὑπομονῆς</span> <span class='ocrx_word' id='word_1_127' title='bbox 964 1699 1188 1764; x_wconf 75' lang='grc' dir='ltr'>ἠξιώθηο</span> <span class='ocrx_word' id='word_1_128' title='bbox 1246 1698 1375 1752; x_wconf 82' lang='grc' dir='ltr'>ἀλλά</span> <span class='ocrx_word' id='word_1_129' title='bbox 1440 1719 1625 1762; x_wconf 83' lang='grc' dir='ltr'>παντες</span> <span class='ocrx_word' id='word_1_130' title='bbox 1683 1697 1780 1753; x_wconf 83' lang='grc' dir='ltr'>διὰ</span> 
     </span>
    </p>
   </div>
   <div class='ocr_carea' id='block_1_20' title="bbox 1884 534 3542 602">
    <p class='ocr_par' dir='ltr' id='par_1_20' title="bbox 1884 534 3542 602">
     <span class='ocr_line' id='line_1_20' title="bbox 1884 534 3542 602; baseline 0.002 -11"><span class='ocrx_word' id='word_1_131' title='bbox 1884 551 2021 592; x_wconf 91' lang='lat' dir='ltr'>mus</span> <span class='ocrx_word' id='word_1_132' title='bbox 2046 535 2474 592; x_wconf 88' lang='lat' dir='ltr'>communibus</span> <span class='ocrx_word' id='word_1_133' title='bbox 2500 535 2678 593; x_wconf 89' lang='lat' dir='ltr'>malis</span> <span class='ocrx_word' id='word_1_134' title='bbox 2717 534 2900 602; x_wconf 83' lang='lat' dir='ltr'>afﬁci,</span> <span class='ocrx_word' id='word_1_135' title='bbox 2942 553 3013 593; x_wconf 92' lang='lat' dir='ltr'>ac</span> <span class='ocrx_word' id='word_1_136' title='bbox 3071 537 3224 593; x_wconf 87' lang='lat' dir='ltr'>tradi</span> <span class='ocrx_word' id='word_1_137' title='bbox 3265 538 3542 596; x_wconf 83' lang='lat' dir='ltr'>afﬂictio-</span> 
     </span>
    </p>
   </div>
   <div class='ocr_carea' id='block_1_21' title="bbox 1882 624 3546 698">
    <p class='ocr_par' dir='ltr' id='par_1_21' title="bbox 1882 624 3546 698">
     <span class='ocr_line' id='line_1_21' title="bbox 1882 624 3546 698; baseline 0.001 -16"><span class='ocrx_word' id='word_1_138' title='bbox 1882 624 2085 691; x_wconf 83' lang='lat' dir='ltr'>nibus,</span> <span class='ocrx_word' id='word_1_139' title='bbox 2110 641 2265 698; x_wconf 91' lang='lat' dir='ltr'>quas</span> <span class='ocrx_word' id='word_1_140' title='bbox 2291 641 2401 698; x_wconf 91' lang='lat' dir='ltr'>pro</span> <span class='ocrx_word' id='word_1_141' title='bbox 2427 625 2646 682; x_wconf 89' lang='lat' dir='ltr'>virium</span> <span class='ocrx_word' id='word_1_142' title='bbox 2673 630 3023 683; x_wconf 89' lang='lat' dir='ltr'>nostrarum</span> <span class='ocrx_word' id='word_1_143' title='bbox 3053 626 3304 684; x_wconf 87' lang='lat' dir='ltr'>modulo</span> <span class='ocrx_word' id='word_1_144' title='bbox 3330 627 3546 698; x_wconf 88' lang='lat' dir='ltr'>inﬂigit</span> 
     </span>
    </p>
   </div>
   <div class='ocr_carea' id='block_1_22' title="bbox 1881 714 3546 790">
    <p class='ocr_par' dir='ltr' id='par_1_22' title="bbox 1881 714 3546 790">
     <span class='ocr_line' id='line_1_22' title="bbox 1881 714 3546 790; baseline 0.002 -20"><span class='ocrx_word' id='word_1_145' title='bbox 1881 714 2061 772; x_wconf 90' lang='lat' dir='ltr'>nobis</span> <span class='ocrx_word' id='word_1_146' title='bbox 2085 715 2284 787; x_wconf 86' lang='lat' dir='ltr'>justus</span> <span class='ocrx_word' id='word_1_147' title='bbox 2319 715 2665 787; x_wconf 83' lang='lat' dir='ltr'>judex,non</span> <span class='ocrx_word' id='word_1_148' title='bbox 2689 715 2908 773; x_wconf 89' lang='lat' dir='ltr'>tentari</span> <span class='ocrx_word' id='word_1_149' title='bbox 2937 731 3051 773; x_wconf 91' lang='lat' dir='ltr'>nos</span> <span class='ocrx_word' id='word_1_150' title='bbox 3101 717 3305 773; x_wconf 89' lang='lat' dir='ltr'>sinens</span> <span class='ocrx_word' id='word_1_151' title='bbox 3360 732 3546 790; x_wconf 80' lang='lat' dir='ltr'>supra</span> 
     </span>
    </p>
   </div>
   <div class='ocr_carea' id='block_1_23' title="bbox 1882 803 3545 878">
    <p class='ocr_par' dir='ltr' id='par_1_23' title="bbox 1882 803 3545 878">
     <span class='ocr_line' id='line_1_23' title="bbox 1882 803 3545 878; baseline 0.002 -18"><span class='ocrx_word' id='word_1_152' title='bbox 1882 803 1944 860; x_wconf 88' lang='lat' dir='ltr'>id</span> <span class='ocrx_word' id='word_1_153' title='bbox 1972 803 2141 878; x_wconf 91' lang='lat' dir='ltr'>quod</span> <span class='ocrx_word' id='word_1_154' title='bbox 2170 820 2524 878; x_wconf 86' lang='lat' dir='ltr'>possumus,</span> <span class='ocrx_word' id='word_1_155' title='bbox 2560 805 2671 861; x_wconf 88' lang='lat' dir='ltr'>sed</span> <span class='ocrx_word' id='word_1_156' title='bbox 2700 805 2857 861; x_wconf 85' lang='lat' dir='ltr'>dans</span> <span class='ocrx_word' id='word_1_157' title='bbox 2882 821 3006 862; x_wconf 87' lang='lat' dir='ltr'>una</span> <span class='ocrx_word' id='word_1_158' title='bbox 3038 821 3179 862; x_wconf 92' lang='lat' dir='ltr'>cum</span> <span class='ocrx_word' id='word_1_159' title='bbox 3218 806 3545 864; x_wconf 88' lang='lat' dir='ltr'>tentatione</span> 
     </span>
    </p>
   </div>
   <div class='ocr_carea' id='block_1_24' title="bbox 1883 893 3545 966">
    <p class='ocr_par' dir='ltr' id='par_1_24' title="bbox 1883 893 3545 966">
     <span class='ocr_line' id='line_1_24' title="bbox 1883 893 3545 966; baseline 0.001 -18"><span class='ocrx_word' id='word_1_160' title='bbox 1883 893 2129 963; x_wconf 83' lang='lat' dir='ltr'>exitum,</span> <span class='ocrx_word' id='word_1_161' title='bbox 2162 896 2229 950; x_wconf 93' lang='lat' dir='ltr'>ut</span> <span class='ocrx_word' id='word_1_162' title='bbox 2255 893 2521 966; x_wconf 84' lang='lat' dir='ltr'>perferre</span> <span class='ocrx_word' id='word_1_163' title='bbox 2563 894 2871 966; x_wconf 86' lang='lat' dir='ltr'>possimus</span> <span class='ocrx_word' id='word_1_164' title='bbox 2915 896 2959 931; x_wconf 78' lang='grc'>⁹¹</span> <span class='ocrx_word' id='word_1_165' title='bbox 2985 895 3013 952; x_wconf 74' lang='lat'>‘2</span> <span class='ocrx_word' id='word_1_166' title='bbox 3054 897 3134 952; x_wconf 81' lang='lat' dir='ltr'>Ne</span> <span class='ocrx_word' id='word_1_167' title='bbox 3190 895 3371 965; x_wconf 83' lang='lat' dir='ltr'>igitur</span> <span class='ocrx_word' id='word_1_168' title='bbox 3400 894 3545 950; x_wconf 81' lang='lat' dir='ltr'>deﬁ-</span> 
     </span>
    </p>
   </div>
   <div class='ocr_carea' id='block_1_25' title="bbox 1883 980 3545 1056">
    <p class='ocr_par' dir='ltr' id='par_1_25' title="bbox 1883 980 3545 1056">
     <span class='ocr_line' id='line_1_25' title="bbox 1883 980 3545 1056; baseline 0.002 -19"><span class='ocrx_word' id='word_1_169' title='bbox 1883 981 2139 1052; x_wconf 82' lang='lat' dir='ltr'>ciamus,</span> <span class='ocrx_word' id='word_1_170' title='bbox 2168 980 2414 1039; x_wconf 81' lang='lat' dir='ltr'>fratres:</span> <span class='ocrx_word' id='word_1_171' title='bbox 2459 986 2812 1056; x_wconf 77' lang='lat' dir='ltr'>exspectant</span> <span class='ocrx_word' id='word_1_172' title='bbox 2847 983 3010 1040; x_wconf 88' lang='lat' dir='ltr'>enim</span> <span class='ocrx_word' id='word_1_173' title='bbox 3056 999 3167 1040; x_wconf 90' lang='lat' dir='ltr'>nos</span> <span class='ocrx_word' id='word_1_174' title='bbox 3204 987 3545 1056; x_wconf 76' lang='lat' dir='ltr'>martyrum</span> 
     </span>
    </p>
   </div>
   <div class='ocr_carea' id='block_1_26' title="bbox 1882 1072 3543 1145">
    <p class='ocr_par' dir='ltr' id='par_1_26' title="bbox 1882 1072 3543 1145">
     <span class='ocr_line' id='line_1_26' title="bbox 1882 1072 3543 1145; baseline 0.001 -18"><span class='ocrx_word' id='word_1_175' title='bbox 1882 1087 2159 1129; x_wconf 67' lang='lat' dir='ltr'>coronas:</span> <span class='ocrx_word' id='word_1_176' title='bbox 2221 1073 2417 1145; x_wconf 84' lang='lat' dir='ltr'>parati</span> <span class='ocrx_word' id='word_1_177' title='bbox 2461 1076 2599 1129; x_wconf 90' lang='lat' dir='ltr'>sunt</span> <span class='ocrx_word' id='word_1_178' title='bbox 2656 1072 3071 1130; x_wconf 82' lang='lat' dir='ltr'>confessorum</span> <span class='ocrx_word' id='word_1_179' title='bbox 3125 1072 3293 1129; x_wconf 89' lang='lat' dir='ltr'>chori</span> <span class='ocrx_word' id='word_1_180' title='bbox 3321 1087 3543 1129; x_wconf 90' lang='lat' dir='ltr'>manus</span> 
     </span>
    </p>
   </div>
   <div class='ocr_carea' id='block_1_27' title="bbox 1880 1160 3542 1235">
    <p class='ocr_par' dir='ltr' id='par_1_27' title="bbox 1880 1160 3542 1235">
     <span class='ocr_line' id='line_1_27' title="bbox 1880 1160 3542 1235; baseline 0 -18"><span class='ocrx_word' id='word_1_181' title='bbox 1880 1160 2051 1217; x_wconf 83' lang='lat' dir='ltr'>vobis</span> <span class='ocrx_word' id='word_1_182' title='bbox 2080 1161 2405 1234; x_wconf 80' lang='lat' dir='ltr'>porrigere,</span> <span class='ocrx_word' id='word_1_183' title='bbox 2437 1161 2621 1235; x_wconf 90' lang='lat' dir='ltr'>inque</span> <span class='ocrx_word' id='word_1_184' title='bbox 2661 1177 2840 1218; x_wconf 89' lang='lat' dir='ltr'>suum</span> <span class='ocrx_word' id='word_1_185' title='bbox 2891 1177 3217 1218; x_wconf 87' lang='lat' dir='ltr'>numerum</span> <span class='ocrx_word' id='word_1_186' title='bbox 3256 1163 3542 1235; x_wconf 88' lang='lat' dir='ltr'>recipere.</span> 
     </span>
    </p>
   </div>
   <div class='ocr_carea' id='block_1_28' title="bbox 1885 1251 3546 1326">
    <p class='ocr_par' dir='ltr' id='par_1_28' title="bbox 1885 1251 3546 1326">
     <span class='ocr_line' id='line_1_28' title="bbox 1885 1251 3546 1326; baseline 0 -18"><span class='ocrx_word' id='word_1_187' title='bbox 1885 1251 2266 1308; x_wconf 83' lang='lat' dir='ltr'>Memineritis</span> <span class='ocrx_word' id='word_1_188' title='bbox 2307 1255 2575 1309; x_wconf 82' lang='lat' dir='ltr'>veterum</span> <span class='ocrx_word' id='word_1_189' title='bbox 2633 1256 3005 1320; x_wconf 86' lang='lat' dir='ltr'>sanctorum,</span> <span class='ocrx_word' id='word_1_190' title='bbox 3049 1268 3312 1326; x_wconf 90' lang='lat' dir='ltr'>quorum</span> <span class='ocrx_word' id='word_1_191' title='bbox 3363 1268 3546 1309; x_wconf 90' lang='lat' dir='ltr'>nemo</span> 
     </span>
    </p>
   </div>
   <div class='ocr_carea' id='block_1_29' title="bbox 1885 1340 3546 1413">
    <p class='ocr_par' dir='ltr' id='par_1_29' title="bbox 1885 1340 3546 1413">
     <span class='ocr_line' id='line_1_29' title="bbox 1885 1340 3546 1413; baseline 0 -15"><span class='ocrx_word' id='word_1_192' title='bbox 1885 1340 2114 1398; x_wconf 87' lang='lat' dir='ltr'>deliciis</span> <span class='ocrx_word' id='word_1_193' title='bbox 2142 1341 2499 1413; x_wconf 86' lang='lat' dir='ltr'>inserviens,</span> <span class='ocrx_word' id='word_1_194' title='bbox 2522 1346 2628 1398; x_wconf 89' lang='lat' dir='ltr'>aut</span> <span class='ocrx_word' id='word_1_195' title='bbox 2648 1341 3102 1399; x_wconf 86' lang='lat' dir='ltr'>adulationibus</span> <span class='ocrx_word' id='word_1_196' title='bbox 3122 1342 3426 1411; x_wconf 90' lang='lat' dir='ltr'>delinitus,</span> <span class='ocrx_word' id='word_1_197' title='bbox 3450 1356 3546 1399; x_wconf 84' lang='lat' dir='ltr'>co-</span> 
     </span>
    </p>
   </div>
   <div class='ocr_carea' id='block_1_30' title="bbox 1885 1430 3549 1505">
    <p class='ocr_par' dir='ltr' id='par_1_30' title="bbox 1885 1430 3549 1505">
     <span class='ocr_line' id='line_1_30' title="bbox 1885 1430 3549 1505; baseline 0 -18"><span class='ocrx_word' id='word_1_198' title='bbox 1885 1446 2071 1488; x_wconf 90' lang='lat' dir='ltr'>ronas</span> <span class='ocrx_word' id='word_1_199' title='bbox 2101 1430 2409 1504; x_wconf 73' lang='lat' dir='ltr'>patientiae</span> <span class='ocrx_word' id='word_1_200' title='bbox 2439 1437 2801 1488; x_wconf 87' lang='lat' dir='ltr'>consecutus</span> <span class='ocrx_word' id='word_1_201' title='bbox 2831 1436 2950 1500; x_wconf 89' lang='lat' dir='ltr'>est;</span> <span class='ocrx_word' id='word_1_202' title='bbox 3010 1431 3119 1487; x_wconf 91' lang='lat' dir='ltr'>sed</span> <span class='ocrx_word' id='word_1_203' title='bbox 3175 1447 3390 1489; x_wconf 90' lang='lat' dir='ltr'>omnes</span> <span class='ocrx_word' id='word_1_204' title='bbox 3437 1446 3549 1505; x_wconf 92' lang='lat' dir='ltr'>per</span> 
     </span>
    </p>
   </div>
   <div class='ocr_carea' id='block_1_31' title="bbox 1887 1519 3546 1594">
    <p class='ocr_par' dir='ltr' id='par_1_31' title="bbox 1887 1519 3546 1594">
     <span class='ocr_line' id='line_1_31' title="bbox 1887 1519 3546 1594; baseline 0 -18"><span class='ocrx_word' id='word_1_205' title='bbox 1887 1536 2147 1591; x_wconf 90' lang='lat' dir='ltr'>magnas</span> <span class='ocrx_word' id='word_1_206' title='bbox 2168 1519 2522 1577; x_wconf 78' lang='lat' dir='ltr'>aﬂlictiones</span> <span class='ocrx_word' id='word_1_207' title='bbox 2546 1520 2724 1594; x_wconf 89' lang='lat' dir='ltr'>quasi</span> <span class='ocrx_word' id='word_1_208' title='bbox 2753 1536 2860 1593; x_wconf 88' lang='lat' dir='ltr'>per</span> <span class='ocrx_word' id='word_1_209' title='bbox 2880 1520 3084 1591; x_wconf 84' lang='lat' dir='ltr'>ignem</span> <span class='ocrx_word' id='word_1_210' title='bbox 3106 1521 3336 1589; x_wconf 90' lang='lat' dir='ltr'>tentati,</span> <span class='ocrx_word' id='word_1_211' title='bbox 3365 1537 3546 1594; x_wconf 77' lang='lat' dir='ltr'>expe-</span> 
     </span>
    </p>
   </div>
   <div class='ocr_carea' id='block_1_32' title="bbox 1885 1609 3547 1682">
    <p class='ocr_par' dir='ltr' id='par_1_32' title="bbox 1885 1609 3547 1682">
     <span class='ocr_line' id='line_1_32' title="bbox 1885 1609 3547 1682; baseline 0.001 -15"><span class='ocrx_word' id='word_1_212' title='bbox 1885 1611 2215 1667; x_wconf 88' lang='lat' dir='ltr'>rimentum</span> <span class='ocrx_word' id='word_1_213' title='bbox 2245 1610 2340 1666; x_wconf 88' lang='lat' dir='ltr'>sui</span> <span class='ocrx_word' id='word_1_214' title='bbox 2365 1609 2683 1666; x_wconf 89' lang='lat' dir='ltr'>dederunt.</span> <span class='ocrx_word' id='word_1_215' title='bbox 2715 1610 2793 1682; x_wconf 86' lang='lat'><strong>(5)</strong></span> <span class='ocrx_word' id='word_1_216' title='bbox 2827 1613 3038 1667; x_wconf 87' lang='lat' dir='ltr'>Beatus</span> <span class='ocrx_word' id='word_1_217' title='bbox 3069 1609 3175 1682; x_wconf 87' lang='lat' dir='ltr'>qui</span> <span class='ocrx_word' id='word_1_218' title='bbox 3198 1610 3421 1681; x_wconf 90' lang='lat' dir='ltr'>dignus</span> <span class='ocrx_word' id='word_1_219' title='bbox 3442 1611 3547 1668; x_wconf 89' lang='lat' dir='ltr'>ha-</span> 
     </span>
    </p>
   </div>
   <div class='ocr_carea' id='block_1_33' title="bbox 1888 1698 3551 1773">
    <p class='ocr_par' dir='ltr' id='par_1_33' title="bbox 1888 1698 3551 1773">
     <span class='ocr_line' id='line_1_33' title="bbox 1888 1698 3551 1773; baseline 0.001 -18"><span class='ocrx_word' id='word_1_220' title='bbox 1888 1698 2081 1765; x_wconf 88' lang='lat' dir='ltr'>betur,</span> <span class='ocrx_word' id='word_1_221' title='bbox 2110 1700 2215 1773; x_wconf 90' lang='lat' dir='ltr'>qui</span> <span class='ocrx_word' id='word_1_222' title='bbox 2237 1699 2504 1773; x_wconf 84' lang='lat' dir='ltr'>patiatur</span> <span class='ocrx_word' id='word_1_223' title='bbox 2530 1715 2643 1772; x_wconf 88' lang='lat' dir='ltr'>pro</span> <span class='ocrx_word' id='word_1_224' title='bbox 2669 1698 3174 1756; x_wconf 85' lang='lat' dir='ltr'>Christo.Beatior</span> <span class='ocrx_word' id='word_1_225' title='bbox 3188 1699 3293 1772; x_wconf 88' lang='lat' dir='ltr'>qui</span> <span class='ocrx_word' id='word_1_226' title='bbox 3314 1700 3551 1771; x_wconf 87' lang='lat' dir='ltr'>majora</span> 
     </span>
    </p>
   </div>
   <div class='ocr_carea' id='block_1_34' title="bbox 166 1785 1783 1865">
    <p class='ocr_par' dir='ltr' id='par_1_34' title="bbox 166 1785 1780 1865">
     <span class='ocr_line' id='line_1_34' title="bbox 166 1785 1780 1865; baseline 0.001 -25"><span class='ocrx_word' id='word_1_227' title='bbox 166 1788 403 1863; x_wconf 81' lang='grc' dir='ltr'>μεγάλων</span> <span class='ocrx_word' id='word_1_228' title='bbox 454 1787 673 1860; x_wconf 71' lang='grc' dir='ltr'>θλίψεων</span> <span class='ocrx_word' id='word_1_229' title='bbox 726 1790 1072 1865; x_wconf 76' lang='grc' dir='ltr'>πυρωθέντες,</span> <span class='ocrx_word' id='word_1_230' title='bbox 1130 1791 1190 1841; x_wconf 88' lang='grc' dir='ltr'>τὸ</span> <span class='ocrx_word' id='word_1_231' title='bbox 1265 1785 1506 1862; x_wconf 74' lang='grc' dir='ltr'>δοκίμιον</span> <span class='ocrx_word' id='word_1_232' title='bbox 1572 1785 1780 1842; x_wconf 71' lang='grc' dir='ltr'>ἐπεδεί-</span> 
     </span>
    </p>
   </div>
   <div class='ocr_carea' id='block_1_35' title="bbox 1893 1785 3546 1865">
    <p class='ocr_par' dir='ltr' id='par_1_35' title="bbox 1893 1787 3546 1862">
     <span class='ocr_line' id='line_1_35' title="bbox 1893 1787 3546 1862; baseline 0.001 -17"><span class='ocrx_word' id='word_1_233' title='bbox 1893 1790 2133 1862; x_wconf 90' lang='lat' dir='ltr'>patitur,</span> <span class='ocrx_word' id='word_1_234' title='bbox 2163 1788 2665 1862; x_wconf 86' lang='lat' dir='ltr'>quandoquidem</span> <span class='ocrx_word' id='word_1_235' title='bbox 2697 1787 3051 1846; x_wconf 77' lang='lat' dir='ltr'>aﬂlictiones</span> <span class='ocrx_word' id='word_1_236' title='bbox 3071 1790 3362 1861; x_wconf 89' lang='lat' dir='ltr'>temporis</span> <span class='ocrx_word' id='word_1_237' title='bbox 3390 1806 3546 1862; x_wconf 69' lang='lat' dir='ltr'>prte-</span> 
     </span>
    </p>
   </div>
   <div class='ocr_carea' id='block_1_36' title="bbox 168 1877 1778 1953">
    <p class='ocr_par' dir='ltr' id='par_1_36' title="bbox 168 1877 1778 1953">
     <span class='ocr_line' id='line_1_36' title="bbox 168 1877 1778 1953; baseline 0 -23"><span class='ocrx_word' id='word_1_238' title='bbox 168 1877 321 1941; x_wconf 87' lang='grc' dir='ltr'>ξαντο</span> <span class='ocrx_word' id='word_1_239' title='bbox 383 1878 653 1950; x_wconf 76' lang='grc' dir='ltr'>Μακάριος</span> <span class='ocrx_word' id='word_1_240' title='bbox 711 1878 738 1930; x_wconf 87' lang='grc' dir='ltr'><strong><em>ὁ</em></strong></span> <span class='ocrx_word' id='word_1_241' title='bbox 798 1877 1138 1941; x_wconf 75' lang='grc' dir='ltr'>κατ-ἀξιωθεὶς</span> <span class='ocrx_word' id='word_1_242' title='bbox 1196 1886 1296 1931; x_wconf 85' lang='grc' dir='ltr'>τῶν</span> <span class='ocrx_word' id='word_1_243' title='bbox 1354 1880 1482 1951; x_wconf 71' lang='grc' dir='ltr'>ὑπὲρ</span> <span class='ocrx_word' id='word_1_244' title='bbox 1545 1885 1778 1953; x_wconf 77' lang='grc' dir='ltr'>Χριστοῦ</span> 
     </span>
    </p>
   </div>
   <div class='ocr_carea' id='block_1_37' title="bbox 166 1964 1778 2042">
    <p class='ocr_par' dir='ltr' id='par_1_37' title="bbox 166 1964 1778 2042">
     <span class='ocr_line' id='line_1_37' title="bbox 166 1964 1778 2042; baseline -0.001 -21"><span class='ocrx_word' id='word_1_245' title='bbox 166 1968 511 2041; x_wconf 71' lang='grc' dir='ltr'>παθημάτων.</span> <span class='ocrx_word' id='word_1_246' title='bbox 569 1972 974 2042; x_wconf 81' lang='grc' dir='ltr'>Μακαριώτερος</span> <span class='ocrx_word' id='word_1_247' title='bbox 1023 1964 1083 2021; x_wconf 61' lang='lat'>0“:</span> <span class='ocrx_word' id='word_1_248' title='bbox 1141 1968 1167 2019; x_wconf 85' lang='grc' dir='ltr'><strong>ὁ</strong></span> <span class='ocrx_word' id='word_1_249' title='bbox 1219 1967 1509 2029; x_wconf 75' lang='grc' dir='ltr'>πλεονάσας</span> <span class='ocrx_word' id='word_1_250' title='bbox 1567 1966 1617 2021; x_wconf 82' lang='grc' dir='ltr'>ἐν</span> <span class='ocrx_word' id='word_1_251' title='bbox 1668 1974 1778 2030; x_wconf 85' lang='grc' dir='ltr'>τοῖς</span> 
     </span>
    </p>
   </div>
   <div class='ocr_carea' id='block_1_38' title="bbox 165 2053 1779 2131">
    <p class='ocr_par' dir='ltr' id='par_1_38' title="bbox 165 2053 1779 2131">
     <span class='ocr_line' id='line_1_38' title="bbox 165 2053 1779 2131; baseline -0.001 -20"><span class='ocrx_word' id='word_1_252' title='bbox 165 2059 468 2129; x_wconf 79' lang='grc' dir='ltr'>παθήμασι·</span> <span class='ocrx_word' id='word_1_253' title='bbox 505 2053 649 2112; x_wconf 74' lang='grc' dir='ltr'>διότι</span> <span class='ocrx_word' id='word_1_254' title='bbox 681 2056 777 2110; x_wconf 76' lang='grc' dir='ltr'>οὑκ</span> <span class='ocrx_word' id='word_1_255' title='bbox 804 2056 930 2120; x_wconf 81' lang='grc' dir='ltr'>οἶξια</span> <span class='ocrx_word' id='word_1_256' title='bbox 955 2059 1022 2110; x_wconf 80' lang='grc' dir='ltr'>τὰ</span> <span class='ocrx_word' id='word_1_257' title='bbox 1055 2059 1343 2131; x_wconf 73' lang='grc' dir='ltr'>παθήματα</span> <span class='ocrx_word' id='word_1_258' title='bbox 1388 2066 1480 2111; x_wconf 75' lang='grc' dir='ltr'>τοῦ</span> <span class='ocrx_word' id='word_1_259' title='bbox 1522 2066 1611 2110; x_wconf 81' lang='grc' dir='ltr'>νῦν</span> <span class='ocrx_word' id='word_1_260' title='bbox 1654 2077 1779 2110; x_wconf 86' lang='grc' dir='ltr'>και-</span> 
     </span>
    </p>
   </div>
   <div class='ocr_carea' id='block_1_39' title="bbox 164 2144 1781 2221">
    <p class='ocr_par' dir='ltr' id='par_1_39' title="bbox 164 2144 1781 2221">
     <span class='ocr_line' id='line_1_39' title="bbox 164 2144 1781 2221; baseline 0 -22"><span class='ocrx_word' id='word_1_261' title='bbox 164 2154 263 2221; x_wconf 73' lang='grc' dir='ltr'><em>ροῦ</em></span> <span class='ocrx_word' id='word_1_262' title='bbox 326 2149 457 2221; x_wconf 87' lang='grc' dir='ltr'>πρὸς</span> <span class='ocrx_word' id='word_1_263' title='bbox 519 2150 615 2206; x_wconf 76' lang='grc' dir='ltr'>τὴν</span> <span class='ocrx_word' id='word_1_264' title='bbox 680 2145 970 2220; x_wconf 85' lang='grc' dir='ltr'>μέλλουσαν</span> <span class='ocrx_word' id='word_1_265' title='bbox 1021 2144 1179 2211; x_wconf 80' lang='grc' dir='ltr'>δόξαν</span> <span class='ocrx_word' id='word_1_266' title='bbox 1231 2147 1666 2221; x_wconf 72' lang='grc' dir='ltr'>ἀποκαλυφθῆναι</span> <span class='ocrx_word' id='word_1_267' title='bbox 1713 2147 1781 2209; x_wconf 86' lang='grc' dir='ltr'>εἰς</span> 
     </span>
    </p>
   </div>
   <div class='ocr_carea' id='block_1_40' title="bbox 166 2234 1782 2312">
    <p class='ocr_par' dir='ltr' id='par_1_40' title="bbox 166 2234 1782 2312">
     <span class='ocr_line' id='line_1_40' title="bbox 166 2234 1782 2312; baseline -0.004 -18"><span class='ocrx_word' id='word_1_268' title='bbox 166 2238 328 2309; x_wconf 73' lang='grc' dir='ltr'>ἡμᾶς.</span> <span class='ocrx_word' id='word_1_269' title='bbox 383 2234 441 2288; x_wconf 84' lang='grc' dir='ltr'><strong>Ὀ</strong></span> <span class='ocrx_word' id='word_1_270' title='bbox 501 2237 604 2312; x_wconf 82' lang='grc' dir='ltr'>γὰρ</span> <span class='ocrx_word' id='word_1_271' title='bbox 664 2240 737 2309; x_wconf 81' lang='grc' dir='ltr'>μὴ</span> <span class='ocrx_word' id='word_1_272' title='bbox 802 2238 1078 2290; x_wconf 78' lang='grc' dir='ltr'>ὑποπεσὼν</span> <span class='ocrx_word' id='word_1_273' title='bbox 1139 2244 1254 2300; x_wconf 90' lang='grc' dir='ltr'>ταῖς</span> <span class='ocrx_word' id='word_1_274' title='bbox 1325 2236 1584 2309; x_wconf 69' lang='grc' dir='ltr'>θλίψεσιν,</span> <span class='ocrx_word' id='word_1_275' title='bbox 1654 2235 1782 2288; x_wconf 83' lang='grc' dir='ltr'>ἀλλά</span> 
     </span>
    </p>
   </div>
   <div class='ocr_carea' id='block_1_41' title="bbox 1890 1877 3551 1950">
    <p class='ocr_par' dir='ltr' id='par_1_41' title="bbox 1890 1877 3551 1950">
     <span class='ocr_line' id='line_1_41' title="bbox 1890 1877 3551 1950; baseline 0.001 -18"><span class='ocrx_word' id='word_1_276' title='bbox 1890 1878 2074 1935; x_wconf 90' lang='lat' dir='ltr'>sentis</span> <span class='ocrx_word' id='word_1_277' title='bbox 2105 1877 2305 1948; x_wconf 80' lang='lat' dir='ltr'>dignae</span> <span class='ocrx_word' id='word_1_278' title='bbox 2328 1892 2453 1935; x_wconf 91' lang='lat' dir='ltr'>non</span> <span class='ocrx_word' id='word_1_279' title='bbox 2496 1882 2654 1948; x_wconf 88' lang='lat' dir='ltr'>sunt,</span> <span class='ocrx_word' id='word_1_280' title='bbox 2712 1893 2852 1950; x_wconf 65' lang='lat' dir='ltr'>quae</span> <span class='ocrx_word' id='word_1_281' title='bbox 2928 1884 3359 1950; x_wconf 81' lang='lat' dir='ltr'>comparentur</span> <span class='ocrx_word' id='word_1_282' title='bbox 3408 1895 3551 1935; x_wconf 89' lang='lat' dir='ltr'>cum</span> 
     </span>
    </p>
   </div>
   <div class='ocr_carea' id='block_1_42' title="bbox 1890 1966 3553 2040">
    <p class='ocr_par' dir='ltr' id='par_1_42' title="bbox 1890 1966 3553 2040">
     <span class='ocr_line' id='line_1_42' title="bbox 1890 1966 3553 2040; baseline 0.001 -17"><span class='ocrx_word' id='word_1_283' title='bbox 1890 1966 2099 2038; x_wconf 78' lang='lat' dir='ltr'>gloria,</span> <span class='ocrx_word' id='word_1_284' title='bbox 2129 1983 2268 2040; x_wconf 74' lang='lat' dir='ltr'>quae</span> <span class='ocrx_word' id='word_1_285' title='bbox 2299 1967 2586 2040; x_wconf 87' lang='lat' dir='ltr'>deinceps</span> <span class='ocrx_word' id='word_1_286' title='bbox 2608 1966 2975 2023; x_wconf 85' lang='lat' dir='ltr'>revelabitur</span> <span class='ocrx_word' id='word_1_287' title='bbox 3002 1967 3066 2023; x_wconf 90' lang='lat' dir='ltr'>in</span> <span class='ocrx_word' id='word_1_288' title='bbox 3086 1967 3285 2023; x_wconf 86' lang='lat' dir='ltr'>nobis.</span> <span class='ocrx_word' id='word_1_289' title='bbox 3331 1968 3409 2038; x_wconf 86' lang='lat'><strong>(6)</strong></span> <span class='ocrx_word' id='word_1_290' title='bbox 3441 1967 3553 2033; x_wconf 88' lang='lat' dir='ltr'>Qui</span> 
     </span>
    </p>
   </div>
   <div class='ocr_carea' id='block_1_43' title="bbox 1889 2056 3550 2130">
    <p class='ocr_par' dir='ltr' id='par_1_43' title="bbox 1889 2056 3550 2130">
     <span class='ocr_line' id='line_1_43' title="bbox 1889 2056 3550 2130; baseline 0 -16"><span class='ocrx_word' id='word_1_291' title='bbox 1889 2058 2052 2114; x_wconf 89' lang='lat' dir='ltr'>enim</span> <span class='ocrx_word' id='word_1_292' title='bbox 2076 2072 2200 2114; x_wconf 90' lang='lat' dir='ltr'>non</span> <span class='ocrx_word' id='word_1_293' title='bbox 2232 2056 2573 2114; x_wconf 88' lang='lat' dir='ltr'>succumbit</span> <span class='ocrx_word' id='word_1_294' title='bbox 2616 2056 3065 2120; x_wconf 74' lang='lat' dir='ltr'>afﬂictionibus,</span> <span class='ocrx_word' id='word_1_295' title='bbox 3108 2057 3215 2113; x_wconf 90' lang='lat' dir='ltr'>sed</span> <span class='ocrx_word' id='word_1_296' title='bbox 3245 2073 3353 2130; x_wconf 88' lang='lat' dir='ltr'>per</span> <span class='ocrx_word' id='word_1_297' title='bbox 3378 2073 3550 2129; x_wconf 89' lang='lat' dir='ltr'>spem</span> 
     </span>
    </p>
   </div>
   <div class='ocr_carea' id='block_1_44' title="bbox 1890 2145 3553 2219">
    <p class='ocr_par' dir='ltr' id='par_1_44' title="bbox 1890 2145 3553 2219">
     <span class='ocr_line' id='line_1_44' title="bbox 1890 2145 3553 2219; baseline 0.001 -17"><span class='ocrx_word' id='word_1_298' title='bbox 1890 2146 1952 2202; x_wconf 90' lang='lat' dir='ltr'>in</span> <span class='ocrx_word' id='word_1_299' title='bbox 1968 2146 2155 2203; x_wconf 89' lang='lat' dir='ltr'>Deum</span> <span class='ocrx_word' id='word_1_300' title='bbox 2181 2145 2406 2202; x_wconf 86' lang='lat' dir='ltr'>doloris</span> <span class='ocrx_word' id='word_1_301' title='bbox 2436 2146 2681 2219; x_wconf 87' lang='lat' dir='ltr'>pondus</span> <span class='ocrx_word' id='word_1_302' title='bbox 2703 2145 2938 2215; x_wconf 87' lang='lat' dir='ltr'>tolerat,</span> <span class='ocrx_word' id='word_1_303' title='bbox 2969 2146 3020 2202; x_wconf 89' lang='lat' dir='ltr'>is</span> <span class='ocrx_word' id='word_1_304' title='bbox 3050 2161 3341 2217; x_wconf 84' lang='lat' dir='ltr'>magnam</span> <span class='ocrx_word' id='word_1_305' title='bbox 3367 2146 3553 2204; x_wconf 87' lang='lat' dir='ltr'>habet</span> 
     </span>
    </p>
   </div>
   <div class='ocr_carea' id='block_1_45' title="bbox 1893 2234 2996 2309">
    <p class='ocr_par' dir='ltr' id='par_1_45' title="bbox 1893 2234 2996 2309">
     <span class='ocr_line' id='line_1_45' title="bbox 1893 2234 2996 2309; baseline -0.002 -17"><span class='ocrx_word' id='word_1_306' title='bbox 1893 2235 2060 2309; x_wconf 86' lang='lat' dir='ltr'>apud</span> <span class='ocrx_word' id='word_1_307' title='bbox 2087 2238 2277 2292; x_wconf 89' lang='lat' dir='ltr'>Deum</span> <span class='ocrx_word' id='word_1_308' title='bbox 2306 2234 2609 2307; x_wconf 50' lang='lat' dir='ltr'>patientiae</span> <span class='ocrx_word' id='word_1_309' title='bbox 2631 2235 2996 2291; x_wconf 87' lang='lat' dir='ltr'>mercedem.</span> 
     </span>
    </p>
   </div>
   <div class='ocr_carea' id='block_1_46' title="bbox 168 2321 3423 2401">
    <p class='ocr_par' dir='ltr' id='par_1_46' title="bbox 168 2321 3423 2401">
     <span class='ocr_line' id='line_1_46' title="bbox 168 2321 3423 2401; baseline 0.001 -23"><span class='ocrx_word' id='word_1_310' title='bbox 168 2321 264 2378; x_wconf 76' lang='grc' dir='ltr'>διὰ</span> <span class='ocrx_word' id='word_1_311' title='bbox 292 2333 383 2386; x_wconf 88' lang='grc' dir='ltr'>τῆς</span> <span class='ocrx_word' id='word_1_312' title='bbox 406 2327 536 2400; x_wconf 87' lang='grc' dir='ltr'>πρὸς</span> <span class='ocrx_word' id='word_1_313' title='bbox 569 2328 697 2379; x_wconf 87' lang='grc' dir='ltr'>Θεὸν</span> <span class='ocrx_word' id='word_1_314' title='bbox 720 2321 872 2379; x_wconf 76' lang='grc' dir='ltr'>ἱλπίδ</span> <span class='ocrx_word' id='word_1_315' title='bbox 876 2346 950 2392; x_wconf 88' lang='grc' dir='ltr'>ος,</span> <span class='ocrx_word' id='word_1_316' title='bbox 973 2333 1069 2385; x_wconf 89' lang='grc' dir='ltr'>τῆν</span> <span class='ocrx_word' id='word_1_317' title='bbox 1089 2325 1256 2388; x_wconf 81' lang='grc' dir='ltr'>λὺπης</span> <span class='ocrx_word' id='word_1_318' title='bbox 1281 2330 1339 2379; x_wconf 91' lang='grc' dir='ltr'>τὸ</span> <span class='ocrx_word' id='word_1_319' title='bbox 1365 2325 1532 2401; x_wconf 72' lang='grc' dir='ltr'>βάρος</span> <span class='ocrx_word' id='word_1_320' title='bbox 1564 2328 1852 2397; x_wconf 84' lang='grc' dir='ltr'>ὑπενεγκὼν</span> <span class='ocrx_word' id='word_1_321' title='bbox 1905 2324 2136 2399; x_wconf 78' lang='grc' dir='ltr'>μεγάλην</span> <span class='ocrx_word' id='word_1_322' title='bbox 2157 2327 2270 2397; x_wconf 81' lang='grc' dir='ltr'>ἔχει</span> <span class='ocrx_word' id='word_1_323' title='bbox 2300 2326 2444 2397; x_wconf 88' lang='grc' dir='ltr'>παρά</span> <span class='ocrx_word' id='word_1_324' title='bbox 2473 2331 2587 2395; x_wconf 79' lang='grc' dir='ltr'>Θεῷ</span> <span class='ocrx_word' id='word_1_325' title='bbox 2613 2332 2705 2386; x_wconf 85' lang='grc' dir='ltr'>τῆς</span> <span class='ocrx_word' id='word_1_326' title='bbox 2727 2326 2989 2397; x_wconf 75' lang='grc' dir='ltr'>ὑπομονῆς</span> <span class='ocrx_word' id='word_1_327' title='bbox 3016 2328 3108 2383; x_wconf 77' lang='grc' dir='ltr'>τὴν</span> <span class='ocrx_word' id='word_1_328' title='bbox 3130 2322 3423 2380; x_wconf 79' lang='grc' dir='ltr'>ἀντίδοσιν.</span> 
     </span>
    </p>
   </div>
   <div class='ocr_carea' id='block_1_47' title="bbox 242 2412 1780 2491">
    <p class='ocr_par' dir='ltr' id='par_1_47' title="bbox 242 2412 1780 2491">
     <span class='ocr_line' id='line_1_47' title="bbox 242 2412 1780 2491; baseline -0.003 -21"><span class='ocrx_word' id='word_1_329' title='bbox 242 2419 293 2470; x_wconf 90' lang='grc'>3.</span> <span class='ocrx_word' id='word_1_330' title='bbox 346 2412 546 2488; x_wconf 78' lang='grc' dir='ltr'>Ὠσπερ</span> <span class='ocrx_word' id='word_1_331' title='bbox 587 2415 675 2467; x_wconf 79' lang='grc' dir='ltr'>οὖν</span> <span class='ocrx_word' id='word_1_332' title='bbox 709 2416 758 2468; x_wconf 84' lang='grc' dir='ltr'>οὶ</span> <span class='ocrx_word' id='word_1_333' title='bbox 803 2415 1065 2477; x_wconf 83' lang='grc' dir='ltr'>σκώληκες</span> <span class='ocrx_word' id='word_1_334' title='bbox 1113 2422 1223 2477; x_wconf 89' lang='grc' dir='ltr'>τοῖς</span> <span class='ocrx_word' id='word_1_335' title='bbox 1278 2415 1631 2491; x_wconf 83' lang='grc' dir='ltr'>ἀπαλωτέροις</span> <span class='ocrx_word' id='word_1_336' title='bbox 1679 2423 1780 2468; x_wconf 84' lang='grc' dir='ltr'>τῶν</span> 
     </span>
    </p>
   </div>
   <div class='ocr_carea' id='block_1_48' title="bbox 171 2503 1781 2578">
    <p class='ocr_par' dir='ltr' id='par_1_48' title="bbox 171 2503 1781 2578">
     <span class='ocr_line' id='line_1_48' title="bbox 171 2503 1781 2578; baseline 0.002 -22"><span class='ocrx_word' id='word_1_337' title='bbox 171 2503 334 2567; x_wconf 77' lang='grc' dir='ltr'>ξύλων</span> <span class='ocrx_word' id='word_1_338' title='bbox 391 2504 711 2563; x_wconf 81' lang='grc' dir='ltr'>ἐντίκτονται</span> <span class='ocrx_word' id='word_1_339' title='bbox 789 2505 1045 2578; x_wconf 76' lang='grc' dir='ltr'>μάλιστα,</span> <span class='ocrx_word' id='word_1_340' title='bbox 1112 2506 1278 2569; x_wconf 85' lang='grc' dir='ltr'>οὑτως</span> <span class='ocrx_word' id='word_1_341' title='bbox 1344 2508 1399 2558; x_wconf 81' lang='grc' dir='ltr'>αἱ</span> <span class='ocrx_word' id='word_1_342' title='bbox 1458 2506 1621 2559; x_wconf 83' lang='grc' dir='ltr'>λῦπαι</span> <span class='ocrx_word' id='word_1_343' title='bbox 1674 2513 1781 2566; x_wconf 82' lang='grc' dir='ltr'>τοῖς</span> 
     </span>
    </p>
   </div>
   <div class='ocr_carea' id='block_1_49' title="bbox 169 2592 1777 2669">
    <p class='ocr_par' dir='ltr' id='par_1_49' title="bbox 169 2592 1777 2669">
     <span class='ocr_line' id='line_1_49' title="bbox 169 2592 1777 2669; baseline 0.002 -24"><span class='ocrx_word' id='word_1_344' title='bbox 169 2592 560 2668; x_wconf 79' lang='grc' dir='ltr'>μαλακωτέροις</span> <span class='ocrx_word' id='word_1_345' title='bbox 672 2595 827 2651; x_wconf 75' lang='grc' dir='ltr'>ἤθεσι</span> <span class='ocrx_word' id='word_1_346' title='bbox 918 2603 1019 2647; x_wconf 83' lang='grc' dir='ltr'>τῶν</span> <span class='ocrx_word' id='word_1_347' title='bbox 1110 2593 1391 2669; x_wconf 84' lang='grc' dir='ltr'>ἀνθρώπων</span> <span class='ocrx_word' id='word_1_348' title='bbox 1476 2593 1777 2667; x_wconf 73' lang='grc' dir='ltr'>ἔμφὺονται.</span> 
     </span>
    </p>
   </div>
   <div class='ocr_carea' id='block_1_50' title="bbox 172 2678 1782 2759">
    <p class='ocr_par' dir='ltr' id='par_1_50' title="bbox 172 2678 1782 2759">
     <span class='ocr_line' id='line_1_50' title="bbox 172 2678 1782 2759; baseline 0.001 -24"><span class='ocrx_word' id='word_1_349' title='bbox 172 2686 308 2735; x_wconf 73' lang='grc' dir='ltr'>Οὔτε</span> <span class='ocrx_word' id='word_1_350' title='bbox 373 2678 434 2735; x_wconf 71' lang='grc' dir='ltr'><strong>δί</strong></span> <span class='ocrx_word' id='word_1_351' title='bbox 488 2681 744 2753; x_wconf 80' lang='grc' dir='ltr'>γυναιξὶν,</span> <span class='ocrx_word' id='word_1_352' title='bbox 795 2683 912 2735; x_wconf 78' lang='grc' dir='ltr'>οὔτε</span> <span class='ocrx_word' id='word_1_353' title='bbox 967 2679 1224 2758; x_wconf 71' lang='grc' dir='ltr'>ἀνδράσιν</span> <span class='ocrx_word' id='word_1_354' title='bbox 1291 2683 1659 2759; x_wconf 75' lang='grc' dir='ltr'>ἐπιτέτραπται</span> <span class='ocrx_word' id='word_1_355' title='bbox 1723 2686 1782 2736; x_wconf 88' lang='grc' dir='ltr'>τὸ</span> 
     </span>
    </p>
   </div>
   <div class='ocr_carea' id='block_1_51' title="bbox 169 2768 1785 2846">
    <p class='ocr_par' dir='ltr' id='par_1_51' title="bbox 169 2768 1785 2846">
     <span class='ocr_line' id='line_1_51' title="bbox 169 2768 1785 2846; baseline 0 -22"><span class='ocrx_word' id='word_1_356' title='bbox 169 2770 479 2832; x_wconf 69' lang='grc' dir='ltr'>πολυπενθὶς</span> <span class='ocrx_word' id='word_1_357' title='bbox 524 2775 615 2824; x_wconf 87' lang='grc' dir='ltr'>καὶ</span> <span class='ocrx_word' id='word_1_358' title='bbox 657 2768 990 2846; x_wconf 72' lang='grc' dir='ltr'>πολύδακρυ·</span> <span class='ocrx_word' id='word_1_359' title='bbox 1053 2770 1163 2824; x_wconf 82' lang='grc' dir='ltr'>ἀλλ’</span> <span class='ocrx_word' id='word_1_360' title='bbox 1220 2773 1341 2825; x_wconf 83' lang='grc' dir='ltr'>ὅσον</span> <span class='ocrx_word' id='word_1_361' title='bbox 1397 2770 1785 2844; x_wconf 80' lang='grc' dir='ltr'>ἐπιστυγνάσαι</span> 
     </span>
    </p>
   </div>
   <div class='ocr_carea' id='block_1_52' title="bbox 168 2854 1780 2938">
    <p class='ocr_par' dir='ltr' id='par_1_52' title="bbox 168 2854 1780 2938">
     <span class='ocr_line' id='line_1_52' title="bbox 168 2854 1780 2938; baseline -0.001 -23"><span class='ocrx_word' id='word_1_362' title='bbox 168 2867 285 2923; x_wconf 87' lang='grc' dir='ltr'>τοῖς</span> <span class='ocrx_word' id='word_1_363' title='bbox 344 2858 613 2936; x_wconf 81' lang='grc' dir='ltr'>λυπηροῖς,</span> <span class='ocrx_word' id='word_1_364' title='bbox 674 2854 765 2913; x_wconf 81' lang='grc' dir='ltr'>καὶ</span> <span class='ocrx_word' id='word_1_365' title='bbox 830 2864 1018 2936; x_wconf 81' lang='grc' dir='ltr'>μικρὸν</span> <span class='ocrx_word' id='word_1_366' title='bbox 1084 2881 1138 2914; x_wconf 92' lang='grc' dir='ltr'>τι</span> <span class='ocrx_word' id='word_1_367' title='bbox 1196 2857 1427 2938; x_wconf 77' lang='grc' dir='ltr'>δάκρυον</span> <span class='ocrx_word' id='word_1_368' title='bbox 1479 2860 1780 2928; x_wconf 77' lang='grc' dir='ltr'>ἕπιστάξαι,</span> 
     </span>
    </p>
   </div>
   <div class='ocr_carea' id='block_1_53' title="bbox 169 2948 1784 3025">
    <p class='ocr_par' dir='ltr' id='par_1_53' title="bbox 169 2948 1784 3025">
     <span class='ocr_line' id='line_1_53' title="bbox 169 2948 1784 3025; baseline 0.001 -23"><span class='ocrx_word' id='word_1_369' title='bbox 169 2954 263 3003; x_wconf 85' lang='grc' dir='ltr'>καὶ</span> <span class='ocrx_word' id='word_1_370' title='bbox 315 2956 470 3003; x_wconf 78' lang='grc' dir='ltr'>τοῦτο</span> <span class='ocrx_word' id='word_1_371' title='bbox 531 2952 743 3021; x_wconf 77' lang='grc' dir='ltr'>ἡσυχῆ,</span> <span class='ocrx_word' id='word_1_372' title='bbox 801 2954 873 3024; x_wconf 79' lang='grc' dir='ltr'>μὴ</span> <span class='ocrx_word' id='word_1_373' title='bbox 934 2948 1382 3025; x_wconf 81' lang='grc' dir='ltr'>ἀναϐρυχὸμενον,</span> <span class='ocrx_word' id='word_1_374' title='bbox 1423 2948 1563 3025; x_wconf 63' lang='grc' dir='ltr'>μηδὲ</span> <span class='ocrx_word' id='word_1_375' title='bbox 1601 2950 1784 3004; x_wconf 80' lang='grc' dir='ltr'>ὑλολὺ-</span> 
     </span>
    </p>
   </div>
   <div class='ocr_carea' id='block_1_54' title="bbox 1961 2413 3553 2488">
    <p class='ocr_par' dir='ltr' id='par_1_54' title="bbox 1961 2413 3553 2488">
     <span class='ocr_line' id='line_1_54' title="bbox 1961 2413 3553 2488; baseline -0.001 -16"><span class='ocrx_word' id='word_1_376' title='bbox 1961 2419 2014 2472; x_wconf 85' lang='grc'>3.</span> <span class='ocrx_word' id='word_1_377' title='bbox 2043 2415 2120 2488; x_wconf 85' lang='grc'>(7)</span> <span class='ocrx_word' id='word_1_378' title='bbox 2153 2413 2686 2481; x_wconf 88' lang='lat' dir='ltr'>Quemadmodum</span> <span class='ocrx_word' id='word_1_379' title='bbox 2717 2414 2898 2484; x_wconf 88' lang='lat' dir='ltr'>igitur</span> <span class='ocrx_word' id='word_1_380' title='bbox 2925 2413 2987 2469; x_wconf 84' lang='lat' dir='ltr'>in</span> <span class='ocrx_word' id='word_1_381' title='bbox 3034 2414 3215 2485; x_wconf 89' lang='lat' dir='ltr'>lignis</span> <span class='ocrx_word' id='word_1_382' title='bbox 3246 2414 3553 2472; x_wconf 82' lang='lat' dir='ltr'>teneriori-</span> 
     </span>
    </p>
   </div>
   <div class='ocr_carea' id='block_1_55' title="bbox 1890 2503 3554 2575">
    <p class='ocr_par' dir='ltr' id='par_1_55' title="bbox 1890 2503 3554 2575">
     <span class='ocr_line' id='line_1_55' title="bbox 1890 2503 3554 2575; baseline 0 -14"><span class='ocrx_word' id='word_1_383' title='bbox 1890 2505 2008 2561; x_wconf 90' lang='lat' dir='ltr'>bus</span> <span class='ocrx_word' id='word_1_384' title='bbox 2035 2505 2366 2575; x_wconf 81' lang='lat' dir='ltr'>gignuntur</span> <span class='ocrx_word' id='word_1_385' title='bbox 2409 2520 2689 2561; x_wconf 82' lang='lat' dir='ltr'>vermes:</span> <span class='ocrx_word' id='word_1_386' title='bbox 2746 2504 2834 2560; x_wconf 88' lang='lat' dir='ltr'>sic</span> <span class='ocrx_word' id='word_1_387' title='bbox 2890 2503 3123 2561; x_wconf 83' lang='lat' dir='ltr'>tristitia</span> <span class='ocrx_word' id='word_1_388' title='bbox 3173 2504 3236 2560; x_wconf 89' lang='lat' dir='ltr'>in</span> <span class='ocrx_word' id='word_1_389' title='bbox 3281 2503 3554 2561; x_wconf 89' lang='lat' dir='ltr'>molliore</span> 
     </span>
    </p>
   </div>
   <div class='ocr_carea' id='block_1_56' title="bbox 1889 2592 3556 2665">
    <p class='ocr_par' dir='ltr' id='par_1_56' title="bbox 1889 2592 3556 2665">
     <span class='ocr_line' id='line_1_56' title="bbox 1889 2592 3556 2665; baseline 0 -15"><span class='ocrx_word' id='word_1_390' title='bbox 1889 2593 2209 2650; x_wconf 89' lang='lat' dir='ltr'>hominum</span> <span class='ocrx_word' id='word_1_391' title='bbox 2233 2592 2438 2650; x_wconf 86' lang='lat' dir='ltr'>indole</span> <span class='ocrx_word' id='word_1_392' title='bbox 2478 2593 2836 2651; x_wconf 89' lang='lat' dir='ltr'>innascitur.</span> <span class='ocrx_word' id='word_1_393' title='bbox 2871 2592 3046 2665; x_wconf 66' lang='lat'>543</span> <span class='ocrx_word' id='word_1_394' title='bbox 3095 2596 3211 2650; x_wconf 82' lang='lat' dir='ltr'>Nec</span> <span class='ocrx_word' id='word_1_395' title='bbox 3245 2609 3387 2650; x_wconf 90' lang='lat' dir='ltr'>vero</span> <span class='ocrx_word' id='word_1_396' title='bbox 3425 2609 3556 2650; x_wconf 87' lang='lat' dir='ltr'>mu-</span> 
     </span>
    </p>
   </div>
   <div class='ocr_carea' id='block_1_57' title="bbox 1889 2681 3555 2756">
    <p class='ocr_par' dir='ltr' id='par_1_57' title="bbox 1889 2681 3555 2756">
     <span class='ocr_line' id='line_1_57' title="bbox 1889 2681 3555 2756; baseline 0.001 -17"><span class='ocrx_word' id='word_1_397' title='bbox 1889 2682 2157 2753; x_wconf 87' lang='lat' dir='ltr'>lieribus,</span> <span class='ocrx_word' id='word_1_398' title='bbox 2178 2698 2375 2755; x_wconf 87' lang='lat' dir='ltr'>neque</span> <span class='ocrx_word' id='word_1_399' title='bbox 2396 2682 2537 2738; x_wconf 88' lang='lat' dir='ltr'>viris</span> <span class='ocrx_word' id='word_1_400' title='bbox 2566 2681 2813 2739; x_wconf 72' lang='lat' dir='ltr'>effusior</span> <span class='ocrx_word' id='word_1_401' title='bbox 2852 2682 2949 2738; x_wconf 91' lang='lat' dir='ltr'>ille</span> <span class='ocrx_word' id='word_1_402' title='bbox 2997 2682 3196 2739; x_wconf 89' lang='lat' dir='ltr'>luctus</span> <span class='ocrx_word' id='word_1_403' title='bbox 3250 2681 3555 2756; x_wconf 89' lang='lat' dir='ltr'>ﬂetusque</span> 
     </span>
    </p>
   </div>
   <div class='ocr_carea' id='block_1_58' title="bbox 1890 2771 3559 2844">
    <p class='ocr_par' dir='ltr' id='par_1_58' title="bbox 1890 2771 3559 2844">
     <span class='ocr_line' id='line_1_58' title="bbox 1890 2771 3559 2844; baseline 0 -17"><span class='ocrx_word' id='word_1_404' title='bbox 1890 2772 2225 2843; x_wconf 89' lang='lat' dir='ltr'>permissus</span> <span class='ocrx_word' id='word_1_405' title='bbox 2245 2776 2332 2828; x_wconf 85' lang='lat' dir='ltr'>est</span> <span class='ocrx_word' id='word_1_406' title='bbox 2356 2790 2369 2827; x_wconf 95' lang='lat'>:</span> <span class='ocrx_word' id='word_1_407' title='bbox 2402 2771 2511 2826; x_wconf 88' lang='lat' dir='ltr'>sed</span> <span class='ocrx_word' id='word_1_408' title='bbox 2537 2775 2794 2839; x_wconf 88' lang='lat' dir='ltr'>tantum,</span> <span class='ocrx_word' id='word_1_409' title='bbox 2817 2775 3117 2844; x_wconf 90' lang='lat' dir='ltr'>quantum</span> <span class='ocrx_word' id='word_1_410' title='bbox 3147 2772 3241 2828; x_wconf 80' lang='lat' dir='ltr'>fas</span> <span class='ocrx_word' id='word_1_411' title='bbox 3266 2776 3375 2839; x_wconf 91' lang='lat' dir='ltr'>est,</span> <span class='ocrx_word' id='word_1_412' title='bbox 3408 2771 3559 2828; x_wconf 78' lang='lat' dir='ltr'>afﬂi-</span> 
     </span>
    </p>
   </div>
   <div class='ocr_carea' id='block_1_59' title="bbox 1893 2860 3555 2934">
    <p class='ocr_par' dir='ltr' id='par_1_59' title="bbox 1893 2860 3555 2934">
     <span class='ocr_line' id='line_1_59' title="bbox 1893 2860 3555 2934; baseline 0.001 -17"><span class='ocrx_word' id='word_1_413' title='bbox 1893 2862 2137 2918; x_wconf 88' lang='lat' dir='ltr'>ctaride</span> <span class='ocrx_word' id='word_1_414' title='bbox 2191 2861 2485 2931; x_wconf 86' lang='lat' dir='ltr'>adversis,</span> <span class='ocrx_word' id='word_1_415' title='bbox 2540 2877 2761 2934; x_wconf 90' lang='lat' dir='ltr'>parum</span> <span class='ocrx_word' id='word_1_416' title='bbox 2819 2860 3165 2934; x_wconf 86' lang='lat' dir='ltr'>lacrymari,</span> <span class='ocrx_word' id='word_1_417' title='bbox 3222 2861 3407 2934; x_wconf 89' lang='lat' dir='ltr'>idque</span> <span class='ocrx_word' id='word_1_418' title='bbox 3463 2865 3555 2918; x_wconf 86' lang='lat' dir='ltr'>ta-</span> 
     </span>
    </p>
   </div>
   <div class='ocr_carea' id='block_1_60' title="bbox 1892 2948 3553 3022">
    <p class='ocr_par' dir='ltr' id='par_1_60' title="bbox 1892 2948 3553 3022">
     <span class='ocr_line' id='line_1_60' title="bbox 1892 2948 3553 3022; baseline 0.002 -17"><span class='ocrx_word' id='word_1_419' title='bbox 1892 2950 2027 3020; x_wconf 89' lang='lat' dir='ltr'>cite,</span> <span class='ocrx_word' id='word_1_420' title='bbox 2054 2950 2181 3006; x_wconf 89' lang='lat' dir='ltr'>sine</span> <span class='ocrx_word' id='word_1_421' title='bbox 2205 2949 2564 3020; x_wconf 85' lang='lat' dir='ltr'>fremitibus,</span> <span class='ocrx_word' id='word_1_422' title='bbox 2604 2950 2733 3006; x_wconf 90' lang='lat' dir='ltr'>sine</span> <span class='ocrx_word' id='word_1_423' title='bbox 2761 2948 3111 3022; x_wconf 87' lang='lat' dir='ltr'>ejulatibus,</span> <span class='ocrx_word' id='word_1_424' title='bbox 3142 2950 3295 3007; x_wconf 87' lang='lat' dir='ltr'>adeo</span> <span class='ocrx_word' id='word_1_425' title='bbox 3350 2953 3415 3006; x_wconf 90' lang='lat' dir='ltr'>ut</span> <span class='ocrx_word' id='word_1_426' title='bbox 3443 2966 3553 3008; x_wconf 86' lang='lat' dir='ltr'>nec</span> 
     </span>
    </p>
   </div>
   <div class='ocr_carea' id='block_1_61' title="bbox 173 3035 1783 3116">
    <p class='ocr_par' dir='ltr' id='par_1_61' title="bbox 173 3035 1783 3116">
     <span class='ocr_line' id='line_1_61' title="bbox 173 3035 1783 3116; baseline 0.002 -24"><span class='ocrx_word' id='word_1_427' title='bbox 173 3039 351 3108; x_wconf 76' lang='grc' dir='ltr'>ζοντα,</span> <span class='ocrx_word' id='word_1_428' title='bbox 378 3035 519 3113; x_wconf 72' lang='grc' dir='ltr'>μηδὲ</span> <span class='ocrx_word' id='word_1_429' title='bbox 564 3038 999 3116; x_wconf 75' lang='grc' dir='ltr'>καταῤῥηγνὺντα</span> <span class='ocrx_word' id='word_1_430' title='bbox 1048 3049 1276 3114; x_wconf 73' lang='grc' dir='ltr'>χιτῶνα,</span> <span class='ocrx_word' id='word_1_431' title='bbox 1322 3042 1353 3101; x_wconf 82' lang='grc' dir='ltr'>ῆ</span> <span class='ocrx_word' id='word_1_432' title='bbox 1400 3045 1540 3094; x_wconf 86' lang='grc' dir='ltr'>κόνιν</span> <span class='ocrx_word' id='word_1_433' title='bbox 1588 3045 1783 3115; x_wconf 79' lang='grc' dir='ltr'>χεόμε-</span> 
     </span>
    </p>
   </div>
   <div class='ocr_carea' id='block_1_62' title="bbox 1893 3035 3557 3116">
    <p class='ocr_par' dir='ltr' id='par_1_62' title="bbox 1897 3039 3557 3111">
     <span class='ocr_line' id='line_1_62' title="bbox 1897 3039 3557 3111; baseline 0.001 -16"><span class='ocrx_word' id='word_1_434' title='bbox 1897 3040 2074 3096; x_wconf 86' lang='lat' dir='ltr'>vestis</span> <span class='ocrx_word' id='word_1_435' title='bbox 2096 3040 2426 3106; x_wconf 88' lang='lat' dir='ltr'>scindatur,</span> <span class='ocrx_word' id='word_1_436' title='bbox 2459 3054 2571 3097; x_wconf 90' lang='lat' dir='ltr'>nec</span> <span class='ocrx_word' id='word_1_437' title='bbox 2600 3039 2750 3096; x_wconf 91' lang='lat' dir='ltr'>cinis</span> <span class='ocrx_word' id='word_1_438' title='bbox 2794 3040 3200 3111; x_wconf 88' lang='lat' dir='ltr'>inspergatur,</span> <span class='ocrx_word' id='word_1_439' title='bbox 3231 3056 3344 3097; x_wconf 91' lang='lat' dir='ltr'>nec</span> <span class='ocrx_word' id='word_1_440' title='bbox 3391 3039 3557 3098; x_wconf 90' lang='lat' dir='ltr'>aliud</span> 
     </span>
    </p>
   </div>
   <div class='ocr_carea' id='block_1_63' title="bbox 169 3126 1783 3205">
    <p class='ocr_par' dir='ltr' id='par_1_63' title="bbox 169 3126 1783 3205">
     <span class='ocr_line' id='line_1_63' title="bbox 169 3126 1783 3205; baseline 0.002 -25"><span class='ocrx_word' id='word_1_441' title='bbox 169 3148 276 3197; x_wconf 81' lang='grc' dir='ltr'>νον,</span> <span class='ocrx_word' id='word_1_442' title='bbox 310 3126 447 3203; x_wconf 83' lang='grc' dir='ltr'>μηδ’</span> <span class='ocrx_word' id='word_1_443' title='bbox 473 3128 596 3183; x_wconf 86' lang='grc' dir='ltr'>οἷλλο</span> <span class='ocrx_word' id='word_1_444' title='bbox 627 3148 681 3183; x_wconf 89' lang='grc' dir='ltr'>τι</span> <span class='ocrx_word' id='word_1_445' title='bbox 729 3137 962 3183; x_wconf 83' lang='grc' dir='ltr'>τοιοῦτον</span> <span class='ocrx_word' id='word_1_446' title='bbox 1005 3128 1419 3205; x_wconf 78' lang='grc' dir='ltr'>ἀσχημονοῦντα</span> <span class='ocrx_word' id='word_1_447' title='bbox 1450 3139 1549 3185; x_wconf 83' lang='grc' dir='ltr'>τῶν</span> <span class='ocrx_word' id='word_1_448' title='bbox 1597 3131 1783 3189; x_wconf 82' lang='grc' dir='ltr'>ἐπιτη-</span> 
     </span>
    </p>
   </div>
   <div class='ocr_carea' id='block_1_64' title="bbox 172 3215 1786 3296">
    <p class='ocr_par' dir='ltr' id='par_1_64' title="bbox 172 3215 1786 3296">
     <span class='ocr_line' id='line_1_64' title="bbox 172 3215 1786 3296; baseline 0.001 -23"><span class='ocrx_word' id='word_1_449' title='bbox 172 3215 462 3294; x_wconf 80' lang='grc' dir='ltr'>δευομένων</span> <span class='ocrx_word' id='word_1_450' title='bbox 509 3221 652 3295; x_wconf 85' lang='grc' dir='ltr'>παρά</span> <span class='ocrx_word' id='word_1_451' title='bbox 702 3228 804 3274; x_wconf 85' lang='grc' dir='ltr'>τῶν</span> <span class='ocrx_word' id='word_1_452' title='bbox 850 3216 1183 3285; x_wconf 78' lang='grc' dir='ltr'>ἀπαιδεύτως</span> <span class='ocrx_word' id='word_1_453' title='bbox 1246 3222 1474 3294; x_wconf 78' lang='grc' dir='ltr'>ἐχόντων</span> <span class='ocrx_word' id='word_1_454' title='bbox 1537 3224 1668 3296; x_wconf 84' lang='grc' dir='ltr'>πρὸς</span> <span class='ocrx_word' id='word_1_455' title='bbox 1720 3224 1786 3274; x_wconf 82' lang='grc' dir='ltr'>τὰ</span> 
     </span>
    </p>
   </div>
   <div class='ocr_carea' id='block_1_65' title="bbox 172 3306 1787 3386">
    <p class='ocr_par' dir='ltr' id='par_1_65' title="bbox 172 3306 1787 3386">
     <span class='ocr_line' id='line_1_65' title="bbox 172 3306 1787 3386; baseline 0.001 -24"><span class='ocrx_word' id='word_1_456' title='bbox 172 3308 475 3386; x_wconf 87' lang='grc' dir='ltr'>ἀνθρωπινα</span> <span class='ocrx_word' id='word_1_457' title='bbox 668 3306 959 3382; x_wconf 75' lang='grc' dir='ltr'>’Λνάνδρου</span> <span class='ocrx_word' id='word_1_458' title='bbox 1013 3312 1115 3384; x_wconf 86' lang='grc' dir='ltr'>γάρ</span> <span class='ocrx_word' id='word_1_459' title='bbox 1174 3311 1384 3384; x_wconf 74' lang='grc' dir='ltr'>ψυχῆς,</span> <span class='ocrx_word' id='word_1_460' title='bbox 1442 3315 1534 3364; x_wconf 87' lang='grc' dir='ltr'>καὶ</span> <span class='ocrx_word' id='word_1_461' title='bbox 1596 3308 1787 3364; x_wconf 73' lang='grc' dir='ltr'>οὐδὲ·υά</span> 
     </span>
    </p>
   </div>
   <div class='ocr_carea' id='block_1_66' title="bbox 172 3395 1785 3473">
    <p class='ocr_par' dir='ltr' id='par_1_66' title="bbox 172 3395 1785 3473">
     <span class='ocr_line' id='line_1_66' title="bbox 172 3395 1785 3473; baseline 0.001 -21"><span class='ocrx_word' id='word_1_462' title='bbox 172 3402 320 3452; x_wconf 83' lang='grc' dir='ltr'>τόνον</span> <span class='ocrx_word' id='word_1_463' title='bbox 347 3400 423 3471; x_wconf 86' lang='grc'>(3)</span> <span class='ocrx_word' id='word_1_464' title='bbox 464 3398 518 3453; x_wconf 72' lang='grc' dir='ltr'>ἐκ</span> <span class='ocrx_word' id='word_1_465' title='bbox 549 3408 639 3460; x_wconf 86' lang='grc' dir='ltr'>τῆς</span> <span class='ocrx_word' id='word_1_466' title='bbox 687 3398 771 3452; x_wconf 79' lang='grc' dir='ltr'>ἐπὶ</span> <span class='ocrx_word' id='word_1_467' title='bbox 814 3403 943 3453; x_wconf 81' lang='grc' dir='ltr'>Θεὸν</span> <span class='ocrx_word' id='word_1_468' title='bbox 988 3397 1202 3462; x_wconf 70' lang='grc' dir='ltr'>ἐλπίδος</span> <span class='ocrx_word' id='word_1_469' title='bbox 1242 3395 1497 3472; x_wconf 61' lang='grc' dir='ltr'>ἐχοὺσὴς,</span> <span class='ocrx_word' id='word_1_470' title='bbox 1541 3404 1601 3453; x_wconf 88' lang='grc' dir='ltr'>τὸ</span> <span class='ocrx_word' id='word_1_471' title='bbox 1657 3420 1785 3473; x_wconf 74' lang='grc' dir='ltr'>σφο-</span> 
     </span>
    </p>
   </div>
   <div class='ocr_carea' id='block_1_67' title="bbox 176 3484 1783 3564">
    <p class='ocr_par' dir='ltr' id='par_1_67' title="bbox 176 3484 1783 3564">
     <span class='ocr_line' id='line_1_67' title="bbox 176 3484 1783 3564; baseline 0.001 -24"><span class='ocrx_word' id='word_1_472' title='bbox 176 3484 315 3560; x_wconf 81' lang='grc' dir='ltr'>δρῶς</span> <span class='ocrx_word' id='word_1_473' title='bbox 357 3486 824 3563; x_wconf 68' lang='grc' dir='ltr'>καταρρήγνυσθαι</span> <span class='ocrx_word' id='word_1_474' title='bbox 876 3491 967 3540; x_wconf 77' lang='grc' dir='ltr'>καὶ</span> <span class='ocrx_word' id='word_1_475' title='bbox 1013 3489 1323 3542; x_wconf 81' lang='grc' dir='ltr'>ὑποπίπτειν</span> <span class='ocrx_word' id='word_1_476' title='bbox 1354 3496 1460 3549; x_wconf 89' lang='grc' dir='ltr'>τοῖς</span> <span class='ocrx_word' id='word_1_477' title='bbox 1506 3489 1783 3564; x_wconf 81' lang='grc' dir='ltr'>λυπηροῖς.</span> 
     </span>
    </p>
   </div>
   <div class='ocr_carea' id='block_1_68' title="bbox 174 3573 1782 3652">
    <p class='ocr_par' dir='ltr' id='par_1_68' title="bbox 174 3573 1782 3652">
     <span class='ocr_line' id='line_1_68' title="bbox 174 3573 1782 3652; baseline 0.002 -23"><span class='ocrx_word' id='word_1_478' title='bbox 174 3578 246 3629; x_wconf 87' lang='grc' dir='ltr'>Τὸ</span> <span class='ocrx_word' id='word_1_479' title='bbox 299 3577 392 3650; x_wconf 70' lang='grc' dir='ltr'>μὲν</span> <span class='ocrx_word' id='word_1_480' title='bbox 442 3579 544 3652; x_wconf 78' lang='grc' dir='ltr'>γὰρ</span> <span class='ocrx_word' id='word_1_481' title='bbox 608 3573 860 3652; x_wconf 77' lang='grc' dir='ltr'>δάκρυον,</span> <span class='ocrx_word' id='word_1_482' title='bbox 916 3578 1091 3652; x_wconf 81' lang='grc' dir='ltr'>ὥσπερ</span> <span class='ocrx_word' id='word_1_483' title='bbox 1147 3576 1204 3630; x_wconf 80' lang='grc' dir='ltr'>ἐκ</span> <span class='ocrx_word' id='word_1_484' title='bbox 1259 3577 1468 3651; x_wconf 82' lang='grc' dir='ltr'>πληγῆς</span> <span class='ocrx_word' id='word_1_485' title='bbox 1506 3580 1586 3648; x_wconf 78' lang='grc'>(4)</span> <span class='ocrx_word' id='word_1_486' title='bbox 1625 3599 1782 3651; x_wconf 82' lang='grc' dir='ltr'>τινος,</span> 
     </span>
    </p>
   </div>
   <div class='ocr_carea' id='block_1_69' title="bbox 176 3664 1788 3740">
    <p class='ocr_par' dir='ltr' id='par_1_69' title="bbox 176 3664 1788 3740">
     <span class='ocr_line' id='line_1_69' title="bbox 176 3664 1788 3740; baseline 0.002 -21"><span class='ocrx_word' id='word_1_487' title='bbox 176 3674 275 3729; x_wconf 87' lang='grc' dir='ltr'>τῆς</span> <span class='ocrx_word' id='word_1_488' title='bbox 299 3664 594 3740; x_wconf 78' lang='grc' dir='ltr'>προσϐολῆς</span> <span class='ocrx_word' id='word_1_489' title='bbox 645 3673 739 3719; x_wconf 82' lang='grc' dir='ltr'>τοῦ</span> <span class='ocrx_word' id='word_1_490' title='bbox 799 3664 1090 3725; x_wconf 79' lang='grc' dir='ltr'>ἀϐουλήτου</span> <span class='ocrx_word' id='word_1_491' title='bbox 1144 3671 1239 3726; x_wconf 77' lang='grc' dir='ltr'>τὴν</span> <span class='ocrx_word' id='word_1_492' title='bbox 1282 3667 1471 3740; x_wconf 73' lang='grc' dir='ltr'>ψυχὴν</span> <span class='ocrx_word' id='word_1_493' title='bbox 1505 3669 1788 3732; x_wconf 85' lang='grc' dir='ltr'>τὺπτοντος</span> 
     </span>
    </p>
   </div>
   <div class='ocr_carea' id='block_1_70' title="bbox 176 3753 1787 3833">
    <p class='ocr_par' dir='ltr' id='par_1_70' title="bbox 176 3753 1787 3833">
     <span class='ocr_line' id='line_1_70' title="bbox 176 3753 1787 3833; baseline 0.002 -25"><span class='ocrx_word' id='word_1_494' title='bbox 176 3760 270 3808; x_wconf 79' lang='grc' dir='ltr'>καὶ</span> <span class='ocrx_word' id='word_1_495' title='bbox 320 3753 707 3823; x_wconf 71' lang='grc' dir='ltr'>συστελλοντος,</span> <span class='ocrx_word' id='word_1_496' title='bbox 767 3754 1209 3829; x_wconf 74' lang='grc' dir='ltr'>καταθλιϐομένου</span> <span class='ocrx_word' id='word_1_497' title='bbox 1281 3764 1372 3810; x_wconf 81' lang='grc' dir='ltr'>τοῦ</span> <span class='ocrx_word' id='word_1_498' title='bbox 1439 3754 1787 3833; x_wconf 80' lang='grc' dir='ltr'>περικαρδίου</span> 
     </span>
    </p>
   </div>
   <div class='ocr_carea' id='block_1_71' title="bbox 176 3841 1789 3922">
    <p class='ocr_par' dir='ltr' id='par_1_71' title="bbox 176 3841 1789 3922">
     <span class='ocr_line' id='line_1_71' title="bbox 176 3841 1789 3922; baseline 0.001 -25"><span class='ocrx_word' id='word_1_499' title='bbox 176 3846 494 3917; x_wconf 79' lang='grc' dir='ltr'>πνεύματος,</span> <span class='ocrx_word' id='word_1_500' title='bbox 542 3842 923 3900; x_wconf 87' lang='grc' dir='ltr'>ἀποτίκτεσθαι</span> <span class='ocrx_word' id='word_1_501' title='bbox 973 3849 1214 3918; x_wconf 72' lang='grc' dir='ltr'>πέφυκεν·</span> <span class='ocrx_word' id='word_1_502' title='bbox 1272 3847 1302 3904; x_wconf 77' lang='grc' dir='ltr'>ἡ</span> <span class='ocrx_word' id='word_1_503' title='bbox 1362 3841 1423 3899; x_wconf 71' lang='grc' dir='ltr'>δὲ</span> <span class='ocrx_word' id='word_1_504' title='bbox 1477 3849 1629 3922; x_wconf 88' lang='grc' dir='ltr'>χαρά</span> <span class='ocrx_word' id='word_1_505' title='bbox 1683 3843 1789 3907; x_wconf 70' lang='grc' dir='ltr'>οἷον</span> 
     </span>
    </p>
   </div>
   <div class='ocr_carea' id='block_1_72' title="bbox 180 3932 1789 4009">
    <p class='ocr_par' dir='ltr' id='par_1_72' title="bbox 180 3932 1789 4009">
     <span class='ocr_line' id='line_1_72' title="bbox 180 3932 1789 4009; baseline 0.002 -23"><span class='ocrx_word' id='word_1_506' title='bbox 180 3935 452 4008; x_wconf 72' lang='grc' dir='ltr'>σκίρτημα</span> <span class='ocrx_word' id='word_1_507' title='bbox 494 3938 548 3987; x_wconf 86' lang='grc' dir='ltr'>τί</span> <span class='ocrx_word' id='word_1_508' title='bbox 603 3933 718 3987; x_wconf 83' lang='grc' dir='ltr'>ἐστι</span> <span class='ocrx_word' id='word_1_509' title='bbox 779 3942 872 3995; x_wconf 85' lang='grc' dir='ltr'>τῆς</span> <span class='ocrx_word' id='word_1_510' title='bbox 936 3932 1126 4007; x_wconf 67' lang='grc' dir='ltr'>ψυχῆς</span> <span class='ocrx_word' id='word_1_511' title='bbox 1192 3934 1612 4009; x_wconf 79' lang='grc' dir='ltr'>ἑπαγαλλομένης</span> <span class='ocrx_word' id='word_1_512' title='bbox 1679 3943 1789 4000; x_wconf 88' lang='grc' dir='ltr'>τοῖς</span> 
     </span>
    </p>
   </div>
   <div class='ocr_carea' id='block_1_73' title="bbox 175 4023 1790 4099">
    <p class='ocr_par' dir='ltr' id='par_1_73' title="bbox 175 4023 1790 4099">
     <span class='ocr_line' id='line_1_73' title="bbox 175 4023 1790 4099; baseline 0.001 -22"><span class='ocrx_word' id='word_1_513' title='bbox 175 4027 315 4078; x_wconf 86' lang='grc' dir='ltr'>κατά</span> <span class='ocrx_word' id='word_1_514' title='bbox 343 4028 576 4098; x_wconf 83' lang='grc' dir='ltr'>γνώμην.</span> <span class='ocrx_word' id='word_1_515' title='bbox 606 4023 760 4077; x_wconf 86' lang='grc' dir='ltr'>Ὀθεν</span> <span class='ocrx_word' id='word_1_516' title='bbox 795 4028 886 4077; x_wconf 85' lang='grc' dir='ltr'>καὶ</span> <span class='ocrx_word' id='word_1_517' title='bbox 922 4026 988 4077; x_wconf 81' lang='grc' dir='ltr'>τὰ</span> <span class='ocrx_word' id='word_1_518' title='bbox 1039 4027 1161 4098; x_wconf 88' lang='grc' dir='ltr'>περὶ</span> <span class='ocrx_word' id='word_1_519' title='bbox 1210 4027 1269 4078; x_wconf 88' lang='grc' dir='ltr'>τὸ</span> <span class='ocrx_word' id='word_1_520' title='bbox 1330 4034 1485 4098; x_wconf 88' lang='grc' dir='ltr'>σῶμα</span> <span class='ocrx_word' id='word_1_521' title='bbox 1534 4031 1790 4099; x_wconf 81' lang='grc' dir='ltr'>συμπτώ-</span> 
     </span>
    </p>
   </div>
   <div class='ocr_carea' id='block_1_74' title="bbox 174 4111 1789 4190">
    <p class='ocr_par' dir='ltr' id='par_1_74' title="bbox 174 4111 1789 4190">
     <span class='ocr_line' id='line_1_74' title="bbox 174 4111 1789 4190; baseline 0 -22"><span class='ocrx_word' id='word_1_522' title='bbox 174 4134 325 4190; x_wconf 86' lang='grc' dir='ltr'>ματα</span> <span class='ocrx_word' id='word_1_523' title='bbox 393 4111 689 4188; x_wconf 76' lang='grc' dir='ltr'>διενήνοχε.</span> <span class='ocrx_word' id='word_1_524' title='bbox 753 4121 871 4177; x_wconf 90' lang='grc' dir='ltr'>Τοῖς</span> <span class='ocrx_word' id='word_1_525' title='bbox 949 4121 1037 4188; x_wconf 74' lang='grc' dir='ltr'>μὲν</span> <span class='ocrx_word' id='word_1_526' title='bbox 1092 4117 1194 4190; x_wconf 80' lang='grc' dir='ltr'>γὰρ</span> <span class='ocrx_word' id='word_1_527' title='bbox 1259 4114 1626 4189; x_wconf 73' lang='grc' dir='ltr'>λυπουμένοις,</span> <span class='ocrx_word' id='word_1_528' title='bbox 1690 4116 1789 4169; x_wconf 85' lang='grc' dir='ltr'>ὑπ-</span> 
     </span>
    </p>
   </div>
   <div class='ocr_carea' id='block_1_75' title="bbox 176 4200 1792 4281">
    <p class='ocr_par' dir='ltr' id='par_1_75' title="bbox 176 4200 1792 4281">
     <span class='ocr_line' id='line_1_75' title="bbox 176 4200 1792 4281; baseline 0.002 -25"><span class='ocrx_word' id='word_1_529' title='bbox 176 4225 358 4281; x_wconf 84' lang='grc' dir='ltr'>ωχρος</span> <span class='ocrx_word' id='word_1_530' title='bbox 387 4210 479 4258; x_wconf 87' lang='grc' dir='ltr'>καὶ</span> <span class='ocrx_word' id='word_1_531' title='bbox 506 4200 749 4267; x_wconf 73' lang='grc' dir='ltr'>πελιδνὸς</span> <span class='ocrx_word' id='word_1_532' title='bbox 794 4209 885 4257; x_wconf 85' lang='grc' dir='ltr'>καὶ</span> <span class='ocrx_word' id='word_1_533' title='bbox 936 4204 1329 4279; x_wconf 70' lang='grc' dir='ltr'>κατεψυγμένος</span> <span class='ocrx_word' id='word_1_534' title='bbox 1371 4207 1397 4258; x_wconf 83' lang='grc' dir='ltr'><strong><em>ὁ</em></strong></span> <span class='ocrx_word' id='word_1_535' title='bbox 1452 4210 1627 4277; x_wconf 78' lang='grc' dir='ltr'>ὄγκος·</span> <span class='ocrx_word' id='word_1_536' title='bbox 1688 4214 1792 4267; x_wconf 85' lang='grc' dir='ltr'>τοῖς</span> 
     </span>
    </p>
   </div>
   <div class='ocr_carea' id='block_1_76' title="bbox 181 4291 1787 4372">
    <p class='ocr_par' dir='ltr' id='par_1_76' title="bbox 181 4291 1787 4372">
     <span class='ocr_line' id='line_1_76' title="bbox 181 4291 1787 4372; baseline 0 -23"><span class='ocrx_word' id='word_1_537' title='bbox 181 4292 243 4349; x_wconf 70' lang='grc' dir='ltr'>δε</span> <span class='ocrx_word' id='word_1_538' title='bbox 327 4291 797 4370; x_wconf 73' lang='grc' dir='ltr'>φαιδρυνομένοις,</span> <span class='ocrx_word' id='word_1_539' title='bbox 877 4294 1167 4358; x_wconf 79' lang='grc' dir='ltr'>ἐξανθοῡσα</span> <span class='ocrx_word' id='word_1_540' title='bbox 1237 4299 1327 4348; x_wconf 82' lang='grc' dir='ltr'>καὶ</span> <span class='ocrx_word' id='word_1_541' title='bbox 1400 4296 1690 4372; x_wconf 82' lang='grc' dir='ltr'>ὑπέρυθρος</span> <span class='ocrx_word' id='word_1_542' title='bbox 1756 4298 1787 4355; x_wconf 78' lang='grc' dir='ltr'>ἡ</span> 
     </span>
    </p>
   </div>
   <div class='ocr_carea' id='block_1_77' title="bbox 178 4383 1867 4478">
    <p class='ocr_par' dir='ltr' id='par_1_77' title="bbox 178 4383 1867 4478">
     <span class='ocr_line' id='line_1_77' title="bbox 178 4383 1867 4478; baseline 0.004 -40"><span class='ocrx_word' id='word_1_543' title='bbox 178 4392 277 4438; x_wconf 76' lang='grc' dir='ltr'>τοῦ</span> <span class='ocrx_word' id='word_1_544' title='bbox 318 4389 561 4457; x_wconf 81' lang='grc' dir='ltr'>σώματος</span> <span class='ocrx_word' id='word_1_545' title='bbox 605 4385 729 4452; x_wconf 78' lang='grc' dir='ltr'>ἕξις,</span> <span class='ocrx_word' id='word_1_546' title='bbox 779 4391 1071 4458; x_wconf 79' lang='grc' dir='ltr'>μονονουχὶ</span> <span class='ocrx_word' id='word_1_547' title='bbox 1121 4383 1383 4449; x_wconf 83' lang='grc' dir='ltr'>πηδὼσης</span> <span class='ocrx_word' id='word_1_548' title='bbox 1437 4395 1535 4448; x_wconf 88' lang='grc' dir='ltr'>τῆς</span> <span class='ocrx_word' id='word_1_549' title='bbox 1580 4384 1791 4459; x_wconf 73' lang='grc' dir='ltr'>ψυχῆς,</span> <span class='ocrx_word' id='word_1_550' title='bbox 1824 4424 1867 4478; x_wconf 79' lang='lat' dir='ltr'><strong>D</strong></span> 
     </span>
    </p>
   </div>
   <div class='ocr_carea' id='block_1_78' title="bbox 180 4470 1790 4548">
    <p class='ocr_par' dir='ltr' id='par_1_78' title="bbox 180 4470 1790 4548">
     <span class='ocr_line' id='line_1_78' title="bbox 180 4470 1790 4548; baseline 0.001 -23"><span class='ocrx_word' id='word_1_551' title='bbox 180 4477 278 4525; x_wconf 82' lang='grc' dir='ltr'>καὶ</span> <span class='ocrx_word' id='word_1_552' title='bbox 346 4475 744 4548; x_wconf 82' lang='grc' dir='ltr'>προωθουμένης</span> <span class='ocrx_word' id='word_1_553' title='bbox 817 4473 897 4544; x_wconf 72' lang='grc' dir='ltr'>ὑφ’</span> <span class='ocrx_word' id='word_1_554' title='bbox 980 4470 1174 4535; x_wconf 74' lang='grc' dir='ltr'>ἡδονῆς</span> <span class='ocrx_word' id='word_1_555' title='bbox 1258 4474 1325 4535; x_wconf 84' lang='grc' dir='ltr'>εἰς</span> <span class='ocrx_word' id='word_1_556' title='bbox 1381 4479 1440 4527; x_wconf 82' lang='grc' dir='ltr'>τὸ</span> <span class='ocrx_word' id='word_1_557' title='bbox 1507 4476 1621 4538; x_wconf 77' lang='grc' dir='ltr'>ἔξω.</span> <span class='ocrx_word' id='word_1_558' title='bbox 1690 4479 1790 4529; x_wconf 78' lang='grc' dir='ltr'>Καὶ</span> 
     </span>
    </p>
   </div>
   <div class='ocr_carea' id='block_1_79' title="bbox 182 4560 1792 4636">
    <p class='ocr_par' dir='ltr' id='par_1_79' title="bbox 182 4560 1792 4636">
     <span class='ocr_line' id='line_1_79' title="bbox 182 4560 1792 4636; baseline 0.001 -21"><span class='ocrx_word' id='word_1_559' title='bbox 182 4560 404 4623; x_wconf 84' lang='grc' dir='ltr'>πολλοὺς</span> <span class='ocrx_word' id='word_1_560' title='bbox 464 4564 683 4636; x_wconf 81' lang='grc' dir='ltr'>ἔγνωμεν</span> <span class='ocrx_word' id='word_1_561' title='bbox 759 4561 807 4614; x_wconf 80' lang='grc' dir='ltr'>ἐν</span> <span class='ocrx_word' id='word_1_562' title='bbox 894 4570 1188 4636; x_wconf 74' lang='grc' dir='ltr'>συμφοραῖς</span> <span class='ocrx_word' id='word_1_563' title='bbox 1264 4561 1570 4626; x_wconf 77' lang='grc' dir='ltr'>ἀνηκέστοις</span> <span class='ocrx_word' id='word_1_564' title='bbox 1661 4563 1792 4617; x_wconf 81' lang='grc' dir='ltr'>ἀπο-</span> 
     </span>
    </p>
   </div>
   <div class='ocr_carea' id='block_1_80' title="bbox 187 4647 1795 4727">
    <p class='ocr_par' dir='ltr' id='par_1_80' title="bbox 187 4647 1795 4727">
     <span class='ocr_line' id='line_1_80' title="bbox 187 4647 1795 4727; baseline 0.001 -24"><span class='ocrx_word' id='word_1_565' title='bbox 187 4651 380 4713; x_wconf 78' lang='grc' dir='ltr'>στάξαι</span> <span class='ocrx_word' id='word_1_566' title='bbox 429 4647 657 4724; x_wconf 78' lang='grc' dir='ltr'>δάκρυον</span> <span class='ocrx_word' id='word_1_567' title='bbox 702 4650 891 4724; x_wconf 81' lang='grc' dir='ltr'>βιαίως</span> <span class='ocrx_word' id='word_1_568' title='bbox 939 4649 1444 4727; x_wconf 76' lang='grc' dir='ltr'>ἐγκαρτερήσαντας·</span> <span class='ocrx_word' id='word_1_569' title='bbox 1504 4649 1615 4705; x_wconf 80' lang='grc' dir='ltr'>εἶτα</span> <span class='ocrx_word' id='word_1_570' title='bbox 1678 4656 1795 4713; x_wconf 89' lang='grc' dir='ltr'>τοὺς</span> 
     </span>
    </p>
   </div>
   <div class='ocr_carea' id='block_1_81' title="bbox 182 4738 1795 4815">
    <p class='ocr_par' dir='ltr' id='par_1_81' title="bbox 182 4738 1795 4815">
     <span class='ocr_line' id='line_1_81' title="bbox 182 4738 1795 4815; baseline -0.001 -21"><span class='ocrx_word' id='word_1_571' title='bbox 182 4744 280 4815; x_wconf 73' lang='grc' dir='ltr'>μὲν</span> <span class='ocrx_word' id='word_1_572' title='bbox 346 4738 414 4802; x_wconf 83' lang='grc' dir='ltr'>εἰς</span> <span class='ocrx_word' id='word_1_573' title='bbox 477 4738 740 4800; x_wconf 78' lang='grc' dir='ltr'>ἀνήκεστα</span> <span class='ocrx_word' id='word_1_574' title='bbox 800 4739 1109 4801; x_wconf 78' lang='grc' dir='ltr'>ἐκπεσόντας</span> <span class='ocrx_word' id='word_1_575' title='bbox 1183 4742 1325 4798; x_wconf 69' lang='grc' dir='ltr'>πάθη</span> <span class='ocrx_word' id='word_1_576' title='bbox 1362 4781 1379 4810; x_wconf 83' lang='lat'>,</span> <span class='ocrx_word' id='word_1_577' title='bbox 1468 4739 1795 4804; x_wconf 84' lang='grc' dir='ltr'>ἀποπληξίας</span> 
     </span>
    </p>
   </div>
   <div class='ocr_carea' id='block_1_82' title="bbox 184 4826 1794 4906">
    <p class='ocr_par' dir='ltr' id='par_1_82' title="bbox 184 4826 1794 4906">
     <span class='ocr_line' id='line_1_82' title="bbox 184 4826 1794 4906; baseline 0 -24"><span class='ocrx_word' id='word_1_578' title='bbox 184 4832 218 4891; x_wconf 76' lang='grc' dir='ltr'>ἦ</span> <span class='ocrx_word' id='word_1_579' title='bbox 315 4829 657 4906; x_wconf 65' lang='grc' dir='ltr'>παραλύσας</span> <span class='ocrx_word' id='word_1_580' title='bbox 742 4832 860 4891; x_wconf 78' lang='grc' dir='ltr'>τοὺς</span> <span class='ocrx_word' id='word_1_581' title='bbox 943 4826 1002 4882; x_wconf 65' lang='grc' dir='ltr'>δὲ</span> <span class='ocrx_word' id='word_1_582' title='bbox 1084 4835 1174 4883; x_wconf 83' lang='grc' dir='ltr'>καὶ</span> <span class='ocrx_word' id='word_1_583' title='bbox 1264 4829 1519 4893; x_wconf 80' lang='grc' dir='ltr'>παντελῶς</span> <span class='ocrx_word' id='word_1_584' title='bbox 1592 4830 1794 4903; x_wconf 71' lang='grc' dir='ltr'>ἀποψύ-</span> 
     </span>
    </p>
   </div>
   <div class='ocr_carea' id='block_1_83' title="bbox 263 5010 733 5072">
    <p class='ocr_par' dir='ltr' id='par_1_83' title="bbox 263 5010 733 5072">
     <span class='ocr_line' id='line_1_83' title="bbox 263 5010 733 5072; baseline -0.002 -6"><span class='ocrx_word' id='word_1_585' title='bbox 263 5010 306 5045; x_wconf 73' lang='grc'>”¹</span> <span class='ocrx_word' id='word_1_586' title='bbox 354 5010 537 5066; x_wconf 82' lang='lat' dir='ltr'>ICor.</span> <span class='ocrx_word' id='word_1_587' title='bbox 572 5024 634 5072; x_wconf 72' lang='grc' dir='ltr'>Σ,</span> <span class='ocrx_word' id='word_1_588' title='bbox 670 5010 733 5065; x_wconf 87' lang='grc'>13</span> 
     </span>
    </p>
   </div>
   <div class='ocr_carea' id='block_1_84' title="bbox 263 5185 1792 5263">
    <p class='ocr_par' dir='ltr' id='par_1_84' title="bbox 263 5185 1792 5263">
     <span class='ocr_line' id='line_1_84' title="bbox 263 5185 1792 5263; baseline -0.001 -18"><span class='ocrx_word' id='word_1_589' title='bbox 263 5193 283 5249; x_wconf 81' lang='lat' dir='ltr'>t</span> <span class='ocrx_word' id='word_1_590' title='bbox 295 5193 343 5256; x_wconf 81' lang='lat' dir='ltr'><strong>t)</strong></span> <span class='ocrx_word' id='word_1_591' title='bbox 372 5187 538 5263; x_wconf 64' lang='grc' dir='ltr'>Ὑμῖν.</span> <span class='ocrx_word' id='word_1_592' title='bbox 571 5188 665 5263; x_wconf 81' lang='lat' dir='ltr'>Sic</span> <span class='ocrx_word' id='word_1_593' title='bbox 685 5188 907 5263; x_wconf 76' lang='lat' dir='ltr'>Regius</span> <span class='ocrx_word' id='word_1_594' title='bbox 921 5185 1292 5263; x_wconf 76' lang='lat' dir='ltr'>eodcxl992,</span> <span class='ocrx_word' id='word_1_595' title='bbox 1315 5203 1457 5245; x_wconf 87' lang='lat' dir='ltr'>cum</span> <span class='ocrx_word' id='word_1_596' title='bbox 1483 5191 1792 5254; x_wconf 84' lang='lat' dir='ltr'>contextu,</span> 
     </span>
    </p>
   </div>
   <div class='ocr_carea' id='block_1_85' title="bbox 190 5259 1396 5352">
    <p class='ocr_par' dir='ltr' id='par_1_85' title="bbox 190 5259 1396 5352">
     <span class='ocr_line' id='line_1_85' title="bbox 190 5259 1396 5352; baseline -0.003 -35"><span class='ocrx_word' id='word_1_597' title='bbox 190 5266 251 5318; x_wconf 90' lang='lat' dir='ltr'>et</span> <span class='ocrx_word' id='word_1_598' title='bbox 267 5259 616 5352; x_wconf 33' lang='lat' dir='ltr'>Baulo‘post</span> <span class='ocrx_word' id='word_1_599' title='bbox 633 5261 795 5352; x_wconf 44' lang='grc' dir='ltr'>,ὑμῖᾶῆ</span> <span class='ocrx_word' id='word_1_600' title='bbox 830 5259 1138 5352; x_wconf 47' lang='grc' dir='ltr'>Εεῖίῐὶἰξὶμίν1</span> <span class='ocrx_word' id='word_1_601' title='bbox 1159 5264 1215 5315; x_wconf 91' lang='lat' dir='ltr'>et</span> <span class='ocrx_word' id='word_1_602' title='bbox 1236 5260 1396 5340; x_wconf 63' lang='grc' dir='ltr'>ἡμᾶς.</span> 
     </span>
    </p>
   </div>
   <div class='ocr_carea' id='block_1_86' title="bbox 263 5329 1796 5409">
    <p class='ocr_par' dir='ltr' id='par_1_86' title="bbox 263 5329 1796 5409">
     <span class='ocr_line' id='line_1_86' title="bbox 263 5329 1796 5409; baseline 0.001 -22"><span class='ocrx_word' id='word_1_603' title='bbox 263 5329 343 5406; x_wconf 79' lang='lat'><strong>(2)</strong></span> <span class='ocrx_word' id='word_1_604' title='bbox 371 5329 508 5409; x_wconf 71' lang='grc' dir='ltr'>Πρρξ</span> <span class='ocrx_word' id='word_1_605' title='bbox 529 5334 596 5409; x_wconf 62' lang='grc' dir='ltr'>τὰ</span> <span class='ocrx_word' id='word_1_606' title='bbox 625 5329 941 5408; x_wconf 69' lang='grc' dir='ltr'>ἀνθρώπινα.</span> <span class='ocrx_word' id='word_1_607' title='bbox 972 5329 1144 5409; x_wconf 78' lang='lat' dir='ltr'>Haud</span> <span class='ocrx_word' id='word_1_608' title='bbox 1184 5329 1309 5388; x_wconf 77' lang='lat' dir='ltr'>scio</span> <span class='ocrx_word' id='word_1_609' title='bbox 1353 5346 1433 5409; x_wconf 83' lang='lat' dir='ltr'>an</span> <span class='ocrx_word' id='word_1_610' title='bbox 1460 5329 1689 5409; x_wconf 64' lang='lat' dir='ltr'>melior</span> <span class='ocrx_word' id='word_1_611' title='bbox 1721 5331 1796 5388; x_wconf 90' lang='lat' dir='ltr'>sit</span> 
     </span>
    </p>
   </div>
   <div class='ocr_carea' id='block_1_87' title="bbox 189 5401 1792 5477">
    <p class='ocr_par' dir='ltr' id='par_1_87' title="bbox 189 5401 1792 5477">
     <span class='ocr_line' id='line_1_87' title="bbox 189 5401 1792 5477; baseline -0.001 -17"><span class='ocrx_word' id='word_1_612' title='bbox 189 5401 676 5477; x_wconf 68' lang='lat' dir='ltr'>haecsc&#39;riptura,</span> <span class='ocrx_word' id='word_1_613' title='bbox 719 5401 910 5477; x_wconf 80' lang='lat' dir='ltr'>quam</span> <span class='ocrx_word' id='word_1_614' title='bbox 934 5401 1100 5475; x_wconf 90' lang='lat' dir='ltr'>quod</span> <span class='ocrx_word' id='word_1_615' title='bbox 1128 5401 1192 5458; x_wconf 90' lang='lat' dir='ltr'>in</span> <span class='ocrx_word' id='word_1_616' title='bbox 1244 5406 1528 5459; x_wconf 84' lang='lat' dir='ltr'>contextu</span> <span class='ocrx_word' id='word_1_617' title='bbox 1553 5402 1792 5473; x_wconf 88' lang='lat' dir='ltr'>legitur,</span> 
     </span>
    </p>
   </div>
   <div class='ocr_carea' id='block_1_88' title="bbox 194 5476 685 5549">
    <p class='ocr_par' dir='ltr' id='par_1_88' title="bbox 194 5476 685 5549">
     <span class='ocr_line' id='line_1_88' title="bbox 194 5476 685 5549; baseline 0.004 -2"><span class='ocrx_word' id='word_1_618' title='bbox 194 5477 335 5549; x_wconf 61' lang='grc' dir='ltr'>πρὸς.</span> <span class='ocrx_word' id='word_1_619' title='bbox 358 5478 424 5549; x_wconf 58' lang='grc' dir='ltr'>[ἀ</span> <span class='ocrx_word' id='word_1_620' title='bbox 451 5476 685 5549; x_wconf 63' lang='grc' dir='ltr'>οὐράνιον</span> 
     </span>
    </p>
   </div>
   <div class='ocr_carea' id='block_1_89' title="bbox 269 5544 1651 5614">
    <p class='ocr_par' dir='ltr' id='par_1_89' title="bbox 269 5544 1651 5614">
     <span class='ocr_line' id='line_1_89' title="bbox 269 5544 1651 5614; baseline -0.007 -9"><span class='ocrx_word' id='word_1_621' title='bbox 269 5547 347 5614; x_wconf 83' lang='grc'>(3)</span> <span class='ocrx_word' id='word_1_622' title='bbox 366 5544 540 5602; x_wconf 76' lang='grc' dir='ltr'>Τόνον.</span> <span class='ocrx_word' id='word_1_623' title='bbox 578 5548 672 5603; x_wconf 87' lang='lat' dir='ltr'>Sic</span> <span class='ocrx_word' id='word_1_624' title='bbox 701 5548 1044 5604; x_wconf 83' lang='lat' dir='ltr'>contextus.</span> <span class='ocrx_word' id='word_1_625' title='bbox 1081 5544 1233 5602; x_wconf 90' lang='lat' dir='ltr'>Editi</span> <span class='ocrx_word' id='word_1_626' title='bbox 1260 5544 1454 5602; x_wconf 87' lang='lat' dir='ltr'>nostri</span> <span class='ocrx_word' id='word_1_627' title='bbox 1474 5549 1651 5598; x_wconf 68' lang='grc' dir='ltr'>τόπον*</span> 
     </span>
    </p>
   </div>
   <div class='ocr_carea' id='block_1_90' title="bbox 275 5615 1794 5692">
    <p class='ocr_par' dir='ltr' id='par_1_90' title="bbox 275 5615 1794 5692">
     <span class='ocr_line' id='line_1_90' title="bbox 275 5615 1794 5692; baseline -0.001 -17"><span class='ocrx_word' id='word_1_628' title='bbox 275 5616 353 5688; x_wconf 75' lang='grc'>(4)</span> <span class='ocrx_word' id='word_1_629' title='bbox 383 5615 614 5688; x_wconf 76' lang='grc' dir='ltr'>Πληγῆς.</span> <span class='ocrx_word' id='word_1_630' title='bbox 647 5619 741 5676; x_wconf 87' lang='lat' dir='ltr'>Sic</span> <span class='ocrx_word' id='word_1_631' title='bbox 768 5618 950 5677; x_wconf 88' lang='lat' dir='ltr'>etiam</span> <span class='ocrx_word' id='word_1_632' title='bbox 1004 5620 1333 5690; x_wconf 79' lang='lat' dir='ltr'>contextus,</span> <span class='ocrx_word' id='word_1_633' title='bbox 1367 5616 1558 5676; x_wconf 90' lang='lat' dir='ltr'>multo</span> <span class='ocrx_word' id='word_1_634' title='bbox 1595 5615 1794 5692; x_wconf 87' lang='lat' dir='ltr'>aptius</span> 
     </span>
    </p>
   </div>
   <div class='ocr_carea' id='block_1_91' title="bbox 1895 3128 3556 3203">
    <p class='ocr_par' dir='ltr' id='par_1_91' title="bbox 1895 3128 3556 3203">
     <span class='ocr_line' id='line_1_91' title="bbox 1895 3128 3556 3203; baseline 0.002 -18"><span class='ocrx_word' id='word_1_635' title='bbox 1895 3129 2234 3203; x_wconf 89' lang='lat' dir='ltr'>quidquam</span> <span class='ocrx_word' id='word_1_636' title='bbox 2263 3145 2475 3187; x_wconf 89' lang='lat' dir='ltr'>eorum</span> <span class='ocrx_word' id='word_1_637' title='bbox 2503 3129 2787 3187; x_wconf 89' lang='lat' dir='ltr'>indecore</span> <span class='ocrx_word' id='word_1_638' title='bbox 2815 3128 2942 3200; x_wconf 82' lang='lat' dir='ltr'>ﬁat,</span> <span class='ocrx_word' id='word_1_639' title='bbox 2974 3145 3113 3202; x_wconf 69' lang='lat' dir='ltr'>quae</span> <span class='ocrx_word' id='word_1_640' title='bbox 3165 3130 3432 3187; x_wconf 90' lang='lat' dir='ltr'>studiose</span> <span class='ocrx_word' id='word_1_641' title='bbox 3470 3129 3556 3189; x_wconf 87' lang='lat' dir='ltr'>fa-</span> 
     </span>
    </p>
   </div>
   <div class='ocr_carea' id='block_1_92' title="bbox 1895 3218 3557 3292">
    <p class='ocr_par' dir='ltr' id='par_1_92' title="bbox 1895 3218 3557 3292">
     <span class='ocr_line' id='line_1_92' title="bbox 1895 3218 3557 3292; baseline 0.001 -16"><span class='ocrx_word' id='word_1_642' title='bbox 1895 3235 2029 3276; x_wconf 92' lang='lat' dir='ltr'>cere</span> <span class='ocrx_word' id='word_1_643' title='bbox 2060 3218 2254 3277; x_wconf 89' lang='lat' dir='ltr'>solent</span> <span class='ocrx_word' id='word_1_644' title='bbox 2279 3219 2385 3292; x_wconf 89' lang='lat' dir='ltr'>qui</span> <span class='ocrx_word' id='word_1_645' title='bbox 2433 3219 2513 3277; x_wconf 91' lang='lat' dir='ltr'>ad</span> <span class='ocrx_word' id='word_1_646' title='bbox 2553 3220 2861 3276; x_wconf 89' lang='lat' dir='ltr'>humanos</span> <span class='ocrx_word' id='word_1_647' title='bbox 2907 3234 3089 3275; x_wconf 89' lang='lat' dir='ltr'>casus</span> <span class='ocrx_word' id='word_1_648' title='bbox 3132 3219 3300 3276; x_wconf 86' lang='lat' dir='ltr'>nulla</span> <span class='ocrx_word' id='word_1_649' title='bbox 3336 3220 3557 3277; x_wconf 90' lang='lat' dir='ltr'>imbuti</span> 
     </span>
    </p>
   </div>
   <div class='ocr_carea' id='block_1_93' title="bbox 1895 3308 3556 3382">
    <p class='ocr_par' dir='ltr' id='par_1_93' title="bbox 1895 3308 3556 3382">
     <span class='ocr_line' id='line_1_93' title="bbox 1895 3308 3556 3382; baseline 0.002 -17"><span class='ocrx_word' id='word_1_650' title='bbox 1895 3309 2060 3366; x_wconf 85' lang='lat' dir='ltr'>fuere</span> <span class='ocrx_word' id='word_1_651' title='bbox 2106 3309 2449 3382; x_wconf 84' lang='lat' dir='ltr'>disciplina.</span> <span class='ocrx_word' id='word_1_652' title='bbox 2508 3308 2737 3367; x_wconf 88' lang='lat' dir='ltr'>Etenim</span> <span class='ocrx_word' id='word_1_653' title='bbox 2784 3309 2973 3365; x_wconf 88' lang='lat' dir='ltr'>animi</span> <span class='ocrx_word' id='word_1_654' title='bbox 3018 3313 3108 3367; x_wconf 90' lang='lat' dir='ltr'>est</span> <span class='ocrx_word' id='word_1_655' title='bbox 3153 3309 3382 3380; x_wconf 86' lang='lat' dir='ltr'>ignavi,</span> <span class='ocrx_word' id='word_1_656' title='bbox 3425 3311 3556 3368; x_wconf 92' lang='lat' dir='ltr'>nul-</span> 
     </span>
    </p>
   </div>
   <div class='ocr_carea' id='block_1_94' title="bbox 1894 3397 3553 3471">
    <p class='ocr_par' dir='ltr' id='par_1_94' title="bbox 1894 3397 3553 3471">
     <span class='ocr_line' id='line_1_94' title="bbox 1894 3397 3553 3471; baseline 0.001 -17"><span class='ocrx_word' id='word_1_657' title='bbox 1894 3398 2144 3471; x_wconf 82' lang='lat' dir='ltr'>lumque</span> <span class='ocrx_word' id='word_1_658' title='bbox 2187 3414 2262 3454; x_wconf 82' lang='lat' dir='ltr'>ex</span> <span class='ocrx_word' id='word_1_659' title='bbox 2302 3398 2568 3471; x_wconf 87' lang='lat' dir='ltr'>reposita</span> <span class='ocrx_word' id='word_1_660' title='bbox 2609 3397 2673 3454; x_wconf 89' lang='lat' dir='ltr'>in</span> <span class='ocrx_word' id='word_1_661' title='bbox 2704 3399 2824 3454; x_wconf 89' lang='lat' dir='ltr'>Deo</span> <span class='ocrx_word' id='word_1_662' title='bbox 2863 3413 2973 3470; x_wconf 89' lang='lat' dir='ltr'>spe</span> <span class='ocrx_word' id='word_1_663' title='bbox 3016 3397 3206 3455; x_wconf 89' lang='lat' dir='ltr'>robur</span> <span class='ocrx_word' id='word_1_664' title='bbox 3250 3398 3553 3469; x_wconf 87' lang='lat' dir='ltr'>habentis,</span> 
     </span>
    </p>
   </div>
   <div class='ocr_carea' id='block_1_95' title="bbox 1894 3488 3555 3563">
    <p class='ocr_par' dir='ltr' id='par_1_95' title="bbox 1894 3488 3555 3563">
     <span class='ocr_line' id='line_1_95' title="bbox 1894 3488 3555 3563; baseline 0.002 -19"><span class='ocrx_word' id='word_1_665' title='bbox 1894 3489 2092 3560; x_wconf 84' lang='lat' dir='ltr'>frangi</span> <span class='ocrx_word' id='word_1_666' title='bbox 2122 3488 2480 3559; x_wconf 89' lang='lat' dir='ltr'>admodum,</span> <span class='ocrx_word' id='word_1_667' title='bbox 2509 3492 2568 3545; x_wconf 90' lang='lat' dir='ltr'>et</span> <span class='ocrx_word' id='word_1_668' title='bbox 2587 3488 2856 3545; x_wconf 88' lang='lat' dir='ltr'>adversis</span> <span class='ocrx_word' id='word_1_669' title='bbox 2872 3489 3289 3546; x_wconf 86' lang='lat' dir='ltr'>succumbere.</span> <span class='ocrx_word' id='word_1_670' title='bbox 3311 3492 3379 3563; x_wconf 90' lang='lat'>(8)</span> <span class='ocrx_word' id='word_1_671' title='bbox 3402 3494 3555 3548; x_wconf 86' lang='lat' dir='ltr'>Nam</span> 
     </span>
    </p>
   </div>
   <div class='ocr_carea' id='block_1_96' title="bbox 1894 3577 3558 3652">
    <p class='ocr_par' dir='ltr' id='par_1_96' title="bbox 1894 3577 3558 3652">
     <span class='ocr_line' id='line_1_96' title="bbox 1894 3577 3558 3652; baseline 0.001 -15"><span class='ocrx_word' id='word_1_672' title='bbox 1894 3579 2180 3652; x_wconf 66' lang='lat' dir='ltr'>lacrymae</span> <span class='ocrx_word' id='word_1_673' title='bbox 2209 3578 2375 3636; x_wconf 87' lang='lat' dir='ltr'>velut</span> <span class='ocrx_word' id='word_1_674' title='bbox 2401 3594 2474 3635; x_wconf 83' lang='lat' dir='ltr'>ex</span> <span class='ocrx_word' id='word_1_675' title='bbox 2494 3577 2764 3651; x_wconf 86' lang='lat' dir='ltr'>quodam</span> <span class='ocrx_word' id='word_1_676' title='bbox 2794 3577 2936 3647; x_wconf 91' lang='lat' dir='ltr'>ictu,</span> <span class='ocrx_word' id='word_1_677' title='bbox 2958 3594 3030 3635; x_wconf 87' lang='lat' dir='ltr'>ex</span> <span class='ocrx_word' id='word_1_678' title='bbox 3061 3579 3397 3652; x_wconf 87' lang='lat' dir='ltr'>improviso</span> <span class='ocrx_word' id='word_1_679' title='bbox 3409 3597 3558 3639; x_wconf 88' lang='lat' dir='ltr'>casu</span> 
     </span>
    </p>
   </div>
   <div class='ocr_carea' id='block_1_97' title="bbox 1895 3667 3560 3743">
    <p class='ocr_par' dir='ltr' id='par_1_97' title="bbox 1895 3667 3560 3743">
     <span class='ocr_line' id='line_1_97' title="bbox 1895 3667 3560 3743; baseline 0 -17"><span class='ocrx_word' id='word_1_680' title='bbox 1895 3668 2265 3743; x_wconf 87' lang='lat' dir='ltr'>percutiente</span> <span class='ocrx_word' id='word_1_681' title='bbox 2293 3667 2584 3739; x_wconf 86' lang='lat' dir='ltr'>animam,</span> <span class='ocrx_word' id='word_1_682' title='bbox 2631 3682 2892 3741; x_wconf 90' lang='lat' dir='ltr'>eamque</span> <span class='ocrx_word' id='word_1_683' title='bbox 2938 3668 3350 3737; x_wconf 88' lang='lat' dir='ltr'>contrahente,</span> <span class='ocrx_word' id='word_1_684' title='bbox 3396 3685 3560 3726; x_wconf 89' lang='lat' dir='ltr'>com-</span> 
     </span>
    </p>
   </div>
   <div class='ocr_carea' id='block_1_98' title="bbox 1896 3756 3558 3831">
    <p class='ocr_par' dir='ltr' id='par_1_98' title="bbox 1896 3756 3558 3831">
     <span class='ocr_line' id='line_1_98' title="bbox 1896 3756 3558 3831; baseline 0 -16"><span class='ocrx_word' id='word_1_685' title='bbox 1896 3774 2111 3831; x_wconf 85' lang='lat' dir='ltr'>presso</span> <span class='ocrx_word' id='word_1_686' title='bbox 2145 3758 2302 3814; x_wconf 84' lang='lat' dir='ltr'>circa</span> <span class='ocrx_word' id='word_1_687' title='bbox 2332 3773 2437 3814; x_wconf 91' lang='lat' dir='ltr'>cor</span> <span class='ocrx_word' id='word_1_688' title='bbox 2480 3757 2712 3830; x_wconf 88' lang='lat' dir='ltr'>spiritu,</span> <span class='ocrx_word' id='word_1_689' title='bbox 2771 3756 2912 3814; x_wconf 90' lang='lat' dir='ltr'>oriri</span> <span class='ocrx_word' id='word_1_690' title='bbox 2963 3772 3370 3815; x_wconf 87' lang='lat' dir='ltr'>consuevere:</span> <span class='ocrx_word' id='word_1_691' title='bbox 3415 3774 3558 3829; x_wconf 90' lang='lat' dir='ltr'>gau-</span> 
     </span>
    </p>
   </div>
   <div class='ocr_carea' id='block_1_99' title="bbox 1898 3846 3558 3905">
    <p class='ocr_par' dir='ltr' id='par_1_99' title="bbox 1898 3846 3558 3905">
     <span class='ocr_line' id='line_1_99' title="bbox 1898 3846 3558 3905; baseline -0.001 0"><span class='ocrx_word' id='word_1_692' title='bbox 1898 3849 2068 3905; x_wconf 90' lang='lat' dir='ltr'>dium</span> <span class='ocrx_word' id='word_1_693' title='bbox 2093 3863 2237 3904; x_wconf 87' lang='lat' dir='ltr'>vero</span> <span class='ocrx_word' id='word_1_694' title='bbox 2261 3847 2583 3903; x_wconf 69' lang='lat' dir='ltr'>estanimaa</span> <span class='ocrx_word' id='word_1_695' title='bbox 2609 3846 2689 3903; x_wconf 91' lang='lat' dir='ltr'>ob</span> <span class='ocrx_word' id='word_1_696' title='bbox 2706 3861 2802 3902; x_wconf 90' lang='lat' dir='ltr'>res</span> <span class='ocrx_word' id='word_1_697' title='bbox 2827 3862 2897 3903; x_wconf 84' lang='lat' dir='ltr'>ex</span> <span class='ocrx_word' id='word_1_698' title='bbox 2929 3847 3558 3904; x_wconf 82' lang='lat' dir='ltr'>sententiasucceden-</span> 
     </span>
    </p>
   </div>
   <div class='ocr_carea' id='block_1_100' title="bbox 1900 3935 3561 4009">
    <p class='ocr_par' dir='ltr' id='par_1_100' title="bbox 1900 3935 3561 4009">
     <span class='ocr_line' id='line_1_100' title="bbox 1900 3935 3561 4009; baseline 0 -14"><span class='ocrx_word' id='word_1_699' title='bbox 1900 3942 1986 3995; x_wconf 90' lang='lat' dir='ltr'>tes</span> <span class='ocrx_word' id='word_1_700' title='bbox 2017 3936 2620 4009; x_wconf 82' lang='lat' dir='ltr'>gestientis,quidam</span> <span class='ocrx_word' id='word_1_701' title='bbox 2643 3935 2821 4008; x_wconf 89' lang='lat' dir='ltr'>quasi</span> <span class='ocrx_word' id='word_1_702' title='bbox 2854 3935 3066 3992; x_wconf 86' lang='lat' dir='ltr'>saltus.</span> <span class='ocrx_word' id='word_1_703' title='bbox 3097 3935 3241 3993; x_wconf 90' lang='lat' dir='ltr'>Hinc</span> <span class='ocrx_word' id='word_1_704' title='bbox 3273 3937 3561 3996; x_wconf 77' lang='lat' dir='ltr'>differunt</span> 
     </span>
    </p>
   </div>
   <div class='ocr_carea' id='block_1_101' title="bbox 1900 4025 3559 4101">
    <p class='ocr_par' dir='ltr' id='par_1_101' title="bbox 1900 4025 3559 4101">
     <span class='ocr_line' id='line_1_101' title="bbox 1900 4025 3559 4101; baseline 0.001 -17"><span class='ocrx_word' id='word_1_705' title='bbox 1900 4026 2168 4101; x_wconf 89' lang='lat' dir='ltr'>corporis</span> <span class='ocrx_word' id='word_1_706' title='bbox 2198 4030 2630 4099; x_wconf 84' lang='lat' dir='ltr'>symptomata.</span> <span class='ocrx_word' id='word_1_707' title='bbox 2654 4025 2870 4082; x_wconf 89' lang='lat' dir='ltr'>Tristes</span> <span class='ocrx_word' id='word_1_708' title='bbox 2881 4025 3129 4097; x_wconf 87' lang='lat' dir='ltr'>quidem</span> <span class='ocrx_word' id='word_1_709' title='bbox 3146 4026 3559 4099; x_wconf 89' lang='lat' dir='ltr'>subpallidam</span> 
     </span>
    </p>
   </div>
   <div class='ocr_carea' id='block_1_102' title="bbox 1900 4113 3558 4189">
    <p class='ocr_par' dir='ltr' id='par_1_102' title="bbox 1900 4113 3558 4189">
     <span class='ocr_line' id='line_1_102' title="bbox 1900 4113 3558 4189; baseline 0 -16"><span class='ocrx_word' id='word_1_710' title='bbox 1900 4117 2275 4189; x_wconf 88' lang='lat' dir='ltr'>lividamque</span> <span class='ocrx_word' id='word_1_711' title='bbox 2307 4132 2378 4171; x_wconf 90' lang='lat' dir='ltr'>ac</span> <span class='ocrx_word' id='word_1_712' title='bbox 2407 4115 2702 4185; x_wconf 86' lang='lat' dir='ltr'>rigentem</span> <span class='ocrx_word' id='word_1_713' title='bbox 2728 4113 2959 4171; x_wconf 88' lang='lat' dir='ltr'>habent</span> <span class='ocrx_word' id='word_1_714' title='bbox 2996 4115 3266 4188; x_wconf 90' lang='lat' dir='ltr'>corporis</span> <span class='ocrx_word' id='word_1_715' title='bbox 3290 4116 3517 4173; x_wconf 89' lang='lat' dir='ltr'>molem</span> <span class='ocrx_word' id='word_1_716' title='bbox 3543 4134 3558 4173; x_wconf 94' lang='lat'>:</span> 
     </span>
    </p>
   </div>
   <div class='ocr_carea' id='block_1_103' title="bbox 1900 4204 3562 4278">
    <p class='ocr_par' dir='ltr' id='par_1_103' title="bbox 1900 4204 3562 4278">
     <span class='ocr_line' id='line_1_103' title="bbox 1900 4204 3562 4278; baseline -0.001 -14"><span class='ocrx_word' id='word_1_717' title='bbox 1900 4209 2055 4265; x_wconf 89' lang='lat' dir='ltr'>inest</span> <span class='ocrx_word' id='word_1_718' title='bbox 2072 4222 2216 4263; x_wconf 91' lang='lat' dir='ltr'>vero</span> <span class='ocrx_word' id='word_1_719' title='bbox 2239 4204 2621 4263; x_wconf 83' lang='lat' dir='ltr'>eﬁlorescens</span> <span class='ocrx_word' id='word_1_720' title='bbox 2647 4204 2935 4278; x_wconf 70' lang='lat' dir='ltr'>quaedam</span> <span class='ocrx_word' id='word_1_721' title='bbox 2950 4208 3007 4261; x_wconf 93' lang='lat' dir='ltr'>et</span> <span class='ocrx_word' id='word_1_722' title='bbox 3028 4205 3334 4262; x_wconf 88' lang='lat' dir='ltr'>subrubra</span> <span class='ocrx_word' id='word_1_723' title='bbox 3352 4223 3562 4278; x_wconf 88' lang='lat' dir='ltr'>corpo-</span> 
     </span>
    </p>
   </div>
   <div class='ocr_carea' id='block_1_104' title="bbox 1900 4294 3559 4363">
    <p class='ocr_par' dir='ltr' id='par_1_104' title="bbox 1900 4294 3559 4363">
     <span class='ocr_line' id='line_1_104' title="bbox 1900 4294 3559 4363; baseline -0.001 -9"><span class='ocrx_word' id='word_1_724' title='bbox 1900 4298 1982 4355; x_wconf 88' lang='lat' dir='ltr'>ris</span> <span class='ocrx_word' id='word_1_725' title='bbox 2004 4295 2301 4354; x_wconf 89' lang='lat' dir='ltr'>habitudo</span> <span class='ocrx_word' id='word_1_726' title='bbox 2338 4294 2488 4352; x_wconf 76' lang='lat' dir='ltr'>laetis</span> <span class='ocrx_word' id='word_1_727' title='bbox 2513 4300 2570 4350; x_wconf 92' lang='lat' dir='ltr'>et</span> <span class='ocrx_word' id='word_1_728' title='bbox 2590 4294 2903 4363; x_wconf 88' lang='lat' dir='ltr'>hilaribus,</span> <span class='ocrx_word' id='word_1_729' title='bbox 2936 4295 3144 4351; x_wconf 88' lang='lat' dir='ltr'>anima</span> <span class='ocrx_word' id='word_1_730' title='bbox 3170 4298 3406 4351; x_wconf 89' lang='lat' dir='ltr'>tantum</span> <span class='ocrx_word' id='word_1_731' title='bbox 3434 4311 3559 4352; x_wconf 89' lang='lat' dir='ltr'>non</span> 
     </span>
    </p>
   </div>
   <div class='ocr_carea' id='block_1_105' title="bbox 1902 4383 3561 4463">
    <p class='ocr_par' dir='ltr' id='par_1_105' title="bbox 1902 4383 3561 4463">
     <span class='ocr_line' id='line_1_105' title="bbox 1902 4383 3561 4463; baseline -0.002 -20"><span class='ocrx_word' id='word_1_732' title='bbox 1902 4386 2244 4460; x_wconf 90' lang='lat' dir='ltr'>prosiliente</span> <span class='ocrx_word' id='word_1_733' title='bbox 2270 4389 2327 4441; x_wconf 91' lang='lat' dir='ltr'>et</span> <span class='ocrx_word' id='word_1_734' title='bbox 2346 4389 2778 4456; x_wconf 89' lang='lat' dir='ltr'>prorumpente</span> <span class='ocrx_word' id='word_1_735' title='bbox 2796 4383 2892 4455; x_wconf 66' lang='lat' dir='ltr'>:ad</span> <span class='ocrx_word' id='word_1_736' title='bbox 2929 4383 3226 4440; x_wconf 79' lang='lat' dir='ltr'>exteriora</span> <span class='ocrx_word' id='word_1_737' title='bbox 3247 4398 3371 4455; x_wconf 71' lang='lat' dir='ltr'>prae</span> <span class='ocrx_word' id='word_1_738' title='bbox 3398 4383 3561 4463; x_wconf 80' lang='lat' dir='ltr'>volu-</span> 
     </span>
    </p>
   </div>
   <div class='ocr_carea' id='block_1_106' title="bbox 1902 4472 3561 4548">
    <p class='ocr_par' dir='ltr' id='par_1_106' title="bbox 1902 4472 3561 4548">
     <span class='ocr_line' id='line_1_106' title="bbox 1902 4472 3561 4548; baseline -0.001 -17"><span class='ocrx_word' id='word_1_739' title='bbox 1902 4480 2084 4548; x_wconf 87' lang='lat' dir='ltr'>ptate.</span> <span class='ocrx_word' id='word_1_740' title='bbox 2118 4476 2198 4545; x_wconf 87' lang='lat'><strong>(9)</strong></span> <span class='ocrx_word' id='word_1_741' title='bbox 2228 4477 2310 4529; x_wconf 84' lang='lat' dir='ltr'>Ac</span> <span class='ocrx_word' id='word_1_742' title='bbox 2338 4472 2623 4529; x_wconf 88' lang='lat' dir='ltr'>novimus</span> <span class='ocrx_word' id='word_1_743' title='bbox 2649 4472 2944 4529; x_wconf 89' lang='lat' dir='ltr'>multosin</span> <span class='ocrx_word' id='word_1_744' title='bbox 2962 4472 3337 4543; x_wconf 85' lang='lat' dir='ltr'>gravissimis</span> <span class='ocrx_word' id='word_1_745' title='bbox 3349 4472 3561 4529; x_wconf 84' lang='lat' dir='ltr'>adver-</span> 
     </span>
    </p>
   </div>
   <div class='ocr_carea' id='block_1_107' title="bbox 1904 4561 3562 4635">
    <p class='ocr_par' dir='ltr' id='par_1_107' title="bbox 1904 4561 3562 4635">
     <span class='ocr_line' id='line_1_107' title="bbox 1904 4561 3562 4635; baseline -0.001 -15"><span class='ocrx_word' id='word_1_746' title='bbox 1904 4562 2182 4620; x_wconf 89' lang='lat' dir='ltr'>sitatibus</span> <span class='ocrx_word' id='word_1_747' title='bbox 2203 4561 2315 4618; x_wconf 90' lang='lat' dir='ltr'>sibi</span> <span class='ocrx_word' id='word_1_748' title='bbox 2330 4561 2569 4633; x_wconf 87' lang='lat' dir='ltr'>pervim</span> <span class='ocrx_word' id='word_1_749' title='bbox 2592 4561 2932 4634; x_wconf 84' lang='lat' dir='ltr'>alacrymis</span> <span class='ocrx_word' id='word_1_750' title='bbox 2977 4565 3369 4633; x_wconf 88' lang='lat' dir='ltr'>temperasse;</span> <span class='ocrx_word' id='word_1_751' title='bbox 3413 4577 3562 4635; x_wconf 88' lang='lat' dir='ltr'>quo-</span> 
     </span>
    </p>
   </div>
   <div class='ocr_carea' id='block_1_108' title="bbox 1903 4649 3561 4724">
    <p class='ocr_par' dir='ltr' id='par_1_108' title="bbox 1903 4649 3561 4724">
     <span class='ocr_line' id='line_1_108' title="bbox 1903 4649 3561 4724; baseline -0.001 -15"><span class='ocrx_word' id='word_1_752' title='bbox 1903 4670 2042 4709; x_wconf 88' lang='lat' dir='ltr'>rum</span> <span class='ocrx_word' id='word_1_753' title='bbox 2070 4651 2169 4709; x_wconf 90' lang='lat' dir='ltr'>alii</span> <span class='ocrx_word' id='word_1_754' title='bbox 2192 4651 2445 4724; x_wconf 89' lang='lat' dir='ltr'>posthac</span> <span class='ocrx_word' id='word_1_755' title='bbox 2474 4650 2537 4707; x_wconf 90' lang='lat' dir='ltr'>in</span> <span class='ocrx_word' id='word_1_756' title='bbox 2566 4649 3041 4707; x_wconf 87' lang='lat' dir='ltr'>immedicabiles</span> <span class='ocrx_word' id='word_1_757' title='bbox 3073 4649 3322 4707; x_wconf 88' lang='lat' dir='ltr'>morbos</span> <span class='ocrx_word' id='word_1_758' title='bbox 3340 4651 3561 4708; x_wconf 89' lang='lat' dir='ltr'>incide-</span> 
     </span>
    </p>
   </div>
   <div class='ocr_carea' id='block_1_109' title="bbox 1904 4738 3561 4813">
    <p class='ocr_par' dir='ltr' id='par_1_109' title="bbox 1904 4738 3561 4813">
     <span class='ocr_line' id='line_1_109' title="bbox 1904 4738 3561 4813; baseline 0 -15"><span class='ocrx_word' id='word_1_759' title='bbox 1904 4744 2065 4810; x_wconf 89' lang='lat' dir='ltr'>runt,</span> <span class='ocrx_word' id='word_1_760' title='bbox 2088 4741 2147 4797; x_wconf 89' lang='lat' dir='ltr'>in</span> <span class='ocrx_word' id='word_1_761' title='bbox 2180 4739 2591 4813; x_wconf 80' lang='lat' dir='ltr'>apoplexiam,</span> <span class='ocrx_word' id='word_1_762' title='bbox 2624 4738 3080 4812; x_wconf 86' lang='lat' dir='ltr'>paralysimque</span> <span class='ocrx_word' id='word_1_763' title='bbox 3104 4739 3235 4806; x_wconf 84' lang='lat' dir='ltr'>;alii</span> <span class='ocrx_word' id='word_1_764' title='bbox 3266 4756 3407 4797; x_wconf 87' lang='lat' dir='ltr'>vero</span> <span class='ocrx_word' id='word_1_765' title='bbox 3433 4756 3561 4798; x_wconf 90' lang='lat' dir='ltr'>om-</span> 
     </span>
    </p>
   </div>
   <div class='ocr_carea' id='block_1_110' title="bbox 1907 4827 3558 4902">
    <p class='ocr_par' dir='ltr' id='par_1_110' title="bbox 1907 4827 3558 4902">
     <span class='ocr_line' id='line_1_110' title="bbox 1907 4827 3558 4902; baseline 0.002 -17"><span class='ocrx_word' id='word_1_766' title='bbox 1907 4829 2051 4889; x_wconf 87' lang='lat' dir='ltr'>nino</span> <span class='ocrx_word' id='word_1_767' title='bbox 2076 4846 2433 4902; x_wconf 89' lang='lat' dir='ltr'>supremum</span> <span class='ocrx_word' id='word_1_768' title='bbox 2457 4829 2620 4887; x_wconf 87' lang='lat' dir='ltr'>diem</span> <span class='ocrx_word' id='word_1_769' title='bbox 2651 4828 2946 4901; x_wconf 86' lang='lat' dir='ltr'>obierunt,</span> <span class='ocrx_word' id='word_1_770' title='bbox 2971 4827 3138 4902; x_wconf 87' lang='lat' dir='ltr'>quod</span> <span class='ocrx_word' id='word_1_771' title='bbox 3157 4844 3367 4889; x_wconf 90' lang='lat' dir='ltr'>eorum</span> <span class='ocrx_word' id='word_1_772' title='bbox 3384 4830 3558 4902; x_wconf 86' lang='lat' dir='ltr'>vires,</span> 
     </span>
    </p>
   </div>
   <div class='ocr_carea' id='block_1_111' title="bbox 1903 5186 2725 5263">
    <p class='ocr_par' dir='ltr' id='par_1_111' title="bbox 1903 5186 2725 5263">
     <span class='ocr_line' id='line_1_111' title="bbox 1903 5186 2725 5263; baseline -0.004 -17"><span class='ocrx_word' id='word_1_773' title='bbox 1903 5205 2091 5263; x_wconf 88' lang='lat' dir='ltr'>quam</span> <span class='ocrx_word' id='word_1_774' title='bbox 2121 5186 2494 5263; x_wconf 80' lang='lat' dir='ltr'>editinostri,</span> <span class='ocrx_word' id='word_1_775' title='bbox 2526 5195 2725 5260; x_wconf 71' lang='grc' dir='ltr'>πηγῆς.</span> 
     </span>
    </p>
   </div>
   <div class='ocr_carea' id='block_1_112' title="bbox 1972 5261 2801 5334">
    <p class='ocr_par' dir='ltr' id='par_1_112' title="bbox 1972 5261 2801 5334">
     <span class='ocr_line' id='line_1_112' title="bbox 1972 5261 2801 5334; baseline -0.001 -17"><span class='ocrx_word' id='word_1_776' title='bbox 1972 5262 2052 5332; x_wconf 83' lang='lat'><strong>(5)</strong></span> <span class='ocrx_word' id='word_1_777' title='bbox 2086 5264 2165 5317; x_wconf 85' lang='lat' dir='ltr'><strong>Ex</strong></span> <span class='ocrx_word' id='word_1_778' title='bbox 2192 5261 2367 5334; x_wconf 83' lang='lat' dir='ltr'>epist.</span> <span class='ocrx_word' id='word_1_779' title='bbox 2398 5275 2635 5315; x_wconf 72' lang='lat' dir='ltr'>cxxxrx.</span> <span class='ocrx_word' id='word_1_780' title='bbox 2675 5262 2801 5316; x_wconf 81' lang='lat'>231.</span> 
     </span>
    </p>
   </div>
   <div class='ocr_carea' id='block_1_113' title="bbox 1974 5332 2712 5405">
    <p class='ocr_par' dir='ltr' id='par_1_113' title="bbox 1974 5332 2712 5405">
     <span class='ocr_line' id='line_1_113' title="bbox 1974 5332 2712 5405; baseline 0 -16"><span class='ocrx_word' id='word_1_781' title='bbox 1974 5333 2048 5403; x_wconf 90' lang='lat'>(6)</span> <span class='ocrx_word' id='word_1_782' title='bbox 2079 5335 2161 5388; x_wconf 84' lang='lat' dir='ltr'><strong>Ex</strong></span> <span class='ocrx_word' id='word_1_783' title='bbox 2184 5332 2356 5405; x_wconf 83' lang='lat' dir='ltr'>epist.</span> <span class='ocrx_word' id='word_1_784' title='bbox 2389 5347 2548 5405; x_wconf 66' lang='lat' dir='ltr'>pecu,</span> <span class='ocrx_word' id='word_1_785' title='bbox 2580 5334 2712 5405; x_wconf 10' lang='lat'>43,9.</span> 
     </span>
    </p>
   </div>
   <div class='ocr_carea' id='block_1_114' title="bbox 1972 5403 3222 5485">
    <p class='ocr_par' dir='ltr' id='par_1_114' title="bbox 1972 5403 3222 5485">
     <span class='ocr_line' id='line_1_114' title="bbox 1972 5403 3222 5485; baseline 0 -26"><span class='ocrx_word' id='word_1_786' title='bbox 1972 5406 2051 5485; x_wconf 62' lang='grc' dir='ltr'>(ἶ)</span> <span class='ocrx_word' id='word_1_787' title='bbox 2074 5406 2172 5485; x_wconf 39' lang='lat'>113;:-</span> <span class='ocrx_word' id='word_1_788' title='bbox 2185 5403 2356 5485; x_wconf 64' lang='lat' dir='ltr'>time</span> <span class='ocrx_word' id='word_1_789' title='bbox 2380 5403 2467 5460; x_wconf 89' lang='lat' dir='ltr'>De</span> <span class='ocrx_word' id='word_1_790' title='bbox 2484 5403 2828 5474; x_wconf 82' lang='lat' dir='ltr'>gratiarum</span> <span class='ocrx_word' id='word_1_791' title='bbox 2854 5403 3110 5469; x_wconf 80' lang='lat' dir='ltr'>actione,</span> <span class='ocrx_word' id='word_1_792' title='bbox 3133 5405 3222 5459; x_wconf 89' lang='lat'>30.</span> 
     </span>
    </p>
   </div>
   <div class='ocr_carea' id='block_1_115' title="bbox 1972 5474 2380 5619">
    <p class='ocr_par' dir='ltr' id='par_1_115' title="bbox 1972 5474 2380 5619">
     <span class='ocr_line' id='line_1_115' title="bbox 1976 5474 2380 5546; baseline -0.005 -15"><span class='ocrx_word' id='word_1_793' title='bbox 1976 5474 2050 5546; x_wconf 91' lang='lat'><strong>(8)</strong></span> <span class='ocrx_word' id='word_1_794' title='bbox 2091 5474 2264 5544; x_wconf 91' lang='lat' dir='ltr'>lbid.,</span> <span class='ocrx_word' id='word_1_795' title='bbox 2290 5478 2380 5530; x_wconf 78' lang='lat'>28.</span> 
     </span>
     <span class='ocr_line' id='line_1_116' title="bbox 1972 5545 2371 5619; baseline 0.003 -16"><span class='ocrx_word' id='word_1_796' title='bbox 1972 5545 2247 5619; x_wconf 90' lang='lat' dir='ltr'>(9)1bid.,</span> <span class='ocrx_word' id='word_1_797' title='bbox 2279 5549 2371 5604; x_wconf 84' lang='lat'>29.</span> 
     </span>
    </p>
   </div>
  </div>
