4084 6374
563 318 696 376 1283

549 443 724 517 quasi
755 441 951 498 debile
977 439 1292 514 quoddam
1333 439 1613 506 fulcrum,
1658 437 1924 510 pondere
1957 433 2202 491 tristitiae

2318 433 2518 503 ξαντας,
2599 434 2772 509 ὥσπερ

548 533 1135 602 frangerentur.Nam
1149 529 1310 603 quod
1325 529 1421 584 vid
1431 544 1524 584 ere
1536 527 1596 583 in
1608 527 1749 583 ﬂam
1760 525 2206 594 malicet,quam

551 622 754 678 fumus
772 621 1078 693 proprius,
1105 621 1155 674 si
1183 634 1304 674 non
1324 623 1517 686 exeat,
1551 617 1656 672 sed
1681 613 2201 680 circumvolvatur,

552 712 838 778 suffocat;
862 710 923 765 id
955 709 1209 765 etiamin
1230 708 1697 779 facultate,‘qua
1722 703 1949 761 animal
1987 701 2208 758 consti-

553 801 755 870 tuitur,
786 800 913 855 ﬁeri
951 799 1180 865 dicunt,
1210 798 1494 853 nimirum
1535 795 1917 852 extabescere
1959 792 2124 848 illam
2151 795 2207 846 et

552 889 847 960 exstingui
881 905 1004 960 prae
1041 887 1376 953 doloribus,
1437 886 1485 941 si
1529 885 1731 941 nullus
1781 883 1860 940 ad
1911 881 2206 938 exteriora

553 979 854 1052 aperiatur
884 979 1097 1034 exitus.
1134 978 1207 1050 (1)
1239 979 1356 1033 Cur
1392 975 1554 1032 enim
1583 973 1780 1030 Lazari
1809 987 1992 1030 causa
2037 970 2204 1026 Chri-

553 1074 678 1125 stus
707 1067 916 1124 ﬂevit?
937 1071 1093 1122 certe
1127 1071 1189 1123 ut
1221 1065 1616 1138 querulorum
1660 1079 1730 1119 ac
1778 1063 1971 1118 luctus
1998 1075 2205 1116 aman-

555 1162 700 1214 tium
727 1159 805 1214 ad
838 1158 1107 1213 ﬂendum
1139 1158 1630 1230 propensionem,
1661 1154 1967 1226 animique
1995 1165 2203 1208 eorum

551 1247 980 1303 demissionem
1056 1251 1315 1302 sanaret.
1376 1246 1548 1311 Quod
1605 1245 1764 1300 enim
1812 1244 1960 1298 citra
2018 1241 2204 1296 ullam

551 1337 735 1392 animi
781 1337 1274 1404 commotionem,
1327 1334 1431 1389 sed
1463 1335 1541 1390 ad
1569 1333 1930 1389 erudiendos
1959 1346 2070 1386 nos
2123 1329 2206 1384 la-

551 1431 862 1498 crymatus
898 1430 988 1480 est
1013 1425 1323 1491 Dominus,
1351 1428 1736 1496 perspectum
1779 1428 1869 1478 est
1895 1437 1963 1477 ac
2023 1421 2205 1476 mani-

553 1515 773 1570 festum
814 1531 888 1569 ex
941 1514 1074 1569 illo:
1123 1516 1394 1570 Lazarus
1452 1517 1679 1569 amicus
1723 1518 1924 1568 noster
1964 1511 2205 1577 dormit,

1515 309 1886 370 APPENDIX.
1928 339 1996 352 —-
2036 305 2377 366 SYMEONIS
2416 303 2960 366 METAPHRASTIE

3789 307 3947 363 1284

2864 433 3163 508 ἐρείσματος
3246 429 3492 493 ἀσθενοῦς
3582 441 3686 496 τῆς
3775 428 3947 485 δυνά-

2316 543 2448 596 μεως
2515 524 2680 576 αὐτῶν
2746 531 2819 594 τῷ
2887 521 3041 599 βάρει
3104 531 3200 584 τῆς
3246 522 3413 585 λύπης
3472 521 3943 585 ἀποκλασθείσης.

2313 612 2378 666 Ὃ
2407 616 2508 689 γὰρ
2577 613 2660 666 ἐπὶ
2720 612 3068 686 τῆς-φλογός
3137 614 3261 687 ὁρᾴν
3328 614 3584 687 ὑπάρχει,
3664 616 3775 667 ὑπὸ
3848 622 3944 666 τοῦ

2314 704 2506 757 οἰκείου
2580 704 2742 762 αὐτὴν
2827 711 3028 756 καπνοῦ
3103 706 3540 775 καταπνίγεσθαι,
3640 709 3718 778 μὴ
3834 706 3941 756 ὑπ-

2315 794 2535 857 εξιόντος
2563 837 2576 863 ,
2638 793 2765 846 ἀλλὰ
2819 798 2938 867 περὶ
3005 793 3162 852 αὐτὴν
3220 792 3532 865 εἰλουμένου·
3596 799 3759 846 τοῦτό
3812 814 3944 867 φασι

2312 888 2402 936 καὶ
2454 883 2537 937 ἰπὶ
2575 892 2669 944 τῆς
2715 883 3088 955 οἰκονομοῦσης
3149 885 3209 934 τὸ
3269 883 3401 944 ζῶον
3460 880 3743 956 δυνάμεως
3804 890 3942 956 γίνε-

2315 974 2460 1026 σθαι·
2515 972 2968 1047 ἀπομαραίνεσθαι
3015 975 3116 1047 γὰρ
3175 974 3278 1024 ύπό
3343 981 3443 1026 τῶν
3503 969 3791 1046 ὀδυνηρῶν
3852 980 3937 1027 καὶ

2313 1062 2804 1128 κατασϐέννυσθαι,
2868 1059 3132 1136 μηδεμιᾶς
3194 1067 3470 1136 γενομένης
3539 1062 3624 1115 ἐπὶ
3698 1066 3763 1114 1'6
3843 1064 3931 1125 ἔξω

2315 1151 2584 1214 διαπνοῆς.
2639 1158 2788 1214 Τίνος
2843 1155 2944 1225 γὰρ
3003 1154 3163 1205 ἕνεκεν
3208 1154 3293 1205 ἐπὶ
3335 1159 3408 1222 τῷ
3466 1155 3710 1226 Λαζάρῳ
3753 1155 3780 1204 ὁ
3813 1161 3932 1224 Χρι-

2316 1246 2435 1303 στὸς
2466 1239 2724 1316 ἐδάκρυες
2786 1251 2884 1294 τῶν
2936 1239 3228 1318 ὀδυρτικῶν
3280 1245 3482 1302 πάντως
3532 1247 3624 1293 καὶ
3687 1243 3942 1316 φιλορρη-

2312 1353 2408 1384 νων
2472 1336 2532 1385 τὸ
2588 1333 2719 1404 ἀῖγαν
2770 1335 3047 1406 περιπαθὲς
3103 1337 3192 1384 καὶ
3236 1335 3473 1384 ταπεινὸν
3542 1331 3943 1404 ἐπανορθούμε-

2313 1440 2416 1482 νος.
2459 1420 2580 1474 ”Οτι
2636 1425 2736 1497 γὰρ
2787 1422 2882 1474 οὐκ
2933 1422 3156 1494 ἐμπαθὲς
3206 1417 3264 1479 ἧν
3314 1425 3372 1473 1'6
3414 1418 3649 1496 δάκρυον
3696 1430 3798 1473 τοῦ
3845 1428 3944 1475 Κυ-

2314 1516 2449 1584 ρίου,
2479 1510 2606 1563 ἀλλὰ
2633 1517 2721 1564 καὶ
2759 1507 3169 1580 διδασκαλικόν,
3225 1511 3410 1563 ἐκεῖθεν
3455 1507 3640 1569 δῆλον·
3686 1513 3945 1584 Λάζαρος

2313 1602 2338 1652 ὁ
2400 1601 2542 1673 φίλος
2607 1603 2753 1674 ἡμῶν
2843 1604 3171 1672 κεκοίμηται,
3268 1598 3396 1652 ἀλλὰ
3477 1603 3787 1673 πορεύομαι
3868 1605 3951 1654 ἱνα

2317 1690 2572 1752 ἐξυπνίσω
2631 1690 2806 1745 αὐτόν.
2836 1696 2928 1751 Τίς
2977 1686 3036 1742 δὲ
3088 1691 3234 1762 ἡμῶν
3293 1695 3613 1763 κοιμὼμιῃοον
3685 1688 3952 1765 ὀδύρπαι

554 1605 656 1659 sed
680 1605 829 1660 vado
860 1611 924 1658 ut
951 1619 986 1658 a
1017 1618 1219 1658 somno
1245 1603 1489 1659 excitem
1515 1617 1643 1658 eum
1669 1604 1737 1655 θ’.
1768 1601 1908 1666 Quis
1930 1603 2205 1655 nostrum

555 1693 736 1748 deﬂet
763 1693 1030 1748 amicum
1051 1693 1472 1762 dormientem,
1507 1707 1692 1763 quem
1741 1689 2051 1762 aliquanto
2072 1691 2210 1759 post

557 1787 758 1854 sperat
813 1782 1302 1853 expergefactum
1349 1781 1464 1836 iri?
1506 1783 1752 1841 Lazare,
1786 1781 1920 1835 veni
1942 1778 2202 1849 foras)”.

2319 1778 2478 1852 φίλον,
2532 1779 2584 1832 ὃν
2625 1785 2811 1855 μικρὸν
2851 1781 3070 1853 ὕστερον
3100 1775 3380 1852 προσδοκᾷ
3421 1776 3774 1848 διυπνίζειν;
3849 1784 3953 1835 Ad-

558 1875 821 1927 Mortuus
861 1871 1259 1926 revocabatur
1288 1870 1368 1926 ad
1407 1871 1589 1925 vitam
1618 1886 1632 1936 ;
1667 1869 1948 1939 alligatus
1997 1867 2202 1923 ambu-

2319 1870 2466 1943 ζαρε,
2535 1865 2690 1945 δεῦρο
2752 1870 2866 1932 ἔξω·
2935 1874 3024 1922 καὶ
3101 1871 3126 1920 ό
3193 1872 3370 1943 νεκρὸς
3423 1869 3952 1938 ἑζωποιεῖτο,καὶό

554 1960 739 2016 labat.
775 1963 929 2015 inest
959 1960 1318 2015 miraculum
1350 1961 1410 2014 in
1460 1958 1772 2014 miraculo.
1832 1957 2022 2012 Pedes
2068 1956 2210 2025 liga-

554 2050 777 2106 bantur
798 2049 1040 2117 institis,
1071 2064 1179 2104 nec
1205 2053 1408 2104 tamen
1457 2065 1493 2104 a
1543 2053 1706 2103 motu
1740 2045 2198 2120 prohibebatur.

556 2138 781 2193 Etenim
808 2139 1013 2194 aderat
1035 2139 1124 2192 vis
1140 2139 1427 2210 quaedam
1454 2137 1624 2193 obice
1650 2137 1865 2208 major.
1888 2133 2208 2201 Quomodo

554 2227 734 2297 igitur
757 2228 1072 2295 Dominus,
1115 2229 1217 2300 qui
1245 2232 1372 2284 erat
1409 2227 1550 2284 talia
1571 2227 1856 2296 facturus,
1888 2240 2098 2280 casum
2145 2223 2208 2279 il-

554 2318 679 2372 lum
719 2317 1004 2390 lacrymis
1055 2317 1706 2388 dignumjudicasset?
1736 2324 1952 2371 Annon
2004 2313 2206 2385 palam

557 2410 663 2472 est,
694 2406 897 2477 ipsum
938 2406 1345 2462 infirmitatem
1373 2412 1642 2460 nostram
1687 2405 1955 2476 undique
2006 2401 2209 2457 sufful-

557 2494 833 2556 cientem.
867 2510 969 2550 eas
1010 2495 1356 2550 affectiones
1385 2511 1519 2568 qure-
1551 2493 1924 2550 inevitabiles
1975 2496 2115 2547 sunt
2153 2495 2210 2546 et

555 2584 932 2652 necessariae,
987 2584 1145 2638 intra
1179 2584 1395 2638 modos
1447 2583 1751 2655 quosdam
1801 2598 1870 2637 ac
1920 2581 2206 2638 terminos

557 2673 963 2730 continuisse?
1017 2673 1330 2746 Apathiam
1379 2673 1628 2746 quidem
1669 2673 1875 2728 vitavit
1912 2677 2206 2744 tanquam

554 2761 850 2834 quiddam
873 2762 1170 2818 ferinum:
1220 2763 1409 2818 noluit
1457 2767 1660 2818 tamen
1699 2763 1940 2818 maerori
1995 2777 2064 2816 ac
2114 2761 2210 2816 tri-

556 2852 728 2908 stitiae
761 2851 1000 2908 deditus
1041 2867 1196 2920 esse,
1238 2867 1309 2908 ac
1352 2851 1610 2908 multum
1653 2851 1998 2923 lacrymari,
2039 2849 2208 2922 quod

555 2941 670 2996 hoc
696 2940 982 2997 illiberale
1013 2945 1168 2997 esset
1207 2946 1264 2996 et
1303 2942 1612 3012 ignavum.
1662 2942 1734 3011 (2)
1788 2946 1854 2996 At
1881 2956 2026 2995 vero
2072 2938 2202 3004 Job,

2317 2942 2364 2994 ἐν
2419 2942 2654 3017 βραχείᾳ
2691 2949 2878 3016 καιροῦ
2934 2943 3092 3017 ῥοπῇ,
3160 2949 3257 3014 μιᾷ
3313 2942 3489 3017 πληγῇ
3553 2945 3927 3020 συντριϐέντες,

553 3027 744 3102 quid?
774 3045 921 3085 num
948 3030 1030 3085 illi
1056 3031 1521 3086 adamantinum
1553 3035 1682 3086 erat
1710 3030 1849 3086 cor?
1875 3044 2024 3084 num
2047 3043 2202 3084 com-

2315 3036 2404 3084 καὶ
2448 3032 2496 3084 ἐν
2545 3041 2616 3103 τῷ
2644 3035 2768 3103 οἴκῳ
2811 3040 2908 3094 τῆς
2947 3028 3232 3104 θυμηδίας,
3286 3032 3335 3084 ἐν
3370 3040 3445 3104 τῷ
3477 3042 3646 3109 καιρῷ
3677 3043 3775 3098 τῆς
3809 3035 3932 3088 ἀπο-

553 3123 731 3191 pacta
780 3119 832 3174 ei
895 3123 1067 3175 erant
1109 3134 1182 3175 ex
1240 3135 1387 3175 saxo
1434 3119 1706 3176 viscera?
1761 3119 2110 3174 Ceciderunt
2151 3118 2202 3173 ei

2314 3119 2576 3186 λαύσεως,
2626 3121 3122 3183 ἐπικατασείσαντος
3181 3120 3360 3183 αύτοίς
3411 3128 3506 3174 τοῦ
3559 3120 3810 3175 διαϐόλου
3873 3128 3930 3176 τό

2315 3213 2530 3282 οἴκημα,
2590 3207 2714 3263 Εἷδε
2784 3212 3048 3284 τράπεζαν
3123 3212 3309 3284 αἵματι
3383 3217 3719 3286 μεμιγμένην·
3805 3211 3926 3265 εἶδε

2313 3296 2513 3361 παῖδας
2544 3296 2804 3374 διαφόρως
2847 3303 2937 3372 μὲν
2966 3303 3102 3353 κατὰ
3131 3303 3219 3352 τὸν
3269 3305 3462 3374 χρόνον
3511 3301 3920 3372 ἀποτεχθέντας,

2312 3397 2456 3461 κοινῇ
2520 3385 2578 3442 δε
2626 3389 2998 3452 ὑπεξελθόντας
3046 3397 3139 3442 τοῦ
3194 3388 3317 3462 βίον
3348 3391 3424 3463 (9)
3484 3395 3542 3443 τὸ
3606 3391 3762 3452 τῦος.
3817 3397 3930 3445 Καὶ

2311 3478 2406 3530 ούκ
2454 3479 2682 3552 ᾤμωξεν,
2738 3479 2795 3530 ού
2850 3479 3151 3532 κατετίλατο
3200 3484 3390 3552 κόμην,
3448 3482 3545 3533 ούκ
3603 3480 3770 3554 ἀφῆκέ
3811 3503 3931 3536 τινα

2320 1956 2594 2031 δεδεμένος
2632 1961 2954 2034 περιεπάτει.
3012 1967 3207 2031 Θαῡμα
3283 1959 3332 2010 ἐν
3394 1961 3649 2031 θαύματι·
3719 1967 3954 2036 κειρίαις

2321 2044 2573 2102 δεδέσθαι
2629 2053 2749 2109 τοὺς
2791 2045 2984 2114 πόδας,
3037 2052 3127 2100 καὶ
3180 2052 3251 2120 μὴ
3311 2047 3607 2100 κωλύεσθαι
3663 2053 3810 2122 πρὸς
3860 2055 3952 2108 τὶν

2319 2143 2546 2195 κίνησιν·
2587 2139 2764 2210 μεῖζον
2793 2141 2895 2211 γάρ
2926 2139 2988 2196 ἦν
3013 2142 3072 2190 1'6
3114 2137 3358 2210 ἐνισχύον
3388 2146 3479 2190 τοῦ
3530 2135 3945 2210 ἐμποδίζοντος.

2323 2235 2439 2289 Πῶς
2489 2225 2576 2279 οὖν
2629 2229 2655 2279 ὁ
2721 2230 2788 2280 τὰ
2852 2235 3074 2280 τοιαῦτα
3124 2225 3342 2300 ἐνεργεῖν
3403 2227 3622 2300 μέλλων,
3694 2225 3950 2305 δακρύων

2319 2317 2461 2379 ἄξιον
2491 2320 2549 2368 1'6
2592 2315 2795 2390 συμϐὰν
2840 2319 3071 2390 ἔκρινεν;
3121 2315 3190 2369 ’Ἡ
3238 2313 3416 2382 δῆλον,
3463 2319 3546 2369 ὅτι
3593 2323 3948 2392 πανταχόθεν

2318 2409 2462 2479 ημῶν
2509 2409 2568 2459 τὸ
2626 2405 2836 2468 ἀσθενὲς
2891 2404 3197 2479 ὑπερείδων,
3253 2411 3456 2479 μέτροις
3513 2412 3627 2459 τισὶ
3663 2411 3769 2479 καὶ,
3809 2413 3947 2483 ὅροις

2315 2498 2382 2548 τὰ
2425 2494 2682 2567 ἀναγκαῖα
2725 2494 2992 2570 περιελαϐε
3042 2498 3206 2554 πάθη·
3263 2499 3321 2548 τό
3379 2499 3468 2568 μὲν
3519 2494 3853 2569 ἀσυμπαθὲς
3880 2504 3944 2562 ὡς

2317 2582 2576 2660 θηριῶδες
2613 2583 2872 2652 ἐκκλίνων,
2918 2589 2976 2637 1'6
3019 2581 3078 2638 δὲ
3136 2585 3413 2657 φιλόλυπον
3465 2591 3558 2637 καὶ
3602 2586 3944 2661 πολύθρηνον

2315 2677 2380 2736 ὡς
2411 2674 2606 2746 ἀγεννὲς
2654 2678 3079 2748 παραιτούμενος.
3128 2673 3188 2726 Ὀ
3233 2671 3292 2727 δὲ
3345 2674 3481 2741 Ἰὼϐ,
3524 2680 3616 2744 τί;
3677 2681 3751 2748 μὴ
3809 2676 3943 2730 ἁδα·

2315 2767 2557 2838 μάντινος
2608 2761 2668 2822 ἧν
2719 2769 2814 2822 τὴν
2861 2760 3126 2839 καρδίαν;
3186 2769 3256 2836 μὴ
3311 2764 3364 2815 ἐκ
3398 2763 3548 2817 λίθου
3580 2763 3644 2823 ἦν
3681 2769 3828 2838 αύτῷ
3858 2788 3940 2820 πε-

2315 2857 2573 2926 ποιημένα
2617 2856 2683 2904 τὰ
2731 2852 3049 2924 σπλάγχνα;
3099 2851 3318 2906 Ἐπεσον
3368 2854 3514 2925 αύτῷ
3567 2851 3703 2907 δέκα
3741 2854 3936 2918 παῖδες

553 3206 764 3265 decem
787 3209 959 3264 liberi
971 3209 1032 3263 in
1056 3209 1221 3265 brevi
1237 3209 1520 3282 temporis
1533 3214 1863 3277 momento,
1883 3223 2003 3264 una
2022 3208 2206 3280 plaga

552 3297 771 3364 obtriti,
821 3297 884 3354 in
935 3296 1118 3353 domo
1161 3297 1576 3368 jucunditatis,
1625 3297 1686 3352 in
1742 3303 2011 3370 tempore
2057 3298 2202 3354 deli-

553 3386 803 3451 ciarum,
855 3387 1192 3442 decutiente
1221 3387 1282 3441 in
1325 3402 1428 3441 eos
1459 3386 1713 3443 domum
1744 3387 2008 3443 diabolo.
2051 3387 2205 3442 Vidit

552 3491 833 3530 mensam
870 3475 1529 3545 sanguineimmistam,
1558 3476 1702 3532 vidit
1719 3475 1939 3532 liberos
1960 3477 2201 3532 diverso

551 3563 795 3636 quidem
826 3568 1094 3637 tempore
1124 3568 1317 3631 natos,
1349 3565 1452 3620 sed
1481 3581 1669 3620 unum
1693 3581 2202 3639 communemque

551 3654 788 3709 sortitos
818 3655 951 3710 vitae
983 3653 1228 3710 exitum.
1269 3657 1396 3709 Non
1429 3655 1692 3726 ejulavit,
1725 3655 1901 3728 544
1946 3671 2069 3712 non
2100 3672 2200 3711 co-

549 3759 715 3800 mam
756 3743 971 3813 evellit,
1024 3759 1148 3800 non
1198 3745 1395 3800 emisit
1440 3760 1652 3801 vocem
1705 3745 1891 3802 ullam
1945 3746 2200 3815 degene-

548 3849 702 3897 rem,
736 3833 844 3889 sed
871 3833 1168 3888 celebrem
1192 3833 1354 3888 illam
1394 3838 1451 3889 et
1479 3834 1556 3889 ab
1584 3835 1869 3891 omnibus
1917 3836 2198 3892 decanta-

552 3929 675 3978 tam
733 3922 1062 3992 gratiarum
1103 3923 1401 3979 actionem
1449 3923 1727 3995 protulit:
1788 3927 2073 3981 Dominus
2102 3926 2198 3980 de-

549 4011 660 4079 dit,
689 4012 976 4066 Dominus
1023 4011 1272 4068 abtutit:
1303 4013 1460 4068 sicut
1506 4014 1759 4069 Domino
1815 4017 2064 4083 placuit,
2111 4016 2198 4070 ita

549 4102 860 4171 etfaciam
907 4107 1022 4170 est;
1072 4106 1141 4158 sit
1187 4118 1400 4160 nomen
1454 4105 1698 4159 Domini
1725 4105 2093 4161 benedicta»:
2124 4107 2194 4159 ³⁸.

548 4193 701 4246 Num
731 4191 916 4247 homo
947 4191 1042 4247 ille
1071 4197 1197 4248 erat
1221 4208 1433 4264 expers
1459 4192 1844 4248 aﬂ‘ectionum
1873 4195 1900 4248 ?
1941 4196 2015 4249 At
2051 4209 2198 4266 quo-

546 4281 934 4336 modo‘2cum
959 4283 1089 4353 ipse
1121 4283 1195 4337 de
1231 4297 1294 4336 se
1309 4282 1507 4337 dicat:
1540 4283 1670 4353 Ego
1685 4283 2201 4353 ﬂevisuperomni

2314 4283 2512 4345 λοιπαῖς
2565 4282 2774 4357 ἀρεταῖς
2829 4289 2919 4335 καὶ
2987 4283 3230 4347 ἀληθινὸς
3279 4281 3361 4343 ἦν.
3423 4285 3738 4361 ’Ἄνθρωπος
3808 4295 3928 4365 γὰρ,

547 4370 780 4439 afﬂicto
811 4372 880 4425 95.
935 4373 1108 4426 Estne
1140 4371 1233 4426 his
1258 4371 1527 4426 dicendis
1549 4372 1874 4427 mentitus?
1902 4377 2025 4429 lmo
2060 4389 2196 4429 vero

2314 4377 2465 4441 φησὶν
2495 4415 2509 4438 ,
2567 4374 2880 4441 ἄμεμπτος,
2949 4370 3152 4434 δὶκαιος
3189 4416 3202 4441 ,
3280 4374 3521 4437 θεοσεϐὴς
3555 4418 3568 4441 ,
3647 4375 3926 4440 ἀληθινός.

544 4465 760 4530 printer
789 4464 1035 4515 caeteras
1065 4459 1310 4515 virtutes
1341 4460 1561 4516 veritas
1595 4475 1873 4516 veracem
1894 4477 2030 4518 eum
2050 4479 2197 4535 quo-

2314 4461 2446 4514 Ἀλλ’
2500 4464 2550 4514 οἱ
2593 4460 2769 4514 πολλοὶ
2817 4470 2916 4514 τῶν
2957 4461 3236 4536 ἀνθρώπων
3286 4460 3454 4534 ᾠδαῖς
3509 4483 3622 4516 τισι
3680 4472 3829 4540 πρὸς

544 4564 661 4619 que
695 4547 873 4604 fuisse
903 4548 1192 4616 declarat,
1222 4549 1316 4604 his
1350 4549 1580 4604 verbis:
1615 4551 1805 4606 Homo
1826 4553 2192 4622 inculpatus,

2314 4553 2531 4623 κατηφὲς
2591 4556 2966 4624 πεποιημέναις
3031 4555 3425 4627 καταθρηνούσι
3459 4597 3474 4622 ,
3558 4559 3650 4606 καὶ

534 4637 731 4705 jutus,
771 4638 927 4705 pius,
973 4651 1162 4692 verax
1195 4638 1263 4692 ³⁸.
1307 4639 1521 4692 Verum
1561 4637 1879 4694 hominum
1926 4639 2196 4712 plerique

2314 3571 2482 3638 φωνὴν
2522 3567 2724 3638 ἀγεννῆ,
2775 3566 2904 3619 ἀλλὰ
2951 3572 3044 3625 τὴν
3099 3565 3343 3640 ἀοίδιμον
3392 3567 3590 3626 ἐκείνην
3642 3575 3736 3622 καὶ
3781 3575 3932 3645 παρὰ

2310 3662 2472 3708 πᾶσιν
2535 3655 2918 3729 ἁνυμνουμένην
2990 3657 3332 3730 εὐχαριστίαν
3398 3656 3808 3732 ἀπεφθέγξατο·
3871 3663 3929 3714 Ὀ

2312 3751 2500 3822 Κύριος
2573 3745 2782 3814 ἔδωκεν,
2839 3749 2863 3799 ὁ
2915 3751 3107 3823 Κύριος
3160 3747 3411 3821 ἀφείλετοο
3473 3753 3539 3810 ὡς
3615 3761 3690 3822 τῷ
3747 3758 3929 3828 Κυρίῳ

2310 3833 2520 3905 ἔδοξεν,
2577 3838 2736 3898 οὕτως
2793 3843 2882 3890 καὶ
2939 3837 3160 3909 ἐγένετο·
3229 3841 3304 3897 εἴη
3365 3843 3423 3891 1'6
3496 3843 3662 3912 ὄνομα
3728 3847 3930 3916 Κυρίου

2309 3924 2666 4000 εύλογημένον.
2699 3931 2783 3985 Μὴ
2818 3925 3136 3998 ἀσυμπαθὴς
3192 3929 3217 3979 ὁ
3261 3929 3567 4002 άνθρωποςς
3625 3936 3734 3983 Καὶ
3773 3941 3926 3994 πῶς;

2308 4017 2362 4077 ὃς
2413 4035 2474 4087 γε
2523 4021 2641 4091 περὶ
2697 4016 2880 4068 ἑαυτοῦ
2936 4015 3089 4088 λέγει’
3147 4017 3283 4088 Ἐγὼ
3340 4018 3571 4071 ἔκλαυσα
3625 4019 3715 4072 ἐπὶ
3768 4027 3930 4074 παντὶ

2311 4103 2611 4177 θλιϐομένῳ.
2671 4105 2828 4158 Ἀλλὰ
2887 4101 2988 4178 ἆρα
3043 4111 3114 4179 μὴ
3173 4104 3420 4178 ἐψεύδετο
3481 4116 3652 4161 ταῦτα
3719 4109 3927 4183 λέγων;

2309 4200 2411 4248 Καὶ
2466 4200 2568 4267 μὴν
2627 4201 2882 4270 μαρτυρεῖ
2926 4195 3067 4266 αύτῷ
3119 4198 3150 4254 ἡ
3223 4195 3458 4263 ἀληθεία,
3514 4199 3596 4250 ὅτι
3640 4203 3783 4275 πρὸς
3817 4211 3932 4264 ταῖς

2309 4377 2465 4444 φησὶν
2495 4415 2509 4438 ,
2567 4374 2838 4444 ἄμεμπτος
2864 4414 2880 4442 ,
2949 4369 3152 4434 δὶκαιος
3189 4416 3202 4442 ,

3747 4561 3928 4630 μέλεσι

2305 4649 2502 4716 γοεροῐς
2533 4641 2759 4698 ἐκτήκειν
2792 4641 2984 4693 ἑαυτῶν
3025 4644 3114 4702 τὰς
3159 4641 3347 4714 ψυχὰς
3383 4640 3796 4701 ἐπιτηδεύουσι·
3844 4656 3930 4701 καὶ

546 4725 854 4779 cantilenis
878 4725 1246 4796 quibusdam
1269 4726 1348 4781 ad
1380 4728 1728 4783 maestitiam
1746 4730 2092 4801 compositis
2118 4730 2196 4786 ad

545 4809 813 4864 ﬂendum
836 4811 1190 4880 abutuntur,
1206 4812 1568 4884 studentque
1585 4813 1861 4870 animum
1875 4831 2052 4870 suum
2068 4831 2196 4872 mo-

543 4895 1068 4968 dulislugubribus
1095 4899 1447 4968 absumere;
1471 4907 1527 4956 et
1546 4903 2068 4973 quemadmodum
2094 4921 2197 4976 pe-

545 4986 790 5042 culiaria
820 4993 959 5042 sunt
988 4989 1276 5058 tragoedis
1291 4990 1449 5046 ﬁctio
1475 4995 1531 5047 et
1550 4997 1905 5063 apparatus,
1929 5009 2196 5066 quocum

542 5075 777 5131 theatra
811 5079 1223 5134 conscendunt
1255 5097 1267 5134 :
1303 5079 1386 5137 ita
1415 5085 1474 5136 et
1501 5081 1726 5152 lugenti
1783 5083 1942 5140 hanc
1999 5086 2197 5142 existi-

543 5171 714 5221 mant
772 5167 1034 5238 speciem
1083 5169 1403 5226 convenire
1430 5175 1657 5228 vestem
1704 5176 1920 5241 atram,
1953 5190 2194 5232 comam

2307 4732 2479 4802 ὥσπερ
2508 4738 2606 4781 τῶν
2637 4726 2926 4804 τραγῳδῶν
2969 4727 3106 4782 ῖδιόν
3138 4731 3252 4783 ἐστι
3285 4736 3343 4784 τὸ
3385 4731 3714 4806 ἆνοίπλασμα
3757 4744 3853 4790 καὶ
3897 4741 3925 4796 η

2310 4823 2492 4885 σκευὴ,
2545 4820 2658 4892 μεθ’
2708 4821 2772 4879 ης
2819 4823 2886 4871 τὰ
2946 4821 3137 4894 θέατρα
3184 4821 3709 4894 καταλαμϐάνουσιν·
3768 4829 3929 4886 οὕτως

2307 4909 2502 4959 οῖονται
2555 4913 2832 4984 προσήκειν
2895 4914 2985 4961 καὶ
3045 4917 3117 4980 τῷ
3200 4913 3472 4963 πενθοῦντι
3529 4918 3734 4986 πρέπον
3796 4913 3919 4967 εἶναι

2311 5005 2523 5069 σχῆμα,
2581 4998 2735 5071 μέλαν
2805 5001 3031 5070 ἱμάτιον,
3102 5005 3192 5052 καὶ
3268 5001 3558 5075 αὐχμηρὰν
3599 5007 3781 5078 κόμην,
3821 5007 3908 5052 καὶ

2311 5090 2492 5146 σκότος
2551 5087 2600 5140 ἐν
2659 5089 2819 5159 οἰκίᾳ,
2885 5093 2974 5140 καὶ
3027 5089 3212 5163 ῥύπον,
3267 5094 3359 5142 καὶ
3423 5093 3588 5159 κόνιν,
3643 5098 3725 5143 καὶ
3763 5090 3914 5164 μξλος

2313 5180 2554 5248 στυγνὸν,
2605 5177 2683 5230 ἀεὶ
2724 5179 2903 5253 νεαρὸν
2957 5185 3052 5240 τῆς
3102 5177 3274 5242 λύπης
3328 5182 3386 5232 τό
3417 5187 3637 5255 τραῦμα
3668 5191 3735 5257 τῇ
3766 5182 3924 5256 ψυχῇ

611 5345 659 5378 9³
685 5346 854 5401 Joan.
879 5361 958 5414 x1,
991 5348 1074 5402 il.
1151 5347 1200 5380 93
1229 5346 1376 5402 ibid.
1408 5351 1496 5406 43.
1575 5351 1753 5408 “Job
1785 5369 1820 5420 ι,
1844 5353 1933 5408 21.
2012 5355 2059 5390 9⁵
2093 5354 2202 5411 Job

2314 5319 2370 5424 x,
2399 5361 2486 5411 25.
2568 5358 2616 5392 ⁹⁶
2643 5355 2754 5413 Job
2781 5373 2820 5426 ι,
2847 5358 2899 5412 1.

613 5541 628 5608 (
646 5539 690 5607 I)
722 5543 810 5614 Ex
839 5541 1019 5614 rhom.
1049 5541 1137 5596 De
1154 5544 1494 5611 gratiarum
1519 5543 1770 5613 actione,
1800 5548 1892 5601 29.

613 5610 894 5683 (2)1bid.,
926 5617 1013 5668 30.

2381 5554 2457 5618 (3)
2489 5555 2624 5607 Βίον.
2659 5550 3018 5610 Addidimus
3068 5553 3227 5609 hanc
3277 5568 3492 5612 vocem
3577 5573 3656 5614 ex
3717 5563 3940 5619 codice

2313 5621 2496 5692 Regio
2526 5627 2582 5679 et
2610 5627 2908 5682 contextu.
