4084 6404
194 354 332 413 1285

1203 349 1435 412 SERMO
1477 352 1589 411 XII.
1621 376 1690 392 -ι-
1721 348 1815 407 DE
1845 348 2040 408 ANIMI
2072 352 2524 412 DEJECTIONE.

3408 358 3551 417 1286

193 478 518 541 διασώζοντι
583 480 681 545 (1)·
740 478 836 531 οὐκ
877 473 1077 540 εἰδότες
1133 479 1228 551 (2),
1293 480 1369 531 ὅτι
1401 477 1556 550 ψυχὴ
1595 476 1791 539 ἠᾶπαξ

1916 476 2278 548 squalidam,
2305 479 2585 537 tenebras
2613 480 2676 537 in
2700 480 3559 555 domo,sordes,pulverem,et

193 568 552 647 προσδεθείσα
596 578 671 641 τῷ
734 570 880 641 πόθῳ
927 575 1020 620 τοῦ
1064 572 1366 637 κτίσαντος,
1403 573 1492 620 καὶ
1530 566 1641 630 τοῖς
1688 566 1794 619 ἐκεῖ

191 660 432 714 κάλλεσιν
524 658 841 729 ἐνειθισμένη
916 654 1317 733 φαιδρύνεσθαι,
1385 660 1446 712 τὸ
1501 656 1791 732 περιχαρες

193 751 362 812 αὐτῆς
427 753 516 801 καὶ
565 748 785 819 εὔθυμον
839 748 940 798 ὑπὸ
990 754 1083 807 τῆς
1130 746 1374 809 ποικίλης
1407 750 1792 819 μεταπτώσεως

193 849 293 892 τῶν
340 846 603 913 σαρκικῶν
638 838 963 909 παθημάτων
1021 836 1080 887 οὐ
1119 835 1416 908 μεταϐαλεῖ,
1446 834 1573 887 ἀλλά
1600 838 1664 887 τά
1687 841 1794 894 τοῖς

193 928 364 989 ἄλλοις
443 927 652 999 λυπηρὰ
728 927 1038 1000 προσθήκην
1105 926 1427 1000 εὐφροσύνης
1489 928 1792 989 ποιήσεται,

191 1017 391 1091 ’Ὠσπερ
426 1019 529 1091 γὰρ
599 1016 648 1068 οἱ
715 1014 947 1075 ἀσθενεῖς
1000 1017 1066 1067 τὰ
1095 1018 1325 1088 ὄμματα,
1346 1034 1444 1068 των
1485 1016 1617 1086 οἶγαν
1655 1013 1793 1086 λαμ-

191 1116 333 1181 πρῶν
359 1110 449 1167 τὰς
484 1105 625 1177 ὄψεις
663 1103 965 1175 ἀπάγοντες,
1016 1105 1200 1157 ἄνθεσι
1231 1109 1322 1157 καὶ
1350 1123 1504 1167 παοις
1531 1122 1796 1177 προσανα-

190 1200 470 1250 παύουσινο
516 1198 651 1248 οὕτω
711 1200 820 1267 χρὴ
888 1198 978 1246 καὶ
1015 1198 1111 1253 τὴν
1182 1193 1371 1267 ψυχὴν
1436 1199 1506 1267 μὴ
1559 1201 1795 1265 συνεχῶς

196 1286 535 1340 καταϐλέπειν
584 1288 643 1337 τὸ
687 1283 940 1356 λυπηρὸν,
998 1279 1138 1356 μηδὲ
1202 1289 1313 1347 τοῖς
1361 1291 1620 1358 παροῦσιν
1647 1282 1793 1334 ἀνιαο

189 1378 302 1452 ρὸῖς
345 1374 713 1449 προσκεῖσθαι,
756 1373 890 1425 ἄλλά
927 1376 1059 1449 πρὸς
1095 1378 1189 1432 τὴν
1236 1375 1452 1447 θεωρίαν
1497 1381 1597 1425 τῶν
1641 1374 1795 1433 ὅντως

196 1466 403 1538 ἀγαθῶν
424 1465 688 1539 περιάγειν
719 1464 851 1523 αὐτῆ
862 1483 884 1525 ς
908 1466 974 1516 τά
1002 1464 1235 1535 ὄμματα,

267 1754 319 1808 4,
353 1748 417 1804 Αἰ
446 1752 547 1827 γὰρ
574 1748 735 1802 λῦπαι
765 1752 859 1808 τὴν
878 1746 1088 1822 ψυχὴν,
1117 1749 1188 1811 ὡς
1226 1751 1285 1801 τό
1316 1755 1421 1822 πῦρ
1452 1750 1539 1800 τόν
1566 1748 1793 1822 χρυσὸν,

191 1840 570 1913 ἀπελέγχουσι·
643 1843 848 1909 καὶτῷ
924 1839 1032 1891 ὄντι
1079 1845 1191 1901 τοῖς

196 1934 407 2005 σμένοις
452 1930 507 1981 αἰ
575 1927 775 1999 θλίψεις
830 1924 984 1980 οἷονεί
1026 1946 1213 2002 τροφαι
1275 1931 1406 1987 τινές
1435 1926 1588 1993 εἰσιν,
1631 1924 1794 1984 ἄθλη-

190 2020 315 2073 τικὰ
345 2022 423 2088 (3)
461 2020 751 2090 γυμνάσια,
780 2016 864 2073 ἐπὶ
909 2020 1003 2075 τὴν
1052 2022 1298 2091 πατρῴαν
1330 2011 1488 2079 δόξαν
1517 2017 1605 2067 τὸν
1660 2014 1798 2085 ἀγω-

188 2113 369 2167 νιστὴν
424 2106 810 2181 προϐάζουσαι.
872 2106 933 2158 Ἢ
987 2102 1046 2158 δὲ
1114 2105 1181 2166 εἰς
1220 2106 1352 2177 ἄγαν
1409 2108 1669 2177 κατήφεια
1718 2108 1800 2176 γίο

198 2216 345 2251 νεται
388 2204 485 2261 τῆς
524 2200 783 2270 ἁμαρτίας
828 2194 989 2265 αἰτία,
1047 2202 1138 2256 τῆς
1185 2198 1274 2268 μὲν
1304 2195 1468 2255 λύπης
1500 2192 1800 2267 βαπτιζού-

194 2309 290 2349 am;
338 2290 423 2340 τὸν
461 2293 579 2339 νοῦν
625 2291 716 2339 καὶ
758 2285 1061 2358 ἀμηχανίας
1110 2283 1427 2358 ἐμποιούσης
1456 2283 1675 2355 ἱλιγγον,
1706 2291 1801 2345 τῆς

192 2374 254 2430 δὲ
285 2375 506 2451 ἀπορίας
557 2384 656 2428 τῶν
700 2374 967 2447 λογισμῶν
1007 2377 1101 2432 τὴν
1146 2376 1470 2446 αχαριστὶαν
1511 2371 1801 2444 ἀπογεννῶ-

194 2485 317 2527 σας.
372 2466 612 2540 Αἰσχρόν
663 2460 771 2531 οὖν,
828 2462 1054 2534 εὐλογεῖν
1098 2465 1187 2535 μεν
1242 2464 1381 2536 ἡμᾶς
1422 2462 1507 2514 ἐπὶ
1528 2470 1635 2522 τοῖς
1665 2481 1804 2534 χρη·

198 2559 489 2630 στοτέροις,
542 2559 743 2623 σιωπᾷν
795 2548 855 2605 δὲ
916 2551 997 2604 ἐπὶ
1045 2559 1152 2612 τοῖς
1211 2552 1663 2624 σκυθρωποτέροις
1712 2554 1804 2603 καὶ

190 2646 455 2704 ἐπιπόνοις
497 2644 832 2717 πράγμασιν.
872 2640 1027 2692 Ἀλλά
1077 2644 1192 2693 τότε
1260 2645 1351 2692 καὶ
1405 2638 1552 2692 πλέον
1584 2639 1805 2712 εὐχαρι-

202 2740 345 2785 στεῖν
406 2728 509 2800 δεῖ,
560 2727 783 2796 εἰδότας,
832 2730 914 2780 ὅτι
933 2727 1027 2781 “Ov
1071 2727 1254 2799 ἀγαπᾷ
1285 2731 1499 2800 Κύριος,
1537 2724 1803 2795 παιδεύει,

191 2827 448 2895 μαστιγοῖ
541 2816 600 2871 δε
667 2818 838 2870 πάντα
909 2818 1022 2869 υἱὸν
1089 2817 1144 2868 ὃν
1236 2814 1620 2889 παραδέχεται.
1702 2820 1804 2869 Καὶ

195 2909 376 2985 ῥῡεται
428 2906 482 2960 ἐκ
543 2905 760 2978 θλίψεως
811 2907 935 2967 τούς
991 2903 1170 2977 ἀγίους
1218 2903 1378 2956 αὐτοῦ
1427 2902 1453 2955 ὀ
1508 2907 1655 2971 Θεὸς,
1710 2905 1806 2956 οὐκ

200 2996 596 3071 ἀδοκιμάστους
652 2996 838 3057 αὐτοὺς
884 2994 1309 3068 καταλιμπάνων,
1357 2992 1486 3046 ἀλλὰ
1541 2997 1635 3052 τὴν
1683 2993 1806 3047 υπο-

195 3092 359 3163 μονὴν
435 3092 614 3149 αὐτοῖς
667 3084 1036 3160 χαριζόμενος
1090 3084 1152 3137 Εἰ
1195 3085 1296 3159 γάρ
1342 3084 1372 3141 ἡ
1406 3082 1581 3154 θλίψις
1611 3085 1807 3156 ὑπομο-

194 3183 288 3237 νὴν
342 3176 741 3250 κατεργάζεται,
799 3178 829 3233 ἠ
887 3171 946 3228 δὲ
1002 3174 1235 3247 ὑπομονὴ
1298 3170 1543 3245 δοκιμήν.
1619 3174 1652 3225 ὅ
1711 3177 1805 3232 τὴν

201 3266 380 3339 θλίψιν
444 3266 846 3341 ἀφαιρουμενος,
901 3272 998 3324 τῆς
1041 3260 1268 3337 δοκιμῆν
1309 3261 1490 3315 ἔαυτόν
1522 3261 1809 3337 ἀπεστέρη-

204 3377 312 3413 σεν.
361 3365 458 3417 -Ως
497 3352 585 3408 οὖν
642 3351 817 3415 οὐδεὶς
850 3359 1195 3426 στεφανοῦται
1233 3354 1354 3405 ἄνευ
1387 3350 1805 3423 ἀνταγωνιστοῦ,

198 3451 360 3507 οὕτως
419 3440 542 3498 οὐδὲ
597 3440 819 3517 δόκιμος
875 3441 1238 3515 ἀποφανθῆναι
1297 3438 1516 3494 δύναται
1546 3440 1591 3493 εἰ
1621 3446 1692 3513 μὴ
1729 3444 1807 3512 (4)

199 3532 295 3589 διὰ
344 3532 585 3605 θλίψεων.
649 3538 720 3585 Ex
769 3538 952 3584 πασῶν
1020 3526 1107 3582 οὖν
1157 3537 1256 3581 τῶν
1304 3528 1524 3599 θλίψεων
1588 3529 1808 3603 ῥύσεται

198 3627 405 3687 αὐτοὺς,
474 3622 603 3695 οὐχὶ
644 3626 715 3695 μὴ
769 3620 860 3673 ἐῶν
914 3620 1104 3680 αὐτοὺς
1146 3616 1594 3688 θλίϐεσθαι,ἀλλὰ
1616 3622 1709 3670 σὺν
1735 3626 1807 3688 τῷ

198 3722 476 3791 πειρασμῷ
535 3717 626 3765 καὶ
672 3716 766 3769 τὴν
815 3709 1029 3763 ἔκϐασιν
1086 3715 1179 3761 τοῦ
1220 3705 1483 3761 δύνασθαι
1512 3708 1807 3779 ὑπενεγκεῖν

197 3804 571 3878 χαριζόμενος.
634 3800 695 3852 Ὀ
744 3797 804 3853 δε
849 3799 1009 3871 λέγων
1066 3803 1137 3871 μὴ
1170 3801 1380 3872 πρέπειν
1406 3805 1477 3867 τῷ
1496 3792 1687 3867 δικαίῳ
1716 3801 1808 3855 τὴν

203 3893 403 3964 θλίψιν,
466 3888 617 3945 οὐδὲν
679 3892 846 3964 ἕτερον
877 3890 1027 3961 λέγει,
1063 3888 1092 3946 ἡ
1125 3891 1197 3960 μὴ
1236 3884 1479 3960 ἁρμόζειν
1503 3894 1575 3958 τῷ
1607 3884 1804 3957 ἀθλητῇ

199 3985 614 4056 ἀνταγωνιστήν.

279 4168 332 4221 5.
366 4163 507 4217 Ἐπεὶ
565 4157 626 4214 δε
680 4165 820 4237 φέρει
865 4160 1207 4232 παραμυθίαν
1259 4152 1595 4231 ὀδυρομένοις
1638 4156 1669 4214 ἠ
1698 4172 1810 4207 κοι-

195 4257 359 4307 νωνία
409 4262 509 4305 τῶν
561 4258 883 4324 στεναγμῶν,
926 4247 1325 4318 ἐπιστυγνάξειν
1391 4249 1482 4319 μεν
1528 4252 1646 4306 ταῖς
1677 4264 1811 4317 συμ-

204 4351 390 4417 φοραῖς
436 4352 537 4395 τῶν
574 4342 900 4394 πεπονθότων
945 4337 1247 4392 ἀκόλουθον.
1305 4335 1458 4389 Οὕτω
1487 4338 1590 4410 γὰρ
1624 4334 1808 4387 ἑαυτὸν

199 4434 451 4502 οἱκειώσῃ
498 4437 623 4500 τοῖς,
678 4432 991 4501 πάσχαυσὶ,
1058 4432 1129 4500 μὴ
1188 4426 1656 4500 καθιλαρευόμενος
1707 4434 1808 4477 τῶν

200 4527 503 4591 συμφορῶν,
556 4514 696 4590 μηδὲ
743 4513 1096 4590 ἕναδιαφορῶν
1151 4523 1260 4576 τοῖς
1316 4513 1601 4588 ἀλλοτρίοις
1649 4512 1809 4584 ἀλγή-

199 4626 387 4683 μασιν.
421 4607 497 4659 Οὐ
561 4610 663 4679 μὴν
701 4607 989 4680 περαιτέρω
1017 4623 1077 4675 γε
1115 4605 1518 4676 συνεκφέρεσθαι
1568 4608 1674 4661 τοῖς
1722 4601 1809 4652 λυ-

195 4700 481 4769 πουμένοις
534 4704 817 4770 προσῆκεν,
878 4696 1013 4745 ὥστε
1068 4692 1098 4750 ἦ
1158 4690 1459 4760 συνεκϐοᾲν,
1515 4691 1546 4748 ἢ
1580 4691 1809 4763 συνθρη-

196 4794 303 4842 νεῖν
354 4794 426 4857 τῷ
492 4786 790 4850 πεπονθότι,
840 4784 869 4843 ἣ
926 4785 974 4835 ἄν
1030 4788 1143 4843 τοῖς
1197 4778 1485 4853 ἀλλοτρίοις
1529 4781 1810 4851 πιμείσθαι

201 4881 299 4933 καὶ
353 4875 542 4937 ζηλοῦν
605 4878 694 4927 τόν
754 4872 1102 4945 ἕσκοτωμένον
1152 4872 1252 4923 ὑπὸ
1309 4876 1400 4922 τοῦ
1449 4870 1673 4937 πάθους,
1703 4865 1809 4920 οἷον

276 5022 320 5055 θτ
349 5019 523 5077 Hebr.
550 5034 650 5087 xu,
678 5024 708 5074 6
808 5017 855 5051 ⁹⁸
886 5018 1058 5073 Rom.
1088 5031 1147 5083 v,
1181 5019 1233 5071 3.
1337 5015 1384 5048 99
1417 5014 1590 5070 ICor.
1623 5027 1681 5084 Χ,
1718 5012 1807 5070 13.

808 5017 855 5051 ⁹⁸
886 5018 1058 5073 Rom.
1088 5031 1147 5083 v,
1181 5019 1233 5071 3.

277 5184 356 5256 (1)
417 5181 760 5243 Διασὼζοντι.
783 5178 874 5236 Sic
904 5182 1155 5256 uterque
1182 5174 1394 5256 codex:
1426 5175 1577 5256 Editj
1608 5170 1807 5256 διασῶο

206 5244 299 5322 ζὸῦ
324 5244 398 5313 τι.
432 5256 621 5311 Minus
647 5249 970 5309 commode
994 5244 1328 5317 contextus,
1356 5244 1623 5308 διασωζον
1659 5247 1807 5303 refe-

201 5327 397 5388 rendo
422 5327 500 5383 ad
528 5325 699 5400 μέλος.

277 5400 486 5470 (2)051
518 5390 727 5470 illam,
789 5396 941 5470 Haec
976 5392 1164 5449 verba
1206 5405 1398 5465 usque
1419 5390 1499 5447 ad
1527 5393 1807 5448 ποιήσεται

204 5484 335 5527 non
356 5473 592 5541 reperta
617 5469 679 5525 in
708 5469 1048 5541 contextus.

281 5531 689 5626 (3)"A'0lnnm.
720 5538 955 5610 Legitur
979 5535 1041 5592 in
1067 5536 1371 5592 contextu.
1407 5531 1686 5591 ἀθλητιιαὶ
1714 5534 1805 5583 καὶ

238 5630 495 5666 υμνασια.

198 5630 471 5756 Wa???
613 5682 809 5741 Prima
836 5680 1054 5741 vocula
1076 5678 1286 5738 addita
1332 5692 1404 5736 ex
1434 5678 1717 5736 contextu
1747 5674 1806 5732 et

1899 560 2218 632 lugubrem
2241 569 2508 632 cantum,
2530 566 2803 623 mceroris
2832 566 3056 623 vulnus
3085 582 3322 639 semper
3350 583 3560 625 recens

1900 649 1962 706 in
1987 651 2191 709 animo
2225 655 2504 712 servanti:
2532 656 2869 713 nescientes
2899 657 3170 713 animam
3201 673 3335 729 quae
3375 657 3559 714 semel

1902 740 2238 798 Conditoris
2285 744 2379 799 sui
2431 750 2612 817 capta
2653 750 2743 803 est
2784 744 3448 819 desiderio,earumque
3474 763 3562 804 re-

1902 844 2037 885 rum
2063 846 2197 903 quae
2219 831 2336 888 illic
2366 838 2505 891 sunt
2535 834 2978 905 pulchritudine
3003 835 3323 893 exhilarari
3349 851 3561 893 assue-

1900 917 2005 986 vit,
2032 934 2341 977 summum
2369 922 2517 979 illud
2547 924 2837 993 gaudium
2855 927 2913 980 et
2936 923 3325 993 alacritatem,
3347 940 3559 997 corpo-

1903 1022 2142 1066 rearum
2174 1010 2701 1082 perturbationum
2729 1012 3143 1069 vicissitudine
3155 1028 3275 1069 non
3296 1017 3555 1083 mutare,

1902 1099 2026 1155 imo
2057 1114 2196 1171 quae
2237 1100 2463 1156 caeteris
2506 1105 2650 1157 sunt
2686 1100 2962 1171 molesta,
2994 1102 3074 1158 ad
3119 1101 3333 1158 leetitiaa
3362 1118 3561 1160 acces-

1906 1188 2141 1245 sionem
2170 1194 2537 1248 convertere.
2566 1195 2645 1259 (5)
2668 1193 2737 1248 Ut
2761 1191 2922 1247 enim
2951 1190 3012 1261 ii,
3043 1190 3268 1263 quibus
3299 1190 3561 1247 oculiin-

1903 1276 2066 1333 ﬁrmi
2089 1281 2251 1343 sunt,
2283 1277 2530 1335 obtutus
2551 1295 2694 1335 suos
2725 1294 2761 1335 a
2786 1279 2968 1335 rebus
2988 1279 3168 1335 nimis
3190 1278 3435 1349 fulgidis
3453 1279 3560 1335 de-

1905 1366 2173 1434 ﬂectunt,
2202 1381 2427 1439 eosque
2455 1366 2675 1424 ﬂorum
2700 1372 2759 1423 et
2772 1368 3102 1424 herbarum
3126 1373 3398 1424 recreant
3421 1383 3558 1424 con-

1906 1460 2114 1528 spectu
2143 1474 2155 1512 :
2185 1456 2268 1513 ita
2296 1473 2539 1530 quoque
2564 1472 2690 1514 non
2730 1457 2911 1514 debet
2941 1458 3147 1515 anima
3177 1472 3418 1530 semper
3449 1457 3562 1513 sibi

1903 1560 2000 1602 res
2028 1545 2226 1603 tristes
2250 1561 2473 1618 ponere
2502 1546 2583 1602 ob
2613 1545 2842 1617 oculos,
2858 1562 2969 1603 nec
2988 1546 3282 1617 jugiterin
3303 1561 3563 1619 praesen-

1903 1634 2062 1690 tibus
2092 1636 2378 1691 aerumnis
2407 1635 2608 1707 deﬁgi,
2640 1634 2749 1692 sed
2777 1635 2944 1692 bona
2974 1652 3115 1692 vera
3136 1635 3452 1709 speculari.

1975 1728 2030 1782 4.
2062 1724 2335 1782 Molestius
2364 1724 2666 1799 siquidem
2702 1725 2998 1794 animum,
3054 1730 3119 1781 ut
3143 1725 3301 1796 ignis
3344 1740 3565 1782 aurum

1245 1836 1414 1899 καλῶς
1468 1855 1795 1912 παρεσκευα-

1916 1812 2167 1885 probant
2202 1814 2312 1885 :(6)
2343 1818 2523 1886 atque
2540 1813 2740 1886 reipsa
2768 1813 3142 1880 aﬂlictiones,
3189 1814 3365 1887 quasi
3401 1831 3565 1888 quee-

1906 1902 2050 1959 dam
2076 1902 2366 1959 alimenta
2390 1919 2461 1958 ac
2492 1902 2779 1959 athleticaa
2818 1904 3223 1974 excitationes,
3243 1908 3382 1960 sunt
3406 1903 3564 1960 bene

1905 1992 2264 2065 praeparatis
2286 1995 2465 2064 atque
2498 1991 2803 2049 instructis
2837 2009 2851 2047 :
2875 2008 3010 2065 quae
3035 1992 3325 2049 athletam
3350 1993 3429 2048 ad
3458 2008 3562 2066 pa-

1908 2086 2144 2138 ternam
2170 2081 2425 2153 gloriam
2460 2080 2787 2139 deducunt.
2824 2082 2900 2150 (7)
2927 2080 3122 2138 Nimia
3147 2096 3292 2138 vero
3321 2081 3559 2138 tristitia

1910 2187 2097 2227 causa
2124 2170 2191 2227 ﬁt
2215 2171 2463 2244 peccati,
2502 2170 2670 2243 quod
2682 2170 2995 2241 demergat
3024 2174 3289 2227 mentem
3318 2186 3561 2242 mceror,

1910 2260 2280 2333 inducatque
2302 2260 2653 2329 vertiginem
2674 2260 3040 2333 desperatio,
3057 2264 3114 2316 et
3127 2260 3332 2316 vitium
3345 2260 3565 2331 ingrati

1913 2350 2102 2406 animi
2130 2349 2327 2422 pariat
2352 2348 2590 2405 consilii
2635 2349 2863 2420 inopia.
2914 2350 2996 2420 (8)
3053 2351 3244 2421 Turpe
3271 2354 3359 2405 est
3387 2349 3568 2418 igitur

1913 2456 2025 2495 nos
2070 2438 2425 2496 benedicere
2446 2440 2507 2495 in
2560 2437 2745 2494 rebus
2768 2438 3073 2505 secundis,
3108 2437 3283 2494 silere
3321 2453 3465 2494 vero
3498 2439 3561 2494 in

1914 2529 2183 2585 tristibus
2207 2533 2265 2585 et
2298 2528 2592 2584 adversis.
2632 2530 2757 2584 [mo
2777 2532 2923 2584 tunc
2951 2527 3133 2585 etiam
3164 2527 3391 2600 gratias
3413 2527 3568 2583 ube-

1913 2619 2100 2673 riores
2137 2633 2315 2687 agere
2344 2620 2597 2689 oportet,
2629 2632 2769 2673 cum
2795 2617 3167 2685 noverimus,
3188 2616 3355 2688 quod
3387 2618 3566 2684 Quem

1914 2707 2121 2777 diligit
2170 2708 2476 2774 Dominus,
2500 2706 2780 2775 castigat,
2803 2706 3087 2776 ﬂagellat
3108 2712 3309 2762 autem
3335 2721 3568 2761 omnem

1911 2797 2107 2865 ﬁlium
2139 2811 2312 2867 quem
2338 2796 2551 2863 recipit
2576 2795 2728 2864 97.(9)
2757 2797 2963 2866 Itaque
2985 2793 3203 2851 liberat
3224 2808 3297 2849 ex
3327 2793 3571 2850 tribula-

1915 2885 2074 2941 tione
2096 2889 2337 2940 sanctos
2370 2899 2514 2939 suos
2548 2884 2725 2953 Deus,
2756 2897 2880 2939 non
2908 2882 3074 2956 quod
3101 2882 3234 2938 illos
3272 2883 3420 2939 citra
3433 2899 3570 2955 pro-

1915 2973 2223 3030 bationem
2269 2973 2590 3044 relinquat,
2664 2972 2771 3027 sed
2830 2972 2997 3043 quod
3071 2972 3426 3043 patientiam
3480 2974 3569 3043 ip-

1916 3063 1997 3119 sis
2023 3063 2332 3133 largiatur.
2361 3065 2513 3118 Nam
2543 3061 2593 3117 si
2630 3060 2938 3118 tribulatio
2968 3060 3326 3133 patientiam
3359 3076 3571 3134 opera-

1849 3191 1890 3247 Ο
1917 3157 2030 3218 tur,
2063 3151 2351 3225 patientia
2380 3167 2518 3207 vero
2547 3150 2971 3222 probationem
2994 3151 3041 3186 9'
3067 3167 3081 3218 ;
3113 3150 3220 3222 qui
3239 3149 3570 3207 tribulatio-

1917 3259 2058 3299 nem
2087 3242 2395 3308 detrectat,
2416 3240 2773 3315 probatione
2786 3256 2849 3296 se
2869 3240 2997 3312 ipse
3022 3240 3237 3311 privat.
3271 3239 3570 3306 Quemad-

1918 3332 2171 3389 modum
2213 3346 2356 3401 ergo
2412 3346 2597 3387 nemo
2640 3334 2964 3386 coronatur
3001 3329 3130 3385 sine
3171 3327 3519 3387 adversario
3553 3346 3566 3386 :

1920 3423 2002 3479 sic
2026 3422 2539 3499 neque,probatus
2564 3420 2889 3493 quisquam
2921 3419 3300 3492 pronuntiari
3350 3425 3568 3491 potest,

1919 3512 2032 3567 nisi
2054 3527 2162 3583 per
2190 3509 2626 3567 tribulationes.
2668 3512 2751 3565 Ex
2779 3508 3069 3565 omnibus
3093 3507 3276 3579 igitur
3326 3509 3569 3566 tribula-

1919 3600 2181 3657 tionibus
2211 3601 2375 3672 ipsos
2405 3604 2720 3669 eruet,non
2748 3596 2917 3670 quod
2929 3597 3200 3654 divexari
3224 3612 3330 3654 eos
3350 3613 3474 3653 non
3500 3598 3572 3654 si-

1919 3696 2045 3760 nat,
2084 3691 2375 3765 sedquod
2401 3706 2542 3746 cum
2566 3689 2892 3745 tentatione
2941 3688 3168 3744 exitum
3197 3688 3378 3744 etiam
3420 3703 3568 3760 prae-

1917 3781 2076 3852 beat,
2106 3780 2258 3838 adeo
2284 3786 2348 3836 ut
2366 3780 2519 3836 ferre
2537 3778 2777 3835 valeant
2797 3778 2864 3831 9°.
2894 3776 3156 3843 Quivero
3183 3775 3571 3833 aﬁlictionem

1915 3872 2077 3942 justo
2109 3870 2357 3926 minime
2402 3867 2723 3925 convenire
2772 3865 3002 3933 asserit,
3037 3865 3186 3921 nihil
3242 3865 3408 3921 aliud
3430 3866 3573 3923 dicit

1919 3976 2107 4034 quam
2165 3959 2396 4016 athletae
2443 3974 2568 4014 non
2606 3970 2939 4027 congruere
2988 3953 3403 4012 adversarium
3431 3970 3573 4011 cum

1918 4065 2043 4122 quo
2064 4050 2344 4105 decertet.

1995 4138 2171 4212 545
2211 4138 2264 4193 5.
2292 4137 2403 4204 (tO)
2429 4136 2729 4203 Quoniam
2758 4149 2899 4191 vero
2940 4133 3195 4190 societas
3225 4134 3560 4204 gemituum

1920 4230 2090 4286 affert
2119 4228 2402 4286 solatium
2422 4225 2793 4299 lugentibus,
2823 4240 2935 4298 par
2951 4223 3124 4280 fuerit
3150 4224 3226 4279 de
3245 4223 3456 4279 alienis
3471 4240 3572 4280 ca-

1917 4320 2289 4378 lamitatibus
2315 4335 2385 4375 ac
2415 4316 2704 4373 aerumnis
2722 4312 3011 4370 aﬂlictari.
3042 4312 3320 4384 (ll)Nam
3344 4313 3461 4368 hoc
3473 4328 3575 4384 pa-

1920 4417 2015 4467 cto
2041 4408 2402 4466 afﬂictarum
2415 4405 2843 4462 conciliaturus
2863 4401 2965 4458 tibi
2984 4418 3047 4458 es
3061 4401 3569 4468 benevolentiam,

1921 4515 2117 4571 neque
2140 4499 2394 4554 hilarem
2419 4500 2475 4551 te
2504 4493 2830 4552 ostendens
2858 4491 2938 4547 ob
2994 4506 3205 4546 eorum
3254 4489 3575 4546 adversita-

1921 4594 2026 4658 tes,
2061 4603 2257 4659 neque
2288 4586 2551 4642 alienam
2582 4581 2968 4639 atﬂictionem
3015 4577 3423 4634 indifferenter
3441 4594 3571 4651 per-

1921 4677 2137 4732 ferens.
2162 4675 2399 4733 Minime
2420 4679 2621 4730 tamen
2643 4668 2927 4727 convenit
2949 4666 3286 4723 dolentium
3316 4667 3571 4724 miseriis

1920 4767 2058 4839 plus
2101 4782 2279 4839 aequo
2316 4760 2706 4826 commoveri,
2769 4758 2852 4813 sic
2884 4760 3067 4813 utaut
3092 4755 3573 4825 conclames,aut

1919 4856 2131 4929 lugeas
2153 4872 2291 4912 cum
2316 4851 2621 4919 afﬂictato,
2647 4846 2967 4906 autalienis
2986 4845 3049 4902 in
3064 4844 3245 4901 rebus
3259 4845 3571 4903 hominem

1915 5160 2100 5232 Regio
2132 5155 2360 5232 codice.
2384 5150 2570 5232 P_aulo
2608 5152 2746 5232 post
2771 5142 3409 5232 idem‘ccdexkéoerm.

1991 5221 2066 5306 (ἓ)
2100 5235 2183 5288 Ex
2208 5230 2376 5306 hom.
2402 5229 2481 5306 De
2507 5221 3136 5306 gratiarumacl’z'QM,
3168 5221 3256 5273 32.

2097 5301 2375 5377 ExAhom.
2403 5298 2474 5377 in
2495 5287 2658 5377 insul.
2705 5287 3054 5377 Irrita-1.453:

1992 5359 2066 5457 iii
2092 5379 2175 5457 EX
2198 5373 2368 5457 ξλοιιι-
2395 5371 2461 5453 1."
2477 5359 3245 5457 ἰφῖιρηξξξξὲεείξίέεθητνθδ·

1993 5433 2069 5524 ξ8)
2098 5450 2177 5524 lix
2199 5446 2377 5524 hom:
2396 5444 2457 5497 in
2477 5433 2645 5509 'psal.
2673 5447 2876 5500 xxxm,
2906 5433 3032 5488 144.

1991 5517 2069 5593 (9)
2097 5517 2250 5593 Ibid,
2283 5518 2402 5571 146.
2440 5583 2451 5593 ι
2501 5582 2515 5593 ,
2706 5591 2715 5593 ᾗ
3026 5571 3061 5593 ο,
3095 5570 3378 5593 ,κώμης

1991 5571 2112 5663 Uti)—
2123 5571 2209 5647 Ex
2237 5588 2404 5663 hom.
2418 5583 2463 5663 ᾼ
2475 5582 2720 5663 dversas
2746 5571 3079 5663 calamums:
3093 5571 3404 5663 Trinitatis
3415 5612 3429 5639 ,
3439 5573 3565 5626 609.

1990 5646 2104 5739 (li)
2126 5646 2211 5721 lix
2237 5661 2406 5718 hom.
2425 5656 2491 5713 in
2519 5656 2701 5711 marl.
2731 5647 3029 5716 Julitlam,
3050 5646 3139 5700 41.
