4084 6416
548 355 682 413 1287

1501 348 1884 420 APPENDIX,
1921 385 1975 398 -
2000 337 2340 404 SYMEONIS
2379 337 2938 398 METAPHRASTIE.

3778 338 3928 396 1288

543 496 580 537 a
609 479 841 538 tristitia
869 478 1502 536 obcaecatumimiteris
1524 478 1964 550 aemulerisque:
1997 485 2175 527 exemi

2303 465 2776 538 συγκαθειργνῦναι
2836 462 3019 516 ἑαυτὸν
3083 465 3172 514 καὶ
3243 460 3773 535 συμμελανειμονεῖν,
3834 469 3925 517 καὶ

542 570 626 643 pli
652 586 861 633 causa,
897 569 945 624 si
971 584 1092 624 una
1119 585 1257 624 cum
1288 570 1421 641 ipso
1453 575 1507 624 te
1536 569 1666 641 ipse
1691 566 1988 633 includas,
2020 567 2073 617 et
2104 562 2189 615 in-

543 660 749 715 duaris
779 664 937 715 veste
968 664 1116 728 atra,
1146 659 1196 715 si
1226 659 1446 731 pariter
1479 659 1686 730 jaceas
1713 656 1904 721 humi,
1928 666 2192 710 comam-

544 765 663 821 que
693 749 1082 818 negligas.Ex
1118 749 1189 803 iis
1223 748 1385 803 enim
1418 748 1612 818 magis
1643 747 1852 804 crescit
1873 758 2059 818 quam
2081 739 2193 796 ele-

542 843 720 894 vatur
749 837 1081 894 calamitas.
1113 837 1191 908 (t)
1216 841 1489 894 Attamen
1511 837 1620 894 abs
1665 853 1728 893 re
1760 851 1880 892 non
1905 832 2094 902 fuerit,
2119 831 2191 885 iis

545 943 681 999 quae
702 927 986 983 accidunt
1010 927 1171 996 angi,
1207 931 1264 982 et
1292 927 1466 983 tacite
1488 927 1561 982 de
1592 927 1863 982 adversis
1896 919 2189 986 atﬂictari,

537 1015 623 1071 ita
652 1020 718 1072 ut
743 1032 814 1071 ex
854 1015 1042 1085 vultu,
1073 1016 1177 1088 qui
1212 1016 1572 1088 cogitatione
1602 1015 1838 1071 deﬁxus
1866 1013 1961 1078 sit,
1995 1025 2190 1083 exque

540 1106 855 1176 modestia,
877 1121 1012 1178 quae
1029 1107 1379 1176 gravitatem
1399 1107 1747 1178 adjunctam
1768 1100 2190 1161 habeatanimi

536 1194 816 1250 affectum
837 1194 1156 1265 significes.
1185 1195 1292 1251 Ubi
1315 1198 1518 1251 autem
1553 1194 1631 1250 ad
1653 1193 2022 1266 colloquium
2047 1205 2188 1246 ven-

535 1287 664 1340 tum
685 1288 792 1352 est,
821 1300 942 1340 non
975 1284 1178 1340 statim
1207 1284 1286 1339 ad
1307 1284 1759 1356 objurgationes
1785 1282 2060 1338 devenire
2089 1280 2188 1336 de-

533 1378 626 1428 cet
671 1372 835 1428 velut
872 1373 1216 1444 jacentibus
1263 1373 1650 1430 insultantem
1693 1389 1762 1428 ac
1811 1371 2181 1427 illudentem.

533 1465 671 1518 Nam
698 1461 1150 1534 objurgationes
1175 1463 1248 1518 iis
1262 1479 1522 1536 quorum
1541 1463 1781 1519 animus
1803 1478 1927 1534 prie
1957 1461 2188 1517 tristitia

531 1549 850 1619 cruciatur,
883 1551 1153 1607 molestae
1185 1556 1325 1607 sunt
1354 1556 1410 1607 et
1436 1567 1685 1622 graves:
1723 1549 2022 1622 simulque
2069 1564 2187 1605 ser-

532 1654 746 1693 mones
779 1655 988 1695 eorum
1019 1639 1122 1712 qui
1151 1640 1315 1695 nullo
1338 1655 1584 1712 prorsus
1610 1639 1835 1696 doloris
1858 1654 2036 1695 sensu
2060 1637 2188 1694 atii-

530 1727 788 1793 ciuntur,
823 1743 979 1797 aegre
1011 1727 1329 1784 audientur
1353 1744 1388 1784 a
1437 1727 1852 1796 maerentibus,
1876 1733 1934 1785 et
1977 1727 2053 1783 ad
2081 1743 2185 1782 eos

2301 558 2477 626 χαμαὶ
2507 555 2898 624 συγκαθῆσθαι,
2959 559 3049 604 καῖ
3089 557 3278 624 κουρᾶς
3330 550 3555 624 ἀμελεῖν.
3587 551 3682 604 Ἐκ
3720 554 3923 604 τούτων

2301 643 2402 715 γὰρ
2442 640 2705 695 ἐπιτείνειν
2769 640 2960 714 μᾶλλον
3003 643 3114 693 ἔστι
3169 644 3264 698 τὴν
3311 642 3609 715 συμφορὰν,
3677 641 3709 699 ἦ
3762 661 3926 694 κατα-

2301 734 2570 804 πραΰνειν.
2619 730 2775 784 Ἀλλόι
2839 727 3127 783 δάκνεσθαι
3165 732 3256 802 μὲν
3312 730 3413 782 ὑπὸ
3454 737 3555 782 τῶν
3603 735 3918 803 γινομένων,

2299 826 2388 874 καὶ
2436 823 2621 893 ἡσυχῆ
2678 827 2788 882 τοῖς
2850 819 3104 895 λυπηροῖς
3170 818 3576 890 ἐπιστυγνάζειν
3622 830 3920 892 προσῆκεν,

2299 908 2348 961 ἐν
2381 915 2592 982 συννοίᾳ
2646 915 2955 984 προσώπου,
3014 911 3105 960 καί
3159 911 3435 980 σεμνότητι
3479 907 3654 984 βάρος
3688 908 3919 982 ἐχούσῃ,

2298 1002 2358 1051 τὸ
2389 1007 2481 1060 τῆς
2508 999 2696 1071 ψυχῆς
2737 1001 2904 1059 πάθος
2935 994 3377 1070 διασημαίνοντα.
3433 1000 3809 1071 Φθεγγόμενον
3845 997 3919 1069 δὲ,

2299 1089 2393 1143 οὐκ
2463 1089 2616 1150 εὐθὺς
2686 1085 2948 1159 ἐπιπηδᾷν
3023 1095 3139 1150 ταῖς
3206 1085 3549 1160 ἐπι-τιμήσεσι
3626 1098 3916 1164 προσῆκει,

2297 1180 2470 1252 ὥσπερ
2527 1177 2852 1251 ἐναλλόμενον
2895 1181 2985 1230 καὶ
3042 1175 3416 1249 ἐπεμϐαίνοντα
3471 1185 3579 1238 τοῖς
3635 1182 3915 1248 κειμένοις.

2299 1271 2543 1341 Φορτικὸν
2597 1270 2698 1342 γὰρ
2749 1274 2859 1329 τοῖς
2905 1268 3005 1320 ὑπό
3042 1265 3211 1328 λύπης
3238 1271 3332 1325 τὴν
3379 1265 3570 1339 ψυχὴν
3621 1275 3925 1341 κεκακωμέ-

2295 1377 2397 1419 νοις
2454 1360 2484 1416 ἡ
2545 1358 2871 1430 ἐπιτίμησις,
2939 1362 3030 1410 καὶ
3055 1357 3166 1429 ἅμα
3205 1353 3654 1432 δυσπαράδεκτοί
3676 1359 3790 1412 εἰσι
3831 1364 3928 1420 τοῖς

2295 1447 2576 1519 κάμνουσί,
2635 1450 2725 1499 καὶ
2783 1449 2910 1520 πρὸς
2973 1450 3304 1521 παρηγορίαν
3361 1444 3612 1500 ἀπίθανοι
3647 1455 3754 1500 τῶν
3797 1451 3930 1500 ἀπα·

2301 1538 2400 1598 θῶς
2461 1537 2765 1588 παντάπασι
2813 1531 3152 1608 διακειμένων
3207 1535 3256 1588 οἰ
3321 1534 3486 1608 λόγοι.
3543 1535 3763 1610 Ὠσπερ
3829 1542 3926 1612 γὰρ

2297 1624 2543 1698 ὀφθαλμῷ
2602 1624 2963 1697 φλεγμαίνοντι
3019 1629 3110 1676 καί
3153 1628 3210 1676 τὸ
3270 1623 3612 1678 ἁπαλῶτατον
3646 1635 3759 1679 τῶν
3802 1649 3928 1702 παρ-

2296 1715 2639 1788 ηγορημάτων
2676 1713 2820 1767 ἀνίαν
2869 1711 3086 1787 ἐμποιεῖ·
3122 1715 3257 1766 οὕτω
3290 1719 3381 1767 καὶ
3428 1715 3586 1787 ψυχῆ
3643 1717 3755 1769 ὑπό
3827 1718 3930 1770 θλί-

530 1816 932 1873 consolandos
945 1818 1065 1874 vim
1080 1833 1200 1874 non
1214 1817 1438 1874 habent
1453 1818 1960 1889 persuadendi.(2)
1975 1819 2175 1883 Quem-

2296 1804 2436 1876 ψεως
2491 1802 2708 1880 βαρείας
2767 1807 3120 1876 κεκακωμένῃ,
3170 1803 3264 1855 κᾶν
3317 1803 3509 1864 πολλὴν
3572 1805 3928 1881 παράκλησιν

531 1904 863 1961 admodum
887 1906 1047 1962 enim
1078 1907 1253 1962 oculo
1283 1905 2064 1962 inﬂammaloleuimentum
2096 1914 2191 1970 vel

532 1995 922 2050 tenerrimum
961 1996 1228 2052 dolorem
1253 1996 1456 2065 affert;
1491 1997 1572 2053 ita
1601 1996 1819 2052 animae
1853 1996 2020 2065 gravi
2047 2013 2186 2052 mae-

529 2099 662 2139 rore
681 2083 938 2154 aﬂ‘lictae,
971 2085 1206 2140 etiamsi
1239 2085 1496 2141 multum
1545 2085 1741 2141 solatii
1773 2086 1926 2141 ferat
1965 2085 2180 2154 oratio,

529 2171 784 2228 molesta
805 2176 1012 2228 tamen
1029 2174 1490 2245 quodammodo
1509 2173 1762 2240 videtur,
1778 2175 1986 2246 inipso
2014 2174 2183 2229 dolo-

526 2260 606 2314 ris
645 2261 895 2316 articulo
940 2260 1235 2317 adhibita.
1297 2262 1376 2332 (3)
1427 2263 1682 2327 Quando
1723 2267 1926 2318 autem
1952 2262 2178 2318 videris

525 2348 775 2405 fratrem
800 2349 1104 2419 lugentem
1118 2349 1196 2406 ob
1231 2355 1617 2422 peccatorum
1647 2350 2179 2423 poeuitentiam,la-

528 2452 802 2508 crymare
832 2453 969 2493 cum
1002 2439 1131 2493 viro
1178 2439 1503 2509 ejusmodi,
1545 2433 1618 2495 ac
1651 2440 1807 2496 illius
1855 2440 2178 2496 commise—

525 2541 695 2580 resce
724 2528 1126 2592 ;tuncetenim
1153 2529 1258 2584 tibi
1282 2528 1564 2585 licebitex
1587 2529 1763 2586 malis
1785 2530 2176 2586 alienistuum

527 2617 838 2687 corrigere.
865 2619 1011 2673 Nam
1045 2617 1146 2690 qui
1177 2617 1437 2674 fervidas
1460 2618 1762 2690 lacrymas
1788 2635 1898 2691 pro
1930 2625 2177 2692 peccato

524 2706 786 2778 proximi
807 2705 1080 2770 effundit,
1111 2706 1258 2762 dum
1289 2707 1531 2763 fratrem
1571 2708 1768 2776 deﬂet,
1800 2708 2076 2765 medetur
2098 2709 2175 2765 si-

525 2794 858 2867 bimetipsi.
875 2797 1032 2865 Luge
1049 2796 1276 2868 peccati
1299 2812 1503 2854 causa.
1535 2798 1761 2853 Animae
1775 2798 2066 2868 aegritudo
2088 2803 2179 2856 est

525 2888 868 2955 peccatum,
891 2900 1057 2940 mors
1081 2889 1170 2941 est
1199 2885 1419 2941 animae
1443 2885 1821 2954 immortalis,
1860 2892 2175 2960 peccatum

529 2977 696 3028 luctu
743 2977 923 3045 atque
961 2974 1298 3046 irrequietis
1346 2974 1627 3031 lamentis
1665 2975 1917 3046 dignum
1950 2981 2055 3032 est.
2088 2977 2177 3034 Ob

521 3062 638 3118 hoc
694 3062 883 3118 ﬂuant
914 3061 1198 3136 lacrymoe
1255 3079 1489 3128 omnes,
1533 3080 1646 3120 nec
1675 3071 1907 3122 cessent
1935 3065 2073 3122 duci
2103 3083 2175 3122 ex

520 3155 762 3224 pectore
782 3152 912 3208 imo
944 3153 1222 3225 suspiria.
1245 3153 1337 3210 Sic
1357 3155 1644 3210 Jeremias
1670 3155 1930 3212 deﬂebat
1967 3157 2070 3229 qui
2102 3172 2175 3211 ex
2204 3178 2243 3234 ρ

517 3241 747 3314 populo
778 3242 1058 3314 peribant
1083 3263 1096 3309 ;
1129 3242 1414 3316 idemque
1437 3260 1574 3299 cum
1607 3244 1722 3301 sibi
1753 3245 2060 3302 naturales
2090 3245 2173 3302 la-

519 3346 744 3402 crymae
771 3346 895 3386 non
919 3330 1064 3387 satis
1081 3332 1716 3405 essent,lacrymarum
1733 3332 1959 3390 fontem
1980 3335 2175 3408 inqui-

517 3418 688 3474 rebat
703 3423 759 3476 et
771 3423 1102 3474 extremam
1119 3420 1521 3477 mansionem‘
1535 3422 1668 3477 .Pro
1681 3424 1952 3479 omnibus
1970 3430 2172 3482 autem

514 3507 608 3562 his
639 3508 862 3576 gratias
891 3524 1147 3579 agemus
1178 3510 1410 3567 Christo
1443 3513 1559 3567 Deo
1579 3514 2172 3582 nostro,cuidebetur

517 3599 717 3653 omnis
732 3598 922 3668 gloria
938 3599 1133 3655 honor
1152 3600 1494 3657 etadoratio
1509 3601 1690 3657 simul
1704 3604 2062 3677 ctprincipio
2077 3620 2169 3662 ca-

515 3688 811 3758 rentiejus
829 3689 1000 3760 Patri,
1029 3694 1086 3745 et
1107 3689 1488 3747 sanctissimo
1517 3691 1962 3766 viviﬁcantique
1985 3695 2170 3767 Spiri-

519 3776 602 3832 tui
615 3791 800 3845 ,nunc
815 3782 873 3834 et
885 3795 1144 3852 semper,
1162 3784 1215 3836 et
1229 3780 1289 3835 iu
1305 3780 1509 3837 secula
1526 3782 2108 3841 saculorumAmen
2120 3828 2132 3840 .

623 3921 722 3976 DE
755 3921 846 3976 PA
868 3923 1191 3978 TIENTIA
1236 3924 1351 3979 ET
1381 3925 1925 3982 LONGANIMITA
1941 3929 2057 3984 TE.

1123 4031 1352 4087 SERMO
1416 4033 1554 4088 XIII.

588 4135 740 4206 1.(4)
781 4137 966 4191 Nemo
1010 4152 1081 4191 ex
1111 4137 1286 4192 malis
1333 4155 1471 4211 quae
1520 4155 1744 4211 passus
1784 4143 2167 4212 est,adduca-

512 4228 606 4279 tur
630 4229 696 4278 ut
717 4223 932 4293 cogitet
960 4241 1029 4280 ac
1053 4224 1211 4281 dicat
1238 4242 1332 4282 res
1365 4232 1600 4284 nostras
1632 4231 2010 4302 providentia
2039 4233 2168 4289 nul-

505 4329 567 4386 la
583 4312 904 4382 gubernari
917 4329 1133 4386 ,neque
1151 4315 1386 4371 Domini
1401 4317 1983 4376 administrationem
1998 4338 2066 4378 ac
2074 4323 2095 4394 j
2107 4340 2166 4378 u-

508 4402 735 4457 dicium
765 4401 1034 4459 incuset:
1070 4403 1175 4459 scd
1218 4405 1278 4459 in
1336 4405 1625 4462 athletam
1679 4409 1792 4464 Job
1839 4409 2164 4473 intueatur,

2298 1898 2422 1970 φέρῃ
2457 1893 2482 1947 ἀ
2519 1893 2692 1966 λόγος,
2739 1892 2967 1968 ὀχληρός
3014 1913 3120 1955 πως
3178 1890 3308 1945 εἶναι
3358 1889 3506 1946 δοκεῖ
3539 1892 3588 1945 ἐν
3636 1903 3706 1968 τῇ
3774 1903 3929 1969 περί..

2297 1979 2499 2055 ωδυνίᾳ
2543 1986 2972 2058 προσφερόμενος.
3020 1982 3182 2034 Ὀταν
3243 1979 3302 2035 δὲ
3350 1979 3472 2054 ῖδης
3527 1982 3614 2035 ἐπὶ
3669 1991 3928 2058 μετανοίᾳ

2295 2081 2396 2124 τῶν
2436 2075 2813 2148 ἡμαρτημένων
2852 2076 2938 2124 τόν
2982 2068 3201 2145 ἀδελφὸν
3262 2069 3601 2146 ὀδυρόμενον,
3644 2075 3926 2146 σύγκλαυσ

2299 2181 2387 2214 σον
2413 2170 2485 2234 τῷ
2529 2165 2770 2234 τοιούτῳ,
2834 2165 2920 2214 καὶ
2954 2163 3198 2235 σύμπαθε
3229 2164 3324 2234 (5)’
3359 2167 3450 2216 καὶ
3485 2166 3591 2238 γὰρ
3619 2184 3716 2217 σοι
3749 2167 3921 2240 ὑπάρ-

2292 2252 2366 2315 ξει
2422 2251 2470 2304 ἐν
2535 2251 2819 2325 ἀλλοτρίοις
2848 2253 3040 2304 πάθεσι
3069 2255 3126 2302 τὸ
3158 2251 3343 2304 οἰκεῖον
3365 2250 3834 2324 ἐπανορθοῦσθαι.
3865 2288 3869 2289 ί

2291 2340 2350 2393 Ὀ
2379 2343 2480 2416 γὰρ
2519 2343 2643 2414 ὑπὲρ
2683 2349 2774 2402 τῆς
2812 2347 2904 2393 τοῦ
2950 2339 3175 2398 πλησίον
3225 2340 3487 2416 ἁμαρτίας
3549 2344 3751 2416 θερμὸν
3799 2343 3922 2398 ἀπο-

2291 2430 2483 2493 στάξας
2522 2427 2770 2504 δάκρυον,
2802 2429 2983 2483 ἑαυτὸν
3011 2428 3278 2501 ἐξιάσατο,
3320 2427 3393 2484 δι’
3433 2431 3502 2482 ὧν
3561 2435 3657 2484 τὸν
3692 2430 3922 2506 ἀδελφὸν

2289 2516 2626 2595 ἀπωδυρατο.
2690 2518 2837 2592 ’Υπὲρ
2907 2517 3168 2594 ἁμαρτίας
3223 2519 3385 2573 κλαῖε.
3443 2521 3590 2579 Αὕτη
3639 2522 3925 2597 ἀρρωστία

2285 2608 2494 2680 ψυχῆς,
2533 2609 2665 2667 αὕτη
2722 2610 2947 2671 θάνατός
2992 2607 3103 2661 ἐστι
3167 2617 3263 2671 τῆς
3300 2607 3588 2680 ἀθανάτου,
3623 2613 3771 2672 αὕτη
3807 2620 3921 2667 πέν-

2288 2701 2405 2759 θους
2442 2696 2564 2760 ἀξία
2619 2702 2709 2750 καὶ
2765 2693 3012 2772 ὀδυρμῶν
3057 2696 3348 2770 ἀσιγήτων.
3413 2699 3534 2752 Ἐπὶ
3585 2705 3767 2776 ταύτῃ
3814 2710 3915 2756 πᾶν

2288 2783 2516 2862 δάκρυον
2569 2787 2698 2861 ῥέοι,
2754 2791 2844 2839 καὶ
2886 2791 2958 2859 μὴ
3016 2783 3280 2840 διαλείποι
3321 2792 3609 2860 στεναγμός
3659 2790 3720 2842 ἐκ
3751 2798 3919 2864 μέσης

2285 2872 2508 2951 καρδίας
2593 2874 3031 2948 ἀναπεμπόμενος.
3106 2876 3284 2937 Οὕτως
3377 2877 3582 2929 ἔκλαιεν
3653 2879 3913 2956 Ἱερεμίας

2285 2964 2368 3018 ἐπὶ
2417 2971 2522 3026 τοῖς
2581 2963 2947 3038 ἀπολλυμένοις
2999 2972 3092 3018 τοῦ
3143 2965 3289 3018 λαοῦ·
3346 2964 3386 3039 ᾧ
3439 2986 3499 3039 γε
3569 2966 3766 3029 ἐπειδὴ
3826 2972 3918 3024 οὐκ

2281 3059 2432 3130 ἤρκει
2449 3058 2507 3108 τὸ
2539 3054 2594 3107 ἐκ
2627 3058 2830 3127 φύσεως
2861 3051 3114 3129 δάκρυον,
3154 3060 3332 3128 πηγὴν
3385 3054 3626 3120 ἐπεξήτει
3662 3055 3916 3135 δακρύων

2283 3148 2374 3196 καί
2432 3146 2664 3218 σταθμὸν
2711 3147 2958 3216 ἔσχατον.
3013 3143 3161 3219 ’Υπὲρ
3204 3141 3264 3198 δε
3312 3144 3550 3198 ἁτούτων
3580 3149 3792 3200 πάντων
3827 3152 3914 3203 εὖ·

2283 3239 2700 3308 χαριστήσωμεν
2755 3240 2968 3310 Χριστῷ
2999 3242 3070 3305 τῷ
3102 3241 3215 3305 Θεῷ
3256 3236 3426 3308 ἡμῶν,
3477 3237 3558 3288 ὅτι
3595 3237 3734 3307 αὖτῷ
3771 3244 3906 3311 πηεέ-

2282 3343 2368 3376 πει
2419 3329 2568 3375 πᾶσα
2601 3319 2753 3390 δόξα,
2801 3329 2927 3395 τιμὴ
2983 3328 3074 3375 καὶ
3125 3327 3514 3398 προσκύνησις,
3567 3328 3654 3377 σὺν
3691 3334 3764 3396 τῷ
3808 3327 3900 3378 ἆν-

2285 3415 2439 3485 άρχῳ
2472 3417 2662 3485 Πατρὶ,
2694 3417 2783 3464 καὶ
2821 3419 2894 3483 τῷ
2936 3417 3176 3485 παναγίῳ
3214 3419 3304 3466 καὶ
3337 3417 3580 3486 ζωοποιῷ
3611 3417 3910 3488 Ilva-Spuri,

2279 3510 2367 3554 νυν
2398 3506 2487 3555 καὶ
2519 3501 2622 3570 ἀεὶ,
2656 3506 2745 3554 καὶ
2776 3502 2847 3565 εἰς
2899 3505 3020 3564 τοὺς
3076 3503 3261 3564 αἰῶνας
3303 3512 3406 3555 τῶν
3438 3505 3662 3561 αἰώνων,
3710 3505 3911 3580 Ἀμήν.

2458 3918 2604 3965 ΠΕΡΙ
2649 3919 3020 3966 ΥΠΟΜΟΝΠΣ
3049 3920 3162 3967 ΚΑΙ
3195 3921 3725 3992 ΜΛΚΡΟΘΥΜΙΑΣ³

2903 4025 3121 4074 ΑΘΓΟΣ
3175 4023 3278 4078 ΙΓ’.

2352 4149 2402 4199 1.
2451 4141 2658 4207 Μηδεὶς
2709 4143 2763 4208 ἐξ
2792 4146 2859 4196 ὧν
2909 4148 3064 4199 ἔπαθε
3093 4146 3341 4223 λυπηρῶν
3395 4147 3700 4223 ἁναπεισθῇ
3761 4153 3916 4226 λογί-

2279 4235 2478 4286 σασθαί
2506 4255 2555 4287 τι
2581 4238 2670 4287 καὶ
2715 4233 2898 4306 λέγειν,
2939 4239 3008 4287 ὡν
3056 4237 3161 4310 ἄρα
3204 4234 3429 4310 οὐδεμία
3463 4243 3700 4313 πρόνοια
3730 4247 3916 4298 τάττει

2276 4326 2340 4375 τὰ
2385 4323 2502 4376 καθ’
2569 4325 2730 4396 ἡμᾶς,
2793 4321 2934 4396 μηδέ
2965 4332 3325 4400 κατηγορείτω
3351 4335 3447 4390 τῆς
3469 4329 3792 4403 οἰκονομίας
3827 4355 3914 4387 τον

2278 4417 2537 4466 Δεσπότου
2595 4417 2687 4465 καὶ
2738 4418 2980 4488 κρίσεως
3041 4415 3147 4466 αλλ’
3209 4416 3280 4478 εἰς
3344 4420 3432 4470 τόν
3483 4415 3728 4479 ἀθλητήν
3798 4424 3916 4476 Ἰὼϐ

503 4491 829 4564 ipsumque
843 4491 952 4547 sibi
975 4493 1408 4562 cogitationum
1421 4496 1738 4554 meliorum
1760 4499 2166 4556 consiliarium

2288 4500 2469 4575 ὁράτω,
2520 4501 2755 4554 κάκεῖνον
2803 4503 3096 4575 σύμϐουλον
3150 4508 3404 4559 ποιείσθω
3449 4515 3542 4559 τοῦ
3573 4515 3913 4581 κρείττονος.

509 4580 816 4638 adhibeat.
848 4583 1099 4652 Reputet
1133 4584 1339 4639 omnia
1389 4600 1458 4639 ex
1486 4585 1695 4642 ordine
1727 4589 2074 4660 certamina,
2105 4590 2165 4645 in

506 4669 730 4742 quibus
759 4670 854 4725 ille
873 4671 1064 4727 victor
1109 4673 1346 4745 exstitit,
1369 4679 1428 4730 et
1446 4681 1593 4748 quot
1615 4677 1834 4747 jaculis
1855 4694 1891 4734 a
1921 4679 2164 4735 diabolo

506 4758 726 4827 petitus
781 4759 1061 4816 lethalem
1101 4762 1335 4817 nullam
1367 4761 1612 4835 plagam
1643 4767 1954 4838 acceperit.
1987 4768 2161 4840 546

512 4847 732 4902 Evertit
755 4847 1007 4919 quidem
1054 4849 1210 4905 illius
1249 4851 1646 4908 domesticam
1680 4856 2160 4927 prosperitatem,

509 4935 1170 5009 eumdemquealternis
1191 4941 1622 4998 adversitatum
1653 4945 1878 5000 nuntiis
1907 4946 2161 5003 obruere
2201 5005 2213 5018 ,

509 5027 819 5080 statuerat.
856 5027 1000 5083 Cum
1025 5028 1183 5084 enim
1207 5029 1372 5102 prior
1401 5030 1635 5088 cladem
1668 5032 1936 5106 aliquam
1959 5036 2159 5093 adhuc

509 5113 911 5177 annuntiaret,
937 5117 1182 5172 nuntius
1205 5117 1352 5174 alter
1376 5136 1575 5176 rerum
1597 5122 1960 5180 deteriorum
1985 5126 2160 5182 tristi-

508 5200 653 5257 tiam
693 5200 951 5257 afferens
980 5204 1293 5262 veniebat:
1330 5207 1613 5281 malaque
1646 5212 2159 5270 connectebautur

577 5310 592 5343 ¹
637 5309 860 5366 Jerem.
881 5324 960 5381 x1,
993 5311 1045 5364 1.

535 5463 538 5467 ,
581 5413 888 5489 (Ε-Χᾉὴοιη.
912 5415 974 5470 in
1007 5421 1187 5489 mai't.
1220 5418 1624 5489 Julz'ttam,42.

576 5485 658 5555 (2)
687 5487 767 5539 Ex
795 5485 969 5557 epist.
995 5503 1075 5550 x1,
1107 5488 1194 5542 78.

584 5558 768 5632 (3)1111:
796 5557 966 5632 _hom.
993 5562 1057 5632 τῃ
1082 5564 1262 5632 mort.
1301 5562 1598 5632 Julz'ttam,
1629 5568 1718 5619 42.

587 5625 666 5694 (4)
690 5627 774 5681 Ex
795 5625 967 5687 hom.
996 5629 1166 5698 Quod
1206 5633 1533 5691 mundanis
1565 5625 1996 5697 ddhavrendum
2037 5657 2158 5698 non

2282 4591 2698 4662 Ἀναλογιζέσθω
2750 4596 2874 4654 τοὺς
2927 4592 3125 4666 ἀγῶνας
3182 4594 3414 4656 ἅπαντας
3454 4595 3609 4669 ἐφεξῆ
3626 4619 3671 4660 ς,
3750 4600 3811 4652 ἐν
3841 4599 3912 4661 οἷς

2277 4679 2462 4742 ἐκεῖνος
2511 4681 2810 4754 ἠρίστευσε·
2871 4687 2963 4734 καὶ
2999 4687 3184 4745 πόσοις
3242 4683 3450 4756 βέλεσιν
3499 4686 3605 4738 ὑπὸ
3655 4697 3759 4740 τοῦ
3787 4688 3909 4743 δια-

2275 4769 2428 4822 ϐόλου
2478 4768 2713 4843 βληθεὶς,
2755 4771 2849 4823 οὐκ
2893 4768 3107 4835 ἐδέξατο
3147 4778 3359 4848 καιρίαν
3389 4773 3624 4846 πληγήν.
3671 4780 3908 4853 Περιείλε

2273 4863 2363 4932 μὲν
2415 4864 2517 4934 γὴρ
2551 4859 2712 4911 αὐτοῦ
2750 4864 2844 4918 τὴν
2909 4860 3193 4935 εὐπραγίαν
3239 4871 3338 4914 τῶν
3383 4863 3614 4932 οἰκείων,
3650 4878 3906 4939 καταχῶ-

2274 4969 2365 5001 σαι
2398 4945 2456 5001 δε
2479 4948 2634 5001 αὑτὸν
2679 4956 2795 5011 ταῖς
2852 4947 3152 5012 ἐπαλλήλοις
3191 4960 3293 5004 τῶν
3350 4961 3526 5004 κακῶν
3579 4952 3888 5008 ἐϐουλεύσα-

2269 5057 2327 5090 το
2385 5043 2602 5110 φὴμαις.
2645 5037 2762 5091 "En
2815 5040 2916 5113 γὰρ
2957 5047 3048 5091 τοῦ
3096 5045 3350 5115 προτέρου
3391 5046 3483 5099 τὴν
3519 5042 3736 5098 τοιάνδε
3757 5063 3882 5113 συμ-

2271 5130 2430 5202 φορὰν
2478 5126 2886 5198 ἐξαγγέλλοντος,
2955 5129 3123 5202 ἔτερος
3173 5130 3393 5202 ἄγγελος
3455 5135 3894 5206 ﬁxum-Lupo-

2269 5237 2366 5268 νων
2419 5219 2740 5290 πραγμάτων
2784 5220 2945 5294 φέρων
2997 5224 3301 5292 κατήφειαν·
3357 5219 3608 5282 ἀλληλοις
3682 5243 3736 5277 τε
3797 5225 3909 5276 ἐπι-

2579 5503 2840 5582 σύμπαᾼθς.
2862 5505 2996 5582 Haec
3029 5503 3314 5582 addimus
3343 5520 3416 5582 ex
3439 5507 3660 5565 codice
3691 5511 3919 5582 Regio.

2275 5573 2512 5643 Legitur
2542 5572 2604 5628 in
2635 5572 2914 5630 eontextu
2950 5575 3133 5646 hujus
3166 5575 3447 5632 editionis
3493 5572 3826 5651 συμπαθεῖ
3856 5584 3919 5652 Lf.

2278 5643 2589 5718 συμπάθει].
