4084 6396
232 336 365 395 1289

1382 325 1612 389 SERMO
1650 325 1791 387 XIII.
1821 367 1889 379 -
1917 326 2007 388 DE
2054 321 2444 389 ΡΑΤΙΕΝΤΙΑ.

3475 329 3612 392 1290

232 467 520 522 συνήπτετο
547 463 612 513 τα
639 457 804 529 δεινὰ,
832 464 921 512 καὶ
975 461 1068 517 τὴν
1113 463 1210 510 τῶν
1262 459 1507 530 κυμάτων
1538 453 1660 509 ἐπιδ
1663 459 1828 530 ρομην

1960 460 2091 512 nter
2122 473 2206 525 se,
2240 461 2295 512 et
2323 455 2697 512 calamitates
2746 449 3041 512 fluctuum
3071 455 3383 513 incursum
3411 457 3613 516 imita-

230 553 446 613 ἐζήλουν
495 553 550 603 αἱ
596 554 881 623 συμφοραὶ,
927 553 1017 602 καὶ
1066 554 1189 623 πρὶν
1221 548 1250 607 ἢ
1282 550 1546 608 παυθῆναι
1596 551 1654 600 τὸ
1707 550 1831 620 πρό-

230 661 372 718 τερον
427 638 676 716 δάκρυον,
729 639 898 713 ἐτέρου
963 644 1260 712 προσήγετο
1310 642 1594 712 πρόφασις.
1653 635 1711 690 Ὀ
1770 632 1829 688 δὲ

231 735 403 806 ὥσπερ
434 750 509 791 τις
556 728 805 805 πρόϐολος
845 731 1091 799 εἱστήκει,
1132 731 1226 791 τὰς
1263 736 1354 780 τοῦ
1393 736 1648 800 χειμῶνος
1695 727 1827 779 ὑπο-

233 817 514 893 δεχόμενος
574 818 892 890 προσϐολὰς,
968 823 1058 871 καὶ
1126 816 1338 871 ἁλλοῖὼν
1397 818 1462 880 εἰς
1521 817 1680 892 ἀφρὸν
1729 825 1829 869 τῶν

230 912 476 982 κυμάτων
531 914 625 968 τήν
684 907 829 983 βίαν,
889 913 978 961 καὶ
1032 913 1126 968 τὴν
1185 909 1483 982 εὐγνώμονα
1541 911 1668 982 πρὸς
1743 911 1829 960 τὸν

232 1004 496 1057 Δεσπότην
536 1000 676 1071 ἠφίει
723 1003 912 1072 φωνὴν,
953 1004 1042 1051 καὶ
1090 995 1240 1052 οὐδὲν
1292 1007 1391 1050 τῶν
1443 997 1830 1071 συμϐαινόντων

234 1086 475 1163 δακρύων
529 1088 768 1151 ἠξίωσεν.
802 1085 1020 1146 Ἐπειδή
1066 1084 1124 1141 δὲ
1180 1090 1274 1148 ἧκέ
1311 1108 1390 1150 τις
1442 1086 1719 1160 αγγελλων,
1768 1089 1831 1147 ὡς

231 1187 340 1240 τοῖς
377 1183 535 1230 παισὶ
586 1183 675 1231 καὶ
729 1185 839 1238 ταῖς
891 1179 1213 1254 θυγατράσιν
1246 1179 1624 1251 εύωχουμένοις
1669 1175 1833 1229 ἐπετί-

230 1267 348 1330 ναξε
390 1269 591 1340 πνεῦμά
639 1287 690 1320 τι
739 1265 914 1340 βίαιον
958 1271 1010 1319 τὸ
1064 1275 1159 1329 τῆς
1190 1268 1503 1343 εὐφροσύνης
1543 1265 1828 1340 δωμάτιον,

232 1362 348 1410 τότε
386 1361 538 1430 μόνον
587 1361 681 1414 τὴν
726 1356 926 1416 ἐσθῆτα
957 1353 1215 1432 διέρρηξε,
1249 1361 1306 1409 τὸ
1351 1367 1440 1418 τῆς
1476 1360 1677 1430 φύσεως
1725 1355 1832 1408 ἐπι.

234 1443 562 1519 δεικνύμενος
612 1449 899 1519 συμπαθες,
947 1453 1036 1500 καὶ
1068 1449 1148 1500 ὃτι
1193 1452 1366 1521 πατὴρ
1410 1451 1485 1505 εἴη
1548 1445 1830 1520 φιλόστορ-

231 1557 322 1608 γος
372 1537 444 1598 οἷς
475 1541 690 1610 ἔπραττε
741 1541 1159 1612 μαρτυρούμενος
1192 1553 1206 1568 ’
1263 1543 1354 1590 καὶ
1407 1546 1520 1600 ταῖς
1567 1535 1829 1590 εύσεϐέσιν

235 1623 446 1687 ἐκείναις
509 1634 697 1698 φωναῖς
752 1637 961 1698 κοσμῶν
1028 1631 1084 1680 τὸ
1148 1632 1433 1700 γινόμενον,
1502 1627 1664 1699 ἐλεγεν
1699 1649 1710 1661 -
1772 1627 1832 1679 Ὀ

238 1719 424 1788 Κύριος
481 1714 687 1783 ἔδωκεν,
748 1718 774 1768 ὁ
834 1719 1019 1791 Κύριος
1086 1715 1357 1789 ἀφείλετο·
1400 1721 1466 1780 ὡς
1523 1727 1594 1789 τῷ
1658 1722 1833 1792 Κυρίῳ

235 1803 428 1872 ἔδοξεν,
461 1807 596 1858 οὕτω
644 1811 734 1858 καὶ
773 1805 967 1877 ἐγένετο
1003 1823 1016 1836 ⁸
1057 1813 1341 1879 μονονουχὶ
1388 1816 1606 1859 τοιαῦτα
1647 1807 1784 1880 βοῶν
1817 1823 1829 1836 °

235 1896 487 1953 Ἐκλήοην
539 1899 728 1968 πατὴρ,
773 1894 848 1967 ἐφ’
888 1897 1008 1947 ὅσον
1063 1897 1087 1947 ὁ
1141 1901 1292 1948 τοῦτο
1348 1916 1410 1969 με
1440 1902 1664 1956 ποιήσας
1693 1896 1836 1949 ἐϐού-

234 1983 348 2036 λετο
391 1988 606 2056 χρόνον.
667 1982 918 2057 Περιελεῖν
975 2003 1075 2054 μου
1127 1987 1210 2036 τὸν
1260 1982 1314 2035 ἐκ
1379 1993 1471 2046 τῆς
1516 1993 1671 2056 γονῆς
1726 1989 1836 2036 στέ-

238 2091 392 2144 φανον
432 2070 772 2124 ἐϐουλεύσατο
819 2071 994 2140 πάλιν,
1057 2072 1113 2124 ού
1165 2070 1508 2146 διαμάχομαι
1574 2078 1692 2146 περὶ
1736 2081 1836 2126 τῶν

240 2159 388 2214 ἰδίων
421 2160 582 2232 αύτῷ.
618 2166 880 2236 Κρατείτω
928 2165 984 2214 τὸ
1017 2171 1088 2233 τῷ
1128 2168 1359 2235 Δεσπὸτη
1403 2160 1592 2216 δοκοῦν
1629 2185 1640 2196 ·
1684 2163 1836 2226 αὐτὸς

239 2250 379 2302 ἐστιν
440 2252 466 2302 ὀ
531 2250 765 2310 πλάστης
827 2258 918 2303 τού
975 2255 1174 2322 γένους,
1229 2250 1326 2324 ἐγὼ
1368 2249 1426 2304 δὲ
1479 2256 1693 2327 ὸξογανον
1725 2269 1738 2282 ⁸
1787 2257 1837 2304 τί

237 2359 300 2413 με
341 2345 450 2414 χρὴ
491 2336 675 2392 δοῦλον
735 2344 854 2393 ὄντα
914 2337 1283 2416 δυσχεραίνειν
1327 2341 1548 2400 ἀνόνητα
1605 2343 1700 2413 (1),
1749 2347 1839 2395 καὶ

239 2432 532 2503 μέμφεσθαι
584 2429 756 2500 ψῆφον
816 2430 878 2489 ἣν
946 2429 1004 2482 ού
1063 2427 1296 2504 δύναμαι
1355 2431 1514 2489 λύειν,
1577 2435 1840 2492 Τοιούτοις

238 2522 324 2570 τὸν
380 2516 622 2572 διάϐολον
662 2521 687 2571 ὁ
747 2517 950 2580 δίκαιος
997 2522 1343 2581 κατηκόντιζε
1388 2522 1640 2595 ῥήμασιν.
1678 2523 1841 2574 Ἐπει-

241 2606 308 2667 δὴ
369 2605 428 2661 δὲ
495 2609 650 2661 αὑτὸν
711 2617 933 2661 νικῶντα
983 2607 1088 2662 εἶδε
1144 2611 1298 2662 πάλιν
1343 2613 1367 2662 ο
1419 2608 1705 2683 δυσμενὴς,
1752 2616 1842 2663 καὶ

239 2695 413 2750 ούδενὶ
449 2701 642 2750 τούτων
694 2700 1010 2768 τιναχθῆναι
1064 2696 1366 2771 δυνάμενον,
1401 2700 1530 2772 αὐτῇ
1579 2708 1639 2772 τῇ
1686 2705 1842 2773 σαρκὶ

241 2792 298 2840 τὸ
361 2796 454 2850 τῆς
509 2791 692 2860 πείρας
748 2795 985 2863 προσῆγε
1050 2790 1370 2860 μηχάνημα,
1429 2794 1517 2840 καὶ
1568 2792 1623 2841 τὸ
1691 2797 1844 2861 σῶμα

242 2875 500 2951 μαστίξας
587 2875 833 2951 ἀρρήτοις
905 2876 1153 2949 πληγαῖς,
1234 2877 1508 2936 σκωλήκων
1585 2874 1842 2930 ἀναδίδο-

247 2969 370 3019 σθαι
427 2968 602 3037 πηγὰς
637 2964 710 3028 ἐξ
768 2965 927 3018 αὑτοῦ
996 2971 1391 3040 παρεσκεύασε·
1453 2973 1542 3020 καὶ
1599 2976 1698 3019 τῶν
1748 2975 1842 3029 τῆς

244 3053 518 3129 βασιλείας
560 3057 748 3130 Θρονων
780 3059 864 3108 τὸν
915 3052 1088 3132 ἄνδρα
1137 3063 1471 3129 καταγαγὼν,
1510 3056 1592 3110 ἐπὶ
1623 3062 1843 3132 κοπρίας

1937 545 2366 618 bantur,atque
2393 545 2756 618 priusquam
2777 545 3005 617 priores
3027 545 3312 618 lacrymaz
3333 548 3610 607 sedaren-

1940 640 2054 703 tur,
2083 636 2340 692 aliarum
2370 635 2734 692 efferebatur
2765 636 3030 695 occasio.
3071 637 3188 694 Sed
3241 637 3339 694 ille
3383 644 3610 712 tempe-

1941 727 2108 783 statis
2140 731 2388 799 excepto
2418 725 2669 798 impetu,
2706 729 2761 782 et
2789 726 3097 782 undarum
3139 727 3197 783 vi
3227 727 3292 783 in
3323 743 3610 802 spumam

1940 815 2501 883 cominutata,velut
2522 815 2808 889 scopulus
2829 815 3046 882 stabat,
3079 815 3510 890 emittebatque
3530 816 3611 875 ad

1943 906 2263 962 Dominum
2297 911 2532 975 gratam
2559 905 2726 962 illam
2757 921 2988 974 vocem,
3015 922 3126 963 nec
3147 906 3488 980 quidquam
3513 922 3613 964 eo-

1941 1013 2078 1052 rum
2109 1013 2242 1068 quae
2266 995 2644 1064 accidebant,
2676 995 2964 1068 lacrymis
2995 995 3251 1065 dignum
3281 995 3475 1053 duxit.
3500 996 3611 1053 Ubi

1942 1102 2082 1143 vero
2107 1085 2347 1142 advenit
2373 1085 2478 1158 qui
2508 1089 2784 1142 narraret
2812 1085 3340 1159 quemadmodum
3383 1085 3522 1143 ﬁliis
3551 1089 3611 1144 et

1941 1174 2182 1230 filiabus
2241 1174 2708 1230 convivantibus
2749 1173 3050 1231 violentus
3107 1173 3355 1247 quidam
3388 1181 3608 1232 ventus

1943 1264 2358 1322 oblectationis
2411 1263 2665 1320 domum
2709 1268 3199 1337 conquassasset,
3227 1269 3373 1320 tunc
3411 1264 3611 1322 solum

1941 1353 2116 1410 scidit
2153 1354 2737 1420 vestem,ostendens
2760 1353 3185 1410 condolentem
3208 1359 3511 1422 naturam,
3528 1357 3614 1410 at-

1941 1461 2060 1518 que
2087 1445 2158 1500 iis
2189 1445 2442 1515 agendis
2474 1444 2791 1501 declarans
2818 1449 3052 1518 patrem
3096 1460 3227 1501 esse
3268 1459 3332 1500 se
3387 1443 3612 1501 libero-

1940 1553 2076 1592 rum
2108 1535 2686 1606 amantem,piisque
2717 1534 2832 1590 illis
2860 1534 3117 1591 vocibus
3147 1533 3312 1607 quod
3332 1536 3616 1591 evenerat

1943 1641 2165 1681 ornans
2187 1625 2426 1681 dicebat
2452 1641 2463 1680 :
2500 1626 2777 1680 Dominus
2808 1625 2992 1696 dedit,
3020 1625 3298 1680 Dominus
3330 1623 3613 1680 abstulit:

1943 1716 2094 1771 sicut
2123 1716 2373 1771 Domino
2404 1715 2656 1783 placuit,
2690 1719 2777 1770 ita
2809 1720 2862 1771 et
2890 1715 3124 1784 factum
3170 1720 3251 1770 est
3277 1716 3299 1748 ²
3330 1730 3343 1766 :
3377 1717 3614 1770 tantum

1877 1810 1914 1864 Β
1946 1829 2067 1868 non
2094 1813 2366 1868 clamans
2405 1812 2466 1868 in
2494 1813 2656 1868 hunc
2679 1813 2930 1868 modum
2955 1829 2967 1867 :
3001 1816 3169 1867 Pater
3197 1815 3450 1868 vocatus
3476 1826 3614 1866 sum

1946 1903 2092 1959 dum
2121 1901 2307 1958 voluit
2337 1901 2441 1974 qui
2471 1918 2568 1958 me
2617 1906 2850 1974 patrem
2883 1901 3094 1957 effecit.
3141 1901 3355 1958 Statuit
3399 1914 3612 1957 rursus

1947 1992 2171 2048 sobolis
2198 1992 2341 2048 mihi
2372 2007 2664 2048 coronam
2696 1990 3122 2058 auferre,haud
3153 2004 3428 2063 repugno
3455 2004 3614 2062 quo-

1947 2083 2147 2138 minus
2197 2098 2307 2139 sua
2357 2081 2608 2138 auferat.
2669 2080 2948 2137 Obtineat
2987 2080 3157 2153 quod
3211 2079 3471 2136 Domino
3526 2077 3616 2135 vi-

1949 2188 2083 2228 sum
2138 2178 2270 2237 cst;
2322 2171 2449 2243 ipse
2507 2175 2598 2226 est
2647 2169 2880 2239 generis
2932 2169 3229 2234 conditor,
3281 2184 3394 2239 ego
3433 2182 3609 2238 orga-

1949 2278 2134 2328 num;
2165 2261 2311 2333 quid
2342 2277 2590 2316 necesse
2639 2264 2752 2326 est,
2791 2276 2998 2315 servus
3049 2276 3188 2315 cum
3229 2259 3362 2330 sim,
3413 2255 3616 2314 dolere

1950 2367 2048 2407 me
2087 2351 2323 2415 frustra,
2358 2367 2426 2406 ac
2454 2349 2528 2404 de
2560 2349 2853 2405 sententia
2882 2365 3072 2421 quam
3101 2364 3338 2421 nequeo
3385 2346 3616 2402 irritam

1951 2439 2168 2508 facere,
2201 2439 2488 2510 conqueri
2515 2440 2542 2494 ?
2574 2438 2778 2494 Verbis
2809 2437 3117 2508 ejusmodi
3176 2436 3355 2509 quasi
3399 2434 3619 2507 jaculis

1947 2530 2146 2601 justus
2195 2530 2288 2585 ille
2336 2529 2650 2585 diabolum
2681 2526 2970 2584 confodit.
3020 2527 3356 2599 Postquam
3416 2529 3619 2581 autem

1955 2619 2166 2674 iterum
2219 2619 2500 2674 inimicus
2547 2633 2687 2673 eum
2739 2616 2890 2672 vidit
2936 2632 3067 2671 esse
3128 2616 3441 2684 victorem,
3507 2627 3620 2669 nec

1955 2707 2075 2764 ulla
2095 2708 2311 2762 harum
2340 2721 2753 2761 aerumnarum
2782 2704 3019 2761 concuti
3037 2720 3236 2776 posse,
3273 2700 3622 2759 tentationis

1954 2796 2225 2852 admovit
2254 2795 2816 2851 machinamentum
2838 2794 3004 2850 carni
3027 2793 3230 2865 ipsi,et
3260 2789 3618 2864 corporein-

1955 2886 2152 2942 fandis
2183 2885 2528 2940 vulneribus
2568 2900 2862 2956 percusso
2916 2882 3131 2952 effecit,
3164 2887 3228 2938 ut
3280 2897 3353 2937 ex
3391 2896 3463 2937 eo
3493 2893 3620 2937 ver-

1955 2977 2143 3032 mium
2160 2975 2352 3032 fontes
2371 2975 2749 3042 scaturirent;
2774 2974 3094 3045 virumque
3113 2989 3186 3028 ex
3209 2970 3377 3041 regio
3401 2969 3622 3028 throno

1952 3066 2360 3132 deturbatum,
2386 3064 2446 3120 in
2478 3062 2847 3136 sterquilinio
2875 3061 3208 3119 collocavit.
3245 3060 3342 3116 ille
3366 3075 3510 3116 vero
3531 3063 3624 3119 vel

244 3144 506 3198 ἐκάθεισεν
666 3143 722 3196 ’0
755 3142 928 3199 δὲκαὶ
979 3149 1232 3207 τοιούτοις
1264 3145 1573 3219 βαλλόμενος
1601 3149 1840 3215 πάθεσιν,

1956 3155 2170 3213 talibus
2197 3154 2492 3224 angustiis
2516 3153 2851 3222 lacessitus,
2877 3151 3210 3224 permansit
3231 3151 3539 3217 immotus;
3564 3150 3620 3205 et

245 3232 491 3297 ἀκίνητος
553 3238 691 3308 ἔμενε
725 3255 738 3269 ·
803 3241 894 3289 καὶ
952 3241 1376 3308 σπαραττομένου
1428 3245 1520 3290 τοῦ
1581 3244 1840 3310 σωματος,

242 3325 463 3378 ἄσπιλον
514 3326 590 3395 (3)
623 3321 867 3397 ἐφύλαττε
919 3329 1006 3377 τὸν
1045 3334 1136 3387 τῆς
1177 3324 1434 3388 εὐσεϐείας
1490 3329 1754 3400 θησαυρὸν
1795 3325 1842 3379 ἐν

243 3424 315 3486 τῷ
336 3421 549 3487 κρυπτῷ
580 3421 676 3474 τῆς
705 3413 916 3486 ψυχῆς.

315 3509 367 3560 2.
402 3504 510 3557 Ούκ
555 3506 690 3576 ἔχων
747 3509 917 3556 τοίνυν
968 3505 993 3557 ὅ
1045 3524 1096 3557 τι
1147 3511 1360 3564 ποιήσει
1407 3505 1640 3559 λοιπὸνὸ
1692 3505 1842 3559 πολέ-

243 3613 381 3667 μιος,
444 3592 519 3645 ἐπὶ
575 3598 666 3651 τὴν
716 3600 806 3654 τῆς
846 3592 1077 3666 ἀρχαίας
1135 3594 1408 3656 ἐπιϐουλῆς
1466 3598 1680 3669 ἔρχεται
1719 3602 1844 3668 μνη-

246 3705 370 3758 μην,
429 3687 520 3736 καὶ
576 3687 669 3742 τὴν
726 3692 817 3736 τοῦ
875 3690 1090 3755 γυναίου
1153 3682 1388 3738 διάνοιαν
1447 3688 1713 3762 ύποσύρας
1773 3687 1844 3749 εἰς

249 3773 410 3832 ἀσεϐῆ
461 3779 672 3846 γνώμην
711 3778 800 3824 καὶ
855 3772 1194 3846 βγάσφημον,
1253 3772 1330 3827 δι’
1367 3775 1563 3838 ἐκείνης
1615 3777 1844 3829 σαλεύειν

248 3861 484 3936 ἐπειρᾶτο
524 3868 610 3916 τὸν
666 3863 922 3922 ἀθλητήν,
967 3871 1065 3918 Καὶ
1117 3868 1145 3923 η
1209 3871 1297 3938 μὲν
1345 3871 1474 3940 πρὸς
1518 3872 1604 3919 τὸν
1646 3872 1844 3942 μακρόν

247 3959 398 4006 πόνον
426 3958 502 4026 (4)
548 3952 978 4027 ἀπαγορεύσασα,
1020 3963 1090 4026 τῷ
1132 3952 1321 4028 δικαίῳ
1359 3963 1674 4031 παρίστατο,
1708 3961 1846 4011 κάτω

245 4052 527 4111 νενευκυῖα,
581 4049 670 4095 καὶ
722 4046 815 4107 τὰς
869 4053 1055 4120 χεῖρας
1110 4043 1194 4097 ἐπὶ
1243 4055 1349 4107 τοῖς
1389 4049 1666 4121 ὁρωμένοις
1722 4069 1848 4120 συγ-

245 4137 532 4209 κρούονσα,
610 4139 699 4187 καὶ
766 4137 883 4194 τοὺς
945 4143 1039 4198 τῆς
1109 4134 1368 4197 εὐσεϐείας
1424 4137 1561 4209 αύτῷ
1622 4142 1850 4212 καρπούς

247 4222 604 4292 ὀνειδίζουσα,
635 4229 725 4276 καὶ
753 4225 1116 4297 καταλέγουσι(
1145 4227 1234 4298 μὲν
1293 4231 1385 4284 τὴν
1425 4227 1649 4280 παλαιὰν
1699 4229 1848 4288 εύθη-

243 4320 357 4367 νίαν
385 4324 482 4367 τῶν
529 4315 749 4386 οἰκείων,
785 4311 1144 4368 ὑποδεικνῦσα
1199 4313 1256 4369 δὲ
1310 4320 1377 4369 τα
1423 4322 1656 4392 παρόντα
1693 4323 1852 4386 κακα,

246 4409 337 4456 καὶ
395 4405 498 4455 οἷον
557 4402 609 4464 ἐξ
648 4405 766 4455 οἱων
821 4404 980 4475 ὒαχε
1023 4404 1160 4477 βίον,
1200 4412 1290 4459 καὶ
1346 4411 1463 4459 τίνα
1517 4417 1614 4460 τῶν
1659 4408 1856 4461 πολλῶν

1952 3245 2212 3302 lacerato
2245 3259 2516 3318 corpore,
2551 3241 2785 3315 pietatis
2836 3242 3188 3297 thesaurum
3218 3239 3278 3296 in
3309 3237 3621 3296 recondito

1956 3335 2174 3391 animae
2205 3349 2448 3390 recessu
2474 3331 2906 3389 intaminatum
2938 3329 3241 3387 servabat.

2024 3517 2075 3568 2.
2131 3516 2275 3571 Cum
2317 3512 2499 3582 igitur
2555 3526 2676 3566 non
2726 3510 2979 3568 haberet
3028 3509 3196 3582 quod
3232 3508 3362 3580 jam
3398 3506 3622 3564 faceret

1951 3604 2164 3672 hostis,
2200 3603 2557 3659 insidiarum
2601 3607 2872 3658 veterum
2905 3599 3290 3664 recordatur;
3316 3602 3499 3670 atque
3541 3597 3622 3654 ad

1952 3694 2206 3765 impiam
2221 3709 2290 3749 ac
2312 3693 2734 3765 blasphemam
2755 3690 3111 3747 sententiam
3130 3688 3332 3744 uxoris
3346 3687 3621 3743 animum

1954 3783 2330 3855 pertrahens,
2379 3797 2565 3853 opera
2624 3779 2780 3834 illius
2831 3777 3300 3848 aggrediebatur
3331 3774 3621 3832 athletam

1955 3875 2294 3929 concutere.
2319 3876 2398 3926 Ac
2428 3870 2526 3925 illa
2555 3869 2804 3942 quidem
2843 3866 3071 3923 laboris
3118 3863 3493 3920 diuturnitati
3523 3878 3620 3919 ce-

1956 3962 2124 4032 dens,
2154 3962 2318 4031 justo
2359 3960 2560 4029 astitit,
2588 3958 2759 4014 humi
2789 3973 3004 4030 prona,
3055 3971 3276 4012 manus
3331 3969 3512 4027 super
3550 3953 3620 4009 iis

1957 4067 2094 4123 quae
2118 4050 2360 4105 videbat
2381 4047 3048 4121 complodens,pietatis
3069 4045 3122 4100 ei
3151 4045 3378 4100 fructus
3408 4058 3622 4116 expro-

1959 4140 2136 4207 bans,
2199 4139 2338 4194 hinc
2403 4143 2662 4194 veterem
2723 4137 2805 4192 rei
2875 4134 3185 4191 familiaris
3243 4132 3622 4205 opulentiam

1961 4245 2304 4297 recensens,
2337 4227 2497 4283 illinc
2549 4226 2710 4282 mala
2757 4224 3074 4298 praesentia
3113 4228 3619 4284 commonstrans,

1965 4326 2022 4379 et
2067 4319 2314 4393 qualem
2370 4334 2442 4374 ex
2492 4316 2776 4390 qualibus
2811 4315 3053 4371 sortitus
3103 4317 3258 4368 esset
3300 4312 3505 4381 vitam,
3568 4314 3626 4365 et

1967 4427 2152 4485 quam
2181 4425 2290 4482 pro
2323 4408 2524 4464 multis
2571 4406 2879 4462 sacrificiis
2926 4402 3267 4460 mercedem
3294 4417 3329 4457 a
3369 4399 3624 4455 Domino

253 4494 447 4543 θυσιῶν
504 4487 716 4551 ἐδέξατο
756 4493 901 4563 παρά
960 4499 1052 4544 τοῦ
1098 4499 1358 4546 Δεσπότου
1417 4497 1628 4566 μισθόν.
1684 4496 1842 4570 ’Ἐλεγ

1970 4499 2314 4571 recepisset.
2334 4499 2400 4552 Et
2429 4511 2668 4568 semper
2695 4494 2879 4550 verba
2903 4491 3120 4564 pusillo
3141 4489 3388 4562 quidem
3421 4486 3627 4543 mulie-

251 4597 305 4631 τε
345 4577 423 4630 ἀεὶ
471 4587 564 4639 τῆς
595 4580 684 4650 μἐν
727 4587 826 4629 τῶν
880 4589 1138 4650 γυναικῶν
1187 4581 1542 4653 ὁλιγοψυχίας
1593 4585 1718 4646 ἄξια
1765 4588 1861 4659 ῥή-

249 4688 413 4742 ματα,
457 4667 677 4742 ταράξαι
729 4663 787 4718 δὲ
818 4669 989 4720 πάντα
1028 4665 1200 4743 ἄνδρα
1254 4667 1536 4744 δυνάμενα,
1592 4678 1682 4726 καὶ
1723 4694 1861 4750 περι-

251 4757 442 4832 τρέψαι
506 4761 596 4809 καὶ
652 4761 884 4828 γενναίαν
953 4753 1209 4812 διάνοιαν.
1285 4759 1541 4824 Πλανῆτις
1591 4766 1692 4836 γὰρ
1769 4773 1860 4824 καὶ

252 4848 429 4922 λάτρις
486 4851 836 4921 περιέρχομαι
897 4849 996 4918 (5),
1061 4850 1091 4907 ἡ
1161 4847 1374 4922 βασιλὶς
1444 4848 1692 4925 δουλεύω,
1771 4862 1862 4909 καὶ

256 4941 393 5013 πρὸς
463 4939 555 4999 τὰς
627 4944 727 4987 τῶν
802 4935 935 5009 ἐμῶν
1011 4937 1217 4991 οἰκετῶν
1276 4947 1464 5016 χεῖρας
1526 4943 1869 5019 ἠνάγκασμαι

257 5027 484 5103 βλέπειν,
553 5031 643 5079 καὶ
707 5030 972 5100 τρέφουσα
1032 5028 1194 5081 πάλαι
1266 5029 1502 5099 πολλούς,
1587 5032 1868 5108 ἀγαπητῶς

255 5118 312 5174 ἐκ
359 5126 456 5172 τῶν
506 5115 784 5192 ἀλλοτρίων
813 5122 1215 5192 παρατρέφομαι
1263 5127 1374 5178 νῦν.
1435 5126 1535 5176 Καὶ
1585 5127 1664 5178 ὃτι
1712 5128 1866 5182 καλὸν

342 5298 364 5334 ³
406 5295 540 5364 Job,
568 5313 604 5364 ι,
633 5298 723 5358 2i,

333 5474 408 5544 (Ι)
435 5475 704 5533 Ἀνόνητα.
738 5474 829 5530 Sic
859 5478 1107 5546 uterque
1152 5476 1366 5545 Regius
1399 5477 1591 5534 codex
1631 5480 1689 5534 et
1727 5494 1868 5535 con-

264 5547 478 5601 textUS.
512 5548 656 5603 Male
684 5547 743 5602 iu
775 5546 947 5601 editis
973 5548 1190 5604 nostris
1223 5547 1437 5606 ἀνοητα,

334 5616 412 5696 ρ)
444 5615 733 5696 ξεκαρισεν.
772 5619 863 5675 Sic
915 5623 1164 5693 uterque
1222 5620 1414 5680 codex
1443 5625 1502 5680 et
1530 5623 1864 5680 contextus.

263 5684 413 5745 Editi
437 5685 691 5750 ἐκάθιζεν.

519 5779 674 5837 Pun
702 5795 793 5840 οι..
831 5783 929 5840 GR.
973 5779 1170 5840 XXXII.

1971 4605 2108 4645 rum
2138 4588 2342 4643 animo
2370 4586 2554 4656 digna
2583 4585 2944 4657 proferebat,
2971 4580 3073 4636 sed
3091 4580 3230 4636 talia
3261 4583 3625 4649 tamen,qure

1973 4678 2167 4734 virum
2197 4691 2443 4732 omnem
2472 4674 2843 4748 perturbare,
2886 4676 2942 4726 et
2990 4669 3262 4725 animum
3295 4665 3384 4722 vel
3413 4666 3626 4722 fortem

1978 4767 2321 4824 subvertere
2376 4768 2640 4837 possent.
2680 4766 2862 4831 Vaga,
2911 4758 3243 4831 inquiebat,
3297 4760 3353 4813 et
3409 4754 3632 4812 ancilla

1976 4857 2208 4925 oberro,
2234 4855 2446 4925 regina
2485 4854 2700 4919 servio,
2731 4855 2787 4906 et
2826 4849 2906 4906 ad
2937 4864 3210 4904 meorum
3259 4844 3630 4902 famulorum

1977 4963 2196 5003 manus
2223 4943 2518 5016 respicere
2549 4946 2756 4997 coacta
2783 4956 2942 5008 sum,
2975 4942 3188 5009 etqure
3234 4933 3452 4992 multos
3485 4933 3629 4988 olim

1975 5035 2212 5102 nutrivi,
2261 5034 2416 5089 bene
2447 5046 2609 5086 nunc
2637 5045 2878 5086 mecum
2927 5027 3025 5099 agi
3076 5025 3349 5082 existimo
3381 5023 3430 5079 si
3481 5038 3631 5078 enu-

1977 5125 2118 5183 triar
2139 5141 2209 5182 ex
2241 5123 2467 5182 alienis.
2519 5120 2791 5178 Addebat
2832 5117 3047 5176 melius
3079 5131 3210 5173 esse
3241 5131 3312 5174 ac
3341 5112 3538 5170 utilius
3579 5111 3634 5166 si

2044 5469 2124 5538 (3)
2163 5464 2436 5521 "Asnam.
2464 5465 2786 5520 Contextus
2814 5460 3030 5529 ἄσυλον,
3053 5458 3432 5515 inviolatum.

2054 5541 2130 5610 (4)
2172 5546 2356 5593 Ιιονον.
2399 5539 2959 5610 (δῖοῐλῑωλῑιιξτξχρόνονἲ

2053 5602 2131 5686 (ὃ)
2173 5615 2553 5688 ιιεριέρχομαι.
2590 5602 2806 5679 Regius
2859 5604 3048 5663 codex
3093 5605 3225 5658 1992
3257 5602 3627 5674 περιέρχομαι,

1983 5692 2164 5762 φησίν,

3277 5761 3339 5819 41
