4084 6378
466 281 598 334 1291

1408 271 1777 326 APPENDIX.
1818 299 1886 309 —
1926 267 2275 324 SYMEONIS
2314 269 2865 324 METAPHRASTAZ.

3725 273 3750 324 1
3763 265 3884 324 292

459 403 536 458 de
565 405 721 458 terra
741 413 802 454 se
821 399 951 470 ipse
977 394 1374 460 exscinderet,
1404 393 1609 467 impiis
1642 393 1841 448 verbis
1873 390 2118 458 utendo,

2240 394 2308 448 εἴη
2373 395 2462 444 καὶ
2525 396 2817 464 χρήσιμον,
2859 390 3073 443 ἀσεϐέσι
3107 393 3446 464 χρησάμενον
3484 392 3719 466 ῥήμασι,
3780 389 3882 444 καὶ

473 491 643 565 547
681 493 738 545 et
766 487 1035 558 gladium
1067 485 1169 539 iraa
1191 483 1514 539 conditoris
1543 482 2115 552 exacuendo,quam

465 581 516 636 si
555 578 858 634 malorum
906 573 1219 630 tolerantia
1251 571 1360 626 sibi
1405 571 1519 643 ipsi
1550 579 1606 625 et
1657 570 1826 624 uxori
1852 570 2122 624 certami-

463 686 614 726 num
643 668 916 724 laborem
964 667 1263 736 proroget.
1297 661 1392 716 tlle
1419 677 1557 716 vero
1585 661 1679 715 his
1699 660 1898 714 verbis
1929 659 2123 728 magis

465 773 656 832 quam
681 756 803 812 ullo
829 754 1127 810 malorum
1159 750 1429 823 priorum
1468 749 1758 818 offensus,
1810 757 1866 804 et
1889 750 2122 804 vultum

466 850 558 904 ira
596 846 879 919 replente,
916 842 995 899 ad
1044 855 1293 895 uxorem
1321 839 1479 894 velut
1512 839 1745 894 hostem
1775 854 2121 906 conversus,

465 937 614 1012 quid
648 935 824 991 dicit?
857 933 1052 1000 Quare
1081 937 1370 1001 tanquam
1402 944 1526 983 una
1565 931 1637 984 de
1682 929 1886 983 stultis
1926 930 2125 984 mulie-

465 1027 631 1082 ribus
672 1026 872 1081 locuta
901 1021 1040 1077 333?
1073 1021 1335 1090 Depone,
1387 1033 1420 1072 o
1450 1017 1681 1082 mulier,
1716 1018 1926 1089 inquit,
1977 1017 2125 1071 illud

466 1113 802 1172 consilium.
829 1114 1158 1180 Quousque
1188 1107 1359 1161 dictis
1380 1107 1493 1161 tuis
1520 1106 1914 1161 dedecorabis
1939 1106 2125 1161 vitam

467 1215 854 1259 communem
873 1200 900 1253 ?
952 1198 1186 1254 Mentita
1241 1211 1326 1264 es,
1377 1200 1434 1250 et
1469 1194 1636 1266 quod
1685 1195 1913 1250 utinam
1973 1197 2126 1250 Deus

464 1289 797 1357 avertisset,
837 1287 1174 1341 institutum
1215 1299 1423 1339 meum
1481 1284 1595 1338 tuis
1634 1282 1759 1338 istis
1811 1283 2029 1351 verbis,
2071 1289 2128 1339 et

462 1379 646 1434 vitam
668 1391 870 1432 meam
897 1373 1203 1430 calumnia
1224 1370 1780 1443 aspersisti.Videor
1800 1388 1960 1427 nunc
1980 1372 2125 1427 mihi

461 1465 715 1523 dimidia
742 1480 816 1519 ex
846 1467 1013 1535 parte
1068 1461 1252 1532 impie
1306 1460 1499 1530 egisse
1534 1475 1548 1514 :
1597 1460 1896 1531 siquidem
1937 1477 2124 1516 unum

463 1557 709 1630 quidem
736 1569 955 1624 corpus
989 1554 1282 1621 utrosque
1311 1563 1423 1604 nos
1456 1549 1677 1620 nuptiaa
1705 1550 2123 1624 praestiterunt,

465 1645 572 1701 sed
602 1650 667 1700 tu
703 1641 993 1715 prolapsa
1022 1655 1086 1694 es
1111 1639 1172 1693 in
1221 1637 1690 1708 blasphemiam.
1725 1640 1793 1694 Si
1819 1640 1970 1694 bona
1996 1657 2126 1695 sus-

463 1735 723 1804 cepimus
745 1732 818 1788 de
844 1745 1031 1785 manu
1051 1727 1478 1784 Domini.mala
1503 1743 1623 1782 non
1644 1729 2126 1785 sustinebimus‘?
2158 1740 2197 1794 Β

462 1823 720 1894 Redigas
749 1820 856 1875 tibi
883 1819 940 1873 in
969 1816 1330 1872 memoriam
1378 1816 1676 1887 praeterita
1722 1817 1906 1873 bona.
1956 1819 2126 1875 Com-

461 1927 655 1985 pensa
690 1910 856 1964 bona
899 1906 1094 1962 malis.
1138 1905 1365 1961 Nullius
1391 1904 1654 1959 hominis
1683 1907 1806 1962 vita
1835 1914 2125 1980 perpetuo

459 2001 638 2056 beata
659 2003 788 2053 est:
823 2010 1062 2066 semper
1089 1993 1320 2048 felicem
1350 2008 1500 2060 esse,
1535 1994 1720 2048 solius
1754 1997 1848 2050 Dei
1895 2001 2004 2052 est.
2041 2000 2126 2052 Tu

460 2089 639 2160 igitur
667 2087 715 2141 si
746 2085 826 2142 ob
847 2083 1169 2156 praesentia
1187 2081 1395 2137 dolore
1425 2081 1783 2145 afﬁceris,ex
1813 2086 2125 2155 przeteritis

460 2185 514 2235 te
543 2179 681 2250 ipsa
727 2173 1059 2232 consolare.
1113 2175 1280 2227 Nunc
1307 2171 1682 2242 lacrymaris,
1733 2181 1792 2229 at
1834 2176 2000 2248 prius
2048 2176 2122 2231 ri-

462 2267 588 2324 sisti
612 2283 625 2322 :
657 2280 821 2320 nunc
843 2277 1076 2334 pauper
1102 2276 1188 2328 es,
1211 2265 1271 2316 at
1300 2260 1467 2331 prius
1491 2259 1654 2315 fuisti
1691 2261 1890 2328 dives;
1925 2263 2126 2322 bibisti

461 2355 785 2428 limpidum
800 2354 934 2407 vitae
947 2349 1342 2418 laticem,jam
1355 2348 1666 2403 turbidum
1688 2349 1900 2406 bibens
1921 2355 2125 2409 animo

463 2461 642 2517 aequo
665 2443 918 2515 patiare.
947 2443 1027 2495 Ne
1048 2438 1371 2493 ﬂuviorum
1401 2437 1648 2510 quidem
1670 2439 1894 2496 ﬂuenta
1919 2459 2127 2515 perpe-

466 2539 569 2590 tuo
594 2534 892 2603 apparent
929 2542 1108 2600 pura.
1140 2529 1239 2581 Est
1266 2531 1470 2581 autem
1494 2524 1714 2581 ﬂuvius
1739 2528 1858 2584 vita
1897 2538 2124 2595 nostra,

465 2626 532 2679 ut
559 2621 741 2689 nosti,
775 2617 1058 2674 continue
1109 2615 1304 2671 ﬂuens
1345 2631 1416 2670 ac
1457 2615 1736 2672 ﬂuctibus
1787 2619 2125 2677 alternatim

468 2710 584 2766 sibi
616 2705 1078 2765 succedentibus
1109 2703 1344 2760 referta.
1379 2704 1606 2760 Etenim
1629 2705 1760 2776 jam
1804 2724 1945 2780 pars
1975 2726 2128 2781 ρι-εε-

468 2797 746 2859 terﬂuxit,
776 2811 918 2868 pars
947 2794 1146 2850 adhuc
1177 2793 1387 2848 transit
1419 2809 1432 2846 :
1477 2809 1620 2865 pars
1659 2795 1788 2865 jam
1815 2799 2058 2855 emersit
2097 2816 2128 2856 e

468 2889 758 2957 fontibus,
786 2901 931 2958 pars
961 2899 1105 2939 vero
1130 2898 1439 2938 emersura
1476 2888 1584 2950 est,
1617 2891 1674 2939 et
1696 2885 1776 2940 ad
1805 2903 2129 2947 commune

469 2979 680 3035 mortis
721 2991 888 3031 mare
920 2973 1276 3029 festinamus
1308 2987 1540 3027 omnes.
1584 2975 1650 3028 Si
1676 2975 1828 3032 bona
1876 2985 2130 3052 suscepi:

470 3083 602 3123 mus
647 3065 720 3120 de
757 3077 942 3118 manu
972 3061 1231 3125 Domini,
1280 3061 1442 3115 mala
1485 3077 1605 3115 non
1651 3063 2126 3124 sublinebimus?

2240 3079 2437 3141 πηγῶν,
2468 3073 2524 3120 τὸ
2587 3067 2645 3122 δὲ
2675 3069 2841 3141 μέλλει
2877 3091 2888 3100 ·

472 3155 832 3225 Cogimusne
869 3151 1138 3222 judicem
1167 3149 1344 3205 nobis
1374 3155 1663 3221 perpetuo
1703 3154 1872 3223 paria
1915 3172 2131 3230 suppe-

471 3243 709 3302 ditare?
737 3242 1108 3297 docemusne
1163 3237 1505 3307 Dominum,
1556 3242 1867 3310 quomodo
1915 3245 2134 3303 debeat

471 3334 663 3390 vitam
679 3334 948 3387 nostram
967 3326 1270 3383 moderari
1285 3327 1313 3380 ?
1338 3329 1582 3382 Decreta
1597 3345 1708 3384 sua
1727 3347 1913 3401 penes
1930 3335 2132 3406 ipsum

473 3426 632 3479 sunt.
657 3423 768 3475 Res
798 3423 1037 3472 nostras
1067 3431 1177 3487 pro
1211 3431 1324 3471 suo
1345 3415 1638 3472 arbitratu
1662 3420 1830 3488 regit.
1858 3425 1950 3478 Est
1972 3427 2132 3482 enim

474 3511 720 3583 sapiens
741 3524 756 3574 ;
776 3512 833 3562 et
856 3505 1023 3577 quod
1053 3504 1194 3560 utile
1224 3503 1402 3573 est,id
1425 3506 1546 3560 suis
1577 3509 1762 3563 servis
1792 3511 2133 3573 admetitur.

475 3603 630 3656 Cave
649 3596 940 3653 curiosius
958 3594 1349 3667 perscruteris
1384 3594 1616 3650 Domini
1627 3597 1941 3667 judicium.
1966 3603 2135 3677 :Equi

473 3688 741 3760 bonique
774 3684 866 3741 fac
892 3684 1090 3740 solum
1109 3699 1246 3756 qua:
1278 3683 1355 3740 ab
1387 3683 1549 3739 illius
1578 3687 1873 3759 sapientia
1893 3690 2137 3764 dispen-

475 3782 708 3834 santur.
741 3773 1048 3845 Quidquid
1067 3772 1300 3828 dederit
1329 3773 1456 3843 tibi,
1489 3791 1630 3831 cum
1651 3778 1875 3846 gaudio
1906 3784 2130 3854 accipe.

474 3865 732 3925 Ostende
759 3863 820 3919 in
869 3861 1158 3928 adversis,
1192 3862 1485 3919 exstitisse
1526 3869 1578 3919 te
1628 3864 1830 3924 laetitia
1886 3871 2136 3940 pristina

472 3956 752 4027 dignam.
803 3953 902 4008 His
931 3951 1203 4007 dicendis
1231 3952 1447 4024 repulit
1470 3953 1582 4009 Job
1627 3960 1684 4010 et
1719 3957 1878 4013 hunc
1909 3959 2134 4020 diaboli

470 4040 1116 4112 ascultum,etplenam
1147 4042 1200 4095 ei
1223 4041 1412 4097 cladis
1431 4043 1832 4112 ignominiam
1861 4048 2130 4108 incussit-

472 4130 629 4200 Quid
657 4129 840 4201 igitur
859 4129 1000 4184 hinc
1025 4129 1258 4184 evenit?
1291 4131 1462 4200 Fugit
1487 4131 1702 4188 iterum
1743 4135 1822 4190 ab
1846 4136 1946 4192 illo
1976 4156 2128 4195 mor-

469 4224 608 4287 bus,
650 4225 945 4291 tanquam
993 4217 1098 4290 qui
1129 4219 1479 4276 accessisset
1518 4220 1758 4286 frustra,
1807 4241 1918 4281 nec
1955 4229 2134 4300 quid-

469 4325 658 4383 quam
705 4305 969 4379 amplius
990 4306 1304 4362 effecisset.
1327 4310 1588 4365 Reversa
1615 4327 1755 4368 caro
1787 4315 1846 4368 in
1878 4315 2130 4374 alteram

2233 480 2412 532 ἑαυτὸν
2486 489 2576 540 τῆς
2650 488 2750 551 γῆς
2826 479 3072 552 ἐκτεμεῖν,
3149 483 3206 531 τὸ
3271 489 3366 543 τῆς
3427 490 3521 533 τοῦ
3577 487 3882 542 κτίσαντος

2236 571 2397 646 ὀργῆς
2454 569 2777 629 ἀκονήσαντα
2826 571 2990 642 ξίφος,
3027 571 3057 629 ἢ
3119 566 3568 645 διακαρτεροῦντα
3622 575 3763 644 πρὲς
3807 576 3881 624 τὰ

2237 657 2400 728 δεινὰ,
2461 663 2547 711 τὸν
2588 658 2635 710 ἐν
2693 666 2797 720 τοῖς
2856 659 3026 730 ἀγῶσι
3069 662 3273 731 μόχθον
3320 660 3490 731 ἐαυτῷ
3547 680 3604 713 τε
3657 669 3760 713 και
3801 669 3872 733 τῇ

2239 754 2552 823 συνοικούσῃ
2609 752 2872 822 μηκύνειν.
2906 749 2963 800 Ὀ
3006 745 3065 801 δὲ
3127 748 3210 800 ἐπὶ
3267 752 3470 812 τούτοις
3505 759 3621 811 τοῖς
3677 751 3879 826 ῥημα-

2238 860 2319 892 σιν
2361 839 2660 910 ἀχθεσθεὶς,
2705 842 2773 900 ὡς
2829 837 2908 890 ἐπ’
2974 835 3149 890 ούδενὶ
3201 846 3299 889 τῶν
3355 845 3621 914 προτέρων
3660 850 3875 906 κακῶν,

2235 935 2324 980 καὶ
2366 932 2532 1001 θυμοῦ
2588 933 2648 1003 ρὸ
2689 927 2900 1000 βλέμμα
2947 927 3251 1000 πληρώσας,
3286 935 3374 980 καὶ
3413 933 3546 1002 πρὸς
3601 935 3705 988 την
3766 951 3875 1001 γυ-

2234 1026 2389 1070 ναῖκα
2435 1021 2666 1090 καθάπερ
2708 1021 2838 1092 πρὸς
2876 1015 3123 1088 πολεμίαν
3165 1020 3540 1091 ἀποστραφεὶς,
3599 1024 3690 1081 τίς
3762 1039 3872 1091 φη-

2239 1124 2366 1173 σινς
2425 1107 2535 1160 Ἱνα
2601 1113 2652 1158 τί
2708 1109 2880 1177 ὥσπερ
2958 1111 3056 1176 μία
3130 1114 3230 1156 τῶν
3291 1106 3524 1181 ἀφρόνων
3586 1118 3871 1178 γυναικῶν

2236 1195 2500 1266 ἐφθέγξω;
2562 1197 2824 1259 Κατάθου,
2876 1199 3056 1264 φησιν,
3117 1192 3155 1244 ὡ
3209 1196 3386 1264 γύναι,
3443 1200 3538 1252 τὴν
3608 1196 3872 1268 συμϐου-

2235 1284 2348 1341 λήν.
2405 1289 2579 1359 Μέχρι
2626 1289 2762 1343 τίνος
2816 1287 2907 1340 τὴν
2939 1286 3115 1339 κοινὴν
3170 1281 3218 1333 ἐν
3276 1285 3353 1344 οἷς
3392 1283 3557 1355 λέγεις
3616 1285 3868 1356 ὑϐρίζεις

2239 1374 2414 1440 ζωην;
2475 1373 2727 1444 Ῥὶ-ᾇὼσω,
2794 1378 2881 1424 καὶ
2936 1376 3028 1429 τὴν
3078 1371 3224 1443 ἐμὴν,
3277 1376 3340 1433 ὡς
3409 1374 3501 1425 οὐκ
3568 1375 3864 1447 ηὐχόμην,

2238 1463 2566 1536 ἀναστροφὴν
2625 1460 2856 1523 διέϐαλες
2897 1461 2944 1512 ἑν
2985 1463 3056 1521 οἷς
3117 1461 3394 1532 ἐλάλησας,
3453 1467 3541 1514 καὶ
3596 1469 3687 1516 τὸν
3741 1464 3868 1536 ἐμὸν

2240 1553 2382 1626 βίον.
2421 1552 2506 1615 Ἐξ
2561 1555 2807 1624 ἡμισείας
2855 1549 3169 1609 ἠσεϐηκέναι
3208 1557 3452 1624 νενόμικα
3501 1562 3591 1604 νῦν
3629 1571 3639 1582 ·
3711 1554 3866 1606 ἐπει-

2241 1639 2406 1708 δήπερ
2481 1643 2529 1695 ἓν
2604 1646 2692 1714 μὲν
2771 1649 2923 1712 σῶμα
2996 1639 3319 1713 ἀμφοτέρους
3386 1643 3522 1714 ἡμᾶς
3577 1645 3605 1694 ὁ
3683 1646 3868 1715 γάμος

2237 1731 2468 1798 ἐποίησε,
2534 1734 2597 1782 σὺ
2657 1727 2716 1782 δὲ
2782 1730 2853 1789 εἰς
2903 1727 3242 1800 βλασφημίαν
3308 1735 3616 1791 κατέπεσας.
3677 1738 3744 1784 Εἰ
3801 1735 3873 1783 τὰ

2237 1821 2411 1891 ἀγαθά
2464 1817 2750 1892 ἐδεξάμεθα
2801 1817 2855 1869 ἐκ
2911 1821 3093 1892 χειρὸς
3159 1823 3375 1890 Κυρίου,
3435 1824 3501 1871 τά
3552 1823 3699 1872 κακά
3756 1821 3872 1893 ούχ

2234 1912 2563 1980 ύποίσομεν;
2654 1909 2975 1979 Ἀνάμνησον
3059 1915 3156 1956 τῶν
3232 1909 3540 1978 φθασάντων
3623 1915 3871 1968 σεαυτήν

2237 1999 2443 2072 ἀγαθῶν
2479 2022 2491 2033 ι
2540 2000 2900 2058 ἀντισήκωσον
2939 2000 3002 2049 τά
3040 2003 3256 2069 κρείττω
3285 2007 3388 2059 τοῖς
3417 2005 3693 2072 χείροσιν.
3755 2003 3871 2053 Οὐ-

2237 2087 2384 2151 δενὸς
2445 2089 2723 2163 ἀνθρώπων
2783 2090 2808 2138 ὁ
2876 2085 2995 2160 βίος
3048 2085 3228 2138 διόλου
3295 2092 3591 2163 μακάριος·
3653 2096 3720 2143 τὸ
3770 2089 3873 2144 διὰ

2235 2183 2422 2239 παντὸς
2453 2175 2507 2231 εὖ
2541 2181 2783 2252 πράττειν
2837 2182 2994 2248 μόνου
3049 2185 3184 2228 Θεοῦ
3242 2177 3377 2232 ἔστι.
3439 2182 3505 2230 Σὺ
3543 2175 3604 2231 δὲ
3638 2180 3718 2241 εἰς
3752 2190 3870 2242 τοῖς

2235 2277 2493 2341 παροῦσιν
2569 2266 2762 2338 ἀλγεῖς,
2854 2265 2955 2318 ἀπὸ
3030 2274 3129 2316 τῶν
3204 2265 3568 2340 προλαϐόντων
3651 2276 3869 2328 σαυτὴν

2235 2360 2639 2430 παραμύθησαι.
2709 2363 2816 2408 Νῦν
2873 2353 3134 2429 δακρύεις,
3179 2355 3287 2406 ἀλλ’
3344 2355 3593 2427 ἐγέλασας
3662 2365 3867 2434 πρότε-

2235 2465 2323 2518 ρον
2360 2468 2372 2479 ο
2439 2455 2526 2498 νῦν
2590 2449 2898 2518 πτωχεύεις,
2975 2443 3080 2495 ἀλλ’
3147 2443 3471 2508 ἐπλούτησας
3543 2452 3814 2522 πρότερον
3848 2466 3864 2478 ·

2238 2537 2369 2596 ἓπεις
2412 2539 2470 2587 τὸ
2512 2531 2707 2596 διειδες
2753 2541 2894 2606 νᾶμα
2940 2541 3030 2584 τοῦ
3073 2531 3213 2604 βίου,
3255 2539 3346 2585 καὶ
3401 2539 3459 2585 τὸ
3516 2535 3734 2611 θολερὸν
3779 2545 3868 2592 πί-

2236 2645 2401 2676 νουσα
2436 2630 2780 2698 καρτέρησον.
2822 2619 2964 2674 Ούδὲ
3019 2625 3085 2674 τὰ
3142 2631 3240 2673 τῶν
3306 2631 3553 2696 ποταμῶν
3612 2627 3867 2700 ῥεύματα

2240 2711 2419 2766 διόλου
2471 2720 2704 2787 φαίνεται
2741 2715 2948 2788 καθαρά
2985 2727 2997 2739 ·
3041 2716 3273 2784 ποταμὸς
3334 2709 3411 2784 δὲ,
3471 2717 3540 2775 ὡς
3602 2713 3796 2784 οἶσθα,
3838 2719 3862 2768 ὁ

2243 2801 2356 2875 βίος
2394 2806 2560 2875 ἡμῶν,
2600 2804 2725 2877 ῥέων
2766 2798 3066 2872 ἐνδελεχῶς,
3118 2807 3207 2852 καὶ
3241 2805 3470 2873 κύμασιν
3522 2802 3860 2865 ἀλλεπάλλη-

2238 2892 2340 2952 λοις
2406 2891 2778 2966 πληρούμενος,
2849 2895 2919 2943 Τὸ
2972 2895 3060 2962 μὲν
3126 2893 3227 2964 γὰρ
3293 2891 3454 2942 αὐτοῦ
3507 2893 3860 2968 προέῤῥευσεν

2240 2979 2368 3051 ἤδη,
2417 2986 2473 3032 τὸ
2528 2979 2586 3033 δῖε
2644 2985 2717 3032 ἔτι
2769 2983 3061 3052 πορεύεται,
3107 2984 3164 3030 τὸ
3195 2976 3253 3032 δὲ
3281 2980 3404 3051 οἰρτι
3435 2984 3705 3054 προέκυψε
3757 2995 3858 3037 τῶν

2945 3073 3034 3120 καὶ
3073 3071 3197 3142 πρὸς
3250 3073 3343 3125 τὴν
3393 3076 3573 3128 κοινὴν
3629 3072 3858 3135 ἅπαντες

2240 3168 2331 3212 τοῦ
2409 3162 2630 3212 θανάτοῦ
2708 3155 2998 3231 σπεύδομεν
3077 3158 3353 3212 θαλατταν.
3416 3159 3476 3212 Εἰ
3553 3163 3614 3212 τὰ
3669 3159 3848 3231 ἀγαθά

2241 3245 2527 3320 ἐδεξάμεθα
2583 3247 2640 3299 ἐκ
2705 3252 2886 3322 χειρὸς
2950 3251 3164 3319 Κυρίου,
3225 3249 3289 3298 τὰ
3349 3250 3490 3298 κακά
3530 3248 3627 3319 οὐχ
3679 3250 3833 3300 ὑποί-

2246 3353 2441 3408 σομεν;
2479 3336 2864 3408 Ἀναγκάζομεν
2904 3340 2990 3387 τὸν
3042 3338 3224 3406 κριτὴν
3277 3335 3435 3406 ὅμοια
3487 3345 3732 3410 χορηγεῖν
3778 3340 3849 3389 τὰ

2244 3429 2532 3496 πράγματα
2563 3422 2635 3476 δι’
2668 3426 2845 3484 αἰῶνος
2871 3426 3033 3496 ἡμῖν;
3065 3419 3392 3494 διδάσκομεν
3436 3427 3521 3476 τὸν
3563 3430 3855 3498 Δεσπότην,

2247 3517 2379 3574 ὅπως
2408 3520 2517 3588 χρὴ
2571 3511 2824 3586 διεξάγειν
2879 3516 2964 3564 τὸν
3021 3514 3266 3585 ἡμέτερον
3327 3511 3492 3584 βίον;
3549 3515 3714 3575 Αὐτὸς
3755 3525 3860 3568 τῶν

3384 3604 3519 3662 ὅπως
3584 3601 3861 3675 βούλεται,

2248 3695 2422 3746 τάττει
2471 3697 2536 3746 τὰ
2581 3693 2697 3746 καθ’
2747 3695 2886 3765 ἡμᾶς
2919 3713 2930 3725 ’
2975 3695 3128 3762 σοφὸς
3187 3687 3246 3742 δὲ
3284 3689 3418 3757 ἐστι,
3471 3697 3563 3743 καὶ
3602 3697 3662 3744 τὸ
3702 3693 3864 3745 λυσι-

2247 3603 2446 3654 οἰκείων
2507 3602 2684 3675 ψήφων
2731 3606 2843 3674 ἔχει
2908 3608 3000 3660 τὴν
3041 3600 3278 3664 ἐξουσίαν
3309 3618 3321 3630 ·

2248 3783 2420 3836 τελουν
2475 3783 2736 3858 ἐπιμετρεῖ
2783 3784 2856 3854 (2)
2907 3790 3014 3843 τοῖς
3067 3781 3309 3840 οἰκέταις.
3371 3785 3456 3838 Μὴ
3500 3785 3864 3856 περιεργάζου

2247 3880 2338 3924 τοῦ
2370 3878 2630 3926 Δεσπότου
2685 3877 2778 3930 τὴν
2808 3877 2982 3945 κρίσιν
3018 3887 3029 3899 ’
3092 3869 3268 3942 ἀγάπα
3298 3873 3450 3941 μόνον
3489 3873 3556 3922 τὰ
3584 3875 3734 3945 παρὰ
3768 3882 3867 3934 τῆς

2247 3962 2406 4014 αὐτοῦ
2440 3969 2624 4035 σοφίας
2653 3963 3076 4034 οἰκονομούμενα.
3106 3959 3269 4033 Ὀπερ
3319 3957 3379 4010 ἀν
3416 3955 3494 4030 δῷ
3545 3979 3653 4027 σοι,
3704 3971 3867 4016 τοῦτο

2248 4047 2413 4123 δέχου
2468 4053 2581 4124 μεθ’
2611 4049 2804 4110 ἡδονῆς
2838 4067 2850 4079 ⁸
2899 4047 3069 4112 δεῖξον
3099 4048 3147 4100 ἐν
3187 4056 3296 4110 τοῖς
3334 4047 3586 4120 ἀλγεινοῖς
3642 4053 3714 4111 ὡς
3772 4058 3865 4105 καὶ

2246 4149 2340 4204 τῆς
2387 4142 2706 4217 εὐφροσύνης
2746 4140 2866 4203 ἀξία
2921 4148 3016 4199 τῆς
3062 4139 3287 4214 πρόσθεν
3335 4136 3641 4208 ἐτύγχανες.
3677 4146 3870 4195 Ταῦτα

2246 4231 2364 4286 Ἰὼϐ
2428 4231 2606 4302 λέγων,
2675 4229 3036 4302 ἀπεκρούσατο
3100 4233 3189 4279 καὶ
3251 4229 3450 4284 ταύτην
3505 4235 3598 4278 τοῦ
3669 4225 3867 4284 διαϐὸ-

2241 4321 2331 4374 λου
2383 4323 2461 4388 (3)
2518 4324 2610 4378 τὴν
2663 4317 2980 4393 προσϐολὴν,
3039 4322 3129 4369 καὶ
3179 4315 3374 4368 τελείαν
3424 4315 3564 4386 αύτῷ
3603 4321 3704 4375 τήν
3769 4326 3866 4383 τὴς

469 4399 848 4472 pubertatem
896 4395 1162 4459 reviruit,
1198 4395 1398 4451 ﬂoruit
1433 4412 1644 4454 rursus
1696 4402 1814 4458 vita
1846 4407 2126 4463 omnibus

2243 4414 2401 4472 ἥττης
2442 4411 2706 4481 αἰσχύνην
2759 4408 3012 4480 ἐπήγαγε.
3063 4411 3126 4458 Τί
3175 4401 3261 4457 οὖν
3315 4403 3540 4457 ἐντεῦθεν
3601 4408 3867 4462 συνέϐαι-

466 4487 671 4551 rebus,
701 4488 758 4541 et
779 4483 1104 4555 duplicatae
1121 4483 1338 4540 divitiae
1355 4485 1758 4560 undecunque
1787 4491 1847 4546 in
1874 4493 2127 4551 domum

467 4574 906 4639 conﬂuxerunt,
958 4578 1021 4628 ut
1048 4573 1226 4645 quasi
1245 4573 1394 4628 nihil
1421 4575 1739 4649 amisisset,
1773 4596 1958 4638 unam
1982 4600 2128 4656 par-

467 4671 588 4722 tem
611 4665 882 4731 haberet,
905 4679 1048 4735 pars
1077 4678 1221 4719 vero
1251 4663 1438 4720 altera
1459 4666 1626 4736 justo
1649 4675 1807 4726 esset
1825 4675 2126 4743 patientiae

463 4769 714 4812 merces.
750 4753 828 4825 (1)
860 4754 942 4807 Ex
964 4751 1064 4808 illo
1084 4751 1265 4820 igitur
1285 4753 1470 4809 animi
1501 4755 1911 4816 fortitudinem
1940 4779 2127 4820 unus-

461 4843 722 4918 quisque
743 4841 1073 4909 discamus,
1099 4841 1206 4912 qui
1233 4842 1416 4898 rebus
1455 4843 1577 4898 suis
1597 4851 1754 4903 retro
1794 4851 2120 4925 sublapsis,

462 4948 535 4988 ac
563 4945 748 5000 egens
767 4945 836 4985 ex
855 4928 1248 4996 divite,orbus
1277 4947 1349 4986 ex
1380 4931 1648 5004 pulchraa
1673 4937 1856 5007 prolis
1877 4949 2124 5012 parente

462 5018 754 5092 temporis
803 5024 1115 5074 momento
1156 5017 1370 5085 factus,
1404 5027 1529 5076 nan
1578 5023 1774 5082 solum
1802 5027 1964 5085 idem
1993 5047 2125 5104 per-

461 5107 706 5172 mansit,
744 5105 1031 5163 infractos
1072 5106 1261 5164 animi
1303 5125 1516 5165 sensus
1569 5111 1799 5186 ubique
1837 5120 2119 5192 retinens,

529 5287 553 5321 ⁸
586 5283 696 5342 Job
724 5298 789 5353 II,
823 5285 906 5340 10.
985 5283 1008 5318 ⁸
1035 5281 1184 5340 ibid.

527 5448 606 5522 (1)
637 5449 720 5522 Ex
748 5447 924 5518 epist.
957 5449 1138 5522 ιι,-73ζ

530 5517 1326 5613 ςὲὶΑΈπιμῖὙ-εῖῖἕὶομΒεςὶιιε
1365 5521 1577 5584 codex.
1609 5529 1762 5588 Editi
1800 5529 2110 5613 ἐπιμετρεῖν.

458 5591 788 5650 αοηιθχιιιε
816 5591 1124 5665 ἕπιμετρων.

2237 4517 2359 4567 vsa;
2419 4499 2639 4571 Ἕςεουγεν
2697 4494 2843 4557 αὖθις
2900 4498 2929 4553 ἡ
2985 4500 3137 4556 νόσος
3396 4496 3461 4553 ὡς
3514 4493 3625 4551 εἰκῆ
3683 4516 3864 4570 προσ-

2237 4589 2478 4655 ελθοῦσα,
2545 4592 2636 4639 καὶ
2683 4582 2848 4659 μηδὲν
2912 4585 3155 4637 ἀνύσασα
3215 4583 3385 4638 πλέον.
3452 4583 3722 4636 Ἀνέθαλεν
3790 4588 3866 4650 εἰς

2238 4675 2481 4750 δευτέραν
2536 4676 2668 4735 ἥϐην
2733 4677 2762 4732 ἡ
2811 4673 2963 4748 σὰρξ,
3023 4676 3248 4732 ἤνθησεν
3307 4674 3333 4724 ὁ
3383 4670 3500 4741 βίος
3539 4671 3703 4725 πάλιν
3746 4685 3866 4738 τοῖς

2234 4767 2425 4834 ἅπασι,
2480 4771 2571 4818 καὶ
2617 4761 2905 4817 διπλασίων
2973 4764 3303 4834 πανταχόθεν
3353 4761 3437 4813 ἐπὶ
3496 4765 3583 4812 τὸν
3643 4761 3794 4815 οἰκον
3836 4768 3862 4817 ὁ

2232 4857 2454 4917 πλοῦτος
2509 4853 2841 4928 συνέρρευσεν
2875 4869 2888 4882 ⁸
2933 4854 3016 4904 ἱνα
3070 4855 3126 4903 τὸ
3166 4855 3254 4923 μὲν
3313 4853 3380 4912 ὡς
3425 4847 3596 4922 μηδὲν
3639 4851 3858 4905 ἀπολω-

2232 4946 2386 5007 λεκὼς
2439 4948 2563 5024 ἔχῃ,
2604 4946 2663 4995 τὸ
2719 4938 2778 4994 δὲ
2814 4941 3018 5017 ὑπάρξῃ
3081 4950 3177 5002 τῆς
3226 4944 3504 5014 καρτερίας
3538 4949 3613 5011 τῷ
3661 4939 3850 5012 δικαίῳ

2232 5037 2438 5107 μισθός.
2491 5035 2580 5086 Ἐκ
2635 5033 2821 5084 τούτου
2893 5036 3065 5082 τοίνυν
3123 5026 3340 5102 ἀνδρίαν
3378 5028 3570 5101 ψυχῆς
3629 5031 3839 5089 ἕκαστος

2231 5120 2605 5196 παιδευώμεθα
2634 5135 2650 5152 ⁶
2684 5121 2741 5182 ὃς
2779 5120 2838 5173 ού
2869 5125 3043 5193 μόνον,
3071 5121 3202 5194 πρὸς
3238 5120 3307 5171 τὰ
3339 5117 3545 5170 ἐναντία
3588 5129 3693 5173 τοῦ
3731 5119 3844 5193 βίου

2306 5469 2380 5545 (3)
2421 5475 2522 5528 Του
2555 5464 2827 5528 διαϐόλου.
2861 5469 3011 5527 Editi
3041 5472 3131 5522 καὶ
3168 5475 3258 5523 τοῦ
3290 5459 3572 5545 ιαςόλου,
3602 5461 3870 5545 Repulit

2235 5550 2291 5601 et
2315 5537 2567 5604 uxorem
2598 5554 2652 5604 et
2684 5547 2915 5604 diaboli
2941 5545 3256 5601 assultum.
3289 5538 3542 5610 Regium
3571 5537 3872 5596 codicem

2232 5619 2293 5672 et
2311 5623 2657 5675 contextum
2686 5618 2860 5691 sequi
2886 5615 3238 5674 maluimus.
