4084 6428
493 347 628 419 1295
1468 344 1838 408 APPENDIX.
1877 376 1944 389 —
1984 342 2341 404 SYMEONIS
2380 346 2905 407 METAPHRASTE
3739 351 3882 414 1296

493 502 634 545 men
665 485 783 544 sibi
812 481 1173 558 suppetebat
1199 480 1390 537 victus
1417 477 1565 534 citra
1609 477 1960 541 sementem,
2003 472 2106 528 citr

2223 506 2234 528 ι
2265 474 2355 524 καὶ
2401 475 2496 532 τὴν
2525 477 2718 547 τροφὴν
2754 471 2899 548 εἶχον
2930 477 3161 552 ἄσπορον
3187 481 3277 532 καὶ
3305 474 3553 556 ἀνήροτον
3587 497 3602 511 ο
3652 485 3748 534 καὶ
3787 483 3884 544 τὰς

493 577 826 634 arationem
856 590 870 629 :
902 573 1099 630 fontes
1127 568 1384 641 denique
1414 565 1519 640 qui
1549 564 1714 638 prius
1749 577 1873 619 non
1911 561 2106 617 exstite

2262 565 2439 636 πηγὰς
2479 563 2727 640 ἐχορήγει
2773 570 2958 642 πέτρα,
2989 567 3049 619 οὐ
3077 571 3325 643 πρότερον
3365 573 3550 638 οὔσας,
3585 569 3696 623 ἀλλ’
3728 569 3883 647 ἐκρα-

493 671 650 732 rant,
684 664 790 720 sed
818 665 880 720 in
909 659 1262 718 necessitate
1311 659 1654 729 eruperant,
1701 656 1875 727 petra
1926 649 2102 705 subm

2261 659 2443 726 γείσας
2485 653 2569 708 ἐπὶ
2599 663 2694 717 τῆς
2722 660 2929 729 χρείας.
2968 662 3068 711 Καὶ
3100 661 3166 710 σὺ
3205 663 3378 712 τοίνυν
3430 663 3765 736 καρτέρησον
3797 660 3881 714 ἐπὶ

496 754 898 812 nistrabat.Tu
925 751 1102 822 igitur
1126 749 1288 805 velut
1311 752 1590 803 strenuus
1609 742 1741 805 Job,
1761 741 1994 813 patiens
2023 743 2106 795 est

2262 753 2357 806 τῆς
2385 751 2675 819 συμφορᾶς,
2707 747 2774 807 ὡς
2815 747 2842 798 6
2870 753 3097 818 γενναῖος
3130 745 3267 811 Ἰὼϐ,
3296 753 3387 800 καὶ
3411 754 3483 823 μή
3516 758 3881 825 παρατραπῇς

495 844 558 900 in
607 843 968 910 calamitate,
1000 845 1055 897 et
1111 855 1186 895 ne
1242 835 1524 893 evertaris
1557 849 1593 889 a
1621 835 1994 904 tempestate,
2041 845 2106 884 ne

2261 832 2314 886 ἐκ
2342 842 2431 886 τοῦ
2459 830 2740 895 κλύδωνος.
2784 831 2950 907 μηδεν
2983 834 3251 910 ἀποϐάλῃς
3280 838 3348 889 ὧν
3387 843 3553 915 φέρεις
3585 837 3880 911 ἀγωγίμων

497 934 836 1007 quidquam
867 947 938 986 ex
969 929 1080 995 his,
1113 943 1267 1001 quas
1299 932 1493 981 tecum
1517 922 1702 989 vehis,
1732 919 1968 976 virtutis
1998 933 2106 973 mel

2259 931 2350 984 τῆς
2395 922 2596 998 ἀρετῆς.
2623 923 2708 986 Ὠς
2761 922 3053 998 βαρύτιμον
3101 925 3319 986 ἐνθήκην
3365 933 3462 987 τὴν
3516 929 3879 1004 εὐχαριστίαν

496 1023 666 1080 cibus
687 1020 958 1092 abjicias.
988 1015 1240 1075 Servain
1262 1014 1466 1072 animo
1494 1011 1821 1082 gratiarum
1851 1010 2106 1066 actione:

2261 1009 2531 1066 διάσωσον
2580 1013 2662 1067 ἐπὶ
2703 1021 2794 1076 τῆς
2844 1013 3055 1087 ψυχῆς,
3108 1021 3199 1068 καὶ
3243 1016 3387 1091 λήψῃ
3440 1022 3531 1072 καὶ
3582 1021 3654 1072 σὺ
3687 1026 3785 1080 τῆς
3825 1018 3877 1072 εὖ

496 1116 789 1184 tanquam
836 1114 1146 1165 vecturam
1195 1102 1660 1178 pretiossimam,
1695 1103 1750 1155 et
1802 1103 1866 1153 tu
1903 1112 2106 1169 quoqu

2260 1108 2478 1176 αριστία
2498 1105 2563 1156 τὰ
2595 1099 2910 1159 διπλασίονα
2939 1108 3034 1164 τὴν
3055 1110 3252 1182 τρυφήν
3272 1109 3378 1180 (8).

494 1216 606 1273 pro
628 1199 956 1272 gratiarum
987 1196 1218 1254 actione
1243 1192 1614 1265 voluptatem
1636 1187 1822 1260 duplo
1852 1186 2148 1257 majorem

494 1303 882 1361 consequere.

565 1381 617 1433 4.
648 1379 726 1448 (ιί)
755 1375 944 1448 Atqui
981 1389 1103 1431 non
1131 1373 1179 1429 is
1225 1371 1320 1427 cui
1349 1367 1689 1425 necessaria
1718 1365 1956 1431 desunt,
2007 1362 2146 1420 tole-

491 1483 634 1525 rans
674 1471 766 1523 est
797 1484 810 1522 :
840 1465 946 1522 sed
972 1465 1044 1533 is,
1076 1462 1181 1535 qui
1209 1461 1361 1517 inter
1408 1459 1708 1515 bonorum
1751 1453 2147 1510 fruendorum

492 1557 732 1630 copiam
789 1555 850 1611 in
896 1553 1070 1610 malis
1121 1549 1381 1608 ferendis
1429 1549 1785 1619 perseverat.
1839 1543 2014 1616 549
2065 1546 2144 1609 (2)

490 1649 660 1718 Eger
688 1645 794 1701 es?
823 1640 1241 1716 aequanimiter
1278 1638 1483 1704 tolera,
1516 1634 1807 1708 quoniam
1849 1634 2029 1702 Quem
2055 1631 2106 1686 da

2258 1643 2442 1713 Κύριος
2508 1637 2767 1696 παιδεύει.
2844 1643 3182 1712 Πτωχεύειςς
3253 1639 3550 1716 εὐφραίνου,
3613 1644 3696 1697 ἇτι
3766 1651 3876 1698 Λαο

495 1736 628 1806 lz'gil
671 1735 956 1791 Dominus
986 1730 1244 1800 castigat
1262 1729 1307 1783 ⁸.
1334 1729 1566 1799 Pauper
1590 1741 1655 1781 es
1673 1724 1700 1778 ?
1751 1725 1971 1790 laetare,
1998 1720 2102 1794 qui

2255 1729 2418 1803 ζάρου
2478 1747 2535 1782 σε
2589 1731 2657 1782 τὰ
2706 1728 2881 1800 ἀγαθὰ
2941 1725 3268 1793 διαδέξεται.
3329 1731 3587 1805 Ἀτιμοὲζῃ
3653 1729 3756 1785 διὰ
3812 1737 3871 1786 τό

491 1828 697 1880 manet
719 1828 775 1880 te
801 1820 1102 1878 successio
1133 1824 1188 1876 et
1211 1816 1536 1874 hzereditas
1571 1813 1787 1870 Lazari.
1821 1815 2106 1869 Contume

2253 1823 2415 1891 ὄνομα
2456 1825 2549 1871 τοῦ
2597 1826 2873 1893 Χριστοῡς
2909 1821 3167 1894 μακάριος
3215 1818 3278 1887 εἶ,
3310 1823 3391 1874 ὅτι
3443 1841 3538 1874 σου
3581 1824 3613 1880 ἠ
3663 1822 3872 1896 αἰσχύ-

487 1912 602 1970 lias
654 1912 879 1985 pateris
917 1914 1161 1984 propter
1211 1921 1436 1963 nomen
1490 1903 1750 1960 Christi?
1802 1902 2011 1957 beatus
2053 1916 2106 1957 es

2251 1929 2310 1966 νη
2364 1907 2430 1969 εἰς
2489 1904 2646 1972 δόξαν
2701 1907 2920 1981 ἀγγελου
2977 1908 3454 1982 μεταϐληθήσεται.
3496 1910 3725 1974 Οἰκέτης
3782 1909 3870 1980 εἷς

488 2003 778 2075 quoniam
805 2000 909 2056 tibi
953 1999 1067 2056 ista
1110 1995 1385 2054 confusio
1416 1991 1670 2066 angelici
1699 1990 1981 2047 consortii
2011 1990 2106 2062 glo

2251 1997 2559 2072 εὐχαρίστει
2609 2001 2700 2050 καὶ
2757 1997 2939 2069 οὕτως,
3001 2000 3142 2070 ἔχεις
3197 2002 3285 2052 τὸν
3344 2007 3566 2053 σεαυτοῦ
3625 2005 3874 2055 ταπεινό-

481 2091 635 2148 riam
661 2095 855 2164 parat.
880 2088 957 2159 (3)
985 2090 1202 2146 Servus
1225 2085 1336 2142 es?
1378 2083 1536 2140 habe
1579 2082 1758 2138 etiam
1787 2096 1859 2137 eo
1893 2081 2102 2137 nomin

2249 2105 2392 2162 τερον
2423 2105 2438 2121 ·
2495 2086 2805 2161 εὐχαρίστει
2851 2089 2932 2140 ὄτι
2971 2087 3075 2150 ἐνὸς
3124 2089 3414 2162 ὑπερέχεις,
3447 2091 3529 2142 ὅτι
3576 2095 3652 2163 μὴ
3689 2089 3744 2143 ἓν
3796 2099 3870 2161 τῷ

482 2181 762 2251 gratiam,
799 2183 891 2236 est
918 2177 1136 2250 aliquis
1165 2179 1221 2232 te
1251 2173 1569 2246 dejectior;
1604 2170 1826 2242 gratias
1849 2169 2106 2242 repende

2247 2176 2443 2247 μυλῶνι
2496 2172 2943 2242 καταδιδίκασαι,
2992 2177 3074 2229 ὅτι
3137 2181 3209 2250 μὴ
3271 2177 3476 2251 πληγὰς
3548 2178 3871 2252 λαμϐάνεις.

481 2270 649 2343 quod
671 2269 776 2325 uni
805 2272 1074 2341 praestes,
1096 2263 1264 2338 quod
1293 2277 1415 2318 non
1443 2261 1524 2316 sis
1555 2259 1832 2316 addictus
1861 2258 2106 2331 pistrino

2247 2262 2454 2320 Οὐδένα
2511 2263 2868 2338 ἐπιλείψουσιν
2929 2267 2984 2320 αἱ
3047 2273 3140 2319 τοῦ
3198 2267 3532 2343 εὐχαριστεῖν
3598 2267 3867 2342 ἀφορμαί.

477 2358 646 2432 quod
689 2357 904 2430 plagas
950 2369 1074 2413 non
1113 2351 1396 2426 accipias.
1431 2348 1660 2406 Nemini
1709 2347 1921 2420 procul
1949 2347 2106 2404 dllbit

2245 2353 2391 2426 Ξύλῳ
2465 2350 2658 2416 ἀδίκως
2724 2353 2970 2427 κολάζῃε
3025 2362 3087 2428 τῇ
3166 2363 3267 2408 τῶν
3327 2355 3617 2430 μελλόντων
3682 2355 3868 2411 ἂπίδι

477 2448 700 2504 desunt
736 2445 959 2517 gratias
989 2443 1208 2514 agendi
1234 2440 1605 2498 occasiones.
1641 2439 1815 2494 Fuste
1861 2436 2104 2509 plecteri

2243 2449 2426 2519 χαῖρε.
2493 2447 2714 2504 Δικαίως
2777 2439 3215 2512 κατεδικάσθηςς
3266 2449 3355 2498 καὶ
3417 2446 3580 2510 οὕτως
3640 2446 3870 2523 εὐχαρί-

476 2536 776 2594 immerito
795 2538 823 2592 ?
853 2534 1050 2607 gaude
1081 2549 1190 2606 spe
1217 2531 1574 2588 futurorum.
1624 2528 1764 2584 Jure
1803 2527 2098 2583 damnatu

2247 2551 2379 2588 στει.
2415 2532 2556 2586 Ἐπεὶ
2613 2529 2672 2585 δε
2719 2538 2808 2586 καὶ
2863 2532 3070 2606 πράξεις
3127 2530 3420 2588 σπουδαῖαι
3461 2545 3564 2588 τῶν
3617 2535 3865 2590 παλαιῶν

476 2625 589 2684 es?
619 2626 702 2682 sic
750 2624 932 2682 etiam
962 2627 1160 2694 grates
1208 2636 1340 2691 age.
1383 2619 1458 2689 (4)
1506 2621 1571 2674 Et
1605 2617 1896 2689 quoniam
1951 2616 2106 2672 bona

2242 2618 2467 2696 ἀνδρῶν,
2543 2623 2572 2681 ἢ
2642 2627 2852 2695 μνήμης
2918 2621 3198 2696 ἀκολουθίᾳ
3254 2627 3384 2700 πρὸς
3447 2625 3590 2698 ἡμᾶς
3653 2622 3863 2680 διοισὼ-

473 2730 720 2788 quoque
738 2713 1072 2787 priscorum
1088 2710 1407 2768 hominum
1427 2707 1692 2764 actiones
1711 2705 2106 2762 autmemoria

2241 2712 2441 2783 ζονται,
2496 2713 2524 2772 ᾖ
2590 2720 2816 2770 ποιητῶν
2873 2713 2903 2772 ἢ
2949 2717 3290 2788 συγγραφέων
3329 2713 3716 2788 φυλαττόμεναι
3773 2717 3861 2771 16-

474 2803 856 2860 successione
887 2802 967 2858 ad
1005 2817 1118 2857 nos
1167 2815 1360 2872 usque
1408 2799 1859 2866 conservantur,
1916 2799 2021 2851 aut
2067 2794 2106 2850 ir

2237 2820 2369 2873 γοις,
2445 2799 2586 2876 μηδὲ
2659 2811 2750 2864 τῆς
2811 2801 3038 2856 ἐντεῦθεν
3106 2803 3348 2877 ὠφελείας
3421 2803 3855 2880 ἀπολειπώμεθα.

469 2898 789 2966 poetarum
809 2891 1343 2949 authistoricorum
1361 2886 1768 2945 monumentis
1786 2885 2104 2942 custodiun

2237 2888 2381 2960 Οἷον,
2453 2887 2704 2965 ἐλοιδόρει
2764 2893 2850 2944 τόν
2921 2891 3170 2969 Περικλέα
3224 2901 3324 2944 τῶν
3367 2893 3422 2957 ἓξ
3489 2891 3692 2968 ἀγορᾶς
3775 2915 3853 2958 τις

472 2991 586 3056 tur,
620 3000 695 3040 ne
725 2983 947 3040 utilitas
973 2981 1221 3054 quidem
1261 2995 1398 3052 qu
1418 2977 1558 3034 hinc
1586 2975 1752 3034 nasci
1780 2979 1995 3049 potest,
2028 2975 2102 3031 de

2237 2978 2516 3055 ἀνθρώπων
2546 3001 2559 3014 ·
2608 2982 2634 3032 6
2677 2977 2735 3033 δὲ
2781 2980 2840 3033 οὗ
2872 2989 3167 3054 προσεῖχε⁶
3209 2986 3297 3035 καὶ
3344 2982 3412 3045 εἰς
3458 2991 3637 3036 πᾶσαν
3687 2982 3853 3061 διήρο

477 3073 553 3130 sit
573 3072 769 3131 nobis.
805 3071 974 3129 Verbi
1009 3071 1220 3141 gratia,
1251 3069 1436 3126 homo
1467 3067 1720 3140 quidam
1746 3065 2104 3122 circumfora

2235 3088 2354 3123 κεσε
2395 3074 2490 3129 τὴν
2541 3073 2757 3144 ἡμέραν,
2792 3070 2817 3122 6
2848 3073 2937 3144 μεν
2993 3067 3219 3144 ἀρειδῶς
3271 3071 3474 3126 πλύνων
3529 3073 3692 3127 αὐτὸν
3739 3083 3850 3137 τοῖς

465 3177 621 3221 neus
647 3161 933 3220 conviciis
965 3159 1246 3217 Periclem
1277 3157 1741 3216 consectabatur
1765 3174 1777 3225 ;
1797 3155 1893 3210 hic
1919 3159 2106 3211 auten

2235 3156 2506 3230 ὀνείδισον,
2547 3160 2572 3211 6
2632 3156 2690 3212 δὲ
2743 3158 2800 3212 οὐ
2863 3159 3026 3232 μελων
3077 3159 3218 3232 αὐτῷ
3272 3161 3367 3232 (9).
3421 3158 3569 3229 Εἶτα,
3617 3162 3846 3236 ἑσπέρας

463 3268 589 3310 non
633 3251 1013 3318 attendebat;
1063 3253 1122 3306 et
1149 3248 1244 3305 die
1277 3252 1403 3304 tota
1430 3245 1683 3320 perstitit
1711 3249 1980 3318 uterque,
2025 3243 2106 3301 ille

2233 3244 2339 3307 ἤδη
2387 3253 2475 3302 καὶ
2535 3253 2749 3310 σκότους
2806 3246 3254 3322 ἀπαλλαττόμενον
3319 3249 3488 3324 μόλις,
3546 3252 3636 3304 ὑπὸ
3693 3257 3830 3321 φωτὶ

463 3341 713 3416 quidem
746 3339 1058 3414 permultis
1088 3337 1327 3412 probris
1357 3337 1686 3404 incessens,
1717 3334 1814 3391 hic
1842 3351 1984 3392 vero
2015 3350 2106 3391 ne-

2229 3338 2534 3413 παρέπεμψε
2592 3337 2861 3414 Περικλῆς,
2919 3340 3056 3402 ὅπως
3107 3339 3249 3412 αὐτῷ
3307 3345 3380 3413 μὴ
3449 3337 3702 3416 διαφθαρῇ
3764 3343 3829 3392 τὸ

461 3446 776 3504 quaquam
799 3445 1038 3486 curans.
1065 3427 1286 3484 Deinde
1313 3441 1561 3498 vespere
1582 3425 1710 3497 jam
1749 3425 1925 3493 facto,
1957 3429 2106 3480 tene-

2228 3431 2358 3502 πρὸς
2415 3428 2720 3501 φιλοσοφιαν
2782 3431 3091 3501 γυμνάσιον.
3137 3428 3298 3482 Πάλιν
3357 3432 3546 3484 ἔτυπτέ
3611 3449 3690 3492 τις
3745 3434 3842 3483 τὸν

460 3519 710 3594 brisque
757 3518 985 3576 obortis
1036 3518 1136 3574 vix
1185 3515 1595 3574 discedentem
1643 3513 1891 3570 Pericles
1923 3513 2115 3571 facem

459 3608 784 3681 praeferens
822 3606 1093 3674 deduxit,
1127 3621 1202 3661 ne
1254 3602 1368 3660 sibi
1419 3602 1716 3660 desineret
1773 3602 2114 3659 exercitatio

458 3697 880 3770 philosophiae.
923 3696 994 3766 (5)
1037 3698 1280 3764 Rursus,
1314 3709 1453 3749 cum
1495 3695 1831 3763 percuteret
1858 3690 2110 3763 quidam

458 3786 842 3859 Sophronisci
863 3784 1054 3842 filium
1079 3783 1473 3851 Socratem,in
1500 3782 1698 3853 ipsam
1718 3780 1930 3837 faciem
1952 3780 2108 3837 facto

457 3877 682 3948 saepius
727 3875 958 3948 impetu
990 3893 1003 3932 :
1053 3873 1151 3930 hic
1179 3878 1379 3930 autem
1410 3871 1557 3927 nihil
1582 3869 1962 3942 repugnavit,
2001 3869 2108 3926 sed

452 3965 590 4022 sivit
615 3964 921 4022 ebriosum
972 3963 1141 4020 illum
1169 3963 1324 4019 iram
1355 3977 1530 4017 suam
1577 3960 1868 4015 exsatiare
1910 3959 1995 4014 sic
2043 3963 2108 4015 ut

448 4057 872 4112 intumesceret
895 4053 1026 4124 jam
1057 4053 1186 4124 ejus
1214 4052 1415 4108 vultus
1435 4067 1559 4119 pra:
1580 4048 1801 4120 plagis,
1824 4054 2105 4121 essetque

449 4143 760 4201 saniosus.
799 4143 908 4199 Ubi
952 4147 1152 4198 autem
1179 4141 1273 4197 ille
1300 4157 1338 4197 a
1377 4138 1729 4196 verberibus
1758 4138 2100 4207 destitisset,

448 4235 722 4290 Socrates
751 4231 1002 4306 quidem
1047 4230 1196 4287 nihil
1228 4229 1391 4286 aliud
1413 4228 1626 4284 fecisse
1648 4227 1882 4295 dicitur,
1911 4243 2100 4301 quam

445 4322 625 4379 fronti
670 4339 794 4379 suae
847 4319 1023 4395 quasi
1073 4325 1282 4377 statuae
1332 4317 1709 4390 inscripsisse
1766 4321 2096 4385 auctorem,

442 4410 596 4468 Talis
633 4411 930 4478 faciebat;
988 4424 1171 4482 seque
1212 4407 1329 4464 hoc
1385 4405 1572 4463 modo
1619 4405 1978 4462 vindicasse.
2023 4406 2100 4478 (6)

445 4500 704 4567 Quidam
728 4516 871 4557 vero
898 4499 1123 4556 Euclidi
1147 4497 1474 4568 Megarensi
1504 4497 1710 4569 iratus,
1754 4501 2012 4553 mortem
2042 4496 2095 4552 ei

2223 4499 2462 4566 Κλεινίου,
2522 4509 2622 4554 τῶν
2686 4503 3002 4576 Πυθαγόρου
3048 4508 3323 4576 γνωρίμων
3380 4505 3511 4572 ἑνός,
3575 4506 3839 4577 χαλεπὸν

2329 1375 2381 1428 4.
2443 1376 2626 1426 Καίτοι
2680 1372 2785 1443 οὐχ
2839 1373 2866 1424 6
2909 1371 3114 1446 ἀπορῶν
3166 1381 3268 1427 τῶν
3313 1371 3633 1447 ἀναγκαίων,
3689 1392 3878 1450 καρτει

2255 1465 2396 1534 ρικός
2427 1477 2441 1493 ·
2481 1459 2587 1512 ἀλλ’
2643 1463 2669 1514 ό
2727 1460 2774 1514 ἕν
2833 1459 3054 1535 ἀφθονίᾳ
3091 1471 3186 1526 τῆς
3235 1462 3568 1526 ἀπολαύσεως
3618 1461 3874 1539 ἐγκαρτε-

2254 1558 2357 1624 ρῶν
2407 1557 2515 1613 τοῖς
2575 1546 2788 1612 δεινοῖς.
2843 1557 3068 1620 Νοσεῖςς
3130 1552 3364 1626 εὖθύμιι,
3410 1554 3492 1606 ὅτι
3537 1553 3636 1606 Ὃν
3685 1553 3878 1626 ἀγαπᾷ

2226 3521 2589 3591 Σωφρονίσκου
2645 3519 2922 3592 Σωκράτην
2974 3517 3046 3580 εἰς
3111 3517 3240 3571 αὐτό
3302 3521 3362 3571 τό
3415 3523 3700 3595 πρόσωπον
3757 3520 3849 3593 ἐμ-

2224 3611 2393 3658 πεσὼν
2448 3602 2674 3679 ἀφειδῶς
2703 3627 2716 3639 ο
2759 3607 2784 3658 ό
2835 3602 2894 3659 δε
2951 3606 3045 3659 οὐκ
3073 3606 3308 3683 ἁντῆρεν,
3344 3607 3474 3661 ἀλλὰ
3502 3617 3736 3684 παρεῖχε
3769 3620 3848 3682 τῷ

2221 3704 2550 3770 παροινοῦντι
2616 3705 2711 3757 τῆς
2775 3695 2937 3770 ὀργῆς
2995 3697 3357 3770 ἔμφορεῖσθαι,
3412 3700 3549 3758 ὥστε
3611 3697 3846 3762 ἓξοιδείν

2221 3780 2326 3842 ἤδη
2358 3789 2448 3837 καὶ
2478 3784 2698 3838 ὕπουλον
2741 3785 2882 3856 αὐτῷ
2911 3789 2970 3838 τὸ
3006 3791 3286 3862 πρόσωπον
3325 3789 3426 3840 ὑπὸ
3471 3797 3572 3840 τῶν
3621 3789 3849 3861 πληγῶν

2219 3871 2367 3926 εἶναι·
2407 3874 2494 3938 Ὠς
2543 3871 2593 3927 δ’
2625 3871 2714 3928 οὖν
2772 3879 3037 3928 επαύσατο
3084 3879 3309 3942 τύπτων,
3360 3877 3483 3930 ἄλλο
3537 3882 3631 3951 μὲν
3681 3878 3848 3935 οὐδε-ν

2215 3964 2242 4014 6
2289 3966 2568 4040 Σωκράτης
2622 3973 2865 4036 ποιῆσαι,
2921 3964 3210 4040 ἐπιγράψαι
3251 3963 3310 4019 δὲ
3361 3974 3435 4038 τῷ
3481 3974 3710 4041 μετώπῳ
3764 3970 3849 4025 λί-

2213 4071 2376 4124 γεται,
2443 4055 2614 4130 ὥσπερ
2670 4049 2942 4129 ἀνδριάντι
3007 4059 3096 4107 τὸν
3146 4052 3490 4131 δημιουργόν.
3555 4057 3620 4110 Ὀ
3683 4055 3850 4130 δεῖν,Ιι

2213 4141 2368 4196 ἐποίει
2399 4158 2412 4174 ⁸
2455 4147 2545 4196 καὶ
2593 4151 2841 4196 τοσοῦτον
2893 4142 3213 4217 ἀμύνασθαι.
3249 4143 3503 4220 Εὐκλείδῃ
3539 4143 3600 4200 δέ
3629 4167 3708 4210 τις
3759 4158 3841 4220 τῷ

2210 4233 2505 4307 Μεγαρόθεν
2567 4231 2926 4307 παροξυνθεὶς,
2994 4235 3208 4287 θάνατον
3267 4234 3520 4294 ἠπείλησε
3581 4243 3681 4290 καὶ
3743 4241 3841 4291 ἑπ-

2207 4326 2434 4393 ὡμοσεν⁶
2466 4321 2492 4373 6
2521 4318 2580 4374 δι
2606 4320 2920 4394 ἀντώμοσεν,
2955 4319 2984 4381 ἧ
3013 4327 3118 4396 μὴν
3148 4322 3468 4378 ἰλεὼσασθαι
3495 4325 3613 4398 (10)
3636 4327 3836 4395 αὐτὸν,

2206 4415 2296 4463 καὶ
2323 4413 2543 4463 παύσειν
2574 4409 2821 4484 χαλεπῶς
2866 4415 2993 4486 πρὸς
3032 4411 3189 4465 αὐτὸν
3241 4415 3455 4485 ἔχοντα.
3484 4419 3556 4468 Τὸ
3615 4412 3682 4469 δὲ
3731 4427 3841 4471 τοῦ

440 4590 753 4647 minitatus
786 4595 894 4656 est,
934 4605 1004 4646 ac
1034 4589 1294 4660 juravit:
1327 4587 1424 4644 hic
1463 4587 1729 4644 vicissim
1764 4587 1988 4658 juravit
2011 4590 2095 4644 fa-

441 4684 678 4737 cturum
711 4681 935 4753 utique,
983 4684 1047 4735 ut
1074 4679 1124 4735 is
1149 4678 1507 4752 placaretur,
1559 4693 1628 4733 ac
1662 4676 1778 4732 sibi
1821 4677 2093 4734 infensus

441 4785 574 4825 esse
603 4769 923 4826 desineret.
945 4771 1024 4848 (7)
1055 4767 1207 4834 Quin
1234 4773 1290 4824 et
1320 4766 1468 4823 illud
1503 4765 1719 4837 Cliniae,
1741 4766 1846 4838 qui
1872 4782 2029 4821 unus
2060 4782 2092 4822 e

439 4860 793 4932 Pythagora:
819 4858 1130 4932 discipulis
1157 4861 1263 4930 est,
1296 4858 1392 4914 vix
1426 4855 1783 4914 crediderim
1811 4873 1949 4913 cum
1989 4873 2094 4913 no-

441 4947 576 5006 stris
632 4947 912 5006 institutis
950 4947 1192 5005 fortuito
1239 4947 1597 5014 consentire,
1639 4962 1763 5002 non
1817 4947 2091 5004 consulto

439 5053 513 5097 ea
563 5036 803 5094 imitari.
859 5038 1086 5112 Ecquid
1128 5041 1332 5096 autem
1384 5041 1530 5104 erat,
1563 5036 1732 5110 quod
1779 5037 1915 5095 fecit
1941 5037 2091 5096 ille?

508 5185 531 5219 ⁶
561 5181 738 5240 Hebr.
765 5197 866 5256 xu,
902 5186 956 5239 6.

503 5343 584 5419 (Ι)
624 5347 707 5401 Ex
735 5343 904 5419 hom.
934 5344 999 5419 in
1021 5342 1436 5419 quadraginta
1469 5348 1789 5414 martyres,
1823 5344 1945 5401 154.

504 5415 585 5488 (2)
623 5419 706 5472 Ex
735 5415 900 5488 hom.
934 5418 998 5472 in
1026 5416 1184 5485 psal.
1218 5419 1481 5488 ιικμθὲ.

503 5487 584 5554 (3)
625 5489 708 5543 Ex
736 5487 903 5544 hom.
936 5490 998 5544 in
1038 5493 1217 5543 mart.
1249 5487 1546 5553 Julitlam,
1569 5488 1659 5540 39.

621 5562 911 5686 dsexigq).
940 5561 1024 5618 De
1053 5559 1319 5632 legendis
1352 5559 1517 5615 libris
1550 5557 1888 5628 gentilium,
1928 5560 2047 5616 178.

490 5675 580 5774 (‘6')
605 5675 778 5774 ina},
799 5675 924 5761 iis:

2203 4599 2489 4644 πιστεῦσαι
2528 4589 2628 4654 ᾀπὸ
2668 4593 2999 4665 ταυτομάτου
3055 4592 3324 4666 συμϐῆναι
3363 4591 3474 4656 τοῖς
3520 4595 3837 4671 ἡμετέροις,

2206 4677 2313 4732 ἀλλ’
2352 4679 2479 4752 οὐχὶ
2509 4685 2878 4753 μιμησαμένου
2911 4678 3144 4754 σπουδῇ.
3201 4687 3265 4737 Τί
3303 4679 3363 4736 δὲ
3392 4679 3454 4756 ᾖν
3493 4682 3519 4736 ὃ
3569 4682 3728 4744 ἓποίη
3744 4707 3837 4741 σεν

2203 4766 2432 4836 ἐκεῖνος
2493 4767 2637 4832 Ἐξόν
2699 4765 2773 4822 δι’
2833 4770 2988 4845 ὅρκου
3049 4779 3206 4844 τριῶν
3279 4771 3544 4825 ταλάντων
3615 4775 3832 4850 ζημίαν

2203 4857 2505 4931 ἀποφυγεῖν,
2546 4860 2572 4912 6
2613 4855 2673 4912 δὲ
2707 4858 2921 4914 ἀπέτισε
2957 4860 3148 4934 μᾶλλον
3199 4861 3229 4922 ἦ
3273 4861 3467 4936 ὤμοσε,
3512 4867 3609 4916 καὶ
3651 4874 3832 4918 ταῦτα

2201 4951 2427 5022 εὐορκεῖν
2483 4948 2675 5022 μέλλων
2707 4965 2721 4980 ⁸
2774 4949 3024 5018 ἀκούσας,
3067 4948 3181 5024 ἐμοὶ
3238 4948 3435 5022 δοκεῖν,
3485 4961 3582 5007 τοῦ
3648 4974 3821 5029 προσ-

2200 5039 2468 5112 τάγματος
2511 5046 2604 5092 τοῦ
2665 5042 2752 5094 τὸν
2804 5041 2957 5116 ὅρκον
3009 5041 3136 5114 ἡμῖν
3199 5039 3652 5116 ἀπαγορεύοντος.
3711 5048 3805 5098 Καὶ

2291 5344 2347 5411 ‘7)
2378 5341 2550 5411 lbid.,
2580 5342 2704 5401 179.

2759 5415 2852 5473 Sic
2901 5415 3119 5488 Regius
3167 5413 3403 5476 codex.-
3429 5417 3728 5481 Cotextus
3773 5429 3839 5485 et

2198 5484 2342 5562 editi
2394 5494 2486 5562 τῆς
2521 5484 2741 5562 iriiri:-

2271 5558 2344 5629 (9)
2369 5557 2734 5629 Αὗτῳ.”ιῖ“όῐ’ῐθ
2760 5558 2938 5616 αὑτοῦ.
2973 5561 3124 5616 Εοιτ.

2269 5614 2316 5702 (1
2407 5614 2766 5688 Ἱλέώσασθαι.
2800 5614 3333 5704 Ιιθεέῖίλεώσεσθαι.
3357 5631 3436 5688 ID.
