4084 6382
279 293 419 353 1297

1331 294 1566 353 8ΕΒΜΟ
1618 295 1749 354 XIV.
1804 326 1876 340 —
1914 298 2006 355 DE
2046 294 2322 354 FUTURO
2360 290 2653 352 JUDICIO.

3521 279 3662 335 i298

278 421 428 473 τουτὶ
457 419 549 493 μὶν
595 419 655 474 τό
718 425 813 474 τοῦ
870 416 1122 491 Κλεινίου,
1184 414 1406 493 ἀδελφὸν
1436 417 1609 493 ἐκείνῴ
1645 427 1720 493 τῷ
1748 440 1871 495 παρ·

1993 418 2394 492 Jurejurando
2426 432 2568 473 cum
2588 414 2642 471 ei
2676 412 2878 469 liceret
2918 406 3286 465 talentorum
3306 402 3490 460 trium
3510 400 3664 457 etfu-

278 510 587 583 αγγέλματι·
639 514 697 566 τὸ
753 507 814 564 δέ
858 517 949 564 τοῦ
992 506 1299 579 Εὐκλείδου,
1338 518 1412 581 τῷ
1447 517 1554 573 τοῖς
1594 507 1885 565 διώκουσιν

278 600 537 671 εὔχεσθαι
582 601 650 655 τὰ
691 596 890 672 ἀγαθὰ,
938 597 1068 652 ἀλλὰ
1121 602 1196 672 μή
1245 596 1570 673 ἐπαρᾶσθαι·
1620 602 1686 662 ὡς
1715 601 1802 673 ὅγε
1835 598 1886 653 ἐν

276 691 487 753 τούτοις
527 685 958 764 πρόπαιδευθεὶς,
1016 688 1112 742 ούκ
1158 691 1234 743 ἔτι
1306 685 1367 742 ἂν
1414 686 1628 751 ἐκείνοις
1655 690 1728 753 ὡς
1749 686 1882 744 ἀδυ-

277 780 454 842 νάτοις
501 774 918 833 διαπιιιτιιίοέιεν⁸
951 776 1129 834 Ἔστω
1178 798 1264 833 σοι
1313 783 1488 833 τοίνυν
1537 781 1567 839 ἠ
1598 778 1771 839 ἐντολὴ
1792 787 1885 834 τοῦ

280 874 416 924 Θεοῦ
456 869 709 941 σύνοικνς,
773 865 879 923 οἷόν
916 888 969 923 τι
1032 876 1141 942 φῶς
1174 874 1266 923 καὶ
1305 865 1580 942 διαύγειαν
1633 873 1884 944 πρόςτὴν

277 967 381 1012 τῶν
431 960 755 1033 πραγμάτων
809 955 1080 1035 διάκρισιν
1143 955 1494 1023 ἀδιαλείπτως
1520 963 1881 1034 παρεχομένηο

282 1049 399 1111 ἣτις
443 1047 706 1124 πόρρωθεν
760 1051 856 1107 τήν
898 1056 993 1111 τῆς
1056 1047 1243 1121 ψυχῆς
1297 1068 1391 1103 σου
1416 1047 1730 1102 ἐπιστασίαν
1757 1069 1884 1124 προ-

277 1145 654 1209 κατασχοῦσα,
716 1142 806 1191 καὶ
837 1139 928 1199 τὰς
977 1136 1181 1199 ἀληθεῖς
1244 1143 1362 1212 περὶ
1428 1138 1653 1191 ἐκάστου
1726 1135 1883 1202 δόξας

218 1307 223 1312 ⁸
274 1230 782 1301 προευτρεπίζουσα,
857 1226 947 1281 ὑπ’
1001 1222 1209 1288 οὐδενός
1252 1225 1393 1281 ἐάσει
1448 1245 1507 1280 σε
1561 1235 1662 1280 τῶν
1715 1246 1881 1302 προσ-

272 1319 566 1369 πιπτόντων
637 1314 1011 1376 alcinoi-mi“
1071 1315 1200 1369 ἀλλά
1241 1320 1787 1392 προσευτρεπισμένον
1814 1326 1877 1391 τῇ

274 1399 506 1479 διανοίᾳ,
572 1407 745 1480 ὥσπερ
836 1424 953 1459 τινα
1027 1406 1275 1460 σκόπελον
1330 1404 1598 1466 θαλάσσης
1651 1410 1880 1477 γείτονα,

273 1490 518 1567 ἀσφαλῶς
572 1500 663 1549 καὶ
726 1493 986 1557 ἀσείστως
1022 1503 1124 1548 τῶν
1156 1514 1209 1549 τε
1231 1493 1419 1569 βιαίων
1458 1495 1760 1566 πνευμάτων
1791 1498 1882 1547 καὶ

2000 490 2145 581 gere
2158 506 2431 573 multam,
2467 504 2695 560 solvere
2726 498 2939 558 maluit
2974 511 3166 571 quam
3223 494 3448 566 jurare,
3478 490 3662 562 idque

2000 615 2140 656 cum
2170 612 2295 655 non
2326 599 2482 653 esset
2511 587 3392 665 falsojuraturus,prseceptum
3421 593 3663 655 quono‘

1995 688 2088 745 bis
2121 685 2555 760 jusjurandum
2580 680 2972 745 interdicitur,
2988 682 3051 735 ut
3071 674 3218 733 mihi
3239 672 3493 741 videtur,
3520 670 3660 726 edo-

1994 782 2348 852 ctus.Atque
2374 776 2489 833 hoc
2503 775 2700 832 Cliniae
2713 773 2961 841 factum,
2985 768 3069 825 illi
3098 766 3400 841 praecepto
3417 776 3659 852 germa-

1991 886 2142 928 num
2181 850 2269 926 est
2304 884 2318 935 ;
2382 864 2644 924 Euclidis
2678 878 2817 921 vero
2855 860 2909 918 ei
2938 858 3108 933 quod
3148 850 3657 930 persequentibus

1996 960 2152 1016 bene
2178 956 2411 1031 precari
2437 956 2633 1028 jubet,
2675 951 2840 1009 mala
2865 963 3008 1005 vero
3026 958 3422 1020 nequaquam
3456 957 3468 995 :
3498 938 3655 996 adeo

1991 1052 2061 1105 ut
2086 1028 2197 1121 qui
2213 1045 2450 1118 hisjam
2477 1049 2657 1101 antea
2677 1041 2854 1099 fuerit
2882 1038 3174 1103 imbutus,
3207 1048 3332 1090 non
3386 1028 3655 1121 amplius

1990 1119 2232 1204 nostris,
2256 1140 2321 1192 ut
2349 1130 2853 1206 impossibilibus,
2901 1127 3087 1184 ﬁdem
3138 1123 3406 1193 deroget.
3440 1119 3654 1174 Contu~

1991 1224 2239 1283 beruale
2282 1224 2464 1294 igitur
2505 1235 2743 1293 semper
2790 1218 2897 1276 tibi
2956 1215 3056 1273 Dei
3109 1210 3468 1270 mandatum
3498 1209 3648 1273 esto,

1990 1321 2346 1390 perpetuam
2377 1314 2482 1370 tibi
2503 1312 2660 1370 dans
2686 1310 2906 1373 lucem,
2934 1311 2990 1363 et
3026 1303 3209 1361 veluti
3233 1301 3425 1358 facem
3444 1296 3650 1390 praete:

1991 1422 2156 1475 rens,
2188 1402 2600 1462 discernendis
2628 1395 3165 1470 dijudicandisque
3205 1390 3391 1447 rebus
3424 1406 3437 1444 :
3471 1382 3637 1462 quod

1990 1493 2238 1568 quidem
2251 1492 2476 1550 eminus
2493 1489 2670 1547 animi
2686 1487 2767 1544 tui
2783 1485 3181 1560 principatum
3201 1489 3640 1553 praeoccupans

271 1582 516 1656 κυμάτων
572 1584 652 1652 (1)
712 1586 807 1648 τὰς
864 1583 1156 1660 προσϐολὰς
1212 1582 1502 1657 ὑπομένειν,
1556 1565 1605 1635 ἐν
1662 1590 1871 1655 Χριστῷ

1990 1565 2286 1656 verasque
2316 1581 2391 1638 de
2440 1578 2692 1651 singulis
2732 1574 3051 1649 opiniones
3092 1570 3258 1645 prius
3295 1565 3635 1624 informans

272 1670 451 1730 Ἰησοῦ
512 1681 585 1745 τῷ
640 1678 814 1746 Κυρίῳ
871 1675 1040 1748 ἡμῶν,
1091 1675 1130 1746 ᾧ
1167 1676 1196 1734 ἡ
1264 1669 1397 1738 δόξα
1448 1674 1518 1739 εἰς
1540 1678 1657 1734 τοὺς
1685 1672 1878 1736 αἰῶνας

262 1768 366 1814 τῶν
392 1762 520 1816 αἰών
536 1763 646 1820 ων.’
670 1768 836 1837 Λμήν.

1988 1678 2170 1745 atque
2188 1655 2564 1746 praeparans,
2596 1667 2775 1725 nullis
2809 1671 2863 1721 te
2894 1661 3137 1720 casibus
3169 1655 3416 1715 alienari
3449 1657 3631 1727 atque

1986 1743 2297 1819 immutari
2324 1743 2686 1833 permittet:
2732 1755 2837 1813 sed
2870 1758 2992 1811 tota
3020 1750 3238 1808 mentis
3270 1746 3395 1803 acie
3425 1743 3638 1817 praeiu-

269 1854 587 1919 structum,
621 1850 799 1910 veluti
825 1852 1158 1928 quemdam
1177 1852 1445 1910 vicinum
1464 1851 1616 1909 mari
1646 1849 1986 1925 scopulum,
2011 1850 2260 1924 rapidos
2287 1849 2689 1907 violentorum
2715 1848 3030 1902 ventorum
3060 1845 3117 1897 et
3140 1838 3433 1898 ﬂuctuum
3454 1835 3638 1919 impe-

267 1940 367 1998 tus
396 1944 523 1998 tuto
548 1944 732 2015 atque
756 1908 1145 1999 iminobiliter
1170 1941 1467 1998 sustinere
1503 1947 1558 1998 te
1581 1908 1774 2006 faciet:
1803 1908 1865 1997 in
1886 1908 2132 1999 Christo
2164 1942 2302 1997 Jesu
2333 1938 2590 1996 Domino
2619 1940 2825 1994 nostro
2850 1934 2945 1990 cui
2970 1929 3159 2004 gloria
3195 1929 3258 1986 in
3288 1925 3511 1987 saecula
3528 1908 3635 1982 sar

268 2028 565 2089 culorum.
594 2034 805 2103 Amen,

624 2162 774 2211 ΠΕΡΙ
802 2162 1211 2211 ΜΕΛΛΟΥΣΗΣ
1252 2162 1545 2212 ΚΡΙΣΕΩΣ.

875 2271 1091 2319 ΛΟΓΟΣ
1129 2263 1223 2320 ΙΔ’.

338 2371 390 2425 Ι.
448 2368 612 2424 Ὅταν
672 2370 860 2446 μέλλῃς
908 2371 991 2426 ἐπί
1020 2392 1137 2426 τινα
1183 2375 1346 2447 όρμᾷν
1386 2370 1664 2446 ἁμαρτίαν,
1694 2369 1869 2430 ἐννόη-

265 2459 357 2511 σόν
407 2477 500 2532 μοι
541 2459 699 2514 ἐκεῖνο
763 2465 823 2514 τό
872 2464 1080 2536 φρικτόν
1137 2467 1228 2514 καὶ
1282 2459 1593 2514 ἀνύποιστον
1616 2466 1708 2512 τοῦ
1730 2467 1868 2535 Χρι-

264 2554 391 2600 στοῦ
431 2544 798 2626 δικαστήριον,
853 2549 908 2603 ἐῦ
963 2548 1003 2624 ᾧ
1031 2550 1412 2627 προκαθέζεται
1458 2554 1548 2623 μέν
1575 2549 1659 2602 ἐπὶ
1686 2550 1868 2623 θρόνου

2319 2155 2495 2229 550
2526 2155 2634 2211 DE
2656 2150 2976 2210 FUTURO
3002 2144 3302 2206 JUDICIO

2602 2262 2832 2319 SEBMO
2863 2259 2990 2314 XIV
3008 2299 3021 2315 .

2052 2377 2104 2432 1.
2137 2376 2210 2447 (3)
2240 2376 2387 2431 Cum
2419 2374 2498 2432 ad
2528 2371 2776 2446 aliquod
2823 2373 3138 2444 peccatum
3176 2361 3403 2437 impelli
3461 2363 3518 2417 te
3547 2359 3628 2415 vi-

1980 2465 2161 2533 deris,
2220 2464 2592 2522 horrendum
2644 2461 2794 2519 illud
2835 2464 2893 2517 et
2971 2452 3348 2515 intolerabile
3420 2449 3631 2507 Christi

1980 2555 2263 2622 tribunal,
2295 2570 2524 2628 quaeso,
2562 2552 2752 2623 cogita
2792 2569 2805 2606 :
2835 2550 2896 2606 in
2925 2565 3049 2623 quo
3078 2543 3356 2620 praesidet
3379 2540 3630 2617 quidem

262 2637 400 2697 τινός
446 2636 650 2709 ὑψηλοῦ
709 2643 799 2692 καὶ
846 2638 1137 2714 ἐπηρμένου
1185 2641 1211 2693 ὁ
1241 2644 1448 2715 κριτής,
1480 2644 1778 2711 παρέστηκε
1809 2635 1869 2691 δὲ

1982 2647 2249 2720 judexiu
2295 2646 2415 2702 alto
2471 2643 2743 2717 quodam
2797 2646 2856 2698 et
2896 2638 3140 2696 sublimi
3173 2631 3633 2705 throno,omnis

264 2729 416 2777 πᾶσα
479 2727 510 2784 ἡ
568 2730 744 2788 κτίσις
822 2728 1194 2801 ὑποτρέμουσα
1226 2732 1321 2787 τὴν
1378 2726 1675 2800 ἐπιφάνειαν
1707 2726 1868 2780 αὑτοῦ

264 2814 359 2872 τὴν
404 2809 630 2879 ἔνδοξον.
700 2817 1039 2891 Παράγεσθαι
1088 2814 1148 2871 δὲ
1202 2816 1446 2891 μέλλομεν
1498 2817 1620 2870 καθ’
1672 2817 1760 2869 ἕνα
1798 2816 1870 2879 εἰς

268 2901 496 2967 ἐξέτασιν
542 2911 643 2957 τῶν
718 2902 1045 2979 βεϐιωμένων
1088 2907 1237 2980 ἡμῖν.
1290 2903 1418 2960 Εἶτα
1461 2913 1534 2979 τῷ
1576 2904 1741 2959 πολλά
1777 2924 1870 2958 πο-

265 2995 401 3067 νηρὰ
453 2991 766 3053 πεποιηκότι
817 2996 954 3049 κατὰ
1002 2998 1092 3049 τόν
1159 2994 1298 3070 βίον,
1354 2994 1560 3069 φοϐεροί
1600 3014 1733 3058 τινες
1778 2999 1869 3048 καὶ

265 3091 515 3157 κατηφεῖς
562 3088 916 3160 παρίστανται
972 3085 1206 3159 ἄγγελοι,
1264 3093 1367 3162 πῦρ
1427 3084 1718 3160 βλέποντες,
1763 3093 1867 3162 πῦρ

266 3172 615 3243 ἁναπνέοντες,
682 3170 776 3229 δια
838 3178 933 3235 τὴν
995 3180 1250 3251 πονηρίαν
1318 3184 1434 3242 τῆς,
1497 3179 1864 3252 προαιρέσεως

262 3266 410 3315 νυκτὶ
440 3262 663 3325 ἐοικότες
687 3265 754 3316 τὰ
788 3268 1069 3341 πρόσωπα,
1124 3262 1219 3319 διὰ
1270 3285 1327 3319 το
1379 3270 1597 3339 κατηφὲς
1626 3270 1715 3318 καὶ
1745 3285 1868 3339 μισ-

263 3352 551 3425 οίνθρωπον.
610 3352 739 3406 Εἰτα
791 3352 1062 3429 βάραθρον
1102 3353 1267 3428 βαθύ,
1313 3360 1405 3409 καὶ
1469 3361 1662 3417 σκότος
1697 3353 1869 3419 ἀδιεξ-

262 3436 498 3506 όδευτον,
537 3444 628 3494 καὶ
666 3450 768 3516 πῦρ
823 3441 1058 3516 ἀλαμπὶς
1083 3443 1132 3497 ἐν
1160 3452 1231 3516 τῷ
1260 3448 1456 3511 σκότει,
1496 3448 1591 3503 τὴν
1627 3447 1718 3516 μεν
1743 3464 1871 3496 καυ-

264 3533 450 3589 στικὴν
507 3526 731 3604 δύναμιν
788 3533 933 3604 ἕχον,
974 3536 1033 3585 τό
1077 3529 1137 3587 δε
1190 3541 1293 3606 φῶς
1361 3531 1712 3609 ἀφῃρημένον.
1744 3530 1870 3587 Εἶτα

262 3616 544 3678 σκωλήκων
600 3639 652 3672 τι
703 3624 847 3693 γένος
912 3621 1123 3675 ἰοϐόλων
1178 3628 1268 3676 καὶ
1301 3626 1672 3698 σαρκοφάγων,
1708 3620 1870 3682 ἁπλῆς

261 3726 398 3771 στως
465 3705 639 3762 ἐσθίον
699 3715 790 3763 καὶ
862 3707 1127 3785 μηδέποτε
1172 3714 1550 3786 κορεννύμενον,
1580 3711 1869 3787 ἀφορήτους

1978 2753 2122 2793 vero
2145 2739 2420 2792 creatura
2448 2733 2529 2790 ob
2556 2732 2886 2802 gloriosum
2908 2730 3039 2802 ejus
3069 2727 3463 2798 conspectum
3493 2736 3635 2778 con-

1980 2824 2334 2883 tremiscens
2373 2825 2563 2890 astat;
2605 2821 2728 2878 imo
2775 2835 2920 2875 vero
2965 2817 3234 2873 futurum
3289 2816 3379 2870 est
3426 2816 3491 2868 ut
3518 2810 3633 2867 sin-

1980 2913 2101 2984 guli
2144 2911 2548 2977 adducamur,
2590 2924 2804 2964 eorum
2847 2922 2983 2980 qum
3038 2904 3102 2961 in
3158 2903 3282 2959 vita
3329 2899 3634 2972 egerimus

1981 3017 2237 3060 examen
2283 2998 2558 3058 subituri.
2593 2996 2820 3055 Deinde
2858 2997 2912 3053 ei
2963 2994 3069 3068 qui
3098 2991 3293 3052 multa
3324 2987 3492 3047 mala
3527 3001 3636 3060 per

1976 3094 2163 3151 vitam
2195 3089 2644 3165 perpetraverit,
2675 3085 2991 3144 horribiles
3016 3083 3270 3159 quidam
3297 3095 3368 3138 ac
3405 3076 3637 3135 morosi

1979 3182 2177 3255 angeli
2198 3182 2487 3249 assident,
2509 3180 2714 3251 ignem
2734 3194 2808 3235 ex
2835 3175 3024 3234 oculis
3054 3174 3413 3241 amittentes,
3431 3168 3636 3239 ignem

1979 3277 2298 3350 spirantes,
2325 3273 2479 3329 adeo
2504 3269 2769 3345 perversi
2809 3268 3014 3325 animo
3039 3263 3393 3338 judicioque
3422 3260 3637 3333 depra-

1977 3348 2097 3422 vati
2128 3367 2294 3420 sunt:
2335 3361 2495 3419 nocti
2523 3359 2690 3416 vultu
2747 3356 2996 3421 similes,
3037 3353 3117 3411 ob
3160 3351 3331 3410 faciei
3361 3348 3635 3407 tetricita-

1978 3459 2097 3511 tem
2121 3458 2178 3510 et
2207 3452 2525 3509 hominum
2563 3449 2726 3506 odio.
2783 3448 3002 3503 Postea
3048 3443 3256 3500 animo
3298 3440 3404 3498 tibi
3432 3439 3632 3510 fingas

1978 3543 2333 3601 barathrum
2367 3539 2763 3615 profundum,
2796 3534 3077 3593 tenebras
3124 3528 3634 3605 impenetrabiles,

1980 3633 2184 3704 ignem
2216 3630 2556 3706 splendoris
2579 3630 2905 3703 expertem,
2929 3624 3052 3681 vim
3074 3622 3324 3696 quidem
3345 3618 3558 3677 urendi
3574 3618 3635 3675 in

1982 3722 2245 3781 tenebris
2276 3720 2624 3786 habentem,
2658 3716 2765 3773 sed
2786 3716 2921 3772 luce
2936 3713 3286 3770 destitutum
3318 3727 3332 3767 :
3378 3707 3635 3765 subinde

260 3793 454 3860 ὀδύνας
502 3795 749 3870 ἐμποιοῦν
813 3808 875 3874 τῇ
940 3800 1293 3875 καταϐρὼσει’
1370 3800 1483 3854 εἶτα
1540 3806 1635 3861 τὴν
1687 3810 1870 3855 πασῶν

1982 3813 2275 3869 vermium
2296 3808 2612 3883 quoddam
2640 3822 2830 3877 genus
2866 3806 3231 3859 venenatum
3261 3816 3331 3855 ac
3358 3797 3632 3854 carnivo-

259 3884 643 3959 χαλεπωτάτην
700 3889 937 3959 κόλασιν,
1008 3894 1096 3945 τὸν
1161 3887 1463 3965 ὀνειδισμὸν
1506 3890 1717 3962 ἐκεῖνον,
1779 3896 1869 3944 καὶ

260 3979 355 4035 την
410 3976 676 4050 αἰσχύνην
738 3984 833 4039 την
864 3980 1089 4036 αἰώνιον.
1132 3983 1340 4035 Τούτων
1378 3990 1451 4053 τῷ
1484 3981 1869 4054 φόϐῳ(2)παι-

261 4061 682 4140 δαγωγούμενος,
743 4069 898 4123 οἱονεὶ
939 4069 1143 4143 χαλινῷ
1192 4090 1294 4124 τινι
1336 4068 1593 4123 ἀνακοπτε
1639 4074 1732 4129 τὴν
1758 4069 1867 4142 ψυ-

260 4158 377 4229 χὼν
431 4154 532 4209 ἀπὸ
579 4164 678 4220 τῆς
713 4158 840 4235 πρὸς
878 4161 946 4213 τὰ
998 4160 1168 4233 φαῦλα
1236 4158 1537 4233 ἐπιθυμίας.
1563 4160 1624 4213 Ὀ
1645 4161 1747 4234 γὰρ
1774 4166 1866 4219 τὴν

261 4248 457 4319 ἡμέραν
508 4243 704 4306 ἐκείνην
754 4252 845 4301 καὶ
891 4253 985 4309 τὴν
1034 4251 1171 4326 ὥραν
1227 4251 1329 4326 πρὸ
1413 4249 1689 4323 ὀφθαλμῶν
1734 4250 1866 4303 τιθέ-

259 4352 425 4408 μενος,
478 4335 595 4389 καθ’
625 4337 687 4396 ἣν
748 4344 899 4391 πᾶσα
927 4338 957 4398 η
993 4344 1170 4401 κτίσις
1215 4343 1596 4414 περιστήσεται
1620 4342 1708 4393 τὸν
1755 4359 1865 4416 κριο

259 4426 378 4493 την,
404 4425 497 4486 τὰς
541 4422 755 4488 εὐθύνας
797 4435 898 4479 τῶν
940 4432 1310 4502 πεπραγμένων
1370 4425 1736 4499 ἀποδιδοῦσα,
1775 4434 1866 4482 καὶ

262 4504 343 4559 ἀεὶ
403 4507 622 4581 μελετῶν
674 4515 769 4570 τὴν
830 4509 916 4565 ἐπί
960 4521 1054 4566 τοῦ
1095 4513 1523 4590 ἀπαραλογίστου
1588 4520 1865 4588 κριτηρίου

263 4594 548 4671 ἀπολογίαν
605 4598 631 4653 ό
683 4607 916 4665 τοιοῦτος
974 4606 1003 4662 ἧ
1033 4599 1185 4657 ούδὶν
1216 4603 1496 4672 παντελῶς,
1532 4603 1562 4662 ἣ
1604 4603 1866 4678 ἐλαχιστα

262 4683 640 4761 ἁμαρτήσεται’
702 4686 841 4745 διότι
896 4694 954 4744 τό
1012 4690 1325 4767 ἁμαρτάνειν
1350 4693 1476 4765 ἡμῖν
1519 4694 1656 4746 κατὰ
1694 4696 1864 4747 ἀπου-

262 4780 383 4830 σίαν
404 4784 497 4832 τοῦ
540 4777 702 4851 φόϐου
750 4788 842 4834 τοῦ
891 4788 1026 4835 Θεοῦ
1077 4786 1296 4854 γίνεται.
1356 4783 1452 4845 Οἷς
1472 4779 1611 4835 «nam
1642 4781 1863 4858 ἐναργὴς

259 4875 402 4941 παρῆ
450 4875 549 4920 τῶν
597 4867 974 4944 ἀπειλουμένων
1028 4873 1058 4930 ἠ
1100 4867 1420 4947 προσδοκία,
1462 4867 1651 4925 οὐδένα
1680 4875 1861 4945 καιρόν

1977 3902 2329 3970 rum,edens
2356 3896 2789 3963 insatiabiliter,
2812 3909 2923 3950 nec
2950 3905 3224 3964 unquam
3246 3887 3631 3947 exsatiatum,

1976 3990 2383 4052 intolerabiles
2416 3987 2657 4045 dolores
2699 3982 3006 4040 morsibus
3041 3980 3336 4037 inducens
3365 3995 3378 4033 :
3409 3979 3636 4050 postre-

1978 4099 2080 4140 mo
2130 4080 2497 4155 supplicium
2538 4074 2814 4133 omnium
2866 4069 3312 4143 gravissimum,
3336 4066 3632 4141 probrum

1974 4172 2123 4230 illud
2151 4171 2487 4228 etdedecus
2518 4165 2973 4240 sempiternum.
3022 4163 3244 4216 Horum
3299 4162 3462 4215 metu
3491 4155 3634 4214 duc-

1975 4268 2092 4331 tus,
2124 4260 2301 4335 quasi
2331 4260 2500 4316 freno
2529 4254 2804 4329 quodam
2835 4249 3092 4326 apravis
3124 4246 3632 4320 concupiscentiis

1976 4333 2165 4411 tuam_
2199 4349 2415 4407 cohibe
2473 4345 2764 4403 animam.
2815 4345 2891 4414 (4)
2940 4339 3052 4407 Qui
3099 4337 3261 4394 enim
3286 4336 3442 4393 diem
3464 4333 3630 4391 illam

1974 4447 2156 4515 atque
2183 4441 2398 4497 horam
2445 4440 2585 4493 ante
2632 4433 2840 4491 oculos
2886 4429 3147 4503 positam
3175 4425 3375 4497 habet,
3401 4424 3465 4480 in
3506 4439 3632 4497 qua

1974 4512 2250 4587 creatura
2279 4525 2478 4584 omnis
2494 4524 2799 4582 actionum
2821 4533 3071 4577 suarum
3093 4515 3387 4573 rationem
3433 4512 3631 4570 reddi-

1971 4624 2108 4677 tura
2130 4616 2399 4690 judicem
2437 4610 2871 4679 circumstabit,
2899 4619 3259 4680 semperque
3312 4618 3487 4660 suam
3516 4618 3630 4676 pro

1946 4707 2074 4766 ~illo
2133 4705 2436 4773 tribunali,
2483 4702 2651 4778 quod
2678 4699 2874 4772 decipi
2930 4695 3160 4770 nequit,
3208 4693 3628 4751 defensionem

1970 4797 2311 4866 meditatur,
2334 4796 2384 4852 is
2401 4798 2503 4851 aut
2532 4790 2677 4849 nihil
2701 4792 2807 4847 aut
2830 4784 3397 4846 omninolevissima
3421 4798 3632 4856 pecca-

1966 4888 2075 4956 bit,
2095 4887 2242 4960 quia
2268 4898 2520 4959 peccare
2545 4879 2723 4938 nobis
2752 4878 2832 4935 ob
2879 4875 3218 4934 absentiam
3248 4872 3478 4931 timoris
3526 4873 3629 4949 Dei

261 4951 427 5010 δωσει
454 4964 559 5019 τοῖς
586 4961 845 5023 τοιούτοις
893 4962 919 5014 ό
953 4963 1193 5024 σύνοικος
1250 4960 1406 5035 φόϐος
1432 4961 1503 5026 εὶς
1544 4960 1859 5027 ἀϐουλήτους

1982 4951 2292 5048 :ontingit:
2308 4974 2540 5042 Quibus
2571 4976 2775 5029 autem
2803 4969 2961 5027 clare
2990 4964 3415 5024 observabitur
3434 4964 3629 5022 inten-

257 5045 468 5122 πράξεις
500 5046 530 5107 ἣ
552 5046 859 5123 ἐνθυμήσεις
889 5050 1141 5108 ἐκπεσεῖν.

331 5425 407 5507 (ί)
435 5425 828 5508 Καὶ-κυμάτων.
873 5426 1009 5508 time
1055 5424 1509 5508 desumpsimus
1538 5440 1614 5483 ex
1651 5424 1860 5508 codice

260 5496 464 5572 Begio.
516 5496 697 5555 Totus
748 5496 847 5554 hic
877 5496 1049 5572 locus
1079 5500 1214 5572 ἔστω
1246 5496 1754 5572 σοιᾼτοίνυνῃβειιιθ
1779 5497 1858 5555 ad

260 5564 592 5655 ﬁne‘m_non
612 5569 982 5655 repertusnin
1009 5569 1298 5655 operibus
1316 5570 1381 5653 _S.
1422 5567 1643 5655 Basilii.

338 5638 414 5708 (2)
440 5641 646 5693 Τούτων
682 5638 766 5713 ’τῷ
826 5640 986 5715 φόϐῳ.
1047 5638 1141 5700 Sic
1189 5640 1410 5716 Regius
1466 5639 1680 5701 codex.
1711 5639 1862 5701 Editi

1969 5074 2170 5129 tarum
2206 5066 2512 5123 minarum
2559 5059 2943 5135 exspectatio,
2987 5057 3083 5115 his
3112 5055 3350 5114 nullum
3388 5058 3628 5128 tempus

1970 5158 2140 5218 dabit
2162 5156 2373 5213 insitus
2395 5152 2575 5211 timor
2596 5149 3031 5209 involuntarias
3060 5147 3327 5207 actiones
3378 5149 3485 5205 aut
3530 5160 3629 5205 co-

1970 5248 2287 5320 gitationes
2303 5242 2629 5303 incidendi.

1970 5431 2140 5480 ταῦτα
2166 5444 2279 5490 και,
2304 5427 2414 5482 etc.
2442 5424 2759 5479 Contextus
2780 5426 2951 5474 ταῦτα
2975 5418 3135 5494 φοϐοῦ
3155 5421 3246 5471 καὶ
3270 5417 3455 5489 τούτῳ.

2041 5500 2117 5642 ἓ3)
2152 5500 2231 5553 Ex
2263 5496 2430 5579 hom,
2461 5496 2525 5551 in
2550 5495 2710 5566 psal.
2745 5508 2938 5565 xxxm,
2974 5495 3095 5548 151.

2066 5572 2116 5633 4)
2150 5571 2411 5642 Exepist.
2444 5581 2664 5624 eLxxw.
2687 5568 2813 5624 262.

2066 5568 2116 5633 4)
2150 5568 2411 5645 Exepist.
2444 5581 2664 5624 eLxxw.
2687 5568 2813 5624 262.
