4084 6376
463 305 600 368 1299

531 441 585 492 2.
615 437 683 508 (1)
736 437 966 494 Strenui
1006 439 1328 495 etenimDei
1369 438 1624 502 atlhetaa,
1656 441 1756 510 qui
1785 455 1922 494 cum
1953 438 2100 493 invi-
2129 439 2176 491 Α

461 525 734 582 sibilibus
768 525 1026 582 inimicis
1071 545 1176 598 per
1209 545 1454 583 omnem
1485 544 1658 583 suam
1689 528 1870 583 vitam
1929 526 2106 582 valde

460 613 764 671 colluctati
819 621 975 686 sunt,
1011 622 1335 689 postquam
1367 633 1574 671 eorum
1608 632 1820 670 omnes
1845 617 2106 671 insecta-

460 702 651 758 tiones
673 704 1006 775 eifugerint,
1031 721 1217 777 prope
1241 706 1365 760 vitae
1393 704 1574 760 ﬁnem
1601 705 1917 774 constituti,
1949 720 1982 759 a
2005 721 2109 758 saa-

462 791 580 848 culi
621 793 889 866 principe
943 795 1383 862 examinantur,
1439 797 1571 849 utsi
1613 795 1984 866 reperiantur
2010 798 2114 850 aut

457 871 710 938 vulnera
738 899 810 938 ex
835 884 1284 950 certaminibus,
1319 888 1422 940 aut
1447 883 1681 955 aliquas
1713 883 2115 945 maculas,aut

458 972 687 1042 peccati
720 973 966 1041 vestigia
996 973 1329 1036 retinuisse,
1355 973 1753 1027 detineantur:
1785 973 1876 1027 sin
1909 977 2110 1027 autem

459 1057 835 1115 inveniantur
881 1061 1237 1116 iuvulnerati
1286 1068 1342 1117 et.
1393 1062 1750 1128 intemerati,
1797 1077 1832 1117 a
1879 1060 2112 1116 Christo

458 1139 750 1220 tanquam
783 1149 981 1204 invicti
1011 1154 1064 1206 et
1085 1149 1252 1204 liberi
1279 1151 1337 1206 in
1369 1151 1637 1220 requiem
1656 1151 2108 1205 transferantur.

459 1235 526 1290 Et
548 1233 678 1291 haec
709 1236 840 1308 ipso
872 1239 1123 1293 Domino
1152 1239 1380 1293 discere
1409 1243 1603 1311 potes,
1631 1238 1790 1293 circa
1817 1255 1942 1292 suae
1971 1253 2110 1309 pas-

457 1323 641 1380 sionis
667 1331 906 1399 tempus
927 1327 1160 1383 dicente
1195 1345 1208 1382 :
1240 1329 1420 1383 Nunc
1446 1328 1716 1399 princeps
1743 1329 1923 1397 hujus
1941 1344 2110 1383 mun-

458 1417 524 1471 di
552 1418 732 1486 venit,
765 1424 819 1472 et
852 1419 912 1471 in
944 1434 1035 1474 me
1079 1434 1197 1472 non
1243 1417 1479 1473 habebit
1509 1418 1835 1488 quidquam
1866 1419 1908 1472 ⁷.
1939 1417 2109 1473 Enim

459 1521 600 1560 vero
652 1506 756 1576 qui
806 1511 1119 1578 peccatum
1149 1521 1269 1560 non
1295 1505 1645 1572 admiserat,
1679 1505 1824 1561 nihil
1853 1503 2022 1562 illum
2049 1505 2106 1561 in

1432 313 1798 370 APPENDIX.
1856 344 1922 358 —
1961 310 2311 370 SYMEONIS
2351 309 2852 367 ME’I‘APHASTzE.

3694 304 3848 358 1300

2282 438 2335 490 2.
2372 439 2471 488 Καὶ
2500 436 2600 508 γὰρ
2632 437 2722 484 καὶ
2753 434 2801 484 οἱ
2857 438 3082 503 γενναῖοι
3112 437 3208 482 τοῦ
3257 436 3392 483 Θεοῦ
3435 427 3687 491 ἀθληταὶ,
3723 426 3845 478 ἰκα-

2213 532 2307 584 νῶς
2381 526 2525 596 παρά
2578 524 2748 575 πάντα
2829 524 2915 573 τόν
2975 519 3093 593 βίον
3167 518 3362 572 ἑαυτῶν
3420 525 3533 578 τοῖς
3582 519 3847 592 ἀοράτοίς

2216 612 2430 687 ἐχθροῖς
2501 611 3008 687 προσπαλαίσαντες,
3100 604 3312 661 ἕπειδαν
3394 609 3574 667 πάσας
3661 604 3844 657 αὐτῶν

2218 703 2556 774 ύπεκφύογωσι
2621 703 2717 762 τὰς
2783 697 3015 767 διώξεις,
3085 702 3218 773 πρὸς
3265 703 3335 768 τῷ
3399 695 3532 749 nisi
3576 702 3672 748 τοῦ
3709 691 3844 767 βίου

2217 795 2496 863 γενόμενοι,
2527 790 2831 864 ἐρευνῶνται
2877 789 2978 840 ὑπὸ
3009 795 3104 840 τοῦ
3162 789 3427 861 ἄρχοντος
3479 791 3573 837 τοῦ
3625 784 3842 851 αἰῶνος,

2220 884 2303 933 ἵνα
2362 879 2421 932 ἂν
2479 883 2568 952 μὲν
2623 879 2898 952 εύρεθῶσιν
2947 878 3155 948 ἔχοντες
3226 879 3508 950 τραύματα
3567 871 3673 925 ἀπὸ
3734 880 3842 924 τῶν

2217 970 2614 1041 παλαισμάτων,
2649 968 2677 1027 ἢ
2726 967 2942 1028 σπίλους
2970 968 3109 1028 τινὰς
3170 970 3259 1017 καὶ
3287 968 3485 1026 τύπους
3530 970 3628 1025 τῆς
3654 961 3845 1036 ἀμαρ-

2217 1064 2349 1125 τίας,
2409 1060 2834 1129 κατασχεθωσιν·
2899 1055 2983 1108 ἐὰν
3053 1052 3112 1108 δὲ
3169 1047 3395 1130 ἂτρωτοι
3455 1054 3715 1126 εύρεθῶσι
3749 1055 3842 1104 καὶ

2216 1147 2454 1215 ἄσπιλοι,
2506 1149 2574 1207 ὡς
2627 1145 2912 1218 ἀκράτητοι
2951 1145 3106 1214 ὄντες,
3156 1145 3225 1204 ὠς
3264 1141 3514 1214 ἐλεύθεροι
3547 1140 3650 1193 ύπό
3691 1145 3842 1214 Χρι-

2219 1244 2345 1289 στοῦ
2386 1235 2770 1287 ἀναπαύωνται.
2799 1239 2899 1286 Καὶ
2919 1238 3088 1286 ταῦτα
3117 1229 3302 1306 μάθοις
3331 1229 3391 1282 ἂν
3431 1229 3484 1294 ἐξ
3536 1230 3701 1282 αὐτοῦ
3743 1235 3841 1282 τοῦ

2220 1328 2412 1398 Κυρίου
2494 1323 2732 1394 λέγοντος
2823 1325 2942 1396 περὶ
3020 1324 3108 1372 τόν
3181 1322 3363 1394 καιρόν
3441 1326 3530 1370 τοῦ
3598 1319 3836 1379 πάθους

2216 1397 2322 1466 Νῦν
2367 1413 2605 1486 όοῖρχων
2660 1419 2751 1464 τοῦ
2810 1412 3014 1483 κόσμου
3081 1407 3271 1462 τούτου
3321 1405 3556 1481 ἔρχετᾶί,
3635 1403 3732 1458 iii.
3787 1397 3839 1458 lii

2217 1503 2331 1577 ἐμοὶ
2387 1504 2484 1569 ἔξει
2531 1500 2702 1558 οὐδέν.
2761 1501 2896 1556 Ἀλλ’
2970 1503 2995 1553 ὁ
3052 1505 3143 1575 μὲν
3201 1505 3272 1573 μὴ
3351 1504 3579 1559 ποιήσας
3649 1496 3834 1570 ἀμαρ-

459 1608 524 1648 se
584 1593 807 1648 habere
855 1593 1139 1650 dicebat:
1193 1595 1333 1648 satis
1392 1599 1592 1649 autem
1650 1594 1824 1649 fuerit
1851 1594 2102 1660 homini,

2218 1599 2349 1660 τίαν,
2405 1593 2569 1664 ἔλεγεν
2634 1595 2775 1664 ἔχειν
2849 1587 3018 1643 ούδὶνο
3089 1588 3340 1664 ἀνθρώπῳ
3403 1585 3462 1641 δε
3547 1591 3836 1662 αὔταρκες,

459 1683 506 1736 si
547 1681 763 1738 audeat
805 1682 1040 1738 dicere:
1096 1683 1259 1738 Venit
1311 1684 1588 1755 j-rinceps
1637 1684 1849 1738 mundi
1902 1684 2105 1753 hujus,

457 1776 514 1826 et
543 1769 601 1825 in
645 1787 739 1825 me
769 1771 1015 1827 habebit
1043 1788 1232 1843 pauca
1251 1777 1306 1828 et
1334 1789 1538 1844 parva.
1573 1775 1645 1843 ('2)
1685 1772 1912 1842 Cogita,
1941 1789 2106 1844 quae-

458 1875 545 1921 so,
601 1859 903 1916 horrenda
959 1861 1059 1916 illa
1109 1861 1296 1932 mala,
1353 1878 1486 1934 quae
1546 1877 1579 1916 a
1637 1863 1755 1916 Deo
1783 1861 2105 1933 puniendis

455 1947 802 2017 inﬂigeutur
857 1967 869 2004 :
914 1950 1196 2006 nimirum
1269 1968 1408 2007 cum
1478 1950 1865 2006 oﬂ‘undentur
1920 1951 2105 2007 stellis

455 2037 737 2105 tenebrae,
787 2038 1144 2111 deficietque
1190 2039 1292 2096 lux
1351 2041 1515 2109 solis,
1543 2056 1652 2095 nec
1679 2040 2102 2112 lunaamptius

455 2124 866 2196 illustrabitur,
939 2144 1098 2196 cum,
1163 2128 1514 2185 fulminibus
1589 2130 2101 2200 percurrentibus,

450 2213 754 2270 horrendo
810 2231 948 2272 cum
994 2216 1228 2285 fragore
1251 2223 1425 2274 ruent
1456 2219 1719 2274 tonitrua
1744 2219 1763 2252 ⁸
1790 2237 1802 2285 ;
1833 2234 1970 2273 cum
2004 2234 2106 2273 aer

452 2303 630 2374 capiti
682 2303 1006 2359 imminens
1059 2305 1503 2374 obscurabitur,
1549 2307 1633 2362 ita
1682 2314 1745 2361 ut
1799 2307 2104 2361 cruciatus

450 2405 659 2446 eorum
682 2391 786 2464 qui
809 2393 906 2446 irae
950 2393 1166 2448 fuerint
1203 2394 1426 2462 traditi,
1449 2393 1614 2450 nulla
1645 2412 1718 2450 ex
1755 2401 1922 2466 parte
1953 2394 2103 2451 sola-

448 2479 600 2535 tium
624 2486 726 2536 aut
759 2481 1028 2537 levamen
1054 2483 1342 2538 admittat.
1386 2487 1666 2540 Creatura
1695 2485 1878 2552 enim,
1902 2467 2106 2540 condi-

450 2569 595 2623 toris
652 2571 819 2643 551
886 2571 1242 2628 administra
1272 2575 1317 2633 θ.
1346 2573 1730 2629 vehementer
1760 2575 1835 2628 ad
1860 2575 2100 2646 iniquos

449 2655 796 2728 plectendos
838 2667 1264 2732 exasperatur:
1301 2663 1605 2730 mitigatur
1632 2679 1770 2718 vero
1801 2662 2102 2719 etdemul-
2138 2697 2181 2762 Ο

449 2750 614 2802 cetur
645 2749 721 2802 ad
754 2765 857 2804 eos
889 2749 991 2820 qui
1029 2767 1202 2806 suam
1237 2751 1294 2806 in
1343 2751 1477 2823 ipso
1500 2752 1782 2808 fiduciam
1815 2769 2099 2825 reposue-

447 2835 582 2901 rint,
617 2836 966 2892 afﬁciendos
987 2838 1303 2897 beneficio.
1349 2839 1954 2912 thuemadmodum
1985 2841 2097 2897 Su-

442 2939 554 2992 per
573 2939 693 2979 uno
711 2931 1028 2995 peccatore
1054 2930 1441 2996 penitentiam
1467 2936 1681 3000 agente
1707 2918 1997 3000 gaudium
2013 2932 2096 2985 est

448 3014 511 3067 in
564 3013 720 3068 caelis
753 3015 798 3048 ¹⁰
832 3031 845 3069 :
907 3015 988 3072 ita
1021 3031 1268 3089 quoque
1306 3017 1642 3087 indignatio
1670 3022 1726 3073 et
1761 3017 1989 3074 tristitia
2012 3019 2098 3074 est.

448 3117 628 3174 super
674 3103 764 3168 iis,
814 3105 917 3176 qui
977 3119 1082 3175 per
1135 3113 1454 3178 peccatum
1516 3122 1550 3162 a
1583 3105 1903 3162 Conditore
1952 3107 2095 3162 deti-

447 3190 632 3248 ciunt.
664 3193 739 3264 (3)
765 3195 912 3248 Tum
938 3194 1095 3262 ignis
1121 3195 1223 3266 qui
1269 3195 1516 3250 diabolo
1548 3201 1603 3250 et
1625 3196 1856 3263 angelis
1889 3197 2096 3265 ejusin

447 3280 810 3351 supplicium
843 3288 1090 3353 paratus
1115 3288 1222 3346 est,
1255 3300 1402 3340 voce
1425 3285 1656 3340 Domini
1684 3273 2052 3341 intercidilur
2083 3303 2096 3351 ;

448 3373 513 3422 ut
543 3384 679 3424 cum
724 3369 859 3425 dua:
913 3372 1031 3426 sint
1076 3372 1132 3427 in
1176 3372 1313 3442 igne
1347 3373 1662 3429 facultates
1691 3391 1949 3446 quarum
1980 3383 2102 3431 una

447 3457 765 3524 comburit,
786 3459 971 3515 altera
1002 3459 1274 3529 illustrat,
1306 3461 1460 3529 ignis
1503 3463 1752 3533 quidem
1784 3464 2100 3536 asperitas,

449 3561 519 3600 ac
568 3547 887 3619 torquendi
942 3550 1276 3620 proprietas
1336 3551 1405 3606 iis
1435 3551 1538 3622 qui
1589 3552 2101 3623 adustionedigni

451 3638 594 3689 sunt
622 3640 889 3692 servetur
921 3637 1111 3703 ;illius
1176 3655 1320 3694 vero
1353 3637 1638 3711 splendor
1670 3647 1724 3696 et
1754 3642 1992 3697 claritas
2024 3633 2099 3698 ad

450 3723 805 3781 hilaritatem
855 3743 1062 3782 eorum
1123 3729 1225 3800 qui
1272 3729 1468 3784 lzetam
1518 3746 1588 3786 ac
1649 3730 1887 3787 beatam
1917 3725 2100 3786 vitam

453 3814 642 3869 acturi
666 3817 823 3878 sunt,
857 3816 1188 3873 destinetur
1215 3835 1227 3872 :
1259 3819 1412 3874 adeo
1445 3824 1506 3876 ut
1537 3820 1814 3892 supplicii
1855 3821 2099 3892 quidem

460 3903 614 3973 ignis
653 3904 949 3960 obscurus
974 3906 1044 3961 sit
1079 3923 1092 3972 ;
1121 3907 1225 3979 qui
1254 3924 1393 3963 vero
1416 3909 1472 3964 in
1509 3909 2104 3967 oblectamentumxi

453 3997 651 4047 careat
675 3993 1096 4052 comburendi.
1154 3998 1354 4068 Neque
1387 4014 1459 4052 ea
1507 3998 1565 4051 in
1601 4014 1661 4052 re.
1696 3998 1794 4052 tibi
1843 3999 2102 4053 addubi-

453 4079 703 4135 tandum
754 4097 884 4137 esse
928 4083 1142 4151 cogita.
1183 4087 1259 4150 (4)
1307 4089 1453 4141 Nam
1505 4103 1642 4140 cum
1673 4103 1871 4142 rerum
1899 4088 1953 4142 in
1987 4089 2105 4144 vita

455 4173 759 4238 gestarum
807 4187 1034 4227 merces
1096 4172 1473 4242 retribuctur,
1526 4179 1737 4230 natura
1770 4177 1923 4245 ignis
1953 4176 2103 4231 divi-

455 4259 666 4324 detur;
717 4261 890 4330 cujus
921 4261 1166 4333 quidem
1220 4262 1446 4330 lumen,
1494 4265 1798 4334 justorum
1846 4265 2104 4321 obtecta-

456 4353 658 4404 mento
692 4366 707 4404 :
753 4349 965 4406 urendi
1021 4368 1165 4406 vero
1205 4351 1497 4417 molestia,
1533 4353 1975 4423 puniendorum
2012 4356 2105 4409 tri-

456 4437 673 4492 buetur
717 4437 946 4494 ultioni.
994 4442 1067 4510 (5)
1117 4441 1462 4496 Horribiiior
1505 4447 1705 4497 autem
1758 4444 2018 4498 tenebris
2052 4443 2108 4499 et

454 4527 590 4596 igne
622 4531 842 4582 aeterno
875 4528 1220 4593 ignominia.
1277 4530 1335 4585 in
1393 4546 1516 4602 qua
1565 4537 1855 4587 zeternum
1908 4532 2108 4589 vivent

453 4621 816 4687 peccatores,
872 4635 1110 4691 semper
1163 4620 1241 4674 ob
1273 4622 1487 4675 oculos
1530 4620 1822 4675 habentes
1857 4623 2107 4684 vestigia

453 4703 702 4760 admissi
719 4705 776 4760 in
791 4722 969 4761 carne
984 4709 1229 4779 peccati,
1247 4724 1382 4779 quae
1401 4709 1457 4763 in
1496 4708 1741 4764 modum
1772 4709 2106 4764 indelebilis

455 4793 773 4864 cujusdam
803 4795 1070 4851 tincturre
1104 4804 1392 4868 perpetuo
1421 4800 1479 4853 in
1504 4798 1721 4853 animae
1755 4815 1962 4854 eorum
1985 4816 2105 4854 mr-

454 4883 650 4938 moria
679 4895 1080 4955 permansura
1111 4890 1269 4942 sunt.
1301 4886 1638 4942 Paucorum
1664 4889 1864 4942 autem
1897 4892 1985 4943 est
2013 4905 2107 4944 ac-

2218 1682 2301 1735 ἐάν
2379 1683 2614 1754 τολμήσῃ
2675 1682 2852 1743 εἰπεῖν,
2920 1682 3000 1732 ὃτι
3077 1679 3337 1753 Ἔρχεται
3389 1679 3414 1730 ὀ
3471 1679 3658 1752 ἄρχων
3735 1681 3836 1758 του

2215 1780 2418 1844 κόσμου
2463 1775 2671 1836 τούτου,
2739 1776 2830 1822 καὶ
2895 1769 2944 1822 ἐν
2997 1769 3115 1841 ἐμοὶ
3155 1769 3253 1830 ἕξει
3316 1767 3468 1839 ὀλίγα
3513 1769 3605 1819 καί
3637 1762 3834 1841 μίκροῖ.

2220 1857 2471 1919 Εννόὴσόν
2522 1877 2611 1934 μοι
2665 1868 2943 1934 τοιγαροῦν
2993 1851 3058 1911 τὰ
3139 1855 3239 1909 ἀπὸ
3292 1849 3385 1908 τού
3443 1864 3576 1909 Θεοῦ
3634 1854 3837 1928 φοϐεοᾶ

2216 1951 2561 2004 ἐπιπίπτοντα
2623 1957 2726 2009 τοῖς
2775 1949 3160 2020 κολαζομένοίς,
3231 1948 3352 1998 ὅταν
3413 1948 3673 2006 σκότωσις
3738 1949 3838 2016 μὲν

2212 2046 2428 2111 γένηται
2483 2039 2730 2114 ἀστέρων,
2800 2037 3026 2109 ἀφεγγὴς
3082 2034 3141 2088 δί
3180 2037 3206 2088 ὁ
3245 2035 3405 2096 ἣλιος,
3447 2026 3593 2092 adii
3633 2033 3833 2092 σελὴνὴ

2213 2131 2307 2183 οὐκ
2328 2133 2402 2183 ἔτι
2429 2131 2504 2200 (6)
2544 2132 2928 2201 πεφωτισμένη,
2988 2128 3111 2179 ὅταν
3144 2131 3372 2184 σκηπτοὶ
3425 2121 3833 2197 διατρέχοντες,

2212 2224 2303 2271 καὶ
2378 2218 2593 2292 βρονταὶ
2651 2215 2872 2289 φοϐερῶς
2927 2214 3431 2292 καταρρηγνύμέναυ
3503 2216 3627 2266 ὃταν
3696 2213 3836 2286 ὑπὲρ

2213 2309 2438 2380 κεφαλῆς
2511 2307 2611 2381 ἀὴρ
2660 2310 3023 2378 ἐσκοτισμένος
3087 2307 3330 2378 υπάρχῃ,
3373 2303 3438 2363 ὠς
3490 2305 3836 2381 πανταχόθεν

2215 2398 2625 2470 ἀπαραμύθητον
2688 2392 2818 2447 εἶναι
2863 2391 2976 2456 τοῖς
3170 2393 3298 2468 ὀργῇ
3368 2373 3836 2466 παραδεδομένας

2212 2493 2306 2545 τὴν
2354 2476 2604 2559 βάσανον.
2663 2486 2720 2537 ’Π
2769 2487 2870 2557 γὰρ
2928 2489 3124 2548 κτίσις,
3200 2490 3273 2554 τῷ
3315 2487 3596 2539 ποιήσαντι
3628 2481 3838 2556 ὑπηρε-

2211 2585 2398 2642 τοῦσα,
2471 2577 2775 2627 επιτείνεται
2813 2576 2902 2647 μὲν
2954 2571 3020 2633 εἰς
3050 2571 3264 2624 κολασιν
3303 2573 3440 2623 κατά
3468 2579 3568 2622 τῶν
3597 2566 3832 2642 ἀδίκων,

2211 2664 2407 2717 ἀνίεται
2455 2661 2514 2716 δὲ
2572 2661 2643 2724 εἰς
2706 2666 3002 2737 εὐεργεσίαν
3065 2661 3192 2736 ὑπὲρ
3229 2670 3328 2712 τῶν
3360 2658 3438 2711 ἐπ’
3466 2659 3608 2729 αὐτῷ
3639 2665 3830 2713 πεποι-

2211 2757 2391 2809 θότων.
2438 2759 2536 2806 Καὶ
2591 2753 2823 2823 καθάπερ
2873 2751 2986 2803 Ἐπὶ
3027 2748 3100 2802 ἐνὶ
3159 2752 3236 2819 (7)
3305 2748 3597 2822 ἁμαρτωλῷ
3665 2769 3835 2821 μεταο

2207 2851 2408 2895 νοοῦντι
2482 2844 2630 2918 χαρά
2675 2846 2876 2912 γίνεται
2948 2838 2996 2892 ἐν
3058 2846 3179 2916 τοῖς.
3223 2841 3483 2912 οὐρανοῖς,
3547 2837 3684 2889 οὕτω
3732 2843 3832 2892 καὶ

2205 2933 2546 3007 παροξυσμὸς
2583 2925 2670 2982 καὶ
2706 2927 2840 2986 λύπη
2882 2927 2966 2981 Eni.
3003 2919 3108 2988 τοῗς
3160 2919 3524 2980 ἀποστατοῡσι
3574 2921 3672 2978 διά
3727 2935 3825 2988 τῆς

2207 3020 2468 3093 ἁμαρτίας
2509 3019 2601 3072 τού
2664 3021 2959 3079 κτῖσαντος.
3021 3013 3148 3070 Tota
3195 3017 3254 3069 τό
3293 3019 3397 3089 πυρ
3429 3015 3825 3088 ἡτοιμασμένον

2209 3115 2277 3171 εις
2335 3110 2550 3162 κόλασίν
2597 3111 2671 3174 (8t
2723 3117 2796 3178 τῷ
2856 3103 3083 3177 διαϐόλῳ
3114 3111 3204 3158 καὶ
3246 3111 3356 3166 τοῖς
3396 3104 3632 3176 ἀγγέλοις
3657 3105 3824 3157 αὐτοῦ

2212 3198 2557 3253 διακόπτεται
2611 3205 2671 3270 τῇ
2759 3205 2852 3248 του
2913 3188 3128 3272 Κυρίου·
3191 3199 3274 3247 ἵνα
3333 3191 3518 3253 ἐπειδὴ
3579 3191 3667 3246 δύο
3736 3194 3806 3245 εἰσ

2213 3297 2293 3342 σὶν
2338 3288 2384 3341 ἐν
2437 3296 2510 3358 τῷ
2569 3293 2699 3363 πυρὶ
2767 3285 3034 3358 δυνάμεις,
3071 3289 3100 3345 ἦ
3135 3305 3188 3338 τε
3208 3289 3472 3343 καυστικὴ
3493 3286 3622 3340 καὶή
3658 3303 3810 3356 φωτι-

2213 3383 2390 3443 στικὴ,
2436 3381 2492 3430 τό
2558 3381 2647 3450 μὲν
2715 3374 2879 3452 δριμὺ
2932 3380 3021 3427 καὶ
3059 3373 3368 3427 κολαστικόν
3408 3377 3499 3426 του
3525 3377 3686 3444 πυρὸς
3709 3380 3823 3433 τοῖς

2213 3468 2376 3530 ἀξίοις
2424 3476 2516 3526 τῆν
2564 3470 2799 3528 καύσεως
2854 3469 3273 3540 προσαπομείνῃ,
3316 3467 3374 3516 τό
3421 3460 3479 3516 δε
3501 3466 3825 3536 φωτιστικόν

2211 3557 2371 3608 αὑτοῦ
2417 3561 2508 3609 καὶ
2536 3557 2770 3631 λαμπρόν
2799 3563 2860 3626 τῇ
2905 3551 3160 3628 φοιιὸρὸτή
3179 3573 3230 3605 τι
3259 3561 3359 3624 τῷν
3409 3556 3828 3628 εὐφραινομένων

2213 3645 2580 3720 ἀποκληρωθῇ·
2616 3648 2684 3706 ὡς
2716 3643 2944 3717 ἀλαμπὲς
2977 3641 3105 3695 εἶναι
3139 3646 3194 3694 τὸ
3226 3649 3330 3715 πῦρ
3377 3650 3471 3703 τῆς
3528 3642 3826 3704 κολάσεως,

2211 3739 2474 3787 οἱκαυστον
2531 3732 2590 3787 δὲ
2637 3738 2693 3786 τὸ
2737 3741 2830 3795 τῆς
2875 3731 3216 3793 ἀναπαύσεως
3255 3731 3535 3803 ἀπομείναι
3581 3729 3685 3800 (9).
3724 3727 3830 3784 Καί

2213 3828 2282 3897 μὴ
2345 3822 2648 3895 ἀμίφεαλλε.
2726 3828 2787 3874 Et!
2851 3823 2952 3894 γὰρ
3005 3828 3118 3880 ταῖς
3170 3829 3269 3872 τῶν
3331 3819 3661 3893 βεϐιωμένων
3695 3825 3830 3892 ἡμῖν

2215 3909 2618 3973 ἀνταποδόσεσι,
2647 3919 2747 3963 τοώ
2815 3912 2974 3983 πυρός
3013 3911 3043 3967 ἡ
3097 3912 3249 3978 φύσις
3281 3904 3699 3982 διαιρεθήσεται·
3727 3915 3830 3961 καὶ

2212 4006 2368 4074 τὸμὲν
2434 4011 2559 4073 φῶς,
2605 4000 2674 4062 εἰς
2741 3999 3029 4052 ἀπόλαυσιν
3069 4005 3180 4060 τοῖς
3245 3995 3494 4075 δικαίοις
3536 4002 3595 4049 τό
3630 3995 3691 4050 δὲ
3727 4010 3833 4060 τῆς

2213 4095 2448 4152 καύσεως
2501 4087 2777 4161 ὀδυνηρόν,
2835 4096 2940 4148 τοῖς
3009 4087 3377 4159 κολαζομένοις
3448 4086 3835 4158 ἀποταχθήσε-

2213 4201 2324 4236 ται.
2380 4179 2709 4252 Φοϐερωτέρα
2766 4175 2824 4230 δὲ
2897 4184 2986 4229 του
3035 4181 3256 4236 σκότους
3296 4182 3508 4229 καὶτοῦ
3539 4180 3708 4250 πυρὸς
3732 4185 3835 4230 τοῦ

2215 4270 2425 4321 αἰωνίου
2479 4271 2508 4326 ἡ
2571 4268 2803 4339 αἰσχύνη
2864 4263 3085 4327 ἐστιν,ἧ
3129 4262 3834 4338 μΰιλουσισυνδιαιωνίζειν

2215 4358 2264 4411 οἱ
2307 4356 2624 4431 ἁμαρτωλοὶ,
2681 4354 2758 4408 ἀεὶ
2798 4354 2846 4408 ἐν
2912 4355 3190 4427 ὀφθαλμοῖς
3243 4357 3454 4426 ἔχοντες
3485 4357 3549 4406 τὰ
3571 4358 3700 4426 ῖχνη
3732 4365 3835 4428 τῇς

2217 4446 2263 4498 ἐν
2313 4451 2468 4519 σαρκὶ
2526 4445 2806 4522 ἁμαρτίας,
2871 4445 3025 4496 οἱονεί
3071 4463 3204 4505 τινος
3237 4441 3413 4516 βαφῆς
3446 4443 3831 4515 ἀνεκπλύντου,

2326 4541 2500 4608 μνήμῃ
2562 4541 2656 4595 τῆς
2705 4533 2892 4605 ψυχῆς
2935 4533 3102 4584 αὖτῶθ
3155 4533 3221 4593 εἰς
3260 4537 3318 4584 ἑὸ
3359 4529 3590 4593 δίηνδκὲς
3617 4531 3828 4606 arm”.-

2216 4637 2366 4669 νοντα
2389 4621 2518 4684 ΗΟ).
2550 4616 2768 4687 Ὀλίγων
2794 4612 2851 4666 δὲ
2892 4616 3000 4667 ἐστι
3046 4633 3102 4665 το
3143 4614 3444 4687 προσελθεῖν
3475 4622 3546 4683 τῷ
3589 4621 3725 4685 φωτὶ
3750 4626 3832 4687 τῷ

2218 4708 2464 4776 ἀληθινῷ,
2523 4711 2611 4757 καὶ
2659 4703 3016 4773 ἀποκαλύψαι,
3065 4709 3152 4756 καὶ
3195 4707 3325 4774 μετά
3350 4708 3444 4760 τὴν
3487 4703 3829 4774 ἀποκάλυψιν

2217 4806 2314 4849 tim
2353 4804 2614 4871 κρυπτῶν,
2675 4797 2744 4865 μὴ
2804 4791 3035 4845 ἀπελθεῖν
3085 4791 3465 4864 αἰσχυνθέντας
3527 4793 3594 4844 τὰ
3658 4797 3829 4867 πρόσ-

2217 4907 2353 4943 ωπα.
2388 4885 2519 4940 Θεοῦ
2545 4887 2647 4957 γὰρ
2675 4882 3028 4957 ἀλλοτρίωσις,
3073 4886 3163 4934 καὶ
3203 4880 3533 4956 ἀποστροφὴ,
3582 4887 3676 4933 καὶ
3725 4889 3823 4934 τῶν

521 5030 538 5061 τ
571 5029 738 5084 Joan.
778 5045 897 5096 xw,
973 5032 994 5063 ⁸
1018 5031 1222 5086 Matth.
1264 5036 1534 5098 xxrv,'29.
1620 5036 1638 5067 9
1663 5034 1801 5105 Sap.
1831 5049 1882 5101 v,
1909 5036 2094 5090 18-21.
2140 5016 2180 5070 Ε
2219 5037 2264 5070 ¹⁰
2300 5036 2432 5089 Luc.
2465 5049 2556 5096 xv,
2582 5033 2670 5085 10.

526 5173 601 5241 (1)
638 5173 716 5228 Ex
746 5173 913 5228 hom.
956 5175 1018 5230 in
1049 5177 1210 5243 psal.
1236 5192 1334 5236 xu.
1369 5181 1458 5233 99.

524 5248 598 5313 (2i
634 5247 710 5299 Ex
739 5250 1059 5299 comment.
1093 5248 1156 5301 in
1189 5249 1419 5302 Isaiam.
1454 5251 1580 5303 5’84.

521 5317 600 5385 l3)
629 5318 703 5371 Ex
728 5318 888 5376 hom.
922 5320 982 5371 in.
1012 5319 1165 5385 psal.
1189 5335 1381 5374 xxvul.
1411 5325 1526 5372 t2l.

522 5387 599 5452 (ii
633 5389 710 5442 Ex
738 5389 899 5442 hom.
934 5405 1004 5448 γι,
1026 5389 1087 5441 in
1119 5390 1412 5456 Ηθέιιαρτη,
1435 5393 1526 5444 52.

521 5459 975 5518 ι5)ΕΧ1ιοη;ι.ιη
1001 5461 1137 5527 psal
1187 5477 1379 5526 xxxui,
1419 5462 1532 5514 147.

519 5531 724 5596 (6)Ούκ
765 5533 864 5585 ἔτι.
908 5530 996 5585 Sic
1014 5537 1325 5585 contextus
1360 5532 1450 5586 cui
1497 5531 1693 5586 favent
1722 5535 1902 5590 nostri
1939 5535 2095 5591 codi-

440 5613 556 5654 ces.
598 5599 664 5655 In
701 5601 794 5657 his
817 5601 979 5657 enim
1004 5600 1221 5672 legitur
1260 5603 1355 5655 ουκ
1387 5607 1522 5658 ἔστι.
1555 5603 1708 5660 Edili
1736 5605 1830 5657 οὐκ
1863 5609 2036 5659 ἔσται.

2287 5182 2361 5247 (7)
2391 5177 2522 5230 Ἐνί.
2551 5179 2720 5230 Deest
2751 5174 2807 5228 in
2830 5172 2965 5247 cod.
2999 5171 3168 5247 1992,

2288 5241 2357 5310 {8)
2389 5249 2468 5308 Ei;
2488 5247 2722 5300 κόλασιν.
2750 5248 2882 5300 Haec
2907 5243 3127 5298 desunt
3147 5241 3205 5296 in
3225 5241 3440 5297 eodem
3474 5243 3712 5300 codice.

2286 5323 2365 5384 (9)
2391 5326 2695 5396 ΑποριεῐνοιιΖ
2740 5319 3020 5397 Uterque,
3050 5313 3548 5397 chex_&n0jzévp,
3586 5315 3828 5374 Ibidem

2211 5393 2349 5458 cod.
2397 5383 2528 5446 199:2
2560 5395 2629 5460 μὴ
2675 5383 2964 5460 ἀμφίϐαλλε
2997 5385 3066 5445 ὡς
3095 5383 3150 5460 ἐν
3189 5393 3322 5460 ταῖς,
3355 5383 3467 5440 etc.

2280 5455 2386 5532 (tot
2413 5455 2770 5531 Ἀναριένοντάζ
2815 5458 2974 5515 Idem
3002 5455 3528 5530 οοάθιέπιμένοντα.
3561 5459 3829 5517 Contex-

2207 5541 2304 5591 tus
2332 5537 2714 5608 παραμένοντα.
