4084 6384
268 332 402 389 1301

1230 332 1458 389 SERMO
1505 332 1639 388 xw.
1673 361 1742 370 -
1777 331 1869 386 na
1917 330 2192 388 FUTURO
2231 330 2535 403 JUDICIO.‘

3501 309 3643 387 130i

267 455 315 509 ἐν
381 465 442 530 τῇ
497 463 672 532 γεέννῃ
729 452 1180 530 προσδοκωμένων
1248 456 1506 509 κολάσεων
1566 455 1858 531 ἀφορητότει

1983 455 2195 513 cedere
2223 456 2302 512 ad
2340 472 2543 512 veram
2590 455 2808 521 lucem,
2851 470 2920 510 ac
2972 455 3260 518 revelare,
3294 458 3352 510 et
3377 457 3519 528 post
3549 470 3646 510 oc~

266 551 354 620 ρόν
394 546 507 599 ἐστι
541 552 629 599 καὶ
674 545 962 621 βαρύτερον
1012 555 1084 617 τῷ
1114 548 1356 615 παθόντι,
1398 548 1461 606 ὡς
1494 545 1739 619 ὀφθαλμῷ
1775 567 1871 617 φωι

267 640 355 698 τός
383 640 652 709 στέρησις,
684 635 778 687 κάν
822 641 893 708 μὴ
942 632 1105 693 ὀδύνη
1156 643 1354 711 προσῇ.
1402 642 1582 688 Πάσαν
1609 637 1710 708 γὰρ
1744 637 1873 707 ὁμου

265 728 362 784 τήν
402 724 487 797 ἀφ’
526 722 585 778 ού
631 730 908 797 γεγόνασιν
952 727 1218 799 ἄνθρωποι
1264 734 1335 797 τῷ
1373 725 1506 797 λόγῳ
1552 745 1630 785 τις
1687 724 1873 776 συλλα-

269 815 371 867 ϐὼν
410 821 501 867 καὶ
542 814 608 876 εὶς
648 813 696 867 ἓν
739 814 995 889 ἀθροίσας
1040 812 1396 889 εὐδαιμονίαν,
1438 812 1562 868 οὐδὲ
1603 814 1873 886 πολλοστῷ

267 909 410 978 μέρει
479 914 578 956 τῶν
635 904 840 977 ἀγαθῶν
899 904 1098 959 ἐκείνων
1166 908 1371 979 εὑρήσει
1426 908 1862 980 παρισουμένην*

266 992 395 1045 ἀλλά
441 992 611 1047 πλεῖον
650 1002 742 1047 τοῦ
787 993 836 1047 ἐν
883 994 1096 1057 ἐκείνοις
1153 994 1442 1067 ἐλαχίστου
1482 997 1550 1049 τά
1598 998 1875 1067 σύμπαντα

263 1091 363 1135 τῶν
403 1080 534 1156 τῇδε
581 1083 750 1135 καλῶν
797 1085 935 1137 κατά
980 1088 1074 1143 τήν
1116 1082 1263 1147 ἀξίαν
1295 1083 1649 1158 ἀφεστηκότα,
1679 1084 1708 1143 ἡ
1753 1083 1871 1136 καθ’

262 1173 384 1225 ὅσον
440 1176 567 1225 σκιά
619 1177 711 1226 καὶ
769 1177 889 1241 ὄναρ
934 1182 1034 1227 τῶν
1094 1173 1348 1233 ἀληθινῶν
1387 1174 1463 1246 (1)
1516 1171 1869 1229 ἀπολείπεται.

260 1260 467 1316 Μαλλον
513 1257 591 1327 δὲ,
645 1263 710 1314 ἶν’
761 1262 1056 1339 οἰκειοτέρῳ
1102 1269 1398 1336 χρήσωμαι
1450 1259 1868 1339 παραδείγματι,

259 1350 369 1423 ὅσῳ
428 1350 583 1423 ψυχὴ
635 1359 746 1412 τοῖς
783 1358 920 1405 πᾶσι
966 1357 1254 1424 τιμιωτέρα
1312 1359 1589 1425 σώματος,
1635 1354 1871 1423 τοσούτῳ

258 1444 349 1491 καὶ
372 1446 473 1491 τῶν
506 1437 635 1512 βίων
668 1438 920 1515 ἑκατέρων
956 1438 1071 1493 ἐστὶ
1100 1444 1159 1493 τὸ
1201 1437 1475 1516 διάφορον.

1983 545 2283 601 cultorum
2323 544 2969 612 revelationem,-facie
3002 559 3123 599 non
3172 543 3423 600 confusa
3454 542 3640 599 abire.

1983 636 2084 691 Dei
2114 635 2275 690 enim
2308 651 2343 690 a
2374 634 2551 690 nobis
2583 632 2861 690 alienatio
2904 638 3085 705 atque
3127 632 3383 698 aversio,
3428 631 3511 687 illi
3540 633 3644 704 qui

1981 742 2116 782 eam
2162 725 2402 794 patitur,
2434 724 2867 780 intolerabilior
2923 722 3286 795 graviorque
3336 729 3642 794 estquam

1980 820 2197 871 caetera
2237 814 2530 884 gehennae
2571 817 2914 885 exspectata
2968 811 3267 884 supplicia
3307 828 3320 866 :
3368 816 3434 866 ut
3467 811 3642 867 oculo

1978 904 2235 976 privatio
2268 903 2534 968 luminis,
2568 901 2707 958 licet
2747 900 2902 957 alius
2933 917 3053 958 non
3088 901 3245 956 adsit
3277 900 3561 969 dolor.(3)
3584 899 3643 957 Si

1978 993 2116 1066 quis
2147 992 2306 1049 enim
2330 1008 2577 1047 omnem
2600 990 2779 1047 simul
2800 1007 2871 1046 ex
2895 1006 3017 1063 quo
3044 989 3325 1045 homines
3354 989 3479 1046 nati
3503 993 3644 1046 sunt

1976 1082 2319 1138 felicitatem
2351 1095 2633 1136 sermone
2662 1078 3041 1153 complexus,
3077 1078 3138 1134 in
3174 1094 3363 1134 unum
3394 1093 3638 1134 coacer-

1977 1172 2220 1241 vaverit,
2254 1186 2384 1245 eam
2416 1174 2621 1226 tamen
2651 1170 2977 1240 comperiet
2999 1184 3075 1223 ne
3101 1167 3366 1225 minimae
3388 1166 3639 1240 quidem

1976 1261 2279 1317 bonorum
2306 1258 2548 1316 illorum
2592 1258 2748 1330 parti
2787 1256 3289 1330 aequiparandam
3322 1271 3487 1324 esse;
3530 1254 3636 1312 sed

1977 1349 2186 1407 omnia
2212 1349 2526 1421 praesentis
2561 1347 2699 1402 vitae
2741 1345 2907 1403 bona
2946 1346 3079 1420 plus
3111 1362 3149 1402 a
3188 1345 3440 1401 minima
3475 1343 3636 1401 futu-

1976 1453 2185 1495 rorum
2214 1436 2506 1507 dignitate
2543 1433 2787 1502 distare,
2820 1449 3009 1506 quam
3038 1449 3076 1490 a
3102 1433 3286 1489 rebus
3310 1432 3468 1488 veris
3490 1448 3631 1488 um-

252 1528 429 1585 bram
456 1533 514 1583 et
543 1528 879 1584 somnium.
902 1533 1026 1586 Imo
1062 1546 1228 1598 vero,
1261 1535 1328 1587 ut
1346 1529 1625 1603 exemplo
1652 1528 1851 1601 magis
1880 1527 2101 1585 idoneo
2118 1531 2274 1594 utar,
2298 1530 2530 1600 quanto
2559 1523 2767 1583 anima
2795 1522 3081 1583 omnibus
3101 1525 3345 1601 prestat
3368 1520 3629 1601 corpori,

257 1621 425 1674 tanta
455 1621 545 1672 est
564 1622 626 1673 et
644 1617 957 1690 utriusque
986 1618 1125 1675 vitae
1156 1618 1515 1676 differentia.

330 1710 384 1764 3.
418 1705 550 1760 Ἀλλ’
587 1708 637 1759 οὶ
674 1705 854 1759 πολλοὶ
897 1716 997 1760 τῶν
1046 1707 1365 1782 ἀνθρώπων,
1407 1705 1503 1762 διὰ
1546 1711 1627 1777 τὸ,
1670 1707 1730 1761 ’³0
1771 1712 1862 1782 μὶν
1895 1709 1936 1764 Β

259 1792 559 1871 δαρήσεται
587 1795 801 1860 πολλάς,
830 1798 855 1849 6
900 1794 959 1849 δὲ
1004 1797 1197 1869 ὀλίγας,
1240 1797 1381 1860 τέλος
1411 1800 1540 1851 εἶναι
1572 1805 1670 1860 τῆς
1704 1797 1861 1850 κολά-

260 1905 389 1946 σεως
432 1893 543 1948 τοῖς
587 1885 958 1958 κολαζομένοις
1010 1891 1187 1958 φασίν.
1233 1886 1394 1961 Ὀπερ
1440 1887 1533 1940 οῦκ
1577 1886 1625 1939 ἐν
1663 1896 1726 1959 τῇ
1766 1894 1860 1940 τοῦ

256 1978 457 2049 χρόνοῦ
522 1976 820 2046 παρατάσει
892 1976 922 2032 ἢ
990 1974 1420 2049 συμπληρώσει,
1497 1974 1603 2028 ἀλλ’
1673 1974 1721 2027 ἐν
1796 1981 1858 2048 τῇ

256 2060 486 2137 διαφορά
515 2071 608 2124 τῆς
651 2062 935 2126 κολάσειως
969 2069 1185 2135 γίνεται.
1214 2071 1317 2117 Τοῦ
1355 2068 1456 2140 γὰρ
1509 2069 1707 2138 Κυρίου
1738 2063 1863 2117 ποτὶ

252 2155 343 2225 μὲν
397 2151 849 2224 ἀποφαινομένου,
907 2155 987 2205 ὅτι
1040 2153 1414 2206 ἀπελεύσονται
1459 2150 1605 2207 οὗτοι
1660 2154 1729 2216 εἰς
1776 2157 1865 2206 κό⁸

248 2240 403 2293 λασιν
436 2240 662 2306 αἰώνιον,
696 2242 745 2293 οἱ
777 2237 836 2294 δε
868 2238 1070 2295 δίκαιοι
1092 2243 1162 2303 εὶς
1193 2243 1331 2303 ζωὴν
1367 2243 1571 2295 αἰώνιον
1596 2264 1609 2277 ο
1640 2245 1762 2296 ποτε
1801 2240 1863 2296 δέ

247 2329 598 2402 ἐκπέμποντος
648 2349 789 2391 τινας
831 2330 900 2392 εἰς
938 2335 996 2384 τό
1042 2339 1147 2407 πῦρ
1188 2334 1248 2384 τό
1306 2331 1509 2384 αἰώνιον
1540 2335 1600 2384 τὸ
1642 2334 1861 2405 ἡτοιμα-

249 2422 432 2491 σμένον
461 2427 532 2490 τῷ
578 2414 806 2491 διαϐόλῳ
838 2424 928 2472 καὶ
977 2427 1087 2482 τοῖς
1136 2419 1376 2492 ἀγγέλοις
1417 2420 1601 2488 αὐτοῦ,
1632 2425 1723 2473 καὶ
1760 2420 1859 2473 ἄλ-

242 2508 359 2561 λοτε
418 2508 773 2579 ὀνομάζοντος
827 2514 1032 2580 γέενναν
1079 2514 1247 2583 πυρὸς
1276 2552 1289 2578 ,
1342 2514 1434 2563 καὶ
1491 2508 1855 2583 ἐπιφέροντος·

242 2597 414 2649 Ὅπου
481 2595 688 2659 ϐκὼληξ
747 2597 913 2649 αὐτῶν
968 2599 1026 2650 οῦ
1073 2598 1319 2669 τελευτᾷ,
1377 2603 1468 2651 καὶ
1518 2602 1576 2651 τὸ
1637 2606 1741 2672 πῦρ
1796 2599 1856 2651 ού

633 2690 724 2738 καὶ
780 2686 856 2736 ἔτι
908 2686 1063 2738 πάλιν
1121 2683 1216 2738 διὰ
1267 2694 1360 2738 τοῦ
1414 2691 1683 2759 προφήτου
1737 2691 1857 2760 περί

246 2794 398 2826 τινων
438 2774 734 2849 εἰρηκότος,
774 2775 853 2826 ὅτι
906 2773 932 2826 ὀ
975 2774 1183 2837 σκώληξ
1230 2775 1398 2827 αὐτῶν
1438 2776 1497 2827 οῦ
1539 2774 1852 2846 τελευτήσει,

251 2685 527 2739 σϐέννυται
561 2707 572 2718 ·

245 2867 336 2916 καὶ
378 2866 437 2915 τό
482 2870 585 2938 πῦρ
629 2863 799 2915 αὐτῶν
845 2862 904 2915 οῦ
947 2862 1340 2922 σϐεσθήσεται’
1381 2867 1578 2916 τούτων
1624 2868 1716 2916 καὶ
1756 2874 1855 2917 τῶν

245 2953 493 3004 τοιούτων
542 2951 814 3024 πολλαχοῦ
860 2960 952 3013 τῆς
1019 2954 1362 3006 θεοπνευστου
1412 2959 1621 3027 Γραφῆς
1674 2957 1854 3026 κειμέ-

242 3062 361 3109 νων,
404 3040 453 3094 ἓν
489 3043 695 3104 πάντως
735 3046 826 3094 καὶ
874 3049 1030 3095 τοῦτο
1079 3049 1171 3103 τῆς
1219 3039 1497 3115 μεθοδείας
1538 3049 1628 3094 τοῦ
1670 3038 1853 3095 διαϐό-
1887 3047 1927 3102 C

243 3131 356 3200 λου,
392 3135 451 3183 τὸ
498 3134 619 3193 τοὺς
663 3131 880 3192 πολλοὺς
925 3139 1026 3184 τῶν
1077 3130 1381 3208 ἀνθρώπων,
1432 3132 1605 3206 ὥσπερ
1651 3129 1855 3184 ἓπιλαν-

245 3224 526 3293 θανομένυς
590 3228 693 3272 τῶν
742 3223 1007 3273 τοσούτων
1059 3226 1151 3274 καὶ
1203 3222 1452 3274 τοιούτων
1509 3228 1602 3273 τοῦ
1650 3224 1850 3295 Κυρίου

242 3310 548 3383 ἀποφάσεων
575 3352 590 3377 ,
644 3308 788 3372 τέλος
829 3309 1090 3373 κολάσεως
1120 3353 1137 3376 ,
1198 3310 1266 3371 εἰς
1329 3312 1388 3363 τὸ
1446 3309 1636 3382 μᾶλλον
1692 3329 1851 3362 κατα-

238 3399 432 3472 τολμᾷν
484 3406 578 3460 τῆς
626 3398 930 3472 ἁμαρτίας,
980 3398 1180 3461 ἑαυτοῖς
1236 3401 1571 3472 ὑπογράφειν.
1625 3402 1688 3451 Ei
1743 3401 1846 3473 γὰρ

232 3497 329 3548 τῆς
375 3489 587 3539 αἰωνίου
622 3486 883 3547 κολάσεως
931 3489 1083 3540 ἔσται
1118 3491 1245 3540 ποτε
1294 3487 1459 3558 τέλος,
1499 3487 1601 3550 ἕξει
1642 3488 1849 3550 πάντως

234 3582 326 3631 καὶ
356 3579 385 3635 η
430 3575 638 3637 αἰώνιος
671 3574 801 3635 ζωή.
836 3575 899 3628 Εἰ
943 3572 1003 3629 δὲ
1047 3575 1132 3629 ἐπὶ
1171 3585 1263 3637 τῆς
1302 3577 1446 3639 ζωῆς
1478 3584 1629 3629 τοῦτο
1658 3585 1848 3636 νοῆσαι

234 3666 294 3720 οῦ
333 3660 744 3737 καταδεχόμεθα
769 3706 781 3730 ,
827 3671 931 3724 πῶς
982 3666 1044 3716 ἄν
1090 3666 1208 3737 ἔχοι
1236 3665 1390 3737 λόγον
1421 3674 1484 3739 τῇ
1539 3665 1750 3719 κολάσει
1779 3674 1842 3740 τῇ

232 3763 429 3833 αἰωνίῳ
466 3761 606 3822 τέλος
636 3757 887 3828 diduxit;
918 3761 976 3814 Ἠ
1021 3764 1123 3835 γάρ
1171 3769 1264 3815 τοῦ
1314 3762 1523 3815 αἰωνίου
1564 3765 1843 3836 προσθήκη

232 3849 305 3922 ἐφ’
344 3849 594 3924 ἑκατέρων
626 3848 814 3910 ἐπίσης
862 3856 1054 3909 κεῖται,
1098 3849 1496 3904 Ἀπελεύσονται
1538 3854 1642 3924 γὰρ
1679 3849 1842 3909 οὗτοι,

236 3936 430 4011 φηϐὶν,
494 3938 564 4001 εἰς
639 3938 857 3991 κόλασιν
917 3938 1124 3991 αἰώνιον
1160 3956 1173 3968 ⁸
1242 3941 1293 3992 οἱ
1350 3936 1409 3991 δὲ
1471 3936 1704 4007 δίκαιοι,
1775 3941 1845 4003 εἰς

236 4029 378 4092 ξωήη
439 4029 644 4082 αἰώνιον
678 4072 689 4084 .
748 4028 913 4081 Ὠστε
971 4033 1061 4082 καὶ
1109 4032 1201 4099 τό,
1262 4034 1559 4098 Δαρήσεται
1613 4030 1840 4103 πολλὰς,

233 4123 325 4171 καὶ
382 4118 578 4191 ὀλίγας,
641 4118 769 4192 οὐχὶ
825 4118 1010 4187 τέλος,
1078 4117 1207 4171 ἀλλά
1268 4115 1523 4195 διαφορὰν
1583 4119 1844 4182 κολάσεως

240 4204 412 4266 δηλοῖ.
456 4208 517 4261 Εἰ
557 4208 659 4285 γὰρ
690 4210 715 4260 6
757 4211 888 4270 Θεὸς
927 4205 1136 4271 δίκαιος
1174 4214 1351 4282 κριτής
1395 4208 1557 4277 ἐστιν,
1591 4209 1650 4261 ού
1689 4213 1843 4282 μόνον

237 4304 347 4359 τοῖς
410 4295 646 4368 ἀγαθοῖς,
706 4296 835 4349 ἀλλά
898 4301 987 4351 καὶ
1052 4304 1163 4359 τοῖς
1226 4306 1492 4371 πονηροῖς.
1553 4295 1844 4361 ἀποδιδούς

238 4386 443 4455 ἑκάστῳ
465 4388 596 4437 κατά
623 4389 717 4443 τήν
747 4385 934 4459 πρᾶξιν
965 4386 1147 4454 αὑτοῦ,
1177 4383 1395 4439 δύναται
1425 4388 1556 4440 εἶναι
1594 4389 1620 4439 6
1651 4393 1740 4461 μέν
1763 4408 1842 4452 τις
1876 4409 1918 4463 D

238 4476 401 4544 πυρὸς
429 4472 688 4525 ἀσϐέστου
716 4474 878 4542 ἄξιος,
911 4480 1001 4527 καὶ
1029 4479 1217 4528 τούτου
1244 4481 1361 4534 ἤτοι
1395 4476 1784 4551 μαλακωτέρου,
1808 4479 1838 4538 ἡ

258 4561 455 4632 μᾶλκον
484 4562 773 4635 φλέγοντοςο
808 4563 833 4613 6
866 4559 926 4615 δέ
957 4582 1037 4625 τις
1069 4564 1334 4626 σκώληκος
1359 4564 1720 4629 ἀτελευτήτου,
1753 4572 1843 4619 καὶ

237 4651 422 4702 τούτου
449 4651 601 4703 πάλιν
633 4654 663 4709 ἧ
695 4655 979 4725 πραότερον
1034 4649 1343 4720 ὀδυνῶν-τος,
1392 4653 1420 4711 ἢ
1476 4650 1839 4728 σφοδρότερον,

238 4743 373 4792 κατά
410 4746 504 4798 τήν
536 4740 682 4803 ἀξίαν
715 4740 957 4793 ἑκάστου·
986 4746 1076 4793 καὶ
1105 4740 1347 4809 ἁλλος(2)
1367 4747 1591 4815 γεέννης,
1615 4740 1844 4819 διάφορα

236 4830 441 4892 πάντως
472 4829 708 4902 ἐχούσης
737 4833 804 4882 τὰ
849 4830 1192 4904 κολαστήρια·
1240 4836 1329 4883 καὶ
1372 4832 1544 4905 ἕτερος
1585 4840 1677 4884 τοῦ
1722 4831 1843 4895 ἐξω-

235 4922 387 4993 τέρου
430 4924 668 4981 σκότους,
714 4922 833 4973 ἔνθα
885 4922 911 4971 6
962 4923 1052 4993 μέν
1092 4939 1171 4982 τις
1221 4919 1268 4972 ἰν
1308 4920 1556 4992 κλαυθμῷ
1594 4927 1768 4994 μόνον,
1814 4923 1841 4974 6

236 5006 298 5061 δέ
328 5029 407 5071 τις
437 5012 527 5061 καὶ
556 5007 605 5060 ἐν
640 5007 866 5083 βρυγμῷ
897 5017 996 5060 τῶν
1038 5006 1285 5076 ὀδόντων,
1320 5006 1414 5062 διὰ
1451 5013 1511 5062 τὸ
1542 5008 1840 5084 ἐπιτεταμε-

234 5118 319 5152 νον
365 5106 463 5152 τῶν
516 5102 685 5151 πόνων
742 5103 965 5169 γίνεται.
1002 5103 1103 5151 Καὶ
1150 5102 1209 5151 τό
1248 5097 1488 5172 ἐξώτερον
1543 5097 1602 5153 δὲ
1657 5104 1841 5164 σκότος

840 5276 886 5311 ¹²
907 5274 1259 5346 Matthaxv,
1290 5276 1381 5332 46.

310 5279 352 5313 ¹¹
377 5278 511 5334 Luc.
545 5291 643 5343 xu,
669 5279 757 5332 47.
840 5276 886 5311 ¹²
907 5276 1259 5343 Matthaxv,
1290 5276 1381 5332 46.
1462 5276 1677 5335 “ibid.
1714 5281 1807 5335 41.

238 5368 285 5402 ¹⁷
326 5369 463 5423 Luc.
495 5381 599 5434 xu,
633 5368 725 5421 47.

310 5545 389 5619 (l)_
423 5550 535 5619 T‘mv
567 5545 839 5603 ἀληθινῶν.
870 5545 1069 5601 Codex
1103 5548 1352 5618 uterque
1395 5562 1506 5619 pro
1533 5546 1629 5604 his
1678 5547 1839 5604 voci-

240 5614 359 5689 bu_s_
371 5614 713 5689 habetaer
740 5619 969 5689 αγαθῷν.

312 5685 386 5749 (2)
431 5690 531 5738 Καὶ
569 5686 739 5748 ἄλλος.
781 5685 936 5746 Ὀοά.
993 5690 1124 5745 I992
1167 5693 1259 5741 καὶ
1308 5688 1463 5753 ἄλλος
1518 5694 1703 5760 τόπος,
1752 5690 1841 5748 Ac

1885 5278 1932 5314 ¹⁸
1956 5280 2135 5335 Marc.
2166 5295 2246 5348 ιχ,
2276 5281 2372 5335 45.

2041 1712 2098 1764 3.
2142 1706 2258 1765 Sed
2301 1706 2580 1764 homines
2615 1707 2789 1764 multi
2818 1709 3065 1781 propter
3110 1722 3253 1763 eum
3303 1705 3623 1779 Scriptura

1966 1798 2168 1855 locum
2196 1797 2301 1870 qui
2330 1797 2536 1867 habet,
2557 1798 2634 1869 (4)
2653 1798 2769 1854 Hic
2796 1797 3034 1871 quidem
3051 1795 3366 1868 vapulabit
3388 1796 3623 1865 multis,

1968 1888 2075 1944 ille
2113 1903 2249 1945 vero
2299 1888 2505 1957 paucis
2537 1889 2601 1959 ¹¹,
2648 1886 2835 1943 ﬁnem
2881 1884 3132 1943 tandem
3180 1884 3622 1959 suppliciorum

1968 1976 2288 2033 habituros
2326 1990 2459 2030 esse
2501 1990 2605 2031 eos
2651 1975 2756 2049 qui
2800 1976 3137 2047 puniuntur
3178 1977 3474 2030 asserunt.
3507 1971 3627 2029 Sed

1970 2071 2175 2121 tamen
2195 2069 2262 2121 ut
2286 2065 2386 2120 hic
2414 2064 2624 2120 multis
2649 2064 2915 2137 vapulet,
2935 2062 3031 2119 ille
3059 2077 3204 2118 vero
3235 2060 3466 2135 paucis,
3498 2076 3626 2118 non

1970 2154 2256 2226 temporis
2285 2153 2673 2210 diuturnitate
2688 2157 2794 2208 aut
2820 2151 3289 2224 complemento,
3303 2149 3410 2206 sed
3428 2165 3626 2223 pusum

1970 2243 2307 2299 diversitate
2338 2240 2663 2314 perﬁcitur.
2688 2242 2834 2297 Cum
2852 2240 3014 2295 enim
3046 2239 3334 2295 Dominus
3358 2253 3625 2311 pronun-

1968 2332 2071 2388 tiet
2100 2329 2432 2404 aliquando
2453 2330 2565 2386 hos
2597 2331 2658 2385 in
2695 2328 3063 2403 supplicium
3090 2332 3381 2384 aeternum
3410 2328 3618 2398 ituros,

1964 2422 2160 2491 justos
2192 2423 2395 2476 autem
2416 2419 2479 2475 in
2507 2419 2695 2475 vitam
2720 2419 3070 2475 aeternam”
3090 2437 3104 2487 ;
3124 2415 3454 2489 aliquando
3477 2431 3624 2473 vero

1967 2510 2165 2567 mittat
2188 2508 2490 2582 quosdam
2522 2507 2584 2563 in
2621 2507 2826 2579 ignem
2854 2502 3147 2563 aeternam
3174 2508 3459 2578 paratum
3489 2504 3625 2561 dia-

1965 2598 2110 2654 bolo
2136 2602 2194 2655 et
2219 2597 2449 2668 angelis
2477 2597 2607 2667 ejus
2630 2597 2697 2664 ¹⁸,
2717 2601 2775 2653 et
2792 2596 2935 2652 alibi
2965 2596 3256 2668 gehennae
3280 2593 3439 2664 ignis
3459 2609 3626 2650 men-

1964 2686 2126 2742 tione
2156 2684 2336 2750 facta,
2369 2685 2648 2755 subjiciat
2676 2684 2860 2740 illud:
2898 2684 3010 2740 Ubi
3031 2684 3250 2739 vermis
3275 2696 3478 2739 eorum
3502 2682 3623 2739 non'

1962 2777 2240 2838 moritur,
2265 2780 2321 2830 et
2341 2773 2499 2845 ignis
2522 2790 2642 2830 non
2674 2766 3172 2842 exstinguitur“;
3206 2786 3470 2845 cumque
3489 2786 3623 2827 rur-

1965 2881 2070 2920 sus
2095 2863 2170 2920 de
2189 2863 2559 2936 quibusdam
2581 2862 2799 2919 dixerit
2822 2877 2929 2934 per
2951 2861 3335 2934 prophetam,
3350 2874 3622 2916 vermem

1962 2971 2176 3010 eorum
2212 2970 2337 3010 non
2384 2953 2777 3022 moriturum,
2807 2955 3008 3025 neque
3036 2951 3242 3022 ignem
3272 2965 3484 3007 eorum
3514 2965 3621 3007 ex-

1962 3047 2245 3101 stinctum
2275 3043 2342 3098 iri
2360 3043 2405 3079 ¹⁶
2427 3061 2439 3098 :
2463 3043 2594 3099 haec
2621 3042 2804 3114 igitur
2822 3046 2881 3099 et
2899 3041 3121 3098 horum
3154 3039 3373 3097 similia
3392 3055 3535 3095 cum
3554 3039 3619 3095 in

1961 3132 2166 3189 multis
2195 3132 2413 3188 divinae
2432 3132 2750 3204 Scriptura:
2768 3129 2918 3188 locis
2936 3128 3298 3200 habeantur,
3328 3129 3446 3185 hoc
3466 3144 3617 3202 quo-

1960 3237 2080 3295 que
2123 3237 2315 3277 unum
2363 3219 2632 3293 profecto
2681 3223 2774 3276 est
2820 3234 2895 3275 ex
2943 3217 3209 3275 artiﬁciis
3255 3216 3503 3281 diaboli,
3549 3215 3618 3275 ut

1960 3310 2132 3368 multi
2170 3311 2449 3367 homines
2493 3309 2660 3366 velut
2698 3309 2866 3365 obliti
2909 3313 2993 3365 tot
3032 3312 3090 3365 et
3131 3307 3341 3365 talium
3376 3305 3615 3364 Domini

1960 3400 2414 3464 sententiarum,
2443 3415 2566 3473 quo
2604 3400 2838 3473 majore
2872 3415 3011 3455 cum
3040 3396 3302 3455 audacia
3337 3396 3611 3469 peccent,

1958 3490 2071 3547 sibi
2100 3488 2284 3546 ﬁnem
2304 3488 2850 3563 suppliciiﬁngant.
2874 3487 3048 3561 552
3072 3486 3303 3542 Etenim
3332 3484 3383 3541 si
3411 3484 3615 3543 aeterni

1959 3577 2238 3653 supplicii
2266 3577 2503 3634 futurus
2531 3582 2620 3634 est
2649 3577 2980 3651 aliquando
2999 3575 3160 3645 ﬁnis,
3189 3574 3376 3632 ﬁnem
3401 3574 3612 3648 utique

1954 3669 2235 3727 habitura
2267 3672 2357 3725 est
2376 3668 2557 3724 etiam
2585 3671 2709 3723 Vita
2738 3670 2981 3723 aeterna.
3022 3663 3196 3731 Quod
3225 3663 3275 3720 si
3304 3679 3428 3720 non
3457 3679 3610 3736 pos-

1957 3774 2168 3815 sumus
2194 3755 2343 3812 illud
2367 3755 2443 3812 de
2470 3756 2594 3812 vita
2623 3759 2848 3811 aeterna
2868 3753 3215 3823 intelligere,
3237 3766 3362 3826 qua
3380 3752 3612 3810 ratione

1958 3844 2255 3920 supplicio
2284 3848 2509 3900 interno
2556 3842 2874 3900 ascribitur
2899 3840 3036 3897 ﬁnis
3058 3845 3086 3896 ?
3114 3842 3265 3897 Nam
3297 3839 3612 3914 aequaliter

1953 3952 2066 4009 pro
2094 3938 2349 4006 utroque
2377 3932 2631 3989 habetur
2663 3932 2873 3988 wlerni
2900 3929 3178 4001 adjectio.
3210 3927 3392 3986 Ibunt
3424 3932 3607 3999 enim,

1952 4025 2163 4097 inquit,
2211 4023 2275 4079 hi
2303 4025 2366 4079 in
2393 4022 2760 4092 supplicium
2783 4026 3113 4077 aeternum:
3130 4019 3291 4090 justi
3316 4025 3517 4077 autem
3543 4020 3607 4078 in

1953 4116 2139 4173 vitam
2171 4121 2452 4171 aeternam
2492 4113 2557 4166 1⁸.
2591 4114 2799 4184 Itaque
2845 4110 3027 4167 etiam
3065 4108 3234 4179 illud,
3280 4110 3609 4181 Vapulabit

1950 4208 2178 4276 multis,
2218 4210 2272 4261 et
2316 4203 2527 4274 paucis
2551 4204 2615 4273 ιτ,
2654 4214 2780 4258 non
2806 4200 3013 4266 ﬁnem,
3049 4200 3161 4256 sed
3196 4199 3609 4258 diversitatem

1951 4294 2229 4369 supplicii
2256 4293 2572 4363 signiﬁcat.
2597 4291 2654 4347 Si
2682 4290 2845 4346 enim
2872 4291 3028 4345 Deus
3050 4289 3250 4360 justus
3276 4287 3463 4360 judex
3494 4293 3605 4361 est,

1951 4400 2077 4442 non
2096 4383 2274 4439 bonis
2302 4381 2521 4450 solum,
2543 4379 2650 4436 sed
2680 4377 2856 4435 malis
2880 4377 3081 4445 etiam,
3110 4375 3372 4433 reddens
3402 4376 3606 4433 unicui

1952 4490 2071 4547 que
2095 4474 2270 4544 juxta
2294 4485 2482 4543 opera
2511 4472 2851 4541 sua,potest
2880 4467 3031 4523 alius
3061 4480 3190 4523 esse
3216 4464 3439 4536 dignus
3466 4465 3607 4536 igne

1954 4558 2445 4630 inexstinguibili,
2478 4559 2583 4631 qui
2627 4561 2731 4614 aut
2764 4555 3008 4612 mollius
3047 4558 3151 4611 aut
3193 4554 3395 4610 acrius
3445 4554 3603 4612 adu-

1951 4652 2089 4707 rat:
2130 4650 2283 4705 alius
2326 4663 2525 4704 verme
2554 4660 2874 4719 nunquam
2917 4644 3229 4711 morituro,
3279 4643 3385 4715 qui
3421 4640 3605 4701 etiam

1951 4748 2056 4800 aut
2095 4739 2297 4795 mitius
2336 4742 2440 4796 aut
2484 4736 2759 4794 acerbius
2798 4732 3099 4790 excruciet
3134 4748 3247 4806 pro
3303 4732 3602 4806 cujusque

1951 4830 2166 4888 merito
2199 4845 2213 4884 :
2248 4827 2401 4883 alius
2434 4825 2731 4896 gehenna,
2765 4840 2901 4898 quae
2928 4822 3099 4881 varia
3126 4837 3197 4879 ac
3232 4822 3476 4896 penitus
3518 4821 3605 4880 di-

1948 4936 2127 4978 versa
2171 4916 2470 4991 supplicia
2509 4914 2769 4981 habeat;
2815 4913 2968 4971 alius
3007 4911 3403 4969 exterioribus
3441 4915 3607 4969 tene-

1949 5010 2096 5078 bris,
2131 5007 2234 5066 ubi
2275 5007 2373 5062 hic
2415 5003 2662 5077 quidem
2696 5004 2759 5060 in
2803 5002 2946 5060 ﬂetu
2976 5002 3194 5065 solum,
3222 5000 3321 5059 ille
3360 5017 3505 5058 vero
3541 5001 3607 5057 in

1949 5099 2220 5156 dentium
2251 5097 2432 5153 etiam
2463 5094 2719 5151 stridore
2746 5093 2828 5151 ob
2852 5092 3131 5151 dolorum
3154 5091 3605 5149 vehementiam

2459 5277 2504 5312 ³⁵
2535 5277 2651 5334 lsa.
2672 5290 2825 5346 val,
2852 5277 2944 5332 24.
3025 5274 3072 5310 ¹⁶
3106 5272 3315 5332 Matth.
3348 5287 3478 5341 xxv,
3509 5273 3599 5330 4-6.

1951 5549 2110 5605 alius
2140 5547 2429 5611 gehennw
2457 5548 2641 5604 locus.
2927 5606 2933 5611 ,

2022 5619 2096 5691 (3)
2122 5615 2209 5676 Ex
2227 5635 2406 5675 serm.
2429 5620 2521 5692 De
2550 5619 2814 5692 legendis
2843 5618 3014 5692 libris
3036 5615 3377 5692 gentilium,
3409 5617 3532 5674 174.

2024 5688 2102 5763 (4)
2136 5693 2215 5747 Ex
2250 5688 2491 5763 Regalis
2514 5688 2716 5765 fusius
2751 5688 3053 5762 tractatis,
3075 5692 3203 5758 306,
3230 5689 3357 5744 307.
