4084 6384
477 264 622 322 1303

1481 261 1853 320 APPENDIX.
1873 282 1932 296 -
1952 257 2296 320 SYMEONIS
2319 255 2853 319 METAPHRASTJE

3727 257 3894 316 i304

479 387 754 446 exsistat.
825 386 979 454 Quin
1033 388 1091 443 et
1137 385 1460 444 exteriores
1501 386 1617 443 illa;
1686 387 1945 443 tenebras
1998 386 2126 444 alia:

2253 388 2524 461 ὑποφαίνει
2570 387 2777 447 πάντως
2838 383 2967 440 εἶναι
3002 403 3093 438 και
3157 382 3427 460 ἐσώτερον.
3475 387 3578 438 Καὶ
3631 384 3724 455 τὸ,
3778 388 3891 445 Ei;

479 477 662 534 etiam
713 492 967 550 prorsus
1016 492 1150 533 esse
1193 477 1503 532 interiores
1544 477 1832 533 indicant.
1881 479 1947 534 Et
1997 476 2145 532 illud

479 566 661 641 quod
701 566 929 622 dictum
976 570 1064 622 est
1099 566 1159 622 in
1197 565 1538 622 Proverbiis
1573 567 1638 634 ³⁸,
1669 568 1741 622 In
1774 568 2143 637 profundum

480 656 731 724 inferni,
764 655 1034 711 declarat
1078 655 1381 728 quosdam
1436 670 1565 710 esse
1613 655 1674 710 in
1732 654 1965 711 inferno
2008 655 2142 728 qui-

480 744 644 813 dem,
691 744 800 801 sed
829 761 953 800 non
998 745 1060 800 in
1092 743 1396 817 profundo
1442 743 1681 812 inferni,
1714 744 1818 818 qui
1855 744 2140 802 leviorem

481 849 730 906 pmnam
781 833 1102 906 perferant.
1153 834 1392 890 Minime
1451 838 1655 890 autem
1707 833 2142 890 existimaveris

481 938 580 980 me
599 922 784 979 veluti
803 922 1108 980 nutritiam
1136 923 1474 996 quamdam
1504 928 1782 988 matrem,
1811 923 2010 980 larvas
2036 923 2141 980 tibi

481 1027 554 1068 ac
583 1011 858 1069 terricula
877 1012 1221 1081 obtrudere,
1250 1012 1775 1085 quemadmodum
1804 1012 1918 1068 illa:
1947 1014 2142 1070 infan-

480 1101 641 1158 tibus
695 1101 962 1174 puerulis
1007 1101 1412 1174 incomposite
1452 1101 1955 1175 pertinaciterque
1994 1103 2136 1159 ﬂen-

479 1191 640 1248 tibus
670 1191 937 1247 factitare
959 1196 1426 1261 consueverunt,
1459 1207 1689 1264 eosque
1717 1191 1870 1248 ﬁctis
1901 1196 1957 1249 et
1975 1209 2139 1250 com-

479 1281 771 1338 mentitiis
814 1281 1268 1339 narrationibus
1295 1286 1740 1354 compescunt.
1793 1282 1930 1337 Haec
1977 1284 2139 1340 enim

476 1385 602 1427 non
656 1371 899 1440 fabulae,
955 1371 1056 1427 sed
1112 1371 1359 1427 minime
1413 1370 1681 1427 mendax
1731 1387 1930 1428 sermo
1959 1371 2137 1444 longe

476 1464 614 1517 ante
639 1476 788 1518 voce
815 1461 1258 1534 promulgatus.
1293 1460 1541 1534 Tibique
1575 1465 1736 1518 certo
1766 1462 2138 1532 persuadeas

474 1549 686 1616 velim,
730 1539 1000 1607 futuram
1049 1550 1380 1623 aliquando
1424 1549 1771 1620 diligentem
1809 1557 1956 1607 actas
2002 1553 2136 1608 vitae

2252 479 2493 550 πυθμένα
2545 473 2701 548 ᾆδον,
2762 475 2811 529 ἐν
2876 479 3202 552 Παροίμιαις
3249 479 3493 551 ερημένον
3545 471 3731 542 δηλοῖ,
3786 476 3886 528 ὅτι

2251 566 2354 619 εἰσί
2395 587 2524 629 τινες
2569 567 2616 620 ἐν
2657 576 2728 639 τῷ
2768 563 2872 640 ᾅδῃ
2921 570 3032 638 μὲν,
3069 568 3164 619 οὐκ
3204 564 3251 617 ἑν
3298 567 3522 639 πυθμένι
3579 562 3641 618 δε
3694 562 3885 637 ᾅδου,

2249 661 2563 732 κουφοτέραν
2608 659 2946 730 ὑπομένοντες
2998 661 3088 714 την
3127 655 3364 708 κόλασιν.
3409 659 3512 708 Καὶ
3539 661 3611 728 μή
3665 675 3740 728 με
3780 675 3884 709 vo-

2249 751 2413 818 μίσῃς
2443 749 2617 822 ὥσπερ
2662 750 2862 819 μητέρα
2896 747 3011 798 τινά
3042 749 3258 818 τροφὸν,
3289 741 3464 816 ψευδῆ
3517 764 3604 797 σοι
3646 765 3882 819 μορμο-

2246 835 2426 888 λύκεια
2481 835 2744 905 ἐπισείειν,
2778 839 2951 910 ὥσπερ
3003 834 3191 888 ἐκεῖναι
3228 842 3392 888 ποιεῖν
3438 839 3555 910 περὶ
3595 840 3728 898 τοὺς
3779 856 3884 894 vr:-

2247 930 2400 988 πίους
2422 933 2521 977 τῶν
2554 921 2760 978 παίδων
2789 925 3055 995 εἰώθασιν,
3081 927 3203 977 ὅταν
3236 925 3495 998 θρηνῶσιν
3524 926 3744 977 ἄτακτα
3775 930 3881 978 καὶ

2249 1013 2531 1090 ἀπέραντα,
2581 1020 2672 1067 καὶ
2715 1012 2790 1068 δι’
2834 1013 3154 1075 ἐπιπλάσεως
3205 1023 3303 1067 τῶν
3358 1011 3712 1087 διηγημάτων
3775 1035 3881 1068 κα-

2245 1107 2618 1176 τασιγάζουσι.
2661 1111 2839 1157 Ταῦτα
2882 1106 2981 1179 γὰρ
3024 1104 3084 1157 οὐ
3127 1105 3309 1177 μῦθος,
3344 1103 3472 1157 αλλὰ
3507 1103 3664 1176 λόγος
3699 1103 3881 1176 ἀψευ-

2248 1190 2344 1254 δὴς
2391 1198 2872 1268 προκεκηρυγμένος
2913 1201 3050 1266 φωνῇ
3256 1193 3356 1246 Καὶ
3410 1194 3527 1246 ἴσθι
3583 1192 3876 1268 ἀκριϐῶς,

2246 1285 2327 1336 ὅτι
2378 1288 2654 1355 γενήσεται
2737 1291 2835 1334 τῶν
2903 1281 3230 1355 βεϐιωμένων
3302 1281 3518 1354 ἔλεγχος
3601 1280 3879 1356 ἀκραής.

2244 1371 2496 1444 Ἔθλιψας
2527 1375 2612 1425 τὸν
2643 1369 2899 1445 ἀὸελςώη
2943 1369 3166 1443 ἐκδέχου
3207 1375 3263 1423 τό
3301 1375 3437 1427 ἴσον.
3477 1371 3771 1444 Ἣρπασπ
3805 1377 3880 1427 τὰ

2244 1470 2344 1514 τῶν
2397 1459 2823 1536 ὑποδεεστέρων,
2879 1458 3324 1522 κατεκονὸύλισας
3353 1504 3368 1529 ,
3428 1466 3670 1532 πένητας,
3736 1482 3878 1516 κατ-

2245 1557 2490 1625 ῄσχυνας
2547 1551 2594 1603 ἐν
2656 1548 2967 1625 λοιδορίαις,
3009 1549 3459 1622 ἐσυκοφάντησας,
3516 1551 3876 1622 κατεψεύσω,

472 1639 1062 1713 pervestigationem.
1104 1641 1178 1710 (1)
1222 1638 1496 1696 Atﬂixisti
1531 1639 1824 1696 fratrem?
1875 1657 1987 1711 par
2012 1656 2126 1698 exs-

2245 1639 2530 1714 ἀλλοτρίοις
2577 1638 2951 1703 ἐπεϐούλευσας
3015 1641 3232 1712 γάμοις,
3299 1637 3655 1712 ἔπιὼρκησας,
3738 1644 3876 1716 ὅρια

472 1733 669 1801 pecta.
694 1729 966 1802 Rapuisti
994 1729 1348 1785 inferiorum
1373 1728 1707 1801 facultates,
1742 1731 1965 1802 pugnis
1989 1747 2136 1804 pau-

471 1832 648 1890 peres
680 1817 968 1890 cecidisti,
1011 1834 1120 1892 per
1163 1819 1435 1876 convicia
1463 1818 1768 1875 incussisti
1815 1820 2132 1891 pudorem,

471 1906 878 1964 calumniatus
917 1924 1000 1971 es,
1042 1909 1327 1965 mentitus
1371 1923 1457 1976 es,
1508 1907 1717 1964 alienis
1759 1909 1981 1981 nuptiis
2031 1925 2134 1982 pa-

469 1995 615 2052 rasti
663 1993 939 2066 insidias,
970 1997 1273 2070 pejerasti,
1326 1997 1617 2053 terminos
1659 2001 1905 2069 patrum
1938 2003 2128 2054 trans-

465 2085 742 2158 posuisti,
791 2087 1207 2158 orphanorum
1250 2086 1524 2143 invasisti
1567 2087 2002 2159 possessiones,
2039 2089 2128 2144 vi-

463 2173 619 2232 duas
647 2176 1024 2249 oppressisti,
1059 2176 1238 2232 bonis
1281 2176 1603 2249 promissis
1635 2177 1950 2248 praetulisti
1980 2192 2127 2249 prm-

464 2268 695 2320 sentem
726 2264 1101 2337 voluptatem
1122 2266 1150 2321 ?
1178 2265 1380 2321 Vicem
1409 2265 1502 2321 his
1533 2264 1782 2335 dignam
1815 2270 2121 2338 exspecta.

2242 1737 2476 1804 πατέρων
2531 1731 2835 1804 μετέθηκας,
2885 1734 3148 1802 κτήμασιν
3189 1727 3421 1804 ὀρφανῶν
3467 1726 3701 1789 ἀπῆλθες
3758 1732 3874 1803 (4),

2241 1825 2416 1892 χήρας
2460 1817 2753 1889 ἐξέθλιψας,
2784 1822 2878 1878 την
2907 1825 3180 1893 παροῦσαν
3220 1814 3416 1877 ἡδονὴν
3446 1825 3545 1869 τῶν
3595 1816 3645 1870 ἓν
3687 1817 3870 1891 ἐπαγ-

2239 1908 2436 1980 γελίαις
2484 1907 2692 1980 ἀγαθῶν
2739 1911 3140 1982 προετίμησαςς
3199 1903 3460 1978 Ἐκδέχου
3499 1908 3697 1960 τούτων
3763 1897 3870 1967 τὴν

2240 1997 2626 2070 ἀντιμέτρησιν.
2690 1995 2791 2048 Οἷα
2848 1998 2948 2071 γὰρ
2993 2000 3193 2072 σπείρει
3230 1996 3467 2062 ἕκαστος,
3504 2003 3739 2049 τοιαῦτα
3770 2004 3872 2051 καὶ

2241 2088 2458 2160 θερίσει.
2493 2089 2595 2137 Καὶ
2647 2089 2816 2157 μέντοι
2853 2089 2944 2136 καὶ
2983 2087 3026 2137 εἴ
3061 2103 3114 2136 τι
3161 2092 3260 2136 τῶν
3301 2082 3506 2156 ἀγαθῶν
3545 2088 3870 2159 πέπρακταί

2240 2195 2343 2239 σοι,
2407 2173 2654 2227 κάκείνων
2716 2171 2947 2246 ἑκδέχον
3011 2172 3394 2246 παραπλησίως
3443 2175 3518 2244 (ὅ)
3558 2175 3656 2236 τὰς
3712 2175 3868 2228 αντιο

2237 2262 2440 2327 δόσεις.

462 2353 678 2420 Qualia
707 2354 870 2410 enim
901 2353 1322 2427 unusquisque
1349 2354 1623 2423 seminat,
1653 2354 1801 2410 talia
1828 2360 1884 2411 et
1905 2360 2106 2412 metet.
2124 2358 2418 2414 Caeterum
2443 2353 2492 2410 si
2525 2353 2670 2428 quid
2697 2354 2876 2411 etiam
2898 2351 3044 2410 boni
3074 2351 3186 2408 abs
3216 2355 3272 2410 te
3294 2356 3708 2425 perpetratum
3747 2359 3848 2412 est

461 2443 1020 2498 remunerationem
1051 2442 1319 2500 similiter
1345 2447 1650 2517 exspecta.

530 2534 585 2586 4.
608 2529 689 2600 (2)
721 2531 928 2600 Cogita
980 2535 1203 2596 autem,
1245 2548 1281 2588 ο
1329 2533 1536 2604 homo,
1582 2533 1743 2590 diem
1792 2537 2125 2591 extremam

461 2618 788 2692 (siquidem
817 2636 941 2677 non
975 2626 1038 2677 tu
1081 2621 1243 2677 solus
1279 2622 1566 2678 saaculum
1593 2627 1882 2680 teternum
1913 2625 2125 2693 vives),

460 2708 848 2778 anxietatem,
887 2709 1364 2777 suffocationem,
1400 2713 1608 2767 mortis
1633 2713 1872 2780 horam,
1907 2729 2125 2783 urgen-

457 2801 580 2853 tem
615 2796 712 2854 Dei
743 2799 1121 2866 sententiam,
1155 2799 1504 2856 festinantes
1543 2801 1816 2871 angelos,
1850 2802 2124 2857 animum

455 2886 688 2943 interea
714 2887 973 2958 graviter
999 2889 1408 2960 pertubatum,
1442 2895 1496 2946 et
1519 2891 1887 2947 conscientia
1916 2907 2126 2963 pecca-

459 2977 602 3034 trice
650 2993 858 3034 amare
889 2980 1324 3049 excruciatum,
1357 2996 1542 3053 seque
1586 2981 2008 3037 miserabiliter
2047 2981 2127 3038 ad

2310 2535 2367 2585 4.
2421 2531 2561 2586 Λάϐε
2600 2537 2769 2584 τοίνυν
2810 2532 2881 2594 εἰς
2921 2534 3112 2584 ἔννοιαν
3171 2535 3266 2590 την
3324 2529 3562 2604 ἐσχάτην
3623 2535 3860 2608 ἡμέραν,

2237 2623 2276 2672 ὦ
2316 2624 2552 2696 ἄνθρωπε
2583 2623 2661 2692 (οὐ
2690 2623 2792 2695 γὰρ
2847 2617 2914 2679 δὴ
2969 2625 3034 2672 σὺ
3074 2625 3232 2693 μόνος
3271 2623 3358 2673 τὸν
3391 2620 3556 2672 αἰῶνα
3585 2619 3861 2694 βιώσεις),

2237 2716 2328 2763 καὶ
2365 2716 2457 2770 τὴν
2491 2715 2726 2783 συνοχὴν
2764 2711 2836 2780 (6)
2886 2715 2976 2761 καὶ
3013 2713 3258 2783 πνιγμόν,
3291 2714 3382 2762 καὶ
3414 2711 3643 2763 θανάτου
3686 2714 3855 2785 ὥραν,

2238 2805 2327 2852 καὶ
2387 2803 2650 2872 άπόφασιν
2719 2807 2852 2854 Θεοῦ
2917 2805 3369 2871 κατεπείγουσαν,
3432 2804 3524 2852 καὶ
3589 2803 3857 2873 άγγελους

2237 2887 2672 2957 ἐπισπεύδοντας,
2713 2895 2802 2942 καὶ
2852 2889 3038 2962 ψυχὴν
3087 2893 3135 2942 ἐν
3193 2893 3396 2952 τούτοις
3451 2887 3636 2954 δεινῶς
3697 2894 3856 2969 θορυ-

2238 2979 2511 3052 ϐουμένην,
2574 2985 2664 3032 καὶ
2721 2979 3010 3053 ἁμαρτωλῷ
3073 2976 3339 3033 συνειδότι
3395 2988 3597 3056 πικρῶς
3650 3002 3853 3054 μαστι-

457 3080 532 3123 ea
573 3082 712 3140 quin
738 3066 837 3123 hic
867 3072 1007 3124 sunt
1050 3073 1499 3125 convertentem
1521 3112 1534 3137 ,
1567 3086 1638 3126 ac
1681 3070 2123 3127 ineluctabilem

2243 3075 2494 3141 γουμένην
2536 3072 2631 3141 (⁵7),
2688 3076 2778 3122 καὶ
2831 3072 2960 3142 πρὸς
3023 3070 3090 3121 τὰ
3135 3066 3267 3141 τῇδε
3322 3067 3847 3146 ἐλεεινῶς-ἐπιστρέ-

460 3155 643 3226 longe
664 3156 823 3212 illius
850 3157 1354 3230 peregrinationis
1379 3159 1820 3216 necessitatem.
1847 3161 2125 3218 Describe

459 3246 683 3304 mihiin
698 3252 900 3305 mente
921 3252 1025 3304 tua
1045 3253 1384 3305 extremum
1413 3251 1758 3306 communis
1782 3251 1916 3306 vitae
1939 3250 2123 3307 ﬁnem

460 3350 601 3392 cum
639 3336 835 3393 veniet
885 3336 1063 3393 Filius
1094 3337 1359 3394 hominis
1398 3338 1460 3394 in
1510 3339 1700 3409 gloria
1739 3356 1871 3396 sua.
1925 3341 2127 3396 Veniet

461 3426 618 3481 enim
649 3430 705 3482 et
729 3441 846 3481 non
875 3426 1076 3482 silebit
1100 3428 1146 3461 ¹⁹
1173 3445 1186 3482 :
1219 3427 1508 3482 nimirum
1533 3428 1781 3500 quando
1816 3429 2008 3485 veniet
2034 3430 2127 3500 ju-

461 3511 773 3569 dicaturus
805 3515 977 3570 vivos
1008 3520 1065 3571 et
1111 3521 1404 3586 mortuos,
1441 3521 1623 3589 atque
1671 3517 1998 3590 unicuique
2040 3534 2125 3573 se-

463 3601 735 3658 cundum
766 3619 922 3675 opus
953 3621 1132 3660 suum
1157 3603 1532 3673 redditurus;
1575 3606 1825 3678 quando
1853 3607 1998 3664 tuba
2024 3607 2125 3662 illa

463 3705 758 3761 magnum
783 3692 1079 3764 quiddam
1105 3709 1176 3749 ac
1201 3693 1575 3749 horrendum
1599 3711 1825 3750 sonans
1849 3695 2128 3751 excitabit

463 3794 567 3836 eos
595 3779 700 3852 qui
730 3780 806 3836 ab
837 3783 983 3838 orbe
1013 3782 1258 3839 condito
1290 3783 1667 3850 dormierint,
1704 3785 1876 3857 553
1904 3790 1960 3840 et
1989 3800 2124 3856 pro-

465 3867 678 3925 cedent
706 3870 811 3942 qui
842 3870 1009 3928 bona
1039 3872 1303 3937 fecerint,
1344 3872 1405 3927 in
1441 3874 1935 3929 resurrectionem
1970 3873 2122 3936 vitae.

462 3957 569 4030 qui
597 3973 741 4015 vero
772 3960 950 4030 mala,
975 3960 1035 4016 in
1059 3959 1558 4017 resurrectionem
1578 3962 1788 4032 judicii
1811 3965 1878 4015 ³ο.
1896 3965 2126 4018 Rcvoca

463 4045 572 4102 tibi
600 4046 662 4102 in
688 4048 1049 4104 memoriam
1093 4048 1318 4104 Danicli
1369 4049 1638 4106 oblatam
1677 4051 1773 4105 Dei
1806 4050 2122 4118 visionem,

463 4135 778 4207 quomodo
809 4136 984 4191 nobis
1011 4137 1091 4192 ob
1145 4137 1356 4194 oculos
1382 4138 1681 4206 judicium
1713 4146 1922 4210 ponat.
1953 4141 2126 4209 Aspi-

464 4224 708 4295 ciebam,
724 4224 936 4298 inquit,
953 4225 1136 4283 donec
1157 4227 1365 4282 throni
1382 4228 1563 4296 positi
1584 4234 1805 4294 sunt,et
1824 4230 2127 4300 Antiquus
2161 4221 2201 4273 Ι)

463 4313 694 4370 dierum
723 4315 896 4371 sedit.
929 4315 1185 4372 Flumen
1235 4317 1390 4388 ignis
1418 4315 1698 4373 trahebat
1723 4318 1784 4372 in
1811 4323 2127 4387 conspectu

464 4403 792 4474 ejus.Mille
811 4405 1010 4461 millia
1030 4405 1440 4462 deserviebant
1467 4406 1538 4472 ei,
1555 4413 1607 4462 et
1629 4407 1784 4462 dena
1799 4408 1997 4463 millia
2022 4407 2126 4463 de-

463 4507 609 4548 num
633 4493 891 4549 millium
909 4494 1263 4550 assistebant
1290 4495 1362 4550 ei.
1380 4495 1722 4566 J-mliciique
1754 4496 1941 4551 locum
1960 4511 2125 4552 cons-

465 4582 647 4652 tituit,
673 4588 728 4638 et
747 4582 890 4638 libri
913 4589 1108 4653 apert:
1125 4589 1266 4638 sunt
1285 4584 1351 4654 ²¹,
1369 4582 1556 4654 bona,
1577 4585 1758 4648 mala,
1777 4585 2120 4652 manifesta,

463 4669 718 4736 occulta,
739 4672 1024 4742 actiones,
1039 4672 1242 4739 verba,
1264 4673 2123 4743 cogitationes,omniaacerva

463 4759 590 4829 tim,
608 4764 673 4817 ut
690 4760 767 4818 ab
781 4760 1066 4819 omnibus
1080 4765 1137 4819 et
1153 4762 1382 4832 angelis
1399 4767 1454 4820 et
1474 4763 1830 4820 hominibus
1849 4762 2118 4821 exaudiri

537 4939 582 4974 ¹³
616 4938 784 4995 Prov.
811 4955 890 5008 1x,
921 4940 978 4996 8.
1058 4940 1102 4975 ‘9
1143 4939 1294 4998 Psal.
1336 4957 1477 5008 xux,
1502 4945 1552 4998 3.
1632 4942 1681 4978 3°
1701 4943 1871 4998 Joan.
1904 4959 1961 5010 v,
2000 4947 2088 5001 39.

535 5115 613 5188 (⁸)
653 5118 734 5172 Ex
761 5116 926 5172 hom.
957 5120 1017 5173 in
1041 5119 1198 5188 psal.
1229 5134 1336 5186 LXI,
1375 5120 1495 5176 198.

535 5189 606 5260 (2)
649 5190 730 5244 Ex
753 5189 925 5261 epist.
951 5206 1103 5256 XLVI,
1136 5191 1262 5246 138.

532 5259 608 5335 (3)
648 5259 813 5332 ψωνῇῖ
850 5261 942 5317 Sic
986 5262 1203 5335 Regius
1255 5259 1444 5335 codex
1484 5263 1645 5335 1992,
1680 5262 1894 5335 melius
1927 5279 2115 5335 quam

461 5330 606 5388 editi
655 5330 822 5404 φῳνεῑ.
871 5331 1052 5404 Paulo
1088 5336 1234 5404 post
1271 5331 1434 5388 idem
1483 5334 1673 5390 codex
1711 5339 1800 5386 καὶ
1840 5330 1973 5391 ἱστί’.
2017 5338 2116 5393 Hic

461 5401 669 5479 autem
693 5403 862 5479 locus
891 5401 1334 5479 al)_liis:verbis,
1369 5410 1458 5456 καὶ
1483 5410 1553 5476 μή
1583 5412 1888 5478 μενομίσης,
1924 5423 2114 5479 usque

461 5475 541 5530 ad
566 5472 687 5548 illa,
719 5474 930 5548 ἔλεγχος
958 5472 1200 5548 ἀκριϐής,
1242 5490 1361 5548 non
1388 5472 1738 5546 repert'usi'n
1773 5472 2073 5535 contextu.

532 5547 605 5616 (4)
648 5546 920 5604 Ἀπῆλθες.
961 5545 1131 5602 Ferte
1157 5545 1388 5606 ἐπῆλθες.
1417 5545 1564 5602 Ebrr.

532 5618 608 5686 (5)
648 5616 1055 5690 Παραπλησίως.
1098 5618 1279 5688 Magis
1335 5618 1556 5676 arridet
1602 5618 1731 5676 haec
1792 5620 2108 5695 scriptura,

2238 3177 2465 3231 φουσαν,
2508 3164 2598 3211 καὶ
2646 3159 3004 3232 ἀπαραίτητον
3059 3167 3150 3219 τῆς
3201 3164 3407 3234 μακρᾶς
3456 3157 3647 3221 ἐκείνης
3693 3163 3837 3214 ἀπο-

2238 3246 2440 3320 δημιας
2487 3248 2738 3320 ἀνάγκην.
2791 3247 3103 3323 Λιάγραψόν
3151 3267 3239 3320 μοι
3286 3256 3348 3321 τῇ
3395 3245 3599 3322 διανοίᾳ
3623 3254 3710 3313 την
3751 3269 3829 3302 τε-

2235 3338 2475 3392 λευταίαν
2523 3345 2615 3390 τοῦ
2667 3346 2842 3390 κοινοῦ
2898 3336 3020 3410 βίου
3078 3341 3482 3412 καταστροφὴν,
3535 3341 3650 3392 ὅταν
3711 3338 3834 3413 ἔλθη

2235 3429 2260 3480 ὀ
2319 3430 2440 3488 Υἱός
2488 3435 2579 3479 τοῦ
2625 3427 2898 3502 ανθρώπου
2949 3426 2996 3478 ἐν
3039 3435 3103 3499 τῇ
3152 3423 3280 3500 δόξῃ
3333 3427 3516 3481 αὑτοῦ.
3547 3427 3846 3502 ’Πξειγὰρ,

2235 3521 2324 3569 καὶ
2372 3517 2430 3568 οὗ
2478 3522 2952 3588 παρασιωπὴσεται
2987 3537 2999 3550 ·
3065 3518 3186 3568 ὅταν
3236 3515 3356 3589 ἔλθη
3417 3523 3592 3590 κρῖναι
3647 3518 3852 3580 ζῶντας

2235 3611 2324 3658 καὶ
2378 3609 2608 3677 νεκροὺς,
2667 3610 2754 3657 καὶ
2812 3601 3101 3658 ἀποδοῦναι
3148 3605 3350 3676 ἑκάστῳ
3389 3608 3525 3659 κατὰ
3563 3611 3660 3665 τὴν
3715 3615 3855 3682 πρᾶο

2236 3695 2312 3758 ξιν
2353 3695 2512 3747 αὐτοῦ
2539 3716 2551 3727 ·
2606 3697 2725 3746 ὅταν
2769 3696 2798 3752 ἡ
2847 3695 3073 3766 σάλπιγξ
3119 3698 3306 3762 ἐκείνη,
3352 3699 3489 3766 μέγα
3544 3715 3595 3748 τι
3633 3701 3727 3748 καὶ
3759 3717 3854 3770 φοι

2237 3783 2381 3858 ϐερόν
2441 3783 2746 3855 ἠχήσασα,
2792 3788 2910 3846 τοὺς
2967 3784 3056 3837 ἀπ’
3114 3785 3300 3846 αἰῶνος
3348 3783 3596 3858 ἐξυπνίση
3661 3789 3854 3840 καθεᾶ·

2237 3869 2446 3938 δοντας,
2496 3879 2586 3925 καὶ
2644 3872 3039 3949 ἐκπορεύσοντοι
3082 3876 3130 3926 οἰ
3180 3877 3246 3926 τὰ
3297 3873 3473 3945 ἀγαθὰ
3534 3881 3856 3938 ποιήσαντες

2237 3961 2303 4022 εἰς
2342 3961 2631 4014 ἀνάστασιν
2686 3967 2845 4031 ζωῆς,
2893 3965 2942 4015 οἱ
2998 3961 3056 4017 δὲ
3105 3966 3168 4016 τὰ
3217 3963 3386 4036 φαῦλα
3433 3965 3718 4036 πράξαντες
3781 3968 3856 4030 εἰς

2237 4049 2527 4104 ἀνάστασιν
2595 4058 2834 4127 κρίσεως.
2879 4056 3153 4112 Μνησθητι
3213 4062 3309 4114 τῆς
3347 4060 3439 4106 τοῦ
3483 4055 3677 4112 Δανιὴλ
3730 4058 3868 4109 θεο-.

2234 4145 2404 4206 πτίας,
2440 4142 2580 4204 ὅπως
2621 4144 2741 4213 ἡμῖν
2772 4142 2856 4194 ὀπ⁸
2896 4142 3015 4214 ὄψιν
3043 4145 3158 4214 ἄγει
3179 4147 3272 4200 τὴν
3300 4147 3496 4218 κρίσιν.
3523 4144 3853 4219 Ἐθεώρουν,

2236 4233 2391 4301 φησὶν
2417 4273 2431 4298 ,

2234 4317 2441 4390 ἡμερῶν

2516 4230 2608 4292 ἓως
2667 4227 2725 4281 οὖ
2812 4233 2981 4305 θρόνοι
3057 4230 3344 4298 ἐτέθησαν,

2534 4317 2804 4379 ἐκαθέζετο
2831 4361 2844 4374 .

3438 4237 3527 4285 καὶ
3615 4239 3658 4284 Il
3669 4233 3856 4297 αλαιος

2925 4322 3165 4393 Ποταμός
3247 4323 3416 4394 πυρός
3495 4319 3658 4373 arma:
3735 4323 3855 4392 (8)

2235 4409 2524 4480 ἔμπροσθε)
2595 4409 2751 4460 αὑτοῦ
2795 4450 2808 4463 .
2897 4409 3081 4463 Χίλιαι
3151 4405 3395 4481 χιλιάδες
3484 4408 3856 4485 ἐλειτούργουν

2234 4493 2393 4566 αςτῷ,
2465 4499 2554 4548 καὶ
2610 4499 2797 4570 μύριαι
2853 4495 3107 4574 μυριάδες
3157 4504 3601 4570 παρειστήκεισαν
3665 4500 3845 4573 αὐτῷ.

2237 4590 2514 4661 Κριτήριον
2581 4588 2834 4658 ἐκάθισε,
2912 4593 3002 4640 καὶ
3071 4587 3245 4662 βίϐλοι
3321 4587 3722 4659 ἀνεῷχθησαν,
3789 4596 3856 4644 τὰ

2229 4672 2380 4743 καλὰ,
2449 4677 2515 4727 τὰ
2572 4675 2760 4748 φαῦλα,
2819 4679 2885 4729 τὰ
2941 4681 3158 4753 φανερὰ,
3237 4680 3270 4730 ἀ
3320 4681 3704 4751 κεκρυμμένοι,
3784 4685 3852 4734 τὰ

2227 4768 2532 4838 πράγματα,
2601 4767 2666 4818 τὰ
2711 4768 2947 4841 ῥήματα,
3003 4773 3068 4823 τὰ
3119 4767 3480 4842 ἐνθυμήματα,
3549 4771 3616 4821 τὰ
3673 4773 3849 4826 πάντα

2169 4946 2212 4980 ³1
2243 4944 2390 5002 Dan.
2423 4961 2525 5014 vn,
2554 4947 2705 5001 9-10.

2227 5137 2415 5197 quam
2460 5122 2639 5197 quod
2690 5122 2908 5195 legitur
2958 5123 3017 5179 in
3071 5126 3353 5180 contextu
3383 5124 3829 5197 πολλαπλασίως,

2226 5195 2621 5262 multiplicem
2653 5197 3216 5252 remunerationem.

2299 5267 2378 5336 (6)
2416 5270 2535 5348 Tria
2573 5273 2836 5339 συνοχὴν.
2892 5269 3108 5339 Regius
3163 5267 3354 5324 codex
3405 5269 3545 5326 1992
3594 5271 3729 5328 λάϐε
3751 5295 3845 5348 μοι

2224 5341 2313 5396 τὴν
2337 5342 2591 5410 συνοχὴν.

2295 5411 2372 5482 (7)
2413 5414 2869 5482 Μαστιγουμένην.
2899 5411 2991 5468 Sic
3017 5410 3177 5466 idem
3200 5410 3460 5482 codexet
3486 5420 3845 5477 contextus.

2225 5480 2374 5558 ξίάὶίὶ
2405 5480 2988 5554 προσμάστὶγουμέυην.
3021 5485 3146 5540 Mox
3179 5481 3338 5539 idem
3372 5483 3571 5541 codex
3605 5484 3709 5542 διὰ
3748 5496 3848 5551 τὴν

2224 5558 2595 5625 απαραίτητον.

2292 5623 2368 5695 (8)
2409 5623 2603 5680 Εἱλυεν.
2637 5625 2960 5683 Contextus
2992 5624 3120 5679 εἱλκε
