4084 6374
208 297 346 352 1305

1126 288 1364 348 SERMO
1407 289 1514 349 XV.
1552 317 1622 332 --
1661 289 1752 348 DE
1788 287 2079 348 llPERlO
2119 286 2204 346 ET
2237 286 2656 346 POTESTATE.

3433 290 3572 346 1306

205 418 402 495 ἀθρόως
443 417 514 481 εἰς
570 415 880 482 ἐξάκουστον
929 422 1042 478 τοῖς
1096 421 1231 470 πᾶσι
1280 419 1371 470 καὶ
1430 415 1667 490 ἀῃέλοις
1716 418 1806 470 καὶ

1920 414 2060 485 sint,
2090 413 2249 472 clare
2274 418 2332 471 et
2358 417 2562 487 aperte
2581 413 2938 472 revelantes.
2978 413 3068 470 Ad
3093 412 3224 472 haec
3259 415 3572 489 quomodo

207 508 498 583 ἀνθρώποις
542 517 721 580 σαφῶς
762 506 1244 560 ἀνακαλύπτουσαι.
1293 508 1432 580 Πρὸς
1488 515 1655 560 ταῦτα
1705 525 1808 561 πο-

206 604 404 662 ταποὺς
447 597 576 654 εἶναι
623 598 823 672 ἀνάγκη
878 601 1000 661 τοὺς
1055 606 1230 660 κακῶς
1277 596 1639 672 βεϐιωκότας
1697 604 1807 652 Ποῦ

208 691 311 764 ἆρα
349 691 379 748 ἡ
419 688 575 760 ψυχή
617 687 785 747 ἐκείνη
823 684 1204 758 καταδύσεται,
1255 689 1285 746 ἡ
1334 685 1382 740 ἐν
1426 687 1580 760 ὄψεσι
1621 689 1807 741 τοσού-

206 801 306 833 των
366 782 552 834 θεατῶν
602 777 841 851 ἐξαίφνης
891 777 1111 851 ὀφθεῖσα
1174 777 1437 851 αἰσχύνης
1501 776 1804 844 ἀνάπλεως;

207 875 340 943 ποίῳ
407 867 466 924 δὲ
533 875 739 943 σώματι
806 871 897 930 τὰς
960 867 1278 943 ἀπεράντους
1328 868 1525 931 έκείνας
1579 873 1668 922 καὶ
1723 867 1808 921 ἀν-

206 963 487 1021 υποίστους
525 961 883 1018 ὑποστήσεται
911 960 1194 1031 μάστιγας,
1225 961 1353 1011 ὅπου
1383 966 1486 1034 πῦρ
1527 957 1806 1027 ἄσϐεστον,

205 1055 296 1102 καὶ
327 1049 535 1113 σκώληξ
565 1048 798 1102 ἀθάνατα
833 1047 1086 1115 κολάζων,
1128 1053 1220 1101 καὶ
1255 1050 1468 1122 πυθμήν
1505 1046 1641 1120 ᾅδου
1679 1067 1808 1102 σκο-

203 1142 368 1202 τεινὸς
409 1143 500 1191 καὶ
547 1133 834 1214 φρικώδης,
884 1142 974 1190 καὶ
1021 1136 1246 1210 οἰμωγαὶ
1297 1141 1507 1212 πικραὶ,
1559 1141 1650 1190 καὶ
1700 1137 1810 1191 ὀλο-

202 1228 400 1302 λυγμὸς
457 1227 705 1297 ἐξαίσιος,
749 1232 840 1280 καὶ
895 1227 1179 1300 κλαυθμός,
1229 1231 1318 1280 καὶ
1371 1226 1613 1302 βρυγμὸς
1662 1224 1803 1280 ὀδόν-

202 1338 325 1390 των,
369 1323 458 1371 καὶ
504 1322 662 1393 πέρας
704 1317 797 1371 οὐκ
830 1320 942 1389 ἔχει
981 1320 1047 1370 τά
1085 1315 1267 1384 δεινά;
1308 1320 1514 1370 Τούτων
1546 1317 1640 1369 οὐκ
1671 1319 1810 1370 ἔστιν

203 1406 476 1479 ἀπαλλαγή
545 1409 675 1479 μετά
742 1409 978 1474 θάνατον,
1047 1403 1172 1460 οὐδέ
1247 1425 1324 1468 τις
1399 1404 1616 1474 ἐπίνοια,
1683 1403 1810 1459 οὐδὲ

200 1501 420 1572 μηχανή
473 1504 565 1550 τοῦ
616 1492 892 1550 διεκδῦναι
937 1500 1006 1550 τὰ
1042 1498 1208 1571 πικρά
1243 1495 1591 1570 κολαστήρια.
1632 1503 1810 1549 Ταῦτα

201 1590 406 1660 φεύγειν
454 1586 624 1649 ἔξεστι
670 1593 779 1643 νῦν.
827 1585 961 1649 Ἐως
1014 1585 1229 1653 ἔξεστιν,
1291 1585 1504 1648 ἑαυτοὺς
1562 1583 1662 1638 ἀπὸ
1716 1592 1808 1638 τοῦ

198 1682 476 1750 πτώματος
543 1674 896 1749 ἀναλάϐωμεν,
959 1671 1089 1749 μηδ’
1159 1673 1522 1748 ἀπελπίσωμεν
1589 1674 1804 1741 ἑαυτῶν,

1918 504 2164 564 affectos
2210 519 2459 562 necesse
2500 507 2590 561 est
2627 519 2757 560 esse
2793 518 2916 574 eos,
2944 504 3050 577 qui
3078 503 3238 562 male
3260 503 3573 561 vixerint?

1918 592 2031 650 Ubi
2057 594 2260 667 itaque
2291 592 2496 650 anima
2524 591 2627 650 illa
2655 591 3080 660 abscondetur,
3111 609 3250 666 quae
3278 592 3341 650 in
3379 592 3572 650 oculis

1913 684 2002 739 tot
2025 684 2435 755 spectatorum
2457 681 2657 738 subito
2685 681 2815 739 visa
2835 681 3336 739 fueritdedecoris
3354 681 3573 753 plena?

1915 772 2080 847 quali
2110 788 2251 829 vero
2271 787 2524 845 corpore
2542 772 2776 829 inﬁnita
2803 770 2905 829 illa
2933 776 2990 828 et
3015 771 3413 829 intolerabilia
3437 787 3573 845 per-

1914 861 2063 921 feret
2086 861 2401 936 supplicia,
2433 861 2538 918 ubi
2557 861 2714 935 ignis
2730 862 3144 930 inexstinctus,
3163 866 3218 919 et
3247 861 3469 919 vermis
3485 861 3575 918 in-

1915 950 2257 1008 desinenter
2293 949 2574 1024 puniens,
2609 963 2666 1007 et
2694 951 2886 1008 imum
2927 949 3098 1007 inferi
3128 949 3574 1008 tenebricosum

1915 1045 1972 1100 et
1999 1040 2372 1098 horrendum
2400 1045 2458 1098 et
2476 1040 2735 1097 ululatus
2757 1040 2968 1107 amari,
2985 1045 3042 1097 et
3057 1041 3109 1111 ej
3120 1040 3318 1096 ulatus
3337 1039 3572 1112 ingens,

1916 1135 1974 1189 et
1999 1131 2288 1205 ploratus,
2318 1134 2376 1187 et
2406 1130 2625 1186 stridor
2653 1129 2950 1197 dentium,
2982 1134 3040 1186 et
3067 1129 3172 1186 ubi
3203 1129 3363 1186 mala
3390 1129 3575 1187 ﬁnem

1915 1236 2041 1276 non
2065 1219 2293 1276 habent
2321 1220 2349 1274 ?
2386 1218 2476 1276 Ab
2503 1219 2598 1276 his
2623 1223 2760 1291 post
2788 1222 3043 1276 mortem
3062 1217 3303 1275 liberari
3321 1233 3446 1275 non
3469 1218 3578 1276 da-

1916 1312 2032 1378 tur,
2053 1324 2248 1381 neque
2277 1312 2366 1364 est
2399 1307 2694 1364 industria
2724 1307 2866 1371 ulla,
2895 1323 3093 1380 neque
3125 1323 3222 1364 ars
3251 1306 3576 1376 effugiendi

1918 1413 2129 1456 amara
2168 1396 2490 1470 supplicia.
2522 1398 2600 1467 (4)
2650 1399 2784 1452 Haec
2823 1411 2986 1452 nunc
3021 1396 3212 1452 vitare
3240 1395 3394 1452 licet.
3423 1398 3576 1453 Dum

1917 1493 2120 1544 autem
2145 1485 2302 1554 licet,
2333 1486 2638 1558 erigamus
2656 1485 3063 1558 nosmetipsos
3087 1499 3162 1541 ex
3190 1499 3360 1554 casu,
3377 1499 3574 1558 neque

1917 1578 1992 1635 de
2011 1576 2182 1634 nobis
2203 1576 2317 1650 ipsi
2337 1577 2757 1650 desperemus,
2781 1575 2830 1630 si
2852 1590 2888 1631 a
2905 1573 3078 1631 malis
3103 1573 3572 1632 discesserimus.

1918 1668 2019 1723 Est
2071 1665 2166 1722 via
2215 1665 2447 1734 salutis,
2494 1666 2543 1721 si
2589 1663 2774 1721 modo
2812 1663 3090 1721 velimus.
3139 1664 3216 1734 (5)
3256 1663 3476 1730 Quaerit
3520 1665 3576 1720 te

199 1765 288 1819 έάν
354 1764 686 1838 ἀναλύσωμεν
743 1763 845 1818 ἀπὸ
911 1772 1012 1818 τῶν
1059 1772 1251 1818 κακῶν’
1288 1770 1465 1817 Ἐστιν
1521 1759 1648 1826 ὁδός
1696 1782 1804 1815 σω-

1919 1760 2121 1830 pastor
2140 1755 2359 1821 bonus,
2384 1754 2624 1822 ovibus,
2643 1769 2780 1828 quas
2803 1768 2927 1810 non
2943 1767 3235 1824 erravere,
3259 1751 3575 1809 derelictis.

198 1859 406 1928 τηρίας,
460 1854 544 1908 έάν
596 1854 836 1928 Θελωμεν.
885 1856 945 1908 Σὶ
983 1854 1134 1915 ζητεῖ
1181 1855 1207 1905 6
1255 1857 1451 1926 ποιμήν
1497 1853 1523 1904 6
1563 1851 1733 1919 καλός,
1779 1853 1805 1904 6

200 1944 500 1997 καταλιπών
557 1945 625 1996 τὰ
674 1948 746 2017 μή
798 1943 1184 2015 πεπλανημένα.
1245 1942 1361 1996 Ἐἀν
1409 1937 1608 2013 ἕπιδῷς
1651 1960 1806 1994 σεαυ-

200 2036 312 2101 τὸν,
360 2032 457 2085 οὐκ
505 2031 736 2103 ὀκνήσει,
793 2028 907 2085 οὐδ’
965 2030 1254 2095 ἀπαξιώσει
1295 2051 1352 2085 σε
1386 2033 1412 2083 6
1452 2030 1808 2106 φιλάνθρωπος

202 2120 289 2175 ἐπὶ
317 2129 418 2174 τῶν
435 2126 585 2194 ὤμων
611 2121 886 2195 βαστάσαι
929 2131 1028 2175 τῶν
1081 2118 1246 2189 ἰδίων,
1297 2125 1504 2195 χαίρων
1546 2122 1627 2174 ὅτι
1667 2121 1806 2197 εὗρεν

201 2211 366 2264 αὐτοῦ
421 2214 478 2264 τὸ
520 2210 776 2286 πρόϐατον
828 2215 887 2264 τὸ
928 2209 1208 2273 ἀπολωλός.
1257 2210 1509 2269 Ἐστηκεν
1556 2211 1582 2263 6
1633 2216 1804 2286 πατήρ

198 2304 293 2353 καὶ
351 2303 588 2374 ἀναμένει
643 2304 737 2358 τήν
798 2305 896 2359 σήν
957 2298 1060 2352 ἀπό
1117 2309 1211 2362 τῆς
1271 2299 1470 2362 πλάνης
1531 2297 1805 2358 ἐπάνοδον,

198 2393 368 2444 Μόνον
410 2389 684 2456 ἀνάλυσόν,
707 2393 798 2442 καὶ
842 2392 918 2442 ἔτι
954 2396 1049 2443 σοῦ
1082 2383 1288 2463 μακράν
1328 2393 1490 2459 ὄντος,
1526 2387 1804 2464 προσδρα-

196 2484 310 2554 μὼν
341 2479 665 2534 ἐπιπεσεῖται
805 2479 888 2533 ἐπὶ
928 2482 1016 2532 τόν
1064 2479 1332 2552 τράχηλόν
1383 2499 1500 2548 σου,
1543 2484 1634 2532 καὶ
1669 2479 1805 2552 φιλι-

197 2577 317 2632 κοῖς
363 2569 666 2642 ἀσπασμοῖς
701 2568 1073 2642 περιπτύξεται
1124 2571 1212 2620 τὸν
1250 2569 1350 2621 ὑπό
1403 2577 1494 2629 τῆς
1537 2574 1807 2641 μετανοίας

199 2657 312 2718 ἤδη
365 2661 766 2731 κεκαθαρμένον.
828 2657 934 2710 Κάν
993 2656 1242 2730 ἐγκαλέσῃ
1302 2676 1383 2718 τις
1439 2665 1538 2709 τῶν
1596 2657 1808 2710 ἑστάναι

202 2745 519 2815 δοκούντων,
552 2747 632 2799 ὃτι
661 2749 805 2818 ταχύ
834 2744 1169 2819 προσελήφθη
1183 2765 1222 2810 ς,
1257 2745 1413 2807 αὐτὸς
1453 2747 1478 2796 ό
1511 2744 1708 2817 ἀγαθὸς
1734 2747 1808 2816 (2)

201 2838 332 2909 ὑπερ
392 2843 486 2890 σοῦ
554 2834 967 2906 ἀπολογήσεται,
1033 2834 1230 2906 λέγων·
1299 2833 1663 2907 Εὐφρανθῆναι
1729 2832 1814 2888 δεῖ

201 2930 296 2980 καὶ
338 2935 592 3002 χαρῆναι,
641 2926 722 2978 ὃτι
767 2924 915 2986 οὗτος
963 2925 990 2975 ὁ
1036 2925 1154 2986 Υἱός
1202 2942 1303 2996 μου
1353 2927 1530 2998 νεκρὸς
1587 2921 1668 2992 ἧν,
1719 2929 1809 2977 καὶ

203 3014 448 3084 ἀνέζησε,
499 3019 589 3068 καὶ
647 3012 942 3081 ἀπολωλὼς,
993 3017 1084 3065 καὶ
1138 3014 1342 3088 εὑρέθη.
1392 3012 1538 3086 Αὐτῷ
1591 3015 1620 3072 ἠ
1680 3009 1811 3078 δόξα

204 3104 275 3167 εἰς
293 3107 415 3168 τοὺς
441 3104 629 3167 αἰῶνας
655 3111 756 3156 τῶν
788 3102 1008 3160 αἰώνων.
1040 3103 1226 3176 Ἀμήν,

540 3235 689 3284 ΠΕΡΙ
730 3233 948 3282 ΑΡΧΗΣ
990 3233 1104 3282 ΚΑΙ
1145 3230 1477 3284 ΕΞΟΥΣΙΛΣ.

834 3340 1043 3388 ΔΟΓΟΣ
1083 3334 1181 3392 ΙΕ“.

279 3448 328 3500 1.
381 3441 547 3497 Καλὸν
597 3443 676 3495 ἀεὶ
728 3445 786 3496 τὸ
835 3449 1016 3514 χεῖρον
1052 3444 1160 3494 ὑπὸ
1209 3448 1300 3495 τοῦ
1344 3445 1632 3517 κρείττονος
1684 3443 1810 3514 ἄγε-

201 3535 362 3587 σθαι*
423 3531 672 3595 πολλάκις
721 3533 822 3606 γὰρ
882 3530 1098 3606 ἀκρισία
1157 3527 1332 3604 δήμου
1395 3534 1480 3584 τὸν
1539 3536 1811 3605 χείριστον

199 3623 270 3684 εἰς
341 3621 516 3695 ἀρχὴν
580 3626 966 3694 προεστήοατο.
1033 3627 1289 3693 Προσήκει
1347 3626 1516 3674 τοίνυν
1579 3624 1664 3673 τόν
1728 3621 1810 3674 ἐπὶ

198 3715 408 3766 πάντων
456 3711 538 3764 ἐπὶ
584 3715 790 3764 συνέσει
838 3716 929 3764 καὶ
978 3710 1255 3783 εὐσταθείᾳ
1298 3715 1388 3763 καὶ
1539 3713 1674 3764 κατὰ
1716 3716 1811 3770 τὴν

203 3803 345 3863 ζωήν
423 3799 662 3876 ἀκριϐείᾳ
735 3803 1196 3876 μεμαρτυρημένον
1274 3796 1558 3873 διαφέρειν,
1629 3808 1811 3853 τοῦτον

201 3891 607 3965 προστήσεσθαι
651 3890 728 3958 (3)
768 3890 834 3950 εἰς
881 3891 939 3941 τό
982 3890 1333 3960 καθηγεῖσθαι
1380 3897 1480 3941 τῶν
1517 3888 1698 3959 ἄλλων,
1731 3891 1813 3940 ἱνα

201 3982 264 4032 τὸ
315 3978 362 4031 ἐν
411 3981 576 4050 τούτῳ
626 3977 820 4050 ἀγαθόν
869 3981 1038 4030 κοινόν
1093 3978 1295 4030 πάντων
1333 3986 1431 4030 τῶν
1483 3981 1810 4050 μιμουμένων

201 4073 440 4144 γίνηται.
500 4072 639 4143 Πρὸς
694 4070 796 4142 γάρ
851 4071 908 4119 τό
953 4076 1052 4120 τῶν
1104 4070 1430 4141 κρατούντων
1482 4064 1606 4129 ἦθος
1651 4066 1810 4118 πλάτ-

203 4162 394 4214 τεσθαι
439 4163 681 4230 πέφυκεν,
723 4159 787 4218 ὡς
838 4159 905 4210 τὰ
946 4156 1126 4223 πολλὰ,
1184 4159 1241 4208 τὸ
1301 4154 1626 4231 ἀρχόμενον·
1679 4157 1813 4208 ὥστε

205 4250 381 4302 ὁποῖοί
427 4249 541 4302 ποτ’
573 4246 633 4299 ἂν
679 4249 728 4300 οἰ
772 4248 976 4318 ἄγοντες
1019 4244 1140 4311 ὦσι,
1184 4252 1415 4298 τοιοῦτον
1470 4243 1667 4317 ἀνάγκη
1723 4249 1814 4297 καὶ

203 4341 296 4392 τόν
349 4337 595 4410 ἀγόμενον
654 4338 802 4392 εἶναι.
847 4341 948 4389 Καὶ
989 4336 1160 4387 ὁποῖοι
1207 4331 1256 4386 δ’
1300 4333 1360 4386 ἆν
1407 4335 1536 4387 ὦσιν
1590 4337 1638 4387 οἱ
1684 4353 1813 4410 προ-

205 4433 443 4496 εστῶτες,
489 4433 709 4478 τοιαῦτα
751 4427 816 4484 ὡς
861 4424 944 4477 ἐπὶ
982 4423 1112 4477 πολὺ
1150 4429 1240 4475 καὶ
1279 4426 1345 4476 τά
1382 4426 1483 4482 ἤθη
1520 4433 1617 4476 τῶν
1649 4422 1806 4499 ἀρχο-

205 4517 370 4587 μένων
419 4515 614 4584 πέφυκε
657 4512 916 4584 γίνεσθαι.
989 4516 1088 4564 Καὶ
1123 4513 1318 4584 ὥσπερ,
1367 4512 1410 4564 εἰ
1451 4510 1679 4574 πλείονες
1716 4513 1814 4573 ζω-

203 4602 403 4675 γράφοι
451 4601 556 4662 ἑνός
607 4605 891 4674 προσώπου
947 4605 1270 4672 χαρακτῆρα
1321 4601 1588 4673 γράφοιεν,
1645 4605 1814 4651 πᾶσαι

208 4692 266 4744 αἱ
315 4691 501 4753 εἰκόνες
544 4692 732 4762 ὁμοίως
777 4691 904 4762 πρὸς
952 4686 1175 4750 ἀλλήλας
1223 4688 1418 4759 ἕξουσι,
1477 4684 1571 4739 διὰ
1630 4691 1688 4739 τό
1741 4695 1814 4758 τῷ

208 4779 283 4834 ἐνὶ
323 4781 676 4854 ὁμοιοῦσθαι·
729 4779 864 4832 οὕτω
917 4778 984 4831 τὰ
1043 4775 1208 4830 πολλά
1253 4779 1382 4846 ἤθη,
1436 4777 1478 4830 εἰ
1538 4780 1670 4852 πρός
1720 4781 1814 4835 τὴν

205 4877 304 4925 τοῦ
355 4870 466 4932 ἑνός
511 4872 738 4942 μίμησιν
788 4866 994 4940 βλέποι,
1038 4872 1198 4919 πᾶσιν
1248 4867 1436 4939 ὁμοίως
1488 4865 1678 4938 ἀγαθός
1719 4873 1813 4919 σου

207 4959 335 5036 βίου
378 4962 663 5033 χαρακτήρ
730 4955 1026 5030 ἑπίλάμψει.
1081 4959 1183 5010 Καὶ
1237 4958 1339 5032 γὰρ
1397 4958 1426 5016 ἡ
1484 4955 1683 5020 ἀληθής
1724 4960 1814 5010 καὶ

281 5123 329 5158 ²²
363 5123 499 5179 Luc.
525 5137 622 5188 xv,
655 5124 741 5177 32.

281 5266 360 5333 (t)
398 5267 780 5320 Ἐπιπεσεῑται.
831 5263 998 5320 Hanc
1037 5276 1251 5319 vocem
1283 5259 1492 5318 addidi
1521 5274 1593 5316 ex
1623 5259 1810 5332 Regio

207 5337 415 5394 codice
446 5344 501 5394 et
531 5339 831 5393 contextu.

281 5410 361 5480 (2)
398 5408 455 5462 Ὀ
509 5407 725 5480 ἀγαθός.
779 5407 871 5480 Sic
923 5404 1084 5462 idem
1139 5402 1329 5460 codex
1372 5405 1806 5480 etcontextus.

210 5475 385 5552 Editi,
416 5482 482 5541 ὡς
509 5475 725 5552 ἀγαθὸς.
758 5480 822 5534 1η
850 5477 986 5549 ipso
1015 5480 1296 5534 contextu
1318 5475 1579 5552 additur,
1611 5480 1809 5548 πατήρ.

285 5549 362 5623 (3)
403 5549 831 5622 Προστήσεσθαι.
866 5552 1035 5606 Forte
1064 5549 1502 5623 προστήσασθαι,
1530 5549 1682 5603 Εωτ.

282 5619 360 5692 (4)
402 5619 485 5678 E'x
513 5623 688 5695 epist.
712 5637 867 5692 XLVI,
905 5624 1023 5679 139.

1915 1849 1991 1904 Te
2006 1845 2135 1920 ipse
2156 1845 2209 1901 si
2229 1843 2624 1913 dederis,non
2649 1842 3048 1910 cunctabitur,
3067 1857 3265 1916 neque
3290 1841 3579 1913 dedigna-

1913 1934 2076 1992 bitur
2123 1936 2178 1990 te
2227 1933 2350 1990 suis
2389 1933 2582 2006 ipsius
2620 1931 2888 1989 humeris
2917 1935 3179 2004 portare,
3207 1931 3380 1988 laetus
3410 1930 3578 2004 quod

1913 2039 2092 2081 ovem
2144 2038 2320 2080 suam
2376 2021 2678 2095 perditam
2724 2020 3038 2078 invenerit.
3104 2021 3229 2077 Stat
3289 2022 3461 2094 pater
3506 2034 3577 2076 ac

1915 2116 2221 2186 exspectat
2250 2116 2422 2169 tuum
2454 2111 2532 2168 ab
2561 2126 2760 2168 errore
2789 2109 3071 2167 reditum.
3104 2112 3413 2166 Revertere
3450 2113 3577 2166 tan-

1912 2203 2251 2275 tummodo,
2290 2207 2467 2275 teque
2510 2202 2688 2272 longe
2735 2200 2935 2258 adhuc
2980 2203 3193 2267 stante,
3258 2213 3578 2256 accurrens

1915 2293 2090 2350 cadet
2120 2293 2182 2348 in
2219 2291 2442 2349 collum
2476 2295 2666 2361 tuum,
2705 2293 2763 2346 et
2791 2289 2999 2346 amicis
3044 2287 3424 2360 amplexibus
3447 2287 3577 2359 jam

1913 2381 2272 2456 paenitentia
2300 2383 2702 2452 expurgatum
2734 2377 3180 2450 complectetur.
3211 2377 3287 2448 (6)
3327 2375 3500 2442 Quod
3525 2376 3579 2432 si

1913 2472 2218 2546 quispiam
2237 2470 2414 2540 exiis,
2433 2470 2538 2543 qui
2554 2473 2710 2527 stare
2729 2468 2843 2525 sibi
2864 2466 3309 2538 videntur,vitio
3321 2467 3576 2534 verterit,

1914 2561 2081 2634 quod
2112 2561 2227 2617 cito
2258 2564 2611 2632 assumptus
2645 2574 2730 2626 es,
2757 2559 2886 2630 ipse
2918 2557 3014 2613 ille
3044 2555 3245 2613 bonus
3270 2559 3440 2629 pater
3469 2571 3578 2628 pro

1915 2654 1972 2706 te
1998 2648 2409 2722 respondebit,
2441 2647 2648 2704 dicens
2673 2665 2686 2702 :
2734 2645 3085 2702 Ltetandum
3115 2649 3203 2701 est
3227 2649 3285 2702 et
3314 2644 3580 2715 gauden-

1915 2738 2086 2806 dum,
2113 2737 2257 2811 quia
2281 2737 2378 2793 hic
2407 2726 2568 2792 titius
2593 2751 2766 2792 meus
2791 2739 3068 2791 mortuus
3093 2737 3238 2799 erat,
3269 2739 3327 2789 et
3345 2733 3576 2801 revixit,

1916 2833 1974 2884 et
2001 2827 2368 2900 disperditus
2397 2831 2542 2894 erat,
2575 2829 2633 2882 et
2657 2825 2938 2882 inventus
2970 2827 3064 2882 est
3089 2825 3157 2879 ³³.
3193 2822 3274 2880 Illi
3303 2821 3494 2893 gloria
3516 2821 3578 2879 in

1920 2916 2140 2974 saecula
2162 2915 2525 2972 saeculorum
2539 2956 2552 2971 .
2592 2918 2805 2974 Amen.

2176 3170 2286 3276 DE
2325 3217 2649 3276 IMPERIO
2686 3216 2794 3275 AC
2829 3215 3314 3273 POTESTATE.

2563 3326 2792 3385 SEBMO
2835 3326 2945 3381 XV.

1995 3442 2042 3493 l.
2094 3437 2172 3507 (7)
2223 3433 2647 3492 lmbecilliores
2696 3447 2933 3501 semper
2979 3448 3014 3489 a
3063 3430 3580 3506 prtestantioribus

1918 3526 2044 3598 regi
2073 3541 2144 3583 ac
2175 3524 2498 3596 gubernari
2536 3523 2706 3579 decet
2741 3539 2753 3577 :
2794 3522 3059 3594 pessimo
3089 3521 3248 3577 enim
3289 3521 3584 3594 principa-

1918 3621 2048 3672 tum
2092 3613 2401 3688 popularis
2447 3627 2868 3686 saepenumero
2907 3610 3118 3667 detulit
3155 3610 3580 3682 imprudentia.

1919 3709 1998 3777 (8)
2035 3706 2522 3761 Consentaneum
2554 3705 2643 3757 est
2669 3701 2869 3770 igitur,
2901 3705 2962 3755 ut
2993 3700 3095 3772 qui
3121 3701 3397 3755 omnium
3424 3699 3583 3755 testi-

1918 3795 2125 3851 monio
2153 3797 2399 3850 caeteros
2437 3791 2750 3865 sapientia,
2783 3793 2838 3844 et
2877 3789 3242 3851 fortitudine,
3273 3794 3454 3860 atque
3488 3804 3585 3845 ex-

1919 3888 2056 3941 acta
2097 3882 2434 3953 integrioris
2471 3882 2606 3937 vitae
2654 3879 2885 3936 ratione
2924 3877 3237 3946 antecellit,
3287 3877 3418 3934 aliis
3459 3877 3582 3933 dux

1919 3972 2300 4047 praeﬁciatur,
2327 3974 2392 4026 ut
2419 3968 2717 4042 quidquid
2747 3968 2806 4023 in
2839 3983 2910 4023 eo
2948 3967 3093 4023 boni
3122 3972 3230 4036 est,
3259 3981 3584 4022 commune

1919 4063 2192 4121 omnium
2222 4060 2584 4117 imitantium
2610 4058 2738 4116 ﬁat.
2769 4058 2848 4128 (9)
2880 4057 3195 4114 Enimvero
3225 4056 3478 4126 subjecti
3504 4055 3585 4112 ad

1921 4168 2122 4210 mores
2161 4166 2370 4206 eorum
2413 4148 2520 4222 qui
2569 4163 2770 4204 rerum
2799 4147 3129 4220 potiuntur,
3160 4151 3224 4202 ut
3253 4144 3582 4218 plurimum

1922 4258 2054 4298 sese
2083 4239 2461 4298 conformare
2492 4236 2688 4293 solent
2720 4254 2733 4291 :
2767 4236 2848 4293 ita
2875 4241 2938 4292 ut
2958 4235 3169 4309 quales
3191 4233 3437 4290 tandem
3466 4234 3584 4289 fue-

1919 4331 2040 4389 rint
2074 4329 2278 4400 duces,
2317 4342 2455 4383 eum
2501 4326 2680 4382 etiam
2710 4325 2816 4398 qui
2844 4324 3082 4391 dicitur,
3112 4322 3289 4378 talem
3321 4337 3452 4377 esse
3476 4335 3582 4376 ne-

1924 4435 2089 4476 cesse
2120 4418 2211 4474 sit.
2244 4419 2307 4471 Et
2326 4415 2538 4488 quales
2567 4418 2709 4470 sunt
2737 4413 2842 4486 qui
2872 4415 3162 4484 praesunt,
3186 4410 3334 4466 tales
3363 4413 3428 4465 ut
3455 4408 3586 4481 plu“

1924 4508 2145 4564 rimum
2163 4509 2220 4562 et
2237 4520 2434 4560 mores
2455 4519 2684 4566 eorum,
2713 4500 2889 4574 555
2906 4500 3133 4573 quibus
3150 4501 3437 4571 praesunt,
3455 4513 3582 4553 esse

1925 4595 2138 4654 solent.
2177 4595 2292 4664 (10)
2337 4595 2402 4648 Et
2439 4589 2966 4666 quemadmodum
3005 4588 3057 4644 si
3095 4587 3296 4660 plures
3330 4587 3583 4659 pictores

1923 4685 2104 4742 unius
2133 4682 2302 4740 faciei
2329 4681 2694 4738 lineamenta
2722 4678 3000 4752 pingunt,
3033 4691 3246 4734 omnes
3285 4675 3584 4746 imagines

1922 4774 2135 4830 futura:
2164 4776 2306 4829 sunt
2327 4771 2481 4828 inter
2506 4785 2568 4826 se
2586 4767 2832 4837 similes,
2855 4770 3059 4840 utpote
3078 4766 3182 4822 uni
3199 4763 3577 4822 assimilatas:

1922 4861 2206 4919 eumdem
2235 4859 2314 4916 ad
2345 4857 2599 4914 modum
2639 4856 2688 4913 si
2728 4853 2921 4912 multa
2956 4854 3198 4925 ingenia
3225 4869 3416 4910 unum
3455 4853 3582 4909 imi-

1919 4951 2175 5009 tandum
2233 4948 2348 5005 sibi
2403 4949 2764 5020 proponant,
2823 4944 2884 5000 in
2937 4942 3222 5002 omnibus
3277 4942 3584 5016 aequaliter

1994 5258 2072 5324 (ε)
2110 5253 2283 5325 lbid.,
2320 5255 2442 5309 uo.

1993 5328 2066 5399 (6)
2111 5325 2257 5381 Ibid.

1991 5392 2070 5468 ('7')
2109 5400 2361 5469 Uterque
2391 5393 2582 5450 codex
2611 5392 2836 5449 indicat
2862 5392 3154 5449 Ascetz‘ca.

1991 5471 2068 5542 (8)
2108 5473 2188 5525 Ex
2213 5469 2435 5536 Ascet.,
2467 5469 2591 5542 324.

1991 5536 2070 5614 (9)
2109 5543 2190 5596 Ex
2221 5541 2557 5614 comment.
2572 5538 2635 5614 z_'n
2666 5536 2825 5604 Isai.,
2861 5539 2988 5592 417.

1991 5611 2110 5686 (10)
2143 5615 2222 5668 Ex
2250 5613 2470 5679 Ascet.,
2503 5611 2627 5665 324.
