4084 6396
478 313 613 371 1307

1443 313 1812 370 APPENDIX.
1853 346 1923 356 —
1963 311 2312 371 SYMEONIS
2348 307 2867 370 METAPHRASTE

3743 308 3902 362 1308

475 436 642 493 bona
667 436 803 494 vitm
831 436 1028 493 forma
1045 435 1359 493 elucescet.
1382 437 1532 494 Vera
1547 437 1767 493 etenim
1796 442 1853 494 et
1872 437 2141 510 perfecta

2258 436 2418 489 τελεία
2463 435 2666 494 ὑπακοή
2718 445 2816 488 τῶν
2864 439 3178 510 ὑποχειρίων
3221 438 3347 510 πρὸς
3393 438 3478 486 τὸν
3530 439 3895 506 προεστῶτα,

479 525 858 582 subditorum
879 541 1023 595 erga
1037 525 1385 597 praefectum
1405 526 1749 582 obedientia
1765 526 1824 581 in
1847 542 1919 582 eo
1947 525 2140 582 decla-

478 617 664 682 ratur,
695 615 745 670 si
770 630 946 672 nona
970 615 1286 684 ﬂagitiosis
1314 615 1496 671 modo
1523 615 1868 672 abstineant
1889 633 1958 671 ex
1987 632 2140 687 prae-

479 703 615 760 fecti
639 704 910 769 consilio,
939 705 1045 760 sed
1086 704 1134 759 si
1162 721 1238 760 ne
1264 719 1338 759 ea
1361 704 1608 776 quidem
1635 721 1774 776 quer.
1812 705 2144 761 laudabilia

481 797 645 862 sunt,
676 791 824 848 citra
852 791 1010 847 illius
1053 791 1366 848 arbitrium
1409 797 1724 864 peragant.
1770 795 1919 849 Nam
1957 793 2143 849 absti-

479 881 685 937 nentia
726 885 784 936 et
827 881 1024 937 omnis
1064 881 1394 952 corporalis
1433 879 1742 937 afﬂictatio
1783 882 1863 938 ad
1917 881 2143 954 aliquid

481 968 638 1025 utilis
666 974 798 1025 est:
849 969 950 1024 sed
983 969 1032 1025 si
1070 971 1209 1042 quis
1239 970 1426 1025 animi
1467 970 1559 1024 sui
1601 975 1830 1026 motum
1874 975 2138 1037 secutus,

481 1058 647 1130 quod
691 1057 802 1113 sibi
848 1057 1064 1130 placet,
1101 1059 1306 1129 egerit,
1351 1063 1408 1114 et
1451 1058 1774 1130 praaposito
1822 1059 2144 1115 consilium

481 1145 596 1201 sibi
619 1146 784 1202 danti
815 1162 938 1202 non
968 1146 1494 1219 obtemperaverit,
1526 1153 1842 1220 peccatum
1875 1149 2145 1204 futurum

481 1238 574 1290 est
599 1235 820 1306 majus,
857 1251 1043 1307 quam
1083 1241 1238 1292 recte
1267 1236 1517 1292 factum.
1566 1237 1681 1304 Qui
1720 1239 1876 1293 enim
1922 1237 2146 1293 resistit

473 1324 760 1393 potestati
766 1325 892 1387 ,Dei
907 1325 1279 1381 ordinationi
1291 1326 1584 1392 resistit”;
1601 1331 1781 1398 atque
1793 1325 2146 1382 obedientias

481 1412 678 1484 major
707 1428 935 1469 merces
963 1428 1152 1485 quam
1181 1413 1559 1470 abstinentiae
1599 1414 1801 1471 virtuti
1846 1415 2143 1471 tribuitur.

552 1591 607 1643 2.
656 1588 733 1660 (t)
776 1589 830 1644 Is
866 1589 1046 1659 igitur
1097 1589 1203 1662 qui
1261 1594 1460 1660 potest
1516 1590 1678 1646 malo
1734 1591 1982 1662 mederi,
2039 1590 2146 1647 sed

483 1682 697 1748 sponte
739 1676 957 1746 differt,
1005 1694 1129 1734 non
1182 1677 1404 1748 injuria
1461 1679 1617 1735 velut
1652 1680 1960 1736 homicida
2007 1695 2146 1736 con-

2252 525 2300 578 ἐν
2363 529 2528 597 τούτῳ
2587 523 2871 591 δείκνυται,
2941 525 2988 578 ἐν
3044 534 3116 597 τῷ
3174 530 3244 598 μὴ
3297 529 3448 598 μόνον
3503 523 3606 575 τῶν
3657 521 3896 573 ἀτόπων

2252 618 2386 668 κατὰ
2435 620 2529 673 τὴν
2585 615 2883 688 συμϐουλὴν
2933 616 3092 668 αὑτοῦ
3162 614 3478 686 ἀπέχεσθαι,
3532 611 3666 663 ἀλλὰ
3737 607 3897 682 μηδὲ

2253 705 2386 756 αὑτά
2430 707 2496 756 τα
2535 703 2770 757 ἐπαινετὰ
2817 711 2982 778 χωρὶς
3021 713 3114 765 τῆς
3169 702 3361 756 ἐκείνου
3415 708 3632 774 γνώμης
3673 709 3891 755 ποιεῖν.

2249 792 2306 845 Ἠ
2359 795 2460 868 γὰρ
2507 792 2801 866 ἐγκράτεια,
2860 802 2950 846 καὶ
3003 800 3151 846 πᾶσα
3201 795 3230 851 ἡ
3283 797 3552 865 σωματικὴ
3618 793 3894 842 κακοπα-

2255 884 2383 948 θεια,
2441 888 2571 956 πρός
2625 903 2673 935 τι
2729 888 3010 955 χρησίμως
3067 885 3224 954 ἔχει·
3284 880 3391 932 ἀλλ’
3450 879 3534 932 ἐάν
3604 899 3686 939 τις
3765 886 3894 938 ταῖς

2256 968 2420 1031 ἰδίαις
2471 973 2657 1045 ὁρμαῖς
2711 971 3024 1041 ἀκολουθῶν,
3081 975 3140 1023 τὸ
3197 969 3418 1043 ἀρέσκον
3481 969 3654 1038 ἐαυτῷ
3719 976 3889 1038 ποιῇ,

2253 1067 2342 1114 καὶ
2395 1061 2799 1132 συμϐουλεύοντι
2837 1070 2908 1132 τῷ
2961 1069 3254 1134 προεστῶτι
3307 1065 3378 1132 μὴ
3429 1061 3712 1125 πείθηται,
3777 1065 3895 1129 μεῖ-

2255 1151 2343 1210 ζον
2411 1157 2503 1203 τού
2563 1153 2963 1226 κατορθώματος
3032 1152 3181 1202 ἔσται
3246 1152 3305 1202 τὸ
3376 1147 3891 1221 πλημμελούμενον.

3265 1237 3478 1310 ἐξουσίᾳ
3502 1281 3516 1305 ,
3609 1245 3675 1308 τῇ
3792 1242 3895 1287 τοῦ

3633 1327 3862 1382 ὑπακοῆ
3874 1344 3896 1385 ς

2251 1239 2310 1292 Ὀ
2395 1243 2496 1316 γὰρ
2588 1239 3028 1312 ἀντιτασσόμενος
3109 1247 3170 1311 τῇ

2257 1335 2451 1402 Κυρίου
2517 1326 2745 1402 διαταγῇ
2816 1329 3140 1386 ἀνθέστηκεο
3219 1332 3310 1379 καὶ
3374 1328 3400 1379 ὁ
3461 1334 3558 1388 τῆς

2253 1420 2440 1489 μισθός
2483 1419 2671 1489 μείζων
2727 1417 2819 1469 τοὸ
2862 1419 2998 1469 κατὰ
3033 1421 3127 1474 τὴν
3174 1415 3475 1490 ἐγκράτειαν
3523 1413 3641 1466 ἐστι
3681 1433 3897 1486 κατορ-

2257 1509 2510 1578 θώματος.

2324 1596 2378 1650 2.
2422 1595 2480 1647 Ὀ
2526 1601 2698 1647 τοίνυν
2742 1596 2878 1666 ἔχων
2925 1593 2972 1646 ἓν
3011 1594 3223 1667 ἐξουσία
3269 1597 3364 1652 τὴν
3407 1599 3498 1645 τοῦ
3558 1599 3743 1643 κακοῦ
3809 1593 3892 1642 Θε-

2252 1689 2490 1758 ραπείαν,
2541 1684 2664 1737 ἑκὼν
2727 1681 2786 1737 δὲ
2835 1685 3245 1758 ὑπερτιθέμενος,
3294 1681 3505 1744 εἰκότως
3561 1680 3628 1732 ἂν
3688 1678 3749 1731 ἐν
3812 1687 3892 1749 τῷ

484 1765 756 1821 demnari
786 1767 1021 1838 poterit.
1049 1770 1176 1823 Non
1210 1773 1413 1823 autem
1435 1771 1537 1840 qui
1572 1773 1786 1840 praeest
1813 1768 1892 1824 ob
1915 1785 2054 1824 eum
2084 1767 2143 1824 in

2258 1776 2354 1845 ῖσῳ
2410 1781 2509 1825 τῶν
2567 1773 2887 1846 αὐτοχείρων
2939 1769 3376 1832 καταδικάζοιτο.
3437 1771 3542 1826 Καὶ
3603 1773 3697 1823 τόν
3756 1788 3894 1842 προς

483 1869 606 1927 quo
632 1855 861 1927 positus
886 1863 975 1912 est
1002 1856 1312 1927 dignitatis
1344 1858 1602 1929 gradum
1633 1867 1762 1913 sese
1785 1857 2015 1914 attollat
2043 1849 2147 1914 aut

483 1941 822 2007 insolescat,
883 1961 958 2002 ne
1012 1945 1364 2002 humilitatis
1424 1946 1793 2003 beatitudine
1856 1946 2140 2018 privetur.

482 2033 558 2102 (2)
589 2034 871 2106 Nunquid
897 2035 1058 2090 enim
1082 2037 1188 2108 qui
1212 2037 1336 2105 regi
1356 2035 1702 2103 famulatur,
1721 2051 1783 2091 se
1807 2035 1944 2091 ideo
1959 2036 2144 2106 jacta-

481 2119 569 2176 bit
597 2121 763 2194 quod
795 2123 856 2178 in
886 2123 1000 2180 hoc
1031 2135 1139 2180 aut
1167 2125 1227 2180 in
1252 2125 1354 2180 illo
1379 2124 1693 2180 ministerii
1723 2122 1933 2180 ordine
1964 2123 2145 2180 collo-

485 2214 653 2266 catus
693 2216 825 2268 est:
872 2213 978 2284 qui
1018 2228 1161 2269 vero
1205 2212 1428 2284 dignus
1472 2212 1716 2268 habitus
1752 2219 1840 2268 est
1877 2212 1986 2285 qui
2025 2215 2145 2268 Deo

487 2299 726 2367 serviat,
759 2300 1001 2358 aliunde
1042 2302 1254 2358 laudes
1286 2303 1400 2358 sibi
1439 2303 1818 2373 excogitabit,
1855 2303 2029 2375 quasi
2065 2301 2146 2358 ad

485 2403 732 2444 omnem
771 2389 973 2458 gloriae
1015 2389 1473 2463 splendorisque
1502 2391 1811 2446 cumulum
1845 2391 2146 2447 invocatio

488 2477 722 2532 Domini
749 2479 862 2534 sibi
891 2494 1014 2534 non
1045 2478 1302 2535 sufﬁciat
1321 2480 1349 2534 ?
1381 2482 1534 2536 Satis
1562 2481 1720 2535 enim
1748 2486 1836 2536 est
1863 2479 2040 2536 nobis
2067 2479 2147 2536 ad

484 2580 732 2622 omnem
753 2566 1124 2637 dignitatem,
1154 2570 1304 2624 tanti
1326 2569 1562 2624 Domini
1593 2585 1796 2624 servos
1822 2568 2143 2626 nominari.

483 2658 562 2727 (3)
589 2659 654 2712 Et
677 2658 1199 2729 quemadmodum
1223 2674 1335 2715 nec
1360 2659 1699 2732 quidquam
1722 2659 1886 2716 aliud
1912 2661 2149 2731 oportet

482 2749 698 2816 praeter
725 2748 912 2802 Deum
936 2746 1130 2803 colere
1163 2765 1176 2802 :
1211 2747 1295 2802 sic
1323 2763 1433 2802 nec
1454 2747 1516 2802 in
1547 2747 1688 2815 alio,
1711 2764 1898 2820 quam
1928 2749 1988 2802 in
2025 2749 2146 2802 Deo

483 2834 758 2890 omnium
786 2835 1038 2891 Domino
1081 2851 1253 2908 spem
1287 2852 1600 2908 reponere.
1646 2837 1755 2902 Qui
1786 2851 2052 2908 namque
2081 2835 2144 2890 in

482 2922 728 2978 homine
744 2928 964 2996 sperat,
977 2925 1199 2998 autqui
1216 2925 1296 2981 ob
1322 2925 1548 2998 aliquid
1571 2925 1737 2981 aliud
1762 2925 2144 2980 mundanum

484 3011 743 3082 effertur,
767 3018 934 3085 puta,
961 3013 1041 3070 ob
1058 3019 1436 3087 potestatem,
1459 3015 1550 3070 vel
1575 3014 1654 3070 ob
1680 3014 1940 3075 divitias,
1957 3013 2047 3068 vel
2063 3013 2143 3069 ob

2255 1871 2455 1916 εστὼτα
2504 1859 2563 1916 δε
2606 1866 2676 1936 μὴ
2727 1861 2974 1936 ἐπαιρέτω
3023 1866 3080 1914 τό
3125 1860 3351 1933 ἀξίωμα,
3405 1863 3487 1912 ἶνα
3535 1864 3609 1932 μὴ
3665 1858 3888 1929 ἐκπέσῃ

2252 1959 2344 2004 τοῦ
2383 1959 2720 2027 μακαρισμοῦ
2760 1960 2854 2012 τῆς
2891 1952 3385 2023 ταπεινοφροσύνης.
3425 1949 3502 2001 Ού
3541 1951 3647 2021 γὰρ
3689 1944 3889 2006 δήπου

2257 2039 2502 2113 βασιλείᾳ
2553 2043 2631 2113 (7)
2675 2043 2766 2114 μέν
2812 2060 2894 2102 τις
2940 2041 3206 2113 ὑπηρετῶν
3255 2043 3391 2112 μέγα
3438 2043 3720 2113 φρονήσει,
3787 2033 3890 2088 διὰ

2253 2133 2313 2182 τὸ
2361 2132 2408 2182 ἓν
2459 2127 2592 2202 τῇδε
2633 2137 2694 2202 τῇ
2737 2129 2879 2192 τάξει
2926 2135 3018 2189 τῆς
3061 2130 3352 2202 ὑπηρεσίας
3397 2127 3702 2198 τετάχθαι-
3763 2133 3886 2196 Θεῷ

2255 2215 2314 2270 δὲ
2369 2217 2710 2280 καταξιωθεὶς
2762 2217 3043 2289 λατρεύειν,
3103 2214 3393 2287 ἀλλαχόθεν
3449 2219 3566 2274 τοὺς
3625 2211 3887 2275 ἐπαίνους

2255 2306 2420 2377 ἐαυτῷ
2469 2312 2788 2380 περινοήσει,
2838 2308 2903 2366 ὠς
2945 2305 3040 2356 οὐκ
3093 2303 3356 2377 ἀρκούσης
3405 2303 3546 2374 αὑτῷ
3604 2310 3712 2364 τῆς
3764 2302 3884 2355 ἐπι-

2255 2393 2486 2456 κλήσεως
2536 2403 2628 2446 τοῦ
2670 2398 2863 2467 Κυρίου
2908 2397 3041 2468 πρὸς
3090 2400 3266 2445 πᾶσαν
3321 2389 3481 2454 δόξης
3547 2397 3644 2443 καὶ
3720 2410 3884 2464 περι-

2257 2489 2464 2557 φανείας
2528 2483 2812 2559 ὑπερϐολήν
2855 2502 2869 2549 ;

2257 2572 2461 2645 ἀξίωμα
2502 2576 2559 2626 τὸ
2604 2573 2914 2630 τηλικούτου
2972 2576 3233 2624 Δεσπότου
3289 2567 3509 2631 δούλους
3564 2573 3713 2642 ἡμᾶς
3771 2570 3889 2622 ὀνο-

2255 2664 2537 2735 μάζεσθαι.
2583 2667 2681 2714 Καὶ
2723 2663 2895 2733 ὥσπερ
2947 2657 3072 2712 οὑδὲ
3123 2659 3288 2713 σέϐειν
3329 2659 3451 2712 ἄλλο
3493 2679 3549 2711 τι
3581 2662 3740 2731 παρὰ
3794 2664 3885 2710 τόν

2937 2483 3116 2558 Ἀρκεῖ
3178 2484 3279 2556 γὰρ
3345 2484 3472 2554 ἡμῖν
3534 2483 3673 2555 πρὸς
3733 2483 3886 2532 ἅπαν

2257 2755 2385 2804 Θεὸν
2431 2760 2712 2824 προσῆκεν,
2763 2750 2928 2812 οὕτως
2975 2747 3098 2802 οὑδὲ
3163 2749 3247 2801 ἐπὶ
3321 2749 3471 2800 οΰιλον
3541 2747 3789 2808 ἐλπίζειν
3851 2750 3878 2805 £-

2254 2839 2332 2892 ἐπὶ
2386 2843 2471 2890 τὸν
2524 2842 2646 2892 Θεὸν
2693 2841 2780 2889 τόν
2831 2841 3035 2890 πάντων
3091 2840 3299 2912 Κύριον.
3353 2835 3412 2889 Ὀ
3463 2836 3568 2910 ’γὰρ
3631 2835 3716 2888 ἐπ’
3784 2839 3872 2888 ὠ-

2256 2933 2456 3001 ϐρωπον
2510 2927 2752 2996 ἐλπίζων,
2808 2927 2837 2985 ἦ
2893 2924 2972 2978 ἐπ’
3020 2925 3142 2978 ἄλλο
3189 2945 3242 2977 τι
3281 2933 3381 2977 τῶν
3425 2927 3565 2976 κατὰ
3612 2928 3706 2976 τὸν
3757 2925 3878 2997 βίον

2251 3016 2707 3090 μετεωριζόμενος,
2758 3015 2862 3067 οἷον
2916 3013 3000 3066 ἐπὶ
3043 3011 3380 3080 δυναστείαν,
3421 3015 3453 3073 ἦ
3497 3019 3786 3088 χρήματα,
3841 3018 3873 3072 ἦ

483 3099 799 3173 quidpiam
828 3101 993 3158 aliud
1023 3117 1254 3169 eorum,
1278 3120 1414 3175 quae
1440 3102 1757 3175 splendida
1778 3119 1815 3158 a
1835 3102 2039 3158 multis
2058 3117 2141 3158 re-

2258 3127 2304 3160 τι
2369 3115 2467 3158 τῶν
2514 3106 2657 3180 παρὰ
2711 3111 2818 3166 τοίς
2871 3092 3098 3173 πολλοῖς·
3131 3104 3484 3176 νομιζομένων
3547 3101 3674 3155 εἶναι
3729 3103 3874 3175 lagu-

484 3193 792 3272 putautur,
824 3206 947 3248 non
980 3195 1178 3263 potest
1203 3191 1400 3247 dicere
1432 3208 1445 3246 :
1487 3192 1737 3247 Domine
1771 3193 1927 3247 Deus
1955 3206 2140 3256 meus,

482 3278 544 3332 2η
579 3284 633 3334 te
650 3280 908 3347 speravi.
933 3282 1300 3352 Praeceptum
1321 3280 1482 3335 enim
1509 3285 1615 3349 est,
1644 3295 1769 3335 non
1787 3285 2062 3351 oportere
2081 3280 2144 3335 in

484 3366 862 3438 principibus
885 3385 1126 3439 sperare
1154 3387 1169 3436 ;
1198 3372 1274 3437 et,
1297 3369 1656 3425 Maledictus
1680 3369 1853 3424 homo
1880 3370 1985 3440 qui
2009 3383 2144 3424 con-

481 3455 616 3523 ﬁdit
645 3457 709 3511 in
740 3457 1056 3512 homine”.
1083 3457 1154 3528 (4)
1189 3460 1400 3513 Beatus
1429 3457 1610 3528 igitur
1634 3473 1772 3512 vere
1798 3459 1906 3526 est,
1931 3457 2031 3529 qui
2063 3456 2144 3512 ob

486 3542 717 3598 nullam
752 3545 886 3599 vita:
924 3559 1050 3601 rem
1080 3545 1476 3617 quantumvis
1515 3545 1833 3600 sublimem
1866 3544 2142 3613 exsultat,

485 3631 592 3687 sed
614 3648 787 3688 suam
820 3637 1006 3688 Deum
1033 3634 1286 3705 gloriam
1312 3650 1445 3691 esse
1471 3634 1656 3705 ducit,
1688 3636 1997 3706 Deumque
2023 3648 2146 3706 quo

486 3718 769 3788 glorietur
799 3722 1041 3778 unicum
1071 3723 1272 3791 habet,
1312 3739 1382 3779 ac
1413 3723 1750 3779 secundum
1788 3721 2143 3794 Apostolum

484 3809 683 3865 dicere
719 3816 960 3882 potest:
1003 3813 1152 3869 Mihi
1178 3820 1372 3869 autem
1424 3814 1578 3869 absit
1617 3813 1892 3884 gloriari.
1935 3813 2054 3867 nisi
2080 3812 2144 3867 in

485 3913 662 3955 cruce
707 3899 936 3956 Christi
954 3903 1022 3957 ³⁵.
1073 3901 1304 3958 Etenim
1351 3901 1398 3957 si
1432 3902 1571 3974 quis
1606 3917 1734 3957 sese
1773 3915 2145 3972 magnopere

480 3989 686 4058 jactat,
718 3989 884 4062 quod
923 4006 1130 4046 servus
1162 3991 1239 4046 sit
1265 3992 1444 4060 regis,
1479 3997 1661 4062 atque
1691 3990 1754 4045 in
1784 4004 2010 4059 magno
2039 3990 2144 4045 ho-

483 4092 630 4133 nore
655 4079 820 4150 apud
851 4094 989 4133 eum
1015 4079 1309 4135 habeatur
1337 4097 1349 4134 :
1381 4085 1676 4151 quantum
1706 4079 1986 4133 convenit
2011 4077 2144 4147 g'lo-

484 4167 624 4222 riari
642 4171 696 4222 te
717 4167 882 4238 apud
902 4168 1309 4240 temetipsum,
1329 4169 1495 4240 quod
1519 4167 1689 4236 Regis
1708 4168 1914 4235 magni
1936 4182 2145 4222 servus

483 4271 573 4324 es,
606 4255 684 4310 ab
723 4255 855 4327 ipso
893 4253 1118 4311 accitus
1157 4257 1235 4312 ad
1279 4273 1585 4312 summam
1617 4255 2083 4311 familiaritatem
2115 4255 2143 4309 ?

485 4344 561 4414 (ὅ)
585 4343 693 4404 Qui
722 4359 856 4399 vere
891 4345 1172 4416 princeps
1197 4351 1308 4412 est,
1340 4360 1463 4401 non
1492 4344 1570 4400 ab
1611 4343 1866 4399 externis
1896 4343 2142 4412 insigni-

481 4433 600 4488 bus
630 4433 1022 4504 dignoscitur,
1046 4436 1129 4489 uti
1157 4450 1446 4506 purpura,
1477 4433 1908 4505 paludamcnto
1930 4436 1986 4487 et
2015 4433 2142 4488 dia-

481 4521 720 4577 demate
745 4540 757 4590 ;
793 4522 901 4578 sed
926 4527 1004 4578 ab
1037 4523 1425 4594 imperatoria
1453 4537 1576 4594 qua
1600 4521 1886 4594 praeditus
1913 4527 2001 4577 est
2028 4522 2140 4576 vir—

482 4615 626 4666 tute.
653 4610 764 4675 Qui
785 4611 946 4666 enim
978 4611 1255 4667 subditur
1281 4611 1710 4682 voluptatibus,
1735 4626 1806 4666 ac
1834 4611 2014 4666 variis
2045 4627 2141 4665 cu-

482 4698 831 4769 piditatibus
852 4700 1109 4768 ducitur,
1144 4717 1352 4756 servus
1382 4716 1522 4755 cum
1554 4700 1626 4756 sit
1653 4700 1901 4772 peccati,
1930 4700 2010 4755 ad
2031 4703 2141 4754 im—

482 4788 824 4860 perandum
861 4789 1119 4845 idoneus
1149 4805 1270 4845 non
1302 4794 1406 4844 est.
1443 4790 1520 4858 (6)
1563 4793 1711 4845 Nam
1745 4788 1996 4844 rebelles
2025 4787 2142 4843 sub

482 4881 838 4946 potestatem
869 4877 1158 4950 redigere,
1191 4883 1246 4933 et
1282 4877 1450 4933 fortis
1491 4883 1578 4932 est
1608 4878 1735 4947 viri,
1766 4881 1821 4932 et
1849 4893 1983 4932 vere
2029 4876 2141 4931 im-

482 4965 747 5038 perantis
773 4982 786 5020 :
819 4971 878 5022 at
905 4967 1237 5037 benignum
1262 4983 1395 5023 esse
1425 4983 1496 5023 ac
1517 4971 1899 5022 mansuetum
1925 4965 1984 5021 in
2007 4980 2144 5037 pro-

553 5126 602 5159 "
633 5128 803 5181 Rom.
837 5141 958 5191 xm,
989 5130 1044 5181 2.
1075 5128 1122 5162 ²⁴
1146 5128 1367 5184 Jerem.
1394 5143 1526 5194 xvu,
1561 5132 1612 5183 5.
1643 5128 1690 5161 ²⁵
1723 5126 1913 5184 Galat.
1947 5143 2022 5194 γι,
2051 5127 2139 5181 14.

554 5251 631 5322 (1)
671 5252 756 5306 Ex
777 5249 943 5305 hom.
979 5254 1040 5306 in
1063 5253 1281 5322 famem
1313 5258 1369 5308 et
1397 5253 1745 5318 siccitatem,
1775 5256 1861 5308 69.

555 5325 632 5391 (2)
675 5324 755 5377 Ex
776 5322 942 5376 hom.
977 5325 1040 5376 in
1067 5325 1222 5391 psal.
1257 5337 1459 5384 xxxm,
1491 5324 1614 5378 145.

555 5325 632 5464 (2)
675 5325 755 5377 Ex
776 5325 942 5376 hom.
977 5325 1040 5376 in
1067 5325 1222 5391 psal.
1257 5337 1459 5384 xxxm,

552 5396 606 5462 (3
673 5396 751 5447 Ex
783 5393 948 5448 hom.
985 5396 1046 5448 in
1074 5396 1230 5461 psal.
1266 5411 1357 5458 vn,
1385 5399 1476 5449 98.

554 5468 632 5530 (4)
673 5467 755 5519 Ex
778 5464 945 5519 hom.
970 5467 1033 5519 in
1057 5466 1215 5534 psal.
1242 5481 1357 5532 LXI,
1388 5467 1508 5520 t96.

556 5535 631 5604 (ὅ)
670 5539 748 5590 Ex
781 5544 1103 5592 comment.
1133 5538 1194 5591 in
1228 5536 1391 5603 Isai.,
1425 5539 1542 5591 456.

554 5610 634 5675 (6)
674 5608 755 5662 Ex
776 5607 944 5678 epist.
975 5624 1108 5675 cxu,
1140 5611 1264 5664 204.

2251 3205 2414 3271 πρὼν,
2476 3195 2533 3248 ού
2589 3191 2812 3247 δύναται
2869 3193 3066 3246 εἰπεῖν’
3133 3197 3292 3267 Κύριε
3349 3195 3375 3245 ὁ
3427 3200 3555 3254 Θεός
3591 3212 3708 3264 μου,
3767 3193 3861 3244 ἐπὶ

2255 3291 2339 3337 σοι
2383 3284 2602 3343 ἤλπισα.
2651 3283 2998 3357 [Ιαράῃελμα
3039 3286 3139 3356 γάρ
3204 3281 3316 3334 ἐστι
3368 3287 3440 3355 μὴ
3505 3281 3716 3341 ἐλπίζειν
3778 3279 3858 3332 ἐπ’

2253 3376 2537 3448 ἄρχοντας,
2615 3378 2726 3439 καὶ,
2805 3373 3214 3446 Ἐπικατάρατος
3288 3372 3561 3444 ἄνθρωπος
3651 3371 3699 3430 ὃς
3774 3375 3873 3428 τὴν

2253 3459 2442 3514 ἐλπίδα
2493 3464 2607 3534 ἔχει
2655 3459 2732 3514 ἐπ’
2786 3463 3075 3533 ἄνθρωπον.
3132 3463 3410 3532 Μακάριος
3466 3456 3556 3512 οὖν
3603 3458 3684 3528 τῷ
3741 3464 3878 3529 ὄντι,

2253 3553 2279 3603 ὁ
2325 3547 2514 3623 μηδενὶ
2549 3561 2648 3602 τῶν
2691 3553 2826 3602 κατὰ
2875 3553 2961 3601 τόν
3007 3548 3123 3622 βίον
3174 3549 3387 3619 ὑψηλῶν
3428 3546 3879 3620 ἐπαγαλλόμενος,

2254 3640 2383 3692 ἀλλὰ
2425 3643 2554 3692 Θεὸν
2595 3640 2730 3710 ἔχων
2781 3640 2857 3711 (8)
2909 3644 3001 3696 τὴν
3055 3639 3240 3691 ἑαυτοῦ
3291 3634 3474 3700 δόξαν,
3524 3639 3552 3689 ὁ
3604 3641 3880 3709 καύχημα

2255 3730 2438 3782 ἑαυτοῦ
2483 3731 2620 3800 ἔχων
2667 3731 2754 3780 τὸν
2798 3733 2962 3781 Θεόν·
3007 3728 3032 3778 ό
3083 3723 3364 3799 δυνάμενος
3401 3725 3566 3798 λέχειν
3606 3729 3751 3779 κατὰ
3791 3731 3878 3778 τόν

2255 3817 2599 3869 Ἀποστολον·
2667 3818 2814 3888 Ἐμοὶ
2889 3813 2946 3869 δὲ
3009 3821 3079 3888 μὴ
3147 3821 3347 3886 γένοιτο
3413 3817 3761 3887 καυχᾶσθαι,
3836 3818 3878 3869 εἰ

2252 3911 2324 3978 μὴ
2381 3905 2430 3958 ἐν
2481 3913 2554 3975 τῷ
2609 3912 2818 3977 σταυρῷ
2880 3913 2971 3956 τοῦ
3022 3911 3279 3976 Χριστοῦ.
3344 3903 3404 3956 Εἰ
3458 3905 3562 3979 γὰρ
3625 3904 3653 3954 ὁ
3724 3901 3876 3956 δεῖνα

2252 3999 2384 4068 μέγα
2444 4001 2634 4068 φρονεῖ,
2689 3996 2770 4046 ὅτι
2829 3990 3014 4054 δουλὸς
3070 3993 3183 4047 ἐστι
3233 3992 3515 4064 βασιλέως,
3571 4000 3873 4066 τιμώμενος

2251 4084 2374 4155 παρ’
2433 4085 2594 4135 αὐτοῦ
2659 4086 2725 4134 τὰ
2785 4081 3004 4154 μεγάλα,
3070 4087 3234 4132 πόσον
3305 4099 3389 4132 σοι
3453 4087 3724 4152 προσῆκεν
3790 4080 3869 4134 ἐπὶ

2255 4179 2431 4241 σαυτῷ
2477 4169 2876 4242 μεγαλύνεσθαι,
2917 4173 2996 4222 ὅτι
3041 4165 3222 4228 δοῦλος
3266 4166 3312 4221 εἷ
3357 4177 3448 4221 τοῦ
3481 4168 3718 4240 μεγάλου
3767 4169 3871 4242 βα-

2255 4265 2454 4323 σιλέως,
2511 4258 2862 4332 προσκληθεὶς
2911 4257 3033 4332 παρ’
3093 4258 3252 4310 αὑτοῦ
3311 4258 3382 4319 εἰς
3438 4261 3531 4315 τὴν
3579 4259 3758 4331 οἷκραν
3803 4260 3872 4311 οἰ-

2252 4355 2461 4400 κείωσιν
2495 4365 2508 4413 ;
2547 4348 2605 4399 Ὀ
2643 4350 2744 4421 γὰρ
2795 4346 2995 4406 ἀληθῶς
3043 4348 3248 4420 ἄρχων,
3290 4346 3384 4398 οὑκ
3428 4345 3482 4398 ἐκ
3530 4355 3634 4397 τῶν
3683 4348 3873 4410 ἔξωθεν

2255 4435 2524 4508 συμϐόλων
2573 4439 2902 4508 γνωρίζεται,
2948 4437 3051 4486 οἷον
3109 4439 3392 4510 πορφύρας,
3449 4431 3731 4505 χλανίδος,
3785 4444 3872 4489 καὶ

2255 4524 2586 4598 διαδήματος
2613 4548 2623 4558 ·
2680 4524 2785 4577 ἀλλ’
2831 4524 2886 4577 ἐκ
2929 4533 3020 4577 τοὺ
3065 4529 3204 4596 ἔχειν
3249 4529 3340 4582 τὴν
3381 4523 3613 4599 ἀρχικήν
3660 4523 3870 4600 ἀρετήν.

2251 4616 2308 4668 Ὀ
2355 4613 2413 4668 δὲ
2454 4615 2741 4688 ἀρχόμενος
2789 4617 2889 4667 ὑπὸ
2933 4623 3032 4668 τῶν
3072 4610 3293 4684 ἡδονῶν,
3337 4619 3420 4666 καὶ
3464 4613 3724 4686 ἀγόμενος
3759 4615 3871 4668 ἐπι-

2255 4708 2467 4777 Ουμίαις
2513 4705 2775 4773 πολλάκις,
2819 4701 3004 4764 δοῦλος
3051 4704 3116 4753 ὧν
3155 4712 3244 4762 τῆς
3290 4702 3569 4774 ἁμαρτίας,
3628 4701 3867 4761 ἀνεπιτή-

2255 4791 2389 4854 ὅειος
2446 4797 2569 4866 πρὸς
2616 4795 2674 4844 τὸ
2723 4794 2909 4865 ἄρχειν
2953 4794 3265 4848 καθέστηκε.
3325 4797 3424 4844 Καὶ
3474 4793 3531 4842 τό
3592 4796 3689 4862 μὲν
3751 4800 3863 4852 τούς

2255 4884 2620 4942 ἀντιτείνοντας
2672 4884 2772 4934 ὑπὸ
2825 4891 2982 4955 χεῖρα
3037 4880 3334 4952 λαμϐάνειν,
3386 4877 3632 4952 ἀνδρείου
3683 4901 3738 4934 τε
3779 4887 3855 4931 καὶ

2253 4975 2504 5045 ἄρχοντος
2543 4975 2609 5034 ως
2652 4971 2850 5032 ἀληθῶς
2876 4994 2886 5004 ·
2921 4975 2975 5024 τὸ
3019 4967 3076 5024 δὲ
3116 4979 3225 5030 τοίς
3265 4972 3683 5023 ὑποπεπτωκόσι
3721 4990 3842 5043 χρῆν

2326 5258 2402 5328 (7)
2445 5257 2704 5328 Βασιλείᾳ.
2747 5258 2831 5328 ita
2869 5254 3084 5326 Regius
3119 5254 3331 5311 codex.
3377 5254 3534 5312 Editi
3567 5253 3862 5327 βασιλείας.

2256 5325 2578 5384 Contextus
2612 5325 2842 5400 βασιλεῖ.

2325 5400 2400 5468 (8)
2441 5402 2570 5451 Θεὸν
2599 5396 2771 5470 ἔχων.
2800 5397 2894 5454 Sic
2924 5414 3038 5470 ope
3064 5396 3605 5470 ejusdemrcodicis
3634 5404 3696 5454 et
3725 5416 3871 5456 con-

2256 5456 2446 5526 teitus
2458 5487 2550 5541 em
2560 5456 2920 5541 en'davimus
2938 5456 3236 5537 vulgatam
3252 5469 3604 5541 scripturam
3619 5472 3760 5541 ἔχων
3779 5478 3874 5529 τήν

2255 5544 2442 5593 ἑαυτου
2470 5538 2625 5614 δόξαν
2659 5539 2741 5592 ἐπὶ
2771 5545 2857 5592 τὸν
2891 5543 3100 5614 Κύριον.
3137 5542 3280 5604 Quae
3311 5538 3683 5614 sequuntur,—
3704 5557 3876 5614 pror-

2257 5629 2359 5668 sus
2388 5611 2696 5685 superﬂua
2726 5618 2883 5676 sunt,
2916 5611 3025 5668 nec
3053 5611 3114 5666 in
3145 5611 3427 5669 contextu
3454 5611 3871 5685 reperiuntur.

3307 6355 3346 6360 τ
3428 6353 3464 6358 ~—
3551 6353 3576 6358 -
3650 6353 3692 6360 ——_
3742 6353 3770 6358 -ι
3839 6355 3854 6360 τ.
