4084 6398
203 307 338 365 1309

1119 307 1349 368 SERMO
1393 312 1498 366 XV.
1548 345 1607 354 —-
1648 308 1738 370 DE
1774 303 2061 370 ΙΜΡΕΒΙΟ
2103 311 2187 366 ΕΤ
2222 303 2638 369 POTESTATE.

3434 310 3571 370 1310

200 437 322 486 στὸν
378 429 508 484 εἶναι
563 432 654 485 καί
709 438 894 508 πρᾶον,
962 434 1384 510 μεγαλοφροσύνῃ
1439 438 1643 489 πάντων
1708 443 1782 490 κα

1910 441 2145 502 stratos,
2190 435 2453 491 hominis
2487 440 2577 492 est
2620 436 3118 506 magnanimitate
3148 441 3205 493 et
3248 429 3571 494 clementia

196 523 481 595 ἡμερότητι
543 518 897 594 διαφέροντος.
955 525 1138 597 Κύριοι
1175 526 1266 596 μὲν
1303 527 1404 597 γὰρ
1452 534 1552 576 τῶν
1597 523 1797 584 ἠδικη-

195 614 355 662 κότων
409 609 589 663 πολλοὶ
652 619 749 664 τῶν
797 615 1044 686 πρότερον
1093 608 1201 671 ἤδη
1258 617 1557 685 γεγόνασιν,
1593 616 1660 666 ὧν
1702 615 1797 668 οὖ-

197 695 308 761 δεὶς
336 703 463 774 πρὸς
490 703 611 761 τοὺς
648 700 862 773 ὕστερον
911 697 1202 774 διεπέμφθη
1249 702 1437 773 λόγος’
1495 702 1697 777 ἀφῆκαν
1739 701 1798 757 δε

192 791 288 847 τὴν
345 789 506 861 ὀργὴν
563 791 612 842 οἱ
663 788 940 863 φιλοσοφία
986 795 1106 852 τοὺς
1161 791 1381 855 πολλοὺς
1434 795 1794 868 ὑπεράραντες,

193 877 261 928 ὧν
318 875 571 940 ἀθάνατος
617 879 649 936 ἡ
697 883 876 950 μνήμη
904 888 976 950 τῷ
1006 884 1183 954 χρόνῳ
1213 887 1368 934 παντὶ
1410 879 1796 956 παραδέδοται,

189 971 324 1028 Τοὺς
359 971 457 1042 ’γάρ
514 988 588 1037 τῳ
638 971 810 1022 ὁτιοῦν
866 967 1178 1032 ἀδικοῦντας
1217 972 1322 1043 οὐχ
1365 974 1491 1048 ὑπερ
1541 982 1641 1026 τῶν
1689 972 1796 1034 ἤδη

187 1061 536 1129 γεγενημένων
587 1057 892 1131 κολάζομεν,
944 1063 1044 1130 (τίς
1092 1064 1191 1132 γὰρ
1235 1063 1304 1120 ,οἶν
1347 1067 1548 1132 γένοιτο
1578 1070 1796 1136 μηχανή

190 1149 262 1216 μὴ
330 1147 644 1216 γεγενῆσθαι
698 1149 766 1200 τὰ
816 1151 1242 1222 πιπραγμένας)
1309 1149 1416 1202 ἀλλ’
1474 1153 1612 1214 ὅπως
1665 1155 1725 1205 ἄν
1765 1157 1795 1212 ἦ

193 1233 344 1286 αὐτοὶ
394 1237 524 1307 πρὸς
585 1238 644 1288 τὸ
709 1235 886 1289 λοιπὸν
945 1236 1181 1309 ἀμείνους
1225 1244 1472 1310 γίνοιντο,
1535 1244 1564 1299 ἦ
1612 1240 1800 1316 ἑτέροις

192 1321 476 1395 ὑπάρξαιεν
497 1330 588 1376 τοῦ
619 1333 896 1400 σωφρονεῖν
921 1323 1284 1399 παράδειγμα.

264 1503 316 1556 3.
360 1501 610 1564 Πολλάκις
655 1506 757 1576 γὰρ
809 1506 888 1574 (1)
939 1509 1028 1557 καὶ
1074 1504 1122 1557 ἐν
1182 1513 1283 1568 τοῖς
1351 1508 1721 1581 σμικροτάτοις
1759 1508 1790 1566 ἡ

193 1595 351 1661 σοφία
401 1599 494 1644 τοῦ
547 1600 680 1646 Θεοῦ
735 1590 1081 1666 διαφαίνεται.
1113 1593 1170 1646 Ὀ
1216 1598 1317 1668 γὰρ
1366 1594 1580 1667 οὐρανὸν
1624 1595 1792 1647 ἀπλώ-

189 1697 308 1748 σας,
363 1686 453 1734 καὶ
509 1684 575 1735 τὰ
625 1682 821 1735 ἄπλετοι
872 1685 1060 1756 μεγέθη
1101 1691 1201 1736 τῶν
1249 1683 1481 1752 πελάνων
1539 1683 1788 1756 ἀναχέας,

1907 541 2121 581 omnes
2152 524 2490 598 superantis
2517 525 2612 597 (ὅ).
2640 524 2790 582 illud
2822 525 2980 581 enim
3006 523 3346 595 considera,
3375 525 3570 581 domi;

1906 631 2017 670 nos
2046 630 2251 670 eorum
2281 614 2385 686 qui
2409 613 2688 670 laeserant
2714 615 3006 670 exstitisse
3030 613 3251 670 multos
3277 631 3348 670 ex
3371 615 3443 669 iis
3463 613 3569 687 qui

1911 705 2086 776 555
2118 708 2254 760 ante
2279 718 2392 760 nos
2424 705 2638 771 vixere,
2661 703 2737 759 de
2775 703 3001 777 quibus
3030 703 3233 759 nullus
3262 703 3344 759 ad
3371 709 3570 776 poste-

1905 809 2005 849 ros
2033 792 2424 848 transmissus
2470 809 2708 861 sermo;
2764 798 2824 848 at
2876 807 3019 849 vero
3049 792 3204 849 iram
3234 792 3565 858 remisisse,

1905 884 2010 954 qui
2055 881 2439 955 philosophia
2495 882 2710 952 vulgus
2767 881 3260 950 antecelluerunt,
3301 895 3566 955 quorum

1905 971 2261 1026 immortalis
2323 972 2616 1027 memoria
2674 972 2735 1027 in
2802 971 2970 1026 omni
3007 987 3135 1026 aevo
3191 971 3563 1044 perhibetur.

1907 1063 1984 1129 (ti)
2032 1065 2180 1117 Nam
2227 1076 2331 1116 eos
2375 1060 2478 1132 qui
2526 1061 2770 1132 quidvis
2800 1060 3184 1133 deliquerint,
3217 1075 3340 1116 non
3379 1059 3460 1116 ob
3493 1073 3566 1117 ea

1905 1166 2042 1219 qua:
2069 1149 2197 1220 jam
2237 1149 2508 1205 admissa
2533 1155 2692 1218 sunt,
2734 1149 3041 1221 punimus,
3075 1150 3220 1221 (qua
3244 1148 3406 1204 enim
3437 1153 3564 1206 arte

1904 1257 2041 1313 qua:
2098 1240 2254 1296 facta
2303 1244 2462 1306 sunt,
2516 1239 2736 1295 infecta
2765 1239 3165 1308 reddantur?)
3225 1238 3332 1295 sed
3362 1243 3428 1295 ut
3459 1244 3565 1296 aut

1903 1329 2016 1402 ipsi
2046 1329 2331 1400 deinceps
2359 1328 2634 1385 meliores
2658 1329 2828 1398 ﬁant,
2857 1333 2960 1384 aut
2984 1327 3114 1385 aliis
3137 1328 3416 1400 sapiendi
3445 1328 3564 1386 sint

1903 1418 2271 1491 exemplum.

1973 1512 2025 1564 3.
2068 1510 2146 1576 t7)
2181 1510 2349 1580 Saepe
2387 1507 2547 1563 enim
2578 1506 2639 1562 in
2673 1506 3038 1562 tenuissimis
3087 1507 3267 1563 etiam
3300 1505 3401 1561 Dei
3431 1521 3562 1563 sese

1901 1598 2117 1653 exserit
2146 1597 2463 1669 sapientia.
2497 1599 2647 1652 Nam
2675 1595 2780 1669 qui
2819 1595 3158 1652 convexum
3191 1593 3412 1651 ccelum
3457 1611 3560 1651 ex-

1899 1687 2610 1759 pandit,atqueingentes
2641 1684 2899 1741 marium
2923 1685 3187 1755 gurgites
3218 1685 3446 1754 etfudit,
3463 1684 3559 1740 ille

182 1768 336 1831 οὗτος
393 1769 536 1822 ἔστιν
584 1773 610 1824 6
657 1777 747 1824 καὶ
789 1776 847 1824 τὸ
904 1772 1208 1826 λεπτότατον
1238 1777 1444 1847 κέντρον
1481 1782 1570 1833 τῆς
1609 1773 1782 1845 μελίσ-

1898 1776 2024 1848 ipse
2043 1782 2132 1832 est
2151 1776 2254 1848 qui
2276 1775 2695 1831 tenuissimum
2710 1774 2964 1847 apicula:
2983 1775 3291 1831 stimulum
3315 1775 3376 1830 in
3397 1775 3559 1830 fistu-

180 1875 281 1918 σης
322 1858 580 1928 κοιλάνας,
633 1863 807 1934 ὥσπερ
858 1860 1210 1930 «6162,63qu
1238 1865 1324 1913 τὸν
1381 1861 1454 1913 ἰὸν
1521 1858 1598 1913 δι’
1627 1862 1786 1914 αὐτοῦ

178 1948 478 2018 ἐκκεῖσθαι.
535 1955 728 2002 Τοῦτον
785 1954 980 2024 σαρκὸς
1021 1953 1096 2019 (2)
1140 1948 1231 2022 μὶν
1265 1950 1541 2023 ὀφθαλμοῖς
1586 1953 1786 2024 Θεωρῆ-

177 2053 270 2087 σαι
299 2037 378 2107 (3)
415 2034 693 2105 ἀδύνατον,
725 2043 784 2092 76
839 2042 942 2112 γὰρ
987 2038 1265 2112 ἀσώματον
1319 2044 1513 2105 σαρκὸς
1553 2044 1785 2113 (ᾗαμασιν

174 2125 487 2178 ὑποπίπτειν
555 2127 615 2180 οὗ
683 2123 938 2181 δύναται⁹
1002 2133 1092 2181 καὶ
1161 2133 1556 2203 μεμαρτύρηκα
1628 2129 1785 2191 αὐτὸς

175 2216 203 2266 6
261 2221 538 2286 μονογενὴς
599 2220 718 2279 Υἱὸς
784 2225 876 2270 τοῦ
934 2226 1089 2284 Θεοῦ,
1155 2217 1353 2289 λέγων·
1413 2223 1542 2272 Θεὸν
1607 2217 1782 2282 οὐδεὶς

171 2310 382 2356 πώποτε
440 2307 697 2364 τεθέαται.
766 2313 825 2360 E't
880 2309 982 2379 ⁹Ῑόιρ
1048 2313 1138 2359 καὶ
1184 2311 1316 2359 κατὰ
1372 2311 1431 2360 τὸ
1491 2313 1782 2382 γεγραμμέ-

169 2411 256 2444 νον
311 2390 444 2446 εἶδεν
493 2396 519 2446 6
569 2394 838 2462 Ἰεζικιὴλ,
875 2395 1002 2449 ἀλλά
1045 2401 1096 2449 τί
1137 2396 1274 2468 λέγει
1312 2399 1341 2455 ἡ
1377 2404 1589 2471 Γραφή;
1632 2395 1783 2451 Εῖδιν

171 2483 413 2554 ὁμοίωμα
467 2480 627 2546 δόξης
695 2490 910 2558 Κυρίου,
966 2485 1024 2538 οὐ
1063 2490 1167 2558 μὴν
1207 2483 1266 2539 δε
1326 2490 1482 2539 αυτὸν
1529 2490 1616 2538 τὸν
1674 2490 1783 2540 Κύ-

167 2585 321 2644 ριον⁶
379 2570 487 2623 ἀλλ’
544 2571 668 2626 οὐδε
711 2574 875 2632 αὐτὴν
922 2579 1016 2632 τὴν
1063 2572 1242 2642 δοξαν,
1289 2579 1353 2636 ὡς
1383 2579 1524 2628 ἔστιν
1556 2575 1781 2637 ἀληθῶς,

174 2664 276 2711 Καὶ
317 2657 441 2711 ἰδὼν
497 2663 554 2712 τὸ
611 2663 851 2734 ὁμοίωμα
878 2671 974 2724 τῆς
1042 2659 1222 2729 δόξης,
1254 2670 1344 2715 και
1373 2665 1467 2715 οὐκ
1495 2665 1658 2722 αὐτὴν
1688 2669 1780 2722 τὴν

171 2744 352 2814 δοξαν,
403 2751 577 2801 ἔπεσεν
627 2749 710 2801 ἰπὶ
751 2755 836 2808 τὴν
875 2759 974 2820 γῆν
1019 2750 1119 2802 ἀπὸ
1166 2761 1255 2804 τοῦ
1307 2752 1484 2824 φόϐου.
1511 2753 1570 2806 Εἰ
1619 2748 1678 2805 δε
1723 2756 1780 2804 τὸ

168 2843 266 2898 τῆς
319 2832 478 2900 δόξης
537 2839 777 2910 ὁμοίωμα
835 2841 1010 2893 emet»
1069 2839 1223 2911 φόϐον
1275 2846 1364 2894 καὶ
1419 2840 1643 2912 ἀγωνίαν
1697 2861 1780 2894 πε-

165 2930 388 2998 ριεποίει
448 2934 556 2989 τοῖς
620 2927 936 3002 ἀνθρώποις.
997 2929 1152 2980 αὑτὸν
1193 2932 1350 2990 εἴτις
1406 2932 1466 2982 ἀν
1525 2929 1782 3005 ἰθεώρησε

166 3017 255 3065 τὸν
290 3018 440 3081 Θεὸν,
490 3018 692 3076 πάντως
724 3018 786 3068 οἶν
838 3015 1212 3089 ἀπηλλάττετο,
1263 3022 1396 3071 κατὰ
1461 3023 1518 3072 τὸ
1568 3019 1778 3094 εἰρημέ-

164 3119 280 3154 νον⁰
338 3101 530 3167 Οὐδεὶς
595 3105 779 3176 ὄψεται
831 3111 917 3159 τὸν
985 3111 1132 3178 Θεὸν,
1208 3109 1299 3160 καί
1363 3112 1607 3172 ζήσεται.
1689 3113 1780 3162 Διὰ
1819 3135 1860 3194 C

165 3202 322 3245 τοῦτο
367 3199 456 3245 καὶ
503 3198 638 3248 κατὰ
688 3201 783 3254 τὴν
839 3202 1094 3268 μεγίστην
1141 3197 1300 3250 αὐτοῦ
1337 3199 1724 3274 φιλανθρωπίαν
1755 3200 1781 3250 6

1261 3289 1505 3349 Θεοτητος
1577 3287 1784 3350 ἐξέτεινε

163 3377 251 3422 τὸν
309 3373 546 3445 οὐρανὸν,
592 3376 675 3424 ἱνα
717 3380 787 3445 μὴ
846 3373 1173 3448 ἀπολώμεθα.
1230 3377 1340 3428 υύκ
1391 3376 1508 3449 ἐμὸς
1551 3380 1576 3428 6
1615 3378 1781 3449 λόγος»

166 3286 299 3344 Θεὸς
346 3288 739 3355 παραπέτασμα
816 3293 912 3346 τῆς
994 3287 1186 3348 οἰκείας

166 3461 295 3514 ἀλλὰ
351 3468 623 3536 προφήτης
679 3459 850 3516 εἶπεν·

163 3557 352 3626 τρόμος
432 3553 656 3624 λήψεται
721 3553 822 3608 ἀπὸ
915 3565 1010 3607 σου
1085 3560 1177 3628 ὅρη
1215 3600 1227 3620 ,
1301 3577 1366 3609 κα

165 3642 290 3716 παρ’
363 3643 514 3697 αὑτά.
574 3649 672 3696 Καὶ
730 3649 782 3695 τί
835 3646 1138 3717 θαυμάζεις,

935 3465 1053 3516 Ἐὰν
1121 3465 1330 3538 ἀνοίξῃς
1395 3472 1481 3518 τὸν
1544 3468 1778 3540 οὐρανὸν,

1463 3563 1784 3616 τακὴο-ονται

1217 3646 1260 3698 εἰ
1317 3648 1343 3698 6
1397 3646 1664 3713 Ἰεξικιὴλ,
1725 3651 1782 3700 τό

169 3731 412 3802 ὁμοίωμα
460 3738 550 3791 τῆς
608 3727 772 3793 δοξης
821 3728 968 3799 ἰδὼν,
1001 3736 1222 3801 ἔπεσεν;
1264 3733 1321 3785 ’0
1362 3735 1550 3792 Δανιὴλ
1581 3738 1783 3792 οἰκέτην

168 3815 294 3868 ἰδὼν
346 3827 438 3871 τοῦ
499 3825 712 3892 Κυρίου,
777 3827 868 3874 καὶ
911 3823 1096 3884 ἔπτηξε
1144 3825 1240 3890 (4),
1281 3829 1370 3875 καὶ
1419 3826 1634 3876 ἓπεσιν’
1695 3829 1783 3876 καὶ

162 3908 328 3980 οἰχρις
420 3910 540 3960 ὅτου
615 3908 905 3972 ἐξεϐιάζετο
980 3919 1085 3971 τοῖς
1160 3911 1438 3983 ὀφθαλμοῖς
1514 3909 1644 3965 ἰδεῖν
1713 3913 1784 3972 εἰς

162 3998 402 4068 ὁμοίωμα
466 4000 582 4050 υἱοῦ
645 3999 800 4068 Θεοῦ,
851 3999 945 4051 οὐκ
992 4000 1272 4072 ἐτολμησεν
1317 4000 1682 4076 ἀποκριθῆναι.
1728 4002 1786 4056 Εἰ

164 4082 223 4138 δε
278 4085 506 4162 Γαϐριὴλ
571 4088 933 4161 ὀπτανόμενος,
997 4096 1188 4162 τρόμον
1268 4099 1407 4144 ποιεῖ
1495 4096 1784 4164 προφήταις

162 4174 454 4249 ἀνθρώποις
517 4187 607 4230 τοῦ
671 4186 841 4231 Θεοῦο
885 4179 928 4231 εἰ
994 4177 1115 4237 ἦλθε
1179 4182 1350 4241 καθὼς
1417 4177 1497 4248 ἦν,

163 4264 458 4320 ἀπώλλυντο
487 4270 702 4334 πάντεςς
759 4273 913 4320 παντί
950 4289 1050 4322 που
1107 4265 1288 4327 δῆλον,
1341 4271 1399 4324 Ei
1451 4275 1622 4322 τοίνυν
1695 4272 1781 4322 θέ-

1574 4180 1668 4233 οὐκ
1721 4181 1782 4236 ἄν

160 4355 265 4415 λιις
317 4366 508 4426 γνῶναι
555 4366 752 4429 σαφῶς.
785 4360 864 4410 ὅτι
919 4363 1074 4429 φύσιν
1124 4367 1258 4411 Θεοῦ
1289 4359 1600 4412 καταλαϐεῖν
1651 4358 1782 4412 αδύ-

1895 1866 1966 1923 ιω
1994 1864 2244 1920 modum
2272 1867 2608 1928 excavavit,
2633 1863 2784 1921 adeo
2810 1870 2872 1920 ut
2896 1880 3001 1936 per
3024 1865 3229 1937 ipsum
3254 1879 3556 1920 venenum

1894 1955 2259 2011 eﬂ’undatur.
2294 1958 2374 2020 (8)
2409 1954 2578 2008 Hunc
2599 1953 2902 2024 corporeis
2923 1953 3170 2025 quidem
3202 1952 3396 2009 Oculis
3421 1967 3562 2008 cou-

1892 2043 2172 2116 templari
2219 2043 2468 2098 minime
2498 2043 2849 2098 conceditur
2878 2058 2893 2097 :
2935 2042 3360 2113 incorporeum
3394 2043 3556 2097 enim

1892 2131 2050 2188 visui
2082 2131 2294 2202 subjici
2322 2131 2613 2201 corporeo
2646 2145 2769 2185 non
2817 2134 3014 2201 potest
3057 2147 3072 2186 :
3107 2128 3272 2201 quod
3304 2128 3556 2202 quidem

1892 2220 2236 2292 unigenitus
2269 2219 2397 2291 ipse
2443 2218 2543 2274 Dei
2591 2217 2772 2280 Filius
2805 2218 3155 2273 testiﬁcatus
3187 2221 3274 2273 est
3303 2217 3509 2273 dicens
3537 2233 3554 2272 :

1893 2311 2079 2365 Deum
2101 2325 2271 2365 nemo
2296 2309 2442 2364 vidit
2466 2310 2810 2379 unquam".
2840 2307 2955 2362 Etsi
2973 2307 3154 2377 enim,
3176 2312 3242 2362 ut
3265 2305 3376 2362 scri
3385 2310 3557 2378 ptum

1890 2405 2002 2466 est,
2035 2397 2181 2453 vidit
2209 2395 2470 2452 Ezechiel
2495 2413 2508 2450 :
2534 2395 2676 2451 audi
2698 2394 2846 2466 quid
2875 2395 3181 2464 Scriptura
3199 2393 3379 2462 dicat,
3397 2394 3559 2448 Vidit

1890 2487 2344 2542 similitudinem
2367 2487 2578 2556 gloria,
2611 2486 2848 2540 Domini
2861 2485 2939 2548 ’7;
2971 2499 3094 2538 non
3127 2487 3328 2539 tamen
3350 2483 3554 2554 ipsum

1897 2575 2236 2636 Dominum,
2259 2575 2365 2630 sed
2382 2590 2457 2629 ne
2474 2575 2672 2645 ipsam
2689 2572 2937 2645 quidem
2956 2571 3437 2644 gloriam,qualis
3452 2570 3556 2627 illa

1891 2679 2098 2718 revera
2133 2669 2240 2718 est.
2295 2665 2358 2718 Et
2387 2678 2528 2717 cum
2562 2661 3012 2716 similitudinem
3047 2659 3251 2730 gloriae
3287 2659 3552 2728 vidisset,

1891 2767 2012 2808 non
2046 2752 2239 2825 ipsam
2267 2751 2557 2822 gloriam;
2593 2766 2715 2822 pra:
2741 2751 2954 2806 timere
2979 2750 3042 2804 in
3073 2754 3293 2805 terram
3317 2748 3554 2808 cecidit.

1891 2842 2063 2907 Quod
2096 2842 2144 2896 si
2165 2845 2487 2912 conspecta
2518 2839 2721 2911 gloriae
2763 2837 3094 2894 similitudo
3123 2843 3411 2894 terrorem
3442 2837 3553 2892 hoe

1891 2929 2156 2986 minibus
2179 2935 2622 3000 tremoremque
2645 2928 2873 2996 incutit,
2891 2930 3075 2983 Deum
3101 2928 3302 2999 ipsum
3323 2925 3374 2981 si
3391 2925 3554 2997 quis-

1890 3019 2056 3090 piam
2081 3018 2312 3083 viderit,
2345 3034 2376 3074 e
2408 3017 2528 3074 vita
2559 3032 2805 3089 prorsus
2837 3016 3200 3087 migraverit,
3231 3020 3292 3070 ut
3320 3013 3552 3070 dictum

1891 3113 1979 3164 est
2005 3124 2016 3162 :
2041 3109 2141 3164 Ne.
2153 3124 2226 3164 no
2253 3107 2473 3163 videbit
2501 3107 2844 3175 Dominum,
2869 3120 2942 3162 ae
2963 3107 3114 3162 vivet
3131 3107 3198 3160 ³⁸.
3234 3107 3553 3176 Propterea

1895 3200 2046 3252 Deus
2078 3213 2186 3268 pro
2209 3212 2318 3250 sua
2339 3211 2478 3264 erga
2511 3212 2622 3252 nos
2652 3195 3046 3264 humanitate,
3076 3193 3294 3248 coelum
3320 3193 3547 3265 ipsum,

1893 3303 2018 3341 sure
2043 3285 2370 3341 divinitatis
2405 3284 2621 3345 velum,
2650 3301 2726 3341 ne
2757 3300 3094 3356 pereamus,
3123 3282 3414 3338 obtendit.
3445 3285 3550 3338 Ne-

1892 3391 2010 3448 que
2041 3374 2114 3429 de
2142 3390 2278 3430 meo
2305 3374 2364 3429 id
2399 3374 2604 3436 aliero,
2640 3374 2763 3428 imo
2789 3374 2915 3446 ipse
2950 3374 3246 3445 propheta
3285 3371 3557 3427 dixit:Si

1893 3465 2202 3532 aperueris
2225 3465 2688 3534 cwtueremqr
2703 3478 2740 3518 α
2763 3469 2860 3518 tuo
2882 3467 3200 3530 coviSpectu
3221 3460 3554 3530 apprehen-

1893 3554 1988 3608 det
2019 3559 2268 3622 montes,
2291 3559 2342 3608 et
2375 3553 2659 3607 continuo
2687 3552 3002 3608 tabescent.
3030 3553 3096 3606 Et
3131 3549 3277 3622 quid
3313 3548 3552 3604 miraris

1895 3642 1942 3698 si
1963 3641 2166 3710 gloriae
2189 3641 2640 3698 similitudinem
2663 3657 2799 3696 cum
2823 3641 3067 3704 vidisset
3096 3639 3382 3704 Ezechiel,
3403 3638 3553 3694 ceci-

1893 3731 1978 3786 dit
2012 3731 2068 3787 in
2094 3731 2348 3788 faciem?
2379 3730 2602 3789 Daniel.
2627 3736 2950 3802 conspecto
2991 3732 3088 3786 Dei
3129 3745 3321 3794 servo,
3353 3734 3412 3784 et
3435 3732 3551 3782 tre-

1893 3821 2064 3886 muit,
2088 3827 2142 3877 et
2163 3821 2223 3876 in
2251 3820 2464 3876 faciem
2487 3819 2698 3874 cecidit
2721 3836 2734 3874 :
2759 3825 2816 3875 et
2841 3818 3116 3888 quandiu
3141 3817 3330 3874 oculis
3349 3816 3552 3872 videre

1894 3909 2202 3965 contendit
2224 3909 2320 3964 Dei
2339 3909 2443 3964 tilii
2467 3906 2940 3978 similitudinem,
2959 3907 3166 3964 tandiu
3185 3905 3552 3978 respondere

1894 4016 2016 4056 non
2055 4016 2243 4056 ausus
2276 4006 2363 4055 est
2381 4001 2446 4053 ’9.
2481 3999 2536 4054 Si
2568 4014 2711 4053 vero
2741 4001 2906 4052 visus
2955 3996 3190 4053 Gabriel
3238 3995 3550 4068 prophetis

1894 4089 2239 4145 hominibus
2268 4088 2369 4144 Dei
2401 4095 2720 4144 tremorem
2752 4086 2958 4141 incutit
2984 4104 2997 4154 ;
3033 4086 3081 4140 si
3112 4085 3308 4157 qualis
3363 4090 3468 4154 est,
3498 4084 3551 4140 is

1893 4196 2022 4233 sese
2067 4178 2411 4243 ostenderit,
2462 4192 2664 4233 nonne
2698 4175 2978 4247 perierint
3007 4177 3262 4230 omnes?
3320 4174 3554 4230 Nemini

1893 4267 2160 4339 profecto
2176 4267 2430 4322 dubium
2455 4265 2621 4323 est.Si
2649 4265 2734 4320 vis
2754 4264 2934 4333 igitur
2963 4271 3168 4336 aperte
3186 4277 3552 4332 cognoscere

1891 4355 2562 4428 incomprehensibilem
2589 4371 2722 4410 esse
2753 4353 2851 4410 Dei
2882 4360 3183 4417 naturam,
3215 4352 3378 4407 disce
3398 4351 3551 4424 quid

160 4462 336 4508 νατον,
394 4446 638 4515 μάνθανε,
693 4450 746 4496 τί
792 4446 1030 4515 λέγουσιν
1087 4449 1136 4498 οὶ
1190 4455 1330 4520 τρεῖς
1359 4445 1544 4508 παῖδες
1603 4448 1652 4500 ἄν
1712 4459 1774 4521 τῇ

1898 4451 2007 4501 tres
2028 4446 2194 4516 pueri
2218 4445 2278 4500 in
2299 4444 2563 4499 ardentis
2587 4443 2739 4513 ignis
2756 4443 2997 4498 fornace
3013 4441 3332 4496 laudantes
3356 4439 3546 4496 Deum

162 4535 364 4602 καμίνῳ
420 4539 511 4582 τοῦ
564 4536 748 4606 πυρὸς.
803 4534 1203 4604 ὑμνολογουντες
1249 4538 1336 4586 τὸν
1385 4541 1548 4587 Θεόν·
1613 4537 1776 4589 Εὐλο-

161 4624 320 4691 γητὸς
387 4619 450 4689 εἶ,

160 4707 446 4782 χερουϐίμ.
508 4709 630 4762 Εἰπέ
686 4729 794 4782 μοι,
837 4710 927 4762 τοῦ
966 4709 1231 4784 χερουϐὶμ
1287 4717 1365 4772 τίς
1419 4714 1559 4764 ἐστιν
1612 4714 1642 4769 ἡ
1680 4715 1774 4782 φύ-

526 4625 552 4672 6'
628 4619 830 4692 βλέπων
918 4621 1208 4689 ἀϐύσσους,
1303 4625 1595 4693 καθήμενος
1689 4623 1774 4676 ἐπὶ

163 4818 265 4866 σις,
332 4805 422 4852 καὶ
486 4819 601 4852 τοτε
664 4804 752 4851 τον
810 4797 1183 4871 ἐπικαθήμενον
1244 4803 1462 4873 θεωρεῖς.
1529 4805 1773 4870 Καίτοιγε

233 4925 281 4959 ²⁶
310 4927 478 4980 Joan.
512 4939 550 4994 ι,
586 4925 670 4979 18.
748 4925 793 4958 ²⁷
822 4925 1024 4981 Ezech.
1059 4941 1117 4992 ιι,
1148 4923 1230 4980 19.

232 5055 244 5112 (
264 5053 304 5108 ll
347 5049 597 5124 [huius
620 5051 743 5123 γάρ,
775 5055 884 5106 etc.
923 5051 1052 5106 Haec
1085 5050 1265 5106 verba
1295 5066 1489 5124 usque
1522 5049 1599 5124 ad
1626 5050 1758 5124 illa,

156 5122 456 5192 ἐκχεῖσθαι,
488 5121 808 5192 desumpta
838 5138 971 5177 esse
1014 5139 1086 5177 ex
1121 5121 1488 5179 Hexaemero
1540 5122 1764 5177 indicat

155 5193 346 5266 codex
382 5193 596 5263 Regius
631 5194 788 5262 i992,
807 5193 911 5248 sed
937 5209 1008 5249 ea
1029 5194 1287 5266 reperire
1312 5209 1430 5248 non
1457 5193 1764 5266 potuimus

154 5267 220 5322 in
249 5265 365 5320 hoc
393 5280 593 5335 opere.
1100 5265 1111 5266 ’
1460 5265 1465 5266 ’
1511 5301 1518 5308 .

215 5338 309 5406 .(2)
346 5334 537 5389 Τοῦτον
572 5339 784 5460 σαρκός.
835 5339 962 5392 Haec
992 5336 1180 5394 verba
1221 5353 1413 5408 usque
1443 5335 1522 5391 ad
1553 5335 1675 5403 illa,
1709 5334 1762 5386 ἐκ

215 5411 340 5460 ἴοουξ
386 5428 619 5460 καταονη
663 5413 866 5460 nasi-uc-
928 5408 1186 5460 renerire
1240 5425 1358 5460 non
1433 5407 1759 5460 noluimus.

155 5411 340 5487 μέρους
386 5407 866 5487 καταργηθήσεται,
928 5408 1186 5487 reperire
1240 5407 1358 5487 non
1389 5482 1399 5487 _
1433 5407 1759 5487 potuimus.

157 5477 357 5532 COdex
391 5477 529 5536 1992⁷
564 5477 790 5534 iudicat
821 5477 1178 5547 orationem,
1230 5480 1399 5547 Quod
1428 5477 1761 5548 incompre-

157 5548 466 5605 hensibilis
497 5557 582 5606 est
607 5553 784 5608 Deus.

230 5623 310 5693 t3)
345 5627 644 5696 Θεωρῆσαι.
684 5622 886 5682 Codex
911 5622 1132 5695 Regius
1167 5626 1303 5681 1992
1333 5625 1662 5677 ὑποπίπτειν.

1311 4927 1358 4960 ’⁸
1385 4925 1566 4981 Exod.
1605 4925 1786 4981 xxitu
1813 4927 1905 4980 20.

1887 4533 2091 4590 dicant
2123 4551 2135 4588 :
2169 4533 2527 4590 Benedictus
2550 4548 2606 4588 es
2627 4534 2731 4603 qui
2752 4534 3004 4588 intueris
3025 4531 3290 4599 abyssos,
3311 4535 3366 4586 et
3386 4530 3549 4588 sedes

1885 4639 2064 4691 super
2085 4623 2385 4678 cherubim
2409 4624 2474 4674 ³ο.
2502 4624 2718 4687 Quaeso
2743 4619 2929 4687 te,dic
2955 4619 3124 4687 mihi,
3149 4635 3436 4692 quaenam
3461 4624 3550 4676 est

1883 4712 2194 4767 cherubim
2214 4716 2640 4781 natura,atque
2656 4717 2779 4764 tum
2799 4709 3161 4764 insidentem
3178 4708 3548 4779 contempla-

1883 4800 2060 4856 beris.
2096 4801 2378 4865 Quamvis
2410 4799 2705 4871 propheta
2737 4796 3000 4853 Ezechiel
3032 4797 3272 4852 illorum
3326 4796 3548 4853 descri-

2601 4923 2648 4956 ³ο
2677 4924 2822 4978 Dan.
2859 4938 2937 4990 ιιι,
2969 4925 3056 4977 55.

1945 5052 2021 5121 (4)
2060 5049 2304 5112 "Em-nia.
2341 5051 2506 5121 [tunc
2534 5049 2754 5121 locum,
2786 5063 2911 5121 oper
2956 5046 3539 5121 utriusque_codicis

1873 5117 2588 5194 sahavimusxﬂabebant
2618 5119 2756 5194 editi
2784 5117 2938 5182 ἔπηξε
2967 5123 3058 5170 καὶ
3083 5117 3259 5171 ἕπεο-εν
3278 5117 3358 5171 ἐπὶ
3379 5124 3545 5194 17966-

1871 5212 2031 5261 ωπον,
2064 5197 2220 5247 καὶ...
2249 5190 2570 5254 ἐξεϐιϐιίζετο
2602 5191 2672 5252 εἰς
2705 5192 2964 5264 ὁμοίωμα.

1943 5268 2016 5329 (5)
2057 5267 2136 5318 Ex
2169 5263 2344 5335 episr.
2375 5279 2509 5333 cxn,
2538 5267 2666 5320 204.

1943 5340 2016 5394 (6)
2061 5335 2209 5392 Ibid.
2233 5339 2357 5390 205.

1943 5408 2020 5477 (7)
2067 5410 2226 5462 linus
2259 5403 2702 5477 codex‘indicat
2726 5405 2888 5461 hom.
2926 5407 2987 5460 in
3015 5405 3307 5477 Hexaem.

1942 5473 2019 5546 (8)
2064 5479 2315 5548 Uterque
2347 5473 2538 5532 codex
2572 5477 2815 5546 indicat,
2851 5492 3031 5533 serm.
3077 5475 3244 5544 Quod
3279 5476 3438 5530 Deus
3465 5475 3544 5533 sit

1869 5549 2510 5620 incomprehensibilis.

1983 4925 2030 4960 ³⁸
2067 4922 2213 4982 Dari.
2237 4926 2293 4996 x',
2319 4931 2349 4979 7
2387 4929 2522 4996 Sqq.
