4084 6392
511 295 643 354 1311

1455 291 1823 349 APPENDIX.
1862 317 1932 332 —
1972 284 2320 345 SYMEONIS
2361 286 2911 345 METAPHRASTAE.

3752 290 3932 345 1312

509 420 775 495 ptionem
796 419 965 494 quod
992 418 1122 477 ﬁeri
1144 417 1357 493 potuit,
1388 417 1624 488 scriptis
1683 416 1758 474 sit
1803 415 2156 488 persecutus

2273 411 2515 474 ’ῐεζεκιήλ
2590 413 2616 465 6
2689 417 2958 487 προφήτης
3029 416 3120 467 καὶ
3195 416 3291 475 τήν
3384 416 3645 489 ἓκφρασιν
3727 412 3939 465 αὐτῶν

506 510 820 585 inquiens:
839 511 1105 579 Quatuor
1119 510 1309 581 facies
1330 509 1586 566 habebat
1602 523 1808 573 unum,
1824 506 2012 576 facies
2031 518 2156 559 una

511 600 791 673 hominis,
817 601 1007 671 facies
1033 601 1295 657 secunda
1327 599 1545 666 leonis;
1586 605 1641 655 et
1669 598 1733 653 in
1774 596 1948 652 tertio
1974 594 2158 666 facies

510 691 751 762 aquilae,
780 697 833 748 et
857 692 921 747 in
950 695 1167 762 quarto
1187 690 1380 760 facies
1410 688 1647 745 vituli“
1680 703 1695 743 :
1722 684 2014 759 quodque
2052 682 2160 739 uni

514 795 620 837 sex
648 783 850 838 essent
891 779 1021 852 alae,
1071 784 1249 853 atque
1277 779 1426 853 ipsis
1456 778 1724 851 undique
1754 780 1957 834 essent
1979 773 2159 844 oculi,

510 869 801 943 quodque
830 869 1047 940 singuli
1084 870 1418 940 subjectam
1460 865 2160 940 baberentquadrangu-

512 956 705 1014 larem
723 962 914 1015 rotam
934 977 946 1026 ;
976 958 1136 1015 facta
1157 962 1359 1015 tamen
1380 973 1417 1014 a
1435 956 1728 1030 propheta
1741 954 2159 1027 descriptione,

513 1046 749 1103 etiamsi
774 1046 1369 1120 legimus,percipere
1387 1062 1513 1103 non
1534 1045 1893 1102 valemus.Si
1908 1059 2047 1100 vero
2069 1058 2159 1099 so-

510 1135 852 1211 lium,quod
880 1137 1243 1210 explanavit,
1275 1136 1481 1194 animo
1508 1134 2019 1209 comprehendere
2038 1148 2161 1189 non

512 1241 860 1299 possumus,
892 1227 1250 1284 insidentem
1271 1227 1386 1299 ipsi
1409 1226 1770 1283 invisibilem
1803 1227 2013 1292 Deum,
2039 1239 2164 1296 qua

512 1315 743 1372 ratione
771 1317 1102 1388 poterimus
1122 1318 1149 1374 ?
1199 1316 1351 1372 facie
1380 1314 1677 1389 siquidem
1708 1314 1789 1371 ad
1830 1314 2044 1369 faciem
2073 1312 2161 1368 vi-

513 1419 707 1472 suros,
733 1406 1180 1479 perfectamque
1216 1406 1391 1478 556
1418 1401 2041 1477 incomprehensibilis
2063 1400 2164 1457 Dei

512 1493 843 1564 majestatis
862 1493 923 1551 in
950 1494 1153 1551 futuro
1182 1493 1402 1550 saeculo
1429 1493 1831 1563 cognitionem
1850 1490 2163 1547 habituros

512 1596 617 1638 eos
641 1582 746 1655 qui
768 1582 935 1652 digni
958 1582 1197 1649 fuerint,
1211 1587 1372 1639 certa
1399 1581 1826 1655 pollicitatione
1846 1579 2165 1637 conﬁrma-

515 1673 641 1727 tum
670 1674 775 1727 est.
808 1674 975 1728 Nunc
998 1688 1140 1728 vero
1164 1672 1343 1729 etiam
1369 1672 1419 1727 si
1450 1670 1666 1728 Paulus
1686 1669 1833 1727 alter
1856 1669 2163 1742 quispiam

2263 489 2552 560 Ιίποιήσοιτο
2601 497 2852 569 δυνατῶς,
2898 502 3079 575 λέγων,
3111 504 3193 557 ὅτι
3238 509 3489 580 Τέσσαρα
3515 523 3807 578 πρόσωπα
3846 512 3937 573 τῷ

2267 592 2374 644 ἐνι·
2428 596 2486 646 τὸ
2529 596 2621 666 μὲν
2672 590 2966 665 ἀνθρώπου,
2998 597 3058 646 τό
3094 590 3153 649 δὲ
3182 594 3404 662 Horror,
3430 597 3490 648 1'6
3524 591 3588 649 δὲ
3618 596 3825 659 ἀετοῦ,
3864 598 3936 647 τὸ

2268 677 2328 734 ὃὶ
2357 685 2571 755 μόσχου
2595 703 2609 716 ·
2643 686 2733 735 καὶ
2762 684 2839 735 ὅτι
2870 682 2924 747 ἒξ
2950 686 3198 758 πτέρυγες
3227 692 3300 755 τῷ
3329 684 3423 752 ἐνὶ,
3456 688 3548 737 καὶ
3580 687 3665 737 ὄτι
3696 682 3933 754 ὀφθεὶς

2266 776 2352 845 μοι
2395 772 2571 835 αὐτοῖς
2608 775 2961 845 πανταχόθεν,
3026 777 3118 827 xui
3184 776 3265 828 ὅτι
3328 776 3429 828 ὑπὸ
3496 774 3619 828 καθ’
3671 775 3930 827 ἕκαστον

2267 865 2465 935 τροχὸς
2517 864 2835 936 τετράγωνος
2875 865 3241 937 ὑποκείμενος·
3282 867 3373 917 καὶ
3429 866 3573 937 ὅμως
3624 870 3734 916 τοῦ
3766 882 3928 937 προ-

2270 956 2433 1024 φήτου
2466 953 2543 1024 (2)
2574 957 2669 1011 τὴν
2699 955 2949 1028 ἓκφρασιν
2996 958 3367 1027 πεποιημένου,
3401 953 3546 1007 οὓπω
3582 954 3756 1026 ἡμεῖς
3794 956 3927 1004 οὔτε

2270 1038 2705 1112 ἀναγινώσκοντες
2778 1042 3086 1097 καταλαϐεῖν
3154 1040 3440 1115 δυνάμεθα.
3521 1042 3586 1095 Εἰ
3679 1038 3748 1095 δὲ
3830 1045 3926 1092 τὸν

2270 1132 2447 1202 θρόνον
2504 1133 2558 1183 ὄν
2619 1128 2942 1202 διηγήσατο,
3004 1131 3311 1186 καταλαϐεῖν
3341 1132 3401 1186 οὗ
3446 1128 3756 1206 δυνάμεθα,
3830 1134 3925 1183 τόν

2270 1217 2644 1292 ἐπικαθήμενον
2704 1219 2924 1296 ἀόρατον
2978 1224 3108 1274 Θεὸν
3153 1229 3265 1284 πῶς
3311 1220 3619 1275 καταλαϐεῖν
3656 1217 3927 1279 31:21:66-

2269 1309 2440 1380 μεθα;
2508 1311 2567 1361 τὸ
2634 1310 2723 1378 μεν
2787 1311 2889 1383 γὰρ
2942 1312 3222 1384 πρόσωπον
3280 1312 3412 1383 πρὸς
3448 1313 3776 1385 πρόσωπον,
3825 1314 3927 1360 καὶ

2270 1397 2300 1454 ἠ
2344 1394 2511 1448 τελεία
2549 1395 2827 1469 ἐπίγνωσις
2863 1406 2959 1460 τῆς
3023 1405 3116 1451 τοῦ
3183 1405 3318 1451 Θεοῦ
3376 1396 3769 1455 ἀκαταλήπτου
3818 1416 3924 1469 με·

2270 1484 2619 1557 γαλειότητος,
2681 1485 2729 1539 έν
2780 1494 2851 1557 τῷ
2908 1486 3135 1561 μέλλοντι
3168 1487 3316 1540 αἰῶνι
3358 1494 3468 1549 τοῖς
3494 1486 3665 1550 ἀξίοις
3699 1483 3897 1540 ἁποϐο

2274 1576 2425 1634 θῆναι
2481 1573 2814 1647 έπήγγελται.
2867 1583 2975 1629 Νῦν
3029 1573 3090 1630 δὲ
3136 1578 3232 1629 κᾶν
3287 1576 3487 1638 Παῦλός
3538 1596 3616 1638 τις
3677 1574 3741 1649 ᾖ,
3810 1579 3922 1629 κᾶν

2272 1666 2477 1736 Πέτρος,
2534 1662 2712 1737 βλέπει
2760 1667 2852 1738 μεν
2903 1663 3129 1733 ἀληθῶς,
3177 1669 3267 1718 καὶ
3315 1665 3376 1718 οὐ
3426 1665 3717 1736 πλανᾶται,
3771 1662 3919 1719 οὐδὲ

513 1757 709 1822 fuerit.
742 1760 921 1816 etiam
950 1760 998 1816 si
1018 1763 1244 1831 Petrus,
1275 1760 1461 1818 cernit
1489 1760 1736 1834 quidem
1765 1774 1927 1828 vere,
1964 1773 2161 1831 neque

2273 1753 2605 1826 φαντάζεται,
2660 1751 2733 1808 δι’
2788 1753 3043 1829 ἐσόπτρου
3094 1752 3154 1808 δι
3205 1756 3343 1829 ὅμως
3376 1754 3557 1828 βλέπει
3594 1760 3694 1808 καὶ
3737 1755 3794 1809 έν
3828 1757 3918 1808 αἱ-

513 1846 935 1917 hallucinatur,
981 1854 1085 1907 aut
1111 1850 1477 1923 imaginibus
1502 1849 1824 1914 deluditur,
1858 1852 2163 1904 verumta-

513 1952 654 1994 men
690 1938 873 1995 veluti
927 1954 1035 2012 per
1080 1941 1416 2013 speculum,
1449 1945 1505 1996 et
1534 1940 1594 1997 in
1626 1940 1945 2008 aenigmate
1974 1937 2163 1993 intue-

512 2028 610 2083 tur
635 2044 647 2081 :
675 2031 733 2084 et
753 2028 920 2100 quod
950 2044 1110 2086 nunc
1141 2046 1213 2086 ex
1238 2034 1406 2102 parte
1436 2034 1525 2086 est
1549 2045 1687 2085 cum
1709 2027 2039 2098 gratiarum
2065 2042 2161 2083 ac-

510 2115 671 2173 tione
699 2117 1025 2190 accipiens,
1042 2118 1208 2191 quod
1234 2118 1413 2191 plane
1440 2117 1772 2191 perfectum
1803 2122 1891 2174 est
1917 2132 2162 2173 summa

510 2220 651 2263 cum
674 2205 878 2264 laetitia
901 2207 962 2264 in
992 2208 1260 2264 futurum
1282 2210 1668 2282 opperitur”.
1699 2206 1873 2273 Quod
1899 2206 2061 2262 enim
2096 2205 2161 2262 in

509 2309 584 2351 ea
611 2294 744 2367 ipsa
772 2297 1115 2366 cognitione
1143 2313 1307 2354 nunc
1352 2298 1683 2370 perfectum
1725 2311 1858 2352 esse
1903 2294 2159 2364 videtur,

511 2383 665 2440 adeo
694 2385 980 2455 exiguum
1009 2386 1300 2459 quiddam
1328 2392 1417 2443 est
1443 2390 1501 2443 et
1528 2386 1876 2451 obscurum,
1910 2388 2035 2440 uta
2064 2384 2161 2440 fu-

511 2472 629 2529 turi
678 2474 874 2530 saeculi
916 2474 1179 2531 claritate
1209 2476 1387 2532 distet
1417 2475 1634 2545 magis,
1674 2490 1860 2547 quam
1888 2490 1924 2530 a
1953 2474 2162 2544 cogni-

511 2560 669 2618 tione
689 2579 825 2635 quae
856 2568 947 2619 est
974 2564 1125 2621 facie
1146 2564 1219 2621 ad
1243 2565 1477 2621 faciem.
1505 2569 1586 2621 Ac
1616 2568 1782 2621 tanta
1807 2563 2053 2632 quidem
2073 2566 2163 2618 est

512 2651 869 2721 cognitionis
897 2653 1000 2709 Dei
1046 2654 1332 2723 infinitas,
1366 2659 1657 2727 tantaque
1713 2654 1997 2710 humanae
2056 2669 2160 2710 na-

510 2741 657 2796 turae
687 2740 749 2796 in
778 2743 1175 2815 percipiendis
1206 2744 1319 2801 hoc
1348 2745 1409 2800 in
1441 2744 1659 2801 saeculo
1690 2743 1909 2799 divinis
1938 2745 2162 2815 myste-

508 2828 612 2885 riis
655 2829 1056 2901 imbecillitas,
1091 2850 1229 2890 cum
1262 2850 1504 2907 semper
1530 2833 1779 2907 quidem
1822 2848 1929 2905 pro
1960 2832 2161 2902 cujus-

508 2933 628 2991 que
648 2936 973 2993 progressu
1008 2922 1213 2996 aliqua
1238 2924 1345 2981 fiat
1372 2922 1663 2988 accessio,
1696 2921 1800 2978 sed
1826 2937 2007 2978 nemo
2034 2935 2167 2995 per'

510 3006 727 3064 fectam
744 3011 1147 3081 cognitionem
1165 3011 1748 3085 assequatur,donec
1766 3007 2169 3083 veneritquod

508 3097 840 3170 perfectum
879 3105 987 3174 est,
1014 3100 1263 3175 quando
1302 3101 1469 3175 quod
1500 3117 1573 3157 ex
1604 3104 1772 3174 parte
1799 3104 1886 3156 est
1914 3113 2168 3157 evacua-
2197 3114 2239 3171 ο

510 3184 672 3244 bitur
687 3189 755 3245 ³³.

578 3280 631 3336 4.
664 3278 742 3351 (1)
775 3279 884 3345 Qui
905 3294 1115 3337 eorum
1135 3296 1271 3353 quae
1296 3284 1434 3337 sunt
1457 3280 1982 3352 investigationem
2004 3294 2166 3336 com-

508 3368 709 3439 parari
738 3384 914 3439 posse
940 3370 1105 3437 dicit,
1136 3370 1188 3426 is
1217 3370 1430 3443 procul
1457 3371 1645 3428 dubio
1669 3371 1769 3427 via
1799 3370 2069 3444 quadam
2111 3371 2167 3425 et

508 3454 720 3512 ordine
739 3462 1002 3514 mentem
1027 3475 1203 3515 suam
1225 3460 1303 3516 ad
1322 3475 1533 3516 eorum
1559 3477 1698 3533 quae
1721 3464 1860 3516 sunt
1880 3459 2167 3529 cognitio.

508 3558 649 3600 nem
681 3546 938 3619 appulit;
974 3552 1030 3603 et
1057 3548 1117 3604 in
1139 3548 1320 3605 rebus
1341 3553 1521 3621 captu
1546 3549 1824 3605 incilibus
1846 3553 1902 3605 et
1922 3548 2167 3605 minutis

507 3635 888 3703 exercitatus,
918 3638 1000 3694 ita
1029 3637 1277 3695 demum
1310 3655 1416 3711 per
1441 3640 1599 3695 hanc
1629 3640 2056 3709 cognitionem,
2088 3638 2168 3695 ad

509 3735 645 3778 eam
681 3740 924 3798 quoque
964 3742 1100 3799 quae
1138 3727 1566 3797 cogitationem
1604 3743 1851 3784 omnem
1901 3730 2165 3799 superat,

509 3828 683 3868 suam
722 3817 1275 3887 comprehendendi
1317 3818 1661 3874 facultatem
1692 3818 2011 3891 promovit.
2060 3817 2169 3883 Qui

507 3899 685 3970 igitur
706 3919 915 3959 eorum
938 3921 1073 3977 quae
1101 3910 1241 3962 sunt
1262 3906 1667 3975 cognitionem
1696 3905 2168 3979 apprehendisse

512 4004 576 4045 se
602 3990 907 4063 gloriatur,
942 3993 990 4048 is
1020 3994 1301 4050 animalis
1330 3996 1717 4051 minutissimi
1748 4011 1820 4051 ex
1849 3995 1920 4051 iis
1949 4010 2087 4067 quae
2108 3994 2168 4049 in

509 4086 899 4150 conspectum
940 4082 1183 4147 cadunt,
1216 4089 1494 4140 naturam
1527 4084 1803 4156 explicet,
1835 4088 1892 4140 et
1928 4100 2064 4157 quae
2097 4084 2172 4139 sit

509 4165 775 4223 formicas
800 4174 1016 4225 natura
1044 4170 1226 4240 dicat,
1261 4188 1339 4227 an
1364 4172 1576 4245 spiritu
1619 4178 1676 4229 et
1707 4171 1975 4229 anhelitu
2024 4187 2169 4228 con-

509 4256 766 4315 tineatur
786 4258 971 4332 ipsius
996 4260 1113 4316 vita
1137 4278 1151 4316 :
1175 4276 1252 4316 an
1277 4277 1497 4334 corpus
1522 4261 1760 4317 ossibus
1782 4262 2164 4317 distinctum:

509 4361 587 4403 an
618 4363 942 4422 compages
973 4350 1165 4405 nervis
1192 4354 1374 4423 atque
1402 4350 1740 4423 ligamentis
1776 4352 2015 4408 firmata
2043 4369 2057 4408 :
2087 4367 2165 4408 an

2268 1846 2480 1916 νίγματι
2512 1858 2528 1875 ⁶
2589 1848 2679 1897 καὶ
2738 1847 2796 1897 τὸ
2858 1842 2913 1897 ix
2951 1849 3141 1920 μέρους
3193 1852 3281 1897 νῦν
3333 1845 3667 1919 εὐχαρίστως
3732 1841 3915 1917 δεχό-

2268 1951 2437 2005 μενος,
2494 1936 2552 1986 τὸ
2610 1933 2796 1987 τέλειον
2844 1933 2916 1995 εἰς
2966 1938 3024 1987 1'6
3063 1933 3243 2007 μέλλον
3288 1943 3594 2009 περιχαρῶς
3666 1932 3914 2007 ἐκδέχε-

2266 2043 2377 2079 ται.
2412 2026 2481 2076 Τὸ
2507 2026 2609 2097 γὰρ
2643 2020 2832 2077 δοκοῦν
2858 2031 2948 2076 νῦν
2982 2023 3032 2077 έν
3078 2031 3141 2097 τῇ
3189 2030 3378 2097 γνώσει
3406 2024 3617 2092 τέλειον,
3666 2024 3914 2098 βραχυ-

2266 2131 2319 2166 τι
2370 2117 2460 2165 καὶ
2516 2109 2871 2188 ἀμυδρότερον
2928 2117 3177 2167 τοσοῦτόν
3229 2112 3389 2182 ἐστιν,
3421 2117 3490 2177 ὡς
3536 2114 3699 2167 πλέον
3766 2114 3908 2169 ἁπο-

2266 2200 2614 2275 λιμποένεσθαι
2665 2211 2759 2263 τῆς
2807 2202 2857 2255 έν
2909 2210 2981 2274 τῷ
3027 2203 3261 2276 μέλλοντι
3326 2203 3477 2256 αἰῶνι
3538 2208 3909 2279 τρανότητος,

2268 2294 2297 2349 ἦ
2350 2292 2471 2344 ὅσον
2509 2294 2920 2364 απολιμπάνεται
2976 2300 3071 2346 τοῦ
3135 2298 3420 2368 προσώπου
3485 2296 3617 2367 πρὸς
3686 2298 3911 2368 πρόσω-

2267 2399 2387 2439 πον,
2446 2388 2705 2434 Τοσοῦτον
2753 2385 2844 2455 μὲν
2896 2378 2984 2434 οὖν
3065 2391 3162 2445 τῆς
3217 2381 3538 2454 ἐπιγνώσεως
3596 2390 3699 2436 τοῦ
3761 2392 3912 2437 Θεοῦ

2268 2473 2326 2522 τὸ
2377 2469 2678 2546 ἀπέραντον,
2729 2479 2978 2524 τοσοῦτον
3047 2470 3106 2526 δὲ
3162 2480 3259 2535 τῆς
3306 2471 3639 2548 ἀνθρωπίνης
3684 2476 3913 2547 φύσεως

2268 2564 2326 2612 τὸ
2379 2569 2476 2613 τῶν
2529 2563 2676 2614 θείων
2740 2566 3047 2638 μυστηρίων
3099 2561 3147 2614 ἐν
3194 2569 3267 2633 τῷ
3300 2566 3516 2636 παρόντι
3573 2562 3909 2636 ἀνέφικτον·

2268 2647 2349 2703 ἀεὶ
2399 2652 2490 2722 μεν
2546 2652 2682 2703 κατὰ
2734 2656 3003 2726 προκοπὴν
3061 2651 3284 2705 ἑκάστου
3339 2653 3769 2726 προστιθεμένου
3826 2656 3908 2727 (3)

2270 2747 2362 2793 τοῦ
2392 2737 2641 2801 πλείονος,
2677 2737 2754 2792 ἀεὶ
2786 2736 2846 2792 δὲ
2876 2748 2967 2792 τοῦ
3012 2744 3140 2813 πρὸς
3190 2740 3339 2804 ἀξίαν
3388 2740 3909 2816 ἁπολιμπανομένων

2273 2829 2530 2895 ἁπάντων,
2560 2830 2724 2903 ἄχρις
2754 2830 2815 2881 οἶν
2866 2829 2983 2905 ἔλθῃ
3044 2832 3104 2884 1'6
3141 2830 3330 2884 τέλειον
3363 2832 3449 2886 ὅτε
3488 2834 3547 2887 τὸ
3592 2830 3653 2885 ἐκ
3704 2837 3893 2909 μέρους

2272 2937 2509 2995 καταργη
2520 2919 2581 2977 θή
2592 2937 2756 2972 σεται.

2306 3282 2309 3285 “
2348 3277 2403 3330 4.
2443 3274 2501 3327 Ὀ
2534 3271 2593 3329 ei“:
2634 3273 2844 3349 ἐφικτὴν
2885 3276 3013 3328 εἶναι
3068 3274 3225 3349 λέγων
3282 3285 3383 3331 τῶν
3415 3276 3574 3330 ὄντων
3600 3279 3684 3335 τὴν
3732 3276 3881 3352 εὗρε-

2282 3384 2384 3432 σιν,
2413 3362 2522 3437 ὀδῷ
2566 3384 2664 3417 τινι
2714 3366 2919 3429 πάντως
2946 3369 3036 3418 καὶ
3065 3364 3348 3439 ἀκολουθίᾳ
3381 3363 3479 3419 διὰ
3529 3376 3627 3430 τῆς
3670 3374 3773 3419 τῶν
3804 3371 3895 3419 ὄν-

2277 3474 2377 3507 των
2419 3460 2656 3527 γνώσεως
2708 3453 2983 3528 προέϐαλεν
3045 3455 3230 3508 ἑαυτοῦ
3301 3461 3396 3514 τὴν
3463 3453 3743 3509 διάνοιαν·
3805 3463 3898 3509 καὶ

2276 3550 2386 3606 τοῖς
2425 3542 2699 3604 εὐλήπτοις
2735 3563 2789 3597 τε
2842 3548 2933 3596 καὶ
2984 3549 3315 3619 μικροτέροις
3371 3544 3763 3617 ἐγγυμνασθεὶς
3802 3542 3900 3598 διὰ

2276 3642 2367 3694 τῆς
2416 3632 2777 3703 καταλήψεως,
2831 3632 2967 3686 οὓτω
3012 3637 3103 3685 καὶ
3160 3634 3232 3697 εἰς
3273 3639 3367 3693 τὴν
3426 3633 3663 3688 ἐπέκεινα
3713 3637 3900 3698 πάσης

2278 3722 2473 3784 ἑννοίας
2527 3728 2822 3796 προήγαγεν
2877 3723 3057 3776 ἑαυτὸν
3112 3723 3507 3783 καταληπτικὴν
3574 3730 3896 3796 φαντασίαν.

2278 3811 2480 3864 Οὐκοῦν
2535 3814 2561 3864 6
2607 3816 2701 3869 τὴν
2743 3818 2861 3888 περὶ
2910 3821 3011 3866 τῶν
3064 3816 3219 3866 ὄντων
3262 3810 3467 3872 εῖδησιν
3524 3813 3900 3887 κατειληφέναι

2277 3900 2790 3974 μεγαλαυχούμενος,
2850 3904 2907 3954 τὸ
2969 3907 3317 3977 σμικρότατον
3368 3909 3470 3955 τῶν
3540 3909 3899 3976 προφαινομέ-

2276 4011 2394 4058 νων,
2440 3992 2583 4053 νόπως
2630 3992 2743 4062 ἔχει
2777 3994 2997 4062 φύσεως,
3059 3991 3444 4066 έρμηνευσάτω,
3500 3997 3592 4044 καὶ
3621 3997 3704 4055 τίς
3736 3995 3768 4051 ἡ
3803 4002 3897 4046 τοῦ

2278 4082 2551 4152 μύρμηκος
2593 4082 2763 4152 φύσις,
2807 4082 3034 4133 εἱπςὶτωυ
3098 4081 3140 4134 εἰ
3188 4083 3442 4154 πνεύματι
3501 4084 3589 4133 καὶ
3648 4083 3896 4155 ἄσθματι

2281 4172 2559 4239 συνέχεται
2607 4168 2764 4221 αὐτοῦ
2811 4170 2841 4226 ἡ
2896 4170 3002 4231 ζωή
3027 4191 3040 4204 ·
3111 4169 3153 4223 εἰ
3182 4170 3380 4231 ὀστέιος
3418 4172 3477 4223 τὸ
3500 4178 3658 4243 σῶμα
3688 4167 3895 4231 διείλη-

2278 4277 2404 4311 πται
2429 4279 2442 4291 ·
2504 4258 2546 4311 εἰ
2590 4261 2791 4331 νεύροις
2819 4263 2908 4311 καὶ
2948 4255 3215 4332 ένδέσμοις
3261 4262 3353 4322 τὰς
3399 4260 3649 4335 ἁρμονίας
3678 4267 3897 4315 τετόνω-

2276 4365 2396 4400 ται·
2449 4347 2492 4401 εἰ
2555 4355 2697 4420 μυῶν
2746 4347 2989 4421 περιϐολῇ
3050 4354 3141 4401 xui
3197 4344 3391 4402 ἀδένων
3448 4352 3479 4408 ἠ
3538 4358 3642 4402 τῶν
3696 4356 3896 4425 νεύρων

506 4436 924 4494 musculorum
954 4443 1009 4497 et
1038 4437 1466 4509 glandularum
1524 4440 1758 4498 ambitu
1790 4442 2163 4499 contineatur

2273 4444 2662 4509 περικρατεῐται
2710 4438 2851 4498 θέσις
2874 4453 2888 4467 °
2944 4438 2987 4490 εὶ
3024 4445 3134 4499 τοῖς
3180 4442 3443 4500 νωτιαίοις
3474 4435 3804 4504 σπονδύλοις
3842 4442 3895 4495 ἐκ

507 4540 829 4583 nervorum
863 4527 1006 4584 situs
1031 4546 1043 4584 :
1068 4544 1147 4585 an
1165 4529 1430 4587 medulla
1450 4546 1487 4586 a
1512 4530 1776 4603 sincipite
1797 4531 1875 4587 ad
1901 4531 2159 4589 caudam

507 4629 701 4687 usque
730 4631 855 4672 una
878 4632 1018 4672 cum
1065 4616 1227 4673 dorsi
1279 4618 1567 4674 vertebris
1610 4619 2005 4692 protendatur
2036 4637 2049 4675 :
2083 4635 2160 4677 an

508 4704 797 4761 membris
842 4722 980 4779 quae
1036 4711 1351 4779 noventur,
1386 4724 1460 4764 ex
1490 4724 1758 4765 nervosas
1790 4708 2161 4765 membranae

508 4794 826 4867 complexu
857 4800 1091 4852 motum
1139 4797 1446 4870 imprimat
1474 4816 1487 4853 :
1514 4812 1592 4853 an
1619 4796 1695 4853 sit
1720 4797 1782 4852 in
1812 4797 1949 4870 ipsa
1970 4798 2164 4869 jecur,

508 4884 566 4937 et
584 4882 642 4938 in
659 4883 861 4953 jecore
880 4902 990 4942 vas
1010 4885 1518 4960 quoddam,quod
1539 4886 1615 4943 fel
1638 4886 1943 4960 suscipiat,
1969 4888 2164 4944 sintne

507 4984 681 5026 renes
729 4977 787 5029 et
836 4989 961 5046 cor,
1019 4978 1075 5031 et
1129 4976 1382 5045 arterim,
1411 4981 1467 5032 et
1522 4992 1712 5044 venae,
1746 4980 1803 5032 et
1850 4976 2160 5047 pelliculae,

509 5064 566 5117 et
583 5059 1081 5134 diaphragmata:
1104 5065 1255 5120 sitne
1276 5064 1503 5121 animal
1520 5065 1753 5121 nudum
1774 5080 1849 5121 an
1868 5066 2160 5138 pilosum:

508 5152 709 5206 utrum
737 5151 996 5221 ungulas
1026 5152 1333 5223 indivisas,
1365 5169 1441 5211 an
1469 5154 1655 5227 pedes
1681 5154 2010 5211 multiﬁdos
2056 5156 2162 5213 ha-

506 5239 831 5297 beatzitem
861 5244 1092 5313 quanto
1114 5245 1382 5315 tempore
1408 5244 1590 5311 vivat,
1612 5248 1668 5300 et
1695 5244 2006 5317 quomodo
2032 5245 2164 5303 alia;

507 5329 659 5387 alias
688 5330 976 5402 gignant:
1001 5330 1273 5405 quandiu
1303 5336 1563 5404 gestetur
1587 5333 1760 5401 fetus,
1776 5338 1832 5390 et
1853 5335 2165 5407 quomodo

578 5439 622 5474 ³¹
657 5437 863 5495 Ezech.
895 5455 953 5506 χ,
983 5442 1070 5524 14-τ
1166 5440 1213 5474 ³³
1245 5442 1264 5493 l
1300 5442 1430 5497 Cor.
1481 5456 1603 5509 xui,
1631 5441 1715 5496 t2.
1811 5443 1857 5477 ³³
1889 5441 2033 5499 ibid.
2079 5444 2168 5523 10.

578 5528 658 5670 ξιξ
697 5532 777 5585 Ex
812 5530 987 5602 epist.
1018 5546 1139 5611 xvi,
1170 5534 1256 5586 95.
1326 5600 1337 5611 _

602 5603 634 5652 2
694 5606 989 5670 ῐιροφήτου.
1055 5602 1149 5658 Sic
1196 5603 1337 5670 Regi

604 5601 653 5667 2)
694 5606 989 5681 Προγῂτου.
1055 5601 1149 5681 _Sic
1196 5601 1416 5672 Regius
1469 5601 1659 5659 codex
1718 5606 1875 5676 199?,

509 5682 700 5740 quam
730 5671 872 5728 éditi
901 5676 1208 5745 προσώπου.

1952 5604 2169 5663 melius

2270 4534 2363 4579 τοῦ
2424 4525 2722 4602 βρέγματος
2778 4525 2862 4579 ἐπὶ
2920 4529 2978 4579 τὸ
3034 4527 3243 4601 οὐραῖον
3296 4530 3323 4580 ό
3361 4526 3550 4601 μυελὸς
3605 4548 3896 4606 συμπαραο

2269 4620 2524 4670 τείνεταιο
2594 4615 2637 4669 εἰ
2684 4613 2768 4668 ἐπὶ
2828 4622 2890 4689 τῇ
2954 4624 3181 4692 περιοχῇ
3225 4623 3317 4670 τοῦ
3353 4614 3651 4693 νευρώδους
3710 4622 3893 4693 ὑμένος

2271 4716 2381 4769 τοῖς
2431 4710 2749 4779 κινουμένοις
2778 4705 2957 4779 μέλεσι
3010 4711 3104 4765 τὴν
3162 4707 3454 4780 ὁρμητικήν
3491 4703 3759 4762 ἐνδίδωσι
3800 4708 3888 4764 δύ-

2272 4818 2424 4871 ναμιν
2451 4814 2464 4828 ’
2508 4797 2551 4848 εἰ
2581 4798 2721 4849 ἔστιν
2752 4794 2800 4847 ἐν
2831 4795 2972 4868 αὐτῷ
3020 4799 3077 4848 τὸ
3109 4796 3274 4871 ἧπαρ,
3306 4800 3396 4850 xui
3446 4794 3768 4871 χοληδόχον
3798 4800 3887 4871 ἀγ·

2272 4894 2409 4959 γεῖον
2477 4885 2564 4938 ἐπί
2616 4892 2707 4938 τοῦ
2772 4888 2983 4955 ἥπατος,
3033 4890 3206 4959 νεφροί
3270 4905 3326 4940 τε
3381 4891 3472 4939 καὶ
3526 4884 3752 4959 καρδία,
3800 4895 3876 4940 καὶ

2273 4974 2542 5051 ἀρτηρίαι,
2600 4979 2691 5026 καὶ
2750 4973 2939 5046 φλέϐες,
2998 4976 3195 5048 ὑμένες,
3243 4980 3332 5027 καὶ
3383 4972 3794 5051 διαφράγματα·
3828 4977 3867 5028 εἰ

2272 5064 2422 5137 ψιλόν
2477 5063 2641 5133 ἐστιν,
2691 5064 2720 5123 ἦ
2777 5068 3134 5139 τετρίχωται·
3177 5069 3483 5137 μονώνυχόν
3514 5064 3685 5139 ἐστιν,
3717 5069 3744 5123 ἦ
3782 5084 3868 5117 πο-

2272 5152 2555 5228 λυσχιδεῖς
2587 5158 2695 5227 ἔχει
2729 5157 2823 5219 τὰς
2853 5153 3040 5228 βάσεις
3066 5177 3079 5190 ο
3119 5160 3282 5209 πόσον
3311 5153 3369 5209 6“:
3401 5154 3517 5229 βιοῖ
3542 5160 3633 5211 τὸν
3663 5162 3878 5232 χρόνον

2272 5249 2362 5299 καὶ
2411 5250 2491 5307 τίς
2543 5245 2770 5307 αὐτοῖςό
2799 5248 2983 5320 τρόπος
3031 5253 3127 5309 τῆς
3174 5245 3228 5309 ἐξ
3268 5245 3496 5305 ἀλλήλων
3552 5255 3847 5319 γεννήσεως
3875 5282 3893 5301 ο

2276 5334 2359 5389 ἐπὶ
2396 5338 2559 5387 πόσον
2601 5331 2661 5388 δι
2707 5337 2981 5388 κυῖσκεται
3032 5337 3091 5388 τὸ
3148 5340 3466 5409 τικτόμενον,
3498 5342 3591 5390 καὶ
3631 5346 3747 5403 πῶς
3780 5345 3898 5400 οὔτε

2351 5532 2900 5609 (3)·ῐΙροστιθεμξνογ.
2953 5532 3045 5589 Sic
3088 5535 3348 5609 uterque
3405 5532 3598 5592 codex
3658 5549 3781 5609 pro
3828 5554 3900 5597 eo

2281 5603 2447 5676 quod
2475 5603 2603 5662 erat
2631 5604 2693 5661 in
2723 5603 2895 5662 editis
2919 5603 3311 5679 προτιθεμένου.
