4084 6382
177 318 315 376 13ί3

175 530 284 584 ἀλλ’
328 534 377 586 οἱ
415 536 506 607 μεν
543 541 644 587 τῶν
682 539 862 608 χαμαὶ
903 535 1191 610 ἐρπομένων
1239 538 1396 608 εἰσὶν,
1430 543 1479 594 οἰ
1530 537 1586 595 δε
1638 539 1781 596 διαέ-

173 641 282 695 ριοι
321 626 579 698 φέρονται.
619 622 678 676 '0
718 628 888 677 τοίνυν
941 634 1041 678 τῶν
1093 625 1252 680 ὄντων
1305 633 1398 688 την
1438 639 1632 702 γνῶσιν
1677 631 1783 685 ἐπι-

178 713 495 784 κομπάζων,
563 716 688 774 τέως
732 717 826 773 τὴν
873 722 966 768 τοῦ
1025 719 1301 791 μύρμηκος
1354 721 1510 792 φῦσιν
1572 721 1780 774 εἰπάτωο

181 801 456 864 εἶθόῦτως
503 801 876 874 φυσιολογείτω
923 809 1016 863 τὴν
1049 808 1218 859 πάντα
1245 815 1363 860 νοῦν
1421 809 1784 883 ὑπερέχουσαν

183 885 426 963 δύναμιν.
461 891 520 945 Εἰ
559 888 618 944 δὲ
673 900 764 944 τοῦ
797 891 1146 967 βραχυτάτου
1202 899 1476 972 μύρμηκος
1510 902 1652 951 οῦπω
1698 918 1784 952 πε-

179 979 409 1051 ριέλαϐες
438 988 500 1054 τῇ
549 987 738 1053 γνώσει
778 987 872 1041 τὴν
927 986 1102 1055 φύσιν,
1136 993 1240 1046 πῶς
1270 991 1364 1045 τήν
1419 986 1784 1046 ἀκατάληπτον

179 1076 272 1121 τοῦ
302 1077 436 1124 Θεοῦ
465 1067 688 1144 δύναμιν
713 1071 1070 1145 μεγαλανχείς
1101 1077 1454 1147 φαντάζεσθαι
1482 1093 1495 1144 ;

257 1363 305 1414 5.
335 1361 404 1412 T6
425 1359 526 1433 γὰρ
573 1359 777 1412 οἴεσθαι
823 1367 915 1412 τοῦ
959 1358 1042 1414 ἐπὶ
1100 1363 1302 1414 πάντων
1330 1370 1464 1418 Θεοῦ
1491 1364 1652 1424 αὐτὴν
1691 1369 1786 1424 τὴν

181 1446 370 1500 οὐσίαν
428 1446 796 1522 ἱξευρηκὲναι,
854 1449 1048 1518 πολλῆς
1105 1453 1462 1526 ὑπερηφανίας
1519 1453 1633 1507 ἐστὶ
1698 1460 1787 1507 καὶ

182 1541 508 1608 φυσιώσεωςο
554 1533 755 1610 σχεδόν
805 1540 908 1614 γὰρ
947 1543 1036 1592 καὶ
1094 1540 1248 1592 αὐτόν
1298 1539 1696 1616 ἀποκρύπτουσι
1722 1551 1783 1616 τῇ

181 1625 542 1700 μεγαληγορίᾳ
628 1630 716 1679 τόν
797 1627 1003 1681 εἰπόντα
1033 1645 1046 1659 ⁸
1113 1628 1316 1681 Ἐπάνω
1392 1639 1493 1684 τῶν
1581 1631 1788 1708 ἄστρων

184 1716 417 1790 ϐήσομαι
463 1719 550 1768 τὸν
601 1717 776 1789 θρόνον
837 1736 961 1791 μου·
1009 1717 1130 1790 Οῦχ
1189 1720 1214 1771 6
1267 1723 1357 1794 μὲν
1400 1726 1564 1794 μέγας
1599 1719 1787 1794 Δαϐἱδ,

1135 318 1365 384 8ΕΒΜΟ
1399 319 1506 383 XV.
1535 356 1602 370 —
1632 327 1724 386 DE
1749 318 2038 388 ῙΗΡΕΒΙΟ
2068 329 2155 387 ΕΤ
2192 328 2608 388 POTESTATE.

174 443 326 505 πεζοὶ
390 444 578 508 πάντες
621 445 670 498 οἱ
720 445 1011 520 μύρμηκες,
1066 451 1180 502 οὔτε
1243 450 1526 527 ὑπόπτεροι
1571 454 1778 523 πάντες,
1814 460 1861 511 Α

3414 325 3553 392 4314

1893 469 2090 527 neque
2111 469 2323 512 omnes
2352 453 2618 511 formicas
2647 452 2960 526 pedestres
2979 453 3320 530 sint,neque
3337 472 3551 514 omnes

1893 542 2098 613 elatae;
2134 543 2242 601 sed
2269 542 2619 617 repentibus
2639 543 2810 600 humi
2849 542 3003 614 aliis,
3036 543 3168 601 alia;
3213 561 3320 619 per
3349 563 3552 604 aerem

1891 633 2180 691 ferantur.
2206 634 2318 700 Qui
2366 649 2510 705 ergo
2541 632 2616 690 de
2647 649 2858 690 eorum
2884 649 3021 707 qua:
3043 641 3181 692 sunt
3209 637 3552 707 cognitione

1895 723 2448 793 gloriatur,interim
2477 722 2744 780 formicae
2769 723 2946 780 nobis
2976 725 3229 798 explicet
3246 729 3549 797 naturam,
3636 725 3641 730 ’

1893 818 2074 885 atque
2099 813 2180 869 ita
2209 812 2458 868 demum
2487 813 2617 884 ejus
2647 813 2979 886 potestatis,
3011 830 3149 887 quae
3190 814 3553 873 intellectum

1893 915 2141 956 omnem
2162 905 2428 972 superat,
2451 905 2729 956 naturam
2755 903 3246 967 scrutetur.Quod
3275 903 3326 958 si
3355 903 3553 958 minu-

1894 988 2144 1044 tissimas
2173 987 2440 1044 formicas
2464 993 2742 1044 naturam
2784 988 3057 1044 nondum
3087 989 3426 1060 cognitione
3446 1005 3554 1063 ap-

1895 1076 2283 1149 prehendisti,
2345 1076 2657 1149 quomodo
2719 1077 3391 1150 incomprehensibilem
3452 1079 3555 1136 Dei

1895 1171 2177 1224 naturam
2234 1167 2668 1238 imaginatione
2717 1171 2821 1224 tua
2866 1168 3371 1241 comprehensam
3423 1183 3554 1226 esse

1895 1256 2170 1327 gloriaris
2186 1257 2214 1312 ?

1968 1369 2020 1420 5.
2053 1364 2130 1435 (3)
2163 1366 2374 1420 Putare
2405 1363 2566 1419 enim
2605 1379 2667 1419 se
2717 1363 2838 1430 Dei,
2869 1364 2974 1445 qui
3003 1381 3186 1438 super
3214 1366 3421 1422 omnia
3440 1368 3550 1433 est,

1898 1451 2302 1509 substantiam
2329 1451 2530 1524 ipsam
2561 1451 2968 1524 adinvenisse,
2993 1469 3231 1523 magna
3258 1453 3554 1526 superbia:

1897 1547 1988 1598 est
2012 1547 2193 1614 atque
2231 1541 2543 1609 elationis;
2578 1541 2698 1597 fere
2723 1542 2883 1597 enim
2933 1543 3225 1613 jactantia
3270 1546 3557 1616 superant

1897 1629 1994 1688 vel
2021 1630 2188 1686 illum
2210 1629 2432 1703 ipsum,
2462 1629 2568 1703 qui
2589 1629 2738 1686 dixit
2760 1647 2772 1686 :
2796 1629 2992 1700 Super
3017 1637 3187 1688 astra
3222 1647 3444 1702 ponam
3473 1646 3556 1688 se-

1900 1719 2032 1776 dem
2048 1721 2537 1776 meam3‘.Nonne
2558 1734 2819 1790 magnus
2852 1718 2947 1775 ille
2973 1719 3292 1791 David,§cui
3323 1719 3557 1778 occulta

184 1805 224 1874 ᾧ
255 1807 322 1857 τὰ
348 1800 526 1864 ἄδηλα
549 1810 641 1858 καὶ
679 1809 746 1858 τὰ
782 1809 980 1882 κρύφια
1003 1815 1097 1870 τῆς
1137 1806 1321 1861 ἑαυτοῦ
1355 1815 1538 1882 σοφίας
1584 1808 1788 1870 ἐδήλω-

1907 1808 2380 1879 absconditaque
2431 1825 2556 1864 suae
2586 1808 2893 1881 sapientiae
2927 1811 3080 1865 Deus
3126 1808 3555 1876 manifestavit,

186 1911 272 1946 σεν
303 1895 328 1946 ό
360 1897 490 1956 Θεὸς
523 1938 539 1963 ,
580 1903 806 1971 φανερῶς
839 1894 1085 1968 ὁμολογεῖ
1129 1906 1220 1958 τῆς
1249 1903 1484 1969 γνώσεως
1533 1903 1590 1952 1'6
1622 1897 1789 1973 ἀπρό-

190 2000 381 2054 σιτοςν,
447 1982 647 2054 λέγων·
718 1983 1137 2057 Ἐθαυμαστώθη
1206 1987 1236 2044 ἡ
1311 1992 1507 2058 γνωσίς
1597 2007 1693 2042 σου
1739 1988 1792 2052 ἐξ

188 2070 315 2144 ἐμοῦ
347 2087 362 2140 ;
401 2070 623 2133 Ἱίσαίας
655 2068 714 2125 δε
743 2116 759 2144 ,
785 2073 884 2125 όὶν
927 2075 1116 2147 θεωρία
1174 2083 1269 2138 τῆς
1307 2071 1468 2139 δόξης
1518 2085 1610 2129 τοῦ
1658 2086 1792 2131 Θεοῦ

185 2164 474 2234 γενόμενος,
506 2165 560 2214 τί
596 2166 715 2236 περὶ
760 2171 856 2224 τῆς
914 2165 1054 2226 θείας
1102 2163 1283 2226 οὐσίας
1321 2162 1580 2225 ἐδήλωσεν
1619 2169 1745 2240 ἡμῖν
1776 2185 1790 2234 ;

186 2252 242 2314 ὃς
272 2269 332 2323 γε
357 2250 406 2304 ἓν
435 2259 498 2325 τῇ
548 2257 668 2327 περὶ
718 2260 812 2305 τοῦ
863 2261 1099 2328 Χριστοῦ
1154 2261 1444 2330 προφητείᾳ
1491 2253 1792 2333 διαμαρτύ-

182 2358 366 2413 ρεται,
419 2339 617 2413 λέγων·
669 2345 775 2401 Τὴν
839 2344 1015 2414 γενεὰν
1071 2343 1232 2397 αὑτοῦ
1285 2350 1360 2406 τίς
1430 2342 1790 2418 διηγήσεται;

181 2432 248 2483 Τί
307 2425 366 2482 δε
411 2432 468 2482 1'6
527 2437 712 2491 σκεῦος
764 2437 860 2492 τῆς
902 2430 1119 2504 ἐκλογῆς
1173 2433 1408 2502 Παῦλος,
1465 2436 1491 2486 ό
1537 2433 1794 2488 λαλοῦντα

184 2521 322 2591 ἔχων
362 2517 410 2570 ἕν
444 2518 610 2592 ἐαυτῷ
673 2522 761 2572 τόν
813 2524 1118 2595 Χριστόν,ό
1165 2523 1254 2585 ἕως
1311 2529 1490 2600 τρίτου
1545 2523 1792 2598 ἁρπαγεὶς

184 2607 486 2683 οῦρανοῦ,ό
531 2611 596 2660 τὰ
640 2607 845 2683 ἄρρητα
894 2609 1123 2672 ἀκούσας
1174 2613 1408 2686 ῥήματα,
1461 2613 1495 2664 ἆ
1550 2613 1644 2666 οῦκ
1683 2613 1791 2677 ἐξόν

184 2696 442 2768 ἀνθρώπῳ
488 2695 737 2762 λαλῆσαι,
778 2701 894 2750 τίνα
942 2700 1068 2770 ἡμῖν
1098 2705 1214 2774 περὶ
1245 2701 1430 2764 οῦσίας
1461 2709 1594 2755 Θεοῦ
1626 2698 1790 2755 διδα-

189 2784 409 2838 σκαλίαν
442 2783 671 2859 ausim;
702 2783 797 2849 ’ος
852 2806 927 2858 γε,
972 2789 1055 2840 ὅτε
1105 2787 1174 2850 εἰς
1235 2793 1352 2852 τοῦς
1418 2795 1657 2866 μερικοῦς
1701 2796 1792 2852 τὴς

189 2874 484 2947 οἰκονομίας
517 2871 735 2946 διέκυψε
761 2876 836 2948 (1)
867 2875 1048 2949 λόγους
1071 2921 1085 2948 ,
1141 2879 1292 2931 οἰονεὶ
1336 2878 1634 2952 ἰλιγγιάσας
1662 2885 1792 2956 πρὸς

187 2967 248 3018 1'6
291 2971 388 3028 τῆς
428 2966 638 3038 θεωρίας
687 2960 1088 3039 ἁδιεξόδευτον,
1158 2965 1352 3026 ἐκείνην
1410 2967 1650 3032 ἑξεϐόησε
1698 2976 1793 3029 τὴν

189 3059 356 3128 φωνήν
389 3071 402 3086 ο
471 3053 542 3107 Ὠ
607 3052 775 3126 βάθος
828 3055 1055 3109 πλούτου
1111 3062 1201 3110 καὶ
1278 3063 1461 3131 σοφίας
1525 3064 1614 3112 καὶ
1653 3064 1791 3132 γνώ-

1900 1897 2106 1972 palam
2134 1897 2450 1954 conﬁtetur
2461 1897 2831 1954 inaccessam
2844 1913 2976 1954 esse
2988 1897 3557 1970 cognitionem,cum

1900 1988 2042 2044 dicit
2057 2005 2069 2042 :
2084 1989 2379 2044 Mirabitis
2398 1988 2572 2057 facta
2603 1993 2688 2044 est
2704 1987 2872 2061 557
2891 1989 3139 2045 scientia
3155 1993 3260 2045 tua
3273 2003 3348 2045 ea:
3373 2004 3463 2046 me
3484 1989 3552 2044 ⁸³.

1900 2076 2087 2134 Isaias
2118 2082 2344 2142 autem,
2374 2077 2479 2149 qui
2508 2077 2886 2148 majestatem
2919 2076 3018 2133 Dei
3066 2076 3412 2148 speculatus
3441 2082 3554 2148 est,

1901 2166 2048 2241 quid
2070 2166 2246 2223 nobis
2266 2167 2341 2222 de
2365 2166 2570 2224 divina
2591 2165 3268 2223 substantiadeclaravit
3283 2169 3312 2224 ‘I
3337 2181 3556 2239 nempe

1903 2271 2043 2311 cum
2086 2254 2161 2311 de
2196 2255 2426 2311 Christo
2455 2253 2832 2327 prophetiam
2865 2253 3004 2321 edit,
3036 2258 3287 2310 testatur
3304 2255 3398 2310 his
3425 2271 3558 2312 ver-

1901 2345 2032 2401 bis:
2068 2345 2521 2401 Generationem
2575 2346 2704 2414 ejus
2757 2347 2890 2416 quis
2946 2343 3256 2400 enarrabit
3277 2345 3374 2400 3°?
3403 2343 3558 2411 Quid

1901 2449 2046 2490 vero
2076 2449 2184 2490 vas
2209 2432 2513 2489 electionis
2540 2431 2761 2489 Paulus
2781 2434 2852 2501 ³⁷,
2891 2433 2994 2505 qui
3020 2431 3366 2505 loquentem
3403 2433 3465 2488 in
3492 2448 3558 2490 se

1901 2523 2168 2580 habebat
2197 2523 2494 2579 Christum
2518 2525 2585 2591 ³³,
2618 2523 2721 2597 qui
2743 2522 2822 2580 ad
2850 2522 3089 2580 tertium
3115 2537 3309 2596 usque
3337 2522 3557 2580 caelum

1901 2617 2112 2686 raptus
2143 2612 2360 2686 est,qui
2403 2627 2629 2669 arcana
2653 2611 2882 2668 audivit
2915 2611 3265 2684 verba,quae
3286 2611 3560 2669 nonlicet

1900 2701 2130 2758 homini
2189 2701 2355 2774 loqui
2382 2703 2451 2769 ³³,
2483 2717 2672 2774 quam
2711 2701 2886 2757 nobis
2934 2701 3009 2757 de
3060 2701 3403 2757 substantia
3457 2701 3557 2757 Dei

1901 2790 2240 2848 doctrinam
2254 2790 2528 2863 reliquit?
2548 2792 2646 2846 Hic
2660 2789 2737 2847 ad
2752 2789 3143 2863 particulares
3166 2789 3557 2846 Providentia:

1901 2880 2162 2936 rationes
2189 2896 2327 2935 cum
2351 2881 2733 2952 respexisset,
2769 2878 2927 2935 velut
2954 2878 3244 2949 vertigine
3266 2877 3556 2935 laborans

1900 2974 2147 3041 propter
2166 2967 2632 3041 insuperabilem
2654 2966 3104 3040 contemplandi
3123 2966 3555 3037 difﬁcultatem,

1903 3057 1986 3114 sic
2007 3057 2332 3115 exclamat:
2351 3059 2398 3114 0
2417 3057 2672 3115 altitudo
2699 3058 3051 3114 divitiarum
3074 3058 3454 3128 etsapientice
3501 3063 3557 3114 et

190 3161 322 3206 σεως
380 3142 560 3198 Θεοῦι
617 3145 685 3207 ὡς
769 3143 1135 3221 ἀντξερεῦνητα
1198 3149 1264 3199 τὰ
1301 3151 1534 3224 κρίματα
1609 3147 1789 3216 αὑτοῦ,

1907 3149 2262 3219 cognitionis
2298 3149 2439 3205 Dei!
2463 3163 2642 3220 quam
2683 3145 3109 3204 inscrutabitia
3149 3151 3288 3203 sunt
3317 3146 3558 3217 judicia

185 3235 278 3284 xui
310 3230 698 3304 ἀνεξιχνίαστοι
747 3235 801 3286 αἱ
845 3229 963 3287 ὁδοί
1014 3235 1212 3289 αὑτοῦί
1246 3236 1306 3289 Εἰ
1363 3233 1421 3289 δε
1469 3244 1635 3290 ταῦτα
1689 3244 1792 3298 τοῖς

192 3320 268 3384 εἰς
315 3325 375 3374 τὸ
439 3331 536 3384 τῆς
591 3321 798 3375 Παύλου
851 3330 1087 3395 γνώσεως
1143 3327 1464 3398 πεςοθακόσιν
1525 3325 1790 3400 ἀνέφικτα,

185 3414 348 3472 πόσος
395 3412 422 3463 ό
469 3419 622 3484 τῦφος
652 3421 752 3464 τῶν
785 3413 1208 3487 παγγελλομένων
1258 3413 1451 3468 εἰδέναι
1516 3425 1608 3470 τοῦ
1660 3425 1793 3471 Θεοῦ

187 3503 284 3558 τήν
311 3499 529 3567 οῦσίαν;
559 3501 666 3562 Οὓς
706 3497 878 3564 ἡδέως
931 3503 993 3555 οἷν
1045 3502 1370 3578 ἐρωτήσαιμι
1400 3510 1518 3578 περὶ
1564 3514 1658 3568 τῆς
1694 3515 1794 3578 γῆς

191 3589 273 3662 ἐφ’
307 3591 369 3652 ἧς
400 3589 609 3658 ἱστᾶσι,
637 3595 728 3642 καὶ
776 3589 860 3663 ἀφ’
892 3592 951 3653 ἧς
995 3598 1268 3664 γεγόνασι,
1299 3599 1352 3647 τί
1390 3614 1513 3648 ποτε
1557 3594 1792 3668 λέγουσι,

190 3683 312 3732 τίνα
342 3679 502 3741 αὐτῆς
552 3684 646 3738 τὴν
695 3679 879 3733 οῦσίαν
931 3681 1332 3754 ἑπαγγελλουσιν
1388 3685 1533 3757 ἡμῖν·
1592 3686 1674 3736 ἱνα
1713 3683 1796 3738 ἐὰν

189 3770 298 3840 ἄρα
351 3772 468 3843 περὶ
514 3776 610 3820 τῶν
681 3775 860 3842 χαμαὶ
911 3775 1001 3824 καὶ
1050 3773 1150 3824 ὑπό
1189 3781 1296 3834 τοῖς
1348 3778 1476 3826 ποσὶ
1554 3780 1796 3847 κειμένων

191 3855 571 3932 ἀναντιρῤἡτως
605 3860 728 3930 ἡμῖν
767 3855 1096 3932 διαλεχθώσι
1122 3903 1136 3928 ,
1174 3866 1289 3915 τότε
1341 3862 1517 3925 αὐτοῖς
1561 3868 1650 3916 καὶ
1679 3868 1797 3937 περὶ

192 3954 296 3999 τὼν
358 3945 589 4000 ὶπὲκεινα
640 3949 813 4010 πάσης
887 3948 1080 4011 ἐννοίας
1141 3949 1535 4025 διατεινομένοις
1586 3955 1797 4005 πιστεῦ-

195 4054 393 4109 σωμεν.
427 4041 528 4090 Καὶ
585 4038 758 4113 ὥσπερ
813 4043 972 4111 φασὶν
1001 4081 1014 4107 ,
1057 4041 1136 4092 ὅτι
1186 4037 1362 4114 Ἀδὰμ
1400 4039 1454 4093 ἐκ
1503 4049 1593 4112 τοῦ
1648 4047 1796 4111 Θεοῦ,

192 4126 348 4197 ἡμεῖς
386 4125 572 4187 αῦτοῦς
622 4125 960 4202 ἐρωτήσωμεν
991 4173 1006 4200 ,
1040 4130 1066 4181 ό
1099 4133 1226 4193 Θεός
1258 4129 1312 4182 ἐκ
1366 4135 1498 4192 τίνος
1524 4130 1545 4198 ’;
1606 4126 1686 4207 ἆρ’
1739 4130 1798 4183 οῦ

194 4219 480 4291 προχείρου
507 4213 620 4268 ἔστι
673 4225 735 4290 τῇ
794 4217 1016 4271 ἑκάστου
1072 4215 1280 4294 διανοίᾳ
1306 4219 1386 4272 ότι
1439 4219 1492 4277 ἐξ
1538 4217 1796 4287 οῦδενός;

190 4306 255 4356 1'6
287 4299 346 4356 di
398 4303 451 4368 ἐξ
505 4301 751 4377 οῦδενὸς,
791 4311 850 4359 τὸ
895 4308 1128 4382 ἄναρχόν
1186 4308 1298 4362 ἐστι
1360 4305 1620 4368 δηλονότι·
1651 4313 1708 4362 τό
1740 4306 1800 4362 δὲ

192 4393 454 4466 ἄναρχον,
490 4396 548 4445 τό
604 4392 901 4465 ἀγέννητον.
940 4396 1027 4459 Ὠς
1085 4393 1172 4450 οὖν
1239 4396 1316 4451 ἐπ’
1368 4397 1649 4476 ἀνθρώπων
1707 4399 1800 4452 οὐκ

193 4476 262 4537 ἦν
283 4479 439 4532 οὐσία
480 4483 538 4532 τό
589 4479 642 4532 ἐκ
687 4486 844 4549 τινός,
879 4484 1038 4546 οὕτως
1068 4483 1191 4539 οῦδὲ
1230 4485 1315 4539 ἐπὶ
1364 4495 1498 4540 Θεοῦ
1536 4497 1634 4540 τῶν
1675 4487 1801 4540 ὅλων

193 4564 384 4619 οὐσίαν
431 4569 574 4620 ἔστιν
628 4567 824 4638 εἰπεῖν,
857 4574 916 4623 τὸ
975 4572 1027 4634 ἐξ
1081 4569 1320 4635 οὐδενός·
1357 4576 1477 4650 ὅπερ
1532 4579 1646 4627 ἶσον
1689 4575 1803 4629 ἐστὶ

191 4662 272 4726 τῷ
317 4655 415 4726 (2),
472 4654 848 4728 ἀγένητος-Ὀ
913 4656 972 4713 δὲ
1027 4663 1084 4714 τὸ
1140 4663 1374 4738 ἄναρχον
1433 4664 1617 4716 οῦσίαν
1675 4663 1805 4718 εἶναι

191 4743 378 4816 λέγων,
404 4746 772 4821 παραπλήσιον
824 4757 1006 4818 ποιεῖ,
1064 4749 1238 4825 ὣσπερ
1287 4753 1349 4805 ἄν
1403 4756 1447 4806 εἰ
1489 4773 1565 4815 τις
1604 4752 1805 4830 ἐρωτὼ-

191 4851 368 4908 μενος,
403 4839 483 4897 τίς
519 4837 548 4895 ἡ
582 4845 675 4890 τοῦ
718 4834 896 4912 Ἀδὰμ
939 4838 1117 4909 οῦσία,
1159 4845 1250 4894 καὶ
1270 4846 1348 4905 τίς
1379 4844 1408 4902 ἡ
1455 4845 1604 4916 φύσις
1644 4844 1804 4918 αὐτῷ,

192 4928 228 4978 ὀ
260 4919 319 4976 δε
348 4922 702 5000 ἀποκρίνοιτό,
732 4932 802 5000 μὴ
843 4927 898 4980 ἐκ
952 4925 1292 5006 συνδυασροῦ
1337 4928 1527 5006 ἀνδρὸς
1571 4937 1660 4986 καὶ
1719 4955 1812 5005 γυ·-

191 5016 401 5083 ναικός,
434 5013 545 5067 ἀλλ’
584 5013 639 5067 ἐκ
676 5024 769 5078 τῆς
819 5019 954 5080 θείας
986 5023 1166 5095 χειρός
1206 5016 1620 5082 διαπλασθῆναι.
1661 5030 1812 5080 Ποίος

188 5099 292 5158 οὖν
336 5107 412 5158 ἔτι
478 5109 671 5178 τρόπος
716 5115 813 5168 τῆς
881 5114 1125 5180 γνώσεως
1179 5109 1549 5180 ῦπολείπεται;
1596 5111 1814 5187 ἀποκρι-

1903 3240 1960 3309 ej
1966 3244 2112 3307 us,ct
2143 3238 2703 3309 investigabilesviz
2715 3239 2842 3307 ejus
2857 3235 2932 3291 ‘0!
2954 3235 3126 3302 Quod
3141 3235 3192 3291 si
3205 3235 3425 3292 haecilli
3443 3235 3559 3310 ipsi

1902 3327 2005 3400 qui
2037 3327 2114 3383 ad
2135 3326 2540 3398 cognitionem
2572 3325 2736 3382 Pauli
2752 3324 3418 3398 pervenerunt,assequi
3434 3339 3558 3382 non

1902 3420 2190 3490 possunt;
2223 3422 2453 3489 quanta
2483 3422 2571 3473 est
2627 3414 2911 3488 superbia
2939 3430 3172 3482 eorum,
3192 3414 3298 3486 qui
3329 3429 3391 3470 se
3419 3413 3559 3470 sub-

1904 3506 2183 3562 stantiam
2203 3506 2303 3562 Dei
2321 3505 2675 3579 profitentur
2691 3520 3056 3575 cognoscere
3072 3505 3098 3559 ?
3117 3506 3276 3570 Quos
3293 3502 3561 3576 proiecto

1903 3595 2099 3652 libens
2157 3594 2651 3668 interrogaverim
2681 3594 2978 3667 quidnam
3023 3593 3098 3650 de
3137 3598 3292 3650 terra
3337 3593 3400 3650 in
3437 3608 3562 3667 qua

1906 3690 2378 3752 commorantur,
2402 3689 2458 3740 et
2505 3699 2578 3739 ex
2616 3700 2739 3756 qua
2768 3682 2892 3739 nati
2923 3688 3080 3753 sunt,
3114 3681 3337 3748 dicant,
3369 3696 3560 3754 quam

1906 3774 2037 3846 ejus
2065 3773 2240 3830 nobis
2265 3778 2572 3846 exponant
2603 3771 3041 3828 substantiam:
3068 3775 3130 3827 ut
3152 3770 3199 3826 si
3225 3770 3299 3827 de
3326 3770 3398 3826 iis
3423 3786 3560 3843 quae

1905 3861 2074 3918 humi
2097 3866 2238 3916 sunt
2261 3877 2332 3916 ac
2355 3860 2614 3932 pedibus
2646 3859 2982 3930 subjacent,
3016 3864 3174 3915 certo
3215 3857 3562 3914 indubitan-

1908 3957 2114 4024 terque
2134 3949 2454 4016 disserant,
2477 3954 2620 4005 tunc
2662 3947 2746 4004 eis
2789 3963 3056 4021 quoque,
3088 3963 3226 4003 cum
3258 3946 3333 4003 de
3378 3947 3562 4004 rebus

1907 4041 2270 4098 intellectum
2303 4055 2549 4095 omnem
2585 4037 3011 4110 superantibus
3037 4037 3392 4093 sententiam
3422 4053 3563 4110 pro-

1907 4129 2315 4195 ferunt,ﬁdem
2339 4127 2698 4185 habeamus.
2731 4129 2795 4184 Et
2820 4124 3566 4200 sicutinquiunt,(i).Quod

1908 4220 2104 4277 Adam
2143 4234 2179 4274 a
2210 4219 2329 4274 Deo
2359 4222 2450 4273 est
2478 4233 2490 4270 :
2521 4218 2602 4274 ita
2629 4215 3159 4288 interrogabimus,
3193 4217 3346 4271 Deus
3376 4231 3413 4272 a
3441 4230 3564 4287 quo

1909 4309 2042 4367 est?
2072 4323 2276 4364 nonne
2295 4306 2776 4380 uniuscujusque
2798 4311 2996 4362 mente
3019 4309 3370 4378 promptum
3392 4303 3569 4360 fuerit

1909 4397 2298 4472 respondere,
2323 4411 2396 4452 ex
2435 4395 2600 4453 nullo
2623 4395 2650 4451 ?
2693 4395 2859 4468 quod
2895 4398 3097 4452 autem
3136 4409 3210 4449 ex
3255 4391 3421 4449 nullo
3453 4396 3565 4462 est,

1834 4515 1877 4567 ι)
1912 4490 2115 4560 utique
2157 4485 2285 4541 sine
2334 4485 2632 4558 principio
2667 4489 2754 4540 est
2786 4488 2879 4540 :et
2920 4482 3088 4557 quod
3117 4483 3242 4538 sine
3269 4481 3566 4554 principio

1911 4581 2017 4647 est,
2045 4575 2106 4631 id
2127 4574 2460 4645 ingenitum
2478 4579 2585 4630 est.
2603 4573 2766 4631 Sicut
2783 4588 2924 4645 ergo
2945 4572 3005 4628 in
3030 4571 3382 4628 hominibus
3398 4571 3568 4641 origo

1914 4682 1987 4721 ex
2017 4663 2243 4736 aliquo,
2263 4678 2387 4719 non
2421 4668 2514 4720 est
2556 4678 2767 4719 eorum
2828 4660 3090 4718 essentia
3119 4677 3132 4714 :
3165 4658 3248 4716 sic
3283 4674 3480 4733 neque
3505 4659 3568 4716 in

1917 4757 2038 4811 Deo
2063 4753 2482 4809 universorum
2495 4769 2567 4808 ex
2579 4751 2745 4808 nullo
2759 4749 3080 4822 esse,quod
3101 4749 3262 4805 idem
3279 4753 3372 4806 est
3386 4754 3568 4821 atque

1918 4842 2411 4914 ingenitum,ejus
2439 4842 2762 4897 essentiam
2792 4839 2988 4895 dicere
3013 4853 3370 4912 possumus.
3389 4841 3568 4895 Porro

1920 4949 2051 4989 esse
2079 4932 2206 4988 sine
2234 4930 2528 5004 principio
2585 4927 2906 4986 essentiam
2961 4943 3095 4984 esse
3124 4927 3227 5000 qui
3257 4927 3420 4997 dicit,
3446 4943 3570 4984 non

1921 5021 2092 5079 aliter
2111 5019 2275 5090 facit,
2305 5035 2377 5076 ac
2407 5018 2456 5074 si
2484 5018 2618 5091 quis
2648 5017 3048 5088 interrogatus
3092 5033 3228 5090 quae
3275 5015 3450 5073 fuerit
3477 5034 3570 5073 cs-

1922 5111 2116 5169 sentia
2134 5109 2297 5177 Adae,
2329 5112 2387 5165 et
2419 5124 2555 5181 qua:
2576 5106 2765 5182 ipsius
2797 5106 3425 5179 natura,respondeat,
3448 5120 3572 5162 non

189 5195 483 5248 νάσθωσαν
538 5196 665 5268 ἡμῖν
721 5199 771 5249 οἱ
823 5205 1250 5273 περιφρονοῦντες
1292 5201 1384 5274 μὲν
1439 5202 1610 5256 πάντα
1648 5204 1716 5256 τὰ
1761 5201 1795 5255 it

1923 5217 1997 5259 ex
2025 5200 2186 5258 coitu
2210 5197 2322 5255 viri
2351 5203 2406 5255 et
2435 5196 2719 5260 mulieris,
2754 5195 2860 5253 sed
2888 5195 3094 5254 divina
3117 5211 3308 5253 manu
3329 5194 3570 5252 confor-

275 5301 324 5338 “
365 5305 478 5367 lsa,
503 5318 620 5368 xw,
653 5307 734 5358 l3.
812 5306 858 5340 ³⁵
891 5304 1050 5363 Psal.
1083 5321 1346 5374 CXXXVIII,
1379 5313 1438 5365 6.

199 5377 295 5432 24.
375 5375 424 5410 ⁸ο
455 5376 624 5431 Rom.
658 5391 738 5450 xl,
765 5379 854 5434 33.

235 5549 245 5559 ,
280 5478 353 5560 (1,)
394 5481 1100 5560 Διέξιυψξηβξοιροηιθιίιιε
1128 5491 1185 5546 et
1214 5487 1429 5559 Regius
1460 5487 1654 5546 codex
1677 5503 1809 5546 me-

204 5547 372 5608 lio’ri’s
400 5547 732 5612 notae'Editi
757 5553 1040 5610 ἐδείκνυτο.

282 5621 361 5693 (2)
399 5620 558 5696 Ὀπερ
599 5628 713 5680 ἶσον
767 5627 880 5683 ἐστὶ
926 5629 1212 5702 τῷ.ΙιίθῐΠ
1264 5631 1457 5691 codex
1513 5631 1649 5709 ᾧπερ
1693 5633 1805 5687 ἴσον

1523 5310 1572 5346 ³⁸
1603 5312 1719 5379 lsa,
1747 5326 1861 5382 LIII,
1894 5314 1948 5368 8.

2024 5311 2068 5345 ³⁷
2104 5310 2231 5365 Act.
2260 5322 2342 5379 1x,
2379 5310 2466 5363 15.
2545 5305 2592 5341 ⁸⁸
2633 5307 2677 5360 ll
2704 5308 2835 5362 Cor.
2865 5320 2983 5377 xm,
3014 5309 3067 5363 3.
3145 5302 3192 5340 39
3221 5304 3266 5359 ll
3307 5305 3436 5360 Cor.
3471 5302 3569 5371 xii,

1917 5504 2184 5631 “(6)13;
2212 5555 2314 5631 lib.
2347 5556 2632 5614 adversus
2659 5555 3045 5624 Eunomium,
3068 5553 3192 5612 224.

1987 5629 2063 5705 (4)
2105 5629 2278 5701 lbid.,
2309 5633 2431 5687 227.
