4084 6452
182 362 313 415 1317

174 488 291 543 ταῖς
336 488 553 557 τροφαῖς
604 481 937 554 αὐταρκείας.
994 480 1408 552 Ἐναπομεινάτω
1457 479 1600 550 αύτῷ
1647 480 1780 531 ὑπο-
1811 482 1857 533 Α

176 575 423 643 μνήματα
482 578 813 643 Χριστιανῶν
868 569 1149 643 τραπέζης,
1210 573 1300 621 καὶ
1356 570 1781 639 ἀνεπαισχύντου

179 656 273 712 διὰ
303 664 535 733 Χριστόν
574 663 861 730 πτωχείας.
904 655 964 711 Εἰ
1011 653 1070 711 δὲ
1108 657 1167 709 ού
1206 658 1468 731 προσέξει,
1515 656 1644 709 ἀλλὰ
1687 676 1783 708 κα·

175 748 477 821 ταγελάσει,
520 744 759 823 δεύτερον
796 749 922 818 ἡμῖν
961 746 1056 799 οὐκ
1101 745 1347 819 ὀχλήσει.
1379 750 1448 800 Τὸ
1496 749 1598 818 γὰρ
1640 764 1785 820 περι-

175 843 384 913 τρέχειν
444 840 583 910 ημᾶς
636 833 1063 909 διερευνωμένους
1118 838 1185 888 τὰ
1225 840 1297 909 μὴ
1346 839 1474 911 πρὸς
1521 839 1579 889 τὸ
1628 833 1783 906 ἀναγ-

175 935 323 979 καῖον
367 933 479 986 ταῖς
520 929 730 998 χρείαις
770 923 1175 996 ἐπιζητούμενα,
1206 921 1336 975 ἀλλὰ
1379 927 1509 997 πρὸς
1547 927 1642 982 τὴν
1674 922 1784 976 ὀλε-

180 1017 328 1089 θρίαν
394 1010 592 1073 ἡδονὴν
656 1018 748 1065 καὶ
814 1011 1074 1086 βλαϐερὰν
1130 1007 1430 1076 κενοδοξίαν
1495 1031 1786 1086 περινενοη-

174 1110 322 1178 μένα,
383 1104 440 1156 ού
486 1108 639 1176 μόνον
690 1102 918 1175 αἰσχρόν
965 1104 1090 1175 ἡμῖν
1138 1106 1228 1154 καὶ
1264 1100 1598 1173 ἀσύμφωνον,
1656 1100 1784 1154 ἀλλά

174 1200 267 1248 καὶ
307 1192 508 1266 βλάϐην
549 1195 672 1263 ἔχον
713 1191 772 1243 ού
811 1196 906 1249 τὴν
939 1198 1234 1263 τυχοῦσαν,
1263 1192 1381 1243 ὅταν
1419 1192 1467 1243 οἱ
1496 1198 1785 1265 τρυφῶντες

176 1289 267 1336 καὶ
315 1289 431 1344 ταῖς
470 1278 689 1341 ἡδοναῖς
728 1289 824 1342 τῆς
871 1283 1104 1355 γαστρός
1140 1285 1236 1338 τὴν
1274 1283 1644 1352 μακαριότητα
1668 1281 1783 1352 ὀρι-

178 1374 406 1446 ζόμενοι,
451 1376 571 1444 περὶ
614 1372 709 1432 τὰς
751 1369 915 1432 αὐτὰς
958 1366 1242 1443 φροντίδας
1296 1374 1387 1421 καὶ
1433 1370 1574 1440 ἡμᾶς
1620 1370 1785 1442 ὁρῶσι

178 1465 571 1537 στρεφομένους,
628 1464 747 1534 περὶ
803 1458 864 1521 ἃς
919 1457 1101 1510 ἐκεῖνοι
1154 1457 1451 1515 ἐπτόηνται.
1495 1457 1786 1518 Ἐσθίοντες

177 1549 260 1618 δὲ,
303 1556 371 1624 μὴ
413 1549 570 1625 ἀργὸν
605 1552 693 1601 τὸν
729 1556 848 1601 νοῦν
890 1547 940 1600 ἐν
983 1555 1046 1620 τῇ
1087 1552 1207 1621 περὶ
1247 1555 1380 1600 Θεοῦ
1430 1545 1596 1619 ἐννοίᾳ
1642 1548 1786 1621 ἔχω-

175 1659 290 1712 μεν,
324 1638 453 1691 ἀλλὰ
486 1638 649 1696 αὐτὴν
698 1646 797 1689 τῶν
847 1635 1141 1711 βρωμάτων
1189 1640 1285 1694 τὴν
1333 1638 1510 1708 φύσιν,
1553 1640 1644 1687 καὶ
1692 1639 1787 1693 τὴν

173 1736 270 1780 τοῦ
338 1723 733 1798 ὑποδεχομένου
812 1730 1047 1796 σώματος
1120 1727 1470 1793 κατασκευὴν,
1549 1721 1787 1795 ἀφορμὴν

1068 355 1297 413 SERMO
1336 348 1483 409 XVI.
1523 385 1593 395 —
1635 356 1723 410 DE
1763 352 2090 410 [NGLUVIE
2128 352 2214 407 ET
2253 351 2653 408 EBRIETATE.

3409 353 3547 409 1318

1894 491 2032 548 quae
2062 475 2115 532 ei
2137 491 2335 531 sermo
2354 490 2479 531 non
2505 475 2824 547 persuasit,
2846 478 2904 531 ct
2926 474 3285 546 frugalitatis
3304 476 3366 532 in
3392 476 3545 532 escis

1892 564 2207 649 servandas
2227 563 2488 620 formam
2505 569 2562 620 et
2577 563 2883 636 exemplar
2906 564 3176 637 accipiat.
3196 567 3471 621 Maneant
3485 564 3545 620 in

1892 651 2029 725 ipso
2077 659 2476 708 monumenta
2521 668 2753 708 mensa
2796 652 3288 723 Christianorum,
3319 660 3377 709 et
3417 654 3549 724 ejus

1892 740 2285 813 paupertatis,
2316 757 2451 814 quae
2485 741 2697 798 Christi
2736 758 2923 799 causa
2951 742 3097 798 citra
3124 740 3548 797 verecundiam

1892 829 2250 903 perferenda
2272 835 2383 886 est.
2415 830 2588 897 Quod
2613 830 2663 887 si
2690 831 2785 887 bis
2807 830 2904 887 ille
2929 830 3179 887 minime
3204 845 3551 887 commove-

1891 917 2073 987 bitur,
2106 935 2178 975 ac
2204 919 2405 991 potius
2442 918 2758 985 deridebit,
2778 936 2988 976 rursus
3016 920 3194 976 nobis
3228 935 3353 976 non
3391 918 3553 975 exhi-

1892 1005 2130 1065 biturus
2147 1011 2235 1063 est
2256 1006 2622 1063 molestiam.
2639 1009 2715 1080 (2)
2745 1011 2894 1064 Nam
2911 1009 3384 1065 circumcursare
3413 1022 3551 1070 nos.

1893 1112 1965 1153 ac
2001 1096 2362 1167 investigare
2390 1111 2464 1153 ea
2492 1113 2628 1169 quae
2654 1112 2779 1154 non
2818 1097 2897 1154 ad
2926 1098 3334 1155 necessarium
3371 1100 3552 1153 usum'

1892 1186 2298 1259 requiruntur,
2330 1186 2436 1241 sed
2466 1202 2605 1259 quas
2634 1188 2709 1243 ad
2752 1187 3154 1259 perniciosam
3184 1186 3552 1260 voluptatem

1894 1281 1949 1333 et
1974 1275 2055 1331 ad
2073 1276 2317 1332 inanem
2343 1275 2782 1349 exitiosamque
2802 1277 3058 1348 gloriam
3079 1278 3405 1334 adinventa
3432 1275 3555 1332 fue-

1893 1369 2052 1427 runt,
2084 1379 2206 1419 non
2237 1364 2435 1420 solum
2456 1365 2635 1420 nobis
2666 1370 2837 1438 turpe
2858 1371 3040 1438 atque
3060 1365 3417 1423 indecorum
3444 1369 3553 1431 est,

1896 1452 2002 1509 sed
2021 1453 2449 1509 detrimentum
2471 1453 2654 1509 etiam
2676 1453 2849 1511 aifert
2868 1470 2991 1511 non
3005 1455 3156 1525 leve,
3171 1470 3310 1511 cum
3334 1455 3557 1511 scilicet

1895 1542 2003 1614 qui
2029 1541 2091 1597 in
2119 1541 2348 1598 deliciis
2377 1542 2607 1609 vivunt,
2640 1548 2699 1599 et
2734 1544 2956 1599 ventris
2992 1543 3407 1616 voluptatibus
3435 1557 3559 1600 me-

1895 1630 2128 1689 tiuntur
2171 1630 2631 1698 beatitudinem,
2681 1648 2796 1688 nos
2831 1648 3078 1706 quoque
3115 1633 3346 1691 eisdem
3376 1633 3556 1704 curis,

1895 1719 2120 1792 quibus
2134 1719 2248 1793 ipsi
2267 1736 2409 1776 cum
2427 1721 2831 1778 admiratione
2851 1728 2908 1778 et
2923 1728 3165 1796 stupore
3176 1723 3555 1791 incumbunt,

174 1817 446 1869 ποιεῖσθαι
497 1812 841 1886 δοξολογίας·
896 1822 1007 1876 πῶς
1054 1812 1269 1866 ποικίλα
1320 1808 1435 1870 εἴδη
1480 1820 1682 1884 τροφῶν
1720 1819 1783 1883 τῇ
1819 1834 1821 1886 ς

1913 1809 2190 1865 iistentos
2220 1808 2446 1867 vident.
2477 1810 2556 1879 (3)
2586 1814 2739 1867 Inter
2763 1812 3138 1883 epulandum
3161 1829 3237 1869 ne
3265 1816 3394 1869 tum
3424 1812 3560 1885 qui-

178 1903 413 1963 ὶδιότητι
460 1913 560 1957 τῶν
605 1906 859 1976 σωμάτων
907 1902 1227 1977 ἁρμόζοντα,
1275 1903 1422 1973 παρὰ
1474 1908 1565 1952 τού
1621 1900 1790 1952 πάντα

174 1996 569 2066 οἰκονομοῦντος
620 1992 963 2049 ἐπινενόηται.
1017 1999 1223 2066 Τροφῆς
1274 1986 1333 2042 δὲ
1381 1992 1491 2062 ὥρα
1528 1994 1628 2061 μία
1665 1987 1790 2041 ἀπο-

174 2087 466 2155 τεταγμένη
516 2085 664 2140 ἧτω·
726 2082 755 2138 ἡ
809 2080 943 2137 αὐτὴ
1004 2082 1141 2132 κατὰ
1190 2074 1433 2149 περίοδον
1483 2078 1788 2144 ἀπαντῶσα,

178 2176 252 2233 ὡς
307 2171 361 2224 ἐκ
418 2179 517 2223 τῶν
570 2170 1010 2242 εἰκοσιτεσσάρων
1068 2172 1212 2242 ὡρῶν
1268 2176 1361 2220 τοῦ
1415 2169 1790 2240 ἠμερονυκτίου

180 2267 308 2334 μίαν
361 2258 496 2313 εἷται
540 2259 685 2332 μόλις
730 2261 922 2316 ταύτην
970 2262 1065 2316 τὴν
1115 2256 1666 2330 προσαναλισκομένην
1719 2263 1793 2326 τῷ

184 2356 419 2422 σώματι,
469 2353 561 2410 τὰς
620 2346 679 2401 δὲ
735 2348 915 2407 λοιπὰς
968 2345 1016 2398 ἐν
1074 2354 1137 2418 τῇ
1200 2349 1339 2399 κατὰ
1396 2353 1513 2397 νοῦν
1570 2344 1796 2418 ἐνεργείᾳ

183 2438 534 2511 ἀπασχολεῖν.

1897 1897 2039 1955 dem
2060 1897 2330 1955 animam
2350 1915 2388 1955 a
2411 1900 2510 1955 Dei
2531 1894 2896 1968 cogitatione
2916 1902 3255 1959 habeamus
3276 1905 3557 1970 otiosam,

1899 1985 2007 2042 sed
2056 2002 2131 2044 ex
2174 1987 2309 2059 ipsa
2346 1988 2771 2045 alimentorum
2821 1995 3057 2058 natura,
3090 1996 3150 2049 et
3188 1993 3460 2065 corporis
3491 1986 3565 2052 ea

1901 2075 2278 2148 suscipientis
2301 2081 2597 2133 structura
2611 2077 2959 2135 divinarum
2974 2078 3224 2136 laudum
3245 2081 3562 2139 materiam

1901 2163 2225 2235 ducamus,
2267 2164 2437 2237 quod
2477 2166 2645 2223 varia
2682 2166 2960 2225 ciborum
3011 2184 3249 2240 genera,
3288 2169 3568 2243 qualitati

1902 2268 2226 2326 corporum
2251 2254 2826 2321 accommodata,ab
2846 2272 2919 2313 eo
2942 2257 3047 2330 qui
3064 2259 3271 2315 omnia
3292 2260 3568 2318 modera-

1904 2346 2020 2410 tur,
2053 2341 2299 2400 inventa
2328 2342 2466 2398 sint.
2508 2344 2665 2399 Hora
2702 2360 2824 2401 una
2863 2347 3162 2418 capiendo
3209 2348 3346 2406 cibo
3382 2344 3568 2405 desti-

1905 2436 2073 2499 nata,
2103 2433 2443 2505 eademque
2470 2447 2580 2505 per
2605 2434 2924 2491 circuitum
2951 2440 3277 2505 revertens,
3311 2438 3465 2496 adeo
3504 2440 3573 2495 ut

183 2544 261 2584 ex
290 2527 501 2600 viginti
531 2530 796 2598 quatuor
821 2523 987 2581 horis
1023 2524 1142 2580 diei
1168 2539 1241 2591 ac
1278 2524 1471 2581 noctis
1498 2522 1598 2579 vix
1622 2521 1723 2578 illa
1749 2535 1875 2577 una
1904 2520 1985 2578 ad
2014 2520 2353 2577 curandum
2384 2535 2603 2594 corpus
2632 2522 2994 2593 insumatur,
3016 2524 3263 2598 reliqua:
3294 2527 3351 2582 in
3382 2523 3571 2585 animi

183 2617 633 2674 exercitatione.

261 2744 315 2796 2.
373 2740 434 2791 Ὀ
478 2741 568 2810 μὲν
626 2739 728 2808 γὰρ
773 2737 969 2806 ἄριστα
1032 2733 1422 2807 βουλευόμενος,
1464 2741 1559 2796 τῆς
1609 2733 1798 2804 ψυχῆς

188 2831 275 2880 ὅτι
318 2826 550 2899 μάλιστα
588 2827 865 2898 φροντίσει,
899 2826 987 2875 καὶ
1030 2829 1185 2874 τοῦτο
1235 2818 1329 2873 διὰ
1370 2824 1575 2873 πάντων
1611 2823 1797 2893 πειρά-

192 2936 344 2970 σεται
393 2915 579 2975 σώζειν
631 2912 898 2985 εἰλικρινές
943 2930 996 2964 τε
1040 2916 1131 2963 καὶ
1170 2915 1424 2982 γνήσιον·
1474 2918 1565 2970 τῆς
1611 2913 1801 2984 σαρκὸς

192 3003 257 3059 δὲ
307 3006 337 3063 ἦ
392 3004 526 3076 λιμῷ
572 3005 884 3073 τηκομνης,
944 3001 973 3057 ἢ
1033 3007 1216 3074 κρυμῷ
1268 3005 1357 3051 καὶ
1406 2999 1589 3053 θάλπει
1637 3017 1803 3073 προσ-

193 3094 549 3156 παλαιούσης,
618 3092 646 3149 ἡ
710 3095 881 3151 νόσοις
948 3088 1317 3162 ἀλγυνομένης,
1381 3089 1410 3147 ἦ
1479 3091 1804 3160 πασχούσης

1980 2736 2034 2787 2.
2094 2731 2172 2803 (4)
2219 2731 2331 2797 Qui
2374 2732 2535 2788 enim
2574 2732 2685 2788 sibi
2729 2734 2954 2807 optime
3011 2737 3288 2806 consulit,
3341 2739 3574 2809 curabit

1913 2819 2090 2892 559
2105 2820 2379 2876 animam
2391 2836 2576 2893 quam
2597 2824 3126 2898 maxime,hocque
3156 2826 3355 2883 modis
3383 2828 3576 2886 omni-

1908 2909 2025 2964 bus
2058 2913 2114 2964 et
2146 2910 2447 2964 sincerum
2478 2913 2538 2965 et
2564 2911 2897 2981 genuinum
2928 2928 3167 2970 servare
3205 2915 3525 2972 conabitur
3556 2932 3571 2972 :

1911 2997 2109 3053 carnis
2138 3012 2299 3063 vero,
2316 2998 2442 3054 sive
2468 2998 2628 3055 fame
2654 2998 3025 3069 conﬁciatur,
3049 3004 3168 3058 sive
3197 3020 3337 3061 cum
3356 3004 3575 3075 frigore

1913 3091 2017 3143 aut
2045 3086 2245 3142 calore
2264 3086 2541 3156 luctetur,
2568 3088 2691 3144 sive
2722 3104 2759 3144 a
2787 3090 3018 3145 morbis
3049 3093 3424 3149 excrucietur
3454 3080 3575 3151 sive

192 3204 250 3235 τι
298 3185 441 3257 παρὰ
486 3200 635 3233 τινων
695 3178 890 3252 βίαιον,
952 3178 1120 3249 ὀλίγον
1170 3184 1449 3236 ποιήσεται
1493 3180 1581 3229 τόν
1630 3177 1801 3246 λόγον,

1914 3174 2244 3231 violentum
2270 3175 2415 3248 quid
2438 3176 2516 3232 ab
2547 3175 2851 3250 aliquibus
2873 3180 3260 3252 perpetietur,
3281 3170 3577 3243 rationem

194 3278 290 3325 καὶ
336 3267 461 3325 ούδί
491 3274 607 3330 τοὺς
659 3272 786 3342 ὑπὲρ
836 3274 929 3320 τοῦ
970 3268 1067 3339 ζῇν
1104 3263 1383 3329 κινδύνους
1418 3272 1691 3342 προϊόντας
1732 3268 1807 3337 (1)

198 3366 354 3436 ὁρῶν,
409 3366 695 3433 φανήσεται
750 3354 961 3419 δεδιώς.
1014 3356 1073 3410 Εἰ
1122 3353 1182 3409 δὲ
1224 3376 1303 3418 τις
1343 3356 1504 3410 ἐθέλοι
1535 3353 1811 3427 φείδεσθαι

199 3456 295 3504 καὶ
346 3457 439 3503 τοῦ
497 3454 755 3519 σώματος,
812 3449 879 3508 ὡς
927 3448 1085 3518 μόνου
1142 3450 1408 3517 κτήματος
1462 3445 1605 3515 αύτῷ
1657 3447 1811 3516 ἀναγ-

202 3544 360 3593 καίου
415 3537 594 3609 ψυχῇ,
656 3540 744 3588 καὶ
798 3542 1165 3609 συνεργοῦντος
1226 3534 1357 3606 αὐτῇ
1416 3539 1547 3609 πρὸς
1601 3537 1657 3586 τὸ
1716 3534 1812 3606 ζῇν

204 3628 295 3682 ἐπὶ
344 3636 467 3699 γῆς,
525 3627 689 3698 μικρὰ
749 3627 876 3698 πρὸς
935 3626 1026 3684 τὰς
1080 3624 1266 3675 τούτου
1322 3628 1511 3697 χρείας
1562 3623 1811 3698 ἐπιστρα-

205 3723 449 3788 φησεται,
514 3720 604 3768 καὶ
669 3716 804 3767 ὥστε
861 3717 1100 3785 συνέχειν
1165 3716 1317 3784 μόνον
1384 3712 1531 3779 αὐτὸ,
1593 3719 1683 3766 καὶ
1747 3719 1810 3785 τῇ

204 3816 304 3868 τῆς
350 3805 535 3878 ψυχῆς
584 3806 850 3878 ὑπηρεσίᾳ
904 3799 1000 3855 διὰ
1042 3806 1258 3874 μετρίας
1312 3801 1606 3874 ἐπιμελείας
1663 3801 1819 3877 ἐρρω-

204 3898 358 3968 μένον
422 3900 618 3967 τηρεῖν,
689 3897 761 3965 μὴ
829 3895 1065 3965 μέντοιγε
1130 3889 1419 3962 ἐπιτρέπειν
1485 3892 1585 3944 ὑπὸ
1658 3896 1815 3965 κόρου

208 3989 450 4055 σκιρτᾴν.
493 3985 705 4042 Τούτοις
746 3983 837 4054 μὲν
882 3984 985 4052 γὰρ
1030 3979 1229 4037 εύήνιόν
1276 3998 1329 4032 τε
1376 3980 1505 4032 αὐτό
1561 3985 1653 4034 καὶ
1699 3980 1820 4032 κοῦ-

206 4092 301 4146 φον
357 4072 435 4125 ἀεὶ
491 4075 621 4145 πρὸς
686 4075 781 4129 τὴν
847 4069 1084 4143 οὐράνιον
1151 4064 1458 4141 ὁδοιπορίαν
1516 4069 1816 4142 ἐργάσεται,

204 4167 298 4215 καὶ
357 4160 551 4235 μᾶλλον
608 4160 680 4223 εἰς
744 4163 811 4213 τὰ
866 4164 1179 4234 προκείμενα
1242 4164 1495 4217 κτήσεται
1550 4162 1819 4232 συνεργόν.

209 4251 273 4305 Εἰ
322 4247 380 4304 δὲ
437 4250 670 4325 ὑϐρίζειν
729 4249 858 4302 αύτό
912 4251 1283 4320 συγχωρήσοι,
1338 4252 1429 4300 καὶ
1482 4250 1687 4301 πάντων
1745 4246 1820 4320 ἐφ’

206 4344 410 4413 ἡμέραν
457 4340 839 4413 ἐμπίπλασθαι,
892 4340 1126 4415 καθάπερ
1179 4359 1231 4390 τι
1290 4339 1470 4412 θηρίον
1526 4337 1818 4411 ἀνήμερον·

208 4431 432 4502 ὕστερον
468 4437 580 4489 ταῖς
625 4428 825 4501 βιαίοις
872 4428 1033 4481 αὐτοῦ
1070 4431 1200 4501 πρὸς
1238 4437 1338 4500 γῆν
1378 4426 1647 4488 ἁνθολκαῖς
1692 4447 1821 4480 συν-

1916 3280 2173 3337 parvam
2202 3265 2541 3333 habebit,et
2570 3266 2674 3322 ubi
2691 3267 2891 3324 venire
2920 3285 2985 3326 se
3005 3268 3067 3326 in
3090 3271 3217 3328 vitae
3240 3272 3577 3345 periculum

1917 3353 2151 3423 viderit,
2182 3354 2664 3428 haudquaquam
2696 3358 3013 3431 apparebit
3040 3359 3314 3417 timidus.
3356 3361 3413 3423 Si
3442 3361 3580 3437 quis

1919 3448 2124 3500 tamen
2139 3442 2390 3499 voluerit
2406 3460 2626 3517 corpus
2642 3446 2822 3502 etiam
2839 3462 2971 3503 com
2981 3448 3270 3517 miserari,
3284 3454 3580 3521 tanquam

1921 3533 2087 3605 quod
2104 3548 2226 3589 una
2254 3534 2560 3606 possessio
2582 3534 2673 3605 sit,
2693 3552 2830 3609 qua:
2853 3537 3073 3594 animae
3097 3540 3440 3597 necessario
3470 3544 3580 3611 est,

1923 3624 2098 3696 eique
2127 3624 2206 3679 ad
2235 3624 2423 3680 vitam
2445 3625 2507 3680 in
2537 3628 2696 3682 terra
2732 3626 3077 3699 degendam
3115 3630 3424 3702 suppetias
3447 3629 3580 3698 fert,

1924 3711 2206 3782 exiguam
2223 3713 2653 3770 necessitatum
2666 3714 2796 3785 ejus
2817 3730 3026 3771 curam
3044 3717 3419 3788 suscipiet,ut
3437 3718 3584 3785 illud

1924 3806 1982 3858 et
2010 3805 2299 3858 sustentet
2326 3806 2584 3872 tantum,
2624 3807 2679 3859 et
2704 3819 2810 3876 per
2844 3804 3211 3862 mediocrem
3242 3823 3453 3863 curam
3488 3823 3585 3875 sa-

1926 3907 2075 3947 num
2125 3895 2442 3947 conservet
2482 3891 2562 3948 ad
2605 3892 2823 3949 animae
2859 3890 3282 3964 ministerium,
3325 3912 3452 3955 non
3501 3897 3588 3965 ita

1927 3984 2130 4037 autem
2155 3985 2221 4036 ut
2244 3980 2446 4052 ipsum
2486 3982 2755 4039 satietate
2783 3982 3059 4040 lascivire
3090 3984 3266 4043 sinat.
3297 3986 3396 4043 His
3422 3987 3585 4047 enim

1927 4068 2079 4126 illud
2107 4068 2221 4125 sibi
2242 4070 2622 4142 comparabit
2649 4074 2706 4127 et
2734 4072 2983 4130 minime
3006 4072 3246 4147 rebelle,
3277 4080 3334 4133 et
3353 4075 3433 4134 ad
3452 4092 3579 4135 caa-

1927 4159 2075 4217 leste
2105 4159 2216 4215 iter
2239 4158 2684 4217 conﬁciendum
2714 4161 2878 4219 nullo
2904 4178 3028 4219 non
3058 4168 3327 4241 tempore
3347 4165 3589 4241 expedi-

1928 4252 2083 4314 tum,
2114 4246 2341 4322 eritque
2375 4248 2595 4306 auxilio
2626 4250 2843 4321 majori
2871 4250 2952 4307 ad
2987 4268 3059 4309 ea
3100 4269 3237 4326 quae
3275 4255 3589 4328 proposita

1933 4342 2077 4395 sunt
2109 4337 2393 4396 obeunda
2426 4339 2659 4397 munia.
2693 4339 2794 4398 Sin
2827 4345 3028 4399 autem
3058 4341 3322 4401 insolens
3352 4360 3423 4403 ac
3446 4359 3588 4421 pro,

1933 4434 2169 4485 tervum
2199 4443 2332 4484 esse
2357 4428 2716 4501 permiserit,
2747 4433 2805 4487 et
2830 4430 3146 4504 quibusvis
3160 4432 3429 4506 quotidie
3453 4440 3590 4499 tan-

211 4518 583 4581 επισπασθεὶς,
628 4521 862 4568 κείσεται
911 4520 1099 4568 στένων
1138 4515 1379 4574 ἀνόνητα.
1426 4520 1525 4569 Καὶ
1559 4521 1688 4590 πρὸς
1733 4520 1821 4569 τὸν

1935 4533 2124 4591 quam
2162 4517 2493 4574 immanem
2540 4520 2855 4594 quandam
2890 4518 3150 4578 bestiam
3178 4522 3428 4596 oppleri,
3459 4529 3592 4591 tum

212 4607 483 4662 Δεσπότην
516 4604 724 4676 ἀχθεὶς,
755 4609 846 4657 καὶ
882 4612 979 4666 τῆς
1021 4603 1106 4656 ίπὶ
1141 4612 1238 4676 γῆς
1282 4608 1495 4676 πορείας
1540 4613 1633 4665 τῆς
1678 4602 1823 4657 ἐνδο-

214 4696 405 4756 θείσης
469 4693 610 4765 αύτῷ
673 4696 762 4745 τὸν
824 4695 1024 4766 καρπὸν
1091 4691 1489 4765 ἀπαιτούμενος,
1556 4689 1669 4746 εἶτα
1730 4693 1826 4746 οὐκ

212 4787 358 4856 ἔχων
410 4779 614 4849 δοῦναι,
671 4785 922 4855 θρηνήσει
969 4784 1169 4855 μακρὰ,
1218 4785 1309 4834 καὶ
1368 4786 1556 4843 σκότος
1620 4782 1828 4840 οἰκήσει

214 4870 479 4943 διηνεκὲς,
534 4871 699 4926 πολλὰ
761 4880 823 4945 τῇ
890 4878 1060 4945 τρυφῇ
1115 4875 1207 4923 καὶ
1270 4879 1333 4944 τῇ
1401 4873 1599 4932 ταύτης
1657 4871 1825 4945 πλάνῃ

211 4967 561 5038 μεμφόμενος,
605 4960 689 5035 ὑφ’
740 4957 803 5023 ἧς
845 4962 933 5013 τὸν
974 4967 1071 5022 τῆς
1126 4964 1393 5033 σωτηρίας
1434 4959 1663 5019 ἐσυλήθη
1702 4979 1829 5013 και-

210 5057 352 5130 ρόν·
409 5049 561 5106 ούδέῇο
619 5047 680 5104 δὲ
731 5048 786 5102 ἐκ
839 5058 940 5103 τῶν
999 5046 1242 5123 δακρύων
1295 5052 1447 5103 ἔσται
1496 5046 1825 5125 κερδαίνωνο

213 5145 305 5199 Ἐν
364 5146 464 5217 γὰρ
524 5148 600 5213 τῷ
654 5137 760 5214 ᾄδῃ
828 5144 907 5201 τίς
968 5138 1405 5212 ἐξομολογήσεται
1471 5158 1598 5209 σοις
1669 5144 1828 5213 φησὶν

211 5235 247 5287 ὁ
309 5227 496 5286 Δαϐίδ.
557 5233 770 5303 Γαστήρ
825 5227 1179 5290 συναλλάκτης
1244 5226 1386 5282 ἐστὶν
1451 5227 1825 5301 ἀπιστότατος,

300 5517 370 5641 g)
411 5512 921 5599 Ilpoiévragforte'
941 5518 1279 5599 προσιόντας,
1312 5516 1465 5575 EDIT.

303 5637 311 5641 _
357 5588 376 5641 i
416 5589 500 5641 Ex
522 5588 767 5641 Reaulzs
790 5587 988 5641 fusius
1021 5592 1320 5641 tractatis.
1352 5587 1465 5641 364.

303 5587 380 5730 (2;
416 5587 500 5643 E'x
522 5587 767 5669 Regalis
786 5587 989 5657 fusius
1021 5588 1320 5655 tractatis,
1352 5587 1477 5669 364..

303 5662 356 5730 (3
421 5660 507 5715 Ex
532 5663 706 5730 epist.
729 5673 792 5729 ιι,
812 5661 901 5716 74.

301 5660 380 5732 (3)
421 5660 507 5715 Ex
532 5660 706 5730 epist.
729 5673 792 5729 ιι,
812 5661 901 5716 74.

1934 4607 2183 4665 demum
2231 4608 2423 4679 ipsius
2466 4608 2737 4681 pondere
2783 4609 2861 4667 ad
2888 4614 3106 4669 terram
3137 4611 3427 4673 violenter
3461 4628 3592 4673 ver-

1935 4701 2109 4769 gente
2139 4699 2446 4765 attractus,
2463 4696 2688 4768 jacebit
2710 4698 2970 4755 inaniter
2989 4698 3409 4773 ingemiscens.
3437 4702 3595 4770 Quin

1936 4789 1994 4842 et
2022 4785 2099 4841 ad
2127 4784 2451 4841 Dominum
2482 4786 2805 4856 adductus,
2835 4791 2893 4844 et
2923 4788 3141 4845 terreni
3173 4788 3330 4846 illius
3367 4790 3595 4867 itineris

1936 4873 2051 4930 sibi
2066 4872 2376 4930 commissi
2394 4873 2656 4932 fructum
2676 4881 2948 4946 rogatus,
2962 4893 3073 4934 nec
3096 4877 3347 4937 reddere
3358 4879 3595 4954 valens,

1934 4962 2268 5037 plurimum
2311 4962 2760 5035 lamentabitur,
2801 4969 2858 5022 et
2892 4965 2956 5022 in
2992 4968 3300 5040 perpetuis
3334 4969 3599 5028 tenebris

1936 5050 2876 5128 habitabit,delicias,eorumque
2895 5054 3199 5114 fallaciam
3222 5073 3350 5125 non,
3376 5074 3597 5132 parum

1934 5142 2245 5212 incusans,
2254 5141 2478 5215 quibus
2492 5140 2702 5199 salutis
2720 5146 2960 5217 tempus
2981 5143 3096 5203 sibi
3108 5146 3467 5221 ademptum
3478 5150 3569 5219 est
3581 5165 3598 5219 ;

1937 5229 2046 5288 sed
2071 5229 2221 5287 nihil
2244 5233 2388 5288 tunc
2414 5229 2684 5288 utilitatis
2712 5247 2786 5290 ex
2812 5230 3100 5307 lacrymis
3135 5236 3350 5310 capiet.
3401 5237 3469 5294 In
3509 5237 3602 5294 1η-

1940 5518 2210 5649 ‘i
2245 5515 2412 5576 hom.
2445 5516 2617 5588 Quod
2640 5519 2970 5579 mundanis
3007 5518 3443 5581 adhzrendum
3478 5535 3605 5583 non
