4084 6388
525 332 662 392 1819

523 547 599 618 (1)
645 548 858 602 Venter
890 546 983 600 est
1026 541 1290 614 pessima
1321 538 1440 595 ﬁde
1477 537 1540 595 in
1578 535 1908 603 conventis,
1948 547 2174 608 penum

527 634 976 704 incustoditum,
1009 631 1071 688 in
1096 629 1263 704 quod
1287 645 1428 685 cum
1457 627 1648 684 multa
1673 625 2034 699 reposueris,
2065 638 2177 679 no-

524 739 670 782 xam
693 721 942 796 quidem
956 719 1186 785 retinet,
1203 721 1264 774 at
1285 732 1409 774 non
1423 719 1622 772 servat
1640 713 1934 787 deposita.
1945 713 2016 782 (2)
2037 713 2178 778 Quae

525 812 706 884 igitur
733 809 912 867 nobis
943 807 1025 865 ad
1054 806 1257 864 cibum
1288 822 1358 863 ac
1388 809 1601 879 potum
1636 802 1972 876 excogitata
2018 805 2177 868 sunt,

528 905 584 957 et
607 896 905 974 quidquid
934 894 1270 969 petulantes
1299 892 1519 948 divitiae
1563 891 1720 948 ultra
1760 889 2182 946 necessitatem

528 988 610 1047 ad
636 985 856 1058 ingrati
883 984 1155 1056 nihilque
1185 980 1543 1039 continentis
1572 978 1797 1037 ventris
1819 976 2182 1050 obsequium

528 1077 911 1144 adinvenere,
933 1071 1182 1147 quando
1205 1075 1412 1128 nostra
1442 1074 1603 1132 sunt,
1626 1068 1862 1127 etiamsi
1891 1070 2182 1140 perpetuo

530 1163 968 1224 infunduntur?
987 1178 1124 1236 quae
1145 1160 1250 1218 ubi
1275 1164 1522 1232 gustum
1539 1159 1601 1215 in
1618 1157 1871 1215 transitu
1889 1155 2186 1213 duntaxat

529 1253 771 1312 modica
789 1250 1060 1326 quadam
1082 1249 1381 1321 voluptate
1392 1246 1718 1312 aﬁ‘ecerint,
1733 1261 1876 1302 mox
1893 1250 2184 1317 tanquam

531 1341 785 1400 molesta
809 1356 880 1397 ac
905 1338 1214 1411 superﬂua
1238 1353 1395 1409 aegre
1416 1336 1685 1396 ferimus.
1708 1341 1776 1390 ut
1792 1334 1853 1390 in
1876 1347 2186 1389 summum

532 1433 666 1490 vitae
695 1430 1022 1488 discrimen
1047 1426 1298 1494 venturi,
1317 1426 1448 1482 siin
1475 1423 1805 1481 visceribus
1828 1423 1932 1479 diu
1954 1436 2187 1494 perma-

533 1525 736 1579 neant.
787 1523 1030 1576 Mortem
1073 1516 1236 1573 enim
1279 1531 1404 1572 non
1446 1514 1657 1587 paucis
1699 1512 1896 1569 intulit
1925 1511 2184 1578 satietas,

535 1609 765 1681 fuitque
811 1607 872 1662 in
919 1620 1124 1670 causa,
1169 1619 1276 1668 cur
1312 1601 1458 1659 nihil
1489 1601 1750 1674 amplius
1779 1601 2187 1672 degustarent.

536 1699 688 1755 Nam
711 1695 803 1753 vis
832 1694 932 1750 illa
959 1709 1082 1766 qua
1112 1691 1358 1749 animali
1388 1691 1755 1764 providetur,
1788 1693 2188 1763 temperatum

1510 322 1876 380 APPENDIX.
1901 349 1968 362 —-
2000 310 2342 377 SYMEONIS
2378 305 2905 372 METAPHRASTXE

518 459 717 529 ferme
743 454 906 512 enim
933 451 1065 525 quis
1085 449 1466 520 conﬁtebitur
1491 447 1600 504 tibi
1624 448 1671 482 ⁸³
1695 447 1724 502 ?
1751 445 1947 519 inquit
1967 441 2169 501 David.
2204 443 2252 497 Α
2288 447 2496 529 ταμεῖον

3777 301 3935 360 1320

2982 431 3177 486 πολλῶν
3266 432 3740 504 ἑναποτιθεμένων,
3827 433 3934 486 τὴν

2288 533 2378 604 μεν
2428 526 2630 603 βλάϐην
2676 527 3153 602 παρακατέχουσα,
3200 525 3266 574 τὰ
3307 526 3483 593 μέντοι
3537 519 3939 594 παρατεθέντα

2287 619 2348 672 οὐ
2386 615 2754 679 διασώζουσα.
2781 617 2860 668 Τὰ
2885 617 3056 667 τοίνυν
3101 611 3168 672 εἰς
3213 610 3415 685 βρῶσιν
3464 612 3596 682 ἡμῖν
3633 609 3935 664 ἐπινενοη-

2289 711 2416 782 μένα
2451 712 2541 760 καὶ
2587 710 2764 774 πόσιν,
2809 708 2898 756 καὶ
2935 704 3123 768 πάντα,
3173 702 3275 753 ὅσα
3312 704 3443 773 πέρα
3481 707 3582 761 τῆς
3631 701 3853 770 χρείας
3908 698 3934 748 ό

2287 796 2506 857 πλὸυτος
2551 794 2778 869 ὑϐρίζων
2837 792 3216 866 ἐμηχανήσατο
3269 794 3400 865 πρὸς
3467 791 3768 864 θεραπείαν
3834 795 3934 847 τῆς

2593 436 2905 510 ἀφύλακτον,

2291 886 2588 961 ἀχαρίστου
2649 889 2740 938 καὶ
2794 880 2962 958 μηδεν
3010 884 3302 954 στεγούσης
3351 882 3612 954 γαστρὸς,
3676 877 3808 930 πότ’
3871 879 3933 927 ἄν

2291 979 2517 1052 ἡμετέρα
2556 980 2777 1048 γίνοιτο,
2821 972 2917 1026 κᾶν
2965 971 3283 1031 ἑπαντλήται
3318 972 3395 1040 (7)
3439 965 3756 1033 διηνεκώς;
3806 967 3848 1019 ἆ
3877 986 3935 1037 γε

2291 1067 2483 1142 μικράν
2545 1084 2660 1118 τινα
2722 1067 2901 1136 γεύσει
2965 1067 3118 1135 μόνον
3183 1060 3530 1133 ίναποθέμενα
3607 1060 3766 1110 κοιτά
3836 1061 3934 1114 τήι

2291 1151 2525 1230 πάροδον
2575 1150 2790 1224 ἡδονὴν,
2838 1152 2989 1214 εὐθὺς
3035 1154 3100 1213 ὡς
3143 1149 3353 1224 ὀχληρά
3388 1153 3481 1201 καὶ
3519 1148 3762 1220 περιττά
3795 1142 3934 1198 Jus-

2293 1251 2623 1319 χεραίνομεν,
2683 1245 2747 1304 ὡς
2805 1242 2848 1295 εἰ
2901 1250 3010 1306 τοῖς
3060 1241 3388 1312 σπλάγχνοις
3445 1238 3802 1312 ίγχρονίσοι,
3872 1238 3939 1287 τὰ

2295 1338 2524 1407 μέγιστα
2577 1336 2694 1407 περὶ
2741 1336 2800 1385 τό
2857 1331 2954 1404 ζῇν
3005 1326 3448 1390 κινδυνεύσοντες.
3506 1325 3743 1387 Πολλοῖς
3803 1334 3938 1398 γοὺν

2296 1425 2322 1477 ό
2379 1428 2530 1499 κόρος
2576 1427 2742 1494 ἤγαγε
2793 1423 3028 1486 θάνατον,
3081 1425 3172 1472 καὶ
3216 1427 3307 1472 τοῦ
3346 1413 3576 1491 μηδενὸς
3629 1415 3938 1469 ἀπολαύειν

2297 1515 2372 1565 ἔτι
2434 1516 2710 1584 γεγένηται
2783 1510 3042 1585 πρόξενος.
3107 1509 3165 1562 ἸΙ
3241 1511 3342 1581 γαρ
3419 1506 3798 1579 οἰκονομοῦσα
3880 1511 3937 1556 το

2299 1603 2430 1664 ζῶον
2483 1599 2702 1674 δύναμις
2754 1601 3060 1676 αὐτάρκειαν
3115 1603 3204 1672 μὲν
3261 1603 3350 1650 καὶ
3396 1597 3648 1656 λειότητα
3704 1598 3795 1658 (8)
3844 1596 3939 1668 ῥα-

2301 1687 2428 1752 δίως
2501 1693 2906 1766 κατειργάσατο,
2984 1693 3075 1740 καὶ
3149 1688 3378 1758 ᾠκείωσι
3439 1693 3511 1756 τῷ
3575 1689 3936 1759 τρεφομένῳ·

539 1801 612 1844 ac
651 1799 908 1858 parcum
945 1783 1170 1838 victum
1212 1781 1378 1838 nullo
1406 1779 1648 1852 negotio
1679 1779 2018 1851 concoquit,
2048 1783 2104 1835 et
2129 1779 2185 1834 in

2313 1778 2623 1832 πολυτέλειαν
2700 1774 2759 1831 δε
2831 1781 2922 1830 καὶ
2984 1775 3249 1828 ποικιλίαν
3312 1772 3611 1849 βρωμάτων
3683 1771 3941 1847 παραλα-

538 1873 810 1947 corporis
831 1870 998 1945 quod
1021 1869 1198 1928 alitur
1215 1869 1616 1926 substantiam
1647 1869 1815 1925 vertit
1845 1887 1858 1936 ;
1892 1872 1952 1925 at
1975 1867 2190 1924 eadem

541 1962 649 2021 ubi
684 1961 972 2036 opiparos
1008 1959 1330 2032 variosque
1377 1958 1544 2016 cibos
1583 1957 1899 2032 complexa
1937 1961 2048 2026 est,
2081 1972 2190 2013 nec

540 2050 760 2110 deinde
788 2067 898 2124 par
935 2053 1024 2107 est
1047 2048 1141 2106 his
1167 2047 1418 2105 omnino
1456 2047 1811 2121 coquendis,
1838 2051 1967 2104 tum
2000 2047 2192 2103 diver-

541 2159 611 2200 sa
639 2140 827 2213 gignit
852 2139 1207 2197 morborum
1239 2153 1480 2208 genera.
1515 2138 1763 2194 Satietas
1792 2135 2056 2193 lasciviae
2085 2135 2192 2191 ini-

541 2231 693 2290 tium
722 2233 831 2287 est.
860 2229 934 2300 (3)
963 2227 1174 2285 Statim
1197 2226 1359 2282 enim
1397 2241 1522 2282 una
1558 2241 1698 2282 cum
1722 2224 1970 2294 deliciis,
1999 2224 2192 2280 ebrie-

542 2324 684 2385 tate,
713 2324 770 2374 et
793 2316 992 2374 omnis
1012 2314 1246 2386 generis
1275 2313 1696 2382 condimentis,
1717 2311 2194 2386 proditlibidinis

543 2407 824 2465 belluinae
845 2419 1038 2476 genus
1067 2418 1266 2460 omne.
1300 2402 1448 2458 Hinc
1463 2403 1602 2475 equi
1630 2402 1996 2460 insanientes
2022 2402 2083 2457 in
2109 2400 2194 2457 fe-

545 2494 744 2553 minas
761 2493 915 2549 fiunt
931 2490 1230 2561 homines,
1256 2490 1337 2547 ob
1361 2494 1607 2547 uestrum
1630 2506 1700 2547 ac
1728 2490 1991 2547 furorem
2011 2505 2196 2562 quem

545 2583 608 2640 in
648 2583 853 2640 animo
893 2581 1153 2652 gignunt
1185 2579 1434 2636 deliciae.
1480 2584 1525 2634 A
1567 2579 1908 2636 temulentis
1942 2584 2074 2636 orta
2111 2585 2200 2635 est

547 2676 778 2730 natura:
817 2669 1102 2741 inversio,
1139 2668 1288 2726 dum
1322 2670 1383 2725 in
1426 2669 1764 2726 masculino
1790 2686 1937 2726 sexu
1966 2668 2198 2725 femini-

544 2777 718 2830 num,
738 2759 801 2817 in
825 2758 1114 2816 feminino
1144 2757 1549 2815 masculinum
1569 2764 1866 2832 quaerunt.
1892 2759 2198 2831 Siquidem

546 2851 864 2925 pinguiore
889 2853 1070 2922 pastu
1094 2864 1204 2904 ceu
1233 2847 1452 2904 fumosi
1475 2848 1723 2920 quidam
1747 2862 1999 2919 vapores
2015 2846 2202 2903 exha-

546 2937 762 3011 lantur,
779 2938 884 3012 qui
912 2937 1108 2993 lucem
1141 2936 1330 2992 sancti
1353 2935 1604 3009 Spiritus
1633 2936 1694 2992 in
1716 2935 1980 2992 hominis
2002 2941 2201 2992 mente

548 3027 959 3094 irradiantem,
995 3025 1174 3099 quasi
1201 3025 1396 3080 densa
1432 3025 1626 3081 nubes
1662 3025 2083 3091 interveniens,
2115 3024 2204 3081 in-

2301 1868 2490 1937 ϐοῦσα,
2523 1869 2634 1921 εἶτα
2668 1865 2936 1939 ἀντισχεῖν
2975 1869 3101 1937 πρὸς
3139 1868 3197 1917 τὸ
3241 1867 3400 1938 πίρας
3441 1866 3512 1935 μὴ
3550 1861 3937 1935 ἐξαρκέσασα,

2299 1961 2364 2012 τὰ
2409 1957 2622 2012 ποικῦα
2667 1961 2787 2028 γένη
2839 1964 2936 2008 τῶν
2986 1955 3298 2027 νοσημάτων
3335 1951 3600 2010 ἐποίησεν.
3657 1950 3728 2003 Ὀ
3778 1955 3938 2026 κόρος

2301 2046 2490 2121 ὕϐρεώς
2554 2046 2695 2100 ἐστιν
2761 2043 2932 2119 ἀρχή.
2996 2043 3164 2104 Εὐθὺς
3225 2045 3327 2116 γὰρ
3401 2045 3793 2094 συνεισπίπτει
3874 2049 3932 2111 τῇ

2301 2145 2466 2211 τρυφῇ
2507 2140 2598 2189 καὶ
2635 2143 2697 2208 τῇ
2744 2135 2874 2208 μέθῃ
2919 2137 3010 2186 καὶ
3049 2140 3164 2196 ταῖς
3205 2126 3569 2192 παντοδαπαῖς
3609 2134 3938 2204 καρυκείαις

2302 2233 2403 2280 πᾶν
2461 2221 2594 2287 εἶδος
2654 2223 2933 2285 ἀκολασίας
2992 2217 3488 2295 βοσκηματωδους·
3555 2221 3707 2272 ἔνθεν
3786 2221 3938 2271 imm

2308 2314 2610 2387 θηλυμανεῖς
2653 2315 2702 2366 οἱ
2751 2314 3035 2386 ἅνθρωποι,
3079 2308 3172 2364 διὰ
3227 2313 3313 2363 τόν
3357 2310 3414 2362 ἐκ
3453 2316 3550 2370 τῆς
3597 2318 3824 2382 τρυφῆς

2307 2401 2513 2477 οἶστρον
2551 2402 2901 2476 ὶπιγινόμενον
2940 2409 3002 2474 τῇ
3048 2400 3233 2473 ψυχῇ.
3288 2402 3439 2473 Παρὰ
3475 2405 3578 2450 τῶν
3623 2400 3943 2470 μεθυόντων

2307 2495 2362 2546 αἱ
2407 2501 2500 2555 τῆς
2549 2493 2748 2565 φύσεως
2793 2490 3088 2562 ἐναλλαγαὶ,
3131 2488 3179 2541 ἐν
3225 2487 3401 2564 ἄρρενι
3440 2491 3531 2561 μὶν
3573 2491 3638 2540 τό
3686 2487 3858 2556 Dab,
3899 2487 3941 2538 ἐν

2309 2580 2369 2636 δὲ
2423 2591 2496 2653 τῷ
2553 2581 2689 2640 θήλει
2740 2584 2798 2634 τὸ
2851 2580 3000 2654 ἄρρεν
3056 2577 3461 2640 ἐπιζητούντων.
3517 2576 3613 2630 Ἐκ
3668 2579 3786 2652 γὰρ
3846 2586 3942 2638 τὶς

2308 2676 2532 2744 παχείας
2571 2679 2782 2745 τροφῆς,
2831 2671 2936 2722 οἷον
2994 2665 3307 2730 αἰθαλὼδεις
3357 2664 3761 2738 ἀναθυμιάσεις
3822 2665 3938 2718 Eua.

2308 2766 2652 2834 πεμπόμεναι,
2717 2758 2919 2832 νεφέλης
2981 2754 3136 2816 δίκην
3204 2763 3425 2827 πυκνῆς,
3493 2758 3590 2818 τας
3664 2753 3782 2808 ἀπὸ
3851 2765 3934 2808 τοῦ

3683 2845 3780 2899 ἐπὶ
3850 2849 3920 2898 τόν

2309 2949 2427 2994 νοῦν
2467 2937 2835 2994 διακόπτουσι.
2888 2942 2972 2996 Μὴ
3009 2942 3184 2990 τοίνυν
3213 2935 3460 2989 κολάκευέ
3496 2954 3591 2988 του
3622 2939 3728 2994 τὴν
3766 2939 3930 3008 σάρκα

2313 3031 2487 3090 ὕπνοις
2541 3034 2632 3081 καὶ
2686 3027 2944 3102 λουτροῖς,
2994 3031 3084 3079 καὶ
3143 3026 3400 3099 μαλακοῖς
3449 3031 3793 3097 στρώμασιν,
3855 3023 3931 3076 ἀεὶ

2311 2851 2464 2923 ἁγίου
2548 2852 2845 2921 Πνεύματος
2922 2847 3248 2920 ἐγγινομένας
3323 2844 3603 2918 έλλάμψεις

548 3118 891 3192 tercipiunt.
948 3119 1029 3189 (4)
1080 3119 1160 3173 Ne
1214 3115 1396 3186 igitur
1443 3115 1611 3172 carni
1667 3120 1784 3173 tua;
1841 3116 2198 3190 obsequare,

2313 3117 2556 3191 ἐπιλέγων
2621 3121 2680 3170 τὸ
2739 3120 2883 3191 ρῆμα
2941 3123 3132 3169 τοῦτοσ
3195 3120 3290 3177 Τίς
3342 3113 3564 3188 ὠφέλεια
3622 3113 3669 3166 ἐν
3720 3123 3798 3184 τῷ
3845 3115 3933 3166 αῖ.

549 3224 788 3277 somno,
818 3207 1057 3276 balneo,
1093 3221 1164 3262 ac
1185 3205 1469 3262 mollibus
1502 3205 1751 3274 culcitis,
1780 3222 2020 3279 semper
2046 3207 2203 3262 hanc

546 3303 822 3372 repetens
835 3294 1197 3353 sententiam
1214 3312 1226 3351 :
1245 3301 1383 3363 Qua?
1398 3296 1634 3352 utilitas
1647 3297 1708 3352 in
1719 3297 2012 3367 sanguine
2025 3297 2202 3369 560

548 3403 698 3459 meo,
727 3387 870 3444 dum
900 3385 1184 3443 descendo
1205 3387 1266 3441 in
1288 3386 1730 3454 corruptionem
1753 3387 1839 3440 “‘2
1868 3386 2020 3452 Quid
2038 3387 2204 3442 foves

551 3475 720 3550 quod
763 3474 947 3547 paulo
997 3479 1134 3546 post
1173 3473 1553 3530 interiturum
1593 3476 1732 3531 est?
1769 3475 1917 3547 quid
1960 3476 2206 3546 saginas

553 3565 816 3636 teipsum
847 3568 904 3619 et
932 3561 1305 3635 pinguet'acis
1323 3564 1351 3618 ?
1398 3567 1485 3618 An
1512 3563 1753 3633 ignoras
1778 3563 1944 3636 quod
1973 3569 2204 3637 quanto

551 3654 838 3728 pinguius
861 3651 965 3709 tibi
995 3668 1214 3724 corpus
1236 3651 1502 3722 conﬁcis,
1526 3657 1690 3709 tanta
1719 3655 2057 3724 graviorem
2079 3669 2206 3710 car-

555 3759 752 3801 cerem
781 3741 995 3798 animle
1022 3741 1202 3798 struis
1234 3741 1262 3797 ?
1308 3745 1743 3814 Corporearum
1787 3743 1948 3799 enim
1986 3743 2206 3798 virium

554 3829 952 3899 abundantia,
1037 3829 1280 3901 spiritus
1349 3829 1527 3886 saluti
1591 3830 2023 3904 impedimento
2096 3835 2205 3888 est.

554 3923 630 3992 (5)
655 3923 897 3994 Oportet
917 3920 1120 3991 itaque
1149 3935 1286 3992 quae
1314 3919 1657 3978 necessaria
1687 3925 1828 3978 sunt
1850 3921 2042 3978 ventri
2071 3920 2208 3976 sub-

556 4011 916 4077 ministrare,
966 4024 1090 4064 non
1136 4023 1272 4080 quae
1315 4013 1455 4065 sunt
1491 4025 1787 4083 perquam
1820 4011 2114 4082 jucunda,
2145 4011 2210 4066 ut

559 4099 750 4156 solent
796 4097 902 4172 qui
945 4097 1248 4169 quosdam
1311 4113 1663 4155 mensarum
1726 4104 2048 4156 structores
2115 4114 2212 4155 co-

558 4202 833 4262 quosque
857 4185 1200 4260 exquirunt,
1230 4190 1540 4260 totamque
1568 4192 1786 4244 terram
1825 4204 1894 4246 ac
1920 4204 2089 4246 mare
2113 4205 2212 4246 ve-

560 4276 976 4349 stigant,velut
1001 4291 1244 4333 moroso
1264 4276 1410 4333 hero
1431 4277 1650 4333 tributa
1678 4277 2024 4350 pendentes,
2045 4277 2212 4347 digni

560 4365 941 4424 miseratione
971 4364 1050 4421 ob
1089 4364 1392 4437 ejusmodi
1420 4366 1901 4438 occupationem,
1934 4367 2100 4424 baud
2127 4382 2213 4422 re-

2311 3213 2440 3282 ματί
2499 3227 2622 3281 μου,
2681 3206 2730 3258 ἓν
2788 3213 2861 3276 τῷ
2926 3204 3256 3258 καταϐαίνειν
3316 3223 3381 3278 με
3437 3204 3509 3266 εἰς
3578 3200 3923 3274 διαρθοράν;

2309 3303 2374 3352 Τί
2423 3301 2682 3373 περιέπεις
2735 3299 2794 3348 τὸ
2842 3299 3030 3370 μικρὸν
3086 3295 3302 3370 ὕστερον
3362 3295 3807 3371 φθαρησόμενον;
3865 3297 3925 3345 τί

2312 3391 2670 3448 καταπιαίνεις
2726 3389 2943 3438 σεαυτὸν
2996 3389 3086 3437 καὶ
3140 3391 3527 3459 περισαρκοῖς;
3583 3382 3653 3436 Ἦ
3708 3380 3928 3453 ἀγνοεῖς³

2313 3479 2394 3530 ὅτι
2437 3479 2543 3547 όσῳ
2580 3479 2886 3548 παχυτέραν
2930 3477 3022 3533 τὴν
3055 3474 3228 3547 σάρκα
3257 3473 3421 3544 ἑαυτῷ
3464 3479 3652 3542 ποιεῖς,
3691 3475 3932 3540 τοσουτῳ

2316 3564 2602 3642 βαρύτερον
2645 3573 2708 3636 τῇ
2758 3563 2912 3636 ψυχῇ
2953 3562 3370 3623 κατασκευάζεις
3407 3565 3464 3615 τὸ
3515 3559 3931 3636 δεσμωτήριονς

2314 3659 2372 3708 τὸ
2420 3657 2521 3730 γάρ
2573 3653 2770 3713 πλῆθος
2817 3660 2908 3714 τῆς
2958 3659 3264 3724 σωματικῆς
3309 3647 3606 3724 δυνάμεως,
3678 3648 3935 3723 ἐμπόδιόν

2317 3743 2430 3796 ἐστι
2475 3745 2599 3818 πρὸς
2640 3746 2735 3800 τὴν
2779 3745 3040 3814 σωτηρίαν
3083 3748 3174 3793 τοῦ
3222 3743 3542 3802 πνεύματος.
3602 3747 3692 3792 Δεῖ
3731 3747 3796 3813 τῇ
3838 3761 3932 3812 γα-

2321 3838 2440 3909 στρὶ
2499 3835 2566 3885 τὰ
2616 3830 2878 3903 ἀναγκαῖα
2923 3833 3216 3904 ὑπηρετεῖν,
3278 3830 3406 3901 οὖχὶ
3461 3832 3527 3883 τα
3588 3827 3822 3901 ἣδιστα,
3879 3833 3935 3888 ὡς

2317 3927 2425 3996 οἶγε
2470 3923 2879 3998 τραπεζοποιοὺς
2945 3940 3084 3982 τινας
3135 3925 3228 3973 καὶ
3291 3925 3576 3994 μαγείρους
3637 3930 3934 3992 περινοοῠνο

2317 4032 2420 4081 τες,
2472 4016 2560 4064 καὶ
2607 4017 2782 4064 πᾶσαν
2822 4007 3211 4085 διερευνώμενοι
3257 4018 3357 4082 γῆν
3404 4027 3458 4062 τε
3505 4015 3599 4063 καὶ
3652 4010 3928 4072 θάλατταν,

2319 4101 2426 4156 οἶόν
2460 4121 2562 4154 τινι
2599 4099 2814 4172 χαλεπῷ
2842 4096 3072 4173 δεσπότῃ
3117 4104 3302 4175 φόρους
3347 4097 3640 4172 ἀπάγοντες
3664 4119 3677 4133 ο
3739 4100 3932 4153 ελεεωι
3961 4113 3964 4115 ‘

2319 4199 2414 4254 τῆς
2466 4189 2745 4262 ἀσχολίας,
2803 4197 2903 4240 τῶν
2951 4189 3000 4242 ἐν
3052 4185 3186 4259 ᾅδου
3235 4188 3593 4260 κολαζομένων
3644 4186 3813 4244 οὐδε-ι
3851 4192 3930 4241 πά-

2323 4297 2542 4353 σχοντες
2605 4276 2950 4352 ἀνεκτότερον,
3020 4275 3255 4350 ἀτεχνῶς
3322 4278 3392 4340 εἰς
3466 4284 3570 4351 πῦρ
3656 4277 3928 4344 ξαίνοντες,

2323 4374 2414 4422 καὶ
2459 4373 2682 4438 κοσκίνῳ
2745 4372 2976 4441 φέροντες
3022 4363 3192 4442 ὕδωρ,
3229 4372 3320 4420 καὶ
3371 4367 3438 4429 εἰς
3485 4373 3814 4442 τετρημένον
3865 4367 3933 4419 ἆτ-

560 4455 804 4512 missius
825 4469 1012 4528 quam
1036 4455 1142 4527 qui
1170 4453 1232 4509 in
1251 4453 1485 4510 inferno
1515 4460 1848 4528 versantur,
1869 4439 2188 4512 excruciati

2327 4458 2564 4518 τλοῡντες
2605 4459 2776 4522 πίθον,
2831 4453 2983 4510 οὐδὲν
3029 4453 3087 4509 δῖε
3135 4460 3298 4532 πέρας
3344 4465 3444 4508 τῶν
3491 4460 3663 4509 πόνων
3708 4460 3924 4530 ἔχοντες.

559 4544 743 4619 plane
769 4543 1144 4600 dissecantes
1175 4543 1400 4613 ignem,
1439 4543 1634 4600 cribro
1671 4543 1927 4602 ferentes
1966 4561 2217 4631 aquam,

562 4635 694 4694 etin
719 4637 1033 4707 pertusum
1058 4632 1288 4690 dolium
1310 4633 2013 4701 infundentes,laborum
2035 4634 2220 4692 ﬁnem

562 4722 798 4780 nullum
841 4721 1146 4779 habentes.
1190 4722 1266 4794 (6)
1308 4721 1837 4788 Quemadmodum
1878 4723 2059 4794 igitur
2095 4723 2221 4780 sitis

565 4811 767 4879 efﬁcit,
798 4817 862 4869 ut
886 4811 1194 4884 jucundus
1227 4810 1299 4867 sit
1328 4816 1530 4884 potus,
1563 4816 1621 4869 et
1652 4811 1802 4869 sicut
1828 4828 1961 4885 quae
1991 4813 2223 4887 praeivit

566 4900 779 4971 fames,
811 4899 1020 4974 epulas
1045 4915 1260 4958 suaves
1287 4899 1522 4958 reddit:
1564 4901 1646 4959 ita
1682 4917 1926 4975 quoque
1956 4919 2092 4976 quae
2123 4919 2222 4960 su-

639 5061 688 5097 "
713 5059 870 5119 Psal.
894 5076 970 5130 VI,
994 5066 1045 5118 6.
1122 5062 1170 5098 “
1192 5062 1344 5119 Psal.
1372 5078 1531 5135 XXIX,
1568 5067 1652 5120 10.

639 5204 721 5274 (1)
759 5204 846 5260 Ex
867 5202 1036 5276 hom.
1064 5205 1424 5276 Dejejunio,
1460 5210 1546 5262 15.

569 5277 838 5406 sat-2:6?
865 5274 1030 5332 hom.
1066 5274 1238 5344 Quod
1266 5277 1594 5336 mundanis
1636 5277 2068 5337 adhwrendum
2103 5294 2224 5337 non

665 5424 719 5489 3)
761 5423 842 5474 Ex
870 5417 1037 5474 hom.
1069 5419 1156 5475 De
1173 5419 1432 5489 jejunio,
1465 5424 1516 5476 9.

667 5493 720 5557 4)
763 5494 844 5545 Ex
872 5490 1038 5548 hom.
1067 5491 1132 5546 in
1149 5494 1310 5559 psat,
1342 5507 1496 5562 χχιχ,
1532 5495 1650 5548 130.

642 5564 722 5638 (ει)
763 5564 844 5638 ξι
867 5579 1052 5638 _serm.
1079 5564 1172 5638 ADe
1191 5563 1463 5638 tegendis
1493 5563 1596 5620 lib.
1627 5564 1964 5638 gentilium,
1997 5566 2116 5623 181.

641 5637 724 5704 (6)
760 5635 844 5689 Ex
866 5632 1032 5692 hom.
1058 5635 1146 5692 De
1163 5632 1422 5706 jejunio,
1452 5641 1505 5692 6.

2328 4545 2528 4621 Ὠσπερ
2557 4542 2644 4598 οὖν
2685 4547 2714 4605 ἠ
2759 4541 2898 4616 δίψα
2925 4541 3032 4604 ἡδὺ
3069 4547 3129 4597 τὸ
3168 4550 3326 4598 ποτὸν
3366 4545 3685 4620 εὐτρεπίζει,
3737 4553 3835 4600 καὶ
3873 4547 3930 4597 λι-

2329 4640 2422 4712 μὸς
2461 4637 2791 4709 ἡγησάμενος
2829 4631 3013 4694 ἡδεῖαν
3058 4636 3451 4707 παρασκευάζει
3497 4639 3594 4693 τὴν
3633 4638 3924 4710 τράπεζαν·

2330 4727 2464 4781 οὕτω
2489 4731 2580 4779 καὶ
2617 4729 2711 4784 τὴν
2750 4733 2848 4777 τῶν
2891 4723 3185 4799 βρωμάτων
3232 4723 3522 4777 ἀπόλαυσιν
3571 4725 3604 4783 ἡ
3670 4725 3935 4799 ἐγκράτεια

2331 4813 2622 4890 φαιδρύνει.
2690 4818 2868 4874 Μέσην
2923 4817 3024 4890 γὰρ
3083 4813 3264 4872 ἑαυτὴν
3331 4815 3679 4888 πιπιρενθεῖσα⁹
3749 4823 3838 4868 καὶ
3886 4819 3932 4867 τὸ

2335 4907 2551 4978 συνεχὲς
2597 4912 2691 4967 τῆς
2743 4911 2942 4979 τρυφῆς
2999 4900 3329 4976 διακόψασα,
3392 4904 3645 4962 ποθεινὴν
3705 4924 3794 4959 σοι
3851 4909 3932 4959 τὶν

2399 5210 2479 5282 (7)
2517 5207 2835 5284 Ἠμετέράη
2877 5205 3212 5284 ἐπάν-τλῆται.
3253 5208 3718 5284 Sic_contextus
3755 5212 3812 5266 et
3839 5208 3940 5265 Be-

2334 5279 2468 5352 gius
2493 5279 2684 5338 codex
2701 5279 2873 5337 '1992.
2909 5279 3318 5353 Editifigépu...
3355 5279 3578 5353 ἐπαντλῆ
3591 5301 3710 5337 σαι.

2406 5352 2487 5421 (8)
2530 5357 2808 5410 Λειότητα.
2850 5351 3021 5409 Haud
3052 5350 3311 5408 dubium
3340 5352 3491 5424 quin
3515 5351 3861 5425 legendum
3887 5352 3951 5410 sit

2335 5422 2606 5482 λιτότητα.
2639 5426 2797 5480 ΕυιΤ.

2407 5498 2483 5576 (ρ)
2521 5503 2752 5576 Τρυφῆς.
2809 5495 2903 5554 Sic
2949 5497 3265 5554 contextus
3315 5498 3374 5552 et
3432 5498 3699 5571 uterque
3746 5497 3955 5557 codex.

2336 5566 2488 5626 sum
2515 5566 2729 5640 τροφῆς.
