4084 6378
225 257 357 311 1321

222 376 513 452 μετάληψιν
554 395 774 450 φανηναι
812 378 1024 432 ποιήσει
1047 416 1064 444 ,
1098 375 1273 448 ὥσπερ
1306 369 1583 447 ἀπόδημον

223 469 268 520 εἰ
321 465 500 541 βούλει
556 474 732 537 σαυτῷ
772 463 1098 536 ἐπιθυμητὴν
1137 465 1535 516 κατασκευάσαι
1573 467 1673 516 τὼν
1711 464 1834 537 τρά-

221 557 407 621 πεζαν,
454 553 601 619 δέξαι
656 560 748 614 την
811 553 866 606 ἐκ
921 561 1017 616 τῆς
1072 552 1374 628 ἐγκρατείας
1425 551 1733 625 μεταϐολήν.
1768 555 1834 605 Σὺ

173 656 188 664 ⁸
226 643 285 699 δὲ
323 647 424 699 ὑπὸ
449 653 542 698 τοῦ
620 640 828 717 σφόδρα
873 651 969 704 τῆς
1016 650 1216 715 τρυφῆς
1270 644 1647 717 περιέχεσθαι,
1686 640 1836 699 λέλη-

226 738 319 797 θας
397 742 598 804 σεαυτῷ
657 731 902 806 ἀμαυρῶν
976 735 1072 790 τὴν
1146 735 1389 806 τρυφὴν,
1447 734 1537 783 καὶ
1604 732 1705 784 ύπό
1758 750 1837 804 φι-

222 820 471 885 ληδονίας
500 827 595 881 την
624 818 821 881 ἡδονὴν
871 818 1154 893 ἀφανίζων.
1201 817 1368 873 Ούὸεν
1406 822 1508 896 γὰρ
1536 820 1700 883 οὕτως
1731 818 1836 873 ἐπι-

228 916 456 988 θυμητὸν
480 956 494 983 ,
518 914 545 965 ὃ
574 917 646 986 μὴ
706 920 767 984 τῇ
804 915 1053 984 συνεχείᾳ
1090 918 1182 972 τῆς
1232 908 1563 972 ἀπολαύσεως
1620 911 1836 964 εύκατα-

224 1008 474 1079 φρόνητον
511 1003 749 1075 γίνεσθαι
795 1004 1053 1074 πέφυκενο
1085 1000 1154 1051 ὧν
1204 997 1263 1054 δὲ
1296 1006 1493 1055 σπανία
1550 1002 1580 1061 ἡ
1627 1008 1831 1073 κτῆσις,

222 1096 414 1147 τούτων
437 1087 905 1167 περισπούδαστος
941 1092 971 1149 ἡ
1017 1088 1331 1152 ἀπόλαυσις.

294 1365 347 1418 3.
412 1361 478 1413 Οἱ
536 1366 663 1433 γοῦν
737 1357 1038 1434 ἀρχομένης
1094 1360 1293 1434 ἡμέρας
1349 1367 1829 1433 περισκοποῦντες,

222 1457 323 1503 ποῦ
356 1454 510 1503 πότοι
538 1453 770 1522 γίνονται
799 1489 814 1517 ,
849 1453 940 1501 καὶ
970 1447 1248 1501 οἰνοπὼλια
1271 1452 1363 1500 καὶ
1400 1447 1658 1506 καπηλεῖα
1687 1468 1831 1524 περι-

231 1541 542 1613 αθροῦντες,
599 1543 689 1590 καὶ
773 1536 1024 1599 ἀλλήλους
1080 1536 1164 1589 ἐπὶ
1225 1540 1284 1589 τό
1350 1542 1512 1591 πίνειν
1564 1538 1839 1612 παραλαμ-

224 1627 502 1700 ϐάνοντες,
544 1630 635 1679 καὶ
698 1633 874 1679 πᾶσαν
922 1633 1015 1688 τῆς
1069 1625 1257 1698 ψυχῆς
1303 1630 1398 1684 την
1454 1630 1705 1700 μέριμναν
1753 1625 1837 1680 ἐπὶ

1112 248 1344 323 saeuo
1386 241 1520 304 xw.
1558 276 1627 288 -
1666 246 1758 305 DE
1796 242 2132 305 INGLUVIE
2172 249 2252 303 ET
2289 244 2695 307 EBRIETATE.

3458 252 3595 310 i322

1627 415 1640 429 .
1671 372 1834 427 Ὣστι
1864 372 1913 428 Α
1944 377 2192 430 muntur
2222 373 2425 432 edulia
2472 374 2680 432 condit
2734 373 3101 432 abstinentia
3130 378 3315 449 atque
3343 375 3604 432 edulcat.

1943 463 2097 520 Dum
2148 464 2310 520 enim
2360 464 2628 522 mediam
2658 480 2721 521 se
2765 464 3110 538 interponit,
3145 481 3215 522 ac
3252 464 3608 522 deliciarum

1945 553 2302 610 continuum
2326 569 2510 610 usum
2534 553 2935 627 interrumpit,
2965 556 3609 627 sumptionem,utpote

1944 641 2374 709 intermissam,
2410 642 2513 698 tibi
2538 642 2875 714 jucundam
2904 642 3234 699 exhibebit.
3257 642 3515 699 Proinde
3556 642 3608 699 si

1945 731 2037 787 vis
2068 731 2173 787 tibi
2203 746 2481 788 mensam
2511 747 2804 805 apparere
2831 732 3361 801 suavem,admitte
3383 748 3458 788 ex
3472 731 3609 788 abs-

1947 819 2193 876 tinentia
2244 821 2743 880 vicissitudinem.
2794 824 2880 879 Tu
2936 838 3098 894 vero,
3160 821 3327 895 quod
3383 820 3610 878 deliciis

1945 909 2203 967 nimium
2247 910 2525 967 addictus
2554 926 2643 979 es,
2676 910 2970 984 insipidas
2995 910 3201 967 reddis
3231 911 3336 968 tibi
3360 910 3609 967 delicias

1944 999 2321 1073 imprudens,
2350 1016 2421 1056 ac
2459 1016 2585 1073 prae
2610 999 2931 1074 voluptatis
2979 1016 3186 1058 amore
3231 1000 3610 1072 voluptatem

1944 1090 2139 1161 fugas.
2174 1088 2327 1145 Nihil
2392 1088 2556 1146 enim
2615 1094 2742 1146 tam
2796 1089 3070 1164 cupitum
3127 1094 3240 1157 est,
3261 1090 3430 1164 quod
3482 1105 3610 1148 non

1944 1178 2124 1237 abeat
2176 1178 2238 1236 in
2292 1178 2630 1249 fastidium,
2660 1179 2712 1234 si
2765 1184 3060 1253 perpetuo
3105 1179 3419 1240 fruare.At
3468 1197 3608 1256 qua:

1942 1285 2081 1327 raro
2108 1268 2430 1335 habentur,
2456 1268 2550 1324 his
2583 1268 2760 1326 avide
2789 1269 3064 1326 fruimur.
3251 1328 3263 1337 _
3384 1334 3395 1335 ί

2015 1364 2068 1416 3.
2096 1362 2174 1432 (5)
2208 1359 2321 1425 Qui
2346 1358 2526 1430 igitur
2576 1358 2820 1417 ineunte
2845 1359 2944 1417 die
2968 1358 3286 1434 explorant
3313 1360 3416 1418 ubi
3447 1377 3609 1420 com-

1942 1449 2283 1523 potationes
2319 1447 2490 1517 ﬁant,
2529 1452 2586 1504 et
2643 1448 2942 1522 oenopolia
2972 1465 3044 1506 ac
3074 1466 3381 1524 caupones
3426 1450 3610 1509 collu-

1946 1543 2348 1611 strant,seque
2365 1543 2577 1594 mutuo
2600 1538 2681 1594 ad
2702 1538 3182 1611 compotandum
3209 1541 3606 1613 conjungant,

1946 1633 2005 1685 et
2019 1643 2266 1685 omnem
2296 1627 2480 1684 animi
2504 1644 2712 1684 curam
2743 1628 2800 1684 in
2831 1628 2959 1685 haec
2974 1628 3309 1700 insumunt,
3337 1630 3448 1687 hos
3467 1646 3608 1704 pro-

223 1721 317 1776 τήν
377 1726 477 1769 τῶν
521 1718 770 1770 τοιούτων
837 1710 1091 1791 φροντίδα
1145 1714 1655 1784 καταναλίσκοντες,
1695 1718 1839 1770 οὗτοι

1958 1717 2132 1791 pheta
2158 1716 2453 1790 deplorat.
2485 1720 2614 1774 Non
2639 1717 2800 1775 enim
2821 1717 3014 1774 oculis
3043 1734 3255 1775 eorum
3270 1725 3448 1777 vacat
3474 1737 3610 1778 sus-

224 1809 324 1859 ὑπὸ
361 1814 456 1860 τοῦ
502 1812 771 1882 προφήτου
815 1807 1268 1880 καταθρηνοῦνται
1298 1847 1310 1861 .
1354 1805 1429 1857 Οῦ
1485 1808 1586 1881 γὰρ
1645 1808 1841 1880 άγουσι

227 1894 429 1969 σχολὴν
459 1897 509 1948 οί
555 1894 813 1968 ὀφθαλμοὶ
859 1895 1030 1947 αὐτῶν
1084 1893 1365 1947 ἀνανεῦσαι
1400 1898 1526 1969 πρὸς
1565 1898 1650 1947 τόν
1681 1896 1840 1971 ούρα·

224 1989 329 2053 νόν,
357 1990 447 2037 καὶ
501 1986 566 2037 τὰ
604 1984 652 2037 ἐν
701 1983 842 2055 αὐτῷ
901 1983 1062 2041 κάλλη
1125 1985 1485 2056 καταμαθείν’
1532 1982 1642 2037 ἀλλ’
1690 1985 1843 2048 εύθύς

226 2074 526 2148 ἀρχομένης
571 2075 804 2148 ἡμήρας,
836 2080 1130 2146 κοσμοῦσιν
1188 2072 1380 2125 ἑαυτῶν
1434 2076 1502 2127 τά
1546 2080 1840 2148 συμπόσια,

230 2159 468 2223 σπουδήν
516 2182 570 2216 τε
626 2167 717 2214 καὶ
772 2161 1062 2234 ἐπιμελειαν
1094 2162 1161 2223 εἰς
1213 2167 1308 2221 τὴν
1362 2171 1461 2215 τῶν
1519 2162 1838 2236 ἐκπωμάτων

226 2255 563 2324 παρασκενὴν
620 2247 1038 2315 ἐπιδείκνυνται,
1081 2251 1357 2325 ψυκτῆρας
1431 2258 1521 2312 καί
1575 2262 1841 2329 κρατῆρας

227 2345 317 2393 καὶ
400 2340 588 2412 φιάλας
641 2343 816 2414 ὥσπερ
882 2339 931 2391 ἐν
989 2348 1171 2413 πομπῇ
1234 2360 1336 2392 τινι
1401 2347 1492 2394 καὶ
1551 2346 1843 2417 πανηγύρει

229 2427 566 2499 διατιθέντες,
597 2431 663 2490 ὡς
699 2431 761 2482 οἶν
808 2434 865 2481 τό
904 2438 1002 2482 τῶν
1048 2428 1269 2502 ἀγγείων
1315 2427 1565 2507 διάφορον
1618 2435 1706 2484 τὸν
1758 2438 1844 2487 κό-

227 2539 315 2592 ρον
359 2519 531 2582 αὐτοῖς
590 2518 910 2592 ὑποκλέπτῃ,
940 2524 1031 2572 καὶ
1078 2522 1109 2578 ἠ
1161 2528 1258 2572 τῶν
1306 2522 1627 2594 ἐκπωμάτων
1686 2523 1845 2575 ὑπαὶ.-

228 2608 362 2680 λαγή
423 2614 515 2661 καὶ
579 2607 870 2680 μετάϐασις
940 2610 1119 2666 ἱκανὴν
1191 2608 1365 2671 αὐτοῖς
1432 2611 1506 2673 εἰς
1552 2614 1611 2663 τό
1681 2616 1844 2664 πίνειν

232 2694 512 2768 διατριϐὴν
560 2694 747 2768 ἐμποιῇ
786 2716 797 2729 ⁸
830 2695 973 2758 τάξις
1012 2694 1060 2747 ἐν
1106 2694 1315 2769 ἀταξίᾳ,
1349 2702 1441 2749 καὶ
1506 2695 1746 2762 διάθεσις
1795 2699 1846 2752 ἐν

233 2781 449 2857 ἀκόσμῳ
518 2783 922 2857 ἐπινενοημίνη.
988 2788 1122 2859 Πρὸς
1193 2788 1402 2848 τούτοις
1458 2786 1674 2859 ἅμιλλαι
1727 2793 1847 2863 περί

230 2882 323 2926 τοῦ
374 2873 627 2942 πλείονος,
660 2873 972 2947 φιλονεικίαι
1037 2878 1127 2926 καὶ
1190 2872 1558 2948 ἀγωνίσματα,
1592 2877 1847 2940 ἀλλήλους

234 2963 644 3040 ὑπερϐάλλεσθαι
716 2963 1157 3037 φιλοτιμουμένων
1244 2967 1381 3018 κατά
1465 2972 1559 3026 τὴν
1631 2969 1792 3041 μέθην
1822 3009 1837 3024 .

1948 1806 2146 1879 Dicere
2168 1807 2228 1862 in
2255 1805 2498 1871 coelum,
2526 1806 2779 1879 ejusque
2829 1807 3340 1880 pulchritudinem
3370 1809 3611 1867 condis-

1950 1910 2084 1953 cere
2116 1912 2128 1950 :
2165 1895 2274 1952 sed
2314 1894 2558 1952 ineunte
2593 1895 2793 1952 statim
2827 1895 3064 1963 die,sua
3094 1903 3390 1955 exornant
3411 1899 3611 1959 convi-

1949 1985 2259 2058 via,atque
2287 1983 2552 2040 studium
2575 2000 2646 2041 ac
2674 1983 3047 2055 diligentiam
3073 1985 3133 2043 in
3153 1987 3388 2059 poculis
3413 2004 3608 2063 appa-

1948 2075 2159 2133 randis
2187 2074 2535 2142 ostendunt,
2564 2090 2715 2132 vasa
2743 2074 2824 2132 ad
2868 2075 3349 2147 refrigerandum
3378 2079 3609 2151 vinum,

1952 2170 2336 2237 craterasque
2368 2168 2426 2219 et
2462 2163 2702 2237 phialas
2731 2162 2898 2236 velut
2924 2164 2988 2221 in
3029 2182 3259 2240 pompa
3300 2168 3508 2243 aliqua
3539 2186 3612 2228 ac

1952 2258 2251 2310 conventu
2280 2252 2525 2325 publico
2560 2252 2972 2326 disponentes,
3002 2259 3069 2312 ut
3095 2271 3384 2315 vasorum
3422 2259 3612 2316 diver-

1953 2344 2099 2402 sitas
2126 2343 2274 2416 ipsis
2299 2342 2638 2400 satietatem
2664 2343 3075 2410 suffuretur,et
3097 2345 3411 2405 alternatio
3432 2364 3614 2422 pocu-

1951 2434 2152 2492 lorum
2179 2449 2250 2490 ac
2292 2432 2653 2505 permutatio
2684 2448 2789 2490 eos
2809 2432 2915 2490 diu
2938 2434 3002 2491 in
3028 2435 3296 2493 bibendo
3316 2437 3604 2498 detineat.

1955 2523 2115 2581 Ordo
2139 2523 2202 2579 in
2226 2521 2682 2591 confusione,ac
2711 2522 3028 2596 dispositio
3051 2524 3114 2581 in
3138 2541 3201 2582 re
3212 2525 3618 2603 incomposita

1953 2610 2346 2682 excogitatur.
2371 2610 2459 2667 Ad
2475 2610 2605 2667 haec
2621 2611 2895 2669 oriuntur
2919 2613 2995 2669 de
3012 2613 3305 2689 ampliore
3328 2621 3478 2690 potu
3490 2635 3617 2677 cer-

1954 2700 2186 2758 tamina
2229 2699 2765 2772 contentionesque
2804 2705 2863 2757 et
2906 2700 3061 2772 lites,
3082 2703 3230 2760 dum
3282 2720 3348 2762 se
3404 2713 3616 2766 mutuo

1954 2790 2238 2847 ebrietate
2282 2804 2567 2861 superare
2624 2794 2959 2847 conantur.
2985 2796 3176 2865 Atque
3217 2797 3617 2856 certaminum

1953 2880 2175 2937 horum
2187 2876 2507 2952 praefectus
2521 2876 2806 2935 diabolus
2827 2883 3002 2946 est,et
3021 2882 3282 2940 victoriae
3296 2886 3617 2957 praemium

1954 2973 2294 3043 peccatum.
2326 2969 2480 3026 Nam
2505 2966 2612 3041 qui
2639 2966 2780 3041 plus
2803 2967 3088 3027 infuderit
3107 2972 3273 3045 meri,
3302 2973 3354 3030 is
3384 2990 3456 3032 ex
3482 2976 3617 3034 aliis

235 3058 337 3106 Kui
367 3053 391 3105 ὁ
424 3046 750 3126 ἀγωνοθετῶν
818 3053 992 3114 αὐτοῖς
1017 3097 1032 3122 ,
1067 3050 1312 3115 διάϐολος
1342 3096 1356 3125 ,
1402 3060 1492 3109 καὶ
1550 3051 1703 3109 ἆθλον
1754 3067 1846 3118 τῆς

1958 3061 2222 3130 reportat
2247 3055 2582 3113 victoriam.
2609 3056 2990 3114 Contendunt
3008 3059 3169 3116 enim
3195 3060 3347 3118 inter
3367 3079 3431 3120 se
3458 3081 3530 3122 ac
3551 3081 3618 3123 se

231 3143 395 3207 νίκης,
437 3144 467 3201 ἡ
513 3141 765 3217 ἁμαρτία.
818 3142 876 3195 Ὀ
933 3143 1032 3215 γάρ
1087 3141 1296 3197 πλείονα
1349 3147 1436 3198 τὸν
1494 3146 1720 3221 ἄκρατον
1752 3145 1844 3221 ἐγ-

231 3235 480 3305 χεάμενος
513 3233 611 3304 (ιι),
656 3227 805 3294 οὗτος
851 3236 1055 3306 φέρεται
1093 3235 1228 3286 κατά
1265 3242 1365 3286 τῶν
1405 3233 1569 3287 ἄλλοιν
1601 3238 1668 3288 τά
1690 3256 1844 3294 νικη-

231 3326 428 3395 τήρια”
485 3321 835 3393 φιλονεικοῦσι
903 3324 993 3393 μεν
1059 3325 1160 3396 γάρ
1215 3321 1510 3389 ἀλλήλους,
1563 3324 1846 3397 ἀμύνονται

234 3407 294 3464 δὲ
321 3410 556 3472 ἑαυτούς.
609 3412 785 3463 Πάντα
837 3408 1047 3483 ἀλογίας
1085 3415 1252 3483 γέμει,
1297 3414 1465 3465 πάντα
1504 3419 1840 3487 συγχύσεως·

231 3501 281 3552 οἱ
320 3500 624 3562 ἡττηθέντες
662 3501 967 3572 μεθύουσιν,
999 3501 1047 3553 οἱ
1084 3506 1393 3563 νικήσαντες
1428 3504 1710 3576 μεθύουσιν
1741 3510 1842 3575 (2),

232 3589 282 3641 οἱ
348 3590 605 3663 ὑπηρέται
675 3587 1073 3661 καταγελῶσιν.
1122 3588 1181 3642 ἸΙ
1242 3596 1365 3664 χεὶρ
1440 3590 1729 3667 ἀπείρηκε,
1784 3598 1843 3646 τό

236 3682 408 3751 στόμα
431 3677 538 3749 οὐχ
576 3673 919 3750 ὑποδέχεται,
956 3679 986 3736 ἡ
1028 3682 1237 3752 γαστὴρ
1281 3675 1666 3755 διαρδὀὴγνυται
1698 3727 1713 3752 ,
1753 3687 1845 3736 xui

230 3770 292 3819 τό
340 3770 499 3819 κακὸν
539 3765 645 3838 οὐχ
684 3766 972 3840 ὑφίσταται
1006 3809 1020 3824 .
1060 3771 1129 3820 Τὸ
1159 3768 1338 3821 οἶθλιον
1381 3778 1533 3842 σῶμα
1561 3780 1653 3824 τοῦ
1694 3792 1846 3845 φυσιο

233 3863 327 3908 κοῦ
375 3860 527 3909 τόνου
578 3855 871 3930 παραλυθεν
904 3856 1015 3927 (3),
1051 3855 1340 3931 ἀπόρρντόν
1404 3857 1515 3912 ἐστι
1567 3866 1845 3935 πανταχό-

238 3947 357 4012 θεν,
400 3949 494 4003 τὴν
561 3942 617 3997 ἐκ
669 3952 765 4005 τῆς
817 3943 1066 4019 ἀμετρίας
1129 3944 1254 4018 βίαν
1301 3951 1371 4019 μὴ
1432 3949 1683 4022 ὑπομένον
1730 3953 1837 4023 (4).

235 4032 478 4089 Ἐλεεινόν
552 4032 756 4107 θέαμαί
820 4033 977 4110 Ἀνηρ
1057 4034 1306 4109 ἀκμάζων
1392 4040 1510 4091 καθ’
1598 4040 1845 4113 ἡλικίαν,

239 4132 641 4199 στρατιωτικοῖς
687 4122 997 4197 καταλόγοις
1040 4122 1334 4200 ἐμπρέπων,
1370 4124 1606 4200 φοράδην
1666 4127 1848 4184 οἴκαδε

235 4219 618 4289 κομιζόμενος,
673 4220 745 4287 μὴ
808 4211 1093 4288 δυνάμενος
1146 4215 1476 4290 ὀρθοῦσθαι,
1535 4216 1676 4293 μηδὲ
1743 4229 1849 4283 τοῖς

239 4301 395 4366 ἰδίοις
446 4308 603 4358 ποσὶν
656 4301 936 4364 ἐπιϐῆναι.
977 4307 1138 4379 Ἀνὴρ
1198 4305 1413 4382 φοϐερός
1457 4307 1587 4361 εἶναι
1640 4309 1849 4383 ὀφείλων

235 4400 352 4455 τοῖς
382 4393 652 4464 πολεμίοις
675 4434 690 4460 ,
729 4394 951 4464 γέλωτος
1001 4393 1143 4447 ἐστιν
1182 4393 1387 4470 ἀφορμὴ
1442 4407 1548 4460 τοῖς
1595 4401 1711 4453 κατ’
1731 4400 1851 4473 ἀγο-

235 4485 331 4555 ράν
384 4478 663 4541 παιδίοις·
712 4482 831 4533 ἄνευ
879 4478 1105 4557 σιδήρου
1165 4484 1569 4554 καταϐέϐληται,
1610 4492 1731 4542 οῖνευ
1756 4511 1852 4544 πο-

234 4570 422 4641 λεμίων
462 4573 789 4642 πεφόνευται.
842 4569 1001 4645 ’Λνὴρ
1048 4570 1281 4640 ὁπλίτης,
1325 4574 1451 4627 αὑτό
1504 4585 1594 4637 τῆς
1652 4579 1857 4640 ἡλικίας

238 4661 381 4731 ἄγων
444 4662 503 4711 τὸ
554 4658 730 4725 ἄνθος,
773 4660 911 4711 οἶνου
968 4664 1147 4732 γέγονε
1211 4662 1590 4737 παρανάλωμα,
1653 4667 1861 4741 ἕτοιμος

240 4751 424 4804 παθεῖν
473 4756 583 4812 τοῖς
649 4748 866 4824 ἐχθροῖς
914 4751 1015 4803 ὅσα
1067 4756 1158 4805 xui
1216 4750 1515 4825 βούλοιντο.
1546 4760 1634 4817 Τίς
1683 4759 1709 4809 ὁ
1759 4766 1859 4811 τῶν

240 4846 417 4892 κακῶν
466 4840 661 4892 τούτων
712 4841 921 4907 αἰτιος;
1001 4844 1081 4902 τίς
1142 4842 1168 4893 ό
1213 4850 1381 4896 ταῦτα
1434 4843 1858 4910 ἐπιϐουλεύσαςε

242 4925 545 5005 Παράταξιν
596 4925 845 4991 ἐποίησας
902 4932 960 4982 τό
1011 4935 1307 5004 συμπόσιον
1339 4976 1355 5004 ,
1410 4932 1701 5010 ἐνέκρωσας
1765 4907 1861 4997 τὴζ

241 5018 417 5093 ἀκμὴν
463 5025 559 5081 τῆς
600 5021 842 5080 νεότητος
900 5016 1002 5073 ἀπὸ
1051 5024 1193 5073 οἴνου
1227 5040 1240 5053 ·
1272 5026 1363 5076 καὶ
1419 5024 1593 5087 καλεῖς
1645 5029 1735 5099 μὲν
1794 5029 1863 5090 ὡς

243 5109 389 5184 φίλον
439 5106 523 5161 ἐπὶ
570 5109 628 5160 τό
670 5103 898 5174 δεῖπνον,
943 5106 1199 5173 ἐκϐάλλεις
1244 5108 1304 5165 δὲ
1349 5117 1525 5189 νεκρὸν
1553 5156 1567 5183 ,
1610 5118 1729 5188 οἴνῳ
1767 5121 1862 5177 τὴν

315 5199 393 5269 (1)
432 5196 801 5274 Ἐγχεςὶμενοςσ
836 5199 1161 5274 Contextus
1187 5199 1517 5274 ἐκχεόμενος.

316 5275 391 5342 (2)
433 5271 498 5323 Oi
536 5274 845 5342 νικήσαντες
884 5271 1188 5342 μεθύουσιν.
1222 5271 1357 5330 Ηωό
1387 5273 1739 5332 addidimus
1787 5292 1862 5334 ex

316 5290 391 5342 ιτ.)
433 5290 498 5323 υι
536 5290 845 5328 νικησαντες
928 5290 1188 5328 ’πονο-ιν.
1222 5290 1357 5330 naec
1387 5290 1739 5332 audiuimus
1787 5292 1851 5334 ex

244 5342 429 5417 Regio
456 5341 664 5397 codice
683 5290 1181 5417 _1992._fe_guntur
1218 5344 1402 5401 etiam
1441 5346 1503 5402 in
1542 5351 1851 5404 contextu.

246 5411 434 5499 lfaulo
456 5416 592 5485 post
616 5411 817 5468 minus
863 5411 1022 5469 belle
1060 5414 1123 5470 in
1155 5421 1439 5473 contextu
1475 5420 1534 5470 τὸ
1565 5422 1724 5471 κακόν
1755 5420 1861 5492 οὐχ

242 5502 374 5554 λυφιη
385 5502 460 5537 σι.

322 5554 399 5625 (3)
440 5555 757 5628 Παραλυθέν.
808 5556 903 5612 Sic
952 5557 1115 5614 idem
1165 5558 1357 5618 codex
1402 5564 1460 5621 et
1515 5566 1855 5631 contextus.

611 5647 851 5706 PATBOL.
886 5648 988 5705 Gn.
1019 5649 1223 5707 XXXII.

1956 3146 2075 3220 ipsi
2130 3145 2523 3212 ulciscuntur,
2558 3145 2775 3201 Omnia
2829 3151 2970 3203 sunt
3006 3146 3350 3221 insipientia
3376 3155 3616 3227 referta,

1958 3234 2166 3293 omnia
2217 3233 2779 3301 confusione;victi
2826 3235 3204 3309 victoresque
3253 3239 3403 3297 ebrii
3454 3249 3616 3315 sunt,

1959 3324 2234 3382 derident
2276 3322 2552 3379 ministri.
2577 3323 2768 3379 Labat
2813 3340 3049 3397 manus,
3084 3342 3153 3382 os
3192 3342 3317 3385 non
3347 3332 3617 3404 suscipit,

1956 3419 2164 3471 venter
2191 3411 2605 3485 disrumpitur,
2625 3428 2737 3469 nec
2766 3411 2997 3471 malum
3027 3417 3298 3476 sustinet.
3337 3421 3619 3481 Miserum

1959 3520 2178 3577 corpus
2191 3501 2449 3559 naturali
2470 3502 2675 3572 vigore
2707 3501 3049 3560 exsolutum
3064 3507 3616 3583 undelibetdiﬂluit,

1959 3593 2121 3650 haud
2148 3592 2452 3649 sustinens
2484 3590 2793 3649 immodici
2835 3591 3005 3665 561
3037 3601 3215 3668 potus
3246 3598 3615 3672 violentiam,

1958 3680 2286 3740 Miserabile
2337 3680 2798 3753 spectaculum?
2831 3684 2924 3737 Vir
2951 3687 3123 3740 aetate
3176 3686 3398 3744 ﬂorens
3421 3733 3436 3758 ,
3463 3691 3619 3748 inter

1959 3770 2243 3828 militares
2267 3768 2507 3825 ordines
2527 3769 2746 3835 clarus,
2767 3769 3024 3826 aliorum
3052 3774 3337 3831 manibus
3359 3776 3618 3837 domum

1959 3862 2329 3933 deportatur,
2354 3858 2519 3931 quod
2558 3874 2620 3914 se
2650 3857 2877 3930 erigere
2904 3875 3030 3916 non
3050 3868 3458 3939 queat,neque
3480 3885 3619 3943 pro-

1916 3956 1920 3960 ’
1960 3950 2107 4022 priis
2145 3944 2423 4004 incedere
2468 3944 2871 4020 pedibus.Vir
2922 3948 3027 4022 qui
3076 3952 3287 4009 terrori
3341 3954 3620 4016 hostibus

1963 4054 2093 4095 esse
2119 4037 2428 4108 debuerat,
2463 4036 2666 4108 pueris
2702 4037 2763 4093 in
2811 4037 2942 4095 foro
2969 4038 3207 4097 ridendi
3235 4045 3619 4108 occasionem

1962 4127 2237 4204 praebet:
2274 4125 2405 4182 sine
2451 4124 2606 4183 ferro
2650 4129 2984 4198 prostratus
3013 4133 3121 4198 est,
3170 4131 3296 4188 sine
3342 4135 3621 4195 hostibus

1964 4224 2228 4274 enectus.
2274 4216 2368 4272 Vir
2421 4215 2685 4286 armiger
2725 4215 2787 4273 in
2818 4216 2952 4289 ipso
2992 4220 3180 4277 astatis
3217 4221 3365 4280 ﬂore
3402 4241 3440 4282 a
3475 4227 3619 4285 vino

1966 4310 2364 4380 consumptus
2411 4306 2578 4362 nullo
2616 4306 2856 4377 negotio
2881 4312 2939 4364 et
2964 4307 3293 4382 confectus,
3321 4314 3623 4389 quidquid

1965 4399 2171 4456 hostes
2203 4397 2499 4453 voluerint
2527 4398 2752 4470 perpeti
2805 4403 3073 4470 paratus.
3104 4400 3246 4466 Quis
3275 4409 3484 4462 auctor
3530 4411 3624 4465 est

1966 4488 2185 4544 horum
2208 4484 2508 4542 malorum
2523 4486 2550 4541 ?
2566 4487 2700 4559 quis
2712 4486 2842 4541 haec
2860 4485 3237 4544 machinatus
3249 4493 3376 4548 est?
3392 4497 3624 4566 (6)Con-

1967 4578 2193 4635 vivium
2217 4576 2409 4632 aciem
2430 4574 2699 4632 effecisti:
2710 4576 3040 4647 juventutis
3076 4575 3289 4636 ﬂorem
3319 4581 3456 4641 vino
3476 4600 3621 4644 ene-

1969 4666 2116 4723 casti
2141 4684 2154 4735 ;
2180 4682 2250 4722 ac
2274 4681 2460 4722 vocas
2489 4664 2734 4738 quidem
2759 4664 2941 4722 veluti
2970 4666 3235 4725 amicum
3254 4670 3335 4728 ad
3359 4656 3621 4747 coenam,

1969 4755 2133 4829 ejicis
2154 4761 2358 4813 autem
2383 4758 2714 4820 mortuum,
2746 4754 3043 4813 exstincta
3066 4772 3103 4814 a
3124 4758 3263 4816 vino
3282 4759 3442 4820 illius
3478 4767 3625 4829 vita.

1972 4848 2047 4920 (7)
2066 4848 2195 4913 Qua
2213 4862 2276 4902 re
2305 4844 2529 4914 diﬂers,
2558 4860 2592 4901 ο
2620 4843 2826 4914 homo,
2860 4860 2900 4902 a
2929 4845 3119 4902 brutis
3157 4849 3569 4915 animantibus
3598 4865 3628 4915 φ

1970 4952 2173 4994 nonne
2198 4932 2448 4992 rationis
2476 4932 2661 5006 dono,
2691 4950 2817 5008 qua
2837 4950 2874 4992 a
2896 4939 3002 4993 tuo
3027 4937 3337 5000 conditore
3356 4954 3627 5023 accepta,

1970 5030 2257 5085 creaturas
2272 5025 2365 5096 cuj
2377 5023 2884 5099 uslibetprinceps
2897 5025 3140 5084 eﬂ‘ectus
3150 5043 3214 5086 es
3226 5034 3285 5089 et
3302 5033 3585 5097 dominus
3599 5044 3628 5098 τ

1971 5115 2253 5189 Quisquis
2297 5113 2476 5186 igitur
2513 5129 2579 5171 se
2621 5113 2753 5188 ipse
2772 5114 3163 5188 intelligentia
3190 5133 3263 5179 ac
3283 5124 3626 5197 cognitione

1969 5206 2122 5291 Editi
2145 5205 2473 5291 παραχυθὲν.

2042 5280 2121 5350 (4)
2158 5276 2243 5335 Μὴ
2277 5276 2549 5349 ὑπομένον.
2577 5278 2821 5348 Negatio
2845 5276 3056 5337 addita
3083 5295 3157 5339 ex
3186 5283 3400 5344 eodem
3422 5289 3629 5352 codice

1970 5355 2026 5406 et
2054 5353 2358 5406 contextu.

2040 5423 2115 5491 (si)
2158 5423 2240 5495 Ex
2272 5418 2481 5495 liomil.
2514 5421 2577 5477 in
2598 5419 2875 5495 ebriosos,
2910 5423 3035 5481 127.

2041 5496 2120 5561 (6)
2162 5491 2332 5557 Ihm,
2370 5496 2489 5548 1:28.

2038 5567 2123 5637 (7)
2162 5563 2337 5634 lbid.,
2375 5567 2495 5623 ιιι.

3294 5665 3368 5723 42
