4084 6398
498 258 637 323 1323

1456 257 1913 317 ΑΡΡΕΝΒΙΧ.--
1945 258 2296 318 8ΥΜΕΟΝ18
2326 256 2888 317 METAPHRASTIE.

3745 251 3901 315 1324

495 390 688 461 privat
712 403 820 460 per
844 387 1212 451 ebrietatem,
1237 391 1621 456 comparatus
1643 389 1726 441 est
1741 386 2034 456 jumentis
2049 385 2140 441 in-

2259 382 2394 443 ξωὴν
2438 384 2598 435 αύτοῡ
2653 384 3011 445 κατασϐέσας.
3055 386 3171 436 Τίνι
3211 379 3526 454 διενήνοχας
3587 389 3695 435 τῶν
3759 380 3901 433 ὄιλό-

492 478 863 548 sipz'entz‘bus,
889 481 945 533 et
975 476 1187 532 similis
1206 476 1406 544 factus
1439 480 1524 531 est
1564 475 1690 530 illis
1721 475 1792 531 ⁸⁵.
1824 474 1949 529 Imo
1970 473 2152 529 etiam

492 566 748 624 dixerim
770 564 1271 635 ego,temulentos
1301 564 1549 620 rationis
1572 564 1769 633 magis
1799 578 1931 619 esse
1945 578 2151 635 exper-

491 660 584 714 tes
595 670 781 728 quam
799 654 933 729 ipsa
953 669 1175 726 pecora
1192 671 1203 709 :
1218 652 1715 725 quandoquidem
1732 651 2155 724 quadrupedia

495 745 706 802 omnia
735 748 790 800 et
835 744 1044 799 bestias
1094 745 1290 798 certos
1343 757 1414 797 ac
1444 745 1787 797 constantes
1814 741 1894 796 ad
1927 741 2153 797 coitum

495 839 698 891 motus
729 833 1111 904 impetusque
1131 830 1396 898 habent;
1424 845 1687 902 quorum
1712 834 1914 885 autem
1944 828 2153 886 anima

495 921 780 979 ebrietate
816 920 1134 989 detinetur,
1166 922 1225 975 et
1254 934 1476 991 corpus
1511 917 1709 974 calore
1748 922 1964 990 praeter
1981 923 2153 975 natu—

494 1028 627 1069 ram
653 1010 975 1067 accedente
1002 1008 1300 1081 impletur,
1326 1008 1389 1064 hi
1417 1008 1585 1064 omni
1613 1013 1884 1080 tempore
1909 1015 1965 1064 et
1984 1007 2152 1064 omni

495 1101 645 1158 hora
657 1099 734 1156 ad
747 1098 1022 1170 impuros
1043 1103 1370 1169 turpesque
1385 1096 1738 1168 complexus
1754 1097 2149 1153 concitantur.

494 1189 574 1259 (1)
595 1186 1120 1255 Quemadmodum
1141 1186 1303 1242 enim
1333 1201 1498 1258 aqua
1522 1186 1646 1254 igni
1676 1190 1766 1241 est
1788 1186 2153 1247 adversa,sic

493 1276 891 1335 immodicum
921 1276 1129 1330 vinum
1155 1274 1453 1330 rationem
1483 1274 1828 1342 exstinguit.
1854 1277 1904 1343 (2
1914 1288 1928 1342 ›
1955 1274 2151 1329 Enim-

488 1382 638 1423 vero
658 1364 972 1438 quodnam
990 1362 1234 1419 brutum
1251 1362 1480 1420 animal
1491 1362 1733 1418 vivendi
1745 1362 2154 1435 audiendique

486 1471 679 1511 sensu
701 1453 1044 1523 languescit
1064 1452 1145 1509 ita
1167 1456 1231 1508 ut
1258 1451 1659 1508 temulentus?
1687 1455 1893 1508 Nonne
1918 1452 2155 1522 ignorat

493 1541 1019 1612 familiarissimos,
1043 1546 1101 1596 et
1129 1540 1208 1596 ad
1259 1539 1491 1596 alienos
1532 1539 1689 1596 velut
1716 1540 1795 1595 ad
1832 1540 2154 1596 familiares

492 1648 565 1691 ac
580 1630 949 1688 necessarios
974 1628 1229 1686 accurit?
1246 1643 1449 1684 nonne
1464 1643 1885 1700 saepenumero
1902 1629 2153 1685 umbras

2259 494 2385 546 γων,
2427 472 2467 524 ὦ
2519 474 2797 546 ἅνθρωπε;
2827 472 2886 525 οὐ
2933 480 2998 545 τῇ
3042 468 3216 547 δωρεᾷ
3251 480 3345 524 τοῦ
3389 471 3567 544 λόγου,
3604 471 3668 531 ἢν
3710 469 3903 524 λαϐὼν

2259 565 2405 637 παρὰ
2462 570 2556 615 τοῦ
2612 566 2891 626 κτίσαντος
2937 580 3037 629 σε,
3077 562 3260 633 ἅρχων
3314 567 3404 615 καὶ
3454 564 3642 633 κύριος
3708 559 3901 632 ἐγένου

2258 654 2438 712 πάσης
2503 660 2595 711 τῆς
2657 654 2913 715 κτίσιως;
2952 648 3013 703 '0
3074 654 3247 703 τοίνυν
3313 648 3635 722 ἀφελόμενος
3693 649 3901 704 ἑαυτοῦ

2258 744 2354 799 τὴν
2394 745 2645 812 φρόνησιν
2711 736 2807 792 διὰ
2861 748 2959 803 τῆς
3022 737 3708 813 μέθης,παρασυνεϐλὴθη
3782 744 3901 801 τοῖς

2259 832 2475 886 κτήνεσι
2574 835 2688 891 τοῖς
2797 826 3077 894 ἀνοήτοις,
3121 831 3214 881 καί
3306 830 3553 901 ὡμοιώθη
3659 826 3893 889 αὐτοῖς.

2258 917 2463 971 Μᾶλλον
2528 912 2587 970 δὲ
2647 922 2737 969 καὶ
2791 924 2890 970 τῶν
2942 915 3298 990 βοσκημάτων
3366 921 3524 990 φαίην
3582 918 3647 969 ἄν
3716 918 3902 989 ἔγωγε

2260 1006 2616 1079 ἁλογωτέρους
2666 1006 2796 1058 εἶναι
2860 1009 2984 1067 τοὺς
3023 1006 3072 1059 ἐν
3126 1013 3189 1078 τῇ
3258 1007 3412 1079 μέθιρ⁸
3455 1003 3602 1059 διότι
3662 1007 3743 1059 τὰ

2258 1092 2563 1169 τετράποδα
2619 1097 2789 1148 πάντα
2834 1100 2925 1148 καὶ
2972 1097 3039 1148 τὰ
3080 1096 3240 1170 θηρία
3293 1099 3614 1168 τεταγμένας
3645 1097 3777 1167 ἔχει
3802 1097 3903 1157 τὰς

2259 1188 2391 1257 πρὸς
2429 1188 2524 1242 τὴν
2570 1183 2713 1255 μίξιν
2750 1186 2915 1259 ὁρμάς
2947 1201 2960 1215 ⁸
3001 1186 3051 1238 οἱ
3082 1180 3142 1237 δέ
3179 1186 3279 1236 ὑπὸ
3310 1194 3405 1246 τῆς
3448 1186 3614 1258 μέθης
3643 1189 3752 1243 τὴν
3782 1184 3903 1255 ψυ-

2260 1279 2368 1344 ’χὴν
2400 1280 2767 1347 κατεχόμενοι,
2811 1279 2902 1328 καὶ
2931 1278 2990 1326 τὸ
3042 1284 3198 1346 σῶμα
3246 1283 3345 1336 τῆς
3390 1278 3537 1349 παρὰ
3574 1277 3749 1347 φύσιν
3786 1276 3907 1349 θερ-

2261 1368 2489 1435 μότητος
2545 1362 3012 1435 ἀναπληρώσαντες
3039 1407 3053 1431 ,
3084 1365 3257 1417 πάντα
3314 1367 3495 1437 καιρόν
3551 1369 3648 1417 καὶ
3703 1370 3902 1417 πᾶσαν

2262 1453 2399 1525 ὤραν
2438 1455 2570 1525 πρὸς
2629 1455 2723 1514 τὰς
2781 1450 3113 1525 ἀκαθάρτους
3149 1456 3242 1505 καὶ
3280 1450 3597 1525 ἀσχήμονας
3640 1451 3904 1525 συμπλο-

2260 1543 2356 1602 κὰς
2384 1544 2777 1593 συνελαύνονται
2810 1539 3047 1613 .”Ω.σπερ
3096 1543 3199 1616 γὰρ
3252 1537 3399 1617 ὓδωρ
3464 1539 3724 1614 πολέμιόν
3779 1540 3904 1595 ἐστι

2260 1634 2429 1701 πυρὶ,
2470 1630 2635 1691 οὕτως
2696 1628 2919 1703 ἀμετρία
2977 1629 3118 1695 οἶνρυ
3177 1630 3431 1702 λογισμὸν
3486 1629 3906 1684 κατασϐέννυσι

492 1727 789 1794 tauquam
810 1718 1167 1788 rivulos,aut
1195 1717 1495 1775 convalles
1515 1718 1897 1775 transiliunt?
1927 1721 2148 1774 Rursus

2264 1724 2522 1792 σώφρονα.
2581 1725 2734 1772 Ποῖον
2795 1721 2895 1790 γὰρ
2930 1717 3186 1791 βόσκημά
3214 1718 3349 1772 οὓτω
3401 1717 3739 1793 παραϐλέπει
3803 1724 3903 1772 καὶ

491 1828 704 1869 eorum
742 1824 920 1867 aures
973 1810 1171 1865 sonitu
1218 1824 1291 1865 ac
1347 1808 1601 1880 strepitu
1646 1808 1919 1881 quodam
1973 1807 2152 1881 quasi

492 1899 804 1958 aestuantis
822 1898 1011 1955 maris
1034 1897 1391 1970 implentur;
1417 1902 1572 1953 terra
1584 1914 1725 1953 vero
1748 1914 1988 1953 sursum
2005 1897 2153 1967 erigi

488 1989 763 2049 videtur.
804 1993 862 2043 et
915 1991 1152 2043 montes
1202 1986 1266 2042 in
1313 1985 1523 2042 orbem
1582 1986 1955 2042 circumverti
1992 2028 2007 2043 .
2052 1986 2151 2041 His

490 2078 691 2137 somni
735 2076 985 2150 quidem
1024 2090 1239 2145 graves
1270 2081 1453 2141 sunt,
1486 2079 1545 2131 et
1573 2090 1835 2130 cxcussu
1858 2074 2151 2141 difﬁciles,

487 2179 679 2236 prope
733 2163 1122 2231 suffocantes,
1154 2162 1456 2235 planeque
1480 2163 1662 2219 morti
1709 2162 1907 2230 vicini,
1938 2162 2153 2233 vigiliae

487 2267 633 2309 vero
643 2252 874 2309 somnis
889 2252 1428 2324 stupidiores.Nam
1440 2251 1813 2308 insomnium
1836 2251 2153 2323 quoddam

488 2346 580 2397 est
616 2341 738 2398 vita
761 2341 1037 2413 ipsorum
1069 2383 1085 2410 ,
1116 2340 1219 2413 qui
1251 2355 1391 2396 cum
1433 2356 1545 2396 nec
1586 2345 1815 2396 vestem
1861 2340 2149 2406 habeant,

488 2443 691 2500 neque
728 2428 898 2500 quod
925 2427 989 2483 in
1019 2426 1351 2483 crastinum
1394 2427 1596 2493 edant,
1624 2432 1877 2497 regnant
1906 2433 1966 2483 et
1993 2443 2151 2485 exer-

493 2516 712 2573 citibus
729 2516 793 2572 in
822 2516 1108 2573 ebrietate
1137 2516 1460 2588 imperant,
1477 2520 1832 2573 construunt
1853 2516 2054 2585 urbes,
2079 2532 2150 2573 ac

484 2604 776 2677 pecunias
796 2604 1189 2675 elargiuntur.
1219 2605 1300 2676 (3)
1327 2605 1482 2671 Quid
1510 2604 1681 2672 facis,
1709 2620 1746 2661 ο
1774 2605 1961 2663 homo
1980 2606 2008 2662 ?
2039 2607 2151 2662 Fa-

484 2693 688 2750 mulus
716 2694 981 2767 profugit
1021 2692 1100 2749 ab
1139 2694 1285 2749 hero
1323 2694 1679 2751 verberante
1707 2710 1721 2750 :
1756 2699 1820 2751 tu
1855 2709 1999 2752 vero
2024 2709 2149 2751 non

483 2783 714 2840 recedis
743 2800 781 2841 a
799 2783 1137 2856 vino,quod
1167 2788 1337 2840 tuum
1361 2782 1634 2857 quotidie
1654 2789 1839 2857 caput
1863 2785 2153 2856 percutit?

2259 1810 2549 1882 παρακούει
2603 1810 2669 1868 ὡς
2705 1809 2732 1861 ὀ
2770 1810 3011 1880 μεθύωνς
3044 1807 3192 1879 Οὐχὶ
3243 1807 3423 1880 ἀγνοεῖ
3455 1810 3547 1881 μὲν
3626 1812 3764 1869 τοὺς
3817 1808 3903 1862 οἰ-

2258 1899 2600 1963 κειοτάτους,
2655 1900 2978 1969 προστρέχει
3027 1893 3086 1949 δὲ
3144 1894 3251 1959 τοῖς
3304 1896 3597 1970 ἀλλοτρίοις
3655 1900 3730 1959 ὡς
3782 1904 3903 1960 τοῖς

2263 1987 2538 2044 συνήθεσιν
2567 2002 2580 2051 ;
2620 1985 2681 2038 ού
2711 1988 2806 2048 τὰς
2833 1987 2983 2046 σκιὰς
3013 1982 3356 2044 διαπηδᾶνσιν
3388 1989 3436 2040 οἱ
3462 1994 3707 2041 τοιοῦτοι
3750 1987 3896 2041 πολ-

2258 2073 2429 2142 λάκις,
2456 2076 2527 2137 ὡς
2563 2078 2781 2145 ὀχετοὺς
2810 2076 2840 2134 ἡ
2871 2077 3146 2147 φάραγγας
3180 2091 3195 2142 ;
3249 2074 3437 2149 ’Ήχων
3477 2072 3539 2130 δὲ
3576 2076 3775 2139 αὐτοῖς
3796 2083 3899 2132 καὶ

2259 2161 2439 2235 ψόφων
2475 2166 2541 2216 τὰ
2595 2160 2705 2215 ὦτα
2759 2162 3098 2234 πεπλήρωται
3136 2165 3291 2216 οἱονεὶ
3358 2163 3639 2227 θαλάσσης
3676 2184 3899 2237 κυμαί-

2257 2254 2454 2313 νούσης
2487 2267 2500 2281 ·
2530 2254 2559 2311 ἡ
2606 2249 2665 2305 δὲ
2707 2259 2774 2324 γῆ
2816 2256 2948 2323 πρὸς
2976 2254 3034 2303 τὸ
3075 2253 3249 2326 ὄρθιον
3290 2249 3678 2306 διανίστασθοιι
3711 2250 3897 2326 δοκεῖ,

2258 2345 2349 2393 καὶ
2402 2343 2469 2393 τὰ
2513 2346 2606 2416 ᾷοη
2658 2345 2985 2416 περιτρέχειν
3048 2341 3260 2413 κύκλῳ.
3304 2345 3521 2404 Τούτοις
3585 2341 3759 2397 ΰπνοι

2259 2428 2461 2502 βαρεῖς,
2500 2435 2591 2483 καὶ
2630 2427 3010 2504 δυσανάφοροι,
3050 2435 3142 2483 καὶ
3178 2427 3463 2502 πνιγώδεις
3488 2473 3509 2503 ,
3535 2437 3630 2485 καὶ
3662 2442 3745 2505 τῷ
3781 2437 3901 2487 ὄντι

2263 2520 2482 2571 Θανάτου
2539 2524 2803 2591 γείτονες·
2872 2521 2926 2571 αἱ
2989 2516 3049 2572 δε
3100 2524 3471 2593 γρηγορήσεις,
3538 2528 3646 2573 τῶν
3706 2520 3897 2575 ὕπνων

2260 2606 2697 2683 ἀναισθητότεραι
2730 2629 2744 2642 ·
2787 2609 3052 2662 Ἐνύπνιον
3090 2612 3189 2681 γὰρ
3241 2608 3421 2671 αὐτοῖς
3473 2606 3621 2662 ἐστιν
3680 2611 3709 2663 ὁ
3743 2609 3894 2683 βίος,

2261 2697 2310 2749 οῖ
2337 2714 2397 2767 γε
2439 2698 2645 2769 ἱμάτιον
2693 2697 2788 2750 οὐκ
2848 2698 3075 2769 ἔχοντες,
3110 2693 3229 2750 οὐδ’
3268 2696 3295 2749 ὃ
3324 2717 3376 2749 τι
3415 2699 3660 2770 φάγωσιν
3689 2699 3773 2762 εἰς
3802 2706 3895 2757 τὴν

2261 2788 2481 2858 αὔριον,
2524 2784 2871 2859 βασιλεύουσι
2922 2791 3011 2838 καὶ
3063 2782 3436 2861 στρατοπέδων
3492 2788 3783 2861 ἄρχουσιν
3840 2787 3887 2842 ἐν

482 2880 547 2944 τῇ
602 2875 873 2945 memmi.
914 2872 1090 2935 πόλεις
1127 2869 1496 2945 οἰκοδομοῦσι,
1552 2878 1644 2927 καὶ
1681 2878 1942 2948 χρήματα
1986 2870 2317 2947 διανέμουσι.
2340 2878 2404 2927 Τί
2445 2883 2631 2941 ποιεῖς,
2659 2873 2939 2948 (inrepunt;
2973 2875 3192 2937 Οἰκέτης
3241 2870 3553 2951 δραπετεύει
3606 2873 3881 2937 δεσπότην

482 2963 744 3016 τύπτοντα
768 2977 782 2993 ·
828 2965 894 3015 σὺ
927 2959 988 3016 δὲ
1024 2966 1115 3015 καὶ
1144 2966 1459 3035 παραμένεις
1477 2970 1549 3015 τῶ
1580 2970 1721 3035 οϊνῳ,
1752 2962 1868 3014 καθ’
1886 2962 2111 3021 ἑκάστην
2141 2966 2337 3036 ἡμέραν
2376 2968 2471 3023 τὴν
2491 2964 2712 3038 κεφάλήν
2739 2983 2836 3017 σου
2866 2966 3153 3034 τύπτοντις

552 3082 613 3137 4.
635 3078 844 3137 Modus
883 3079 1094 3137 utendi
1132 3079 1271 3137 vino
1308 3080 1572 3153 optimus
1607 3084 1695 3136 est
1732 3081 2001 3153 corporis
2038 3097 2144 3137 ne-

2324 3080 2380 3135 4.
2421 3084 2617 3155 Μέτρον
2647 3082 2863 3154 άριστον
2889 3088 2983 3143 τῆς
3021 3086 3115 3134 τοῦ
3153 3083 3294 3134 οἴνου
3342 3086 3613 3155 χρήσεως,
3640 3081 3671 3141 ἡ
3707 3088 3883 3155 χρεία

483 3169 754 3227 cessitas.
797 3169 968 3236 Quod
1006 3168 1055 3225 si
1091 3170 1245 3225 ﬁnes
1292 3168 1817 3242 prtetergredieris,
1859 3169 2145 3243 postridie

479 3258 687 3315 venies
727 3257 938 3330 capitis
977 3256 1304 3327 gravedine
1343 3257 1614 3324 affectus,
1655 3258 1942 3327 oscitans,
1969 3258 2145 3316 verti-

481 3346 622 3420 gine
649 3346 1367 3420 laborans,putrefactum
1391 3346 1647 3405 obolens
1676 3349 1888 3405 vinum
1906 3369 1920 3418 ;
1938 3367 2035 3405 om
2045 3351 2148 3407 nia

480 3435 592 3495 tibi
632 3435 1022 3503 circumferri,
1054 3438 1263 3494 omnia
1309 3436 1702 3495 circumvolvi
1744 3437 2136 3496 videbuntur.

483 3528 561 3602 (4)
592 3530 920 3601 Postquam
942 3526 1104 3584 enim
1124 3526 1586 3601 fuligine,quam
1616 3528 1830 3585 vinum
1854 3529 2145 3587 exhalans

483 3632 727 3674 sursum
755 3616 987 3684 emittit,
1016 3615 1259 3690 repletas
1298 3622 1440 3674 sunt
1480 3616 1711 3674 cerebri
1748 3618 2143 3690 membranae,

484 3709 667 3780 caput
692 3710 761 3764 ut
800 3703 1280 3763 intolerabilibus
1335 3704 1648 3763 doloribus
1695 3708 2029 3781 corripitur,
2062 3708 2147 3766 ita

482 3810 666 3869 super
702 3794 993 3852 humeros
1045 3798 1278 3852 rectum
1325 3811 1573 3852 manere
1616 3812 1742 3853 non
1769 3795 2003 3867 valens,
2024 3797 2147 3853 huc

477 3884 622 3943 illuc
676 3899 859 3957 super
905 3884 1214 3941 vertebrae
1242 3889 1487 3957 nutans,
1516 3886 1800 3957 jactatur.
1835 3887 1908 3959 (5)
1964 3886 2145 3952 Quin-

482 3973 666 4033 etiam
694 3973 831 4047 ipsa
868 3972 933 4029 in
960 3972 1232 4030 fruendis
1268 3974 1681 4047 voluptatibus
1711 3974 2146 4033 incontinentia

480 4078 553 4122 ex
576 4062 721 4119 vino
748 4061 926 4136 quasi
954 4077 1029 4118 ex
1050 4060 1213 4119 fonte
1239 4063 1555 4120 manifeste
1577 4064 1938 4136 prorumpit,
1962 4068 2143 4138 atque

478 4167 606 4209 una
619 4166 759 4208 cum
786 4166 956 4208 mero
978 4150 1185 4223 irrepit
1202 4150 1593 4225 impudicitiae
1611 4152 1802 4221 labes,
1835 4169 1973 4225 quas
2004 4169 2141 4209 om-

478 4257 623 4300 nem
651 4255 941 4314 pecorum
968 4239 1032 4297 in
1058 4240 1315 4299 feminas
1336 4241 1647 4299 insaniam
1681 4242 1855 4314 562
1892 4241 2140 4299 demon—

477 4336 627 4392 strat
671 4330 1037 4405 procacitate
1074 4346 1146 4388 ac
1180 4330 1430 4389 lascivia
1479 4330 1788 4388 ebriorum
1841 4332 2141 4389 minorem

478 4436 613 4479 esse
642 4464 655 4478 .
696 4422 762 4478 Et
788 4419 1039 4493 quidem
1069 4420 1252 4478 bruta
1277 4419 1567 4478 animalia
1590 4426 1822 4478 naturas
1850 4421 2141 4478 terminos

477 4526 604 4568 non
627 4510 908 4582 ignorant
934 4525 947 4563 :
976 4508 1126 4567 ebrii
1150 4525 1294 4567 vero
1325 4510 1388 4565 in
1417 4510 1690 4567 masculo
1719 4510 2035 4580 feminam,
2076 4513 2140 4567 in

474 4595 705 4658 femina
731 4597 1075 4656 masculum
1103 4597 1443 4671 requirunt.
1478 4602 1805 4672 Postquam
1832 4600 1993 4657 enim
2015 4600 2141 4657 ani-

476 4707 646 4749 mam
697 4689 783 4746 ita
833 4686 1175 4761 perdidere,
1201 4692 1266 4745 ut
1316 4688 1435 4745 sint
1463 4689 1804 4760 omnigenis
1848 4689 2141 4747 masculis

478 4778 846 4852 compuncti,
860 4782 1149 4851 praeterea
1167 4778 1368 4850 ipsam
1396 4793 1642 4851 quoque
1662 4779 1931 4851 corporis
1959 4778 2141 4837 habi—

477 4867 752 4928 tudinem
793 4870 1213 4940 corrumpunt.
1235 4866 1470 4926 Etenim
1514 4882 1642 4928 non
1671 4868 1751 4927 ob
1777 4867 2141 4929 immodicas

553 5067 603 5104 ⁵⁶
639 5064 794 5125 Psal.
827 5072 1021 5139 nvm,
1053 5069 1139 5124 13.

577 5264 631 5346 1)
659 5265 755 5346 Ex.
770 5264 940 5346 hom:
959 5263 1035 5346 in
1063 5263 1345 5335 ebriosos,
1367 5260 1494 5322 123.

574 5335 632 5407 2')
673 5336 849 5405 lbid.,
880 5335 1006 5392 124.

574 5408 630 5476 3)
658 5410 740 5462 Ex
769 5408 936 5463 hom.
966 5422 987 5463 1
1023 5407 1367 5476 dejejum'o,
1400 5411 1452 5465 9.

552 5408 605 5477 (3
658 5410 740 5462 Ex
769 5408 936 5463 hom.
966 5422 987 5463 1
1023 5408 1367 5535 deg’ejum‘o,
1400 5411 1452 5465 9.

552 5408 634 5622 (4:
652 5481 756 5561 Ex
778 5478 944 5536 hom.
971 5479 1038 5535 in
1065 5493 1097 5537 e
1136 5478 1345 5551 riosos,
1375 5478 1503 5535 126.

554 5548 609 5622 (5
665 5548 852 5622 1b1d.,
884 5549 1014 5609 123.

554 5548 634 5624 (ε)
665 5548 852 5624 1bid.,
884 5549 1014 5609 423.

550 5264 570 5477 ἒ

2253 3177 2345 3222 τοῦ
2414 3176 2675 3242 σώματος.
2741 3170 2858 3225 Ἐὰν
2900 3167 2959 3223 δὲ
2989 3170 3087 3232 ἔξω
3124 3178 3223 3223 τῶν
3290 3169 3424 3245 ὅρων
3493 3174 3654 3244 γένῃ,
3680 3174 3874 3244 αὔριον

2254 3257 2389 3321 ἣξεις
2430 3259 2742 3334 καρηϐαρῶν
2775 3304 2791 3328 ,
2853 3266 3224 3332 χασμωμενος,
3300 3258 3541 3331 ἰλιγγιῶν
3575 3260 3669 3330 (6),
3696 3276 3861 3317 σεση-

2252 3352 2407 3408 πότος
2436 3351 2574 3401 οἴνου
2610 3347 2820 3409 ἀπόζων
2845 3363 2858 3376 ·
2910 3351 3079 3401 πάντα
3118 3367 3202 3401 σοι
3239 3350 3615 3421 περιφέρεσθαι
3647 3390 3661 3413 ,
3698 3351 3881 3401 πάντα

2254 3429 2524 3487 δονείσθαι
2585 3432 2763 3497 δόξει.
2828 3432 2991 3487 Ὅταν
3055 3434 3157 3506 γαρ
3221 3434 3439 3508 πλήρεις
3499 3436 3555 3487 αἱ
3619 3454 3884 3507 μηνιγγες

2250 3528 2499 3594 γένωνται
2572 3531 2667 3585 τῆς
2728 3522 2985 3595 αἱθάλης,
3048 3522 3107 3581 ἢν
3170 3525 3196 3576 ὁ
3262 3520 3394 3584 οἶνος
3468 3522 3886 3598 ἐξατμιζόμενος

2254 3612 2491 3689 ἀναφέρει
2522 3657 2536 3679 ,
2580 3613 2827 3687 βάλλεται
2875 3618 2965 3687 μὲν
3006 3609 3220 3676 ὀδύναις
3273 3613 3557 3689 ἀφορήτοις
3625 3617 3658 3673 ἡ
3719 3635 3887 3687 κεφα-

2251 3701 2313 3761 λή
2350 3723 2363 3737 ν
2392 3708 2557 3775 μένειν
2598 3700 2659 3756 δὲ
2711 3702 2836 3777 ὀρθὴ
2893 3701 2977 3755 ἐπὶ
2997 3710 3096 3755 τῶν
3145 3706 3298 3775 ὤμων
3332 3707 3405 3775 μὴ
3451 3699 3749 3773 δυναμένη,
3789 3704 3887 3758 οἱλ-

2252 3792 2366 3845 λοτε
2421 3791 2498 3845 ἐπ’
2554 3791 2684 3845 ἄλλα
2712 3793 2791 3863 (7)
2828 3796 3143 3846 καταπίπτει
3176 3834 3189 3861 ,
3230 3798 3338 3853 τοῖς
3408 3788 3739 3855 σπονδύλοις
3805 3792 3888 3847 ἐν·

2252 3880 2647 3936 ολισθαίνουσα.
2678 3879 2738 3934 Ἠ
2770 3877 2830 3934 δὲ
2857 3885 2988 3955 πρός
3040 3884 3135 3943 τὰς
3180 3878 3378 3942 ἡδονὰς
3407 3881 3650 3955 ἀκρασία
3674 3925 3691 3949 ,
3737 3884 3887 3937 ἄντι·

2251 3990 2399 4045 κρυς,
2437 3972 2611 4047 ὥσπερ
2653 3969 2709 4023 ἐκ
2756 3979 2930 4043 πηγῆς
2968 3966 3062 4024 τοῦ
3109 3973 3251 4023 οἴνου
3308 3975 3516 4044 φέρεται
3544 4013 3560 4038 ,
3609 3976 3707 4025 καὶ
3762 3992 3889 4025 συν-

2251 4065 2515 4114 εισπίπτει
2551 4069 2624 4132 τῷ
2674 4058 2882 4133 ἀκράτῳ
2934 4067 3026 4121 τῆς
3064 4059 3338 4133 ἀσελγείας
3390 4062 3419 4119 ἡ
3467 4064 3619 4122 νόσος
3655 4104 3670 4128 ,
3697 4068 3890 4116 πᾶσαν

2250 4147 2607 4221 βοσκημάτων
2669 4153 2858 4222 μανίαν
2912 4147 2997 4201 ἐπὶ
3051 4152 3111 4201 τὸ
3174 4148 3302 4209 θῆλυ
3346 4149 3423 4221 (8)
3464 4145 3722 4226 δευτέραν
3789 4160 3892 4213 τῆς

2249 4248 2348 4291 τῶν
2405 4241 2696 4312 μεθυόντων
2748 4236 2940 4312 ὕϐρεως
2986 4236 3383 4310 ἀποφαίνουσα·
3432 4243 3578 4292 Διότι
3644 4242 3715 4292 τὰ
3798 4245 3891 4315 μὶν

3688 4333 3746 4384 οἱ
3833 4328 3891 4385 δε

2249 4419 2515 4491 μεθύοντες
2572 4416 2620 4469 ἐν
2684 4416 2859 4492 οἶρῥενι
2905 4420 2995 4489 μὲν
3020 4421 3078 4470 τὸ
3138 4416 3267 4476 θῆλυ
3304 4458 3317 4482 ,
3349 4417 3399 4470 ἓν
3430 4413 3489 4472 δὲ
3518 4425 3592 4490 τῷ
3630 4418 3792 4477 θήλει
3832 4426 3891 4475 τὸ

2250 4507 2400 4583 ἄρρεν
2440 4506 2808 4569 ἐπιξητούσιν.
2845 4506 2997 4558 Οὕτω
3060 4507 3160 4581 γὰρ
3211 4510 3305 4565 τὴν
3356 4506 3544 4580 ψυχὴν
3612 4505 3896 4563 ἀπολωλό-

2248 4615 2327 4657 τες
2358 4638 2374 4664 ,
2416 4599 2483 4659 ὡς
2526 4598 2626 4649 ὑπὸ
2665 4597 2847 4656 πάσης
2892 4591 3113 4657 κηλῖδος
3163 4600 3563 4668 κατεστιγμένοι
3591 4639 3611 4661 ,
3653 4600 3739 4651 ἔτι
3799 4607 3893 4654 καὶ

2250 4686 2412 4743 αὐτὴν
2458 4693 2551 4738 τοῦ
2620 4689 2857 4758 σώματος
2894 4690 2983 4743 τὴν
3037 4684 3140 4747 ἕξιν
3196 4681 3747 4761 προσδιαφθείρονται
3780 4707 3794 4719 ·
3832 4690 3890 4743 οὐ

2248 4780 2401 4849 μόνον
2453 4783 2519 4849 τῇ
2584 4773 2839 4847 ὑπερϐολῇ
2923 4782 3024 4827 τῶν
3080 4769 3281 4833 ἡδονῶν
3354 4772 3748 4852 ἐξοιστρουσῶν
3803 4778 3890 4832 ἐπὶ

2247 4864 2488 4939 λαγνείας
2534 4864 2863 4926 ἐκτετηκότες
2900 4868 2992 4918 καὶ
3039 4859 3407 4941 διαρρέοντες,
3631 4871 3728 4923 καὶ
3795 4867 3888 4923 αὐ-

2248 4327 2413 4400 οἷλογα
2485 4328 2727 4403 γνωρίζει
2792 4330 2912 4390 τοὺς
2980 4329 3133 4401 ὄρους
3196 4334 3291 4390 τῆς
3363 4330 3602 4401 φύσεως⁸

2320 5264 2401 5346 (6)
2440 5261 2720 5334 Ἰλιγγιῶν.
2748 5261 2918 5318 Hanc
2953 5274 3166 5318 vocem
3202 5273 3279 5317 ex
3301 5262 3590 5319 contextu
3617 5262 3883 5323 desum-

2249 5348 2513 5408 psimus.

2320 5407 2396 5538 ἔτ)
2436 5405 2553 5501 ίΕπξ
2574 5404 2727 5494 ἄλλοιΖ
2756 5403 2978 5493 Regius
3005 5403 3197 5485 codex
3225 5401 3305 5457 ἐπ’
3326 5401 3524 5464 ἄλλοις.

2344 5480 2399 5538 8)
2457 5483 2559 5530 Επι
2582 5495 2640 5528 το
2666 5475 2815 5536 θηλυ.
2851 5480 2943 5535 διο
2961 5477 3181 5538 Regius
3210 5473 3405 5535 codex
3440 5480 3503 5535 et

2344 5473 2399 5551 8)
2434 5479 2559 5551 ,Ἐπὶ
2582 5479 2640 5528 τὸ
2655 5475 2815 5551 θῆλυ.
2851 5473 3181 5551 ΞίοίΒοεὶιιε
3210 5473 3405 5535 codex
3440 5480 3503 5535 et
3529 5481 3892 5539 contextus.

2247 5547 2402 5610 Editi
2424 5550 2513 5606 ἰπὶ
2537 5554 2614 5623 τῷ
2646 5545 2814 5611 θήλει.
