  <div class='ocr_page' id='page_1' title='image "/cluster/home/n/w/nwhite01/storage/ocr_20150623/32:no.4/coo.31924054869296/672.png"; bbox 0 0 4084 6372; ppageno 0'>
   <div class='ocr_carea' id='block_1_1' title="bbox 242 284 378 344">
    <p class='ocr_par' dir='ltr' id='par_1_1' title="bbox 242 284 378 344">
     <span class='ocr_line' id='line_1_1' title="bbox 242 284 378 344; baseline 0.007 -2"><span class='ocrx_word' id='word_1_1' title='bbox 242 284 378 344; x_wconf 67' lang='lat'>1325</span> 
     </span>
    </p>
   </div>
   <div class='ocr_carea' id='block_1_2' title="bbox 1151 279 2683 342">
    <p class='ocr_par' dir='ltr' id='par_1_2' title="bbox 1151 279 2683 342">
     <span class='ocr_line' id='line_1_2' title="bbox 1151 279 2683 342; baseline -0.001 -4"><span class='ocrx_word' id='word_1_2' title='bbox 1151 283 1385 342; x_wconf 78' lang='lat' dir='ltr'>SERMO</span> <span class='ocrx_word' id='word_1_3' title='bbox 1428 284 1558 340; x_wconf 85' lang='lat' dir='ltr'>XVI.</span> <span class='ocrx_word' id='word_1_4' title='bbox 1590 313 1656 322; x_wconf 88' lang='lat'>-—</span> <span class='ocrx_word' id='word_1_5' title='bbox 1686 282 1776 339; x_wconf 83' lang='lat' dir='ltr'><strong>DE</strong></span> <span class='ocrx_word' id='word_1_6' title='bbox 1807 280 2137 338; x_wconf 86' lang='lat' dir='ltr'>INGLUVIE</span> <span class='ocrx_word' id='word_1_7' title='bbox 2178 280 2261 338; x_wconf 86' lang='lat' dir='ltr'>ET</span> <span class='ocrx_word' id='word_1_8' title='bbox 2298 279 2683 339; x_wconf 80' lang='lat' dir='ltr'>EBBIETATE</span> 
     </span>
    </p>
   </div>
   <div class='ocr_carea' id='block_1_3' title="bbox 3455 274 3591 340">
    <p class='ocr_par' dir='ltr' id='par_1_3' title="bbox 3455 274 3591 340">
     <span class='ocr_line' id='line_1_3' title="bbox 3455 274 3591 340; baseline 0.007 -1"><span class='ocrx_word' id='word_1_9' title='bbox 3455 274 3591 340; x_wconf 69' lang='lat'>1326</span> 
     </span>
    </p>
   </div>
   <div class='ocr_carea' id='block_1_4' title="bbox 237 390 1869 482">
    <p class='ocr_par' dir='ltr' id='par_1_4' title="bbox 237 404 1842 482">
     <span class='ocr_line' id='line_1_4' title="bbox 237 404 1842 482; baseline -0.001 -20"><span class='ocrx_word' id='word_1_10' title='bbox 237 420 307 481; x_wconf 78' lang='grc' dir='ltr'>τῷ</span> <span class='ocrx_word' id='word_1_11' title='bbox 355 417 424 480; x_wconf 84' lang='grc' dir='ltr'>τῷ</span> <span class='ocrx_word' id='word_1_12' title='bbox 475 412 613 481; x_wconf 73' lang='grc' dir='ltr'>ὄγκῳ</span> <span class='ocrx_word' id='word_1_13' title='bbox 660 404 997 471; x_wconf 83' lang='grc' dir='ltr'>πεπλαδηκός</span> <span class='ocrx_word' id='word_1_14' title='bbox 1043 413 1132 461; x_wconf 86' lang='grc' dir='ltr'>καὶ</span> <span class='ocrx_word' id='word_1_15' title='bbox 1194 405 1431 482; x_wconf 79' lang='grc' dir='ltr'>βρυῶδες</span> <span class='ocrx_word' id='word_1_16' title='bbox 1480 412 1569 460; x_wconf 89' lang='grc' dir='ltr'>καὶ</span> <span class='ocrx_word' id='word_1_17' title='bbox 1615 416 1707 459; x_wconf 73' lang='grc' dir='ltr'>τού</span> <span class='ocrx_word' id='word_1_18' title='bbox 1739 412 1842 471; x_wconf 84' lang='grc' dir='ltr'>ζω-</span> 
     </span>
    </p>
   </div>
   <div class='ocr_carea' id='block_1_5' title="bbox 1964 390 3615 482">
    <p class='ocr_par' dir='ltr' id='par_1_5' title="bbox 1964 390 3615 479">
     <span class='ocr_line' id='line_1_5' title="bbox 1964 390 3615 479; baseline 0.001 -18"><span class='ocrx_word' id='word_1_19' title='bbox 1964 407 2157 463; x_wconf 86' lang='lat' dir='ltr'>solum</span> <span class='ocrx_word' id='word_1_20' title='bbox 2185 407 2541 479; x_wconf 79' lang='lat' dir='ltr'>voluptates,</span> <span class='ocrx_word' id='word_1_21' title='bbox 2568 406 2792 479; x_wconf 82' lang='lat' dir='ltr'>quibus</span> <span class='ocrx_word' id='word_1_22' title='bbox 2824 405 2981 462; x_wconf 86' lang='lat' dir='ltr'>velut</span> <span class='ocrx_word' id='word_1_23' title='bbox 3010 406 3210 463; x_wconf 84' lang='lat' dir='ltr'>furore</span> <span class='ocrx_word' id='word_1_24' title='bbox 3238 390 3508 479; x_wconf 80' lang='lat' dir='ltr'>quod’am</span> <span class='ocrx_word' id='word_1_25' title='bbox 3535 406 3615 463; x_wconf 87' lang='lat' dir='ltr'>ad</span> 
     </span>
    </p>
   </div>
   <div class='ocr_carea' id='block_1_6' title="bbox 240 498 1849 573">
    <p class='ocr_par' dir='ltr' id='par_1_6' title="bbox 240 498 1849 573">
     <span class='ocr_line' id='line_1_6' title="bbox 240 498 1849 573; baseline -0.001 -23"><span class='ocrx_word' id='word_1_26' title='bbox 240 508 388 551; x_wconf 84' lang='grc' dir='ltr'>τικού</span> <span class='ocrx_word' id='word_1_27' title='bbox 435 504 586 553; x_wconf 90' lang='grc' dir='ltr'>τόνου</span> <span class='ocrx_word' id='word_1_28' title='bbox 642 498 908 571; x_wconf 72' lang='grc' dir='ltr'>λελυμένον</span> <span class='ocrx_word' id='word_1_29' title='bbox 959 505 1016 552; x_wconf 85' lang='grc' dir='ltr'>τό</span> <span class='ocrx_word' id='word_1_30' title='bbox 1096 508 1249 570; x_wconf 82' lang='grc' dir='ltr'>σῶμα</span> <span class='ocrx_word' id='word_1_31' title='bbox 1333 502 1581 573; x_wconf 77' lang='grc' dir='ltr'>φέροντες.</span> <span class='ocrx_word' id='word_1_32' title='bbox 1642 501 1849 551; x_wconf 78' lang='grc' dir='ltr'>Τούτων</span> 
     </span>
    </p>
   </div>
   <div class='ocr_carea' id='block_1_7' title="bbox 240 583 1848 662">
    <p class='ocr_par' dir='ltr' id='par_1_7' title="bbox 240 583 1848 662">
     <span class='ocr_line' id='line_1_7' title="bbox 240 583 1848 662; baseline -0.001 -21"><span class='ocrx_word' id='word_1_33' title='bbox 240 585 473 641; x_wconf 86' lang='grc' dir='ltr'>πελιδνοὶ</span> <span class='ocrx_word' id='word_1_34' title='bbox 519 592 608 662; x_wconf 75' lang='grc' dir='ltr'>μὲν</span> <span class='ocrx_word' id='word_1_35' title='bbox 658 590 707 640; x_wconf 85' lang='grc' dir='ltr'>οἰ</span> <span class='ocrx_word' id='word_1_36' title='bbox 759 587 1038 660; x_wconf 68' lang='grc' dir='ltr'>ὀφθαλμοὶ,</span> <span class='ocrx_word' id='word_1_37' title='bbox 1073 587 1324 660; x_wconf 82' lang='grc' dir='ltr'>ύπωχρος</span> <span class='ocrx_word' id='word_1_38' title='bbox 1374 583 1434 640; x_wconf 69' lang='grc' dir='ltr'>δὲ</span> <span class='ocrx_word' id='word_1_39' title='bbox 1485 588 1512 645; x_wconf 79' lang='grc' dir='ltr'><strong>ἠ</strong></span> <span class='ocrx_word' id='word_1_40' title='bbox 1560 589 1848 659; x_wconf 78' lang='grc' dir='ltr'>ἐπιφάνεια,</span> 
     </span>
    </p>
   </div>
   <div class='ocr_carea' id='block_1_8' title="bbox 241 677 1851 752">
    <p class='ocr_par' dir='ltr' id='par_1_8' title="bbox 241 677 1851 752">
     <span class='ocr_line' id='line_1_8' title="bbox 241 677 1851 752; baseline -0.001 -21"><span class='ocrx_word' id='word_1_41' title='bbox 241 686 443 751; x_wconf 76' lang='grc' dir='ltr'>πνεῦμα</span> <span class='ocrx_word' id='word_1_42' title='bbox 496 681 873 752; x_wconf 83' lang='grc' dir='ltr'>προστετηκός,</span> <span class='ocrx_word' id='word_1_43' title='bbox 930 677 1152 750; x_wconf 83' lang='grc' dir='ltr'>γλῶσσα</span> <span class='ocrx_word' id='word_1_44' title='bbox 1201 680 1507 749; x_wconf 81' lang='grc' dir='ltr'>παρειμένη,</span> <span class='ocrx_word' id='word_1_45' title='bbox 1540 682 1631 728; x_wconf 86' lang='grc' dir='ltr'>καὶ</span> <span class='ocrx_word' id='word_1_46' title='bbox 1681 696 1851 751; x_wconf 89' lang='grc' dir='ltr'>κραυ-</span> 
     </span>
    </p>
   </div>
   <div class='ocr_carea' id='block_1_9' title="bbox 240 762 1849 841">
    <p class='ocr_par' dir='ltr' id='par_1_9' title="bbox 240 762 1849 841">
     <span class='ocr_line' id='line_1_9' title="bbox 240 762 1849 841; baseline -0.002 -21"><span class='ocrx_word' id='word_1_47' title='bbox 240 772 307 839; x_wconf 83' lang='grc' dir='ltr'>γὴ</span> <span class='ocrx_word' id='word_1_48' title='bbox 360 769 590 840; x_wconf 84' lang='grc' dir='ltr'>οἶσημος,</span> <span class='ocrx_word' id='word_1_49' title='bbox 649 765 993 839; x_wconf 65' lang='grc' dir='ltr'>ἀκροσφαλεῖς</span> <span class='ocrx_word' id='word_1_50' title='bbox 1043 768 1092 819; x_wconf 85' lang='grc' dir='ltr'>οἱ</span> <span class='ocrx_word' id='word_1_51' title='bbox 1148 762 1307 828; x_wconf 80' lang='grc' dir='ltr'>πόδες</span> <span class='ocrx_word' id='word_1_52' title='bbox 1358 768 1592 841; x_wconf 86' lang='grc' dir='ltr'>καθάπερ</span> <span class='ocrx_word' id='word_1_53' title='bbox 1649 768 1699 818; x_wconf 83' lang='grc' dir='ltr'>οἱ</span> <span class='ocrx_word' id='word_1_54' title='bbox 1749 773 1849 817; x_wconf 77' lang='grc' dir='ltr'>τῶν</span> 
     </span>
    </p>
   </div>
   <div class='ocr_carea' id='block_1_10' title="bbox 239 854 1851 930">
    <p class='ocr_par' dir='ltr' id='par_1_10' title="bbox 239 854 1851 930">
     <span class='ocr_line' id='line_1_10' title="bbox 239 854 1851 930; baseline -0.002 -21"><span class='ocrx_word' id='word_1_55' title='bbox 239 854 468 921; x_wconf 87' lang='grc' dir='ltr'>παίδων,</span> <span class='ocrx_word' id='word_1_56' title='bbox 526 860 784 929; x_wconf 75' lang='grc' dir='ltr'>ἐκκρίσεις</span> <span class='ocrx_word' id='word_1_57' title='bbox 838 854 897 909; x_wconf 71' lang='grc' dir='ltr'>δὲ</span> <span class='ocrx_word' id='word_1_58' title='bbox 950 864 1049 907; x_wconf 81' lang='grc' dir='ltr'>τῶν</span> <span class='ocrx_word' id='word_1_59' title='bbox 1100 858 1505 930; x_wconf 75' lang='grc' dir='ltr'>περιττωμάτων</span> <span class='ocrx_word' id='word_1_60' title='bbox 1563 856 1851 927; x_wconf 67' lang='grc' dir='ltr'>αὐτόματοι</span> 
     </span>
    </p>
   </div>
   <div class='ocr_carea' id='block_1_11' title="bbox 240 943 1847 1019">
    <p class='ocr_par' dir='ltr' id='par_1_11' title="bbox 240 943 1847 1019">
     <span class='ocr_line' id='line_1_11' title="bbox 240 943 1847 1019; baseline -0.001 -23"><span class='ocrx_word' id='word_1_61' title='bbox 240 946 412 1019; x_wconf 83' lang='grc' dir='ltr'>ὧσπερ</span> <span class='ocrx_word' id='word_1_62' title='bbox 471 943 569 998; x_wconf 80' lang='grc' dir='ltr'>ἀπὸ</span> <span class='ocrx_word' id='word_1_63' title='bbox 631 944 854 1017; x_wconf 56' lang='grc' dir='ltr'>ἀψύχων</span> <span class='ocrx_word' id='word_1_64' title='bbox 911 945 1148 1019; x_wconf 74' lang='grc' dir='ltr'>ῥέουσαι.</span> <span class='ocrx_word' id='word_1_65' title='bbox 1203 944 1437 996; x_wconf 80' lang='grc' dir='ltr'>Ἐλεεινοὶ</span> <span class='ocrx_word' id='word_1_66' title='bbox 1488 951 1584 1005; x_wconf 85' lang='grc' dir='ltr'>τῆς</span> <span class='ocrx_word' id='word_1_67' title='bbox 1627 951 1847 1016; x_wconf 61' lang='grc' dir='ltr'>τρυφῆς,</span> 
     </span>
    </p>
   </div>
   <div class='ocr_carea' id='block_1_12' title="bbox 240 1032 1851 1107">
    <p class='ocr_par' dir='ltr' id='par_1_12' title="bbox 240 1032 1851 1107">
     <span class='ocr_line' id='line_1_12' title="bbox 240 1032 1851 1107; baseline -0.001 -22"><span class='ocrx_word' id='word_1_68' title='bbox 240 1033 561 1107; x_wconf 71' lang='grc' dir='ltr'>ἐλεεινότεροι</span> <span class='ocrx_word' id='word_1_69' title='bbox 617 1044 716 1085; x_wconf 78' lang='grc' dir='ltr'>των</span> <span class='ocrx_word' id='word_1_70' title='bbox 771 1035 821 1085; x_wconf 85' lang='grc' dir='ltr'>ἐν</span> <span class='ocrx_word' id='word_1_71' title='bbox 872 1033 1095 1104; x_wconf 80' lang='grc' dir='ltr'>παλάγει</span> <span class='ocrx_word' id='word_1_72' title='bbox 1142 1033 1559 1105; x_wconf 77' lang='grc' dir='ltr'>χειμαζομένων,</span> <span class='ocrx_word' id='word_1_73' title='bbox 1594 1033 1677 1093; x_wconf 76' lang='grc' dir='ltr'>οὖς</span> <span class='ocrx_word' id='word_1_74' title='bbox 1720 1032 1851 1084; x_wconf 75' lang='grc' dir='ltr'>ἄλλα</span> 
     </span>
    </p>
   </div>
   <div class='ocr_carea' id='block_1_13' title="bbox 240 1119 1851 1195">
    <p class='ocr_par' dir='ltr' id='par_1_13' title="bbox 240 1119 1851 1195">
     <span class='ocr_line' id='line_1_13' title="bbox 240 1119 1851 1195; baseline -0.001 -21"><span class='ocrx_word' id='word_1_75' title='bbox 240 1121 293 1185; x_wconf 83' lang='grc' dir='ltr'><em>ἐξ</em></span> <span class='ocrx_word' id='word_1_76' title='bbox 348 1123 509 1175; x_wconf 74' lang='grc' dir='ltr'>ἄλλων</span> <span class='ocrx_word' id='word_1_77' title='bbox 567 1119 929 1195; x_wconf 83' lang='grc' dir='ltr'>διαδεχόμενα</span> <span class='ocrx_word' id='word_1_78' title='bbox 998 1127 1088 1174; x_wconf 82' lang='grc' dir='ltr'>καὶ</span> <span class='ocrx_word' id='word_1_79' title='bbox 1169 1120 1583 1181; x_wconf 71' lang='grc' dir='ltr'>ἐπιϐαπτίξοντα</span> <span class='ocrx_word' id='word_1_80' title='bbox 1642 1124 1851 1194; x_wconf 88' lang='grc' dir='ltr'>κύματα</span> 
     </span>
    </p>
   </div>
   <div class='ocr_carea' id='block_1_14' title="bbox 240 1207 1849 1287">
    <p class='ocr_par' dir='ltr' id='par_1_14' title="bbox 240 1207 1849 1287">
     <span class='ocr_line' id='line_1_14' title="bbox 240 1207 1849 1287; baseline -0.002 -23"><span class='ocrx_word' id='word_1_81' title='bbox 240 1210 504 1287; x_wconf 58' lang='grc' dir='ltr'>ἀναφέρειν</span> <span class='ocrx_word' id='word_1_82' title='bbox 547 1212 641 1264; x_wconf 67' lang='grc' dir='ltr'>οὐκ</span> <span class='ocrx_word' id='word_1_83' title='bbox 699 1210 960 1286; x_wconf 70' lang='grc' dir='ltr'>ἐπιτρέπει</span> <span class='ocrx_word' id='word_1_84' title='bbox 1003 1220 1094 1263; x_wconf 78' lang='grc' dir='ltr'>τοῦ</span> <span class='ocrx_word' id='word_1_85' title='bbox 1147 1207 1431 1271; x_wconf 80' lang='grc' dir='ltr'>κλύδωνος.</span> <span class='ocrx_word' id='word_1_86' title='bbox 1492 1210 1692 1282; x_wconf 79' lang='grc' dir='ltr'>Ὠσπερ</span> <span class='ocrx_word' id='word_1_87' title='bbox 1748 1212 1849 1284; x_wconf 80' lang='grc' dir='ltr'>γὰρ</span> 
     </span>
    </p>
   </div>
   <div class='ocr_carea' id='block_1_15' title="bbox 238 1296 1845 1374">
    <p class='ocr_par' dir='ltr' id='par_1_15' title="bbox 238 1296 1845 1374">
     <span class='ocr_line' id='line_1_15' title="bbox 238 1296 1845 1374; baseline -0.002 -21"><span class='ocrx_word' id='word_1_88' title='bbox 238 1305 306 1353; x_wconf 77' lang='grc' dir='ltr'>τὰ</span> <span class='ocrx_word' id='word_1_89' title='bbox 357 1301 722 1374; x_wconf 74' lang='grc' dir='ltr'>χειμαζομενα</span> <span class='ocrx_word' id='word_1_90' title='bbox 769 1300 925 1352; x_wconf 88' lang='grc' dir='ltr'>πλοῖα</span> <span class='ocrx_word' id='word_1_91' title='bbox 990 1296 1200 1353; x_wconf 82' lang='grc' dir='ltr'>ἐπειδὰν</span> <span class='ocrx_word' id='word_1_92' title='bbox 1267 1298 1556 1374; x_wconf 78' lang='grc' dir='ltr'>ύπέραντλα</span> <span class='ocrx_word' id='word_1_93' title='bbox 1614 1304 1845 1370; x_wconf 84' lang='grc' dir='ltr'>γένηται,</span> 
     </span>
    </p>
   </div>
   <div class='ocr_carea' id='block_1_16' title="bbox 241 1388 1851 1463">
    <p class='ocr_par' dir='ltr' id='par_1_16' title="bbox 241 1388 1851 1463">
     <span class='ocr_line' id='line_1_16' title="bbox 241 1388 1851 1463; baseline -0.001 -20"><span class='ocrx_word' id='word_1_94' title='bbox 241 1391 533 1462; x_wconf 75' lang='grc' dir='ltr'>ἀναγκαίως</span> <span class='ocrx_word' id='word_1_95' title='bbox 581 1398 643 1449; x_wconf 87' lang='grc' dir='ltr'>τῆ</span> <span class='ocrx_word' id='word_1_96' title='bbox 706 1388 888 1447; x_wconf 80' lang='grc' dir='ltr'>ἐκϐολῆ</span> <span class='ocrx_word' id='word_1_97' title='bbox 940 1399 1032 1441; x_wconf 85' lang='grc' dir='ltr'>του</span> <span class='ocrx_word' id='word_1_98' title='bbox 1075 1394 1262 1463; x_wconf 73' lang='grc' dir='ltr'>φόρτου</span> <span class='ocrx_word' id='word_1_99' title='bbox 1319 1389 1657 1460; x_wconf 74' lang='grc' dir='ltr'>κουφίζεται·</span> <span class='ocrx_word' id='word_1_100' title='bbox 1715 1389 1851 1441; x_wconf 70' lang='grc' dir='ltr'>οὕτω</span> 
     </span>
    </p>
   </div>
   <div class='ocr_carea' id='block_1_17' title="bbox 238 1475 1846 1551">
    <p class='ocr_par' dir='ltr' id='par_1_17' title="bbox 238 1475 1846 1551">
     <span class='ocr_line' id='line_1_17' title="bbox 238 1475 1846 1551; baseline -0.001 -21"><span class='ocrx_word' id='word_1_101' title='bbox 238 1483 325 1531; x_wconf 70' lang='grc' dir='ltr'>καὶ</span> <span class='ocrx_word' id='word_1_102' title='bbox 355 1481 555 1539; x_wconf 88' lang='grc' dir='ltr'>τούτοις</span> <span class='ocrx_word' id='word_1_103' title='bbox 595 1476 878 1548; x_wconf 79' lang='grc' dir='ltr'>ἀναγκαῖαι</span> <span class='ocrx_word' id='word_1_104' title='bbox 919 1485 1016 1529; x_wconf 79' lang='grc' dir='ltr'>τῶν</span> <span class='ocrx_word' id='word_1_105' title='bbox 1059 1475 1389 1551; x_wconf 78' lang='grc' dir='ltr'>βαρυνόντων</span> <span class='ocrx_word' id='word_1_106' title='bbox 1440 1479 1495 1529; x_wconf 83' lang='grc' dir='ltr'>αἱ</span> <span class='ocrx_word' id='word_1_107' title='bbox 1554 1475 1846 1538; x_wconf 79' lang='grc' dir='ltr'>ἀποθέσεις.</span> 
     </span>
    </p>
   </div>
   <div class='ocr_carea' id='block_1_18' title="bbox 238 1562 1849 1641">
    <p class='ocr_par' dir='ltr' id='par_1_18' title="bbox 238 1562 1849 1641">
     <span class='ocr_line' id='line_1_18' title="bbox 238 1562 1849 1641; baseline -0.001 -22"><span class='ocrx_word' id='word_1_108' title='bbox 238 1565 508 1639; x_wconf 83' lang='grc' dir='ltr'>Ἐμουντες</span> <span class='ocrx_word' id='word_1_109' title='bbox 549 1569 649 1641; x_wconf 77' lang='grc' dir='ltr'>γὰρ</span> <span class='ocrx_word' id='word_1_110' title='bbox 705 1565 783 1636; x_wconf 84' lang='grc' dir='ltr'>(Ι)</span> <span class='ocrx_word' id='word_1_111' title='bbox 836 1570 925 1618; x_wconf 85' lang='grc' dir='ltr'>καὶ</span> <span class='ocrx_word' id='word_1_112' title='bbox 979 1563 1373 1629; x_wconf 78' lang='grc' dir='ltr'>ἁποϐλύζοντες,</span> <span class='ocrx_word' id='word_1_113' title='bbox 1443 1563 1594 1636; x_wconf 89' lang='grc' dir='ltr'>μόλις</span> <span class='ocrx_word' id='word_1_114' title='bbox 1659 1562 1849 1618; x_wconf 52' lang='lat' dir='ltr'>iisut:-</span> 
     </span>
    </p>
   </div>
   <div class='ocr_carea' id='block_1_19' title="bbox 234 1649 1849 1730">
    <p class='ocr_par' dir='ltr' id='par_1_19' title="bbox 234 1649 1849 1730">
     <span class='ocr_line' id='line_1_19' title="bbox 234 1649 1849 1730; baseline -0.001 -23"><span class='ocrx_word' id='word_1_115' title='bbox 234 1664 448 1729; x_wconf 76' lang='grc' dir='ltr'>ρουνται</span> <span class='ocrx_word' id='word_1_116' title='bbox 512 1662 604 1707; x_wconf 76' lang='grc' dir='ltr'>τοῦ</span> <span class='ocrx_word' id='word_1_117' title='bbox 666 1652 886 1730; x_wconf 80' lang='grc' dir='ltr'>βάρους,</span> <span class='ocrx_word' id='word_1_118' title='bbox 954 1656 1188 1724; x_wconf 83' lang='grc' dir='ltr'>τοσούτῳ</span> <span class='ocrx_word' id='word_1_119' title='bbox 1273 1661 1374 1705; x_wconf 83' lang='grc' dir='ltr'>τὼν</span> <span class='ocrx_word' id='word_1_120' title='bbox 1448 1649 1849 1706; x_wconf 83' lang='grc' dir='ltr'>δυσπλοούντων</span> 
     </span>
    </p>
   </div>
   <div class='ocr_carea' id='block_1_20' title="bbox 1958 493 3611 563">
    <p class='ocr_par' dir='ltr' id='par_1_20' title="bbox 1958 493 3611 563">
     <span class='ocr_line' id='line_1_20' title="bbox 1958 493 3611 563; baseline 0.001 -12"><span class='ocrx_word' id='word_1_121' title='bbox 1958 495 2324 553; x_wconf 88' lang='lat' dir='ltr'>salacitatem</span> <span class='ocrx_word' id='word_1_122' title='bbox 2345 498 2739 563; x_wconf 80' lang='lat' dir='ltr'>concitantur,</span> <span class='ocrx_word' id='word_1_123' title='bbox 2755 493 3193 551; x_wconf 86' lang='lat' dir='ltr'>contabescunt</span> <span class='ocrx_word' id='word_1_124' title='bbox 3210 508 3280 551; x_wconf 84' lang='lat' dir='ltr'>ac</span> <span class='ocrx_word' id='word_1_125' title='bbox 3302 494 3611 553; x_wconf 82' lang='lat' dir='ltr'>difﬂuunt:</span> 
     </span>
    </p>
   </div>
   <div class='ocr_carea' id='block_1_21' title="bbox 1958 584 3616 658">
    <p class='ocr_par' dir='ltr' id='par_1_21' title="bbox 1958 584 3616 658">
     <span class='ocr_line' id='line_1_21' title="bbox 1958 584 3616 658; baseline 0.001 -19"><span class='ocrx_word' id='word_1_126' title='bbox 1958 584 2067 640; x_wconf 90' lang='lat' dir='ltr'>sed</span> <span class='ocrx_word' id='word_1_127' title='bbox 2093 584 2172 640; x_wconf 89' lang='lat' dir='ltr'>ob</span> <span class='ocrx_word' id='word_1_128' title='bbox 2202 586 2399 656; x_wconf 86' lang='lat' dir='ltr'>ipsam</span> <span class='ocrx_word' id='word_1_129' title='bbox 2449 585 2630 641; x_wconf 88' lang='lat' dir='ltr'>etiam</span> <span class='ocrx_word' id='word_1_130' title='bbox 2680 584 2903 641; x_wconf 90' lang='lat' dir='ltr'>molem</span> <span class='ocrx_word' id='word_1_131' title='bbox 2935 600 3005 641; x_wconf 87' lang='lat' dir='ltr'>ac</span> <span class='ocrx_word' id='word_1_132' title='bbox 3059 588 3369 650; x_wconf 85' lang='lat' dir='ltr'>tumorem,</span> <span class='ocrx_word' id='word_1_133' title='bbox 3395 592 3616 658; x_wconf 67' lang='lat' dir='ltr'>corpus</span> 
     </span>
    </p>
   </div>
   <div class='ocr_carea' id='block_1_22' title="bbox 1955 672 3616 745">
    <p class='ocr_par' dir='ltr' id='par_1_22' title="bbox 1955 672 3616 745">
     <span class='ocr_line' id='line_1_22' title="bbox 1955 672 3616 745; baseline -0.001 -16"><span class='ocrx_word' id='word_1_134' title='bbox 1955 672 2144 729; x_wconf 89' lang='lat' dir='ltr'>nimio</span> <span class='ocrx_word' id='word_1_135' title='bbox 2164 673 2417 730; x_wconf 89' lang='lat' dir='ltr'>humore</span> <span class='ocrx_word' id='word_1_136' title='bbox 2447 672 2761 745; x_wconf 85' lang='lat' dir='ltr'>repletum.</span> <span class='ocrx_word' id='word_1_137' title='bbox 2784 672 3113 744; x_wconf 86' lang='lat' dir='ltr'>laxumque</span> <span class='ocrx_word' id='word_1_138' title='bbox 3135 679 3192 728; x_wconf 89' lang='lat' dir='ltr'>et</span> <span class='ocrx_word' id='word_1_139' title='bbox 3218 672 3383 729; x_wconf 89' lang='lat' dir='ltr'>vitali</span> <span class='ocrx_word' id='word_1_140' title='bbox 3412 672 3616 743; x_wconf 81' lang='lat' dir='ltr'>vigore</span> 
     </span>
    </p>
   </div>
   <div class='ocr_carea' id='block_1_23' title="bbox 1958 762 3614 826">
    <p class='ocr_par' dir='ltr' id='par_1_23' title="bbox 1958 762 3614 826">
     <span class='ocr_line' id='line_1_23' title="bbox 1958 762 3614 826; baseline 0 -8"><span class='ocrx_word' id='word_1_141' title='bbox 1958 763 2225 819; x_wconf 91' lang='lat' dir='ltr'>solutum</span> <span class='ocrx_word' id='word_1_142' title='bbox 2254 762 2703 820; x_wconf 89' lang='lat' dir='ltr'>circumferunt.</span> <span class='ocrx_word' id='word_1_143' title='bbox 2757 765 2982 819; x_wconf 85' lang='lat' dir='ltr'>Horum</span> <span class='ocrx_word' id='word_1_144' title='bbox 3025 762 3186 819; x_wconf 91' lang='lat' dir='ltr'>lividi</span> <span class='ocrx_word' id='word_1_145' title='bbox 3239 767 3379 819; x_wconf 86' lang='lat' dir='ltr'>sunt</span> <span class='ocrx_word' id='word_1_146' title='bbox 3434 762 3614 826; x_wconf 75' lang='lat' dir='ltr'>ocu&#39;li,</span> 
     </span>
    </p>
   </div>
   <div class='ocr_carea' id='block_1_24' title="bbox 1956 850 3618 925">
    <p class='ocr_par' dir='ltr' id='par_1_24' title="bbox 1956 850 3618 925">
     <span class='ocr_line' id='line_1_24' title="bbox 1956 850 3618 925; baseline 0.001 -18"><span class='ocrx_word' id='word_1_147' title='bbox 1956 852 2304 924; x_wconf 79' lang='lat' dir='ltr'>subpallida</span> <span class='ocrx_word' id='word_1_148' title='bbox 2352 852 2699 925; x_wconf 81' lang='lat' dir='ltr'>superﬁcies</span> <span class='ocrx_word' id='word_1_149' title='bbox 2743 852 3171 924; x_wconf 88' lang='lat' dir='ltr'>cutis,spiritus</span> <span class='ocrx_word' id='word_1_150' title='bbox 3200 850 3526 924; x_wconf 81' lang='lat' dir='ltr'>impeditus</span> <span class='ocrx_word' id='word_1_151' title='bbox 3546 862 3618 909; x_wconf 84' lang='lat' dir='ltr'>ac</span> 
     </span>
    </p>
   </div>
   <div class='ocr_carea' id='block_1_25' title="bbox 1957 939 3617 1012">
    <p class='ocr_par' dir='ltr' id='par_1_25' title="bbox 1957 939 3617 1012">
     <span class='ocr_line' id='line_1_25' title="bbox 1957 939 3617 1012; baseline 0.001 -16"><span class='ocrx_word' id='word_1_152' title='bbox 1957 946 2434 1012; x_wconf 84' lang='lat' dir='ltr'>coagmentatus,</span> <span class='ocrx_word' id='word_1_153' title='bbox 2487 940 2697 1010; x_wconf 81' lang='lat' dir='ltr'>lingua</span> <span class='ocrx_word' id='word_1_154' title='bbox 2745 940 3030 1003; x_wconf 86' lang='lat' dir='ltr'>resoluta,</span> <span class='ocrx_word' id='word_1_155' title='bbox 3082 939 3311 997; x_wconf 82' lang='lat' dir='ltr'>clamor</span> <span class='ocrx_word' id='word_1_156' title='bbox 3339 940 3617 997; x_wconf 65' lang='lat' dir='ltr'>indistin-i</span> 
     </span>
    </p>
   </div>
   <div class='ocr_carea' id='block_1_26' title="bbox 1956 1030 3616 1102">
    <p class='ocr_par' dir='ltr' id='par_1_26' title="bbox 1956 1030 3616 1102">
     <span class='ocr_line' id='line_1_26' title="bbox 1956 1030 3616 1102; baseline -0.001 -17"><span class='ocrx_word' id='word_1_157' title='bbox 1956 1037 2106 1091; x_wconf 81' lang='lat' dir='ltr'>ctus.</span> <span class='ocrx_word' id='word_1_158' title='bbox 2139 1031 2462 1087; x_wconf 85' lang='lat' dir='ltr'>titubantes</span> <span class='ocrx_word' id='word_1_159' title='bbox 2494 1030 2678 1102; x_wconf 86' lang='lat' dir='ltr'>pedes</span> <span class='ocrx_word' id='word_1_160' title='bbox 2708 1030 2872 1086; x_wconf 85' lang='lat' dir='ltr'>velut</span> <span class='ocrx_word' id='word_1_161' title='bbox 2896 1045 3241 1102; x_wconf 88' lang='lat' dir='ltr'>puerorum,</span> <span class='ocrx_word' id='word_1_162' title='bbox 3263 1032 3616 1101; x_wconf 68' lang='lat' dir='ltr'>spontanee:</span> 
     </span>
    </p>
   </div>
   <div class='ocr_carea' id='block_1_27' title="bbox 1956 1116 3617 1191">
    <p class='ocr_par' dir='ltr' id='par_1_27' title="bbox 1956 1116 3617 1191">
     <span class='ocr_line' id='line_1_27' title="bbox 1956 1116 3617 1191; baseline -0.002 -16"><span class='ocrx_word' id='word_1_163' title='bbox 1956 1120 2438 1191; x_wconf 81' lang='lat' dir='ltr'>supertluitalum</span> <span class='ocrx_word' id='word_1_164' title='bbox 2508 1120 2844 1191; x_wconf 74' lang='lat' dir='ltr'>egestiones</span> <span class='ocrx_word' id='word_1_165' title='bbox 2904 1121 3080 1191; x_wconf 87' lang='lat' dir='ltr'>quasi</span> <span class='ocrx_word' id='word_1_166' title='bbox 3153 1116 3231 1174; x_wconf 88' lang='lat' dir='ltr'>ab</span> <span class='ocrx_word' id='word_1_167' title='bbox 3267 1117 3617 1174; x_wconf 83' lang='lat' dir='ltr'>inanimatis</span> 
     </span>
    </p>
   </div>
   <div class='ocr_carea' id='block_1_28' title="bbox 1957 1205 3618 1282">
    <p class='ocr_par' dir='ltr' id='par_1_28' title="bbox 1957 1205 3618 1282">
     <span class='ocr_line' id='line_1_28' title="bbox 1957 1205 3618 1282; baseline -0.002 -18"><span class='ocrx_word' id='word_1_168' title='bbox 1957 1208 2323 1282; x_wconf 86' lang='lat' dir='ltr'>proﬂuentes</span> <span class='ocrx_word' id='word_1_169' title='bbox 2349 1228 2359 1264; x_wconf 93' lang='lat'>:</span> <span class='ocrx_word' id='word_1_170' title='bbox 2391 1207 2470 1263; x_wconf 92' lang='lat' dir='ltr'>ob</span> <span class='ocrx_word' id='word_1_171' title='bbox 2498 1208 2710 1264; x_wconf 77' lang='lat' dir='ltr'>luxum</span> <span class='ocrx_word' id='word_1_172' title='bbox 2734 1207 3127 1275; x_wconf 80' lang='lat' dir='ltr'>miserabiles,</span> <span class='ocrx_word' id='word_1_173' title='bbox 3154 1205 3618 1263; x_wconf 84' lang='lat' dir='ltr'>miserabiliores</span> 
     </span>
    </p>
   </div>
   <div class='ocr_carea' id='block_1_29' title="bbox 1958 1293 3617 1369">
    <p class='ocr_par' dir='ltr' id='par_1_29' title="bbox 1958 1293 3617 1369">
     <span class='ocr_line' id='line_1_29' title="bbox 1958 1293 3617 1369; baseline -0.001 -17"><span class='ocrx_word' id='word_1_174' title='bbox 1958 1314 2144 1369; x_wconf 87' lang='lat' dir='ltr'>quam</span> <span class='ocrx_word' id='word_1_175' title='bbox 2172 1298 2273 1368; x_wconf 81' lang='lat' dir='ltr'>qui</span> <span class='ocrx_word' id='word_1_176' title='bbox 2306 1298 2365 1352; x_wconf 91' lang='lat' dir='ltr'>in</span> <span class='ocrx_word' id='word_1_177' title='bbox 2403 1297 2553 1353; x_wconf 85' lang='lat' dir='ltr'>mari</span> <span class='ocrx_word' id='word_1_178' title='bbox 2590 1297 3286 1369; x_wconf 85' lang='lat' dir='ltr'>tcmpestatejactantur,</span> <span class='ocrx_word' id='word_1_179' title='bbox 3317 1312 3474 1368; x_wconf 84' lang='lat' dir='ltr'>quos</span> <span class='ocrx_word' id='word_1_180' title='bbox 3497 1293 3617 1351; x_wconf 89' lang='lat' dir='ltr'>ﬂu-</span> 
     </span>
    </p>
   </div>
   <div class='ocr_carea' id='block_1_30' title="bbox 1955 1384 3620 1455">
    <p class='ocr_par' dir='ltr' id='par_1_30' title="bbox 1955 1384 3620 1455">
     <span class='ocr_line' id='line_1_30' title="bbox 1955 1384 3620 1455; baseline -0.002 -12"><span class='ocrx_word' id='word_1_181' title='bbox 1955 1392 2085 1443; x_wconf 90' lang='lat' dir='ltr'>ctus</span> <span class='ocrx_word' id='word_1_182' title='bbox 2114 1385 2216 1442; x_wconf 89' lang='lat' dir='ltr'>alii</span> <span class='ocrx_word' id='word_1_183' title='bbox 2243 1384 2372 1442; x_wconf 85' lang='lat' dir='ltr'>aliis</span> <span class='ocrx_word' id='word_1_184' title='bbox 2402 1386 2809 1455; x_wconf 82' lang='lat' dir='ltr'>succedentes,</span> <span class='ocrx_word' id='word_1_185' title='bbox 2846 1402 2915 1441; x_wconf 86' lang='lat' dir='ltr'>ac</span> <span class='ocrx_word' id='word_1_186' title='bbox 2946 1385 3387 1454; x_wconf 86' lang='lat' dir='ltr'>demergentes,</span> <span class='ocrx_word' id='word_1_187' title='bbox 3418 1399 3492 1440; x_wconf 81' lang='lat' dir='ltr'>ex</span> <span class='ocrx_word' id='word_1_188' title='bbox 3514 1399 3620 1440; x_wconf 82' lang='lat' dir='ltr'>un-</span> 
     </span>
    </p>
   </div>
   <div class='ocr_carea' id='block_1_31' title="bbox 1954 1472 3617 1546">
    <p class='ocr_par' dir='ltr' id='par_1_31' title="bbox 1954 1472 3617 1546">
     <span class='ocr_line' id='line_1_31' title="bbox 1954 1472 3617 1546; baseline -0.001 -16"><span class='ocrx_word' id='word_1_189' title='bbox 1954 1475 2046 1530; x_wconf 88' lang='lat' dir='ltr'>dis</span> <span class='ocrx_word' id='word_1_190' title='bbox 2086 1490 2392 1546; x_wconf 80' lang='lat' dir='ltr'>emergcre</span> <span class='ocrx_word' id='word_1_191' title='bbox 2434 1491 2557 1530; x_wconf 93' lang='lat' dir='ltr'>non</span> <span class='ocrx_word' id='word_1_192' title='bbox 2599 1474 2822 1530; x_wconf 89' lang='lat' dir='ltr'>sinunt.</span> <span class='ocrx_word' id='word_1_193' title='bbox 2866 1472 3397 1539; x_wconf 81' lang='lat' dir='ltr'>Quemadmodum</span> <span class='ocrx_word' id='word_1_194' title='bbox 3454 1472 3617 1529; x_wconf 90' lang='lat' dir='ltr'>enim</span> 
     </span>
    </p>
   </div>
   <div class='ocr_carea' id='block_1_32' title="bbox 1948 1561 3618 1635">
    <p class='ocr_par' dir='ltr' id='par_1_32' title="bbox 1948 1561 3618 1635">
     <span class='ocr_line' id='line_1_32' title="bbox 1948 1561 3618 1635; baseline -0.001 -16"><span class='ocrx_word' id='word_1_195' title='bbox 1948 1564 2176 1635; x_wconf 87' lang='lat' dir='ltr'>jactata</span> <span class='ocrx_word' id='word_1_196' title='bbox 2199 1570 2546 1635; x_wconf 88' lang='lat' dir='ltr'>tempestate</span> <span class='ocrx_word' id='word_1_197' title='bbox 2576 1563 2819 1633; x_wconf 87' lang='lat' dir='ltr'>navigia</span> <span class='ocrx_word' id='word_1_198' title='bbox 2840 1578 2977 1618; x_wconf 91' lang='lat' dir='ltr'>cum</span> <span class='ocrx_word' id='word_1_199' title='bbox 3007 1561 3142 1634; x_wconf 89' lang='lat' dir='ltr'>plus</span> <span class='ocrx_word' id='word_1_200' title='bbox 3165 1576 3343 1633; x_wconf 83' lang='lat' dir='ltr'>aequo</span> <span class='ocrx_word' id='word_1_201' title='bbox 3364 1572 3618 1617; x_wconf 84' lang='lat' dir='ltr'>oneran-</span> 
     </span>
    </p>
   </div>
   <div class='ocr_carea' id='block_1_33' title="bbox 1957 1646 3618 1722">
    <p class='ocr_par' dir='ltr' id='par_1_33' title="bbox 1957 1646 3618 1722">
     <span class='ocr_line' id='line_1_33' title="bbox 1957 1646 3618 1722; baseline -0.001 -15"><span class='ocrx_word' id='word_1_202' title='bbox 1957 1659 2068 1720; x_wconf 86' lang='lat' dir='ltr'>tur,</span> <span class='ocrx_word' id='word_1_203' title='bbox 2102 1667 2282 1708; x_wconf 89' lang='lat' dir='ltr'>onere</span> <span class='ocrx_word' id='word_1_204' title='bbox 2313 1653 2503 1722; x_wconf 86' lang='lat' dir='ltr'>ejecto</span> <span class='ocrx_word' id='word_1_205' title='bbox 2531 1666 2783 1707; x_wconf 88' lang='lat' dir='ltr'>necesse</span> <span class='ocrx_word' id='word_1_206' title='bbox 2810 1657 2898 1707; x_wconf 90' lang='lat' dir='ltr'>est</span> <span class='ocrx_word' id='word_1_207' title='bbox 2922 1650 3189 1715; x_wconf 87' lang='lat' dir='ltr'>allevari,</span> <span class='ocrx_word' id='word_1_208' title='bbox 3221 1651 3302 1707; x_wconf 91' lang='lat' dir='ltr'>ita</span> <span class='ocrx_word' id='word_1_209' title='bbox 3341 1655 3399 1705; x_wconf 91' lang='lat' dir='ltr'>et</span> <span class='ocrx_word' id='word_1_210' title='bbox 3439 1646 3501 1705; x_wconf 90' lang='lat' dir='ltr'>hi</span> <span class='ocrx_word' id='word_1_211' title='bbox 3543 1658 3618 1706; x_wconf 85' lang='lat' dir='ltr'>ea</span> 
     </span>
    </p>
   </div>
   <div class='ocr_carea' id='block_1_34' title="bbox 236 1737 1869 1817">
    <p class='ocr_par' dir='ltr' id='par_1_34' title="bbox 236 1741 1846 1817">
     <span class='ocr_line' id='line_1_34' title="bbox 236 1741 1846 1817; baseline 0 -22"><span class='ocrx_word' id='word_1_212' title='bbox 236 1743 578 1817; x_wconf 72' lang='grc' dir='ltr'>ἐλεεινότεροι,</span> <span class='ocrx_word' id='word_1_213' title='bbox 630 1745 751 1795; x_wconf 84' lang='grc' dir='ltr'>ὅσον</span> <span class='ocrx_word' id='word_1_214' title='bbox 799 1744 848 1794; x_wconf 83' lang='grc' dir='ltr'>οἱ</span> <span class='ocrx_word' id='word_1_215' title='bbox 914 1745 1003 1816; x_wconf 66' lang='grc' dir='ltr'>μὲν</span> <span class='ocrx_word' id='word_1_216' title='bbox 1052 1741 1272 1815; x_wconf 76' lang='grc' dir='ltr'>ἀνέμους</span> <span class='ocrx_word' id='word_1_217' title='bbox 1310 1747 1399 1794; x_wconf 81' lang='grc' dir='ltr'>καὶ</span> <span class='ocrx_word' id='word_1_218' title='bbox 1449 1742 1719 1794; x_wconf 78' lang='grc' dir='ltr'>θάλασσαν</span> <span class='ocrx_word' id='word_1_219' title='bbox 1756 1747 1846 1795; x_wconf 82' lang='grc' dir='ltr'>καὶ</span> 
     </span>
    </p>
   </div>
   <div class='ocr_carea' id='block_1_35' title="bbox 1964 1737 3616 1817">
    <p class='ocr_par' dir='ltr' id='par_1_35' title="bbox 1964 1737 3616 1815">
     <span class='ocr_line' id='line_1_35' title="bbox 1964 1737 3616 1815; baseline -0.002 -18"><span class='ocrx_word' id='word_1_220' title='bbox 1964 1756 2089 1815; x_wconf 68' lang='lat' dir='ltr'>quae</span> <span class='ocrx_word' id='word_1_221' title='bbox 2131 1741 2297 1813; x_wconf 88' lang='lat' dir='ltr'>ipsos</span> <span class='ocrx_word' id='word_1_222' title='bbox 2336 1747 2613 1811; x_wconf 83' lang='lat' dir='ltr'>gravant,</span> <span class='ocrx_word' id='word_1_223' title='bbox 2647 1740 2990 1798; x_wconf 88' lang='lat' dir='ltr'>necessario</span> <span class='ocrx_word' id='word_1_224' title='bbox 3022 1744 3291 1809; x_wconf 85' lang='lat' dir='ltr'>egerunt.</span> <span class='ocrx_word' id='word_1_225' title='bbox 3326 1741 3429 1795; x_wconf 81' lang='lat' dir='ltr'>Vix</span> <span class='ocrx_word' id='word_1_226' title='bbox 3453 1737 3616 1794; x_wconf 90' lang='lat' dir='ltr'>enim</span> 
     </span>
    </p>
   </div>
   <div class='ocr_carea' id='block_1_36' title="bbox 234 1826 1846 1908">
    <p class='ocr_par' dir='ltr' id='par_1_36' title="bbox 234 1826 1846 1908">
     <span class='ocr_line' id='line_1_36' title="bbox 234 1826 1846 1908; baseline 0.001 -25"><span class='ocrx_word' id='word_1_227' title='bbox 234 1836 330 1895; x_wconf 83' lang='grc' dir='ltr'>τὰς</span> <span class='ocrx_word' id='word_1_228' title='bbox 381 1833 561 1896; x_wconf 79' lang='grc' dir='ltr'>ἔξωθεν</span> <span class='ocrx_word' id='word_1_229' title='bbox 612 1831 841 1905; x_wconf 80' lang='grc' dir='ltr'>ἀνάγκας</span> <span class='ocrx_word' id='word_1_230' title='bbox 900 1832 1269 1885; x_wconf 77' lang='grc' dir='ltr'>ἇπαιτιὼνται·</span> <span class='ocrx_word' id='word_1_231' title='bbox 1326 1833 1376 1884; x_wconf 86' lang='grc' dir='ltr'>οἱ</span> <span class='ocrx_word' id='word_1_232' title='bbox 1442 1826 1502 1884; x_wconf 73' lang='grc' dir='ltr'>δε</span> <span class='ocrx_word' id='word_1_233' title='bbox 1542 1832 1846 1908; x_wconf 64' lang='grc' dir='ltr'>αὐθαίρετον</span> 
     </span>
    </p>
   </div>
   <div class='ocr_carea' id='block_1_37' title="bbox 236 1921 1846 1994">
    <p class='ocr_par' dir='ltr' id='par_1_37' title="bbox 236 1921 1846 1994">
     <span class='ocr_line' id='line_1_37' title="bbox 236 1921 1846 1994; baseline -0.001 -19"><span class='ocrx_word' id='word_1_234' title='bbox 236 1922 559 1976; x_wconf 80' lang='grc' dir='ltr'>ἐπισπῶνται</span> <span class='ocrx_word' id='word_1_235' title='bbox 596 1927 684 1975; x_wconf 84' lang='grc' dir='ltr'>τὸν</span> <span class='ocrx_word' id='word_1_236' title='bbox 736 1921 791 1974; x_wconf 83' lang='grc' dir='ltr'>ἐκ</span> <span class='ocrx_word' id='word_1_237' title='bbox 842 1931 937 1984; x_wconf 82' lang='grc' dir='ltr'>τῆς</span> <span class='ocrx_word' id='word_1_238' title='bbox 980 1923 1142 1993; x_wconf 81' lang='grc' dir='ltr'>μέθης</span> <span class='ocrx_word' id='word_1_239' title='bbox 1185 1930 1443 1993; x_wconf 85' lang='grc' dir='ltr'>χειμῶνα.</span> <span class='ocrx_word' id='word_1_240' title='bbox 1495 1926 1595 1974; x_wconf 82' lang='grc' dir='ltr'>Καὶ</span> <span class='ocrx_word' id='word_1_241' title='bbox 1654 1923 1702 1973; x_wconf 83' lang='grc' dir='ltr'>οἱ</span> <span class='ocrx_word' id='word_1_242' title='bbox 1756 1925 1846 1994; x_wconf 76' lang='grc' dir='ltr'>μὲν</span> 
     </span>
    </p>
   </div>
   <div class='ocr_carea' id='block_1_38' title="bbox 238 2006 1845 2082">
    <p class='ocr_par' dir='ltr' id='par_1_38' title="bbox 238 2006 1845 2082">
     <span class='ocr_line' id='line_1_38' title="bbox 238 2006 1845 2082; baseline -0.001 -17"><span class='ocrx_word' id='word_1_243' title='bbox 238 2009 603 2079; x_wconf 69' lang='grc' dir='ltr'>δαιμονῶντες,</span> <span class='ocrx_word' id='word_1_244' title='bbox 652 2010 887 2064; x_wconf 76' lang='grc' dir='ltr'>ἐλεεινόι·</span> <span class='ocrx_word' id='word_1_245' title='bbox 948 2013 997 2063; x_wconf 84' lang='grc' dir='ltr'>οἰ</span> <span class='ocrx_word' id='word_1_246' title='bbox 1051 2006 1111 2063; x_wconf 72' lang='grc' dir='ltr'>δὲ</span> <span class='ocrx_word' id='word_1_247' title='bbox 1167 2012 1437 2082; x_wconf 68' lang='grc' dir='ltr'>μεθύοντες</span> <span class='ocrx_word' id='word_1_248' title='bbox 1473 2014 1539 2062; x_wconf 78' lang='grc' dir='ltr'>τὰ</span> <span class='ocrx_word' id='word_1_249' title='bbox 1588 2011 1717 2062; x_wconf 80' lang='grc' dir='ltr'>αύτά</span> <span class='ocrx_word' id='word_1_250' title='bbox 1742 2013 1845 2063; x_wconf 82' lang='grc' dir='ltr'>πά-</span> 
     </span>
    </p>
   </div>
   <div class='ocr_carea' id='block_1_39' title="bbox 241 2096 1847 2173">
    <p class='ocr_par' dir='ltr' id='par_1_39' title="bbox 241 2096 1847 2173">
     <span class='ocr_line' id='line_1_39' title="bbox 241 2096 1847 2173; baseline 0 -19"><span class='ocrx_word' id='word_1_251' title='bbox 241 2120 477 2173; x_wconf 80' lang='grc' dir='ltr'>σχοντες,</span> <span class='ocrx_word' id='word_1_252' title='bbox 507 2098 630 2154; x_wconf 74' lang='grc' dir='ltr'>ούδέ</span> <span class='ocrx_word' id='word_1_253' title='bbox 681 2109 773 2152; x_wconf 77' lang='grc' dir='ltr'>τού</span> <span class='ocrx_word' id='word_1_254' title='bbox 822 2098 1073 2153; x_wconf 72' lang='grc' dir='ltr'>ἐλεεῖσθαι</span> <span class='ocrx_word' id='word_1_255' title='bbox 1120 2100 1279 2165; x_wconf 77' lang='grc' dir='ltr'>ἄξιοι,</span> <span class='ocrx_word' id='word_1_256' title='bbox 1313 2099 1605 2173; x_wconf 70' lang='grc' dir='ltr'>αὐθαιρέτῳ</span> <span class='ocrx_word' id='word_1_257' title='bbox 1633 2096 1847 2173; x_wconf 76' lang='grc' dir='ltr'>δαίμονι</span> 
     </span>
    </p>
   </div>
   <div class='ocr_carea' id='block_1_40' title="bbox 238 2189 1843 2264">
    <p class='ocr_par' dir='ltr' id='par_1_40' title="bbox 238 2189 1843 2264">
     <span class='ocr_line' id='line_1_40' title="bbox 238 2189 1843 2264; baseline -0.001 -22"><span class='ocrx_word' id='word_1_258' title='bbox 238 2190 704 2264; x_wconf 86' lang='grc' dir='ltr'>προσπαλαίοντες.</span> <span class='ocrx_word' id='word_1_259' title='bbox 760 2189 827 2242; x_wconf 83' lang='grc' dir='ltr'>Οἱ</span> <span class='ocrx_word' id='word_1_260' title='bbox 870 2194 959 2241; x_wconf 87' lang='grc' dir='ltr'>καὶ</span> <span class='ocrx_word' id='word_1_261' title='bbox 1008 2190 1171 2261; x_wconf 85' lang='grc' dir='ltr'>μέθης</span> <span class='ocrx_word' id='word_1_262' title='bbox 1223 2189 1528 2241; x_wconf 82' lang='grc' dir='ltr'>συντιθέασι</span> <span class='ocrx_word' id='word_1_263' title='bbox 1575 2190 1843 2261; x_wconf 71' lang='grc' dir='ltr'>φάρμακα,</span> 
     </span>
    </p>
   </div>
   <div class='ocr_carea' id='block_1_41' title="bbox 240 2272 1853 2351">
    <p class='ocr_par' dir='ltr' id='par_1_41' title="bbox 240 2272 1853 2351">
     <span class='ocr_line' id='line_1_41' title="bbox 240 2272 1853 2351; baseline -0.015 -4"><span class='ocrx_word' id='word_1_264' title='bbox 240 2279 369 2351; x_wconf 67' lang='grc' dir='ltr'>οὐχὶ</span> <span class='ocrx_word' id='word_1_265' title='bbox 397 2286 489 2331; x_wconf 64' lang='grc' dir='ltr'>τοῦ</span> <span class='ocrx_word' id='word_1_266' title='bbox 519 2283 591 2351; x_wconf 74' lang='grc' dir='ltr'>μὴ</span> <span class='ocrx_word' id='word_1_267' title='bbox 623 2279 804 2330; x_wconf 77' lang='grc' dir='ltr'>παθεῖν</span> <span class='ocrx_word' id='word_1_268' title='bbox 842 2297 894 2329; x_wconf 84' lang='grc' dir='ltr'>τι</span> <span class='ocrx_word' id='word_1_269' title='bbox 939 2272 1106 2330; x_wconf 85' lang='grc' dir='ltr'>δεινόν</span> <span class='ocrx_word' id='word_1_270' title='bbox 1138 2275 1239 2329; x_wconf 79' lang='grc' dir='ltr'>ἀπὸ</span> <span class='ocrx_word' id='word_1_271' title='bbox 1270 2284 1362 2329; x_wconf 80' lang='grc' dir='ltr'>τοῦ</span> <span class='ocrx_word' id='word_1_272' title='bbox 1395 2279 1556 2343; x_wconf 86' lang='grc' dir='ltr'>οῖνου,</span> <span class='ocrx_word' id='word_1_273' title='bbox 1600 2274 1728 2328; x_wconf 80' lang='grc' dir='ltr'>ἀλλὰ</span> <span class='ocrx_word' id='word_1_274' title='bbox 1755 2284 1853 2330; x_wconf 71' lang='grc' dir='ltr'>τοῦ</span> 
     </span>
    </p>
   </div>
   <div class='ocr_carea' id='block_1_42' title="bbox 241 2363 1850 2440">
    <p class='ocr_par' dir='ltr' id='par_1_42' title="bbox 241 2363 1850 2440">
     <span class='ocr_line' id='line_1_42' title="bbox 241 2363 1850 2440; baseline -0.001 -21"><span class='ocrx_word' id='word_1_275' title='bbox 241 2372 312 2440; x_wconf 79' lang='grc' dir='ltr'>μὴ</span> <span class='ocrx_word' id='word_1_276' title='bbox 369 2363 627 2420; x_wconf 75' lang='grc' dir='ltr'>διαλιπεῖν</span> <span class='ocrx_word' id='word_1_277' title='bbox 657 2368 926 2439; x_wconf 78' lang='grc' dir='ltr'>μεθύοντες</span> <span class='ocrx_word' id='word_1_278' title='bbox 955 2371 1350 2438; x_wconf 84' lang='grc' dir='ltr'>μηχανώμενοι.</span> <span class='ocrx_word' id='word_1_279' title='bbox 1421 2370 1521 2418; x_wconf 80' lang='grc' dir='ltr'>Καὶ</span> <span class='ocrx_word' id='word_1_280' title='bbox 1567 2364 1708 2427; x_wconf 72' lang='grc' dir='ltr'>τελος</span> <span class='ocrx_word' id='word_1_281' title='bbox 1756 2366 1850 2419; x_wconf 81' lang='grc' dir='ltr'>ούκ</span> 
     </span>
    </p>
   </div>
   <div class='ocr_carea' id='block_1_43' title="bbox 243 2448 1848 2530">
    <p class='ocr_par' dir='ltr' id='par_1_43' title="bbox 243 2448 1848 2530">
     <span class='ocr_line' id='line_1_43' title="bbox 243 2448 1848 2530; baseline -0.001 -21"><span class='ocrx_word' id='word_1_282' title='bbox 243 2456 357 2509; x_wconf 83' lang='grc' dir='ltr'>ἔστι</span> <span class='ocrx_word' id='word_1_283' title='bbox 411 2466 505 2509; x_wconf 82' lang='grc' dir='ltr'>τού</span> <span class='ocrx_word' id='word_1_284' title='bbox 564 2463 761 2509; x_wconf 75' lang='grc' dir='ltr'>κακοῡ’</span> <span class='ocrx_word' id='word_1_285' title='bbox 828 2454 980 2516; x_wconf 70' lang='grc' dir='ltr'>αὐτὸς</span> <span class='ocrx_word' id='word_1_286' title='bbox 1017 2458 1118 2530; x_wconf 81' lang='grc' dir='ltr'>γὰρ</span> <span class='ocrx_word' id='word_1_287' title='bbox 1175 2454 1355 2507; x_wconf 83' lang='grc' dir='ltr'>ἑαυτὸν</span> <span class='ocrx_word' id='word_1_288' title='bbox 1393 2454 1420 2506; x_wconf 86' lang='grc' dir='ltr'><strong><em>ὁ</em></strong></span> <span class='ocrx_word' id='word_1_289' title='bbox 1476 2448 1608 2515; x_wconf 82' lang='grc' dir='ltr'>οἶνος</span> <span class='ocrx_word' id='word_1_290' title='bbox 1646 2452 1730 2507; x_wconf 69' lang='grc' dir='ltr'>ἰπὶ</span> <span class='ocrx_word' id='word_1_291' title='bbox 1788 2457 1848 2508; x_wconf 85' lang='grc' dir='ltr'>τὸ</span> 
     </span>
    </p>
   </div>
   <div class='ocr_carea' id='block_1_44' title="bbox 242 2544 1851 2619">
    <p class='ocr_par' dir='ltr' id='par_1_44' title="bbox 242 2544 1851 2619">
     <span class='ocr_line' id='line_1_44' title="bbox 242 2544 1851 2619; baseline -0.001 -21"><span class='ocrx_word' id='word_1_292' title='bbox 242 2545 414 2599; x_wconf 86' lang='grc' dir='ltr'>πλεῖον</span> <span class='ocrx_word' id='word_1_293' title='bbox 466 2547 684 2619; x_wconf 87' lang='grc' dir='ltr'>προάγει</span> <span class='ocrx_word' id='word_1_294' title='bbox 883 2544 958 2596; x_wconf 84' lang='grc' dir='ltr'>Ού</span> <span class='ocrx_word' id='word_1_295' title='bbox 1006 2546 1108 2618; x_wconf 77' lang='grc' dir='ltr'>γὰρ</span> <span class='ocrx_word' id='word_1_296' title='bbox 1156 2547 1247 2601; x_wconf 66' lang='grc' dir='ltr'>τὴν</span> <span class='ocrx_word' id='word_1_297' title='bbox 1293 2547 1480 2617; x_wconf 85' lang='grc' dir='ltr'>χρείαν</span> <span class='ocrx_word' id='word_1_298' title='bbox 1518 2545 1851 2615; x_wconf 85' lang='grc' dir='ltr'>παραμυθεῖ-</span> 
     </span>
    </p>
   </div>
   <div class='ocr_carea' id='block_1_45' title="bbox 243 2629 1852 2707">
    <p class='ocr_par' dir='ltr' id='par_1_45' title="bbox 243 2629 1852 2707">
     <span class='ocr_line' id='line_1_45' title="bbox 243 2629 1852 2707; baseline -0.001 -21"><span class='ocrx_word' id='word_1_299' title='bbox 243 2653 354 2700; x_wconf 89' lang='grc' dir='ltr'>ται,</span> <span class='ocrx_word' id='word_1_300' title='bbox 404 2632 516 2685; x_wconf 78' lang='grc' dir='ltr'>ἀλλ’</span> <span class='ocrx_word' id='word_1_301' title='bbox 566 2634 735 2707; x_wconf 80' lang='grc' dir='ltr'>ἑτέρου</span> <span class='ocrx_word' id='word_1_302' title='bbox 791 2639 954 2685; x_wconf 81' lang='grc' dir='ltr'>ποτοῦ</span> <span class='ocrx_word' id='word_1_303' title='bbox 996 2636 1184 2706; x_wconf 77' lang='grc' dir='ltr'>χρείαν</span> <span class='ocrx_word' id='word_1_304' title='bbox 1242 2629 1598 2704; x_wconf 78' lang='grc' dir='ltr'>ἀπαραίτητον</span> <span class='ocrx_word' id='word_1_305' title='bbox 1630 2630 1852 2704; x_wconf 83' lang='grc' dir='ltr'>ἐμποιεῖ,</span> 
     </span>
    </p>
   </div>
   <div class='ocr_carea' id='block_1_46' title="bbox 244 2718 1855 2793">
    <p class='ocr_par' dir='ltr' id='par_1_46' title="bbox 244 2718 1855 2793">
     <span class='ocr_line' id='line_1_46' title="bbox 244 2718 1855 2793; baseline -0.001 -19"><span class='ocrx_word' id='word_1_306' title='bbox 244 2719 461 2774; x_wconf 77' lang='grc' dir='ltr'>ἐκκαίων</span> <span class='ocrx_word' id='word_1_307' title='bbox 491 2725 612 2783; x_wconf 81' lang='grc' dir='ltr'>τούς</span> <span class='ocrx_word' id='word_1_308' title='bbox 642 2722 947 2793; x_wconf 78' lang='grc' dir='ltr'>μεθύοντας,</span> <span class='ocrx_word' id='word_1_309' title='bbox 978 2725 1068 2771; x_wconf 83' lang='grc' dir='ltr'>καὶ</span> <span class='ocrx_word' id='word_1_310' title='bbox 1126 2718 1205 2773; x_wconf 81' lang='grc' dir='ltr'>ἀεὶ</span> <span class='ocrx_word' id='word_1_311' title='bbox 1252 2723 1383 2791; x_wconf 85' lang='grc' dir='ltr'>πρὸς</span> <span class='ocrx_word' id='word_1_312' title='bbox 1430 2723 1525 2776; x_wconf 78' lang='grc' dir='ltr'>τὴν</span> <span class='ocrx_word' id='word_1_313' title='bbox 1560 2727 1652 2771; x_wconf 80' lang='grc' dir='ltr'>τοῦ</span> <span class='ocrx_word' id='word_1_314' title='bbox 1683 2719 1855 2773; x_wconf 80' lang='grc' dir='ltr'>πλείο-</span> 
     </span>
    </p>
   </div>
   <div class='ocr_carea' id='block_1_47' title="bbox 244 2805 1855 2888">
    <p class='ocr_par' dir='ltr' id='par_1_47' title="bbox 244 2805 1855 2888">
     <span class='ocr_line' id='line_1_47' title="bbox 244 2805 1855 2888; baseline 0 -27"><span class='ocrx_word' id='word_1_315' title='bbox 244 2829 325 2871; x_wconf 86' lang='grc' dir='ltr'>νος</span> <span class='ocrx_word' id='word_1_316' title='bbox 380 2812 551 2883; x_wconf 68' lang='grc' dir='ltr'>ἔφεσιν</span> <span class='ocrx_word' id='word_1_317' title='bbox 591 2808 1062 2884; x_wconf 84' lang='grc' dir='ltr'>προσκαλούμενος.</span> <span class='ocrx_word' id='word_1_318' title='bbox 1098 2812 1200 2861; x_wconf 82' lang='lat' dir='ltr'>Kui</span> <span class='ocrx_word' id='word_1_319' title='bbox 1249 2808 1515 2880; x_wconf 76' lang='grc' dir='ltr'>ὦσπεραί</span> <span class='ocrx_word' id='word_1_320' title='bbox 1550 2805 1855 2888; x_wconf 59' lang='grc' dir='ltr'>χαράδραι,</span> 
     </span>
    </p>
   </div>
   <div class='ocr_carea' id='block_1_48' title="bbox 243 2895 1856 2972">
    <p class='ocr_par' dir='ltr' id='par_1_48' title="bbox 243 2895 1856 2972">
     <span class='ocr_line' id='line_1_48' title="bbox 243 2895 1856 2972; baseline -0.003 -19"><span class='ocrx_word' id='word_1_321' title='bbox 243 2898 333 2959; x_wconf 80' lang='grc' dir='ltr'>ἕως</span> <span class='ocrx_word' id='word_1_322' title='bbox 377 2903 468 2972; x_wconf 70' lang='grc' dir='ltr'>μὲν</span> <span class='ocrx_word' id='word_1_323' title='bbox 514 2901 576 2951; x_wconf 86' lang='grc' dir='ltr'>οἰν</span> <span class='ocrx_word' id='word_1_324' title='bbox 629 2898 814 2960; x_wconf 73' lang='grc' dir='ltr'>αὐταῖς</span> <span class='ocrx_word' id='word_1_325' title='bbox 855 2895 1164 2971; x_wconf 79' lang='grc' dir='ltr'>ἐπιῤῥέωσιν</span> <span class='ocrx_word' id='word_1_326' title='bbox 1202 2897 1252 2948; x_wconf 82' lang='grc' dir='ltr'>οἱ</span> <span class='ocrx_word' id='word_1_327' title='bbox 1310 2895 1617 2971; x_wconf 70' lang='grc' dir='ltr'>χείμαρροι,</span> <span class='ocrx_word' id='word_1_328' title='bbox 1652 2896 1856 2969; x_wconf 79' lang='grc' dir='ltr'>πλήρεις</span> 
     </span>
    </p>
   </div>
   <div class='ocr_carea' id='block_1_49' title="bbox 241 2981 1857 3061">
    <p class='ocr_par' dir='ltr' id='par_1_49' title="bbox 241 2981 1857 3061">
     <span class='ocr_line' id='line_1_49' title="bbox 241 2981 1857 3061; baseline -0.003 -20"><span class='ocrx_word' id='word_1_329' title='bbox 241 2984 375 3041; x_wconf 82' lang='grc' dir='ltr'>εἶναι</span> <span class='ocrx_word' id='word_1_330' title='bbox 406 2985 649 3054; x_wconf 66' lang='grc' dir='ltr'>δοκοῦσι,</span> <span class='ocrx_word' id='word_1_331' title='bbox 708 2987 1069 3061; x_wconf 77' lang='grc' dir='ltr'>παρελθούσης</span> <span class='ocrx_word' id='word_1_332' title='bbox 1122 2981 1183 3038; x_wconf 69' lang='grc' dir='ltr'>δὲ</span> <span class='ocrx_word' id='word_1_333' title='bbox 1234 2993 1324 3046; x_wconf 82' lang='grc' dir='ltr'>τῆς</span> <span class='ocrx_word' id='word_1_334' title='bbox 1377 2983 1712 3061; x_wconf 76' lang='grc' dir='ltr'>πλημμύρας,</span> <span class='ocrx_word' id='word_1_335' title='bbox 1756 2985 1857 3049; x_wconf 87' lang='grc' dir='ltr'>ξη-</span> 
     </span>
    </p>
   </div>
   <div class='ocr_carea' id='block_1_50' title="bbox 239 3073 1856 3151">
    <p class='ocr_par' dir='ltr' id='par_1_50' title="bbox 239 3073 1856 3151">
     <span class='ocr_line' id='line_1_50' title="bbox 239 3073 1856 3151; baseline -0.001 -20"><span class='ocrx_word' id='word_1_336' title='bbox 239 3082 331 3151; x_wconf 81' lang='grc' dir='ltr'>ραὶ</span> <span class='ocrx_word' id='word_1_337' title='bbox 359 3078 796 3131; x_wconf 66' lang='grc' dir='ltr'>καταλείπονται·</span> <span class='ocrx_word' id='word_1_338' title='bbox 854 3076 989 3129; x_wconf 80' lang='grc' dir='ltr'>οὕτω</span> <span class='ocrx_word' id='word_1_339' title='bbox 1044 3079 1136 3128; x_wconf 86' lang='grc' dir='ltr'>καὶ</span> <span class='ocrx_word' id='word_1_340' title='bbox 1188 3082 1300 3138; x_wconf 83' lang='grc' dir='ltr'>τοῖς</span> <span class='ocrx_word' id='word_1_341' title='bbox 1356 3073 1618 3147; x_wconf 71' lang='grc' dir='ltr'>οἰνόφλυξι</span> <span class='ocrx_word' id='word_1_342' title='bbox 1645 3079 1702 3128; x_wconf 88' lang='grc' dir='ltr'>τὸ</span> <span class='ocrx_word' id='word_1_343' title='bbox 1736 3080 1856 3135; x_wconf 80' lang='grc' dir='ltr'>στό,</span> 
     </span>
    </p>
   </div>
   <div class='ocr_carea' id='block_1_51' title="bbox 241 3162 1853 3241">
    <p class='ocr_par' dir='ltr' id='par_1_51' title="bbox 241 3162 1853 3241">
     <span class='ocr_line' id='line_1_51' title="bbox 241 3162 1853 3241; baseline -0.001 -22"><span class='ocrx_word' id='word_1_344' title='bbox 241 3188 337 3240; x_wconf 88' lang='grc' dir='ltr'>μα,</span> <span class='ocrx_word' id='word_1_345' title='bbox 397 3166 788 3241; x_wconf 76' lang='grc' dir='ltr'>ἐλλιμνάζοντος</span> <span class='ocrx_word' id='word_1_346' title='bbox 838 3169 929 3239; x_wconf 73' lang='grc' dir='ltr'>μεν</span> <span class='ocrx_word' id='word_1_347' title='bbox 987 3173 1080 3218; x_wconf 76' lang='grc' dir='ltr'>τοῦ</span> <span class='ocrx_word' id='word_1_348' title='bbox 1133 3168 1294 3231; x_wconf 84' lang='grc' dir='ltr'>οἴνου,</span> <span class='ocrx_word' id='word_1_349' title='bbox 1336 3163 1530 3237; x_wconf 80' lang='grc' dir='ltr'>πλῆρές</span> <span class='ocrx_word' id='word_1_350' title='bbox 1576 3162 1689 3217; x_wconf 77' lang='grc' dir='ltr'>ἔστί</span> <span class='ocrx_word' id='word_1_351' title='bbox 1745 3184 1853 3228; x_wconf 87' lang='grc' dir='ltr'>πως</span> 
     </span>
    </p>
   </div>
   <div class='ocr_carea' id='block_1_52' title="bbox 241 3250 1854 3331">
    <p class='ocr_par' dir='ltr' id='par_1_52' title="bbox 241 3250 1854 3331">
     <span class='ocr_line' id='line_1_52' title="bbox 241 3250 1854 3331; baseline 0 -23"><span class='ocrx_word' id='word_1_352' title='bbox 241 3262 333 3311; x_wconf 87' lang='grc' dir='ltr'>καὶ</span> <span class='ocrx_word' id='word_1_353' title='bbox 385 3253 622 3329; x_wconf 83' lang='grc' dir='ltr'>δίυγρον,</span> <span class='ocrx_word' id='word_1_354' title='bbox 671 3259 856 3331; x_wconf 82' lang='grc' dir='ltr'>μικρὸν</span> <span class='ocrx_word' id='word_1_355' title='bbox 920 3250 980 3308; x_wconf 76' lang='grc' dir='ltr'>δε</span> <span class='ocrx_word' id='word_1_356' title='bbox 1033 3250 1489 3329; x_wconf 78' lang='grc' dir='ltr'>παραδραμόντος,</span> <span class='ocrx_word' id='word_1_357' title='bbox 1550 3252 1706 3327; x_wconf 78' lang='grc' dir='ltr'>ξηρόν</span> <span class='ocrx_word' id='word_1_358' title='bbox 1763 3259 1854 3308; x_wconf 80' lang='grc' dir='ltr'>καὶ</span> 
     </span>
    </p>
   </div>
   <div class='ocr_carea' id='block_1_53' title="bbox 244 3344 856 3418">
    <p class='ocr_par' dir='ltr' id='par_1_53' title="bbox 244 3344 856 3418">
     <span class='ocr_line' id='line_1_53' title="bbox 244 3344 856 3418; baseline 0.005 -21"><span class='ocrx_word' id='word_1_359' title='bbox 244 3348 461 3418; x_wconf 82' lang='grc' dir='ltr'>ἅνικμον</span> <span class='ocrx_word' id='word_1_360' title='bbox 488 3344 856 3417; x_wconf 80' lang='grc' dir='ltr'>ἀπελέγχεται.</span> 
     </span>
    </p>
   </div>
   <div class='ocr_carea' id='block_1_54' title="bbox 1893 3076 2443 3162">
    <p class='ocr_par' dir='ltr' id='par_1_54' title="bbox 1893 3076 2443 3162">
     <span class='ocr_line' id='line_1_54' title="bbox 1893 3076 2443 3162; baseline 0 -30"><span class='ocrx_word' id='word_1_361' title='bbox 1893 3096 1934 3162; x_wconf 75' lang='lat' dir='ltr'><strong>C</strong></span> <span class='ocrx_word' id='word_1_362' title='bbox 1964 3076 2382 3132; x_wconf 88' lang='lat' dir='ltr'>necessitatem</span> <span class='ocrx_word' id='word_1_363' title='bbox 2429 3092 2443 3132; x_wconf 91' lang='lat'><strong>:</strong></span> 
     </span>
    </p>
   </div>
   <div class='ocr_carea' id='block_1_55' title="bbox 1955 1828 3617 1901">
    <p class='ocr_par' dir='ltr' id='par_1_55' title="bbox 1955 1828 3617 1901">
     <span class='ocr_line' id='line_1_55' title="bbox 1955 1828 3617 1901; baseline -0.001 -16"><span class='ocrx_word' id='word_1_364' title='bbox 1955 1831 2177 1886; x_wconf 87' lang='lat' dir='ltr'>vomitu</span> <span class='ocrx_word' id='word_1_365' title='bbox 2210 1833 2268 1885; x_wconf 87' lang='lat' dir='ltr'>et</span> <span class='ocrx_word' id='word_1_366' title='bbox 2295 1831 2629 1901; x_wconf 86' lang='lat' dir='ltr'>dejectione</span> <span class='ocrx_word' id='word_1_367' title='bbox 2687 1829 2766 1886; x_wconf 90' lang='lat' dir='ltr'>ab</span> <span class='ocrx_word' id='word_1_368' title='bbox 2825 1845 3007 1885; x_wconf 88' lang='lat' dir='ltr'>onere</span> <span class='ocrx_word' id='word_1_369' title='bbox 3066 1828 3416 1896; x_wconf 89' lang='lat' dir='ltr'>liberantur,</span> <span class='ocrx_word' id='word_1_370' title='bbox 3446 1832 3617 1885; x_wconf 82' lang='lat' dir='ltr'>tanta</span> 
     </span>
    </p>
   </div>
   <div class='ocr_carea' id='block_1_56' title="bbox 1952 1915 3617 1991">
    <p class='ocr_par' dir='ltr' id='par_1_56' title="bbox 1952 1915 3617 1991">
     <span class='ocr_line' id='line_1_56' title="bbox 1952 1915 3617 1991; baseline -0.001 -16"><span class='ocrx_word' id='word_1_371' title='bbox 1952 1919 2413 1975; x_wconf 85' lang='lat' dir='ltr'>miserabiliores</span> <span class='ocrx_word' id='word_1_372' title='bbox 2444 1918 2754 1975; x_wconf 83' lang='lat' dir='ltr'>infeliciter</span> <span class='ocrx_word' id='word_1_373' title='bbox 2775 1918 3530 1991; x_wconf 87' lang='lat' dir='ltr'>navigantibus,quantum</span> <span class='ocrx_word' id='word_1_374' title='bbox 3551 1915 3617 1973; x_wconf 85' lang='lat' dir='ltr'>hi</span> 
     </span>
    </p>
   </div>
   <div class='ocr_carea' id='block_1_57' title="bbox 1950 2005 3618 2082">
    <p class='ocr_par' dir='ltr' id='par_1_57' title="bbox 1950 2005 3618 2082">
     <span class='ocr_line' id='line_1_57' title="bbox 1950 2005 3618 2082; baseline -0.001 -18"><span class='ocrx_word' id='word_1_375' title='bbox 1950 2009 2197 2082; x_wconf 84' lang='lat' dir='ltr'>quidem</span> <span class='ocrx_word' id='word_1_376' title='bbox 2235 2010 2441 2064; x_wconf 75' lang='lat' dir='ltr'>ventos</span> <span class='ocrx_word' id='word_1_377' title='bbox 2494 2013 2551 2064; x_wconf 88' lang='lat' dir='ltr'>et</span> <span class='ocrx_word' id='word_1_378' title='bbox 2594 2024 2762 2063; x_wconf 91' lang='lat' dir='ltr'>mare</span> <span class='ocrx_word' id='word_1_379' title='bbox 2811 2012 2869 2063; x_wconf 90' lang='lat' dir='ltr'>et</span> <span class='ocrx_word' id='word_1_380' title='bbox 2912 2013 3156 2063; x_wconf 84' lang='lat' dir='ltr'>externa</span> <span class='ocrx_word' id='word_1_381' title='bbox 3180 2005 3618 2078; x_wconf 83' lang='lat' dir='ltr'>impedimenta</span> 
     </span>
    </p>
   </div>
   <div class='ocr_carea' id='block_1_58' title="bbox 1951 2095 3617 2169">
    <p class='ocr_par' dir='ltr' id='par_1_58' title="bbox 1951 2095 3617 2169">
     <span class='ocr_line' id='line_1_58' title="bbox 1951 2095 3617 2169; baseline -0.001 -16"><span class='ocrx_word' id='word_1_382' title='bbox 1951 2103 2284 2155; x_wconf 88' lang='lat' dir='ltr'>causantur</span> <span class='ocrx_word' id='word_1_383' title='bbox 2334 2113 2348 2153; x_wconf 92' lang='lat'><strong>:</strong></span> <span class='ocrx_word' id='word_1_384' title='bbox 2401 2097 2485 2152; x_wconf 87' lang='lat' dir='ltr'>illi</span> <span class='ocrx_word' id='word_1_385' title='bbox 2536 2110 2682 2153; x_wconf 88' lang='lat' dir='ltr'>vero</span> <span class='ocrx_word' id='word_1_386' title='bbox 2730 2095 3031 2153; x_wconf 88' lang='lat' dir='ltr'>ebrietatis</span> <span class='ocrx_word' id='word_1_387' title='bbox 3069 2100 3492 2169; x_wconf 87' lang='lat' dir='ltr'>tempestatem</span> <span class='ocrx_word' id='word_1_388' title='bbox 3531 2095 3617 2151; x_wconf 80' lang='lat' dir='ltr'>si-</span> 
     </span>
    </p>
   </div>
   <div class='ocr_carea' id='block_1_59' title="bbox 1950 2183 3622 2258">
    <p class='ocr_par' dir='ltr' id='par_1_59' title="bbox 1950 2183 3622 2258">
     <span class='ocr_line' id='line_1_59' title="bbox 1950 2183 3622 2258; baseline -0.003 -15"><span class='ocrx_word' id='word_1_389' title='bbox 1950 2186 2015 2243; x_wconf 87' lang='lat' dir='ltr'>bi</span> <span class='ocrx_word' id='word_1_390' title='bbox 2045 2186 2194 2258; x_wconf 90' lang='lat' dir='ltr'>ipsis</span> <span class='ocrx_word' id='word_1_391' title='bbox 2224 2192 2439 2258; x_wconf 89' lang='lat' dir='ltr'>sponte</span> <span class='ocrx_word' id='word_1_392' title='bbox 2467 2184 2789 2242; x_wconf 87' lang='lat' dir='ltr'>asciscunt.</span> <span class='ocrx_word' id='word_1_393' title='bbox 2816 2185 3023 2257; x_wconf 87' lang='lat' dir='ltr'>Itaque</span> <span class='ocrx_word' id='word_1_394' title='bbox 3045 2184 3149 2257; x_wconf 91' lang='lat' dir='ltr'>qui</span> <span class='ocrx_word' id='word_1_395' title='bbox 3179 2200 3215 2241; x_wconf 91' lang='lat' dir='ltr'>a</span> <span class='ocrx_word' id='word_1_396' title='bbox 3236 2183 3622 2240; x_wconf 71' lang='lat' dir='ltr'>daemonibus</span> 
     </span>
    </p>
   </div>
   <div class='ocr_carea' id='block_1_60' title="bbox 1953 2270 3622 2346">
    <p class='ocr_par' dir='ltr' id='par_1_60' title="bbox 1953 2270 3622 2346">
     <span class='ocr_line' id='line_1_60' title="bbox 1953 2270 3622 2346; baseline -0.001 -15"><span class='ocrx_word' id='word_1_397' title='bbox 1953 2274 2331 2344; x_wconf 85' lang='lat' dir='ltr'>obsidentur,</span> <span class='ocrx_word' id='word_1_398' title='bbox 2362 2273 2747 2331; x_wconf 84' lang='lat' dir='ltr'>miseratione</span> <span class='ocrx_word' id='word_1_399' title='bbox 2782 2273 3031 2346; x_wconf 87' lang='lat' dir='ltr'>quidem</span> <span class='ocrx_word' id='word_1_400' title='bbox 3071 2270 3239 2343; x_wconf 82' lang='lat' dir='ltr'>digni</span> <span class='ocrx_word' id='word_1_401' title='bbox 3269 2279 3444 2329; x_wconf 89' lang='lat' dir='ltr'>sunt:</span> <span class='ocrx_word' id='word_1_402' title='bbox 3471 2270 3622 2329; x_wconf 78' lang='lat' dir='ltr'>ebrii</span> 
     </span>
    </p>
   </div>
   <div class='ocr_carea' id='block_1_61' title="bbox 1955 2360 3621 2435">
    <p class='ocr_par' dir='ltr' id='par_1_61' title="bbox 1955 2360 3621 2435">
     <span class='ocr_line' id='line_1_61' title="bbox 1955 2360 3621 2435; baseline -0.001 -17"><span class='ocrx_word' id='word_1_403' title='bbox 1955 2376 2097 2419; x_wconf 86' lang='lat' dir='ltr'>vero</span> <span class='ocrx_word' id='word_1_404' title='bbox 2130 2364 2344 2419; x_wconf 88' lang='lat' dir='ltr'>eadem</span> <span class='ocrx_word' id='word_1_405' title='bbox 2372 2362 2794 2435; x_wconf 88' lang='lat' dir='ltr'>perpetientes,</span> <span class='ocrx_word' id='word_1_406' title='bbox 2845 2376 2920 2417; x_wconf 93' lang='lat' dir='ltr'>ne</span> <span class='ocrx_word' id='word_1_407' title='bbox 2950 2361 3121 2430; x_wconf 75' lang='lat' dir='ltr'>digni</span> <span class='ocrx_word' id='word_1_408' title='bbox 3168 2360 3417 2435; x_wconf 88' lang='lat' dir='ltr'>quidem</span> <span class='ocrx_word' id='word_1_409' title='bbox 3460 2366 3621 2428; x_wconf 88' lang='lat' dir='ltr'>sunt,</span> 
     </span>
    </p>
   </div>
   <div class='ocr_carea' id='block_1_62' title="bbox 1955 2449 3628 2526">
    <p class='ocr_par' dir='ltr' id='par_1_62' title="bbox 1955 2449 3628 2526">
     <span class='ocr_line' id='line_1_62' title="bbox 1955 2449 3628 2526; baseline -0.001 -17"><span class='ocrx_word' id='word_1_410' title='bbox 1955 2468 2219 2526; x_wconf 91' lang='lat' dir='ltr'>quorum</span> <span class='ocrx_word' id='word_1_411' title='bbox 2236 2451 2650 2520; x_wconf 89' lang='lat' dir='ltr'>misereamur,</span> <span class='ocrx_word' id='word_1_412' title='bbox 2663 2450 3169 2524; x_wconf 83' lang='lat' dir='ltr'>quandoquidem</span> <span class='ocrx_word' id='word_1_413' title='bbox 3192 2464 3331 2505; x_wconf 91' lang='lat' dir='ltr'>cum</span> <span class='ocrx_word' id='word_1_414' title='bbox 3350 2449 3628 2507; x_wconf 41' lang='lat' dir='ltr'>voluntas</span> 
     </span>
    </p>
   </div>
   <div class='ocr_carea' id='block_1_63' title="bbox 1957 2538 3628 2613">
    <p class='ocr_par' dir='ltr' id='par_1_63' title="bbox 1957 2538 3628 2613">
     <span class='ocr_line' id='line_1_63' title="bbox 1957 2538 3628 2613; baseline -0.001 -15"><span class='ocrx_word' id='word_1_415' title='bbox 1957 2543 2049 2598; x_wconf 87' lang='lat' dir='ltr'>rio</span> <span class='ocrx_word' id='word_1_416' title='bbox 2078 2542 2357 2599; x_wconf 72' lang='lat' dir='ltr'>daemone</span> <span class='ocrx_word' id='word_1_417' title='bbox 2414 2540 2833 2599; x_wconf 89' lang='lat' dir='ltr'>colluctantur.</span> <span class='ocrx_word' id='word_1_418' title='bbox 2876 2541 2942 2597; x_wconf 85' lang='lat' dir='ltr'>Hi</span> <span class='ocrx_word' id='word_1_419' title='bbox 3009 2548 3300 2613; x_wconf 58' lang='lat' dir='ltr'>praterea</span> <span class='ocrx_word' id='word_1_420' title='bbox 3338 2538 3628 2613; x_wconf 69' lang='lat' dir='ltr'>quietiam</span> 
     </span>
    </p>
   </div>
   <div class='ocr_carea' id='block_1_64' title="bbox 1961 2628 3631 2703">
    <p class='ocr_par' dir='ltr' id='par_1_64' title="bbox 1961 2628 3631 2703">
     <span class='ocr_line' id='line_1_64' title="bbox 1961 2628 3631 2703; baseline -0.002 -15"><span class='ocrx_word' id='word_1_421' title='bbox 1961 2631 2262 2688; x_wconf 85' lang='lat' dir='ltr'>ebrietatis</span> <span class='ocrx_word' id='word_1_422' title='bbox 2300 2630 2637 2703; x_wconf 88' lang='lat' dir='ltr'>pharmaca</span> <span class='ocrx_word' id='word_1_423' title='bbox 2697 2634 3096 2702; x_wconf 90' lang='lat' dir='ltr'>componunt,</span> <span class='ocrx_word' id='word_1_424' title='bbox 3164 2644 3415 2703; x_wconf 87' lang='lat' dir='ltr'>operam</span> <span class='ocrx_word' id='word_1_425' title='bbox 3455 2628 3631 2686; x_wconf 50' lang='lat' dir='ltr'>indu.</span> 
     </span>
    </p>
   </div>
   <div class='ocr_carea' id='block_1_65' title="bbox 1962 2716 3631 2792">
    <p class='ocr_par' dir='ltr' id='par_1_65' title="bbox 1962 2716 3631 2792">
     <span class='ocr_line' id='line_1_65' title="bbox 1962 2716 3631 2792; baseline 0.001 -17"><span class='ocrx_word' id='word_1_426' title='bbox 1962 2719 2291 2792; x_wconf 89' lang='lat' dir='ltr'>striamque</span> <span class='ocrx_word' id='word_1_427' title='bbox 2315 2720 2375 2775; x_wconf 92' lang='lat' dir='ltr'>in</span> <span class='ocrx_word' id='word_1_428' title='bbox 2405 2735 2477 2775; x_wconf 93' lang='lat' dir='ltr'>eo</span> <span class='ocrx_word' id='word_1_429' title='bbox 2507 2724 2819 2792; x_wconf 90' lang='lat' dir='ltr'>ponentes,</span> <span class='ocrx_word' id='word_1_430' title='bbox 2847 2734 2973 2774; x_wconf 93' lang='lat' dir='ltr'>non</span> <span class='ocrx_word' id='word_1_431' title='bbox 3022 2720 3087 2773; x_wconf 88' lang='lat' dir='ltr'>ut</span> <span class='ocrx_word' id='word_1_432' title='bbox 3127 2734 3205 2774; x_wconf 88' lang='lat' dir='ltr'>ne</span> <span class='ocrx_word' id='word_1_433' title='bbox 3242 2716 3394 2791; x_wconf 89' lang='lat' dir='ltr'>quid.</span> <span class='ocrx_word' id='word_1_434' title='bbox 3424 2717 3565 2775; x_wconf 87' lang='lat' dir='ltr'>mali</span> <span class='ocrx_word' id='word_1_435' title='bbox 3592 2720 3631 2775; x_wconf 79' lang='grc' dir='ltr'>ε</span> 
     </span>
    </p>
   </div>
   <div class='ocr_carea' id='block_1_66' title="bbox 1960 2802 3633 2881">
    <p class='ocr_par' dir='ltr' id='par_1_66' title="bbox 1960 2802 3633 2881">
     <span class='ocr_line' id='line_1_66' title="bbox 1960 2802 3633 2881; baseline 0.001 -17"><span class='ocrx_word' id='word_1_436' title='bbox 1960 2810 2104 2864; x_wconf 87' lang='lat' dir='ltr'>vino</span> <span class='ocrx_word' id='word_1_437' title='bbox 2132 2810 2456 2881; x_wconf 88' lang='lat' dir='ltr'>patiantur,</span> <span class='ocrx_word' id='word_1_438' title='bbox 2490 2808 2599 2863; x_wconf 90' lang='lat' dir='ltr'>sed</span> <span class='ocrx_word' id='word_1_439' title='bbox 2628 2812 2690 2865; x_wconf 88' lang='lat' dir='ltr'>ut</span> <span class='ocrx_word' id='word_1_440' title='bbox 2718 2824 2989 2880; x_wconf 81' lang='lat' dir='ltr'>ipsorum</span> <span class='ocrx_word' id='word_1_441' title='bbox 3011 2807 3449 2878; x_wconf 85' lang='lat' dir='ltr'>ebrietasjugis</span> <span class='ocrx_word' id='word_1_442' title='bbox 3477 2808 3551 2865; x_wconf 86' lang='lat' dir='ltr'>sit</span> <span class='ocrx_word' id='word_1_443' title='bbox 3574 2802 3633 2866; x_wconf 72' lang='lat' dir='ltr'>et</span> 
     </span>
    </p>
   </div>
   <div class='ocr_carea' id='block_1_67' title="bbox 1963 2897 3631 2972">
    <p class='ocr_par' dir='ltr' id='par_1_67' title="bbox 1963 2897 3631 2972">
     <span class='ocr_line' id='line_1_67' title="bbox 1963 2897 3631 2972; baseline 0.001 -17"><span class='ocrx_word' id='word_1_444' title='bbox 1963 2899 2229 2955; x_wconf 85' lang='lat' dir='ltr'>assidua.</span> <span class='ocrx_word' id='word_1_445' title='bbox 2245 2906 2324 2954; x_wconf 84' lang='lat' dir='ltr'>Ac</span> <span class='ocrx_word' id='word_1_446' title='bbox 2349 2898 2530 2969; x_wconf 89' lang='lat' dir='ltr'>hujus</span> <span class='ocrx_word' id='word_1_447' title='bbox 2551 2897 2696 2954; x_wconf 88' lang='lat' dir='ltr'>mali</span> <span class='ocrx_word' id='word_1_448' title='bbox 2721 2897 2861 2953; x_wconf 78' lang='lat' dir='ltr'>ﬁnis</span> <span class='ocrx_word' id='word_1_449' title='bbox 2893 2897 3101 2953; x_wconf 90' lang='lat' dir='ltr'>nullus</span> <span class='ocrx_word' id='word_1_450' title='bbox 3120 2898 3233 2955; x_wconf 90' lang='lat' dir='ltr'>est.</span> <span class='ocrx_word' id='word_1_451' title='bbox 3256 2900 3406 2954; x_wconf 87' lang='lat' dir='ltr'>Nam</span> <span class='ocrx_word' id='word_1_452' title='bbox 3425 2898 3631 2972; x_wconf 83' lang='lat' dir='ltr'>ipsum</span> 
     </span>
    </p>
   </div>
   <div class='ocr_carea' id='block_1_68' title="bbox 1964 2982 3633 3059">
    <p class='ocr_par' dir='ltr' id='par_1_68' title="bbox 1964 2982 3633 3059">
     <span class='ocr_line' id='line_1_68' title="bbox 1964 2982 3633 3059; baseline 0.001 -15"><span class='ocrx_word' id='word_1_453' title='bbox 1964 3002 2027 3044; x_wconf 92' lang='lat' dir='ltr'>se</span> <span class='ocrx_word' id='word_1_454' title='bbox 2058 3003 2291 3043; x_wconf 92' lang='lat' dir='ltr'>merum</span> <span class='ocrx_word' id='word_1_455' title='bbox 2324 2991 2642 3059; x_wconf 81' lang='lat' dir='ltr'>promovet</span> <span class='ocrx_word' id='word_1_456' title='bbox 2664 2984 2742 3044; x_wconf 88' lang='lat' dir='ltr'>ad</span> <span class='ocrx_word' id='word_1_457' title='bbox 2774 2986 3062 3059; x_wconf 89' lang='lat' dir='ltr'>amplius.</span> <span class='ocrx_word' id='word_1_458' title='bbox 3116 2989 3245 3043; x_wconf 81' lang='lat' dir='ltr'>Non</span> <span class='ocrx_word' id='word_1_459' title='bbox 3278 2986 3439 3043; x_wconf 91' lang='lat' dir='ltr'>enim</span> <span class='ocrx_word' id='word_1_460' title='bbox 3469 2982 3633 3046; x_wconf 81' lang='lat' dir='ltr'>levat</span> 
     </span>
    </p>
   </div>
   <div class='ocr_carea' id='block_1_69' title="bbox 2505 3075 3632 3148">
    <p class='ocr_par' dir='ltr' id='par_1_69' title="bbox 2505 3075 3632 3148">
     <span class='ocr_line' id='line_1_69' title="bbox 2505 3075 3632 3148; baseline 0.001 -16"><span class='ocrx_word' id='word_1_461' title='bbox 2505 3075 2611 3132; x_wconf 90' lang='lat' dir='ltr'>sed</span> <span class='ocrx_word' id='word_1_462' title='bbox 2661 3075 2909 3133; x_wconf 85' lang='lat' dir='ltr'>alterius</span> <span class='ocrx_word' id='word_1_463' title='bbox 2971 3080 3152 3148; x_wconf 87' lang='lat' dir='ltr'>potus</span> <span class='ocrx_word' id='word_1_464' title='bbox 3213 3076 3632 3133; x_wconf 87' lang='lat' dir='ltr'>necessitatem</span> 
     </span>
    </p>
   </div>
   <div class='ocr_carea' id='block_1_70' title="bbox 1962 3162 3633 3238">
    <p class='ocr_par' dir='ltr' id='par_1_70' title="bbox 1962 3162 3633 3238">
     <span class='ocr_line' id='line_1_70' title="bbox 1962 3162 3633 3238; baseline 0 -16"><span class='ocrx_word' id='word_1_465' title='bbox 1962 3164 2369 3223; x_wconf 88' lang='lat' dir='ltr'>inevitabilem</span> <span class='ocrx_word' id='word_1_466' title='bbox 2398 3164 2652 3237; x_wconf 88' lang='lat' dir='ltr'>inducit,</span> <span class='ocrx_word' id='word_1_467' title='bbox 2709 3178 2965 3220; x_wconf 82' lang='lat' dir='ltr'>exurens</span> <span class='ocrx_word' id='word_1_468' title='bbox 2994 3162 3343 3231; x_wconf 88' lang='lat' dir='ltr'>inebriatos,</span> <span class='ocrx_word' id='word_1_469' title='bbox 3371 3178 3633 3238; x_wconf 82' lang='lat' dir='ltr'>semper-</span> 
     </span>
    </p>
   </div>
   <div class='ocr_carea' id='block_1_71' title="bbox 1964 3251 3633 3327">
    <p class='ocr_par' dir='ltr' id='par_1_71' title="bbox 1964 3251 3633 3327">
     <span class='ocr_line' id='line_1_71' title="bbox 1964 3251 3633 3327; baseline 0.002 -18"><span class='ocrx_word' id='word_1_470' title='bbox 1964 3270 2083 3326; x_wconf 92' lang='lat' dir='ltr'>que</span> <span class='ocrx_word' id='word_1_471' title='bbox 2122 3254 2492 3311; x_wconf 87' lang='lat' dir='ltr'>desiderium</span> <span class='ocrx_word' id='word_1_472' title='bbox 2532 3253 2669 3327; x_wconf 89' lang='lat' dir='ltr'>plus</span> <span class='ocrx_word' id='word_1_473' title='bbox 2721 3251 2975 3309; x_wconf 79' lang='lat' dir='ltr'>bibenli</span> <span class='ocrx_word' id='word_1_474' title='bbox 3041 3262 3406 3325; x_wconf 84' lang='lat' dir='ltr'>provocans.</span> <span class='ocrx_word' id='word_1_475' title='bbox 3447 3255 3527 3325; x_wconf 68' lang='grc'>(4)</span> <span class='ocrx_word' id='word_1_476' title='bbox 3565 3254 3633 3312; x_wconf 63' lang='lat' dir='ltr'>Et</span> 
     </span>
    </p>
   </div>
   <div class='ocr_carea' id='block_1_72' title="bbox 1962 3341 3633 3415">
    <p class='ocr_par' dir='ltr' id='par_1_72' title="bbox 1962 3341 3633 3415">
     <span class='ocr_line' id='line_1_72' title="bbox 1962 3341 3633 3415; baseline 0.002 -17"><span class='ocrx_word' id='word_1_477' title='bbox 1962 3342 2489 3415; x_wconf 89' lang='lat' dir='ltr'>quemadmodum</span> <span class='ocrx_word' id='word_1_478' title='bbox 2508 3342 2833 3409; x_wconf 87' lang='lat' dir='ltr'>cava,dum</span> <span class='ocrx_word' id='word_1_479' title='bbox 2852 3342 2912 3397; x_wconf 91' lang='lat' dir='ltr'>in</span> <span class='ocrx_word' id='word_1_480' title='bbox 2931 3355 2993 3397; x_wconf 91' lang='lat' dir='ltr'>se</span> <span class='ocrx_word' id='word_1_481' title='bbox 3006 3345 3299 3398; x_wconf 86' lang='lat' dir='ltr'>torrentes</span> <span class='ocrx_word' id='word_1_482' title='bbox 3316 3341 3633 3401; x_wconf 79' lang='lat' dir='ltr'>conﬂuunt</span> 
     </span>
    </p>
   </div>
   <div class='ocr_carea' id='block_1_73' title="bbox 243 3429 3630 3506">
    <p class='ocr_par' dir='ltr' id='par_1_73' title="bbox 243 3429 3630 3506">
     <span class='ocr_line' id='line_1_73' title="bbox 243 3429 3630 3506; baseline -0.001 -16"><span class='ocrx_word' id='word_1_483' title='bbox 243 3434 423 3506; x_wconf 91' lang='lat' dir='ltr'>plena</span> <span class='ocrx_word' id='word_1_484' title='bbox 454 3450 584 3490; x_wconf 86' lang='lat' dir='ltr'>esse</span> <span class='ocrx_word' id='word_1_485' title='bbox 611 3434 926 3498; x_wconf 85' lang='lat' dir='ltr'>videntur;</span> <span class='ocrx_word' id='word_1_486' title='bbox 960 3431 1066 3488; x_wconf 91' lang='lat' dir='ltr'>sed</span> <span class='ocrx_word' id='word_1_487' title='bbox 1088 3430 1193 3488; x_wconf 89' lang='lat' dir='ltr'>ubi</span> <span class='ocrx_word' id='word_1_488' title='bbox 1223 3431 1553 3488; x_wconf 83' lang='lat' dir='ltr'>exundatio</span> <span class='ocrx_word' id='word_1_489' title='bbox 1584 3431 1884 3504; x_wconf 65' lang='lat' dir='ltr'>praeteriit,</span> <span class='ocrx_word' id='word_1_490' title='bbox 1923 3433 2086 3489; x_wconf 83' lang='lat' dir='ltr'>sicca</span> <span class='ocrx_word' id='word_1_491' title='bbox 2112 3430 2403 3505; x_wconf 86' lang='lat' dir='ltr'>aridaque</span> <span class='ocrx_word' id='word_1_492' title='bbox 2429 3431 2889 3504; x_wconf 82' lang='lat' dir='ltr'>relinquuntur:</span> <span class='ocrx_word' id='word_1_493' title='bbox 2921 3430 3005 3487; x_wconf 89' lang='lat' dir='ltr'>ita</span> <span class='ocrx_word' id='word_1_494' title='bbox 3033 3434 3090 3486; x_wconf 84' lang='lat' dir='ltr'>et</span> <span class='ocrx_word' id='word_1_495' title='bbox 3118 3429 3505 3488; x_wconf 87' lang='lat' dir='ltr'>ebriosorum</span> <span class='ocrx_word' id='word_1_496' title='bbox 3535 3446 3630 3499; x_wconf 71' lang='lat' dir='ltr'>os,</span> 
     </span>
    </p>
   </div>
   <div class='ocr_carea' id='block_1_74' title="bbox 244 3517 3631 3595">
    <p class='ocr_par' dir='ltr' id='par_1_74' title="bbox 244 3517 3631 3595">
     <span class='ocr_line' id='line_1_74' title="bbox 244 3517 3631 3595; baseline -0 -15"><span class='ocrx_word' id='word_1_497' title='bbox 244 3529 629 3593; x_wconf 85' lang='lat' dir='ltr'>r&#39;estagnante</span> <span class='ocrx_word' id='word_1_498' title='bbox 658 3522 821 3585; x_wconf 90' lang='lat' dir='ltr'>vino,</span> <span class='ocrx_word' id='word_1_499' title='bbox 854 3521 1105 3595; x_wconf 88' lang='lat' dir='ltr'>plenum</span> <span class='ocrx_word' id='word_1_500' title='bbox 1133 3519 1405 3593; x_wconf 90' lang='lat' dir='ltr'>quodam</span> <span class='ocrx_word' id='word_1_501' title='bbox 1452 3521 1639 3577; x_wconf 90' lang='lat' dir='ltr'>modo</span> <span class='ocrx_word' id='word_1_502' title='bbox 1668 3527 1776 3592; x_wconf 90' lang='lat' dir='ltr'>est,</span> <span class='ocrx_word' id='word_1_503' title='bbox 1815 3526 1872 3577; x_wconf 90' lang='lat' dir='ltr'>et</span> <span class='ocrx_word' id='word_1_504' title='bbox 1901 3520 2243 3591; x_wconf 88' lang='lat' dir='ltr'>madidum,</span> <span class='ocrx_word' id='word_1_505' title='bbox 2277 3520 2388 3578; x_wconf 88' lang='lat' dir='ltr'>sed</span> <span class='ocrx_word' id='word_1_506' title='bbox 2437 3520 2616 3577; x_wconf 88' lang='lat' dir='ltr'>simul</span> <span class='ocrx_word' id='word_1_507' title='bbox 2664 3524 2729 3577; x_wconf 89' lang='lat' dir='ltr'>ut</span> <span class='ocrx_word' id='word_1_508' title='bbox 2774 3517 3095 3593; x_wconf 89' lang='lat' dir='ltr'>paululum</span> <span class='ocrx_word' id='word_1_509' title='bbox 3116 3517 3370 3593; x_wconf 80' lang='lat' dir='ltr'>efﬂuxit,</span> <span class='ocrx_word' id='word_1_510' title='bbox 3400 3520 3631 3579; x_wconf 83' lang='lat' dir='ltr'>siccum</span> 
     </span>
    </p>
   </div>
   <div class='ocr_carea' id='block_1_75' title="bbox 244 3607 1369 3683">
    <p class='ocr_par' dir='ltr' id='par_1_75' title="bbox 244 3607 1369 3683">
     <span class='ocr_line' id='line_1_75' title="bbox 244 3607 1369 3683; baseline -0.001 -14"><span class='ocrx_word' id='word_1_511' title='bbox 244 3616 304 3670; x_wconf 86' lang='lat' dir='ltr'>et</span> <span class='ocrx_word' id='word_1_512' title='bbox 331 3611 603 3668; x_wconf 90' lang='lat' dir='ltr'>humoris</span> <span class='ocrx_word' id='word_1_513' title='bbox 632 3626 847 3683; x_wconf 84' lang='lat' dir='ltr'>expers</span> <span class='ocrx_word' id='word_1_514' title='bbox 879 3607 1369 3682; x_wconf 87' lang='lat' dir='ltr'>deprehenditur.</span> 
     </span>
    </p>
   </div>
   <div class='ocr_carea' id='block_1_76' title="bbox 319 3694 1858 3772">
    <p class='ocr_par' dir='ltr' id='par_1_76' title="bbox 319 3694 1858 3772">
     <span class='ocr_line' id='line_1_76' title="bbox 319 3694 1858 3772; baseline -0.005 -14"><span class='ocrx_word' id='word_1_515' title='bbox 319 3708 371 3758; x_wconf 84' lang='lat'>5.</span> <span class='ocrx_word' id='word_1_516' title='bbox 415 3704 588 3760; x_wconf 86' lang='grc' dir='ltr'>Ιιάντη</span> <span class='ocrx_word' id='word_1_517' title='bbox 638 3697 727 3753; x_wconf 77' lang='grc' dir='ltr'>οὖν</span> <span class='ocrx_word' id='word_1_518' title='bbox 777 3698 1075 3772; x_wconf 78' lang='grc' dir='ltr'>ἀπέχεσθαι</span> <span class='ocrx_word' id='word_1_519' title='bbox 1106 3694 1187 3751; x_wconf 84' lang='grc' dir='ltr'>δεῖ</span> <span class='ocrx_word' id='word_1_520' title='bbox 1240 3706 1339 3749; x_wconf 86' lang='grc' dir='ltr'>τῶν</span> <span class='ocrx_word' id='word_1_521' title='bbox 1379 3696 1727 3771; x_wconf 77' lang='grc' dir='ltr'>ἐμποιούντων</span> <span class='ocrx_word' id='word_1_522' title='bbox 1774 3700 1858 3759; x_wconf 84' lang='grc' dir='ltr'>θό,</span> 
     </span>
    </p>
   </div>
   <div class='ocr_carea' id='block_1_77' title="bbox 245 3784 1854 3862">
    <p class='ocr_par' dir='ltr' id='par_1_77' title="bbox 245 3784 1854 3862">
     <span class='ocr_line' id='line_1_77' title="bbox 245 3784 1854 3862; baseline -0.002 -18"><span class='ocrx_word' id='word_1_523' title='bbox 245 3792 405 3844; x_wconf 83' lang='grc' dir='ltr'>λωσιν</span> <span class='ocrx_word' id='word_1_524' title='bbox 468 3798 541 3860; x_wconf 79' lang='grc' dir='ltr'><em>τῷ</em></span> <span class='ocrx_word' id='word_1_525' title='bbox 607 3791 925 3862; x_wconf 76' lang='grc' dir='ltr'>ἡγεμονικῷ.</span> <span class='ocrx_word' id='word_1_526' title='bbox 987 3784 1231 3841; x_wconf 82' lang='grc' dir='ltr'>Ἐπειδὰν</span> <span class='ocrx_word' id='word_1_527' title='bbox 1283 3789 1382 3861; x_wconf 80' lang='grc' dir='ltr'>γὰρ</span> <span class='ocrx_word' id='word_1_528' title='bbox 1440 3787 1597 3848; x_wconf 80' lang='grc' dir='ltr'>πολὺς</span> <span class='ocrx_word' id='word_1_529' title='bbox 1636 3788 1854 3860; x_wconf 77' lang='grc' dir='ltr'>εἰσπέση</span> 
     </span>
    </p>
   </div>
   <div class='ocr_carea' id='block_1_78' title="bbox 245 3875 1854 3955">
    <p class='ocr_par' dir='ltr' id='par_1_78' title="bbox 245 3875 1854 3955">
     <span class='ocr_line' id='line_1_78' title="bbox 245 3875 1854 3955; baseline -0.004 -21"><span class='ocrx_word' id='word_1_530' title='bbox 245 3881 274 3935; x_wconf 84' lang='grc' dir='ltr'><strong>ὀ</strong></span> <span class='ocrx_word' id='word_1_531' title='bbox 321 3881 569 3955; x_wconf 79' lang='grc' dir='ltr'>ἄκρατος,</span> <span class='ocrx_word' id='word_1_532' title='bbox 620 3881 725 3932; x_wconf 84' lang='grc' dir='ltr'>οἷον</span> <span class='ocrx_word' id='word_1_533' title='bbox 772 3898 846 3938; x_wconf 89' lang='grc' dir='ltr'>τις</span> <span class='ocrx_word' id='word_1_534' title='bbox 892 3878 1253 3953; x_wconf 84' lang='grc' dir='ltr'>τύραννοςὲπί</span> <span class='ocrx_word' id='word_1_535' title='bbox 1302 3881 1397 3934; x_wconf 77' lang='grc' dir='ltr'>την</span> <span class='ocrx_word' id='word_1_536' title='bbox 1432 3875 1709 3949; x_wconf 77' lang='grc' dir='ltr'>ἀκρόπολιν</span> <span class='ocrx_word' id='word_1_537' title='bbox 1735 3875 1854 3930; x_wconf 81' lang='grc' dir='ltr'>ἀνα.</span> 
     </span>
    </p>
   </div>
   <div class='ocr_carea' id='block_1_79' title="bbox 247 3964 1855 4044">
    <p class='ocr_par' dir='ltr' id='par_1_79' title="bbox 247 3964 1855 4044">
     <span class='ocr_line' id='line_1_79' title="bbox 247 3964 1855 4044; baseline -0.004 -21"><span class='ocrx_word' id='word_1_538' title='bbox 247 3967 483 4044; x_wconf 84' lang='grc' dir='ltr'>δραμὼν,</span> <span class='ocrx_word' id='word_1_539' title='bbox 540 3972 641 4022; x_wconf 82' lang='grc' dir='ltr'>απὸ</span> <span class='ocrx_word' id='word_1_540' title='bbox 693 3975 783 4029; x_wconf 79' lang='grc' dir='ltr'>τῆς</span> <span class='ocrx_word' id='word_1_541' title='bbox 839 3967 1001 4041; x_wconf 79' lang='grc' dir='ltr'>ἄκρας</span> <span class='ocrx_word' id='word_1_542' title='bbox 1052 3973 1285 4039; x_wconf 68' lang='grc' dir='ltr'>κορυφῆς</span> <span class='ocrx_word' id='word_1_543' title='bbox 1345 3964 1631 4038; x_wconf 79' lang='grc' dir='ltr'>ἀσιγὴτους</span> <span class='ocrx_word' id='word_1_544' title='bbox 1697 3967 1855 4038; x_wconf 84' lang='grc' dir='ltr'>θορύ-</span> 
     </span>
    </p>
   </div>
   <div class='ocr_carea' id='block_1_80' title="bbox 245 4050 1857 4131">
    <p class='ocr_par' dir='ltr' id='par_1_80' title="bbox 245 4050 1857 4131">
     <span class='ocr_line' id='line_1_80' title="bbox 245 4050 1857 4131; baseline -0.004 -19"><span class='ocrx_word' id='word_1_545' title='bbox 245 4060 365 4120; x_wconf 80' lang='grc' dir='ltr'>ϐους</span> <span class='ocrx_word' id='word_1_546' title='bbox 422 4057 624 4131; x_wconf 74' lang='grc' dir='ltr'>ίμποιεῖ</span> <span class='ocrx_word' id='word_1_547' title='bbox 675 4064 737 4129; x_wconf 75' lang='grc' dir='ltr'>τῇ</span> <span class='ocrx_word' id='word_1_548' title='bbox 801 4055 980 4130; x_wconf 71' lang='grc' dir='ltr'>ψυχῇ,</span> <span class='ocrx_word' id='word_1_549' title='bbox 1039 4052 1249 4115; x_wconf 67' lang='grc' dir='ltr'>οὐδενός</span> <span class='ocrx_word' id='word_1_550' title='bbox 1279 4062 1582 4128; x_wconf 83' lang='grc' dir='ltr'>παρανόμου</span> <span class='ocrx_word' id='word_1_551' title='bbox 1610 4050 1857 4126; x_wconf 70' lang='grc' dir='ltr'>φειδόμε-</span> 
     </span>
    </p>
   </div>
   <div class='ocr_carea' id='block_1_81' title="bbox 244 4140 1856 4220">
    <p class='ocr_par' dir='ltr' id='par_1_81' title="bbox 244 4140 1856 4220">
     <span class='ocr_line' id='line_1_81' title="bbox 244 4140 1856 4220; baseline -0.005 -18"><span class='ocrx_word' id='word_1_552' title='bbox 244 4169 329 4213; x_wconf 90' lang='grc' dir='ltr'>νος</span> <span class='ocrx_word' id='word_1_553' title='bbox 373 4148 742 4220; x_wconf 78' lang='grc' dir='ltr'>ἐπιτάγματος.</span> <span class='ocrx_word' id='word_1_554' title='bbox 783 4145 919 4198; x_wconf 82' lang='grc' dir='ltr'>Ἀλλ’</span> <span class='ocrx_word' id='word_1_555' title='bbox 969 4144 1125 4197; x_wconf 71' lang='grc' dir='ltr'>αὐτόν</span> <span class='ocrx_word' id='word_1_556' title='bbox 1194 4140 1590 4216; x_wconf 79' lang='grc' dir='ltr'>δουλωσάμενος</span> <span class='ocrx_word' id='word_1_557' title='bbox 1653 4151 1856 4218; x_wconf 76' lang='grc' dir='ltr'>πρῶτον</span> 
     </span>
    </p>
   </div>
   <div class='ocr_carea' id='block_1_82' title="bbox 242 4229 1859 4311">
    <p class='ocr_par' dir='ltr' id='par_1_82' title="bbox 242 4229 1859 4311">
     <span class='ocr_line' id='line_1_82' title="bbox 242 4229 1859 4311; baseline -0.006 -18"><span class='ocrx_word' id='word_1_558' title='bbox 242 4244 330 4294; x_wconf 83' lang='grc' dir='ltr'>τόν</span> <span class='ocrx_word' id='word_1_559' title='bbox 376 4238 650 4311; x_wconf 79' lang='grc' dir='ltr'>λογισμόν,</span> <span class='ocrx_word' id='word_1_560' title='bbox 700 4242 874 4290; x_wconf 84' lang='grc' dir='ltr'>πᾶσαν</span> <span class='ocrx_word' id='word_1_561' title='bbox 928 4239 1024 4294; x_wconf 79' lang='grc' dir='ltr'>τὴν</span> <span class='ocrx_word' id='word_1_562' title='bbox 1069 4254 1124 4287; x_wconf 87' lang='grc' dir='ltr'>τε</span> <span class='ocrx_word' id='word_1_563' title='bbox 1178 4232 1233 4286; x_wconf 75' lang='grc' dir='ltr'>ἐκ</span> <span class='ocrx_word' id='word_1_564' title='bbox 1271 4229 1600 4295; x_wconf 77' lang='grc' dir='ltr'>παιδεύσεως</span> <span class='ocrx_word' id='word_1_565' title='bbox 1639 4232 1859 4307; x_wconf 80' lang='grc' dir='ltr'>ἐνυπάρ-</span> 
     </span>
    </p>
   </div>
   <div class='ocr_carea' id='block_1_83' title="bbox 2037 3696 3632 3771">
    <p class='ocr_par' dir='ltr' id='par_1_83' title="bbox 2037 3696 3632 3771">
     <span class='ocr_line' id='line_1_83' title="bbox 2037 3696 3632 3771; baseline 0.001 -17"><span class='ocrx_word' id='word_1_566' title='bbox 2037 3704 2088 3755; x_wconf 83' lang='lat'>5.</span> <span class='ocrx_word' id='word_1_567' title='bbox 2124 3701 2202 3771; x_wconf 76' lang='grc' dir='ltr'>(ὅ)</span> <span class='ocrx_word' id='word_1_568' title='bbox 2241 3700 2500 3756; x_wconf 83' lang='lat' dir='ltr'>Omnino</span> <span class='ocrx_word' id='word_1_569' title='bbox 2530 3698 2711 3768; x_wconf 81' lang='lat' dir='ltr'>igitur</span> <span class='ocrx_word' id='word_1_570' title='bbox 2740 3696 2818 3755; x_wconf 90' lang='lat' dir='ltr'>ab</span> <span class='ocrx_word' id='word_1_571' title='bbox 2847 3696 2919 3753; x_wconf 89' lang='lat' dir='ltr'>iis</span> <span class='ocrx_word' id='word_1_572' title='bbox 2941 3712 3079 3770; x_wconf 73' lang='lat' dir='ltr'>quae</span> <span class='ocrx_word' id='word_1_573' title='bbox 3112 3702 3378 3754; x_wconf 84' lang='lat' dir='ltr'>mentem</span> <span class='ocrx_word' id='word_1_574' title='bbox 3402 3700 3632 3770; x_wconf 79' lang='lat' dir='ltr'>pertur&#39;</span> 
     </span>
    </p>
   </div>
   <div class='ocr_carea' id='block_1_84' title="bbox 1965 3785 3631 3860">
    <p class='ocr_par' dir='ltr' id='par_1_84' title="bbox 1965 3785 3631 3860">
     <span class='ocr_line' id='line_1_84' title="bbox 1965 3785 3631 3860; baseline 0.001 -17"><span class='ocrx_word' id='word_1_575' title='bbox 1965 3788 2133 3857; x_wconf 88' lang='lat' dir='ltr'>bant,</span> <span class='ocrx_word' id='word_1_576' title='bbox 2156 3788 2459 3845; x_wconf 88' lang='lat' dir='ltr'>abstinere</span> <span class='ocrx_word' id='word_1_577' title='bbox 2480 3792 2733 3860; x_wconf 84' lang='lat' dir='ltr'>oportet.</span> <span class='ocrx_word' id='word_1_578' title='bbox 2754 3788 3165 3859; x_wconf 82' lang='lat' dir='ltr'>Posteaquam</span> <span class='ocrx_word' id='word_1_579' title='bbox 3189 3785 3352 3842; x_wconf 88' lang='lat' dir='ltr'>enim</span> <span class='ocrx_word' id='word_1_580' title='bbox 3368 3785 3631 3844; x_wconf 85' lang='lat' dir='ltr'>multum</span> 
     </span>
    </p>
   </div>
   <div class='ocr_carea' id='block_1_85' title="bbox 1964 3874 3631 3949">
    <p class='ocr_par' dir='ltr' id='par_1_85' title="bbox 1964 3874 3631 3949">
     <span class='ocr_line' id='line_1_85' title="bbox 1964 3874 3631 3949; baseline -0.001 -16"><span class='ocrx_word' id='word_1_581' title='bbox 1964 3877 2255 3933; x_wconf 88' lang='lat' dir='ltr'>introierit</span> <span class='ocrx_word' id='word_1_582' title='bbox 2298 3877 2470 3947; x_wconf 89' lang='lat' dir='ltr'>meri,</span> <span class='ocrx_word' id='word_1_583' title='bbox 2503 3875 2683 3949; x_wconf 86' lang='lat' dir='ltr'>quasi</span> <span class='ocrx_word' id='word_1_584' title='bbox 2706 3881 2999 3948; x_wconf 86' lang='lat' dir='ltr'>tyrannus</span> <span class='ocrx_word' id='word_1_585' title='bbox 3032 3874 3287 3947; x_wconf 87' lang='lat' dir='ltr'>quidam</span> <span class='ocrx_word' id='word_1_586' title='bbox 3317 3875 3397 3931; x_wconf 85' lang='lat' dir='ltr'>ad</span> <span class='ocrx_word' id='word_1_587' title='bbox 3425 3886 3631 3933; x_wconf 82' lang='lat' dir='ltr'>arcem</span> 
     </span>
    </p>
   </div>
   <div class='ocr_carea' id='block_1_86' title="bbox 1965 3964 3632 4040">
    <p class='ocr_par' dir='ltr' id='par_1_86' title="bbox 1965 3964 3632 4040">
     <span class='ocr_line' id='line_1_86' title="bbox 1965 3964 3632 4040; baseline 0.002 -17"><span class='ocrx_word' id='word_1_588' title='bbox 1965 3967 2260 4032; x_wconf 81' lang='lat' dir='ltr'>ascendit,</span> <span class='ocrx_word' id='word_1_589' title='bbox 2301 3972 2482 4040; x_wconf 90' lang='lat' dir='ltr'>atque</span> <span class='ocrx_word' id='word_1_590' title='bbox 2518 3965 2666 4022; x_wconf 88' lang='lat' dir='ltr'>nihil</span> <span class='ocrx_word' id='word_1_591' title='bbox 2711 3980 2836 4021; x_wconf 92' lang='lat' dir='ltr'>non</span> <span class='ocrx_word' id='word_1_592' title='bbox 2884 3964 3163 4037; x_wconf 90' lang='lat' dir='ltr'>iniquum</span> <span class='ocrx_word' id='word_1_593' title='bbox 3213 3967 3542 4039; x_wconf 84' lang='lat' dir='ltr'>imperans,</span> <span class='ocrx_word' id='word_1_594' title='bbox 3593 3972 3632 4026; x_wconf 77' lang='grc' dir='ltr'>ε</span> 
     </span>
    </p>
   </div>
   <div class='ocr_carea' id='block_1_87' title="bbox 1968 4053 3630 4127">
    <p class='ocr_par' dir='ltr' id='par_1_87' title="bbox 1968 4053 3630 4127">
     <span class='ocr_line' id='line_1_87' title="bbox 1968 4053 3630 4127; baseline -0.001 -14"><span class='ocrx_word' id='word_1_595' title='bbox 1968 4072 2212 4113; x_wconf 90' lang='lat' dir='ltr'>summo</span> <span class='ocrx_word' id='word_1_596' title='bbox 2272 4058 2483 4113; x_wconf 88' lang='lat' dir='ltr'>vertice</span> <span class='ocrx_word' id='word_1_597' title='bbox 2546 4053 2902 4127; x_wconf 87' lang='lat' dir='ltr'>irrequietos</span> <span class='ocrx_word' id='word_1_598' title='bbox 2957 4054 3021 4111; x_wconf 92' lang='lat' dir='ltr'>in</span> <span class='ocrx_word' id='word_1_599' title='bbox 3086 4055 3294 4111; x_wconf 86' lang='lat' dir='ltr'>anima</span> <span class='ocrx_word' id='word_1_600' title='bbox 3331 4054 3630 4113; x_wconf 69' lang='lat' dir='ltr'>tumultus</span> 
     </span>
    </p>
   </div>
   <div class='ocr_carea' id='block_1_88' title="bbox 1966 4142 3631 4218">
    <p class='ocr_par' dir='ltr' id='par_1_88' title="bbox 1966 4142 3631 4218">
     <span class='ocr_line' id='line_1_88' title="bbox 1966 4142 3631 4218; baseline -0.001 -16"><span class='ocrx_word' id='word_1_601' title='bbox 1966 4146 2202 4203; x_wconf 82' lang='lat' dir='ltr'>excitat.</span> <span class='ocrx_word' id='word_1_602' title='bbox 2242 4150 2366 4202; x_wconf 84' lang='lat' dir='ltr'>imo</span> <span class='ocrx_word' id='word_1_603' title='bbox 2410 4146 2639 4202; x_wconf 88' lang='lat' dir='ltr'>ratione</span> <span class='ocrx_word' id='word_1_604' title='bbox 2692 4144 2826 4217; x_wconf 89' lang='lat' dir='ltr'>ipsa</span> <span class='ocrx_word' id='word_1_605' title='bbox 2882 4142 2946 4199; x_wconf 91' lang='lat' dir='ltr'>in</span> <span class='ocrx_word' id='word_1_606' title='bbox 2990 4144 3333 4199; x_wconf 86' lang='lat' dir='ltr'>servitutem</span> <span class='ocrx_word' id='word_1_607' title='bbox 3362 4143 3631 4218; x_wconf 82' lang='lat' dir='ltr'>primum</span> 
     </span>
    </p>
   </div>
   <div class='ocr_carea' id='block_1_89' title="bbox 1965 4232 3631 4306">
    <p class='ocr_par' dir='ltr' id='par_1_89' title="bbox 1965 4232 3631 4306">
     <span class='ocr_line' id='line_1_89' title="bbox 1965 4232 3631 4306; baseline -0.001 -14"><span class='ocrx_word' id='word_1_608' title='bbox 1965 4235 2232 4305; x_wconf 80' lang='lat' dir='ltr'>redacta,</span> <span class='ocrx_word' id='word_1_609' title='bbox 2262 4251 2510 4291; x_wconf 90' lang='lat' dir='ltr'>omnem</span> <span class='ocrx_word' id='word_1_610' title='bbox 2540 4250 2611 4290; x_wconf 82' lang='lat' dir='ltr'>ex</span> <span class='ocrx_word' id='word_1_611' title='bbox 2642 4232 2960 4306; x_wconf 87' lang='lat' dir='ltr'>disciplina</span> <span class='ocrx_word' id='word_1_612' title='bbox 2988 4232 3457 4290; x_wconf 85' lang='lat' dir='ltr'>concinnitatem</span> <span class='ocrx_word' id='word_1_613' title='bbox 3484 4242 3631 4290; x_wconf 52' lang='lat' dir='ltr'>cons</span> 
     </span>
    </p>
   </div>
   <div class='ocr_carea' id='block_1_90' title="bbox 247 4319 1869 4400">
    <p class='ocr_par' dir='ltr' id='par_1_90' title="bbox 247 4321 1858 4400">
     <span class='ocr_line' id='line_1_90' title="bbox 247 4321 1858 4400; baseline -0.006 -18"><span class='ocrx_word' id='word_1_614' title='bbox 247 4348 454 4400; x_wconf 84' lang='grc' dir='ltr'>χουσαν</span> <span class='ocrx_word' id='word_1_615' title='bbox 499 4324 863 4399; x_wconf 71' lang='grc' dir='ltr'>διακόσμησιν</span> <span class='ocrx_word' id='word_1_616' title='bbox 912 4329 1113 4396; x_wconf 84' lang='grc' dir='ltr'>συγχεῖ</span> <span class='ocrx_word' id='word_1_617' title='bbox 1161 4328 1250 4376; x_wconf 79' lang='grc' dir='ltr'>καὶ</span> <span class='ocrx_word' id='word_1_618' title='bbox 1274 4324 1534 4394; x_wconf 85' lang='grc' dir='ltr'>ταράσσει</span> <span class='ocrx_word' id='word_1_619' title='bbox 1557 4324 1660 4393; x_wconf 86' lang='grc'>(3),</span> <span class='ocrx_word' id='word_1_620' title='bbox 1699 4321 1858 4395; x_wconf 78' lang='grc' dir='ltr'>γέλω-</span> 
     </span>
    </p>
   </div>
   <div class='ocr_carea' id='block_1_91' title="bbox 1964 4319 3633 4400">
    <p class='ocr_par' dir='ltr' id='par_1_91' title="bbox 1968 4320 3633 4397">
     <span class='ocr_line' id='line_1_91' title="bbox 1968 4320 3633 4397; baseline -0.001 -16"><span class='ocrx_word' id='word_1_621' title='bbox 1968 4323 2164 4381; x_wconf 86' lang='lat' dir='ltr'>fundit</span> <span class='ocrx_word' id='word_1_622' title='bbox 2208 4330 2269 4381; x_wconf 88' lang='lat' dir='ltr'>et</span> <span class='ocrx_word' id='word_1_623' title='bbox 2315 4323 2652 4397; x_wconf 86' lang='lat' dir='ltr'>perturbat,</span> <span class='ocrx_word' id='word_1_624' title='bbox 2684 4322 2843 4379; x_wconf 90' lang='lat' dir='ltr'>risus</span> <span class='ocrx_word' id='word_1_625' title='bbox 2871 4320 3213 4389; x_wconf 87' lang='lat' dir='ltr'>indecoros,</span> <span class='ocrx_word' id='word_1_626' title='bbox 3258 4336 3471 4378; x_wconf 83' lang='lat' dir='ltr'>vocem</span> <span class='ocrx_word' id='word_1_627' title='bbox 3514 4326 3633 4380; x_wconf 62' lang='grc' dir='ltr'>ιαμ</span> 
     </span>
    </p>
   </div>
   <div class='ocr_carea' id='block_1_92' title="bbox 247 4409 1860 4487">
    <p class='ocr_par' dir='ltr' id='par_1_92' title="bbox 247 4409 1860 4487">
     <span class='ocr_line' id='line_1_92' title="bbox 247 4409 1860 4487; baseline -0.002 -19"><span class='ocrx_word' id='word_1_628' title='bbox 247 4434 340 4477; x_wconf 89' lang='grc' dir='ltr'>τας</span> <span class='ocrx_word' id='word_1_629' title='bbox 386 4423 536 4466; x_wconf 83' lang='grc' dir='ltr'>κινῶν</span> <span class='ocrx_word' id='word_1_630' title='bbox 586 4413 853 4487; x_wconf 78' lang='grc' dir='ltr'>ἀπρεπεῖς,</span> <span class='ocrx_word' id='word_1_631' title='bbox 900 4417 1069 4485; x_wconf 76' lang='grc' dir='ltr'>φωνὴν</span> <span class='ocrx_word' id='word_1_632' title='bbox 1130 4409 1430 4485; x_wconf 77' lang='grc' dir='ltr'>θορυϐώδη,</span> <span class='ocrx_word' id='word_1_633' title='bbox 1505 4411 1666 4484; x_wconf 79' lang='grc' dir='ltr'>ὀργὰς</span> <span class='ocrx_word' id='word_1_634' title='bbox 1733 4430 1860 4485; x_wconf 85' lang='grc' dir='ltr'>προ-</span> 
     </span>
    </p>
   </div>
   <div class='ocr_carea' id='block_1_93' title="bbox 249 4500 1861 4573">
    <p class='ocr_par' dir='ltr' id='par_1_93' title="bbox 249 4500 1861 4573">
     <span class='ocr_line' id='line_1_93' title="bbox 249 4500 1861 4573; baseline -0.003 -17"><span class='ocrx_word' id='word_1_635' title='bbox 249 4510 437 4569; x_wconf 84' lang='grc' dir='ltr'>πετεῖς,</span> <span class='ocrx_word' id='word_1_636' title='bbox 492 4500 767 4572; x_wconf 74' lang='grc' dir='ltr'>ἐπιθυμίας</span> <span class='ocrx_word' id='word_1_637' title='bbox 819 4500 1199 4572; x_wconf 73' lang='grc' dir='ltr'>ἀχαλινώτους,</span> <span class='ocrx_word' id='word_1_638' title='bbox 1258 4501 1468 4573; x_wconf 87' lang='grc' dir='ltr'>οἶστρον</span> <span class='ocrx_word' id='word_1_639' title='bbox 1524 4505 1614 4552; x_wconf 81' lang='grc' dir='ltr'>καὶ</span> <span class='ocrx_word' id='word_1_640' title='bbox 1672 4505 1861 4571; x_wconf 81' lang='grc' dir='ltr'>μανίαν</span> 
     </span>
    </p>
   </div>
   <div class='ocr_carea' id='block_1_94' title="bbox 252 4585 1860 4665">
    <p class='ocr_par' dir='ltr' id='par_1_94' title="bbox 252 4585 1860 4665">
     <span class='ocr_line' id='line_1_94' title="bbox 252 4585 1860 4665; baseline -0.006 -20"><span class='ocrx_word' id='word_1_641' title='bbox 252 4593 338 4645; x_wconf 79' lang='grc' dir='ltr'>ἐπι</span> <span class='ocrx_word' id='word_1_642' title='bbox 380 4598 553 4644; x_wconf 87' lang='grc' dir='ltr'>πᾶσαν</span> <span class='ocrx_word' id='word_1_643' title='bbox 618 4592 917 4665; x_wconf 85' lang='grc' dir='ltr'>παράνομον</span> <span class='ocrx_word' id='word_1_644' title='bbox 957 4585 1172 4646; x_wconf 72' lang='grc' dir='ltr'>ἡδονήν.</span> <span class='ocrx_word' id='word_1_645' title='bbox 1229 4590 1325 4640; x_wconf 70' lang='grc' dir='ltr'>Διά</span> <span class='ocrx_word' id='word_1_646' title='bbox 1369 4596 1523 4640; x_wconf 76' lang='grc' dir='ltr'>τοῦτο</span> <span class='ocrx_word' id='word_1_647' title='bbox 1579 4592 1651 4660; x_wconf 84' lang='grc' dir='ltr'>μὴ</span> <span class='ocrx_word' id='word_1_648' title='bbox 1711 4591 1860 4639; x_wconf 79' lang='grc' dir='ltr'>πινέ-</span> 
     </span>
    </p>
   </div>
   <div class='ocr_carea' id='block_1_95' title="bbox 250 4672 1863 4752">
    <p class='ocr_par' dir='ltr' id='par_1_95' title="bbox 250 4672 1863 4752">
     <span class='ocr_line' id='line_1_95' title="bbox 250 4672 1863 4752; baseline -0.006 -17"><span class='ocrx_word' id='word_1_649' title='bbox 250 4700 443 4744; x_wconf 81' lang='grc' dir='ltr'>τωσαν,</span> <span class='ocrx_word' id='word_1_650' title='bbox 471 4684 650 4752; x_wconf 77' lang='grc' dir='ltr'>φησὶν,</span> <span class='ocrx_word' id='word_1_651' title='bbox 706 4681 756 4731; x_wconf 82' lang='grc' dir='ltr'>οἱ</span> <span class='ocrx_word' id='word_1_652' title='bbox 795 4676 1058 4731; x_wconf 87' lang='grc' dir='ltr'>δυνάσται</span> <span class='ocrx_word' id='word_1_653' title='bbox 1083 4672 1241 4746; x_wconf 84' lang='grc' dir='ltr'>οἶνον,</span> <span class='ocrx_word' id='word_1_654' title='bbox 1281 4679 1380 4728; x_wconf 86' lang='grc' dir='ltr'>εἴτε</span> <span class='ocrx_word' id='word_1_655' title='bbox 1426 4677 1475 4728; x_wconf 89' lang='grc' dir='ltr'>οἱ</span> <span class='ocrx_word' id='word_1_656' title='bbox 1539 4674 1717 4748; x_wconf 71' lang='grc' dir='ltr'>ἀρχὴν</span> <span class='ocrx_word' id='word_1_657' title='bbox 1745 4693 1863 4726; x_wconf 89' lang='grc' dir='ltr'>τινα</span> 
     </span>
    </p>
   </div>
   <div class='ocr_carea' id='block_1_96' title="bbox 250 4763 1862 4842">
    <p class='ocr_par' dir='ltr' id='par_1_96' title="bbox 250 4763 1862 4842">
     <span class='ocr_line' id='line_1_96' title="bbox 250 4763 1862 4842; baseline -0.006 -19"><span class='ocrx_word' id='word_1_658' title='bbox 250 4773 670 4842; x_wconf 78' lang='grc' dir='ltr'>πεπιστευμένοι,</span> <span class='ocrx_word' id='word_1_659' title='bbox 738 4773 827 4821; x_wconf 83' lang='grc' dir='ltr'>καὶ</span> <span class='ocrx_word' id='word_1_660' title='bbox 902 4764 1174 4839; x_wconf 77' lang='grc' dir='ltr'>δημοσίων</span> <span class='ocrx_word' id='word_1_661' title='bbox 1263 4767 1584 4839; x_wconf 77' lang='grc' dir='ltr'>πραγμάτων</span> <span class='ocrx_word' id='word_1_662' title='bbox 1669 4763 1862 4816; x_wconf 89' lang='grc' dir='ltr'>οἰκονο-</span> 
     </span>
    </p>
   </div>
   <div class='ocr_carea' id='block_1_97' title="bbox 249 4847 1862 4933">
    <p class='ocr_par' dir='ltr' id='par_1_97' title="bbox 249 4847 1862 4933">
     <span class='ocr_line' id='line_1_97' title="bbox 249 4847 1862 4933; baseline -0.006 -20"><span class='ocrx_word' id='word_1_663' title='bbox 249 4865 413 4933; x_wconf 76' lang='grc' dir='ltr'>μίαν·</span> <span class='ocrx_word' id='word_1_664' title='bbox 465 4861 564 4912; x_wconf 71' lang='grc' dir='ltr'>εἶτε</span> <span class='ocrx_word' id='word_1_665' title='bbox 614 4859 665 4911; x_wconf 79' lang='grc' dir='ltr'>οἱ</span> <span class='ocrx_word' id='word_1_666' title='bbox 718 4854 812 4911; x_wconf 78' lang='grc' dir='ltr'>διὰ</span> <span class='ocrx_word' id='word_1_667' title='bbox 856 4861 951 4916; x_wconf 76' lang='grc' dir='ltr'>τὴν</span> <span class='ocrx_word' id='word_1_668' title='bbox 995 4855 1168 4928; x_wconf 77' lang='grc' dir='ltr'>ἀκμὴν</span> <span class='ocrx_word' id='word_1_669' title='bbox 1217 4861 1310 4914; x_wconf 83' lang='grc' dir='ltr'>τῆς</span> <span class='ocrx_word' id='word_1_670' title='bbox 1361 4851 1571 4915; x_wconf 75' lang='grc' dir='ltr'>ἡλικίας</span> <span class='ocrx_word' id='word_1_671' title='bbox 1613 4851 1664 4905; x_wconf 69' lang='grc' dir='ltr'>ἄν</span> <span class='ocrx_word' id='word_1_672' title='bbox 1703 4847 1862 4905; x_wconf 78' lang='grc' dir='ltr'>δυνά-</span> 
     </span>
    </p>
   </div>
   <div class='ocr_carea' id='block_1_98' title="bbox 247 4942 1861 5024">
    <p class='ocr_par' dir='ltr' id='par_1_98' title="bbox 247 4942 1861 5024">
     <span class='ocr_line' id='line_1_98' title="bbox 247 4942 1861 5024; baseline -0.007 -20"><span class='ocrx_word' id='word_1_673' title='bbox 247 4969 335 5024; x_wconf 85' lang='grc' dir='ltr'>μει</span> <span class='ocrx_word' id='word_1_674' title='bbox 386 4952 528 5009; x_wconf 79' lang='grc' dir='ltr'>ὄντες</span> <span class='ocrx_word' id='word_1_675' title='bbox 575 4954 871 5020; x_wconf 80' lang='grc' dir='ltr'>σωματικῇ.</span> <span class='ocrx_word' id='word_1_676' title='bbox 925 4948 991 4999; x_wconf 80' lang='lat' dir='ltr'>Oi</span> <span class='ocrx_word' id='word_1_677' title='bbox 1036 4948 1138 5018; x_wconf 83' lang='grc' dir='ltr'>γὰρ</span> <span class='ocrx_word' id='word_1_678' title='bbox 1186 4951 1415 4997; x_wconf 79' lang='grc' dir='ltr'>τοιοῦτοι</span> <span class='ocrx_word' id='word_1_679' title='bbox 1446 4945 1598 5014; x_wconf 79' lang='grc' dir='ltr'>φύσει</span> <span class='ocrx_word' id='word_1_680' title='bbox 1647 4942 1861 5013; x_wconf 84' lang='grc' dir='ltr'>τυγχά-</span> 
     </span>
    </p>
   </div>
   <div class='ocr_carea' id='block_1_99' title="bbox 246 5027 1861 5113">
    <p class='ocr_par' dir='ltr' id='par_1_99' title="bbox 246 5027 1861 5113">
     <span class='ocr_line' id='line_1_99' title="bbox 246 5027 1861 5113; baseline -0.007 -19"><span class='ocrx_word' id='word_1_681' title='bbox 246 5060 416 5104; x_wconf 83' lang='grc' dir='ltr'>νοντες</span> <span class='ocrx_word' id='word_1_682' title='bbox 475 5043 598 5113; x_wconf 84' lang='grc' dir='ltr'>πρὸς</span> <span class='ocrx_word' id='word_1_683' title='bbox 650 5041 744 5100; x_wconf 82' lang='grc' dir='ltr'>τὰς</span> <span class='ocrx_word' id='word_1_684' title='bbox 782 5039 943 5112; x_wconf 80' lang='grc' dir='ltr'>ὁρμὰς</span> <span class='ocrx_word' id='word_1_685' title='bbox 1000 5035 1336 5109; x_wconf 84' lang='grc' dir='ltr'>εύερέθιστοι,</span> <span class='ocrx_word' id='word_1_686' title='bbox 1387 5027 1600 5085; x_wconf 79' lang='grc' dir='ltr'>ἐπειδὰν</span> <span class='ocrx_word' id='word_1_687' title='bbox 1654 5034 1745 5084; x_wconf 81' lang='grc' dir='ltr'>καὶ</span> <span class='ocrx_word' id='word_1_688' title='bbox 1802 5034 1861 5083; x_wconf 89' lang='grc' dir='ltr'>τό</span> 
     </span>
    </p>
   </div>
   <div class='ocr_carea' id='block_1_100' title="bbox 242 5117 1863 5201">
    <p class='ocr_par' dir='ltr' id='par_1_100' title="bbox 242 5117 1863 5201">
     <span class='ocr_line' id='line_1_100' title="bbox 242 5117 1863 5201; baseline -0.007 -16"><span class='ocrx_word' id='word_1_689' title='bbox 242 5139 338 5201; x_wconf 77' lang='grc' dir='ltr'>τοῦ</span> <span class='ocrx_word' id='word_1_690' title='bbox 400 5132 542 5185; x_wconf 80' lang='grc' dir='ltr'>οἶνον</span> <span class='ocrx_word' id='word_1_691' title='bbox 608 5123 978 5201; x_wconf 77' lang='grc' dir='ltr'>προσλάϐωσιν</span> <span class='ocrx_word' id='word_1_692' title='bbox 1057 5123 1273 5197; x_wconf 80' lang='grc' dir='ltr'>ἕξαλμα,</span> <span class='ocrx_word' id='word_1_693' title='bbox 1330 5120 1437 5176; x_wconf 81' lang='grc' dir='ltr'>οἷον</span> <span class='ocrx_word' id='word_1_694' title='bbox 1510 5136 1629 5173; x_wconf 81' lang='grc' dir='ltr'>τινα</span> <span class='ocrx_word' id='word_1_695' title='bbox 1695 5117 1863 5192; x_wconf 74' lang='grc' dir='ltr'>φλόγα</span> 
     </span>
    </p>
   </div>
   <div class='ocr_carea' id='block_1_101' title="bbox 244 5200 1863 5294">
    <p class='ocr_par' dir='ltr' id='par_1_101' title="bbox 244 5200 1863 5294">
     <span class='ocr_line' id='line_1_101' title="bbox 244 5200 1863 5294; baseline -0.009 -17"><span class='ocrx_word' id='word_1_696' title='bbox 244 5200 453 5294; x_wconf 56' lang='grc' dir='ltr'>ἀφθόνῳ</span> <span class='ocrx_word' id='word_1_697' title='bbox 507 5200 749 5294; x_wconf 77' lang='grc' dir='ltr'>χορηγίᾳ</span> <span class='ocrx_word' id='word_1_698' title='bbox 809 5223 905 5276; x_wconf 78' lang='grc' dir='ltr'>τῆς</span> <span class='ocrx_word' id='word_1_699' title='bbox 961 5217 1239 5286; x_wconf 85' lang='grc' dir='ltr'>καιομένης</span> <span class='ocrx_word' id='word_1_700' title='bbox 1276 5211 1420 5282; x_wconf 83' lang='grc' dir='ltr'>ύλης,</span> <span class='ocrx_word' id='word_1_701' title='bbox 1482 5206 1566 5263; x_wconf 73' lang='grc' dir='ltr'>ἐπὶ</span> <span class='ocrx_word' id='word_1_702' title='bbox 1625 5210 1686 5261; x_wconf 83' lang='grc' dir='ltr'>τὸ</span> <span class='ocrx_word' id='word_1_703' title='bbox 1725 5210 1863 5281; x_wconf 72' lang='grc' dir='ltr'>μέγα</span> 
     </span>
    </p>
   </div>
   <div class='ocr_carea' id='block_1_102' title="bbox 322 5383 1860 5479">
    <p class='ocr_par' dir='ltr' id='par_1_102' title="bbox 322 5383 1860 5479">
     <span class='ocr_line' id='line_1_102' title="bbox 322 5383 1860 5479; baseline -0.008 -24"><span class='ocrx_word' id='word_1_704' title='bbox 322 5400 402 5479; x_wconf 61' lang='grc' dir='ltr'>(ξ)</span> <span class='ocrx_word' id='word_1_705' title='bbox 449 5398 717 5472; x_wconf 73' lang='grc' dir='ltr'>Ἐμοϋντες</span> <span class='ocrx_word' id='word_1_706' title='bbox 746 5396 865 5470; x_wconf 74' lang='grc' dir='ltr'>γάρ.</span> <span class='ocrx_word' id='word_1_707' title='bbox 892 5392 1182 5451; x_wconf 86' lang='lat' dir='ltr'>Voculam</span> <span class='ocrx_word' id='word_1_708' title='bbox 1211 5388 1562 5450; x_wconf 86' lang='lat' dir='ltr'>addidimus</span> <span class='ocrx_word' id='word_1_709' title='bbox 1581 5400 1655 5442; x_wconf 81' lang='lat' dir='ltr'>ex</span> <span class='ocrx_word' id='word_1_710' title='bbox 1677 5383 1860 5457; x_wconf 81' lang='lat' dir='ltr'>Regio</span> 
     </span>
    </p>
   </div>
   <div class='ocr_carea' id='block_1_103' title="bbox 255 5469 1863 5613">
    <p class='ocr_par' dir='ltr' id='par_1_103' title="bbox 255 5469 1863 5613">
     <span class='ocr_line' id='line_1_103' title="bbox 255 5469 1863 5613; baseline -0.008 -16"><span class='ocrx_word' id='word_1_711' title='bbox 255 5469 686 5613; x_wconf 36' lang='lat' dir='ltr'>magiae-1,“.</span> <span class='ocrx_word' id='word_1_712' title='bbox 712 5536 1212 5613; x_wconf 25' lang='lat' dir='ltr'>AEmendavimus</span> <span class='ocrx_word' id='word_1_713' title='bbox 1258 5544 1378 5608; x_wconf 80' lang='lat' dir='ltr'>ope</span> <span class='ocrx_word' id='word_1_714' title='bbox 1422 5527 1648 5592; x_wconf 74' lang='lat' dir='ltr'>codicis</span> <span class='ocrx_word' id='word_1_715' title='bbox 1695 5526 1863 5601; x_wconf 76' lang='lat' dir='ltr'>Regii</span> 
     </span>
    </p>
   </div>
   <div class='ocr_carea' id='block_1_104' title="bbox 362 5609 1221 5685">
    <p class='ocr_par' dir='ltr' id='par_1_104' title="bbox 362 5609 1221 5685">
     <span class='ocr_line' id='line_1_104' title="bbox 362 5609 1221 5685; baseline -0.01 -10"><span class='ocrx_word' id='word_1_716' title='bbox 362 5609 568 5684; x_wconf 62' lang='grc' dir='ltr'>εειὰηι</span> <span class='ocrx_word' id='word_1_717' title='bbox 591 5609 912 5676; x_wconf 81' lang='lat' dir='ltr'>lectionem</span> <span class='ocrx_word' id='word_1_718' title='bbox 938 5609 1221 5685; x_wconf 72' lang='grc' dir='ltr'>προσάγει.</span> 
     </span>
    </p>
   </div>
   <div class='ocr_carea' id='block_1_105' title="bbox 1966 4408 3631 4485">
    <p class='ocr_par' dir='ltr' id='par_1_105' title="bbox 1966 4408 3631 4485">
     <span class='ocr_line' id='line_1_105' title="bbox 1966 4408 3631 4485; baseline -0.002 -15"><span class='ocrx_word' id='word_1_719' title='bbox 1966 4414 2299 4485; x_wconf 85' lang='lat' dir='ltr'>bulentam,</span> <span class='ocrx_word' id='word_1_720' title='bbox 2357 4428 2644 4485; x_wconf 85' lang='lat' dir='ltr'>procaces</span> <span class='ocrx_word' id='word_1_721' title='bbox 2705 4411 2844 4477; x_wconf 88' lang='lat' dir='ltr'>iras,</span> <span class='ocrx_word' id='word_1_722' title='bbox 2886 4409 3251 4482; x_wconf 87' lang='lat' dir='ltr'>cupiditates</span> <span class='ocrx_word' id='word_1_723' title='bbox 3287 4408 3631 4479; x_wconf 69' lang='lat' dir='ltr'>effrenatas,</span> 
     </span>
    </p>
   </div>
   <div class='ocr_carea' id='block_1_106' title="bbox 1970 4498 3635 4572">
    <p class='ocr_par' dir='ltr' id='par_1_106' title="bbox 1970 4498 3635 4572">
     <span class='ocr_line' id='line_1_106' title="bbox 1970 4498 3635 4572; baseline 0.001 -13"><span class='ocrx_word' id='word_1_724' title='bbox 1970 4503 2285 4559; x_wconf 90' lang='lat' dir='ltr'>stimulum</span> <span class='ocrx_word' id='word_1_725' title='bbox 2308 4520 2380 4559; x_wconf 88' lang='lat' dir='ltr'>ac</span> <span class='ocrx_word' id='word_1_726' title='bbox 2404 4503 2668 4558; x_wconf 84' lang='lat' dir='ltr'>furorem</span> <span class='ocrx_word' id='word_1_727' title='bbox 2695 4498 2772 4557; x_wconf 90' lang='lat' dir='ltr'>ad</span> <span class='ocrx_word' id='word_1_728' title='bbox 2794 4514 3041 4555; x_wconf 89' lang='lat' dir='ltr'>omnem</span> <span class='ocrx_word' id='word_1_729' title='bbox 3064 4498 3337 4568; x_wconf 85' lang='lat' dir='ltr'>iniquam</span> <span class='ocrx_word' id='word_1_730' title='bbox 3362 4499 3635 4572; x_wconf 58' lang='lat' dir='ltr'>voluptai</span> 
     </span>
    </p>
   </div>
   <div class='ocr_carea' id='block_1_107' title="bbox 1972 4587 3633 4664">
    <p class='ocr_par' dir='ltr' id='par_1_107' title="bbox 1972 4587 3633 4664">
     <span class='ocr_line' id='line_1_107' title="bbox 1972 4587 3633 4664; baseline -0.001 -16"><span class='ocrx_word' id='word_1_731' title='bbox 1972 4597 2092 4649; x_wconf 87' lang='lat' dir='ltr'>tem</span> <span class='ocrx_word' id='word_1_732' title='bbox 2150 4598 2581 4664; x_wconf 79' lang='lat' dir='ltr'>provocantem</span> <span class='ocrx_word' id='word_1_733' title='bbox 2624 4588 3025 4646; x_wconf 83' lang='lat' dir='ltr'>exsuscitans.</span> <span class='ocrx_word' id='word_1_734' title='bbox 3057 4587 3468 4654; x_wconf 82' lang='lat' dir='ltr'>Quamobrem</span> <span class='ocrx_word' id='word_1_735' title='bbox 3509 4605 3633 4646; x_wconf 90' lang='lat' dir='ltr'>non</span> 
     </span>
    </p>
   </div>
   <div class='ocr_carea' id='block_1_108' title="bbox 1971 4675 3635 4752">
    <p class='ocr_par' dir='ltr' id='par_1_108' title="bbox 1971 4675 3635 4752">
     <span class='ocr_line' id='line_1_108' title="bbox 1971 4675 3635 4752; baseline -0.001 -15"><span class='ocrx_word' id='word_1_736' title='bbox 1971 4681 2185 4737; x_wconf 88' lang='lat' dir='ltr'>bibant</span> <span class='ocrx_word' id='word_1_737' title='bbox 2207 4681 2416 4737; x_wconf 90' lang='lat' dir='ltr'>vinum</span> <span class='ocrx_word' id='word_1_738' title='bbox 2443 4683 2739 4752; x_wconf 81' lang='lat' dir='ltr'>potentes,</span> <span class='ocrx_word' id='word_1_739' title='bbox 2755 4676 2967 4749; x_wconf 86' lang='lat' dir='ltr'>inquit,</span> <span class='ocrx_word' id='word_1_740' title='bbox 2985 4677 3105 4732; x_wconf 89' lang='lat' dir='ltr'>sive</span> <span class='ocrx_word' id='word_1_741' title='bbox 3122 4676 3162 4732; x_wconf 90' lang='lat' dir='ltr'>ii</span> <span class='ocrx_word' id='word_1_742' title='bbox 3185 4675 3409 4748; x_wconf 87' lang='lat' dir='ltr'>quibus</span> <span class='ocrx_word' id='word_1_743' title='bbox 3428 4676 3635 4750; x_wconf 85' lang='lat' dir='ltr'>aliqua</span> 
     </span>
    </p>
   </div>
   <div class='ocr_carea' id='block_1_109' title="bbox 1971 4764 3633 4843">
    <p class='ocr_par' dir='ltr' id='par_1_109' title="bbox 1971 4764 3633 4843">
     <span class='ocr_line' id='line_1_109' title="bbox 1971 4764 3633 4843; baseline -0.002 -17"><span class='ocrx_word' id='word_1_744' title='bbox 1971 4769 2345 4843; x_wconf 64' lang='lat' dir='ltr'>praefectura,</span> <span class='ocrx_word' id='word_1_745' title='bbox 2374 4774 2477 4826; x_wconf 85' lang='lat' dir='ltr'>aut</span> <span class='ocrx_word' id='word_1_746' title='bbox 2505 4766 2889 4841; x_wconf 88' lang='lat' dir='ltr'>publicarum</span> <span class='ocrx_word' id='word_1_747' title='bbox 2933 4780 3136 4821; x_wconf 86' lang='lat' dir='ltr'>rerum</span> <span class='ocrx_word' id='word_1_748' title='bbox 3186 4764 3633 4823; x_wconf 90' lang='lat' dir='ltr'>administratio</span> 
     </span>
    </p>
   </div>
   <div class='ocr_carea' id='block_1_110' title="bbox 1971 4852 3634 4929">
    <p class='ocr_par' dir='ltr' id='par_1_110' title="bbox 1971 4852 3634 4929">
     <span class='ocr_line' id='line_1_110' title="bbox 1971 4852 3634 4929; baseline -0.001 -14"><span class='ocrx_word' id='word_1_749' title='bbox 1971 4858 2333 4927; x_wconf 82' lang='lat' dir='ltr'>commissa;</span> <span class='ocrx_word' id='word_1_750' title='bbox 2362 4858 2487 4913; x_wconf 88' lang='lat' dir='ltr'>sive</span> <span class='ocrx_word' id='word_1_751' title='bbox 2519 4857 2559 4912; x_wconf 90' lang='lat' dir='ltr'>ii</span> <span class='ocrx_word' id='word_1_752' title='bbox 2583 4855 2690 4929; x_wconf 86' lang='lat' dir='ltr'>qui</span> <span class='ocrx_word' id='word_1_753' title='bbox 2712 4854 2793 4911; x_wconf 91' lang='lat' dir='ltr'>ob</span> <span class='ocrx_word' id='word_1_754' title='bbox 2815 4852 3006 4911; x_wconf 67' lang='lat' dir='ltr'>aetatis</span> <span class='ocrx_word' id='word_1_755' title='bbox 3031 4853 3303 4924; x_wconf 85' lang='lat' dir='ltr'>vigorem</span> <span class='ocrx_word' id='word_1_756' title='bbox 3328 4856 3634 4928; x_wconf 81' lang='lat' dir='ltr'>corporeis</span> 
     </span>
    </p>
   </div>
   <div class='ocr_carea' id='block_1_111' title="bbox 1976 4942 3629 5021">
    <p class='ocr_par' dir='ltr' id='par_1_111' title="bbox 1976 4942 3629 5021">
     <span class='ocr_line' id='line_1_111' title="bbox 1976 4942 3629 5021; baseline -0.001 -17"><span class='ocrx_word' id='word_1_757' title='bbox 1976 4949 2150 5021; x_wconf 78' lang='lat'>563</span> <span class='ocrx_word' id='word_1_758' title='bbox 2170 4947 2398 5004; x_wconf 89' lang='lat' dir='ltr'>viribus</span> <span class='ocrx_word' id='word_1_759' title='bbox 2418 4945 2665 5019; x_wconf 89' lang='lat' dir='ltr'>pollent.</span> <span class='ocrx_word' id='word_1_760' title='bbox 2690 4945 3002 5001; x_wconf 86' lang='lat' dir='ltr'>Enimvero</span> <span class='ocrx_word' id='word_1_761' title='bbox 3019 4943 3124 5015; x_wconf 91' lang='lat' dir='ltr'>qui</span> <span class='ocrx_word' id='word_1_762' title='bbox 3143 4946 3286 5000; x_wconf 90' lang='lat' dir='ltr'>sunt</span> <span class='ocrx_word' id='word_1_763' title='bbox 3303 4942 3629 5016; x_wconf 82' lang='lat' dir='ltr'>ejusmodi,</span> 
     </span>
    </p>
   </div>
   <div class='ocr_carea' id='block_1_112' title="bbox 1971 5031 3637 5110">
    <p class='ocr_par' dir='ltr' id='par_1_112' title="bbox 1971 5031 3637 5110">
     <span class='ocr_line' id='line_1_112' title="bbox 1971 5031 3637 5110; baseline -0.001 -17"><span class='ocrx_word' id='word_1_764' title='bbox 1971 5045 2177 5110; x_wconf 88' lang='lat' dir='ltr'>utpote</span> <span class='ocrx_word' id='word_1_765' title='bbox 2210 5040 2425 5108; x_wconf 91' lang='lat' dir='ltr'>suapte</span> <span class='ocrx_word' id='word_1_766' title='bbox 2455 5040 2673 5091; x_wconf 87' lang='lat' dir='ltr'>natura</span> <span class='ocrx_word' id='word_1_767' title='bbox 2702 5031 2784 5090; x_wconf 92' lang='lat' dir='ltr'>ad</span> <span class='ocrx_word' id='word_1_768' title='bbox 2823 5031 3014 5089; x_wconf 88' lang='lat' dir='ltr'>animi</span> <span class='ocrx_word' id='word_1_769' title='bbox 3036 5034 3238 5089; x_wconf 90' lang='lat' dir='ltr'>motus</span> <span class='ocrx_word' id='word_1_770' title='bbox 3259 5031 3458 5104; x_wconf 88' lang='lat' dir='ltr'>proni,</span> <span class='ocrx_word' id='word_1_771' title='bbox 3480 5040 3637 5106; x_wconf 83' lang='lat' dir='ltr'>post-</span> 
     </span>
    </p>
   </div>
   <div class='ocr_carea' id='block_1_113' title="bbox 1969 5120 3633 5201">
    <p class='ocr_par' dir='ltr' id='par_1_113' title="bbox 1969 5120 3633 5201">
     <span class='ocr_line' id='line_1_113' title="bbox 1969 5120 3633 5201; baseline -0.003 -17"><span class='ocrx_word' id='word_1_772' title='bbox 1969 5143 2160 5201; x_wconf 90' lang='lat' dir='ltr'>quam</span> <span class='ocrx_word' id='word_1_773' title='bbox 2186 5127 2380 5183; x_wconf 87' lang='lat' dir='ltr'>fomes</span> <span class='ocrx_word' id='word_1_774' title='bbox 2403 5124 2585 5181; x_wconf 89' lang='lat' dir='ltr'>etiam</span> <span class='ocrx_word' id='word_1_775' title='bbox 2614 5123 2737 5180; x_wconf 87' lang='lat' dir='ltr'>v‘ini</span> <span class='ocrx_word' id='word_1_776' title='bbox 2774 5122 2833 5179; x_wconf 83' lang='lat' dir='ltr'>et</span> <span class='ocrx_word' id='word_1_777' title='bbox 2861 5120 3326 5178; x_wconf 86' lang='lat' dir='ltr'>incitamentum</span> <span class='ocrx_word' id='word_1_778' title='bbox 3359 5123 3633 5191; x_wconf 77' lang='lat' dir='ltr'>accessit,</span> 
     </span>
    </p>
   </div>
   <div class='ocr_carea' id='block_1_114' title="bbox 1970 5208 3636 5290">
    <p class='ocr_par' dir='ltr' id='par_1_114' title="bbox 1970 5208 3636 5290">
     <span class='ocr_line' id='line_1_114' title="bbox 1970 5208 3636 5290; baseline -0.001 -18"><span class='ocrx_word' id='word_1_779' title='bbox 1970 5215 2356 5290; x_wconf 89' lang='lat' dir='ltr'>suppeditata</span> <span class='ocrx_word' id='word_1_780' title='bbox 2375 5212 2619 5272; x_wconf 89' lang='lat' dir='ltr'>abunde</span> <span class='ocrx_word' id='word_1_781' title='bbox 2646 5208 2924 5283; x_wconf 86' lang='lat' dir='ltr'>materia,</span> <span class='ocrx_word' id='word_1_782' title='bbox 2946 5226 3084 5284; x_wconf 65' lang='lat' dir='ltr'>quin</span> <span class='ocrx_word' id='word_1_783' title='bbox 3119 5210 3263 5285; x_wconf 86' lang='lat' dir='ltr'>apta</span> <span class='ocrx_word' id='word_1_784' title='bbox 3290 5213 3383 5268; x_wconf 85' lang='lat' dir='ltr'>est</span> <span class='ocrx_word' id='word_1_785' title='bbox 3409 5210 3636 5270; x_wconf 82' lang='lat' dir='ltr'>ustioni</span> 
     </span>
    </p>
   </div>
   <div class='ocr_carea' id='block_1_115' title="bbox 2044 5371 3637 5459">
    <p class='ocr_par' dir='ltr' id='par_1_115' title="bbox 2044 5371 3637 5459">
     <span class='ocr_line' id='line_1_115' title="bbox 2044 5371 3637 5459; baseline -0.003 -25"><span class='ocrx_word' id='word_1_786' title='bbox 2044 5382 2131 5459; x_wconf 33' lang='lat'>(3).</span> <span class='ocrx_word' id='word_1_787' title='bbox 2153 5379 2447 5459; x_wconf 55' lang='grc' dir='ltr'>ςΙςαράσσει.</span> <span class='ocrx_word' id='word_1_788' title='bbox 2483 5374 2575 5433; x_wconf 89' lang='lat' dir='ltr'>Sic</span> <span class='ocrx_word' id='word_1_789' title='bbox 2612 5373 2777 5432; x_wconf 90' lang='lat' dir='ltr'>idem</span> <span class='ocrx_word' id='word_1_790' title='bbox 2806 5371 3018 5432; x_wconf 76' lang='lat' dir='ltr'>codex.</span> <span class='ocrx_word' id='word_1_791' title='bbox 3051 5371 3205 5430; x_wconf 70' lang='lat' dir='ltr'>Ediii</span> <span class='ocrx_word' id='word_1_792' title='bbox 3233 5374 3292 5430; x_wconf 85' lang='lat' dir='ltr'>et</span> <span class='ocrx_word' id='word_1_793' title='bbox 3319 5373 3637 5432; x_wconf 80' lang='lat' dir='ltr'>contextus</span> 
     </span>
    </p>
   </div>
   <div class='ocr_carea' id='block_1_116' title="bbox 1970 5467 2987 5593">
    <p class='ocr_par' dir='ltr' id='par_1_116' title="bbox 1970 5467 2987 5593">
     <span class='ocr_line' id='line_1_116' title="bbox 1970 5467 2987 5593; baseline -0.008 -14"><span class='ocrx_word' id='word_1_794' title='bbox 1970 5467 2437 5593; x_wconf 53' lang='grc' dir='ltr'>καῖξῗρὲξῗὲω.</span> <span class='ocrx_word' id='word_1_795' title='bbox 2468 5520 2534 5574; x_wconf 82' lang='lat' dir='ltr'>in</span> <span class='ocrx_word' id='word_1_796' title='bbox 2556 5518 2834 5593; x_wconf 55' lang='lat' dir='ltr'>ebriosos,</span> <span class='ocrx_word' id='word_1_797' title='bbox 2865 5518 2987 5593; x_wconf 58' lang='grc' dir='ltr'>εει),</span> 
     </span>
    </p>
   </div>
   <div class='ocr_carea' id='block_1_117' title="bbox 2040 5589 3024 5668">
    <p class='ocr_par' dir='ltr' id='par_1_117' title="bbox 2040 5589 3024 5668">
     <span class='ocr_line' id='line_1_117' title="bbox 2040 5589 3024 5668; baseline -0.007 -17"><span class='ocrx_word' id='word_1_798' title='bbox 2040 5589 2119 5668; x_wconf 74' lang='grc' dir='ltr'><strong>(ὅ)</strong></span> <span class='ocrx_word' id='word_1_799' title='bbox 2156 5594 2242 5652; x_wconf 79' lang='lat' dir='ltr'><strong>Ex</strong></span> <span class='ocrx_word' id='word_1_800' title='bbox 2265 5595 2593 5655; x_wconf 77' lang='lat' dir='ltr'>comment.</span> <span class='ocrx_word' id='word_1_801' title='bbox 2620 5592 2688 5651; x_wconf 77' lang='lat' dir='ltr'>in</span> <span class='ocrx_word' id='word_1_802' title='bbox 2711 5589 2863 5661; x_wconf 63' lang='lat' dir='ltr'>Iam,</span> <span class='ocrx_word' id='word_1_803' title='bbox 2896 5590 3024 5646; x_wconf 79' lang='lat'>508.</span> 
     </span>
    </p>
   </div>
  </div>
