4084 6378
495 232 628 295 1327

1478 238 1843 296 APPENDIX.
1865 269 1934 284 —
1962 238 2300 297 SYMEONIS
2349 238 2870 300 METAPHRAST/E

3728 242 3891 301 1328

483 370 539 421 et
555 364 794 431 idonea,
819 363 977 420 velut
998 364 1311 423 ﬂammam
1337 362 1672 438 quamdam
1694 363 1755 418 in
1778 363 2036 419 sublime
2057 367 2118 420 at

2247 363 2560 441 ἐξαίρουσιν.
2606 364 2806 438 Ὣ.σπερ
2860 366 2961 439 γὰρ
3031 367 3098 418 τόί
3159 363 3316 419 πλοῖα
3398 365 3898 441 καταϐαρυνόμενοι

482 453 714 510 tollunt.
759 456 944 509 'Nam
992 452 1517 525 quemadmodum
1561 468 1743 507 onere
1796 452 1982 508 nimio
2032 452 2136 508 de-

479 558 695 615 pressa
716 543 1075 613 navis,zegre
1098 559 1219 614 quo
1242 538 1385 599 velis
1407 540 1752 613 impellitur,
1785 546 1967 613 atque
1988 557 2136 597 nau-

479 631 670 703 fragio
700 631 977 688 faciendo
1022 631 1241 687 mirum
1276 631 1337 686 in
1377 632 1629 685 modum
1671 645 1864 700 prona
1895 634 2017 684 est:
2052 630 2135 685 sic

479 718 659 775 etiam
681 735 954 791 corpora.
975 734 1355 790 quaecunque
1388 716 1707 788 voluptatis
1731 716 1978 772 libidine
2001 716 2132 789 plu-

478 808 646 864 ribus
691 811 871 880 atque
918 807 1351 880 profusioribus
1383 805 1632 869 deliciis,
1659 806 1807 861 cutis
1844 806 2131 873 curandae

478 899 702 970 gratiae,
734 914 864 952 sese
894 904 1163 966 onerant,
1198 896 1500 969 profundo
1541 896 1890 967 perditionis
1915 896 2132 968 pelago

474 987 810 1042 innatantia
839 985 1126 1040 feruntur.
1162 987 1239 1055 (l)
1272 984 1422 1050 Quid
1457 984 1541 1039 vis
1566 984 1730 1059 Gaini
1759 984 2131 1040 maledictio-

475 1090 614 1131 nem
640 1076 741 1131 tibi
764 1074 895 1148 ipse
916 1074 1230 1140 asciscere,
1248 1074 1526 1129 ebriosus
1550 1072 1762 1141 factus,
1781 1078 2040 1128 tremens
2059 1089 2129 1128 ac

472 1163 873 1236 vagabuudus
894 1180 999 1236 per
1021 1168 1206 1218 totam
1227 1163 1450 1218 vitam?
1492 1164 1720 1232 Corpus
1760 1161 1920 1217 enim
1960 1160 2130 1233 (ξι-οά

474 1254 730 1310 naturali
751 1253 938 1309 fulcro
959 1252 1312 1316 destituitur,
1339 1251 1668 1320 circumagi
1692 1267 1934 1307 necesse
1966 1257 2052 1306 est
2073 1256 2127 1306 et

471 1343 948 1400 contremiscere.
989 1344 1309 1414 Usquequo
1340 1341 1638 1396 ebrietas?
1678 1340 2009 1396 Periculum
2038 1345 2131 1396 est

470 1449 545 1488 ne
571 1432 815 1487 tandem
846 1446 1086 1485 omnum
1123 1429 1440 1501 lutumque
1462 1445 1572 1501 pro
1609 1428 2015 1496 hominetias;
2047 1429 2131 1484 ita

469 1527 626 1579 totus
656 1520 951 1577 admistus
982 1519 1124 1573 vino
1155 1534 1238 1584 es,
1272 1531 1516 1588 unaque
1556 1519 1780 1588 pariter
1828 1517 2127 1588 putruisti,

467 1612 675 1666 vinum
696 1625 769 1665 ex
797 1606 1148 1681 quotidiana
1181 1605 1428 1676 crapula
1449 1604 1719 1672 obolens,
1758 1609 1815 1661 et
1854 1605 1972 1662 hoc
2008 1622 2133 1662 cor.

2244 463 2316 527 τῷ
2366 459 2540 527 φόρει-ῳ
2603 451 2896 527 δυσάγωγιί
2957 456 3070 507 ἐστι
3137 460 3227 508 καὶ
3288 454 3477 509 εὔκολα
3541 459 3682 530 πρός
3756 475 3899 509 ναυ-

2245 547 2392 615 άγιον
2418 562 2430 574 ⁸
2482 544 2616 596 οὕτω
2643 549 2732 596 καὶ
2762 546 2827 596 τά
2858 550 3092 616 σώματα,
3130 546 3232 597 ὅσα
3256 543 3417 618 πολλῇ
3455 544 3535 615 (6)
3564 549 3663 597 καὶ
3709 541 3897 616 δαψι-

2242 632 2317 685 λεῖ
2390 640 2450 706 τῇ
2514 641 2678 707 τρυφῇ
2758 633 2826 693 εἰς
2914 632 3275 707 πολυσαρκίαν
3375 639 3895 710 καταπεφόρτισται

2243 719 2337 773 διά
2365 718 2667 793 φιληδονίαν
2694 722 2795 792 (7),
2846 727 2918 792 τῷ
2975 719 3123 794 βυθῷ
3177 730 3273 784 τῆς
3320 720 3573 783 ἀπωλείας
3608 721 3894 795 ἑπινηχό-

2240 829 2367 882 μενα
2414 814 2637 885 φέρεται.
2683 815 2745 862 Τί
2803 814 2891 867 τὴν
2948 813 3179 883 κατάραν
3226 818 3318 863 τοῦ
3370 811 3500 864 Κάῑν
3555 809 3639 883 ἐφ’
3682 811 3893 864 ἑαυτὸν

2240 896 2554 964 ἐπισπᾱσαι,
2618 899 2839 969 μεθύων,
2913 902 3109 973 τρέμων
3163 903 3255 951 καὶ
3306 903 3719 973 περιφερόμενος
3788 896 3895 952 διὰ

2235 992 2429 1047 παντός
2458 996 2548 1039 τοῦ
2582 985 2743 1058 (rion;
2786 986 2845 1038 οὗ
2889 990 2990 1061 γὰρ
3028 990 3151 1059 ἔχον
3201 991 3259 1040 τὸ
3318 996 3472 1060 σῶμα
3511 992 3602 1041 τόν
3656 988 3723 1041 ἐκ
3786 997 3892 1050 τες

2240 1079 2434 1147 φύσεως
2490 1078 2802 1149 στηριγμόν,
2852 1074 3149 1146 ἀναγκαίως
3204 1072 3559 1150 περιδονείται
3632 1081 3737 1129 καὶ
3782 1098 3890 1130 κα-

2236 1169 2520 1219 τασείεται.
2550 1169 2727 1237 Μέχρι
2753 1169 2885 1225 τίνος
2929 1166 2957 1222 η
3008 1166 3176 1237 μέθη;
3235 1161 3561 1227 Κινδυνεύεις
3622 1167 3706 1238 (8)
3767 1166 3890 1219 λοι-

2235 1256 2330 1304 πόν
2392 1252 2648 1326 βόρϐορος
2694 1249 2823 1304 εἶναι
2874 1252 2987 1305 ἀντὶ
3034 1252 3349 1328 ἀνθρώπου·
3393 1253 3560 1316 οὕτως
3589 1253 3734 1315 ὅλως
3785 1253 3891 1307 ἀνα

2238 1343 2467 1413 εμίχθης
2510 1350 2581 1412 τῲ
2628 1344 2767 1413 οἰνῳ,
2827 1346 2915 1393 καὶ
2967 1344 3377 1413 συγκατεσάπης
3417 1342 3578 1414 αὐτῷ,
3643 1342 3707 1396 ἐκ
3780 1353 3889 1405 τῆς

2237 1432 2591 1505 καθημερινῆς
2646 1431 2941 1502 κραιπάλης
3002 1434 3141 1483 οἴνου
3204 1430 3435 1500 ἀπόζων,
3496 1436 3587 1485 καὶ
3668 1435 3885 1486 τούτου

2241 1516 2640 1592 διεφθαρμένου,
2694 1521 2867 1592 ὥσπερ
2924 1527 3024 1571 των
3080 1518 3300 1591 ἀγγείων
3330 1523 3396 1573 τά
3441 1518 3879 1595 ἀχρηστότατα.

2242 1609 2301 1661 Εἰ
2346 1611 2566 1681 μέθυσοι
2616 1607 2888 1681 βασιλείαν
2948 1616 3081 1661 Θεοῦ
3126 1608 3187 1661 οὗ
3243 1609 3745 1682 κληρονομήσουσι,
3807 1614 3883 1664 σὺ

467 1706 735 1772 ruptum,
763 1696 1012 1769 perinde
1033 1701 1099 1751 ut
1119 1710 1265 1750 vasa
1285 1694 1431 1750 nulli
1455 1695 1704 1751 omnino
1729 1695 1863 1750 usui
1885 1695 2118 1752 idonea.

2244 1694 2302 1751 δε
2352 1700 2552 1769 μεθύων
2602 1700 2732 1772 ἔρχῃ
2795 1697 2878 1750 ἐπὶ
2918 1702 3010 1755 τὴν
3059 1702 3322 1766 νηστείαν,
3355 1704 3409 1751 τί
3437 1718 3522 1751 σοι
3546 1703 3606 1752 τό
3636 1699 3878 1773 ripa)“;

469 1790 548 1861 ('2)
596 1788 653 1844 Si
701 1787 917 1843 ebriosi
959 1800 1208 1855 regnum
1254 1786 1366 1840 Dei
1411 1800 1531 1839 non
1559 1785 2029 1853 possidebunt“,
2065 1792 2126 1842 tu

468 1884 669 1935 autem
690 1874 1051 1932 temulentus
1073 1873 1306 1930 accedis
1329 1872 1408 1929 ad
1424 1873 1723 1944 jejunium
1744 1891 1757 1928 :
1791 1872 1939 1946 quid
1971 1874 2124 1930 utili-

466 1965 602 2022 tatis
619 1963 859 2021 aufers?
912 1966 1058 2018 Nam
1096 1963 1241 2026 si,te
1276 1961 1534 2017 ebrietas
1578 1962 1841 2018 excludit
1870 1979 1906 2018 a
1932 1979 2122 2034 regno

466 2055 778 2122 cmlorum,
817 2052 1103 2124 quisnam
1132 2050 1380 2107 tandem
1417 2068 1448 2107 e
1480 2051 1712 2123 jejunio
1737 2051 2006 2109 fructus?
2031 2059 2121 2110 Au

462 2161 586 2202 non
605 2144 775 2199 vides
800 2140 1112 2214 quomodo
1142 2140 1247 2213 qui
1270 2140 1331 2195 in
1361 2141 1683 2197 domandis
1710 2141 2013 2215 equis,qui
2042 2143 2122 2200 ad

458 2232 798 2291 certamina
830 2230 1092 2299 aluntur,
1148 2228 1493 2301 peritissimi
1533 2235 1693 2298 sunt,
1752 2247 1891 2286 cum
1942 2232 2123 2289 instat

462 2320 805 2380 certaminis
836 2318 984 2388 dies,
1012 2333 1118 2373 eos
1144 2316 1347 2373 inedia
1371 2320 1755 2390 praeparant!
1782 2322 1866 2376 Tu
1892 2325 2120 2390 contra,

461 2411 607 2469 data
635 2423 822 2482 opera
849 2407 1234 2477 temetipsum
1261 2404 1549 2478 deprimis
1578 2407 2123 2465 saturitateA’enter

462 2501 627 2558 enim
655 2501 932 2568 onustus,
977 2510 1103 2551 non
1155 2494 1351 2550 solum
1382 2495 1462 2551 ad
1490 2511 1756 2567 cursum,
1788 2497 1895 2554 sed
1924 2513 2000 2554 ne
2039 2498 2121 2556 ad

461 2603 750 2646 somnum
763 2585 1010 2659 quidem
1023 2583 1460 2640 accommodus
1474 2590 1562 2642 est
1580 2604 1593 2655 ;
1617 2586 2117 2660 quandoquidem

459 2678 728 2753 pondere
756 2690 1083 2748 oppressus
1107 2689 1231 2729 non
1251 2678 1451 2746 potest
1470 2675 1797 2747 quiescere,
1826 2675 1932 2734 sed
1961 2676 2117 2749 cogi-

458 2775 557 2827 tur
584 2765 841 2823 subinde
864 2768 1052 2821 semet
1079 2779 1242 2819 nunc
1280 2763 1341 2819 in
1382 2763 1684 2831 dextrum,
1732 2781 1896 2823 nunc
1931 2767 1994 2823 in
2017 2766 2116 2823 lte-

458 2874 607 2915 vum
632 2856 794 2913 latus
814 2858 1067 2910 vertere.
1093 2853 1171 2925 (3)
1198 2855 1277 2909 Ne
1298 2852 1477 2925 igitur
1500 2852 1580 2909 ad
1595 2854 1675 2927 jej
1687 2854 1810 2911 unii
1829 2855 2118 2928 mysteria.

456 2952 517 3005 te
536 2944 877 3003 introducat
900 2942 1177 2999 ebrietas.
1227 2943 1358 2999 Non
1415 2946 1507 2997 est
1550 2958 1659 3015 per
1700 2943 2116 3002 temulentiam

2237 1788 2280 1840 εἰ
2337 1790 2437 1859 γὰρ
2498 1786 2755 1839 ἀποκλείει
2786 1806 2843 1839 σε
2883 1795 2977 1849 τῆς
3033 1785 3308 1859 βασιλείας
3347 1789 3378 1846 ἡ
3421 1790 3579 1861 μέθη,
3622 1797 3734 1842 που
3783 1809 3881 1844 σοι

2232 1876 2410 1929 λοιπόν
2457 1882 2731 1951 χρήσιμον
2794 1879 2850 1928 τό
2916 1878 3221 1946 νηστεύεινς
3292 1876 3416 1949 Οὐχ
3457 1878 3583 1951 ὁρᾷς
3622 1882 3721 1931 καὶ
3762 1887 3879 1931 τῶν

2231 1967 2401 2019 ἵππων
2444 1970 2568 2026 τοὺς
2619 1965 2934 2037 ἀγωνιστὰς,
2976 1974 3087 2028 πῶς
3144 1968 3193 2018 οί
3249 1964 3615 2042 ἐμπειρότατοι
3682 1967 3876 2021 πωλο-

2232 2050 2449 2127 δαμναι,
2481 2063 2576 2116 τῆς
2605 2053 2833 2126 ἀγωνίας
2873 2051 3340 2130 προσδοκωμένης,
3385 2052 3481 2109 διὰ
3521 2063 3619 2120 τῆς
3651 2053 3875 2120 ἐνδείας

2228 2143 2728 2219 προευτρεπίζουσι;
2792 2146 2858 2196 σὺ
2924 2139 2982 2196 δὲ
3049 2141 3349 2208 ἐξεπίτηδες
3407 2149 3631 2198 σεαυτόν
3688 2167 3873 2202 κατα-

2227 2233 2423 2295 πιέζεις
2455 2232 2529 2305 (9)
2567 2240 2640 2303 τῷ
2679 2236 2841 2308 κόρῳ.
2883 2236 3179 2306 Βαρουμένη
3237 2235 3340 2309 γὰρ
3398 2235 3429 2292 ἡ
3480 2239 3717 2311 γαστὴρ,
3752 2237 3872 2309 οὒκ

2228 2324 2363 2384 ὅπως
2404 2326 2533 2396 πρὸς
2582 2318 2800 2396 δρόμον,
2851 2321 2963 2374 ἀλλ’
3003 2318 3127 2376 οὐδε
3156 2326 3284 2397 πρὸς
3314 2321 3471 2376 ὕπνον
3510 2321 3818 2385 ἐπιτηδεία
3847 2345 3866 2360 ο

2228 2408 2369 2464 διότι
2395 2409 2807 2484 καταθλιϐομένη
2839 2418 2912 2482 τῷ
2964 2412 3146 2484 ἄχθει,
3189 2409 3313 2465 οὐδέ
3357 2411 3566 2487 ἠρεμεῖν
3611 2433 3871 2488 συγχωο

2226 2507 2415 2577 ρεῖται,
2504 2498 2634 2553 ἀλλά
2720 2499 3072 2573 ἀναγκάζεται
3158 2499 3346 2564 πολλὰς
3422 2504 3700 2557 ποιεῖσθαι
3769 2510 3871 2569 τὰς

2226 2591 2578 2666 περιστροφάς
2634 2589 2711 2661 ἐφ’
2770 2589 3009 2665 ἑκάτερα.
3049 2594 3136 2649 Μὴ
3192 2595 3365 2645 τοίνυν
3426 2599 3868 2667 μυσταγωγείτω

2229 2698 2287 2732 σε
2335 2679 2418 2733 ἐπὶ
2455 2684 2698 2737 νηστείαν
2745 2680 2775 2738 ἡ
2828 2681 2984 2752 μέθη.
3025 2679 3137 2733 Οὐκ
3166 2682 3278 2734 ἔστι
3317 2677 3413 2734 διὰ
3440 2684 3609 2755 μέθης
3642 2681 3863 2748 εἴσοδος

2226 2767 2298 2829 εἰς
2351 2772 2616 2838 νηστείαν,
2673 2763 2797 2821 οὐδὲ
2853 2763 2949 2821 διὰ
2989 2767 3281 2833 πλεονεξίας
3326 2770 3400 2833 εἰς
3467 2767 3856 2846 δικαιοσύνην,

2225 2854 2349 2910 οὐδε
2383 2854 2456 2911 δι’
2486 2850 2773 2920 ἀκολασίας
2804 2856 2874 2921 εἰς
2908 2862 3248 2933 σωφροσύνην
3277 2861 3410 2931 (10),
3459 2857 3606 2930 οὐδὲ,
3655 2862 3855 2923 συλλή·

2226 2943 2361 3007 ϐδην
2418 2947 2598 3019 εἰπεῖν,
2640 2944 2735 3001 διὰ
2770 2955 2867 3009 τῆς
2917 2955 3108 3012 κακίας
3164 2949 3233 3012 εἰς
3290 2948 3499 3026 ἀρετήν.
3570 2955 3723 3013 Μέθη
3785 2956 3856 3016 εἰς

458 3038 657 3096 aditus
686 3035 767 3092 ad
789 3032 1112 3106 jejunium,
1153 3031 1676 3104 quemadmodum
1701 3049 1812 3090 nec
1843 3033 1925 3091 ad
1946 3035 2112 3107 justi-

2233 3035 2510 3091 ἀκολασίαν
2548 3039 2686 3111 ἄγει,
2731 3036 2817 3091 ἐπὶ
2853 3042 3094 3097 νηστείαν
3143 3041 3174 3098 ἠ
3227 3038 3536 3115 αὐτάρκεια.
3573 3039 3635 3094 Ὀ
3674 3039 3851 3096 ἀθλῶν

459 3128 607 3185 tiam
637 3138 916 3181 accessus
936 3126 1026 3179 est
1058 3137 1165 3193 per
1202 3120 1669 3191 fraudationem,
1702 3138 1812 3179 nec
1837 3123 1917 3180 ad
1946 3124 2115 3181 casti-

457 3215 730 3275 moniam
757 3228 864 3286 per
882 3209 1217 3281 lasciviam,
1249 3225 1380 3282 nec,
1412 3215 1478 3266 ut
1507 3213 1860 3270 summatim
1890 3214 2113 3285 dicam,

456 3322 567 3380 per
591 3302 927 3376 nequitiam
952 3299 1034 3357 ad
1058 3299 1355 3356 virtutem.
1391 3300 1657 3356 Ebrietas
1681 3301 1756 3357 ad
1795 3301 2117 3361 lasciviam

456 3393 707 3461 inducit,
739 3391 818 3447 ad
840 3389 1139 3461 jejunium
1168 3388 1495 3457 frugalitas.
1540 3390 1773 3448 Athleta
1816 3399 1954 3449 ante
1996 3410 2116 3451 cer-

459 3491 666 3541 tamen
704 3484 1049 3536 exercetur:
1089 3478 1193 3550 qui
1214 3478 1595 3549 jejunaturus
1655 3485 1760 3552 est,
1816 3489 2119 3555 praeparat

463 3590 526 3629 se
566 3587 672 3644 per
706 3565 1151 3624 abstinentiam.
1180 3569 1259 3622 Ne
1290 3566 1448 3622 velut
1478 3566 1774 3623 ulciscens
1805 3570 1916 3625 hos
1964 3572 2110 3646 dies,

460 3678 583 3720 neu
619 3657 800 3717 veluti
838 3657 1044 3711 fucum
1099 3655 1362 3711 tacturus
1414 3656 1738 3725 legislatori
1798 3665 1937 3716 ante
2002 3662 2115 3718 hos

460 3751 730 3826 quinque
767 3746 895 3803 dies
921 3744 1151 3801 colloca
1179 3744 1514 3816 crapulam.
1552 3748 1700 3802 Nam
1725 3747 1970 3806 laboras
1991 3751 2112 3806 fru-

460 3846 602 3906 stra,
639 3839 690 3893 si
721 3852 942 3908 corpus
968 3834 1212 3906 quidem
1247 3835 1513 3905 conﬁcis,
1545 3852 1656 3892 nec
1703 3842 1908 3895 tamen
1957 3839 2113 3897 sola-

456 3930 606 3987 tium
636 3922 1270 3982 esuritioniadmoves.
1304 3925 1377 3994 (4)
1405 3925 1725 3980 Dominum
1756 3943 1881 3983 non
1902 3929 2112 4002 recipit

456 4016 738 4086 ebrietas,
773 4011 1057 4085 Spiritum
1080 4016 1358 4066 sanctum
1389 4012 1686 4084 propellit.
1723 4016 1944 4071 Fumus
1983 4019 2112 4091 qui-

454 4107 597 4163 dem
623 4101 812 4172 abigit
841 4115 1008 4172 apes,
1041 4098 1204 4154 dona
1226 4116 1370 4154 vero
1400 4100 1732 4172 spiritualia
1779 4104 1945 4176 fugat
1983 4123 2110 4163 cra-

451 4194 617 4270 pula.
666 4195 736 4248 Ut
790 4195 991 4247 autem
1027 4188 1090 4244 id
1134 4188 1384 4245 minime
1424 4190 1745 4263 patiamur,
1780 4210 2106 4253 caveamus

2224 3128 2672 3203 προγυμνάζεται,
2739 3127 2765 3179 ὁ
2824 3130 3088 3187 νηστεύων
3168 3133 3669 3204 προεγκρατεύεται.
3749 3137 3841 3190 Μὴ

2227 3218 2296 3280 ὡς
2336 3215 2652 3290 ἀμυνόμενος
2700 3217 2788 3278 τὰς
2848 3218 3065 3291 ἡμέρας,
3114 3222 3187 3290 μὴ
3234 3220 3305 3282 ὡς
3358 3219 3839 3292 κατασοφιζόμενος

2227 3310 2315 3359 τόν
2381 3308 2683 3380 νομοθέτην,
2751 3314 2852 3358 τῶν
2918 3312 3068 3360 πέντε
3112 3309 3316 3382 ἡμερῶν
3371 3314 3469 3368 τὴν
3547 3307 3839 3385 κραιπάλην

2226 3398 2635 3468 προαποτίθεσο.
2686 3400 2787 3450 Καὶ
2831 3398 2934 3469 γὰρ
2976 3395 3201 3456 ἀνόνητα
3228 3406 3417 3469 πονεῖς,
3450 3401 3509 3452 τό
3552 3402 3645 3472 μὴ
3690 3408 3855 3473 σῶμα

2230 3485 2535 3559 συντρίϐων,
2600 3489 2673 3559 μὴ
2731 3488 3193 3560 παραμυθούμενος
3283 3483 3343 3540 δε
3426 3492 3522 3546 τὴν
3621 3485 3855 3546 ἔνδειαν.

2227 3578 2370 3636 Μέθη
2417 3582 2599 3652 Κόριον
2657 3575 2763 3647 οὐχ
2832 3572 3179 3648 ὑποδέχεται,
3237 3583 3450 3650 Πνεῦμα
3502 3578 3658 3650 ἅγιον
3722 3577 3858 3633 ἀπο-

2228 3662 2427 3722 διωκει,
2481 3669 2684 3726 Καπνός
2737 3668 2826 3737 μὲν
2869 3670 2970 3738 γὰρ
3032 3661 3319 3738 φυγαδεύει
3358 3666 3640 3739 μελίσσας,
3684 3674 3857 3744 χαρί-

2229 3772 2405 3827 σματα
2471 3751 2529 3807 δὲ
2589 3757 2917 3826 πνευματικά
2954 3751 3242 3808 ἀποδιωκει
3298 3755 3591 3830 κραιπάλη.
3628 3755 3748 3810 Ἰνα
3790 3756 3856 3813 δὲ

2223 3848 2295 3916 μὴ
2343 3850 2495 3896 τουτο
2519 3845 2792 3915 πάθοιμεν,
2826 3846 3061 3917 φύγωμεν
3109 3847 3167 3896 τό
3216 3849 3310 3903 τὴν
3341 3843 3641 3920 ἀχάριστον
3692 3848 3855 3922 θεραο

2222 3935 2393 3987 πιύειν
2457 3937 2706 4007 γαστέρα,
2790 3934 2923 3993 ὅπως
3007 3942 3107 3985 τῶν
3190 3932 3410 3986 αἰωνίων
3500 3933 3855 4010 ἐπιτύχωμεν

2222 4021 2452 4095 ἀγαθῶν,
2510 4021 2559 4074 ἑν
2616 4030 2828 4097 Χριστῷ
2870 4022 3045 4080 Ἰησοῦ
3077 4030 3148 4093 τῷ
3192 4027 3368 4098 Κυρίῳ
3415 4025 3585 4097 ἡμῶν,
3628 4027 3753 4098 μεθ’
3790 4026 3855 4081 οὗ

2219 4120 2292 4183 τῷ
2348 4117 2537 4187 Πατρὶ,
2581 4111 2693 4185 ἅμα
2740 4120 2812 4183 τῷ
2853 4110 2987 4184 ἁγίῳ
3018 4114 3297 4185 Πνεύματι,
3330 4109 3482 4185 δόξα,
3512 4118 3670 4187 τιμὴ,
3716 4119 3856 4191 κρά-

2219 4220 2327 4269 τος,
2382 4206 2473 4254 καὶ
2523 4200 2958 4274 μεγαλοπρέπεια,
3015 4207 3104 4253 νῦν
3145 4206 3237 4255 καὶ
3291 4199 3392 4271 ἀεὶ,
3451 4207 3543 4256 καὶ
3594 4203 3673 4267 εἰς
3723 4212 3855 4269 τοὺς

449 4302 527 4342 ne
557 4284 638 4340 illi
668 4282 902 4352 ingrato
932 4277 1125 4333 ventri
1164 4278 1595 4350 obsequamur,
1637 4288 1703 4337 ut
1731 4287 1953 4342 aeterna
2003 4286 2104 4343 illa

2233 4291 2405 4351 κίῶνας
2435 4300 2533 4342 τῶν
2561 4289 2778 4344 αἰώνων.
2814 4290 3000 4362 Ἀμήν.

446 4376 615 4432 bona
641 4371 1081 4462 adipiscamur,
1099 4367 1406 4462 in‘Christo
1436 4370 1572 4423 Jesu
1598 4372 1852 4428 Domino
1874 4380 2104 4446 nostro,
2148 4381 2263 4453 cui,
2309 4370 2552 4453 unaque
2577 4379 2707 4451 ejus
2735 4378 2910 4448 Patri,
2946 4377 3124 4436 simul
3188 4383 3246 4437 et
3284 4384 3496 4438 sancto
3562 4381 3850 4462 Spiritui,

446 4463 658 4536 gloria,
684 4461 879 4518 honor
900 4462 957 4514 et
983 4460 1270 4529 potestas,
1301 4473 1733 4532 summumque
1755 4462 1962 4536 decus,
1989 4482 2152 4528 nunc
2183 4476 2241 4529 et
2269 4486 2527 4543 semper,
2558 4473 2616 4526 et
2641 4468 2705 4525 in
2744 4467 2967 4526 saecula
2996 4467 3380 4526 saeculorum.
3404 4476 3617 4530 Amen.

831 4580 1009 4655 564
1047 4582 1159 4637 DE
1193 4580 1321 4637 IRA
1364 4582 1480 4637 ET
1512 4583 1708 4643 0010.

1046 4707 1274 4765 SERMO
1324 4709 1483 4765 XVII.

510 4844 561 4896 1.
601 4837 682 4910 (5)
738 4832 996 4894 Maxima
1046 4832 1110 4889 in
1168 4831 1569 4895 Christianum
1621 4840 1926 4901 accusatio
1978 4848 2086 4915 est,

506 4964 553 5002 ¹ο⁶
583 4966 607 5020 Ι
638 4963 764 5034 Cor,
793 4974 870 5030 vr,
908 4964 995 5017 10.

528 5073 580 5135 1)
618 5073 703 5127 Ex
730 5070 897 5125 hom.
930 5069 990 5124 in
1024 5064 1299 5135 ebriosos,
1337 5071 1459 5126 127.

528 5078 549 5129 1
618 5073 703 5127 Ex
730 5073 897 5125 hom.
930 5073 990 5124 in
1024 5073 1299 5135 ebriosos,
1337 5073 1459 5126 127.

497 5073 580 5216 έὲἶ
618 5145 703 5199 Ex
727 5142 897 5216 _hom.
929 5154 969 5194 ιι
990 5140 1076 5216 pe
1102 5142 1356 5216 jejunio.
1394 5146 1479 5199 13.

496 5212 578 5286 (3)
617 5217 701 5269 Ex
726 5212 895 5286 hom.
921 5226 940 5265 1
981 5212 1062 5286 [λθ
1079 5213 1341 5286 jejunio,
1370 5218 1422 5269 9.

495 5284 575 5359 (4)
613 5288 699 5342 Ex
726 5285 896 5341 hom.
927 5300 941 5335 ι
970 5284 1331 5359 Dejejzgnio,
1354 5287 1445 5340 10.

492 5355 568 5428 (5)
615 5359 694 5428 Ex
723 5358 1052 5428 comment.
1082 5355 1288 5428 inlsa,
1328 5360 1413 5409 19.

602 5427 745 5511 ίοσα
773 5425 1093 5511 narrasti:
1152 5424 1576 5511 idemucodex,
1623 5430 1837 5511 melius
1891 5450 2083 5508 quam

415 5495 556 5558 editi
600 5503 706 5571 ὅσῳ
756 5495 941 5571 πολλῇ.
976 5499 1119 5571 Non
1148 5495 1531 5571 reperiturin
1564 5495 1873 5561 contextu
1909 5495 2082 5564 ‘totus

412 5570 513 5628 hic
530 5566 701 5631 locus
730 5569 808 5628 ab
831 5568 925 5624 his
954 5566 1156 5626 verbis
1178 5568 1351 5643 ὥσπερ
1382 5570 1484 5642 γάρ
1529 5587 1723 5645 usque
1749 5575 1829 5636 ad
1850 5582 2076 5653 φέρετᾳι.

2567 4599 2718 4649 ΠΕΡΙ
2760 4600 2970 4648 ΟΡΓΗΣ
3012 4600 3125 4649 ΚΑΙ
3174 4601 3464 4656 ΕΧΘΡΑΣ.

2840 4725 3058 4775 ΛΟΓΟΣ
3100 4719 3198 4781 tz’.

2271 4849 2325 4906 1.
2368 4850 2629 4921 Μέγιστον
2683 4851 3035 4924 κατηγόρημα
3101 4855 3453 4923 Χριστιανοῦ,
3534 4853 3837 4929 πρόχειρον

2268 5080 2345 5156 (7)
2383 5082 2479 5135 Διά
2501 5074 2837 5156 φιληδονίαν..
2861 5078 3083 5156 Regius
3116 5080 3310 5156 codex
3355 5077 3451 5136 διὰ
3489 5079 3806 5156 φιληδονίας.

2270 5101 2345 5153 (I)
2383 5101 2479 5135 Δια
2543 5101 2831 5141 ιιηοονιαν.
2863 5101 3083 5154 1.1681113
3116 5101 3310 5139 COQGX
3355 5101 3451 5136 οια
3489 5101 3806 5156 φιλησονιας.

2270 5150 2348 5225 (8)
2390 5101 2740 5225 Κινὸῖυνεύεις.
2785 5152 2878 5212 Sic
2927 5154 3093 5212 idem
3120 5152 3314 5211 codex
3361 5159 3419 5212 et
3471 5160 3817 5215 contextus.

2197 5222 2353 5281 Editi
2374 5222 2682 5281 κινδυνεύει.

2264 5298 2343 5369 (9)
2386 5297 2742 5359 Καταπιέζεις-
2784 5297 3003 5369 Regius
3032 5297 3227 5355 codex
3254 5302 3636 5361 καταπιαίνεις.

2265 5368 2505 5444 (t0)_Ei;
2531 5368 2890 5444 σωφροσύνην.
2933 5369 3143 5444 Nescio
3193 5370 3354 5444 unde
3408 5370 3557 5428 editi
3581 5370 3831 5430 habue-

2190 5438 2330 5521 rint,
2354 5440 2426 5521 εἰς
2455 5438 2784 5521 προσέύχὴν,
2815 5440 2983 5514 quod
3006 5440 3474 5500 emendavimus
3500 5458 3619 5517 ope
3643 5444 3832 5515 Regii

2190 5511 2413 5571 codicis
2444 5511 2504 5572 et
2529 5511 2871 5574 contextus.
