4084 6380
274 363 417 421 1329

1383 365 1616 422 SERMO
1659 366 1814 422 XVII.
1843 395 1911 408 -—
1937 368 2026 423 DE
2065 372 2183 427 [BA
2222 371 2306 426 ET
2346 371 2533 428 ODIO.

3502 332 3643 430 4336

281 484 410 541 εἶναι
437 489 564 563 πρὸς
587 490 809 563 ἄμυναν,
841 494 930 541 καὶ
960 491 1111 541 παντὶ
1139 493 1313 565 τρόπῳ
1358 489 1573 543 ἐπινοεῖν
1618 494 1754 545 κατά
1777 500 1876 544 τῶν

1990 496 2336 568 expeditum
2369 512 2498 552 esse
2531 500 2586 551 et
2625 500 2906 568 paratum
2960 482 3037 552 ad
3084 496 3428 565 vindictam,
3461 500 3641 570 atque

277 576 636 637 λελυπηκότων
679 582 772 637 τὴν
798 586 898 630 τῶν
930 580 1118 651 ὁμοίων
1146 576 1437 635 ἀντίδοσιν.
1490 588 1607 643 Πῶς
1654 583 1755 654 γὰρ
1796 578 1879 634 δι-

282 662 431 730 δάξει
459 667 649 742 ἕτερον,
678 663 869 740 μηδενὶ
900 672 1060 719 κακόν
1092 666 1206 720 ἀντὶ
1262 675 1427 721 κακοῦ
1482 665 1820 731 ἀποδιδόναι,
1853 672 1878 721 ό

279 758 451 809 πάντα
476 762 638 808 ποιῶν
697 755 763 816 εἰς
812 758 870 808 τὸ
924 755 1227 830 ἀμύνασθαί
1273 762 1364 809 καὶ
1413 757 1766 818 ἀντιλυπῆσαι
1794 762 1880 810 τόν

282 842 425 917 βλάψ
433 864 558 897 αντα
575 863 593 917 ;

278 931 515 1005 λέγοντος
539 954 553 967 ο
586 932 645 987 Εἰ
665 929 1012 987 ἀνταπέδωκα
1034 941 1144 996 τοῖς
1166 932 1587 989 ἀνταποδιὸοῦσι
1606 956 1695 1008 μοι
1720 940 1879 1005 κακὰ,

279 1020 601 1095 ἀποπίσοιμι
626 1023 730 1095 ἄρα
758 1022 861 1075 ἀπὸ
892 1031 991 1075 τῶν
1014 1022 1218 1098 ἐχθρῶν
1245 1044 1344 1097 μου
1377 1029 1538 1087 κενός.
1592 1029 1678 1078 Διό
1712 1022 1792 1078 δεῖ
1822 1029 1880 1078 τό

279 1114 497 1183 μανικὸν
525 1116 616 1163 καὶ
655 1110 947 1184 ἔμπληκτον
989 1118 1187 1185 κίνημα
1238 1122 1330 1174 τῆς
1359 1114 1547 1186 ψυχῆς
1589 1116 1880 1168 καταστέλ-

279 1200 383 1253 λειν
411 1207 473 1273 τῇ
506 1206 682 1274 μνήμη
724 1209 824 1254 τῶν
877 1207 1147 1276 μακαρίων
1190 1208 1376 1256 τούτου
1431 1200 1831 1277 ἀποδειγμάτων
1865 1227 1877 1240 ο

280 1297 389 1351 πῶς
415 1291 590 1364 πράως
620 1290 859 1362 ἠνείχετο
891 1293 971 1361 (Ι)
1006 1300 1100 1353 τῆς
1138 1297 1409 1367 παροινίας
1450 1300 1542 1344 τοῦ
1573 1299 1757 1365 Σεμεεί.
1807 1295 1882 1345 Οὐ

282 1380 383 1451 γὰρ
414 1375 599 1432 ἐδίδου
629 1382 810 1454 καιρόν
840 1388 901 1451 τῇ
931 1381 1059 1452 ὀργῇ
1093 1383 1393 1451 κινηθῆναι,
1449 1384 1578 1455 πρός
1628 1386 1714 1434 τὸν
1755 1387 1883 1435 Θεὸν

650 849 720 917 μὴ
751 848 1062 919 μιμούμενος
1110 851 1206 906 τὴν
1250 851 1525 920 πραότητα
1578 854 1668 899 τοῦ
1714 846 1883 901 Δαϐὶὸ

284 1471 580 1540 μεταφέρων
607 1472 700 1527 τὴν
746 1470 961 1526 ἔννοιαν,
1003 1468 1121 1521 Ὅτι
1174 1472 1385 1542 Κύριος,
1439 1476 1618 1541 φησὶν,
1653 1467 1761 1523 εἷπε
1812 1479 1884 1542 τῷ

285 1562 456 1629 Σεμεεὶ
517 1560 927 1633 καταράσασθαι
988 1561 1076 1610 τὸν
1142 1555 1332 1616 Δαϐίὸ.
1411 1563 1594 1631 Διόπερ
1663 1558 1883 1628 ἀκούων,

285 1644 415 1720 ἀνὴρ
449 1648 686 1719 αἱμάτων
729 1653 818 1700 καὶ
870 1646 1000 1721 ἀνὴρ
1053 1650 1373 1723 παράνομος,
1401 1649 1495 1701 οὐκ
1552 1647 1724 1721 ἐκείνῳ
1754 1651 1886 1723 ἐχα-

282 1734 512 1805 λέπηνεν,
574 1734 682 1788 ἀλλ’

282 1823 432 1887 ἀξίαν
483 1825 624 1895 αὐτῷ
681 1834 772 1887 τῆς
828 1825 1025 1899 ὕϐρεως
1080 1824 1398 1888 ἀπαντώσης
1449 1830 1546 1893 ('2).

759 1736 939 1790 ἑαυτὸν
1015 1735 1374 1806 ἐταπείνωσεν,
1440 1741 1508 1800 ὡς
1581 1742 1717 1791 κατά
1792 1746 1885 1799 την

279 1913 496 1984 ἴλεγχος
524 1912 755 1987 ἐναργῶς
782 1917 1169 1986 καθαπτόμενος
1197 1922 1289 1966 τοῦ
1321 1916 1683 1987 ἐλεγχομένων,
1717 1917 1883 1989 ἰσχυ-

277 2011 382 2076 ρῶς
412 2001 568 2054 αὐτὸν
600 2001 905 2075 βασανίζει,
938 2005 1200 2075 παριστὰς
1233 2007 1288 2055 τό
1308 2000 1500 2075 αἶσχος
1524 2013 1615 2056 τοῦ
1649 2005 1883 2081 ἁμαρτή-

277 2109 442 2163 ματος
474 2112 488 2125 ο
538 2092 671 2144 ὥστε
730 2092 930 2165 μεγάλα
976 2092 1254 2167 εὐεργετεῖν
1316 2096 1403 2144 τὸν
1465 2092 1884 2152 ἀναισθητοῦντα

277 2187 378 2231 τῶν
412 2176 560 2232 ἰδίων
588 2184 957 2254 πταισμάτων,
992 2181 1063 2242 εἰς
1109 2184 1460 2240 συναίσθησιν
1489 2184 1628 2253 ἄγων
1675 2190 1765 2236 καὶ
1796 2204 1881 2257 με·

276 2268 548 2340 ταμέλειαν
580 2267 848 2327 ἀληθινήν.
884 2274 1038 2322 Ποῖον
1059 2272 1162 2342 γὰρ
1193 2277 1406 2344 τραῦμα
1423 2275 1722 2343 σωματικόν
1746 2274 1881 2324 οὕτω

278 2352 522 2429 δριμεῖαν
552 2355 756 2430 ἐμποιεῖ
781 2363 876 2416 τὴν
906 2355 1124 2425 ὀδύνην,
1174 2360 1358 2410 ὁποίαν
1408 2358 1640 2431 βάσανον
1680 2362 1882 2432 ἐμποιεῖ

275 2453 338 2517 τῇ
397 2446 551 2519 ψυχῇ
610 2446 766 2518 λόγος
815 2448 1256 2513 καταπληκτικος,
1325 2450 1730 2522 καθικνούμενος
1789 2459 1879 2503 τοῦ

277 2532 580 2597 συνειδότος
608 2544 705 2588 τῶν
736 2534 1050 2609 ἐνεχομένων
1078 2544 1141 2608 τῇ
1176 2536 1410 2610 αἰσχύνη
1441 2546 1539 2589 τῶν
1587 2548 1758 2599 κακῶς
1784 2558 1878 2592 πε-

275 2642 347 2697 πρ
355 2643 420 2693 αγ
426 2628 588 2696 μένων
598 2664 612 2678 .

1988 584 2273 641 omnibus
2304 584 2499 640 modis
2531 600 2663 641 esse
2690 584 3009 654 intentum,
3040 590 3103 640 ut
3131 586 3200 640 iis
3231 585 3333 659 qui
3368 586 3487 658 ipsi
3515 602 3643 642 mo-

1986 673 2220 730 lestiam
2278 674 2620 743 exhibuere,
2680 690 2791 747 par
2837 674 2967 747 pari
3019 673 3256 730 referat.
3328 671 3644 740 Quomodo

1991 763 2151 819 enim
2183 762 2366 819 alium
2398 762 2673 820 edocebit
2703 769 2766 819 ut
2786 764 3012 820 nemini
3052 763 3284 820 malum
3315 779 3425 836 pro
3482 761 3643 818 malo

1989 852 2304 924 rependat,
2337 852 2484 907 dum
2512 852 2650 925 ipse
2704 853 2851 908 nihil
2910 869 3031 909 non
3083 851 3343 915 molitur,
3406 856 3470 907 ut
3522 850 3645 907 vin-

1991 941 2212 998 dictam
2241 946 2463 1010 sumat,
2493 958 2562 997 ac
2594 958 2706 999 sua
2730 943 2855 998 vice
2902 942 3223 999 laedentem
3270 940 3493 998 alliciat
3519 957 3645 997 mo-

1988 1031 2159 1087 lestia
2178 1032 2205 1087 ?
2229 1031 2391 1087 haud
2423 1032 2671 1087 imitans
2704 1031 2944 1087 Ilavidis
2970 1029 3520 1099 mansuetudinem,
3541 1029 3648 1102 qui

1992 1121 2073 1177 ait
2100 1138 2113 1175 :
2141 1121 2210 1177 Si
2228 1121 2470 1177 reddidi
2498 1120 2962 1177 retribucntibus
2991 1121 3145 1177 mihi
3168 1122 3355 1189 mala,
3379 1119 3644 1177 decidam

1991 1210 2202 1265 merito
2227 1209 2302 1264 ab
2331 1209 2591 1263 inimicis
2622 1213 2763 1264 meis
2807 1211 3007 1265 inanis
3039 1210 3105 1263 ⁸⁷.
3148 1210 3223 1279 (6)
3270 1196 3649 1279 Quapropter

1942 1366 1947 1369 _
1992 1302 2229 1368 oportet
2258 1312 2643 1368 compescere
2667 1298 2951 1353 insanum
2993 1313 3062 1353 ac
3111 1296 3432 1353 vecordem
3460 1295 3649 1352 animi

1995 1389 2251 1449 motum,
2287 1385 2600 1440 beatorum
2627 1385 2783 1440 illius
2827 1385 3243 1456 exemplorum
3301 1383 3645 1440 memoria:

1993 1472 2305 1546 quomodo
2332 1473 2429 1528 ille
2465 1473 2856 1545 petulantiam
2890 1474 3083 1530 Semel
3111 1477 3427 1529 mansuete
3456 1477 3653 1545 pertu-

1994 1562 2142 1618 lerit.
2195 1565 2320 1617 Non
2369 1562 2528 1618 enim
2564 1568 2800 1633 tempus
2851 1563 3037 1619 dabat
3080 1561 3472 1619 commotioni
3503 1561 3646 1618 irae:

1997 1649 2297 1721 siquidem
2363 1650 2790 1719 cogitationem
2861 1667 3039 1707 suam
3114 1649 3514 1707 transferebat
3588 1650 3652 1705 in

2000 1740 2207 1793 Deum.
2247 1738 2337 1793 Ait
2391 1738 2718 1793 nimirum:
2774 1741 3065 1795 Dominus
3115 1740 3271 1797 dixit
3326 1738 3536 1807 Semei,
3584 1744 3653 1793 ut

1618 1834 1726 1889 Πᾶς
1781 1834 1882 1902 γὰρ
1917 1848 1955 1901 Β
1994 1829 2377 1884 malediceret
2411 1828 2630 1882 Ι)αυίάὶ
2655 1829 2721 1882 ⁸⁸.
2758 1830 3134 1901 Quapropter
3157 1843 3296 1883 cum
3344 1830 3654 1883 vocaretur

1996 1916 2083 1971 vir
2110 1916 2498 1986 sanguinum,
2535 1921 2591 1972 et
2628 1916 2718 1971 vir
2764 1917 3031 1989 iniquus,
3082 1916 3569 1988 haudquaquam
3598 1916 3653 1972 ei

1996 2006 2372 2070 succensuit;
2406 2005 2513 2059 scd
2562 2020 2623 2059 se
2670 2006 2800 2077 ipse
2855 2006 3241 2073 humiliahat,
3290 2004 3467 2075 quasi
3517 2004 3652 2075 jure

1993 2110 2065 2150 ac
2113 2096 2324 2150 merito
2382 2094 2716 2149 maledictis
2764 2095 3267 2166 contumeliisque
3316 2093 3650 2149 lacessitus.

1995 2184 2073 2253 (7)
2103 2183 2308 2238 Omnis
2331 2183 2490 2238 enim
2518 2183 2904 2254 reprehensio
2927 2184 3127 2255 palam
3157 2199 3297 2239 cum
3328 2183 3429 2254 qui
3456 2197 3651 2254 repre-

1993 2271 2276 2326 lienditur
2304 2272 2728 2343 perstringens.
2753 2273 2954 2344 ipsum
2988 2273 3370 2327 vehementer
3396 2275 3651 2344 torquet,

1993 2377 2132 2415 cum
2162 2362 2390 2432 peccati
2413 2361 2652 2430 detegat
2684 2362 3116 2433 turpitudinem
3142 2382 3155 2429 ;
3181 2362 3262 2417 ita
3293 2365 3356 2415 ut
3386 2377 3523 2415 eum
3549 2361 3656 2432 qui

1992 2450 2157 2506 nullo
2181 2450 2536 2505 delictorum
2566 2466 2814 2505 suorum
2857 2468 3037 2506 sensu
3096 2450 3479 2520 tangebatur,
3531 2463 3655 2505 non

1993 2539 2281 2594 mediocri
2314 2538 2537 2594 atiiciat
2566 2540 2861 2594 beneficio
2888 2559 2899 2603 ;
2931 2539 3159 2612 quippe
3178 2540 3257 2594 ad
3284 2555 3492 2594 eorum
3517 2554 3654 2594 con-

1993 2628 2306 2682 scientiam
2337 2634 2391 2681 et
2426 2627 2504 2683 ad
2538 2644 2740 2683 veram
2772 2630 3189 2700 prrnitcntiam
3221 2629 3424 2700 ipsum
3468 2628 3656 2682 dedu-

276 2715 395 2766 cat.
437 2710 619 2776 Quale
650 2711 809 2766 enim
842 2711 1115 2784 corporis
1150 2711 1365 2767 vulnus
1391 2718 1554 2768 creat
1581 2730 1782 2769 acrem
1816 2714 2084 2771 dolorem
2128 2716 2454 2785 ejusmodi,
2497 2717 2839 2786 cujusmodi
2886 2717 3218 2772 crueiatum
3254 2718 3473 2771 animm
3500 2718 3657 2787 parit

276 2814 476 2855 sermo
505 2799 983 2870 objurgatorius,
1020 2817 1159 2857 cum
1203 2816 1414 2856 eorum
1453 2802 1559 2874 qui
1610 2805 1976 2875 turpitudine
2026 2811 2081 2861 et
2111 2806 2439 2877 opprobrio
2483 2820 2685 2860 rerum
2736 2805 2893 2860 male
2936 2810 3242 2876 gestarum
3274 2810 3651 2877 premuntur,

273 2888 709 2945 conscientiam
740 2889 1089 2961 perstringit
1116 2891 1145 2945 ?

343 2982 397 3033 2.
431 2978 553 3050 Οὐχ
583 2978 714 3031 οὕτω
744 2984 983 3051 σώματος
1012 2984 1291 3054 χαρακτὴρ
1338 2977 1479 3042 ἴδιός
1508 2999 1647 3041 τινος
1700 2981 1876 3053 ἐνομί-

275 3068 404 3132 σθη,
430 3070 500 3130 ὡς
519 3076 611 3131 τῆς
641 3067 878 3141 φιλοθέου
908 3068 1099 3141 ψυχῆς
1127 3072 1183 3122 τό
1224 3070 1482 3145 εἰρηνικόν
1524 3090 1578 3123 τε
1629 3076 1719 3123 καὶ
1748 3074 1878 3144 ἣμε-

2063 2988 2115 3037 2.
2147 2986 2223 3050 (8)
2258 2986 2458 3053 Neque
2478 2984 2639 3038 enim
2668 2998 2996 3054 corporeus
3040 2984 3351 3039 character
3387 2983 3469 3038 ita
3519 2997 3660 3055 pro-

1994 3073 2160 3145 prius
2191 3074 2554 3144 cujusquam
2586 3072 2909 3145 deputatus
2947 3077 3058 3137 est,
3112 3077 3177 3127 ut
3224 3073 3411 3128 animi
3464 3073 3651 3127 Deum

270 3175 381 3231 ρον.
410 3160 603 3231 Πρέποι
634 3155 685 3211 δ’
718 3156 778 3210 ἀν
808 3166 880 3229 τῷ
908 3161 1143 3230 τοιούτῳ,
1178 3162 1295 3220 τόύς
1338 3159 1524 3220 ἄλλους
1564 3160 1720 3212 ἕλκειν
1748 3163 1876 3236 πρός

1992 3162 2253 3217 amantis
2286 3178 2401 3234 pax
2426 3167 2481 3216 et
2510 3161 2937 3217 mansuetudo.
2961 3160 3090 3217 Tali
3115 3162 3293 3230 igitur
3309 3160 3650 3228 conveniat,

272 3245 475 3313 ἑαυτὸν,
506 3251 597 3299 καὶ
625 3251 877 3319 παρέχειν
908 3254 1043 3299 πάσι
1066 3254 1171 3308 τοῖς
1202 3246 1528 3320 ἐγγίζουσιν·
1563 3250 1737 3323 ὥσπερ
1770 3252 1877 3322 μύ-

269 3354 364 3409 ρου
404 3338 543 3396 τινός
569 3332 813 3405 εὐωδίας,
841 3344 937 3399 τῆς
966 3345 1059 3390 τοῦ
1090 3341 1284 3412 τρόπου
1333 3343 1709 3412 χρηστότητος
1749 3337 1876 3391 ἀνα-

269 3423 628 3497 πίμπλασθαι,
690 3425 847 3478 αύτόν
895 3433 1003 3489 τοῖς
1052 3426 1225 3489 ἄλλοις
1276 3429 1631 3499 καθηγεῖσθαι
1682 3427 1765 3480 ἐπὶ
1814 3432 1879 3481 τά

272 3511 541 3586 βέλτιστα,
575 3513 682 3566 ἀλλ’
706 3514 836 3587 οὐχὶ
860 3513 1157 3568 ἀκολουθεῖν
1182 3517 1390 3591 ἑτέροις,
1416 3516 1489 3589 ἐφ’
1512 3516 1545 3568 ἃ
1565 3521 1636 3589 μὴ
1664 3514 1749 3569 δεῖ
1861 3539 1874 3551 ·

270 3607 362 3656 καὶ
391 3605 450 3655 τό
480 3606 571 3675 μὲν
602 3603 884 3676 φιλόνεικον
925 3604 1117 3677 ἑτέροις
1146 3612 1487 3679 παραχωρεῖν
1522 3626 1534 3639 ·
1576 3605 1767 3679 μᾶλλον
1818 3604 1877 3659 δὲ

270 3692 519 3745 κάκείνων
550 3691 731 3755 ἐξελεῖν
760 3702 856 3755 τῆς
883 3693 1088 3765 ψυχῆς,
1138 3697 1277 3767 εἴπερ
1322 3696 1428 3747 οἷόν
1476 3714 1530 3747 τε
1564 3716 1576 3728 ·
1628 3695 1785 3748 αὑτὸν
1819 3692 1878 3747 δὲ

271 3778 345 3835 δι’
374 3781 703 3844 ἀνεξικακίας
730 3782 869 3836 λύειν
893 3786 961 3836 τὰ
978 3782 1209 3856 λυπηρά.
1232 3787 1301 3837 Τό
1320 3788 1410 3856 μὲν
1435 3787 1537 3857 γάρ
1566 3783 1871 3857 ἀμύνεσθαι,

270 3875 464 3934 παντός
493 3870 606 3925 ἐστι
648 3879 741 3924 τοῦ
789 3872 1128 3945 ὀργιζομένου
1159 3892 1173 3906 ο

268 3959 430 4033 ὀργῆς
459 3959 778 4032 ὑψηλότερον
811 3957 937 4013 εἶναι
970 3962 1071 4030 (4),
1104 3968 1253 4014 τούτο
1288 3961 1390 4022 ἑνός
1419 3982 1520 4015 που
1573 3968 1751 4035 μόνου,
1786 3968 1876 4015 καὶ

1228 3877 1286 3925 τό
1339 3870 1398 3926 δὲ
1443 3880 1531 3926 καὶ
1572 3875 1731 3935 αὐτῆς
1782 3883 1877 3937 τῆς

268 4052 413 4110 εἴτις
436 4050 577 4122 αὐτῷ
608 4054 702 4109 τὴν
730 4048 917 4124 ἀρετὴν
947 4051 1334 4126 παραπλήσιος.
1371 4054 1493 4104 Οἷον
1530 4056 1629 4127 γὰρ
1668 4055 1834 4125 θέαμα
1859 4058 1870 4104 t

265 4144 572 4213 πῶςσεμνόν
586 4146 674 4193 καὶ
702 4141 1107 4213 θαυμαστόνκάὶ
1132 4147 1323 4216 μικροῦ
1344 4145 1436 4200 τὴν
1457 4145 1614 4214 φύσιν
1641 4141 1873 4195 ἐκϐαῖνον

265 4233 360 4288 τὴν
387 4227 732 4303 ἀνθρωπίνην,
767 4233 1036 4306 ἄνθρωπον
1052 4230 1217 4283 πολλὰ
1240 4228 1637 4305 λοιὸορηθέντα,
1660 4237 1749 4283 καὶ
1772 4251 1870 4284 που

264 4322 357 4372 καὶ
368 4318 574 4392 πληγὴν
592 4317 870 4393 δεξάμενον
888 4320 972 4373 ἐπὶ
996 4320 1157 4395 κόρρη
1171 4341 1211 4389 ς,
1227 4325 1319 4373 καὶ
1345 4321 1474 4373 ἀλλα
1491 4326 1657 4397 μυρία
1684 4323 1873 4374 παθόν-

267 4426 336 4461 τα
356 4416 460 4459 τῶν
487 4408 624 4480 λόγῳ
652 4414 745 4462 καὶ
771 4412 980 4484 ἔργῳ(5)
1001 4414 1128 4483 πρὸς
1157 4416 1252 4469 τὴν
1274 4410 1511 4482 ἐσχάτην
1547 4410 1759 4484 ἀτιμίαν
1791 4431 1872 4485 φε-

1990 3252 2140 3307 alios
2172 3251 2248 3306 ad
2281 3268 2343 3307 se
2379 3251 3014 3319 trahere,acomnibus
3041 3251 3118 3306 ad
3142 3267 3203 3305 se
3227 3249 3654 3306 accedentibus

1988 3347 2294 3414 prmstare,
2328 3345 2391 3396 ut
2419 3341 2599 3396 veluti
2627 3340 2947 3411 cujusdam
2971 3340 3261 3409 unguenti
3293 3339 3647 3408 fragrantia,

1989 3447 2229 3486 morum
2258 3447 2506 3485 suorum
2529 3429 2766 3486 lenitate
2789 3430 3174 3501 impleantur,
3194 3429 3411 3483 ducem
3436 3443 3499 3483 se
3516 3427 3648 3483 aliis

1987 3519 2268 3592 praebens
2299 3519 2374 3575 ad
2408 3520 2655 3592 optima,
2673 3519 2921 3573 minime
2953 3524 3158 3573 autem
3190 3517 3376 3573 alium
3418 3517 3495 3572 ad
3543 3515 3650 3571 illi-

1988 3609 2104 3664 cita
2130 3625 2426 3681 sequens:
2460 3613 2538 3680 (9)
2567 3625 2636 3664 ac
2669 3608 3066 3665 contentionis
3097 3607 3346 3679 quidem
3377 3605 3645 3661 studium

1987 3698 2119 3754 aliis
2149 3699 2468 3770 relinquat,
2498 3700 2620 3754 imo
2644 3715 2715 3753 ex
2742 3698 2980 3753 illorum
3008 3698 3188 3752 etiam
3213 3695 3432 3751 animis
3454 3698 3643 3751 extra-

1984 3788 2109 3857 hat,
2139 3788 2187 3843 si
2212 3787 2339 3843 ﬁeri
2370 3793 2565 3859 potest
2592 3806 2603 3843 :
2635 3788 2761 3859 ipse
2791 3791 2991 3841 autem
3017 3786 3303 3858 patientia
3332 3784 3640 3840 molestias

1986 3881 2245 3949 superet.
2280 3880 2426 3933 Nam
2480 3877 2688 3933 ulcisci
2739 3891 2823 3947 se,
2873 3875 3141 3948 cujusvis
3196 3875 3320 3930 irati
3369 3878 3495 3943 est;
3530 3874 3641 3929 sed

1984 3966 2118 4038 ipsa
2146 3967 2324 4022 etiam
2357 3968 2445 4023 ira
2478 3967 2851 4038 superiorem
2892 3982 3046 4032 esse,
3076 3965 3193 4020 hoc
3220 3964 3397 4035 hujus
3429 3968 3517 4020 est
3545 3979 3641 4019 so-

1982 4057 2116 4127 lius,
2151 4062 2206 4112 et
2256 4058 2303 4111 si
2335 4058 2469 4130 quis
2503 4057 2581 4112 illi
2622 4058 2834 4112 virtute
2888 4056 3237 4111 consimilis.
3281 4056 3395 4125 (t0)
3451 4053 3638 4120 Quale

1983 4147 2145 4203 enim
2171 4146 2580 4220 spectaculum
2608 4147 2618 4201 !
2646 4163 2833 4217 quam
2856 4146 3144 4219 prteclara
3158 4162 3252 4200 res
3269 4149 3357 4199 est
3375 4148 3431 4199 et
3448 4144 3637 4209 admi-

1980 4238 2210 4292 ratione
2238 4237 2443 4306 digna,
2466 4252 2724 4307 quicque
2754 4234 3198 4307 propemodum
3227 4238 3509 4289 naturam
3532 4248 3635 4288 su-

1982 4332 2171 4400 perat,
2208 4327 2255 4382 si
2289 4329 2470 4382 homo
2497 4327 2601 4397 qui
2635 4326 2839 4381 multis
2867 4325 3174 4397 impctitus
3210 4329 3296 4377 est
3327 4322 3631 4393 conviciis,

1984 4422 2088 4472 aut
2116 4417 2265 4472 forte
2295 4416 2474 4471 etiam
2506 4417 2567 4470 in
2598 4415 2845 4471 maxilla
2888 4415 3128 4487 plagam
3182 4412 3429 4484 accepit,
3464 4418 3522 4467 et
3550 4412 3638 4467 in-

266 4498 479 4569 ρὸντων,
506 4501 577 4568 μὴ
633 4497 918 4569 ὑπερζέσαι
972 4500 1143 4570 θυμῷ,
1184 4495 1325 4570 μηδὲ
1370 4496 1715 4559 διαναστῆναι
1744 4503 1871 4573 πρὸς

1990 4520 2237 4560 numera
2267 4505 2386 4559 alia
2415 4519 2736 4576 perpessus
2764 4509 2872 4566 est,
2903 4508 2959 4559 et
2988 4502 3161 4558 dictis
3220 4505 3276 4557 et
3330 4501 3504 4556 factis
3554 4501 3633 4557 ad

268 4584 491 4657 ἄμυναν,
530 4583 660 4638 ἀλλά
687 4588 866 4660 πράως
897 4592 987 4640 καὶ
1017 4586 1280 4661 ἀοργήτως
1303 4588 1699 4661 προσεύξασθαι
1741 4590 1867 4664 ὑπερ

267 4680 362 4727 τοῦ
391 4673 662 4749 ὑϐριστοῦ,
698 4677 946 4729 ὥστεκαὶ
976 4678 1070 4735 τὴν
1123 4674 1208 4728 ἐπὶ
1257 4684 1363 4738 τοῖς
1413 4678 1679 4748 φθάσασιν
1727 4678 1870 4748 αύτῷ

268 4763 531 4839 ἁμαρτίαν
564 4767 1006 4841 συγχωρηθῆναι,
1039 4768 1295 4839 καὶπρὸς
1344 4768 1403 4818 τό
1448 4765 1564 4829 ἑξῆς
1611 4774 1709 4827 τῆς
1751 4784 1871 4842 πρε-

265 4856 473 4916 πούσης
523 4857 669 4931 παρά
733 4863 866 4909 Θεοῦ
924 4854 1215 4929 ἱπιμελείας
1267 4853 1553 4919 ἀξιωθῆναι
1595 4856 1607 4912 !
1664 4862 1770 4909 Νῦν
1812 4853 1871 4911 δὲ

266 4944 420 5017 ἡμεῖς
448 4946 582 5017 μετὰ
602 4952 702 4999 τῶν
732 4944 896 4998 ἄλλων
921 4954 1095 4999 κακῶν
1120 4944 1216 4998 κάν
1253 4949 1420 5019 τούτῳ
1449 4944 1681 5020 μάλιστα
1702 4946 1869 5020 ἀμαρ⁴

341 5087 385 5123 ⁸⁷
427 5085 589 5144 Psal.
636 5102 732 5159 vn,
775 5091 827 5144 5.
907 5088 954 5124 ⁸⁸
992 5090 1038 5145 ll
1079 5091 1222 5159 Reg.
1252 5104 1377 5160 xw,
1424 5091 1511 5146 t0.

316 5240 716 5368 ί(ηιὶνεείχιτο.
783 5239 876 5297 Sic
915 5239 1133 5313 Regius
1177 5239 1371 5297 codex
1414 5242 1473 5297 et
1512 5242 1858 5297 contextus.

268 5313 312 5368 E
360 5316 443 5369 ιιι,
481 5316 773 5369 συνείγετο.

360 5327 423 5369 ιιι
428 5355 443 5380 ,
481 5327 773 5380 συνείχετο.

340 5332 443 5380 llu,
481 5332 773 5385 συνειχετο.

340 5387 421 5451 (2)
452 5384 815 5453 ’Anmrdmns.
848 5381 1050 5440 Codex
1078 5382 1316 5453 Regius,
1349 5383 1685 5446 ὑπαντώσης-

450 5456 559 5529 Έφ⁹
589 5456 625 5508 ἃ
642 5460 723 5529 μὴ
751 5451 851 5509 δεῖ.
885 5454 1031 5511 Item
1061 5451 1277 5529 cedes,
1307 5453 1379 5527 ἐφ’
1483 5460 1554 5528 μὴ
1591 5453 1698 5529 δεῖ.

320 5525 413 5603 ⁸(4)
446 5525 611 5608 Etim.
639 5525 1047 5608 Hanc‘vocem
1075 5525 1431 5583 addidimus
1453 5525 1521 5584 ex
1551 5527 1731 5599 Regio
1763 5542 1868 5583 co-

272 5592 412 5670 dice:
424 5612 494 5652 ac
523 5598 659 5670 ipso
687 5603 991 5657 contextu.

346 5665 422 5738 (5)
452 5665 565 5722 Ἰ·ῶῦ
582 5668 718 5743 λόγῳ
741 5675 833 5725 καὶ
863 5673 1016 5744 ἔργῳ.
1042 5672 1149 5728 Pro
1170 5668 1265 5727 his
1283 5669 1534 5728 vocibus
1558 5669 1870 5742 legebatur

1983 4600 2314 4650 extremam
2344 4594 2741 4663 ignominiam
2788 4592 3109 4663 tendentia,
3152 4590 3401 4646 minime
3428 4594 3634 4647 tamen

1981 4687 2195 4756 praeter
2223 4682 2474 4738 modum
2505 4682 2594 4738 ira
2616 4681 2981 4747 effervescat,
3008 4696 3206 4752 neque
3237 4679 3524 4735 excitetur
3554 4679 3634 4737 ad

1978 4773 2330 4841 vindictam,
2352 4772 2456 4828 sed
2480 4775 2795 4828 mansuete
2813 4776 2867 4826 et
2898 4770 3130 4843 absque
3152 4768 3466 4825 iracundia
3492 4784 3633 4842 pre-

1980 4868 2145 4919 cetur
2169 4877 2280 4936 pro
2302 4862 2725 4929 conviciatore,
2755 4864 2823 4916 ut
2850 4865 2909 4916 et
2940 4860 3310 4933 praeteritum
3341 4859 3394 4914 ei
3423 4874 3636 4931 pecca-

1978 4957 2108 5011 tum
2140 4952 2532 5023 condonetur,
2563 4967 2633 5008 ac
2676 4951 2738 5008 in
2767 4954 3083 5024 posterum
3122 4949 3499 5007 convenienti
3527 4949 3633 5007 Dei

1977 5240 2038 5297 in
2068 5240 2242 5298 editis
2277 5256 2347 5297 ac
2376 5240 2435 5296 in
2462 5240 2595 5312 ipso
2621 5240 2918 5312 contextu,
2949 5243 3039 5312 καὶ
3064 5237 3201 5312 λόγῳ
3232 5242 3321 5291 καὶ
3348 5239 3503 5311 ἔργῳ.
3535 5234 3632 5293 Vi-

1977 5311 2129 5369 tium
2160 5310 2510 5370 sanavimus
2548 5327 2663 5383 ope
2688 5311 2853 5381 Regii
2885 5310 3127 5367 codicis.

2048 5388 2127 5455 (6)
2154 5387 2236 5440 Ex
2266 5384 2439 5440 hom.
2478 5384 2760 5440 adversus
2790 5384 3002 5451 iratos,
3034 5385 3122 5438 87.

2045 5459 2124 5527 (7)
2154 5459 2232 5512 Ex
2259 5460 2580 5511 comment.
2610 5457 2671 5510 in
2704 5457 2846 5525 Isa.,
2877 5455 3005 5511 431.

2049 5530 2124 5597 (8)
2160 5528 2444 5600 Exiepist.
2478 5544 2590 5595 LIX,
2629 5531 2747 5583 153.

2051 5601 2122 5671 (9)
2149 5599 2321 5661 lbid.,’
2356 5602 2474 5654 ist.

2051 5677 2164 5743 (10)
2200 5674 2279 5727 Ex
2305 5673 2631 5728 comment.
2667 5671 2730 5727 in
2757 5670 2898 5738 Isa,,
2930 5673 3057 5727 419.
