4084 6392
465 331 597 407 1331

1439 326 1787 384 APPENDIX
1829 358 1897 368 --
1936 325 2282 387 SYMEONIS
2327 320 2854 383 METAPHBASTE

3712 318 3873 389 4332

462 468 607 531 cura
634 451 855 525 dignus
883 452 1182 525 habeatur
1207 451 1221 509 !
1250 454 1418 509 Nunc
1437 467 1579 508 vero
1600 467 1714 507 nos
1735 452 1890 508 inter
1906 455 2121 508 cmtera

2240 450 2467 523 τάνομεν,
2506 444 2784 510 διώκοντες
2840 443 3204 525 ἀνταπόδομα,
3254 442 3382 500 οὐδὲ
3410 446 3512 518 ἴσῳ
3561 450 3640 516 τῷ
3670 447 3871 519 μέτρῳ

459 547 710 617 peccata
730 547 787 599 et
801 542 945 598 illud
966 543 1232 601 maxime
1254 557 1599 617 peccamus,
1625 542 1800 616 565
1820 540 2123 615 persequi-

461 624 600 716 mur
613 646 832 705 nempe
845 631 1330 688 retributionem:
1356 646 1552 703 neque
1584 630 1719 705 pari
1741 645 2028 686 mensura
2041 629 2120 685 vi-

463 720 993 801 gesrependimus:
1012 719 1118 775 sed
1134 719 1288 776 ultra
1301 718 1550 775 modum
1565 734 1677 774 nos
1702 718 1869 791 ipsos
1888 718 2123 774 ulcisci-

462 824 621 881 mur,
653 824 765 866 nec
802 807 1193 880 indignamur
1244 807 1464 876 solum,
1498 808 1545 862 si
1598 807 1892 881 quapiam
1915 810 2122 862 contu-

2229 533 2606 608 ἀντιδιδόντες,
2637 534 2765 588 ἀλλὰ
2794 536 2906 610 μεθ’
2942 534 3197 609 ὑπερϐολῆ
3209 556 3231 601 ς
3261 535 3601 610 ἀμυνόμενοι,
3636 533 3746 586 οὐκ
3772 531 3873 586 ἐὰν

2230 626 2559 701 ὑϐρισθώμεν
2590 629 2764 698 μόνον,
2797 624 2904 677 ἀλλ’
2928 623 3013 677 ἐὰν
3041 629 3114 698 μὴ
3142 631 3233 678 καὶ
3270 627 3581 698 τιμηθώμεν
3610 622 3872 696 παροξυ-

2229 720 2431 789 νόμενοι
2460 735 2473 748 ·
2500 719 2591 767 καὶ
2636 718 2759 776 τούς
2801 713 3009 767 ὓιαττον
3056 716 3197 787 ἡμᾶς
3251 722 3533 787 τιμῶντας,
3564 713 3639 765 ὧν
3671 711 3873 775 ἀξίους

2233 807 2423 866 αύτούς
2449 802 2823 876 ὑπειλήφαμεν,
2854 805 2919 864 ὡς
2949 801 3177 877 ἐχθρούς
3204 803 3557 877 λογιζόμενοι.

465 887 647 975 melia
678 896 967 953 fuerimus
995 898 1192 953 vexati
1222 914 1235 965 ;
1265 896 1372 951 sed
1405 897 1452 952 si
1492 895 1723 951 honore
1770 911 1894 951 non
1924 894 2241 963 aﬂicimur,
2274 910 2378 950 eos
2406 908 2655 967 quoque
2684 893 2788 966 qui
2838 892 3015 948 nobis
3059 893 3262 950 minus
3318 893 3573 953 honoris
3613 890 3872 949 tribue-

460 986 601 1063 rint,
630 1001 817 1062 quam
847 1000 970 1067 quo
990 1001 1101 1041 nos
1122 986 1290 1058 ipsos
1316 984 1535 1056 dignos
1562 1000 1693 1041 esse
1716 984 2152 1051 existimamus,
2183 999 2295 1057 pro
2321 982 2580 1040 inimicis
2607 982 2929 1038 habemus.

539 1113 600 1173 3.
633 1109 710 1181 (Ι)
747 1108 1121 1167 Contumelia
1169 1112 1225 1167 te
1275 1108 1472 1167 affecit
1523 1107 1712 1166 iratus
1762 1108 2066 1181 quispiam
2094 1108 2123 1165 ?

462 1197 608 1263 siste
635 1197 871 1259 silentio
899 1198 1368 1271 malum,neque
1390 1198 1544 1256 iram
1570 1198 1729 1254 illius
1748 1198 1913 1254 velut
1927 1196 2123 1270 quod-

462 1286 610 1357 dam
629 1286 923 1351 ﬂuentum
951 1287 1013 1343 in
1039 1286 1312 1344 animum
1337 1291 1509 1344 tuum
1532 1286 1887 1360 suscipiens,
1911 1290 2124 1342 ventos

461 1375 733 1449 imiteris,
779 1375 906 1448 qui,
959 1375 1127 1448 quod
1158 1375 1391 1431 illatum
1445 1380 1555 1442 est,
1594 1375 1658 1431 id
1686 1375 1904 1432 reﬂatu
1932 1373 2124 1446 repel-

461 1465 615 1529 lunt.
658 1462 957 1531 Haledixit
983 1463 1081 1521 ille
1105 1463 1134 1519 ‘I
1191 1467 1255 1519 tu
1302 1462 1655 1521 benedicas.
1689 1462 2029 1519 Percussit?
2060 1466 2127 1517 tu

462 1554 715 1618 sustine.
738 1552 1020 1625 Despicit,
1053 1556 1233 1626 teque
1264 1550 1405 1608 facit
1449 1552 1665 1609 nihili?
1696 1558 1757 1609 tu
1801 1557 1997 1608 tecum
2028 1566 2125 1607 co-

462 1643 589 1714 gita
612 1646 817 1700 ortum
847 1647 903 1701 te
941 1657 1074 1698 esse
1117 1658 1189 1697 ex
1233 1646 1408 1704 terra,
1454 1657 1525 1699 ac
1572 1657 1781 1698 rursus
1810 1644 1871 1698 in
1901 1647 2123 1699 terram

2301 1110 2357 1165 3.
2390 1105 2606 1181 ’Υϐρισί
2636 1126 2692 1161 σε
2723 1106 2991 1180 ὀργισθεὶς
3019 1106 3045 1158 6
3076 1103 3262 1172 δεῖναζ
3304 1114 3502 1167 στῆσον
3546 1114 3615 1179 τῇ
3664 1111 3865 1177 σιωπῇ

2227 1200 2286 1249 τό
2334 1200 2514 1269 κακὸν,
2571 1202 2662 1250 καὶ
2714 1201 2787 1269 μη
2832 1199 3010 1269 ὥσπερ
3055 1197 3225 1271 ῥεῦμα
3287 1201 3383 1255 τὴν
3448 1194 3650 1248 ἐκείνου
3683 1194 3868 1269 ὀργήν

2230 1286 2305 1348 εἰς
2340 1291 2436 1345 τὴν
2496 1282 2639 1339 ἰδίαν
2692 1281 2918 1359 καρδίαν
2975 1282 3378 1358 ὑποδεξάμενος,
3434 1288 3559 1347 τοὺς
3618 1282 3868 1355 ἀνέμους

2230 1382 2365 1448 μιμῇ
2396 1375 2493 1445 (5),
2525 1370 2619 1427 διὰ
2647 1382 2742 1435 τῆς
2772 1373 3042 1435 ἀντιποίας
3090 1371 3460 1434 ἀντιδιδόντας
3492 1376 3552 1425 τὸ
3593 1372 3857 1444 ἐνεχθὲν.

2230 1465 2448 1524 Ἐκεῖνος
2494 1458 2835 1536 ἕλοιδόρησες
2873 1466 2939 1515 σὺ
2979 1462 3282 1534 εὖλόγησον.
3341 1462 3666 1520 Ἐτύπτησεν
3720 1459 3866 1513 ἐκεί-

2229 1571 2351 1620 νος;
2388 1558 2453 1606 σὺ
2501 1554 2796 1626 ὑπόμεινον.
2844 1555 3113 1618 Διαπτύει,
3164 1558 3256 1605 καὶ
3309 1554 3367 1604 τὸ
3416 1548 3587 1624 μηδὲν
3626 1553 3863 1623 ἡγεῖταί

2232 1660 2332 1710 σε;
2377 1646 2442 1694 σὺ
2487 1644 2679 1693 ἔννοιαν
2732 1640 2855 1693 λάϐε
2911 1649 3155 1709 σεαυτοῦ,
3203 1642 3283 1693 ὅτι
3339 1642 3396 1693 ἑκ
3441 1649 3538 1712 γῆς
3581 1641 3862 1705 ὑπέστης,

462 1745 867 1796 reversurum.
902 1730 1242 1788 Obscurum
1272 1737 1327 1785 te
1356 1730 1525 1801 dixit,
1567 1729 2020 1803 ingloriumque
2067 1735 2126 1785 et

2240 1734 2320 1782 ιιαὶ
2377 1730 2450 1792 εἰς
2495 1738 2593 1801 γῆν
2634 1729 2788 1783 πάλιν
2842 1727 3173 1802 ἀναλυθήσῃ.
3209 1729 3403 1801 ’Δφανῆ
3457 1748 3516 1781 σε
3565 1724 3704 1797 εἶπε,
3763 1733 3865 1780 καὶ

462 1818 634 1879 nihili
661 1819 994 1887 hominem,
1021 1820 1123 1891 qui
1151 1820 1362 1875 intimo
1392 1820 1526 1875 loco
1558 1825 1739 1875 natus
1779 1820 1853 1875 sit
1889 1820 1918 1876 ?
1953 1826 2014 1874 tu
2043 1822 2122 1875 te—

463 1907 667 1982 ipsum
705 1912 927 1967 terram
957 1923 1028 1964 ac
1057 1907 1320 1964 cinerem
1349 1907 1554 1964 dicito.
1590 1907 1880 1964 lllustrior
1903 1923 2027 1964 non
2055 1923 2121 1964 es

462 2002 633 2070 patre
658 2000 866 2059 nostro
895 1996 1223 2062 Abraham,
1250 1996 1355 2068 qui
1388 2013 1452 2052 se
1478 1996 1610 2068 ipse
1653 1996 1740 2053 ita
1770 1996 2121 2068 appellavit.

467 2085 785 2149 Indoctum
811 2090 871 2141 et
894 2100 1229 2158 pauperem
1255 2089 1313 2141 te
1333 2083 1530 2142 dixit?
1578 2091 1641 2141 tu
1685 2092 1741 2142 te
1790 2085 1957 2142 dicas
1987 2101 2123 2141 ver-

466 2190 653 2245 mem,
683 2178 864 2247 teque
892 2190 968 2230 ex
998 2183 1259 2231 stercore
1287 2173 1512 2233 habere
1538 2175 1854 2245 originem,
1890 2174 2124 2231 Davidis

465 2260 651 2325 verba
679 2276 1005 2334 usurpans.
1027 2262 1124 2318 His
1148 2262 1331 2318 etiam
1357 2262 1713 2334 praeclarum
1739 2263 1956 2335 Moysis
1984 2262 2127 2318 faci-

464 2365 585 2415 nus
613 2349 829 2421 adjice.
864 2350 967 2406 ille
993 2351 1071 2407 ab
1097 2356 1297 2406 Aaron
1350 2356 1409 2407 et
1451 2351 1632 2407 Maria
1681 2351 2014 2408 maledictis
2045 2351 2126 2406 la-

467 2438 739 2505 cessitus,
754 2453 878 2495 non
910 2441 1098 2494 Deum
1128 2430 1422 2495 adversus
1443 2454 1546 2494 eos
1576 2439 1997 2512 interpellavit,
2022 2439 2126 2495 sed

467 2543 582 2603 pro
612 2527 696 2591 eis
725 2527 937 2585 oravit.
958 2527 1036 2599 (2)
1064 2530 1148 2585 Tu
1176 2527 1378 2598 igitur,
1398 2528 1447 2584 si
1469 2534 1523 2584 te
1556 2544 1888 2602 pauperem
1921 2530 2123 2602 appel-

468 2615 701 2682 laverit,
731 2616 782 2673 si
813 2632 1021 2682 verum
1064 2616 1367 2690 loquatur,
1409 2617 1606 2690 perfer
1645 2619 1954 2675 veritatem
1987 2637 2001 2675 :
2035 2620 2125 2674 sin

469 2706 776 2772 mentitur,
796 2705 942 2778 quid
967 2704 1043 2761 ad
1066 2710 1122 2761 te
1141 2706 1307 2778 quod
1327 2706 1522 2763 dixit?
1542 2710 1744 2780 Neque
1765 2708 2031 2764 etferaris
2047 2708 2127 2763 ob

470 2810 575 2865 eas
600 2809 736 2868 quas
755 2810 963 2851 verum
988 2794 1512 2855 exceduntlaudes
1539 2814 1552 2864 ;
1590 2812 1787 2870 neque
1812 2798 1891 2853 ob
1923 2805 2128 2853 contu-

473 2882 707 2953 melias,
739 2899 875 2956 qum
900 2890 955 2940 te
983 2899 1102 2939 non
1126 2885 1450 2954 attingunt,
1473 2886 1869 2957 exaspereris.
1890 2888 1975 2940 An
2006 2902 2128 2941 non

476 2972 645 3035 vides
672 2973 986 3047 quomodo
1015 2973 1245 3044 sagittae
1274 2973 1538 3044 duriora,
1559 2982 1616 3030 et
1634 2990 1771 3046 quae
1794 2976 2130 3032 renituntur

475 3060 712 3156 soleant
731 3067 1069 3156 penetrare,
1087 3062 1149 3118 in
1170 3060 1455 3156 mollibus
1476 3078 1618 3156 vero
1640 3069 1698 3119 et
1722 3078 1862 3135 quae
1888 3063 2127 3129 cedant,
2171 3101 2211 3156 C

478 3150 772 3223 impetum
801 3166 981 3207 suum
1003 3149 1280 3222 frangere
1297 3151 1325 3206 ?
1345 3150 1499 3213 Quid
1520 3157 1721 3207 autem
1744 3160 1800 3207 te
1822 3153 2133 3223 perturbat

477 3238 766 3311 pauperis
786 3238 1156 3309 cognomen?
1173 3242 1229 3294 In
1249 3244 1513 3299 mentem
1533 3240 1862 3296 veniattuae
1879 3245 2020 3297 natu
2032 3258 2130 3308 rae,

476 3328 648 3402 quod
677 3329 877 3389 nudus
905 3328 1220 3398 ingressus
1247 3345 1313 3384 es
1343 3329 1404 3384 in
1462 3330 1780 3397 mundum,
1809 3330 2133 3403 nudusque

480 3433 546 3479 es
576 3431 949 3486 egressurus.
972 3417 1127 3483 Quid
1165 3421 1366 3477 autem
1420 3418 1588 3477 nudo
1634 3420 1959 3491 pauperius
1991 3426 2079 3474 est
2105 3420 2133 3474 Ῥ

482 3504 638 3565 Nihil
670 3520 854 3575 grave
883 3505 1185 3565 audivisti.
1220 3507 1363 3572 Quis
1407 3523 1679 3579 unquam
1712 3508 1791 3563 ob
1812 3516 2134 3581 pauperta-

482 3600 607 3659 tem
637 3592 933 3651 abductus
951 3599 1043 3650 est
1063 3596 1123 3651 in
1149 3610 1449 3655 carcerem
1470 3600 1498 3651 ?
1519 3599 1845 3670 l’auperem
1866 3614 1995 3653 esse
2014 3614 2135 3654 non

483 3682 854 3755 probrosum
904 3687 1011 3749 est,
1071 3684 1174 3739 sed
1230 3689 1644 3757 paupertatem
1690 3701 1979 3756 generose
2013 3703 2137 3744 non

482 3771 664 3840 terra.
704 3770 927 3845 Ecquid
953 3770 1191 3836 stultius
1238 3776 1331 3829 est
1377 3773 1514 3829 ira?
1568 3775 1667 3831 Sin
1698 3775 2053 3847 tranquillus
2084 3781 2141 3831 et

485 3861 614 3927 sine
629 3861 719 3926 ira
733 3859 1141 3935 permanseris
1154 3902 1168 3929 ,
1183 3859 1402 3921 incutis
1423 3860 1722 3933 pudorem
1734 3879 1846 3919 con
1856 3863 2138 3927 viciatori,

485 3964 626 4017 cum
650 3947 1039 4021 prudentiam
1078 3963 1140 4016 re
1189 3948 1323 4021 ipsa
1350 3949 1689 4006 ostenderis
1720 3958 1901 4025 atque
1930 3952 2141 4008 mode-

484 4038 686 4108 stiam.
705 4038 781 4107 (3)
810 4039 879 4093 Ut
907 4036 1067 4091 enim
1089 4037 1191 4109 qui
1216 4037 1491 4095 verberat
1514 4055 1696 4094 sensu
1719 4044 2044 4107 carentem,
2069 4040 2141 4096 si-

487 4125 554 4193 bi
575 4127 709 4200 ipse
735 4126 963 4195 irrogat
983 4140 1226 4198 postiam
1251 4141 1411 4182 «nam
1428 4143 1537 4182 nec
1558 4128 1791 4183 hostem
1814 4128 2142 4197 ulciscitur,

485 4230 597 4279 nec
623 4217 776 4270 iram
804 4214 1035 4284 sedat):
1067 4213 1151 4275 ita
1182 4214 1459 4287 quisquis
1478 4216 1813 4284 hominem,
1842 4218 1947 4289 qui
1985 4218 2140 4287 inju-

483 4303 587 4385 riis
616 4318 741 4360 non
769 4310 1066 4372 movetur,
1096 4303 1333 4377 probris
1360 4319 1430 4359 ac
1457 4303 2067 4370 maledictislacessit,
2088 4307 2139 4362 is

485 4392 876 4466 cupiditatem
905 4408 1078 4449 suam
1111 4391 1290 4449 solari
1341 4408 1412 4448 ac
1459 4394 1691 4450 mollire
1739 4410 1860 4451 non
1912 4403 2132 4469 potest.

486 4484 566 4556 (4)
596 4482 768 4551 Quod
799 4482 850 4536 si
871 4497 982 4555 par
1001 4481 1132 4554 pari
1161 4481 1410 4549 referas,
1436 4488 1493 4537 et
1524 4499 1597 4539 ex
1639 4500 1813 4557 aequo
1860 4485 2142 4556 insurgas

483 4572 777 4645 adversus
804 4571 1284 4641 conviciatorem,
1317 4587 1507 4642 quam
1531 4572 1775 4637 tandem
1808 4575 2142 4646 prmtendes

484 4662 934 4735 excusationem
953 4660 981 4717 ?
1013 4660 1186 4726 Quod
1213 4666 1266 4717 te
1288 4661 1451 4732 prior
1477 4660 1556 4719 ad
1581 4664 1734 4718 iram
1760 4666 2142 4735 provocavit?

487 4751 600 4825 sed
631 4751 747 4823 hoc
771 4766 894 4822 qua
914 4751 1092 4805 venia
1121 4749 1376 4822 dignum
1393 4750 1420 4806 ?
1445 4753 1647 4824 Neque
1666 4753 1827 4808 enim
1850 4760 2145 4810 scortator

483 4839 589 4916 qui
614 4839 859 4911 culpam
878 4839 936 4895 in
961 4839 1336 4895 meretricem
1351 4839 1650 4901 transfert,
1670 4848 1958 4914 tanquam
1980 4860 2136 4916 qum,

483 4945 557 5001 ac
589 4932 905 5003 peccatum
949 4926 1275 5007 impulerit,
1320 4929 1632 5001 remissius
1675 4931 2138 4992 condemnatur.

482 5020 692 5077 Nonne
715 5015 945 5071 malum
976 5016 1381 5072 contumelia?
1401 5018 1553 5073 Cave
1582 5017 1851 5074 imiteris.
1873 5023 2022 5076 Nam
2052 5021 2114 5076 in

481 5107 715 5182 cepisse
744 5103 932 5162 alium
960 5119 1086 5161 non
1115 5103 1334 5161 sufﬁcit
1361 5105 1440 5162 ad
1483 5107 1960 5169 excusationem.
2013 5113 2137 5166 lmo

549 5340 630 5414 (l)
658 5342 742 5415 Ex
759 5338 929 5415 hom.
955 5337 1234 5415 adversus
1264 5338 1472 5407 iratos,
1504 5343 1592 5396 85.

549 5412 631 5482 ('2)
660 5412 838 5482 Ibid.,
867 5415 954 5467 87.

548 5487 625 5553 (3)
653 5481 826 5553 Ibid.,
858 5487 950 5540 86.

546 5556 622 5624 (4)
650 5553 797 5608 Ibid.

544 5623 623 5696 (5)
648 5632 821 5697 Μιμῇ.
861 5623 1079 5696 Regius
1104 5623 1317 5692 codex,
1357 5628 1594 5699 μιμήσῃ.

2229 1815 2443 1884 ἄδοξον,
2478 1823 2569 1870 καὶ
2606 1814 2810 1890 μηδένα
2847 1814 3155 1897 μηδαμόθεν
3186 1834 3200 1884 ;
3246 1821 3311 1870 σὺ
3350 1823 3441 1870 καὶ
3478 1824 3582 1889 γῆν
3612 1816 3735 1871 εἰπὲ
3766 1821 3870 1868 καὶ

2233 1904 2432 1960 σποδόν
2465 1912 2702 1961 σεαυτόν.
2746 1907 2859 1959 Ούκ
2886 1904 2935 1960 εἶ
2978 1912 3278 1980 σεμνότερος
3323 1914 3418 1959 τοῦ
3454 1908 3655 1981 πατρὸς
3700 1908 3869 1978 ἡμῶν

2232 1996 2495 2073 Ἀϐρααμ,
2560 1996 2616 2058 ὃς
2680 2004 2849 2048 ταῦτα
2909 1996 3092 2049 ἑαυτὸν
3160 1994 3424 2049 ἀπεκάλει.
3484 1995 3702 2068 Ἀμαθῆ
3766 2002 3868 2047 καὶ

2229 2090 2446 2157 πτωχόν
2489 2103 2503 2153 ;
2560 2090 2626 2138 σύ
2694 2081 2754 2138 δί
2821 2084 3070 2143 σκώληκα
3140 2088 3357 2137 σεαυτόν
3415 2083 3546 2150 εἰπὲ,
3608 2083 3710 2136 καὶ
3754 2082 3867 2136 ἀπὸ

2231 2179 2456 2247 κοπρίας
2516 2176 2657 2246 ἔχειν
2705 2178 2799 2232 τὴν
2848 2177 3113 2244 γέννησιν,
3178 2175 3246 2225 τὰ
3295 2178 3388 2225 τοῦ
3452 2168 3630 2224 Δαϐὶδ

2230 2262 2465 2335 ῥήματα.
2517 2264 2731 2322 Τούτοις
2780 2263 3004 2336 πρόσθες
3052 2264 3239 2313 καὶτὸ
3295 2269 3387 2314 τοῦ
3416 2264 3696 2322 Μωύσέως
3754 2280 3865 2312 κα-

2232 2350 2337 2405 λόν.
2392 2351 2616 2413 Ἐκεῖνος
2669 2352 2771 2403 ὑπὸ
2831 2351 3030 2424 ’Λαρὼν
3086 2355 3177 2404 καὶ
3234 2355 3446 2425 Μαρίας
3483 2347 3863 2422 λοιδορηθεὶς,

2233 2440 2294 2494 οὑ
2345 2442 2461 2493 κατ’
2506 2440 2675 2493 αὑτῶν
2732 2439 2942 2512 ἐνέτυχε
2992 2448 3065 2512 τῷ
3123 2448 3259 2511 Θεῷ,
3314 2438 3441 2491 ἀλλὰ
3494 2442 3867 2513 προσηύχετο

2234 2532 2361 2602 ὑπὲρ
2412 2529 2601 2584 αὐτῶν.
2661 2535 2761 2582 Καὶ
2805 2534 2870 2582 σύ
2926 2534 3120 2594 τοίνυν,
3178 2528 3264 2581 ἐὰν
3290 2531 3488 2586 πένητά
3542 2547 3605 2581 σε
3630 2535 3866 2603 προσεί-

2234 2640 2331 2692 πῃ,
2387 2620 2431 2671 εἰ
2483 2621 2573 2690 μὲν
2623 2616 2788 2677 ἀληθῆ
2841 2618 2997 2689 λέγει,
3058 2615 3346 2681 κατάδεξαι
3398 2622 3493 2675 την
3550 2616 3860 2675 ἀλήθειαν·

2237 2709 2280 2762 εἰ
2306 2705 2364 2760 δὲ
2395 2704 2673 2778 ψεύδεται.
2702 2713 2755 2759 τί
2784 2712 2913 2780 πρὸς
2961 2711 3019 2759 σε
3066 2711 3126 2759 τό
3171 2706 3484 2779 λεγόμενονς
3529 2712 3689 2764 Μήτι

2236 2797 2470 2857 ἐπαίνους
2517 2798 2819 2868 χαυνωθῇς,
2871 2799 2992 2857 τούς
3046 2799 3174 2871 ὑπὲρ
3232 2800 3326 2854 τὴν
3375 2793 3627 2852 ἀλήθειαν
3662 2817 3676 2829 ’
3724 2801 3861 2869 μήτε

2236 2890 2366 2962 πρὸς
2406 2885 2582 2958 ὕϐρεις
2642 2883 2913 2957 ἁγριάνης,
2964 2888 3058 2947 τὰς
3080 2886 3185 2957 οὐχ
3213 2884 3507 2958 ἁπτομένας
3557 2904 3685 2940 σου.
3734 2887 3858 2957 Οὐχ

2238 2978 2359 3050 όρᾲς
2389 2978 2454 3026 τὰ
2502 2974 2816 3046 τοξεύματα,
2844 2982 2954 3036 πῶς
3008 2982 3109 3027 τῶν
3153 2977 3243 3046 μὲν
3277 2972 3503 3047 περῥῶν
3559 2978 3659 3027 καὶ
3715 2973 3857 3026 Eari-

2238 3068 2412 3117 τύπων
2469 3068 2663 3136 πέφυκε
2730 3060 3056 3131 διαπίπτειν,
3110 3062 3158 3115 ἐν
3217 3059 3278 3115 δε
3337 3070 3445 3123 τοῖς
3500 3062 3727 3125 ἁπαλοῖς
3763 3070 3856 3115 καὶ

2239 3156 2515 3207 ὑπείκουσι
2567 3157 2662 3211 τήν
2708 3154 2876 3226 ὁρμὴν
2922 3152 3323 3219 ὑπεκλύειν;Τί
3360 3147 3424 3204 δέ
3479 3170 3542 3204 σε
3594 3155 3847 3226 rapiam

2239 3244 2269 3299 ἡ
2330 3246 2666 3315 προσηγορία
2719 3260 2810 3294 του
2856 3245 3117 3311 πένητοςς
3158 3242 3443 3299 Μνήσθητι
3496 3248 3595 3303 τῆς
3640 3242 3833 3311 γύσει-,ις

2243 3338 2469 3384 σεαυτοῦ
2501 3352 2513 3364 ·
2557 3332 2637 3382 ὃτι
2690 3334 2887 3403 γυμνὸς
2926 3330 2997 3392 εἰς
3050 3334 3139 3383 τὸν
3180 3335 3378 3402 κόσμον
3428 3329 3689 3398 εἰσῆλθες,
3745 3347 3839 3398 γυ-

2242 3424 2369 3493 μνός
2398 3420 2473 3490 (6)
2504 3425 2595 3472 καὶ
2644 3419 2924 3492 ἀπελεύσῃ.
2964 3425 3027 3473 Τί
3063 3416 3124 3473 δὲ
3173 3426 3374 3491 γυμνοῦ
3423 3424 3804 3494 πενιχρότερον
3835 3434 3852 3484 ;

2244 3506 2413 3561 Οὐδὲν
2471 3512 2705 3571 ἤκουσας
2745 3507 2933 3563 δεινόν.
2979 3514 3071 3570 Τίς
3118 3528 3244 3561 ποτε
3288 3506 3516 3580 ἀπήχθη
3546 3505 3646 3561 διὰ
3670 3512 3857 3559 πενίαν

2245 3598 2317 3659 εἰς
2348 3594 2709 3672 δεσμωτήριον
2743 3614 2756 3663 ;
2799 3597 2875 3649 Ού
2903 3600 2958 3650 τὸ
3001 3598 3247 3650 πένεσθαι
3291 3593 3680 3663 ἐπονείδιστον,

2244 3692 2304 3740 τό
2334 3690 2405 3758 μὴ
2439 3689 2606 3758 φέρειν
2650 3686 2868 3756 εὐγενῶς
2918 3690 3014 3745 τὴν
3064 3691 3262 3740 πενίαν.
3293 3691 3357 3739 Τί
3415 3686 3582 3761 ὀργῆς
3643 3685 3861 3759 ἀφρονέ-

2248 3795 2427 3849 στερον
2477 3793 2490 3839 ;

2250 3884 2435 3927 σαντα,
2503 3866 2632 3940 ἔργῳ
2696 3870 2792 3923 τὴν
2868 3869 3209 3938 σωφροσύνην
3286 3861 3709 3937 ἐπιδειξάμενος.
3780 3866 3865 3925 ’.Ως

2556 3774 2672 3828 Ἐὰν
2724 3779 2899 3847 μείνῃς
2947 3774 3219 3850 ἀόργητος,
3261 3778 3505 3848 ᾔσχυνας
3559 3778 3655 3827 τὸν
3713 3775 3861 3849 ὑϐρί-

2217 3957 2349 4026 .γὰρ
2380 3955 2406 4007 6
2436 3957 2641 4005 τύπτων
2687 3956 2773 4006 τὸν
2829 3959 2901 4026 μὴ
2958 3954 3237 4025 ἀλγοῦντα,
3299 3952 3480 4007 ἑαυτὸν
3543 3963 3864 4030 τιμωρεῖται

2250 4045 2389 4113 (οὔτε
2437 4045 2539 4116 γὰρ
2579 4045 2667 4095 τόν
2726 4041 2919 4117 ἐχθρὸν
2971 4045 3229 4116 ἠμύνατο,
3268 4047 3361 4096 καὶ
3408 4046 3496 4095 τὸν
3541 4045 3715 4115 θυμόν
3769 4045 3865 4097 οὐκ

2250 4131 2534 4185 ἀνέπαυσεν
2566 4132 2667 4203 [7])
2698 4153 2712 4165 ⁸
2761 4133 2922 4193 οὕτως
2966 4134 2992 4184 ό
3031 4136 3116 4184 τόν
3165 4128 3505 4206 ἀλοιδόρητον
3554 4128 3863 4204 ὀνειδίζων,

2248 4224 2585 4294 παραμυθίαν
2637 4222 2800 4294 εὑρεῖν
2842 4230 2933 4273 τοῦ
2974 4223 3176 4283 πάθους
3221 4222 3280 4274 οὐ
3337 4219 3574 4277 δύναται.
3639 4222 3866 4295 Ἀμυνό-

2249 4329 2396 4383 μενος
2428 4306 2511 4374 δὲ,
2535 4315 2625 4363 καὶ
2673 4311 2744 4371 εἰς
2784 4314 2897 4362 ἶσον
2947 4309 3439 4384 ἀντικαθιστάμενος
3474 4320 3545 4381 τῷ
3600 4308 3863 4385 λοιδορῳ,

2249 4406 2301 4454 τί
2352 4405 2440 4453 καὶ
2484 4399 2837 4474 ἀπολογήση;
2893 4401 3013 4455 Ὀτι
3058 4401 3328 4477 παρώξυνε
3374 4400 3699 4475 πατάρξαςς
3766 4408 3866 4456 Καὶ

2249 4495 2404 4553 ποίας
2454 4499 2608 4544 τοῦτο
2654 4496 2969 4563 συγγνώμης
3015 4490 3207 4560 ἄξιον;
3257 4486 3398 4543 Οὐδὲ
3446 4490 3551 4564 γὰρ
3594 4492 3622 4543 6
3669 4496 3864 4565 πόρνός

2249 4579 2333 4633 ἐπὶ
2388 4585 2482 4638 τὴν
2539 4580 2748 4655 ἑταίραν
2803 4584 2898 4638 τὴν
2975 4580 3144 4633 αἰτίαν
3217 4582 3534 4653 μετατιθεὶς,
3605 4582 3677 4641 ὡς
3729 4586 3865 4655 πρὸς

2248 4674 2343 4728 τὴν
2369 4669 2628 4744 ἁμαρτίαν
2696 4667 3089 4742 διερεθίσασαν,
3138 4669 3296 4728 ἧττον
3361 4677 3452 4730 τῆς
3489 4674 3862 4744 κατακρίσεως

2248 4757 2507 4822 ἀξιοῦται.
2550 4761 2781 4833 Πονηρόν
2812 4761 2842 4817 η
2902 4758 3088 4833 ὕϐριςς
3135 4766 3290 4830 φεῦγε
3329 4762 3423 4817 τὴν
3472 4763 3737 4831 μίμησιν.
3788 4761 3861 4813 0-5

2246 4851 2348 4923 γὰρ
2395 4845 2463 4907 δὴ
2513 4851 2571 4901 τὸ
2621 4850 2789 4921 ἕτερον
2818 4848 3098 4922 κατάρξαι,
3141 4850 3315 4900 ἱκανόν
3368 4847 3435 4908 εἷς
3488 4853 3853 4922 παραίτησιν.

2246 4943 2572 5012 Δικαιότερον
2631 4941 2721 5010 μὲν
2780 4933 2889 5005 οὖν,
2948 4940 3017 4998 ὡς
3077 4936 3299 5010 ἐμαυτὸν
3349 4938 3532 4997 πείθω,
3593 4943 3696 4990 καὶ
3756 4938 3857 4991 Em-

2244 5033 2408 5079 τεῖναι
2445 5033 2540 5084 τὴν
2581 5025 2938 5099 ἀγανάκτησιν
2963 5048 2975 5060 ·
3011 5023 3152 5080 διότι
3182 5028 3208 5078 6
3239 5030 3329 5099 μὲν
3372 5025 3467 5078 οὐκ
3497 5022 3620 5098 εἶχε
3670 5032 3729 5081 τό
3763 5048 3844 5080 σω-

2243 5116 2483 5191 φρονίζον
2547 5113 2851 5188 ὑπόδειγμα
2884 5136 2897 5150 ·
2957 5118 3024 5168 σὺ
3071 5112 3131 5169 δὲ
3188 5114 3392 5189 βλέπων
3442 5113 3838 5190 ἀσχημονοῦν-πο

2310 5344 2388 5415 (6)
2420 5343 2802 5418 ΙξυμνόςᾸὰεἿΠ
2835 5343 3048 5418 codex,
3082 5344 3290 5418 πάντως
3314 5344 3395 5395 ὅτι
3423 5362 3516 5394 και
3545 5348 3777 5417 γυμνός,

2308 5422 2391 5487 (7)
2451 5416 2784 5471 ’Ᾱνέπαυσεν.
2871 5416 3070 5487 Codex
3154 5416 3391 5483 Regius,
3477 5416 3854 5474 κατέπαυσεν,

2235 5484 2418 5577 Paulo
2448 5493 2585 5561 post
2634 5489 2817 5558 idem,
2865 5490 2979 5548 ἴσον
3028 5484 3546 5567 ἀν-ικαθιστάμενος,
3596 5503 3735 5545 non
3796 5489 3865 5553 εἰς

2237 5578 2372 5613 ισον.
