4084 6408
260 342 398 400 1333
1355 335 1587 393 SERMO
1629 335 1790 392 XVII.
1822 364 1893 378 -
1930 336 2023 393 DE
2062 334 2182 393 IRA
2220 336 2307 393 ET
2345 335 2538 394 ODIO.
3502 334 3640 399 1334

256 467 345 518 τὸν
400 463 752 539 ὀργιζόμενον,
804 461 902 516 οὐκ
952 461 1185 535 ἐφυλάξω
1230 459 1392 514 αὐτοῦ
1447 464 1544 520 τὴν
1588 462 1861 536 ὁμοίωσιν,

2026 476 2121 518 ero
2158 461 2392 535 aequius
2411 462 2518 532 est,
2546 460 2614 517 ut
2635 457 2785 517 mihi
2804 458 3168 532 persuadeo,
3200 458 3430 517 intendi
3454 458 3639 519 etiam

256 554 364 608 ἀλλ’
392 554 699 626 ἀγανακτεῖς
728 557 819 607 καὶ
866 551 1223 624 χαλεπαίνεις,
1265 555 1355 604 καὶ
1399 549 1727 623 ἁνταγωνίζῃ

2026 551 2298 607 iversum
2325 555 2379 607 te
2399 548 2735 623 querelam,
2765 547 2935 622 quod
2986 547 3084 604 ille
3126 548 3473 621 exemplum
3510 564 3639 623 quo

254 649 345 697 καὶ
364 647 563 716 γίνεταί
596 661 691 694 σου
734 644 792 693 τὸ
835 642 998 701 πάθος
1037 638 1295 711 ἀπολογία
1344 645 1436 691 τοῦ
1491 638 1860 714 προλαϐόντος.

2026 639 2418 710 nendaretur,
2448 653 2845 713 nequaquam
2873 637 3184 695 habuerit.
3212 641 3525 698 Tu.tamen
3551 639 3639 695 vi-

254 733 318 787 Εἰ
354 736 444 805 μὲν
486 735 711 803 πονηρὸν
737 730 817 802 (2)
866 731 892 782 6
960 731 1145 802 θυμὸς,
1207 734 1261 782 τί
1327 728 1423 782 οὐκ
1489 728 1742 791 ἐξέκλινας
1800 734 1861 782 τὸ

2021 743 2120 785 ens
2148 730 2372 785 iratum
2392 728 2674 784 indecore
2706 743 2768 783 se
2798 730 3127 798 gerentem,
3149 741 3277 783 non
3302 726 3464 804 illius
3484 726 3634 785 vita-

252 828 449 888 κακόν;
518 820 580 873 Εἰ
642 816 703 873 δε
771 824 1085 892 συγγνώμης
1149 818 1334 886 ἄξιον,
1413 820 1466 871 τί
1525 817 1860 890 χαλεπαίνεις

2027 818 2045 873 i
2076 817 2552 887 similitudinem,
2583 816 2692 873 sed
2722 815 3078 887 indignaris,
3114 815 3392 872 acerbius
3422 814 3638 888 objur-

250 920 323 982 τῷ
362 912 713 983 θυμουμένῳς
768 911 902 960 ἔοικε
956 910 1059 983 γάρ
1113 927 1219 968 πως
1270 905 1739 978 συνεξομοιοῦσθαι
1788 915 1861 979 τῷ

2023 923 2098 974 is,
2121 906 2446 963 obluctaris
2466 925 2484 978 ;
2513 905 2773 978 ideoque
2790 910 2896 963 tua
2914 905 3108 977 ipsius
3131 904 3504 977 perturbatio
3532 918 3636 975 ag-

247 998 686 1071 ματαιολογοῦντι
732 997 757 1048 6
817 995 1114 1068 ἀντιλέγων.
1172 1000 1382 1071 Διόπερ,
1431 992 1602 1068 οἶμαι,
1632 997 1658 1048 6
1701 999 1860 1069 σοφὸς

2021 995 2293 1052 redientis
2313 995 2799 1067 exordientisque
2819 993 3093 1050 defensio
3121 992 3190 1050 ﬁt
3217 997 3276 1050 et
3303 994 3634 1053 excusatio.

248 1094 522 1161 παρεγγυᾴ
578 1087 846 1158 Σολομὼν,
922 1090 995 1158 μὴ
1079 1084 1476 1159 ἀποκρίνασθαι
1534 1093 1608 1156 τῷ
1675 1086 1859 1159 ἄφρονι

2022 1085 2193 1141 tenim
2226 1085 2275 1140 si
2303 1082 2528 1140 malum
2548 1082 2636 1140 ira
2651 1086 2760 1151 est,
2785 1098 2891 1139 cur
2907 1082 3140 1140 malum
3171 1097 3298 1139 non
3334 1083 3511 1155 566
3532 1082 3635 1139 de-

247 1180 386 1231 κατὰ
439 1181 534 1235 τὴν
582 1174 775 1228 ἐκείνου
833 1173 1152 1250 ἀφροσύνην.
1204 1173 1404 1246 ’Ὠσπερ
1457 1173 1557 1248 γὰρ
1613 1175 1641 1226 6
1701 1173 1859 1247 βασι-

2023 1174 2233 1230 inasti?
2260 1174 2361 1230 Sin
2382 1178 2586 1229 autem
2607 1172 2925 1247 quidpiam
2942 1176 3034 1229 est
3052 1173 3233 1228 venia
3247 1172 3636 1244 dignum,cur

247 1266 397 1323 λικὴν
437 1265 609 1318 εἰκόνα
657 1262 1004 1339 καθυϐρίσας,
1058 1265 1127 1325 ὡς
1176 1263 1248 1324 εἰς
1287 1263 1443 1314 αὑτὸν
1492 1262 1859 1338 ἐξαμαρτήσας

2023 1263 2241 1319 .fensus
2258 1279 2321 1317 es
2340 1262 2619 1319 irascenti
2639 1263 2667 1317 ?
2687 1263 2763 1334 (4)
2806 1265 2957 1318 Nam
2986 1262 3093 1335 qui
3132 1261 3460 1335 vaniloquo
3490 1276 3636 1321 cons

245 1359 335 1409 τὸν
386 1352 613 1426 βασιλέα
667 1358 913 1425 κρίνεται·
974 1352 1109 1404 οὕτω
1160 1349 1406 1409 δηλονότι
1448 1348 1704 1414 ὑπόδικός
1748 1352 1857 1405 ἐστι

2016 1352 2224 1421 adicit,
2242 1352 2291 1407 is
2313 1350 2773 1425 quodammodo
2795 1350 2878 1407 illi
2900 1351 3182 1409 assimilis
3200 1350 3355 1407 efﬁci
3375 1350 3629 1407 videtur.

245 1450 309 1515 τῇ
351 1442 584 1517 ἁμαρτίᾳ
626 1443 651 1493 6
690 1445 778 1494 τὸν
830 1442 942 1494 κατ’
1000 1440 1172 1493 εἰκόνα
1229 1448 1365 1494 Θεοῦ
1411 1444 1744 1513 γεγενημένον
1766 1460 1857 1493 κα-

2015 1448 2285 1515 ropterea
2304 1441 2640 1513 sapientem
2657 1440 2918 1497 arbitror
2936 1440 3324 1496 Salomonem
3344 1439 3628 1504 edixisse.

246 1531 529 1606 θυϐρίζων.
1964 1547 2039 1587 ne
2082 1531 2218 1603 quis
2259 1531 2446 1585 stulto
2502 1528 2829 1585 secundum
2876 1530 3063 1598 ipsius
3103 1529 3509 1598 insipientiam
3538 1542 3633 1583 re-

236 1622 532 1690 spondeat
558 1621 631 1677 ‘9.
668 1618 1199 1686 Quemadmodum
1227 1618 1391 1674 enim
1420 1618 1525 1690 qui
1550 1618 1934 1691 imperatoris
1955 1618 2216 1690 efﬁgiem
2241 1617 2538 1674 dedecore
2562 1616 2778 1683 affecit,
2806 1633 2932 1673 non
2961 1617 3131 1672 aliter
3158 1616 3425 1689 punitur,
3442 1631 3631 1689 quam

237 1709 291 1765 si
316 1712 379 1765 in
408 1711 610 1780 ipsum
627 1708 1057 1781 imperatorem
1083 1714 1432 1780 peccasset:
1468 1707 1551 1764 sic
1577 1710 1759 1765 etiam
1785 1713 2033 1782 peccato
2062 1708 2364 1764 obnoxius
2393 1706 2445 1762 is
2473 1710 2587 1774 est,
2617 1705 2723 1778 qui
2753 1706 2807 1761 ei
2836 1721 3020 1778 quem
3064 1705 3144 1761 ad
3181 1705 3275 1760 sui
3301 1703 3631 1774 imaginem

236 1800 396 1855 Deus
414 1798 661 1869 creavit,
691 1798 772 1869 inj
786 1796 980 1854 uriam
1011 1797 1295 1853 intulerit.

308 1909 366 1963 4.
408 1903 592 1980 Ἀνδρὶ
634 1903 870 1978 θυμώδει
935 1909 1006 1977 μὴ
1070 1904 1413 1971 συναυλίζου,
1477 1908 1626 1977 φησί.
1680 1908 1852 1960 Κακόν
1892 1906 1921 1960 E

2033 1908 2087 1959 4.
2130 1904 2206 1974 (5)
2245 1902 2337 1959 Ne
2380 1901 2609 1958 habites
2657 1916 2803 1972 una,
2855 1901 3071 1974 inquit,
3120 1917 3256 1959 cum
3313 1901 3445 1958 viro
3505 1900 3627 1956 ira-

233 1996 339 2067 γὰρ
364 2001 587 2068 πρᾶγμα
613 2000 731 2046 κυνὶ
779 1990 1155 2060 συνδεδέσθαι,
1199 1998 1289 2045 καὶ
1338 1990 1607 2054 διηνεκοῦς
1658 1993 1846 2056 ὑλακῆς

2013 1994 2159 2049 mdo
2190 1995 2258 2048 5°.
2305 1991 2454 2048 Mala
2502 1991 2663 2048 enim
2705 2007 2800 2047 res
2849 2007 2989 2049 cum
3030 2006 3180 2048 cane
3223 1989 3512 2061 colligari,
3554 2003 3626 2045 ac

234 2081 534 2138 ἀπολαύειν.
589 2088 745 2154 Φεῦγε
800 2086 973 2134 τοίνυν
1019 2083 1109 2141 τὰς
1168 2080 1279 2153 μετ’
1333 2081 1493 2133 αὐτοῦ
1546 2078 1845 2155 διατριϐάς·

2011 2086 2323 2153 erpetuum
2351 2080 2636 2136 latratum
2659 2078 2998 2149 ferre.Fuge
3020 2079 3205 2149 igitur
3227 2093 3624 2149 congressum

238 2168 438 2241 ἀνάγκη
482 2172 584 2246 γάρ
642 2190 700 2223 σε
753 2173 935 2242 μαθεῖν
986 2189 1039 2221 τι
1093 2178 1194 2221 τῶν
1257 2168 1452 2222 ἐκείνου
1512 2166 1672 2227 ὁδῶν.
1725 2167 1850 2224 Εἷπέ

2019 2187 2091 2226 us
2123 2176 2306 2243 atque
2328 2169 2852 2234 consuetudinem,
2877 2169 3108 2242 alioqui
3127 2182 3379 2225 necesse
3398 2166 3507 2224 tibi
3536 2170 3626 2222 est

233 2279 287 2312 τι
316 2258 643 2333 ὑϐριστικὸν,
670 2258 877 2316 ἐκίνησε
923 2264 1013 2311 καὶ
1055 2262 1144 2311 τὸν
1197 2258 1245 2311 ἐν
1297 2264 1382 2311 σοὶ
1427 2261 1609 2331 θυμόν,
1649 2258 1846 2331 Ὠσπερ

2011 2259 2190 2332 liquid
2222 2260 2457 2316 viarum
2486 2259 2678 2330 ipsius
2704 2258 3038 2316 addiscere.
3069 2258 3226 2314 Dixit
3249 2272 3380 2313 rem
3411 2260 3624 2313 contu-

236 2351 393 2410 κυνὸς
434 2348 597 2407 ὑλακὴ
652 2347 989 2420 προκαλεῖται
1046 2347 1219 2421 ἐτέρου
1269 2350 1423 2409 κυνὸς
1469 2346 1705 2421 θόρυϐον,
1760 2353 1849 2401 καὶ

2009 2347 2708 2417 ieliosam,commovitet
2719 2347 2995 2404 animum
3017 2346 3622 2412 tuum.Quemadmo—

235 2440 326 2490 τόν
364 2437 413 2490 ἐν
453 2443 539 2490 σοι
598 2439 761 2509 θυμὸν
808 2441 935 2499 τέως
988 2442 1307 2509 κοιμώμενον
1361 2440 1452 2488 καὶ
1501 2436 1848 2508 ἡσυχάζοντα

2012 2454 2109 2492 um
2135 2437 2303 2493 canis
2330 2436 2586 2493 latratus
2612 2439 2908 2508 pr0vocat
2934 2436 3104 2491 canis
3134 2435 3375 2491 alterius
3405 2433 3625 2491 tumul-

237 2530 268 2585 ἠ
299 2526 492 2579 ἐκείνου
532 2531 668 2598 φωνὴ
713 2523 969 2601 διήγειρε,
1020 2530 1111 2577 καὶ
1157 2529 1399 2596 γεγόνατε
1440 2523 1679 2586 ἀλληλοις
1732 2526 1850 2578 ανθ-

2010 2542 2122 2581 im:
2150 2525 2233 2582 ita
2257 2541 2505 2598 quoque
2539 2526 2813 2581 animum
2842 2528 3018 2581 tuum
3052 2524 3222 2597 prius
3258 2523 3521 2596 sopitum
3551 2538 3623 2580 ac

236 2615 576 2675 υλακτοῡντες
600 2635 613 2647 ο
680 2611 791 2666 εἶτα
870 2612 1339 2674 ἁντικαταστάντες
1407 2612 1643 2674 ἀλληλοις
1666 2657 1680 2681 ,
1748 2617 1849 2666 ὦσ-

2012 2614 2367 2669 uiescentem
2393 2629 2509 2669 vox
2532 2613 2666 2684 ejus
2706 2613 2786 2669 ad
2806 2612 2976 2669 iram
3009 2612 3349 2681 concitavit,
3389 2615 3447 2668 et
3476 2610 3625 2668 alter

236 2721 333 2776 περ
374 2699 657 2774 σφενδόνας
724 2700 897 2773 ἀφίετε
969 2710 1070 2752 τῶν
1134 2702 1382 2774 ῥημάτων
1448 2705 1538 2761 τὰς
1604 2701 1849 2773 ἀσχημο-

2008 2702 2213 2758 lterum
2238 2702 2617 2769 adlatrastis;
2654 2706 2713 2759 et
2735 2704 2818 2759 ita
2845 2700 3096 2757 demum
3137 2700 3285 2757 alter
3313 2700 3483 2757 alteri
3507 2697 3621 2757 ad—

240 2794 422 2852 σύνας.
478 2786 604 2843 Εἷπέ
656 2809 707 2841 τι
773 2789 1079 2862 ὑϐριστικὸν
1147 2790 1354 2855 ἐκεῖνος,
1414 2786 1710 2852 ἀντέδωκας
1779 2792 1843 2843 σύ

2009 2795 2286 2860 arsantes,
2337 2790 2746 2860 ignominiosa
2788 2789 2977 2846 verba
3002 2789 3167 2845 velut
3187 2789 3411 2846 fundas
3439 2788 3622 2845 intor-

237 2879 439 2951 μείζονι
497 2877 779 2952 ὑπερϐολῇ,
828 2882 916 2930 τὸν
971 2877 1302 2952 προλαϐόντα
1361 2881 1700 2951 μιμούμενος.
1740 2885 1848 2932 Λα-

2007 2879 2170 2935 uetis.
2193 2878 2346 2934 Dixit
2367 2878 2463 2934 ille
2484 2878 2712 2951 aliquid
2738 2877 3102 2949 injuriosum
3127 2895 3140 2933 :
3174 2882 3238 2934 tu
3264 2876 3445 2948 longe
3464 2876 3545 2948 inj
3558 2892 3620 2932 u-

235 2968 337 3020 ϐὼν
364 2968 551 3030 ἐκεῖνος
601 2974 695 3026 τὴν
745 2968 801 3020 ἐκ
830 2976 924 3021 τοῦ
976 2967 1131 3039 λόγου
1174 2976 1269 3020 τοῦ
1312 2967 1622 3041 ὑϐριστικοῦ
1653 2968 1730 3038 (3)
1763 2965 1845 3019 ἀν-

2007 2968 2170 3024 osius
2199 2967 2590 3040 respondisti,
2610 2968 3031 3040 auspicantem
3049 2970 3232 3039 atque
3259 2965 3619 3036 aggredien-

230 3053 455 3123 τίδοσιν,
510 3057 605 3109 οὐκ
651 3060 777 3115 ἔστη
838 3065 936 3116 τῆς
1000 3057 1184 3130 ὁρμῆς,
1258 3054 1366 3108 ἀλλ’
1430 3056 1687 3130 ἐστράφη,
1756 3060 1843 3108 καὶ

2006 3073 2077 3111 :m
2106 3056 2395 3112 imitatus.
2426 3056 2527 3112 llle
2565 3055 2987 3113 contumeliosi
3021 3055 3191 3112 verbi
3228 3055 3485 3128 receptis
3532 3055 3619 3112 vir

232 3146 530 3219 ἐκορύφωσε
593 3150 687 3204 τὴν
730 3146 918 3198 ἑαυτοῦ
976 3147 1262 3220 ἁμαρτίαν·
1322 3148 1511 3218 μείζων
1573 3143 1842 3203 ἠϐουλήθη

2005 3146 2148 3215 .bus,
2172 3145 2541 3201 commoveri
2570 3160 2693 3201 non
2715 3144 2970 3201 destitit:
3002 3144 3111 3200 sed
3132 3160 3461 3201 conversus
3482 3159 3618 3216 pec-

230 3238 472 3305 γενέσθαι
529 3234 584 3288 ἐκ
629 3242 719 3287 τοῦ
768 3236 926 3287 εἰπεῖν
971 3254 1026 3286 τι
1074 3234 1458 3309 χαλεπώτερον.
1512 3237 1579 3286 Σὺ
1630 3230 1843 3306 δεξάμε-

2006 3242 2155 3291 ιιιιω
2186 3251 2362 3290 suum
2398 3234 2665 3291 adauxit.
2689 3233 2974 3306 Superior
2997 3234 3254 3290 evadere
3279 3232 3467 3290 voluit
3483 3248 3619 3290 ver-

229 3343 310 3384 νος
364 3324 539 3390 πάλιν,
607 3324 978 3396 ὑπερυψωθης,
1047 3329 1138 3375 καὶ
1189 3328 1368 3395 γέγονε
1415 3332 1588 3375 κακῶν
1629 3323 1842 3395 φιλονει-

2005 3341 2171 3380 orum
2198 3324 2542 3381 acerbitate.
2590 3326 2674 3380 Tu
2715 3340 2948 3391 rursus,
2997 3323 3093 3379 his
3143 3323 3383 3391 auditis,
3426 3338 3618 3396 supra

230 3418 342 3468 κία.
382 3413 441 3465 Ὀ
488 3409 548 3464 δὲ
577 3413 625 3465 ἐν
666 3421 835 3464 κακῶν
889 3411 1135 3485 ἁμίλλαις
1180 3420 1355 3479 νικῶν,
1403 3412 1549 3472 οὗτος
1594 3410 1842 3464 ἀθλιώτε-

2001 3413 2207 3469 nodum
2237 3413 2543 3482 attolleris,
2588 3412 2793 3485 sicque
2838 3412 3143 3468 malorum
3185 3411 3255 3468 ﬁt
3290 3412 3614 3467 contentio.

231 3506 322 3573 ρός
368 3501 534 3556 ἐστιν.
602 3498 845 3554 Ἐπειδὰν
911 3504 1013 3576 γὰρ
1082 3500 1225 3563 άπαξ
1284 3503 1658 3575 παρωσάμενον
1725 3505 1844 3562 τοὺς

2004 3502 2060 3557 ui
2091 3510 2284 3558 autem
2314 3503 2379 3557 in
2409 3502 2712 3559 malorum
2743 3503 3070 3558 certamine
3102 3502 3301 3569 vincit,
3332 3502 3383 3557 is
3421 3500 3617 3570 magis

229 3590 520 3663 λογίσμοὺς
546 3593 606 3642 τὸ
657 3598 750 3642 τοῦ
801 3594 967 3662 θυμοῦ
1000 3592 1188 3651 πάθος,
1241 3596 1332 3642 καὶ
1389 3595 1483 3649 τὴν
1534 3587 1840 3643 δυναστείαν

2006 3591 2137 3647 LiSBI‘
2163 3596 2274 3647 est.
2292 3592 2366 3663 (6)
2402 3591 2510 3647 Ubi
2539 3591 2700 3647 enim
2721 3591 3019 3649 rationem
3044 3591 3233 3648 semel
3262 3589 3619 3649 exturbave-

231 3688 327 3741 τῆς
375 3680 563 3752 ψυχῆς
612 3679 914 3754 παραλάϐῃ,
964 3679 1250 3753 ἀποθηριοῖ
1300 3680 1561 3742 παντελῶς
1611 3684 1699 3731 τὸν
1755 3680 1842 3732 ἄν·

2004 3681 2372 3737 tiracundiaz
2393 3681 2630 3751 vitium,
2646 3686 2826 3753 atque
2846 3680 3188 3736 dominium
3201 3680 3420 3736 animas
3442 3695 3617 3735 usur-

232 3771 458 3843 θρωπον,
513 3773 604 3821 καὶ
650 3766 775 3821 οὐδὲ
826 3770 1095 3843 ἄνθρωπον
1149 3765 1279 3820 εἶναι
1355 3775 1646 3841 συγχωρεῐ’
1716 3769 1838 3841 ὅπερ

2002 3770 2202 3839 averit,
2233 3770 2545 3826 hominem
2577 3785 2826 3842 prorsus
2856 3769 3144 3825 convertit
3164 3769 3226 3825 in
3247 3767 3515 3825 belluam
3536 3772 3615 3840 et,

228 3861 331 3931 γὰρ
363 3866 468 3919 τοῖς
502 3857 720 3920 ὶοϐόλοις
746 3857 887 3910 ἐστὶν
940 3859 1037 3927 ἰός,
1083 3866 1238 3911 τοῦτο
1267 3865 1395 3926 τοῖς,
1443 3859 1839 3933 παροξυνθείσιν

2001 3875 2025 3914 e
2051 3858 2363 3914 hominem
2393 3859 2641 3931 quidem
2673 3875 2805 3914 esse
2836 3859 2991 3915 sinit.
3023 3857 3198 3923 Quod
3233 3856 3395 3914 enim
3428 3872 3614 3913 vene-

228 3950 262 3999 6
287 3949 471 4019 θυμός.
506 3954 794 4001 Λυσσώσιν
842 3949 1017 4022 ὥσπερ
1053 3949 1102 3999 οὶ
1150 3950 1318 4013 κύνες,
1364 3949 1613 4018 ᾄττουσιν
1664 3950 1835 4020 ὥσπερ

2001 3948 2103 4004 atis
2127 3963 2431 4004 venenum
2462 3952 2574 4015 est,
2613 3947 2730 4003 hoc
2776 3947 2939 4002 idem
2969 3946 3061 4002 ira
3084 3950 3174 4002 est
3220 3946 3614 4018 exasperatis.

225 4038 276 4090 οἱ
340 4041 604 4113 σκορπίοι,
665 4033 950 4089 δάκνουσιν
999 4038 1173 4110 ὥσπερ
1227 4038 1276 4088 οἱ
1342 4040 1495 4106 ὄφεις.
1558 4036 1838 4108 ’Λγνοοῦσι

1999 4037 2123 4092 iunt
2152 4036 2349 4093 rabidi
2370 4052 2591 4093 canum
2624 4038 2688 4092 in
2708 4052 2964 4102 morem,
2989 4035 3263 4092 insiliunt
3288 4038 3352 4090 ut
3372 4035 3612 4107 scorpii,

223 4130 315 4199 μὲν
367 4130 466 4200 γὰρ
518 4128 704 4187 αὐτοὺς
760 4135 963 4200 πρῶτον
1006 4128 1055 4177 οἱ
1112 4126 1465 4199 υργιζόμενοι,
1518 4128 1697 4179 ἔπειτα
1748 4140 1836 4186 καὶ

2004 4126 2227 4183 ordent
2272 4131 2338 4182 ut
2367 4130 2695 4199 serpentes.
2716 4129 2868 4182 Nam
2885 4125 3015 4182 irati
3036 4125 3303 4198 primum
3332 4125 3617 4194 ignorant

222 4218 420 4278 πάντας
468 4217 664 4288 ὁμοίως
710 4220 832 4277 τοὺς
877 4211 1224 4275 ἐπιτηδείους.
1289 4218 1383 4268 Διά
1437 4217 1599 4287 θυμὸν
1643 4220 1733 4267 καὶ
1764 4215 1835 4279 ξί-

2001 4234 2100 4285 :se,
2124 4216 2344 4273 deinde
2374 4232 2587 4273 omnes
2618 4215 2891 4273 similiter
2919 4216 3252 4272 familiares
3283 4219 3466 4287 atque
3502 4230 3614 4272 ne-

223 4324 312 4377 φος
343 4303 612 4374 ἀκονᾶται,
665 4310 756 4357 καὶ
810 4307 1029 4367 θάνατος
1082 4303 1358 4377 ἀνθρώπου
1419 4304 1475 4357 ἐκ
1530 4308 1714 4379 χειρὸς
1753 4304 1835 4357 ἁν-

2000 4307 2266 4363 :ssarios.
2307 4310 2414 4363 Per
2436 4308 2591 4363 iram
2622 4306 2784 4362 ensis
2829 4306 3067 4363 acuitur
3111 4309 3294 4377 atque
3341 4309 3613 4377 patratur

226 4397 482 4465 θρωπείας
511 4401 799 4465 τπ).μᾶται.
830 4397 927 4448 Διά
953 4402 1137 4447 τοῦτον
1189 4391 1405 4466 ἀδελφοὶ
1451 4398 1541 4466 μὲν
1587 4394 1835 4455 ἀλλήλους

2000 4395 2342 4451 οωὶοὶάὶυω
2362 4397 2636 4453 humana
2663 4410 2876 4451 manu.
2920 4398 3028 4451 Per
3068 4393 3231 4449 hanc
3257 4392 3470 4448 fratres
3510 4392 3613 4449 alii

224 4482 512 4549 ἠγνόησαν*
566 4488 735 4550 γονεῖς
783 4477 843 4533 δὲ
901 4500 990 4533 και
1039 4486 1193 4533 τέκνα
1245 4489 1341 4543 τῆς
1400 4485 1603 4551 φύσεως
1659 4482 1835 4535 ἐπελά-

1995 4483 2094 4537 ιὶοε
2120 4484 2509 4552 ignoravere:
2541 4488 2822 4556 parentes
2845 4498 3093 4556 quoque
3113 4486 3171 4537 et
3183 4480 3355 4537 liberi
3376 4483 3608 4538 naturae

228 4570 394 4619 θοντο·
428 4572 516 4620 καὶ
557 4570 731 4640 ὥσπερ
783 4568 838 4619 αἱ.
880 4565 1161 4642 χαράδραι
1206 4574 1332 4641 πρὸς
1379 4573 1445 4620 τὰ
1500 4570 1650 4621 κοῖλα
1698 4569 1833 4642 συῤ-

1997 4571 2110 4626 oliti
2150 4575 2327 4639 sunt;
2370 4576 2427 4628 et
2469 4571 2997 4645 quemadmodum
3025 4573 3318 4626 torrentes
3365 4569 3445 4624 ad
3472 4568 3610 4628 loca

221 4657 439 4730 ῥέουσαι
493 4661 552 4709 τὸ
611 4660 918 4731 προστυχὸν
977 4660 1396 4731 παρασύρουσιν·
1448 4658 1583 4710 οὕτω
1634 4663 1725 4709 καὶ
1779 4660 1833 4709 αὶ

1995 4675 2096 4715 iva
2107 4659 2500 4729 conﬂuentes,
2514 4660 2815 4733 quidquid
2826 4659 3077 4716 obvium
3088 4663 3608 4715 esttransversum

223 4754 324 4796 τῶν
387 4746 731 4821 ὀργιζομένων
798 4748 958 4821 ὁρμαὶ
1024 4745 1196 4818 βίαιοι
1256 4750 1347 4798 καὶ
1396 4744 1676 4798 ἀκάθεκτοι
1740 4742 1834 4799 διὰ

1993 4748 2232 4814 ηδὴυηω
2285 4748 2370 4805 ita
2415 4749 2660 4805 violenti
2698 4764 2769 4805 ac
2815 4747 3178 4821 impotentes
3216 4746 3606 4803 irascentium

221 4836 427 4887 πάντων
474 4837 663 4907 ὁμοίως
707 4844 1001 4911 χωροῦσιν.
1055 4838 1226 4888 Οἱονεὶ
1260 4838 1360 4908 γὰρ
1387 4838 1578 4909 οἴστρῳ
1607 4843 1667 4907 τῇ
1698 4840 1831 4906 μνη-

1990 4841 2203 4908 npetus
2215 4842 2463 4894 cunctos
2476 4836 2743 4895 similiter
2756 4837 3229 4893 invadunt.l\'am
3241 4852 3447 4893 eorum
3467 4852 3603 4908 quae

221 4944 292 4997 μη
348 4932 449 4976 τῶν
500 4924 860 4982 λελυπηκότων
911 4927 1400 5000 περικεντούμενοι,
1466 4921 1830 4997 σφαδάζοντος

1990 4927 2197 4982 ιοιθεῐει
2241 4927 2390 4998 ipsis
2438 4927 2702 4994 fuerunt,
2751 4926 3170 4982 recordatione
3212 4927 3392 4998 quasi
3420 4931 3603 4984 oestro

221 5013 384 5066 αὐτοῦ
430 5021 522 5066 τοῦ
578 5015 744 5085 θυμοῦ
801 5018 891 5065 καὶ
946 5010 1240 5081 πηδῶντος,
1300 5013 1359 5066 οὐ
1412 5017 1659 5087 πρότερον
1699 5012 1830 5066 ἀπο-

1987 5014 2330 5087 εεῐὶιῑιιιίιιῑὶ,
2362 5014 2789 5073 effervescente
2813 5016 2878 5072 in
2907 5016 2994 5073 eis
3039 5015 3131 5073 ira
3176 5021 3359 5088 atque
3407 5015 3600 5075 subsi-

291 5228 338 5265 ‘9
374 5231 544 5286 Prov.
577 5243 740 5297 xxvr,
769 5230 826 5285 4.
939 5227 987 5265 ⁵ο
1025 5230 1196 5284 Prov.
1237 5242 1380 5295 xxn,
1412 5230 1502 5284 24.

288 5426 365 5499 (1)
404 5426 782 5500 Ἀνταγωνίζη.
817 5426 1161 5496 Contextus,
1194 5425 1502 5500 ἀντοργίζῃ.
1524 5496 1539 5500 _
1674 5499 1677 5500 7
1735 5496 1821 5500 __7_

817 5426 1161 5496 Contextus,
1194 5425 1502 5500 ἇντοργίζῃ.
1524 5496 1539 5500 _
1674 5499 1677 5500 7
1735 5496 1821 5500 __7_
1933 5426 2107 5497 Editi,
2138 5425 2410 5500 ὑϐριστοῦ.

291 5496 369 5568 (2')
412 5496 662 5573 ιιονηρόν.
689 5500 781 5557 Sic
804 5504 1121 5555 contextus
1155 5503 1211 5555 et
1236 5496 1396 5554 idem
1430 5496 1639 5554 Codex.
1672 5496 1825 5554 Editi
2004 5496 2095 5573 (4)
2120 5496 2374 5573 Uterque
2399 5497 2592 5573 codex
2614 5497 2843 5573 indicat
2866 5500 3195 5558 comment.
3223 5497 3289 5555 in
3313 5498 3432 5569 lea.

221 5566 490 5643 πονηρόςκ
551 5566 560 5573 ’
828 5642 833 5643 7
857 5641 867 5643 7
1409 5641 1418 5643 _
1450 5641 1461 5643 Α
1701 5640 1717 5643 7

1409 5641 1418 5643 _
1450 5641 1461 5643 Α
1701 5640 1717 5643 Α
2006 5566 2084 5643 (ὃ)
2124 5573 2202 5626 Ex
2229 5566 2397 5643 hom.
2424 5570 2753 5643 inLacizis,
2784 5575 2910 5627 590.

292 5639 369 5712 (3)
405 5639 763 5713 Ὑϐριστικοῡ.
815 5641 906 5700 Sic
952 5644 1268 5701 contextus
1306 5645 1364 5701 et
1403 5641 1569 5700 idem
1608 5640 1817 5700 codex.
2004 5639 2081 5715 (6)
2120 5644 2204 5698 Ex
2228 5642 2394 5700 hom.
2422 5642 2713 5700 adversus
2740 5644 2949 5717 iratos,
2982 5644 3071 5700 83.
