4084 6400
432 325 571 384 1335

1407 330 1784 388 APPENDIX.
1826 363 1895 374 —
1936 331 2283 391 SYMEONIS
2322 333 2846 392 METAPHRASTZE

3692 337 3858 392 1336

433 450 634 518 liente,
663 465 788 508 non
817 452 984 525 prius
1023 455 1265 510 cessant
1301 470 1491 527 quam
1522 456 1817 513 damnum
1846 457 2092 531 aliquod

2226 463 2457 530 ιῂρίουσι,
2505 464 2626 534 πρὶν
2687 459 2714 518 ἦ
2775 462 2934 512 κακόν
2991 479 3042 512 τι
3092 456 3276 513 δοῦναι
3322 464 3394 530 τῷ
3442 459 3858 534 παροξύναντιο

435 539 698 596 inferant
727 541 1002 597 irritanti.
1037 545 1180 599 Nam
1215 559 1355 600 cum
1387 545 1476 601 ira
1505 547 1686 601 rebus
1726 547 2096 604 irritantibus

437 645 697 686 accensa
725 635 913 698 est,ut
942 631 1168 701 ingenti
1193 631 1495 703 lignorum
1527 637 1805 706 congerie
1824 637 2095 706 ﬂamma,

437 723 570 774 tum
598 719 847 775 demum
872 736 1068 794 neque
1089 722 1288 778 verbis
1309 723 1704 795 explicabilia,
1722 742 1920 799 neque
1939 728 2100 782 factu

439 808 777 866 tolerabilia.
806 811 1150 882 spectacula
1192 813 1396 868 videre
1427 813 1563 870 licet
1598 831 1611 870 :
1647 831 1868 872 manus
1911 815 2099 872 attolli

443 899 734 956 adversus
765 901 1035 969 tribules,
1060 903 1246 974 pedes
1277 909 1497 961 temere
1530 904 1908 975 insultantes,
1939 907 2103 962 deni-

444 1005 564 1062 que
593 990 892 1064 quidquid
921 992 982 1048 in
1013 997 1404 1066 conspectum
1425 994 1608 1062 venit,
1631 996 1690 1051 id
1719 996 1903 1053 furori
1927 1013 1996 1053 ac
2017 998 2102 1052 in-

445 1079 629 1134 saniae
651 1095 758 1152 pro
779 1080 965 1136 armis
993 1097 1142 1137 esse.
1177 1083 1346 1148 Quod
1378 1083 1428 1139 si
1460 1099 1532 1138 ex
1577 1085 1837 1140 adverso
1869 1085 2102 1158 aequale

445 1166 677 1223 malum
725 1169 986 1226 renitens
1028 1172 1376 1244 repererint,
1419 1171 1602 1228 aliam
1643 1173 1915 1230 videlicet
1950 1175 2104 1230 iram

447 1259 505 1314 et
523 1271 733 1329 parem
756 1257 1062 1316 insaniam
1093 1277 1105 1327 ;
1136 1261 1218 1317 ita
1247 1261 1494 1317 demum
1527 1262 1680 1318 inter
1714 1279 1777 1318 se
1826 1264 2099 1334 conserti,

447 1351 662 1403 mutuo
703 1347 930 1404 faciunt
980 1365 1052 1405 ac
1097 1352 1512 1422 perpetiuntur
1550 1367 1688 1424 quae
1745 1368 1992 1426 aequum
2018 1357 2106 1408 est

449 1435 677 1508 perpeti
709 1451 829 1505 eos,
862 1437 967 1510 qui
1009 1438 1124 1492 sub
1172 1439 1474 1508 ejusmodi
1522 1439 1796 1496 daemone
1827 1441 2102 1498 militant.

449 1525 530 1594 (1)
559 1527 772 1580 Mutua:
805 1526 1104 1598 siquidem
1135 1527 1251 1583 illae
1282 1528 1674 1597 offensiones,
1700 1530 2007 1604 animique
2036 1531 2108 1586 ir-

450 1613 760 1670 ritationes
780 1615 1021 1685 abjecti,
1049 1617 1318 1689 primum
1348 1618 1597 1690 quidem
1625 1619 1856 1689 exiguae
1888 1625 2026 1676 sunt
2055 1624 2113 1676 et

453 1705 668 1758 curatu
689 1703 1000 1775 perfaciles
1026 1722 1039 1772 ;
1087 1707 1375 1778 temporis
1405 1723 1549 1763 vero
1579 1723 1900 1780 progressu
1937 1710 2105 1782 567

2205 547 2366 600 Ὀταν
2408 549 2509 622 γὰρ
2557 550 2729 622 ὥσπερ
2791 548 2914 621 φλὸξ
2970 549 3092 610 ὕλης
3150 548 3370 621 ἀφθονίᾳ
3421 556 3526 609 τοῖς
3595 548 3858 623 παροξύ-

2205 656 2384 689 νουσιν
2429 638 2455 688 ὁ
2507 639 2670 710 θυμὸς
2721 637 2938 710 ἐξαφθῇ,
2989 641 3105 691 τότε
3146 634 3238 703 δὴ,
3298 641 3436 705 τότε,
3477 639 3546 689 τὰ
3591 641 3722 689 οὔτε
3748 637 3857 689 λό-

2205 747 2280 798 γῳ
2321 727 2478 800 ῥητὰ,
2525 729 2642 780 οὔτε
2696 729 2828 801 ἔργῳ
2889 730 3108 802 φορητὰ,
3166 723 3364 780 ἐπιδεῖν
3406 727 3480 800 (8)
3533 730 3654 779 ἔστι
3719 728 3858 779 6362-

2208 837 2368 889 ματα·
2426 823 2611 889 χεῖρας
2669 820 2758 889 μὲν
2818 813 3104 888 ὃιηρμένας
3155 819 3292 868 κατὰ
3356 825 3454 868 τῶν
3524 814 3855 888 ὁμοφύλων,

2207 901 2378 968 πόδας
2429 903 2488 958 δὲ
2546 902 2773 978 ἀφειδῶς
2840 905 3222 978 ἐναλλομένους,
3277 912 3381 958 πᾶν
3432 902 3493 958 δὲ
3549 909 3611 958 τὸ
3681 908 3859 976 φανὲν

2210 994 2362 1047 ὅπλον
2412 1002 2473 1067 τῇ
2525 1000 2688 1068 μανία
2731 999 3018 1067 γενόμενον.
3069 997 3192 1049 Ἐὰν
3247 993 3307 1048 δὲ
3348 999 3439 1047 καὶ
3473 995 3529 1048 ἐκ
3550 1002 3647 1048 τοῦ
3686 994 3857 1046 ἐναν-

2209 1091 2322 1137 τίου
2381 1088 2438 1137 τὸ
2485 1088 2597 1137 ἶσον
2646 1089 2804 1137 κακὸν
2869 1084 3392 1158 ἀντιστρατευόμενον
3433 1086 3512 1155 (9)
3579 1084 3854 1159 εὕρωσιν,

2212 1174 2369 1249 ὀργὴν
2412 1173 2568 1232 ἄλλην
2615 1177 2704 1226 καὶ
2761 1178 2948 1246 μανίαν
3001 1175 3270 1247 ὁμότιμον·
3339 1172 3475 1226 οὑτω
3505 1171 3577 1232 δὴ
3630 1190 3860 1244 συμπε-

2216 1268 2385 1325 σόντες
2415 1260 2644 1339 ἔδρασαν
2689 1262 2926 1326 ἀλληλοις
2965 1268 3055 1316 καὶ
3102 1265 3314 1332 ἔπαθον,
3365 1264 3466 1314 ὅσα
3523 1262 3667 1324 εἰκὸς
3719 1265 3860 1320 τούς

2213 1355 2313 1407 ύπό
2391 1356 2610 1425 τοιούτῳ
2673 1349 2886 1426 δαίμονι
2952 1357 3434 1428 στρατηγουμένους
3484 1353 3700 1407 παθεῖν.
3781 1355 3859 1405 Αἱ

2214 1462 2315 1517 γαρ
2373 1444 2498 1517 πρὸς
2547 1440 2797 1503 ἀλλήλους
2842 1441 3023 1508 λύπαι,
3079 1445 3169 1493 καὶ
3231 1440 3616 1515 μικροψυχίαι,
3689 1443 3862 1512 ποιρὰ

2217 1535 2306 1605 μὲν
2372 1535 2466 1589 την
2530 1536 2739 1605 πρώτην
2806 1535 2992 1604 μικραί
3066 1529 3171 1582 εἰσι
3253 1535 3344 1589 καὶ
3436 1528 3855 1602 εύθεράπευτοι’

2219 1625 2489 1694 προίόντος
2530 1617 2587 1672 δὲ
2652 1628 2744 1672 του
2793 1623 3012 1694 χρόνου,
3071 1621 3172 1672 ὑπὸ
3237 1618 3548 1691 φιλονεικίας
3615 1618 3867 1690 αὐξομεο

2221 1731 2304 1762 ναι
2338 1752 2351 1778 ,
2427 1710 2497 1771 εἰς
2559 1707 2765 1761 ἀνίατον
2831 1707 3090 1768 παντελῶς
3145 1707 3412 1760 ἐκπίπτειν
3487 1709 3803 1779 πεφύκασιν
3846 1748 3865 1764 .

451 1806 563 1864 per
591 1793 1037 1849 contentionem
1087 1801 1296 1867 auctae,
1347 1796 1821 1852 immedicabiles
1864 1814 2109 1870 prorsus

2226 1799 2351 1860 Ἐως
2401 1802 2501 1874 γὰρ
2571 1798 2624 1851 ἐκ
2681 1807 2776 1858 τῆς
2846 1795 3174 1858 διαστάσεως
3237 1799 3291 1849 αἱ
3361 1794 3610 1849 διαϐολαὶ
3651 1802 3867 1871 χώραν

454 1879 712 1936 evadere
743 1889 1204 1939 consueverunt.
1241 1886 1314 1955 (2)
1359 1884 1638 1950 Quandiu
1675 1886 1835 1942 enim
1866 1904 2003 1958 quae
2041 1903 2114 1942 ex

455 1968 704 2025 dissidio
754 1969 1110 2027 oboriuntur
1158 1972 1500 2042 calumnim,
1542 1975 1746 2030 locum
1793 1975 2115 2031 habuerint

454 2057 666 2115 tandiu
696 2058 1069 2131 suspiciones
1101 2061 1163 2116 in
1187 2062 1361 2133 pejus
1384 2063 1593 2132 augeri
1623 2079 1867 2120 necesse
1896 2069 2003 2120 est.

528 2153 580 2204 5.
611 2149 684 2213 (3)
715 2147 773 2203 Si
802 2147 982 2217 igitur
1015 2149 1231 2206 videris
1256 2151 1476 2207 iratum
1525 2153 1734 2208 dentes
1770 2159 2109 2221 acuentem,

453 2239 651 2308 cogita
686 2237 995 2294 hominem
1023 2240 1322 2311 ejusmodi
1361 2242 1615 2298 similem
1662 2259 1791 2300 esse
1841 2260 2009 2316 apro,
2049 2249 2113 2300 ut

452 2328 557 2401 qui
589 2327 967 2384 iracundiam
987 2329 1284 2386 internam
1306 2331 1577 2404 dentium
1608 2332 1841 2388 aﬂ‘rictu
1867 2333 2108 2390 indicet.

454 2420 534 2483 (4)
558 2420 706 2473 Nam
736 2417 796 2472 in
851 2418 1023 2474 malis
1079 2421 1298 2491 pugnis
1342 2420 1617 2477 miserior
1665 2429 1753 2478 est
1799 2423 1906 2495 qui
1951 2425 2110 2493 vicit,

455 2507 682 2579 quippe
701 2507 847 2578 quia
867 2523 1005 2562 cum
1037 2509 1251 2579 majori
1279 2515 1528 2582 peccato
1559 2511 1702 2567 abit.
1744 2514 1960 2568 Contra
1995 2530 2115 2568 ser-

456 2601 694 2668 pentem
723 2596 889 2652 illum
923 2598 1220 2655 duntaxat
1245 2599 1572 2656 iracundiae
1595 2606 1708 2657 tuae
1731 2602 1852 2657 vim
1885 2618 2110 2659 exsere.

455 2687 536 2757 (5)
568 2685 723 2752 Quid
743 2687 904 2742 enim
928 2688 1184 2744 Phineen
1212 2690 1602 2759 justiﬁcavit?
1627 2693 2002 2762 nonnejusta
2026 2693 2116 2749 ira

459 2773 752 2832 adversus
791 2779 1190 2834 scortatores?
1228 2779 1331 2851 qui
1370 2779 1595 2851 alioqui
1632 2795 1927 2852 perquam
1957 2781 2116 2836 mitis

461 2879 532 2921 ac
560 2869 1350 2940 mansuetus,posteaquam
1383 2867 1620 2924 Zambri
1638 2885 1775 2924 cum
1795 2874 1990 2926 scorto
2008 2874 2118 2927 Ma-

462 2953 750 3009 dianitide
772 2954 974 3028 palam
994 2961 1050 3012 et
1073 2957 1200 3012 sine
1221 2957 1590 3013 verecundia
1611 2962 1926 3012 coeuntem
1945 2959 2120 3015 vidis-

463 3046 574 3109 set,
606 3043 760 3100 adeo
801 3050 867 3101 ut
908 3060 984 3100 ne
1033 3051 1420 3116 contegerent
1455 3045 1705 3119 quidem
1738 3047 2120 3120 turpitudinis

2224 1889 2573 1960 ἔχωσινμο),
2631 1885 2830 1958 ἀνάγκη
2887 1885 2966 1939 ἀεὶ
3018 1889 3108 1948 τὰς
3159 1886 3393 1957 ὑποψίας
3442 1884 3525 1938 ἐπὶ
3563 1887 3627 1937 τὸ
3657 1893 3871 1960 χεῖρον

2224 1977 2496 2038 αὔξεσθαι.

2387 2065 2478 2118 ’Ἂν
2531 2069 2702 2116 τοίνυν
2748 2061 2865 2137 ῐδης
2914 2067 3000 2116 τὸν
3070 2065 3386 2137 Θυμούμενον
3440 2068 3560 2125 τοὺς
3625 2059 3870 2124 ὀδόντας

2222 2156 2611 2228 παραθήγοντα,
2672 2153 2992 2226 ἐνθυμήθητι
3039 2155 3118 2206 ὅτι
3170 2157 3259 2205 συί
3309 2156 3468 2205 ἔοικεν
3510 2153 3536 2204 ὁ
3580 2160 3864 2218 τοιοῦτος,

2221 2248 2306 2297 τὸν
2345 2240 2549 2296 ἔνδοθεν
2600 2244 2760 2315 θυμὸν
2811 2240 2903 2295 δια
2949 2252 3038 2303 τῆς
3068 2251 3166 2295 τῶν
3209 2239 3436 2295 ὀδόντων
3466 2241 3866 2317 παρατρίψεως

2221 2335 2560 2405 ύπεκφαίνων.
2641 2333 2723 2384 Ἐν
2779 2335 2876 2402 γαν
2966 2331 3208 2404 ἁμίλλαις
3274 2338 3528 2406 πονηραῖς
3597 2330 3868 2384 ἀθλεώτε-

2220 2442 2310 2497 ρος
2357 2423 2381 2473 ὁ
2439 2427 2680 2489 νικήσας,
2739 2417 2878 2474 ὃιὸτι
2926 2420 3215 2495 ἀπέρχεται
3263 2425 3320 2472 1'6
3373 2419 3522 2473 πλέον
3562 2423 3713 2491 ἔχων
3758 2427 3863 2480 τῆς

2222 2512 2502 2584 ἁμαρτίας.
2543 2510 2600 2562 Ὀ
2629 2512 2792 2582 θυμὸς
2832 2513 2965 2563 ἔστω
2990 2529 3071 2562 σοι
3119 2512 3252 2562 κατά
3283 2514 3442 2582 μόνον
3501 2517 3595 2561 τοῦ
3657 2513 3857 2580 ὄφεως.

2221 2606 2284 2654 Τί
2330 2605 2430 2672 γαρ
2486 2603 2572 2652 τὸν
2629 2605 2793 2660 Φινεές
2845 2597 3185 2665 adimit-way;
3248 2599 3353 2670 οὐχ
3402 2600 3430 2657 ἡ
3483 2594 3678 2650 δικαία
3711 2598 3854 2670 ὀργὴ

2223 2693 2359 2742 κατά
2413 2698 2511 2740 τῶν
2561 2691 2996 2762 πορνενσάντωνς
3058 2687 3111 2750 ὃς
3164 2689 3230 2740 τὰ
3281 2687 3445 2740 πολλά
3501 2690 3743 2748 ἓπιεικὴς
3786 2689 3856 2739 ὠν

2224 2787 2308 2832 καὶ
2357 2782 2544 2854 πραῢς,
2595 2775 2777 2836 ἐπειδὴ
2851 2775 2957 2831 εἶδε
3013 2784 3107 2836 τὴν
3158 2782 3398 2852 πορνείαν
3461 2785 3554 2830 τοῦ
3619 2777 3849 2849 Ζαμϐρῆ

2224 2874 2314 2921 καὶ
2386 2878 2476 2929 τῆς
2555 2865 2943 2930 Μαδιανίτιὸος
3009 2866 3304 2940 ἀναφανδὸν
3353 2871 3443 2919 καὶ
3505 2866 3846 2941 ἀπηρνθρια-

2230 2963 2426 3032 σμένως
2490 2962 2784 3030 γινομένην,
2848 2958 2905 3009 ού
2973 2956 3443 3028 συγκαλυπτὼτων
3508 2955 3683 3007 αὐτῶν
3753 2961 3850 3013 τ’ὲν

2229 3045 2514 3120 ἀσχήμονα
2562 3049 2676 3099 Θέαν
2727 3055 2818 3107 τῆς
2873 3046 3157 3117 αἰσχύνης,
3218 3045 3312 3097 οὐκ
3345 3044 3728 3116 ἀνασχόμενος,
3777 3045 3852 3104 εἰς

465 3149 589 3190 sua:
618 3134 843 3192 infame
881 3136 1312 3208 spectaculum,
1342 3136 1454 3192 hoc
1495 3152 1618 3192 non
1662 3136 1985 3208 perferens,
2031 3139 2109 3196 ira

2230 3133 2344 3189 δέον
2395 3137 2665 3208 ἐχρήσατο
2704 3143 2776 3205 τῷ
2821 3137 2987 3207 θυμῷ,
3045 3131 3118 3187 δι’
3170 3134 3358 3208 ἀμφοῖν
3400 3134 3588 3195 ἐλάσας
3625 3137 3710 3184 τὸν
3737 3151 3850 3184 σει-

465 3229 805 3298 opportune
853 3241 1001 3292 usus
1055 3230 1163 3293 est,
1206 3231 1462 3298 utroque
1509 3227 1689 3283 hasta
1729 3228 2016 3285 transﬁxo
2048 3230 2117 3286 δι.

467 3317 694 3372 Rursus
726 3315 937 3372 zelotes
967 3316 1064 3372 ille
1112 3317 1266 3372 Elias
1309 3315 1788 3389 quadringentos
1817 3320 2120 3391 quinqua-

467 3403 635 3476 ginta
661 3404 819 3460 viros
849 3405 1214 3473 confusionis
1245 3406 1610 3474 sacerdotes,
1641 3407 2122 3479 etquadringen-

467 3497 561 3550 tos
579 3491 737 3550 viros
756 3493 1097 3550 sacerdotes
1117 3494 1410 3565 lucorum,
1427 3510 1703 3550 mensam
1719 3495 1948 3552 Jezabel
1963 3513 2122 3553 com-

469 3581 739 3642 e1entes.
787 3582 1231 3640 consultissima
1286 3599 1356 3638 ac
1406 3583 1661 3656 sapienti
1719 3585 1808 3640 ira
1849 3585 1910 3642 in
1942 3584 2121 3642 totius

470 3671 702 3726 lsraelis
732 3670 1123 3728 commodum
1149 3671 1521 3729 interfecit“.
1548 3672 1640 3728 Sic
1659 3672 1748 3729 ira
1769 3673 2122 3747 plerumque

466 3761 771 3818 actionum
795 3761 1098 3819 bonarum
1127 3766 1219 3819 est
1237 3762 1531 3820 ministra.
1548 3763 1628 3835 (6)
1651 3762 1953 3820 Libentius
1977 3779 2122 3820 sane

465 3851 680 3908 viderit
706 3852 842 3924 quis
867 3851 1132 3908 amicum
1171 3851 1553 3915 irascentem,
1587 3868 1774 3925 quam
1813 3853 1999 3908 alium
2029 3869 2124 3908 co-

462 3941 705 3997 lentem.
756 3945 959 4013 Itaque
1013 3942 1126 3997 bos
1175 3943 1396 3997 imitari
1471 3942 1867 4013 studeamus,
1922 3959 2120 4015 neque

462 4035 674 4086 contra
696 4045 834 4101 nos,
887 4029 994 4086 sed
1037 4031 1324 4086 adversus
1369 4031 1684 4087 diabolum
1720 4036 1973 4100 tantum,
2006 4033 2121 4089 ira-

460 4119 750 4176 cundiam
776 4136 1106 4190 armemus,
1139 4121 1186 4175 si
1208 4120 1444 4176 cmleste
1469 4136 1726 4190 regnum
1751 4121 1996 4195 assequi
2019 4137 2119 4178 ve-

457 4208 663 4275 limus,
691 4209 752 4264 in
780 4209 1010 4266 Christo
1039 4213 1175 4265 Jesu
1229 4210 1484 4266 Domino
1528 4216 1757 4280 nostro,
1799 4210 1892 4265 cui
1925 4210 2118 4280 gloria

458 4301 516 4354 et
544 4301 833 4370 potestas,
861 4315 1000 4355 cum
1030 4303 1252 4355 teterno
1274 4299 1405 4369 ejus
1432 4299 1620 4370 Patre,
1643 4314 1711 4355 ac
1734 4299 2115 4356 sanctissimo

455 4388 919 4462 viviﬁcanteque
943 4390 1183 4463 Spiritu,
1214 4405 1376 4444 nunc
1407 4393 1464 4444 et
1507 4404 1766 4462 semper,
1801 4393 1858 4446 et
1896 4390 1957 4446 in
2005 4407 2115 4448 sae-

456 4477 592 4536 cula
623 4477 1008 4535 saeculorum.
1038 4483 1252 4536 Amen.

666 4605 778 4661 DE
803 4605 900 4662 IN
911 4605 1115 4662 VIDIA
1149 4605 1252 4659 ΕΤ
1271 4603 1496 4661 MALE
1509 4603 1894 4662 VOLENTIA

1053 4714 1279 4770 SERMO
1331 4711 1518 4768 XVIII.

528 4820 676 4892 1.(7)
698 4819 944 4878 Multum
973 4818 1149 4877 nobis
1183 4817 1603 4876 sollicitudinis
1633 4818 1822 4891 injicit
1854 4835 2111 4892 praesen~

519 5016 565 5052 ⁸¹
609 5017 784 5073 Num.
811 5030 953 5083 xxv,
988 5018 1041 5071 8.
1120 5016 1169 5052 5‘
1209 5016 1278 5071 lll
1310 5016 1450 5087 Reg.
1483 5031 1647 5085 xvm,
1679 5019 1768 5081 22,
1802 5017 1893 5074 40.

513 5230 590 5301 (1)
634 5230 714 5283 Ex
737 5227 912 5301 epist.
941 5243 1128 5293 ccxxx,
1153 5231 1277 5284 332.

539 5299 595 5371 2')
635 5303 717 5356 Ex
745 5299 921 5372 epist.
949 5315 1068 5372 ωε,
1105 5303 1222 5372 154.

538 5374 594 5440 3)
637 5373 722 5427 Ex
749 5371 917 5428 hom.
943 5371 1001 5426 in
1038 5371 1277 5438 Lacizis,
1307 5375 1429 5428 589.

516 5443 587 5513 (Et)
629 5446 711 5499 Ex
740 5444 907 5500 hom.
938 5443 1226 5499 adversus
1267 5444 1475 5510 iratos,
1506 5445 1590 5498 85.

519 5518 592 5586 (δ)
634 5515 806 5580 Ibid.,
837 5518 924 5570 89.

513 5590 591 5658 (6)
632 5588 713 5641 Ex
738 5586 914 5658 epist.
942 5601 1063 5653 xxi,
1085 5586 1175 5642 98.

513 5632 592 5727 ζῆ
631 5632 714 5712 ΕΞ
739 5632 914 5729 ἑῦἰὲἐξ
941 5632 1175 5725 Erg-iiii,
1195 5657 1318 5712 346.

2226 3230 2519 3299 ρομάστην.
2586 3225 2762 3288 Ἠλίας
2838 3222 2897 3278 δὲ
2971 3227 2996 3277 ὁ
3067 3224 3317 3294 ζηλωτὴς,
3385 3231 3694 3284 πεντήκοντα
3738 3227 3831 3273 καὶ

2228 3320 2600 3389 τετρακοσίους
2674 3313 2872 3388 ἄνδρας
2967 3317 3115 3388 ἱερεῖς
3194 3323 3286 3376 τῆς
3374 3315 3678 3386 αἰσχύνης,
3739 3316 3832 3363 καὶ

2229 3410 2596 3479 τετρακοσίους
2662 3401 2857 3478 ἄνδρας
2927 3407 3070 3479 ἱερεῖς
3131 3413 3230 3456 τῶν
3293 3403 3511 3470 οἶλσεων,
3573 3404 3845 3463 ἐσθίοντας

2229 3496 2489 3568 τράπεζαν
2537 3493 2781 3560 Ἰεζάϐελ,
2833 3493 3176 3566 λελογισμένῳ
3251 3495 3396 3565 θυμῳ
3461 3497 3548 3545 καὶ
3614 3497 3850 3564 σῶρρονι

2231 3589 2297 3647 εἰς
2349 3585 2522 3658 ὄφελος
2586 3587 2779 3644 παντὸς
2833 3590 2923 3635 τοῦ
2996 3582 3210 3658 Ἰσραὴλ
3275 3582 3618 3640 ἐθανάτωσεν,
3687 3581 3849 3634 Ούτω

2228 3681 2427 3745 γίνεται
2477 3674 2722 3735 πολλάκις
2749 3675 2773 3724 6
2804 3675 2964 3744 θυμὸς
3014 3673 3222 3744 ἀγαθῶν
3274 3673 3508 3746 πράξεων
3539 3675 3839 3744 ὑπηρέτης.

2227 3761 2414 3818 Ἦὸιον
2455 3771 2578 3835 γοῦν
2626 3764 2686 3815 ἄν
2734 3782 2810 3823 τις
2851 3759 2961 3814 ἲὸοι
2987 3761 3319 3835 ὀργιζόμενον
3355 3765 3442 3814 τὸν
3473 3760 3846 3833 ἀγαπώμενον,

2230 3856 2259 3914 ἦ
2314 3856 2661 3928 θεραπεύοντα
2711 3853 2899 3926 ἓτερον.
2955 3854 3180 3912 Τούτους
3236 3857 3324 3903 καὶ
3392 3853 3540 3923 ἡμεῖς
3597 3851 3852 3911 ζηλῶσαι

2232 3940 2634 4014 σπονδάσωμεν,
2697 3947 2786 3993 καὶ
2843 3945 2914 4013 μὴ
2976 3941 3095 3992 καθ’
3157 3942 3326 4012 ἡμῶν,
3397 3939 3526 3992 ἀλλὰ
3571 3942 3713 3992 κατά
3755 3949 3851 3993 τοῦ

2229 4029 2610 4100 ὃιαϐὀλουῌί)
2668 4034 2756 4082 τὸν
2797 4032 2958 4101 Θυμόν
3009 4029 3298 4102 ὁπλίξωμεν
3357 4033 3531 4101 μονον,
3584 4033 3724 4100 εἴγε
3755 4039 3851 4093 τῆς

2226 4129 2326 4174 τῶν
2393 4121 2621 4197 οὐρανῶν
2699 4119 2969 4193 βασιλείας
3035 4119 3302 4191 ἐπιτυχεῖν
3366 4118 3730 4192 βουλοίμεθα,
3805 4122 3852 4174 ἐν

2226 4219 2442 4286 Χριστῷ
2503 4211 2678 4267 Ἰησοῦ
2731 4218 2804 4279 τῷ
2859 4213 3032 4280 Κυρίῳ
3086 4210 3254 4280 ἡμῶν,
3394 4211 3424 4266 ἡ
3478 4205 3614 4270 δόξα
3663 4215 3852 4263 καὶτὸ

2224 4302 2432 4374 κράτος,
2503 4302 2596 4352 σὺν
2644 4306 2716 4368 τῷ
2775 4296 2990 4372 ἀνάρχῳ
3049 4301 3236 4370 Πατρὶ,
3301 4302 3392 4349 καὶ
3460 4305 3531 4367 τῷ
3596 4306 3852 4370 πανοιγίῳ

2225 4395 2314 4441 καὶ
2364 4389 2602 4458 ζωοποιῷ
2655 4389 2937 4459 Πνεύματι,
2985 4393 3071 4437 νῦν
3133 4391 3223 4438 καὶ
3276 4384 3376 4449 ἀεὶ,
3434 4391 3524 4438 καὶ
3587 4386 3663 4448 εἰς
3723 4394 3851 4451 τοὺς

2146 4500 2190 4552 D
2226 4475 2415 4541 αἰῶνας
2439 4486 2539 4530 τῶν
2571 4477 2788 4534 αἰώνων,
2821 4477 3006 4549 Ἀμήν,

2510 4608 2657 4656 ΠΕΡΙ
2701 4606 2968 4655 ΦΘΟΝΟΥ
3004 4606 3115 4654 ΚΑΙ
3153 4606 3545 4656 ΒΑΣΚΑΝΙΑΣ.

2846 4715 3058 4763 ΛΟΓΟΣ
3114 4710 3222 4767 ΙΙΓ.

2298 4825 2347 4877 1.
2391 4819 2590 4878 Πολλην
2627 4821 2752 4890 ἡμῖν
2795 4817 2999 4891 ἐμποιεῖ
3027 4821 3120 4876 τὴν
3162 4816 3308 4869 ἀνίαν
3337 4822 3429 4870 τοῦ
3467 4823 3844 4891 κατασχόντος

2289 5231 2368 5303 (8)
2410 5227 2663 5287 Ἐπιδεῖν.
2697 5229 2897 5286 Codex
2930 5229 3129 5303 Regis,
3161 5225 3417 5303 xartdsiv.

2290 5300 2368 5374 (9)
2409 5303 2980 5378 Ἀντιστρατευόμενον.
3022 5300 3190 5359 Idem
3220 5301 3436 5374 codex,
3470 5301 3845 5380 ἀντιπραγμα-

2216 5380 2483 5448 τευομενον
2492 5417 2504 5430 .

2285 5444 2396 5516 (10)
2438 5445 2700 5517 Ἕχωσιν.
2733 5444 2900 5501 Idem
2932 5444 3124 5501 codex
3156 5447 3394 5517 ἔχουσιν.

2287 5516 2710 5590 (lu/116.367.”.
2765 5517 2965 5572 Codex
3023 5516 3241 5586 Hegias
3295 5516 3484 5590 addit,
3536 5523 3732 5590 μόνου,
3780 5538 3850 5579 ac

2213 5594 2426 5662 postea
2452 5589 2669 5645 omittit
2697 5593 2870 5660 μόνον.
2905 5591 3033 5644 Non
3073 5591 3312 5660 reperta
3330 5589 3458 5644 haec
3486 5590 3691 5649 verba
3719 5598 3851 5648 τού-

2213 5681 2330 5723 τους
2355 5665 2444 5716 καὶ
2466 5663 2636 5734 ἡμεῖς,
2661 5665 2718 5718 et
2746 5676 2883 5735 qua
2913 5664 3269 5732 sequuntur.
