4084 6412
243 375 376 429 1337

1069 369 1295 426 SERMO
1337 370 1521 426 XVIII.
1571 398 1639 410 -
1681 369 1770 423 DE
1809 366 2075 423 INVIDIA
2113 367 2198 422 ET
2237 365 2787 424 MALEVOLENTIA.

3478 373 3615 429 1338

239 504 429 572 καιροῦ
469 498 655 548 τούτου
685 498 714 554 ἡ
745 494 1066 567 χαλεπότης,
1101 492 1148 545 ἐν
1180 491 1219 564 ᾧ
1260 500 1431 546 ποῖοάι
1489 497 1577 566 μὲν
1633 492 1844 549 Ἐκκλη-

1953 492 2029 546 tis
2061 492 2348 563 temporis
2396 492 2738 558 difﬁcultas,
2787 493 2849 549 in
2904 509 3026 566 quo
3076 495 3348 550 Ecclesiae
3394 511 3611 552 omnes

242 591 355 639 σίαι
430 585 826 653 ἐσαλεύθησαν,
888 589 1058 636 πᾶσαι
1135 579 1193 635 δε
1248 582 1427 654 ψυχαὶ
1497 582 1840 642 σινιάζονται.

266 676 483 737 Ηνοιξαν
510 677 608 750 γὰρ
656 677 842 736 πάντες
884 671 1110 745 ἀφειδῶς
1163 676 1229 725 τά
1279 678 1516 744 στόματα
1549 675 1683 724 κατὰ
1746 680 1842 723 τῶν

238 762 556 838 ὁμοδούλων.
612 764 860 816 Λαλεῖται
911 767 968 816 τό
1027 759 1225 834 ψεῦδος
1292 761 1514 834 ἀφόϐως,
1549 764 1576 819 ἡ
1632 762 1844 818 ἀλήθεια

241 853 664 926 συγκεκάλυπται
689 870 701 884 ·
741 857 830 904 καὶ
860 855 908 904 οἰ
938 855 1027 925 μὲν
1067 855 1508 925 κατηγορούμενοι
1556 847 1845 903 καταδικά-

243 947 425 1006 ζονται
487 940 729 1016 ἀκρίτως,
806 943 854 993 οὶ
915 938 972 994 δε

239 1031 616 1095 ἀνεξετάστως.
658 1035 758 1082 Καὶ
787 1030 942 1090 πολὺς
975 1027 1082 1088 ἤδη
1127 1032 1151 1082 ὁ
1209 1034 1395 1103 χρόνος
1422 1036 1762 1103 παρώχηκεν,
1795 1027 1842 1080 ἐν

1039 948 1451 1013 κατηγοροῦντες
1511 943 1843 992 πιστεύονται

238 1121 280 1190 ᾧ
305 1123 617 1192 τυπτόμενοι
659 1120 759 1171 ὑπὸ
784 1127 884 1170 τῶν
905 1115 1183 1187 διαϐολῶν,
1212 1123 1425 1191 φέρομεν
1447 1120 1538 1179 τὰς
1570 1125 1662 1178 τῆς
1683 1137 1843 1174 κατη·

236 1213 423 1284 γορίας
476 1209 762 1280 μάστιγας,
834 1206 1140 1281 ἀρκούμενοι
1179 1209 1258 1258 ὅτι
1311 1210 1497 1279 ἔχομεν
1532 1209 1717 1282 Κύριον
1756 1209 1842 1257 τόν

239 1305 340 1350 τῶν
401 1305 641 1372 κρυπτῶν
706 1301 945 1368 γνώστην
1016 1299 1257 1372 μάρτυρα
1313 1304 1406 1356 τῆς
1475 1300 1840 1367 συκοφαντίας.

239 1383 455 1445 Ἐπειδὴ
491 1384 550 1439 δὲ
570 1385 749 1439 πολλοὶ
781 1383 888 1444 ἤδη
921 1391 1014 1444 τὴν
1051 1391 1253 1444 σιωπὴν
1278 1388 1423 1458 ἡμῶν
1457 1386 1527 1446 εἰς
1558 1383 1842 1456 βεϐαίωσιν

238 1483 338 1528 τῶν
371 1473 626 1528 διαϐολῶν
665 1473 1036 1549 παρεδέξαντο,
1067 1481 1155 1528 καὶ
1208 1477 1266 1528 οὐ
1329 1473 1420 1528 δια
1476 1478 1840 1547 μακροθυμίαν

240 1564 486 1637 ἐνόμισαν
525 1567 661 1637 ἡμᾶς
704 1572 926 1635 σιωπᾴν,
961 1564 1088 1617 ἀλλα
1128 1562 1222 1617 ὃιά
1272 1570 1328 1617 τό
1381 1570 1451 1637 μὴ
1487 1569 1624 1636 ἔχειν
1659 1561 1842 1637 διᾶραι

245 1658 419 1726 στόμα
439 1658 570 1728 πρός
590 1659 683 1712 τὴν
715 1653 960 1712 ἀλήθειαν
981 1671 992 1684 '
1029 1657 1216 1706 τούτου
1246 1655 1406 1707 ἕνεκεν
1437 1653 1720 1728 παρακαλῶ
1746 1658 1838 1710 την

233 1741 284 1794 ἓν
313 1750 530 1816 Χριστῷ
564 1741 771 1814 ἀγάπην
802 1744 965 1814 ὑμῶν,
990 1746 1122 1795 ὥστε
1147 1745 1236 1803 τὰς
1266 1742 1318 1805 ἐξ
1350 1743 1458 1803 ἑνός
1487 1748 1671 1817 μέρους
1703 1762 1840 1812 γινο-

230 1835 384 1903 μένας
414 1827 664 1892 διαϐολὰς
686 1836 757 1903 μὴ
791 1831 996 1894 πάντως
1033 1830 1440 1906 παραδέχεσθαι
1480 1835 1546 1892 ως
1595 1829 1836 1890 ἀληθεῖς·
1870 1847 1908 1899 Β

232 1917 397 1988 διότι,
422 1923 591 1980 καθὼς
611 1924 926 1993 γέγραπται,
957 1916 1164 1972 Οὐδένα
1199 1926 1361 1994 κρίνει
1390 1922 1414 1971 ό
1444 1924 1616 1992 νόμος,
1649 1919 1731 1970 ἐὰν
1763 1924 1833 1992 μὴ

228 2017 434 2082 πρῶτον
458 2006 682 2080 ἀκούσῃ,
720 2013 809 2060 καὶ
847 2016 951 2080 γνῷ
991 2013 1043 2060 τί
1081 2017 1236 2064 ποιεῖ.
1269 2012 1401 2082 Πρός
1433 2005 1490 2061 δὲ
1521 2012 1586 2060 τα
1606 2008 1838 2082 προϐαλ-

226 2095 417 2168 λόμενα
445 2095 744 2168 ἐγκλήματα
793 2095 1053 2149 ἀπαιτεῖτε
1251 2100 1338 2158 τάς
1376 2098 1610 2157 εὐθύνας.
1657 2103 1756 2149 Καὶ
1797 2098 1838 2149 εἱ

230 2189 322 2258 μὲν
354 2187 534 2258 εὕρητε
563 2185 684 2258 παρ’
709 2187 834 2258 ἡμῖν
864 2191 955 2244 την
984 2185 1245 2255 ἀληθειαν,
1280 2192 1349 2260 μὴ
1387 2184 1519 2239 δῶτε
1553 2192 1736 2260 χώραν
1769 2196 1838 2258 τῶ

230 2274 418 2345 ψεύδει
440 2295 452 2307 ·
505 2273 588 2326 ἐὰν
623 2272 681 2327 δε
709 2274 1022 2327 ἀτονούντων
1054 2277 1200 2347 ἡμῶν
1239 2280 1370 2350 πρὸς
1420 2281 1514 2333 την
1556 2276 1837 2346 ἀπολογίαν

231 2364 517 2432 αἴσθησθε,
549 2370 662 2416 τότε
708 2368 1025 2417 πιστεύσατε
1076 2373 1181 2425 τοῖς
1236 2370 1546 2439 κατηγόροις
1595 2369 1739 2436 iuri»
1772 2368 1840 2425 ως

234 2452 574 2510 ἀληθεύουσι.
615 2457 690 2506 Τα
719 2457 819 2528 γαρ
863 2457 1101 2526 στόματα
1150 2454 1318 2506 αὐτῶν
1358 2454 1704 2526 ἐπισχεθῆναι
1749 2451 1841 2505 διὰ

235 2552 336 2596 τῶν
368 2545 625 2615 ἡμετέρων
666 2544 830 2615 λόγων
877 2542 1172 2616 ἀμήχανον.
1224 2544 1427 2597 Μᾶλλον
1467 2548 1556 2616 μὲν
1588 2541 1674 2596 οὖν
1708 2544 1841 2605 εἰκός

241 2636 334 2682 καὶ
366 2630 692 2704 ἐρεθίζεσθαι
719 2632 904 2692 αὐτοὺς
943 2632 1026 2684 ἐπὶ
1062 2641 1173 2692 ταῖς
1203 2632 1505 2702 ἀπολογίαις
1545 2634 1710 2702 ημῶν,
1754 2638 1843 2684 καὶ

236 2719 454 2790 μείζονα
489 2723 579 2769 καὶ
638 2718 980 2791 χαλεπώτερα
1035 2720 1152 2771 καθ’
1207 2722 1350 2790 ἡμῶν
1409 2721 1840 2787 κατασκευάζειν,

236 2812 327 2858 καὶ
379 2806 719 2876 στηλιτεύειν,
785 2813 874 2860 καὶ
935 2816 1264 2881 κατηγορεῖν.
1330 2814 1512 2860 Καίτοι
1561 2809 1843 2881 εὐγνώμονι

237 2903 388 2971 κριτῇ
426 2896 572 2970 ἀρκεῖ
603 2896 733 2948 αὐτὰ
762 2900 827 2948 τά
864 2899 1152 2971 πράγματα
1173 2901 1300 2969 πρὸς
1341 2901 1435 2954 την
1465 2905 1560 2958 τῆς
1599 2896 1842 2958 ἀληθείας

237 2988 546 3058 φανέρωσιν,
577 2990 687 3051 καὶ,
730 2983 824 3036 κᾶν
865 2987 1016 3058 ἡμεῖς
1058 2990 1430 3057 σιωπησωμεν,
1476 2985 1670 3046 ἔξεστιν
1720 2987 1842 3057 ὑμῖν

237 3071 522 3144 διαϐλέψαι
560 3078 685 3149 πρὸς
743 3078 808 3126 τα
845 3079 1106 3146 γινόμενα.
1178 3074 1436 3146 Αἰτοϋμαι
1481 3075 1558 3144 (1)
1627 3071 1685 3126 δε
1740 3079 1840 3147 πρὸ

234 3164 441 3216 πάντων
473 3165 628 3236 υμᾶς,
669 3165 790 3224 τούς
842 3184 897 3216 τε
933 3173 1022 3216 νῦν
1054 3163 1457 3236 ἀκουσομένους,
1491 3167 1578 3214 καὶ
1607 3167 1722 3224 τοὺς
1772 3165 1841 3225 εἰς
1873 3197 1912 3251 C

235 3253 452 3326 ὕστερον
480 3251 888 3325 ἐντευξομένους,
918 3258 988 3326 μὴ
1022 3261 1095 3324 τῷ
1135 3253 1321 3312 πλήθει
1353 3249 1637 3325 διακρίνειν
1659 3252 1841 3305 ἐθέλειν

235 3349 328 3401 τῆς
358 3340 605 3404 ἀληθείας
642 3345 701 3394 τό
749 3339 966 3412 ψεῦδος,
997 3351 1057 3414 τῇ
1104 3342 1298 3394 πλείονι
1337 3347 1496 3414 μοίρα
1526 3345 1583 3394 τὸ
1614 3349 1842 3414 κρεῖττον

241 3430 603 3500 συνάψαντας·
648 3436 780 3503 μήτε
818 3436 921 3503 μὴν
964 3430 1228 3503 ἀξιώμασι
1267 3435 1645 3502 προσέχοντας,
1678 3429 1842 3503 ἀμαυ-

237 3520 465 3593 ροῦσθαι
503 3523 597 3577 τὴν
625 3516 881 3586 διάνοιαν,
927 3520 956 3578 ἦ
990 3528 1050 3591 τῇ
1087 3520 1231 3582 τάξει
1269 3528 1368 3571 τῶν
1397 3519 1753 3593 προλαϐόντων
1784 3524 1843 3572 τό

237 3607 388 3660 πλέον
437 3612 701 3680 νέμοντας,
738 3607 1083 3681 ἀποφράττειν
1116 3611 1207 3669 τας
1246 3607 1401 3668 ἀκοὰς
1439 3616 1546 3670 τοῖς
1587 3610 1843 3682 ὑστέροις.

238 3704 324 3750 Δεῖ
358 3700 460 3772 γὰρ
501 3701 586 3750 τόν
620 3697 881 3773 ἀκροατὴν
907 3702 1000 3756 τὴν
1032 3698 1204 3770 ἑτέραν
1255 3706 1355 3749 τῶν
1391 3696 1558 3749 ἀκοῶν
1597 3697 1842 3772 ἀκεραίαν

237 3787 520 3860 φυλάσσειν
551 3797 622 3858 τῷ
648 3794 719 3861 μὴ
753 3792 991 3860 παρόντι,
1012 3791 1068 3840 τό
1092 3797 1184 3841 τοῦ
1208 3785 1548 3861 Ἀλεξάνδρου
1572 3797 1840 3844 ποιοῦντα.

240 3883 340 3930 Καὶ
376 3881 477 3952 γὰρ
507 3877 692 3930 ἐκεῖνόν
725 3898 873 3951 φασι,
910 3876 1318 3951 διαϐαλλομένου
1358 3882 1492 3940 τινὸς
1533 3888 1631 3931 τῶν
1687 3883 1843 3936 συνη-

237 3968 357 4038 θων,
392 3971 486 4026 τὴν
525 3971 616 4040 μὲν
676 3968 852 4042 ἑτέραν
892 3976 991 4019 τῶν
1059 3966 1225 4020 ἀκοῶν
1285 3966 1478 4018 ἀνεῖναι
1507 3975 1580 4038 τῷ
1620 3964 1840 4018 διαϐάλ-

232 4057 394 4124 λοντι,
436 4063 529 4115 την
599 4054 657 4109 δὲ
708 4056 877 4131 ἑτέραν
937 4056 1185 4130 ἐπιμελῶς
1239 4055 1624 4130 ἐπιφράξασθαι
1775 4064 1836 4114 τῆ

231 4153 401 4220 χειρὶ,
433 4143 835 4218 ἐνδεικνύμενον,
878 4147 958 4198 ὅτι
999 4143 1111 4198 δέοι
1161 4149 1248 4197 τόν
1301 4145 1463 4218 ὀρθῶς
1509 4151 1698 4221 κρίνειν
1725 4144 1841 4216 μέλ-

229 4237 405 4303 λοντα,
438 4240 508 4308 μὴ
551 4235 663 4288 ὅλον
688 4236 838 4296 εὐθὺς
859 4242 965 4296 τοῖς
990 4235 1345 4308 προλαϐοῦσιν
1375 4233 1692 4306 ἀπάγεσθαι,
1714 4234 1841 4286 ἀλλά

230 4329 287 4378 τό
317 4327 483 4397 ἣμισυ
510 4334 606 4386 τῆς
629 4324 929 4398 ἀκροάσεως
961 4323 1198 4400 ἀκέραιον
1241 4321 1523 4388 διασώζειν
1555 4329 1684 4399 πρὸς
1715 4323 1837 4378 ἀπο-

230 4414 408 4484 λογίαν
438 4423 509 4484 τῶ
548 4419 618 4485 μή
662 4419 910 4486 παρόντι.

303 4505 356 4556 2.
403 4505 500 4554 Καὶ
555 4504 653 4574 γὰρ
703 4505 968 4573 πεφύκασί
1035 4522 1140 4562 πως
1201 4509 1316 4563 ταῖς
1365 4502 1610 4574 μεγάλαις
1673 4500 1834 4555 ὃννα-
1867 4544 1910 4597 D

238 4595 428 4651 στείαις
461 4592 514 4642 αἱ
571 4589 887 4663 ἀνελεύθεροι
933 4591 1087 4641 αὗται
1130 4593 1498 4663 παραγύεσθαι
1539 4594 1832 4666 θεραπεῖαι·

234 4679 305 4748 οἳ,
341 4677 433 4733 δια
471 4685 528 4733 τὸ
578 4678 786 4754 ἀπορεῖν
828 4680 1020 4732 οἰκείου
1071 4678 1275 4750 ἀγαθοῦ
1334 4676 1406 4730 δι’
1445 4681 1503 4731 οὗ
1533 4683 1836 4754 γνωρισθῶ-

236 4789 340 4837 σιν,
410 4769 465 4822 ἐκ
527 4778 626 4822 τῶν
685 4768 964 4843 ἀλλοτρίων
1008 4777 1178 4820 κακῶν
1239 4768 1448 4829 ἑαυτοὺς
1525 4777 1834 4824 σννιστῶσι.

237 4864 337 4914 Καὶ
365 4862 538 4935 ὥσπερ
573 4861 621 4912 οἱ
663 4866 826 4931 γῦπες
872 4861 1005 4933 πρὸς
1055 4861 1118 4912 τα
1150 4853 1372 4916 δυσώδη
1417 4861 1673 4930 φέρονται,
1707 4857 1836 4910 πολ-

305 5093 353 5130 ⁵³
373 5095 544 5150 Joan.
577 5106 668 5160 vn,
701 5095 788 5148 5L

301 5326 688 5399 (1)Αἱτοϋμαι.
723 5323 1095 5399 Totu_s__hic_
1125 5323 1294 5379 locus
1341 5337 1535 5399 usque
1595 5321 1671 5378 ad
1732 5327 1838 5383 τοῖς

231 5395 471 5478 ὑστέροις
500 5395 630 5478 non
653 5399 709 5478 S_.
744 5396 1100 5478 Basilii,_sed
1137 5395 1435 5478 Eunomii.

300 5466 377 5542 (2)
407 5468 828 5544 Ἐπιφρᾷσξαθαι
859 5468 1074 5544 Regius
1095 5467 1305 5536 codex,
1331 5466 1718 5540 ἐμφράξασθαι,
1753 5496 1756 5500 ι

303 5521 379 5609 iii
412 5521 492 5597 Et:
513 5521 698 5614 ἐρίειῖ
719 5521 1102 5609 xxxviiii“.

305 5614 385 5679 (4)
424 5613 599 5679 lbid.,
626 5615 750 5670 349.

493 5616 599 5680 id.,
626 5616 750 5670 349.

305 5616 362 5679 (4
424 5614 567 5670 lbid.

305 5614 385 5755 (es)
420 5683 567 5741 Ibid.

1953 588 2273 637 commotae
2301 585 2458 648 sunt,
2489 588 2544 638 et
2584 599 2795 638 omnes
2822 584 3040 638 animae
3072 585 3430 642 cribrantur.
3462 590 3615 657 Ape—

1951 677 2200 727 ruerunt
2227 672 2387 728 enim
2419 689 2631 728 omnes
2657 673 2980 729 immodice
3013 690 3119 730 ora
3163 691 3276 730 sua
3319 675 3612 730 adversus

1953 776 2300 817 conservos.
2334 762 2696 818 Praedicatur
2723 763 2907 818 libere
2950 765 3363 832 mendacium,
3395 765 3612 820 veritas

1953 849 2364 907 absconditur.
2420 854 2486 908 Et
2532 853 2801 907 accusati
2847 853 3097 924 quidem
3133 856 3616 910 condemnamur

1954 940 2083 995 sine
2109 939 2360 1010 judicio,
2396 941 2852 996 accusatoribus
2877 957 3018 997 vero
3044 943 3304 997 creditur
3324 943 3449 997 sine
3475 959 3614 999 exa-

1952 1029 2139 1085 mine.
2179 1032 2257 1099 (3)
2301 1030 2436 1084 Jam
2467 1030 2629 1084 enim
2659 1030 2913 1100 longum
2948 1035 3188 1102 tempus
3229 1036 3340 1100 est,
3373 1048 3442 1086 ex
3490 1048 3613 1104 quo

1951 1117 2298 1173 verberatus
2353 1118 2689 1189 calumniis,
2733 1120 2974 1188 ﬂagella
3033 1121 3432 1176 accusationis
3479 1137 3611 1192 per-

1949 1205 2111 1271 fero;
2148 1213 2464 1262 contentus
2492 1208 2659 1279 quod
2682 1209 3028 1279 Dominum,
3052 1210 3151 1281 qui
3173 1226 3397 1265 arcana
3427 1210 3611 1279 novit,

1951 1295 2268 1350 calumniae
2305 1300 2515 1351 testem
2557 1296 2840 1352 habeam.
2877 1298 2991 1353 Sed
3018 1298 3162 1370 quia
3187 1299 3354 1353 inulti
3380 1300 3506 1369 jam
3538 1299 3612 1353 si-

1948 1385 2196 1440 lentium
2224 1389 2498 1440 nostrum
2525 1385 2601 1442 ad
2621 1387 3063 1442 calumniarum
3087 1389 3610 1444 confirmationem

1951 1478 2333 1545 acceperunt,
2357 1490 2467 1529 nec
2495 1490 2605 1529 nos
2627 1476 2917 1547 patientia
2949 1476 3294 1532 existimant
3317 1477 3611 1532 adductos

1951 1563 2142 1628 silere,
2181 1562 2286 1617 sed
2308 1563 2473 1634 quod
2505 1569 2712 1619 contra
2735 1564 3045 1619 veritatem
3074 1565 3296 1620 hiscere
3325 1581 3445 1621 non
3477 1582 3613 1637 pos-

1951 1653 2183 1707 simus:
2218 1651 2444 1707 idcirco
2493 1652 2748 1708 obsecro
2802 1658 3065 1709 vestram
3114 1654 3175 1708 in
3235 1653 3469 1709 Christo
3519 1654 3608 1709 di-

1948 1741 2284 1809 lectionem,
2313 1746 2376 1796 ut
2405 1744 2798 1798 concinnatas
2824 1743 2902 1798 ab
2925 1759 3044 1798 una
3074 1749 3242 1815 parte
3274 1744 3611 1799 calumnias

1948 1845 2068 1886 non
2092 1831 2342 1886 omnino
2374 1831 2704 1886 admittatis
2727 1836 2790 1888 ut
2820 1849 2994 1887 veras
3034 1850 3045 1887 :
3081 1832 3607 1905 quandoquidem,

1947 1923 2014 1974 ut
2043 1920 2334 1991 scriptum
2367 1923 2471 1985 est,
2503 1921 2815 1975 Neminem
2860 1923 2960 1976 (ea:
2988 1923 3252 1990 judz’cat,
3281 1924 3401 1977 nisi
3437 1923 3610 1992 prius

1948 2011 2251 2070 audiat,et
2284 2017 2599 2080 cognoscat
2628 2011 2773 2080 quid
2801 2013 3011 2080 fecerit
3031 2012 3193 2082 53(1)
3224 2012 3608 2082 Objectorum

1947 2099 2121 2154 nobis
2154 2099 2472 2154 criminum
2504 2099 2798 2154 rationem
2861 2117 2895 2156 a
2952 2101 3128 2156 nobis
3176 2101 3497 2172 postulate.
3529 2106 3610 2156 Ac

1946 2188 2254 2244 veritatem
2315 2189 2560 2260 quidem
2626 2190 2672 2242 si
2723 2189 2887 2260 apud
2954 2206 3066 2245 nos
3118 2191 3479 2261 inveneritis,
3534 2206 3610 2246 ne

1949 2276 2099 2332 detis
2131 2277 2329 2331 locum
2361 2277 2680 2332 mendacio
2716 2296 2727 2332 :
2765 2279 2854 2332 sin
2913 2284 3112 2334 autem
3164 2295 3276 2334 nos
3323 2280 3499 2351 568
3531 2280 3609 2335 ad

1949 2364 2364 2419 defensionem
2395 2365 2668 2420 inﬁrmos
2701 2367 3025 2433 senseritis,
3078 2372 3216 2422 tunc
3259 2368 3476 2422 credite
3507 2383 3608 2422 ac-

1949 2452 2329 2508 cusatoribus
2369 2453 2610 2516 nostris,
2645 2459 2709 2510 ut
2759 2469 2904 2509 vera
2961 2454 3317 2509 dicentibus.
3355 2456 3430 2523 (ii)
3461 2456 3609 2511 Nam

1950 2557 2056 2597 ora
2105 2541 2346 2596 illorum
2413 2541 2732 2613 comprimi
2791 2543 3177 2597 sermonibus
3227 2543 3448 2598 nostris
3488 2559 3610 2599 non

1950 2633 2225 2702 possunt,
2257 2630 2381 2684 imo
2414 2631 2729 2685 verisimile
2762 2636 2871 2700 est,
2924 2631 3055 2686 illos
3102 2631 3281 2687 etiam
3311 2631 3614 2686 defensio-

1948 2718 2130 2772 nibus
2161 2719 2379 2772 nostris
2409 2717 2643 2782 irritari,
2679 2724 2735 2773 et
2756 2719 2990 2788 majora
3016 2735 3086 2774 ac
3108 2719 3386 2786 graviora
3417 2719 3476 2774 in
3502 2735 3612 2774 nos

1949 2805 2300 2876 machinari,
2337 2806 2661 2860 conviciari
2703 2811 2760 2861 et
2801 2806 3098 2861 incusare.
3146 2807 3217 2877 (6)
3248 2809 3612 2878 Quanquam

1951 2911 2126 2966 aequo
2155 2894 2403 2967 quidem
2430 2895 2621 2965 judiei
2651 2911 2745 2950 res
2782 2895 2927 2966 ipsae
2973 2895 3276 2951 sufficiunt
3308 2896 3384 2950 ad
3412 2895 3612 2952 decla-

1948 2985 2208 3040 randam
2235 2983 2543 3039 veritatem
2579 3001 2590 3038 :
2626 2989 2806 3055 atque
2851 2984 3085 3039 etiamsi
3125 3001 3236 3040 nos
3276 2990 3610 3053 taceamus,

1948 3074 2083 3130 licet
2125 3072 2294 3128 vobis
2333 3072 2628 3144 respicere
2681 3073 2761 3128 ad
2813 3088 2886 3128 ea
2941 3090 3077 3144 quae
3119 3074 3291 3130 ﬁunt.
3338 3078 3415 3144 (7)
3466 3079 3610 3128 Ante

1952 3162 2158 3219 omnia
2182 3165 2384 3217 autem
2414 3177 2703 3231 rogamus
2731 3177 2863 3227 vos,
2897 3162 3000 3232 qui
3049 3167 3106 3217 et
3143 3178 3303 3217 nunc
3349 3161 3609 3217 audituri

1953 3252 2116 3321 estis,
2148 3257 2202 3305 et
2227 3251 2617 3322 postmodum
2647 3250 2874 3318 lecturi,
2904 3255 2966 3306 ut
2994 3266 3067 3304 ne
3099 3250 3284 3306 velitis
3313 3267 3384 3306 ex
3411 3251 3607 3305 multi-

1951 3341 2158 3397 tudine
2188 3355 2398 3396 verum
2429 3356 2463 3394 a
2488 3339 2638 3395 falso
2673 3339 3030 3403 discernere,
3061 3340 3212 3410 parti
3263 3339 3480 3409 majori
3511 3339 3609 3394 tri-

1951 3431 2098 3486 buta
2126 3429 2368 3502 palma;
2415 3444 2612 3502 neque
2665 3433 2863 3484 mente
2912 3429 3206 3497 crncutire,
3249 3429 3610 3499 dignitatum

1951 3519 2162 3575 habita
2185 3519 2455 3586 ratione;
2492 3534 2688 3590 neque
2729 3534 2902 3573 aures
2934 3518 3215 3573 obturare
3267 3517 3612 3589 posteriori-

1951 3610 2089 3679 bus,
2123 3609 2394 3682 priorum
2416 3609 2646 3680 agmini
2672 3624 2962 3664 concessa
2984 3609 3251 3662 victoria.
3273 3609 3349 3679 (8)
3373 3610 3613 3679 Oportet

1953 3700 2112 3756 enim
2147 3705 2211 3755 ut
2269 3699 2508 3755 auditor
2563 3699 2814 3754 alteram
2868 3713 3076 3752 aurem
3127 3702 3318 3752 servet
3355 3697 3608 3763 absenti,

1952 3789 2238 3860 idemque
2269 3787 2447 3842 faciat
2476 3787 2643 3859 quod
2676 3786 3032 3841 Alexander.
3067 3789 3214 3840 Nam
3248 3790 3304 3840 et
3333 3785 3502 3840 illum
3533 3786 3612 3839 fe-

1949 3882 2110 3941 runt,
2133 3893 2274 3932 cum
2301 3876 2553 3948 quidam
2576 3891 2642 3930 ex
2671 3874 3070 3930 familiaribus
3101 3873 3406 3929 calumnia
3432 3889 3614 3945 appe-

1952 3971 2192 4033 teretur,
2225 3965 2462 4021 aurium
2516 3964 2764 4036 quidem
2797 3963 3046 4018 alteram
3089 3964 3422 4018 accusatori
3459 3977 3612 4034 prae-

1951 4055 2174 4123 buisse,
2208 4054 2459 4110 alteram
2491 4069 2634 4109 vero
2668 4053 2982 4121 diligenter
3014 4068 3201 4106 manu
3251 4051 3608 4118 occlusisse;

1951 4144 2466 4201 demonstrantem
2502 4147 2776 4214 oportere
2803 4146 2868 4196 ut
2897 4141 3000 4214 qui
3040 4145 3198 4197 recte
3231 4140 3612 4211 judicaturus

1953 4241 2062 4304 est,
2094 4249 2216 4289 non
2265 4237 2424 4288 totus
2458 4232 2656 4287 statim
2689 4248 2723 4286 a
2755 4231 3319 4303 praaoccupantibus
3347 4230 3613 4284 abduca-

1951 4328 2065 4391 tur,
2097 4323 2199 4378 sed
2233 4321 2552 4378 dimidium
2586 4320 2828 4377 auditus
2857 4320 3160 4391 integrum
3201 4318 3279 4374 ad
3314 4318 3612 4374 defensio-

1950 4428 2091 4469 nem
2123 4415 2318 4468 servet
2359 4410 2613 4466 absenti.

2023 4505 2076 4555 2.
2117 4501 2195 4569 (9)
2227 4499 2427 4556 Solent
2479 4499 2639 4572 enim
2680 4496 3140 4570 quodammodo
3173 4495 3412 4565 magnis
3444 4499 3612 4567 pote-

1954 4589 2208 4645 statibus
2235 4588 2552 4643 illiberales
2578 4587 2878 4658 ejusmodi
2901 4589 3093 4642 cultus
3115 4585 3456 4640 adhaerere:
3484 4585 3612 4656 qui-

1951 4678 2066 4733 bus
2097 4693 2235 4733 cum
2267 4677 2422 4732 desit
2452 4677 2684 4732 bonum
2707 4677 3020 4748 proprium
3054 4673 3214 4729 unde
3243 4689 3614 4743 cognoscan-

1953 4772 2065 4836 tur,
2082 4783 2211 4821 sese
2226 4783 2297 4823 ex
2316 4767 2523 4822 alienis
2543 4765 2716 4821 malis
2730 4764 3182 4821 commendant.
3199 4765 3310 4834 (10)
3328 4766 3390 4819 Et
3405 4778 3612 4836 quem-

1951 4856 2288 4914 admodum
2355 4855 2620 4912 vultures
2660 4858 2834 4926 prata
2870 4852 3062 4910 multa
3109 4853 3419 4925 multaque
3477 4851 3614 4911 loca

2084 5321 2098 5387 )
2136 5318 2311 5385 lbid.,
2343 5321 2463 5375 346.

2087 5396 2100 5458 )
2133 5394 2213 5446 Ex
2243 5390 2348 5445 lib.
2377 5409 2389 5444 ι
2422 5389 2710 5444 adversus
2741 5389 3022 5457 Eunom,
3046 5389 3172 5443 210.

2081 5465 2097 5533 )
2131 5465 2210 5517 lix
2241 5461 2410 5534 epist.
2436 5476 2583 5524 XCIV,
2623 5464 2741 5515 188.

2047 5539 2101 5603 9)
2135 5537 2215 5588 Ex
2245 5533 2418 5603 epist.
2443 5547 2680 5599 cemxn,
2713 5535 2837 5587 418.

2057 5607 2136 5676 10)
2170 5609 2250 5660 lix
2278 5605 2448 5663 hom.
2486 5606 2564 5659 De
2596 5605 2853 5672 invidia,
2878 5605 2965 5658 95.
