4084 6382
530 321 668 378 1339

1493 313 1858 374 APPENDIX.
1897 345 1966 356 —
2005 312 2350 372 SYMEONIS
2387 311 2910 370 ΜΕΤΑΡΗΒΑΞΤᾸΞ

3752 316 3882 372 1340

527 457 771 502 amoena
816 444 874 500 et
920 443 1176 500 odorata
1217 440 1726 515 praetervolantes,
1780 442 2049 499 feruntur
2093 440 2164 498 ad

2282 437 2401 500 λοὺς
2431 439 2522 510 μὶν
2551 436 2826 510 λειμῶνας,
2875 435 3099 498 πολλοὺς
3152 434 3212 491 δὲ
3252 435 3395 500 ἡδεῖς
3431 440 3529 492 παὶ
3565 436 3776 501 εὐώδεις
3804 443 3883 494 τό.

527 533 955 603 graveolentia,
997 536 1054 588 et
1077 531 1600 604 quemadmodum
1631 548 1858 588 muscae
1884 530 2047 603 quod
2078 545 2175 586 sa-

526 637 675 679 num
707 626 795 678 est
842 624 1287 694 praetereuntes,
1319 620 1399 676 ad
1448 620 1648 677 ulcera
1691 625 2062 694 properant:
2093 618 2176 674 ita

527 711 716 768 invidi
737 712 874 767 vitae
901 710 1286 783 splendorem
1316 714 1373 765 et
1414 714 1572 766 recte
1609 710 1906 766 factorum
1936 708 2173 778 magni-

529 800 801 857 tudinem
838 815 914 856 ne
966 799 1265 872 aspiciunt
1301 798 1570 870 quidem,
1599 799 1706 854 sed
1727 800 1789 854 in
1819 797 2092 854 marcida
2119 800 2177 854 et

527 889 770 961 putrida
788 890 1044 944 irruunt.
1076 891 1174 943 Est
1215 887 1394 958 igitur
1429 903 1624 960 operte
1663 887 1920 959 pretium
1977 891 2041 942 ut
2069 885 2175 958 qui

527 981 685 1036 recte
733 977 994 1050 sapiunt,
1053 976 1215 1032 idem
1259 975 1427 1048 quod
1482 975 1822 1032 Alexander
1863 975 2168 1032 factitent:

528 1066 606 1138 (1)
636 1065 900 1138 quicum
931 1064 1246 1137 epistolam
1272 1069 1482 1120 contra
1510 1065 1815 1120 medicum
1835 1069 1900 1120 ut
1922 1062 2176 1120 insidia-

526 1160 715 1210 torem
741 1154 1091 1226 accepisset,
1113 1157 1294 1225 atque
1320 1153 1436 1209 hoc
1456 1152 1592 1225 ipso
1617 1157 1886 1226 tempore
1912 1151 2174 1207 medica-

524 1247 796 1299 mentum
823 1242 903 1298 ad
931 1241 1263 1298 bibendum
1296 1247 1577 1311 sumeret,
1605 1245 1842 1297 tantum
1887 1240 2080 1296 abfuit
2108 1244 2173 1296 ut

523 1330 707 1388 ﬁdem
730 1331 1042 1388 adhiberet
1072 1330 1480 1398 calumnianti,
1511 1335 1574 1386 ut
1612 1330 1789 1386 simul
1809 1329 2031 1402 legeret
2053 1329 2172 1401 epi-

526 1419 766 1489 stolam,
800 1424 857 1476 et
877 1420 1185 1492 potionem
1214 1419 1462 1474 biberet.
1496 1420 1575 1488 (2)
1620 1421 1685 1474 Et
1725 1419 1828 1491 qui
1874 1417 1936 1474 in
1976 1417 2173 1490 proxi-

523 1523 695 1565 mum
724 1508 1062 1564 calumnias
1087 1508 1425 1575 effundunt,
1452 1523 1659 1564 eorum
1690 1523 1828 1580 quae
1859 1507 2067 1563 dicunt
2083 1523 2172 1564 ar-

523 1602 815 1666 gumenta
840 1612 966 1654 non
1013 1596 1405 1668 proferentes,
1437 1597 1880 1668 comperientur
1917 1596 2028 1651 sibi
2057 1597 2173 1669 ipsi

521 1700 748 1742 nomen
776 1701 1037 1758 pravum
1063 1686 1354 1741 asciscere
1392 1701 1466 1740 ex
1493 1685 1798 1754 illegitiino
1843 1685 2171 1742 verborum

2281 546 2413 586 πους
2452 527 2852 598 ὐπεριπτάμενοι
2879 540 2892 553 ·
2930 531 3020 578 καὶ
3054 529 3109 578 αἱ
3139 533 3292 598 μυῖαι
3321 530 3379 579 τὸ
3411 529 3501 599 μὲν
3538 529 3772 598 ὑγιαῖνον
3794 549 3882 581 παι

2280 619 2626 690 ρατρέχουσι,
2659 617 2790 689 πρός
2829 611 2888 667 δὲ
2925 617 2985 666 τὸ
3025 614 3169 677 ἕλκος
3196 615 3522 687 ἐπείγονται·
3552 617 3685 668 οὕτω
3709 622 3802 670 καὶ
3836 623 3880 672 οἱ

2285 703 2566 777 βάσκανοι,
2633 705 2725 763 τὰς
2781 705 2870 776 μὲν
2933 710 3026 756 τοῦ
3083 702 3206 776 βίου
3269 705 3642 778 λαμπρότητας
3691 710 3882 760 καὶτὰ

2281 795 2470 865 μεγέθη
2503 801 2600 844 τῶν
2637 793 3063 866 κατορθουμένων
3104 789 3229 845 οὐδὲ
3258 793 3669 866 προσϐλέπουσι,
3697 803 3804 856 τοῖς
3829 793 3880 850 δὲ

2285 884 2502 955 σαθροῖς
2531 880 2864 936 ἐπιτίθενται.
2896 885 3030 941 Τοὺς
3053 878 3141 933 οὖν
3182 881 3314 955 ὀρθὰ
3362 890 3680 955 φρανοῦντας
3707 887 3768 937 τό
3797 893 3881 937 τοῦ

2283 967 2625 1045 Ἀλεξάνδρου
2674 977 2839 1023 ποιεῖν
2879 975 3131 1042 προσήκει
3155 985 3168 1000 ⁸
3211 970 3266 1034 ὃς
3305 969 3584 1030 ἐπιστολὴν
3621 976 3761 1025 κατὰ
3797 981 3880 1026 τοῦ

2283 1059 2463 1134 ἰατροῦ
2517 1056 2793 1130 δεξάμενος
2837 1061 2901 1120 ὡς
2932 1058 3370 1127 ἐπιϐουλεύοντος,
3414 1058 3597 1119 ἐπειδὴ
3628 1064 3814 1133 ἔτυχεν
3838 1063 3881 1114 ἐν

2280 1149 2418 1219 αὐτῷ
2457 1155 2719 1221 τῶ,καιρῷ
2750 1150 3019 1223 φάρμακον
3071 1147 3241 1200 λαϐὼν
3280 1152 3415 1202 ὥστε
3440 1156 3598 1217 πιεῖν,
3637 1160 3881 1204 τοσοῦτον

2281 1237 2486 1308 ἀπέσχε
2545 1244 2830 1289 πιστεῦσαι
2874 1245 2946 1307 τῷ
2998 1233 3348 1306 διαϐάλλοντι,
3408 1239 3478 1300 ὡς
3524 1240 3655 1310 ὁμοῦ
3703 1258 3760 1292 τε
3795 1245 3881 1298 την

2280 1325 2558 1384 ἐπιστολὴν
2605 1324 2932 1396 ἀνεγίνωσκε,
2992 1330 3082 1378 καὶ
3139 1329 3197 1378 τὸ
3251 1327 3524 1400 φάρμακον
3580 1330 3774 1384 ἔπινεν.
3821 1330 3881 1381 Oi

2277 1419 2446 1468 τοίνυν
2487 1422 2557 1485 τῷ
2587 1413 2806 1471 πλησίον
2845 1418 3188 1485 καταχέοντες
3226 1412 3518 1490 λοιδορίας,
3563 1418 3652 1467 τὸν
3693 1413 3755 1469 δὲ
3791 1425 3880 1468 τῶν

2279 1503 2560 1576 λεγομένων
2591 1502 2804 1574 ἔλεγχον
2843 1507 2915 1574 μὴ
2957 1501 3250 1574 ἐπάγοντες,
3304 1509 3625 1576 φανήσονται
3682 1508 3880 1567 πάντως

2279 1595 2508 1668 πονηρὰν
2550 1591 2750 1652 ἑαυτοῖς
2786 1598 3148 1666 προσηγορίαν
3188 1592 3538 1665 ἐπενεγκόντες
3567 1593 3622 1646 ἐκ
3653 1602 3747 1656 τῆς
3768 1594 3882 1647 ἀτό-

2281 1701 2380 1734 που
2421 1689 2519 1732 τῶν
2558 1679 2720 1752 λόγων
2768 1685 3039 1752 χρήσεως.
3083 1684 3182 1733 Τὸν
3229 1683 3332 1756 γὰρ
3393 1679 3747 1735 διαϐάλλοντα
3782 1693 3882 1746 πῶς

523 1789 660 1830 usu.
693 1775 1171 1831 Calumniantem
1201 1774 1361 1830 enim
1385 1774 1696 1846 quomodo
1716 1789 1930 1830 vocare
1959 1791 2164 1832 conve-

2280 1770 2446 1831 ῶ.λως
2506 1777 2768 1841 προσῆκεν
2814 1768 3107 1841 ὀνομάζειν,
3148 1770 3178 1828 ἦ
3231 1770 3360 1842 οὐχὶ
3401 1771 3461 1829 ἦν
3513 1771 3564 1833 ἐξ
3614 1771 3884 1825 αὐτοῦτοῦ

523 1863 630 1930 nit,
661 1864 776 1919 nisi
806 1864 860 1919 ei
881 1879 1242 1933 cognomen,
1268 1865 1434 1936 quod
1463 1880 1531 1919 ex
1569 1863 1702 1935 ipsa
1744 1880 1810 1919 re
1837 1864 2170 1936 proﬁtetur,

522 1951 936 2024 imponendo?
965 1956 1167 2025 Neque
1205 1953 1384 2022 igitur
1429 1952 1480 2008 is
1517 1953 1622 2024 qui
1664 1951 1841 2008 nobis
1874 1954 2172 2012 convicia-

525 2047 638 2107 tur,
665 2042 944 2098 diabolus
967 2043 1057 2113 sit,
1091 2043 1198 2098 sed
1220 2044 1400 2099 frater
1437 2044 1532 2114 sit,
1566 2043 1905 2100 admonens
1932 2043 1994 2099 in
2032 2043 2172 2100 cha-

519 2130 710 2198 ritate,
743 2135 802 2188 et
827 2131 906 2187 ad
950 2131 1434 2188 emendationem
1482 2148 1775 2204 arguens;
1831 2147 2027 2205 neque
2067 2149 2171 2188 vos

519 2220 928 2278 conviciorum
986 2221 1291 2278 auditores
1329 2222 1479 2288 sitis,
1519 2223 1625 2277 sed
1673 2227 2169 2292 argumentorum

513 2308 749 2379 judices
778 2325 790 2363 :
824 2324 1020 2380 neque
1049 2309 1113 2371 ii,
1133 2309 1358 2380 quibus
1383 2308 1781 2380 maledicitur,
1804 2310 2057 2366 incurati
2083 2325 2170 2366 re-

515 2396 887 2469 linquantur,
921 2415 1031 2453 suo
1060 2398 1174 2454 illis
1206 2414 1329 2453 non
1360 2399 1626 2455 indicato
1656 2399 1892 2455 delicto.
1915 2403 1988 2470 (3)
2018 2404 2166 2456 Nam

517 2489 576 2540 et
617 2486 871 2542 convicti
900 2493 1215 2559 peccatum
1249 2503 1429 2543 suum
1481 2493 1849 2557 agnoscent:
1877 2483 1946 2545 et
1967 2490 2164 2558 vobis,

515 2578 842 2646 postquam
882 2575 1138 2630 convicti
1167 2575 1405 2642 fuerint,
1433 2577 1611 2632 venia
1637 2577 1745 2632 erit
1775 2579 1941 2649 apud
1972 2578 2166 2634 Domi-

514 2677 686 2728 num,
717 2662 883 2735 quod
913 2679 1020 2718 vos
1049 2679 1121 2719 ex
1154 2671 1543 2736 peccatorum
1575 2666 2001 2721 communione
2027 2665 2166 2721 sub-

513 2752 808 2808 traxeritis
851 2771 863 2807 :
907 2758 964 2807 et
1003 2753 1109 2824 qui
1157 2754 1545 2822 convicerint,
1599 2755 1940 2812 mercedem
1982 2755 2168 2811 habe-

511 2839 684 2907 bunt,
705 2844 770 2894 ut
787 2841 890 2912 qui
911 2841 1213 2898 occultam
1245 2843 1420 2915 569
1444 2842 1733 2899 malitiam
1755 2844 2162 2916 patefecerint.

511 2929 628 2985 Sed
658 2931 705 2985 si
736 2936 1059 3003 antequam
1099 2935 1554 3000 convincantur,
1582 2948 1686 2988 eos
1715 2933 2160 3000 condemnetis;

508 3018 621 3090 ipsi
649 3019 896 3091 quidem
929 3020 1077 3076 nihil
1099 3020 1409 3092 laadentur,
1439 3022 1554 3078 nisi
1584 3022 1752 3094 quod
1775 3023 1858 3078 rei
1888 3023 2163 3079 omnium

2279 1861 2590 1933 πράγματος
2627 1855 2926 1915 ἐπιτηδεύει
2955 1864 3317 1934 προσηγορίαν
3358 1859 3527 1931 ἐαυτῷ
3554 1863 3883 1933 τιθεμένουςς

2278 1954 2426 2007 Μητε
2456 1947 2544 2000 οὖν
2586 1949 2612 1999 6
2651 1944 2903 2019 λοιδορῶν
2934 1944 3173 2009 διάϐολος
3209 1951 3365 2018 ἔστω,
3408 1947 3518 2000 ἀλλ’
3545 1947 3882 2022 ἀδελφός(9),

2279 2036 2328 2090 ἐν
2368 2036 2543 2109 ἀγάπη
2586 2038 2856 2104 νουθετῶν,
2904 2041 2994 2088 καὶ
3039 2036 3123 2089 ἐπὶ
3188 2033 3474 2110 διορθώσει
3541 2038 3754 2110 ἐπάγων
3802 2043 3882 2091 τόν

2278 2126 2522 2198 aer/xor
2555 2129 2688 2198 μήτε
2718 2126 2866 2196 ὑμεῖς
2907 2121 3183 2197 λοιδοριῶν
3204 2128 3426 2197 γένησθε
3465 2125 3749 2200 ἀκροαταί,
3781 2129 3884 2181 ἀλλ’

2278 2213 2501 2287 ἐλέγχων
2543 2209 2895 2285 δοκιμασται·
2940 2219 3072 2276 μήτε
3109 2217 3157 2266 οι
3187 2211 3578 2290 λοιδορούμενοι
3607 2215 3878 2291 ἀνιάτρευ-

2276 2323 2358 2355 τοι
2413 2301 2830 2374 καταλειφθώσι,
2885 2307 2957 2374 μὴ
3029 2307 3408 2376 φανερουμένης
3469 2312 3564 2366 τῆς
3632 2306 3878 2380 ἁμαρτίας

2276 2393 2465 2445 αὐτῶν.
2499 2391 2858 2463 Ἐλεγχθέντες
2888 2395 2978 2464 μὲν
3020 2397 3143 2466 γὰρ,
3177 2398 3266 2445 καὶ
3299 2394 3450 2446 αὐτοὶ
3489 2399 3583 2452 τὴν
3625 2395 3876 2470 ἁμαρτίαν

2275 2482 2442 2534 αὐτῶν
2483 2482 2896 2551 έπιγνὼσονταιο
2954 2487 3044 2533 καὶ
3098 2484 3240 2554 ὑμεῖς
3279 2485 3410 2555 μετά
3453 2488 3577 2545 τοὺς
3640 2485 3872 2557 ελέγχους

2277 2577 2593 2642 συγγνώμην
2653 2569 2786 2632 ἕξετε
2833 2573 2976 2644 παρά
3030 2579 3103 2642 τῷ
3160 2577 3335 2646 Κυρίῳ
3374 2574 3510 2644 (10),
3553 2573 3609 2626 ἐκ
3668 2584 3752 2635 τῆς
3779 2583 3866 2626 τῶν

2273 2660 2590 2734 ἁμαρτωλων
2636 2664 2908 2720 κοινωνίας
2949 2660 3164 2722 ἑαυτοὺς
3219 2661 3621 2724 ὑποστέλλοντες
3648 2681 3661 2693 '
3702 2667 3778 2715 καὶ
3823 2666 3865 2714 οἱ

2274 2749 2559 2820 ελέγξαντες
2588 2750 2779 2820 μισθόν
2806 2749 3031 2817 ἕξουσιν,
3074 2753 3140 2810 ως
3179 2754 3272 2807 την
3305 2756 3671 2824 κεκρυμμένην
3700 2757 3867 2804 κακίαν

2274 2837 2742 2912 δημοσιεύσαντες.
2777 2839 2891 2890 Ἐἀν
2919 2835 2978 2891 δὲ
3023 2843 3122 2911 πρὸ
3168 2848 3268 2890 τῶν
3318 2839 3546 2911 ἐλέγχων
3590 2840 3862 2894 καταδικά-

2274 2928 2418 2992 ζητε,
2450 2925 2600 2978 αὐτοὶ
2639 2929 2730 2998 μὲν
2762 2923 2914 2978 οὐδὲν
2962 2929 3171 2978 ἔσονται
3226 2923 3561 2999 ἠδικημένοι,
3613 2930 3762 2993 ἐκτός
3787 2937 3866 2982 τοῦ

2277 3016 2610 3086 ζημιωθῆναι
2657 3018 2714 3065 τό
2770 3017 2972 3065 πάντων
3023 3018 3148 3086 ἡμῖν
3201 3035 3493 3087 τιμωτατον
3545 3026 3749 3089 κτῆμα,
3786 3024 3869 3076 τήν

507 3107 683 3163 nobis
714 3109 1181 3180 pretiosissimas,
1230 3111 1540 3170 charitatis
1570 3111 1888 3168 vobiscum
1919 3112 2164 3168 interce-

2273 3107 2403 3175 πρὸς
2440 3104 2573 3175 ὑμᾶς
2611 3102 2820 3174 ἀγάπην
2842 3120 2854 3132 ⁸
2889 3105 3036 3175 ὑμεῖς
3079 3100 3137 3156 δὲ
3167 3110 3434 3157 καὶτοῦτο
3475 3105 3604 3158 αὐτὸ
3633 3111 3745 3179 (11)
3776 3113 3870 3160 πεί-

507 3196 724 3264 dentis,
770 3201 1074 3267 jacturam
1113 3199 1373 3266 facient;
1409 3215 1522 3255 vos
1562 3215 1703 3255 vero
1761 3205 1817 3256 et
1855 3202 1969 3257 hoc
1998 3201 2162 3259 idem

506 3285 650 3357 pati,
683 3285 734 3342 si
763 3302 866 3342 eos
894 3302 1018 3342 non
1054 3286 1354 3357 habeatis,
1379 3292 1436 3342 et
1465 3303 1605 3343 cum
1645 3290 1969 3360 Evangelia
2001 3291 2162 3347 vide-

504 3372 721 3429 bimini
750 3389 1022 3446 pugnare
1042 3376 1261 3431 dicenti
1295 3394 1308 3431 :
1349 3377 1660 3447 Numquid
1685 3379 1800 3434 .lex
1826 3387 2036 3436 nostra
2055 3383 2161 3450 ju-

505 3463 668 3519 ὀίεαι
701 3465 1018 3531 hominem,
1071 3468 1187 3521 nisi
1226 3467 1398 3534 prius
1436 3468 1694 3524 audierit
1725 3475 1778 3525 et
1817 3473 2159 3538 cognoverit

507 3551 654 3621 quid
676 3552 980 3619 faciat“?
1033 3553 1111 3623 (4)
1161 3553 1367 3621 Nolite,
1415 3553 1625 3610 fratres
1654 3558 2154 3626 reverendissimi,

504 3637 684 3694 nolite
713 3640 828 3695 hoc
875 3641 1044 3705 ferre,
1085 3645 1164 3712 (5)
1200 3642 1358 3696 hanc
1396 3649 1667 3699 nostram
1697 3645 2158 3702 obtestationem

504 3741 581 3782 ne
606 3727 880 3797 eludatis,
914 3730 994 3800 (6)
1025 3745 1101 3786 ne
1130 3730 1211 3786 ad
1256 3746 1368 3786 nos
1420 3733 1726 3803 perveniat
1771 3733 2159 3792 formidanda

503 3815 823 3888 prophetia
873 3818 1110 3874 Domini
1166 3821 1379 3885 nostri,
1439 3821 1543 3894 qui
1591 3821 1742 3878 dixit
1795 3842 1808 3876 :
1863 3824 2156 3891 Quoniam

503 3905 838 3963 abundavit
881 3909 1191 3979 iniquitas,
1224 3909 1572 3980 refrigescet
1628 3911 1897 3968 charitas
1943 3916 2154 3970 mutto-

503 4009 642 4051 rum
662 3996 732 4050 ⁵⁵.

575 4087 628 4138 3.
657 4085 737 4152 (7)
762 4085 910 4140 Nam
951 4083 1104 4140 sicut
1139 4085 1356 4156 rubigo
1402 4086 1532 4143 lues
1578 4091 1670 4144 est
1706 4087 1986 4148 frumenti
2017 4106 2152 4164 pro-

502 4169 652 4242 pria,
687 4170 771 4225 sic
803 4170 1030 4228 invidia
1059 4173 1337 4228 amicitiae
1383 4179 1474 4230 est
1514 4176 1788 4232 morbus.
1835 4181 1902 4233 Et
1945 4194 2154 4251 quem-

503 4257 840 4314 admodum
869 4275 940 4315 ex
966 4261 1128 4316 bono
1158 4277 1538 4334 consequens
1569 4270 1676 4334 est,
1705 4272 1771 4321 ut
1806 4266 2034 4324 invidia
2059 4284 2154 4324 ca-

500 4352 648 4413 reat,
703 4347 786 4402 sic
825 4347 1053 4404 invidia
1103 4349 1418 4405 diabolum
1471 4351 1756 4424 sequitur.
1786 4356 1865 4426 (8)
1911 4357 1980 4410 Et
2003 4355 2154 4411 sicut

499 4435 717 4506 rubigo
747 4437 992 4506 ferrum,
1029 4437 1114 4493 sic
1145 4438 1372 4495 invidia
1402 4441 1684 4498 infectam
1724 4443 1857 4515 ipsa
1882 4445 2148 4500 animam

500 4523 786 4582 absumit.
808 4528 933 4581 lmo
950 4541 1093 4582 vero
1112 4528 1638 4599 quemadmodum
1656 4532 1892 4603 viperas
1909 4533 2154 4591 tradunt

570 4703 618 4738 5‘
645 4705 819 4762 Joan.
851 4720 952 4774 vn,
985 4709 1070 4760 51.
1149 4706 1196 4740 ⁵⁵
1226 4706 1425 4765 Matth.
1453 4723 1598 4778 xxw,
1635 4713 1720 4765 12.

570 4883 645 4954 (1)
678 4885 754 4940 Ex
782 4885 956 4957 epist.
980 4902 1216 4955 CCLXXII,
1237 4890 1365 4946 419.

565 4959 645 5035 (ξ)
677 4957 758 5035 βξ
782 4958 1135 5035 epist._ccm,
1168 4962 1294 5016 301.

567 5026 648 5101 (ει)
677 5026 848 5101 ψει,
882 5031 1005 5083 300-

569 5095 648 5176 (ἑ)
674 5095 848 5176 Ψὲάυ
872 5102 1001 5176 δῖοί,-

568 5167 648 5248 (ξ)
679 5167 852 5248 ἓΡὲίέυ
885 5172 1010 5248 ἓφὲο

567 5237 647 5318 ξιξ)
678 5237 850 5318 ibid»
883 5241 1008 5318 θοις

569 5311 646 5381 (7)
678 5311 760 5381 Ex
785 5311 948 5366 hom.
976 5313 1066 5368 De
1089 5311 1340 5381 invidia,
1370 5317 1458 5370 94.

569 5381 645 5444 (8)
678 5380 850 5447 Ibid.,
884 5387 973 5437 9t.

564 5454 643 5532 (ξι)
674 5449 940 5532 ’ῥ“δεὶ.φός.
968 5453 1105 5532 _Sic_
1147 5457 1458 5532 contextus
1514 5460 1868 5532 ct_uterque
1920 5461 2136 5518 codex.

493 5519 1149 5604 Εριιιιάδελφὸνηριιυιο
1201 5533 1339 5582 ante
1393 5528 1722 5600 legendum
1769 5519 2023 5604 videtur,
2053 5543 2145 5587 τοῦ

492 5591 594 5663 πλη
605 5596 715 5644 σίον
739 5591 1098 5667 καταχέοντες.

2590 3238 2603 3261 Ι

2273 3277 2448 3343 δόξετε
2491 3283 2766 3352 μάχεσθαι
2795 3290 2867 3351 τῷ
2907 3281 3102 3333 εἰπόντι
3127 3302 3138 3312 ·
3173 3287 3258 3338 Μὴ
3293 3283 3318 3332 6
3352 3288 3504 3355 νόμος
3546 3284 3694 3355 ὑμῶν
3725 3291 3867 3358 κρίνει

2275 3193 2461 3244 σεσθαι
2495 3194 2629 3263 (12),
2684 3192 2871 3253 αὐτοὺς
2911 3192 3005 3243 οὐκ
3043 3195 3275 3263 ἔχοντες,
3314 3197 3404 3246 καὶ
3459 3203 3532 3265 τῷ
3584 3196 3869 3268 Exite/76m,»

2269 3372 2355 3421 τόν
2386 3371 2673 3443 ἄνθρωπον,
2710 3370 2793 3422 ἐὰν
2831 3374 2902 3441 μη
2949 3368 3150 3427 ἀκούση
3191 3372 3316 3444 παρ’
3348 3372 3509 3422 αὐτου
3547 3383 3754 3444 πρῶτον
3788 3381 3864 3424 καὶ

2267 3468 2370 3530 γνῲ
2396 3463 2449 3510 τί
2486 3467 2652 3526 ποιεῖ;
2683 3464 2767 3518 Μὴ
2810 3468 2999 3525 ταυτα,
3043 3457 3257 3531 ἀδελφοὶ
3283 3467 3616 3532 τιμιώτατοι,
3645 3467 3716 3534 μὴ
3755 3462 3864 3514 ἀνά-

2271 3550 2483 3618 σχησθε
2512 3552 2726 3616 τούτων,
2774 3545 2913 3620 μηδὲ
2959 3547 3392 3620 παραλογίσασθε
3440 3551 3588 3622 ἡμῶν
3652 3558 3742 3608 την
3781 3571 3862 3602 πα-

2265 3637 2524 3712 ράκλησιν
2563 3641 2778 3707 ταυτην,
2823 3641 2906 3689 ἱνα
2953 3644 3023 3709 μὴ
3077 3641 3249 3710 φθάσῃ
3295 3639 3366 3699 εἰς
3424 3641 3568 3711 ἡμᾶς
3623 3644 3653 3698 η
3689 3639 3860 3714 φοϐερὰ

2265 3734 2357 3778 τοῦ
2401 3732 2594 3800 Κυρίου
2643 3729 2788 3799 ἡμῶν
2827 3732 3138 3801 προφητεία,
3188 3727 3456 3788 εἰπόντος·
3509 3729 3635 3780 Ὁτι
3673 3727 3763 3781 διὰ
3808 3731 3855 3778 τὸ

2265 3816 2622 3874 πληθυνθῆναι
2662 3821 2754 3874 τὴν
2809 3815 3042 3889 ἀνομίαν,
3091 3815 3393 3887 ψυγήσεται
3447 3819 3478 3876 ἡ
3538 3817 3713 3890 ἀγάπη
3769 3826 3856 3870 τῶν

2262 3905 2484 3961 πολλῶν.

2335 4085 2388 4139 3.
2436 4081 2635 4156 Ὠσπερ
2674 4085 2775 4158 γὰρ
2830 4084 2859 4141 ἡ
2926 4082 3142 4158 ἑρυσίϐη
3205 4080 3344 4136 ἴδιόν
3409 4083 3518 4138 ἐστι
3566 4092 3656 4139 τοῦ
3716 4087 3852 4136 σίτου

2261 4176 2506 4244 νόσημα·
2555 4175 2714 4234 οὕτως
2762 4174 2786 4224 6
2845 4174 3026 4244 φθόνος
3083 4172 3256 4245 φιλίας
3317 4173 3461 4226 ἐστὶν
3525 4173 3847 4248 ἀρρώστημα,

2267 4265 2369 4313 Καὶ
2419 4264 2592 4334 ὥσπερ
2645 4263 2820 4314 ἕπεται
2860 4270 2931 4330 τῷ
2990 4261 3168 4332 ἀγαθῷ
3221 4265 3278 4314 τὸ
3321 4268 3392 4335 μὴ
3447 4266 3653 4333 φθονεῖν,
3694 4264 3846 4318 οὕτως

2265 4347 2535 4401 ἀκολουθεῖ
2565 4359 2636 4420 τῷ
2665 4346 2893 4421 διαϐόλῳ
2926 4351 2955 4408 ἡ
2987 4349 3279 4422 βασκανία.
3320 4357 3420 4404 Καὶ
3462 4354 3625 4425 ὥσπερ
3659 4350 3724 4410 ἰὸς
3759 4352 3836 4398 τόν

2268 4433 2510 4510 σίδηρον,
2537 4439 2702 4499 οὕτως
2724 4440 2749 4488 6
2780 4441 2960 4510 φθονος
2986 4443 3079 4496 την
3111 4440 3341 4511 έχουσαν
3373 4440 3530 4492 αὐτὸν
3551 4441 3725 4512 ψυχὴν
3749 4440 3843 4505 (l3)

2262 4525 2608 4588 ἐξαναλίσκει.
2644 4527 2848 4580 Μᾶλλον
2892 4525 2972 4598 δὲ,
3005 4530 3180 4602 ὥσπερ
3215 4531 3308 4590 τὰς
3349 4527 3574 4600 ἐχίδνας
3612 4535 3734 4601 φασι
3763 4531 3848 4582 τήν

2329 4900 2440 4970 (10)
2473 4901 2624 4975 Παρά
2647 4908 2735 4975 Δτῷ
2783 4905 2978 4975 Κυρίῳ.
3012 4902 3104 4958 Sic
3153 4903 3370 4973 Regius
3409 4903 3602 4960 codex
3632 4908 3690 4962 et
3717 4917 3848 4962 con-

2255 4973 2474 5047 textus.
2511 4972 2682 5041 Editi,
2708 4972 2978 5047 Δπαρόίτου
3022 4979 3239 5047 Κυρίου.

2329 5044 2442 5112 (11)
2473 5050 2636 5117 Τοῦτο
2659 5043 2805 5117 αὐτὸ.
2831 5047 2953 5116 Ope
2980 5043 3257 5117 ejusdem
3283 5045 3509 5115 codicis
3531 5051 3590 5106 et
3614 5051 3844 5105 contex-

2255 5115 2352 5168 tus
2377 5114 2714 5190 emendatae
2747 5114 3049 5190 lecti—ones
3083 5114 3360 5187 vulgatae,
3396 5122 3561 5190 τούτῳ
3603 5122 3768 5190 αὐτῷ,
3805 5122 3852 5171 et

2254 5183 2436 5307 p)aulo
2469 5191 2607 5256 post
2636 5191 2785 5258 κρίνη
2837 5189 2924 5237 τόν
2963 5183 3266 5260 ἀνθρωπων,
3295 5183 3355 5244 et
3384 5192 3509 5260 ἡμῖν
3535 5183 3657 5249 ’την
3690 5183 3855 5264 παρά-

2255 5275 2288 5306 κ
2309 5273 2462 5307 .ησιν.

2309 5295 2317 5306 ι
2417 5277 2462 5309 ν.

2255 5275 2442 5450 ἒῗῖὲ)
2461 5328 2766 5385 Πείσεσθαι.
2794 5327 3142 5400 Legendum
3171 5329 3406 5388 videtur
3432 5346 3564 5390 esse
3593 5332 3857 5387 πείσεσθε.

2305 5413 2412 5450 m'r.

2305 5413 2438 5540 t)(lirii)
2471 5474 2680 5542 Ψυχήν.
2732 5473 2894 5527 Hanc
2924 5487 3134 5528 vocem
3168 5487 3240 5529 ex
3292 5477 3576 5531 contextu
3631 5473 3861 5531 addidi-

2255 5553 2422 5595 mus.
2468 5543 2704 5612 Legitur
2731 5543 2793 5598 in
2820 5544 3001 5614 Regio
3027 5544 3233 5601 codice
3263 5550 3349 5597 τὸν
3389 5550 3579 5620 ἔχοντα
3605 5548 3792 5605 αὐτόν.
