4084 6396
243 345 379 400 1341

238 473 519 527 κυήσασαν
595 466 751 530 αὐτὰς
813 469 1049 545 γαστέρα
1113 465 1456 532 διεσθιούσας
1493 469 1567 541 (ιι)
1628 470 1921 543 ἀπογεν-Α

237 558 450 610 νᾶσθαι·
506 556 642 610 οὕτω
702 560 793 610 καὶ
861 559 886 609 6
952 560 1137 629 φθόνος
1192 562 1285 617 τὴν
1334 556 1629 612 ὠδίνουσαν
1657 561 1845 632 ψυχὴν

235 650 432 718 πέφυκε
484 642 739 717 διασπᾷν.
799 644 858 697 Ὀ
916 644 1217 719 βασκαίνων
1276 652 1397 720 μίαν
1464 647 1699 721 ἀναμένει
1754 657 1844 703 τοῦ

235 743 403 787 κακοῦ
448 735 741 809 ῥᾳστώνην,
791 737 837 788 εἲ
872 738 971 787 πού
1015 755 1132 788 τινα
1176 733 1287 789 ἴδοι
1330 742 1691 791 καταπεσόντα
1741 746 1843 790 τῶν

236 826 611 896 φθονουμένων.
669 824 832 884 Οὗτος
889 826 1006 897 ὅρος
1059 832 1151 876 τοῦ
1208 830 1421 897 μίσους,
1476 825 1654 879 ἄθλιον
1715 823 1843 880 ἰδεῖν

234 913 291 965 ἐκ
357 916 617 985 μακαρίου
682 917 770 964 τὸν
839 911 1273 986 βασκαινόμενον,
1339 915 1546 968 ἐλεεινόν
1601 917 1843 986 γενέσθαι

231 1004 322 1052 τόν
363 1000 612 1065 ζηλωτόν.
659 1004 787 1055 Τότε
845 998 1126 1055 σπένδεται
1184 1008 1274 1055 καὶ
1327 1002 1473 1074 φίλος
1516 1002 1681 1067 ἐστὶν,
1722 1006 1842 1056 ὃταν

232 1085 535 1163 δακρύοντα
587 1086 704 1162 ἰδῇ,
756 1092 877 1141 ὅταν
923 1092 1208 1144 πενθοῦντα
1273 1093 1548 1150 θεάσηται·
1616 1097 1707 1144 καὶ
1766 1093 1844 1146 εὖ-

234 1179 487 1250 θυμοῡντι
524 1180 614 1250 μὲν
663 1177 722 1230 οὐ
774 1184 1221 1251 συνευφραίνεται,
1268 1177 1568 1256 ὀδυρομένῳ
1612 1179 1673 1234 δὲ
1725 1201 1844 1235 συν.

232 1262 476 1338 δακρύει.
510 1271 613 1319 Καὶ
635 1271 730 1324 τὴν
761 1266 1050 1338 μεταϐολὴν
1088 1276 1177 1320 τοῦ
1210 1267 1352 1340 βίου,
1401 1268 1454 1332 ἐξ
1495 1270 1614 1320 οἵων
1650 1269 1721 1331 εἰς
1760 1271 1845 1322 οἷα

230 1359 617 1426 μεταπέπτωκε,
672 1355 1084 1423 κατοικτίζεται,
1139 1357 1244 1428 οὐχ
1302 1359 1402 1409 ὑπὸ
1458 1359 1843 1431 φιλανθρωπίας

230 1447 322 1494 καί
366 1450 459 1494 τοῦ
519 1445 799 1514 συμπαθὴς
839 1441 990 1513 εἶναι,
1040 1443 1255 1520 ἐξαίρων
1294 1453 1368 1515 τῷ
1415 1445 1551 1516 λόγῳ
1606 1449 1672 1498 τὰ
1719 1450 1845 1518 πρό-

233 1549 359 1604 τερα
383 1535 484 1601 (2),
527 1530 633 1582 ἀλλ’
686 1533 769 1583 ἵνα
816 1529 1112 1607 βαρυτέραν
1147 1533 1288 1605 αὐτῷ
1326 1537 1701 1607 κατασκευάσῃ
1751 1540 1845 1593 τὴν

233 1621 527 1693 συμφοράν.
584 1626 831 1681 Τοιοῦτος
876 1618 937 1679 ἦν
988 1622 1014 1675 6
1058 1622 1242 1683 Σαοὺλ,
1292 1622 1347 1684 ὃς
1401 1631 1501 1673 τῶν
1541 1623 1844 1697 εὐεργεσιῶν

226 1710 323 1769 τὰς
361 1707 644 1783 ὑπερϐολὰς
700 1707 938 1784 ἀφορμὴν
1004 1720 1093 1763 τοῦ
1151 1711 1377 1783 πολέμου
1424 1715 1557 1784 πρὸς
1613 1716 1699 1764 τὸν
1749 1720 1845 1764 Δα-

227 1792 323 1849 ϐἱδ
368 1795 675 1868 ἐποιήσατο,
724 1803 814 1850 καὶ
871 1798 1110 1872 ἐπειρᾶτο
1169 1797 1353 1873 δόρατι
1415 1796 1688 1875 διαπεῖραι
1754 1804 1842 1853 τόν
1880 1826 1920 1880 Β

227 1885 518 1958 εὐεργέτην.
582 1891 678 1941 Σὺν
727 1888 868 1956 αὐτῷ
927 1892 1029 1960 γαρ
1077 1897 1147 1959 τῷ
1199 1896 1408 1961 στρατῷ
1469 1889 1523 1940 ἐκ
1578 1898 1672 1942 τῶν
1698 1890 1846 1943 πολε-

224 1978 359 2046 μίων
414 1977 742 2046 περισωθεὶς,
797 1981 887 2029 καὶ
932 1984 1027 2039 τῆς
1083 1976 1167 2031 ἐπὶ
1223 1987 1295 2048 τῷ
1349 1977 1537 2030 Γολιὰθ
1578 1978 1843 2049 αἰσχύνης

226 2061 563 2135 ἀπαλλαγεὶς,
618 2064 869 2138 αὐτόχειρ
928 2068 1193 2138 γενέσθαι,
1241 2070 1326 2119 καὶ
1378 2066 1432 2129 ἐξ
1494 2064 1701 2139 ἐνέδρας
1759 2066 1843 2118 ἆν-

227 2151 353 2204 ελεῐν
389 2151 750 2227 ἐπιχείρησιν·
798 2153 912 2208 εἶτα
942 2153 1157 2227 φυγάδα
1200 2163 1567 2225 καταστήσας,
1595 2154 1718 2209 οὐδὲ
1747 2158 1842 2209 οὕ-

224 2258 298 2291 τω
339 2244 434 2298 την
484 2244 681 2314 ἔχθραν
730 2245 967 2315 ἔστησεν,
1024 2243 1153 2296 ἀλλὰ
1189 2248 1247 2297 τό
1291 2244 1580 2297 τελευταῖον
1620 2244 1842 2318 ἐκστρα-

224 2331 417 2390 τευσας
481 2328 557 2381 ἐπ’
622 2330 776 2383 αὐτόν
832 2332 1154 2405 τρισχιλίοις
1204 2334 1414 2405 λογάσι,
1483 2336 1572 2394 τὰς
1624 2333 1841 2407 ἐρημίας

229 2413 565 2492 διηρευνᾶτο,
620 2418 717 2481 ’Ὡς
752 2440 811 2492 γε
852 2422 979 2495 παρ’
1026 2422 1180 2473 αὐτὸν
1230 2427 1317 2474 τόν
1374 2426 1555 2495 καιρόν
1612 2432 1707 2482 τῆς
1751 2419 1840 2474 δι-

229 2507 398 2569 ώξεως
446 2507 810 2580 καταληφθεὶς,
862 2513 1064 2582 ἕτοιμος
1120 2512 1186 2572 εἰς
1246 2515 1451 2583 σφαγὴν
1510 2516 1841 2586 προκείμενος

230 2604 303 2665 τῷ
353 2594 551 2671 ἐχθρῷ,
604 2597 757 2649 πάλιν
815 2601 1119 2672 περισωθεὶς
1182 2602 1283 2651 ὑπό
1348 2610 1440 2651 του
1482 2598 1713 2668 δικαίου,
1758 2599 1842 2652 ἐπ·

229 2691 447 2753 αγαγεῖν
503 2684 644 2755 αὐτῷ
694 2688 783 2744 τὰς
839 2694 1022 2759 χεῖρας
1076 2684 1554 2759 διαφυλαξαμένου,
1595 2686 1708 2740 οὐδ’
1740 2691 1840 2740 υπὸ

227 2775 417 2831 ταύτης
475 2780 572 2834 τῆς
638 2773 931 2846 εὐεργεσίας
997 2774 1258 2847 ἐκάμφθη·
1335 2774 1464 2827 ἀλλά
1529 2782 1618 2828 καὶ
1687 2776 1840 2828 πάλιν

230 2859 616 2934 ἐστρατολόγει,
666 2867 754 2914 καὶ
808 2864 963 2916 πάλιν
1014 2860 1246 2931 ἐδίωκεν,
1299 2866 1388 2925 ἓως
1448 2871 1538 2917 καὶ
1601 2862 1840 2939 δεύτερον

230 2950 383 3012 ἁλοὺς
412 2952 511 3003 ὑπὸ
542 2960 632 3004 τοῦ
665 2952 821 3004 αὑτοῦ
853 2953 901 3004 ἐν
933 2961 1004 3024 τῷ
1036 2953 1299 3025 σπηλαίῳ,
1333 2962 1424 3006 τοῦ
1463 2958 1552 3026 μὲν
1594 2960 1688 3012 την
1728 2952 1841 3028 αρε-

225 3044 321 3097 τὴν
368 3039 723 3115 λαμπροτέραν
769 3039 1058 3110 ἀπέδειξεν,
1110 3043 1296 3095 ἑαυτοῦ
1345 3040 1402 3095 δὲ
1451 3049 1544 3101 την
1588 3047 1838 3117 πονηρίαν

225 3134 674 3204 καταφανεστέραν
729 3130 970 3188 ἐποίησεν
999 3133 1100 3202 (3).
1163 3134 1314 3184 Οὕτω
1353 3137 1443 3185 καὶ
1471 3138 1589 3208 περὶ
1619 3136 1706 3184 τόν
1734 3134 1838 3187 Ἰω-
1869 3171 1909 3224 C

231 3221 338 3289 σὴφ
392 3221 439 3271 οἱ
494 3216 707 3292 ἀδελφοὶ
763 3217 1110 3287 διατίθενται,
1163 3222 1257 3273 οὐκ
1311 3219 1504 3282 εἰδότες
1543 3223 1839 3274 ότιποάτ-

228 3325 431 3358 τουσιν.
482 3309 542 3361 Εἰ
598 3313 688 3381 μὲν
726 3313 825 3381 γὰρ
879 3308 1046 3369 ἀληθῆ
1105 3313 1172 3362 τὰ
1226 3309 1438 3363 ἐνύπνια
1489 3318 1581 3362 τοῦ
1623 3312 1837 3383 Ἰωσὴφ,

229 3400 307 3455 τίς
337 3403 551 3468 μηχανὴ
576 3403 646 3468 μὴ
682 3398 811 3468 οὐχὶ
840 3401 1048 3460 πάντως
1077 3398 1292 3457 ἐκϐῆναι
1338 3404 1403 3451 τα
1444 3399 1837 3474 προρῥηθέντας

233 3483 279 3536 εἰ
332 3481 390 3539 δὲ
443 3482 658 3555 ψευδεῖς
714 3489 771 3538 αὶ
828 3496 927 3538 τῶν
996 3488 1268 3560 ὀνειράτων
1327 3488 1488 3558 ὄψεις,
1543 3488 1657 3539 αντὶ
1710 3494 1841 3549 τίνος

234 3570 593 3645 βασκαίνουσι
620 3583 693 3645 τῷ
726 3575 1056 3648 σφαλλομένῳ
1082 3593 1094 3643 ;
1125 3576 1258 3629 Ἀλλ’
1291 3577 1445 3637 ὅντως
1474 3573 1612 3628 ἴδιόν
1643 3596 1695 3629 τι
1741 3579 1842 3629 πά-

238 3664 320 3723 θος
371 3661 483 3713 ἐστὶ
546 3671 638 3716 τοῦ
698 3662 947 3718 διαϐόλου
1006 3667 1031 3716 6
1084 3666 1286 3737 φθονος,
1329 3667 1354 3716 6
1394 3665 1738 3724 ἐκλαληθῆναι
1768 3671 1838 3739 μὴ

236 3746 535 3822 δυνάμενος,
571 3753 596 3804 6
624 3756 697 3824 (4)
740 3753 966 3828 ἰατρείαν
1006 3753 1101 3805 οὐκ
1150 3750 1543 3826 ἐπιδεχόμενος.
1596 3756 1653 3806 Ὀ
1681 3774 1842 3827 κεφα-

232 3839 433 3910 λαλγῶν
487 3839 625 3911 λέγει
674 3850 745 3912 τῷ
801 3843 960 3915 ἰατρῴ
1008 3847 1103 3900 τὴν
1153 3843 1520 3914 κεφαλαλγίαν·
1582 3845 1609 3896 6
1661 3846 1842 3915 φθόνον

233 3938 397 3981 νοσῶν
427 3949 478 3981 τι
510 3934 627 4003 εἴπῃ
666 3948 680 3998 ;
747 3938 918 3986 Λυπεῑ
944 3950 1007 4004 με
1036 3935 1101 3983 τὰ
1132 3940 1224 3984 του
1257 3929 1481 4004 ἀδελφοῦ
1513 3931 1685 4003 ἀγαθά
1721 3950 1734 4000 ;
1783 3932 1840 3986 Ἡ

232 4022 322 4093 μὲν
363 4018 581 4078 ἀλήθεια
623 4020 779 4091 αὕτη,
830 4023 895 4073 τὰ
954 4017 1012 4073 δὲ
1052 4020 1269 4095 ῥήματα
1321 4023 1538 4082 ἕκαστος
1589 4022 1843 4093 ἐπαισχύ-

230 4129 388 4165 νεται.
416 4115 478 4164 Τί
512 4111 803 4175 στενάζεις
846 4107 984 4163 ἴδιον
1015 4113 1193 4177 κακὸν,
1238 4111 1267 4169 ἡ
1302 4109 1567 4185 ἀλλότριον
1600 4110 1791 4182 ἀγαθόν
1825 4127 1838 4177 ;

230 4199 426 4261 ’Ὀντως
455 4196 594 4253 ἴδιόν
624 4199 737 4252 ἐστι
767 4204 925 4252 κακόν
956 4208 1047 4252 τοῦ
1085 4197 1334 4252 διαϐόλου
1364 4202 1388 4251 6
1421 4202 1618 4273 φθόνος.
1656 4202 1835 4253 Καθά-

232 4308 326 4363 περ
379 4292 481 4363 γὰρ
557 4298 658 4340 τῶν
715 4287 877 4362 βελῶν
934 4292 1001 4341 τὰ
1056 4289 1249 4362 βιαίως
1308 4293 1579 4364 φερόμενα,
1631 4286 1841 4341 ἐπειδάν

234 4385 467 4448 καρτερῴ
516 4395 619 4427 τινι
665 4382 757 4428 καὶ
794 4376 1059 4448 ἀντιτύπῳ
1098 4381 1399 4450 προσπέσῃ,
1448 4377 1531 4429 ἐπὶ
1578 4380 1665 4429 τόν
1718 4396 1838 4449 προ-

236 4467 407 4533 έμενον
456 4461 819 4537 ἐπανέρχεταιο
879 4465 1014 4516 οὕτω
1062 4467 1128 4517 τὰ
1178 4473 1270 4516 τοῦ
1324 4467 1513 4535 φθόνου
1553 4470 1838 4535 κινήματα,

236 4546 387 4602 οὐδὲν
452 4551 715 4602 λυποῦντα
760 4556 846 4603 τόν
908 4551 1360 4624 βασκαινόμενον,
1424 4553 1584 4605 αὐτοῦ
1640 4558 1840 4624 πληγαὶ

234 4631 467 4710 γίνονται
513 4647 605 4692 τοῦ
660 4638 955 4713 βασκάνου,
1011 4639 1180 4694 Πολλὰ
1235 4643 1325 4712 μεν
1381 4643 1486 4714 μὰρ
1543 4642 1710 4693 ἔνεστι
1775 4648 1837 4712 τῇ

240 4718 507 4803 βασκανίᾳ
537 4732 695 4798 κακὰ,
749 4730 797 4782 ἓν
856 4726 916 4781 δε
956 4733 1251 4803 χρήσιμον,
1284 4730 1365 4780 ὅτι
1394 4732 1551 4780 κακόν
1582 4727 1721 4781 ἐστιν
1753 4729 1842 4780 αυ-

1877 4523 1919 4575 D

235 4825 307 4890 τῷ
335 4826 406 4887 τῷ
438 4822 754 4892 κεκτημένῳ,
799 4824 888 4871 καὶ
929 4818 1119 4891 μαλλον
1174 4814 1419 4870 δαπανῶν
1465 4824 1559 4876 την
1592 4814 1837 4890 καρδίαν,

234 4908 263 4979 ᾖ
294 4908 319 4959 6
349 4907 419 4968 ἰός
448 4912 534 4959 τόν
563 4905 804 4981 σίδηρον.
834 4907 893 4961 Ὀ
919 4910 1020 4984 γὰρ
1054 4907 1376 4982 βασκαίνων,
1410 4907 1566 4959 αὐτὸν
1613 4910 1702 4979 μὲν
1753 4910 1839 4960 τὸν

232 4997 644 5072 βασκαινόμενον
696 4997 849 5077 ὀλίγα
895 4997 1138 5072 βλάπτει,
1200 4998 1382 5051 ἑαυτὸν
1440 4994 1498 5050 δὲ
1532 4994 1745 5069 δαπανᾷ
1773 5005 1835 5070 τῇ

300 5286 376 5360 (1)
416 5284 781 5350 Δεισθιούσας,
814 5282 1180 5360 ῌβςζοοᾶθχ
1205 5283 1511 5360 ἐσθιούσας.

305 5355 381 5431 (2)
418 5361 495 5431 Τὰ
523 5361 767 5431 πρότερα.
820 5355 913 5411 Sic
958 5357 1098 5431 Reg.
1152 5358 1345 5411 codex
1390 5362 1446 5411 et
1484 5355 1828 5431 contextus.

229 5426 404 5504 Editi_,
436 5430 502 5481 τὰ
530 5426 798 5504 πρότερον,
836 5431 894 5483 et
938 5428 1309 5504 paulo_post_
1345 5429 1834 5504 κατασκευάσηται,

230 5499 396 5589 quod
418 5497 639 5589 pariter
667 5497 883 5589 eadem
912 5497 1415 5589 a’uqtoritate'freti
1440 5498 1833 5575 mutavimus.

420 5563 715 5643 Ἐποίησεν.
748 5573 887 5640 Reg.
919 5570 1440 5643 codex_eipya'aaro.
1468 5640 1478 5643 Α

253 5650 260 5657 ’
308 5638 389 5711 (4)
425 5638 484 5692 Ὀ
547 5638 895 5701 ἐκλαληθῆναι
959 5645 1032 5714 μὴ
1102 5638 1400 5712 δυνάμενος,
1456 5640 1507 5698 ὁ.
1565 5642 1700 5698 HEC
1736 5640 1842 5697 ad.

1060 342 1300 402 SERMO
1339 345 1523 403 XVIII.
1563 377 1633 387 —
1680 346 1771 403 DE
1810 347 2076 407 INVIDIA
2113 350 2199 406 ET
2236 349 2800 408 MALEVOLENTIA.

3474 348 3611 405 1342

1954 489 2133 531 exeso
2164 478 2439 533 materno
2469 477 2638 531 utero
2662 473 2866 531 nasci:
2902 473 2989 531 ita
3014 488 3259 548 quoque
3289 472 3439 529 solet
3461 470 3613 528 invi-

1952 562 2056 619 dia
2078 564 2414 635 parientem
2459 578 2521 617 se
2569 562 2840 618 animam
2880 577 3112 618 vorare.
3143 562 3223 632 (5)
3264 559 3509 616 Invidus
3539 572 3614 615 ae

1952 652 2286 708 malevolus
2318 652 2565 708 unicum
2605 652 2863 707 miseriae
2909 667 3034 707 suae
3080 650 3356 706 levamen
3405 663 3612 721 exspe-

1953 744 2093 804 ctat,
2125 739 2315 795 sicubi
2337 738 2903 811 videatquempiam
2920 754 2993 794 ex
3015 736 3085 794 iis
3113 736 3340 810 quibus
3361 735 3607 806 invidet,

1950 831 2245 884 ruentem.
2279 828 2417 882 Haec
2447 831 2538 883 est
2585 826 2709 882 odii
2756 831 2938 892 meta,
2987 842 3128 882 eum
3163 826 3258 882 cui
3288 823 3610 892 invidetur,

1950 915 2239 971 miserum
2270 932 2344 971 ex
2372 915 2527 971 felici
2558 916 2779 983 videre,
2809 918 2865 971 et
2890 931 3030 971 eum
3052 914 3158 987 qui
3186 913 3399 969 beatus
3423 911 3612 968 habe-

1949 1003 2149 1069 batur,
2196 1003 2499 1059 infelicem
2553 1004 2702 1059 ﬁeri.
2758 1007 2919 1059 Tunc
2969 1002 3154 1059 initur
3203 1001 3423 1070 foedus,
3464 1003 3520 1056 et
3546 997 3616 1055 ﬁt

1952 1093 2188 1147 amicus
2228 1107 2367 1148 cum
2398 1092 2613 1148 viderit
2639 1092 3102 1165 lacrymantem,
3136 1106 3277 1146 cum
3303 1088 3613 1159 lugentem

1953 1181 2350 1253 conspexerit.
2386 1182 2449 1237 Et
2478 1196 2618 1237 vero
2648 1196 2773 1236 non
2814 1180 3051 1237 laetatur
3098 1194 3239 1235 cum
3282 1176 3477 1239 hilari,
3505 1174 3612 1233 sed

1954 1285 2094 1324 cum
2125 1270 2367 1338 lugente
2398 1269 2790 1341 lacrymatur.
2813 1274 3007 1341 Atque
3029 1268 3163 1324 vitae
3193 1266 3610 1334 mutationem,

1955 1373 2027 1411 ex
2058 1357 2281 1428 quibus
2301 1358 2359 1412 in
2392 1373 2529 1429 quae
2557 1356 2862 1425 exciderit,
2885 1357 3224 1421 miseratur,
3248 1369 3371 1411 non
3394 1353 3609 1409 huma-

1954 1445 2138 1502 nitate
2168 1445 2479 1518 quapiam,
2516 1461 2625 1501 nec
2670 1444 2792 1500 ullo
2835 1442 3377 1501 commiserationis
3430 1454 3613 1502 sensu

1953 1533 2218 1605 priorem
2247 1540 2468 1590 statum
2501 1533 2701 1589 verbis
2731 1533 3006 1599 efferens,
3040 1533 3147 1588 sed
3185 1536 3250 1587 ut
3278 1530 3333 1586 ei
3371 1527 3613 1586 calami-

1954 1626 2139 1679 tatem
2171 1623 2512 1691 graviorem
2538 1622 2775 1678 efﬁciat.
2803 1626 2880 1692 (6)
2912 1620 3221 1693 Ejusmodi
3270 1617 3411 1675 Saul
3461 1621 3610 1685 erat,

1955 1711 2050 1766 cui
2079 1711 2514 1767 beneﬁciorum
2556 1712 2916 1781 magnitudo
2957 1709 3185 1766 bellum
3229 1705 3440 1764 Davidi
3465 1704 3613 1761 infe-

1951 1800 2124 1855 rendi
2154 1816 2309 1856 ansa
2340 1805 2466 1857 erat
2500 1805 2558 1857 et
2586 1802 2776 1870 origo,
2806 1805 2987 1873 atque
3017 1797 3354 1855 conabatur
3382 1793 3613 1866 accepti

1949 1889 2226 1944 beneﬁcii
2258 1894 2564 1946 auctorem
2584 1890 2760 1944 hasta
2790 1888 3162 1957 transﬁgere.
3192 1887 3249 1940 Is
3280 1884 3444 1941 enim
3471 1896 3613 1941 cum

1950 1978 2084 2048 ipso
2111 1978 2371 2033 exercitu
2401 1993 2473 2033 ex
2499 1978 2766 2034 hostium
2806 1976 3092 2033 manibus
3120 1973 3442 2031 incolumis
3486 1986 3611 2027 ere-.-

1949 2056 2113 2139 ptus,
2140 2074 2199 2124 et
2226 2083 2297 2123 eo
2327 2068 2429 2139 qui
2453 2083 2490 2123 a
2511 2066 2742 2123 Goliath
2762 2065 3117 2122 inurebatur
3140 2063 3434 2121 dedecore
3462 2060 3608 2116 libe-

1950 2161 2142 2227 ratus,
2168 2172 2279 2213 sua
2302 2171 2444 2212 eum
2475 2155 3036 2220 manuinterimere,
3070 2157 3255 2225 atque
3282 2150 3513 2208 insidiis
3535 2149 3613 2207 de

1950 2246 2153 2301 medio
2180 2245 2384 2301 tollere
2414 2260 2738 2315 aggressus
2771 2250 2896 2300 est:
2934 2243 3153 2299 exinde
3184 2240 3406 2298 Davide
3431 2240 3493 2295 in
3522 2237 3611 2295 fu-

1951 2349 2093 2403 gam
2123 2338 2278 2399 acto,
2306 2350 2382 2390 ne
2411 2335 2495 2390 sic
2519 2334 2768 2407 quidem
2789 2333 2932 2389 odio
2955 2332 3142 2388 ﬁnem
3171 2329 3478 2403 imposuit,
3501 2329 3610 2387 sed

1948 2429 2324 2495 postremum
2339 2424 2719 2497 expeditione
2735 2439 2873 2479 cum
2893 2422 3081 2478 tribus
3100 2422 3425 2478 electorum
3443 2418 3611 2475 milli-

1949 2511 2066 2567 bus
2089 2513 2380 2568 adversus
2399 2513 2571 2569 illum
2593 2517 2897 2585 suscepta,
2921 2511 3160 2567 deserta
3184 2510 3320 2565 loca
3337 2523 3612 2581 perscru-

1949 2600 2216 2656 tabatur.
2272 2601 2372 2656 llle
2429 2602 2652 2657 scilicet
2692 2601 2826 2673 ipso
2860 2599 3290 2672 persecutionis
3341 2604 3613 2668 tempore

1950 2705 2090 2744 cum
2122 2690 2536 2761 deprehensus
2562 2689 2793 2749 fuisset,
2810 2692 3132 2759 possetque
3147 2687 3228 2742 ab
3246 2686 3418 2741 hoste
3438 2684 3611 2742 facile

1950 2777 2165 2843 occidi,
2200 2793 2340 2833 cum
2369 2778 2586 2833 iterum
2618 2793 2655 2833 a
2695 2777 2881 2848 justo,
2931 2776 3034 2848 qui
3078 2775 3319 2847 injicere
3360 2773 3425 2829 in
3468 2788 3609 2828 eum

1948 2882 2169 2922 manus
2200 2866 2463 2926 nolebat.
2498 2870 2771 2923 servatus
2798 2870 2958 2922 esset
2994 2863 3335 2932 incolumis,
3382 2875 3611 2934 nequa-

1949 2970 2136 3026 quam
2162 2954 2354 3010 ﬂexus
2384 2962 2473 3010 est
2501 2957 2616 3011 hoc
2647 2953 2981 3010 beneﬁcio:
3016 2953 3121 3008 sed
3162 2956 3219 3007 et
3245 2967 3456 3006 rursus
3494 2949 3611 3007 col-

1948 3042 2176 3113 ligebat
2208 3044 2558 3107 exercitum,
2589 3048 2645 3099 et
2674 3058 2882 3098 rursus
2910 3042 3079 3097 illum
3109 3038 3605 3112 persequebatur,

1948 3133 2154 3205 quoad
2184 3132 2400 3188 iterum
2423 3132 2502 3187 ab
2523 3133 2738 3189 eodem
2767 3132 2830 3186 in
2851 3131 3143 3203 spelunca
3162 3130 3610 3198 interceptus,et

1949 3223 2078 3293 ejus
2135 3224 2422 3278 virtutum
2478 3221 2819 3294 praestiterit
2865 3220 3267 3277 illustriorem.
3323 3222 3381 3273 et
3432 3232 3609 3273 suam

1948 3309 2139 3382 ipsius
2168 3310 2498 3382 nequitiam
2522 3309 2988 3364 manifestiorem
3018 3305 3363 3363 reddiderit.
3399 3307 3477 3359 De
3500 3305 3610 3360 Jo-

1951 3400 2140 3471 sepho
2161 3400 2365 3454 itidem
2390 3399 2585 3467 ignari
2605 3397 2749 3471 quid
2769 3401 3019 3467 agerent
3039 3398 3171 3467 ejus
3195 3393 3610 3462 fratres,haud

1952 3488 2225 3545 absimile
2256 3488 2405 3560 quid
2435 3488 2722 3544 fecerunt.
2758 3491 2908 3543 Nam
2939 3488 2984 3542 si
3014 3502 3159 3543 vera
3187 3486 3437 3558 quidem
3467 3486 3611 3540 sunt

1950 3576 2253 3633 insomnia
2271 3578 2510 3649 Joseph,
2538 3593 2661 3648 qua
2687 3581 2812 3632 arte
2842 3574 2969 3630 ﬁeri
3001 3576 3213 3647 possit.
3245 3577 3306 3628 ut
3330 3587 3453 3628 non
3483 3588 3611 3629 om—

1950 3668 2095 3724 nino
2122 3667 2403 3721 eveniant
2429 3666 2836 3738 praenuntiata
2855 3666 2882 3719 Ὺ
2914 3665 3009 3720 sin
3040 3670 3241 3719 autem
3272 3662 3427 3718 falsa
3452 3677 3609 3719 som-

1950 3756 2190 3811 niorum
2222 3754 2352 3811 visa
2394 3771 2501 3810 cur
2545 3754 2817 3811 invident
2858 3753 3216 3809 aberranti?
3249 3753 3324 3819 (7)
3364 3750 3480 3807 Sed
3517 3765 3611 3807 re-

1950 3860 2095 3900 vera
2123 3849 2211 3899 est
2247 3844 2474 3901 diaboli
2517 3843 2833 3916 proprium
2866 3842 2983 3898 hoc
3041 3841 3298 3906 malum,
3344 3840 3606 3896 invidia:

1950 3949 2087 4006 quae
2103 3933 2279 4006 57o
2301 3947 2411 3989 nec
2431 3932 2630 3988 verbis
2658 3930 2913 4003 exprimi
2933 3934 3148 4004 potest,
3175 3945 3287 3986 nec
3307 3928 3609 3991 medelam

1950 4023 2228 4078 admittit.
2270 4024 2374 4079 Cui
2399 4026 2582 4094 caput
2610 4021 2859 4081 doletis
2889 4020 3125 4077 medico
3155 4018 3419 4075 declarat
3449 4017 3610 4089 capi-

1951 4112 2024 4168 tis
2049 4111 2357 4166 dolorem:
2405 4111 2508 4183 qui
2560 4110 2804 4165 invidiae
2843 4109 3059 4165 morbo
3102 4109 3358 4170 laborat,
3389 4105 3611 4179 ecquid

1950 4200 2164 4255 dixerit
2189 4200 2215 4253 ?
2254 4200 2549 4255 Exhibcnt
2589 4197 2738 4253 mihi
2785 4198 3126 4254 molestiam
3157 4197 3355 4253 fratris
3393 4194 3610 4251 bona?

1950 4292 2165 4346 Verum
2194 4290 2256 4345 id
2285 4294 2395 4352 est,
2414 4295 2477 4345 at
2499 4289 2695 4343 dicere
2714 4302 3213 4360 unumquemque
3231 4285 3432 4358 pudet.
3454 4283 3610 4350 Quid

1949 4380 2157 4435 doles?
2180 4386 2429 4435 tuumne
2457 4378 2647 4450 ipsius
2676 4376 2906 4433 malum
2937 4393 3017 4432 an
3040 4377 3305 4431 alienum
3335 4372 3607 4429 bonum?

1950 4467 2252 4527 Peculiare
2281 4472 2374 4523 est
2395 4466 2559 4520 haud
2590 4464 2773 4520 dubie
2802 4464 3028 4519 diaboli
3059 4462 3312 4529 malum,
3347 4459 3598 4516 invidia.

1952 4554 2564 4625 (8)0uemadmodum
2600 4553 2759 4608 enim
2787 4551 2990 4622 jacula
3019 4549 3246 4620 ingenti
3274 4548 3333 4603 vi
3362 4549 3604 4615 emissa,

1948 4643 2054 4698 ubi
2083 4642 2146 4697 in
2171 4632 2486 4714 quidpiam
2511 4641 2732 4696 durum
2764 4655 2835 4695 ac
2864 4640 3127 4695 renitens
3155 4636 3490 4699 inciderint,
3511 4650 3606 4693 re-

1953 4736 2260 4787 vertuntur
2287 4731 2350 4786 in
2374 4730 2805 4799 jaculatorem:
2837 4728 2921 4784 ita
2944 4743 3188 4800 quoque
3213 4725 3454 4782 invidiae
3476 4740 3605 4781 mo-

1947 4824 2045 4876 tus
2084 4819 2233 4875 nihil
2257 4819 2540 4875 laedentes
2572 4833 2711 4872 eum
2753 4816 2849 4872 cui
2879 4816 3199 4887 invidetur,
3226 4814 3423 4887 plagae
3453 4814 3605 4871 ﬁunt

1946 4909 2291 4965 invidentis.
2324 4911 2401 4975 (9)
2435 4910 2500 4962 In
2546 4905 2778 4962 invidia
2819 4920 3087 4977 namque
3112 4903 3374 4978 plurima
3398 4902 3606 4959 insunt

1947 4997 2148 5057 mala:
2177 4997 2281 5054 sed
2315 5011 2507 5057 unum
2536 4994 2678 5050 utile
2708 5001 2820 5063 est,
2850 4993 3020 5067 quod
3057 4993 3290 5053 malum
3312 4992 3380 5049 ﬁt
3402 4991 3603 5065 possi-

1947 5282 2073 5339 dita
2096 5296 2170 5337 ex
2198 5281 2482 5336 contextu
2511 5280 2567 5333 et
2591 5276 2774 5347 Regio
2804 5262 3031 5332 codice.

2136 5355 2220 5433 liis
2240 5353 2404 5433 bom.
2429 5356 2509 5406 De
2542 5350 2792 5416 invidia,
2817 5352 2903 5404 92.

2141 5424 2416 5549 lbeldliom.
2443 5492 2603 5547 dicta
2629 5490 2952 5567 in_Lacizis,
2989 5492 3116 5546 594.

2018 5563 2092 5633 (8i
2138 5569 2217 5621 Ex
2242 5566 2518 5621 hom.De
2544 5563 2793 5632 invidia,
2837 5565 2926 5633 91g.

2019 5631 2099 5720 (9)
2138 5640 2223 5694 Ex
2249 5637 2417 5715 hom.
2449 5636 2611 5692 dicta
2638 5635 2701 5692 in
2726 5631 2963 5701 Lacizis,
2994 5633 3118 5688 590.
