4084 6410
490 353 623 411 1343

1444 351 1807 408 ΑΡΡΕΝΟΙΧ.
1848 381 1917 391 -
1969 346 2311 407 SYMEONIS
2359 343 2889 403 METAPHRASTIE

3743 344 3920 401 1344

488 475 672 541 denti,
727 478 785 533 et
834 475 1032 534 exedit
1068 491 1171 534 cor
1194 478 1394 549 magis
1425 492 1612 550 quam
1641 475 1859 548 rubigo
1889 475 2133 532 ferrum.

2270 475 2383 545 ,ύπῃ
2415 475 2506 525 καὶ
2534 479 2608 543 τῷ
2635 477 2908 543 στεναγμῷ
2961 467 3044 523 ἐπὶ
3099 478 3161 542 τῇ
3214 469 3468 545 εὐημερίᾳ
3505 474 3604 522 τοῦ
3645 468 3921 526 πλησίον

489 566 804 623 Enimvero
833 566 1072 623 invidus
1101 566 1403 624 invidioso
1430 569 1606 622 nocet
1634 580 1852 637 parum
1884 582 1898 622 :
1946 564 2052 621 sed
2077 579 2140 621 se

488 655 617 728 ipse
643 670 899 712 maerore
925 657 1270 729 gemituque
1292 656 1373 711 ob
1399 655 1658 729 proximi
1679 654 2021 713 felicitatem
2039 653 2144 710 ab-

494 744 695 810 sumit,
719 759 827 801 nec
842 743 1145 801 imminuit
1163 744 1401 800 divitias
1424 743 1619 814 vicini,
1641 742 1747 805 sed
1764 758 1827 798 se
1846 743 1974 815 ipse
2003 757 2143 798 con-

493 833 751 906 sumpsit
784 850 892 906 per
938 834 1249 891 invidiam.
1310 836 1385 905 (t)
1416 832 1944 899 Quemadmodum
1981 831 2143 888 enim

493 936 653 978 curae
676 922 853 979 nobis
870 928 961 980 est
991 924 1322 991 materiam,
1345 939 1483 996 quin
1514 922 1685 979 facile
1717 921 1919 993 ignem
1948 922 2145 978 conci-

492 1011 597 1084 pit,
616 1027 802 1084 quam
818 1012 1168 1085 longissime
1189 1013 1270 1069 ab
1296 1013 1436 1084 igne
1458 1012 1856 1068 submovere:
1891 1012 1975 1068 sic
2004 1026 2145 1085 ope—

493 1116 575 1157 rte
603 1101 860 1173 pretium
890 1106 997 1170 est,
1044 1103 1250 1175 quoad
1282 1104 1412 1173 ejus
1441 1100 1569 1157 ﬁeri
1606 1106 1821 1174 potest,
1854 1100 2147 1157 amicitias

496 1204 570 1246 ex
594 1189 939 1247 invidorum
964 1192 1396 1248 consuetudine
1420 1190 1851 1259 subducere,ut
1875 1194 2042 1246 extra
2063 1190 2147 1245 in-

494 1280 671 1335 vidiae
709 1278 825 1336 tela
875 1281 1329 1337 constituamur.
1386 1283 1465 1351 (2)
1512 1282 1700 1336 Canes
1745 1278 1993 1352 quidem
2041 1293 2150 1334 nu-

492 1367 725 1424 triendo
749 1368 1060 1425 reddimus
1084 1373 1466 1425 mansuetos:
1510 1368 1615 1425 sed
1646 1367 1918 1423 invidum
1951 1366 2151 1424 confe-

493 1456 697 1513 rendis
721 1456 1027 1513 beneﬁciis
1058 1457 1352 1514 efﬁcimus
1381 1458 1796 1513 morosiorem.
1843 1459 1955 1512 Nec
1991 1456 2150 1511 enim

497 1543 569 1600 iis
611 1545 832 1617 quibus
876 1544 1138 1602 donatur
1192 1546 1371 1601 bonis
1421 1544 1675 1615 gaudet:
1710 1544 1815 1602 sed
1845 1544 2154 1617 opulentia

495 1632 752 1690 aliorum
783 1639 1011 1700 mmret,
1045 1633 1211 1706 quod
1242 1634 1436 1706 ipsius
1479 1634 1748 1705 inopiam
1780 1632 2047 1688 habeant
2071 1631 2154 1686 illi

498 1720 663 1776 unde
689 1720 986 1793 expleant.
1016 1722 1093 1792 (3)
1128 1720 1440 1777 Pantheris
1478 1720 1625 1793 ipsis
1654 1720 1833 1776 insita
1865 1724 1956 1775 est
1985 1724 2154 1775 natu-

2249 567 2341 614 καὶ
2402 564 2490 614 τὸν
2541 562 2632 633 μὲν
2678 559 2902 612 πλοῦτον
2948 566 3041 611 τού
3098 564 3323 631 γείτονος
3377 557 3474 610 οὐκ
3541 557 3918 624 ἠλάττωσεν,

2252 651 2431 706 ἑαυτὸν
2464 647 2523 703 δὲ
2559 656 2624 709 τῆ
2687 647 2957 721 βασκανίᾳ
3005 644 3461 706 κατεδαπάνησεν.
3519 646 3746 723 Ὠσπερ
3816 643 3922 700 οὖν

2251 744 2346 800 τὴν
2400 739 2828 813 εύκατάπρηστον
2885 737 3032 806 ὕλην,
3092 735 3328 810 ἐπιμελὲς
3378 738 3506 809 ἡμῖν
3552 739 3643 789 ὅτι
3668 734 3919 811 πορῥω-

2252 830 2392 881 τάτω
2420 834 2513 881 τοῦ
2560 830 2723 901 πυρός
2780 825 3149 901 ἀποτίθεσθαι,
3206 826 3343 878 οὑτω
3391 830 3529 900 χρὴ,
3581 825 3715 879 καθ’
3777 827 3921 878 ὅσοι

2254 919 2361 970 οἷον
2402 935 2474 983 τε,
2516 923 2612 979 τῆς
2666 922 2764 968 νῶν
2820 915 3101 989 βασκάνων
3150 915 3355 988 ὁμιλίας
3410 916 3508 977 τὰς
3547 914 3738 988 φιλίας
3812 912 3923 967 ἁπ-

2255 1008 2419 1078 άγειν,
2479 1004 2574 1068 ἔξω
2616 1012 2715 1058 τῶν
2764 1011 2857 1058 τοῦ
2884 1006 3072 1076 φθόνου
3109 1003 3273 1077 βελῶν
3314 1003 3527 1065 ἑαυτοὺς
3566 1011 3919 1064 ποιοῦντας.

2254 1099 2384 1155 Τοὺς
2427 1097 2518 1167 μὲν
2572 1095 2676 1168 γάρ
2734 1095 2889 1155 κύνας
2940 1097 3207 1170 τρέφοντες
3275 1094 3587 1167 ἡμεροῦμεν·
3666 1096 3774 1145 τὸν
3857 1090 3923 1145 δὲ

2258 1182 2524 1257 βάσκανον
2577 1182 2956 1257 εὐεργετοῦντες
3008 1181 3378 1256 χαλεπώτερον
3445 1181 3919 1258 ἀπεργαζόμεθα.

2257 1273 2334 1326 Οὐ
2384 1274 2486 1348 γὰρ
2540 1276 2722 1347 χαίρει
2766 1270 2840 1344 ἐφ’
2885 1273 2964 1332 οἷς
3011 1271 3071 1323 ἂν
3108 1272 3251 1343 πάθῃ
3307 1278 3591 1345 χρηστοῖς,
3641 1269 3795 1323 ἀλλὰ
3826 1270 3926 1323 λυ-

2257 1368 2432 1416 πεῖται
2487 1369 2550 1434 τῇ
2611 1361 2791 1436 ἐτέρων
2850 1360 3086 1436 εὐπορίᾳ,
3141 1362 3223 1413 ὅτι
3289 1362 3509 1433 ἔχουσιν
3576 1358 3718 1418 ὕλην
3790 1361 3924 1413 ὅθεν

2260 1450 2401 1522 αύτῷ
2430 1454 2518 1509 τὴν
2556 1454 2745 1524 χρείαν
2773 1449 3168 1523 πληρώσουσιν.
3218 1452 3285 1503 Αἱ
3320 1446 3610 1525 παρδάλεις
3652 1453 3923 1523 φυσικήν

2259 1558 2377 1591 τινα
2397 1542 2587 1610 ἔχουσι
2616 1541 2750 1612 πρός
2779 1541 2867 1591 τὸν
2910 1539 3182 1612 ἄνθρωπον
3239 1537 3420 1610 ὀργὴν,
3469 1541 3562 1590 καὶ
3611 1540 3926 1610 πεφύκασι

2261 1629 2494 1703 μάλιστα
2534 1635 2646 1691 τοῖς
2699 1627 2985 1700 ὀφθαλμοῖς
3033 1636 3134 1680 τῶν
3202 1626 3485 1701 ἀνθρώπων
3545 1625 3925 1699 ἐφάλλεσθαι.

2263 1721 2330 1772 Οἱ
2387 1719 2475 1771 οὖν
2532 1719 2942 1780 καταπαίζοντες
2989 1726 3081 1779 τῆς
3146 1722 3337 1792 μανίας
3398 1724 3490 1770 τοῦ
3561 1719 3796 1792 θηρίου,
3871 1718 3927 1771 ἐν

498 1807 639 1864 ralis
668 1808 949 1880 quaedam
981 1809 1041 1865 in
1071 1809 1381 1866 hominem
1429 1809 1538 1873 ira,
1581 1814 1640 1865 et
1669 1809 1932 1864 maxime
1963 1807 2156 1875 solent

2270 1809 2443 1884 χάρτῃ
2493 1808 2665 1860 εἰκόνα
2726 1804 3164 1880 προδεικνύουσιν
3229 1808 3297 1868 ὡς
3359 1808 3659 1881 ἄνθρωπον,
3709 1804 3784 1860 Ἡ
3859 1804 3928 1860 δὲ

498 1896 849 1953 hominibus
876 1898 937 1954 in
959 1899 1166 1955 oculos
1197 1898 1484 1955 involare.
1505 1901 1725 1971 ‘ltaque
1754 1897 1968 1953 bellum
1996 1896 2153 1953 furo—

498 2000 626 2042 rem
655 1985 847 2042 ridere
873 1988 978 2060 qui
1009 1987 1241 2059 volunt,
1280 1988 1612 2059 imaginem
1647 1986 1810 2042 velut
1845 1986 2155 2042 hominem

500 2075 552 2130 ei
578 2074 637 2130 in
669 2075 875 2132 charta
897 2079 1133 2149 ponunt
1161 2077 1241 2133 ob
1271 2075 1498 2133 oculos.
1534 2075 1640 2133 llla
1667 2081 1871 2132 autem
1911 2090 2034 2147 prae
2064 2075 2155 2130 ni-

498 2162 624 2218 mia
644 2162 734 2220 ira
762 2164 907 2221 nihil
928 2165 1218 2236 cogitans,
1252 2165 1524 2222 chartam
1555 2164 1717 2221 velut
1741 2163 2050 2220 hominem
2068 2163 2158 2219 'di-

2264 1899 2366 1950 ὑπὸ
2416 1905 2514 1959 τῆς
2574 1899 2710 1969 ἄγαν
2766 1897 2928 1973 o'pyi;
2982 1901 3054 1970 μή
3103 1896 3437 1970 λογιζομένη,
3497 1898 3566 1958 ὡς
3608 1896 3927 1970 ἄνθρωπον

2268 1988 2569 2060 σπαράσσει
2599 1990 2687 2038 τόν
2734 1988 2965 2061 χάρτην,
3021 1984 3172 2039 κάκεῖ
3216 1981 3459 2038 δείκνυσι
3487 1988 3548 2037 τὸ
3583 1986 3925 2059 μισάνθρω-

2264 2078 2382 2132 πόν.
2441 2079 2594 2128 Οὕτω
2650 2080 2743 2128 καὶ
2789 2077 2815 2128 ὁ
2862 2071 3109 2137 διάϐολος
3151 2074 3199 2127 ἕν
3249 2081 3313 2148 τῇ
3358 2074 3514 2127 εἰκόνι
3542 2077 3603 2126 τό
3639 2077 3920 2147 μισόθεον

2270 2160 2483 2234 ἔδειξεν,
2516 2162 2696 2224 ἐπειδὴ
2727 2169 2861 2217 Θεοῦ
2884 2163 3271 2238 προσάψασθαι
3301 2163 3396 2216 ούκ
3425 2160 3672 2217 ἐδύνατο.

499 2251 707 2323 laniat,
738 2253 975 2326 illicque
996 2270 1177 2310 suum
1204 2256 1265 2310 in
1297 2255 1577 2310 homines
1606 2254 1814 2310 odium
1845 2252 2125 2309 ostendit.
2155 2252 2247 2310 Sic
2267 2254 2447 2310 etiam
2465 2252 2750 2310 diabolus
2774 2269 2958 2311 suum
2979 2253 3041 2310 in
3064 2256 3255 2310 Deum
3288 2252 3497 2310 odium
3518 2251 3829 2326 patefecit
3848 2253 3916 2309 in

500 2338 784 2411 imagine,
816 2359 953 2398 cum
985 2343 1275 2413 attingere
1298 2346 1486 2399 Deum
1514 2357 1639 2398 non
1668 2344 1893 2415 posset.

571 2431 624 2486 li.
649 2430 724 2501 (4)
754 2428 946 2486 Velim
976 2431 1200 2504 itaque,
1232 2447 1264 2485 o
1286 2431 1498 2508 homo,
1530 2430 1944 2487 maleﬁcorum
1966 2428 2157 2486 imita-

500 2517 728 2574 tionem
763 2518 983 2592 fugias,
1014 2520 1075 2576 in
1104 2520 1335 2577 inﬁrmo
1367 2521 1617 2577 animali
1655 2520 1907 2578 astutias
1937 2519 2160 2576 multas

502 2610 559 2664 et
582 2606 829 2664 insidias
858 2609 1251 2682 perspiciens;
1277 2609 1623 2681 cujusmodi
1649 2609 1808 2666 istud
1835 2614 1940 2665 est:
1968 2612 2161 2681 Appe-

504 2697 573 2753 tit
600 2701 813 2754 ostreae
847 2713 1090 2755 carnem
1112 2714 1355 2755 cancer:
1381 2700 1487 2756 sed
1512 2698 1772 2755 difﬁcilis
1793 2705 1977 2771 captu
1997 2701 2085 2754 est
2108 2698 2162 2754 ei

503 2784 632 2842 haec
662 2786 890 2858 praeda,
916 2792 1160 2860 propter
1189 2792 1354 2845 testae
1392 2790 1858 2845 munimentum.
1894 2791 2041 2844 Nam
2071 2797 2159 2843 in-

503 2873 700 2944 fragili
729 2880 897 2948 septo
929 2876 1126 2933 carnis
1159 2877 1620 2933 teneritudinem
1652 2881 1874 2933 natura
1891 2891 2161 2932 commu-

503 2962 675 3022 nivit.
704 2966 1077 3038 Quapropter
1097 2971 1155 3023 et
1168 2967 1283 3022 hoc
1301 2965 1529 3021 animal
1553 2965 2041 3022 ostracodermon
2062 2980 2162 3020 vo-

504 3057 694 3110 catur.
718 3055 782 3109 Et
807 3054 1098 3126 quoniam
1127 3055 1250 3111 duo
1280 3071 1448 3124 cava,
1474 3059 1748 3111 accurate
1771 3054 1884 3109 sibi
1905 3053 2161 3110 invicem

505 3142 848 3214 conjuncta,
878 3148 1141 3201 ostream
1172 3143 1451 3200 ambiunt
1479 3150 1536 3201 et
1564 3144 2158 3217 circumplectuntur,

505 3229 762 3304 forcipes
792 3234 992 3289 cancri
1033 3233 1379 3290 necessario
1421 3232 1763 3289 inefﬁcaces
1805 3236 1965 3289 sunt.
2008 3232 2161 3299 Quid

504 3320 684 3390 igitur
714 3322 956 3379 molitur
974 3324 1002 3378 ?
1031 3325 1177 3379 Cum
1206 3322 1421 3379 viderit
1448 3328 1709 3379 ostream
1740 3322 1799 3378 in
1818 3321 2159 3395 tranquillis

504 3408 652 3466 locis
673 3425 796 3466 non
813 3410 940 3467 sine
954 3411 1263 3485 voluptate
1284 3411 1691 3484 apricantem:
1717 3415 1774 3468 et
1805 3411 1884 3468 ad
1905 3411 2047 3468 solis
2070 3426 2161 3468 ra-

506 3497 640 3555 dios
660 3498 867 3555 valvas
898 3516 1041 3557 suas
1071 3501 1492 3573 explicantem:
1518 3504 1678 3567 tunc,
1701 3501 2046 3558 clanculum
2074 3501 2163 3557 in-

501 3587 663 3658 jecto
688 3587 936 3654 calculo,
956 3590 1311 3662 plicaturam
1340 3590 1616 3662 impedit,
1631 3595 1811 3663 atque
1835 3590 2003 3663 quod
2028 3589 2159 3646 viri-

510 3676 626 3733 bus
652 3675 876 3747 deerat,
898 3677 961 3733 id
980 3683 1114 3736 astu
1139 3683 1194 3735 et
1217 3678 1358 3735 dolo
1379 3678 1649 3735 obtinere
1670 3678 2160 3752 deprehenditur.

510 3765 647 3821 Haec
683 3769 773 3822 est
809 3781 1020 3823 eorum
1065 3783 1203 3840 quae
1245 3783 1441 3840 neque
1483 3768 1733 3839 ratione,
1780 3784 1978 3842 neque
2018 3785 2166 3826 voce

509 3854 760 3928 praedita
801 3861 958 3926 sunt,
1007 3857 1253 3913 malitia.
1308 3857 1462 3913 Talis
1517 3862 1605 3914 est
1656 3858 1759 3931 qui
1812 3859 1890 3915 ad
1920 3857 2165 3916 fratrem

510 3943 920 4001 fraudulenter
949 3946 1198 4013 accedit,
1232 3946 1674 4021 adversamque
1705 3948 1963 4021 proximi
1984 3948 2165 4006 fortu—

508 4044 653 4088 nam
684 4032 969 4090 insidiose
989 4035 1239 4107 impetit,
1271 4040 1327 4091 et
1354 4035 1563 4091 alienis
1592 4036 1838 4093 insultat
1863 4036 2168 4093 calamita-

508 4120 690 4177 tibus.
726 4124 939 4178 Verum
964 4139 1162 4196 neque
1190 4124 1398 4197 polypi
1426 4125 1816 4198 praeterierim
1849 4125 2059 4181 dolum
2091 4141 2162 4182 ac

509 4208 821 4277 versutias,
836 4212 937 4283 qui
955 4212 1367 4286 qualicunque
1394 4213 1635 4270 tandem
1652 4230 1800 4269 saxo
1826 4214 2163 4285 adhaeserit,

510 4296 665 4354 illius
693 4298 888 4355 induit
928 4301 1213 4358 colorem.
1247 4302 1653 4368 Quamobrem
1691 4303 1858 4374 571
1896 4303 2166 4376 plerique

511 4387 705 4460 pisces
719 4389 1050 4460 improvide
1068 4395 1343 4447 natantes
1359 4392 1418 4448 in
1441 4391 1735 4465 polypum
1754 4392 1832 4447 uti
1853 4392 1915 4448 in
1933 4397 2165 4465 petram

510 4476 799 4549 incidunt,
815 4482 1216 4553 paratamque
1244 4484 1483 4537 versuto
1512 4479 1592 4535 illi
1622 4480 1895 4553 praedam
1926 4483 2056 4537 sese
2082 4480 2165 4538 of-

510 4565 727 4624 ferunt.
757 4566 1001 4624 Talibus
1020 4568 1292 4625 moribus
1332 4571 1473 4626 sunt
1498 4568 1752 4641 prmditi,
1780 4569 1886 4642 qui
1927 4585 2168 4644 semper

509 4655 906 4729 potestatibus
927 4656 1133 4715 domin
1143 4657 1381 4715 antibus
1399 4662 1799 4726 assentantur,
1816 4657 2067 4733 seseque
2087 4659 2167 4717 ad

509 4744 812 4818 quoslibet
839 4745 1056 4802 modos
1079 4762 1344 4820 ususque
1374 4746 2052 4814 accommodant,necin
2066 4764 2165 4806 ea-

511 4834 653 4892 dem
673 4834 860 4892 animi
879 4837 1171 4893 sententia
1190 4836 1540 4909 persistunt,
1569 4836 1676 4893 sed
1715 4836 1816 4894 alii
1854 4843 2036 4911 atque
2067 4837 2167 4896 alii

512 4923 685 4981 facile
704 4925 940 4993 ﬁunt,et
956 4925 1316 4982 sententiam
1337 4930 1573 4983 mutant
1589 4925 1662 4983 ad
1689 4926 2167 5001 uniuscujusque

511 5012 769 5084 gratiam
798 5014 1260 5071 conciliandam.
1307 5016 1466 5080 Quos
1495 5013 1737 5073 difﬁcile
1786 5019 1878 5074 est
1920 5016 2163 5088 evitare,

513 5102 749 5176 sibique
771 5103 851 5160 ab
880 5104 1154 5178 ipsorum
1182 5105 1565 5163 nocumentis
1590 5120 1819 5171 cavere,
1845 5110 2167 5180 propterea

512 5191 680 5266 quod
703 5206 915 5250 eorum
937 5192 1298 5251 concinnata
1314 5194 1582 5267 pravitas
1603 5194 1721 5252 sub
1742 5194 2019 5253 amicitiae
2037 5210 2167 5269 spe-

586 5370 665 5442 (l)
700 5371 783 5425 Ex
810 5369 977 5442 hom.
1004 5370 1093 5442 Die
1119 5370 1375 5442 invidia,
1405 5374 1492 5428 94.

607 5440 661 5515 2)
700 5443 786 5515 Ex
810 5440 979 5515 hom.
1011 5441 1174 5499 dicta
1196 5442 1260 5498 in
1288 5440 1526 5515 Lacizis,
1562 5446 1687 5499 594.

612 5510 666 5650 3’;
704 5510 880 5580 Ibid.,
912 5515 1035 5568 695.

612 5586 643 5637 4
706 5583 790 5637 Ex
813 5582 978 5638 hom.
1006 5602 1035 5639 v

585 5582 666 5651 (⁷4)
706 5583 790 5637 Ex
813 5582 978 5638 hom.
1006 5601 1076 5639 vn
1102 5585 1166 5641 in
1195 5584 1509 5648 Hexaem.,
1544 5588 1633 5642 65.

589 5653 667 5723 (5)
705 5651 1035 5715 Διαπλῶσαν.
1086 5656 1178 5714 Sic
1207 5656 1426 5729 Regius
1458 5656 1668 5728 codex,
1712 5655 1928 5714 melius
1978 5671 2168 5732 quam

2343 2434 2394 2486 4.
2435 2437 2725 2506 Τοιγαροῦν
2786 2430 3048 2505 βούλομαί
3108 2450 3166 2484 σε
3213 2437 3390 2503 φυγεῖν
3444 2437 3547 2483 τῶν
3577 2432 3912 2505 κακούργων

2269 2522 2364 2578 τὴν
2394 2524 2641 2593 μίμησιν,
2695 2521 2952 2594 ἄνθρωπε,
3002 2524 3093 2572 καὶ
3145 2522 3196 2573 ἐν
3247 2517 3452 2574 ἀσθενεῖ
3500 2520 3621 2592 ζώω
3654 2518 3796 2572 πολύ
3841 2523 3907 2572 τό

2269 2616 2562 2683 πανοῦργον
2586 2629 2676 2662 και
2710 2608 2978 2662 ἐπίϐουλον
3030 2612 3423 2682 καταμαθόντω
3470 2611 3579 2662 οἷον
3631 2628 3685 2661 τι
3731 2607 3903 2680 λέγωο

2269 2697 2326 2749 Ὀ
2356 2702 2594 2771 καρκίνος
2645 2707 2737 2760 τῆς
2793 2703 2982 2773 σαρκός
3028 2696 3270 2771 ἐπιθυμεῖ
3319 2704 3411 2750 τού
3469 2697 3712 2772 ὁστρέοιν
3758 2695 3903 2751 ἀλλὰ

2272 2782 2577 2850 δυσάλωτος
2636 2790 2667 2846 ἡ
2737 2788 2878 2861 ἄγρα
2934 2789 3075 2858 αύτῷ
3134 2783 3230 2840 διὰ
3292 2791 3387 2846 τὴν
3453 2785 3741 2861 περιϐολὴν
3799 2794 3897 2839 τοῦ

2271 2875 2556 2950 ὀστράκουο
2615 2875 2832 2951 ἀρραγεί
2885 2878 2988 2952 γὰρ
3042 2876 3195 2953 ἑρκίῳ
3243 2879 3302 2929 τό
3333 2874 3532 2929 ἁπαλόν
3564 2884 3660 2937 τῆς
3690 2880 3889 2952 σαρκός

2271 2967 2302 3024 ἡ
2373 2969 2527 3038 φύσις
2589 2964 3046 3038 κατησφαλίσατο.
3120 2967 3208 3018 Διό
3295 2969 3387 3018 καὶ
3462 2961 3896 3041 ὀστρακόδερμον

2271 3059 2713 3128 προσηγόρευται.
2774 3057 2873 3107 Καὶ
2927 3050 3110 3113 ἐπειδὴ
3164 3048 3262 3107 δύο
3314 3053 3612 3115 κοιλότητες
3662 3052 3901 3127 ἀκριϐῶς

2273 3142 2520 3205 ἀλλήλαις
2547 3147 3016 3217 προσηρμοσμέναι
3063 3145 3123 3196 τό
3155 3144 3364 3218 ὄστρεον
3413 3145 3896 3217 περιπτύσσονται,

2272 3230 2561 3304 ἀναγκαίως
2595 3235 2858 3307 ἄπρακτοί
2905 3231 3036 3285 εἰσιν
3084 3234 3139 3285 αἱ
3188 3231 3358 3304 χηλαὶ
3404 3239 3499 3285 τοῦ
3523 3237 3803 3308 καρκίνον.
3836 3235 3899 3290 Τί

2270 3321 2359 3374 οὖν
2419 3328 2593 3388 ποιεῖς
2658 3328 2819 3374 Ὅταν
2882 3317 2974 3395 ἴδῃ
3040 3319 3088 3373 ἐν
3148 3319 3431 3394 ἀπηνέμοις
3491 3326 3723 3397 χωρίοις
3773 3320 3895 3394 μεθ’

2270 3407 2468 3472 ἡδονῆς
2525 3406 2960 3483 διαθαλπόμενον,
3021 3415 3111 3463 καὶ
3176 3413 3304 3485 πρός
3367 3414 3464 3470 τὴν
3539 3409 3727 3464 ἀκτῖνα
3798 3419 3894 3464 τοῦ

2271 3498 2420 3558 ἡλίου
2475 3502 2566 3561 τὰς
2620 3502 2835 3571 πτύχας
2899 3500 3083 3553 ἑαυτοῦ
3147 3495 3455 3552 διαπλῶσαν
3486 3500 3589 3571 (5),
3631 3504 3749 3553 τότε
3819 3497 3889 3559 δὴ

2268 3588 2439 3662 λάθρα
2461 3585 2675 3660 ψηφῖδα
2703 3587 3071 3664 παρεμϐαλὼν,
3105 3585 3388 3642 διακωλύει
3427 3592 3524 3648 τὴν
3562 3590 3889 3662 σύμπτυξιν,

2272 3683 2362 3730 καὶ
2425 3678 2719 3753 εὑρίσκεται
2782 3682 2838 3732 τό
2908 3677 3132 3732 ἐλλεῖπον
3194 3685 3284 3740 τῆς
3352 3674 3623 3752 δυνάμεως
3669 3676 3764 3732 διὰ
3801 3685 3892 3740 τῆς

2274 3765 2504 3829 ἐπινοίας
2530 3771 2913 3843 περισχόμενος
2943 3768 3048 3832 (6).
3121 3767 3263 3826 Αὕτη
3304 3769 3335 3826 ἠ
3390 3771 3553 3820 κακία
3600 3775 3703 3820 τῶν
3753 3774 3889 3841 μήτε

2273 3855 2429 3928 λόγου
2462 3861 2595 3930 μήτε
2642 3866 2808 3931 φωνῆς
2843 3860 3188 3930 μετεχόντων.
3237 3861 3485 3921 Τοιοῦτός
3526 3855 3669 3911 ἐστιν
3699 3859 3726 3911 ό
3756 3861 3890 3933 πρὸς

2275 3948 2362 3998 τόν
2393 3942 2613 4018 ἀδελφὸν
2665 3947 3005 4020 πορευόμενος
3063 3942 3222 4018 δόλῳ,
3273 3950 3363 3999 καὶ
3399 3953 3512 4007 ταῖς
3541 3954 3634 3999 τού
3663 3947 3887 4005 πλησίον

2276 4033 2539 4108 ἀκαιρίαις
2599 4033 2968 4107 ἐπιτιθέμενος,
3020 4040 3112 4088 καὶ
3165 4042 3281 4097 ταῖς
3324 4033 3621 4111 ἀλλοτρίαις
3676 4055 3885 4109 συμφο-

2273 4130 2388 4197 ραῖς
2417 4123 2689 4198 ἐντρυφῶν.
2745 4122 2883 4175 Ἀλλ’
2927 4123 3023 4176 οὐκ
3071 4122 3131 4175 ἂν
3174 4124 3488 4197 παρέλθοιμι
3531 4128 3587 4177 τό
3642 4132 3735 4177 τοῦ
3793 4146 3885 4179 πο-

2273 4208 2503 4274 λύποδος
2555 4208 2763 4285 δολερὸν
2809 4216 2900 4264 καὶ
2949 4211 3224 4265 ἐπίκλοπον
3255 4213 3354 4284 (7),
3408 4213 3461 4275 ὃς
3498 4214 3643 4284 ὀποιᾳ
3670 4212 3788 4264 ποτ’
3817 4214 3882 4266 ἂν

2276 4299 2525 4353 ἑκάστοτε
2574 4303 2738 4375 πέτρᾳ
2787 4300 3103 4375 περιπλακῇ,
3169 4304 3265 4360 τὴν
3332 4299 3530 4364 ἐκείνης
3582 4302 3874 4374 ύμίρχεται

2273 4392 2470 4463 χρόαν.
2503 4387 2664 4442 Ὠστε
2714 4391 2838 4452 τοὺς
2888 4389 3107 4453 πολλούς
3165 4397 3261 4442 τῶν
3314 4390 3518 4463 ἰχθύων
3572 4387 3877 4465 ἀπροόπτως

2272 4482 2597 4551 νηχομένους
2669 4485 2742 4551 τῷ
2823 4475 3090 4533 πολύποδι
3144 4497 3472 4553 περιπιπτειν
3501 4522 3523 4549 ,
3594 4486 3659 4553 τῇ
3716 4484 3882 4554 πέτρᾳ

2277 4563 2454 4637 δῆθεν,
2499 4571 2587 4621 καὶ
2640 4566 2843 4642 ἕτοιμον
2888 4569 3131 4641 γίνεσθαι
3188 4570 3398 4643 θήραμα
3451 4576 3525 4641 τῷ
3579 4571 3879 4646 πανούργῳ,

2198 4631 2244 4685 D
2272 4661 2513 4711 Τοιοῦτοί
2550 4657 2652 4711 εἰσι
2681 4661 2740 4711 τό
2772 4655 2898 4719 ἦθος
2928 4659 2977 4711 οἰ
3006 4660 3100 4721 τὰς
3130 4656 3208 4711 ἀεὶ
3244 4660 3546 4732 κρατούσας
3567 4654 3878 4724 δυναστείας

2274 4749 2646 4821 ύπερχόμενοι,
2689 4751 2781 4800 καὶ
2825 4750 2959 4821 πρὸς
2998 4749 3094 4809 τὰς
3122 4747 3370 4802 ἑκάστοτε
3408 4752 3590 4821 χρείας
3620 4767 3879 4825 μεταρμο-

2277 4837 2502 4910 ζόμενοι,
2529 4840 2601 4909 μὴ
2631 4834 2716 4889 ἐπὶ
2745 4843 2809 4896 τῆ
2820 4857 2841 4899 ς
2862 4834 3027 4900 αὐτῆς
3056 4841 3404 4911 προαιρέσεως
3438 4835 3745 4908 βεϐηκότες,
3775 4837 3876 4891 ἀλλ’

2274 4924 2420 4979 ἄλλοι
2449 4929 2540 4978 καὶ
2563 4924 2709 4978 ἄλλοι
2727 4921 2927 5001 ῥᾳδίως
2956 4929 3240 5000 γινόμενοι,
3268 4930 3509 5000 καὶπρὸς
3536 4930 3633 4986 τὴν
3660 4927 3867 4981 ἑκάστου

2273 5012 2545 5089 ἀρέσκειαν
2565 5017 2658 5078 τὰς
2686 5019 2898 5089 γνώμας
2947 5017 3356 5089 μετατιθέμενοι.
3409 5014 3515 5080 Ούς
3545 5012 3674 5070 οὐδὲ
3699 5011 3865 5092 ῥᾴδιον

2273 5102 2522 5172 ἐκκλῖναι,
2546 5100 2671 5157 ούδὲ
2698 5107 2794 5162 τὴν
2844 5101 2938 5157 ἀπ’
2978 5104 3150 5158 αύτων
3177 5103 3510 5178 φυλάξασθαι
3536 5102 3762 5178 βλάϐην,
3785 5100 3878 5158 διὰ

2271 5195 2330 5247 τὸ
2385 5191 2433 5245 ἰν
2484 5199 2558 5265 τῷ
2609 5197 2962 5267 προσχήματι
3015 5202 3111 5257 τῆς
3162 5192 3336 5267 φιλίας
3365 5192 3574 5268 βαθίως
3609 5212 3881 5248 κετεσκευ-

2274 5371 2419 5429 editi
2449 5374 2506 5428 et
2529 5375 2845 5429 contextus
2879 5371 3274 5429 διαπλώσαντα.

2344 5446 2425 5515 (6)
2465 5449 2873 5518 Περισχόμενος.
2911 5445 3063 5502 Satis
3089 5442 3410 5502 commode
3441 5441 3662 5514 Regius
3690 5443 3890 5505 codex

2274 5519 2698 5592 περιερχόμενος,
2728 5522 3005 5592 captans:
3037 5518 3362 5592 contextus
3388 5520 3784 5592 περιεχόμενος.

2349 5586 2431 5661 (7)
2452 5586 2813 5661 “’βὰτί;ιλοπον.’
2852 5588 2945 5646 Sic
2973 5588 3188 5661 Regius
3228 5587 3421 5646 codex
3448 5586 3507 5645 et
3535 5586 3886 5648 contextus.

2277 5657 2451 5731 Editi,
2482 5657 2757 5713 ἐπίπλοκον
2768 5705 2783 5718 ,
