4084 6396
224 301 371 360 1349

975 296 1207 364 snmio
1251 305 1384 363 xu.
1406 337 1477 351 -
1506 307 1597 365 DE
1626 298 2118 368 TEMPERANTIA
2158 294 2251 367 ET
2291 309 2858 372 lNCONTlNENTIA.

3463 300 3605 375 4350

228 425 312 479 ἐπ’
336 424 495 499 ἃκρον
534 427 730 492 ιυεξιαν
764 428 953 503 ἰατρῶν
980 434 1206 491 ἤκουσα.
1245 438 1346 487 Καὶ
1384 436 1484 508 γὰρ
1515 436 1545 493 ἠ
1580 436 1713 506 ἄγαν
1744 443 1835 489 τοῦ

1951 436 2130 493 nimis
2181 438 2414 495 bonum
2464 438 2732 510 corporis
2762 442 2988 496 statum
3022 438 3199 512 quasi
3234 439 3605 511 superﬂuam

230 521 472 588 σώματος
500 516 764 590 ἐπιμέλεια
793 520 934 591 αὐτῷ
964 540 1019 573 τε
1058 519 1363 583 ἀλυσιτελὴς
1394 532 1466 594 τῷ
1501 530 1725 597 σώματι,
1747 531 1838 578 καὶ

228 609 363 678 πρὸς
390 611 485 664 τὴν
511 605 698 679 ψυχὴν
725 606 977 681 ἐμπόδιόν
1010 607 1124 662 ἔστι
1148 631 1161 644 ο
1201 615 1259 663 τό
1308 632 1366 684 γε
1410 614 1839 667 ὑποπεπτωκέναι

230 697 397 767 τούτῳ
434 700 524 749 καὶ
575 699 892 772 θεραπεύειν,
942 704 1106 771 μανία
1148 706 1320 773 σαφής
1351 722 1365 735 ·
1424 707 1622 763 Παντός
1665 709 1838 756 τοίνυν

229 783 541 857 ὑπεροπτέον
569 792 660 837 τοῦ
714 792 952 859 σώματος
980 797 1054 859 τῷ
1106 793 1176 861 μή
1236 792 1307 851 ὡς
1353 788 1401 842 ἐν
1455 789 1697 865 βορϐόρῳ
1722 801 1839 856 ταῖς

231 868 453 934 ἡδοναῖς
502 874 662 926 αὐτοῦ
717 878 1129 950 κατορωρύχθαι
1180 877 1436 949 μέλλοντι,
1498 881 1527 939 ᾖ
1584 889 1837 934 τοσοῦτον

232 958 499 1014 ἀνθεκτέον
530 962 712 1026 αὐτοῦ,
744 966 888 1029 ὅσον,
913 971 1044 1036 φησί
1078 965 1310 1038 Πλάτων,
1368 969 1658 1043 ὑπηρεσίαν
1698 970 1837 1042 φιλο-

233 1054 417 1122 σοφίας
444 1056 752 1123 κτωμένους,
808 1051 1014 1106 ἐοικότα
1060 1074 1160 1107 που
1209 1055 1366 1131 λέγων
1424 1066 1497 1128 τῷ
1542 1058 1751 1130 Παύλῳ,
1783 1060 1839 1123 ὃς

229 1146 476 1214 παραινεῖ
502 1136 769 1213 μηδεμίαν
798 1150 1000 1214 χρῆναι
1030 1150 1123 1196 τοῦ
1152 1150 1396 1218 σώματος
1422 1149 1561 1219 ἔχειν
1593 1153 1837 1223 πρόνοιαν

230 1228 305 1290 εἰς
335 1228 621 1302 ἐπιθυμιῶν
657 1229 892 1306 ἀφορμήν
905 1276 919 1290 ,

305 1504 358 1558 3.
392 1501 551 1555 nam
591 1505 657 1555 τὰ
685 1504 775 1575 μὲν
814 1505 1042 1577 ἡμέτερα
1086 1507 1166 1572 (1)
1217 1503 1455 1560 τοιαῦτα.
1507 1510 1751 1570 Γυναῖκες
1781 1504 1842 1561 δὲ

228 1588 539 1657 ἀκόλαστοι,
576 1590 945 1663 ἐπιλαϐόμεναι
973 1601 1067 1645 τοῦ
1094 1593 1252 1665 φόϐου
1306 1601 1399 1647 τοῦ
1438 1599 1588 1665 Θεοῦ,
1620 1604 1712 1649 τοῦ
1742 1616 1840 1649 πυ-

228 1683 323 1753 ρὸς
350 1688 440 1731 του
489 1680 700 1733 αἰωνίου
741 1687 1233 1756 καταφρονήσασαι,
1274 1682 1324 1736 ἐν
1382 1686 1553 1759 ἡμέρᾳ
1595 1688 1839 1759 τοιαύτη,

1948 525 2285 597 quamdam
2316 526 2457 582 vitis
2485 524 2854 583 feracitatem
2886 531 3244 599 amputaret.
3261 530 3381 596 Ego
3401 533 3604 584 autem

1950 614 2219 686 corporis
2236 614 2660 671 habitudinem
2681 630 2919 671 summe
2931 613 3158 671 bonam
3180 614 3363 671 etiam
3376 613 3605 686 pericu-

1946 702 2137 758 losam
2158 718 2286 759 esse
2298 703 2596 761 amedicis
2610 702 3038 777 audivi.Nimia
3052 705 3214 760 enim
3226 703 3494 775 corporis
3505 717 3603 757 cu~

1946 806 2017 848 ra
2042 792 2215 864 573
2235 793 2539 865 eteorpori
2558 792 2677 865 ipsi
2696 792 2925 849 inutilis
2947 798 3055 861 est,
3071 798 3128 849 et
3147 792 3367 849 animae
3383 789 3602 856 ofﬁcit;

1949 879 2003 936 ei
2024 886 2227 936 autem
2254 882 2606 938 submittere
2634 897 2699 937 se
2731 887 2789 938 et
2809 881 3083 954 obsequi,
3102 879 3422 937 manifesta
3439 879 3604 935 insa-

1947 969 2067 1025 nia.
2094 972 2168 1041 (4)
2188 973 2400 1025 Totum
2424 970 2601 1039 igitur
2621 986 2841 1043 corpus
2867 969 3382 1026 contemnendum
3416 972 3505 1025 est
3528 966 3600 1035 el,

1948 1059 2053 1131 qui
2082 1059 2141 1114 in
2158 1058 2351 1131 ipsius
2373 1058 2779 1130 voluptatibus
2792 1059 2971 1131 quasi
2991 1060 3054 1114 in
3075 1074 3246 1114 cceno
3265 1057 3413 1113 nolit
3436 1055 3604 1113 volu-

1949 1146 2082 1216 tari,
2097 1153 2200 1202 aut
2223 1152 2453 1202 tantum
2477 1147 2980 1218 eiindulgendum
2996 1147 3171 1211 est,in
3192 1143 3602 1218 quantum,in-

1948 1236 2077 1309 quit
2104 1235 2289 1305 Plato,
2328 1236 2730 1308 philosophiae
2766 1236 3031 1302 inservit,
3071 1250 3195 1290 non
3224 1234 3404 1303 longe
3433 1231 3603 1288 aliter

1946 1324 2183 1380 locutus
2204 1330 2385 1397 atque
2424 1324 2664 1389 Paulus,
2703 1326 2807 1397 qui
2838 1328 3045 1380 monet
3070 1321 3302 1380 nullam
3332 1319 3602 1393 corporis

1947 1413 2301 1471 habendam
2323 1429 2535 1470 curam
2563 1414 2642 1470 ad
2667 1413 3070 1485 cupiditatum
3093 1410 3413 1469 materiam
3434 1411 3505 1465 ⁸⁷.

2021 1508 2074 1560 3.
2114 1504 2342 1559 Verum
2374 1507 2596 1559 nostra;
2623 1517 2754 1558 sese
2779 1501 2864 1559 ita
2887 1518 2982 1557 res
3025 1501 3274 1557 habent.
3300 1499 3380 1571 (5)
3409 1497 3602 1556 Mulio-

1947 1608 2044 1649 res
2072 1592 2330 1658 lascivae,
2373 1591 2603 1648 timoris
2651 1591 2755 1647 Dei
2793 1590 3013 1662 oblitae,
3060 1595 3350 1646 internum
3394 1588 3601 1658 ignem

1951 1686 2309 1754 aspernatae,
2337 1683 2400 1737 in
2428 1680 2530 1738 illa
2553 1681 2688 1754 ipsa
2717 1681 2837 1749 die,
2876 1696 3017 1736 cum
3044 1679 3125 1735 ob
3152 1676 3602 1734 resurrectionis

230 1768 317 1820 ὅτε
350 1769 511 1831 αὐτὰς
560 1767 725 1843 ἐχρῆν
776 1767 869 1823 διὰ
895 1775 988 1829 τὴν
1035 1770 1325 1845 ἀνάμνησιν
1371 1781 1467 1834 τῆς
1508 1772 1840 1835 ἀναστάσεως

1951 1771 2307 1827 memoriam
2332 1774 2681 1842 oportuerat
2708 1785 2810 1826 eas
2841 1768 2903 1826 in
2942 1767 3230 1825 domibus
3272 1766 3499 1829 sedere,
3531 1778 3602 1821 ac

229 1859 502 1915 καθῆσθαι
532 1857 582 1910 ἐν
604 1867 714 1920 τοῖς
742 1862 925 1926 οἳκοις,
955 1865 1045 1912 καὶ
1075 1863 1269 1913 ἔννοιαν
1299 1860 1578 1933 λαμϐάνειν
1601 1866 1695 1925 τῆς
1716 1865 1840 1936 ἡμέ-

228 1965 327 2021 ρας
358 1945 575 2007 ἐκείνης,
608 1949 725 2001 καθ’
762 1947 821 2006 ἣν
852 1947 1225 2021 ἀνοιγήσονται
1255 1953 1346 2021 μὲν
1378 1952 1425 2001 οὶ
1465 1950 1695 2025 οὐρανοὶ,
1728 1950 1838 2003 ἐπι-

229 2041 515 2107 φανήσεται
541 2033 600 2090 δε
629 2039 656 2090 ό
689 2042 879 2110 Κριτής
910 2036 963 2101 ἐξ
991 2037 1336 2113 οὐρανῶν,καὶ
1362 2040 1649 2112 σάλπιγγες
1679 2047 1834 2108 Θεοῦ,

230 2128 323 2176 καὶ
351 2122 644 2187 ἀνάστασις
668 2136 879 2200 νεκρῶν,
911 2132 1001 2179 καὶ
1026 2131 1206 2202 κρίσις
1232 2124 1438 2193 δικαία,
1458 2134 1548 2180 καὶ
1572 2125 1841 2190 ἀντίδοσις

231 2210 437 2284 ἑκάστῳ
462 2217 599 2267 κατὰ
627 2218 685 2268 τὸ
717 2218 862 2290 ἔργον
894 2216 1054 2268 αὐτοῦ
1089 2237 1101 2250 ·
1152 2214 1266 2269 ἀντὶ
1300 2224 1393 2269 τοῦ
1428 2224 1594 2270 ταῦτα
1624 2220 1763 2289 ἔχειν
1790 2217 1839 2270 ἐν

227 2309 341 2362 τοῖς
368 2298 759 2376 διαλογισμοῖς,
790 2310 879 2357 καὶ
910 2302 1236 2379 ἐκκαθαίρειν
1266 2309 1360 2377 μὲν
1392 2305 1561 2358 αὐτῶν
1592 2305 1687 2367 τάς
1713 2327 1837 2381 καρ-

231 2385 357 2453 δίας
386 2389 487 2444 ἀπὸ
516 2402 755 2467 πονηρῶν
786 2391 1136 2467 ἐνθυμήσεων,
1169 2393 1446 2467 ἐξαλείφειν
1494 2390 1554 2448 δὲ
1582 2403 1685 2448 τοῦ
1744 2392 1843 2449 δά-

228 2498 392 2550 κρυσι
420 2484 486 2534 τὰ
521 2487 993 2559 προημαρτημένα,
1025 2482 1399 2556 ἑτοιμάζεσθαι
1430 2480 1489 2537 δε
1515 2488 1645 2558 πρὸς
1676 2482 1841 2538 ἀπάν-

228 2589 386 2627 τησιν
416 2578 508 2623 του
538 2578 776 2644 Χριστοῦ
806 2576 943 2625 κατὰ
973 2578 1068 2631 τὴν
1098 2572 1330 2645 μεγάλην
1371 2575 1569 2647 ἡμέραν
1595 2584 1688 2635 τῆς
1722 2574 1839 2627 ἐπι-

231 2664 445 2730 φανείας
476 2660 660 2732 αὐτοῦ,
688 2660 1107 2733 ἀποσεισάμεναι
1132 2665 1218 2713 τὸν
1252 2661 1411 2732 ζυγόν
1454 2671 1551 2723 τῆς
1599 2659 1841 2723 δουλείας

229 2755 323 2800 τοῦ
350 2755 609 2816 Χριστοῦ,
649 2754 739 2801 καὶ
792 2749 1027 2822 ῥίψασαι
1071 2748 1174 2802 ἀπὸ
1219 2758 1320 2801 τῶν
1365 2749 1595 2821 κεφαλῶν
1642 2753 1709 2803 τὰ
1750 2760 1841 2812 τῆς

234 2835 646 2909 εὐσχημοσύνης
677 2838 752 2909 (2)
780 2838 1115 2911 καλύμματα,
1146 2844 1236 2890 καὶ
1257 2843 1729 2913 καταφρονήσασαι
1749 2847 1841 2892 τοῦ

237 2931 392 2993 Θεοῦ,
422 2932 894 3000 καταφρονήσασαι
941 2934 1044 2978 τῶν
1077 2925 1306 2999 ἀγγέλων
1337 2926 1523 2998 αὑτοῦ,
1553 2946 1841 2981 καταναισ-

236 3021 583 3086 χυντήσασαι
636 3018 815 3079 πάσης
854 3015 1064 3092 ἄρρενος
1096 3015 1283 3088 ὄψεως,
1340 3016 1600 3070 σοϐοῦσαι
1628 3020 1719 3079 τὰς
1756 3021 1843 3070 κό-

1947 1859 2252 1916 recordari
2278 1859 2396 1916 diei
2428 1859 2607 1926 illius,
2638 1859 2700 1914 in
2720 1874 2847 1932 qua
2872 1859 3219 1929 aperientur
3238 1855 3391 1922 coeli,
3416 1858 3473 1910 et
3500 1868 3603 1926 ap-

1949 1948 2186 2021 parebit
2210 1949 2403 2005 Judex
2429 1963 2460 2003 e
2482 1947 2671 2015 caelis,
2703 1953 2761 2003 et
2790 1948 2937 2004 tuba
2984 1946 3107 2016 Dei,
3152 1949 3210 2001 et
3246 1942 3604 2000 resurrectio

1947 2041 2350 2107 mortuorum,
2389 2041 2446 2093 et
2466 2033 2764 2107 judicium
2798 2034 3053 2107 justum,
3082 2038 3142 2090 et
3184 2030 3440 2088 redditio
3471 2029 3604 2086 uni-

1949 2126 2166 2198 cuique
2187 2125 2361 2197 juxta
2390 2141 2546 2197 opus
2576 2141 2790 2193 suum;
2821 2139 2961 2180 cum
2992 2122 3066 2179 de
3093 2122 3187 2178 his
3212 2124 3474 2191 cogitare
3502 2117 3605 2174 de-

1947 2216 2245 2284 buissent,
2295 2231 2527 2288 suaque
2574 2214 2762 2271 corda
2805 2229 2843 2271 a
2893 2213 3097 2285 pravis
3137 2206 3604 2280 cogitationibus

1949 2321 2231 2379 purgare,
2264 2310 2323 2362 et
2348 2306 2552 2377 priora
2570 2308 2821 2378 peccata
2846 2302 3134 2374 lacrymis
3171 2300 3391 2366 delere,
3422 2301 3605 2369 atque

1948 2394 2031 2453 ad
2053 2395 2265 2452 Christi
2293 2410 2618 2452 occursum
2648 2409 2759 2466 pro
2782 2407 3006 2462 magno
3026 2389 3126 2445 illo
3154 2388 3252 2445 die
3278 2386 3605 2459 apparitio-

1948 2483 2043 2540 nis
2073 2485 2204 2557 ejus
2234 2500 2362 2540 sese
2391 2499 2753 2558 praeparare,
2779 2479 3078 2539 servitutis
3107 2477 3321 2535 Christi
3348 2488 3605 2533 excusso

1944 2572 2115 2645 jugo,
2155 2572 2510 2630 velamentis
2538 2571 2871 2629 honestatis
2904 2586 2941 2627 a
2960 2568 3155 2641 capite
3183 2565 3440 2638 rejectis,
3462 2578 3606 2620 con-

1953 2666 2179 2732 tempto
2209 2664 2351 2726 Deo,
2392 2661 2605 2733 spretis
2624 2659 2815 2732 ipsius
2833 2657 3085 2728 angelis,
3110 2655 3340 2712 virilem
3356 2658 3606 2710 omnem

1951 2754 2265 2821 aspectum
2318 2750 2463 2806 citra
2501 2748 2799 2821 pudorem
2826 2744 3107 2815 ferentes,
3134 2758 3343 2799 comas
3375 2739 3607 2811 agitan‘

1951 2844 2059 2907 tes,
2098 2839 2399 2896 trahentes
2429 2837 2683 2906 tunicas,
2716 2853 2789 2893 ac
2811 2835 3068 2908 pedibus
3098 2832 3278 2889 simul
3303 2830 3600 2893 ludentes,

1951 2942 2198 2985 omnem
2214 2927 2832 2999 juvenumlibidinem
2856 2925 2920 2981 in
2944 2923 3160 2996 seipsis
3181 2925 3601 2995 provocantes,

1950 3016 2013 3074 in
2042 3021 2381 3088 martyrum
2406 3015 2669 3073 basilicis
2697 3030 2809 3088 pro
2850 3012 3151 3069 manibus
3188 3009 3441 3067 civitatis
3466 3007 3605 3063 cho-

237 3124 359 3176 μας,
385 3106 646 3179 σύρουσαι
673 3110 796 3167 τούς
825 3115 1080 3180 χιτῶτας,
1112 3111 1202 3159 καὶ
1230 3113 1342 3168 τοῖς
1378 3111 1534 3159 ποσὶν
1565 3105 1675 3179 ἅμα
1715 3110 1842 3159 παί-

1951 3121 2052 3163 ros
2083 3105 2533 3172 constituentes,
2573 3104 2710 3161 loca
2743 3108 2952 3159 sancta
2988 3098 3296 3156 otﬁcinam
3333 3094 3606 3155 obscenio

228 3192 450 3278 “Canam,
482 3201 657 3248 πᾶσαν
686 3200 809 3249 νέων
855 3193 1143 3248 ἀκολασίαν
1175 3194 1249 3267 ἐφ’
1282 3194 1471 3256 ἑαυτὰς
1517 3196 1844 3269 προσκαλού-

235 3302 386 3355 μεναι
414 3286 513 3353 (3),
541 3282 589 3336 ἐν
637 3292 748 3346 τοῖς
801 3289 901 3358 πρὸ
958 3292 1046 3346 τῆς
1077 3283 1265 3345 πόλεως
1294 3289 1621 3359 Μαρτυρίοις
1644 3290 1845 3359 χοροὺς

240 3374 659 3446 συστησάμεναι,
689 3372 1038 3448 ἐργαστήριον
1067 3381 1165 3433 τῆς
1185 3374 1382 3435 οἰκείας
1406 3373 1573 3426 αὐτῶν
1596 3372 1845 3447 ἀσχημο-

239 3465 401 3523 σύνης
424 3466 546 3525 τοὺς
592 3465 939 3535 ἠγιασμένους
978 3468 1172 3524 τόπους
1220 3468 1553 3522 πεποίηνται.
1598 3464 1844 3535 Ἐμίαναν

237 3553 327 3624 μὲν
380 3556 467 3604 τόν
534 3549 661 3626 ἀέρα
702 3560 807 3612 τοῖς
856 3554 1067 3623 ᾄσμασι
1134 3559 1245 3613 τοῖς
1290 3558 1576 3624 πορνικοῖς,
1628 3550 1844 3624 ἐμίαναν

239 3636 299 3692 δὲ
323 3644 416 3698 τὴν
446 3648 545 3712 γῆν
574 3649 680 3702 τοῖς
710 3643 1031 3715 ἀκαθάρτοις
1054 3645 1236 3710 ποσὶν,
1262 3640 1324 3698 ἢν
1354 3640 1402 3693 ἐν
1429 3647 1547 3701 ταῖς
1576 3639 1845 3712 ὀρχήσεσι

237 3735 625 3802 κατεκρότησαν
656 3751 671 3764 ο
716 3732 927 3805 θέατρον
963 3730 1177 3792 ἑαυταῖς
1218 3734 1502 3782 νεανίσκων
1555 3729 1713 3801 ὄχλον
1742 3749 1845 3783 πα-

236 3821 656 3890 ραστησάμεναι,
689 3816 860 3872 σοϐάδ
865 3838 913 3881 ες
942 3823 1101 3881 ὅντως
1123 3822 1212 3871 καὶ
1235 3815 1527 3890 παράφολοι
1556 3816 1838 3880 παντελῶς,

239 3910 425 3977 μανίας
453 3903 703 3980 οὐδεμίαν
733 3906 1019 3981 ὑπερϐολὴν
1060 3905 1461 3960 ἀπολείπουσαι.
1507 3905 1679 3976 Γελᾲς,
1734 3906 1846 3959 εἰπέ

239 4000 617 4070 μοι,καὶτέρπη
642 3996 824 4070 τέρψιν
840 3992 1405 4069 ἀκόλαστονβακρύειν
1420 3992 1535 4047 δέον
1548 3999 1637 4047 καὶ
1652 3998 1843 4047 στένειν

240 4083 325 4138 ἐπὶ
345 4093 449 4147 τοῖς
494 4088 760 4159 φθάσασιν
799 4106 813 4156 ;
846 4088 1063 4160 ᾄσματα
1081 4090 1279 4161 πόρνης
1300 4086 1523 4157 φθέγγῃ,
1552 4082 1846 4137 ἐκϐαλοῦσα

235 4177 354 4235 τοὺς
383 4173 619 4248 ψαλμοὺς
650 4180 737 4229 καὶ
770 4181 892 4239 τοὺς
938 4177 1127 4249 ὕμνους
1174 4172 1263 4236 οὖς
1294 4169 1598 4245 ἐδιδάχθης
1632 4190 1645 4241 ;
1685 4180 1846 4235 κινεῖς

236 4260 408 4327 πόδας
438 4270 528 4318 καὶ
574 4263 754 4339 ἓξάλλη
812 4265 1064 4340 ἔκμανως,
1119 4268 1210 4316 καὶ
1252 4266 1494 4337 χορεύεις
1552 4260 1841 4335 ἀχόρευτα,

239 4348 356 4405 δέον
385 4356 452 4406 τὰ
478 4358 673 4425 γόνατα
691 4358 944 4428 κάμπτειν
969 4357 1101 4428 πρὸς
1124 4355 1215 4414 τὰς
1240 4357 1626 4427 προσκυνήσεις
1649 4369 1662 4420 ;
1690 4355 1844 4412 Τίνας

239 4436 552 4513 ὀδύρωμαι;
588 4445 682 4503 τὰς
709 4449 870 4516 κόρας
892 4447 987 4505 τὰς
1016 4441 1433 4517 ἀμειρογάμους,
1474 4440 1505 4500 ἦ
1551 4444 1642 4502 τὰς
1685 4438 1734 4492 ἓν
1771 4448 1845 4511 τῷ

240 4528 384 4598 ζυγῷ
412 4537 505 4581 τοῦ
533 4529 706 4602 γάμου
746 4534 1135 4603 κατεχομένας;
1180 4531 1244 4583 Αἰ
1272 4531 1362 4601 μὲν
1402 4532 1504 4600 γὰρ
1532 4527 1844 4593 ἐπανῆλθον,

239 4619 334 4673 τὴν
363 4618 639 4691 παρθενιαν
672 4617 765 4671 οὐκ
787 4620 1034 4691 ἔχουσαι,
1078 4618 1134 4668 αἱ
1161 4612 1221 4669 δε
1266 4620 1355 4674 τὴν
1388 4618 1701 4689 σωφροσύνη
1733 4621 1846 4675 τοῖς

240 4701 497 4780 ἀνδράσιν
528 4706 623 4760 οὐκ
653 4705 974 4778 ἐπανήγαγον
1008 4726 1021 4739 ·
1052 4705 1096 4759 εἰ
1116 4706 1215 4781 γάρ
1245 4706 1347 4759 πού
1371 4722 1499 4764 τινες
1526 4708 1617 4756 καὶ
1646 4711 1721 4774 τῷ
1746 4708 1849 4755 σώ-

240 4814 372 4867 ματι
398 4800 487 4857 τὴν
519 4796 776 4872 ἁμαρτίαν
803 4792 1068 4868 διέφυγον,
1104 4793 1233 4847 ἀλλά
1276 4796 1483 4854 πάντως
1510 4811 1570 4863 γε
1597 4798 1716 4853 ταῖς
1744 4790 1847 4862 ψυ-

238 4890 372 4958 χαῖς
393 4890 486 4945 τὴν
515 4888 709 4960 φθορὰν
737 4881 1075 4949 ὑπεδέξαντο.
1108 4887 1203 4937 Διά
1226 4890 1379 4936 τοῦτο
1403 4887 1556 4935 πᾶσα
1577 4886 1709 4953 γυνὴ
1750 4899 1846 4934 κα-

240 4983 341 5036 κῶς
369 4978 669 5049 κεχρημένη
695 4983 756 5049 τῇ
796 4973 1041 5051 περιϐολῇ
1064 4981 1163 5037 τῆς
1209 4972 1452 5043 ἐσθῆτος,
1488 4966 1848 5046 προσδοκάτω

240 5064 519 5130 αὐτῆςτὴν
545 5063 838 5140 ἀφαίρεσιν,
862 5060 1079 5125 Ἐπειδὴ
1105 5065 1211 5139 γὰρ
1236 5063 1547 5139 πορεύονται
1596 5060 1710 5133 ἅμα
1756 5060 1850 5114 σύ-

315 5229 361 5264 ⁵⁷
401 5230 576 5287 Rom.
604 5242 728 5299 xm,
760 5230 847 5285 14.

314 5372 391 5511 ﬁt)
419 5370 689 5447 Ἡμέτερα.
717 5372 974 5450 Uterque
1001 5366 1219 5448 codex,
1255 5366 1500 5439 ὑμέτερα.
1590 5431 1602 5444 ⁸
1635 5431 1647 5443 η
1683 5430 1695 5445 ν

338 5443 394 5509 2)
412 5442 813 5511 Εὐσχημοσύνη
824 5462 866 5505 ς.
890 5442 983 5498 Sic
1007 5442 1228 5510 Regius
1252 5435 1468 5495 codex.
1499 5432 1654 5492 Edlti
1672 5452 1695 5485 ο

338 5432 394 5528 2)
412 5432 983 5517 Εὗ’σχημοσύνης.’81θ
1007 5432 1228 5510 Regius
1252 5432 1468 5495 obdei.
1499 5432 1654 5492 Editi
1672 5432 1853 5504 ἀσχη-

245 5530 905 5661 μθῗῖἧνῗῖῥοσκαλούμωαι.
964 5582 1062 5644 Sic
1116 5583 1373 5655 uterque
1426 5575 1649 5641 codex.
1697 5571 1853 5636 Editi

243 5651 681 5730 προκαλούμεναι.

1953 3196 2092 3253 tatis
2121 3211 2246 3252 suae
2273 3193 2544 3253 effecere.
2576 3191 2895 3251 Cantilenis
2925 3188 3274 3247 meretriciis
3308 3191 3373 3244 ut
3399 3198 3605 3243 aerem

1952 3289 2454 3358 conspurcarunt,
2477 3285 2562 3341 ita
2590 3289 2813 3340 terram
2857 3279 3131 3354 tripudiis
3169 3277 3476 3351 pulsatam
3503 3290 3605 3347 pe-

1952 3374 2132 3431 dibus
2160 3375 2491 3430 immundis
2515 3372 2854 3439 fasdarunt;
2881 3367 3295 3443 spectaculum
3320 3364 3433 3421 sibi
3455 3363 3603 3437 ipsis

1946 3464 2243 3536 juvenum
2270 3462 2515 3519 turbam
2546 3460 2816 3533 undique
2846 3460 3193 3526 statuentes,
3234 3453 3414 3529 plane
3441 3453 3605 3509 inve-

1951 3551 2257 3622 recundaz,
2286 3565 2656 3624 prorsusque
2680 3548 3055 3621 insipientes,
3088 3543 3324 3601 nullum
3350 3541 3604 3599 insanias

1950 3641 2208 3698 modum
2246 3640 2611 3697 omittentes.
2643 3639 2721 3711 (6)
2748 3637 2946 3699 Rides,
2970 3634 3067 3691 die
3088 3633 3254 3703 mihi,
3279 3648 3349 3689 ac
3375 3630 3606 3702 gaudes

1952 3730 2243 3801 gaudium
2266 3728 2667 3801 impudicum,
2692 3741 2834 3782 cum
2856 3724 3182 3797 lacrymari
3203 3721 3284 3777 ob
3305 3718 3607 3793 praeterita

1952 3826 2010 3875 et
2036 3819 2428 3890 ingemiscere
2457 3814 2798 3889 oporteret?
2843 3812 3010 3870 canis
3035 3808 3399 3867 meretricias
3422 3807 3606 3864 canti-

1950 3907 2141 3976 lenas,
2168 3906 2421 3979 psalmis
2458 3911 2515 3962 et
2540 3904 2808 3978 hymnis,
2847 3901 3016 3976 quod
3047 3898 3327 3965 didicisti,
3359 3896 3608 3969 ablega-

1952 3998 2075 4055 tis?
2102 4013 2311 4054 moves
2340 3995 2545 4069 pedes,
2576 4000 2636 4051 et
2676 4007 2845 4049 more
2901 3988 3335 4047 insanientium
3380 3985 3601 4051 exsilis,

1953 4086 2249 4160 ducisque
2270 4100 2424 4159 quas
2444 4099 2568 4141 non
2595 4081 2848 4139 deberes
2898 4079 3174 4148 choreas,
3226 4091 3367 4134 cum
3407 4090 3608 4146 genua

1952 4174 2112 4232 ﬂexa
2131 4173 2492 4248 oportuisset
2515 4171 2596 4229 ad
2628 4167 3013 4229 adorandum
3031 4167 3061 4223 ?
3108 4167 3280 4224 Utres
3326 4164 3552 4236 lugebo
3577 4164 3607 4221 Ἰ

1952 4263 2263 4339 puellasne
2281 4262 2636 4337 nuptiarum
2654 4260 3024 4332 inexpertas,
3044 4271 3123 4313 an
3152 4253 3438 4312 connubii
3454 4253 3608 4325 jugo

1956 4354 2233 4412 subditas
2250 4353 2279 4409 ?
2305 4353 2424 4410 Illtn
2453 4350 2702 4425 quidem
2727 4349 2958 4406 amissa
2982 4344 3323 4416 virginitate
3354 4356 3607 4399 reversa

1956 4451 2118 4513 sunt,
2140 4444 2232 4501 has
2258 4457 2403 4499 vero
2424 4439 2781 4514 pudicitiam
2800 4434 3035 4493 maritis
3061 4432 3231 4490 haud
3248 4430 3603 4489 retulerunt:

1954 4549 2101 4590 nam
2158 4532 2208 4587 si
2253 4546 2389 4604 quae
2435 4528 2587 4587 forte
2643 4528 2964 4601 peccatum
3009 4523 3276 4579 vitarunt
3332 4531 3605 4591 corpore,

1955 4621 2207 4680 omnino
2238 4625 2444 4677 tamen
2481 4619 2544 4675 in
2589 4615 2810 4675 animis
2844 4612 3292 4685 corruptionem
3329 4623 3608 4680 suscepe-

1955 4715 2119 4769 runt.
2145 4714 2224 4781 (7)
2246 4710 2616 4783 Quapropter
2639 4703 2838 4763 omnis
2855 4701 3071 4760 mulier
3088 4696 3427 4757 vestimenti
3445 4696 3609 4754 cultu

1956 4800 2238 4867 abutens,
2270 4813 2342 4855 eo
2380 4796 2705 4870 spoliatum
2732 4792 2805 4849 iri
2843 4806 2909 4848 se
2954 4792 3279 4863 exspectet.
3310 4785 3608 4853 Quoniam

1957 4889 2120 4947 enim
2138 4888 2429 4946 incedunt
2446 4885 2630 4943 etiam
2652 4881 2833 4939 simul
2858 4880 3093 4939 tunicas
3118 4878 3440 4945 trahentes,
3460 4890 3609 4949 qua-

1959 4978 2011 5036 si
2039 4993 2164 5036 non
2210 4979 2456 5034 utantur
2495 4971 2879 5040 vestimento,
2922 4966 3033 5026 sed
3071 4965 3422 5035 abutantur,
3469 4961 3609 5022 ideo

1955 5068 2142 5141 jussae
2181 5068 2322 5126 sunt
2338 5060 2678 5123 vestimenti
2705 5058 2900 5134 gloria
2931 5055 3174 5134 privari.
3205 5056 3359 5116 Nam
3405 5055 3463 5114 et
3498 5051 3612 5113 Do-

2059 5419 2113 5489 5)
2155 5428 2236 5482 Ex
2259 5424 2429 5481 hom.
2458 5422 2524 5480 in
2544 5419 2822 5489 ebriosos,
2852 5422 2976 5477 123.

2058 5495 2113 5565 6)
2138 5495 2291 5553 Ibid.
2299 5537 2315 5565 ,
2340 5499 2461 5553 129.

2052 5356 2088 5410 4
2143 5357 2226 5410 Ex
2254 5367 2434 5409 serm.
2466 5351 2551 5407 De
2580 5346 2845 5419 legendis
2874 5346 3051 5405 libris
3071 5347 3260 5418 gent,
3287 5343 3412 5401 182.

2033 5357 2113 5566 $5;
2155 5428 2236 5507 Ex
2259 5424 2429 5481 hom.
2458 5422 2524 5480 in
2544 5419 2822 5489 ebriosos,
2852 5422 2976 5477 123.

2058 5503 2113 5566 6)
2138 5495 2315 5565 Ιὺιάη
2340 5499 2461 5553 129.
2606 5564 2612 5566 Α
2684 5563 2701 5566 ᾉ
2854 5561 2868 5566 _
2894 5564 2902 5566 4
2928 5564 2937 5566 Α

2035 5503 2090 5566 (6
2138 5503 2315 5565 Ibid.,
2340 5503 2461 5553 129.

2035 5503 2113 5641 (ἦ
2128 5570 2213 5627 Ex
2241 5567 2565 5629 comment.
2591 5564 2654 5624 in
2673 5563 2813 5637 lsa.,
2836 5561 2971 5645 1466.
