  <div class='ocr_page' id='page_1' title='image "/cluster/home/n/w/nwhite01/storage/ocr_20150623/32:no.4/coo.31924054869296/685.png"; bbox 0 0 4084 6406; ppageno 0'>
   <div class='ocr_carea' id='block_1_1' title="bbox 536 278 665 334">
    <p class='ocr_par' dir='ltr' id='par_1_1' title="bbox 536 278 665 334">
     <span class='ocr_line' id='line_1_1' title="bbox 536 278 665 334; baseline -0.016 -1"><span class='ocrx_word' id='word_1_1' title='bbox 536 278 665 334; x_wconf 80' lang='grc'><strong>1351</strong></span> 
     </span>
    </p>
   </div>
   <div class='ocr_carea' id='block_1_2' title="bbox 1512 260 2943 331">
    <p class='ocr_par' dir='ltr' id='par_1_2' title="bbox 1512 260 2943 331">
     <span class='ocr_line' id='line_1_2' title="bbox 1512 260 2943 331; baseline -0.005 -1"><span class='ocrx_word' id='word_1_2' title='bbox 1512 268 1875 331; x_wconf 81' lang='lat' dir='ltr'><strong>APPENDIX.</strong></span> <span class='ocrx_word' id='word_1_3' title='bbox 1914 299 1986 316; x_wconf 89' lang='lat'><strong><em>—</em></strong></span> <span class='ocrx_word' id='word_1_4' title='bbox 2024 264 2369 330; x_wconf 72' lang='lat' dir='ltr'><strong>SYMEONIS</strong></span> <span class='ocrx_word' id='word_1_5' title='bbox 2408 260 2943 328; x_wconf 60' lang='lat' dir='ltr'><strong>METAPHRASTIE</strong></span> 
     </span>
    </p>
   </div>
   <div class='ocr_carea' id='block_1_3' title="bbox 3790 268 3937 325">
    <p class='ocr_par' dir='ltr' id='par_1_3' title="bbox 3790 268 3937 325">
     <span class='ocr_line' id='line_1_3' title="bbox 3790 268 3937 325; baseline -0.014 -1"><span class='ocrx_word' id='word_1_6' title='bbox 3790 268 3937 325; x_wconf 69' lang='lat'><strong>1352</strong></span> 
     </span>
    </p>
   </div>
   <div class='ocr_carea' id='block_1_4' title="bbox 529 392 2170 471">
    <p class='ocr_par' dir='ltr' id='par_1_4' title="bbox 529 398 2170 467">
     <span class='ocr_line' id='line_1_4' title="bbox 529 398 2170 467; baseline -0.001 -12"><span class='ocrx_word' id='word_1_7' title='bbox 529 399 1087 456; x_wconf 91' lang='lat' dir='ltr'><strong>minusindumenti</strong></span> <span class='ocrx_word' id='word_1_8' title='bbox 1108 399 1403 455; x_wconf 82' lang='lat' dir='ltr'><strong>honorem</strong></span> <span class='ocrx_word' id='word_1_9' title='bbox 1442 415 1480 455; x_wconf 90' lang='lat' dir='ltr'><strong>a</strong></span> <span class='ocrx_word' id='word_1_10' title='bbox 1516 399 1693 455; x_wconf 89' lang='lat' dir='ltr'><strong>nobis</strong></span> <span class='ocrx_word' id='word_1_11' title='bbox 1742 398 1954 467; x_wconf 81' lang='lat' dir='ltr'><strong>aufert,</strong></span> <span class='ocrx_word' id='word_1_12' title='bbox 2009 398 2057 453; x_wconf 90' lang='lat' dir='ltr'><strong>si</strong></span> <span class='ocrx_word' id='word_1_13' title='bbox 2119 412 2170 453; x_wconf 76' lang='grc' dir='ltr'>ε(</span> 
     </span>
    </p>
   </div>
   <div class='ocr_carea' id='block_1_5' title="bbox 2282 392 3932 471">
    <p class='ocr_par' dir='ltr' id='par_1_5' title="bbox 2300 392 3932 471">
     <span class='ocr_line' id='line_1_5' title="bbox 2300 392 3932 471; baseline -0.005 -22"><span class='ocrx_word' id='word_1_14' title='bbox 2300 415 2493 471; x_wconf 86' lang='grc' dir='ltr'>ρουσαι</span> <span class='ocrx_word' id='word_1_15' title='bbox 2524 398 2645 458; x_wconf 80' lang='grc' dir='ltr'>τοὺς</span> <span class='ocrx_word' id='word_1_16' title='bbox 2672 402 2920 466; x_wconf 76' lang='grc' dir='ltr'><strong>χιτῶνας,</strong></span> <span class='ocrx_word' id='word_1_17' title='bbox 2954 396 3022 456; x_wconf 81' lang='grc' dir='ltr'>ὡς</span> <span class='ocrx_word' id='word_1_18' title='bbox 3061 397 3131 466; x_wconf 78' lang='grc' dir='ltr'>μὴ</span> <span class='ocrx_word' id='word_1_19' title='bbox 3167 395 3440 465; x_wconf 73' lang='grc' dir='ltr'><strong>χρώμεναι</strong></span> <span class='ocrx_word' id='word_1_20' title='bbox 3489 399 3562 464; x_wconf 76' lang='grc' dir='ltr'>τῷ</span> <span class='ocrx_word' id='word_1_21' title='bbox 3613 392 3932 463; x_wconf 77' lang='grc' dir='ltr'>ἱματισμῷ,</span> 
     </span>
    </p>
   </div>
   <div class='ocr_carea' id='block_1_6' title="bbox 526 487 2192 560">
    <p class='ocr_par' dir='ltr' id='par_1_6' title="bbox 526 487 2192 560">
     <span class='ocr_line' id='line_1_6' title="bbox 526 487 2192 560; baseline 0 -16"><span class='ocrx_word' id='word_1_22' title='bbox 526 487 1033 560; x_wconf 83' lang='lat' dir='ltr'><strong>deprehendimur</strong></span> <span class='ocrx_word' id='word_1_23' title='bbox 1062 488 1313 558; x_wconf 86' lang='lat' dir='ltr'><strong>indigne</strong></span> <span class='ocrx_word' id='word_1_24' title='bbox 1353 488 1457 552; x_wconf 89' lang='lat' dir='ltr'><strong>uti,</strong></span> <span class='ocrx_word' id='word_1_25' title='bbox 1496 487 1643 544; x_wconf 91' lang='lat' dir='ltr'><strong>illud</strong></span> <span class='ocrx_word' id='word_1_26' title='bbox 1688 487 2103 544; x_wconf 85' lang='lat' dir='ltr'><strong>concultantes</strong></span> <span class='ocrx_word' id='word_1_27' title='bbox 2133 492 2192 544; x_wconf 90' lang='lat' dir='ltr'><strong>et</strong></span> 
     </span>
    </p>
   </div>
   <div class='ocr_carea' id='block_1_7' title="bbox 531 576 2187 649">
    <p class='ocr_par' dir='ltr' id='par_1_7' title="bbox 531 576 2187 649">
     <span class='ocr_line' id='line_1_7' title="bbox 531 576 2187 649; baseline 0 -17"><span class='ocrx_word' id='word_1_28' title='bbox 531 577 838 649; x_wconf 82' lang='lat' dir='ltr'><strong>corporeis</strong></span> <span class='ocrx_word' id='word_1_29' title='bbox 866 576 1339 646; x_wconf 84' lang='lat' dir='ltr'><strong>inquinamentis</strong></span> <span class='ocrx_word' id='word_1_30' title='bbox 1391 580 1883 648; x_wconf 88' lang='lat' dir='ltr'><strong>conspurcantes.</strong></span> <span class='ocrx_word' id='word_1_31' title='bbox 1926 579 2047 632; x_wconf 82' lang='lat' dir='ltr'><strong>Hoc</strong></span> <span class='ocrx_word' id='word_1_32' title='bbox 2085 591 2187 633; x_wconf 87' lang='lat' dir='ltr'><strong>au-</strong></span> 
     </span>
    </p>
   </div>
   <div class='ocr_carea' id='block_1_8' title="bbox 528 663 2188 737">
    <p class='ocr_par' dir='ltr' id='par_1_8' title="bbox 528 663 2188 737">
     <span class='ocr_line' id='line_1_8' title="bbox 528 663 2188 737; baseline -0.001 -17"><span class='ocrx_word' id='word_1_33' title='bbox 528 667 649 720; x_wconf 90' lang='lat' dir='ltr'><strong>tem</strong></span> <span class='ocrx_word' id='word_1_34' title='bbox 678 666 1103 721; x_wconf 85' lang='lat' dir='ltr'><strong>vestimentum</strong></span> <span class='ocrx_word' id='word_1_35' title='bbox 1134 664 1450 737; x_wconf 82' lang='lat' dir='ltr'><strong>quodnam</strong></span> <span class='ocrx_word' id='word_1_36' title='bbox 1479 663 1611 721; x_wconf 82' lang='lat' dir='ltr'><strong>est?</strong></span> <span class='ocrx_word' id='word_1_37' title='bbox 1662 664 1878 736; x_wconf 89' lang='lat' dir='ltr'><strong>inquit.</strong></span> <span class='ocrx_word' id='word_1_38' title='bbox 1929 664 2188 731; x_wconf 75' lang='lat' dir='ltr'><strong>Quicun-</strong></span> 
     </span>
    </p>
   </div>
   <div class='ocr_carea' id='block_1_9' title="bbox 528 753 2186 825">
    <p class='ocr_par' dir='ltr' id='par_1_9' title="bbox 528 753 2186 825">
     <span class='ocr_line' id='line_1_9' title="bbox 528 753 2186 825; baseline 0.001 -18"><span class='ocrx_word' id='word_1_39' title='bbox 528 768 641 823; x_wconf 83' lang='lat' dir='ltr'><strong>que</strong></span> <span class='ocrx_word' id='word_1_40' title='bbox 665 754 727 808; x_wconf 84' lang='lat' dir='ltr'><strong>in</strong></span> <span class='ocrx_word' id='word_1_41' title='bbox 753 754 987 810; x_wconf 79' lang='lat' dir='ltr'><strong>Christo</strong></span> <span class='ocrx_word' id='word_1_42' title='bbox 1022 753 1197 825; x_wconf 69' lang='grc'><strong>574</strong></span> <span class='ocrx_word' id='word_1_43' title='bbox 1232 754 1520 824; x_wconf 76' lang='lat' dir='ltr'><strong>baptizale</strong></span> <span class='ocrx_word' id='word_1_44' title='bbox 1565 755 1728 818; x_wconf 78' lang='lat' dir='ltr'><strong>estis,</strong></span> <span class='ocrx_word' id='word_1_45' title='bbox 1765 753 2066 810; x_wconf 75' lang='lat' dir='ltr'><strong>Christum</strong></span> <span class='ocrx_word' id='word_1_46' title='bbox 2095 754 2186 809; x_wconf 72' lang='lat' dir='ltr'><strong>in.-</strong></span> 
     </span>
    </p>
   </div>
   <div class='ocr_carea' id='block_1_10' title="bbox 529 841 2184 914">
    <p class='ocr_par' dir='ltr' id='par_1_10' title="bbox 529 841 2184 914">
     <span class='ocr_line' id='line_1_10' title="bbox 529 841 2184 914; baseline 0.001 -18"><span class='ocrx_word' id='word_1_47' title='bbox 529 841 821 908; x_wconf 65' lang='lat' dir='ltr'><strong>duz’stis“,</strong></span> <span class='ocrx_word' id='word_1_48' title='bbox 848 857 1032 914; x_wconf 90' lang='lat' dir='ltr'><strong>quem</strong></span> <span class='ocrx_word' id='word_1_49' title='bbox 1054 843 1131 898; x_wconf 90' lang='lat' dir='ltr'><strong>ab</strong></span> <span class='ocrx_word' id='word_1_50' title='bbox 1154 843 1238 897; x_wconf 89' lang='lat' dir='ltr'><strong>eis</strong></span> <span class='ocrx_word' id='word_1_51' title='bbox 1268 841 1461 898; x_wconf 83' lang='lat' dir='ltr'><strong>aufert</strong></span> <span class='ocrx_word' id='word_1_52' title='bbox 1490 841 1802 909; x_wconf 81' lang='lat' dir='ltr'><strong>Dominus,</strong></span> <span class='ocrx_word' id='word_1_53' title='bbox 1835 842 1939 914; x_wconf 86' lang='lat' dir='ltr'><strong>qui</strong></span> <span class='ocrx_word' id='word_1_54' title='bbox 1964 857 2184 914; x_wconf 91' lang='lat' dir='ltr'><strong>corpus</strong></span> 
     </span>
    </p>
   </div>
   <div class='ocr_carea' id='block_1_11' title="bbox 526 929 2183 1003">
    <p class='ocr_par' dir='ltr' id='par_1_11' title="bbox 526 929 2183 1003">
     <span class='ocr_line' id='line_1_11' title="bbox 526 929 2183 1003; baseline 0.002 -19"><span class='ocrx_word' id='word_1_55' title='bbox 526 929 883 1001; x_wconf 89' lang='lat' dir='ltr'><strong>proculcant</strong></span> <span class='ocrx_word' id='word_1_56' title='bbox 906 946 1013 1003; x_wconf 91' lang='lat' dir='ltr'><strong>per</strong></span> <span class='ocrx_word' id='word_1_57' title='bbox 1029 935 1367 1003; x_wconf 88' lang='lat' dir='ltr'><strong>peccatum,</strong></span> <span class='ocrx_word' id='word_1_58' title='bbox 1381 935 1440 987; x_wconf 87' lang='lat' dir='ltr'><strong>et</strong></span> <span class='ocrx_word' id='word_1_59' title='bbox 1459 930 1801 989; x_wconf 76' lang='lat' dir='ltr'><strong>testamenti</strong></span> <span class='ocrx_word' id='word_1_60' title='bbox 1821 930 2183 1001; x_wconf 87' lang='lat' dir='ltr'><strong>sanguinem</strong></span> 
     </span>
    </p>
   </div>
   <div class='ocr_carea' id='block_1_12' title="bbox 527 1018 1607 1090">
    <p class='ocr_par' dir='ltr' id='par_1_12' title="bbox 527 1018 1607 1090">
     <span class='ocr_line' id='line_1_12' title="bbox 527 1018 1607 1090; baseline -0.001 -16"><span class='ocrx_word' id='word_1_61' title='bbox 527 1031 638 1089; x_wconf 88' lang='lat' dir='ltr'><strong>pro</strong></span> <span class='ocrx_word' id='word_1_62' title='bbox 673 1018 901 1090; x_wconf 88' lang='lat' dir='ltr'><strong>polluto</strong></span> <span class='ocrx_word' id='word_1_63' title='bbox 927 1035 997 1076; x_wconf 90' lang='lat' dir='ltr'><strong>ac</strong></span> <span class='ocrx_word' id='word_1_64' title='bbox 1028 1019 1339 1076; x_wconf 90' lang='lat' dir='ltr'><strong>communi</strong></span> <span class='ocrx_word' id='word_1_65' title='bbox 1363 1018 1607 1076; x_wconf 87' lang='lat' dir='ltr'><strong>habent.</strong></span> 
     </span>
    </p>
   </div>
   <div class='ocr_carea' id='block_1_13' title="bbox 598 1285 2178 1361">
    <p class='ocr_par' dir='ltr' id='par_1_13' title="bbox 598 1285 2178 1361">
     <span class='ocr_line' id='line_1_13' title="bbox 598 1285 2178 1361; baseline 0.004 -22"><span class='ocrx_word' id='word_1_66' title='bbox 598 1288 649 1340; x_wconf 82' lang='grc'><strong>4.</strong></span> <span class='ocrx_word' id='word_1_67' title='bbox 689 1285 764 1357; x_wconf 88' lang='grc'><strong>(1)</strong></span> <span class='ocrx_word' id='word_1_68' title='bbox 787 1285 1052 1342; x_wconf 83' lang='lat' dir='ltr'><strong>Mulieres</strong></span> <span class='ocrx_word' id='word_1_69' title='bbox 1082 1285 1261 1357; x_wconf 81' lang='lat' dir='ltr'><strong>igitur</strong></span> <span class='ocrx_word' id='word_1_70' title='bbox 1283 1286 1362 1343; x_wconf 84' lang='lat' dir='ltr'><strong>ob</strong></span> <span class='ocrx_word' id='word_1_71' title='bbox 1385 1286 1653 1361; x_wconf 86' lang='lat' dir='ltr'><strong>corporis</strong></span> <span class='ocrx_word' id='word_1_72' title='bbox 1671 1287 2178 1360; x_wconf 88' lang='lat' dir='ltr'><strong>pulchritudinem</strong></span> 
     </span>
    </p>
   </div>
   <div class='ocr_carea' id='block_1_14' title="bbox 525 1374 2183 1450">
    <p class='ocr_par' dir='ltr' id='par_1_14' title="bbox 525 1374 2183 1450">
     <span class='ocr_line' id='line_1_14' title="bbox 525 1374 2183 1450; baseline 0.002 -20"><span class='ocrx_word' id='word_1_73' title='bbox 525 1389 596 1430; x_wconf 87' lang='lat' dir='ltr'><strong>ac</strong></span> <span class='ocrx_word' id='word_1_74' title='bbox 625 1374 986 1444; x_wconf 82' lang='lat' dir='ltr'><strong>elegantiam</strong></span> <span class='ocrx_word' id='word_1_75' title='bbox 1013 1375 1272 1431; x_wconf 89' lang='lat' dir='ltr'><strong>nimium</strong></span> <span class='ocrx_word' id='word_1_76' title='bbox 1300 1376 1413 1432; x_wconf 86' lang='lat' dir='ltr'><strong>sibi</strong></span> <span class='ocrx_word' id='word_1_77' title='bbox 1444 1382 1818 1448; x_wconf 77' lang='lat' dir='ltr'><strong>arrogantes,</strong></span> <span class='ocrx_word' id='word_1_78' title='bbox 1837 1394 1967 1433; x_wconf 91' lang='lat' dir='ltr'><strong>sese</strong></span> <span class='ocrx_word' id='word_1_79' title='bbox 1996 1395 2183 1450; x_wconf 87' lang='lat' dir='ltr'><strong>supra</strong></span> 
     </span>
    </p>
   </div>
   <div class='ocr_carea' id='block_1_15' title="bbox 524 1462 2179 1539">
    <p class='ocr_par' dir='ltr' id='par_1_15' title="bbox 524 1462 2179 1539">
     <span class='ocr_line' id='line_1_15' title="bbox 524 1462 2179 1539; baseline 0.005 -22"><span class='ocrx_word' id='word_1_80' title='bbox 524 1467 769 1518; x_wconf 71' lang='lat' dir='ltr'><strong>caeteras</strong></span> <span class='ocrx_word' id='word_1_81' title='bbox 794 1462 1070 1533; x_wconf 72' lang='lat' dir='ltr'><strong>efferunt,</strong></span> <span class='ocrx_word' id='word_1_82' title='bbox 1115 1464 1272 1520; x_wconf 87' lang='lat' dir='ltr'><strong>fastu</strong></span> <span class='ocrx_word' id='word_1_83' title='bbox 1304 1465 1471 1521; x_wconf 88' lang='lat' dir='ltr'><strong>inani</strong></span> <span class='ocrx_word' id='word_1_84' title='bbox 1503 1470 1768 1530; x_wconf 87' lang='lat' dir='ltr'><strong>utuntur,</strong></span> <span class='ocrx_word' id='word_1_85' title='bbox 1803 1472 1982 1539; x_wconf 89' lang='lat' dir='ltr'><strong>atque</strong></span> <span class='ocrx_word' id='word_1_86' title='bbox 2012 1468 2087 1523; x_wconf 90' lang='lat' dir='ltr'><strong>de</strong></span> <span class='ocrx_word' id='word_1_87' title='bbox 2118 1484 2179 1525; x_wconf 88' lang='lat' dir='ltr'><strong>re</strong></span> 
     </span>
    </p>
   </div>
   <div class='ocr_carea' id='block_1_16' title="bbox 522 1551 2179 1623">
    <p class='ocr_par' dir='ltr' id='par_1_16' title="bbox 522 1551 2179 1623">
     <span class='ocr_line' id='line_1_16' title="bbox 522 1551 2179 1623; baseline 0.004 -16"><span class='ocrx_word' id='word_1_88' title='bbox 522 1551 641 1607; x_wconf 88' lang='lat' dir='ltr'><strong>cito</strong></span> <span class='ocrx_word' id='word_1_89' title='bbox 669 1556 1080 1609; x_wconf 83' lang='lat' dir='ltr'><strong>marcescente</strong></span> <span class='ocrx_word' id='word_1_90' title='bbox 1106 1559 1162 1608; x_wconf 92' lang='lat' dir='ltr'><strong>et</strong></span> <span class='ocrx_word' id='word_1_91' title='bbox 1187 1560 1581 1611; x_wconf 83' lang='lat' dir='ltr'><strong>evanescente</strong></span> <span class='ocrx_word' id='word_1_92' title='bbox 1613 1555 1945 1623; x_wconf 80' lang='lat' dir='ltr'><strong>gloriantur</strong></span> <span class='ocrx_word' id='word_1_93' title='bbox 1969 1574 1981 1612; x_wconf 90' lang='lat'><strong>:</strong></span> <span class='ocrx_word' id='word_1_94' title='bbox 2017 1557 2179 1613; x_wconf 89' lang='lat' dir='ltr'><strong>dein-</strong></span> 
     </span>
    </p>
   </div>
   <div class='ocr_carea' id='block_1_17' title="bbox 524 1639 2177 1715">
    <p class='ocr_par' dir='ltr' id='par_1_17' title="bbox 524 1639 2177 1715">
     <span class='ocr_line' id='line_1_17' title="bbox 524 1639 2177 1715; baseline 0.005 -20"><span class='ocrx_word' id='word_1_95' title='bbox 524 1639 600 1696; x_wconf 89' lang='lat' dir='ltr'><strong>de</strong></span> <span class='ocrx_word' id='word_1_96' title='bbox 625 1640 847 1696; x_wconf 91' lang='lat' dir='ltr'><strong>collum</strong></span> <span class='ocrx_word' id='word_1_97' title='bbox 878 1642 942 1697; x_wconf 90' lang='lat' dir='ltr'><strong>in</strong></span> <span class='ocrx_word' id='word_1_98' title='bbox 981 1641 1238 1699; x_wconf 90' lang='lat' dir='ltr'><strong>sublime</strong></span> <span class='ocrx_word' id='word_1_99' title='bbox 1279 1648 1546 1699; x_wconf 89' lang='lat' dir='ltr'><strong>erectum</strong></span> <span class='ocrx_word' id='word_1_100' title='bbox 1586 1644 1801 1715; x_wconf 84' lang='lat' dir='ltr'><strong>ferunt,</strong></span> <span class='ocrx_word' id='word_1_101' title='bbox 1854 1650 1919 1701; x_wconf 90' lang='lat' dir='ltr'><strong>ut</strong></span> <span class='ocrx_word' id='word_1_102' title='bbox 1965 1661 2177 1703; x_wconf 84' lang='lat' dir='ltr'><strong>earum</strong></span> 
     </span>
    </p>
   </div>
   <div class='ocr_carea' id='block_1_18' title="bbox 522 1727 2175 1805">
    <p class='ocr_par' dir='ltr' id='par_1_18' title="bbox 522 1727 2175 1805">
     <span class='ocr_line' id='line_1_18' title="bbox 522 1727 2175 1805; baseline 0.005 -21"><span class='ocrx_word' id='word_1_103' title='bbox 522 1727 726 1784; x_wconf 81' lang='lat' dir='ltr'><strong>vultus</strong></span> <span class='ocrx_word' id='word_1_104' title='bbox 756 1728 996 1785; x_wconf 83' lang='lat' dir='ltr'><strong>valeant</strong></span> <span class='ocrx_word' id='word_1_105' title='bbox 1020 1731 1293 1786; x_wconf 89' lang='lat' dir='ltr'><strong>omnium</strong></span> <span class='ocrx_word' id='word_1_106' title='bbox 1322 1732 1512 1787; x_wconf 92' lang='lat' dir='ltr'><strong>oculis</strong></span> <span class='ocrx_word' id='word_1_107' title='bbox 1534 1734 1810 1805; x_wconf 90' lang='lat' dir='ltr'><strong>spectari.</strong></span> <span class='ocrx_word' id='word_1_108' title='bbox 1837 1735 2058 1791; x_wconf 71' lang='lat' dir='ltr'><strong>l’udica</strong></span> <span class='ocrx_word' id='word_1_109' title='bbox 2081 1752 2175 1792; x_wconf 86' lang='lat' dir='ltr'><strong>sa-</strong></span> 
     </span>
    </p>
   </div>
   <div class='ocr_carea' id='block_1_19' title="bbox 523 1816 2177 1895">
    <p class='ocr_par' dir='ltr' id='par_1_19' title="bbox 523 1816 2177 1895">
     <span class='ocr_line' id='line_1_19' title="bbox 523 1816 2177 1895; baseline 0.004 -21"><span class='ocrx_word' id='word_1_110' title='bbox 523 1831 601 1874; x_wconf 89' lang='lat' dir='ltr'><strong>ne</strong></span> <span class='ocrx_word' id='word_1_111' title='bbox 617 1816 1026 1891; x_wconf 89' lang='lat' dir='ltr'><strong>modestisque</strong></span> <span class='ocrx_word' id='word_1_112' title='bbox 1043 1825 1260 1876; x_wconf 89' lang='lat' dir='ltr'><strong>ornata</strong></span> <span class='ocrx_word' id='word_1_113' title='bbox 1279 1821 1573 1891; x_wconf 88' lang='lat' dir='ltr'><strong>moribus,</strong></span> <span class='ocrx_word' id='word_1_114' title='bbox 1587 1821 1799 1877; x_wconf 78' lang='lat' dir='ltr'><strong>defixis</strong></span> <span class='ocrx_word' id='word_1_115' title='bbox 1812 1840 1932 1895; x_wconf 79' lang='lat' dir='ltr'><strong>prae</strong></span> <span class='ocrx_word' id='word_1_116' title='bbox 1946 1824 2177 1895; x_wconf 87' lang='lat' dir='ltr'><strong>pudore</strong></span> 
     </span>
    </p>
   </div>
   <div class='ocr_carea' id='block_1_20' title="bbox 522 1905 2176 1976">
    <p class='ocr_par' dir='ltr' id='par_1_20' title="bbox 522 1905 2176 1976">
     <span class='ocr_line' id='line_1_20' title="bbox 522 1905 2176 1976; baseline 0.005 -16"><span class='ocrx_word' id='word_1_117' title='bbox 522 1905 583 1961; x_wconf 90' lang='lat' dir='ltr'><strong>in</strong></span> <span class='ocrx_word' id='word_1_118' title='bbox 609 1910 828 1961; x_wconf 84' lang='lat' dir='ltr'><strong>terram</strong></span> <span class='ocrx_word' id='word_1_119' title='bbox 848 1906 1287 1976; x_wconf 87' lang='lat' dir='ltr'><strong>oculis,faciem</strong></span> <span class='ocrx_word' id='word_1_120' title='bbox 1312 1909 1497 1966; x_wconf 88' lang='lat' dir='ltr'><strong>habet</strong></span> <span class='ocrx_word' id='word_1_121' title='bbox 1516 1910 1801 1966; x_wconf 88' lang='lat' dir='ltr'><strong>deorsum</strong></span> <span class='ocrx_word' id='word_1_122' title='bbox 1827 1912 2176 1970; x_wconf 85' lang='lat' dir='ltr'><strong>demissam.</strong></span> 
     </span>
    </p>
   </div>
   <div class='ocr_carea' id='block_1_21' title="bbox 524 1994 2177 2075">
    <p class='ocr_par' dir='ltr' id='par_1_21' title="bbox 524 1994 2177 2075">
     <span class='ocr_line' id='line_1_21' title="bbox 524 1994 2177 2075; baseline 0.007 -27"><span class='ocrx_word' id='word_1_123' title='bbox 524 1994 840 2067; x_wconf 90' lang='lat' dir='ltr'><strong>lmpudica</strong></span> <span class='ocrx_word' id='word_1_124' title='bbox 868 2012 1013 2052; x_wconf 85' lang='lat' dir='ltr'><strong>vero</strong></span> <span class='ocrx_word' id='word_1_125' title='bbox 1043 2000 1101 2052; x_wconf 87' lang='lat' dir='ltr'><strong>et</strong></span> <span class='ocrx_word' id='word_1_126' title='bbox 1129 2014 1264 2070; x_wconf 63' lang='lat' dir='ltr'><strong>qua:</strong></span> <span class='ocrx_word' id='word_1_127' title='bbox 1295 1998 1754 2070; x_wconf 87' lang='lat' dir='ltr'><strong>pulchritudinis</strong></span> <span class='ocrx_word' id='word_1_128' title='bbox 1794 2018 1917 2057; x_wconf 74' lang='lat' dir='ltr'><strong>suae</strong></span> <span class='ocrx_word' id='word_1_129' title='bbox 1961 2002 2177 2075; x_wconf 87' lang='lat' dir='ltr'><strong>laqueo</strong></span> 
     </span>
    </p>
   </div>
   <div class='ocr_carea' id='block_1_22' title="bbox 523 2086 2176 2158">
    <p class='ocr_par' dir='ltr' id='par_1_22' title="bbox 523 2086 2176 2158">
     <span class='ocr_line' id='line_1_22' title="bbox 523 2086 2176 2158; baseline 0.005 -19"><span class='ocrx_word' id='word_1_130' title='bbox 523 2089 765 2156; x_wconf 85' lang='lat' dir='ltr'><strong>captare</strong></span> <span class='ocrx_word' id='word_1_131' title='bbox 797 2100 868 2140; x_wconf 91' lang='lat' dir='ltr'><strong>ac</strong></span> <span class='ocrx_word' id='word_1_132' title='bbox 906 2086 1110 2141; x_wconf 83' lang='lat' dir='ltr'><strong>venari</strong></span> <span class='ocrx_word' id='word_1_133' title='bbox 1142 2086 1361 2142; x_wconf 91' lang='lat' dir='ltr'><strong>multos</strong></span> <span class='ocrx_word' id='word_1_134' title='bbox 1391 2087 1452 2143; x_wconf 91' lang='lat' dir='ltr'><strong>in</strong></span> <span class='ocrx_word' id='word_1_135' title='bbox 1497 2088 1773 2145; x_wconf 89' lang='lat' dir='ltr'><strong>animum</strong></span> <span class='ocrx_word' id='word_1_136' title='bbox 1800 2089 2056 2158; x_wconf 80' lang='lat' dir='ltr'><strong>induxit,</strong></span> <span class='ocrx_word' id='word_1_137' title='bbox 2092 2092 2176 2148; x_wconf 92' lang='lat' dir='ltr'><strong>in-</strong></span> 
     </span>
    </p>
   </div>
   <div class='ocr_carea' id='block_1_23' title="bbox 521 2171 2176 2248">
    <p class='ocr_par' dir='ltr' id='par_1_23' title="bbox 521 2171 2176 2248">
     <span class='ocr_line' id='line_1_23' title="bbox 521 2171 2176 2248; baseline 0.006 -21"><span class='ocrx_word' id='word_1_138' title='bbox 521 2171 680 2227; x_wconf 89' lang='lat' dir='ltr'><strong>cedit</strong></span> <span class='ocrx_word' id='word_1_139' title='bbox 708 2178 977 2228; x_wconf 87' lang='lat' dir='ltr'><strong>surrecto</strong></span> <span class='ocrx_word' id='word_1_140' title='bbox 1007 2173 1199 2230; x_wconf 88' lang='lat' dir='ltr'><strong>collo:</strong></span> <span class='ocrx_word' id='word_1_141' title='bbox 1229 2180 1285 2231; x_wconf 90' lang='lat' dir='ltr'><strong>et</strong></span> <span class='ocrx_word' id='word_1_142' title='bbox 1311 2175 1374 2231; x_wconf 89' lang='lat' dir='ltr'><strong>in</strong></span> <span class='ocrx_word' id='word_1_143' title='bbox 1413 2177 1662 2233; x_wconf 92' lang='lat' dir='ltr'><strong>nutibus</strong></span> <span class='ocrx_word' id='word_1_144' title='bbox 1711 2178 2046 2248; x_wconf 89' lang='lat' dir='ltr'><strong>oculorum,</strong></span> <span class='ocrx_word' id='word_1_145' title='bbox 2068 2180 2176 2237; x_wconf 88' lang='lat' dir='ltr'><strong>im-</strong></span> 
     </span>
    </p>
   </div>
   <div class='ocr_carea' id='block_1_24' title="bbox 520 2261 2178 2341">
    <p class='ocr_par' dir='ltr' id='par_1_24' title="bbox 520 2261 2178 2341">
     <span class='ocr_line' id='line_1_24' title="bbox 520 2261 2178 2341; baseline 0.007 -26"><span class='ocrx_word' id='word_1_146' title='bbox 520 2261 843 2333; x_wconf 88' lang='lat' dir='ltr'><strong>puritatem</strong></span> <span class='ocrx_word' id='word_1_147' title='bbox 874 2262 1093 2319; x_wconf 67' lang='lat' dir='ltr'><strong>animae</strong></span> <span class='ocrx_word' id='word_1_148' title='bbox 1113 2263 1399 2331; x_wconf 86' lang='lat' dir='ltr'><strong>declarat,</strong></span> <span class='ocrx_word' id='word_1_149' title='bbox 1428 2271 1608 2338; x_wconf 88' lang='lat' dir='ltr'><strong>atque</strong></span> <span class='ocrx_word' id='word_1_150' title='bbox 1627 2272 1875 2339; x_wconf 88' lang='lat' dir='ltr'><strong>aspectu</strong></span> <span class='ocrx_word' id='word_1_151' title='bbox 1902 2268 2034 2341; x_wconf 92' lang='lat' dir='ltr'><strong>ipso</strong></span> <span class='ocrx_word' id='word_1_152' title='bbox 2054 2271 2178 2327; x_wconf 83' lang='lat' dir='ltr'><strong>exi-</strong></span> 
     </span>
    </p>
   </div>
   <div class='ocr_carea' id='block_1_25' title="bbox 518 2349 2176 2425">
    <p class='ocr_par' dir='ltr' id='par_1_25' title="bbox 518 2349 2176 2425">
     <span class='ocr_line' id='line_1_25' title="bbox 518 2349 2176 2425; baseline 0.006 -19"><span class='ocrx_word' id='word_1_153' title='bbox 518 2349 743 2407; x_wconf 87' lang='lat' dir='ltr'><strong>tiosum</strong></span> <span class='ocrx_word' id='word_1_154' title='bbox 809 2350 1126 2423; x_wconf 87' lang='lat' dir='ltr'><strong>quoddam</strong></span> <span class='ocrx_word' id='word_1_155' title='bbox 1175 2353 1340 2409; x_wconf 81' lang='lat' dir='ltr'><strong>virus</strong></span> <span class='ocrx_word' id='word_1_156' title='bbox 1394 2355 1717 2425; x_wconf 89' lang='lat' dir='ltr'><strong>jaculatur.</strong></span> <span class='ocrx_word' id='word_1_157' title='bbox 1773 2360 1925 2414; x_wconf 91' lang='lat' dir='ltr'><strong>Sane</strong></span> <span class='ocrx_word' id='word_1_158' title='bbox 1983 2359 2176 2416; x_wconf 89' lang='lat' dir='ltr'><strong>simile</strong></span> 
     </span>
    </p>
   </div>
   <div class='ocr_carea' id='block_1_26' title="bbox 520 2437 2178 2519">
    <p class='ocr_par' dir='ltr' id='par_1_26' title="bbox 520 2437 2178 2519">
     <span class='ocr_line' id='line_1_26' title="bbox 520 2437 2178 2519; baseline 0.007 -26"><span class='ocrx_word' id='word_1_159' title='bbox 520 2437 812 2511; x_wconf 89' lang='lat' dir='ltr'><strong>quiddam</strong></span> <span class='ocrx_word' id='word_1_160' title='bbox 840 2445 1046 2496; x_wconf 88' lang='lat' dir='ltr'><strong>narrat</strong></span> <span class='ocrx_word' id='word_1_161' title='bbox 1072 2457 1284 2498; x_wconf 87' lang='lat' dir='ltr'><strong>rumor</strong></span> <span class='ocrx_word' id='word_1_162' title='bbox 1313 2442 1388 2499; x_wconf 93' lang='lat' dir='ltr'><strong>de</strong></span> <span class='ocrx_word' id='word_1_163' title='bbox 1416 2442 1726 2514; x_wconf 88' lang='lat' dir='ltr'><strong>basilisco,</strong></span> <span class='ocrx_word' id='word_1_164' title='bbox 1768 2462 1950 2519; x_wconf 89' lang='lat' dir='ltr'><strong>quem</strong></span> <span class='ocrx_word' id='word_1_165' title='bbox 1980 2448 2178 2506; x_wconf 88' lang='lat' dir='ltr'><strong>ferunt</strong></span> 
     </span>
    </p>
   </div>
   <div class='ocr_carea' id='block_1_27' title="bbox 521 2526 2177 2605">
    <p class='ocr_par' dir='ltr' id='par_1_27' title="bbox 521 2526 2177 2605">
     <span class='ocr_line' id='line_1_27' title="bbox 521 2526 2177 2605; baseline 0.007 -23"><span class='ocrx_word' id='word_1_166' title='bbox 521 2526 650 2583; x_wconf 91' lang='lat' dir='ltr'><strong>solo</strong></span> <span class='ocrx_word' id='word_1_167' title='bbox 679 2526 898 2583; x_wconf 91' lang='lat' dir='ltr'><strong>intuitu</strong></span> <span class='ocrx_word' id='word_1_168' title='bbox 925 2527 1255 2586; x_wconf 85' lang='lat' dir='ltr'><strong>interficere</strong></span> <span class='ocrx_word' id='word_1_169' title='bbox 1285 2536 1676 2604; x_wconf 85' lang='lat' dir='ltr'><strong>spectatores.</strong></span> <span class='ocrx_word' id='word_1_170' title='bbox 1694 2536 1763 2605; x_wconf 87' lang='lat'><strong>(2)</strong></span> <span class='ocrx_word' id='word_1_171' title='bbox 1795 2535 1944 2601; x_wconf 86' lang='lat' dir='ltr'><strong>Quia</strong></span> <span class='ocrx_word' id='word_1_172' title='bbox 1972 2542 2177 2594; x_wconf 90' lang='lat' dir='ltr'><strong>autem</strong></span> 
     </span>
    </p>
   </div>
   <div class='ocr_carea' id='block_1_28' title="bbox 521 2615 2176 2688">
    <p class='ocr_par' dir='ltr' id='par_1_28' title="bbox 521 2615 2176 2688">
     <span class='ocr_line' id='line_1_28' title="bbox 521 2615 2176 2688; baseline 0.008 -17"><span class='ocrx_word' id='word_1_173' title='bbox 521 2615 776 2688; x_wconf 89' lang='lat' dir='ltr'><strong>quidam</strong></span> <span class='ocrx_word' id='word_1_174' title='bbox 808 2617 1039 2675; x_wconf 91' lang='lat' dir='ltr'><strong>colores</strong></span> <span class='ocrx_word' id='word_1_175' title='bbox 1071 2635 1109 2676; x_wconf 89' lang='lat' dir='ltr'><strong>a</strong></span> <span class='ocrx_word' id='word_1_176' title='bbox 1135 2620 1489 2678; x_wconf 91' lang='lat' dir='ltr'><strong>mulieribus</strong></span> <span class='ocrx_word' id='word_1_177' title='bbox 1517 2622 1597 2679; x_wconf 89' lang='lat' dir='ltr'><strong>ad</strong></span> <span class='ocrx_word' id='word_1_178' title='bbox 1649 2623 2062 2684; x_wconf 87' lang='lat' dir='ltr'><strong>decorandam</strong></span> <span class='ocrx_word' id='word_1_179' title='bbox 2091 2626 2176 2684; x_wconf 86' lang='lat' dir='ltr'><strong>fa-</strong></span> 
     </span>
    </p>
   </div>
   <div class='ocr_carea' id='block_1_29' title="bbox 521 2703 2175 2781">
    <p class='ocr_par' dir='ltr' id='par_1_29' title="bbox 521 2703 2175 2781">
     <span class='ocr_line' id='line_1_29' title="bbox 521 2703 2175 2781; baseline 0.008 -22"><span class='ocrx_word' id='word_1_180' title='bbox 521 2703 673 2761; x_wconf 91' lang='lat' dir='ltr'><strong>ciem</strong></span> <span class='ocrx_word' id='word_1_181' title='bbox 702 2704 880 2762; x_wconf 81' lang='lat' dir='ltr'><strong>valde</strong></span> <span class='ocrx_word' id='word_1_182' title='bbox 909 2709 1325 2781; x_wconf 83' lang='lat' dir='ltr'><strong>exquiruntur,</strong></span> <span class='ocrx_word' id='word_1_183' title='bbox 1361 2710 1557 2778; x_wconf 84' lang='lat' dir='ltr'><strong>albus,</strong></span> <span class='ocrx_word' id='word_1_184' title='bbox 1608 2711 1859 2777; x_wconf 89' lang='lat' dir='ltr'><strong>rubens,</strong></span> <span class='ocrx_word' id='word_1_185' title='bbox 1917 2720 1974 2771; x_wconf 92' lang='lat' dir='ltr'><strong>et</strong></span> <span class='ocrx_word' id='word_1_186' title='bbox 2020 2715 2175 2772; x_wconf 89' lang='lat' dir='ltr'><strong>alius</strong></span> 
     </span>
    </p>
   </div>
   <div class='ocr_carea' id='block_1_30' title="bbox 518 2794 2173 2870">
    <p class='ocr_par' dir='ltr' id='par_1_30' title="bbox 518 2794 2173 2870">
     <span class='ocr_line' id='line_1_30' title="bbox 518 2794 2173 2870; baseline 0.008 -21"><span class='ocrx_word' id='word_1_187' title='bbox 518 2794 690 2865; x_wconf 88' lang='lat' dir='ltr'><strong>niger</strong></span> <span class='ocrx_word' id='word_1_188' title='bbox 714 2813 727 2850; x_wconf 89' lang='lat'><strong>:</strong></span> <span class='ocrx_word' id='word_1_189' title='bbox 760 2811 831 2853; x_wconf 88' lang='lat' dir='ltr'><strong>ac</strong></span> <span class='ocrx_word' id='word_1_190' title='bbox 860 2796 1034 2853; x_wconf 90' lang='lat' dir='ltr'><strong>albus</strong></span> <span class='ocrx_word' id='word_1_191' title='bbox 1063 2798 1313 2870; x_wconf 87' lang='lat' dir='ltr'><strong>quidem</strong></span> <span class='ocrx_word' id='word_1_192' title='bbox 1345 2800 1673 2858; x_wconf 90' lang='lat' dir='ltr'><strong>candorem</strong></span> <span class='ocrx_word' id='word_1_193' title='bbox 1695 2804 2019 2861; x_wconf 88' lang='lat' dir='ltr'><strong>ementitur</strong></span> <span class='ocrx_word' id='word_1_194' title='bbox 2048 2821 2173 2862; x_wconf 89' lang='lat' dir='ltr'><strong>cor-</strong></span> 
     </span>
    </p>
   </div>
   <div class='ocr_carea' id='block_1_31' title="bbox 521 2885 2173 2963">
    <p class='ocr_par' dir='ltr' id='par_1_31' title="bbox 521 2885 2173 2963">
     <span class='ocr_line' id='line_1_31' title="bbox 521 2885 2173 2963; baseline 0.007 -23"><span class='ocrx_word' id='word_1_195' title='bbox 521 2885 686 2956; x_wconf 90' lang='lat' dir='ltr'><strong>poris</strong></span> <span class='ocrx_word' id='word_1_196' title='bbox 711 2885 970 2952; x_wconf 82' lang='lat' dir='ltr'><strong>;rubens</strong></span> <span class='ocrx_word' id='word_1_197' title='bbox 1000 2886 1064 2943; x_wconf 88' lang='lat' dir='ltr'><strong>in</strong></span> <span class='ocrx_word' id='word_1_198' title='bbox 1089 2889 1259 2957; x_wconf 83' lang='lat' dir='ltr'><strong>genis</strong></span> <span class='ocrx_word' id='word_1_199' title='bbox 1272 2888 1611 2961; x_wconf 80' lang='lat' dir='ltr'><strong>eﬂlorescit;</strong></span> <span class='ocrx_word' id='word_1_200' title='bbox 1637 2893 1807 2963; x_wconf 89' lang='lat' dir='ltr'><strong>niger</strong></span> <span class='ocrx_word' id='word_1_201' title='bbox 1827 2894 1892 2950; x_wconf 91' lang='lat' dir='ltr'><strong>in</strong></span> <span class='ocrx_word' id='word_1_202' title='bbox 1918 2894 2173 2953; x_wconf 90' lang='lat' dir='ltr'><strong>modum</strong></span> 
     </span>
    </p>
   </div>
   <div class='ocr_carea' id='block_1_32' title="bbox 518 2973 2174 3055">
    <p class='ocr_par' dir='ltr' id='par_1_32' title="bbox 518 2973 2174 3055">
     <span class='ocr_line' id='line_1_32' title="bbox 518 2973 2174 3055; baseline 0.008 -27"><span class='ocrx_word' id='word_1_203' title='bbox 518 2975 675 3029; x_wconf 65' lang='lat' dir='ltr'><strong>lunae</strong></span> <span class='ocrx_word' id='word_1_204' title='bbox 703 2973 766 3029; x_wconf 91' lang='lat' dir='ltr'><strong>in</strong></span> <span class='ocrx_word' id='word_1_205' title='bbox 792 2989 1021 3031; x_wconf 86' lang='lat' dir='ltr'><strong>cornua</strong></span> <span class='ocrx_word' id='word_1_206' title='bbox 1049 2981 1314 3032; x_wconf 77' lang='lat' dir='ltr'><strong>curvatae</strong></span> <span class='ocrx_word' id='word_1_207' title='bbox 1345 2977 1572 3035; x_wconf 89' lang='lat' dir='ltr'><strong>circum</strong></span> <span class='ocrx_word' id='word_1_208' title='bbox 1601 2980 1809 3036; x_wconf 92' lang='lat' dir='ltr'><strong>oculos</strong></span> <span class='ocrx_word' id='word_1_209' title='bbox 1853 2984 2174 3055; x_wconf 88' lang='lat' dir='ltr'><strong>supercilia</strong></span> 
     </span>
    </p>
   </div>
   <div class='ocr_carea' id='block_1_33' title="bbox 2302 476 3935 560">
    <p class='ocr_par' dir='ltr' id='par_1_33' title="bbox 2302 476 3935 560">
     <span class='ocr_line' id='line_1_33' title="bbox 2302 476 3935 560; baseline -0.003 -23"><span class='ocrx_word' id='word_1_210' title='bbox 2302 483 2429 538; x_wconf 74' lang='grc' dir='ltr'>ἀλλὰ</span> <span class='ocrx_word' id='word_1_211' title='bbox 2457 490 2889 560; x_wconf 81' lang='grc' dir='ltr'>παραχρώμεναι,</span> <span class='ocrx_word' id='word_1_212' title='bbox 2923 482 3211 536; x_wconf 81' lang='grc' dir='ltr'>κελεύονται</span> <span class='ocrx_word' id='word_1_213' title='bbox 3244 484 3584 556; x_wconf 70' lang='grc' dir='ltr'><strong>γυμνωθῆναι</strong></span> <span class='ocrx_word' id='word_1_214' title='bbox 3625 491 3724 542; x_wconf 79' lang='grc' dir='ltr'>τῆς</span> <span class='ocrx_word' id='word_1_215' title='bbox 3762 476 3935 542; x_wconf 79' lang='grc' dir='ltr'>δόξης</span> 
     </span>
    </p>
   </div>
   <div class='ocr_carea' id='block_1_34' title="bbox 2298 567 3934 648">
    <p class='ocr_par' dir='ltr' id='par_1_34' title="bbox 2298 567 3934 648">
     <span class='ocr_line' id='line_1_34' title="bbox 2298 567 3934 648; baseline -0.004 -21"><span class='ocrx_word' id='word_1_216' title='bbox 2298 571 2390 627; x_wconf 74' lang='grc' dir='ltr'><strong>τού</strong></span> <span class='ocrx_word' id='word_1_217' title='bbox 2408 574 3048 648; x_wconf 69' lang='grc' dir='ltr'>ίματισμοῦ.Ἀφαιρείται</span> <span class='ocrx_word' id='word_1_218' title='bbox 3068 577 3244 645; x_wconf 81' lang='grc' dir='ltr'>μέντοι</span> <span class='ocrx_word' id='word_1_219' title='bbox 3263 579 3353 624; x_wconf 75' lang='grc' dir='ltr'>καὶ</span> <span class='ocrx_word' id='word_1_220' title='bbox 3370 570 3451 644; x_wconf 62' lang='grc' dir='ltr'><strong>ἀφ’</strong></span> <span class='ocrx_word' id='word_1_221' title='bbox 3470 573 3616 645; x_wconf 71' lang='grc' dir='ltr'>ἡμῶν</span> <span class='ocrx_word' id='word_1_222' title='bbox 3640 575 3743 629; x_wconf 78' lang='grc' dir='ltr'>τὴν</span> <span class='ocrx_word' id='word_1_223' title='bbox 3759 567 3934 630; x_wconf 79' lang='grc' dir='ltr'>δόξαν</span> 
     </span>
    </p>
   </div>
   <div class='ocr_carea' id='block_1_35' title="bbox 2296 659 3933 736">
    <p class='ocr_par' dir='ltr' id='par_1_35' title="bbox 2296 659 3933 736">
     <span class='ocr_line' id='line_1_35' title="bbox 2296 659 3933 736; baseline -0.004 -22"><span class='ocrx_word' id='word_1_224' title='bbox 2296 669 2387 714; x_wconf 81' lang='grc' dir='ltr'>τοῦ</span> <span class='ocrx_word' id='word_1_225' title='bbox 2421 665 2707 736; x_wconf 68' lang='grc' dir='ltr'>ἱματισμοῦ</span> <span class='ocrx_word' id='word_1_226' title='bbox 2733 663 2759 714; x_wconf 84' lang='grc' dir='ltr'>ὁ</span> <span class='ocrx_word' id='word_1_227' title='bbox 2790 664 2999 736; x_wconf 79' lang='grc' dir='ltr'>Κύριος,</span> <span class='ocrx_word' id='word_1_228' title='bbox 3032 659 3116 713; x_wconf 78' lang='grc' dir='ltr'>ἐὰν</span> <span class='ocrx_word' id='word_1_229' title='bbox 3144 659 3366 723; x_wconf 81' lang='grc' dir='ltr'>ἀναξίως</span> <span class='ocrx_word' id='word_1_230' title='bbox 3398 659 3536 731; x_wconf 82' lang='grc' dir='ltr'>αύτῷ</span> <span class='ocrx_word' id='word_1_231' title='bbox 3581 662 3933 733; x_wconf 70' lang='grc' dir='ltr'><strong>κεχρημένοι</strong></span> 
     </span>
    </p>
   </div>
   <div class='ocr_carea' id='block_1_36' title="bbox 2296 750 3932 825">
    <p class='ocr_par' dir='ltr' id='par_1_36' title="bbox 2296 750 3932 825">
     <span class='ocr_line' id='line_1_36' title="bbox 2296 750 3932 825; baseline -0.002 -21"><span class='ocrx_word' id='word_1_232' title='bbox 2296 761 2557 825; x_wconf 76' lang='grc' dir='ltr'>φανῶμεν;</span> <span class='ocrx_word' id='word_1_233' title='bbox 2585 759 3001 812; x_wconf 75' lang='grc' dir='ltr'><strong>καταπατοῦντες</strong></span> <span class='ocrx_word' id='word_1_234' title='bbox 3041 750 3219 818; x_wconf 70' lang='grc' dir='ltr'>αὐτόν,</span> <span class='ocrx_word' id='word_1_235' title='bbox 3257 756 3348 803; x_wconf 78' lang='grc' dir='ltr'>καὶ</span> <span class='ocrx_word' id='word_1_236' title='bbox 3381 759 3482 803; x_wconf 85' lang='grc' dir='ltr'>τῶν</span> <span class='ocrx_word' id='word_1_237' title='bbox 3515 756 3800 825; x_wconf 74' lang='grc' dir='ltr'><strong>σαρκικῶν</strong></span> <span class='ocrx_word' id='word_1_238' title='bbox 3832 768 3932 821; x_wconf 81' lang='grc' dir='ltr'>μο-</span> 
     </span>
    </p>
   </div>
   <div class='ocr_carea' id='block_1_37' title="bbox 2294 836 3927 913">
    <p class='ocr_par' dir='ltr' id='par_1_37' title="bbox 2294 836 3927 913">
     <span class='ocr_line' id='line_1_37' title="bbox 2294 836 3927 913; baseline -0.002 -20"><span class='ocrx_word' id='word_1_239' title='bbox 2294 841 2571 913; x_wconf 71' lang='grc' dir='ltr'>λυσμάτων</span> <span class='ocrx_word' id='word_1_240' title='bbox 2602 839 3039 913; x_wconf 62' lang='grc' dir='ltr'>ἀναπιμπλάντες.</span> <span class='ocrx_word' id='word_1_241' title='bbox 3063 844 3153 901; x_wconf 87' lang='grc' dir='ltr'><strong>Τίς</strong></span> <span class='ocrx_word' id='word_1_242' title='bbox 3186 836 3243 892; x_wconf 71' lang='grc' dir='ltr'>δὲ</span> <span class='ocrx_word' id='word_1_243' title='bbox 3270 841 3294 891; x_wconf 84' lang='grc' dir='ltr'><strong>ό</strong></span> <span class='ocrx_word' id='word_1_244' title='bbox 3320 846 3552 900; x_wconf 75' lang='grc' dir='ltr'>τοιοῦτος</span> <span class='ocrx_word' id='word_1_245' title='bbox 3583 840 3927 910; x_wconf 81' lang='grc' dir='ltr'>ἱματισμός;</span> 
     </span>
    </p>
   </div>
   <div class='ocr_carea' id='block_1_38' title="bbox 2294 922 3930 1005">
    <p class='ocr_par' dir='ltr' id='par_1_38' title="bbox 2294 922 3930 1005">
     <span class='ocr_line' id='line_1_38' title="bbox 2294 922 3930 1005; baseline -0.004 -22"><span class='ocrx_word' id='word_1_246' title='bbox 2294 935 2473 1002; x_wconf 72' lang='grc' dir='ltr'>φησίν.</span> <span class='ocrx_word' id='word_1_247' title='bbox 2499 928 2656 982; x_wconf 81' lang='grc' dir='ltr'>Ὀσοι</span> <span class='ocrx_word' id='word_1_248' title='bbox 2680 929 2747 990; x_wconf 84' lang='grc' dir='ltr'><strong>εἰς</strong></span> <span class='ocrx_word' id='word_1_249' title='bbox 2776 931 3008 1005; x_wconf 81' lang='grc' dir='ltr'>Χριστόν</span> <span class='ocrx_word' id='word_1_250' title='bbox 3039 927 3413 993; x_wconf 67' lang='grc' dir='ltr'>ἐϐαπτίσθητε,</span> <span class='ocrx_word' id='word_1_251' title='bbox 3464 930 3706 1002; x_wconf 85' lang='grc' dir='ltr'>Χριστόν</span> <span class='ocrx_word' id='word_1_252' title='bbox 3744 922 3930 979; x_wconf 78' lang='grc' dir='ltr'>ἐνεδύ-</span> 
     </span>
    </p>
   </div>
   <div class='ocr_carea' id='block_1_39' title="bbox 2296 1013 3928 1092">
    <p class='ocr_par' dir='ltr' id='par_1_39' title="bbox 2296 1013 3928 1092">
     <span class='ocr_line' id='line_1_39' title="bbox 2296 1013 3928 1092; baseline -0.002 -21"><span class='ocrx_word' id='word_1_253' title='bbox 2296 1021 2480 1085; x_wconf 74' lang='grc' dir='ltr'>σασθε,</span> <span class='ocrx_word' id='word_1_254' title='bbox 2523 1019 2575 1071; x_wconf 85' lang='grc' dir='ltr'>ὃν</span> <span class='ocrx_word' id='word_1_255' title='bbox 2633 1018 2841 1091; x_wconf 68' lang='grc' dir='ltr'>ἀφαιρεῖ</span> <span class='ocrx_word' id='word_1_256' title='bbox 2900 1020 3089 1092; x_wconf 81' lang='grc' dir='ltr'>Κύριος</span> <span class='ocrx_word' id='word_1_257' title='bbox 3140 1015 3240 1069; x_wconf 75' lang='grc' dir='ltr'>ἀπὸ</span> <span class='ocrx_word' id='word_1_258' title='bbox 3279 1026 3381 1069; x_wconf 81' lang='grc' dir='ltr'>τῶν</span> <span class='ocrx_word' id='word_1_259' title='bbox 3422 1013 3495 1070; x_wconf 84' lang='grc' dir='ltr'>δι’</span> <span class='ocrx_word' id='word_1_260' title='bbox 3545 1015 3840 1090; x_wconf 83' lang='grc' dir='ltr'>ἁμαρτιῶν</span> <span class='ocrx_word' id='word_1_261' title='bbox 3868 1019 3928 1068; x_wconf 83' lang='grc' dir='ltr'>τὸ</span> 
     </span>
    </p>
   </div>
   <div class='ocr_carea' id='block_1_40' title="bbox 2295 1100 3929 1179">
    <p class='ocr_par' dir='ltr' id='par_1_40' title="bbox 2295 1100 3929 1179">
     <span class='ocr_line' id='line_1_40' title="bbox 2295 1100 3929 1179; baseline -0.002 -21"><span class='ocrx_word' id='word_1_262' title='bbox 2295 1116 2447 1179; x_wconf 83' lang='grc' dir='ltr'>σῶμα</span> <span class='ocrx_word' id='word_1_263' title='bbox 2475 1108 2932 1175; x_wconf 86' lang='grc' dir='ltr'>καταπατούντων,</span> <span class='ocrx_word' id='word_1_264' title='bbox 2955 1109 3043 1158; x_wconf 84' lang='grc' dir='ltr'>καὶ</span> <span class='ocrx_word' id='word_1_265' title='bbox 3079 1107 3137 1157; x_wconf 83' lang='grc' dir='ltr'>τὸ</span> <span class='ocrx_word' id='word_1_266' title='bbox 3168 1106 3300 1177; x_wconf 85' lang='grc' dir='ltr'>αἷμα</span> <span class='ocrx_word' id='word_1_267' title='bbox 3328 1111 3419 1165; x_wconf 79' lang='grc' dir='ltr'>τῆς</span> <span class='ocrx_word' id='word_1_268' title='bbox 3445 1100 3720 1167; x_wconf 66' lang='grc' dir='ltr'>διαθήκης</span> <span class='ocrx_word' id='word_1_269' title='bbox 3742 1107 3929 1156; x_wconf 79' lang='grc' dir='ltr'>κοινόν</span> 
     </span>
    </p>
   </div>
   <div class='ocr_carea' id='block_1_41' title="bbox 2293 1197 2609 1269">
    <p class='ocr_par' dir='ltr' id='par_1_41' title="bbox 2293 1197 2609 1269">
     <span class='ocr_line' id='line_1_41' title="bbox 2293 1197 2609 1269; baseline 0.003 -20"><span class='ocrx_word' id='word_1_270' title='bbox 2293 1197 2609 1269; x_wconf 72' lang='grc' dir='ltr'><strong>ἡγουμένων.</strong></span> 
     </span>
    </p>
   </div>
   <div class='ocr_carea' id='block_1_42' title="bbox 2362 1279 3934 1355">
    <p class='ocr_par' dir='ltr' id='par_1_42' title="bbox 2362 1279 3934 1355">
     <span class='ocr_line' id='line_1_42' title="bbox 2362 1279 3934 1355; baseline -0.004 -15"><span class='ocrx_word' id='word_1_271' title='bbox 2362 1289 2414 1341; x_wconf 75' lang='grc'><strong>4.</strong></span> <span class='ocrx_word' id='word_1_272' title='bbox 2471 1287 2536 1338; x_wconf 77' lang='grc' dir='ltr'><strong>Αἰ</strong></span> <span class='ocrx_word' id='word_1_273' title='bbox 2582 1286 2752 1337; x_wconf 79' lang='grc' dir='ltr'>τοίνυν</span> <span class='ocrx_word' id='word_1_274' title='bbox 2809 1282 2893 1336; x_wconf 81' lang='grc' dir='ltr'>ἐπὶ</span> <span class='ocrx_word' id='word_1_275' title='bbox 2950 1290 3023 1354; x_wconf 83' lang='grc' dir='ltr'>τῷ</span> <span class='ocrx_word' id='word_1_276' title='bbox 3086 1289 3179 1336; x_wconf 75' lang='grc' dir='ltr'>τοῦ</span> <span class='ocrx_word' id='word_1_277' title='bbox 3256 1286 3492 1355; x_wconf 80' lang='grc' dir='ltr'>σώματος</span> <span class='ocrx_word' id='word_1_278' title='bbox 3539 1279 3727 1334; x_wconf 76' lang='grc' dir='ltr'>κάλλει</span> <span class='ocrx_word' id='word_1_279' title='bbox 3783 1283 3934 1354; x_wconf 74' lang='grc' dir='ltr'>μέγα</span> 
     </span>
    </p>
   </div>
   <div class='ocr_carea' id='block_1_43' title="bbox 2293 1368 3929 1448">
    <p class='ocr_par' dir='ltr' id='par_1_43' title="bbox 2293 1368 3929 1448">
     <span class='ocr_line' id='line_1_43' title="bbox 2293 1368 3929 1448; baseline -0.004 -22"><span class='ocrx_word' id='word_1_280' title='bbox 2293 1382 2576 1448; x_wconf 68' lang='grc' dir='ltr'>φρονοῦσαι</span> <span class='ocrx_word' id='word_1_281' title='bbox 2624 1379 2879 1445; x_wconf 74' lang='grc' dir='ltr'>γυναῖκες,</span> <span class='ocrx_word' id='word_1_282' title='bbox 2946 1372 3319 1446; x_wconf 67' lang='grc' dir='ltr'><strong>ὑπεραίρουσιν</strong></span> <span class='ocrx_word' id='word_1_283' title='bbox 3381 1369 3563 1432; x_wconf 76' lang='grc' dir='ltr'>ἑαυτὰς</span> <span class='ocrx_word' id='word_1_284' title='bbox 3634 1378 3747 1422; x_wconf 84' lang='grc' dir='ltr'>τῶν</span> <span class='ocrx_word' id='word_1_285' title='bbox 3809 1368 3929 1422; x_wconf 79' lang='grc' dir='ltr'>λοι-</span> 
     </span>
    </p>
   </div>
   <div class='ocr_carea' id='block_1_44' title="bbox 2289 1458 3930 1535">
    <p class='ocr_par' dir='ltr' id='par_1_44' title="bbox 2289 1458 3930 1535">
     <span class='ocr_line' id='line_1_44' title="bbox 2289 1458 3930 1535; baseline -0.004 -20"><span class='ocrx_word' id='word_1_286' title='bbox 2289 1472 2418 1531; x_wconf 82' lang='grc' dir='ltr'>πών,</span> <span class='ocrx_word' id='word_1_287' title='bbox 2478 1467 2685 1535; x_wconf 86' lang='grc' dir='ltr'>ματαίῳ</span> <span class='ocrx_word' id='word_1_288' title='bbox 2753 1463 3053 1534; x_wconf 70' lang='grc' dir='ltr'>φρυαγματι</span> <span class='ocrx_word' id='word_1_289' title='bbox 3119 1464 3466 1533; x_wconf 71' lang='grc' dir='ltr'>κεχρημέναι,</span> <span class='ocrx_word' id='word_1_290' title='bbox 3543 1463 3638 1511; x_wconf 87' lang='grc' dir='ltr'>καὶ</span> <span class='ocrx_word' id='word_1_291' title='bbox 3698 1458 3930 1531; x_wconf 74' lang='grc' dir='ltr'>ἐπαιρό·</span> 
     </span>
    </p>
   </div>
   <div class='ocr_carea' id='block_1_45' title="bbox 2290 1543 3930 1624">
    <p class='ocr_par' dir='ltr' id='par_1_45' title="bbox 2290 1543 3930 1624">
     <span class='ocr_line' id='line_1_45' title="bbox 2290 1543 3930 1624; baseline -0.003 -21"><span class='ocrx_word' id='word_1_292' title='bbox 2290 1571 2439 1624; x_wconf 88' lang='grc' dir='ltr'>μεναι</span> <span class='ocrx_word' id='word_1_293' title='bbox 2504 1553 2775 1624; x_wconf 62' lang='grc' dir='ltr'>πράγματι</span> <span class='ocrx_word' id='word_1_294' title='bbox 2826 1553 2970 1621; x_wconf 76' lang='grc' dir='ltr'>ταχὺ</span> <span class='ocrx_word' id='word_1_295' title='bbox 3028 1547 3345 1602; x_wconf 62' lang='grc' dir='ltr'>ἀπανθοῦντι</span> <span class='ocrx_word' id='word_1_296' title='bbox 3391 1553 3482 1600; x_wconf 83' lang='grc' dir='ltr'>καὶ</span> <span class='ocrx_word' id='word_1_297' title='bbox 3541 1543 3876 1621; x_wconf 72' lang='grc' dir='ltr'>ἀπορρέοντι</span> <span class='ocrx_word' id='word_1_298' title='bbox 3915 1566 3930 1580; x_wconf 73' lang='grc' dir='ltr'><strong><em>ο</em></strong></span> 
     </span>
    </p>
   </div>
   <div class='ocr_carea' id='block_1_46' title="bbox 2290 1637 3928 1714">
    <p class='ocr_par' dir='ltr' id='par_1_46' title="bbox 2290 1637 3928 1714">
     <span class='ocr_line' id='line_1_46' title="bbox 2290 1637 3928 1714; baseline -0.002 -22"><span class='ocrx_word' id='word_1_299' title='bbox 2290 1640 2487 1712; x_wconf 70' lang='grc' dir='ltr'>ὑψηλόν</span> <span class='ocrx_word' id='word_1_300' title='bbox 2527 1660 2580 1693; x_wconf 82' lang='grc' dir='ltr'><strong>τε</strong></span> <span class='ocrx_word' id='word_1_301' title='bbox 2631 1644 2717 1692; x_wconf 84' lang='grc' dir='ltr'><strong>τόν</strong></span> <span class='ocrx_word' id='word_1_302' title='bbox 2765 1637 3032 1713; x_wconf 77' lang='grc' dir='ltr'>τράχηλον</span> <span class='ocrx_word' id='word_1_303' title='bbox 3100 1643 3365 1714; x_wconf 66' lang='grc' dir='ltr'>φέρουσιν,</span> <span class='ocrx_word' id='word_1_304' title='bbox 3420 1637 3546 1710; x_wconf 71' lang='grc' dir='ltr'>ὑπὲρ</span> <span class='ocrx_word' id='word_1_305' title='bbox 3596 1644 3692 1689; x_wconf 74' lang='grc' dir='ltr'>τοῦ</span> <span class='ocrx_word' id='word_1_306' title='bbox 3744 1644 3928 1689; x_wconf 76' lang='grc' dir='ltr'>πᾶσιν</span> 
     </span>
    </p>
   </div>
   <div class='ocr_carea' id='block_1_47' title="bbox 2223 1725 3925 1803">
    <p class='ocr_par' dir='ltr' id='par_1_47' title="bbox 2223 1725 3925 1803">
     <span class='ocr_line' id='line_1_47' title="bbox 2223 1725 3925 1803; baseline -0.003 -22"><span class='ocrx_word' id='word_1_307' title='bbox 2223 1750 2260 1802; x_wconf 75' lang='grc' dir='ltr'>Β</span> <span class='ocrx_word' id='word_1_308' title='bbox 2292 1730 2456 1782; x_wconf 67' lang='grc' dir='ltr'>αὐτῶν</span> <span class='ocrx_word' id='word_1_309' title='bbox 2486 1732 2551 1782; x_wconf 82' lang='grc' dir='ltr'>τὰ</span> <span class='ocrx_word' id='word_1_310' title='bbox 2580 1734 2837 1803; x_wconf 85' lang='grc' dir='ltr'>πρόσωπα</span> <span class='ocrx_word' id='word_1_311' title='bbox 2885 1725 3015 1780; x_wconf 85' lang='grc' dir='ltr'>εἶναι</span> <span class='ocrx_word' id='word_1_312' title='bbox 3049 1735 3342 1799; x_wconf 56' lang='grc' dir='ltr'>καταφανῆ.</span> <span class='ocrx_word' id='word_1_313' title='bbox 3381 1725 3439 1779; x_wconf 83' lang='grc' dir='ltr'>Ἠ</span> <span class='ocrx_word' id='word_1_314' title='bbox 3498 1731 3675 1798; x_wconf 77' lang='grc' dir='ltr'>μέντοι</span> <span class='ocrx_word' id='word_1_315' title='bbox 3742 1730 3925 1798; x_wconf 71' lang='grc' dir='ltr'>σεμνὴ</span> 
     </span>
    </p>
   </div>
   <div class='ocr_carea' id='block_1_48' title="bbox 2288 1810 3929 1892">
    <p class='ocr_par' dir='ltr' id='par_1_48' title="bbox 2288 1810 3929 1892">
     <span class='ocr_line' id='line_1_48' title="bbox 2288 1810 3929 1892; baseline -0.012 -6"><span class='ocrx_word' id='word_1_316' title='bbox 2288 1824 2378 1872; x_wconf 71' lang='grc' dir='ltr'><strong>καὶ</strong></span> <span class='ocrx_word' id='word_1_317' title='bbox 2414 1823 2631 1892; x_wconf 72' lang='grc' dir='ltr'>κοσμία,</span> <span class='ocrx_word' id='word_1_318' title='bbox 2697 1818 2762 1878; x_wconf 79' lang='grc' dir='ltr'><strong>εἰς</strong></span> <span class='ocrx_word' id='word_1_319' title='bbox 2826 1826 2922 1889; x_wconf 71' lang='grc' dir='ltr'><strong>γῆν</strong></span> <span class='ocrx_word' id='word_1_320' title='bbox 2979 1819 3343 1869; x_wconf 66' lang='grc' dir='ltr'>κατανεύουσα</span> <span class='ocrx_word' id='word_1_321' title='bbox 3400 1816 3502 1868; x_wconf 77' lang='grc' dir='ltr'>ὑπὸ</span> <span class='ocrx_word' id='word_1_322' title='bbox 3562 1810 3791 1881; x_wconf 70' lang='grc' dir='ltr'>αἰδοῦς,</span> <span class='ocrx_word' id='word_1_323' title='bbox 3836 1813 3929 1867; x_wconf 76' lang='grc' dir='ltr'><strong>ἐπὶ</strong></span> 
     </span>
    </p>
   </div>
   <div class='ocr_carea' id='block_1_49' title="bbox 2287 1901 3928 1980">
    <p class='ocr_par' dir='ltr' id='par_1_49' title="bbox 2287 1901 3928 1980">
     <span class='ocr_line' id='line_1_49' title="bbox 2287 1901 3928 1980; baseline -0.003 -19"><span class='ocrx_word' id='word_1_324' title='bbox 2287 1912 2353 1962; x_wconf 78' lang='grc' dir='ltr'>τὰ</span> <span class='ocrx_word' id='word_1_325' title='bbox 2412 1911 2554 1961; x_wconf 69' lang='grc' dir='ltr'>κάτω</span> <span class='ocrx_word' id='word_1_326' title='bbox 2625 1906 2994 1978; x_wconf 82' lang='grc' dir='ltr'>καθελκόμενον</span> <span class='ocrx_word' id='word_1_327' title='bbox 3054 1909 3170 1977; x_wconf 72' lang='grc' dir='ltr'>ἔχει</span> <span class='ocrx_word' id='word_1_328' title='bbox 3225 1909 3284 1958; x_wconf 85' lang='grc' dir='ltr'><strong>τό</strong></span> <span class='ocrx_word' id='word_1_329' title='bbox 3348 1908 3632 1980; x_wconf 87' lang='grc' dir='ltr'>πρόσωπον</span> <span class='ocrx_word' id='word_1_330' title='bbox 3674 1925 3687 1937; x_wconf 90' lang='grc'><strong>·</strong></span> <span class='ocrx_word' id='word_1_331' title='bbox 3765 1905 3798 1962; x_wconf 74' lang='grc' dir='ltr'>ἡ</span> <span class='ocrx_word' id='word_1_332' title='bbox 3861 1901 3928 1957; x_wconf 71' lang='grc' dir='ltr'>δὲ</span> 
     </span>
    </p>
   </div>
   <div class='ocr_carea' id='block_1_50' title="bbox 2287 1990 3925 2071">
    <p class='ocr_par' dir='ltr' id='par_1_50' title="bbox 2287 1990 3925 2071">
     <span class='ocr_line' id='line_1_50' title="bbox 2287 1990 3925 2071; baseline -0.003 -21"><span class='ocrx_word' id='word_1_333' title='bbox 2287 1999 2508 2071; x_wconf 77' lang='grc' dir='ltr'>ἄσεμνος</span> <span class='ocrx_word' id='word_1_334' title='bbox 2546 2001 2637 2049; x_wconf 83' lang='grc' dir='ltr'>καὶ</span> <span class='ocrx_word' id='word_1_335' title='bbox 2690 1995 2909 2057; x_wconf 75' lang='grc' dir='ltr'>πολλοὺς</span> <span class='ocrx_word' id='word_1_336' title='bbox 2960 1992 3218 2068; x_wconf 73' lang='grc' dir='ltr'>ἁγρεύσαι</span> <span class='ocrx_word' id='word_1_337' title='bbox 3268 2001 3331 2066; x_wconf 72' lang='grc' dir='ltr'>τῇ</span> <span class='ocrx_word' id='word_1_338' title='bbox 3382 1990 3578 2066; x_wconf 75' lang='grc' dir='ltr'>παγίδι</span> <span class='ocrx_word' id='word_1_339' title='bbox 3617 1999 3715 2045; x_wconf 73' lang='grc' dir='ltr'>τοῦ</span> <span class='ocrx_word' id='word_1_340' title='bbox 3782 1992 3925 2045; x_wconf 79' lang='grc' dir='ltr'>κοῖλ-</span> 
     </span>
    </p>
   </div>
   <div class='ocr_carea' id='block_1_51' title="bbox 2286 2081 3922 2162">
    <p class='ocr_par' dir='ltr' id='par_1_51' title="bbox 2286 2081 3922 2162">
     <span class='ocr_line' id='line_1_51' title="bbox 2286 2081 3922 2162; baseline -0.004 -23"><span class='ocrx_word' id='word_1_341' title='bbox 2286 2086 2401 2148; x_wconf 82' lang='grc' dir='ltr'>λους</span> <span class='ocrx_word' id='word_1_342' title='bbox 2456 2088 2860 2162; x_wconf 77' lang='grc' dir='ltr'>προαιρουμένη,</span> <span class='ocrx_word' id='word_1_343' title='bbox 2919 2086 3195 2157; x_wconf 74' lang='grc' dir='ltr'>πορεύεται</span> <span class='ocrx_word' id='word_1_344' title='bbox 3243 2082 3429 2154; x_wconf 74' lang='grc' dir='ltr'>ὑψηλῷ</span> <span class='ocrx_word' id='word_1_345' title='bbox 3480 2091 3551 2154; x_wconf 77' lang='grc' dir='ltr'>τῷ</span> <span class='ocrx_word' id='word_1_346' title='bbox 3615 2081 3922 2157; x_wconf 70' lang='grc' dir='ltr'>τραχήλῳ,</span> 
     </span>
    </p>
   </div>
   <div class='ocr_carea' id='block_1_52' title="bbox 2286 2168 3923 2247">
    <p class='ocr_par' dir='ltr' id='par_1_52' title="bbox 2286 2168 3923 2247">
     <span class='ocr_line' id='line_1_52' title="bbox 2286 2168 3923 2247; baseline -0.004 -20"><span class='ocrx_word' id='word_1_347' title='bbox 2286 2180 2376 2227; x_wconf 85' lang='grc' dir='ltr'>καὶ</span> <span class='ocrx_word' id='word_1_348' title='bbox 2442 2177 2490 2227; x_wconf 85' lang='grc' dir='ltr'>ἐν</span> <span class='ocrx_word' id='word_1_349' title='bbox 2545 2178 2795 2247; x_wconf 77' lang='grc' dir='ltr'>νεύμασιν</span> <span class='ocrx_word' id='word_1_350' title='bbox 2849 2171 3139 2245; x_wconf 68' lang='grc' dir='ltr'>ὀφθαλπών,</span> <span class='ocrx_word' id='word_1_351' title='bbox 3196 2176 3284 2224; x_wconf 87' lang='grc' dir='ltr'>ταὶ</span> <span class='ocrx_word' id='word_1_352' title='bbox 3337 2176 3431 2230; x_wconf 69' lang='grc' dir='ltr'>τὴν</span> <span class='ocrx_word' id='word_1_353' title='bbox 3480 2168 3763 2243; x_wconf 72' lang='grc' dir='ltr'>ἀσέλγειαν</span> <span class='ocrx_word' id='word_1_354' title='bbox 3817 2180 3923 2233; x_wconf 72' lang='grc' dir='ltr'>τῆς</span> 
     </span>
    </p>
   </div>
   <div class='ocr_carea' id='block_1_53' title="bbox 2285 2260 3926 2337">
    <p class='ocr_par' dir='ltr' id='par_1_53' title="bbox 2285 2260 3926 2337">
     <span class='ocr_line' id='line_1_53' title="bbox 2285 2260 3926 2337; baseline -0.002 -21"><span class='ocrx_word' id='word_1_355' title='bbox 2285 2263 2469 2336; x_wconf 66' lang='grc' dir='ltr'>ψυχῆς</span> <span class='ocrx_word' id='word_1_356' title='bbox 2520 2265 2842 2337; x_wconf 70' lang='grc' dir='ltr'>καταμηνύει</span> <span class='ocrx_word' id='word_1_357' title='bbox 2878 2269 2951 2332; x_wconf 81' lang='grc' dir='ltr'>τῷ</span> <span class='ocrx_word' id='word_1_358' title='bbox 3011 2260 3297 2334; x_wconf 79' lang='grc' dir='ltr'>βλέμματι,</span> <span class='ocrx_word' id='word_1_359' title='bbox 3340 2260 3415 2312; x_wconf 82' lang='grc' dir='ltr'>ἰόν</span> <span class='ocrx_word' id='word_1_360' title='bbox 3463 2263 3519 2312; x_wconf 86' lang='grc' dir='ltr'><em>τέ</em></span> <span class='ocrx_word' id='word_1_361' title='bbox 3568 2279 3689 2312; x_wconf 87' lang='grc' dir='ltr'>τινα</span> <span class='ocrx_word' id='word_1_362' title='bbox 3745 2261 3926 2333; x_wconf 64' lang='grc' dir='ltr'>φθαρο</span> 
     </span>
    </p>
   </div>
   <div class='ocr_carea' id='block_1_54' title="bbox 2284 2344 3923 2423">
    <p class='ocr_par' dir='ltr' id='par_1_54' title="bbox 2284 2344 3923 2423">
     <span class='ocr_line' id='line_1_54' title="bbox 2284 2344 3923 2423; baseline -0.002 -18"><span class='ocrx_word' id='word_1_363' title='bbox 2284 2356 2427 2405; x_wconf 83' lang='grc' dir='ltr'>τικόν</span> <span class='ocrx_word' id='word_1_364' title='bbox 2465 2351 2828 2413; x_wconf 76' lang='grc' dir='ltr'>ἐξαποστέλλει</span> <span class='ocrx_word' id='word_1_365' title='bbox 2879 2358 2989 2412; x_wconf 86' lang='grc' dir='ltr'><strong>τοίς</strong></span> <span class='ocrx_word' id='word_1_366' title='bbox 3030 2354 3262 2423; x_wconf 81' lang='grc' dir='ltr'>ὄμμασιν</span> <span class='ocrx_word' id='word_1_367' title='bbox 3296 2370 3308 2383; x_wconf 90' lang='grc'><strong>·</strong></span> <span class='ocrx_word' id='word_1_368' title='bbox 3352 2350 3529 2402; x_wconf 86' lang='grc' dir='ltr'>ὁποῖον</span> <span class='ocrx_word' id='word_1_369' title='bbox 3571 2344 3640 2406; x_wconf 75' lang='grc' dir='ltr'>δή</span> <span class='ocrx_word' id='word_1_370' title='bbox 3694 2368 3754 2401; x_wconf 87' lang='grc' dir='ltr'><strong>τι</strong></span> <span class='ocrx_word' id='word_1_371' title='bbox 3816 2353 3923 2401; x_wconf 80' lang='grc' dir='ltr'>καὶ</span> 
     </span>
    </p>
   </div>
   <div class='ocr_carea' id='block_1_55' title="bbox 2287 2437 3924 2518">
    <p class='ocr_par' dir='ltr' id='par_1_55' title="bbox 2287 2437 3924 2518">
     <span class='ocr_line' id='line_1_55' title="bbox 2287 2437 3924 2518; baseline -0.003 -24"><span class='ocrx_word' id='word_1_372' title='bbox 2287 2444 2313 2494; x_wconf 88' lang='grc' dir='ltr'>ὁ</span> <span class='ocrx_word' id='word_1_373' title='bbox 2350 2447 2469 2518; x_wconf 86' lang='grc' dir='ltr'>περί</span> <span class='ocrx_word' id='word_1_374' title='bbox 2510 2449 2602 2495; x_wconf 83' lang='grc' dir='ltr'>τοῦ</span> <span class='ocrx_word' id='word_1_375' title='bbox 2644 2440 2963 2514; x_wconf 84' lang='grc' dir='ltr'>βασιλίσκου</span> <span class='ocrx_word' id='word_1_376' title='bbox 3002 2443 3219 2511; x_wconf 76' lang='grc' dir='ltr'>κατέχει</span> <span class='ocrx_word' id='word_1_377' title='bbox 3275 2437 3448 2512; x_wconf 71' lang='grc' dir='ltr'>λόγος,</span> <span class='ocrx_word' id='word_1_378' title='bbox 3509 2440 3562 2489; x_wconf 64' lang='grc' dir='ltr'><strong>όν</strong></span> <span class='ocrx_word' id='word_1_379' title='bbox 3617 2457 3759 2510; x_wconf 71' lang='grc' dir='ltr'>φασι</span> <span class='ocrx_word' id='word_1_380' title='bbox 3819 2442 3924 2490; x_wconf 80' lang='grc' dir='ltr'>καὶ</span> 
     </span>
    </p>
   </div>
   <div class='ocr_carea' id='block_1_56' title="bbox 2286 2524 3912 2604">
    <p class='ocr_par' dir='ltr' id='par_1_56' title="bbox 2286 2524 3912 2604">
     <span class='ocr_line' id='line_1_56' title="bbox 2286 2524 3912 2604; baseline -0.003 -20"><span class='ocrx_word' id='word_1_381' title='bbox 2286 2530 2341 2583; x_wconf 77' lang='grc' dir='ltr'>ἐκ</span> <span class='ocrx_word' id='word_1_382' title='bbox 2397 2536 2554 2604; x_wconf 84' lang='grc' dir='ltr'>μόνης</span> <span class='ocrx_word' id='word_1_383' title='bbox 2618 2539 2710 2592; x_wconf 72' lang='grc' dir='ltr'>τῆς</span> <span class='ocrx_word' id='word_1_384' title='bbox 2762 2530 2923 2601; x_wconf 69' lang='grc' dir='ltr'>ὅψεως</span> <span class='ocrx_word' id='word_1_385' title='bbox 2999 2524 3320 2604; x_wconf 76' lang='grc' dir='ltr'>διαφθείρειν</span> <span class='ocrx_word' id='word_1_386' title='bbox 3387 2530 3506 2589; x_wconf 84' lang='grc' dir='ltr'>τοὺς</span> <span class='ocrx_word' id='word_1_387' title='bbox 3583 2529 3912 2590; x_wconf 77' lang='grc' dir='ltr'>θεαθέντας.</span> 
     </span>
    </p>
   </div>
   <div class='ocr_carea' id='block_1_57' title="bbox 2286 2616 3922 2691">
    <p class='ocr_par' dir='ltr' id='par_1_57' title="bbox 2286 2616 3922 2691">
     <span class='ocr_line' id='line_1_57' title="bbox 2286 2616 3922 2691; baseline -0.004 -17"><span class='ocrx_word' id='word_1_388' title='bbox 2286 2616 2499 2680; x_wconf 77' lang='grc' dir='ltr'>Ἐπειδὴ</span> <span class='ocrx_word' id='word_1_389' title='bbox 2563 2617 2622 2673; x_wconf 88' lang='grc' dir='ltr'>δέ</span> <span class='ocrx_word' id='word_1_390' title='bbox 2660 2618 2773 2673; x_wconf 82' lang='grc' dir='ltr'>ἐστί</span> <span class='ocrx_word' id='word_1_391' title='bbox 2839 2638 2957 2670; x_wconf 89' lang='grc' dir='ltr'>τινα</span> <span class='ocrx_word' id='word_1_392' title='bbox 3018 2623 3285 2691; x_wconf 81' lang='grc' dir='ltr'>χρώματα</span> <span class='ocrx_word' id='word_1_393' title='bbox 3340 2619 3468 2689; x_wconf 86' lang='grc' dir='ltr'>πρὸς</span> <span class='ocrx_word' id='word_1_394' title='bbox 3525 2620 3732 2689; x_wconf 78' lang='grc' dir='ltr'>κόσμον</span> <span class='ocrx_word' id='word_1_395' title='bbox 3794 2624 3922 2677; x_wconf 76' lang='grc' dir='ltr'>ταῖς</span> 
     </span>
    </p>
   </div>
   <div class='ocr_carea' id='block_1_58' title="bbox 2282 2704 3914 2783">
    <p class='ocr_par' dir='ltr' id='par_1_58' title="bbox 2282 2704 3914 2783">
     <span class='ocr_line' id='line_1_58' title="bbox 2282 2704 3914 2783; baseline -0.002 -21"><span class='ocrx_word' id='word_1_396' title='bbox 2282 2710 2518 2783; x_wconf 75' lang='grc' dir='ltr'>γυναιξὶν</span> <span class='ocrx_word' id='word_1_397' title='bbox 2580 2704 2989 2781; x_wconf 61' lang='grc' dir='ltr'>ἐπιτηδευόμενα</span> <span class='ocrx_word' id='word_1_398' title='bbox 3039 2714 3132 2760; x_wconf 81' lang='grc' dir='ltr'>τοῦ</span> <span class='ocrx_word' id='word_1_399' title='bbox 3197 2711 3507 2782; x_wconf 78' lang='grc' dir='ltr'>προσώπου,</span> <span class='ocrx_word' id='word_1_400' title='bbox 3564 2704 3754 2758; x_wconf 81' lang='grc' dir='ltr'>λευκόν</span> <span class='ocrx_word' id='word_1_401' title='bbox 3829 2724 3914 2772; x_wconf 86' lang='grc' dir='ltr'><strong>τε,</strong></span> 
     </span>
    </p>
   </div>
   <div class='ocr_carea' id='block_1_59' title="bbox 2282 2792 3915 2873">
    <p class='ocr_par' dir='ltr' id='par_1_59' title="bbox 2282 2792 3915 2873">
     <span class='ocr_line' id='line_1_59' title="bbox 2282 2792 3915 2873; baseline -0.002 -22"><span class='ocrx_word' id='word_1_402' title='bbox 2282 2804 2372 2852; x_wconf 82' lang='grc' dir='ltr'>καὶ</span> <span class='ocrx_word' id='word_1_403' title='bbox 2424 2798 2659 2873; x_wconf 81' lang='grc' dir='ltr'>ἐρυθρόν,</span> <span class='ocrx_word' id='word_1_404' title='bbox 2724 2802 2815 2850; x_wconf 84' lang='grc' dir='ltr'>καὶ</span> <span class='ocrx_word' id='word_1_405' title='bbox 2877 2797 3045 2871; x_wconf 83' lang='grc' dir='ltr'>ἕτερον</span> <span class='ocrx_word' id='word_1_406' title='bbox 3100 2794 3257 2869; x_wconf 85' lang='grc' dir='ltr'>μέλαν</span> <span class='ocrx_word' id='word_1_407' title='bbox 3312 2794 3365 2847; x_wconf 84' lang='grc' dir='ltr'>ὃν</span> <span class='ocrx_word' id='word_1_408' title='bbox 3420 2797 3503 2866; x_wconf 87' lang='grc' dir='ltr'>(τὸ</span> <span class='ocrx_word' id='word_1_409' title='bbox 3555 2797 3650 2867; x_wconf 73' lang='grc' dir='ltr'>μὲν</span> <span class='ocrx_word' id='word_1_410' title='bbox 3720 2792 3915 2847; x_wconf 73' lang='grc' dir='ltr'>λευκόο</span> 
     </span>
    </p>
   </div>
   <div class='ocr_carea' id='block_1_60' title="bbox 2281 2880 3904 2960">
    <p class='ocr_par' dir='ltr' id='par_1_60' title="bbox 2281 2880 3904 2960">
     <span class='ocr_line' id='line_1_60' title="bbox 2281 2880 3904 2960; baseline -0.004 -19"><span class='ocrx_word' id='word_1_411' title='bbox 2281 2908 2416 2947; x_wconf 83' lang='grc' dir='ltr'>τητα</span> <span class='ocrx_word' id='word_1_412' title='bbox 2443 2895 2535 2941; x_wconf 74' lang='grc' dir='ltr'>τοῦ</span> <span class='ocrx_word' id='word_1_413' title='bbox 2569 2894 2810 2960; x_wconf 83' lang='grc' dir='ltr'>σώματος</span> <span class='ocrx_word' id='word_1_414' title='bbox 2848 2880 3259 2956; x_wconf 70' lang='grc' dir='ltr'>καταψεύδεται,</span> <span class='ocrx_word' id='word_1_415' title='bbox 3296 2888 3355 2936; x_wconf 88' lang='grc' dir='ltr'><strong>τό</strong></span> <span class='ocrx_word' id='word_1_416' title='bbox 3403 2880 3463 2936; x_wconf 60' lang='grc' dir='ltr'>δὴ</span> <span class='ocrx_word' id='word_1_417' title='bbox 3512 2880 3739 2958; x_wconf 81' lang='grc' dir='ltr'>ἐρυθρόν</span> <span class='ocrx_word' id='word_1_418' title='bbox 3788 2890 3904 2943; x_wconf 73' lang='grc' dir='ltr'><strong>ἀῖς</strong></span> 
     </span>
    </p>
   </div>
   <div class='ocr_carea' id='block_1_61' title="bbox 2280 2968 3909 3048">
    <p class='ocr_par' dir='ltr' id='par_1_61' title="bbox 2280 2968 3909 3048">
     <span class='ocr_line' id='line_1_61' title="bbox 2280 2968 3909 3048; baseline -0.004 -18"><span class='ocrx_word' id='word_1_419' title='bbox 2280 2986 2517 3046; x_wconf 79' lang='grc' dir='ltr'>παρειαῖς</span> <span class='ocrx_word' id='word_1_420' title='bbox 2549 2978 2772 3048; x_wconf 82' lang='grc' dir='ltr'>ἐπανθεῖ,</span> <span class='ocrx_word' id='word_1_421' title='bbox 2826 2978 2885 3027; x_wconf 78' lang='grc' dir='ltr'>τὸ</span> <span class='ocrx_word' id='word_1_422' title='bbox 2937 2971 2996 3027; x_wconf 77' lang='grc' dir='ltr'>δὲ</span> <span class='ocrx_word' id='word_1_423' title='bbox 3044 2972 3200 3047; x_wconf 83' lang='grc' dir='ltr'>με’λαν</span> <span class='ocrx_word' id='word_1_424' title='bbox 3246 2968 3542 3046; x_wconf 80' lang='grc' dir='ltr'>μηνοειδῶς</span> <span class='ocrx_word' id='word_1_425' title='bbox 3596 2974 3697 3034; x_wconf 77' lang='grc' dir='ltr'><strong>τὰς</strong></span> <span class='ocrx_word' id='word_1_426' title='bbox 3740 2973 3909 3046; x_wconf 60' lang='grc' dir='ltr'>ὀφρύς</span> 
     </span>
    </p>
   </div>
   <div class='ocr_carea' id='block_1_62' title="bbox 517 3059 2170 3153">
    <p class='ocr_par' dir='ltr' id='par_1_62' title="bbox 517 3059 2169 3153">
     <span class='ocr_line' id='line_1_62' title="bbox 517 3059 2169 3153; baseline 0.007 -36"><span class='ocrx_word' id='word_1_427' title='bbox 517 3059 812 3153; x_wconf 84' lang='lat' dir='ltr'><strong>depingit:</strong></span> <span class='ocrx_word' id='word_1_428' title='bbox 821 3063 959 3153; x_wconf 69' lang='lat' dir='ltr'><strong>haec</strong></span> <span class='ocrx_word' id='word_1_429' title='bbox 977 3078 1224 3153; x_wconf 85' lang='lat' dir='ltr'><strong>quoque</strong></span> <span class='ocrx_word' id='word_1_430' title='bbox 1246 3082 1312 3121; x_wconf 90' lang='lat' dir='ltr'><strong>se</strong></span> <span class='ocrx_word' id='word_1_431' title='bbox 1328 3072 1677 3140; x_wconf 87' lang='lat' dir='ltr'><strong>erepturum</strong></span> <span class='ocrx_word' id='word_1_432' title='bbox 1691 3070 1982 3127; x_wconf 90' lang='lat' dir='ltr'><strong>Dominus</strong></span> <span class='ocrx_word' id='word_1_433' title='bbox 2005 3089 2169 3129; x_wconf 91' lang='lat' dir='ltr'><strong>com-</strong></span> 
     </span>
    </p>
   </div>
   <div class='ocr_carea' id='block_1_63' title="bbox 2282 3059 3908 3153">
    <p class='ocr_par' dir='ltr' id='par_1_63' title="bbox 2282 3061 3908 3141">
     <span class='ocr_line' id='line_1_63' title="bbox 2282 3061 3908 3141; baseline -0.005 -21"><span class='ocrx_word' id='word_1_434' title='bbox 2282 3075 2387 3128; x_wconf 86' lang='grc' dir='ltr'>τοῖς</span> <span class='ocrx_word' id='word_1_435' title='bbox 2436 3066 2716 3140; x_wconf 69' lang='grc' dir='ltr'>ὀφθαλμοῖς</span> <span class='ocrx_word' id='word_1_436' title='bbox 2773 3066 3104 3141; x_wconf 65' lang='grc' dir='ltr'>περιγράφει)</span> <span class='ocrx_word' id='word_1_437' title='bbox 3139 3085 3152 3097; x_wconf 91' lang='grc'><strong>·</strong></span> <span class='ocrx_word' id='word_1_438' title='bbox 3203 3067 3294 3115; x_wconf 87' lang='grc' dir='ltr'>καὶ</span> <span class='ocrx_word' id='word_1_439' title='bbox 3346 3061 3482 3115; x_wconf 70' lang='grc' dir='ltr'>αὐτὰ</span> <span class='ocrx_word' id='word_1_440' title='bbox 3532 3067 3908 3136; x_wconf 70' lang='grc' dir='ltr'>περιαιρήσειν</span> 
     </span>
    </p>
   </div>
   <div class='ocr_carea' id='block_1_64' title="bbox 512 3148 2170 3226">
    <p class='ocr_par' dir='ltr' id='par_1_64' title="bbox 512 3148 2170 3226">
     <span class='ocr_line' id='line_1_64' title="bbox 512 3148 2170 3226; baseline 0.007 -20"><span class='ocrx_word' id='word_1_441' title='bbox 512 3148 794 3207; x_wconf 88' lang='lat' dir='ltr'><strong>minatur.</strong></span> <span class='ocrx_word' id='word_1_442' title='bbox 820 3151 957 3207; x_wconf 67' lang='lat' dir='ltr'><strong>Haec</strong></span> <span class='ocrx_word' id='word_1_443' title='bbox 986 3152 1236 3224; x_wconf 88' lang='lat' dir='ltr'><strong>quidem</strong></span> <span class='ocrx_word' id='word_1_444' title='bbox 1261 3153 1427 3226; x_wconf 91' lang='lat' dir='ltr'><strong>dicit,</strong></span> <span class='ocrx_word' id='word_1_445' title='bbox 1459 3171 1535 3212; x_wconf 88' lang='lat' dir='ltr'><strong>ne</strong></span> <span class='ocrx_word' id='word_1_446' title='bbox 1554 3157 1822 3215; x_wconf 88' lang='lat' dir='ltr'><strong>virorum</strong></span> <span class='ocrx_word' id='word_1_447' title='bbox 1849 3160 2170 3218; x_wconf 87' lang='lat' dir='ltr'><strong>circumve-</strong></span> 
     </span>
    </p>
   </div>
   <div class='ocr_carea' id='block_1_65' title="bbox 511 3237 2171 3319">
    <p class='ocr_par' dir='ltr' id='par_1_65' title="bbox 511 3237 2171 3319">
     <span class='ocr_line' id='line_1_65' title="bbox 511 3237 2171 3319; baseline 0.008 -25"><span class='ocrx_word' id='word_1_448' title='bbox 511 3237 714 3295; x_wconf 62' lang='lat' dir='ltr'><strong>niatlu‘</strong></span> <span class='ocrx_word' id='word_1_449' title='bbox 746 3239 1135 3309; x_wconf 89' lang='lat' dir='ltr'><strong>continentia,</strong></span> <span class='ocrx_word' id='word_1_450' title='bbox 1170 3257 1324 3298; x_wconf 86' lang='lat' dir='ltr'><strong>neve</strong></span> <span class='ocrx_word' id='word_1_451' title='bbox 1364 3244 1669 3314; x_wconf 88' lang='lat' dir='ltr'><strong>ejusmodi</strong></span> <span class='ocrx_word' id='word_1_452' title='bbox 1698 3246 1945 3319; x_wconf 84' lang='lat' dir='ltr'><strong>picturis</strong></span> <span class='ocrx_word' id='word_1_453' title='bbox 1994 3253 2171 3307; x_wconf 90' lang='lat' dir='ltr'><strong>mise-</strong></span> 
     </span>
    </p>
   </div>
   <div class='ocr_carea' id='block_1_66' title="bbox 510 3327 2171 3412">
    <p class='ocr_par' dir='ltr' id='par_1_66' title="bbox 510 3327 2171 3412">
     <span class='ocr_line' id='line_1_66' title="bbox 510 3327 2171 3412; baseline 0.009 -29"><span class='ocrx_word' id='word_1_454' title='bbox 510 3327 795 3384; x_wconf 90' lang='lat' dir='ltr'><strong>rabilium</strong></span> <span class='ocrx_word' id='word_1_455' title='bbox 861 3328 1022 3385; x_wconf 91' lang='lat' dir='ltr'><strong>oculi</strong></span> <span class='ocrx_word' id='word_1_456' title='bbox 1078 3330 1374 3401; x_wconf 88' lang='lat' dir='ltr'><strong>juvenum</strong></span> <span class='ocrx_word' id='word_1_457' title='bbox 1440 3335 1858 3407; x_wconf 86' lang='lat' dir='ltr'><strong>corripiantur.</strong></span> <span class='ocrx_word' id='word_1_458' title='bbox 1905 3341 2171 3412; x_wconf 83' lang='lat' dir='ltr'><strong>[mprobi</strong></span> 
     </span>
    </p>
   </div>
   <div class='ocr_carea' id='block_1_67' title="bbox 514 3416 2170 3500">
    <p class='ocr_par' dir='ltr' id='par_1_67' title="bbox 514 3416 2170 3500">
     <span class='ocr_line' id='line_1_67' title="bbox 514 3416 2170 3500; baseline 0.008 -27"><span class='ocrx_word' id='word_1_459' title='bbox 514 3416 678 3473; x_wconf 85' lang='lat' dir='ltr'><strong>enim</strong></span> <span class='ocrx_word' id='word_1_460' title='bbox 709 3416 1026 3473; x_wconf 90' lang='lat' dir='ltr'><strong>mulierem</strong></span> <span class='ocrx_word' id='word_1_461' title='bbox 1056 3417 1308 3475; x_wconf 76' lang='lat' dir='ltr'><strong>affectus</strong></span> <span class='ocrx_word' id='word_1_462' title='bbox 1337 3419 1612 3479; x_wconf 84' lang='lat' dir='ltr'><strong>inﬁrmos</strong></span> <span class='ocrx_word' id='word_1_463' title='bbox 1643 3440 1876 3496; x_wconf 90' lang='lat' dir='ltr'><strong>eorum,</strong></span> <span class='ocrx_word' id='word_1_464' title='bbox 1900 3428 2003 3500; x_wconf 89' lang='lat' dir='ltr'><strong>qui</strong></span> <span class='ocrx_word' id='word_1_465' title='bbox 2028 3446 2170 3487; x_wconf 91' lang='lat' dir='ltr'><strong>cum</strong></span> 
     </span>
    </p>
   </div>
   <div class='ocr_carea' id='block_1_68' title="bbox 511 3503 2168 3588">
    <p class='ocr_par' dir='ltr' id='par_1_68' title="bbox 511 3503 2168 3588">
     <span class='ocr_line' id='line_1_68' title="bbox 511 3503 2168 3588; baseline 0.01 -29"><span class='ocrx_word' id='word_1_466' title='bbox 511 3503 625 3559; x_wconf 87' lang='lat' dir='ltr'><strong>illis</strong></span> <span class='ocrx_word' id='word_1_467' title='bbox 656 3509 993 3577; x_wconf 85' lang='lat' dir='ltr'><strong>versantur,</strong></span> <span class='ocrx_word' id='word_1_468' title='bbox 1020 3507 1257 3563; x_wconf 87' lang='lat' dir='ltr'><strong>animos</strong></span> <span class='ocrx_word' id='word_1_469' title='bbox 1287 3508 1667 3581; x_wconf 88' lang='lat' dir='ltr'><strong>demergunt.</strong></span> <span class='ocrx_word' id='word_1_470' title='bbox 1687 3513 1950 3573; x_wconf 84' lang='lat' dir='ltr'><strong>Audiant</strong></span> <span class='ocrx_word' id='word_1_471' title='bbox 1979 3522 2053 3588; x_wconf 90' lang='lat'><strong>(3)</strong></span> <span class='ocrx_word' id='word_1_472' title='bbox 2084 3519 2168 3576; x_wconf 91' lang='lat' dir='ltr'><strong>vi-</strong></span> 
     </span>
    </p>
   </div>
   <div class='ocr_carea' id='block_1_69' title="bbox 510 3593 2170 3675">
    <p class='ocr_par' dir='ltr' id='par_1_69' title="bbox 510 3593 2170 3675">
     <span class='ocr_line' id='line_1_69' title="bbox 510 3593 2170 3675; baseline 0.01 -25"><span class='ocrx_word' id='word_1_473' title='bbox 510 3593 583 3663; x_wconf 86' lang='lat' dir='ltr'><strong>ri,</strong></span> <span class='ocrx_word' id='word_1_474' title='bbox 606 3593 856 3650; x_wconf 90' lang='lat' dir='ltr'><strong>audiant</strong></span> <span class='ocrx_word' id='word_1_475' title='bbox 885 3594 1183 3667; x_wconf 88' lang='lat' dir='ltr'><strong>mulieres,</strong></span> <span class='ocrx_word' id='word_1_476' title='bbox 1210 3600 1521 3670; x_wconf 90' lang='lat' dir='ltr'><strong>quomodo</strong></span> <span class='ocrx_word' id='word_1_477' title='bbox 1542 3602 1638 3657; x_wconf 88' lang='lat' dir='ltr'><strong>vel</strong></span> <span class='ocrx_word' id='word_1_478' title='bbox 1657 3605 1825 3675; x_wconf 91' lang='lat' dir='ltr'><strong>apud</strong></span> <span class='ocrx_word' id='word_1_479' title='bbox 1850 3606 2029 3665; x_wconf 89' lang='lat' dir='ltr'><strong>bruta</strong></span> <span class='ocrx_word' id='word_1_480' title='bbox 2045 3610 2170 3667; x_wconf 85' lang='lat' dir='ltr'><strong>ani-</strong></span> 
     </span>
    </p>
   </div>
   <div class='ocr_carea' id='block_1_70' title="bbox 509 3682 2167 3770">
    <p class='ocr_par' dir='ltr' id='par_1_70' title="bbox 509 3682 2167 3770">
     <span class='ocr_line' id='line_1_70' title="bbox 509 3682 2167 3770; baseline 0.01 -31"><span class='ocrx_word' id='word_1_481' title='bbox 509 3682 1133 3756; x_wconf 79' lang='lat' dir='ltr'><strong>malia,frequentium</strong></span> <span class='ocrx_word' id='word_1_482' title='bbox 1160 3688 1513 3759; x_wconf 88' lang='lat' dir='ltr'><strong>nuptiarum</strong></span> <span class='ocrx_word' id='word_1_483' title='bbox 1531 3690 1809 3749; x_wconf 76' lang='lat' dir='ltr'><strong>dedecori</strong></span> <span class='ocrx_word' id='word_1_484' title='bbox 1838 3701 2167 3770; x_wconf 87' lang='lat' dir='ltr'><strong>antepona-</strong></span> 
     </span>
    </p>
   </div>
   <div class='ocr_carea' id='block_1_71' title="bbox 510 3771 2167 3853">
    <p class='ocr_par' dir='ltr' id='par_1_71' title="bbox 510 3771 2167 3853">
     <span class='ocr_line' id='line_1_71' title="bbox 510 3771 2167 3853; baseline 0.008 -23"><span class='ocrx_word' id='word_1_485' title='bbox 510 3774 606 3831; x_wconf 91' lang='lat' dir='ltr'><strong>tur</strong></span> <span class='ocrx_word' id='word_1_486' title='bbox 626 3771 929 3829; x_wconf 87' lang='lat' dir='ltr'><strong>viduitatis</strong></span> <span class='ocrx_word' id='word_1_487' title='bbox 948 3774 1240 3846; x_wconf 89' lang='lat' dir='ltr'><strong>pudicitia</strong></span> <span class='ocrx_word' id='word_1_488' title='bbox 1257 3775 1685 3852; x_wconf 89' lang='lat' dir='ltr'><strong>honestasque.</strong></span> <span class='ocrx_word' id='word_1_489' title='bbox 1704 3782 1781 3853; x_wconf 69' lang='grc'><strong>(4)</strong></span> <span class='ocrx_word' id='word_1_490' title='bbox 1808 3784 1917 3840; x_wconf 80' lang='lat' dir='ltr'><strong>Alii</strong></span> <span class='ocrx_word' id='word_1_491' title='bbox 1940 3785 2167 3844; x_wconf 90' lang='lat' dir='ltr'><strong>inimici</strong></span> 
     </span>
    </p>
   </div>
   <div class='ocr_carea' id='block_1_72' title="bbox 508 3861 2162 3944">
    <p class='ocr_par' dir='ltr' id='par_1_72' title="bbox 508 3861 2162 3944">
     <span class='ocr_line' id='line_1_72' title="bbox 508 3861 2162 3944; baseline 0.009 -26"><span class='ocrx_word' id='word_1_492' title='bbox 508 3861 762 3919; x_wconf 87' lang='lat' dir='ltr'><strong>mortuis</strong></span> <span class='ocrx_word' id='word_1_493' title='bbox 787 3862 1286 3920; x_wconf 86' lang='lat' dir='ltr'><strong>reconciliantur:</strong></span> <span class='ocrx_word' id='word_1_494' title='bbox 1315 3882 1589 3926; x_wconf 72' lang='lat' dir='ltr'><strong>novercae</strong></span> <span class='ocrx_word' id='word_1_495' title='bbox 1609 3870 1808 3928; x_wconf 87' lang='lat' dir='ltr'><strong>odisse</strong></span> <span class='ocrx_word' id='word_1_496' title='bbox 1836 3879 1976 3944; x_wconf 90' lang='lat' dir='ltr'><strong>post</strong></span> <span class='ocrx_word' id='word_1_497' title='bbox 2004 3892 2162 3932; x_wconf 90' lang='lat' dir='ltr'><strong>mor-</strong></span> 
     </span>
    </p>
   </div>
   <div class='ocr_carea' id='block_1_73' title="bbox 507 3949 2164 4036">
    <p class='ocr_par' dir='ltr' id='par_1_73' title="bbox 507 3949 2164 4036">
     <span class='ocr_line' id='line_1_73' title="bbox 507 3949 2164 4036; baseline 0.011 -32"><span class='ocrx_word' id='word_1_498' title='bbox 507 3951 631 4005; x_wconf 89' lang='lat' dir='ltr'><strong>tem</strong></span> <span class='ocrx_word' id='word_1_499' title='bbox 650 3949 967 4022; x_wconf 89' lang='lat' dir='ltr'><strong>incipiunt.</strong></span> <span class='ocrx_word' id='word_1_500' title='bbox 1001 3952 1073 4022; x_wconf 81' lang='lat'><strong>(5)</strong></span> <span class='ocrx_word' id='word_1_501' title='bbox 1119 3953 1234 4009; x_wconf 91' lang='lat' dir='ltr'><strong>Sed</strong></span> <span class='ocrx_word' id='word_1_502' title='bbox 1281 3954 1480 4012; x_wconf 87' lang='lat' dir='ltr'><strong>ferunt</strong></span> <span class='ocrx_word' id='word_1_503' title='bbox 1517 3960 1807 4017; x_wconf 88' lang='lat' dir='ltr'><strong>turturem</strong></span> <span class='ocrx_word' id='word_1_504' title='bbox 1838 3979 1874 4018; x_wconf 94' lang='lat' dir='ltr'><strong>a</strong></span> <span class='ocrx_word' id='word_1_505' title='bbox 1905 3965 2164 4036; x_wconf 86' lang='lat' dir='ltr'><strong>conjuge</strong></span> 
     </span>
    </p>
   </div>
   <div class='ocr_carea' id='block_1_74' title="bbox 507 4041 2157 4126">
    <p class='ocr_par' dir='ltr' id='par_1_74' title="bbox 507 4041 2157 4126">
     <span class='ocr_line' id='line_1_74' title="bbox 507 4041 2157 4126; baseline 0.012 -36"><span class='ocrx_word' id='word_1_506' title='bbox 507 4041 872 4108; x_wconf 86' lang='lat' dir='ltr'><strong>separatam,</strong></span> <span class='ocrx_word' id='word_1_507' title='bbox 905 4052 1223 4110; x_wconf 86' lang='lat' dir='ltr'><strong>nunquam</strong></span> <span class='ocrx_word' id='word_1_508' title='bbox 1255 4057 1394 4097; x_wconf 90' lang='lat' dir='ltr'><strong>cum</strong></span> <span class='ocrx_word' id='word_1_509' title='bbox 1437 4042 1555 4099; x_wconf 90' lang='lat' dir='ltr'><strong>alio</strong></span> <span class='ocrx_word' id='word_1_510' title='bbox 1601 4044 1750 4103; x_wconf 91' lang='lat' dir='ltr'><strong>inire</strong></span> <span class='ocrx_word' id='word_1_511' title='bbox 1795 4051 2157 4126; x_wconf 89' lang='lat' dir='ltr'><strong>societatem,</strong></span> 
     </span>
    </p>
   </div>
   <div class='ocr_carea' id='block_1_75' title="bbox 509 4123 2163 4208">
    <p class='ocr_par' dir='ltr' id='par_1_75' title="bbox 509 4123 2163 4208">
     <span class='ocr_line' id='line_1_75' title="bbox 509 4123 2163 4208; baseline 0.01 -27"><span class='ocrx_word' id='word_1_512' title='bbox 509 4124 617 4181; x_wconf 85' lang='lat' dir='ltr'><strong>sed</strong></span> <span class='ocrx_word' id='word_1_513' title='bbox 636 4123 889 4181; x_wconf 90' lang='lat' dir='ltr'><strong>viduam</strong></span> <span class='ocrx_word' id='word_1_514' title='bbox 901 4141 1286 4198; x_wconf 86' lang='lat' dir='ltr'><strong>permanere:</strong></span> <span class='ocrx_word' id='word_1_515' title='bbox 1310 4136 1516 4204; x_wconf 90' lang='lat' dir='ltr'><strong>utpote</strong></span> <span class='ocrx_word' id='word_1_516' title='bbox 1537 4150 1675 4206; x_wconf 63' lang='lat' dir='ltr'><strong>quae</strong></span> <span class='ocrx_word' id='word_1_517' title='bbox 1696 4135 1776 4191; x_wconf 91' lang='lat' dir='ltr'><strong>ob</strong></span> <span class='ocrx_word' id='word_1_518' title='bbox 1790 4138 2002 4208; x_wconf 88' lang='lat' dir='ltr'><strong>prioris</strong></span> <span class='ocrx_word' id='word_1_519' title='bbox 2023 4123 2163 4198; x_wconf 83' lang='lat' dir='ltr'><strong>con-</strong></span> 
     </span>
    </p>
   </div>
   <div class='ocr_carea' id='block_1_76' title="bbox 502 4211 2156 4293">
    <p class='ocr_par' dir='ltr' id='par_1_76' title="bbox 502 4211 2156 4293">
     <span class='ocr_line' id='line_1_76' title="bbox 502 4211 2156 4293; baseline 0.013 -28"><span class='ocrx_word' id='word_1_520' title='bbox 502 4211 665 4283; x_wconf 87' lang='lat' dir='ltr'><strong>jugis</strong></span> <span class='ocrx_word' id='word_1_521' title='bbox 730 4214 1111 4288; x_wconf 86' lang='lat' dir='ltr'><strong>memoriam,</strong></span> <span class='ocrx_word' id='word_1_522' title='bbox 1185 4216 1430 4275; x_wconf 89' lang='lat' dir='ltr'><strong>alterius</strong></span> <span class='ocrx_word' id='word_1_523' title='bbox 1497 4222 1849 4293; x_wconf 80' lang='lat' dir='ltr'><strong>conjugium</strong></span> <span class='ocrx_word' id='word_1_524' title='bbox 1906 4228 2156 4287; x_wconf 89' lang='lat' dir='ltr'><strong>abnuat.</strong></span> 
     </span>
    </p>
   </div>
   <div class='ocr_carea' id='block_1_77' title="bbox 506 4299 2159 4388">
    <p class='ocr_par' dir='ltr' id='par_1_77' title="bbox 506 4299 2159 4388">
     <span class='ocr_line' id='line_1_77' title="bbox 506 4299 2159 4388; baseline 0.013 -33"><span class='ocrx_word' id='word_1_525' title='bbox 506 4299 582 4373; x_wconf 87' lang='lat'><strong>(6)</strong></span> <span class='ocrx_word' id='word_1_526' title='bbox 616 4301 770 4367; x_wconf 89' lang='lat' dir='ltr'><strong>Quid</strong></span> <span class='ocrx_word' id='word_1_527' title='bbox 789 4302 971 4373; x_wconf 87' lang='lat' dir='ltr'><strong>igitur</strong></span> <span class='ocrx_word' id='word_1_528' title='bbox 997 4304 1175 4361; x_wconf 90' lang='lat' dir='ltr'><strong>nobis</strong></span> <span class='ocrx_word' id='word_1_529' title='bbox 1200 4321 1330 4363; x_wconf 92' lang='lat' dir='ltr'><strong>esse</strong></span> <span class='ocrx_word' id='word_1_530' title='bbox 1362 4309 1547 4380; x_wconf 90' lang='lat' dir='ltr'><strong>possit</strong></span> <span class='ocrx_word' id='word_1_531' title='bbox 1576 4311 1873 4381; x_wconf 87' lang='lat' dir='ltr'><strong>miserius,</strong></span> <span class='ocrx_word' id='word_1_532' title='bbox 1902 4318 2008 4388; x_wconf 91' lang='lat' dir='ltr'><strong>qui</strong></span> <span class='ocrx_word' id='word_1_533' title='bbox 2034 4334 2159 4376; x_wconf 93' lang='lat' dir='ltr'><strong>non</strong></span> 
     </span>
    </p>
   </div>
   <div class='ocr_carea' id='block_1_78' title="bbox 505 4388 2156 4469">
    <p class='ocr_par' dir='ltr' id='par_1_78' title="bbox 505 4388 2156 4469">
     <span class='ocr_line' id='line_1_78' title="bbox 505 4388 2156 4469; baseline 0.013 -25"><span class='ocrx_word' id='word_1_534' title='bbox 505 4388 703 4446; x_wconf 88' lang='lat' dir='ltr'><strong>solum</strong></span> <span class='ocrx_word' id='word_1_535' title='bbox 729 4390 988 4448; x_wconf 88' lang='lat' dir='ltr'><strong>similem</strong></span> <span class='ocrx_word' id='word_1_536' title='bbox 1016 4392 1220 4450; x_wconf 85' lang='lat' dir='ltr'><strong>bestiis</strong></span> <span class='ocrx_word' id='word_1_537' title='bbox 1250 4411 1393 4465; x_wconf 87' lang='lat' dir='ltr'><strong>erga</strong></span> <span class='ocrx_word' id='word_1_538' title='bbox 1414 4398 1702 4469; x_wconf 88' lang='lat' dir='ltr'><strong>conjuges</strong></span> <span class='ocrx_word' id='word_1_539' title='bbox 1734 4417 2003 4462; x_wconf 89' lang='lat' dir='ltr'><strong>amorem</strong></span> <span class='ocrx_word' id='word_1_540' title='bbox 2032 4423 2156 4465; x_wconf 87' lang='lat' dir='ltr'><strong>non</strong></span> 
     </span>
    </p>
   </div>
   <div class='ocr_carea' id='block_1_79' title="bbox 503 4479 2157 4567">
    <p class='ocr_par' dir='ltr' id='par_1_79' title="bbox 503 4479 2157 4567">
     <span class='ocr_line' id='line_1_79' title="bbox 503 4479 2157 4567; baseline 0.012 -34"><span class='ocrx_word' id='word_1_541' title='bbox 503 4479 899 4548; x_wconf 89' lang='lat' dir='ltr'><strong>ostendimus,</strong></span> <span class='ocrx_word' id='word_1_542' title='bbox 932 4481 1040 4537; x_wconf 91' lang='lat' dir='ltr'><strong>sed</strong></span> <span class='ocrx_word' id='word_1_543' title='bbox 1074 4486 1439 4542; x_wconf 86' lang='lat' dir='ltr'><strong>contrariam</strong></span> <span class='ocrx_word' id='word_1_544' title='bbox 1470 4488 1706 4544; x_wconf 91' lang='lat' dir='ltr'><strong>Domini</strong></span> <span class='ocrx_word' id='word_1_545' title='bbox 1728 4496 2042 4567; x_wconf 68' lang='lat' dir='ltr'><strong>praeceptis</strong></span> <span class='ocrx_word' id='word_1_546' title='bbox 2066 4497 2157 4552; x_wconf 89' lang='lat' dir='ltr'><strong>in-</strong></span> 
     </span>
    </p>
   </div>
   <div class='ocr_carea' id='block_1_80' title="bbox 504 4567 2154 4646">
    <p class='ocr_par' dir='ltr' id='par_1_80' title="bbox 504 4567 2154 4646">
     <span class='ocr_line' id='line_1_80' title="bbox 504 4567 2154 4646; baseline 0.013 -24"><span class='ocrx_word' id='word_1_547' title='bbox 504 4567 812 4636; x_wconf 87' lang='lat' dir='ltr'><strong>gredimur</strong></span> <span class='ocrx_word' id='word_1_548' title='bbox 837 4570 1303 4636; x_wconf 88' lang='lat' dir='ltr'><strong>viam,surrecto</strong></span> <span class='ocrx_word' id='word_1_549' title='bbox 1328 4575 1502 4646; x_wconf 90' lang='lat' dir='ltr'><strong>collo,</strong></span> <span class='ocrx_word' id='word_1_550' title='bbox 1521 4581 1579 4632; x_wconf 91' lang='lat' dir='ltr'><strong>et</strong></span> <span class='ocrx_word' id='word_1_551' title='bbox 1596 4577 1658 4633; x_wconf 92' lang='lat' dir='ltr'><strong>in</strong></span> <span class='ocrx_word' id='word_1_552' title='bbox 1685 4581 1932 4638; x_wconf 83' lang='lat' dir='ltr'><strong>nutibus</strong></span> <span class='ocrx_word' id='word_1_553' title='bbox 1953 4585 2154 4642; x_wconf 92' lang='lat' dir='ltr'><strong>oculo-</strong></span> 
     </span>
    </p>
   </div>
   <div class='ocr_carea' id='block_1_81' title="bbox 501 4657 2159 4748">
    <p class='ocr_par' dir='ltr' id='par_1_81' title="bbox 501 4657 2159 4748">
     <span class='ocr_line' id='line_1_81' title="bbox 501 4657 2159 4748; baseline 0.013 -37"><span class='ocrx_word' id='word_1_554' title='bbox 501 4670 659 4725; x_wconf 91' lang='lat' dir='ltr'><strong>rum,</strong></span> <span class='ocrx_word' id='word_1_555' title='bbox 676 4657 1069 4732; x_wconf 89' lang='lat' dir='ltr'><strong>colorumque</strong></span> <span class='ocrx_word' id='word_1_556' title='bbox 1089 4660 1243 4718; x_wconf 88' lang='lat' dir='ltr'><strong>fucis</strong></span> <span class='ocrx_word' id='word_1_557' title='bbox 1265 4662 1522 4721; x_wconf 83' lang='lat' dir='ltr'><strong>aliorum</strong></span> <span class='ocrx_word' id='word_1_558' title='bbox 1544 4667 1913 4729; x_wconf 79' lang='lat' dir='ltr'><strong>suffuramur</strong></span> <span class='ocrx_word' id='word_1_559' title='bbox 1935 4680 2159 4748; x_wconf 90' lang='lat' dir='ltr'><strong>tempe-</strong></span> 
     </span>
    </p>
   </div>
   <div class='ocr_carea' id='block_1_82' title="bbox 501 4745 2155 4836">
    <p class='ocr_par' dir='ltr' id='par_1_82' title="bbox 501 4745 2155 4836">
     <span class='ocr_line' id='line_1_82' title="bbox 501 4745 2155 4836; baseline 0.013 -36"><span class='ocrx_word' id='word_1_560' title='bbox 501 4745 802 4802; x_wconf 85' lang='lat' dir='ltr'><strong>rantiam?</strong></span> <span class='ocrx_word' id='word_1_561' title='bbox 824 4749 904 4819; x_wconf 72' lang='lat'><strong>(7)</strong></span> <span class='ocrx_word' id='word_1_562' title='bbox 925 4749 1067 4813; x_wconf 67' lang='lat' dir='ltr'><strong>Quae</strong></span> <span class='ocrx_word' id='word_1_563' title='bbox 1090 4754 1217 4806; x_wconf 91' lang='lat' dir='ltr'><strong>tum</strong></span> <span class='ocrx_word' id='word_1_564' title='bbox 1244 4767 1282 4807; x_wconf 91' lang='lat' dir='ltr'><strong>a</strong></span> <span class='ocrx_word' id='word_1_565' title='bbox 1300 4752 1476 4809; x_wconf 90' lang='lat' dir='ltr'><strong>nobis</strong></span> <span class='ocrx_word' id='word_1_566' title='bbox 1506 4771 1755 4827; x_wconf 87' lang='lat' dir='ltr'><strong>prorsus</strong></span> <span class='ocrx_word' id='word_1_567' title='bbox 1788 4745 2155 4836; x_wconf 78' lang='lat' dir='ltr'><strong>auferentur,</strong></span> 
     </span>
    </p>
   </div>
   <div class='ocr_carea' id='block_1_83' title="bbox 503 4837 2154 4925">
    <p class='ocr_par' dir='ltr' id='par_1_83' title="bbox 503 4837 2154 4925">
     <span class='ocr_line' id='line_1_83' title="bbox 503 4837 2154 4925; baseline 0.015 -36"><span class='ocrx_word' id='word_1_568' title='bbox 503 4849 643 4891; x_wconf 91' lang='lat' dir='ltr'><strong>cum</strong></span> <span class='ocrx_word' id='word_1_569' title='bbox 659 4837 868 4893; x_wconf 88' lang='lat' dir='ltr'><strong>omnia</strong></span> <span class='ocrx_word' id='word_1_570' title='bbox 891 4853 1098 4895; x_wconf 89' lang='lat' dir='ltr'><strong>coram</strong></span> <span class='ocrx_word' id='word_1_571' title='bbox 1120 4840 1327 4898; x_wconf 88' lang='lat' dir='ltr'><strong>Judice</strong></span> <span class='ocrx_word' id='word_1_572' title='bbox 1349 4843 1633 4901; x_wconf 87' lang='lat' dir='ltr'><strong>sistentur</strong></span> <span class='ocrx_word' id='word_1_573' title='bbox 1649 4850 1819 4907; x_wconf 90' lang='lat' dir='ltr'><strong>nuda</strong></span> <span class='ocrx_word' id='word_1_574' title='bbox 1842 4870 1855 4920; x_wconf 92' lang='lat'><strong>;</strong></span> <span class='ocrx_word' id='word_1_575' title='bbox 1875 4855 2154 4925; x_wconf 90' lang='lat' dir='ltr'><strong>quando-</strong></span> 
     </span>
    </p>
   </div>
   <div class='ocr_carea' id='block_1_84' title="bbox 501 4922 2157 5010">
    <p class='ocr_par' dir='ltr' id='par_1_84' title="bbox 501 4922 2157 5010">
     <span class='ocr_line' id='line_1_84' title="bbox 501 4922 2157 5010; baseline 0.015 -33"><span class='ocrx_word' id='word_1_576' title='bbox 501 4922 752 4995; x_wconf 86' lang='lat' dir='ltr'><strong>quidem</strong></span> <span class='ocrx_word' id='word_1_577' title='bbox 782 4926 1056 4984; x_wconf 78' lang='lat' dir='ltr'><strong>coneidet</strong></span> <span class='ocrx_word' id='word_1_578' title='bbox 1102 4931 1509 5003; x_wconf 89' lang='lat' dir='ltr'><strong>supercilium,</strong></span> <span class='ocrx_word' id='word_1_579' title='bbox 1558 4951 1717 5006; x_wconf 90' lang='lat' dir='ltr'><strong>gena</strong></span> <span class='ocrx_word' id='word_1_580' title='bbox 1756 4922 1981 5010; x_wconf 41' lang='lat' dir='ltr'><strong>prae—se</strong></span> <span class='ocrx_word' id='word_1_581' title='bbox 2010 4944 2157 5003; x_wconf 81' lang='lat' dir='ltr'><strong>feret</strong></span> 
     </span>
    </p>
   </div>
   <div class='ocr_carea' id='block_1_85' title="bbox 501 5012 2156 5107">
    <p class='ocr_par' dir='ltr' id='par_1_85' title="bbox 501 5012 2156 5107">
     <span class='ocr_line' id='line_1_85' title="bbox 501 5012 2156 5107; baseline 0.013 -38"><span class='ocrx_word' id='word_1_582' title='bbox 501 5012 820 5084; x_wconf 83' lang='lat' dir='ltr'><strong>tristitiam,</strong></span> <span class='ocrx_word' id='word_1_583' title='bbox 841 5016 1005 5074; x_wconf 94' lang='lat' dir='ltr'><strong>color</strong></span> <span class='ocrx_word' id='word_1_584' title='bbox 1030 5017 1248 5107; x_wconf 90' lang='lat' dir='ltr'><strong>lividus</strong></span> <span class='ocrx_word' id='word_1_585' title='bbox 1278 5021 1387 5078; x_wconf 89' lang='lat' dir='ltr'><strong>erit</strong></span> <span class='ocrx_word' id='word_1_586' title='bbox 1408 5038 1533 5094; x_wconf 71' lang='lat' dir='ltr'><strong>prae</strong></span> <span class='ocrx_word' id='word_1_587' title='bbox 1559 5025 1795 5100; x_wconf 89' lang='lat' dir='ltr'><strong>timore,</strong></span> <span class='ocrx_word' id='word_1_588' title='bbox 1812 5045 1882 5088; x_wconf 89' lang='lat' dir='ltr'><strong>ac</strong></span> <span class='ocrx_word' id='word_1_589' title='bbox 1909 5034 2156 5107; x_wconf 89' lang='lat' dir='ltr'><strong>recipiet</strong></span> 
     </span>
    </p>
   </div>
   <div class='ocr_carea' id='block_1_86' title="bbox 500 5105 2155 5192">
    <p class='ocr_par' dir='ltr' id='par_1_86' title="bbox 500 5105 2155 5192">
     <span class='ocr_line' id='line_1_86' title="bbox 500 5105 2155 5192; baseline 0.015 -34"><span class='ocrx_word' id='word_1_590' title='bbox 500 5105 921 5180; x_wconf 88' lang='lat' dir='ltr'><strong>unusquisque</strong></span> <span class='ocrx_word' id='word_1_591' title='bbox 950 5106 1287 5167; x_wconf 88' lang='lat' dir='ltr'><strong>secundum</strong></span> <span class='ocrx_word' id='word_1_592' title='bbox 1325 5127 1513 5185; x_wconf 83' lang='lat' dir='ltr'><strong>opera</strong></span> <span class='ocrx_word' id='word_1_593' title='bbox 1553 5131 1684 5176; x_wconf 86' lang='lat' dir='ltr'><strong>sua.</strong></span> <span class='ocrx_word' id='word_1_594' title='bbox 1717 5120 1794 5192; x_wconf 92' lang='lat'><strong>(8)</strong></span> <span class='ocrx_word' id='word_1_595' title='bbox 1850 5123 1991 5188; x_wconf 82' lang='lat' dir='ltr'><strong>Quae</strong></span> <span class='ocrx_word' id='word_1_596' title='bbox 2023 5105 2155 5182; x_wconf 81' lang='lat' dir='ltr'><strong>ani-</strong></span> 
     </span>
    </p>
   </div>
   <div class='ocr_carea' id='block_1_87' title="bbox 570 5228 1092 5298">
    <p class='ocr_par' dir='ltr' id='par_1_87' title="bbox 570 5228 1092 5298">
     <span class='ocr_line' id='line_1_87' title="bbox 570 5228 1092 5298; baseline 0.006 -13"><span class='ocrx_word' id='word_1_597' title='bbox 570 5228 620 5265; x_wconf 74' lang='lat'><strong>&quot;</strong></span> <span class='ocrx_word' id='word_1_598' title='bbox 660 5229 854 5288; x_wconf 86' lang='lat' dir='ltr'><strong>Galat.</strong></span> <span class='ocrx_word' id='word_1_599' title='bbox 890 5247 972 5298; x_wconf 81' lang='grc' dir='ltr'>ιιι,</span> <span class='ocrx_word' id='word_1_600' title='bbox 1004 5236 1092 5290; x_wconf 82' lang='grc'><strong>27.</strong></span> 
     </span>
    </p>
   </div>
   <div class='ocr_carea' id='block_1_88' title="bbox 569 5352 1544 5429">
    <p class='ocr_par' dir='ltr' id='par_1_88' title="bbox 569 5352 1544 5429">
     <span class='ocr_line' id='line_1_88' title="bbox 569 5352 1544 5429; baseline 0.012 -22"><span class='ocrx_word' id='word_1_601' title='bbox 569 5352 651 5429; x_wconf 86' lang='grc'><strong>(1)</strong></span> <span class='ocrx_word' id='word_1_602' title='bbox 672 5354 765 5429; x_wconf 86' lang='lat' dir='ltr'><strong>E_x_</strong></span> <span class='ocrx_word' id='word_1_603' title='bbox 785 5361 1108 5429; x_wconf 82' lang='lat' dir='ltr'><strong>comment.</strong></span> <span class='ocrx_word' id='word_1_604' title='bbox 1140 5359 1204 5414; x_wconf 79' lang='lat' dir='ltr'><strong>in</strong></span> <span class='ocrx_word' id='word_1_605' title='bbox 1233 5358 1378 5429; x_wconf 83' lang='lat' dir='ltr'><strong>Isa.,</strong></span> <span class='ocrx_word' id='word_1_606' title='bbox 1420 5363 1544 5419; x_wconf 76' lang='grc'><strong>464.</strong></span> 
     </span>
    </p>
   </div>
   <div class='ocr_carea' id='block_1_89' title="bbox 570 5424 1011 5495">
    <p class='ocr_par' dir='ltr' id='par_1_89' title="bbox 570 5424 1011 5495">
     <span class='ocr_line' id='line_1_89' title="bbox 570 5424 1011 5495; baseline 0.009 -17"><span class='ocrx_word' id='word_1_607' title='bbox 570 5424 652 5493; x_wconf 77' lang='lat'><strong>(2)</strong></span> <span class='ocrx_word' id='word_1_608' title='bbox 685 5424 853 5495; x_wconf 88' lang='lat' dir='ltr'><strong>lbid.,</strong></span> <span class='ocrx_word' id='word_1_609' title='bbox 886 5431 1011 5482; x_wconf 85' lang='grc'><strong>467.</strong></span> 
     </span>
    </p>
   </div>
   <div class='ocr_carea' id='block_1_90' title="bbox 569 5497 1744 5577">
    <p class='ocr_par' dir='ltr' id='par_1_90' title="bbox 569 5497 1744 5577">
     <span class='ocr_line' id='line_1_90' title="bbox 569 5497 1744 5577; baseline 0.014 -29"><span class='ocrx_word' id='word_1_610' title='bbox 676 5498 758 5577; x_wconf 50' lang='grc' dir='ltr'><strong>μῖξις</strong></span> <span class='ocrx_word' id='word_1_611' title='bbox 786 5497 995 5577; x_wconf 75' lang='lat' dir='ltr'><strong>homil.</strong></span> <span class='ocrx_word' id='word_1_612' title='bbox 1023 5515 1120 5554; x_wconf 86' lang='lat' dir='ltr'><strong>vm</strong></span> <span class='ocrx_word' id='word_1_613' title='bbox 1150 5499 1213 5577; x_wconf 59' lang='lat' dir='ltr'><strong>in</strong></span> <span class='ocrx_word' id='word_1_614' title='bbox 1232 5502 1626 5577; x_wconf 2' lang='lat' dir='ltr'><strong>(Hexaemerq</strong></span> <span class='ocrx_word' id='word_1_615' title='bbox 1656 5513 1744 5567; x_wconf 84' lang='lat'><strong>76.</strong></span> 
     </span>
    </p>
   </div>
   <div class='ocr_carea' id='block_1_91' title="bbox 571 5564 1270 5641">
    <p class='ocr_par' dir='ltr' id='par_1_91' title="bbox 571 5564 1270 5641">
     <span class='ocr_line' id='line_1_91' title="bbox 571 5564 1270 5641; baseline 0.017 -23"><span class='ocrx_word' id='word_1_616' title='bbox 571 5564 650 5636; x_wconf 85' lang='grc'>(4)</span> <span class='ocrx_word' id='word_1_617' title='bbox 674 5568 756 5623; x_wconf 81' lang='lat' dir='ltr'><strong>Ex</strong></span> <span class='ocrx_word' id='word_1_618' title='bbox 783 5568 956 5641; x_wconf 86' lang='lat' dir='ltr'><strong>epist.</strong></span> <span class='ocrx_word' id='word_1_619' title='bbox 984 5586 1111 5639; x_wconf 76' lang='lat' dir='ltr'><strong>CLX,</strong></span> <span class='ocrx_word' id='word_1_620' title='bbox 1136 5576 1270 5630; x_wconf 77' lang='grc'><strong>251.</strong></span> 
     </span>
    </p>
   </div>
   <div class='ocr_carea' id='block_1_92' title="bbox 2282 3153 3902 3231">
    <p class='ocr_par' dir='ltr' id='par_1_92' title="bbox 2282 3153 3902 3231">
     <span class='ocr_line' id='line_1_92' title="bbox 2282 3153 3902 3231; baseline -0.003 -23"><span class='ocrx_word' id='word_1_621' title='bbox 2282 3158 2307 3208; x_wconf 86' lang='grc' dir='ltr'>ὁ</span> <span class='ocrx_word' id='word_1_622' title='bbox 2368 3161 2558 3231; x_wconf 81' lang='grc' dir='ltr'>Κύριος</span> <span class='ocrx_word' id='word_1_623' title='bbox 2634 3154 2852 3223; x_wconf 79' lang='grc' dir='ltr'>ἀπειλεῖ,</span> <span class='ocrx_word' id='word_1_624' title='bbox 2929 3154 3012 3205; x_wconf 83' lang='grc' dir='ltr'>ἵνα</span> <span class='ocrx_word' id='word_1_625' title='bbox 3079 3157 3151 3226; x_wconf 75' lang='grc' dir='ltr'>μὴ</span> <span class='ocrx_word' id='word_1_626' title='bbox 3239 3153 3548 3219; x_wconf 81' lang='grc' dir='ltr'>κλέπτηται,</span> <span class='ocrx_word' id='word_1_627' title='bbox 3612 3156 3811 3222; x_wconf 72' lang='grc' dir='ltr'>φησὶν,</span> <span class='ocrx_word' id='word_1_628' title='bbox 3870 3153 3902 3209; x_wconf 67' lang='grc' dir='ltr'>ἡ</span> 
     </span>
    </p>
   </div>
   <div class='ocr_carea' id='block_1_93' title="bbox 2282 3238 3911 3323">
    <p class='ocr_par' dir='ltr' id='par_1_93' title="bbox 2282 3238 3911 3323">
     <span class='ocr_line' id='line_1_93' title="bbox 2282 3238 3911 3323; baseline -0.004 -23"><span class='ocrx_word' id='word_1_629' title='bbox 2282 3250 2589 3323; x_wconf 70' lang='grc' dir='ltr'>σωφροσύνη</span> <span class='ocrx_word' id='word_1_630' title='bbox 2647 3253 2747 3297; x_wconf 88' lang='grc' dir='ltr'>τῶν</span> <span class='ocrx_word' id='word_1_631' title='bbox 2778 3240 3003 3319; x_wconf 76' lang='grc' dir='ltr'>ἀνδρῶν,</span> <span class='ocrx_word' id='word_1_632' title='bbox 3052 3238 3192 3316; x_wconf 62' lang='grc' dir='ltr'>μηδὲ</span> <span class='ocrx_word' id='word_1_633' title='bbox 3240 3249 3351 3303; x_wconf 84' lang='grc' dir='ltr'>ταῖς</span> <span class='ocrx_word' id='word_1_634' title='bbox 3390 3242 3727 3314; x_wconf 67' lang='grc' dir='ltr'>ζωγραφίαις</span> <span class='ocrx_word' id='word_1_635' title='bbox 3782 3243 3911 3294; x_wconf 72' lang='grc' dir='ltr'>ταύ-</span> 
     </span>
    </p>
   </div>
   <div class='ocr_carea' id='block_1_94' title="bbox 2278 3330 3905 3409">
    <p class='ocr_par' dir='ltr' id='par_1_94' title="bbox 2278 3330 3905 3409">
     <span class='ocr_line' id='line_1_94' title="bbox 2278 3330 3905 3409; baseline -0.004 -19"><span class='ocrx_word' id='word_1_636' title='bbox 2278 3357 2396 3398; x_wconf 85' lang='grc' dir='ltr'>ταις</span> <span class='ocrx_word' id='word_1_637' title='bbox 2471 3336 2688 3388; x_wconf 79' lang='grc' dir='ltr'>ἐλεεινῶν</span> <span class='ocrx_word' id='word_1_638' title='bbox 2757 3338 3008 3409; x_wconf 79' lang='grc' dir='ltr'>νεωτέρων</span> <span class='ocrx_word' id='word_1_639' title='bbox 3074 3330 3330 3404; x_wconf 72' lang='grc' dir='ltr'>όφοαλμοὶ</span> <span class='ocrx_word' id='word_1_640' title='bbox 3388 3331 3848 3407; x_wconf 63' lang='grc' dir='ltr'>συναρι-τάξωνται</span> <span class='ocrx_word' id='word_1_641' title='bbox 3889 3350 3905 3364; x_wconf 79' lang='lat'><strong><em>°</em></strong></span> 
     </span>
    </p>
   </div>
   <div class='ocr_carea' id='block_1_95' title="bbox 2279 3417 3907 3501">
    <p class='ocr_par' dir='ltr' id='par_1_95' title="bbox 2279 3417 3907 3501">
     <span class='ocr_line' id='line_1_95' title="bbox 2279 3417 3907 3501; baseline -0.004 -23"><span class='ocrx_word' id='word_1_642' title='bbox 2279 3427 2334 3478; x_wconf 84' lang='grc' dir='ltr'>αἰ</span> <span class='ocrx_word' id='word_1_643' title='bbox 2379 3428 2481 3501; x_wconf 73' lang='grc' dir='ltr'><strong>γὰρ</strong></span> <span class='ocrx_word' id='word_1_644' title='bbox 2524 3429 2751 3500; x_wconf 78' lang='grc' dir='ltr'>πονηραὶ</span> <span class='ocrx_word' id='word_1_645' title='bbox 2796 3431 2898 3475; x_wconf 85' lang='grc' dir='ltr'>τῶν</span> <span class='ocrx_word' id='word_1_646' title='bbox 2953 3429 3214 3494; x_wconf 74' lang='grc' dir='ltr'>γυναικῶν</span> <span class='ocrx_word' id='word_1_647' title='bbox 3268 3417 3557 3489; x_wconf 79' lang='grc' dir='ltr'>διαθέσεις,</span> <span class='ocrx_word' id='word_1_648' title='bbox 3598 3422 3693 3481; x_wconf 78' lang='grc' dir='ltr'><strong>τας</strong></span> <span class='ocrx_word' id='word_1_649' title='bbox 3746 3418 3907 3474; x_wconf 78' lang='grc' dir='ltr'>ἀσθε-</span> 
     </span>
    </p>
   </div>
   <div class='ocr_carea' id='block_1_96' title="bbox 2276 3515 2659 3587">
    <p class='ocr_par' dir='ltr' id='par_1_96' title="bbox 2276 3515 2659 3587">
     <span class='ocr_line' id='line_1_96' title="bbox 2276 3515 2659 3587; baseline 0 -21"><span class='ocrx_word' id='word_1_650' title='bbox 2276 3523 2376 3577; x_wconf 82' lang='grc' dir='ltr'>νεῖς</span> <span class='ocrx_word' id='word_1_651' title='bbox 2476 3515 2659 3587; x_wconf 67' lang='grc' dir='ltr'>ψυχὰς</span> 
     </span>
    </p>
   </div>
   <div class='ocr_carea' id='block_1_97' title="bbox 2278 3599 3906 3677">
    <p class='ocr_par' dir='ltr' id='par_1_97' title="bbox 2278 3599 3906 3677">
     <span class='ocr_line' id='line_1_97' title="bbox 2278 3599 3906 3677; baseline -0.002 -20"><span class='ocrx_word' id='word_1_652' title='bbox 2278 3606 2635 3657; x_wconf 81' lang='grc' dir='ltr'>Ἀκουέτωσαν</span> <span class='ocrx_word' id='word_1_653' title='bbox 2685 3599 2892 3677; x_wconf 76' lang='grc' dir='ltr'>ἄνδρες,</span> <span class='ocrx_word' id='word_1_654' title='bbox 2957 3599 3292 3652; x_wconf 78' lang='grc' dir='ltr'>ἀκουέτωσαν</span> <span class='ocrx_word' id='word_1_655' title='bbox 3347 3604 3617 3671; x_wconf 74' lang='grc' dir='ltr'>γυναῖκες,</span> <span class='ocrx_word' id='word_1_656' title='bbox 3660 3600 3805 3660; x_wconf 82' lang='grc' dir='ltr'>ὅπως</span> <span class='ocrx_word' id='word_1_657' title='bbox 3846 3603 3906 3653; x_wconf 82' lang='grc' dir='ltr'>τὸ</span> 
     </span>
    </p>
   </div>
   <div class='ocr_carea' id='block_1_98' title="bbox 2748 3507 3903 3571">
    <p class='ocr_par' dir='ltr' id='par_1_98' title="bbox 2748 3507 3903 3571">
     <span class='ocr_line' id='line_1_98' title="bbox 2748 3507 3903 3571; baseline -0.001 -6"><span class='ocrx_word' id='word_1_658' title='bbox 2748 3521 2846 3566; x_wconf 85' lang='grc' dir='ltr'>τῶν</span> <span class='ocrx_word' id='word_1_659' title='bbox 2924 3513 3297 3564; x_wconf 82' lang='grc' dir='ltr'>συνοικούντων</span> <span class='ocrx_word' id='word_1_660' title='bbox 3372 3507 3903 3571; x_wconf 76' lang='grc' dir='ltr'>καταϐαπτίζούσιν.</span> 
     </span>
    </p>
   </div>
   <div class='ocr_carea' id='block_1_99' title="bbox 2278 3686 3906 3767">
    <p class='ocr_par' dir='ltr' id='par_1_99' title="bbox 2278 3686 3906 3767">
     <span class='ocr_line' id='line_1_99' title="bbox 2278 3686 3906 3767; baseline -0.003 -21"><span class='ocrx_word' id='word_1_661' title='bbox 2278 3698 2462 3767; x_wconf 82' lang='grc' dir='ltr'>σεμνόν</span> <span class='ocrx_word' id='word_1_662' title='bbox 2512 3703 2606 3755; x_wconf 83' lang='grc' dir='ltr'>τῆς</span> <span class='ocrx_word' id='word_1_663' title='bbox 2656 3697 2902 3765; x_wconf 79' lang='grc' dir='ltr'>χηρείας,</span> <span class='ocrx_word' id='word_1_664' title='bbox 2947 3696 3037 3742; x_wconf 82' lang='grc' dir='ltr'>καὶ</span> <span class='ocrx_word' id='word_1_665' title='bbox 3075 3690 3220 3765; x_wconf 79' lang='grc' dir='ltr'>παρὰ</span> <span class='ocrx_word' id='word_1_666' title='bbox 3265 3695 3370 3749; x_wconf 91' lang='grc' dir='ltr'>τοῖς</span> <span class='ocrx_word' id='word_1_667' title='bbox 3419 3686 3657 3759; x_wconf 74' lang='grc' dir='ltr'>ἀλόγοις,</span> <span class='ocrx_word' id='word_1_668' title='bbox 3701 3696 3802 3741; x_wconf 78' lang='grc' dir='ltr'>τοῦ</span> <span class='ocrx_word' id='word_1_669' title='bbox 3852 3687 3906 3741; x_wconf 85' lang='grc' dir='ltr'>ἐν</span> 
     </span>
    </p>
   </div>
   <div class='ocr_carea' id='block_1_100' title="bbox 2274 3778 3900 3855">
    <p class='ocr_par' dir='ltr' id='par_1_100' title="bbox 2274 3778 3900 3855">
     <span class='ocr_line' id='line_1_100' title="bbox 2274 3778 3900 3855; baseline -0.004 -21"><span class='ocrx_word' id='word_1_670' title='bbox 2274 3790 2391 3844; x_wconf 85' lang='grc' dir='ltr'>ταῖς</span> <span class='ocrx_word' id='word_1_671' title='bbox 2442 3781 2798 3855; x_wconf 72' lang='grc' dir='ltr'>πολυγαμὶαις</span> <span class='ocrx_word' id='word_1_672' title='bbox 2875 3778 3142 3854; x_wconf 79' lang='grc' dir='ltr'>ἀπρεποῦς</span> <span class='ocrx_word' id='word_1_673' title='bbox 3201 3781 3601 3851; x_wconf 82' lang='grc' dir='ltr'>προτιμότερον.</span> <span class='ocrx_word' id='word_1_674' title='bbox 3675 3779 3747 3829; x_wconf 80' lang='grc' dir='ltr'><strong>Οἱ</strong></span> 
     </span>
    </p>
   </div>
   <div class='ocr_carea' id='block_1_101' title="bbox 2273 3862 3902 3944">
    <p class='ocr_par' dir='ltr' id='par_1_101' title="bbox 2273 3862 3902 3944">
     <span class='ocr_line' id='line_1_101' title="bbox 2273 3862 3902 3944; baseline -0.002 -20"><span class='ocrx_word' id='word_1_675' title='bbox 2273 3871 2434 3933; x_wconf 72' lang='grc' dir='ltr'>ἄλλως</span> <span class='ocrx_word' id='word_1_676' title='bbox 2489 3871 2728 3944; x_wconf 81' lang='grc' dir='ltr'>πολέμιοι</span> <span class='ocrx_word' id='word_1_677' title='bbox 2777 3876 2881 3930; x_wconf 83' lang='grc' dir='ltr'>τοῖς</span> <span class='ocrx_word' id='word_1_678' title='bbox 2947 3868 3225 3926; x_wconf 79' lang='grc' dir='ltr'>τεθνηκόσι</span> <span class='ocrx_word' id='word_1_679' title='bbox 3278 3862 3596 3919; x_wconf 81' lang='grc' dir='ltr'>σπένδονται</span> <span class='ocrx_word' id='word_1_680' title='bbox 3639 3887 3654 3900; x_wconf 79' lang='grc' dir='ltr'><strong>ο</strong></span> <span class='ocrx_word' id='word_1_681' title='bbox 3716 3868 3779 3919; x_wconf 85' lang='grc' dir='ltr'>αἱ</span> <span class='ocrx_word' id='word_1_682' title='bbox 3838 3865 3902 3920; x_wconf 64' lang='grc' dir='ltr'>δὲ</span> 
     </span>
    </p>
   </div>
   <div class='ocr_carea' id='block_1_102' title="bbox 2271 3956 3893 4037">
    <p class='ocr_par' dir='ltr' id='par_1_102' title="bbox 2271 3956 3893 4037">
     <span class='ocr_line' id='line_1_102' title="bbox 2271 3956 3893 4037; baseline -0.005 -21"><span class='ocrx_word' id='word_1_683' title='bbox 2271 3967 2525 4037; x_wconf 81' lang='grc' dir='ltr'>μητρυιαὶ</span> <span class='ocrx_word' id='word_1_684' title='bbox 2572 3968 2666 4014; x_wconf 71' lang='grc' dir='ltr'>τοῦ</span> <span class='ocrx_word' id='word_1_685' title='bbox 2739 3962 2926 4032; x_wconf 82' lang='grc' dir='ltr'>μίσους</span> <span class='ocrx_word' id='word_1_686' title='bbox 2976 3959 3108 4032; x_wconf 83' lang='grc' dir='ltr'>μετὰ</span> <span class='ocrx_word' id='word_1_687' title='bbox 3174 3959 3261 4009; x_wconf 81' lang='grc' dir='ltr'>τὸν</span> <span class='ocrx_word' id='word_1_688' title='bbox 3322 3957 3541 4008; x_wconf 76' lang='grc' dir='ltr'>θάνατον</span> <span class='ocrx_word' id='word_1_689' title='bbox 3600 3956 3893 4030; x_wconf 53' lang='grc' dir='ltr'>ἄρχονται,</span> 
     </span>
    </p>
   </div>
   <div class='ocr_carea' id='block_1_103' title="bbox 2273 4041 3894 4123">
    <p class='ocr_par' dir='ltr' id='par_1_103' title="bbox 2273 4041 3894 4123">
     <span class='ocr_line' id='line_1_103' title="bbox 2273 4041 3894 4123; baseline -0.006 -18"><span class='ocrx_word' id='word_1_690' title='bbox 2273 4051 2430 4105; x_wconf 81' lang='grc' dir='ltr'>Ἀλλὰ</span> <span class='ocrx_word' id='word_1_691' title='bbox 2484 4056 2573 4110; x_wconf 81' lang='grc' dir='ltr'>τήν</span> <span class='ocrx_word' id='word_1_692' title='bbox 2628 4052 2856 4123; x_wconf 70' lang='grc' dir='ltr'>τρυγόνα</span> <span class='ocrx_word' id='word_1_693' title='bbox 2928 4050 3057 4119; x_wconf 73' lang='grc' dir='ltr'>φασὶ</span> <span class='ocrx_word' id='word_1_694' title='bbox 3132 4041 3550 4117; x_wconf 73' lang='grc' dir='ltr'>διαζευχθεῖσιξν</span> <span class='ocrx_word' id='word_1_695' title='bbox 3615 4063 3745 4096; x_wconf 82' lang='grc' dir='ltr'>ποτε</span> <span class='ocrx_word' id='word_1_696' title='bbox 3801 4053 3894 4098; x_wconf 74' lang='grc' dir='ltr'>τοῦ</span> 
     </span>
    </p>
   </div>
   <div class='ocr_carea' id='block_1_104' title="bbox 2270 4130 3897 4216">
    <p class='ocr_par' dir='ltr' id='par_1_104' title="bbox 2270 4130 3897 4216">
     <span class='ocr_line' id='line_1_104' title="bbox 2270 4130 3897 4216; baseline -0.006 -21"><span class='ocrx_word' id='word_1_697' title='bbox 2270 4143 2556 4216; x_wconf 69' lang='grc' dir='ltr'>ὁμόζυογος,</span> <span class='ocrx_word' id='word_1_698' title='bbox 2623 4142 2809 4212; x_wconf 82' lang='grc' dir='ltr'>μηκέτι</span> <span class='ocrx_word' id='word_1_699' title='bbox 2882 4141 2976 4195; x_wconf 75' lang='grc' dir='ltr'>τὴν</span> <span class='ocrx_word' id='word_1_700' title='bbox 3041 4138 3169 4209; x_wconf 85' lang='grc' dir='ltr'>πρὸς</span> <span class='ocrx_word' id='word_1_701' title='bbox 3234 4134 3402 4208; x_wconf 79' lang='grc' dir='ltr'>ἕτερον</span> <span class='ocrx_word' id='word_1_702' title='bbox 3482 4130 3897 4205; x_wconf 78' lang='grc' dir='ltr'>καταδέχεσθαι</span> 
     </span>
    </p>
   </div>
   <div class='ocr_carea' id='block_1_105' title="bbox 2268 4219 3893 4298">
    <p class='ocr_par' dir='ltr' id='par_1_105' title="bbox 2268 4219 3893 4298">
     <span class='ocr_line' id='line_1_105' title="bbox 2268 4219 3893 4298; baseline -0.006 -16"><span class='ocrx_word' id='word_1_703' title='bbox 2268 4236 2557 4296; x_wconf 84' lang='grc' dir='ltr'>κοινωνίαν,</span> <span class='ocrx_word' id='word_1_704' title='bbox 2643 4226 2770 4279; x_wconf 78' lang='grc' dir='ltr'>ἀλλα</span> <span class='ocrx_word' id='word_1_705' title='bbox 2837 4232 3003 4298; x_wconf 78' lang='grc' dir='ltr'>μένειν</span> <span class='ocrx_word' id='word_1_706' title='bbox 3073 4219 3465 4291; x_wconf 80' lang='grc' dir='ltr'>ἀσυνδύαστον,</span> <span class='ocrx_word' id='word_1_707' title='bbox 3539 4224 3715 4291; x_wconf 70' lang='grc' dir='ltr'>μνήμη</span> <span class='ocrx_word' id='word_1_708' title='bbox 3788 4228 3893 4273; x_wconf 74' lang='grc' dir='ltr'>τοῦ</span> 
     </span>
    </p>
   </div>
   <div class='ocr_carea' id='block_1_106' title="bbox 2268 4305 3880 4390">
    <p class='ocr_par' dir='ltr' id='par_1_106' title="bbox 2268 4305 3880 4390">
     <span class='ocr_line' id='line_1_106' title="bbox 2268 4305 3880 4390; baseline -0.01 -17"><span class='ocrx_word' id='word_1_709' title='bbox 2268 4339 2392 4373; x_wconf 85' lang='grc' dir='ltr'>ποτε</span> <span class='ocrx_word' id='word_1_710' title='bbox 2423 4319 2803 4390; x_wconf 69' lang='grc' dir='ltr'>πζευχθέντος</span> <span class='ocrx_word' id='word_1_711' title='bbox 2848 4319 2943 4374; x_wconf 77' lang='grc' dir='ltr'>τὴν</span> <span class='ocrx_word' id='word_1_712' title='bbox 2993 4316 3125 4388; x_wconf 85' lang='grc' dir='ltr'>πρὸς</span> <span class='ocrx_word' id='word_1_713' title='bbox 3173 4312 3343 4387; x_wconf 79' lang='grc' dir='ltr'>ἕτερον</span> <span class='ocrx_word' id='word_1_714' title='bbox 3396 4312 3653 4363; x_wconf 84' lang='grc' dir='ltr'>κοινωνίαν</span> <span class='ocrx_word' id='word_1_715' title='bbox 3694 4305 3880 4382; x_wconf 72' lang='grc' dir='ltr'>ἀπαρ-</span> 
     </span>
    </p>
   </div>
   <div class='ocr_carea' id='block_1_107' title="bbox 2267 4398 3879 4482">
    <p class='ocr_par' dir='ltr' id='par_1_107' title="bbox 2267 4398 3879 4482">
     <span class='ocr_line' id='line_1_107' title="bbox 2267 4398 3879 4482; baseline -0.01 -20"><span class='ocrx_word' id='word_1_716' title='bbox 2267 4414 2537 4482; x_wconf 81' lang='grc' dir='ltr'>νουμένην.</span> <span class='ocrx_word' id='word_1_717' title='bbox 2590 4411 2655 4459; x_wconf 88' lang='grc' dir='ltr'>Τί</span> <span class='ocrx_word' id='word_1_718' title='bbox 2684 4402 2798 4457; x_wconf 77' lang='grc' dir='ltr'>ὀὖν</span> <span class='ocrx_word' id='word_1_719' title='bbox 2836 4406 2982 4477; x_wconf 75' lang='grc' dir='ltr'>ἡμῶν</span> <span class='ocrx_word' id='word_1_720' title='bbox 3040 4401 3229 4474; x_wconf 73' lang='grc' dir='ltr'>γένοιτ’</span> <span class='ocrx_word' id='word_1_721' title='bbox 3282 4398 3342 4451; x_wconf 76' lang='grc' dir='ltr'><strong>ἂν</strong></span> <span class='ocrx_word' id='word_1_722' title='bbox 3401 4399 3738 4469; x_wconf 81' lang='grc' dir='ltr'>ἐλεεινότερον,</span> <span class='ocrx_word' id='word_1_723' title='bbox 3800 4401 3879 4470; x_wconf 78' lang='grc' dir='ltr'>μὴ</span> 
     </span>
    </p>
   </div>
   <div class='ocr_carea' id='block_1_108' title="bbox 2268 4486 3889 4572">
    <p class='ocr_par' dir='ltr' id='par_1_108' title="bbox 2268 4486 3889 4572">
     <span class='ocr_line' id='line_1_108' title="bbox 2268 4486 3889 4572; baseline -0.001 -22"><span class='ocrx_word' id='word_1_724' title='bbox 2268 4504 2421 4572; x_wconf 86' lang='grc' dir='ltr'>μόνον</span> <span class='ocrx_word' id='word_1_725' title='bbox 2450 4502 2544 4557; x_wconf 79' lang='grc' dir='ltr'>τὴν</span> <span class='ocrx_word' id='word_1_726' title='bbox 2575 4495 2737 4553; x_wconf 70' lang='grc' dir='ltr'>αὐτὴν</span> <span class='ocrx_word' id='word_1_727' title='bbox 2776 4501 2882 4555; x_wconf 87' lang='grc' dir='ltr'>τοῖς</span> <span class='ocrx_word' id='word_1_728' title='bbox 2927 4490 3131 4564; x_wconf 74' lang='grc' dir='ltr'>ἀλόγοις</span> <span class='ocrx_word' id='word_1_729' title='bbox 3173 4493 3290 4564; x_wconf 83' lang='grc' dir='ltr'>περὶ</span> <span class='ocrx_word' id='word_1_730' title='bbox 3327 4493 3448 4551; x_wconf 75' lang='grc' dir='ltr'>τοὺς</span> <span class='ocrx_word' id='word_1_731' title='bbox 3488 4486 3761 4560; x_wconf 74' lang='grc' dir='ltr'>ὁμόζυγας</span> <span class='ocrx_word' id='word_1_732' title='bbox 3813 4491 3889 4560; x_wconf 69' lang='grc' dir='ltr'>μὴ</span> 
     </span>
    </p>
   </div>
   <div class='ocr_carea' id='block_1_109' title="bbox 2266 4576 3890 4659">
    <p class='ocr_par' dir='ltr' id='par_1_109' title="bbox 2266 4576 3890 4659">
     <span class='ocr_line' id='line_1_109' title="bbox 2266 4576 3890 4659; baseline -0.007 -19"><span class='ocrx_word' id='word_1_733' title='bbox 2266 4585 2697 4659; x_wconf 78' lang='grc' dir='ltr'>ἐπιδεικνυμένων</span> <span class='ocrx_word' id='word_1_734' title='bbox 2748 4586 2994 4656; x_wconf 73' lang='grc' dir='ltr'>στοργήν,</span> <span class='ocrx_word' id='word_1_735' title='bbox 3034 4579 3163 4632; x_wconf 75' lang='grc' dir='ltr'>ἀλλὰ</span> <span class='ocrx_word' id='word_1_736' title='bbox 3213 4584 3305 4631; x_wconf 83' lang='grc' dir='ltr'>καὶ</span> <span class='ocrx_word' id='word_1_737' title='bbox 3363 4582 3458 4636; x_wconf 76' lang='grc' dir='ltr'>τὴν</span> <span class='ocrx_word' id='word_1_738' title='bbox 3506 4576 3745 4629; x_wconf 82' lang='grc' dir='ltr'>ἐναντίαν</span> <span class='ocrx_word' id='word_1_739' title='bbox 3788 4585 3890 4629; x_wconf 75' lang='grc' dir='ltr'>τῶν</span> 
     </span>
    </p>
   </div>
   <div class='ocr_carea' id='block_1_110' title="bbox 2263 4665 3883 4750">
    <p class='ocr_par' dir='ltr' id='par_1_110' title="bbox 2263 4665 3883 4750">
     <span class='ocr_line' id='line_1_110' title="bbox 2263 4665 3883 4750; baseline -0.009 -20"><span class='ocrx_word' id='word_1_740' title='bbox 2263 4685 2357 4733; x_wconf 83' lang='grc' dir='ltr'>τοῦ</span> <span class='ocrx_word' id='word_1_741' title='bbox 2428 4679 2625 4750; x_wconf 80' lang='grc' dir='ltr'>Κυρίου</span> <span class='ocrx_word' id='word_1_742' title='bbox 2694 4671 2904 4726; x_wconf 78' lang='grc' dir='ltr'>ἐντολῶν</span> <span class='ocrx_word' id='word_1_743' title='bbox 2970 4665 3275 4735; x_wconf 81' lang='grc' dir='ltr'>ὁδευόντων,</span> <span class='ocrx_word' id='word_1_744' title='bbox 3352 4665 3539 4738; x_wconf 66' lang='grc' dir='ltr'>ὑψηλῷ</span> <span class='ocrx_word' id='word_1_745' title='bbox 3600 4666 3883 4738; x_wconf 67' lang='grc' dir='ltr'>τραχήλῳ,</span> 
     </span>
    </p>
   </div>
   <div class='ocr_carea' id='block_1_111' title="bbox 2263 4756 3888 4839">
    <p class='ocr_par' dir='ltr' id='par_1_111' title="bbox 2263 4756 3888 4839">
     <span class='ocr_line' id='line_1_111' title="bbox 2263 4756 3888 4839; baseline -0.01 -17"><span class='ocrx_word' id='word_1_746' title='bbox 2263 4773 2354 4821; x_wconf 82' lang='grc' dir='ltr'><strong>καὶ</strong></span> <span class='ocrx_word' id='word_1_747' title='bbox 2398 4769 2648 4839; x_wconf 83' lang='grc' dir='ltr'>νεύμασιν</span> <span class='ocrx_word' id='word_1_748' title='bbox 2702 4761 2998 4834; x_wconf 74' lang='grc' dir='ltr'>ὀφθαλμῶν,</span> <span class='ocrx_word' id='word_1_749' title='bbox 3054 4762 3147 4811; x_wconf 88' lang='grc' dir='ltr'>καὶ</span> <span class='ocrx_word' id='word_1_750' title='bbox 3196 4760 3497 4830; x_wconf 76' lang='grc' dir='ltr'>σοφίσμασι</span> <span class='ocrx_word' id='word_1_751' title='bbox 3547 4756 3888 4830; x_wconf 67' lang='grc' dir='ltr'>χρωμάτων,</span> 
     </span>
    </p>
   </div>
   <div class='ocr_carea' id='block_1_112' title="bbox 2262 4842 3889 4930">
    <p class='ocr_par' dir='ltr' id='par_1_112' title="bbox 2262 4842 3889 4930">
     <span class='ocr_line' id='line_1_112' title="bbox 2262 4842 3889 4930; baseline -0.009 -19"><span class='ocrx_word' id='word_1_752' title='bbox 2262 4862 2355 4917; x_wconf 77' lang='grc' dir='ltr'>τὴν</span> <span class='ocrx_word' id='word_1_753' title='bbox 2411 4855 2751 4930; x_wconf 78' lang='grc' dir='ltr'>σωφροσύνην</span> <span class='ocrx_word' id='word_1_754' title='bbox 2795 4849 3289 4920; x_wconf 73' lang='grc' dir='ltr'>ύποκλεπτομένωνς</span> <span class='ocrx_word' id='word_1_755' title='bbox 3344 4845 3408 4899; x_wconf 77' lang='grc' dir='ltr'>Ἃ</span> <span class='ocrx_word' id='word_1_756' title='bbox 3465 4845 3678 4906; x_wconf 77' lang='grc' dir='ltr'>πάντως</span> <span class='ocrx_word' id='word_1_757' title='bbox 3730 4842 3889 4916; x_wconf 60' lang='grc' dir='ltr'>ἀφαι-</span> 
     </span>
    </p>
   </div>
   <div class='ocr_carea' id='block_1_113' title="bbox 2260 4939 3883 5023">
    <p class='ocr_par' dir='ltr' id='par_1_113' title="bbox 2260 4939 3883 5023">
     <span class='ocr_line' id='line_1_113' title="bbox 2260 4939 3883 5023; baseline -0.01 -23"><span class='ocrx_word' id='word_1_758' title='bbox 2260 4948 2541 5023; x_wconf 79' lang='grc' dir='ltr'>ρεθήσεται</span> <span class='ocrx_word' id='word_1_759' title='bbox 2595 4946 2732 5007; x_wconf 84' lang='grc' dir='ltr'>τότε,</span> <span class='ocrx_word' id='word_1_760' title='bbox 2811 4942 2894 4994; x_wconf 80' lang='grc' dir='ltr'>ὅτε</span> <span class='ocrx_word' id='word_1_761' title='bbox 2948 4940 3125 5011; x_wconf 71' lang='grc' dir='ltr'>γυμνά</span> <span class='ocrx_word' id='word_1_762' title='bbox 3193 4939 3366 4990; x_wconf 77' lang='grc' dir='ltr'>πάντα</span> <span class='ocrx_word' id='word_1_763' title='bbox 3434 4939 3769 5007; x_wconf 86' lang='grc' dir='ltr'>παρίσταται</span> <span class='ocrx_word' id='word_1_764' title='bbox 3814 4941 3883 5003; x_wconf 66' lang='grc' dir='ltr'>τῷ</span> 
     </span>
    </p>
   </div>
   <div class='ocr_carea' id='block_1_114' title="bbox 2262 5026 3877 5110">
    <p class='ocr_par' dir='ltr' id='par_1_114' title="bbox 2262 5026 3877 5110">
     <span class='ocr_line' id='line_1_114' title="bbox 2262 5026 3877 5110; baseline -0.011 -21"><span class='ocrx_word' id='word_1_765' title='bbox 2262 5043 2424 5110; x_wconf 76' lang='grc' dir='ltr'>Κριτῇ</span> <span class='ocrx_word' id='word_1_766' title='bbox 2462 5056 2474 5068; x_wconf 92' lang='grc'><strong>·</strong></span> <span class='ocrx_word' id='word_1_767' title='bbox 2516 5036 2599 5086; x_wconf 84' lang='grc' dir='ltr'>ὅτε</span> <span class='ocrx_word' id='word_1_768' title='bbox 2656 5031 2815 5107; x_wconf 76' lang='grc' dir='ltr'>ὀφρύς</span> <span class='ocrx_word' id='word_1_769' title='bbox 2871 5032 3304 5100; x_wconf 86' lang='grc' dir='ltr'>συμπεπτωκυῖα,</span> <span class='ocrx_word' id='word_1_770' title='bbox 3363 5028 3454 5076; x_wconf 85' lang='grc' dir='ltr'>καὶ</span> <span class='ocrx_word' id='word_1_771' title='bbox 3514 5026 3716 5097; x_wconf 78' lang='grc' dir='ltr'>παρειὰ</span> <span class='ocrx_word' id='word_1_772' title='bbox 3759 5039 3877 5073; x_wconf 76' lang='grc' dir='ltr'>κατ-</span> 
     </span>
    </p>
   </div>
   <div class='ocr_carea' id='block_1_115' title="bbox 2263 5111 3888 5200">
    <p class='ocr_par' dir='ltr' id='par_1_115' title="bbox 2263 5111 3888 5200">
     <span class='ocr_line' id='line_1_115' title="bbox 2263 5111 3888 5200; baseline -0.01 -20"><span class='ocrx_word' id='word_1_773' title='bbox 2263 5130 2421 5200; x_wconf 78' lang='grc' dir='ltr'>ηφὴς,</span> <span class='ocrx_word' id='word_1_774' title='bbox 2460 5128 2549 5178; x_wconf 82' lang='grc' dir='ltr'><strong>καὶ</strong></span> <span class='ocrx_word' id='word_1_775' title='bbox 2588 5130 2786 5200; x_wconf 83' lang='grc' dir='ltr'>χρῶμα</span> <span class='ocrx_word' id='word_1_776' title='bbox 2822 5115 3064 5173; x_wconf 81' lang='grc' dir='ltr'>πελιδνὸν</span> <span class='ocrx_word' id='word_1_777' title='bbox 3120 5117 3222 5170; x_wconf 81' lang='grc' dir='ltr'>ύπό</span> <span class='ocrx_word' id='word_1_778' title='bbox 3260 5122 3353 5168; x_wconf 77' lang='grc' dir='ltr'>τοῦ</span> <span class='ocrx_word' id='word_1_779' title='bbox 3402 5111 3565 5187; x_wconf 68' lang='grc' dir='ltr'>φόϐου</span> <span class='ocrx_word' id='word_1_780' title='bbox 3616 5114 3888 5167; x_wconf 78' lang='grc' dir='ltr'>καθίστα-</span> 
     </span>
    </p>
   </div>
   <div class='ocr_carea' id='block_1_116' title="bbox 2335 5369 3594 5450">
    <p class='ocr_par' dir='ltr' id='par_1_116' title="bbox 2335 5369 3594 5450">
     <span class='ocr_line' id='line_1_116' title="bbox 2335 5369 3594 5450; baseline -0.013 -15"><span class='ocrx_word' id='word_1_781' title='bbox 2335 5377 2405 5450; x_wconf 81' lang='grc'>(5)</span> <span class='ocrx_word' id='word_1_782' title='bbox 2440 5380 2523 5433; x_wconf 83' lang='lat' dir='ltr'><strong>Ex</strong></span> <span class='ocrx_word' id='word_1_783' title='bbox 2546 5371 2755 5432; x_wconf 88' lang='lat' dir='ltr'><strong>homil.</strong></span> <span class='ocrx_word' id='word_1_784' title='bbox 2787 5376 2890 5450; x_wconf 74' lang='lat' dir='ltr'><strong>vin</strong></span> <span class='ocrx_word' id='word_1_785' title='bbox 2916 5370 2980 5450; x_wconf 62' lang='grc' dir='ltr'><strong>ίτι</strong></span> <span class='ocrx_word' id='word_1_786' title='bbox 3002 5370 3319 5450; x_wconf 63' lang='grc' dir='ltr'>ῌβωᾳεηιη</span> <span class='ocrx_word' id='word_1_787' title='bbox 3350 5369 3439 5422; x_wconf 84' lang='grc'><strong>76.</strong></span> <span class='ocrx_word' id='word_1_788' title='bbox 3498 5439 3510 5450; x_wconf 39' lang='grc'><strong><em>⁸</em></strong></span> <span class='ocrx_word' id='word_1_789' title='bbox 3582 5436 3594 5449; x_wconf 42' lang='grc'><strong>.</strong></span> 
     </span>
    </p>
   </div>
   <div class='ocr_carea' id='block_1_117' title="bbox 2335 5437 3811 5519">
    <p class='ocr_par' dir='ltr' id='par_1_117' title="bbox 2335 5437 3811 5519">
     <span class='ocr_line' id='line_1_117' title="bbox 2335 5437 3811 5519; baseline -0.007 -14"><span class='ocrx_word' id='word_1_790' title='bbox 2335 5437 2410 5517; x_wconf 66' lang='grc' dir='ltr'>(δ’)</span> <span class='ocrx_word' id='word_1_791' title='bbox 2447 5450 2701 5519; x_wconf 87' lang='lat' dir='ltr'><strong>Uterque</strong></span> <span class='ocrx_word' id='word_1_792' title='bbox 2731 5444 2924 5519; x_wconf 61' lang='lat' dir='ltr'><strong>codex</strong></span> <span class='ocrx_word' id='word_1_793' title='bbox 2951 5441 3180 5519; x_wconf 78' lang='lat' dir='ltr'><strong>indicat</strong></span> <span class='ocrx_word' id='word_1_794' title='bbox 3198 5439 3536 5519; x_wconf 73' lang='lat' dir='ltr'><strong>comment.</strong></span> <span class='ocrx_word' id='word_1_795' title='bbox 3570 5437 3637 5492; x_wconf 77' lang='lat' dir='ltr'><strong>in</strong></span> <span class='ocrx_word' id='word_1_796' title='bbox 3678 5437 3811 5494; x_wconf 75' lang='lat' dir='ltr'><strong>Isa.</strong></span> 
     </span>
    </p>
   </div>
   <div class='ocr_carea' id='block_1_118' title="bbox 2331 5515 3591 5591">
    <p class='ocr_par' dir='ltr' id='par_1_118' title="bbox 2331 5515 3591 5591">
     <span class='ocr_line' id='line_1_118' title="bbox 2331 5515 3591 5591; baseline -0.01 -16"><span class='ocrx_word' id='word_1_797' title='bbox 2331 5515 2516 5591; x_wconf 65' lang='lat'><strong>(7)15):</strong></span> <span class='ocrx_word' id='word_1_798' title='bbox 2542 5515 3276 5591; x_wconf 51' lang='lat' dir='ltr'><strong>cdmmen_t.irz_ls_q.,467.</strong></span> <span class='ocrx_word' id='word_1_799' title='bbox 3375 5587 3386 5591; x_wconf 83' lang='lat'><strong>_</strong></span> <span class='ocrx_word' id='word_1_800' title='bbox 3506 5583 3517 5591; x_wconf 79' lang='lat'>_</span> <span class='ocrx_word' id='word_1_801' title='bbox 3582 5581 3591 5590; x_wconf 26' lang='grc' dir='ltr'>ι</span> 
     </span>
    </p>
   </div>
   <div class='ocr_carea' id='block_1_119' title="bbox 2332 5582 3799 5665">
    <p class='ocr_par' dir='ltr' id='par_1_119' title="bbox 2332 5582 3799 5665">
     <span class='ocr_line' id='line_1_119' title="bbox 2332 5582 3799 5665; baseline -0.009 -17"><span class='ocrx_word' id='word_1_802' title='bbox 2332 5582 2412 5665; x_wconf 81' lang='lat'><strong>(8)</strong></span> <span class='ocrx_word' id='word_1_803' title='bbox 2445 5594 2699 5662; x_wconf 83' lang='lat' dir='ltr'><strong>Uterque</strong></span> <span class='ocrx_word' id='word_1_804' title='bbox 2728 5587 2923 5649; x_wconf 81' lang='lat' dir='ltr'><strong>codex</strong></span> <span class='ocrx_word' id='word_1_805' title='bbox 2946 5584 3177 5643; x_wconf 88' lang='lat' dir='ltr'><strong>indicat</strong></span> <span class='ocrx_word' id='word_1_806' title='bbox 3215 5583 3545 5641; x_wconf 80' lang='lat' dir='ltr'><strong>comment.</strong></span> <span class='ocrx_word' id='word_1_807' title='bbox 3569 5582 3636 5637; x_wconf 78' lang='lat' dir='ltr'><strong>in</strong></span> <span class='ocrx_word' id='word_1_808' title='bbox 3660 5582 3799 5639; x_wconf 78' lang='grc' dir='ltr'>Ιειι.</span> 
     </span>
    </p>
   </div>
  </div>
