4084 6388
172 223 309 281 i353

1011 219 1239 278 SEBMO
1269 213 1373 276 XX.
1394 247 1463 259 -
1494 219 1585 275 DE
1614 215 2037 275 HUMILITATE
2057 217 2142 277 ΕΤ
2170 218 2363 275 ΙΝΑΝΙ
2394 217 2679 276 GLORIA.

3406 219 3548 280 1354

164 367 254 400 ται
287 368 300 381 ·
333 352 423 402 καὶ
470 345 799 419 ἀπολήψεται
847 348 1068 407 ἕκαστος
1123 346 1258 397 κατὰ
1294 343 1359 396 τά
1410 346 1537 418 ἔργα
1588 343 1771 400 αὐτοῦ.
1802 344 1834 399 Α

1926 358 1984 400 ιο
2001 346 2059 400 et
2069 342 2434 415 cogitatione
2446 341 3120 416 complexi,charissimi
3131 386 3146 414 ,
3162 342 3520 403 festinemus
3531 387 3548 416 ,

162 436 327 510 "Amp
390 435 439 489 ἐν
516 433 726 510 διανοίᾳ
771 435 1046 502 λαϐόντες,
1107 432 1407 507 ἀγαπητοὶ,
1470 436 1774 507 σπεύσωμεν

168 528 239 587 ὡς
303 529 418 579 ἔστι
455 531 658 602 καιρὸς,
722 529 861 579 κατά
914 528 982 580 τά
1044 521 1307 578 δοκοῦντα
1349 531 1422 593 τῷ
1477 530 1592 595 Θεῷ
1629 523 1775 576 πολι-

170 618 436 683 τεύεσθαι,
480 619 563 669 ἰνα
617 622 707 669 καὶ
763 624 863 669 τῶν
913 615 1195 689 μελλόντων
1255 611 1459 686 ἀγαθῶν
1506 611 1779 685 ἐπιτύχω-

174 726 285 779 μεν,
320 704 368 758 ἐν
396 714 611 781 Χριστῷ
656 707 836 765 Ἰησοῦ
868 713 942 777 τῷ
989 708 1164 778 Κυρίῳ
1200 705 1367 777 ἡμῶν,
1401 700 1440 775 ᾧ
1478 704 1509 761 ἠ
1554 698 1685 767 δόξα
1713 702 1781 765 εἰς

173 799 298 858 τοὺς
338 796 524 858 αἰῶνας
548 804 647 848 τῶν
686 796 910 852 αἰώνων,
957 795 1142 868 Ἀμήν.

252 925 399 974 ΠΕΡΙ
429 925 1082 975 ΤΑΠΕῙΝΟΦΡΟΚΥΝΗΣ
1125 922 1239 972 ΚΑΙ
1270 920 1707 973 ΚΕΝΟΔΟΞΙΑΣ.

810 1025 1027 1073 ΛΟΓΟΣ
1062 1017 1137 1073 K'.

254 1118 304 1173 1.
348 1116 651 1192 Ἀμήχανον
688 1121 773 1171 τὸν
801 1122 873 1191 μὴ
908 1112 1324 1189 καταδεξάμενον
1370 1118 1428 1169 τὸ
1475 1118 1600 1189 πρὸς
1651 1115 1786 1167 πάν-

176 1225 271 1270 τας
302 1204 519 1269 ὑποδεὲς
543 1212 634 1260 καὶ
684 1208 933 1280 ἔσχατον,
968 1204 1262 1266 δυνηθῆναί
1298 1225 1418 1259 ποτε
1455 1205 1485 1264 ἣ
1522 1199 1791 1278 λοιδορού-

176 1316 326 1369 μενον
368 1297 535 1369 θυμοῦ
584 1302 869 1370 κρατῆσαι,
927 1296 955 1356 ή
1019 1295 1315 1369 θλιϐόμενον
1375 1291 1469 1347 ὃιά
1526 1293 1792 1368 μακροθυ-

174 1389 296 1457 μίας
326 1387 689 1461 περιγενέσθαι
739 1394 840 1438 τῶν
892 1393 1217 1458 πειρασμῶν.
1260 1384 1319 1435 Ὀ
1369 1380 1429 1436 δε
1486 1388 1580 1441 τὴν
1625 1383 1792 1455 ἄκραν

174 1480 488 1529 ταπείνωσιν
544 1477 908 1551 κατορθώσας,
965 1473 1013 1527 ἐν
1081 1482 1193 1534 ταῖς
1240 1469 1533 1547 λοιδορίαις
1589 1470 1798 1524 πλείονα

177 1565 364 1619 ἑαυτοῦ
393 1569 683 1637 καταγνοὺς
722 1570 818 1624 τὴν
868 1565 1143 1635 εὐτέλειαν,
1199 1563 1258 1616 οὗ
1311 1565 1661 1621 κινηθήσεται
1700 1565 1796 1620 τὴν

1883 434 2031 491 dum
2056 438 2298 506 tempus
2321 433 2571 502 est,vitaa
2592 438 2815 504 nostra;
2841 433 3110 490 actiones
3124 435 3206 492 ad
3234 434 3336 492 Dei
3353 435 3548 492 omni-

1883 522 2144 597 potentis
2166 538 2446 579 normam
2478 522 2757 595 dirigere,
2785 526 2852 579 ut
2873 522 3216 581 futurorum
3236 523 3419 582 etiam
3438 524 3549 581 bo-

1885 628 2108 669 norum
2137 612 2460 686 participes
2491 612 2847 683 efﬁciamur,
2881 612 2944 669 in
2988 612 3218 672 Christo
3258 613 3401 671 Jesu
3441 617 3551 671 Do-

1888 702 2056 759 mino
2113 706 2341 769 nostro,
2393 701 2490 758 cui
2532 701 2725 774 gloria
2768 702 2832 759 in
2878 702 3102 761 saecula
3154 703 3543 761 saeculorum.

1890 793 2102 849 Amen.

1934 917 2108 990 575
2140 916 2251 973 DE
2286 916 2786 974 HUMILITATE
2826 917 2935 975 ET
2969 918 3212 975 ΙΝΑΝῙ
3236 918 3515 976 GLORIA

2543 1014 2781 1073 SERMO
2828 1016 2915 1072 XX

1973 1120 2020 1170 1.
2043 1115 2121 1186 (2)
2162 1112 2313 1170 Fieri
2343 1127 2469 1170 non
2506 1117 2729 1186 potest,
2760 1116 2824 1170 ut
2852 1113 2904 1169 is
2947 1113 3053 1187 qui
3082 1113 3296 1173 inﬁmo
3322 1113 3563 1172 ultimoo

1898 1218 2017 1278 que
2041 1202 2176 1260 loco
2206 1218 2352 1274 erga
2381 1216 2596 1259 omnes
2636 1202 2848 1260 haberi
2877 1218 3004 1259 non
3032 1203 3182 1276 vult,
3228 1208 3418 1278 queat
3446 1218 3559 1261 un-

1901 1308 2110 1367 quam,
2143 1296 2247 1349 aut
2275 1291 2424 1348 dum
2450 1290 2738 1349 conviciis
2752 1292 3084 1365 impetitur,
3107 1293 3211 1350 irae
3234 1289 3560 1365 dominari,

1904 1385 2009 1439 aut
2037 1380 2184 1437 dum
2208 1380 2546 1453 atﬁictatur,
2573 1396 2679 1453 per
2703 1381 3059 1454 patientiam
3086 1385 3448 1440 tentationes
3469 1397 3568 1438 su-

1905 1486 2117 1543 perare
2167 1470 2275 1536 Qui
2303 1469 2465 1526 enim
2484 1468 2562 1526 ad
2595 1483 2903 1527 summam
2926 1470 3327 1529 humilitatem
3357 1485 3566 1545 perve-

1906 1560 2013 1627 nit,
2042 1560 2092 1615 is
2117 1574 2255 1615 cum
2304 1559 2367 1614 in
2416 1557 2710 1615 conviciis
2744 1574 2920 1615 suam
2950 1559 3239 1617 vilitatem
3272 1560 3571 1632 majorem

184 1654 374 1726 ·,θυχήν
405 1656 505 1707 ὑπὸ
536 1664 635 1707 τῶν
663 1655 913 1728 ῥημάτων
957 1663 1052 1717 τῆς
1113 1653 1345 1726 ἀτιμίας.
1384 1652 1521 1705 Ἀλλ’
1573 1651 1658 1705 ἐὰν
1710 1654 1799 1723 μεν
1832 1698 1834 1705 .

1926 1649 2073 1722 prior
2097 1652 2411 1719 agnoscat,
2440 1646 2520 1703 ob
2549 1647 2741 1704 verba
2769 1648 3179 1720 ignominiosa
3210 1650 3418 1706 animo
3446 1662 3573 1706 non

190 1743 391 1817 ἀκούσῃ
425 1748 597 1810 πένης,
640 1741 781 1797 οἶδεν
821 1744 1002 1797 ἑαυτὸν
1041 1748 1256 1816 πτωχόν
1297 1747 1420 1795 ὄντα
1470 1746 1562 1794 καὶ
1593 1743 1800 1794 πάντων

191 1830 364 1896 ἐνδεῆ,
397 1839 486 1886 καὶ
524 1842 619 1896 τῆς
650 1834 768 1886 καθ’
808 1835 1005 1908 ἡμέραν
1061 1836 1205 1907 παρά
1233 1840 1326 1885 τοῦ
1390 1836 1584 1906 Κυρίου
1634 1850 1804 1906 χορη-

190 1928 314 1995 γίας
377 1919 635 1995 δεόμενον.
706 1925 822 1976 Ἐἀν
881 1919 941 1975 δὲ
1006 1921 1207 1994 ἀκούσῃ
1267 1918 1525 1991 δυσγενὴς
1577 1925 1680 1972 καὶ
1753 1917 1806 1982 ἐξ

198 2012 424 2083 ἀφανῶν,
465 2009 880 2084 προειλημμένον
911 2013 1026 2083 ἔχει
1066 2011 1116 2063 ἐν
1147 2018 1208 2082 τῇ
1266 2010 1452 2063 ἑαυτοῦ
1506 2004 1705 2082 καρδία
1747 2008 1806 2060 τὸ

198 2098 254 2152 ἐκ
282 2099 450 2157 πηλοῦ
501 2102 850 2171 γεγενῆσθαι·
884 2105 974 2152 καὶ
1028 2099 1366 2165 ἁπαξαπλῶς,
1414 2103 1575 2172 μέγας
1621 2095 1808 2158 ἐκεῖνος

196 2191 344 2262 παρά
374 2196 488 2259 Θεῷ
529 2191 554 2240 ὀ
606 2193 1012 2264 ταπεινοφρόνως
1062 2190 1395 2250 κατακλιθεὶς
1442 2197 1513 2258 τῷ
1564 2186 1807 2254 πλησίον,

197 2284 290 2330 καὶ
361 2276 795 2350 ἀνεπαισχὼτως
862 2278 939 2351 ἐφ’
1017 2279 1196 2332 ἑαυτὸν
1266 2274 1681 2350 καταδεξάμενος
1746 2279 1812 2329 τὰ

201 2366 527 2440 ἐγκλήματα,
592 2367 687 2419 κᾶν
754 2373 824 2441 μή
876 2367 1044 2427 ἀληθῆ
1117 2364 1170 2441 ᾖ,
1241 2369 1367 2440 ὑπὲρ
1421 2375 1512 2420 τοῦ
1557 2369 1614 2419 τό
1678 2370 1816 2439 μέγα

202 2456 377 2528 ὄφελος
407 2458 750 2531 χαρίσασθαι
801 2461 892 2516 τήν
953 2458 1160 2531 εἰρήνην
1200 2465 1272 2528 τῷ
1331 2453 1560 2529 ἀδελφῷ,
1591 2456 1817 2529 Ὁμοίως

204 2548 306 2618 γάρ
339 2545 455 2597 ἐστι
493 2545 750 2616 χαλεπόν,
788 2548 838 2598 ἓν
866 2566 921 2599 τε
979 2542 1287 2607 δυσκολίαις
1328 2548 1651 2620 πραγμάτων
1685 2544 1817 2597 ἀτα-

206 2638 456 2686 πείνωτον
481 2638 575 2691 τὴν
623 2634 810 2706 ψυχὴν
853 2630 1256 2703 διασώσασθαι,
1288 2639 1379 2687 καὶ
1426 2634 1472 2685 ἐν
1503 2641 1621 2695 ταῖς
1671 2653 1819 2707 περι-

211 2722 452 2792 ·ξιανείαις
492 2726 563 2795 μὴ
620 2720 932 2794 ἐπαρθῆναι.
982 2729 1065 2775 Τῶ
1123 2727 1226 2775 ὄντι
1285 2725 1386 2797 γὰρ
1444 2724 1825 2795 θεραπευόμενα

214 2812 281 2862 τὰ
345 2811 650 2885 ὑπερήφανα
713 2813 841 2881 ἤθη,
893 2811 1085 2864 ἑαυτῶν
1147 2813 1605 2887 ὑπεροπτικώτερα
1640 2816 1825 2885 πέφυκε

217 2901 480 2970 γίνεσθαι.
520 2906 605 2971 Τῷ
668 2896 726 2952 δὲ
765 2910 988 2973 ταπεινῷ
1055 2905 1145 2953 καὶ
1204 2898 1633 2974 καταϐεϐλημένῳ
1700 2919 1824 2976 φροο

219 2994 417 3062 νήματι
447 2988 623 3042 ἕπεται
670 2993 890 3062 στυγνὸν
931 2994 1076 3064 ὄμμα
1104 2995 1194 3043 καὶ
1225 2991 1293 3052 εἰς
1332 2999 1430 3062 γῆν
1480 2993 1825 3057 συννενευκός,

224 3086 419 3151 σχῆμα
483 3078 825 3151 ἠμελημένον,
887 3085 1021 3154 κόμη
1075 3080 1355 3156 αὐχμηρὰ,
1402 3079 1561 3141 ἐσθὴς
1605 3081 1828 3155 ῥυπῶσα

221 3169 355 3220 ὥστε
416 3166 450 3219 ἀ
530 3176 770 3221 ποιοῦσιν
834 3172 883 3222 οἱ
926 3172 1226 3233 πενθοῦντες
1290 3169 1408 3221 κατ’
1465 3166 1826 3240 ἐπιτήδευσιν,

219 3263 387 3309 ταῦτα
447 3253 502 3307 ἐκ
554 3264 646 3308 τοῦ
715 3256 1010 3330 αὐτομάτου
1064 3259 1189 3331 ἡμῖν
1258 3256 1599 3331 ἐπιφαίνεται.
1658 3263 1828 3313 Χιτὼν

223 3342 319 3397 διὰ
349 3345 513 3406 ζώνης
544 3345 997 3420 προσεσταλμένος
1037 3347 1115 3418 (Ι)
1150 3355 1223 3419 τῷ
1256 3353 1463 3420 σώματι
1494 3364 1507 3378 °
1559 3346 1616 3401 τὸ
1658 3352 1830 3421 μέντοι

224 3435 435 3507 ζώσμα,
496 3438 629 3506 μήτε
678 3437 782 3487 ἄνω
847 3444 947 3488 τῶν
999 3436 1250 3508 λαγόνων,
1303 3433 1622 3508 γυναικῶδες
1677 3438 1779 3511 γάρ
1814 3453 1826 3467 ·

221 3527 355 3595 μήτε
409 3531 606 3595 χαῦνον
655 3526 789 3577 ὥστε
848 3522 1080 3600 διαρρεῖν
1139 3529 1227 3578 τόν
1292 3534 1518 3598 χιτῶνα,
1579 3525 1830 3599 βλακικόν

220 3612 347 3685 γάρ.
385 3616 486 3664 Καὶ
511 3615 568 3664 τό
620 3607 871 3686 βάδισμα
918 3619 1051 3686 μήτε
1093 3615 1307 3689 νωθρὸν,
1358 3617 1426 3676 ὡς
1466 3614 1671 3667 ἔκλυσιν
1737 3621 1833 3676 τῆς

221 3699 780 3774 -ζιυχῆςκατηγορεῖν⁸
823 3700 956 3775 μηδ’
996 3699 1061 3754 αὖ
1118 3699 1346 3776 σφοδρὸν
1404 3708 1493 3755 καὶ
1537 3703 1830 3776 σεσοϐημέ-

221 3807 325 3859 νον,
397 3790 467 3851 ὡς
532 3789 860 3862 ἐμπλήκτους
915 3791 1077 3853 αὐτῆς
1132 3795 1226 3855 τάς
1288 3794 1451 3867 όρμάς
1509 3795 1827 3866 ὑποφαίνειν.

224 3879 420 3938 Σκοπὸς
475 3873 534 3930 δὲ
569 3876 786 3939 ἐσθῆτος
828 3881 916 3949 εἷς,
964 3882 1099 3933 ὥστε
1151 3880 1402 3954 κάλυμμα
1456 3878 1586 3934 εἶναι
1636 3885 1830 3955 σαρκὸς

223 3968 355 4038 πρὸς
394 3975 633 4037 χειμῶνα
663 3970 751 4019 καὶ
808 3969 954 4043 θέρος
1008 3971 1281 4043 αὔταρκες.
1317 3975 1463 4029 Μήτε
1510 3969 1568 4024 δὲ
1598 3970 1645 4023 ἐν
1676 3977 1828 4045 χρώ-

222 4074 372 4128 ματι,
414 4057 471 4108 τό
513 4054 736 4128 ἀνθηρόν
786 4052 1061 4110 ὃιωκέσθω
1096 4073 1110 4088 ⁸
1139 4063 1274 4131 μήτε
1318 4058 1367 4111 ἐν
1408 4068 1467 4132 τῇ
1504 4067 1826 4132 κατασκευῇ,

222 4147 281 4196 τὸ
321 4142 504 4197 λεπτὸν
552 4150 641 4196 καὶ
694 4145 946 4218 pocla/xcv.
999 4150 1069 4199 Τὸ
1112 4150 1213 4223 γὰρ
1254 4149 1343 4209 τὰς
1396 4151 1444 4201 ἐν
1502 4148 1688 4208 ἐσθῆτι
1741 4149 1829 4202 εὗ-

221 4237 415 4308 χροίας
475 4244 831 4310 περισκοπεῖν,
882 4238 996 4289 ἴσον
1026 4242 1307 4309 γυναικείῳ
1350 4237 1724 4311 καλλωπισμῷ,
1774 4239 1827 4291 ὃν

224 4321 413 4375 ἐκεῖναι
487 4320 890 4382 ἐπιτηδεύουσιν
957 4324 1209 4399 ἀλλοτρίῳ
1266 4329 1410 4380 οῖνθει
1466 4330 1685 4404 παρειάς
1740 4333 1829 4381 καὶ

224 4415 417 4483 τρίχας
458 4410 650 4462 ἑαυτῶν
716 4413 1178 4473 καταϐάπτουσαι.
1218 4415 1373 4468 Ἀλλά
1424 4422 1527 4488 μήν
1576 4422 1666 4470 καί
1727 4438 1827 4471 πα·
1859 4403 1908 4461 D

226 4500 467 4569 χύτητος
505 4500 668 4561 οὕτως
708 4501 733 4551 ό
762 4506 932 4572 χιτὼν
977 4501 1166 4574 ὀφείλει
1196 4507 1357 4575 ἔχειν,
1400 4507 1470 4567 ὡς
1498 4510 1569 4577 μὴ
1617 4503 1831 4559 δεῖσθαι

226 4594 472 4639 κοινωνοῦ
511 4590 642 4661 πρός
680 4591 738 4642 τὸ
781 4587 989 4642 θάλπειν
1044 4594 1131 4643 τόν
1176 4588 1498 4665 ἐνδυόμενον.
1542 4598 1643 4647 Καὶ
1699 4597 1830 4647 ὑπό-

229 4671 400 4748 δημα,
431 4680 490 4729 τὸ
530 4677 719 4739 εὐτελὲς
770 4682 860 4752 μεν
911 4681 1047 4733 κατά
1090 4684 1184 4739 τὴν
1241 4678 1410 4750 ἀξίαν,
1466 4679 1713 4746 ἀνενδεῶς
1772 4679 1832 4737 δε

226 4768 322 4823 τήν
365 4770 552 4840 χρείαν
602 4767 957 4844 ἀποπληροῦν.
993 4770 1284 4842 Γυμνάσιον
1340 4774 1441 4846 γὰρ
1496 4791 1830 4849 ταπεινοφροο

229 4856 388 4916 συνης
430 4855 572 4908 ἐστὶν
626 4856 656 4915 ἠ
700 4856 749 4910 ἐν
801 4865 907 4920 τοὶς
962 4858 1339 4933 εὐτελεστέροις
1386 4863 1665 4935 πράγμασι
1708 4859 1830 4916 δια-

223 4942 403 5017 τριϐὴ,
453 4946 512 4997 τὸ
563 4947 731 5008 πάθος
779 4956 871 5009 τῆς
925 4944 1221 5021 φιλοδοξίας
1261 4949 1640 5026 θεραπεύουσα.
1683 4955 1830 5007 Kno-

227 5028 383 5096 δοξος
416 5029 477 5087 δέ
513 5033 679 5104 ἐστιν,
708 5037 734 5088 ὁ
763 5032 919 5107 ψιλῆς
949 5038 1110 5091 ἕνεκεν
1158 5048 1253 5103 τῆς
1297 5048 1389 5093 τοῦ
1418 5045 1621 5114 κόσμου
1670 5038 1832 5107 δόξης

225 5130 388 5176 ποιῶν
416 5141 468 5175 τι
515 5124 544 5182 ἡ
587 5122 765 5197 λέγων.
803 5127 946 5200 Οἷον,
994 5128 1023 5179 ό
1068 5136 1230 5181 ποιῶν
1283 5127 1633 5203 ἐλεημοσύνην
1674 5131 1744 5194 εἰς
1773 5134 1830 5186 τὸ

227 5320 374 5462 μ
428 5320 905 5395 Προσεσταλμξνος.
964 5324 1220 5398 Uterque
1276 5327 1490 5399 codex,
1546 5329 1833 5405 προεσταλ-

301 5461 380 5605 ἕὲζ
403 5465 485 5519 Ex
512 5462 677 5549 hom.
710 5466 775 5522 in
802 5468 958 5537 psal.
992 5482 1101 5536 LX],
1134 5473 1257 5528 193.

324 5534 355 5588 3
407 5536 492 5593 Ex
510 5543 682 5605 epist.
702 5553 898 5605 ccxxx,
930 5544 1017 5602 39.

324 5534 379 5605 3)
407 5536 492 5593 Ex
510 5538 682 5613 epist.
702 5534 898 5609 .cciix,
930 5544 1017 5602 39.

514 5637 758 5698 PATROL.
798 5639 901 5697 Gn.
924 5641 1105 5698 XXXII

1913 1735 2414 1794 commovebitur.
2471 1735 2588 1793 Sed
2633 1737 2683 1792 si
2736 1736 3072 1809 appelletur
3116 1753 3373 1811 pauper,
3405 1737 3576 1794 novit

1916 1827 2184 1899 seipsum
2216 1839 2546 1897 pauperem
2576 1840 2733 1894 esse,
2769 1830 2827 1881 et
2855 1826 3132 1882 omnium
3163 1826 3465 1897 indigum,
3505 1839 3578 1883 ac

1915 1913 2271 1989 quotidiano
2302 1913 2540 1971 Domini
2563 1914 2861 1987 stipendio
2893 1930 3050 1988 opus
3071 1915 3330 1973 habere:
3356 1916 3405 1972 si
3432 1929 3578 1971 vero

1914 2008 2168 2063 vocatur
2192 2002 2475 2074 ignobilis
2509 2007 2566 2059 et
2609 2002 2931 2073 obscurus,
2973 2004 3141 2077 prius
3183 2005 3302 2062 sibi
3356 2005 3420 2061 in
3466 2017 3579 2061 suo

1918 2093 2100 2149 corde
2149 2090 2432 2148 conscius
2465 2097 2575 2158 est,
2618 2098 3004 2164 procreatum
3049 2106 3181 2149 esse
3210 2109 3275 2151 se
3304 2108 3377 2152 ex
3407 2092 3534 2149 luto
3563 2108 3577 2148 :

1921 2189 2121 2256 atque,
2146 2188 2210 2238 ut
2228 2181 2489 2239 breviter
2508 2182 2732 2253 dicam,
2745 2184 2818 2255 (3)
2835 2183 2931 2241 ille
2948 2184 3197 2240 demum
3216 2185 3376 2257 apud
3395 2184 3586 2240 Deum

1921 2288 2183 2344 magnus
2210 2277 2321 2338 est,
2351 2273 2455 2345 qui
2478 2272 2775 2330 humilem
2799 2289 2863 2330 se
2884 2275 3163 2347 proximo
3186 2273 3449 2339 exhibet,
3479 2273 3586 2329 cri-

1923 2363 2231 2435 minaque,
2263 2361 2402 2418 licet
2443 2362 2598 2419 falso
2628 2363 2939 2431 intentata,
2972 2363 3378 2421 inverecunde
3430 2363 3493 2419 in
3523 2377 3588 2419 se

1924 2450 2151 2524 recipit,
2179 2454 2243 2507 ut
2290 2467 2595 2509 summam
2628 2450 2969 2523 utilitatem,
3012 2467 3230 2526 pacem
3273 2451 3587 2517 nimirum,

1926 2541 2093 2598 fratri
2120 2541 2447 2610 gratiﬁcari
2476 2541 2695 2599 valeat.
2724 2545 2875 2600 Nam
2924 2543 3175 2616 perinde
3211 2542 3452 2600 difﬁcile
3478 2544 3590 2609 est,

1927 2629 1989 2686 in
2018 2645 2220 2685 rerum
2245 2629 2525 2699 angustia
2555 2646 2797 2702 aequam
2824 2637 3091 2687 mentem
3123 2647 3386 2701 servare,
3418 2646 3490 2687 ac
3529 2629 3593 2686 in

1931 2734 2139 2775 earum
2172 2717 2593 2791 amplitudine,
2617 2719 2695 2775 ab
2724 2720 3048 2777 insolentia
3079 2724 3496 2793 temperatam.
3518 2719 3594 2786 (4)

1934 2808 2206 2882 Soperba
2230 2823 2452 2880 nempe
2482 2808 2727 2878 ingenia
2755 2824 2878 2882 quo
2922 2809 3059 2883 plus
3102 2809 3374 2867 ofﬁciose
3403 2808 3599 2866 colue-

1934 2899 2037 2968 ris,
2065 2913 2136 2955 eo
2170 2898 2397 2969 seipsis
2427 2897 2833 2956 fastidiosiora
2856 2899 3013 2956 efﬁci
3035 2904 3500 2957 consueverunt.
3518 2900 3599 2970 (5)

1935 2987 2153 3044 Humili
2166 2993 2368 3044 autem
2381 3003 2452 3045 ac
2463 2987 2730 3045 demisso
2750 2988 2955 3045 sensui
2971 2988 3148 3045 tristis
3162 2989 3373 3046 oculus
3386 3002 3602 3045 conve-

1938 3077 2024 3134 nit
2044 3082 2100 3133 et
2114 3076 2403 3133 deorsum
2423 3092 2700 3147 vergens,
2715 3077 2960 3134 habitus
2981 3076 3602 3152 neglectus,squalida

1938 3181 2136 3237 coma,
2157 3164 2341 3222 vestis
2373 3165 2657 3233 sordida;
2699 3166 2854 3223 adeo
2884 3173 2949 3224 ut
2991 3183 3129 3240 quae
3156 3166 3433 3238 lugentes
3457 3167 3604 3224 data

1939 3271 2126 3330 opera
2138 3254 2462 3325 faciunt,ea
2481 3271 2593 3312 sua
2612 3260 2825 3329 sponte
2844 3257 3024 3314 nobis
3045 3256 3247 3314 inesse
3259 3256 3391 3314 vide
3401 3261 3601 3314 antur.

1938 3344 2162 3403 Tunica
2182 3343 2425 3415 cingulo
2446 3345 2525 3402 ad
2555 3361 2776 3419 corpus
2800 3346 3044 3403 astricta
3075 3347 3149 3404 sit
3181 3363 3194 3402 :
3239 3347 3470 3403 cinctus
3494 3361 3601 3403 ne-

1939 3451 2058 3509 que
2083 3433 2184 3492 ilia
2204 3437 2542 3506 exsuperet,
2565 3433 2628 3491 id
2652 3432 2815 3491 enim
2847 3433 3139 3493 muliebre
3166 3454 3180 3507 ;
3204 3450 3402 3508 neque
3422 3435 3601 3494 laxus

1941 3522 2025 3581 ita
2047 3528 2110 3580 ut
2130 3522 2337 3580 tunica
2365 3522 2624 3593 difﬂuat,
2648 3524 2711 3581 id
2735 3523 2921 3581 enim.
2944 3522 3146 3582 molle.
3180 3527 3450 3581 incessus
3475 3530 3601 3583 esto

1940 3628 2052 3671 nec
2080 3613 2300 3685 segnis,
2346 3629 2422 3669 ne
2463 3613 2738 3670 animum
2783 3613 3145 3672 dissolutum
3201 3620 3457 3686 arguat;
3488 3631 3603 3673 nec

1938 3718 2148 3759 rursus
2177 3701 2504 3759 vehemens
2536 3718 2607 3759 ac
2639 3703 2962 3776 superbus,
3014 3719 3089 3759 ne
3129 3703 3377 3761 stolidos
3412 3704 3601 3761 animi

1939 3795 2201 3865 impetus
2244 3789 2490 3848 indicet.
2527 3793 2689 3846 Unus
2716 3792 3063 3848 vestimenti
3092 3808 3337 3865 scopus,
3373 3799 3435 3849 ut
3465 3792 3599 3849 ido-

1940 3896 2124 3937 neum
2147 3880 2219 3936 sit
2250 3878 2447 3936 carnis
2472 3879 2553 3936 ad
2580 3879 2847 3937 hiemem
2869 3886 2925 3937 et
2966 3885 3236 3938 aestatem
3266 3881 3601 3954 operimen-

1939 3974 2088 4028 tum.
2127 3972 2330 4042 Neque
2379 3984 2524 4025 vero
2554 3970 2615 4026 in
2645 3969 2848 4027 colore
2896 3970 3181 4027 ﬂoridum
3226 3971 3596 4045 exquiratur,

1938 4075 2136 4133 neque
2160 4059 2222 4115 in
2253 4074 2436 4133 opere
2468 4064 2645 4116 tenue
2695 4076 2767 4117 ac
2798 4059 3002 4118 molle.
3042 4060 3270 4119 Etenim
3321 4062 3383 4119 in
3435 4064 3598 4119 veste

1936 4149 2670 4225 pigmentorumlautitias
2698 4147 3052 4221 consectari,
3072 4167 3195 4209 non
3213 4151 3487 4210 absimile
3508 4155 3601 4210 est

1937 4241 2268 4298 venustatis
2316 4240 2539 4305 studio,
2570 4254 2693 4313 quo
2740 4239 3024 4298 mulieres
3075 4242 3398 4314 ducuntur,
3448 4241 3600 4298 dum

1939 4347 2128 4404 genas
2157 4335 2214 4387 et
2235 4330 2430 4387 crines
2460 4328 2659 4388 alieno
2680 4330 2827 4389 ﬂore
2847 4330 3141 4388 inﬁciunt.
3173 4331 3289 4389 Sed
3316 4337 3373 4389 et
3400 4349 3472 4389 eo
3503 4348 3600 4388 us-

1939 4437 2058 4494 que
2089 4435 2291 4477 crassa
2326 4418 2532 4476 tunica
2572 4420 2663 4487 sit,
2698 4424 2763 4476 ut
2794 4421 2957 4477 socia
2982 4436 3136 4493 opus
3181 4437 3305 4478 non
3350 4421 3597 4496 habeat,

1939 4509 2018 4567 ad
2050 4524 2187 4565 eum
2217 4524 2323 4581 qui
2374 4507 2645 4565 induitur
2689 4507 3182 4566 calefaciendum.
3230 4510 3600 4569 Calcearium

1937 4601 2142 4655 autem
2171 4597 2364 4670 pretio
2404 4596 2654 4669 quidem
2679 4596 2805 4665 vili,
2857 4597 2962 4653 sed
3002 4597 3098 4654 cui
3126 4598 3276 4655 nihil
3317 4598 3472 4657 desit
3518 4598 3601 4658 ad

1937 4702 2119 4742 usum
2149 4684 2539 4758 explendum.
2573 4683 2825 4742 Humilis
2858 4685 3020 4742 enim
3044 4686 3385 4761 abjectique
3410 4688 3599 4746 animi

1939 4774 2283 4832 exercitatio
2308 4774 2372 4831 in
2401 4774 2681 4832 viliorum
2712 4774 3180 4848 tenuiorumque
3209 4792 3412 4834 rerum
3455 4793 3600 4835 con-

1938 4867 2281 4923 versatione
2294 4862 2586 4931 consistit,
2604 4862 2808 4935 gloriae
2820 4864 3055 4938 cupidis
3069 4865 3433 4924 medicinam
3461 4868 3602 4926 affe-

1939 4971 2100 5013 rens.
2126 4955 2203 5025 (ϐ)
2225 4954 2429 5012 Inanis
2453 4956 2655 5009 autem
2683 4953 2887 5024 gloriae
2912 4954 3224 5013 affectator
3250 4954 3348 5013 ille
3378 4957 3601 5032 est,qui

1941 5042 2369 5116 abjectissimae
2400 5040 2587 5113 hujus
2609 5042 2817 5099 saeculi
2840 5042 3045 5113 gloriae
3072 5060 3262 5102 causa
3280 5046 3600 5121 quidpiam

1941 5137 2047 5193 aut
2067 5133 2211 5191 facit
2233 5135 2337 5190 aut
2362 5130 2526 5190 dicit.
2547 5129 2815 5205 Exempli
2844 5133 3061 5206 gratia,
3076 5133 3127 5208 (7
3132 5139 3150 5206 )
3165 5135 3270 5208 qui
3289 5135 3432 5194 facit
3450 5136 3604 5212 elee.

2013 5330 2095 5403 (4)
2136 5332 2217 5386 Ex
2238 5329 2414 5403 epist.
2437 5344 2697 5396 (πήξεως,
2720 5343 2785 5388 n.
2805 5334 2859 5386 2.

2016 5402 2095 5474 (is)
2140 5404 2217 5456 Ex
2247 5402 2419 5474 epist.
2449 5418 2509 5469 ιι,
2530 5405 2631 5474 74.

2015 5472 2090 5545 (6)
2132 5472 2501 5545 unus’codex
2525 5472 2751 5530 indicat
2781 5477 3108 5534 comment.
3132 5475 3195 5534 in
3233 5475 3344 5537 lsa.

2017 5544 2096 5618 (7)
2130 5544 2213 5602 Ex
2231 5548 2561 5609 comment.
2589 5546 2654 5606 in
2689 5547 2829 5616 Isa.,
2863 5551 2989 5607 617.

3245 5649 3317 5706 43
