4084 6388
621 218 761 282 1355

1568 217 1937 280 ΛΡΡΕΝΒΙΧ.
1977 252 2047 265 -·
2087 224 2440 283 SYMEONIS
2476 216 3000 284 METAPHRASTE

3788 246 3880 302 1356

613 362 944 420 mosynam
973 347 1054 405 ad
1081 347 1502 421 accipiendam
1530 348 1610 406 ab
1638 348 1988 405 hominibus
2000 349 2255 419 gloriam

2233 366 2278 420 ι,
2308 353 2349 406 Α
2392 346 2717 413 δοξασθῆναι
2750 352 2852 403 ὑπὸ
2897 359 2999 403 τῶν
3054 350 3357 426 ἀνθρώπων,
3414 353 3589 429 ἀπέχει
3624 365 3698 413 τὸν
3730 369 3881 435 μισθὸν,

610 437 823 510 recipit
839 454 1016 495 suam
1040 437 1387 494 mercedem
1408 439 1481 509 ⁵³,
1510 453 1623 495 nec
1654 439 1996 495 misericors
2027 443 2115 495 est
2160 455 2278 496 nec

611 528 1114 587 muniﬁcus.ltem
1131 529 1478 603 quicunque
1500 533 1842 601 temperans
1862 534 1952 586 est
1970 530 2049 586 ad
2061 531 2278 587 ineun-

612 616 759 673 dam
770 617 849 674 ab
872 617 1228 674 hominibus
1241 618 1869 692 gratiam,temperans
1881 633 2007 675 non
2022 623 2127 692 est,
2136 636 2277 676 cum

606 706 894 764 virtutem
922 722 1049 765 non
1077 712 1329 781 quaerat,
1351 708 1459 764 sed
1480 707 1741 781 gloriam
1762 724 1835 764 ex
1855 723 1929 764 ea
1951 713 2277 781 proventu-

608 811 746 853 ram
770 801 1045 854 venetur.
1077 797 1156 869 (1)
1172 798 1220 833 ⁸ο
1247 800 1401 855 Nam
1429 798 1679 854 Ananiae
1700 797 1871 854 initio
1890 796 2108 855 licebat
2127 814 2275 871 pos—

612 885 949 942 sessionem
970 902 1146 942 suam
1174 888 1295 942 Deo
1324 901 1452 943 non
1479 885 1748 958 polliceri
1772 903 1844 942 ac
1867 902 2127 943 vovere:
2165 888 2275 944 sed

608 979 939 1048 postquam
959 975 1039 1032 ad
1050 975 1388 1033 humanam
1409 975 1666 1047 gloriam
1686 976 2271 1051 respiciens,posses-

610 1064 843 1121 sionem
869 1080 1043 1121 suam
1074 1067 1195 1120 Deo
1222 1080 1331 1138 per
1357 1064 1855 1138 pollicitationem
1877 1067 2267 1138 consecravit,

605 1155 673 1208 ut
693 1151 1046 1209 hominibus
1080 1152 1256 1227 576
1287 1153 1368 1209 ob
1395 1153 1879 1210 muniﬁcentiam
1897 1158 2057 1211 esset
2077 1155 2272 1212 admi-

603 1238 842 1311 rationi,
872 1246 1043 1314 parte
1062 1242 1238 1314 pretii
1268 1241 1556 1315 seposita,
1583 1242 1893 1314 ejusmodi
1934 1243 2265 1301 adversum

605 1344 671 1386 se
697 1328 1179 1400 indignationem
1205 1331 1444 1387 Domini
1468 1331 1818 1403 commovit,
1849 1332 2024 1404 cujus
2060 1335 2270 1389 Petrus

604 1418 880 1476 minister
903 1417 1038 1488 fuit,
1068 1424 1136 1477 ut
1182 1435 1259 1477 ne
1304 1419 1671 1493 poenitentiae
1716 1419 1967 1493 quidem
2003 1421 2270 1494 spatium

604 1507 918 1565 inveniret.
952 1509 1030 1581 (2)
1058 1508 1351 1565 Dominus
1377 1508 1541 1564 enim
1570 1508 1677 1582 qui
1721 1508 2000 1581 superbis
2028 1510 2267 1578 resistit,

606 1600 666 1654 et
684 1596 965 1654 humiliat
988 1601 1343 1669 peccatores
1364 1613 1556 1670 usque
1586 1597 1667 1656 ad
1681 1600 1987 1667 terram“,
2013 1598 2111 1654 hic
2139 1599 2268 1674 ipse

2387 445 2476 493 καὶ
2514 441 2608 492 οὑκ
2646 442 2787 492 ἔστιν
2841 437 3065 513 ἐλεήμων
3127 438 3251 494 οὐδὲ
3302 451 3599 508 κοινωνικὸς.
3647 455 3730 503 Καὶ
3769 455 3883 507 60o-

2386 537 2579 602 φρονῶν
2645 529 2716 592 εἰς
2795 534 2889 587 τὴν
2955 528 3282 602 ἀνθρωπίνην
3356 532 3628 608 ἀρέσκειαν,
3689 540 3766 592 οὐκ
3807 546 3881 596 ἔστι

2387 624 2627 692 σώφρων,
2663 617 2722 671 οὐ
2751 622 2846 677 τὴν
2896 616 3083 693 ἀρετὴν
3111 616 3339 690 διώκων,
3378 620 3499 676 ἀλλὰ
3544 630 3631 684 τὴν
3668 625 3742 680 ἀπ’
3771 631 3882 693 αὐτῆς

2386 704 2543 771 δόξαν
2595 709 2908 781 θηρώμενος.
2959 708 3109 772 Ἐξῆν
3146 712 3249 785 γὰρ
3303 718 3375 782 τῷ
3420 712 3619 786 Ἀνανίᾳ
3649 721 3730 775 τὴν
3762 716 3881 791 ἀρχὴν

2382 801 2453 869 μὴ
2500 795 2914 869 ἐπαγγεᾶασθαι
2965 806 3039 868 τῷ
3075 805 3191 868 Θεῷ
3238 803 3329 857 τὴν
3373 809 3552 859 κτῆσιν
3582 824 3595 836 ·
3638 802 3730 855 ἀλλ’
3755 803 3879 865 ἐπειδὴ

2380 887 2510 959 πρὸς
2538 888 2633 944 τὴν
2665 883 2990 959 ἀνθρωπίνην
3021 883 3227 939 ἀπιδὼν
3258 884 3432 956 δόξαν,
3466 894 3522 942 τό
3671 901 3814 965 κτῆμα
3833 898 3879 965 (6)

2383 970 2479 1026 διὰ
2514 983 2611 1036 τῆς
2663 974 2975 1047 ἐπαγγελίας
3029 985 3101 1048 τῷ
3160 985 3274 1048 Θεῷ
3330 976 3614 1054 ἀφιέρωσεν,
3651 984 3707 1042 ὡς
3728 982 3775 1034 ἂν
3801 986 3879 1035 ϐιω-

2380 1066 2605 1136 μασθείη
2652 1069 2798 1140 παρὰ
2843 1074 2943 1117 τῶν
2998 1064 3279 1141 ἀνθρώπων
3318 1067 3399 1120 ἐπὶ
3447 1077 3506 1140 τῇ
3559 1070 3801 1143 φιλοτιμίᾳ,
3822 1081 3879 1123 τοῦ

2379 1158 2668 1226 τιμήματος
2749 1151 2808 1206 δὲ
2875 1153 3148 1207 ἐνοσίσατο
3200 1172 3215 1186 ⁶
3273 1159 3512 1215 τοιαύτην
3575 1156 3754 1216 ἐκίνησε
3805 1160 3879 1211 καθ’

2381 1241 2564 1295 ἑαυτοῦ
2621 1249 2714 1294 τοῦ
2770 1248 2966 1315 Κυρίου
3024 1249 3118 1303 τὴν
3169 1243 3539 1315 ἀγανάκτησιν,
3588 1246 3642 1307 ἧς
3694 1249 3881 1320 ὑπηρέτης

2379 1332 2406 1382 ό
2444 1335 2632 1403 Πέτρος
2681 1328 2762 1403 ἦν,
2807 1334 2875 1394 ὡς
2923 1327 3063 1404 μηδὲ
3096 1338 3366 1406 μετανοίας
3418 1335 3715 1407 προθεσμίαν
3754 1336 3880 1407 εὑρεῖν.

2377 1418 2435 1472 Ὀ
2486 1422 2586 1493 γὰρ
2661 1417 3131 1493 ἀντιτασσόμενος
3184 1423 3525 1497 ὑπερηφάνοις
3599 1425 3782 1497 Κύριος,
3826 1428 3883 1473 καὶ

2377 1516 2628 1561 ταπεινῶν
2684 1508 3018 1584 ἁμαρτωλοὺς
3078 1512 3173 1573 ἕως
3226 1519 3349 1582 γῆς,
3401 1510 3546 1574 οὗτος
3596 1509 3883 1583 ἐπαγγέλλεται

2377 1602 2472 1656 τὴν
2545 1596 2694 1670 ὕϐριν
2776 1607 2877 1650 τῶν
2949 1600 3289 1674 ὑπερηφάνων
3355 1605 3687 1655 ταπεινώσειν.
3736 1598 3782 1652 Ὀ
3826 1594 3882 1650 οὖν

606 1685 1012 1757 superborum
1029 1685 1462 1743 contumeliam
1478 1685 1907 1759 depressurum
1929 1703 1994 1744 se
2023 1687 2261 1760 pollice-

2233 1712 2267 1738 ι-
2294 1697 2344 1752 Β
2376 1694 2627 1738 ταπεινῶν
2691 1689 2809 1746 τοὺς
2865 1687 3244 1761 ὑπερηφάνους,
3298 1686 3473 1762 ῥύεται
3528 1689 3611 1759 μὲν
3661 1685 3813 1747 αὐτοὺς
3849 1683 3883 1735 ἐν

605 1777 722 1832 tur.
755 1774 866 1841 Qui
888 1774 1071 1845 igitur
1089 1774 1371 1831 humiliat
1395 1774 1712 1848 superbos,
1732 1775 1895 1832 idem
1922 1774 2056 1833 illos
2086 1777 2166 1833 ab
2194 1793 2268 1835 ea

608 1863 1000 1921 similitudine
1020 1880 1211 1938 quam
1238 1880 1379 1921 cum
1408 1863 1654 1922 diabolo
1687 1865 1986 1938 superbiae
2017 1870 2266 1939 parente

603 1952 854 2021 habent,
884 1953 1135 2022 liberat;
1170 1957 1228 2010 et
1251 1969 1357 2010 eos
1386 1952 1639 2025 inducit,
1690 1958 1759 2011 ut
1801 1953 1954 2012 ﬁant
1983 1954 2265 2029 discipuli

605 2043 759 2115 ejus,
776 2044 883 2116 qui
911 2043 993 2100 ait
1015 2062 1028 2099 :
1053 2044 1279 2099 Discite
1306 2044 1619 2116 ame,quia
1635 2044 1794 2101 mitis
1816 2060 1972 2114 sum,
1994 2050 2048 2102 et
2071 2045 2265 2102 humi-

607 2132 683 2190 li:
721 2132 895 2189 corde
918 2132 989 2191 ³³.
1012 2131 1089 2205 (3)
1114 2131 1269 2199 Quid
1296 2131 1373 2188 de
1401 2136 1458 2190 te
1488 2132 1976 2203 magniﬁcentius
2009 2134 2263 2204 cogitas,

604 2220 775 2295 quod
792 2219 1158 2295 populorum
1175 2219 1426 2293 agmina
1435 2221 1742 2293 cecideris,
1757 2226 1936 2295 atque
1956 2222 2267 2281 civitatum

605 2313 960 2385 potentatus
994 2309 1364 2367 subverteris
1385 2310 1414 2365 ?
1457 2311 1668 2367 Nonne
1708 2327 1783 2367 ea
1820 2310 2005 2367 etiam
2033 2311 2266 2369 ratione

606 2397 835 2454 securis
862 2396 1227 2454 insolescere
1273 2397 1488 2470 possit,
1520 2397 1689 2470 quod
1737 2397 2008 2456 excelsas
2064 2414 2270 2472 super-

608 2484 851 2559 basque
882 2485 1130 2542 arbores
1148 2486 1320 2543 humi
1339 2485 1582 2558 dejiciat
1598 2486 1626 2542 ?
1645 2486 1781 2560 ipsa
1809 2503 2054 2561 quoque
2077 2503 2266 2558 serra,

611 2574 779 2648 quod
813 2573 1009 2631 solida
1037 2575 1338 2647 ﬁrmaque
1377 2574 1546 2646 ligna
1575 2575 1856 2633 dividat?
1901 2580 1973 2633 At
1999 2592 2145 2634 vero
2172 2592 2269 2634 ne-

609 2679 728 2737 que
753 2664 882 2720 sine
902 2663 1189 2720 manibus
1215 2663 1435 2721 scindit
1459 2664 1708 2733 securis,
1739 2680 1853 2722 nec
1891 2664 2126 2740 absque
2153 2670 2268 2724 tra-

605 2753 788 2812 hente
820 2771 883 2810 se
903 2754 1173 2811 dividere
1201 2770 1368 2812 serra
1391 2758 1610 2827 potest.

675 2849 734 2902 2.
763 2845 839 2916 (4)
857 2843 1029 2911 Quod
1054 2844 1104 2900 si
1122 2844 1471 2917 proximum
1494 2849 1847 2917 peccantem
1859 2845 2266 2914 videris,cave

603 2934 950 2990 consideres
965 2932 1157 3005 ipsius
1186 2938 1505 3007 peccatum
1532 2933 1758 2990 solum:
1791 2934 1897 2991 sed
1926 2934 2108 2991 etiam
2129 2951 2266 3009 qua:

2375 1782 2469 1834 τῆς
2524 1777 2651 1849 πρὸς
2700 1777 2788 1826 τὸν
2839 1770 3083 1827 διάϐολον
3144 1775 3465 1848 ὁμοιότητος,
3519 1776 3567 1836 ὃς
3626 1772 3725 1827 ἐστι
3762 1778 3883 1844 πατὴρ

2374 1870 2466 1925 τῆς
2517 1864 2891 1938 ὑπερηφανίας,
2941 1863 3109 1936 ἐνάγει
3153 1861 3215 1918 δὲ
3272 1865 3456 1927 αὑτοὺς
3498 1867 3619 1937 πρὸς
3666 1866 3717 1916 τὸ
3766 1862 3885 1934 μαθη-

2373 1954 2617 2006 τεύεσθαι
2661 1961 2735 2024 τῷ
2788 1951 2984 2005 εἰπόντι
3015 1970 3028 1982 ”
3070 1954 3277 2007 Μάθετε
3325 1953 3411 2007 ἀπ’
3471 1953 3608 2026 ἐμοῦ,
3659 1953 3725 2004 ὃτι
3769 1954 3885 2026 πρᾶός

2375 2042 2481 2115 εἰμι
2518 2045 2609 2094 καὶ
2664 2044 2904 2102 ταπεινός
2945 2050 3006 2115 τῇ
3061 2038 3279 2116 καρδίᾳ.
3337 2047 3401 2097 Τί
3439 2047 3570 2115 μέγα
3622 2048 3786 2116 φρονεῖς
3829 2037 3884 2090 ἔτι

2377 2139 2599 2203 σεαυτῷ,
2652 2134 2722 2193 ὡς
2778 2136 3023 2185 κόπτοντι
3087 2134 3230 2200 ἔθνη,
3276 2138 3368 2186 καὶ
3423 2134 3731 2207 καθαιροῦντι
3776 2123 3883 2180 δυνα-

2378 2225 2550 2281 στείας
2595 2229 2695 2272 τῶν
2735 2220 2964 2289 πόλεων;
3021 2220 3091 2274 Ἦ
3154 2222 3319 2285 οὑτως
3370 2222 3416 2293 γ’
3466 2219 3521 2272 ἂν
3563 2224 3645 2273 καὶ
3701 2220 3726 2275 ἡ
3778 2214 3883 2277 ἀξίνη

2375 2314 2510 2383 μέγα
2551 2314 2781 2383 φρονείη,
2821 2312 2887 2371 ὡς
2913 2312 2982 2363 τὰ
3031 2311 3303 2384 ὑπέρογκα
3339 2317 3438 2363 τῶν
3484 2305 3691 2382 δένδρων
3731 2305 3786 2367 εἰς
3822 2309 3886 2375 7i?

2374 2396 2779 2451 καταϐάλλουσα
2810 2415 2821 2428 ·
2873 2403 2963 2451 καὶ
3017 2399 3042 2450 ὁ
3081 2403 3270 2474 πρίων,
3313 2402 3378 2461 ὡς
3419 2402 3486 2452 τὰ
3538 2403 3792 2450 συνεστῶτα
3827 2395 3886 2442 καὶ

2375 2486 2612 2560 ἡνωμένα
2660 2495 2760 2538 τῶν
2831 2486 2993 2551 ξύλων
3048 2483 3291 2562 διαιρῶν.
3360 2486 3495 2543 Ἀλλ’
3553 2490 3657 2539 οὔτε
3710 2484 3735 2540 ἡ
3782 2479 3884 2543 ἀξίνη

2375 2575 2495 2627 ἄνευ
2541 2585 2641 2628 τῶν
2689 2583 2884 2649 χειρῶν
2950 2581 3156 2644 κόπτει,
3220 2579 3340 2630 οὔτε
3394 2578 3420 2629 ὁ
3484 2579 3637 2649 πρίων
3684 2573 3778 2624 ἄνευ
3826 2574 3884 2619 τοῦ

2374 2664 2609 2728 ἕλκοντος
2639 2665 2820 2722 αὐτόν,

2443 2847 2500 2902 2.
2559 2841 2666 2897 Κᾶν
2739 2846 2826 2896 τόν
2895 2843 3047 2905 πέλας
3114 2843 3480 2919 ἁμαρτάνοντα
3542 2843 3793 2913 Θεωρήσῃς,
3832 2836 3874 2904 μέ

2371 2940 2523 2985 τοῦτο
2550 2936 2704 3006 μόνον
2731 2935 2890 2985 αὑτοῦ
2924 2939 3199 3005 σκοπησης
3230 2950 3244 2963 ’
3294 2932 3605 3005 ἐνθυμήθητι
3640 2925 3690 2980 δὲ
3719 2927 3791 2977 καὶ
3816 2921 3877 2972 ὅσα

601 3019 743 3078 fecit
762 3024 866 3078 aut
884 3020 1028 3077 facit
1050 3025 1231 3091 recte,
1247 3021 1483 3092 cogita;
1507 3025 1564 3077 et
1585 3038 1745 3095 saepe
1766 3038 1907 3078 eum
1937 3022 2261 3095 deprehen-

2233 3043 2265 3081 ι-
2294 3048 2335 3105 C
2371 3026 2641 3098 πέπραχεν
2694 3023 2723 3081 ἣ
2783 3024 3001 3095 πράττει
3066 3022 3254 3091 καλῶς,
3306 3027 3397 3075 καὶ
3442 3020 3669 3078 πολλάκις
3714 3015 3875 3086 εὑρήσεις

601 3109 711 3168 des
743 3110 937 3183 teipso
967 3109 1303 3181 meliorem,
1329 3110 1610 3183 expensis
1633 3110 1813 3167 rebus
1831 3111 2266 3185 omnibus,non

598 3216 725 3257 una
754 3200 1054 3256 duntaxat
1076 3204 1246 3273 parte
1273 3199 1639 3256 examinata.
1672 3202 1875 3273 Neque
1916 3202 2077 3257 enim
2108 3203 2262 3259 Deus

583 3282 909 3367 hominem
938 3305 1012 3345 ex
1036 3292 1205 3362 parte
1228 3287 1539 3362 expendit:
1555 3290 1678 3360 Ego
1700 3291 1884 3359 enim,
1900 3290 2111 3363 inquit,
2135 3308 2265 3361 ope-

595 3394 701 3435 ras
724 3385 779 3435 et
809 3379 1201 3449 cogitationes
1251 3394 1454 3435 eorum
1485 3380 1659 3435 venio
1698 3382 2259 3451 congregaturus“.

597 3468 642 3533 Q
653 3466 753 3523 uin
768 3466 951 3524 etiam
964 3484 1103 3524 cum
1115 3467 1405 3541 Josaphat
1417 3467 1745 3540 aliquando
1759 3468 1837 3525 ob
1854 3485 2118 3542 praesens
2131 3486 2263 3542 pec-

593 3559 794 3613 catum
826 3556 1184 3629 increparet,
1203 3556 1478 3614 meminit
1505 3573 1749 3630 quoque
1772 3563 1930 3614 recte
1961 3558 2261 3617 factorum

589 3643 805 3718 ipsius,
822 3644 916 3702 his
943 3644 1161 3701 verbis:
1180 3647 1599 3702 Verumtamen
1626 3647 1807 3704 verba
1837 3647 1991 3704 bona
2016 3649 2261 3706 inventa

590 3737 735 3790 sunt
761 3735 823 3790 in
848 3739 904 3791 te
919 3735 991 3791 δ”.
1022 3735 1095 3806 (5)
1137 3733 1244 3798 Qui
1273 3733 1453 3805 igitur
1487 3733 1693 3791 multis
1734 3736 2101 3809 magnisque
2125 3752 2259 3809 pec-

590 3822 738 3878 catis
767 3821 1071 3880 obnoxius
1102 3826 1211 3893 est,
1264 3839 1408 3879 eum
1450 3839 1613 3896 saepe
1665 3822 1881 3881 liberat
1918 3823 2254 3882 humilitas.

585 3912 795 3984 Itaque
815 3928 890 3969 ne
910 3916 964 3969 te
981 3912 1113 3985 ipse
1128 3928 1251 3985 prae
1273 3911 1458 3969 altero
1470 3912 2257 3987 justiﬁcaveris,nequando

584 3999 691 4057 Dei
726 4002 1042 4069 sententia,
1091 4001 1200 4059 etsi
1246 4005 1351 4059 tua
1391 4000 1781 4073 justiﬁcatus,
1827 4004 2251 4063 condemnere.

582 4092 965 4163 Perpetrasse
992 4094 1049 4146 te
1075 4089 1221 4147 boni
1253 4089 1487 4163 aliquid
1511 4089 1825 4147 arbitraris
1846 4091 1874 4147 ‘?
1889 4093 2012 4162 Age
2034 4094 2253 4164 gratias

582 4181 731 4243 Deo,
762 4194 875 4235 nec
913 4182 970 4235 te
996 4178 1212 4236 extolle
1243 4187 1455 4235 contra
1486 4178 1857 4251 proximum.
1887 4180 2041 4246 Quid
2090 4182 2251 4240 enim

580 4265 933 4339 proximum
953 4266 1180 4338 juvisti,
1221 4265 1391 4339 quod
1433 4265 1618 4321 ﬁdem
1661 4282 1726 4321 es
1776 4267 2113 4337 confessus,
2148 4274 2251 4328 aut

2372 3111 2528 3164 αὑτὸν
2577 3110 2818 3184 ἀμείνονα
2881 3119 3120 3179 σεαυτοῦ,
3172 3107 3267 3164 διὰ
3316 3114 3513 3165 πάντων
3564 3105 3777 3171 ἐξετάζων
3823 3106 3871 3149 καί

2372 3207 2443 3275 μὴ
2502 3203 2693 3274 μερικά
2751 3200 3119 3273 φηριζόμενος.
3191 3198 3336 3253 Οὐδὲ
3402 3202 3500 3274 γὰρ
3567 3199 3677 3255 Θεὸς
3724 3193 3873 3264 μερικῶς

2372 3289 2600 3354 ἐξετάζει
2650 3292 2737 3342 τὸν
2784 3292 3093 3364 ἄνθρωπον·
3151 3290 3278 3362 Ἐγὼ
3332 3293 3455 3365 γὰρ,
3512 3292 3650 3360 φησὶ,
3703 3283 3757 3334 τά
3796 3280 3875 3350 ίΡΊα

2370 3387 2461 3434 καὶ
2528 3384 2644 3442 τοὺς
2727 3380 3011 3452 λογισμοὺς
3093 3379 3265 3432 αὐτῶν
3348 3382 3569 3455 ἔρχομαι
3629 3371 3869 3441 συναγαγεῖν.

2372 3475 2474 3525 Καὶ
2528 3478 2602 3542 τῷ
2667 3469 2926 3541 Ἰωσαφὰτ
2981 3466 3301 3540 ἐπιτιμήσας
3356 3471 3477 3521 ποτὲ
3537 3461 3622 3517 διὰ
3666 3465 3742 3517 τὴν
3781 3469 3873 3524 παρα

2368 3558 2541 3622 πόδας
2598 3560 2879 3636 ἁμαρτίαν,
2938 3557 3171 3631 ἐμνήσθη
3228 3565 3324 3613 καὶ
3393 3567 3493 3611 τῶν
3552 3550 3869 3626 κατωρθωῴρων

2369 3650 2530 3722 αὑτῷ,
2598 3649 2757 3721 λέγων
2784 3666 2795 3679 ’
2858 3647 2999 3706 Πλὴν
3046 3646 3191 3701 ’ἀλλὰ
3236 3637 3388 3721 λόγοι
3441 3646 3615 3719 ἀγαθοὶ
3667 3637 3868 3722 εὑρέθησαν

2366 3737 2416 3791 ἐν
2481 3744 2584 3792 σοί.
2656 3738 2805 3791 Οὑτω
2872 3738 3053 3812 ῥύεται
3112 3736 3360 3799 πολλάκις
3419 3738 3448 3795 ἠ
3522 3721 3865 3817 ταπεινοφροσᾷπ

2365 3832 2453 3881 τὸν
2507 3830 2850 3903 ἡμαρτηκότα
2894 3825 3059 3879 πολλὰ
3095 3831 3189 3878 καὶ
3233 3826 3458 3900 μεγάλα.
3501 3826 3579 3881 Μή
3608 3815 3683 3872 οὖν
3717 3815 3864 3907 σεαυτὸν

2366 3914 2664 3991 δικαιώσης
2752 3918 2878 3990 ὑπὲρ
2958 3915 3160 3989 ἕτερον,
3240 3920 3447 3989 μήποτε
3523 3907 3768 3964 δικαιωθείς
3821 3912 3857 3962 7F

2365 4016 2587 4061 σεαυτοῦ
2634 4007 2814 4079 ψήφῳ,
2868 4012 2930 4078 τῇ
2986 4012 3077 4058 τοῦ
3136 4013 3274 4060 Θεοῦ
3332 4004 3653 4079 κατακριθῇς.
3699 3994 3785 4046 Οἴει
3823 4002 3851 4079 τι

2361 4099 2646 4172 κατορθοῦν
2709 4094 2933 4168 ἀγαθόν;
2990 4094 3302 4170 εὐχαρίστει
3357 4103 3430 4167 τῷ
3499 4099 3618 4162 Θεῷ,
3670 4088 3727 4157 μὴ
3768 4090 3858 4174 κξτα

2358 4195 2452 4239 τοῦ
2480 4186 2700 4244 πλησίον
2733 4184 2935 4239 ἐπαίου.
2983 4187 3047 4236 Τί
3076 4187 3177 4260 γὰρ
3226 4188 3441 4247 ὤνησας
3478 4185 3557 4235 τὸν
3586 4174 3856 4266 π).ησί⁰νι.⁰τί

2357 4280 2537 4328 πίστιν
2590 4258 2950 4348 ὡμολόγησας,
3001 4273 3029 4332 ἢ
3074 4277 3244 4346 φυγὴν
3303 4275 3571 4346 ὑπέμεινας
3593 4262 3662 4319 διὰ
3695 4258 3738 4309 τὸ
3767 4267 3852 4348 ονο-

582 4337 861 4411 exsilium
887 4337 1210 4429 perpessus
1241 4337 1331 4410 ob
1365 4353 1582 4411 Christi
1611 4370 1859 4422 nomen,
1900 4362 2002 4414 aut
2027 4358 2242 4430 jejunii

2233 4360 2242 4415 ἱ
2268 4391 2315 4447 D
2354 4385 2450 4437 μα,
2480 4365 2510 4425 ἦ
2544 4337 2652 4427 τοίξ
2700 4337 2793 4425 τῆς
2838 4367 3084 4425 νηστείας
3129 4361 3536 4439 ἐνεκαρτέρησας
3568 4358 3729 4413 πόνοιςς
3759 4337 3851 4447 (Ξύχ

576 4441 819 4501 labores
849 4448 1199 4501 constanter
1228 4442 1566 4515 pertulisti?
1610 4445 1868 4500 Lucrum
1906 4448 2079 4502 tuum
2131 4453 2237 4515 est,

577 4544 706 4589 non
733 4532 996 4589 alterius.
1024 4533 1186 4588 Time
1206 4547 1281 4588 ne
1310 4530 1582 4588 similiter
1610 4532 1795 4589 cadas
1824 4537 2005 4607 atque
2026 4534 2239 4593 diabo-

575 4621 693 4693 lus,
720 4623 845 4697 qui,
878 4622 1072 4680 elatus
1102 4626 1311 4679 contra
1346 4621 1678 4692 hominem,
1702 4623 1781 4680 ab
1816 4624 2063 4683 homine
2102 4644 2239 4701 pro-

576 4714 799 4768 stratus
825 4717 937 4781 est,
951 4716 1008 4769 et
1034 4711 1165 4768 vice
1196 4708 1439 4768 scabelli
1464 4711 1720 4769 traditus
1746 4718 1834 4770 est
1861 4716 2234 4775 conculcato.

574 4800 642 4856 In
666 4817 933 4868 summa,
964 4800 1314 4858 memineris
1339 4801 1465 4857 veri
1484 4801 1643 4857 illius
1667 4803 1973 4875 proverbii
1997 4806 2238 4876 :Super-

574 4882 666 4944 bis
694 4891 855 4948 Deus
870 4892 1115 4962 resistit,
1140 4889 1470 4949 humilibus
1482 4906 1625 4947 vero
1645 4890 1752 4948 dat
1772 4894 2037 4963 gratiam
2053 4894 2238 4954 6Hia-

570 4977 653 5037 be
680 4979 743 5036 in
771 4985 1059 5055 promptu
1089 4981 1453 5038 sententiam
1482 4980 1724 5037 Domini
1754 4997 1769 5039 :
1820 4981 2025 5041 Omnis
2046 4987 2150 5058 qui
2173 5002 2235 5045 se

644 5104 694 5141 σθ
734 5107 937 5163 Matth.
956 5123 1034 5177 vi,
1063 5111 1121 5164 2.

569 5176 622 5245 κ
643 5178 770 5235 Jac.
795 5192 873 5250 iv,
896 5182 947 5235 6.

1196 5106 1246 5143 ⁸ο
1284 5108 1414 5163 Act.
1443 5123 1501 5173 v,
1528 5110 1559 5162 5
1581 5122 1686 5179 qq.
1761 5109 1809 5144 ⁶¹
1832 5110 1954 5166 Jac.
1987 5125 2065 5180 ιν,
2099 5115 2155 5166 6.

642 5321 726 5395 (1)
746 5322 829 5377 Ex
849 5337 1029 5378 serm.
1053 5322 1463 5395 ascetic.,‘3t9.

637 5392 722 5456 (2)
756 5395 842 5447 Ex
861 5398 1187 5449 comment.
1216 5394 1282 5447 in
1311 5392 1442 5456 Isa.,
1476 5396 1604 5449 583.

667 5462 721 5527 3)
757 5465 924 5521 Unus
940 5463 1135 5520 codex
1150 5462 1380 5520 indicat
1406 5467 1733 5526 comment.
1762 5465 1829 5523 in
1846 5466 1960 5527 Ιεα.

665 5532 727 5607 4)
752 5535 837 5596 Ex
861 5534 1030 5597 hom.
1062 5536 1151 5595 De
1178 5532 1538 5607 humilitate,
1566 5534 1692 5595 161.

2352 4456 2521 4526 ἕτέρου
2561 4456 2619 4505 τό
2666 4448 2871 4526 κέρδος,
2919 4450 3048 4504 ἀλλὰ
3100 4455 3211 4507 σόν,
3255 4450 3521 4510 Φοϐήθητι
3548 4454 3625 4505 τῆς
3660 4426 3855 4536 τοῡιδιαῖ

2349 4542 2502 4595 ϐόλον
2530 4547 2776 4604 πτώσεως
2823 4545 2914 4599 τὴι
2962 4542 3213 4613 ὁμοίωσιν
3239 4563 3252 4575 .
3300 4541 3357 4603 ὃς
3399 4539 3624 4612 ἐπαρθεὶς
3663 4534 3854 4627 lautia-4

2345 4631 2643 4706 ἀνθρώπου,
2684 4633 2947 4684 πέπτωκεν
3000 4631 3099 4683 ὑπὸ
3166 4631 3458 4706 ἄνθρωπον,
3510 4629 3591 4678 καὶ
3632 4624 3847 4709 παραϐίην-

2344 4742 2431 4774 ται
2472 4722 2696 4792 πάτημα
2743 4727 2816 4791 τῷ
2872 4722 3241 4792 πεπατημένῳ.
3296 4717 3526 4773 Καθόλου
3578 4710 3854 4795 μέμνησο

2346 4809 2570 4872 ἀληθοῦς
2637 4813 2918 4883 παροιμίας
2967 4823 2981 4837 ·
3045 4807 3419 4884 Ὑπερηφάνοις
3491 4806 3612 4861 Θεὸς
3673 4794 3853 4884 ἀντιτασ-

2347 4918 2514 4970 σεται,
2541 4904 2797 4959 ταπεινοῖς
2838 4893 2898 4951 δε
2936 4892 3136 4951 δίδωσι
3187 4899 3374 4971 χάριν.
3427 4892 3557 4966 Ἔχε
3604 4891 3685 4941 τοῦ
3719 4886 3852 4949 Κυρίσλ

2342 4990 2401 5041 τὸ
2452 4989 2601 5063 ῥῆμα
2655 4990 2972 5063 πρόχειρον
3024 4991 3138 5049 Πᾶς
3192 4987 3218 5039 ὁ
3266 4984 3413 5060 ὑψῶν
3477 4979 3664 5041 ἔαυτόν,
3729 4980 3846 5021 rasit-

2233 5114 2281 5148 σε
2305 5112 2512 5172 Matth.
2540 5129 2619 5183 xx,
2638 5116 2729 5171 2o.
2807 5113 2856 5149 θι
2882 5114 2998 5171 Isa.
3020 5126 3177 5181 m1,
3212 5114 3299 5171 t8.
3377 5110 3426 5145 δι
3456 5109 3501 5163 u
3521 5098 3695 5171 Paral,
3716 5105 3798 5161 xu,
3816 5087 3852 5139 5-

2431 5328 2481 5392 5)
2517 5326 2669 5385 lbid.
2690 5328 2821 5385 160.
3679 5384 3692 5392 .
3803 5370 3819 5392 .
3841 5372 3853 5392 ι

2431 5332 2461 5384 5
2517 5330 2669 5385 Ibid.
2690 5330 2821 5385 160.
3737 5381 3748 5392 .
3844 5372 3853 5386 .

2401 5330 2481 5472 έθζ
2506 5403 2575 5451 Τὸ
2606 5403 2695 5472 μεν
2726 5407 2925 5472 κτῆμα.
2958 5398 3184 5472 Regius
3213 5395 3407 5472 code];
3451 5394 3582 5448 1992
3627 5370 3859 5472 additi?

2332 5442 3560 5543 τῆὶῗὲπὶιὶγῇἷίοῖςζέἷιῖὸᾱῘᾷῧίἇὲιῆἶεξῖεοθτε
3585 5442 3859 5543 ηορέίιὼί·

2333 5540 2479 5614 tavi,
2508 5532 2651 5599 cum
2676 5541 2740 5601 in
2767 5532 2905 5615 ip'so
2932 5532 3116 5600 etiam
3130 5541 3415 5598 contextu
3440 5532 3760 5609 reperiatur.
