4084 6394
249 278 383 333 1357

1060 274 1291 330 SERMO
1335 273 1445 328 XX.
1484 302 1553 311 -—
1591 273 1683 328 DE
1723 271 2145 328 HUMILITATE
2185 270 2268 327 ET
2308 272 2497 326 ιΝΑΜ
2538 272 2816 327 GLORIA.

3485 276 3621 331 1358

248 403 575 459 νωθήσεται·
633 401 658 451 6
713 396 771 451 δε
819 404 1068 451 ταπεινῶν
1121 398 1301 450 ἑαυτὸν
1340 396 1700 468 ὑψωθήσεται.
1764 400 1850 454 Μὴ

1974 397 2217 464 erattut,
2254 396 2714 462 hmnitc’abitur;
2774 397 2963 452 omnis
3010 412 3146 452 vero
3194 414 3297 468 qut
3344 414 3404 455 se
3435 400 3625 454 Immi-

248 496 395 562 γίνου
430 494 615 562 κριτής
635 491 811 550 ἄνισος
838 488 1045 549 ἑαυτοῦ,
1077 483 1220 559 μηδέ
1251 489 1379 561 πρὸς
1419 489 1580 560 χάριν
1629 485 1853 553 ἐξέταζε,

252 580 408 651 εἰμέν
432 599 483 631 τι
527 576 696 638 δοκεῖς
725 580 866 649 ἔχειν
896 576 1075 643 καλὸν,
1107 583 1261 628 τουτο
1290 573 1336 626 ἐν
1366 573 1525 645 ψήφῳ
1556 576 1732 639 τιθεὶς,
1756 581 1854 625 τῶν

251 666 311 721 δὲ
364 670 707 740 πταισμάτων
761 667 885 718 ἑκὼν
933 664 1428 736 ἐπιλανθανόμενος,
1472 660 1612 736 μηδὲ
1667 662 1744 734 ἐφ’
1779 658 1856 724 οἷς

252 760 341 829 μεν
393 762 612 829 σήμερον
668 757 938 827 κατορθοῖς
998 752 1448 827 μεγαλυνόμενος,
1518 750 1594 823 ἐφ’
1656 752 1734 812 οἷς
1798 747 1857 803 δὲ

253 852 431 919 πρώην
472 850 563 897 καὶ
613 844 775 896 παλαι
814 852 982 903 κακῶς
1022 842 1273 915 εἰργάσω,
1311 846 1659 915 συγχώρησιν
1690 840 1856 909 ἑαυτῷ

254 932 475 997 διδούςο
511 934 616 986 ἀλλ’
653 936 774 986 ὅταν
802 953 859 985 σε
897 936 955 984 τὸ
995 935 1159 1006 παρόν
1208 933 1398 1005 ἐπάρῃ,
1450 949 1507 981 το
1538 930 1758 983 παλαιὸν
1787 929 1857 989 εἰς

256 1022 549 1097 ἀνάμνησιν
600 1022 787 1094 ἀγέτω,
818 1026 908 1073 καὶ
936 1025 1112 1094 παύση
1155 1029 1250 1081 τῆς
1290 1018 1611 1077 ἀναισθήτον
1643 1018 1858 1091 φλεγμοο

253 1121 312 1171 νῆ
326 1134 367 1173 ς.
398 1120 482 1183 Τῷ
531 1116 638 1164 ὄντι
662 1114 760 1183 γαρ
792 1111 1170 1181 χαλεπώτατόν
1193 1108 1332 1161 ἐστιν
1356 1108 1538 1161 ἑαυτόν
1562 1107 1855 1178 ἐπιγνῶναι.

256 1202 332 1256 Ου
357 1205 458 1275 γὰρ
498 1207 651 1274 μόνος
678 1202 703 1252 6
735 1199 992 1272 ὀφθαλμός
1022 1201 1088 1251 τὰ
1116 1198 1211 1261 ἔξω
1235 1197 1460 1270 βλέπων,
1488 1196 1563 1268 ἐφ’
1587 1197 1767 1248 ἑαυτὸν
1801 1196 1858 1248 οὐ

255 1296 518 1363 κέχρηται
546 1301 617 1362 τῷ
640 1292 762 1363 όρᾲν
787 1311 799 1323 ·
830 1289 956 1341 ἀλλὰ
987 1295 1075 1340 καὶ
1120 1289 1279 1348 αὐτὸς
1326 1289 1470 1359 ἡμῶν
1504 1289 1527 1338 ό
1558 1296 1673 1346 νοῦς
1712 1286 1859 1349 ὀξέως

255 1385 314 1433 τό
345 1379 609 1455 ἀλλότριον
657 1378 945 1451 ἁμάρτημα
982 1376 1184 1450 βλέπων
1216 1381 1312 1446 (ι),
1353 1371 1557 1449 βραδύς
1588 1374 1701 1427 ἐστι
1730 1380 1861 1449 πρός

256 1474 346 1527 τήν
376 1478 475 1520 τῶν
505 1468 707 1520 οἰκείων
739 1466 1108 1539 ἐλαττωμάτων
1135 1464 1436 1536 ἐπίγνωσιν.
1483 1469 1568 1522 Μή
1604 1462 1773 1538 βαρὺς
1810 1463 1859 1515 ἐν

256 1558 597 1631 ἕπιτιμήσεσι
621 1563 788 1629 γίνου,
818 1554 958 1629 μηδὲ
1014 1558 1240 1625 ταχέως,
1282 1550 1423 1626 μηδέ
1482 1555 1727 1625 ἐμπαθῶς
1757 1551 1859 1615 ἐξε-

256 1646 461 1719 λέγχων
487 1669 498 1680 ·
528 1643 752 1706 αὔθαδες
769 1649 869 1718 γὰρ
892 1648 950 1696 τό
972 1652 1226 1697 τοιοῦτον.
1252 1640 1405 1700 Μηδὲ
1422 1645 1507 1695 ἐπὶ
1533 1650 1737 1717 μικροῖς
1766 1662 1859 1694 κα-

1967 486 2098 551 tz'at,
2131 484 2588 539 exattabitur“.
2640 486 2718 538 Ne
2750 483 2834 538 tui
2886 484 3079 555 ipsius
3134 486 3245 539 tias
3289 485 3474 556 judex
3513 484 3627 541 ini-

1965 589 2143 644 quus,
2176 588 2373 643 neque
2403 571 2481 627 ad
2513 572 2766 641 gratiam
2799 572 3094 644 expende,
3147 574 3196 628 si
3229 573 3469 629 videare
3521 573 3629 630 tibi

1965 660 2302 734 quidquam
2335 660 2479 716 boni
2534 660 2783 727 habere,
2828 660 2974 718 illud
3030 678 3380 727 numerans,
3412 663 3630 719 delicta

1964 750 2250 807 oblivioni
2286 750 2436 806 ultro
2472 751 2715 807 tradens
2753 768 2765 805 :
2797 768 2995 823 neque
3035 752 3115 808 ob
3149 758 3307 807 recte
3338 751 3495 808 facta
3518 753 3628 808 ho-

1967 840 2178 896 dierna
2206 838 2555 904 insolescas,
2603 855 2799 912 neque
2830 840 3160 897 recentium
3209 847 3313 897 aut
3358 845 3629 898 veterum

1967 929 2428 985 malefactorum
2497 928 2600 983 tibi
2659 929 2899 984 veniam
2950 929 3252 985 concedas
3296 930 3450 986 :sed
3490 946 3629 985 cum

1967 1034 2236 1090 prtesens
2267 1016 2593 1072 reddiderit
2637 1024 2691 1072 te
2722 1016 2966 1087 elatum,
3019 1033 3240 1074 revoca
3278 1017 3339 1072 in
3396 1033 3628 1073 memo-

1967 1107 2117 1162 riam
2153 1107 2468 1177 antiquam
2520 1106 2739 1173 agendi
2791 1106 3108 1173 rationem,
3141 1108 3344 1177 sicque
3377 1106 3630 1161 stolidus

1971 1201 2107 1251 tuus
2135 1201 2335 1251 tumor
2368 1195 2648 1250 cessabit.
2683 1200 2758 1265 (1)
2792 1198 2858 1250 Et
2902 1212 3041 1250 vero
3096 1195 3369 1266 seipsum
3403 1212 3628 1266 cogno-

1969 1299 2154 1349 scere,
2198 1282 2431 1338 videtur
2476 1299 2609 1338 esse
2656 1299 2753 1338 res
2795 1283 3069 1339 omnium
3095 1282 3468 1339 difﬁcillima.
3500 1287 3627 1340 Non

1969 1374 2129 1429 enim
2188 1372 2385 1428 solum
2441 1372 2650 1427 oculus
2699 1373 3038 1428 extrinseca
3102 1372 3499 1444 prospiciens,
3548 1370 3627 1428 ad

1970 1468 2160 1518 semet
2212 1462 2716 1533 conspiciendum
2767 1462 2897 1518 visu
2946 1478 3069 1517 non
3124 1463 3305 1518 utitur
3347 1481 3360 1518 :
3418 1462 3523 1517 sed
3571 1466 3628 1518 et

1968 1553 2106 1625 ipsa
2124 1568 2292 1607 mens
2320 1557 2530 1607 nostra
2552 1558 2725 1607 acute
2750 1556 3064 1623 peccatum
3083 1550 3346 1607 alienum
3367 1552 3627 1619 intuens,

1971 1641 2050 1696 ad
2080 1640 2325 1713 propria
2382 1640 2775 1710 agnoscenda
2831 1638 3049 1696 delicta
3081 1640 3255 1696 tarda
3285 1644 3394 1696 est.
3447 1642 3518 1710 (5)
3548 1642 3628 1695 Ne

256 1734 532 1807 ταδίκαζε,
565 1737 630 1796 ὡς
658 1730 1057 1807 ἀκριϐοδίκαιος
1088 1732 1244 1794 αὐτὸς
1274 1733 1561 1805 ὑπάρχων·
1588 1730 1716 1783 ἀλλὰ
1743 1735 1860 1792 τους

1974 1730 2051 1785 sis
2083 1731 2142 1784 in
2176 1729 2562 1799 objurgando
2603 1729 2823 1798 gravis,
2867 1744 3063 1801 neque
3112 1729 3247 1798 cito,
3281 1744 3476 1801 neque
3506 1727 3630 1783 ani-

257 1823 305 1877 ἕν
336 1830 726 1898 παραπτώματι
755 1822 1171 1896 προσλαμϐάνων
1212 1824 1309 1887 12),
1354 1830 1714 1893 πνευματικῶς
1764 1841 1860 1873 κα-

256 1918 514 1987 ταρτίζων
565 1913 776 1973 αὐτοὺς,
816 1915 887 1972 ὡς
923 1912 950 1962 6
1002 1908 1312 1969 Ἀπόστολος
1360 1917 1621 1981 παραινεῖ,
1653 1916 1860 1961 Σκοπῶν

263 2005 499 2065 σεαυτόν,
532 2006 604 2073 μὴ
628 2004 718 2052 καὶ
743 2004 807 2052 σύ
833 2001 1141 2072 πειρασθῇς.
1179 1999 1236 2049 Εἰ
1257 2000 1346 2069 μὲν
1377 2001 1477 2071 γὰρ
1502 1997 1862 2070 ἁμαρτάνομέν

261 2110 334 2153 τι,
370 2089 604 2163 βελτίους
628 2092 854 2162 εσόμεθα
880 2091 1270 2159 νουθετούμενοι
1294 2102 1306 2113 ⁸
1360 2087 1405 2140 εἰ
1450 2083 1508 2138 δε
1547 2084 1697 2139 οὐδὲν
1738 2084 1863 2138 ἀδι-

264 2197 473 2249 κουμεν,
515 2176 629 2229 ἀντὶ
680 2182 816 2236 τίνος
866 2177 1202 2248 μισο·3μεθα;
1245 2172 1463 2226 Ἐκϐαλε
1499 2182 1594 2233 τῆς
1645 2182 1865 2225 σεαυτοῦ

264 2266 449 2337 ψυχῆς
477 2270 535 2318 τό
565 2267 769 2318 οῖεσθαι
797 2261 1025 2338 μηδενός
1071 2264 1245 2335 ἐτέρου
1295 2263 1364 2325 εἰς
1404 2267 1668 2314 κοινωνίαν
1699 2281 1865 2337 προσ-

268 2351 504 2409 δεῖσθαι.
558 2354 634 2408 Οὐ
688 2358 790 2428 γὰρ
831 2357 967 2406 κατὰ
1022 2352 1227 2425 ἀγάπην
1283 2360 1703 2425 περιπατοῦντος,
1745 2349 1869 2404 οὐδε

264 2444 587 2517 πληροῦντός
618 2442 757 2496 ἔστιν
798 2442 1004 2500 ἐντολήν
1052 2450 1143 2494 τοῦ
1174 2449 1432 2517 Χριστοῦ,
1462 2449 1556 2503 τῆς
1584 2445 1715 2515 πρὸς
1748 2445 1868 2503 τοὺς

268 2530 519 2605 ἀδελφοὺς
541 2538 814 2605 συναφείας
846 2536 1028 2584 εαυτόν
1057 2531 1382 2604 ἀποτέμνειν.
1415 2536 1499 2590 Μή
1537 2550 1660 2582 ποτε
1690 2534 1747 2581 τό
1779 2538 1869 2581 τοῦ

266 2621 491 2693 πολέμου
516 2625 677 2672 κακόν
697 2622 867 2690 κύκλῳ
898 2622 1117 2692 περιιόν,
1142 2624 1233 2670 καὶ
1263 2622 1393 2691 πρὸς
1425 2620 1564 2689 ἡμᾶς
1590 2618 1709 2690 ἔλθη
1733 2638 1746 2651 ο
1774 2616 1870 2669 κᾶν

268 2712 358 2781 μὶν
398 2712 652 2781 μετὰτῶν
692 2707 856 2760 ἄλλων
895 2713 986 2759 καὶ
1022 2709 1176 2779 ἡμεῖς
1202 2714 1299 2766 τῆς
1340 2705 1579 2778 ἐπηρείας
1625 2726 1869 2778 παραπο-

267 2798 560 2869 λαύσωμεν,
593 2794 717 2849 οὐδὲ
756 2800 877 2857 τοὺς
910 2796 1295 2866 συναλγοῦντας
1337 2797 1644 2868 εὑρήσομεν,
1687 2791 1784 2846 διὰ
1812 2797 1869 2846 τό

267 2890 318 2940 ἂν
347 2895 513 2961 καιρῴ
537 2894 633 2948 τῆς
672 2886 923 2958 εὐθυμίας
951 2887 1097 2957 ἡμῶν
1125 2888 1196 2956 μὴ
1238 2882 1733 2957 προκαταϐαλέσθαι
1762 2891 1872 2944 τοῖς

268 2972 611 3048 ἠδικημένοις
668 2978 754 3027 τὸν
800 2983 897 3035 τῆς
953 2976 1284 3046 συμπαθείας
1347 2975 1545 3048 ἔρανον.
1603 2973 1749 3043 Ἐμοὶ
1813 2990 1871 3023 το

1969 1835 2071 1874 mo
2097 1822 2407 1874 commoto
2456 1817 2829 1887 redarguas;
2860 1818 2977 1872 hoc
3025 1818 3185 1872 cnim
3217 1818 3419 1889 resipit
3469 1834 3630 1874 arro-

1970 1910 2239 1976 gantiam
2268 1905 2605 1977 quamdam
2632 1924 2645 1971 ;
2681 1921 2878 1978 neque
2910 1906 2990 1961 ob
3019 1922 3113 1961 res
3147 1907 3317 1978 parvi
3340 1907 3629 1963 momenti

1971 1996 2340 2052 condemnes
2376 2036 2389 2059 ,
2443 2000 2735 2065 tanquam
2804 1994 2851 2048 si
2922 1993 3048 2066 ipse
3120 1994 3385 2066 perfecte
3430 1996 3629 2066 justus

1972 2085 2243 2141 eus-istas.
2273 2085 2434 2150 Quos
2475 2083 2537 2137 in
2558 2088 2808 2155 peccato
2840 2083 3010 2155 577
3047 2084 3468 2155 deprehendis,
3511 2086 3630 2157 spi-

1975 2173 2263 2228 ritualiter
2294 2173 2454 2244 ipsos
2476 2172 2726 2237 instrue,
2762 2173 2841 2228 uti
2873 2178 3079 2228 monet
3109 2173 3451 2245 Apostolus,
3475 2178 3628 2231 Con-

1974 2264 2248 2318 siderans
2279 2266 2551 2331 teipxum,
2582 2276 2657 2316 ne
2709 2265 2763 2316 et
2808 2268 2872 2316 tu
2917 2263 3235 2317 tenteris'“.
3277 2262 3354 2332 (6)
3400 2266 3550 2320 Nam
3581 2263 3630 2319 si

1974 2367 2099 2423 qua
2126 2368 2186 2405 rc
2208 2349 2595 2419 olfendimus,
2628 2350 3091 2405 commonefacti
3120 2347 3397 2406 meliores
3420 2352 3633 2407 evade-

1975 2457 2151 2507 mus;
2184 2439 2234 2494 si
2268 2455 2407 2494 vero
2451 2438 2599 2495 nihil
2638 2438 3072 2511 delinquimus,
3108 2455 3215 2493 cur
3264 2439 3405 2495 odio
3452 2441 3635 2497 habe-

1978 2530 2160 2586 mur?
2192 2534 2267 2597 n)
2301 2530 2510 2584 Hortor
2533 2528 2733 2597 igitur,
2766 2526 2923 2584 hanc
2954 2527 3303 2600 opinionem
3331 2545 3404 2585 ex
3429 2530 3635 2588 animo

1977 2623 2081 2674 tuo
2109 2616 2333 2686 ejicias,
2362 2621 2419 2671 te
2447 2619 2690 2672 nemine
2717 2616 2834 2672 alio
2874 2616 2954 2672 ad
3002 2617 3495 2674 communionem
3547 2621 3634 2676 in-

1978 2706 2200 2774 digere.
2237 2708 2366 2759 Non
2413 2703 2572 2759 enim
2615 2711 2707 2759 est
2749 2705 2859 2760 viri
2890 2706 3225 2760 secundum
3283 2705 3637 2764 charitatem

1979 2793 2368 2859 ambulantis,
2403 2797 2507 2849 aut
2537 2793 2753 2849 Christi
2779 2792 2975 2863 legem
3013 2793 3420 2866 adimplentis,
3448 2813 3578 2853 sese
3600 2814 3638 2854 a

1979 2885 2229 2942 fratrum
2261 2883 2686 2956 conjunctione
2735 2883 3114 2940 abscindere.
3164 2887 3245 2941 Ne
3296 2884 3445 2943 forte
3496 2878 3638 2944 belli

1979 2973 2210 3030 malum
2241 2974 2409 3047 quod
2436 2974 2498 3029 in
2540 2971 2748 3028 orbem
2783 2972 3228 3041 circumagitur,
3255 2968 3499 3030 tandem
3530 2974 3637 3032 ali-

265 3064 529 3126 παντελῶς
573 3063 878 3136 ἀγνοεῖσθαι
921 3062 1072 3115 πλέον
1120 3059 1503 3129 ίσπούδασται,
1526 3062 1556 3120 ἦ
1589 3069 1699 3123 τοίς
1728 3060 1866 3133 φιλο·

1980 3063 2230 3136 quando
2255 3062 2335 3119 ad
2373 3078 2486 3118 nos
2526 3061 2711 3117 etiam
2739 3060 3077 3133 perveniat;
3112 3078 3183 3117 ac
3236 3061 3285 3118 si
3331 3078 3443 3119 nos
3492 3080 3639 3137 quo~

267 3152 445 3217 δόξοις
474 3156 532 3205 τὸ
565 3149 958 3225 διαφαίνεσθαι.
996 3155 1095 3204 Καὶ
1124 3154 1189 3202 σὺ
1220 3154 1391 3203 τοίνυν
1430 3152 1693 3208 τοσαύτην
1720 3155 1875 3202 ποιοῦ

269 3238 512 3300 σπουδὴν
540 3245 612 3313 μή
647 3237 972 3302 δοξάζεσθαι
1008 3241 1153 3313 παρά
1182 3237 1495 3313 ἀνθρώποις,
1538 3239 1668 3296 ὅσην
1709 3241 1875 3312 ἕτεροι

265 3336 386 3403 περὶ
414 3333 472 3382 τό
507 3326 853 3391 δοξάζεσθαι.
883 3326 1040 3380 Ἀλλὰ
1062 3324 1344 3400 προεδρίας
1387 3326 1637 3390 ἡξιώθης,
1666 3331 1757 3378 καὶ
1784 3345 1876 3379 πε-

266 3423 512 3493 ριέπουσί
538 3436 596 3470 σε
634 3418 898 3491 ἄνθρωποι
926 3421 1018 3468 καὶ
1051 3412 1343 3478 δοξάζουσι
1370 3434 1383 3482 ;
1415 3421 1562 3486 γίνου
1593 3423 1703 3475 τοῖς
1740 3417 1875 3473 ὑπη-

268 3512 412 3568 κόοις
440 3510 556 3569 ἶσος
580 3523 591 3535 ·
618 3509 704 3558 τόν
734 3509 834 3579 γὰρ
877 3504 1088 3558 θέλοντα
1124 3512 1328 3578 πρῶτον
1366 3500 1514 3571 εἶναι,
1541 3500 1723 3556 δοῦλον
1748 3502 1877 3555 εἶναι

266 3598 473 3651 πάντων
499 3597 526 3647 6
561 3598 744 3669 Κύριος
773 3593 1023 3647 ἐκέλευσε.
1076 3600 1311 3656 Μωυσῆς
1356 3594 1381 3645 6
1423 3597 1607 3666 μέγας,
1642 3594 1669 3645 6
1708 3592 1877 3646 πάντα

268 3686 507 3746 εὐπειθής
537 3689 627 3737 καὶ
664 3684 916 3752 ὑπήκοος,
960 3685 1042 3736 ὅτε
1096 3681 1426 3735 ἁπεστελλετο
1458 3686 1583 3758 πρὸς
1614 3686 1700 3735 τόν
1728 3682 1873 3750 λαόν,

267 3779 479 3845 Δέομαε,
508 3778 659 3845 φησὶ,
696 3774 872 3847 Κύριε,
902 3776 1248 3846 προχείρισαι
1273 3771 1423 3823 ἄλλον
1464 3770 1517 3822 ὃν
1551 3769 1871 3832 ἀποστελεῖς.

268 3862 344 3914 Δι’
375 3862 402 3914 ὃ
432 3866 523 3913 καὶ
562 3864 718 3913 οἱονεὶ
770 3860 1168 3933 φιλονεικότερον
1225 3858 1541 3931 ἀντέχεσθαι
1590 3859 1748 3912 αὐτοῦ
1787 3862 1873 3911 τὸν

267 3956 399 4006 Θεὸν
436 3954 837 4020 κατεσκεύασεν,
870 3951 1001 4023 αὐτῇ
1045 3957 1106 4022 τῇ
1141 3955 1461 4024 παραιτήσει
1512 3955 1603 4001 καὶ
1643 3957 1703 4021 τῇ
1748 3950 1874 4021 ὁμο-

264 4046 414 4116 λογίᾳ
438 4053 529 4105 τῆς
575 4042 844 4104 ἀσθενείας
873 4046 930 4095 τὸ
971 4042 1114 4105 ἀξιον
1159 4050 1253 4094 τοῦ
1301 4044 1619 4114 προεστάναι
1645 4038 1871 4104 δεικνύς.

263 4137 354 4187 Διὸ
396 4132 565 4193 καλῶς
620 4135 735 4204 ἔχει
767 4134 827 4183 τό
876 4130 1259 4206 παράγγελμα’
1316 4136 1399 4189 Μή
1446 4130 1594 4190 ζήτει
1634 4132 1873 4201 γενέσθαι

262 4226 466 4297 κριτής,
518 4226 709 4295 μήπως
747 4220 842 4273 οὐκ
897 4220 1139 4294 ὶσχύσης
1182 4223 1258 4290 (3)
1309 4218 1489 4293 ἐξᾶραι
1545 4215 1774 4280 ἀδικίας.
1813 4218 1872 4272 Ὀ

264 4314 437 4384 μέντοι
466 4313 785 4383 προφητικός
812 4309 961 4380 λόγος
990 4313 1084 4368 τήν
1111 4312 1433 4381 παραίτησιν
1461 4316 1562 4361 τῶν
1596 4307 1872 4381 ἑλκομένων

263 4401 473 4473 ἄρχειν,
503 4400 602 4451 ὑπὸ
632 4407 731 4449 τῶν
759 4398 1153 4458 στασιαζόντων
1203 4397 1263 4449 οὗ
1301 4397 1524 4451 καθόλου
1571 4402 1703 4469 φησί
1729 4417 1872 4470 γεγε-

265 4487 483 4543 νῆσθαι.
516 4484 593 4536 Οὐ
644 4487 746 4558 γὰρ
788 4481 925 4536 εἶπεν
956 4484 1149 4549 ἁπλῶς,
1209 4484 1321 4536 Οὐκ
1370 4487 1558 4557 ἔσομαι
1605 4483 1870 4559 ἀρχηγός,

267 4571 398 4625 ἄλλα
422 4575 551 4645 μετὰ
583 4573 893 4647 προσθήκης
914 4587 929 4600 °
981 4571 1091 4623 Οὐκ
1121 4574 1310 4644 ἔσομαι
1352 4572 1591 4647 ἀρχηγός
1615 4582 1707 4624 τοῦ
1742 4573 1870 4625 λαοῦ

267 4665 456 4714 τούτου
473 4678 486 4690 ·
518 4665 609 4713 καὶ
632 4665 726 4719 τήν
752 4660 928 4713 αἰτίαν
949 4658 1225 4731 ἐπήγαγεν,
1253 4661 1333 4712 ὅτι
1353 4662 1418 4712 Αἱ
1437 4660 1679 4732 γλῶσσαι
1702 4661 1870 4713 αὐτῶν

266 4753 400 4824 μετὰ
428 4748 642 4822 ἀνομίας
682 4750 765 4802 τα
797 4751 928 4823 πρός
962 4751 1153 4823 Κύριον
1194 4747 1521 4805 ἀπειθοῦσιν.
1556 4745 1684 4802 Εἶτα
1712 4757 1869 4803 Μωυ-

269 4849 365 4901 σῆς
406 4842 496 4911 μεν
542 4838 629 4892 ἐπὶ
680 4839 1010 4912 περιφάνειαν
1057 4836 1180 4910 βίου
1237 4842 1327 4891 καὶ
1379 4837 1507 4890 λαοῦ
1544 4843 1869 4911 προστασίαν

263 4931 521 4983 τοσούτου
552 4927 882 4999 καλούμενος,
932 4934 1301 5000 παραιτεῖται’
1350 4933 1439 4989 Τίς
1479 4927 1606 5000 εἰμι,
1654 4929 1735 4980 ὅτι
1773 4949 1870 4981 πο-

336 5075 385 5110 “
420 5075 554 5129 Luc.
575 5087 691 5139 xw,
724 5076 805 5126 11.
903 5072 947 5105 ⁸⁷
974 5069 1163 5127 Galat.
1185 5086 1266 5140 τι,
1293 5072 1345 5124 1.
1436 5072 1506 5106 ετ·
1538 5073 1713 5128 Marc.
1735 5087 1789 5140 x,
1814 5073 1866 5125 4.

366 5217 410 5288 1)
452 5214 677 5288 Βλέπων.
713 5206 1166 5288 Begiuscodex,
1205 5209 1524 5288 προϐλέτξων.

366 5222 380 5272 l
452 5217 677 5267 Βλέπων.
713 5217 931 5284 Regius
952 5217 1166 5283 codex,
1205 5217 1524 5288 προϐλέπων.

452 5283 1116 5361 Προσλαμϐάνωνηιᾶθξῐι,
1148 5283 1582 5361 προσλαμϐάνον.

337 5355 417 5429 (3⁷)
453 5355 567 5412 οῦκ
607 5355 865 5430 laxam.
898 5358 986 5413 Ita
1021 5355 1237 5427 Regius
1266 5355 1478 5414 codex.
1509 5356 1682 5425 Editi,
1712 5355 1869 5428 ἰσχύ-

270 5447 419 5570 σιῖῗ)
454 5502 534 5557 Ex
563 5499 730 5572 hom.
759 5514 816 5556 ιι
842 5500 906 5556 in
934 5499 1248 5572 Heraeum,
1282 5502 1371 5556 87.

343 5572 425 5640 (ὅ)
457 5572 539 5627 Ex
564 5571 731 5631 hom.
766 5576 844 5629 De
869 5571 1241 5643 humilitate,
1271 5572 1400 5635 162.

1979 3167 2099 3224 que
2130 3167 2251 3208 una
2276 3168 2412 3208 cum
2463 3149 2597 3206 aliis
2646 3150 2883 3222 injuria:
2912 3149 3234 3222 participes
3274 3151 3482 3221 simus,
3516 3160 3641 3209 non

1979 3241 2385 3311 inveniamus,
2413 3241 2518 3313 qui
2545 3239 3099 3304 commiserescant,
3127 3255 3198 3297 eo
3229 3239 3396 3313 quod
3425 3241 3639 3299 lmtitiae

1979 3330 2251 3401 tempore
2282 3329 2352 3385 iis
2404 3329 2509 3402 qui
2538 3328 2761 3399 injuria
2792 3327 3229 3395 efﬁciebantur,
3254 3330 3641 3387 commisere»

1978 3421 2159 3478 tionis
2190 3419 2537 3492 symbolam
2558 3434 2678 3474 non
2709 3419 3181 3488 erogaverimus.
3205 3421 3283 3490 (8)
3315 3420 3449 3476 Mihi
3479 3421 3640 3477 enim

1980 3510 2231 3566 omnino
2259 3508 2525 3580 ignorari
2554 3507 2750 3578 magis
2799 3507 2998 3563 studio
3045 3507 3173 3577 fuit,
3205 3525 3393 3581 quam
3438 3509 3642 3581 gloriae

1981 3596 2217 3670 cupidis
2241 3598 2302 3653 in
2332 3596 2465 3653 luce
2486 3596 2738 3654 versari.
2778 3598 2854 3669 (9)
2881 3599 2966 3653 Tn
2991 3595 3171 3666 igitur
3193 3599 3427 3653 tantum
3461 3597 3643 3655 studii

1980 3687 2041 3742 in
2071 3703 2143 3743 eo
2172 3686 2403 3759 ponito,
2427 3689 2591 3741 utne
2633 3684 2797 3757 apud
2828 3678 3106 3739 homines
3141 3682 3330 3753 gloria
3355 3678 3640 3757 atﬁciare,

1978 3781 2275 3850 quantum
2300 3775 2498 3831 caeteri
2512 3779 2574 3829 ut
2588 3773 2841 3845 gloriam
2858 3772 3289 3845 adipiscantur.
3305 3776 3642 3848 Atadeptu‘s

1979 3881 2043 3921 es
2075 3864 2426 3937 praeclaram
2458 3862 2835 3934 dignitatem,
2889 3861 3289 3935 hominesque
3329 3860 3534 3920 colunt
3586 3868 3640 3921 te

1978 3958 2159 4027 atque
2185 3951 2531 4021 observant,
2573 3954 2627 4007 et
2673 3950 2921 4021 gloriam
2970 3951 3168 4007 dant?
3208 3954 3342 4008 Esto
3380 3952 3638 4009 subditis

1980 4040 2213 4098 similis.
2246 4042 2394 4096 Nam
2421 4039 2677 4113 quivult
2705 4040 2937 4112 primus
2977 4055 3131 4107 esse,
3175 4048 3317 4096 eum
3362 4041 3639 4097 omnium

1979 4147 2222 4187 servum
2274 4145 2409 4185 esse
2457 4128 2746 4185 Dominus
2790 4120 3076 4198 jussit”.
3109 4130 3224 4198 (10)
3252 4131 3501 4202 Magnus
3541 4129 3639 4186 ille

1975 4220 2186 4289 Moses,
2215 4234 2340 4292 quo
2368 4233 2550 4273 nemo
2588 4228 2859 4289 unquam
2893 4214 3260 4273 tractabilior
3284 4220 3464 4290 atque
3493 4217 3637 4274 obe-

1977 4306 2235 4365 dientior
2286 4306 2417 4370 fuit,
2471 4308 2722 4379 quando
2779 4305 2858 4361 ad
2914 4303 3210 4378 populum
3269 4306 3635 4374 mittebatur,

1978 4399 2175 4455 aiebat
2209 4416 2221 4453 :
2253 4396 2524 4463 Obsecro,
2557 4395 2829 4462 Domine,
2873 4396 3024 4466 elige
3061 4397 3249 4451 alium
3304 4410 3476 4467 quem
3504 4397 3638 4451 mit-

1981 4488 2143 4544 tes“.
2196 4489 2277 4541 Ex
2324 4501 2447 4557 quo
2494 4484 2720 4541 factum
2767 4488 2860 4539 est
2887 4490 2952 4538 ut
2984 4486 3137 4539 Deus
3168 4483 3368 4555 ipsum
3398 4484 3638 4555 urgeret

1978 4575 2155 4648 quasi
2175 4573 2560 4647 pertinacius,
2590 4578 2792 4646 utpote
2817 4572 2921 4644 qni
2950 4572 3065 4627 hac
3095 4573 3228 4644 ipsa
3259 4574 3635 4629 recusatione

1980 4669 2037 4721 et
2064 4680 2187 4719 suae
2218 4662 2580 4718 inﬁrmitatis
2600 4660 2977 4717 confessione
2999 4677 3061 4716 se
3086 4662 3351 4733 primatu
3378 4661 3631 4731 dignum

1979 4752 2340 4808 ostenderet.
2365 4752 2738 4823 Quapropter
2765 4749 3005 4819 egregia
3022 4754 3111 4804 est
3134 4748 3468 4806 admonitio
3488 4749 3589 4807 illa
3616 4768 3630 4807 :

1978 4838 2067 4898 Ne
2098 4855 2333 4913 quaeras
2362 4841 2498 4909 ﬁeri
2510 4838 2729 4908 judex,
2761 4852 2836 4894 ne
2853 4839 3017 4908 forte
3035 4850 3157 4894 non
3180 4841 3367 4908 possis
3391 4840 3636 4909 auferre

1978 4930 2413 5002 iniquitates”.
2444 4931 2720 4983 Attamen
2745 4926 3189 4983 recusationem
3218 4936 3448 4993 eorum,
3472 4929 3577 5001 qui
3598 4935 3634 4986 ει

1979 5074 2029 5108 ⁸⁸
2060 5071 2244 5128 Exod.
2268 5087 2344 5140 vr,
2379 5074 2463 5127 13.
2542 5070 2589 5105 ⁸9
2622 5068 2795 5125 Eccli.
2823 5084 2918 5136 vn,
2942 5072 2999 5124 6.

2050 5218 2126 5287 (6)
2161 5217 2242 5269 Ex
2265 5212 2438 5287 epist.
2472 5227 2587 5280 le,
2621 5212 2739 5287 1543

2050 5284 2130 5357 (τ)
2157 5288 2236 5340 Ex
2264 5284 2437 5357 epist.
2468 5299 2598 5352 va,
2636 5285 2755 5338 158.

2050 5355 2129 5429 (8)
2160 5358 2243 5412 Ex
2267 5355 2441 5429 epist.
2473 5369 2605 5429 cex,
2630 5357 2754 5429 313.

2054 5426 2133 5497 (9)
2164 5434 2242 5483 Ex
2265 5426 2435 5484 hbm.
2466 5426 2554 5482 De
2583 5426 2939 5497 humilitate,
2978 5429 3097 5482 162.

2055 5500 2166 5571 (10)
2197 5501 2280 5555 Ex
2305 5505 2631 5556 comment.
2653 5498 2719 5553 in
2746 5498 2891 5565 Isa.,
2922 5500 3046 5553 457.
