4084 6376
317 362 457 418 1361

1023 360 1253 417 SERMO
1294 361 1428 417 XXI.
1477 390 1545 400 —
1586 362 1675 416 DE
1712 358 2077 418 PROSPERA
2115 363 2200 419 ET
2237 362 2566 417 ADVERSA
2605 360 2953 417 FORTUNA.

3544 362 3686 417 1362

318 505 487 558 μενον,
540 484 739 557 ’Ὠσπερ
789 486 890 559 γὰρ
953 483 1221 537 θάλασσαν
1281 484 1555 557 ἀμήχανον
1612 488 1707 542 τὴν
1768 483 1913 542 αὑτὴ]

2034 484 2393 543 hilaritatem
2448 489 2505 542 et
2540 484 2601 540 in
2658 500 2797 539 vere
2821 483 3157 553 jucundam
3198 482 3686 556 tranquillitatem

320 575 407 629 ἐπὶ
462 574 592 628 πολὺ
647 570 928 646 διαρκέσαι
957 576 1071 646 (τὴν
1102 576 1203 649 γὰρ
1230 582 1319 626 νῦν
1353 573 1491 627 λείαν
1516 579 1608 626 καὶ
1634 576 1923 649 σταθηράν,

319 668 504 739 μικρὸν
562 664 775 735 ὕστερον
831 661 946 735 ὄψει
1015 661 1162 735 βίαις
1216 662 1411 735 ἀνέμων
1490 667 1921 738 τραχυνομένην’

318 758 409 805 καὶ
455 757 631 825 μέντοι
677 756 766 804 καὶ
832 756 925 811 τὴν
976 750 1350 825 ἀγριαίνουσαν
1402 757 1490 804 καὶ
1554 750 1925 827 βρασσομένην

317 852 391 914 τῷ
463 839 712 906 κλύδωνι,
768 841 960 916 βαθεῖα
1022 841 1220 913 γαλήνη
1296 846 1439 914 ταχὺ
1508 844 1924 917 κατεστόρεσεν),

318 935 454 986 οὕτω
483 937 573 986 καὶ
611 935 677 985 τά
719 939 809 985 τοῦ
851 931 974 1004 βίον
999 935 1286 1007 πράγματα
1322 929 1522 1006 ῥᾳδίως
1559 931 1808 1005 λαμϐάνει
1837 934 1926 992 τὰς

316 1024 665 1097 περιστροφάς
739 1020 813 1093 ἐφ’
897 1020 1129 1095 ἑκάτερα.
1206 1023 1301 1074 Διά
1365 1029 1518 1074 τοῦτο
1606 1019 1923 1094 κυϐερνήτου

316 1116 497 1185 χρεία,
542 1114 625 1163 ἱνα
663 1115 751 1162 καὶ
811 1108 859 1161 ἐν
915 1109 1108 1183 γαλήνη
1188 1118 1281 1163 τοῦ
1350 1108 1494 1183 βίου,
1542 1113 1746 1162 πάντων
1785 1110 1925 1180 αὐτῷ

315 1202 453 1252 κατά
499 1206 616 1252 νοῦν
657 1200 734 1272 (1)
787 1202 1092 1272 προίόντων,
1142 1202 1237 1261 τάς
1273 1198 1559 1272 μεταϐολὰς
1610 1195 1921 1270 ἐκδέχηται,

313 1294 404 1341 καὶ
451 1293 523 1361 μὴ
594 1291 661 1351 ὡς
694 1286 972 1349 ἀθανάτοις
1038 1295 1147 1350 τοῖς
1188 1297 1447 1363 παροῦσιν
1483 1288 1883 1344 έπαναπαύηται
1908 1308 1919 1321 ·

316 1382 407 1430 καὶ
461 1376 510 1429 ἐν
567 1386 629 1450 τῇ
690 1378 1098 1450 σκυθρωποτέρα
1142 1378 1466 1429 καταστάσει
1523 1381 1595 1448 μὴ
1658 1375 1914 1448 ἀπελπίξη

317 1477 417 1520 τῶν
462 1467 670 1539 ἀγαθῶν
697 1471 796 1536 (2),
828 1470 896 1529 ὡς
935 1466 995 1518 ἂν
1025 1472 1096 1540 μη
1149 1475 1211 1540 τῇ
1268 1470 1617 1541 περισσοτέρᾳ
1654 1466 1788 1540 λύπῃ
1832 1487 1923 1519 κα-

313 1558 558 1618 ταποθεὶς
626 1555 955 1630 ὑποϐρύχιος
1004 1562 1241 1628 φέρηται.
1268 1556 1435 1616 Οὗτος
1473 1557 1575 1627 γάρ
1604 1554 1744 1606 ἐστιν
1784 1557 1809 1606 ό
1835 1574 1920 1607 νο-

313 1650 458 1716 ημων
533 1643 867 1716 κυϐερνήτης,
926 1645 952 1695 ό
1020 1642 1420 1715 ἐστοχασμένως
1582 1650 1671 1704 τῆς
1714 1644 1919 1695 ὑποκει-

311 1738 465 1806 μένης
553 1736 753 1807 φύσεως
820 1734 1308 1807 μεταχειριζόμενος
1383 1735 1447 1785 τά
1532 1737 1918 1804 συμπίπτοντα,

310 1828 400 1875 καὶ
461 1825 636 1895 ὅμοιος
678 1821 757 1876 ἀεὶ
796 1823 955 1884 αὐτὸς
997 1822 1163 1893 ἑαυτῷ
1219 1819 1496 1895 διαμένων,
1538 1827 1671 1894 μήτε
1709 1820 1918 1896 ἐπαιρὸ-
1947 1835 1988 1889 Β

310 1931 459 1984 μενος
507 1911 555 1964 ἐν
614 1919 730 1972 ταῖς
777 1912 1071 1983 εὐθυμίαις,
1124 1916 1257 1983 μήτε
1293 1914 1634 1963 καταπίπτων
1699 1913 1748 1962 ἐν
1803 1918 1919 1971 ταῖς

312 2007 622 2075 συμφοραῖς.
676 2005 859 2054 Καίτοι
905 1998 1195 2073 κυϐερνήτῃ
1250 2003 1341 2073 μὶν
1390 2000 1483 2052 οὐκ
1526 1998 1719 2071 ἐφεῖται
1756 1998 1917 2071 γαλη-

308 2108 399 2147 νην
465 2096 630 2141 ποιεῖν
679 2090 762 2142 ὅτε
801 2086 1065 2160 βούλεται,
1117 2090 1243 2161 ἡμῖν
1311 2086 1370 2142 δὲ
1436 2088 1671 2160 ἀκύμονα
1720 2088 1916 2150 ἑαυτοῖς

308 2179 567 2247 καθιστᾲν
598 2180 684 2229 τὸν
726 2175 844 2249 βίον
882 2180 971 2228 καὶ
1016 2178 1149 2229 πάνυ
1190 2173 1398 2249 ῥᾴδιον,
1439 2175 1523 2229 ἐὰν
1552 2180 1673 2237 τοὺς
1711 2174 1914 2229 ἐνὸοθεν

307 2266 365 2318 ἐκ
423 2273 523 2317 τῶν
579 2268 759 2318 παθῶν
812 2268 1249 2338 ἐπανισταμένους
1310 2263 1562 2339 θορύϐους
1621 2268 1913 2336 κατασιγά-

307 2374 497 2428 σωμεν,
559 2360 649 2407 καὶ
700 2363 801 2407 τῶν
853 2354 1035 2417 ἔξωθεν
1094 2360 1530 2424 προσπιπτόντων
1588 2353 1911 2428 ὑψηλοτέραν

304 2448 399 2504 τὴν
456 2449 669 2517 γνώμην
757 2446 1237 2516 καταστησώμεθα.
1303 2443 1445 2497 Ἐπεὶ
1508 2445 1614 2515 οἵγε
1670 2440 1912 2519 σφοδρῶς

301 2540 419 2594 ταῖς
455 2540 548 2584 τοῦ
587 2530 708 2604 βίου
749 2538 1023 2606 μερίμναις
1077 2532 1497 2605 κατειλημμένοι,
1562 2534 1665 2584 οἷον
1716 2535 1909 2606 ιῇονιθες

304 2622 650 2694 πολύσαρκοι,
710 2621 819 2679 εἰκῆ
885 2625 943 2673 τὸ
991 2624 1177 2695 πτερόν
1220 2624 1447 2692 ἔχοντες,
1516 2624 1657 2674 κάτω
1686 2640 1785 2673 που
1818 2624 1907 2673 σύ-

301 2728 484 2781 ρονται
511 2712 643 2781 μετά
674 2718 772 2761 τῶν
806 2707 1181 2781 βοσκημάτων.

373 2803 431 2854 ‘2.
475 2798 660 2852 Πολλοὶ
726 2794 785 2850 δὲ
832 2798 1083 2861 πολλάκις
1136 2798 1299 2851 πολλὰ
1357 2800 1793 2874 συναθροίσαντες
1849 2800 1904 2852 ἐκ

300 2891 553 2957 νεότητος,
610 2890 729 2960 περὶ
782 2889 848 2939 τὰ
911 2891 1049 2959 μέσα
1086 2895 1179 2939 τοῦ
1219 2886 1342 2960 βίον
1406 2892 1686 2959 γενόμενοι,
1721 2889 1905 2942 ἐπανα-

304 2979 531 3029 στάντων
590 2976 766 3036 αὑτοῖς
816 2984 1121 3052 πειρασμῶν
1190 2975 1246 3027 ἐκ
1298 2984 1395 3028 τῶν
1452 2980 1753 3049 πνευμάτων
1810 2987 1904 3040 τῆς

296 3072 570 3139 πονηρίας,
621 3065 716 3117 οὐκ
782 3069 1003 3137 ἤνεγκαν
1059 3072 1151 3118 τοῦ
1194 3074 1453 3138 χειμῶνος
1492 3070 1550 3118 τὸ
1591 3065 1777 3141 βάρος,
1810 3064 1905 3121 διὰ

2038 581 2521 631 transmutatam.
2548 573 3076 640 Quemadmodum
3096 572 3258 629 enim
3289 573 3415 628 fieri
3439 589 3563 629 non
3586 590 3688 645 po-

2038 671 2168 732 test,
2197 671 2258 720 ut
2283 680 2449 720 mare
2466 664 2568 719 diu
2586 664 2747 718 idem
2769 667 3120 734 permaneat
3137 661 3322 735 (quod
3345 662 3501 718 enim
3526 678 3688 717 nunc

2037 754 2426 827 tranquillum
2454 770 2524 810 ac
2552 753 2760 809 stabile
2787 754 2977 820 vides,
3002 752 3185 825 paulo
3206 751 3689 825 postconspicies

2035 850 2348 901 ventorum
2368 845 2423 899 vi
2441 848 2896 916 exasperatum;
2924 843 3087 914 quod
3110 858 3251 898 vero
3267 842 3575 898 etl'eratum
3601 847 3690 897 est

2035 938 2090 991 et
2121 939 2263 989 aestu
2285 935 2700 998 effervescens,
2730 948 2868 988 mox
2898 931 3298 1004 tranquillitas
3330 930 3450 986 alta
3476 929 3685 1001 sedat),

2036 1026 2121 1080 sic
2142 1025 2323 1081 etiam
2347 1040 2440 1080 res
2468 1023 2794 1078 mundame
2817 1023 2874 1079 in
2905 1027 3223 1093 utramque
3254 1024 3485 1093 partem
3518 1019 3688 1074 facile

2036 1120 2485 1171 convertuntur.
2540 1116 2679 1168 liam
2712 1112 2790 1167 ob
2822 1128 3066 1168 causam
3090 1111 3490 1181 gubernatore
3529 1125 3685 1181 opus

2032 1211 2140 1271 est,
2172 1208 2312 1259 utet
2341 1203 2399 1258 in
2432 1202 2567 1257 vitae
2598 1201 3041 1273 tranquillitate,
3081 1201 3364 1257 omnibus
3396 1216 3465 1253 ex
3501 1199 3686 1254 animi

2033 1293 2326 1350 sententia
2354 1291 2841 1364 procedentibus,
2888 1290 3248 1346 mutationes
3290 1288 3684 1361 prtestolctur.

2031 1398 2141 1437 nec
2163 1382 2221 1437 in
2254 1380 2651 1452 przesentibus
2684 1384 2974 1450 tanquam
3005 1395 3245 1448 semper
3274 1376 3684 1449 permansuris

2030 1469 2451 1541 conquiescat;
2512 1484 2707 1539 neque
2739 1468 2796 1522 in
2821 1468 3242 1523 molestissimo
3273 1466 3452 1522 etiam
3481 1481 3681 1521 rerum

1992 1548 1995 1553 ’
2030 1564 2185 1614 statu
2220 1559 2468 1614 meliora
2498 1559 2794 1629 desperet,
2830 1574 2904 1612 ne
2948 1557 3374 1613 abundantiori
3405 1556 3683 1612 maestitia

2029 1648 2351 1720 absorptus
2375 1648 2816 1715 submergatur.
2840 1650 2914 1718 (4-)
2951 1650 3097 1703 Nam
3130 1646 3223 1701 ille
3252 1646 3499 1701 demum
3520 1644 3684 1700 intel-

2027 1737 2219 1807 ligens
2249 1744 2334 1792 est
2362 1737 2749 1805 gubernator,
2774 1739 2875 1809 qui
2898 1737 3184 1807 subjectte
3213 1742 3443 1792 naturae
3475 1734 3682 1789 habita

2027 1828 2279 1895 ratione,
2312 1842 2384 1882 ea
2404 1844 2540 1898 quae
2559 1827 2860 1894 accidunt,
2888 1831 3119 1896 tractat,
3166 1825 3391 1898 quique
3413 1823 3524 1878 sibi
3550 1824 3680 1893 ipse

2028 1916 2237 1971 similis
2254 1932 2493 1988 semper
2518 1931 2901 1987 permanens,
2920 1931 3115 1988 neque
3135 1914 3316 1969 rebus
3345 1912 3491 1969 ltetis
3514 1910 3680 1967 effer-

2026 2009 2140 2073 tur,
2169 2020 2367 2076 neque
2397 2004 2456 2059 in
2489 2004 2776 2060 aerumnis
2808 2004 3013 2060 animo
3043 2003 3322 2059 concidit.
3356 2005 3505 2057 Nam
3533 2016 3681 2057 nau-

2025 2097 2185 2148 clero
2216 2092 2462 2164 quidem
2489 2108 2609 2148 non
2635 2092 2774 2148 licet
2798 2091 3290 2164 tranquillitatem
3314 2090 3507 2146 facere
3536 2104 3679 2145 cum

2024 2182 2293 2251 voluerit,
2328 2182 2431 2237 sed
2456 2181 2631 2237 nobis
2663 2180 3046 2253 tranquillam
3083 2179 3260 2236 nobis
3306 2179 3453 2251 ipsis
3491 2177 3677 2234 vitam

2022 2269 2403 2335 constituere,
2424 2270 2601 2325 etiam
2635 2269 2884 2324 omnino
2919 2268 3171 2335 facile,si
3200 2266 3495 2322 tumultus
3515 2265 3676 2321 intus

2022 2373 2095 2414 ex
2146 2358 2304 2413 vitiis
2360 2358 2739 2428 insurgentes
2790 2373 3271 2428 compescamus,
3305 2362 3362 2411 et
3401 2355 3493 2411 his
3536 2371 3675 2425 qua:

2021 2449 2391 2503 extrinsecus
2428 2448 2728 2515 accidunt,
2763 2446 3035 2503 altiorem
3085 2447 3359 2501 animum
3416 2442 3676 2500 stabilia-

2020 2553 2180 2592 mus.
2215 2541 2363 2593 Nam
2385 2537 2485 2608 qui
2509 2538 2648 2592 vitae
2687 2537 2846 2592 curis
2880 2536 3213 2591 admodum
3245 2535 3466 2590 detenti
3497 2534 3672 2605 579

2023 2630 2184 2688 sunt,
2243 2626 2415 2681 veluti
2471 2642 2744 2681 carnosae
2801 2642 2945 2681 aves
2988 2626 3207 2681 frustra
3238 2624 3350 2680 alis
3376 2625 3672 2679 instructa:

2017 2729 2142 2770 una
2165 2730 2304 2770 eum
2331 2715 2650 2786 pecoribus
2674 2714 2842 2770 humi
2864 2718 3133 2786 serpunt.

2088 2810 2139 2859 2.
2177 2806 2246 2876 (ὅ)
2282 2803 2550 2876 Plerique
2581 2820 2722 2859 vero
2754 2804 2956 2859 multis
2986 2820 3022 2860 a
3045 2804 3357 2875 juventutc
3387 2801 3666 2867 collectis,

2016 2892 2122 2948 ubi
2152 2893 2231 2949 ad
2261 2893 2528 2948 mediam
2558 2892 2677 2949 fere
2704 2898 2940 2949 (etatem
2959 2892 3263 2964 progressi
3290 2890 3670 2963 sunt,nequi-

2016 2982 2110 3038 tite
2123 2982 2432 3055 spiritibus
2445 2983 2737 3038 adversus
2760 2999 2863 3039 eos
2879 2983 3231 3039 tentationes
3244 2980 3666 3049 excitantibus,

2014 3073 2381 3145 tempestatis
2410 3088 2588 3139 onus,
2642 3075 2847 3143 utpote
2902 3070 3336 3142 gubernatione
3382 3068 3668 3136 destituti,

293 3158 352 3206 τὸ
400 3160 492 3214 τήν
544 3153 856 3229 κυϐέρνησιν
917 3154 1097 3215 αὐτοῖς
1145 3159 1215 3227 μὴ
1276 3162 1537 3229 παρεῖναι,
1589 3154 1715 3209 ἀλλά
1765 3159 1901 3208 πάν-

2020 3177 2135 3217 non
2162 3162 2577 3218 sustinuerunt
2607 3179 2619 3216 :
2650 3162 2758 3218 sed
2780 3161 3056 3218 omnium
3083 3160 3319 3216 illarum
3352 3176 3554 3217 rerum
3575 3160 3666 3231 ja-

294 3262 394 3296 των
452 3243 654 3296 ἐκείνων
702 3248 797 3302 τὴν
830 3244 1020 3316 ξημίαν
1075 3245 1371 3317 ὑπέμειναν.
1406 3250 1507 3298 Καὶ
1555 3248 1603 3297 οἰ
1636 3249 1748 3318 μὲν,
1777 3251 1902 3320 Περὶ

292 3337 387 3392 τὴν
442 3338 620 3385 πίστιν
675 3331 1036 3404 ἐναυάγησαν·
1099 3331 1246 3385 οὓς).οι
1301 3330 1379 3401 δὲ,
1442 3338 1781 3407 σωφροσύνην
1841 3336 1901 3393 ἣν

294 3426 591 3493 συνήγαγον
658 3421 714 3473 ἐκ
752 3426 1011 3490 νεότητος,
1053 3424 1229 3495 ὥσπερ
1258 3420 1573 3495 καταιγίδος
1624 3429 1757 3486 τινὸς
1811 3434 1902 3485 τῆς

291 3518 523 3585 πονηρᾶς
594 3508 788 3572 ἡδονῆς
831 3508 1253 3585 ἐπιδραμούσης,
1305 3511 1602 3568 ἀπώλεσαν.
1662 3513 1903 3566 Ἐλεεινόο

292 3620 443 3653 τατον
514 3602 698 3673 θέαμα,
761 3603 893 3674 μετά
944 3605 1213 3669 νηστείαν,
1270 3603 1399 3675 μετά
1477 3602 1899 3677 σκληραγωγίαν,

291 3691 421 3761 μετὰ
482 3693 790 3764 προσευχὴν
871 3688 1072 3755 ἐκτενῆ,
1150 3692 1281 3761 μετά
1355 3687 1583 3765 δάκρυον
1660 3687 1899 3763 δαψιλὲς,

292 3782 420 3850 μετὰ
466 3780 767 3852 ἐγκράτειαν
825 3782 991 3831 εἴκοσί
1043 3798 1144 3831 που
1196 3780 1319 3830 ἑτῶν
1365 3780 1394 3838 ᾖ
1458 3782 1758 3854 τριάκοντα,
1826 3775 1900 3833 δι’

294 3864 608 3940 ἀπροσεξίαν
652 3867 842 3939 ψυχῆς
892 3871 981 3920 καὶ
1038 3866 1297 3940 ἀμέλειαν,
1374 3872 1568 3940 γυμνὸν

794 3961 884 4009 καὶ
962 3956 1330 4032 παραπλήσιον
1368 3960 1610 4028 γενέσθαι
1671 3962 1756 4010 τόν
1835 3967 1896 4031 τῇ

1664 3870 1901 3921 ἁπάντων

293 3953 686 4028 ἀποδειχθῆναι
721 3978 733 3989 ·

290 4047 516 4123 ἐργασίᾳ
558 4056 658 4099 τῶν
698 4046 908 4099 ἐντολῶν
962 4048 1355 4120 εὐθηνοὺμενον,
1396 4047 1602 4121 ἐμπόρῳ
1652 4054 1754 4101 τινὶ
1805 4068 1899 4121 με-

290 4136 646 4209 γαλοπλούτῳ,
691 4135 746 4197 ὃς
802 4144 873 4207 τῷ
920 4136 1109 4195 πλήθει
1147 4145 1246 4188 τῶν
1297 4136 1574 4210 ἀγωγίμων
1607 4137 1899 4209 ἐπαγαλλό-

292 4246 460 4300 μενος,
518 4224 750 4299 ἐξουρίας
789 4225 931 4297 αὐτῴ
968 4234 1061 4287 τῆς
1118 4230 1238 4286 νηὸς
1269 4230 1570 4299 φερομένης,
1618 4230 1683 4279 τά
1711 4226 1900 4299 φοϐερά

292 4315 491 4387 πελάγη
535 4311 869 4388 διαδραμὼν,
929 4320 1062 4390 πρὸς
1100 4316 1278 4376 αὐτοῖς
1315 4323 1419 4376 τοῖς
1448 4316 1624 4389 λιμέσι
1672 4313 1898 4391 διαρρα-

293 4407 467 4473 γέντος
506 4409 597 4453 τοῦ
624 4403 830 4469 πλοίου,
883 4406 1088 4455 πάντων
1130 4402 1315 4478 ἀθρόον
1354 4407 1546 4478 ἕρημος
1577 4402 1898 4477 ἀπεδείχθη.

294 4494 427 4553 Τοὺς
465 4493 725 4550 τοιούτους
764 4492 789 4541 ὀ
840 4494 966 4552 Θεὸς
1018 4494 1163 4563 ἡμῶν
1204 4491 1346 4547 ἐλεεῖ.
1389 4492 1561 4555 Ἔλεος
1613 4496 1715 4567 γὰρ
1788 4494 1901 4546 ἐστι
1935 4541 1977 4595 D

358 4581 402 4595 Ἀ
500 4577 513 4591 θ
562 4584 571 4595 ι
689 4583 699 4595 \
875 4579 887 4595 Ω
927 4578 1003 4595 ννι
1443 4584 1453 4595 ι
1740 4586 1752 4595 ι
1846 4592 1865 4595 .-

297 4581 463 4641 πάθος
493 4577 579 4632 ἐπὶ
617 4583 739 4642 τοὺς
761 4579 887 4651 παρ’
918 4578 1066 4642 ἀξίαν
1107 4584 1591 4653 τεταπεινωμένους,
1619 4586 1765 4657 παρὰ
1801 4592 1900 4635 τῶν

301 4671 594 4744 συμπαθῶς
669 4666 1037 4743 διατιθεμένων
1111 4673 1398 4742 γινόμενον.
1465 4670 1730 4743 Ἐλεοῡμεν
1813 4676 1900 4725 τὸν

299 4757 355 4812 ἐκ
404 4758 632 4835 μεγάλου
688 4758 914 4812 πλούτου
972 4762 1101 4835 πρὸς
1130 4764 1223 4817 τὴν
1264 4758 1500 4831 ἐσχάτην
1530 4766 1706 4813 πενίαν
1745 4781 1903 4814 κατα-

297 4853 541 4916 πεσόντα,
590 4851 678 4901 τόν
738 4847 793 4900 ἐκ
856 4856 953 4910 τῆς
990 4850 1154 4923 ἄκρας
1206 4848 1399 4911 εὐεξίας
1427 4857 1518 4902 τοὺ
1552 4855 1790 4922 σώματος
1831 4851 1901 4913 εἰς

297 4944 392 4999 τὴν
438 4939 672 5011 ἐσχάτην
730 4937 997 4992 ἀσθένειαν
1044 4937 1458 5007 καταϐληθέντα,
1498 4944 1587 4993 τόν
1620 4939 1704 4995 ἐπὶ
1730 4941 1902 4993 κάλλει

300 5034 389 5084 καὶ
453 5030 564 5102 ὥρᾳ
616 5034 855 5101 σώματος
903 5026 1245 5102 ἀγαλλόμενον
1284 5034 1373 5082 καὶ
1417 5031 1517 5082 ὑπὸ
1570 5038 1669 5083 τῶν
1709 5030 1903 5103 αἰσχί-

367 5230 416 5265 vs
450 5225 807 5298 lTim.i,19.

369 5427 450 5500 (1)
485 5426 813 5500 ΔΚοιτὸιμνο-ῡίρ.
860 5423 1106 5500 Legitur
1134 5423 1196 5479 in
1240 5424 1546 5500 contextu,
1602 5425 1738 5478 κατά
1760 5425 1907 5500 ῥοῦν.

304 5494 399 5557 Sic
423 5494 604 5554 etiam
636 5495 821 5554 habet
844 5494 1035 5553 codex
1073 5498 1215 5565 Reg.
1247 5498 1406 5554 1910.

375 5571 452 5638 (2)
488 5575 602 5620 Τῶν
651 5568 886 5642 ἀγαθῶν.
944 5569 1286 5634 Contextus,
1336 5567 1534 5635 ἑαυτόν,
1571 5582 1681 5625 nec
1725 5567 1799 5625 de
1852 5584 1913 5626 se

305 5639 951 5785 αϐῗῶϐζὲζτοχασμένως.
1016 5710 1110 5769 Sic
1150 5710 1336 5769 habet
1357 5713 1690 5769 contextus.
1741 5711 1913 5784 Editi,

2011 3256 2246 3307 cturam
2277 3251 2490 3307 fecere.
2508 3255 2589 3307 Ac
2615 3252 2713 3308 alii
2744 3252 2987 3323 quidem
3010 3251 3180 3307 Circa
3206 3250 3383 3318 ﬁdem
3410 3250 3670 3320 naufra-

2009 3347 2308 3411 gaverunt
2327 3343 2396 3411 ⁷⁵,
2415 3341 2534 3409 alii,
2550 3356 2738 3412 prava
2753 3340 3055 3412 voluptate
3075 3339 3135 3395 in
3162 3339 3416 3395 modum
3436 3339 3665 3410 procel-

2010 3429 2083 3485 la:
2132 3430 2453 3501 cujusdam
2503 3430 2836 3499 ingruente,
2870 3435 3286 3502 comparatam
3325 3428 3667 3499 abjuventa

2011 3520 2344 3575 castitatem
2357 3520 2714 3576 amiserunt.
2738 3518 3074 3575 Miserabile
3088 3518 3518 3590 spectaculum,
3531 3522 3670 3589 post

2005 3609 2325 3681 jejunium,
2380 3616 2519 3681 post
2575 3610 2797 3664 durum
2821 3608 2956 3664 vitae
2983 3624 3192 3679 genus,
3237 3611 3377 3681 post
3403 3607 3667 3680 prolixae

2010 3714 2240 3771 preces,
2271 3706 2407 3771 post
2449 3699 2751 3771 lacrymas
2782 3699 2948 3769 large
2984 3698 3288 3770 profusas,
3318 3701 3458 3770 post
3484 3696 3670 3753 conti-

2010 3786 2277 3843 nentiam
2307 3802 2608 3842 annorum
2639 3785 2867 3855 viginti,
2894 3790 2998 3842 aut
3027 3785 3176 3842 forte
3201 3785 3442 3853 triginta
3460 3785 3663 3852 etiam,

2010 3892 2119 3947 per
2148 3876 2335 3931 animi
2363 3874 2938 3931 inconsiderantiam
2987 3890 3057 3931 ac
3081 3874 3397 3939 incuriam,
3429 3874 3666 3931 nudum
3746 3912 3747 3915 η

2011 3972 2068 4022 et
2097 3964 2422 4037 spoliatum
2452 3964 2737 4020 omnibus
2781 3964 3066 4033 inveniri;
3114 3979 3185 4020 ac
3230 3962 3485 4020 similem
3536 3962 3668 4019 ﬁeri

2011 4070 2169 4123 eum,
2196 4056 2299 4126 qui
2324 4059 2763 4127 praeceptorum
2796 4058 3028 4125 quaestu
3050 4053 3371 4125 opulentus
3393 4056 3497 4123 est,
3517 4067 3669 4124 prae-

2009 4142 2173 4198 diviti
2198 4143 2459 4214 cuipiam
2484 4141 2820 4209 mercatori,
2846 4142 2972 4214 qui,
2997 4141 3077 4198 ob
3107 4141 3344 4214 copiam
3378 4141 3667 4196 mercium

2008 4232 2199 4297 lmtus,
2231 4232 2500 4288 secundo
2523 4238 2698 4288 vento
2720 4231 2918 4288 delata
2946 4247 3121 4301 nave,
3150 4231 3452 4288 horrenda
3478 4229 3670 4286 maria

2009 4338 2318 4390 emensus,
2350 4321 2628 4377 diffracto
2657 4321 2733 4377 ad
2779 4321 2945 4394 ipsos
2971 4325 3182 4393 portus
3209 4319 3469 4389 navigio,
3498 4317 3669 4374 dere-

2008 4414 2187 4482 pente
2217 4411 2502 4466 omnibus
2532 4408 3263 4481 nudatur.Hujuscemodi
3288 4408 3447 4464 enim
3479 4406 3669 4463 homi-

2010 4515 2156 4555 num
2180 4501 2338 4554 Deus
2370 4506 2573 4557 noster
2594 4502 2931 4556 miseretur.
2961 4499 3036 4570 (6)
3069 4496 3471 4555 Misericordia
3491 4496 3671 4568 siqui-

2010 4588 2151 4645 dem
2183 4588 2419 4645 atfectio
2457 4595 2547 4645 est.
2580 4605 2723 4659 erga
2747 4604 2850 4645 eos
2877 4588 2980 4660 qui
3012 4592 3230 4660 praeter
3255 4587 3534 4642 meritum
3564 4584 3670 4641 de-

2009 4677 2201 4750 pressi
2232 4681 2391 4744 sunt,
2424 4677 2503 4733 ab
2532 4677 2605 4733 iis
2648 4677 2753 4749 qui
2783 4676 3167 4733 miseratione
3188 4679 3508 4731 moventur
3537 4690 3673 4746 pro-

2010 4766 2307 4822 ﬁciscens.
2339 4767 2685 4823 Miseramur
2723 4782 2885 4833 eum,
2917 4766 3021 4838 qui
3070 4782 3143 4823 ex
3181 4765 3422 4835 magnis
3451 4764 3673 4822 divitiis

2011 4857 2074 4913 in
2122 4861 2458 4912 extremam
2498 4856 2705 4913 incidit
2751 4861 3197 4929 paupertatem;
3243 4871 3403 4926 eum,
3444 4854 3549 4928 qui
3600 4870 3673 4910 ex

2012 4946 2245 5020 optima
2273 4947 2542 5019 corporis
2563 4946 2920 5003 habitudine
2945 4945 3025 5003 ad
3055 4961 3362 5002 summam
3392 4946 3675 5002 redactus

2015 5039 2107 5092 est
2132 5033 2502 5092 debilitatem
2535 5052 2548 5091 :
2582 5049 2744 5102 eum,
2776 5033 2881 5107 qui
2931 5034 3012 5092 ob
3064 5033 3573 5107 pulchritudinem
3602 5048 3675 5091 ac

2020 5430 2432 5511 ἐστοχασμένος.

2094 5502 2171 5558 (In
2216 5503 2296 5557 Ex
2326 5502 2495 5558 epist.
2530 5514 2748 5558 ccxcm,
2775 5502 2871 5556 431

2094 5502 2171 5642 ξίν)
2216 5503 2296 5557 Ex
2326 5502 2495 5572 epist.
2530 5514 2748 5564 ccxcm,
2775 5502 2901 5556 431.

2213 5575 2296 5628 Ex
2325 5573 2490 5629 hom.
2524 5572 2587 5655 in
2616 5573 2878 5642 princip.
2912 5571 3119 5639 Prov.,
3155 5572 3277 5629 112.

2096 5647 2148 5715 (6
2210 5646 2291 5701 Ex
2322 5644 2489 5702 hom.
2520 5659 2587 5700 ιη
2611 5644 2772 5715 psal.
2805 5658 2947 5711 ωιτν,
2974 5646 3101 5699 201.

2096 5644 2171 5716 (6)
2210 5646 2291 5701 Ex
2322 5644 2489 5702 hom.
2520 5644 2587 5700 in
2611 5644 2772 5715 psal.
2805 5658 2947 5711 ωιτν,
2974 5646 3101 5699 201.
