4084 6388
447 381 576 435 I363

1428 380 1791 436 APPENDIX.
1821 408 1891 418 —
1923 380 2270 437 SYMEONIS
2309 378 2834 436 METAPHRASTE

3675 375 3830 429 1364

438 502 795 572 elegantiam
813 504 1080 578 corporis
1101 504 1541 577 praegestiebat,
1556 504 1659 559 sed
1686 521 1720 559 a
1742 503 2090 559 foedissimis

2208 523 2336 556 στων
2376 506 2552 556 παθῶν
2585 500 2960 576 διαφθαρέντα,
3018 503 3158 555 Ἐπεὶ
3215 498 3304 553 οὖν
3342 505 3433 553 καὶ
3471 502 3624 573 ἡμεῖς
3685 495 3828 570 ἦμέν

438 609 508 648 ac
537 594 899 666 turpissimis
922 594 1150 649 morbis
1173 599 1490 666 corruptus
1522 599 1632 648 est.
1668 595 1965 658 Quoniam
1988 595 2092 664 igi-

436 685 533 736 tur
563 687 619 737 et
642 697 754 736 nos
784 681 842 737 in
866 682 1149 753 paradiso
1170 681 1480 751 degentes,
1500 697 1744 737 eramus
1764 681 2093 753 aliquando

436 769 578 826 clari
601 787 670 826 ac
697 771 1071 844 spectabiles,
1103 776 1159 826 et
1185 777 1384 826 tamen
1416 771 1495 827 ob
1521 771 1872 841 ejectionem
1902 771 2092 840 inglo-

435 859 504 914 rii
535 860 826 931 etabjecti
849 861 1343 924 evasimus,Deus
1373 860 1561 916 nostri
1589 861 1923 928 miseretur,
1942 859 2092 915 dum

433 948 646 1020 quales
693 963 804 1003 nos
847 963 919 1003 ex
971 948 1255 1020 qualibus
1285 948 1422 1002 facti
1463 949 1670 1012 simus,
1703 947 1886 1003 videt.
1929 949 2090 1013 Qua—

432 1036 1052 1108 propteretAdamum
1081 1038 1194 1092 hac
1226 1037 1651 1091 misericordiae
1678 1052 1824 1092 voce
1846 1051 2091 1091 revoca-

429 1123 776 1191 bat,dicens
793 1147 804 1181 :
820 1126 1040 1194 Adam,
1059 1126 1164 1180 ubi
1181 1127 1338 1182 es”?
1358 1129 1483 1181 Non
1503 1126 1661 1180 enim
1681 1125 2088 1197 edoceriquaa-

427 1213 596 1269 rebat
621 1214 898 1269 omnium
931 1229 1176 1284 gnarus,
1219 1213 1326 1269 sed
1358 1214 1682 1282 intelligere
1711 1214 1912 1286 ipsum
1933 1213 2089 1269 vole-

2199 612 2324 645 ποτε
2380 590 2578 656 ἔνδοξοι
2618 592 2702 645 ἐπὶ
2735 601 2830 654 τῆς
2860 599 2952 643 τοῦ
2977 587 3308 665 παραδείσου
3343 587 3642 661 διαγωγῆς,
3696 587 3828 658 ἐγε-

2198 683 2390 754 νόμεθα
2447 679 2504 734 δὲ
2563 678 2744 744 ἄδοξοι
2795 685 2885 732 καὶ
2924 685 3155 732 ταπεινοὶ
3195 676 3288 732 διὰ
3326 683 3421 738 τὴν
3460 681 3758 739 ἔκπτωσιν,
3797 677 3828 727 6

2201 773 2326 830 Θεὸς
2363 772 2507 842 ἡμῶν
2548 769 2688 840 ἐλεεῖ,
2738 771 2869 842 ὁρῶν
2917 770 3056 841 ἡμᾶς
3103 767 3230 820 οἵοι-
3260 767 3374 820 ἀνθ’
3413 768 3533 819 οῖων
3580 770 3830 838 γεγόνα-

2198 879 2306 930 μεν.
2360 863 2455 910 Διὰ
2515 866 2668 910 τοῦτο
2714 863 2803 910 καὶ
2870 862 2955 910 τὸν
3024 854 3200 929 Ἀδὰμ
3253 855 3546 909 ἀνεκαλεῖτο
3600 863 3664 926 τῇ
3723 862 3830 906 τοῦ

2198 945 2334 998 ἐλέου
2362 955 2524 1019 φωνῇ,
2571 947 2731 1018 λέγων
2752 968 2765 980 ·
2809 943 3000 1018 Ἀδὰμ,
3035 954 3135 997 πού
3162 941 3239 1013 εἷ;
3289 945 3366 997 Ού
3395 946 3496 1018 γὰρ
3528 941 3826 1014 διδαχθῆ-

2195 1057 2280 1088 ναι
2341 1036 2513 1098 ἐζήτει
2561 1038 2586 1089 6
2642 1039 2814 1089 πάντα
2872 1033 3046 1103 εἰδὼς,
3079 1033 3208 1088 ἀλλά
3260 1041 3448 1092 νοῆσαι
3479 1034 3637 1086 αύτόν
3666 1031 3830 1084 ἐϐού-

2195 1124 2308 1177 λετο
2359 1128 2467 1187 οἷος
2525 1124 2634 1178 ἀνθ’
2702 1127 2813 1178 οἴου
2865 1130 3061 1196 γέγονε.
3127 1131 3235 1176 Ποῦ
3288 1121 3369 1191 si;
3413 1122 3525 1175 ἀντὶ
3556 1130 3678 1184 τοῦ,
3732 1122 3830 1182 Εἰς

2193 1221 2340 1267 ποῖον
2367 1224 2556 1287 πτῶμα
2584 1213 2936 1276 κατελήλυθας
2968 1213 3068 1266 ἀπὸ
3108 1213 3418 1270 τηλικούτου
3448 1211 3620 1282 ὕψους
3645 1228 3658 1276 ;

429 1301 552 1372 bat,
585 1302 784 1374 qualis
816 1318 886 1357 ex
919 1302 1083 1374 quali
1119 1303 1310 1358 factus
1339 1307 1518 1359 esset.
1557 1303 1668 1358 Ubi
1687 1307 1785 1358 es?
1807 1303 1982 1374 quasi
2004 1302 2165 1357 dicat
2200 1319 2213 1357 :
2248 1307 2310 1359 1n
2329 1319 2518 1376 quam
2549 1304 2789 1358 ruinam
2816 1318 2886 1357 ex
2911 1290 3086 1358 tanta
3119 1301 3483 1356 sublimitate
3501 1300 3832 1356 incidisti?

498 1395 548 1446 3.
589 1392 670 1460 (1)
703 1393 945 1462 Oportet
991 1392 1194 1462 itaque
1245 1391 1559 1456 rationem,
1611 1407 1748 1464 quas
1792 1397 2084 1462 tanquam

420 1478 609 1548 judex
639 1494 993 1551 supremum
1033 1480 1096 1535 in
1139 1479 1318 1534 nobis
1345 1479 1549 1536 locum
1579 1480 1785 1536 sortita
1813 1487 1922 1544 est,
1967 1479 2086 1534 sin-

426 1566 569 1636 gula
607 1566 939 1637 dijudicare
991 1574 1046 1624 et
1110 1567 1469 1639 expendere,
1503 1574 1704 1624 utrum
1741 1567 2087 1640 recipienda

423 1655 541 1710 sint
573 1670 782 1722 necne,
815 1661 996 1728 atque
1025 1657 1207 1712 etiam
1245 1657 1723 1722 assensionibus,
1772 1661 1830 1712 et
1868 1657 2084 1714 animae

421 1744 686 1800 motibus
722 1760 844 1800 non
897 1746 1024 1800 sine
1063 1746 1332 1815 diligenti
1359 1747 1585 1817 judicio
1615 1747 1846 1802 aditum
1873 1763 2085 1802 conce-

2269 1397 2321 1448 3.
2382 1397 2492 1466 Χρὴ
2541 1389 2628 1444 οὖν
2689 1394 2862 1465 ὥσπερ
2919 1388 3179 1448 δικαστὴν
3218 1395 3304 1442 τὸν
3345 1389 3494 1461 λόγον
3531 1394 3631 1447 τὴν
3680 1387 3827 1440 ἀνω-

2197 1483 2337 1532 τάτω
2385 1501 2568 1553 χωραν
2632 1480 2755 1555 παρ’
2805 1482 2930 1551 ημῖν
2963 1479 3219 1550 λαχόντα,
3268 1481 3466 1531 ἕκαστα
3493 1484 3694 1552 κρίνειν
3723 1485 3824 1530 καὶ

2197 1568 2472 1640 ἐξετάζειν,
2499 1573 2566 1622 τά
2603 1589 2658 1622 τε
2697 1567 2883 1622 δεκτέα
2920 1574 3009 1621 καὶ
3045 1574 3117 1641 μὴ
3161 1571 3262 1638 (6),
3292 1573 3382 1620 καὶ
3417 1576 3535 1629 ταῖς
3591 1587 3820 1638 συγκα-

2196 1661 2442 1711 ταθέσεσι
2475 1667 2573 1711 τῶν
2612 1661 2952 1731 πραγμάτων,
3011 1663 3102 1709 καὶ
3139 1664 3254 1719 ταῖς
3307 1659 3494 1729 ὁρμαῖς
3557 1664 3657 1718 τῆς
3711 1657 3826 1727 ψυ-

2196 1755 2323 1818 χῆς,
2403 1749 2533 1806 μετὰ
2591 1747 2839 1822 ἀκριϐοῦς
2895 1745 3208 1820 ἐπικρίσεως
3265 1745 3575 1820 ἐπιτρέπειν.
3636 1753 3824 1798 Τοῦτο

421 1832 584 1888 dere.
618 1833 742 1888 Hoc
765 1833 926 1888 enim
969 1839 1058 1889 est
1082 1834 1247 1906 quod
1272 1816 1600 1890 aitPaulus
1637 1851 1649 1888 :
1684 1836 1753 1891 Si
1779 1836 1936 1890 enim
1976 1849 2084 1890 nos

2208 1839 2290 1910 γὰρ
2325 1834 2464 1888 ἐστιν
2517 1838 2543 1887 ὅ
2596 1855 2754 1906 φησιν
2808 1837 2834 1886 6
2873 1834 3110 1896 Παῦλοςο
3160 1835 3219 1887 Εἰ
3259 1837 3359 1907 γὰρ
3417 1834 3630 1894 ἑαυτούς
3670 1834 3826 1907 ἐκρί-

421 1923 578 1990 ipsos
591 1922 1023 1992 judicaremus,
1059 1938 1179 1978 non
1213 1925 1419 1994 utique
1436 1924 1862 1992 judicaremm'
1888 1925 1963 1978 ⁷⁷.
2002 1926 2083 1979 Ne

419 2010 600 2080 igitur
629 2010 924 2065 curiosius
960 2011 1163 2067 futura
1214 2012 1490 2082 indages,
1523 2013 1628 2067 sed
1685 2013 2082 2084 prtesentibus

418 2099 639 2155 utiliter
667 2104 848 2154 utere.
874 2100 1027 2165 Quid
1044 2101 1203 2156 enim
1227 2101 1473 2173 prodest
1503 2102 1903 2171 cognitionem
1934 2117 2081 2173 prie'

419 2187 659 2259 cipere?
722 2188 778 2244 Si
809 2193 968 2243 certe
1012 2187 1243 2244 bonum
1293 2190 1402 2246 erit
1454 2190 1622 2261 quod
1678 2190 1946 2245 futurum
1973 2195 2080 2250 est.

417 2277 666 2347 eveniet,
683 2275 819 2332 licet
841 2293 963 2332 non
986 2279 1354 2349 praenoveris
1389 2296 1402 2332 :
1439 2280 1530 2333 sin
1560 2279 1902 2342 molestum,
1935 2278 2084 2351 quid

412 2365 590 2435 juvat
617 2366 952 2421 mmrorein
978 2373 1364 2423 antecessum
1393 2369 1716 2424 consumi?
1744 2370 1821 2439 (2)
1857 2368 2084 2440 Duplex

416 2459 506 2508 est
560 2454 895 2526 prudentiae
945 2471 1217 2511 nomen:
1261 2457 1602 2512 una-enim
1661 2474 1839 2512 suum
1890 2457 2079 2529 ipsius

417 2543 812 2598 commodum
870 2549 1084 2609 tuetur,
1128 2545 1214 2600 sic
1277 2551 1500 2613 tamen,
1564 2553 1624 2603 ut
1667 2548 1846 2602 simul
1895 2554 2084 2605 struat

419 2632 696 2704 proximo
729 2633 1005 2701 insidias,
1045 2634 1243 2706 qualis
1275 2641 1363 2690 est
1417 2636 1708 2708 serpentis
1742 2637 2082 2707 prudentia,

420 2727 602 2793 caput
633 2739 810 2777 suum
844 2723 1254 2779 custodientis.
1280 2725 1418 2780 Hinc
1441 2725 1669 2780 videtur
1695 2732 1892 2781 astuta
1912 2741 2082 2798 quae-

419 2809 562 2866 dam
592 2827 721 2865 esse
747 2827 989 2866 morum
1030 2813 1396 2882 malignitas,
1451 2831 1581 2885 qum
1621 2815 1738 2870 cito
1773 2814 1938 2885 quod
1971 2812 2082 2868 sibi

423 2899 563 2955 utile
591 2904 680 2954 est
701 2901 1198 2966 comminiscitur,
1245 2918 1314 2958 ac
1347 2903 1742 2974 simpliciores
1772 2902 2084 2974 depraeda-

424 2995 520 3044 tur
553 3007 565 3042 :
601 2988 763 3060 quali
797 2989 1122 3061 prudentia
1153 2992 1260 3046 fuit
1293 2992 1520 3047 villicus
1560 2992 1910 3064 iniquitatis.
1939 2994 2086 3045 Vera

427 3085 627 3133 autem
661 3079 1004 3149 prudentia,
1043 3081 1419 3150 agendorum
1467 3087 1523 3137 et
1561 3098 1682 3136 non
1709 3082 2084 3152 agendorum

2192 1944 2361 1996 νομεν,
2431 1924 2525 1976 ούκ
2598 1923 2659 1975 ἆν
2731 1923 3056 1997 ἐκρινόμεθα.
3126 1928 3212 1981 Μὴ
3298 1928 3469 1975 τοίνυν
3533 1923 3826 1994 πολυπρα-

2192 2019 2371 2086 γμόνει
2436 2019 2494 2066 τὸ
2543 2014 2744 2085 μέλλον,
2781 2013 2910 2065 ἀλλὰ
2967 2016 3032 2065 τὰ
3082 2019 3312 2087 παρόντα
3335 2017 3465 2087 πρὸς
3503 2015 3561 2064 τὸ
3591 2019 3824 2085 χρήσι-

2193 2123 2288 2174 μον
2337 2101 2628 2158 διατίθεσο.
2688 2108 2751 2155 Τί
2789 2105 2890 2174 γὰρ
2934 2102 3106 2174 ὄφελος
3151 2101 3206 2154 ἐκ
3253 2109 3345 2154 τοῦ
3397 2101 3677 2173 προλαϐεῖν
3718 2109 3822 2160 τὴν

2192 2201 2417 2263 γνῶσιν;
2462 2192 2521 2244 Εἰ
2559 2194 2650 2264 μὲν
2691 2191 2885 2262 ἀγαθὸν
2926 2194 3076 2243 ἔσται
3122 2195 3180 2242 τὸ
3239 2190 3498 2262 ἐσόμενον,
3533 2191 3666 2253 ἣξει,
3714 2190 3822 2241 κᾶν

2192 2287 2263 2352 μὴ
2328 2290 2591 2356 προγνῷς·
2652 2281 2695 2332 εἰ
2752 2277 2810 2332 δὲ
2849 2279 3101 2351 λυπηρὸν,
3151 2284 3203 2330 τί
3253 2299 3336 2332 σοι
3365 2282 3424 2330 τὸ
3463 2275 3651 2354 κέρδος
3682 2299 3820 2350 προ-

2194 2366 2532 2422 δαπανᾶσθαι
2569 2378 2629 2440 τῇ
2671 2369 2805 2441 λύπη
2833 2385 2844 2434 ;
2889 2368 3108 2421 Διπλοῡν
3139 2367 3255 2420 ἐστι
3285 2371 3343 2420 τὸ
3374 2376 3470 2430 τῆς
3502 2373 3821 2439 φρονήσεως

2193 2464 2372 2530 ὄνομα.
2422 2459 2478 2510 Ἠ
2540 2463 2630 2530 μὲν
2659 2461 2761 2532 γὰρ
2813 2457 2927 2510 ἐστι
2970 2457 3170 2529 φυλακὴ
3212 2465 3304 2509 τοῦ
3349 2457 3542 2509 οἰκείου
3609 2463 3817 2529 συμφέ-

2191 2567 2365 2619 ροντος
2396 2550 2526 2619 μετά
2563 2555 2658 2607 τῆς
2697 2546 2920 2603 πλησίον
2971 2545 3270 2607 ἐπιϐουλῆς,
3303 2547 3388 2597 οἶα
3436 2547 3466 2602 ἡ
3505 2553 3597 2597 τοῦ
3643 2550 3816 2616 ὄφεως

2192 2642 2284 2694 τὴν
2324 2636 2547 2708 κεφαλὴν
2591 2644 2964 2709 συντηρούντος
2991 2657 3002 2667 ·
3060 2632 3158 2693 ἣδε
3210 2654 3290 2694 τις
3329 2637 3486 2687 ἔοικεν
3529 2631 3660 2685 εἶναι
3719 2655 3817 2686 κα-

2191 2731 2496 2798 κεντρέχεια
2533 2730 2759 2798 τρόπων,
2803 2724 2954 2786 ὀξέως
3012 2728 3070 2775 τὸ
3128 2720 3263 2776 ἴδιον
3300 2722 3560 2783 λυσιτελὲς
3601 2723 3817 2796 ἐξευρί-

2195 2834 2418 2878 σκουσα,
2506 2819 2595 2865 καὶ
2687 2813 3101 2888 συναρπάζουσα
3185 2818 3305 2873 τοὺς
3394 2811 3816 2886 ἀκεραιοτέρους,

2193 2905 2347 2955 ὁποία
2404 2905 2433 2960 ἡ
2487 2911 2577 2955 τού
2631 2902 2903 2973 οἰκονόμου
2977 2910 3072 2964 τῆς
3118 2899 3351 2962 ἀδικίας.
3409 2901 3464 2953 Ἠ
3509 2897 3569 2952 δὲ
3605 2900 3820 2962 ἀληθής

2195 2998 2461 3065 φρόνησις,
2519 2990 2804 3062 διάγνωσίς
2856 2990 2970 3043 ἐστι
3020 3000 3119 3042 τῶν
3171 2995 3427 3046 ποιητέων
3465 2997 3556 3041 καὶ
3597 2991 3656 3041 ού
3687 3009 3822 3042 ποι-

2196 3086 2354 3138 ητέων
2377 3103 2388 3114 ·
2520 3083 2544 3132 6
2575 3080 2971 3132 κατακολουθῶν
3020 3076 3266 3132 οὐδέποτε
3295 3082 3387 3151 μὲν
3426 3086 3526 3130 τῶν
3555 3088 3656 3140 τῆς
3702 3077 3824 3154 ἁρε-

427 3166 691 3236 cognitio
712 3170 805 3222 est
833 3173 890 3223 et
917 3170 1168 3224 secretio
1201 3185 1213 3224 :
1247 3185 1436 3241 quam
1479 3171 1583 3241 qui
1615 3171 1899 3241 sequitur,
1930 3185 2084 3224 nun-

2208 3177 2288 3232 τῆς
2343 3169 2658 3229 ἔκστησεται
2705 3173 2888 3244 ἔργων,
2947 3166 3194 3221 οὐδέποτε
3235 3164 3294 3220 δὲ
3341 3175 3414 3238 τῷ
3477 3166 3673 3241 ὀλέθρῳ
3727 3177 3826 3229 τῆς

426 3271 615 3327 quam
649 3255 892 3313 secedet
921 3273 957 3312 a
982 3257 1219 3312 virtutis
1258 3258 1570 3329 operibus,
1625 3274 1944 3331 nunquam
1971 3258 2088 3313 exi-

430 3343 579 3398 tioso
609 3343 730 3399 vitii
756 3344 962 3413 jaculo
985 3347 1393 3415 transﬁgetur.

507 3432 684 3503 580
700 3436 747 3487 4.
768 3433 1365 3506 (3)0uandoquidem
1384 3436 1798 3508 unusquisque
1818 3441 2091 3492 nostrum

433 3535 558 3576 non
587 3527 783 3592 potest
807 3539 912 3594 per
938 3539 1002 3578 se
1028 3524 1294 3579 invenire
1331 3525 1482 3597 quid
1520 3526 1744 3580 factum
1799 3531 2089 3598 oporteat,

435 3615 754 3682 propterea
770 3611 1077 3668 beneﬁcus
1094 3629 1238 3684 erga
1262 3630 1372 3669 nos
1401 3618 1553 3669 Deus
1578 3615 1948 3670 consiliarios
1971 3617 2093 3683 dat,

436 3713 561 3754 non
587 3699 887 3756 dominos.
909 3705 986 3773 (4)
1014 3704 1186 3771 Regis
1211 3704 1369 3759 enim
1390 3709 1477 3759 est
1496 3703 1790 3775 imperare
1819 3705 2096 3773 subditis,

438 3788 759 3844 consiliarii
796 3796 995 3847 autem
1043 3792 1209 3848 utilia
1241 3793 1867 3848 suaderevolentibus.
1894 3800 1968 3867 (ὅ)
1991 3797 2101 3848 Ita-

439 3891 557 3949 que
609 3884 881 3934 nostrum
931 3882 1354 3954 unusquisque
1413 3898 1475 3937 se
1520 3882 1858 3947 arbitretur,
1890 3899 2011 3938 non
2043 3879 2104 3938 ut

440 3967 773 4038 principem
805 3972 1220 4043 semetipsum,
1251 3972 1353 4026 sed
1398 3979 1462 4028 ut
1503 3971 1910 4027 consiliarium
1934 3989 1968 4028 a
1997 3975 2102 4028 Do-

441 4055 611 4110 mino
649 4056 860 4112 datum
901 4060 1149 4130 populo,
1192 4060 1509 4118 existimet.
1539 4060 1692 4116 Talis
1735 4067 1864 4117 erat
1913 4061 2105 4117 consi-

441 4141 649 4198 liarius
698 4146 844 4200 Novi
891 4149 1253 4204 'l‘estamenti
1298 4149 1536 4214 Paulus,
1585 4165 1724 4204 cum
1751 4150 1863 4204 ait:
1892 4151 2105 4205 Consi-

447 4232 596 4286 lium
629 4248 765 4289 vero
791 4235 886 4303 do,
921 4242 984 4291 ut
1019 4237 1492 4293 misericordiam
1539 4244 1884 4294 consecutus
1924 4254 1961 4294 a
1993 4240 2106 4294 Do-

443 4319 604 4376 mino
629 4322 695 4376 ⁷⁸.
715 4325 996 4393 Magnum
1029 4341 1171 4380 vero
1202 4324 1560 4381 beneﬁcium
1585 4326 2022 4397 est,prudentis
2036 4343 2107 4382 ac

447 4409 722 4466 benevoli
757 4413 1076 4468 consiliarii
1104 4415 1446 4485 praesentia,
1469 4415 1573 4486 qui
1598 4415 1762 4487 quod
1785 4415 1948 4471 deest
1968 4432 2106 4488 pru-

2197 3265 2384 3320 κακίας
2417 3264 2849 3333 περιπαρήσεται.

2271 3442 2324 3492 4.
2367 3434 2578 3494 Ἐπειδὴ
2647 3434 2705 3489 δὲ
2758 3438 2851 3488 ούκ
2909 3437 3170 3509 αὐτάρκης
3228 3438 3442 3496 ἕκαστος
3479 3435 3564 3508 ἀφ’
3627 3436 3824 3487 ἑαυτοῦ

2202 3528 2459 3600 εὑρίσκειν
2484 3530 2542 3578 τὸ
2576 3523 2691 3578 δέον
2717 3548 2730 3558 ·
2790 3523 2883 3577 διὰ
2934 3533 3109 3588 τοῦτο,
3141 3526 3414 3599 εὐεργετῶν
3435 3527 3573 3596 ἡμᾶς
3607 3525 3632 3575 6
3661 3529 3821 3590 Θεὸς,

2206 3615 2551 3686 συμϐούλους,
2608 3613 2712 3666 ἀλλ’
2746 3615 2875 3686 οὐχὶ
2923 3614 3267 3676 ἔξουσιαστας
3299 3609 3522 3670 δίδωσι.
3557 3613 3826 3674 Βασιλέως

2205 3709 2294 3776 μὲν
2363 3707 2464 3775 γὰρ
2524 3701 2683 3768 ἴδιον,
2712 3703 3012 3756 ἐπιτάσσειν
3040 3711 3148 3763 τοῖς
3198 3701 3537 3778 ἀρχομένοις·
3583 3702 3825 3774 συμϐού-

2204 3793 2294 3844 λου
2337 3791 2415 3860 δὲ,
2478 3795 2671 3845 πείθειν
2712 3795 2838 3866 ὑπὲρ
2891 3802 2990 3844 τῶν
3059 3797 3421 3864 συμφερόντων
3468 3795 3596 3851 τοὺς
3633 3789 3824 3864 βουλο-

2208 3883 2519 3954 μένους
2564 3881 2723 3933 Ὠστε
2762 3887 2851 3933 καὶ
2881 3883 3025 3953 ἡμῶν
3052 3883 3292 3946 ἕκαστος,
3342 3885 3413 3952 μὴ
3462 3883 3533 3942 ὡς
3575 3882 3822 3953 ἄρχοντα

2210 3970 2408 4037 ἑαυτὸν,
2445 3970 2551 4022 ἀλλ’
2614 3974 2678 4031 ὡς
2742 3969 3032 4042 σύμϐουλον
3092 3971 3238 4039 παρὰ
3282 3973 3478 4043 Κυρίου
3535 3965 3818 4042 δεδομένον

2209 4069 2282 4130 τῷ
2329 4060 2456 4130 λαῷ,
2506 4059 2793 4130 λογιζέσθω
2842 4061 3015 4119 Ούτως
3063 4055 3123 4117 ἦν
3160 4064 3248 4110 καὶ
3277 4060 3303 4109 6
3335 4057 3542 4119 Παῦλος
3587 4058 3827 4130 σύμϐου-

2210 4148 2297 4210 λος
2335 4157 2429 4210 τῆς
2471 4155 2664 4208 Καινῆς
2704 4149 2984 4213 Διαθήκης,
3035 4146 3221 4217 λέγων·
3265 4152 3482 4219 Γνώμην
3541 4143 3598 4198 δὲ
3649 4143 3821 4197 δίδω-

2212 4260 2292 4311 μι,
2340 4241 2403 4298 ὡς
2451 4237 2722 4309 ἠλεημένος
2799 4239 2944 4310 παρὰ
3012 4240 3229 4310 Κυρίου.
3287 4235 3502 4307 Μεγαλη
3558 4231 3613 4285 δὲ
3667 4233 3814 4304 555p-

2211 4332 2385 4398 γεσία,
2453 4325 2749 4397 συμϐούλου
2808 4331 3058 4399 φρονίμου
3131 4331 3220 4376 καὶ
3295 4324 3526 4383 εύνοῑκὼς
3593 4325 3806 4391 ἔιοντος

2211 4419 2501 4490 παρουσία,
2554 4414 2965 4488 ἀναπληρούντος
3023 4418 3081 4466 τὸ
3138 4420 3234 4474 τῆς
3287 4420 3539 4473 συνέσεως
3586 4410 3818 4463 ἐλλεῖπον

447 4498 666 4555 dentias
694 4502 1149 4558 consulentibus
1196 4503 1456 4576 supplet.
1523 4506 1756 4569 Quanta
1793 4510 1994 4560 autem
2033 4506 2091 4560 sit

2213 4513 2312 4557 τῶν
2355 4503 2864 4578 βουλευομένων
2906 4503 3066 4555 Ὀσον
3127 4499 3185 4554 δὲ
3232 4506 3290 4554 τὸ
3359 4501 3460 4554 ἀπὸ
3515 4499 3826 4573 συμϐουλῆς

449 4589 678 4645 consilii
731 4591 950 4646 utilitas
1002 4592 1377 4648 demonstrat
1416 4593 1475 4648 in
1504 4593 1713 4665 primis
1743 4597 1993 4666 Moyses,
2017 4594 2106 4650 vir

449 4680 616 4734 omni
637 4682 1050 4752 Aigyptiorum
1075 4683 1369 4754 sapientia
1389 4683 1738 4752 instructus,
1756 4684 1861 4754 qui
1882 4689 1946 4739 ut
1960 4684 2107 4740 ami-

450 4783 559 4824 cus
593 4771 808 4836 amico,
841 4771 923 4826 ita
944 4788 1080 4826 cum
1108 4774 1226 4828 Deo
1247 4772 1726 4844 colloquebatur.
1762 4776 1815 4827 ls
1845 4788 2106 4830 asocero

522 4983 571 5017 ⁷⁸
604 4983 747 5038 Gen.
780 4999 860 5054 ui,
892 4988 944 5039 9.
982 4985 1028 5018 ⁷⁷
1060 4987 1076 5038 l
1106 4987 1235 5041 Cor.
1270 5001 1343 5053 χι,
1374 4986 1462 5040 31.
1507 4986 1552 5019 ⁷⁸
1583 4985 1603 5038 Ι
1632 4986 1758 5042 Cor.
1787 5002 1882 5057 vn,
1912 4991 1996 5044 15.

526 5201 601 5275 (1)
645 5201 726 5275 I_'3x
754 5204 1082 5275 comment.
1113 5201 1175 5275 in
1208 5201 1348 5275 Isa.,
1371 5205 1496 5256 411.

523 5270 601 5345 (2)
645 5273 724 5345 Ex
752 5270 918 5326 hom.
948 5271 1010 5325 in
1030 5273 1291 5345 princip.
1320 5274 1514 5342 Prov.,
1547 5273 1665 5328 102.

524 5343 601 5407 (3)
643 5344 724 5397 Ex
751 5349 1077 5399 comment.
1103 5343 1168 5397 in
1197 5345 1343 5411 Isa.,
1371 5346 1494 5398 422.

523 5413 598 5490 ei
637 5412 810 5490 μοι,
845 5414 971 5490 421.

520 5484 597 5558 (δ)
637 5484 805 5550 lbid.,
834 5487 964 5558 με.

521 5553 598 5624 ('5)
635 5558 711 5606 Τά
738 5575 789 5607 τε
821 5553 1004 5608 δεκτέα
1026 5560 1115 5608 καὶ
1146 5559 1240 5628 μή.
1301 5556 1536 5627 Legitur
1581 5556 1642 5610 in
1700 5559 2002 5628 contextu,
2032 5559 2101 5613 τά

446 5655 501 5688 τε
541 5630 719 5701 λεκτέα
766 5633 855 5678 καὶ
906 5630 973 5678 τὰ
1018 5627 1268 5701 πρακτέα,
1327 5643 1458 5700 qua?
1513 5627 1770 5684 dicenda
1834 5636 1973 5685 sunt
2042 5635 2100 5686 et

446 5697 704 5776 agenda.

2213 4595 2407 4666 ὄφελος,
2434 4591 2674 4646 δείκνυσι
2719 4593 2953 4665 μάλιστα
2991 4599 3190 4650 Μωύσῆ
3205 4611 3245 4657 ς,
3279 4592 3304 4643 6
3335 4594 3481 4664 πάσῃ
3516 4590 3830 4661 Δίγδπτίων

2215 4689 2372 4756 σοφίᾳ
2421 4680 2745 4746 παιδευθεὶς,
2799 4682 2920 4751 ὁτῷ
2953 4690 3065 4752 Θεῷ
3093 4677 3479 4752 διαλεγόμενος,
3538 4682 3603 4740 ὡς
3672 4679 3737 4731 ἂν
3788 4685 3830 4732 εἴ

2210 4791 2292 4834 τις
2315 4771 2530 4830 λαλήσει
2562 4773 2637 4840 (9)
2675 4769 2816 4842 φίλος
2856 4770 2999 4842 φᾶῳ.
3051 4770 3216 4830 Οὗτος
3246 4767 3394 4821 ἔλαϐε
3432 4774 3649 4840 γνώμην
3681 4775 3832 4845 παρὰ

2281 5202 2359 5270 (7)
2394 5203 2525 5261 Τούς
2570 5198 2929 5271 βουλομένους.
2988 5199 3328 5271 contextus,
3385 5194 3834 5268 βουλευομένους,

2211 5269 2385 5327 utilia
2413 5269 2665 5326 suadere
2687 5269 3148 5326 censulentibus.

2282 5344 2355 5414 (8)
2398 5341 2797 5414 Βουλευομένων.
2847 5344 3007 5414 Hanc
3059 5339 3418 5414 scripturam
3461 5354 3493 5414 Θ
3533 5344 3837 5414 contextu

2211 5408 2630 5484 sultipsimusi
2665 5428 2784 5468 non
2839 5413 2999 5468 enim
3052 5408 3196 5466 vitio
3250 5408 3494 5467 carebat
3545 5410 3835 5484 vulgata,

2211 5485 2553 5558 βουλομένων.

2283 5549 2384 5625 (9)’
2402 5555 2544 5614 Λαλή
2557 5574 2654 5610 σει.
2690 5557 2876 5622 Forte,
2903 5553 3138 5620 λαλήσοι,
3167 5551 3281 5617 vel,
3303 5549 3544 5620 melius,
3566 5550 3700 5611 λαλή
3712 5573 3832 5613 σαι.

2210 5631 2364 5684 ΕΒΙΤ.
