4084 6382
214 399 349 452 I365

1316 394 1546 451 SERMO
1575 393 1731 450 XXII.
1764 421 1833 432 -—
1862 389 1955 449 DE
1984 387 2467 447 PROVIDENTIA

3440 387 3576 443 I366

208 527 299 573 τοῦ
328 522 574 594 πενθεροῦ
630 519 791 571 αὐτοῦ
828 520 1045 592 Ἰωθὼρ,
1096 519 1231 570 ὥστε
1275 524 1612 575 καταστῆσαι
1658 516 1809 589 χιλι-

1925 530 2034 572 suo
2062 514 2263 571 Jethro
2288 510 2611 569 consilium
2640 511 2895 584 accepit,
2914 514 2983 567 ut
3002 511 3281 568 tribunos
3310 510 3581 584 praeﬁce-

209 613 435 685 άρχους,
491 612 582 660 καὶ
632 608 1067 680 ἑκατοντάρχους,
1117 611 1206 659 καὶ
1259 602 1576 679 δεκάρχους,
1627 604 1713 659 έπὶ
1749 609 1809 658 τό

207 703 400 772 κρίνειν
424 702 511 751 τὸν
551 698 694 750 λαόν·
738 702 838 750 Καὶ
881 693 1049 750 Δαϐὶδ
1104 692 1163 748 δὲ
1214 695 1491 769 συμϐούλῳ
1538 695 1810 771 ἐχρήσατο

206 796 281 858 τῷ
302 792 492 853 Χουσὶ,
518 783 593 839 δι’
623 787 685 839 οὗ
733 782 1048 839 διεσκέδασε
1088 790 1442 859 στρατηγικὴν
1478 791 1689 857 γνώμην
1718 792 1810 838 τοῦ

210 876 513 949 Ἀχιτόφελ.
545 881 648 929 Καὶ
680 875 829 944 ὅλως,
884 874 1015 949 ἱερόν
1066 895 1119 928 τι
1157 880 1380 948 πρᾶγμα
1423 877 1455 933 ἠ
1516 871 1807 946 συμϐουλὴ,

205 972 419 1037 γνώμης
482 967 699 1032 ἔνωσις,
762 964 975 1035 ἀγάπης
1039 966 1271 1036 καρπός,
1337 966 1809 1036 ταπεινοφροσύνης

208 1050 501 1118 ἀπόδειξις.
546 1054 849 1115 ’Δλαςονεία
875 1057 977 1128 γὰρ
1019 1049 1190 1121 δεινὴ,
1239 1056 1297 1105 τό
1336 1050 1564 1126 μηδενός
1607 1054 1813 1105 οἰεσθαι

205 1143 458 1215 χρῇζειν,
488 1142 595 1195 ἀλλ’
643 1141 808 1213 ἐαυτῷ
834 1147 1121 1215 προσέχειν
1164 1144 1233 1203 ὡς
1265 1145 1403 1214 μόνῳ
1452 1144 1519 1194 τὰ
1551 1145 1814 1216 κράτιστα

211 1230 713 1303 συμϐουλεύσασθαι
814 1228 1105 1304 δυναμένῳ.
1175 1231 1347 1303 Ἡμεῖς
1413 1228 1472 1284 δε
1568 1231 1813 1303 ὀκνοῦμεν

211 1320 426 1381 ἑαυτοὺς
468 1316 742 1372 ἐπιδοῦναι
771 1327 881 1381 τοῖς
928 1322 994 1373 τὰ
1049 1316 1234 1372 δέοντα
1285 1320 1693 1391 εἰσηγουμένοις,
1724 1324 1815 1371 καὶ

207 1408 578 1479 αἰσχυνόμεθα
614 1412 737 1468 τοὺς
770 1413 1147 1480 συνετωτέρους
1203 1412 1348 1480 ἡμῶν
1389 1412 1525 1461 κατά
1559 1412 1647 1460 τόν
1698 1407 1814 1480 βίον

207 1496 498 1568 ὁμολογεῖν.
546 1498 604 1549 Ὀ
650 1494 710 1550 δὲ
758 1501 843 1549 τὸν
887 1497 1181 1568 σύμϐουλον
1228 1496 1509 1569 ἀναμένων,
1572 1502 1662 1548 καὶ
1711 1504 1816 1558 τοῖς

214 1582 383 1647 ἰδίοις
436 1586 711 1658 λογισμοῖς
759 1589 942 1660 καιρὸν
994 1583 1242 1655 δίδωσιν,
1296 1584 1345 1638 έν
1402 1590 1577 1659 χρόνῳ
1620 1585 1818 1638 πλείονι

202 1677 333 1746 μετὰ
392 1673 630 1746 βασάνου
688 1679 779 1727 καὶ
819 1682 1102 1746 προσοχῆς
1170 1673 1483 1745 ἀνιχνεῦσαι
1548 1677 1607 1727 τὸ
1675 1671 1815 1739 δέον,

202 1763 342 1816 Πολύ
372 1771 652 1837 τοιγαροῦν
701 1767 761 1816 τὸ
827 1763 1109 1834 ἀναγκαῖον
1160 1768 1251 1816 καὶ
1300 1769 1575 1837 χρήσιμον
1625 1762 1680 1815 ἐκ
1723 1773 1818 1825 τῆς

1918 610 2030 672 ret,
2081 602 2487 666 centuriones,
2545 605 2607 658 et
2654 600 3041 673 decuriones,
3079 601 3189 674 qui
3234 600 3581 672 judicarent

1918 691 2239 766 populum.
2257 690 2444 748 David
2462 705 2710 763 quoque
2722 690 3067 749 consultore
3092 706 3241 746 usus
3260 689 3438 747 Chusi
3457 692 3568 757 est,

1918 798 2027 855 per
2045 796 2231 854 quem
2252 779 2506 836 militare
2517 779 2872 852 Achitophel
2895 778 3217 837 consilium
3236 777 3577 851 dissipavit.

1920 872 2139 944 Atque,
2170 873 2237 926 ut
2270 868 2530 926 breviter
2557 868 2778 932 dicam,
2817 868 3027 927 divina
3069 883 3321 941 prorsus
3357 883 3456 924 res
3488 872 3578 925 est

1920 958 2263 1022 consilium,
2314 957 2699 1014 voluntatum
2742 956 3068 1015 consensio
3118 960 3230 1019 est.
3271 955 3584 1015 charitatis

1920 1049 2170 1118 fructus,
2182 1047 2537 1105 humilitatis
2554 1052 3004 1117 argumentum.
3019 1046 3404 1105 lntoleranda
3420 1046 3585 1107 enim

1922 1138 2271 1208 arrogantia
2300 1141 2424 1203 est,
2450 1136 2752 1194 arbitrarii
2780 1136 3007 1193 nullius
3048 1151 3112 1193 se
3148 1135 3440 1207 indigere,
3476 1134 3586 1191 sed

1923 1228 2016 1284 sui
2046 1228 2236 1284 solius
2266 1226 2580 1283 sententia:
2610 1230 2787 1297 stare,
2810 1242 2884 1283 ac
2909 1227 2960 1282 si
2992 1226 3159 1283 solus
3190 1226 3424 1299 optima
3441 1240 3583 1283 con-

1925 1317 2121 1372 sulere
2157 1315 2376 1372 valeat.
2419 1318 2537 1372 Nos
2575 1330 2721 1372 vero
2752 1316 2847 1372 his
2893 1316 3001 1388 qui
3041 1318 3207 1372 recta
3234 1313 3583 1382 consulunt,

1924 1420 2037 1461 nos
2069 1404 2187 1477 ipsi
2212 1403 2432 1460 dedere
2457 1403 2803 1477 pigramur:
2837 1403 3150 1476 pudetque
3187 1402 3367 1460 nobis
3397 1403 3461 1459 in
3496 1400 3586 1467 vi—

1925 1493 2110 1549 vendi
2139 1493 2369 1550 ratione
2408 1491 2828 1565 prudentiores
2849 1507 3203 1563 agnoscere.
3237 1492 3349 1557 Qui
3374 1496 3582 1548 autem

1926 1581 2340 1639 consiliarium
2366 1585 2694 1654 exspectat,
2728 1581 2854 1637 suis
2879 1584 3060 1638 etiam
3085 1581 3180 1637 ille
3202 1579 3578 1651 cogitationi-

1926 1673 2046 1729 bus
2073 1672 2590 1744 opportunitatem
2633 1670 2880 1744 praebet,
2921 1676 2987 1727 ut
3016 1686 3156 1727 cum
3196 1670 3476 1726 examine
3514 1682 3586 1725 ac

1929 1762 2254 1818 attentione
2270 1762 2498 1817 diutius
2520 1761 3039 1833 investigentquid
3060 1761 3292 1817 deceat.
3310 1759 3385 1832 (2)
3405 1757 3588 1814 Valde

204 1850 507 1924 συμϐουλῆς
536 1860 609 1922 τῷ
778 1860 879 1904 τῶν
912 1851 1213 1926 ἀνθρώπων,
1247 1848 1342 1904 διὰ
1382 1856 1441 1905 τὸ
1487 1853 1574 1905 ἕνα
1610 1850 1814 1924 μηδένα

1928 1851 2108 1921 igitur
2138 1850 2548 1906 necessarium
2581 1866 2654 1906 ac
2695 1849 2836 1906 utile
2866 1849 3187 1907 hominum
3228 1849 3367 1906 vitae
3397 1847 3590 1904 consi-

200 1941 370 2010 ἑαυτῷ
400 1940 630 2012 έξαρκεῐν
669 1945 801 2015 πρός
837 1948 1006 1994 ταῦτα
1038 1942 1135 2010 (1),
1190 1940 1319 1993 ἀλλά
1376 1938 1587 1994 δεῖσθαι
1639 1961 1821 1994 κοινω-

195 2038 295 2080 νῶν
352 2028 504 2081 πλέον
557 2032 692 2082 κατὰ
746 2038 846 2081 τῶν
905 2034 1268 2104 συμφερόντων
1319 2028 1557 2101 ἐκλογὴν,
1614 2032 1643 2089 ᾖ
1685 2034 1820 2083 κατά

193 2118 289 2180 τὰς
341 2117 594 2192 ἐνεργείας
648 2120 742 2181 τὰς
802 2122 1126 2191 σωματικάς.
1180 2118 1342 2171 Ὠστε
1398 2119 1819 2191 ἀσυμϐούλευτος

194 2208 486 2279 ἄνθρωπος,
538 2206 716 2259 πλοῖόν
776 2208 919 2260 ἐστιν
982 2207 1350 2282 ἀκυϐέρνητον,
1394 2211 1465 2269 ὡς
1507 2211 1665 2280 ἔτυχε
1703 2216 1818 2275 ταῖς

196 2304 378 2369 φοραῖς
408 2304 509 2348 τῶν
537 2299 842 2368 πνευμάτων
873 2294 1229 2368 ἐνδεδομένον.
1288 2298 1349 2350 Εἰ
1381 2303 1552 2350 τοίνυν
1604 2298 1655 2349 ἐν
1708 2306 1819 2350 ταῖς

198 2390 320 2457 περὶ
379 2394 477 2436 τῶν
531 2391 797 2457 τυχόντων
857 2386 1078 2455 σκέψεσι
1140 2385 1474 2458 συμϐούλους
1538 2387 1819 2460 παραλαμ-

201 2471 442 2543 ϐάνομεν,
511 2474 634 2524 ὅταν
698 2474 827 2547 ὑπὲρ
886 2473 1070 2545 ψυχῆς
1131 2478 1220 2526 καὶ
1290 2482 1392 2526 τῶν
1463 2470 1817 2546 διαφερόντων

198 2561 327 2632 αὐτῇ
393 2559 782 2632 βουλευώμεθα,
831 2570 936 2621 πῶς
985 2561 1114 2633 οὐχὶ
1168 2567 1259 2614 καὶ
1298 2566 1422 2625 τοὺς
1487 2565 1823 2635 θαυμαστοὺς

199 2648 539 2709 ἐπιζητητέον
570 2651 694 2719 ἡμῖν
724 2666 738 2715 ;
766 2648 824 2701 Ὀ
881 2647 960 2715 δὲ,
1011 2653 1287 2721 παρούσης
1338 2650 1645 2721 συμϐουλῆς
1686 2650 1821 2722 ἀγα“

200 2739 319 2803 θῆς,
362 2743 433 2806 τῷ
467 2735 715 2808 θελήματι
754 2744 851 2798 τῆς
882 2734 1110 2811 καρδίας
1146 2738 1308 2790 αὐτοῦ
1346 2745 1689 2812 πορευόμενος
1717 2727 1821 2799 τῇς

199 2830 449 2895 ματαίας,
483 2827 655 2896 ὅμοιός
715 2823 828 2877 έστι
874 2827 945 2896 τῷ
991 2825 1235 2898 Ῥοϐοάμ,
1278 2829 1335 2889 ός
1400 2826 1663 2899 ἀτιμάσας
1724 2833 1819 2887 τὴν

201 2918 480 2976 σώζουσαν
519 2920 731 2986 γνώμην
794 2923 893 2965 τῶν
936 2914 1328 2989 πρεσϐυτέρων,
1385 2915 1657 2974 ἠκολούθει
1710 2921 1820 2969 τοῖς

198 3008 463 3075 νεωτέροις
493 3011 601 3065 τοῖς
641 3012 1068 3076 συνατραφείσιν
1118 3005 1284 3075 αύτῷ,
1326 3002 1402 3057 δι’
1463 3004 1553 3067 οὓς
1601 3011 1692 3058 καὶ
1719 3001 1818 3058 τῶν

199 3089 330 3145 δέκα
347 3092 515 3164 φυλῶν
542 3100 637 3153 τῆς
668 3090 947 3165 βασιλείας
976 3092 1231 3156 ἐξέπεσεν,

272 3187 322 3236 5.
350 3183 530 3243 Οὕτως
564 3182 618 3233 αὶ
648 3186 783 3234 κατά
811 3191 910 3234 τῶν
958 3179 1178 3235 δικαίων
1229 3182 1423 3256 βουλαὶ
1479 3182 1812 3258 ἐπιστρέφου·
1842 3219 1881 3273 C

200 3291 284 3324 σιν
311 3270 395 3323 ἐπὶ
443 3273 539 3332 τὰς
577 3270 802 3342 κεφαλὰς
853 3281 953 3322 τῶν
1015 3271 1425 3344 βουλευομένων,
1481 3276 1671 3345 ὥσπερη
1710 3274 1812 3324 ἀπὸ

202 3359 427 3433 στεῤῥὼν
477 3366 567 3411 καὶ
644 3359 935 3412 ἀντιτύπων
995 3364 1249 3432 σωμάτων
1316 3366 1381 3414 τά
1444 3367 1813 3434 προσπεσόντα

200 3448 326 3521 βέλη
392 3453 517 3521 πρὸς
581 3453 704 3509 τοὺς
762 3448 999 3520 ἀφιέντας
1047 3448 1308 3505 ἐπάνεισι.
1376 3450 1641 3504 Φυλάσσει
1706 3455 1808 3527 γὰρ

203 3541 394 3613 Κύριος
448 3540 648 3599 πάντας
719 3542 839 3601 τοὺς
906 3537 1217 3609 ἀγαπῶντας
1272 3540 1447 3607 αὐτόν,
1504 3545 1614 3611 καὶ,
1675 3545 1810 3593 πάν-

199 3647 290 3687 τας
391 3631 512 3689 τοὺς
615 3627 952 3703 ἁμαρτωλοὺς
1029 3627 1417 3702 ἐξολοθρεύσειθ
1496 3631 1573 3681 ὅτι
1670 3630 1811 3701 αύτῷ

198 3720 383 3791 πρέπει
414 3724 558 3769 πᾶσα
608 3714 758 3783 δόξα,
806 3722 931 3789 τιμὴ
974 3722 1062 3769 καὶ
1099 3718 1534 3792 μεγαλοπρέπεια,
1589 3727 1677 3770 νῦν
1717 3723 1808 3771 καὶ

198 3805 299 3870 ἀεὶ,
331 3809 421 3857 καὶ
453 3805 523 3867 εἰς
552 3810 674 3867 τούς
695 3806 886 3868 αἰῶνας
914 3814 1014 3857 τῶν
1044 3806 1267 3864 αἰώνων.
1298 3807 1485 3878 Ἀμήν.

738 3956 886 4005 HEPI
920 3956 1260 4005 ΠΡΟΝΟΙΑΣ

824 4073 1042 4119 ΛΟΓΟΣ
1069 4066 1186 4121 ΚΗ.

270 4186 318 4235 1.
350 4185 419 4234 Τό
466 4188 562 4243 τῆς
604 4181 652 4234 ἐν
695 4191 768 4254 τῷ
810 4186 1181 4256 προστάγματι
1228 4182 1466 4247 διανοίας
1516 4193 1608 4238 τοῦ
1647 4193 1807 4259 Δημι-

190 4277 388 4341 ουργοῦ
435 4270 702 4341 πολύχουν
755 4277 1007 4325 τοσοῦτόν
1062 4271 1224 4340 ἐστιν,
1285 4275 1408 4325 ὅσαι
1463 4280 1553 4327 καὶ
1598 4277 1654 4327 αἱ
1705 4284 1804 4328 τῶν

191 4355 685 4430 δημιουργηθέντων
731 4358 983 4435 διαφοραὶ
1036 4369 1126 4415 καὶ
1176 4369 1496 4425 κοινότητες.
1543 4367 1639 4426 Oi;
1667 4372 1803 4419 πᾶσι

194 4443 268 4497 δι’
301 4444 565 4517 ἀκριϐείας
619 4446 918 4517 ἐπεξελθεῖν,
962 4453 1077 4501 ἴσον
1140 4452 1255 4504 ἐστὶ
1301 4458 1391 4505 καὶ
1454 4457 1663 4525 κύματα
1715 4475 1803 4507 πε-

192 4533 387 4603 λάγους
444 4532 880 4607 ἀπαριθμείσθαι,
930 4539 959 4596 ἦ
1028 4547 1139 4599 ταῖς
1212 4541 1455 4601 κοτύλαις
1516 4547 1800 4615 πειρᾶσθαι
1829 4567 1875 4622 D

193 4626 253 4675 τό
292 4620 436 4698 ὕδωρ
466 4632 560 4684 τῆς
605 4624 877 4688 θαλάσσης
922 4624 1251 4701 ἀπομετρεῐν.
1290 4636 1401 4689 Πῶς
1446 4633 1547 4704 γὰρ
1611 4634 1672 4682 ἄν
1723 4652 1800 4695 τις

197 4710 271 4764 δι’
304 4711 571 4786 ἀκριϐείας
600 4712 803 4764 ἐπελθοι
856 4717 921 4767 τά
974 4714 1023 4766 ἐν
1074 4724 1183 4777 τιίς
1235 4715 1378 4788 βίοις
1429 4727 1529 4769 τῶν
1587 4719 1801 4791 ὀρνίθων

197 4798 496 4873 ἰδιώματα;
528 4808 640 4860 Πῶς
690 4804 780 4874 μὲν
829 4806 878 4855 οἱ
924 4804 1175 4877 πελαργοὶ
1234 4806 1367 4858 οὕτω
1412 4810 1545 4859 κατά
1591 4811 1678 4859 τὸν
1709 4809 1804 4862 ἕνα

191 4895 375 4966 καιρὸν
415 4888 767 4962 οἰκοδομοῦσι
805 4900 914 4955 τοῖς
972 4891 1101 4966 τῇδε
1143 4900 1394 4969 χωρίοις’
1430 4897 1565 4948 οὕτω
1620 4894 1680 4950 δε
1717 4879 1802 4970 ὑφ’

191 4981 266 5034 ἐνὶ
300 4982 598 5051 συνθήματι
651 4983 837 5043 πάντες
886 4981 1224 5055 ἀπαίρουσιν,
1269 4986 1392 5059 ὅπερ
1452 4983 1576 5038 οῦδὲ
1625 4985 1801 5060 πόῤῥω

192 5076 307 5135 ἐστὶ
340 5074 595 5132 συνέσεως
618 5070 855 5142 λογικῆς,
898 5079 1014 5133 Πῶς
1068 5070 1126 5126 δὲ
1182 5072 1565 5149 δορυφοροῦσιν
1617 5077 1803 5137 αύτούς

191 5166 250 5213 αἱ
318 5168 563 5234 κορῶναι,
615 5164 706 5211 καὶ
771 5166 1237 5235 παραπέμπουσιν,
1308 5162 1422 5236 ἐμοὶ
1480 5161 1648 5233 δοκεῖ,
1716 5170 1803 5217 καὶ
1879 5166 1897 5195 ⁸

194 5253 513 5323 συμμαχίαν
566 5250 682 5301 τινὰ
752 5255 1112 5323 παρεχόμεναι
1167 5255 1299 5327 πρὸς
1374 5255 1584 5328 ὄρνιθας
1647 5254 1801 5308 πολε-

264 5376 313 5410 79
336 5377 406 5430 Ill
428 5376 571 5447 Reg.
599 5390 699 5446 xu,
732 5378 764 5429 8
789 5390 927 5449 sqq.
1022 5376 1070 5411 ⁸⁰
1094 5377 1249 5434 Psal.
1276 5394 1460 5451 CXLIV,
1491 5383 1582 5436 20-

385 5536 527 5608 [ιρὸς
563 5540 749 5588 ταῦτα.
780 5535 1128 5600 Contextus,
1150 5538 1279 5608 πρὸς
1311 5540 1496 5593 πάντα.

271 5604 347 5677 (2)
384 5604 466 5677 ΕΣ
482 5609 807 5677 comment.
836 5611 901 5662 in
942 5608 1081 5677 Isa.,
1110 5604 1236 5663 452.

272 5674 349 5744 (3)
384 5675 464 5728 Ex
494 5674 660 5732 hom.
687 5693 786 5745 vn,
810 5678 872 5733 in
900 5674 1220 5748 Hexdem.,
1243 5684 1334 5737 63.

1929 1941 2101 2007 lium,
2131 1939 2298 2013 quod
2339 1955 2524 1995 nemo
2556 1938 2669 1994 sibi
2704 1938 2785 1994 ad
2827 1938 2944 1995 ista
2973 1938 3138 1995 solus
3168 1938 3450 2001 sufﬁciat,
3481 1935 3590 1991 sed

1930 2028 2312 2099 adjutoribus
2328 2030 2528 2097 magis
2554 2026 2823 2097 indigeat
2843 2027 2922 2083 ad
2944 2043 3146 2083 rerum
3173 2027 3407 2083 utilium
3431 2025 3590 2083 dele-

1930 2124 2115 2185 ctum,
2139 2133 2329 2189 quam
2349 2118 2426 2173 ad
2440 2132 2512 2172 ea
2530 2132 2667 2188 quae
2690 2132 2940 2188 corpore
2970 2116 3591 2187 perficiunturQuare

1929 2208 2037 2279 qui
2064 2206 2410 2262 consiliario
2442 2210 2626 2272 caret,
2658 2206 2833 2261 navis
2861 2211 2950 2260 est
2972 2205 3379 2275 gubernatore
3409 2203 3591 2259 desti-

1931 2298 2081 2361 tuta,
2108 2300 2331 2350 temere
2362 2300 2683 2348 ventorum
2717 2293 2985 2349 motibus
3006 2293 3323 2365 permissa.
3342 2292 3514 2358 Quod
3541 2291 3592 2347 si

1932 2385 1993 2439 in
2043 2399 2245 2439 rerum
2283 2383 2581 2439 leviorum
2625 2381 3166 2438 deliberationibus
3212 2380 3591 2438 consiliarios

1933 2472 2296 2529 adhibemus
2311 2491 2325 2541 ;
2340 2488 2482 2527 cum
2502 2470 2910 2528 deliberamus
2922 2471 2997 2527 de
3010 2471 3216 2528 anima
3244 2474 3303 2528 et
3317 2470 3393 2526 de
3408 2470 3593 2526 rebus

1933 2563 1986 2617 ei
2028 2561 2294 2629 utilibus,
2344 2576 2550 2616 nonne
2599 2559 2993 2617 admirabiles
3048 2560 3224 2616 nobis
3279 2558 3592 2631 quaerendi

1934 2655 2077 2705 sunt
2120 2648 2489 2705 consiliarii?
2524 2647 2634 2713 Qui
2663 2653 2886 2719 autem,
2947 2664 3089 2704 cum
3136 2648 3307 2706 adest
3356 2648 3593 2705 bonum

1931 2736 2457 2800 consilium,vanae
2487 2736 2689 2791 cordis
2711 2736 2806 2791 sui
2823 2735 3120 2793 voluntati
3149 2736 3528 2807 obsequitur,
3541 2735 3593 2791 is

1933 2827 2145 2883 similis
2176 2832 2264 2883 est
2305 2825 2744 2899 Roboam,qui,
2778 2830 2978 2898 spreto
3001 2826 3313 2882 seniorum
3344 2824 3592 2881 salutari

1930 2917 2204 2982 consilio,
2234 2915 2509 2987 juniores
2531 2930 2739 2971 secum
2762 2915 3053 2971 educatos
3072 2920 3316 2971 secutus
3345 2918 3456 2981 est,
3483 2927 3591 2985 per

1929 3021 2083 3076 quos
2114 3004 2440 3076 imperium
2469 3003 2532 3059 in
2555 3003 2770 3060 decem
2790 3003 2983 3061 tribus
3005 3003 3266 3060 amisit"
3281 3045 3296 3059 .

2000 3189 2051 3239 5.
2084 3182 2176 3239 Sic
2206 3182 2498 3238 instructa
2526 3181 2824 3238 adversus
2856 3182 3053 3252 justos
3091 3180 3347 3236 consilia
3377 3180 3441 3236 in
3479 3195 3586 3237 au-

1925 3277 2161 3328 ctorum
2184 3272 2385 3344 capita
2406 3270 2769 3341 redundant,
2804 3276 2870 3327 ut
2900 3270 3188 3326 immissae
3217 3270 3279 3325 in
3311 3269 3505 3325 solida
3528 3272 3589 3325 et

1922 3361 2261 3419 obnitentia
2281 3376 2538 3433 corpora
2567 3361 2800 3429 sagittae
2839 3359 2919 3416 ad
2949 3376 3053 3415 eos
3086 3359 3364 3425 redeunt,
3392 3374 3430 3415 a
3455 3358 3587 3431 qui-

1920 3451 2035 3506 bus
2067 3455 2211 3506 sunt
2236 3450 2549 3506 immissae.
2572 3450 2847 3506 Custodit
2875 3449 3036 3504 enim
3076 3449 3359 3504 Dominus
3384 3463 3584 3505 omnes

1921 3541 2240 3610 diligentes
2260 3555 2342 3609 se,
2357 3546 2410 3595 et
2434 3553 2636 3595 omnes
2657 3545 2997 3608 peccatores
3019 3538 3319 3607 disperdet
3339 3538 3386 3573 ⁸ο
3402 3554 3416 3592 :
3434 3553 3584 3609 quo-

1919 3630 2086 3686 niam
2115 3628 2196 3685 illi
2228 3629 2486 3685 debetur
2505 3629 2705 3684 omnis
2728 3628 2938 3698 gloria,
2967 3628 3165 3684 honor
3204 3633 3260 3684 et
3295 3628 3580 3697 magniﬁ-

1920 3719 2140 3788 centia,
2188 3734 2353 3774 nunc
2383 3723 2440 3774 et
2470 3733 2727 3791 semper,
2766 3722 2823 3773 et
2849 3719 2913 3773 in
2942 3716 3163 3774 smoula
3195 3716 3576 3777 saeculorum.

1921 3814 2132 3863 Amen.

2292 3949 2462 4023 εει
2503 3950 2608 4005 DE
2646 3947 3203 4006 PROVIDENTIA

2532 4067 2765 4123 SERMO
2816 4066 2953 4121 XXII
3447 4133 3464 4159 ‘

1992 4191 2039 4239 l.
2075 4185 2148 4255 (3)
2180 4186 2369 4240 Tanta
2397 4188 2490 4239 est
2510 4181 2807 4238 Creatoris
2843 4182 2906 4237 in
2939 4181 3216 4253 jubendo
3243 4182 3577 4255 intelligen-

1914 4275 2011 4330 tiae
2041 4273 2401 4339 fecunditas,
2429 4277 2675 4345 quantae
2706 4286 2912 4327 rerum
2940 4278 3283 4328 creatarum
3316 4272 3576 4328 dissimi-

1915 4364 2199 4419 litudines
2269 4366 2328 4417 et
2366 4361 2823 4417 convenientia.
2865 4362 3010 4426 Quae
3049 4361 3258 4416 omnia
3294 4365 3574 4417 accurate

1912 4467 2249 4517 recensere,
2282 4450 2534 4522 perinde
2572 4454 2663 4505 est
2713 4464 2786 4504 ac
2829 4449 2876 4503 si
2922 4449 3058 4520 quis
3104 4449 3326 4504 ﬂuctus
3372 4448 3573 4521 pelagi

1913 4555 2292 4607 enumerare,
2312 4543 2417 4594 aut
2434 4553 2653 4594 manus
2675 4537 2817 4594 vola
2842 4552 3069 4609 aquam
3091 4537 3278 4593 maris
3294 4532 3572 4595 admetiri

1913 4634 2183 4684 conetur.
2218 4630 2292 4697 (4)
2326 4627 2470 4693 Quis
2489 4627 2650 4682 enim
2681 4625 2877 4697 possit
2896 4630 3145 4704 cunctas
3176 4627 3573 4699 proprietates

1912 4718 1989 4773 ad
2038 4717 2357 4773 volucrum
2396 4716 2585 4772 vitam
2638 4714 3005 4787 pertinentes
3045 4721 3322 4771 accurate
3368 4730 3572 4772 recen-

1913 4805 2085 4863 sere?
2104 4806 2181 4878 (5)
2212 4805 2533 4871 Quomodo
2565 4802 2810 4860 ciconiae
2832 4804 3085 4875 quidem
3113 4819 3328 4860 omnes
3358 4820 3483 4861 uno
3511 4808 3572 4862 et

1912 4896 2131 4952 eodem
2160 4901 2434 4966 tempore
2454 4894 2549 4949 his
2580 4893 2640 4947 in
2670 4892 2820 4947 locis
2853 4891 3171 4956 wdiﬁcent,
3204 4898 3263 4949 et
3301 4894 3417 4951 sub
3445 4910 3569 4953 uno

1911 4986 2085 5057 signo
2111 4998 2326 5040 omnes
2356 4982 2709 5038 discedant:
2744 4981 2911 5053 quod
2940 4982 3193 5054 quidem
3234 4999 3272 5039 a
3318 4984 3570 5041 rationis

1911 5074 2303 5145 intelligentia
2322 5088 2444 5128 non
2465 5072 2645 5141 longe
2669 5070 2860 5127 abest.
2890 5073 3208 5137 Quomodo
3238 5078 3440 5130 autem
3464 5075 3571 5132 sti-

1910 5170 2056 5237 pent
2080 5164 2246 5235 ipsas
2266 5162 2559 5231 cornices,
2585 5175 2832 5232 easque,
2855 5167 2923 5217 ut
2950 5162 3101 5218 mihi
3129 5162 3381 5235 quidem
3404 5164 3571 5221 vide-

1911 5259 2028 5326 tur,
2061 5252 2389 5325 deducant,
2422 5255 2479 5308 et
2517 5248 2736 5308 sociale
2763 5250 3079 5324 quoddam
3110 5251 3229 5310 illis
3272 5252 3568 5310 auxilium

1985 5539 2062 5611 (4)
2092 5539 2173 5611 Ex
2193 5538 2360 5611 hom.
2384 5553 2505 5608 vm,
2535 5538 2601 5595 in
2628 5536 2943 5605 Hexaem.,
2975 5540 3066 5593 74.

1989 5608 2064 5681 (5)
2091 5608 2263 5677 lbid.,
2285 5613 2377 5665 τε.
