4084 6374
631 386 765 443 1367

1580 385 1948 443 APPENDIX.
1987 413 2057 428 -
2097 384 2441 443 SYMEONIS
2479 381 3026 441 METAPHRASTAS.
3809 389 3894 442 l368

625 513 914 583 praestent
934 511 1227 569 adversus
1255 511 1502 570 hostiles
1542 527 1702 569 aves.
1753 512 1938 582 Cujus
1973 511 2059 566 rei
2102 525 2238 580 argr

2310 515 2352 566 Α
2390 513 2558 582 μίους.
2621 515 2837 578 Σημεῖόν
2905 503 2984 575 δε,
3053 513 3255 580 πρῶτον
3303 511 3394 580 μὲν
3469 509 3523 560 τό
3574 513 3638 579 μὴ
3699 512 3897 580 φαίνεσθαι

625 606 901 657 mentum
951 606 1063 670 est,
1098 602 1367 674 primum
1397 602 1646 674 quidem
1683 602 1851 674 quod
1893 617 1962 656 eo
2009 605 2279 673 tempore

626 689 798 746 nulla
818 707 1070 762 prorsus
1109 693 1318 748 cornix
1345 696 1671 763 appareat:
1700 690 1918 746 deinde
1948 690 2113 762 quod
2139 707 2279 746 cum

626 778 979 837 vulneribus
1007 769 1346 848 redeuntes,
1362 781 1681 837 manifesta
1700 779 1840 836 belli
1855 779 2154 836 socialiter
2173 796 2280 852 pu-

630 868 796 938 gnati
822 868 1044 925 indicia
1074 869 1510 934 ret‘erant.Quis
1532 869 1698 941 apud
1721 869 1885 941 ipsas
1915 868 2283 940 praescripsit

628 957 1056 1030 hospitalitatis
1072 959 1250 1029 jura?
1264 959 1400 1032 quis
1421 959 1574 1031 ipsis
1596 957 1849 1014 desertas
1868 957 2090 1013 militia:
2109 973 2212 1013 acc
2223 974 2282 1012 u-

631 1046 927 1104 sationem
961 1049 1227 1104 minatus
1274 1053 1385 1117 est,
1432 1049 1586 1104 adeo
1636 1052 1701 1104 ut
1727 1047 1894 1104 nulla
1921 1064 1957 1104 a
1995 1047 2282 1104 comitatu

628 1150 763 1192 sese
792 1136 1243 1208 subtrahat?(i)
1276 1138 1460 1194 Grues
1489 1141 1692 1194 autem
1723 1136 1982 1192 Vicissim
2005 1141 2285 1192 exercent

627 1225 936 1282 excubias.
971 1227 1040 1281 Et
1095 1226 1346 1300 quidem
1402 1227 1534 1282 alite
1575 1226 1920 1282 dormiunt:
1956 1225 2085 1281 aliae
2141 1240 2280 1282 vero

627 1318 1090 1384 c‘rcumeuntes,
1111 1331 1357 1372 omnem
1385 1315 1532 1387 ipsis
1563 1315 1942 1371 securitatem
1978 1330 2087 1387 per
2120 1331 2280 1370 som-

627 1423 778 1464 num
799 1405 1108 1462 exhibent.
1127 1404 1347 1462 Deinde
1367 1410 1637 1478 tempore
1658 1403 1998 1475 vigiliarum
2017 1409 2281 1477 peracto,

625 1497 756 1553 haec
768 1493 1017 1569 quidem
1030 1493 1312 1563 clangore
1324 1493 1484 1550 edito
1502 1493 1582 1550 ad
1597 1509 1880 1550 somnum
1898 1493 2160 1550 converti
2171 1497 2280 1549 tur:

625 1584 731 1641 illa
752 1599 895 1640 vero
914 1583 1268 1644 succedens,
1297 1599 1485 1655 quam
1511 1583 1742 1654 accepit
1764 1583 2160 1648 securitatem,
2177 1598 2286 1638 sua

625 1675 756 1730 vice
781 1671 1174 1728 reddit.Hunc
1203 1672 1386 1726 etiam
1414 1671 1473 1728 in
1496 1671 1700 1728 volatu
1726 1671 2002 1727 ordinem
2020 1676 2283 1727 servant.

631 1761 763 1818 Alia
801 1759 963 1815 enim
1001 1758 1152 1815 alias
1196 1759 1423 1816 itineris
1453 1759 1573 1815 dux
1604 1764 1725 1829 est;
1778 1759 1884 1815 sed
1916 1760 2018 1815 ubi
2047 1775 2153 1832 per
2186 1760 2286 1815 ali-

629 1849 798 1924 quod
827 1856 1070 1920 tempus
1115 1852 1404 1904 statutum
1448 1848 1677 1905 volatui
1719 1849 1979 1923 prtefuit,
2010 1854 2170 1905 retro
2221 1865 2286 1906 se
2317 1881 2356 1935 Β

628 1938 952 2010 recipiens,
982 1939 1095 1993 vite
1123 1937 1414 1995 ducatum
1448 1939 1790 2012 insequenti
1823 1939 2020 1996 tradit.
2061 1943 2134 2010 (2)
2169 1943 2284 1996 Vos

627 2033 832 2084 autem
876 2027 982 2099 qui
1012 2043 1134 2083 non
1179 2027 1419 2083 creditis
1459 2027 1723 2083 futuram
1756 2028 1817 2084 in
1848 2029 2285 2086 resurrectione

626 2115 1341 2184 mutationem,revocata
1373 2117 1433 2174 in
1459 2123 1714 2174 mentem
1744 2117 2064 2190 bombycis
2095 2124 2286 2175 muta-

624 2205 809 2272 tione,
842 2204 1232 2261 manifestam
1276 2206 1733 2262 resurrectionis
1783 2207 2094 2263 notionem
2133 2207 2284 2263 acci-

626 2294 861 2366 pite.(3)
894 2296 1009 2349 Vos
1039 2294 1219 2350 etiam
1249 2295 1354 2366 qui
1377 2295 1732 2366 mysterium
1760 2301 2033 2352 nostrum
2057 2296 2284 2365 ridetis,

625 2381 802 2454 quasi
834 2381 1209 2452 impossibile
1246 2388 1300 2438 et
1331 2389 1501 2439 extra
1539 2388 1822 2438 naturam
1869 2385 1962 2450 sit,
2005 2388 2068 2440 ut
2115 2385 2285 2452 virgo

625 2468 846 2541 pariat,
871 2469 1209 2538 virginitate
1233 2469 1309 2525 illi
1333 2471 1568 2541 integra
1586 2476 1999 2542 permanente;
2027 2471 2286 2541 cogitate

635 2559 840 2624 Deum,
871 2557 966 2612 cui
998 2557 1112 2613 hoc
1134 2558 1379 2630 placuit,
1415 2559 1736 2614 innumera
1764 2576 1836 2615 ex
1865 2566 2080 2616 natura
2112 2576 2289 2629 argu-

631 2651 837 2701 menta
867 2647 946 2702 ad
977 2661 1178 2702 rerum
1202 2647 1568 2703 mirabilium
1601 2647 1786 2704 ﬁdem
1821 2649 1878 2704 in
1906 2655 2284 2704 antecessum

629 2735 1045 2807 proposuisse.
1077 2737 1225 2792 Nam
1253 2736 1592 2792 vulturibus
1618 2736 1850 2810 absque
1890 2738 2014 2794 ulla
2035 2740 2288 2810 conjun-

628 2824 824 2880 ctione
848 2839 1056 2897 parere
1078 2825 1261 2892 dedit,
1289 2826 1424 2882 licet
1444 2828 1711 2883 maxime
1728 2827 2041 2898 longievis,
2061 2829 2288 2901 quippe

628 2913 852 2985 quibus
867 2915 988 2969 vita
1006 2915 1083 2970 ad
1097 2921 1339 2972 centum
1356 2933 1546 2988 usque
1569 2933 1763 2973 annos
1785 2917 2141 2990 plerumque
2155 2935 2289 2990 pro-

631 3002 945 3060 tendatur:
981 3008 1163 3076 atque
1190 3004 1273 3060 ita
1303 3005 1364 3060 in
1395 3005 1578 3060 rebus
1607 3005 1914 3073 omnibus,
1945 3007 2120 3062 nobis
2159 3023 2287 3079 per-

631 3092 844 3163 spicua
865 3091 1300 3149 miraculorum
1325 3110 1575 3150 suorum
1607 3101 2002 3152 monumenta
2028 3095 2285 3168 reliquit.

703 3274 757 3325 2.
787 3270 866 3340 (4)
915 3273 1013 3326 Est
1038 3287 1182 3328 vero
1213 3271 1373 3344 ipsis
1407 3288 1652 3344 quoque
1699 3274 1971 3344 piscibus
2006 3291 2152 3330 suus
2197 3291 2284 3331 sa-

635 3360 814 3432 piens
853 3359 1108 3432 quidam
1142 3377 1213 3416 ac
1261 3361 1416 3417 bene
1447 3363 1758 3435 depositus
1809 3366 1984 3425 ordo.
2030 3381 2290 3437 quorum

633 3449 1120 3522 unumquodque
1137 3465 1328 3522 genus
1340 3452 1508 3508 novit
1522 3451 1864 3509 distinctam
1889 3453 2001 3509 sibi
2025 3471 2060 3510 a
2077 3460 2292 3510 natura

635 3538 771 3594 vita:
801 3539 1134 3594 rationem:
1178 3545 1235 3594 et
1265 3539 1326 3595 in
1357 3540 1618 3596 deﬁnitis
1658 3541 1773 3598 sibi
1803 3543 1988 3598 maris
2016 3543 2291 3615 partibus

635 3625 890 3698 perinde
911 3628 1168 3699 atquein
1201 3629 1564 3697 civitatibus,
1598 3636 1700 3686 aut
1721 3630 1864 3686 vicis
1895 3632 2288 3703 quibusdam,

636 3719 743 3772 aut
769 3715 1035 3788 antiquis
1057 3717 1264 3789 patriis
1289 3718 1665 3775 immoratur.
1699 3722 1832 3776 Jam
1849 3736 1988 3776 vero
2014 3727 2068 3776 et
2097 3723 2291 3793 pisces

635 3805 889 3878 quidam
912 3809 1292 3878 peregrinare
1316 3808 1492 3877 soliti,
1521 3809 1768 3866 velutex
1795 3814 2102 3866 communi
2124 3813 2292 3868 curia

634 3894 699 3950 in
727 3899 1004 3952 externas
1037 3897 1314 3968 regiones
1336 3899 1802 3969 proﬁciscentes,
1837 3899 1950 3954 sub
1975 3917 2092 3956 uno
2120 3902 2290 3971 signo

637 3999 851 4042 omnes
880 3985 1218 4042 discedunt.
1253 3991 1399 4044 Cum
1429 3988 1589 4044 enim
1620 3989 2036 4062 prtescriptum
2069 3991 2293 4046 fetandi

637 4076 879 4144 tempus
901 4073 1198 4141 institerit,
1226 4076 1322 4131 alii
1353 4077 1432 4132 ab
1473 4077 1602 4132 aliis
1646 4078 2009 4147 emigrantes
2039 4078 2290 4134 sinibus.

640 4162 950 4218 communi
980 4167 1210 4220 naturae
1238 4165 1366 4234 lege
1406 4165 1706 4236 concitati,
1741 4166 1820 4221 ad
1864 4182 2029 4222 mare
2059 4167 2293 4240 aquilo-

639 4250 812 4306 nium
831 4250 1133 4308 festinant.
1156 4255 1329 4326 582
1355 4253 1683 4327 thuidem
1701 4254 1834 4326 ipso
1855 4261 2296 4312 ascensustem-

637 4354 785 4412 pore
817 4339 1010 4411 pisces
1041 4348 1284 4400 coactos
1313 4359 1418 4414 per
1453 4343 1875 4414 Propontidem
1902 4343 1964 4398 in
1996 4345 2293 4404 Euxinum

639 4429 896 4485 Pontum
916 4428 1256 4501 inﬂuentes,
1281 4431 1365 4487 uti
1394 4436 1720 4489 torrentem
1743 4432 2070 4503 quemdam
2093 4433 2292 4490 videre

639 4515 862 4588 possis.
896 4519 1111 4589 Ecquis
1145 4521 1390 4576 movet?
1421 4519 1734 4593 quodnam
1765 4524 1854 4576 est
1894 4521 2051 4591 regis
2099 4523 2290 4594 impe-

2390 600 2488 652 ὑπὸ
2519 601 2604 651 τόν
2653 599 2834 670 καιρὸν
2880 593 3066 648 ἐκεῖνον
3123 602 3356 671 κορώνην
3409 599 3755 649 παντάπασιν·
3797 602 3898 650 ἔπειθ’

2390 690 2469 740 ὃτι
2536 689 2667 758 μετὰ
2749 686 3060 759 τραυμάτων
3128 684 3564 760 ἐπανερχόμεναι,
3629 684 3785 758 ἐναργῆ
3846 697 3899 740 τε)

2393 783 2764 848 συνασπισμοῦ
2813 781 2901 827 καὶ
2965 783 3057 835 τῆς
3106 774 3398 847 ἐπιμαχίας
3463 777 3526 827 τὰ
3567 782 3742 847 σημεῖα
3799 782 3899 847 κομί-

2395 870 2564 928 ζουσι.
2599 870 2690 926 Τίς
2740 864 2864 937 παρ’
2912 863 3095 926 αὑταῖς
3149 868 3265 924 τοὺς
3312 872 3408 926 τῆς
3454 863 3716 936 φιλοξενίας
3753 860 3899 935 διώρισε

2389 958 2612 1026 νόμουςς
2643 958 2723 1015 τίς
2773 952 2956 1014 αὑταῖς
3005 951 3256 1010 ἠπείλησε
3306 952 3690 1026 λειποστρατίον
3742 959 3898 1026 γραφῇ,

2391 1046 2455 1104 ὡς
2498 1039 2762 1116 μηδεμίαν
2818 1041 3194 1094 ἀπολείπεσθαι
3236 1050 3329 1104 τῆς
3384 1049 3723 1116 προπομπῆςς
3771 1044 3818 1094 Αἱ
3856 1061 3900 1109 γε·

2389 1152 2538 1209 ρανοι
2569 1131 2628 1186 δὲ
2657 1136 2747 1195 τὰς
2781 1133 2828 1186 ἐν
2884 1140 2945 1204 τῇ
2996 1138 3145 1184 νυκτί
3191 1132 3528 1206 προφυλακὰς
3567 1132 3621 1185 ἐκ
3668 1140 3900 1206 περιτροπῆς

2391 1221 2770 1295 ὑποδέχονται.
2827 1228 2927 1275 Καὶ
2956 1224 3010 1274 αἱ
3058 1225 3147 1294 μὲν
3195 1218 3567 1290 καθεύδουσιν,
3611 1224 3661 1273 αἱ
3697 1218 3749 1274 δὲ
3793 1219 3900 1286 κύκλῳ

2393 1320 2710 1386 περιιοῦσαι,
2762 1318 2936 1364 πᾶσαν
2991 1311 3173 1374 αὐταῖς
3231 1310 3282 1363 ὲν
3340 1319 3414 1380 τῷ
3478 1312 3614 1382 ὕπνῳ
3664 1313 3904 1384 παρέχονται

2393 1407 2482 1460 τὴν
2542 1401 2843 1474 ἀσφάλειαν.
2886 1402 3014 1453 Εἶτα
3060 1409 3151 1453 τοῦ
3202 1408 3390 1473 καιροῦ
3441 1409 3531 1460 τῆς
3586 1400 3786 1472 φυλακῆς
3817 1398 3904 1452 πλη·

2392 1497 2667 1566 ρουμένου,
2720 1495 2749 1550 ἡ
2801 1496 2890 1564 μὲν
2942 1491 3214 1564 βοησασα,
3273 1495 3406 1565 πρὸς
3445 1493 3596 1544 ὕπνον
3640 1489 3902 1565 ἐτράπετο,ε

2396 1579 2456 1634 δῖε
2485 1587 2578 1639 την
2631 1577 2902 1652 διαδοχὴν
2962 1577 3348 1652 ὑποδεξαμένη,
3383 1581 3446 1640 ἧς
3493 1583 3666 1651 ἔτυχεν
3701 1576 3906 1649 ἀσφαλείας

2395 1668 2682 1744 μετέδωκεν
2746 1669 2793 1722 ἐν
2849 1679 2921 1740 τῷ
2969 1673 3131 1743 μέρει.
3184 1671 3394 1726 Ταύτην
3452 1674 3540 1720 καὶ
3595 1667 3640 1719 ἐν
3678 1675 3732 1738 τῇ
3777 1670 3906 1721 πτήσει

2395 1764 2488 1818 τὴν
2547 1758 2783 1822 εὐταξίαν
2847 1758 3214 1830 φυλάττουσιν.
3277 1757 3490 1810 Ἀὶλοτε
3545 1759 3640 1830 γὰρ
3701 1754 3804 1812 άλλη
3854 1757 3908 1809 τὴν

2395 1845 2621 1920 όδηγίαν
2677 1843 2973 1918 ἐκδέχεται,
3019 1851 3109 1898 καὶ
3166 1850 3355 1899 τακτόν
3401 1866 3518 1898 τινα
3547 1849 3717 1918 χρόνον
3749 1843 3908 1914 προκαθ-

2396 1941 2706 2009 ηγησαμένη
2740 1945 2836 1998 τῆς
2868 1941 3129 2001 πτήσεως,
3183 1936 3252 1998 εὶς
3291 1939 3350 1988 τό
3391 1939 3603 1987 κατόπιν
3628 1931 3907 2006 περιελθοῦσα,

2394 2034 2456 2098 τῇ
2490 2025 2601 2098 μεθ’
2645 2025 2833 2082 ἑαυτὴν
2859 2029 2953 2082 την
2980 2027 3259 2096 ἡγεμονίαν
3304 2033 3402 2085 τῆς
3443 2021 3572 2076 όὸοὑ
3602 2016 3907 2096 παραδίδωστι.

2395 2118 2460 2167 υὶ
2495 2113 2554 2167 δέ
2591 2135 2650 2185 γε
2681 2113 3014 2174 ἀπιστοῦντες
3073 2119 3193 2188 περὶ
3235 2122 3332 2176 τῆς
3391 2115 3525 2166 κατὰ
3571 2117 3656 2170 τὴν
3700 2109 3906 2161 ἀνάστασιν

2395 2203 2736 2266 ἀλλοιώσεως,
2771 2207 3086 2275 μεμνημένοι
3135 2210 3225 2263 τῆς
3269 2205 3407 2255 κατὰ
3464 2206 3580 2263 τοὺς
3618 2209 3762 2274 σῆρας
3801 2214 3908 2268 μετα-

2395 2293 2571 2356 ϐολῆς,
2640 2291 2824 2366 ἐναργῆ
2890 2291 3175 2363 λαμϐάνετε
3240 2301 3335 2352 τῆς
3390 2291 3704 2351 ἀναστάσεως
3759 2291 3906 2338 ἔννοιαν.

2398 2387 2498 2434 Καὶ
2537 2383 2584 2433 οἱ
2638 2380 2879 2452 γελῶντες
2930 2384 2987 2432 τό
3045 2385 3340 2453 μυστήριον
3390 2383 3555 2452 ἡμῶν,
3613 2382 3673 2440 ως
3716 2372 3906 2428 ἀδυνάτου

2395 2475 2538 2533 ὄντος
2569 2476 2657 2522 καὶ
2684 2471 2778 2532 ἔξω
2828 2479 2924 2531 τῆς
2952 2473 3151 2541 φύσεως
3192 2472 3446 2544 παρθένον
3487 2476 3661 2534 τεκεῖν,
3709 2475 3786 2525 τῆς
3822 2480 3891 2531 παρ

2398 2562 2565 2622 Orata;
2629 2559 2758 2631 αὐτῇ
2823 2559 3200 2630 φυλαττομένης
3284 2558 3550 2633 ἀχράντου
3583 2575 3596 2589 ⁸
3644 2555 3904 2625 ἐνθυμήθητε.

2395 2652 2475 2701 ότι
2507 2651 2531 2700 ό
2568 2648 2614 2700 ἐν
2641 2653 2809 2719 τούτῳ
2843 2645 3138 2710 εὐδόκησας
3183 2653 3335 2713 Θεὸς,
3370 2646 3628 2723 μυρίαςέκ
3670 2645 3906 2713 τῆςφύσεως

2397 2738 2633 2812 ἀφορμὰς
2670 2742 2799 2811 πρός
2849 2743 2940 2794 τὴν
2992 2743 3172 2790 πίστιν
3221 2747 3320 2789 τῶν
3371 2735 3670 2807 παραδόξων
3710 2728 3904 2806 προλαϐων

2397 2827 2721 2881 κατεϐάλετο.
2759 2829 2888 2887 Τούς
2921 2846 2972 2878 τε
3018 2829 3118 2898 γὰρ
3159 2835 3330 2897 γῦπας
3389 2822 3740 2882 ἀσυνδυάστως
3777 2824 3903 2871 τίκτειν

2397 2916 2630 2985 ἐποίησε,
2695 2921 2781 2967 καὶ
2842 2924 3006 2967 ταῦτα
3048 2915 3508 2990 μακροϐιωτάτους
3573 2918 3719 2972 ὄντας,
3771 2911 3826 2967 οἷς
3860 2923 3893 2974 γε

2397 3010 2590 3078 μέχρις
2640 3007 2818 3056 ἒκατόν
2875 3003 2998 3055 ἐτῶν
3044 3007 3112 3064 ὡς
3161 3006 3227 3055 τὰ
3264 3004 3430 3056 πολλὰ
3475 3006 3504 3061 ἡ
3553 3003 3650 3063 ζωὴ
3680 2999 3900 3073 παρατείνε-

3864 3102 3892 3112 σγ

3885 3117 3890 3126 ι

2398 3115 2486 3146 ται
2515 3111 2526 3122 ·
2554 3097 2645 3145 καὶ
2679 3091 2725 3144 ἐν
2765 3099 2927 3144 πᾶσιν
2958 3095 3082 3165 ημῖν
3124 3101 3223 3144 τῶν
3256 3093 3458 3146 οἰκείων
3501 3092 3748 3164 θαυμάτων
3779 3087 3880 3154 mp?

2337 3234 2358 3248 ,,
2398 3185 2465 3235 τὰ
2495 3185 2695 3255 ὑπομνη
2705 3201 2844 3254 ματα
2865 3181 3252 3236 καταλέλοιπεν.

2471 3277 2524 3328 2.
2556 3272 2708 3326 ’Ἐστι
2741 3269 2798 3324 δέ
2830 3291 2910 3333 τις
2959 3277 3047 3324 καὶ
3094 3273 3239 3344 παρὰ
3269 3280 3376 3333 τοῖς
3411 3271 3593 3343 ἰχθύσι
3634 3271 3746 3338 σοφὴ
3773 3260 3901 3314 miri-

2399 3380 2584 3422 τακτος
2642 3359 3019 3432 διακόσμησις,
3081 3366 3170 3412 καὶ
3230 3363 3447 3414 ἕκαστον
3495 3365 3626 3431 γένος
3667 3355 3802 3408 αὐτῶν
3833 3342 3900 3398 οιδε

2399 3456 2487 3508 την
2534 3451 2896 3524 ἀφωρισμένην
2930 3449 3108 3510 αὐτοῖς
3159 3452 3304 3523 παρὰ
3362 3458 3458 3511 τῆς
3507 3451 3688 3521 φύσεως
3724 3439 3897 3495 δίαιταν

2399 3544 2486 3592 καὶ
2523 3543 2696 3615 ὥσπερ
2737 3539 2968 3607 πόλεσιν,
3021 3540 3049 3597 ἦ
3107 3545 3309 3611 κώμαις
3351 3546 3511 3609 τισὶν,
3558 3539 3584 3596 ἡ
3629 3536 3824 3608 πατρίσιν
3845 3542 3898 3593 αρ-

2399 3635 2606 3701 χαίαις,
2665 3638 2773 3691 τοῖς
2823 3628 3262 3700 ἀποτεταγμένοις
3326 3629 3497 3690 αὐτοῖς
3559 3635 3645 3686 τῆς
3708 3619 3896 3674 θαλάσσης

2399 3723 2604 3793 μέρεσιν
2637 3717 2977 3778 ἐναυλίζεται.
3018 3714 3160 3774 ’Ἤδη
3205 3713 3268 3770 δέ
3318 3739 3451 3780 τινες
3479 3721 3565 3770 καὶ
3603 3707 3894 3796 ἁποδεμιταέι

2399 3817 2498 3860 τῶν
2558 3807 2778 3879 ἰχθύων,
2835 3810 3008 3881 ὥσπερ
3061 3806 3160 3859 ἀπὸ
3219 3817 3400 3861 κοινοῦ
3458 3805 3783 3880 βουλευτηρίου
3817 3805 3893 3890 πξθῖ

2401 3904 2493 3955 τὴν
2551 3899 2825 3972 ὑπερορίαν
2878 3897 3220 3969 στελλόμενοι,
3275 3899 3360 3970 ὑφ’
3417 3897 3486 3950 ἐνὶ
3533 3895 3780 3962 συνθήματι
3817 3899 3888 3930 πμ

2401 4007 2483 4048 τες
2541 3987 2880 4060 ἀπαίρουσιν.
2943 3983 3187 4038 Ἐπειδὰν
3242 3989 3346 4061 γὰρ
3403 3987 3428 4038 ό
3479 3985 3742 4054 τεταγμένος
3777 3981 3884 4039 1"?“-

2400 4086 2492 4139 τῆς
2541 4083 2772 4136 κνήσεως
2815 4075 3097 4128 καταλάϐοι
3287 4076 3436 4128 ἄλλοι
3481 4075 3563 4127 ἀπ’
3589 4070 3722 4124 gmw
3759 4073 3891 4112 κόλπων

2402 4167 2826 4239 μεταναστάντες,
2891 4174 2960 4234 τῷ
3007 4173 3161 4236 κοινῲ
3206 4173 3304 4228 τῆς
3361 4169 3556 4238 φύσεως
3603 4165 3712 4230 νόμῳ
3757 4162 3895 4238 σιηερζ

2407 4259 2592 4324 θέντες,
2638 4255 2723 4306 ἐπὶ
2754 4259 2842 4312 την
2886 4253 3096 4327 βορείαν
3138 4256 3215 4325 (6)
3257 4254 3550 4326 ἐπείγονται
3579 4247 3794 4332 θάλασσαν.
3823 4239 3895 4282 Mi

2403 4341 2542 4407 ἶδοις
2584 4343 2644 4396 ἂν
2675 4346 2810 4396 κατά
2851 4347 2935 4395 τόν
2985 4347 3164 4416 καιρόν
3194 4351 3288 4405 τῆς
3331 4341 3523 4396 ἀνόδου
3552 4344 3684 4405 ωσπερ
3707 4334 3893 4430 τιὶρευῖέ

2403 4437 2519 4494 τοὺς
2554 4434 2745 4505 ἰχθύας
2776 4435 3081 4504 ἡνωμένους,
3115 4436 3204 4483 καὶ
3259 4429 3354 4485 διὰ
3392 4441 3488 4494 τῆς
3535 4422 3814 4502 Προποντίδος
3841 4423 3895 4505 ἐπί

3788 4501 3892 4570 προσ·

2403 4526 2490 4574 τόν
2551 4522 2783 4585 Εὔξεινον
2843 4523 3072 4596 ῥέοντας.
3147 4525 3235 4582 Τίς
3303 4524 3330 4574 ό
3397 4531 3580 4585 κινών;
3623 4516 3739 4567 ποῖον

638 4604 795 4662 rium
817 4588 1070 4680 ?qualia
1117 4608 1312 4665 edicta
1343 4608 1404 4665 in
1441 4588 1575 4665 l‘oro
1624 4610 1896 4682 exposita
1925 4588 2251 4682 praeﬁnitur

2268 4629 2289 4668 1
2323 4588 2364 4642 Β
2405 4631 2582 4685 ταγμα
2658 4609 2965 4683 βασιλέωςς
3030 4618 3156 4663 ποῖα
3204 4607 3584 4685 διαγράμματα
3639 4597 3731 4654 κατ’
3768 4600 3881 4685 οιἸΨι

636 4697 879 4768 tempus
891 4695 1190 4754 indicant?
1207 4698 1457 4771 quinam
1469 4698 1778 4772 hospitum
1795 4699 1872 4756 ad
1883 4715 2212 4774 venarumq
2221 4717 2293 4757 ue

638 4783 922 4842 ductores
959 4786 988 4842 ?
1039 4787 1216 4844 Vides
1263 4788 1532 4845 divinam
1583 4788 2027 4846 ordinationem
2076 4796 2294 4848 cuncta

639 4873 1069 4946 complentem,
1089 4881 1270 4949 atque
1287 4893 1394 4948 per
1411 4877 1821 4934 minutissima
1842 4879 2288 4950 pervadentem.

637 4961 822 5018 Piscis
851 4964 1066 5021 divinae
1097 4966 1215 5036 legi
1237 4983 1360 5023 non
1397 4967 1774 5033 adversatur,
1813 4983 1924 5024 nos
1955 4985 2098 5026 vero
2137 4969 2293 5027 salu-

638 5051 870 5108 tatibus
919 5056 1236 5128 praeceptis
1279 5071 1402 5112 non
1437 5055 1855 5130 obsequimur.
1903 5060 2059 5115 Cave
2096 5059 2292 5131 pisces

635 5141 1001 5213 asperneris,
1018 5145 1187 5216 quod
1215 5145 1466 5202 omnino
1492 5145 1845 5219 insipientes
1867 5147 2004 5216 sint,
2029 5152 2084 5204 et
2108 5149 2288 5204 ratio-

633 5231 731 5288 nis
755 5237 1068 5305 expertes:
1105 5235 1214 5292 sed
1245 5235 1410 5307 time,
1442 5252 1518 5294 ne
1547 5237 1729 5294 etiam
1759 5237 1855 5295 his
1908 5237 2153 5296 inferior
2209 5238 2290 5296 sis

702 5414 782 5483 (1)
815 5413 1081 5472 Ειτὶιοω.
1109 5417 1233 5484 vui,
1262 5416 1325 5472 in
1356 5416 1671 5485 Hea-aen,
1703 5416 1792 5474 74.

815 5485 990 5567 ll)_id.,
1015 5491 1104 5543 78.

703 5560 756 5618 (.3
811 5555 1094 5623 lbid.,76.

703 5555 782 5623 (3)
811 5555 980 5623 lbid.,
1004 5562 1094 5614 76.

700 5627 779 5764 (4;
810 5628 893 5682 Ex
918 5627 1087 5686 hom.
1117 5645 1216 5697 vn,
1239 5630 1554 5696 Hexaem.,
1587 5633 1677 5688 66.

700 5697 754 5764 (5
814 5699 1132 5754 Καταλάϐοι.
1174 5703 1369 5764 Forte,
1402 5699 1669 5760 καταλάϐη

700 5697 779 5765 (5)
814 5699 1132 5754 Καταλάϐοι.
1174 5703 1369 5767 Forte,
1402 5699 1693 5760 καταλάϐη.
1727 5699 1880 5756 Ευιτ.

2403 4700 2682 4772 ἡπλωμένα
2723 4704 2817 4758 την
2888 4702 3214 4774 προθεσμίαν
3280 4698 3474 4764 dulei;
3525 4699 3585 4749 υἱ
3644 4692 3888 4771 ξτιαγωγ⁰ς¹“”

2403 4809 2478 4851 τες
2508 4792 2581 4861 (7)
2619 4795 2788 4857 τίνες;
2822 4790 2979 4862 Ὀρᾲς
3026 4795 3118 4847 την
3171 4791 3308 4841 θείαν
3369 4786 3599 4848 διάταξιν
3648 4780 3784 4832 πάντα

2401 4889 2616 4953 Ροθσαν,
2681 4885 2771 4931 καὶ
2821 4875 2914 4931 διὰ
2952 4888 3050 4932 τῶν
3099 4882 3429 4954 μικροτάτων
3466 4875 3744 4932 διήκουσαν.
3795 4853 3892 4953 Ιχέντ

2402 4969 2494 5022 οὐκ
2552 4968 2800 5040 ἀντιλέγει
2855 4973 2993 5041 νόμῳ
3049 4976 3204 5037 Θεοῦ,
3257 4974 3346 5020 καὶ
3412 4968 3661 5039 ἀνθρ(,)ποι
3709 4955 3890 5039 σωτίριῖιθ

2401 5054 2778 5130 διαταγμάτων
2855 5057 2950 5110 ουκ
3008 5056 3324 5129 ἀνεχόμεθα.
3378 5059 3463 5112 Μὴ
3535 5043 3893 5128 καταφρόνει

2402 5147 2622 5219 ἰχθύων,
2653 5143 2831 5205 ἐπειδὴ
2871 5148 3069 5219 ἄφρονα
3113 5147 3188 5217 (8)
3218 5144 3470 5204 παντελῶς
3507 5144 3590 5194 καὶ
3627 5135 3794 5234 03070.!"
3819 5131 3900 5216 αλλ-’ξ

2399 5235 2558 5308 φοϐοῦ
2618 5240 2688 5308 μὴ
2755 5241 2844 5288 καὶ
2891 5239 3087 5288 τούτων
3145 5233 3460 5308 ἀλογώτερος
3516 5227 3596 5302 ᾖς,
3641 5232 3694 5295 τῇ
3741 5222 3898 5274 διαταἹζ

2470 5418 2548 5490 (6)
2575 5422 2799 5490 κορείαν.
2843 5417 2954 5490 Sic
2988 5417 3346 5489 scripsimus
3396 5427 3505 5488 pro
3557 5407 3765 5482 βορείην,
3792 5380 3906 5465 (ιυοά

2393 5488 2709 5565 legebatur
2732 5489 2793 5544 in
2819 5488 3010 5544 editis.
3045 5488 3124 5565 l_u.
3177 5562 3185 5565 _
3277 5561 3284 5565 _
3430 5557 3454 5565 _
3612 5557 3629 5565 _

2466 5557 2547 5630 (7)
2576 5565 3009 5632 Ξεναγωγουντες.
3044 5561 3385 5624 Contextus,
3427 5557 3746 5632 ξεναγοῦντες.

2466 5628 2543 5705 (8)
2566 5628 2814 5705 "Apparet.
2850 5635 3192 5699 Contextus,
3236 5632 3433 5702 ἄφωνα,
3466 5628 3642 5683 muta.
