4084 6382
277 395 414 450 1369

1343 390 1576 449 SERMO
1619 390 1770 447 XXII.
1807 419 1876 429 —
1908 388 2000 445 DE
2052 391 2545 449 PROVIDENTIA.

3506 398 3644 453 1370

276 526 369 572 τοῦ
421 524 700 582 κτίσαντος
757 518 1148 592 ἀνθιστάμενος.
1199 515 1366 571 Οὐδὲν
1423 516 1545 590 παρ’
1598 516 1776 576 αὐτοῖς
1825 515 1875 577 ἐξ

2000 514 2237 582 ratione,
2270 516 2639 574 ordinationi
2669 516 2997 574 conditoris
3044 518 3362 576 obsistens.
3400 522 3473 591 (2)
3497 521 3643 577 Nul-

277 610 524 681 ἡμισείας
552 607 813 661 ὥπλισται
858 615 968 668 τοῖς
1022 604 1263 675 ὀδοῦσιν,
1304 610 1373 669 ὡς
1421 605 1546 679 βοῦς
1596 625 1701 680 παρ
1751 607 1876 676 ἡμῖν

277 703 367 750 καὶ
393 697 651 771 πρόϐατον
683 718 697 731 '
737 694 861 750 οὐδὲ
894 700 997 772 γὰρ
1028 696 1311 770 μηρυκίζει
1358 716 1408 749 τι
1447 696 1567 769 παρ’
1609 695 1802 757 αὐτοῖς,
1837 693 1879 745 εἰ

280 791 351 857 μὴ
384 791 472 839 τόν
501 790 695 859 σκαρόν
725 791 877 859 μόνον
910 790 1181 861 ἱστοροῦσι
1206 806 1359 848 τινες,
1394 787 1569 838 Πάντα
1600 782 1659 837 δὲ
1698 785 1878 846 ὀξυτα-

279 896 396 937 ταις
459 875 654 949 ἀκμαῖς
715 873 940 929 ὀδόντων
1014 879 1499 941 καταπεπύκνωται,
1555 878 1637 927 ἱνα
1683 878 1755 946 μὴ

279 970 476 1038 χρονίᾳ
503 970 778 1038 μασσήσει
803 968 832 1024 η
871 970 1031 1039 τροφή
1064 962 1278 1041 διαρρέη
1313 986 1325 999 ·
1377 964 1545 1038 ἔμελλε
1574 966 1698 1036 γὰρ,
1733 963 1775 1015 εἰ
1803 967 1873 1034 μὴ

280 1053 435 1117 ὀξέως
528 1059 945 1127 κατατεμνομένη
1045 1063 1106 1127 τῇ
1202 1058 1393 1129 γαστρὶ
1486 1057 1878 1127 παρεπέμπετο,

279 1142 326 1195 ἐν
387 1152 449 1215 τῇ
508 1142 871 1203 λεπτοποιήσει
911 1141 1281 1218 διαφορεῖσθαι
1326 1147 1470 1216 παρά
1507 1150 1597 1197 τοῦ
1644 1139 1870 1203 ὕδατος.

278 1231 468 1285 Ἀκουε
515 1237 687 1285 τοίνυν
735 1233 905 1285 αὐτῶν
951 1238 1233 1306 μονονουχὶ
1286 1238 1453 1305 φωνην
1509 1232 1755 1305 ἀφιέντων
1807 1229 1879 1283 δι’

277 1321 345 1371 ὧν
376 1329 637 1386 ποιοῦσιν,
681 1324 760 1376 ὄτι
803 1322 889 1383 Εἰς
930 1319 1188 1395 διαμονὴν
1211 1330 1303 1375 τοῦ
1333 1326 1506 1395 γένους
1536 1327 1629 1380 τὴν
1676 1323 1880 1394 μακρὰν

275 1411 470 1470 ταύτην
510 1409 813 1485 ἀποδημίαν
857 1412 1187 1485 στελλόμεθα.
1230 1412 1341 1465 Οὐκ
1385 1415 1603 1482 ἔχουσιν
1627 1408 1766 1464 ἴδιον
1794 1410 1880 1461 λό-

275 1518 389 1571 γον,
420 1501 610 1572 ἔχουσι
673 1498 732 1554 δὲ
787 1505 873 1554 τὸν
931 1509 1027 1562 τῆς
1084 1505 1283 1573 φύσεως
1313 1506 1467 1574 νόμον
1518 1501 1755 1573 ἰσχυρῶς
1799 1498 1880 1551 ὲν-

280 1585 577 1662 ιδρυμένον,
619 1594 796 1644 καὶτὸ
836 1595 1090 1664 πρακτέον
1130 1588 1509 1645 ἐπιδεικνύντα.
1556 1587 1878 1661 Βαὸίσωμεν,

282 1682 459 1749 φασὶν,
502 1678 586 1732 ἐπὶ
641 1683 699 1732 τό
754 1679 958 1753 βόρειον
1006 1679 1247 1752 πέλαγος.
1308 1679 1623 1753 Γλυκύτερον
1659 1683 1757 1754 γαρ
1797 1685 1884 1738 τῆς

281 1764 471 1831 λοιπῆς
519 1768 792 1831 θαλάσσης
843 1772 900 1821 τὸ
962 1765 1107 1844 ὕδωρ
1169 1768 1345 1834 ἐκεῖνο,
1404 1765 1544 1821 διοτι
1584 1767 1661 1820 ἐπ’
1717 1768 1885 1839 ὀλίγον

1984 603 2113 660 lum
2133 604 2391 678 piscium
2414 621 2604 675 genus
2624 605 2876 663 dimidia
2896 622 2968 663 ex
2989 613 3157 679 parte
3179 609 3536 665 instructum
3557 613 3645 666 est

1985 693 2289 762 dentibus,
2322 700 2385 750 ut
2426 695 2535 750 bos
2578 700 2634 752 et
2664 696 2795 751 ovis
2850 697 3016 768 apud
3058 713 3170 753 nos
3203 715 3216 753 :
3251 714 3448 770 neque
3484 699 3646 754 enim

1986 784 2258 856 ipsorum
2300 785 2628 857 quisquam
2660 787 2942 849 ruminat,
2977 787 3091 843 nisi
3133 803 3342 843 scarus
3370 788 3533 844 solus
3564 805 3649 843 se-

1988 874 2257 931 cundum
2287 875 2694 948 quorumdam
2718 877 3233 933 narrationem.At
3260 893 3404 933 vero
3433 894 3646 934 omnes

1987 964 2183 1037 pisces
2225 965 2580 1021 acutissima
2629 966 3137 1023 condensatorum
3199 967 3473 1023 dentium
3523 968 3650 1024 acie

1989 1054 2503 1121 communiuntur,
2549 1070 2625 1111 ne
2665 1071 2803 1111 esca
2854 1056 3002 1111 dum
3060 1056 3285 1113 diutius
3319 1057 3648 1123 manditur,

1990 1144 2260 1199 difﬂuat:
2294 1144 2408 1199 nisi
2432 1144 2594 1200 enim
2631 1144 2898 1200 celeriter
2947 1145 3204 1201 dissecta
3262 1146 3323 1200 in
3376 1151 3651 1203 ventrem

1990 1232 2423 1302 detruderetur,
2458 1238 2789 1291 extenuata.
2808 1250 2916 1306 per
2955 1250 3179 1307 aquam
3231 1236 3647 1307 dissiparetur.

1992 1324 2069 1393 (3)
2091 1322 2246 1378 Audi
2267 1323 2446 1393 igitur
2471 1339 2594 1392 eos,
2616 1338 2724 1395 per
2739 1340 2811 1379 ea
2840 1340 2976 1396 quae
3008 1324 3233 1381 faciunt
3258 1329 3491 1380 tantum
3519 1340 3644 1380 non

1991 1412 2326 1468 amittentes
2353 1412 2511 1468 hanc
2540 1428 2770 1469 vocem:
2798 1417 2911 1469 Nos
2929 1414 3005 1469 ad
3024 1420 3381 1487 perpetuam
3418 1414 3654 1483 generis

1992 1500 2919 1574 conservationemlonginquam
2933 1503 3091 1559 hanc
3104 1503 3651 1576 peregrinationem

1993 1590 2377 1662 suscipimus.
2401 1593 2525 1646 Non
2560 1591 2705 1663 ipsis
2724 1591 2879 1647 inest
2904 1592 3149 1665 propria
3178 1593 3329 1649 ratio
3361 1611 3373 1647 :
3410 1592 3515 1647 sed
3538 1607 3652 1647 na-

1993 1683 2139 1734 turae
2170 1678 2365 1749 legem
2381 1679 2609 1735 habent
2640 1679 2755 1735 sibi
2775 1680 3001 1736 fortiter
3021 1681 3470 1749 insidentem,et
3488 1680 3654 1752 quod

1996 1766 2304 1837 agendum
2331 1770 2419 1821 est
2466 1772 2905 1837 suggerentem.
2942 1771 3183 1837 Eamus,
3227 1767 3526 1840 inquiunt,
3578 1766 3655 1821 ad

280 1855 411 1928 αὐτῇ
489 1854 921 1931 προσδιατρίϐων
996 1859 1022 1909 ὀ
1100 1857 1263 1927 ἣλιος,
1314 1858 1407 1909 οὔκ
1482 1857 1651 1928 ἐξάγει
1727 1856 1886 1917 αὐτῆς

2000 1854 2350 1928 aquilonare
2398 1855 2673 1928 pelagus.
2734 1857 2970 1912 Dulcior
2998 1862 3090 1913 est
3136 1857 3297 1913 enim
3345 1856 3446 1913 illa
3497 1872 3659 1927 aqua

279 1942 393 1995 ὅλον
453 1940 547 1997 διὰ
601 1954 697 2008 τῆς
737 1945 945 2007 ἀκτῖνος
1001 1949 1059 1997 τὸ
1118 1950 1355 2018 πότιμον.
1416 1951 1600 2021 Χαίρει
1661 1944 1718 1998 δὲ
1780 1954 1889 2016 τοῖς

281 2032 497 2104 γλυκέσι
571 2040 661 2087 καὶ
735 2038 801 2087 τὰ
878 2036 1166 2090 θαλάσσια.
1204 2034 1357 2088 Ὀθεν
1432 2040 1522 2087 καὶ
1584 2035 1669 2088 ἐπὶ
1721 2055 1886 2088 ποτα-

276 2127 401 2195 μοὺς
466 2122 786 2197 ἀνανὴχεται
841 2125 1108 2187 πολλάκις,
1192 2130 1282 2177 καὶ
1349 2125 1526 2200 πόρρω
1616 2126 1887 2187 θαλάσσης

280 2216 501 2286 φέρεται.
545 2213 632 2267 Ἐκ
696 2217 885 2267 τούτου
940 2219 1317 2289 προτιμότερος
1369 2215 1539 2276 αὐτοῖς
1605 2217 1629 2267 6
1695 2220 1887 2277 Πόντος

282 2311 380 2353 τῶν
410 2302 600 2355 λοιπῶν
657 2304 771 2356 ἐστι
799 2304 1022 2370 κόλπων,
1070 2307 1139 2365 ὡς
1182 2301 1476 2366 ἐπιτήδειος
1531 2303 1888 2363 ἐναποκυῆσαι

279 2395 369 2443 καὶ
410 2391 598 2464 θρέψαι
638 2394 703 2445 τά
750 2396 954 2465 ἔγγονα.
996 2390 1238 2447 Ἐπειδὰν
1270 2390 1329 2446 δὲ
1366 2398 1424 2446 τὸ
1460 2391 1885 2466 σπουδαζόμενον

285 2479 576 2553 ἀρκούντως
620 2481 950 2556 ἐκπληρωθῇ,
991 2482 1143 2535 πάλιν
1195 2480 1460 2556 πανδημεὶ
1517 2485 1701 2545 πάντες
1753 2484 1886 2535 ὑπο-

287 2574 599 2644 στρέφουσιν
647 2570 854 2628 οῖκαδε.
900 2577 999 2625 Καὶ
1027 2577 1105 2633 τίς
1139 2574 1164 2624 ό
1203 2572 1372 2643 λόγος,
1414 2571 1718 2645 ἀκούσωμεν
1748 2576 1891 2645 παρά

287 2667 387 2709 τῶν
458 2666 791 2713 σιωπώντων.
833 2661 1187 2722 Ἐπιπόλαιος.
1230 2666 1409 2732 φασὶν,
1469 2663 1497 2718 ἡ
1553 2660 1737 2735 βορεία
1800 2663 1888 2712 Gu-

290 2745 485 2812 λασσα,
525 2753 615 2800 καὶ
661 2750 823 2800 ὑπτία
850 2753 1159 2823 προκειμένη
1201 2758 1298 2801 τῶν
1339 2748 1535 2821 ἀνέμων
1574 2757 1691 2811 ταῖς
1718 2748 1888 2821 βίαις,

291 2833 464 2906 ὀλίγας
531 2835 693 2899 ἀκτάς
753 2843 841 2890 καὶ
890 2835 1200 2912 ὑποδρομάς
1262 2841 1489 2909 ἔχουσα.
1558 2842 1645 2890 Διό
1698 2842 1787 2890 καὶ
1840 2837 1895 2889 ἐκ

289 2927 542 2996 πυθμένος
573 2929 623 2978 οἱ
654 2930 833 3000 άνεμοι
887 2924 1089 3002 ῥᾳδίως
1142 2928 1305 2986 αὐτὴν
1346 2925 1779 3000 ἀναστρέφουσιν,
1825 2932 1892 2988 ῶς

289 3020 378 3067 καὶ
419 3019 511 3073 τὴν
544 3014 735 3088 βυθίαν
782 3017 999 3090 ψάμμον
1052 3026 1162 3079 τοῖς
1191 3021 1418 3089 κύμασιν
1480 3016 1886 3089 ἀναμίγνυσθαι.

290 3102 447 3156 Ἀλλά
509 3111 599 3158 καὶ
662 3105 855 3179 ψυχρὰ
911 3116 1171 3180 χειμῶνος
1216 3110 1342 3180 ὥρᾳ,
1398 3108 1499 3159 ὑπὸ
1551 3106 1748 3158 πολλῶν
1805 3112 1895 3159 καὶ

289 3192 524 3265 μεγάλων
571 3204 818 3268 ποταμῶν
883 3196 1237 3269 πληρουμένη,
1289 3198 1383 3249 Διά
1420 3204 1595 3265 τοῦτο,
1659 3195 1734 3268 ἐφ’
1774 3198 1893 3248 ὅσον

290 3288 495 3356 μέτριον
558 3282 947 3348 ἀπολαύσαντες
1018 3287 1182 3349 αὐτῆς
1256 3287 1304 3338 ἐν
1379 3294 1449 3355 τῷ
1518 3288 1668 3359 θέρει,
1736 3286 1893 3337 πάλιν

291 3381 549 3443 χειμῶνος
616 3372 699 3427 ἐπὶ
758 3380 854 3433 τὴν
918 3374 967 3426 ἐν
1033 3383 1105 3446 τῷ
1164 3374 1311 3447 βυθῷ
1378 3373 1527 3426 ἀλέαν
1595 3377 1660 3426 τὰ
1724 3395 1893 3449 προσ-

293 3459 417 3518 ήλια
467 3470 566 3514 τῶν
595 3467 807 3537 χωρίων
838 3464 1154 3535 ἐπείγονται,
1195 3469 1284 3515 καὶ
1330 3468 1569 3535 φυγόντες
1606 3468 1665 3516 τό
1725 3463 1892 3522 δυση-

294 3570 441 3623 νεμον
494 3560 594 3603 τῶν
635 3551 897 3625 ἀρκτῴων,
959 3560 1068 3615 τοῖς
1121 3552 1197 3606 ἐπ’
1232 3553 1439 3605 ὕαττον
1499 3559 1895 3626 τινασσομένοις

295 3639 504 3703 κόλποις
554 3640 1037 3716 ἐγκαθορμίζονται.
1096 3639 1248 3695 Εἶδον
1305 3650 1474 3694 ταῦτα
1517 3641 1635 3713 ἐγὼ,
1678 3649 1767 3695 καὶ
1804 3648 1895 3701 τὴν

296 3726 380 3780 ἐπὶ
436 3734 568 3782 πᾶσι
622 3750 714 3783 τον
766 3739 899 3784 Θεοῦ
950 3736 1133 3804 σοφίαν
1182 3730 1475 3803 ἐθαύμασα.
1518 3731 1579 3784 Εἰ
1616 3736 1681 3783 τα
1733 3731 1898 3803 οἶλογα

297 3815 596 3875 ἐπινοητικά
620 3829 715 3880 τῆς
740 3816 882 3882 ἰδίας
904 3821 1072 3872 αὐτῶν
1106 3825 1391 3893 σωτηρίας,
1420 3826 1509 3872 καὶ
1539 3817 1650 3873 οἶδε
1671 3824 1729 3872 τὸ
1762 3824 1898 3895 αἱρε-

295 3909 382 3958 τὸν
412 3908 552 3979 αὐτῷ
581 3914 669 3960 καὶ
700 3912 757 3961 τὸ
798 3913 1012 3982 φευκτόν
1042 3911 1067 3961 ό
1097 3910 1253 3981 ἰχθύς
1282 3926 1296 3941 ο
1330 3913 1381 3960 τί
1435 3908 1646 3983 ἐροῦμεν
1673 3911 1823 3981 ἡμεῖς
1848 3912 1898 3961 οἱ

294 3994 430 4069 λόγῳ
460 4002 810 4071 τετιμημένοι,
836 4003 925 4052 καὶ
954 4003 1093 4071 νόμῳ
1117 3994 1541 4070 πεπαιδευμένοι,
1572 3998 1898 4069 ἐπαγγελίαις

293 4092 693 4162 προτραπέντες,
720 4087 767 4140 ἐν
794 4092 1048 4162 πνεύματι
1081 4087 1552 4161 σομσθέντεςβῖτα
1573 4096 1672 4139 τῶν
1698 4087 1897 4159 ἰχθύων

296 4175 609 4253 ἀλογώτερον
641 4180 707 4230 τὰ
726 4177 843 4231 καθ’
876 4179 1091 4240 ἑαυτοὺς
1131 4175 1515 4249 διατιθέμενος
1560 4180 1698 4251 εἰπερ
1731 4180 1779 4229 οἱ
1808 4182 1897 4250 μὲν

293 4272 448 4321 ἴσασι
471 4277 563 4322 τοῦ
602 4268 873 4342 μέλλοντός
898 4289 1015 4322 τινα
1039 4270 1310 4322 ποιεῖσθαι
1339 4272 1608 4341 πρόνοιαν,
1653 4270 1801 4340 ἡμεῖς
1840 4265 1899 4322 δε

293 4356 347 4409 ἔκ
376 4365 473 4419 τῆς
500 4362 626 4430 πρὸς
664 4362 723 4410 τό
754 4359 931 4431 μέλλον
972 4358 1302 4419 ἀνελπιστίας
1348 4354 1422 4410 δι’
1467 4354 1659 4418 ἡδονῆς
1687 4356 1894 4430 βοσκη-

294 4447 466 4516 μάτων
494 4450 588 4504 τὴν
624 4449 760 4508 ζωὴν
787 4446 1147 4520 ἀναλίσκομεν.

296 4628 449 4681 tram
472 4624 877 4683 absumimus.

367 4719 420 4772 3.
462 4714 553 4768 Ἀν
593 4712 652 4769 δὲ
696 4714 979 4789 ἐπελθωμεν
1021 4722 1091 4785 τῷ
1142 4715 1299 4787 λόγῳ,
1339 4719 1480 4773 πόση
1542 4721 1648 4776 τοῖς
1691 4714 1898 4787 ἀλόγοις

298 4805 454 4867 ζώοις
491 4803 775 4877 ἐνυπάρχει
833 4802 1124 4867 ἀδίδακτος
1178 4809 1267 4857 καὶ
1326 4808 1518 4876 φυσική
1561 4812 1653 4864 τῆς
1706 4805 1897 4858 ἑαυτῶν

297 4895 433 4956 ζωῆς
496 4894 778 4967 ἐπιμέλεια,
841 4894 969 4967 οὐχὶ
1033 4897 1163 4968 πρὸς
1219 4898 1313 4952 τὴν
1365 4894 1510 4964 ἡμῶν
1569 4892 1736 4944 αὐτῶν
1798 4915 1900 4966 φυ-

294 4984 474 5052 λακήν,

292 5075 708 5147 κινηῦησόμεθα,
795 5073 824 5132 ἦ

295 5166 413 5218 ὅταν
482 5164 763 5237 εὑρεϐῶμεν
838 5166 927 5214 καὶ
1007 5169 1104 5223 τῆς
1186 5167 1451 5234 μιμήσεως

294 5254 730 5326 ἀπολειπόμενοι;
794 5251 1015 5327 ’Ἄρκτος
1089 5250 1338 5313 πολλάκις
1415 5249 1739 5323 βαθυτάταις
1802 5270 1883 5302 κα⁸

552 4990 642 5036 καὶ
714 4991 807 5045 τῆς
879 4993 977 5036 τῶν
1051 4983 1244 5054 ψυχῶν
1322 4986 1580 5057 σωτηρίας
1654 4986 1898 5056 πρόνοιαν

918 5071 1152 5126 ἐπιπλέον
1228 5073 1726 5146 κατακριθησόμεθα
1825 5074 1895 5141 1),

1529 5168 1627 5212 τῶν
1704 5158 1897 5231 ἀλόγων

1095 5343 1283 5400 ἔαυτὴν
1380 5340 1598 5414 ἱατρεύει
1698 5340 1899 5403 πάσαις

292 5347 621 5419 τατρωθείσα
720 5342 949 5414 πληγαῖς
981 5384 995 5411 ,

294 5442 583 5508 μηχαναῖς,
616 5440 689 5505 τῷ
733 5432 909 5505 φλόμῳ
962 5434 1129 5503 τούτῳ
1176 5431 1336 5506 ξηρὰν
1374 5434 1470 5489 τὴν
1523 5432 1679 5502 φύσιν
1719 5432 1898 5501 ἔχοντι

361 5577 436 5645 (11
469 5577 537 5630 Ἦ
564 5576 802 5631 ἐπίπλεον
838 5576 1360 5651 κατακριθησόμεθα.
1393 5574 1534 5629 Haec
1575 5572 1785 5631 addita.
1822 5589 1896 5630 ex

292 5651 596 5705 contextu.

362 5720 443 5791 (2)
474 5721 559 5777 Ex
578 5721 748 5780 hom.
769 5738 846 5780 vn
873 5722 937 5780 in
967 5720 1291 5787 Hamaem.,
1323 5724 1409 5777 67.

1996 1960 2186 2018 quam
2215 1944 2511 2017 reliquum
2560 1960 2748 2011 mare,
2798 1951 3116 2018 propterea
3154 1946 3322 2018 quod
3362 1945 3451 2001 sol
3488 1945 3659 2000 brevi

1998 2038 2265 2107 tempore
2284 2033 2344 2089 in
2375 2048 2446 2089 eo
2475 2048 2862 2089 commorans
2889 2049 3010 2090 non
3034 2050 3106 2089 ex
3127 2050 3197 2089 eo
3229 2050 3336 2106 per
3365 2050 3506 2088 suos
3547 2048 3650 2089 ra-

1995 2122 2128 2178 dios
2158 2122 2356 2178 educit
2384 2122 2680 2194 quidquid
2703 2123 2873 2194 potui
2906 2127 3113 2195 aptum
3145 2127 3255 2177 est.
3292 2121 3566 2177 Gaudent
3597 2124 3654 2176 et

1992 2212 2230 2269 marina
2278 2211 2453 2285 aquis
2480 2211 2781 2267 dulcibus.
2820 2212 2984 2268 Unde
3015 2217 3071 2267 et
3100 2212 3177 2268 ad
3202 2211 3456 2266 ﬂumina
3498 2225 3658 2282 saepe

1993 2304 2259 2366 enatant,
2283 2300 2613 2373 proculque
2635 2317 2671 2356 a
2702 2301 2854 2356 mari
2879 2301 3342 2357 discedunt.llac
3365 2299 3439 2355 de
3472 2314 3661 2354 causa

1994 2389 2223 2446 caeteris
2256 2390 2487 2445 sinibus
2516 2389 2594 2445 ab
2623 2389 2768 2461 ipsis
2795 2390 3106 2462 praefertur
3137 2388 3555 2456 Pontus,velut
3582 2387 3661 2443 ad

1996 2478 2148 2534 fetus
2162 2478 2429 2534 edendos
2444 2483 2623 2550 atque
2645 2478 3035 2534 enutriendos
3051 2478 3269 2533 idoneu
3283 2482 3662 2549 s.Postquam

1996 2582 2140 2623 vero
2168 2568 2230 2623 id
2256 2568 2421 2639 quod
2448 2568 2511 2622 in
2540 2568 2693 2622 votis
2725 2572 2872 2635 erat;
2896 2567 3203 2639 expletum
3245 2566 3491 2621 abunde
3534 2565 3659 2633 fuit,

1997 2671 2206 2712 rursus
2244 2672 2456 2712 omnes
2483 2656 2830 2713 catervatim
2876 2657 2953 2712 ad
2989 2656 3235 2729 propria
3264 2659 3663 2711 revertuntur.

2002 2749 2067 2801 Et
2090 2761 2225 2817 quae
2257 2745 2645 2801 sitredeundi
2672 2745 2884 2815 ratio,a
2912 2746 3099 2800 mutis
3127 2743 3665 2816 audiamus.Aqui-

1999 2836 2207 2891 lonare
2234 2849 2462 2906 aequor,
2487 2834 2789 2905 inquiunt,
2820 2833 3192 2905 profundum
3224 2850 3345 2889 non
3373 2838 3483 2899 cst,
3502 2848 3667 2887 cum-

2000 2940 2119 2997 que
2176 2924 2462 2996 supinum
2522 2924 2615 2994 sit,
2656 2922 2935 2978 violentis
2983 2922 3176 2979 ventis
3207 2923 3548 2994 exponitur,
3592 2936 3664 2976 ac

1999 3014 2199 3070 littora
2227 3028 2426 3085 pauca
2450 3016 2507 3068 et
2527 3027 2757 3084 paucos
2778 3028 3051 3068 recessus
3068 3012 3659 3083 habet.Quaproptcr

2002 3103 2182 3159 etiam
2209 3102 2286 3158 ab
2330 3103 2454 3158 imo
2488 3100 2615 3157 solo
2659 3101 2864 3174 ipsum
2895 3101 3065 3157 facile
3105 3101 3455 3157 concutiunt
3481 3098 3665 3166 venti,

2003 3193 2155 3249 adeo
2195 3198 2260 3249 ut
2283 3208 2471 3249 arena
2500 3208 2637 3263 quae
2663 3192 2722 3247 in
2754 3191 2944 3247 fundo
2973 3190 3347 3259 subsidebat,
3380 3189 3661 3244 ﬂuetibus

2001 3282 2455 3356 permisceatur.
2491 3282 2644 3347 Quin
2675 3284 2731 3336 et
2766 3280 3053 3350 frigidum
3084 3285 3170 3335 est
3191 3279 3400 3335 hiemis
3431 3283 3659 3350 tempo-

2002 3373 2321 3447 re,quippe
2342 3371 2509 3444 quod
2532 3370 2786 3427 amultis
2820 3370 3176 3441 magnisque
3208 3369 3407 3424 ﬂuviis
3436 3368 3663 3440 replea-

2003 3469 2120 3522 tur.
2142 3465 2462 3534 Propterea
2492 3461 2624 3533 ipso
2656 3459 2717 3515 in
2740 3463 2948 3514 aestate
2970 3459 3281 3515 moderate
3314 3456 3502 3530 potiti,
3533 3472 3660 3511 rur-

2006 3571 2110 3610 sus
2139 3553 2335 3609 hieme
2367 3550 2444 3606 ad
2474 3554 2743 3622 teporem
2791 3549 2852 3604 in
2878 3548 3181 3619 profundo
3209 3550 3659 3611 conservatum,

2004 3647 2063 3699 et
2094 3641 2171 3699 ad
2201 3640 2407 3714 aprica
2436 3639 2570 3694 loca
2590 3641 2939 3710 properant,
2958 3641 3137 3709 atque
3169 3634 3663 3707 septentrionales

2004 3735 2218 3788 ventos
2246 3744 2460 3801 graves
2486 3726 2805 3782 etinfestos
2828 3725 3143 3793 fugientes,
3178 3725 3237 3779 in
3265 3724 3432 3780 sinus
3465 3723 3664 3779 minus

2006 3820 2340 3891 exagitatos
2363 3816 2525 3874 velut
2559 3816 2619 3870 in
2650 3820 2858 3887 portus
2891 3829 3023 3869 sese
3053 3812 3509 3885 recipiunt.Vidi
3536 3811 3665 3867 haec

2005 3913 2211 3981 ego,et
2234 3907 2333 3963 Dei
2359 3906 2420 3961 in
2448 3903 2731 3960 omnibus
2754 3903 3109 3974 sapientiam
3147 3902 3479 3958 admiratus
3506 3916 3662 3956 sum.

2005 4001 2187 4056 Bruta
2213 3997 2265 4053 si
2290 3994 2665 4069 prospiciunt
2694 3992 2827 4059 sibi,
2857 4007 2928 4047 ac
2962 3992 3269 4064 propriam
3304 4006 3480 4046 suam
3510 3989 3666 4044 salu-

2004 4092 2123 4146 tzm
2149 4088 2410 4151 servant,
2437 4084 2487 4139 si
2512 4082 2681 4138 novit
2703 4081 2885 4154 piscis
2914 4081 3060 4153 quid
3089 4080 3202 4135 sibi
3230 4079 3573 4149 eligendum
3595 4078 3669 4134 sit

2005 4183 2109 4234 aut
2130 4174 2504 4246 fugiendum:
2531 4171 2677 4244 quid
2700 4187 2811 4225 nos
2834 4186 3047 4225 sumus
3069 4170 3413 4240 dicturi,qui
3435 4168 3667 4224 ratione

2005 4264 2397 4329 cohonestati,
2426 4261 2557 4331 lege
2589 4260 2825 4327 eruditi,
2859 4258 3391 4331 pollicitationibus
3416 4257 3662 4327 invitati,

2004 4361 2060 4414 et
2090 4356 2300 4429 spiritu
2326 4353 2542 4419 edocti,
2577 4350 2775 4407 adhuc
2804 4353 3007 4404 tamen
3040 4364 3134 4403 res
3152 4346 3668 4418 nostrasineptius

1931 4450 1976 4503 D
2003 4461 2190 4518 quam
2236 4443 2435 4515 pisces
2494 4439 2647 4511 ipsis
2699 4437 3119 4509 disponimus?
3148 4435 3231 4491 illi
3271 4435 3431 4490 enim
3462 4433 3664 4489 futura

293 4533 751 4605 quodammodo
777 4535 1093 4607 providere
1128 4539 1353 4593 norunt
1384 4553 1397 4592 :
1430 4550 1543 4592 nos
1582 4539 1783 4593 autem
1823 4552 1933 4610 spe
1957 4533 2140 4594 futuri
2172 4531 2411 4602 abjecta
2440 4528 2501 4584 in
2532 4526 2815 4584 belluinis
2846 4524 3258 4597 voluptatibus
3302 4523 3489 4579 vitam
3526 4538 3668 4579 nos-

2082 4717 2136 4767 3.
2180 4713 2255 4783 (4)
2300 4706 2471 4774 Quod
2519 4706 2567 4761 si
2606 4718 2884 4759 sermone
2939 4716 3383 4776 percurramus,
3440 4702 3670 4773 quanta

2008 4802 2173 4858 hisee
2206 4797 2396 4854 brutis
2426 4793 2792 4852 animalibus
2850 4792 2931 4848 ad
2968 4790 3449 4847 conservandam
3493 4805 3670 4845 suam

2007 4891 2196 4946 vitam
2222 4883 2902 4954 insitdiligentia,quam
2926 4881 3141 4937 edocta
3170 4894 3293 4934 non
3325 4879 3665 4950 sunt,583

2011 4980 2120 5037 sed
2143 4995 2329 5051 quam
2362 4979 2579 5032 natura
2615 4973 2880 5039 habent;
2913 4986 3114 5028 nonne
3138 4969 3213 5026 ad
3238 4985 3346 5025 nos
3379 4970 3542 5041 ipsos
3574 4985 3671 5024 cu-

2012 5067 2446 5133 stodiendos,et
2466 5064 2542 5119 ad
2566 5062 2819 5120 salutem
2840 5062 3178 5117 animarum
3197 5059 3531 5115 curandam
3562 5058 3671 5113 im-

2010 5159 2224 5233 pellem
2235 5157 2437 5224 ur,aut
2454 5153 2697 5224 gravius
2725 5149 3440 5217 condemnabimur,cum
3462 5147 3671 5219 depre-

2008 5249 2180 5305 hensi
2207 5248 2500 5303 fuerimus
2525 5243 2705 5299 etiam
2725 5242 2804 5297 ab
2836 5240 3168 5297 imitatione
3187 5253 3478 5312 pecorum
3498 5236 3671 5292 abes-

2009 5356 2073 5395 se
2096 5344 2124 5395 ?
2147 5342 2300 5395 Ursa
2326 5347 2746 5408 saepenumero
2773 5329 3267 5405 profundissimis
3307 5326 3500 5400 plagis
3533 5342 3669 5383 sau-

2009 5429 2186 5496 ciata,
2218 5426 2333 5485 sibi
2362 5427 2496 5497 ipsa
2524 5422 2804 5479 medetur
2828 5420 2998 5478 omni
3029 5423 3171 5486 arte,
3202 5418 3352 5475 dum
3378 5416 3668 5473 verbasco

2083 5573 2160 5641 (3)
2204 5569 2380 5637 Ibid,,
2405 5571 2490 5625 68.

2084 5636 2162 5715 (4)
2204 5644 2281 5698 Ex
2301 5636 2467 5698 hem.
2501 5655 2556 5695 ιχ
2588 5639 2650 5694 in
2680 5637 2994 5704 Hexaem,
3027 5636 3113 5690 82.
