4084 6404
525 380 661 436 1371

1486 375 1851 430 ΑΡΡΕΝΠΙΧ.
1881 402 1953 414 -
1980 371 2336 430 SYMEONIS
2374 372 2900 428 METAPHRASTE

3744 373 3848 431 i372

526 507 808 560 naturam
836 502 1062 559 siccam
1080 500 1344 563 habente
1363 499 1616 556 vulnera
1639 498 1897 556 obturat.
1930 497 2179 571 Vulpem

2296 499 2384 557 τὰς
2447 495 2654 556 ὠτειλὰς
2717 496 3084 570 παραϐύουσα,
3144 493 3319 558 Ἰδοις
3393 497 3456 548 ἂν
3514 502 3602 550 καὶ
3654 497 3849 552 ἀλώπεκα

526 606 772 664 quoque
803 591 916 647 sibi
947 590 1063 664 ipsi
1092 591 1218 662 pini
1237 590 1522 662 lacrymis
1551 588 1956 644 medicantem
1979 587 2181 644 videre

528 680 744 752 possis.
778 681 1036 738 Testudo
1082 695 1226 736 vero
1273 680 1492 751 viperae
1541 677 1827 734 carnibus
1867 676 2178 744 exsatiata,

529 784 754 827 noxam
785 770 897 826 sibi
939 787 976 826 a
1004 773 1302 826 venenata
1349 768 1544 824 bestia
1579 767 2032 839 impendentem
2075 781 2182 836 per

530 858 853 914 adversam
883 858 1116 929 origani
1145 864 1424 914 naturam
1452 856 1649 913 evitat.
1671 856 1824 921 Quin
1846 859 1904 911 et
1933 869 2181 926 serpens

531 947 811 1006 foeniculo
843 953 1051 1020 pastus
1065 947 1380 1003 oculorum
1408 945 1640 1002 laesioni
1653 943 1984 1001 remedium
2011 943 2182 1000 adhi-

531 1036 653 1092 bet.
684 1038 870 1092 Boves
901 1037 1082 1094 etiam
1130 1035 1236 1092 diu
1263 1034 1476 1091 hiemis
1502 1039 1771 1107 tempore
1798 1032 2032 1094 inclusi,
2051 1033 2182 1104 jam

531 1125 778 1182 tandem
801 1125 1086 1182 redeunte
1110 1123 1541 1191 vere,naturali
1575 1138 1757 1178 sensu
1783 1121 2180 1179 mutationem

531 1213 926 1286 percipientes
952 1229 983 1270 e
1013 1212 1264 1270 stabulis
1307 1212 1387 1268 ad
1415 1212 1609 1268 exitus
1639 1216 1930 1284 spectant,
1973 1215 2030 1265 et
2058 1225 2184 1266 om-

530 1317 641 1358 nes
679 1317 792 1358 ceu
818 1317 943 1358 uno
973 1302 1148 1372 signo
1177 1301 1322 1357 dato
1350 1300 1563 1358 faciem
1607 1302 1980 1356 convertunt.
2032 1300 2182 1354 Oves

532 1406 696 1460 vero,
729 1390 1051 1447 accedente
1075 1391 1538 1464 hieme,pastum
1570 1388 1743 1444 avide
1767 1387 2186 1460 vorant,quasi

535 1496 642 1552 pro
668 1479 870 1537 futura
894 1480 1147 1553 penuria
1172 1479 1396 1537 victum
1437 1478 1552 1534 sibi
1588 1482 1892 1551 pararent.
1921 1478 1998 1546 (1)
2031 1475 2186 1542 Quid

531 1585 672 1626 vero
701 1585 809 1642 per
837 1569 966 1626 hac
995 1569 1172 1626 nobis
1217 1567 1570 1625 hominibus
1607 1566 1906 1622 indicatur
1927 1567 1954 1622 ?
1984 1571 2184 1622 inesse

533 1657 825 1718 nimirum
853 1657 1186 1730 quemdam
1219 1656 1397 1714 futuri
1437 1672 1685 1713 sensum
1724 1655 2084 1728 pecoribus;
2124 1657 2188 1710 ut

533 1763 647 1804 nos
671 1747 954 1820 praesenti
980 1748 1119 1802 vitae
1148 1763 1273 1802 non
1303 1746 1494 1802 simus
1524 1746 1765 1815 addicti,
1791 1745 1900 1800 sed
1933 1744 2012 1800 ad
2035 1744 2187 1800 futu-

2289 594 2361 656 τῷ
2411 581 2625 657 δακρύῳ
2687 593 2780 646 τῆς
2852 589 3034 646 πίτυος
3109 590 3299 644 εαυτὴν
3381 586 3622 658 ὶωμένην,
3681 586 3846 644 Χιλώνη

2291 671 2350 726 δὲ
2398 681 2603 747 σαρκῶν
2634 671 2851 745 ἐχίδνης
2882 673 3255 747 ἐμφορηθεῐσα,
3317 671 3416 726 διὰ
3455 683 3550 736 τῆς
3588 682 3675 726 τοῦ
3708 675 3852 749 ὀριγά-

2288 770 2374 815 νου
2407 762 2736 824 ἀντιπαθείας
2767 766 2940 834 φεύγει
2989 767 3081 821 τὴν
3141 762 3349 834 βλάϐην
3405 771 3499 816 τοῦ
3533 762 3740 818 ἰοϐόλον.
3780 771 3850 817 K1“:

2290 857 2422 924 ὄφις,
2469 856 2564 910 τὴν
2612 850 2660 902 ἐν
2717 860 2826 912 τοῖς
2865 852 3151 924 ὀφθαλμοῖς
3182 851 3391 924 βλάϐην
3443 853 3660 918 ἐξιᾱται,
3689 853 3852 924 βόσκε-

2293 944 2396 1000 θεὶς
2434 942 2709 1013 μαραθρῳ.
2773 947 2872 994 Καὶ
2927 941 3048 1013 βόες
3096 944 3185 1014 μὲν
3237 943 3727 1014 κατακεκλεισμένοι
3749 962 3854 1014 χρο-

2289 1035 2403 1090 νίως
2456 1029 2504 1081 ἐν
2557 1032 2666 1104 ὥρᾳ
2702 1038 2997 1104 χειμερινῇ,
3057 1027 3164 1088 ἤδη
3215 1034 3342 1084 ποτε
3382 1037 3478 1083 τοῦ
3533 1034 3676 1106 ἔαρος
3720 1050 3852 1103 προσ-

2293 1124 2474 1189 ιόντος,
2515 1128 2576 1190 τῇ
2620 1127 2814 1191 φυσικῇ
2859 1119 3110 1177 αἰσθήσει
3137 1125 3228 1178 τὴν
3268 1119 3569 1192 μεταϐολὴν
3615 1116 3850 1191 ἐκδεχόμε-

2289 1227 2386 1274 νοι,
2453 1206 2507 1259 ἐκ
2568 1216 2667 1259 τῶν
2721 1207 3062 1280 βουστασίων
3128 1213 3253 1282 πρός
3294 1211 3393 1270 τὰς
3464 1205 3674 1271 ἐξόδους
3709 1210 3854 1280 ὁρῶσι,

2290 1299 2472 1356 πάντες
2530 1295 2612 1367 ὑφ’
2657 1295 2727 1348 ἐνὶ
2788 1299 3086 1368 συνθήματι
3139 1297 3516 1369 μεταϐαλόντες
3563 1301 3620 1349 τὸ
3684 1305 3851 1368 σχῆμα.

2296 1384 2536 1459 Πρόϐατα
2576 1382 2656 1451 δὲ,
2695 1385 2953 1456 χειμῶνος
2999 1392 3336 1458 προσιόντος,
3397 1386 3602 1459 λάϐρως
3637 1391 3723 1444 τὴν
3769 1405 3853 1458 τρο-

2295 1479 2393 1545 φὴν
2450 1473 2840 1545 ἐπεμϐάλλεται,
2911 1476 3084 1547 ὥσπερ
3160 1474 3560 1546 ἐπισιτιζόμενα
3620 1478 3738 1549 πρὸς
3786 1478 3853 1529 riu

2295 1563 2582 1635 μέλλουσαν
2610 1558 2830 1618 ἔνδειαν.
2863 1569 2927 1616 Τί
2966 1560 3024 1616 δε
3073 1561 3107 1616 δ
3115 1566 3167 1614 ιὰ
3193 1567 3392 1616 τούτων
3420 1566 3547 1636 ἡμῖν
3585 1559 3853 1614 ἐνδείκνυται

2295 1660 2406 1714 τοῖς
2455 1651 2782 1725 ἀνθρώποιςς
2826 1657 2885 1704 τὸ
2915 1659 3005 1705 καὶ
3054 1657 3198 1726 παρὰ
3234 1661 3344 1714 τοῖς
3387 1653 3596 1724 ἀλόγοις
3622 1654 3730 1704 τινα
3760 1648 3853 1702 εἶναι

2298 1750 2390 1793 τοῦ
2431 1741 2699 1814 μέλλοντος
2738 1744 3013 1810 αἴσθησιν,
3043 1745 3178 1794 ὥστε
3228 1747 3320 1794 καὶ
3367 1744 3508 1814 ἡμᾶς
3543 1746 3612 1812 μὴ
3654 1748 3707 1812 τῇ
3751 1758 3853 1811 παρ-

535 1851 674 1892 rum
699 1835 986 1891 saeculum
1013 1851 1195 1891 omne
1215 1834 1483 1890 studium
1508 1834 1998 1905 conferamus.('2)
2023 1831 2188 1889 Unde

2302 1833 2433 1902 θύσῃ
2494 1830 2600 1902 ζωῇ
2669 1835 3093 1904 προστετηκέναι,
3155 1830 3262 1882 ἀλλ’
3308 1833 3436 1902 ὅπερ
3496 1837 3585 1882 τοῦ
3639 1827 3855 1900 μέλλοντος

535 1925 690 1981 inter
738 1925 1089 1980 innumeras
1120 1940 1264 1980 oves
1293 1939 1490 1994 agnus
1525 1939 1557 1979 e
1585 1923 1839 1980 stabulis
1888 1922 2186 1988 exsiliens,

537 2012 744 2072 matris
769 2029 892 2068 suae
905 2029 1116 2068 vocem
1137 2012 1384 2080 novit,et
1403 2011 1483 2068 ad
1504 2012 1701 2084 ipsam
1715 2012 2037 2078 festinat,et
2059 2027 2192 2083 pro-

537 2101 701 2173 prios
737 2101 906 2159 lactis
936 2100 1130 2157 fontes
1154 2100 1450 2174 inquirit?
1477 2100 1601 2156 imo
1634 2100 1683 2156 si
1720 2101 1782 2156 in
1814 2115 2036 2170 egenas
2067 2114 2196 2155 ma-

536 2189 642 2246 tris
673 2205 976 2246 mammas
1006 2189 1301 2255 inciderit,
1333 2196 1534 2246 tamen
1564 2195 1651 2246 est
1697 2189 1816 2245 illis
1850 2194 2191 2257 contentus,

538 2278 712 2352 plena
747 2283 805 2335 et
825 2279 1034 2348 gravia
1059 2279 1248 2335 ubera
1285 2284 1772 2351 praetergressus.
1801 2277 1967 2334 Unde
1986 2277 2193 2334 itidem

537 2373 730 2424 mater
750 2368 902 2423 inter
927 2384 1119 2438 agnos
1137 2384 1322 2440 quam
1349 2368 1644 2441 plurimos
1669 2367 1982 2440 proprium
2008 2382 2194 2436 agno-

540 2457 691 2512 scit?
721 2458 845 2512 Vox
875 2471 1020 2523 una,
1045 2455 1206 2512 idem
1237 2456 1423 2522 color,
1455 2455 1667 2512 similis
1713 2455 1990 2511 omnium
2020 2454 2189 2524 odor,

538 2549 836 2617 quantum
866 2545 1141 2600 odoratui
1164 2551 1370 2600 nostro
1386 2545 1805 2616 objicitur.Sed
1830 2550 2033 2600 tamen
2060 2545 2192 2616 qui-

538 2634 684 2690 dam
711 2634 868 2690 inest
891 2634 951 2689 in
981 2633 1127 2706 ipsis
1157 2650 1394 2704 sensus,
1423 2641 1630 2692 nostra
1656 2635 2194 2706 comprehensione

538 2723 788 2794 acutior,
814 2740 938 2796 quo
964 2723 1180 2796 cuique
1210 2729 1378 2796 quod
1426 2739 1603 2780 suum
1631 2731 1719 2780 est
1743 2723 2095 2794 dignoscere
2124 2723 2191 2778 li-

538 2817 647 2869 cet.
672 2812 946 2868 Nondum
977 2817 1119 2868 sunt
1150 2813 1360 2869 dentes
1394 2813 1612 2877 catulo,
1644 2819 1701 2870 et
1728 2820 1931 2869 tamen
1978 2812 2191 2869 adver-

538 2919 642 2957 sus
683 2917 786 2956 eos
837 2901 943 2974 qui
982 2901 1321 2958 molestiam
1367 2901 1481 2958 sibi
1511 2901 1788 2966 afferunt,
1821 2917 1950 2957 sese
1983 2917 2086 2972 per
2125 2918 2193 2956 os

538 2995 758 3048 tuetur.
791 2989 1074 3046 Nondum
1102 3006 1332 3046 cornua
1372 2995 1511 3047 sunt
1544 2990 1748 3059 vitulo,
1784 2996 1987 3048 tamen
2028 2989 2196 3045 novit

540 3077 648 3134 ubi
693 3078 807 3133 sibi
845 3095 1017 3134 arma
1073 3084 1452 3138 enascentur.
1485 3081 1800 3152 PrOpterea
1843 3077 2012 3150 quod
2040 3079 2192 3134 Deus

2303 1921 2480 1980 αἰῶνος
2519 1925 2612 1978 τήν
2661 1926 2834 1972 πᾶσαν
2890 1923 3032 1991 ἔχειν
3083 1916 3346 1978 σπουδήν.
3413 1921 3572 1972 Πόθεν
3610 1918 3657 1970 ἐν
3691 1922 3854 1989 μυρίοις

2300 2009 2599 2081 προϐάτοις,
2676 2009 2876 2082 ἀρνειὸς
2948 2018 3048 2061 τῶν
3123 2017 3302 2067 σηκῶν
3378 2007 3712 2079 ἐξαλλόμενος,
3771 2001 3855 2056 οἶδε

2302 2103 2390 2170 μὲν
2445 2100 2522 2168 (ὅ)
2584 2102 2677 2156 τὴν
2745 2103 2908 2170 φωνην
2961 2107 3053 2158 τῆς
3114 2098 3332 2172 μητρός,
3395 2102 3486 2150 καὶ
3547 2100 3669 2169 πρὸς
3727 2093 3850 2149 αὐτὴν

2301 2188 2580 2258 ἐπείγεται,
2623 2186 2860 2248 ἐπιζητεῖ
2910 2184 2968 2240 δὲ
3029 2191 3122 2250 τὰς
3187 2187 3383 2247 οἰκείας
3445 2189 3616 2256 πηγὰς
3667 2191 3747 2234 τοῦ
3778 2183 3850 2250 γά-

2299 2276 2524 2343 λακτος;
2563 2275 2658 2327 κᾶν
2696 2284 2974 2350 πενιχραίς
3011 2285 3122 2337 ταῖς
3161 2282 3440 2351 μητρῲαις
3490 2276 3732 2348 περιτύχῃ
3777 2272 3848 2324 θη-

2299 2365 2427 2434 λαῖς,
2471 2365 2684 2425 ἐκείναις
2723 2364 2976 2437 ἀρκεῖται,
3027 2362 3394 2439 παραδραμὼν
3444 2366 3636 2415 οὔθατα
3665 2359 3848 2432 βαρυνό-

2300 2474 2446 2526 μενα.
2482 2459 2580 2506 Καὶ
2618 2455 2648 2512 ἡ
2705 2459 2879 2528 μήτηρ
2931 2452 2978 2505 ἐν
3036 2459 3245 2527 μυρίοις
3299 2452 3522 2526 ἀρνάσιν
3573 2450 3846 2520 ἐπιγινώσκει

2297 2547 2354 2595 τό
2379 2540 2552 2608 ἵδιον;
2596 2547 2737 2600 Φωνὴ
2782 2547 2897 2614 μία,
2926 2547 3070 2615 χρόα
3112 2544 3141 2600 ἡ
3169 2543 3320 2607 αύτὴ,
3357 2545 3496 2614 ὀσμὴ
3523 2543 3657 2614 παρα
3690 2538 3844 2588 πάντων

2300 2634 2474 2705 ὁμοία,
2527 2635 2648 2684 ὅσον
2696 2640 2756 2702 τῇ
2814 2635 3040 2706 ἡμετέρᾳ
3086 2631 3348 2704 ὀσφρήσει
3386 2634 3711 2703 παρίσταται·
3747 2621 3845 2673 Ἀλλ’

2299 2725 2438 2794 ὅμως
2491 2721 2604 2773 ἐστί
2643 2741 2724 2782 τις
2773 2721 2953 2782 αὐτοῖς
3006 2723 3282 2788 αἴσθησις,
3335 2729 3426 2780 τῆς
3473 2722 3843 2792 ἡμετέραςκατα·

2298 2811 2504 2882 λήψεως
2561 2811 2799 2883 ὀξυτέρα,
2849 2809 2964 2861 καθ’
3030 2809 3088 2867 ἢν
3153 2810 3357 2880 ἑκάστῳ
3421 2811 3658 2879 πάρεστιν
3712 2804 3842 2859 ὴτοῦ

2300 2900 2493 2951 οἰκείου
2527 2896 2832 2970 διάγνωσις.
2878 2901 3037 2949 Οὔπω
3077 2901 3126 2949 οἱ
3171 2894 3385 2960 ὀδόντες
3422 2904 3495 2966 τῷ
3535 2892 3749 2956 σκύλακι,
3779 2891 3840 2936 καὶ

2301 2990 2433 3060 ὅμως
2501 2985 2594 3040 διὰ
2653 2995 2741 3040 τοῦ
2813 2991 3066 3059 στόματος
3119 2984 3368 3058 ἀμύνεται
3427 2990 3510 3036 τόν
3555 2983 3833 3037 λυπήσει-ιτα-

2301 3080 2461 3128 Οΰπω
2497 3079 2561 3128 τα
2598 3079 2792 3150 κέρατα
2815 3084 2886 3145 τῷ
2917 3080 3132 3146 μόσχῳ,
3161 3080 3253 3127 καὶ
3284 3071 3398 3127 οἶδε
3424 3079 3522 3126 ποῦ
3568 3074 3628 3122 τὰ
3649 3067 3760 3119 ὅπλα
3779 3082 3832 3113 αυ

538 3167 810 3238 ipsorum
837 3167 1037 3240 opifex
1064 3167 1314 3223 rationis
1331 3167 1632 3223 defectum
1650 3167 1879 3238 majore
1900 3165 2193 3222 sentiendi

2302 3175 2374 3236 τῷ
2413 3165 2748 3237 ἐκφυὴσεται.
2779 3169 2919 3217 Διότι
2949 3166 2974 3216 ό
3017 3161 3425 3237 δημιουργήσας
3450 3162 3581 3215 αὐτὰ
3625 3160 3750 3219 Θεὸς,
3775 3156 3841 3205 τὴν

542 3255 825 3314 facultate
851 3256 1290 3328 compensavit.

612 3437 669 3490 4.
701 3434 778 3504 (3)
819 3436 935 3490 Nec
983 3434 1312 3507 quisquam
1341 3434 1573 3490 incuset
1595 3433 2000 3502 Conditorem,
2030 3433 2198 3507 quod

541 3522 830 3580 animalia
856 3529 1154 3578 venenata
1183 3523 1467 3594 produxit
1497 3523 1749 3579 exitiosa
1775 3539 1842 3580 ac
1880 3523 2016 3579 vitae
2056 3538 2197 3578 nos-

543 3616 648 3667 stae
680 3610 1086 3667 adversantia.
1125 3615 1241 3666 Aut
1271 3611 1401 3683 pari
1430 3611 1664 3667 ratione
1692 3612 1879 3682 possit
1925 3611 2061 3684 quis
2108 3610 2199 3665 vi—

542 3705 820 3772 tuperare
845 3700 1272 3772 paedagogum,
1305 3700 1411 3772 qui
1437 3715 1763 3772 puerorum
1792 3699 2094 3756 levitatem
2115 3699 2199 3754 in-

541 3789 1064 3862 constantiamque
1093 3789 1156 3844 in
1186 3789 1463 3846 ordinem
1484 3789 1720 3858 redigit,
1750 3790 1975 3862 quique
2006 3787 2199 3861 plagis

542 3893 613 3945 ac
640 3877 892 3948 ﬂagellis
922 3893 1134 3934 eorum
1160 3879 1474 3936 lasciviam
1506 3894 1577 3935 ac
1602 3879 2056 3951 protervitatem
2102 3894 2199 3934 ca-

543 3968 744 4037 stigat.
778 3967 1034 4024 Domino
1068 3967 1364 4024 conﬁdis?
1387 3971 1493 4024 Per
1516 3967 1700 4024 ﬁdem
1721 3971 2078 4040 potestatem
2097 3967 2204 4023 ha-

541 4055 651 4112 bes
681 4055 1038 4112 ambulandi
1065 4071 1247 4128 super
1268 4060 1578 4128 serpentes
1598 4072 1669 4112 ac
1691 4054 2068 4128 scorpios.(4)
2092 4061 2206 4111 An-

541 4157 667 4199 non
695 4142 867 4198 vides
897 4143 1170 4214 viperam
1194 4144 1382 4200 Paulo
1433 4149 1743 4201 sarmenta
1771 4144 2076 4214 colligenti
2101 4144 2205 4200 ad-

543 4231 1257 4304 haerentem,nullumque
1289 4232 1342 4288 ei
1371 4232 1800 4288 detrimentum
1825 4232 2203 4300 inferentem,

543 4322 709 4394 quod
739 4321 835 4377 ille
875 4327 1120 4377 sanctus
1149 4323 1432 4377 inventus
1463 4327 1554 4377 est
1578 4320 1699 4377 ﬁde
1729 4321 1864 4393 plen
1878 4339 1945 4376 us
1965 4323 1992 4378 ?
2032 4322 2205 4388 Quod

543 4411 594 4468 si
637 4411 759 4468 ﬁde
789 4427 984 4482 cares,
1017 4427 1140 4466 non
1182 4412 1377 4480 magis
1424 4411 1638 4468 timeas
1694 4411 1976 4480 bestiam,
2014 4429 2203 4485 quam

2302 3261 2393 3307 τοῦ
2419 3255 2572 3325 λόγου
2595 3253 2814 3324 ἔλλειψιν
2843 3249 2935 3305 διὰ
2972 3261 3033 3310 τῆ
3047 3274 3067 3314 ς
3095 3261 3195 3305 τῶν
3213 3253 3580 3326 αἰσθητηρίων
3599 3243 3837 3319 περιουσίας

2302 3345 2730 3416 παρεμυθήσατο.

2374 3438 2430 3491 4.
2474 3438 2572 3486 Καὶ
2627 3429 2811 3505 μηδεὶς
2863 3431 3141 3503 ἐγκαλείτω
3193 3439 3267 3501 τῷ
3311 3438 3531 3501 Ποιητῇ,
3571 3429 3642 3478 ὅτι
3689 3424 3758 3472 καὶ
3787 3416 3834 3464 ἰο-

2307 3523 2434 3576 ϐόλα
2489 3523 2601 3582 ζωα
2657 3524 2916 3595 φθαρτικὰ
2956 3522 3031 3590 (ὀ)
3072 3526 3162 3573 καὶ
3199 3521 3430 3594 πολέμια
3481 3527 3538 3590 τῇ
3590 3517 3683 3583 ζωῇ
3731 3510 3832 3575 ἡμῶν

2307 3612 2669 3682 ἐπεισήγαγεν.
2703 3611 2765 3663 Ἢ
2813 3612 2948 3662 οὕτω
2988 3607 3038 3662 δ’
3089 3612 3148 3662 οἶν
3198 3612 3277 3680 (7)
3335 3632 3416 3672 τις
3452 3613 3535 3661 καὶ
3575 3598 3829 3667 παιδαγωῖίέδ

2307 3702 2572 3773 ἐγκαλοίη,
2626 3701 2697 3762 εἰς
2749 3700 2891 3762 τάξιν
2936 3702 3117 3770 ἄγοντι
3165 3705 3259 3758 τὴν
3321 3699 3548 3752 εὐκολίαν
3589 3701 3667 3751 τῆς
3704 3700 3829 3737 νεθτη¹

2307 3811 2414 3861 τος,
2447 3796 2536 3842 καὶ
2563 3790 2789 3861 πληγαῖς
2832 3795 2920 3842 καὶ
2958 3789 3175 3861 μάστιξι
3212 3795 3272 3840 τό
3317 3788 3593 3841 ἀκόλαστον
3645 3788 3824 3846 an)???”

2312 3881 2473 3942 ζον-τι.
2536 3880 2796 3940 Πέποιθας
2831 3878 2917 3930 ἐπὶ
2967 3881 3192 3950 Κύριον;
3235 3880 3377 3950 ἔχεις
3432 3881 3517 3934 τὴν
3554 3870 3636 3925 διὰ
3666 3870 3826 3952 πίστεξιδέ

2312 3969 2548 4032 ἐξουσίαν
2607 3974 2784 4020 πατεῖν
2846 3970 3012 4020 ἐπάνω
3079 3972 3235 4039 ὄφεων
3302 3973 3390 4021 καὶ
3450 3963 3694 4036 σκορπίων.
3741 3955 3821 4036 Ουζ

2312 4060 2454 4132 ὁρᾷς,
2525 4058 2606 4108 ὅτι
2671 4059 3094 4130 φρυγανιζομένῳ
3150 4063 3221 4126 τῷ
3278 4055 3469 4125 Παύλῳ
3519 4044 3764 4134 ἐναψαμένη
3801 4047 3819 4082 η

2314 4147 2432 4218 ἐχις
2473 4146 2549 4216 (8)
2578 4141 2823 4216 οὐδεμίαν
2853 4144 3244 4218 προσετριψατο
3279 4143 3501 4216 βλάϐην,
3531 4136 3610 4191 διὰ
3632 4135 3674 4184 τὸ
3694 4135 3816 4215 πλείοις

2311 4241 2536 4294 πίστεως
2594 4235 2863 4306 εὑρεθῆναι
2927 4238 3015 4285 τὸν
3066 4233 3257 4304 ἅγιον;
3331 4234 3392 4286 Εἰ
3445 4229 3503 4283 δὲ
3554 4225 3809 4312 claims“!

2314 4320 2470 4396 φοϐοῦ
2502 4327 2573 4394 μή
2607 4322 2794 4394 μᾶλλον
2843 4326 2902 4373 τό
2942 4325 3141 4395 θηρίον,
3184 4323 3212 4381 ἡ
3248 4328 3344 4381 την
3390 4324 3591 4374 σεαυτόν
3614 4309 3804 4396 ἀπιστιαν,

2315 4410 2388 4464 δι’
2427 4415 2489 4473 ἧς
2548 4413 2690 4483 πάσῃ
2743 4413 2909 4483 φθορᾷ
2958 4415 3172 4463 σεαυτὸν
3219 4411 3471 4464 εὐάλωτον
3525 4399 3813 4476 κατεσιειασξς

540 4506 712 4560 tuam
751 4501 940 4574 ipsius
993 4500 1499 4569 incredulitatem,
1550 4517 1674 4573 qua
1727 4503 1988 4574 teipsum
2035 4483 2193 4558 omni

2317 4507 2416 4556 Καὶ
2471 4505 2572 4573 γὰρ
2632 4502 2804 4552 πάντα
2851 4503 2950 4552 ὅσα
3005 4502 3286 4572 πάσχομεν
3349 4495 3630 4570 σκυθρωπά,
3670 4487 3818 4590 5‘3“;

542 4589 911 4661 corruptioni
935 4589 1269 4646 obnoxium
1320 4589 1588 4646 effecisti.
1621 4593 1770 4644 Nam
1818 4606 2201 4662 quaecunque

540 4679 807 4754 patimur
846 4679 1029 4746 mala,
1063 4679 1271 4735 divina
1301 4679 1426 4735 haec
1470 4679 1855 4735 ordinatione
1913 4681 2200 4752 patimur.

541 4772 747 4842 Neque
771 4770 932 4825 enim
953 4786 1070 4825 nos
1091 4770 1390 4841 perversis
1415 4769 1812 4841 potestatibus
1841 4770 2200 4826 cruciandos

543 4858 793 4914 omnino
823 4858 1242 4930 permittit,sed
1271 4858 1400 4930 ipse
1417 4857 1803 4929 punitionum
1828 4857 2082 4913 modum
2103 4858 2201 4913 de-

542 4945 694 5007 ﬁnit,
742 4945 951 5002 habita
987 4962 1220 5013 eorum,
1273 4945 1499 5018 quibus
1547 4945 1675 5001 vult
1711 4945 1957 5013 mederi,
1986 4946 2203 5002 virium

543 5033 1112 5105 ratione.0uquuid
1129 5034 1310 5090 etiam
1336 5033 1484 5090 boni
1513 5032 1720 5090 divina
1746 5033 1803 5090 vi
1832 5033 2008 5089 nobis
2027 5033 2203 5106 584

544 5121 809 5188 obvenit,
840 5131 1045 5191 gratiae
1095 5123 1378 5178 universa
1402 5123 1764 5195 perﬁcientis
1787 5125 2205 5195 operationem

545 5228 676 5269 esse
700 5211 976 5268 dicimus.
994 5211 1294 5267 Omnibus
1322 5211 1482 5267 enim
1511 5212 1694 5268 rebus
1722 5212 2001 5285 providet
2023 5213 2201 5279 Deus,

615 5411 694 5484 (1)
726 5413 806 5484 E1;
825 5409 1001 5484 hom.
1032 5425 1092 5465 ιχ
1119 5409 1181 5466 in
1202 5408 1290 5464 Ηι
1313 5423 1506 5476 mem,
1538 5413 1627 5466 83.

619 5481 891 5552 (2)1bid.,
918 5482 1012 5535 84.

616 5552 896 5621 (3)1bid.,
931 5555 1018 5606 86.

621 5625 698 5692 (4)
730 5621 877 5692 Ibis-‘1-

623 5688 704 5762 (ὅ)
735 5688 864 5744 Οἵδε
891 5695 1004 5762 μέν.
1036 5693 1374 5764 Contextus,
1399 5696 1492 5750 τὴν
1531 5693 1722 5764 χροιὰν
1762 5692 1946 5761 αὐτὴν,
1977 5697 2072 5751 την
2105 5713 2205 5763 φω-

2479 4557 2492 4572 Ι
2544 4557 2552 4573 Ι
3120 4557 3162 4571 ’ν
3195 4557 3203 4572 ⁵
3481 4557 3489 4570 Ι
3726 4567 3732 4574 ’
3795 4562 3797 4568 Ι

2315 4593 2450 4651 θείας
2493 4587 2747 4660 ὃιαταγῆς
2796 4592 3131 4661 ὑπομένομεν.
3168 4589 3279 4641 Ούκ
3313 4590 3368 4660 in}
3420 4589 3514 4660 γὰρ
3564 4581 3686 4661 ἡμᾶς,
3718 4557 3819 4661 εἶδέ.

2310 4700 2432 4740 τους
2460 4687 2571 4738 ταῖς
2601 4687 2854 4752 πονηραῖς
2892 4678 3232 4740 κολαστικαῐς
3284 4675 3576 4748 δυνάμεσιν,
3602 4662 3687 4717 αλλ’
3713 4666 3821 4750 αυτξὲ

2309 4772 2376 4822 τὰ
2426 4772 2591 4841 μέτρα
2655 4768 2821 4840 ὁρίζει
2868 4775 2967 4820 τῶν
3035 4767 3318 4831 κολάσεων,
3373 4760 3720 4834 στοχαζόμενος
3759 4753 3818 4830 τῗέ

2313 4855 2578 4930 δυνάμεως
2631 4865 2729 4908 τῶν
2809 4859 3246 4930 θεραπευομένων,
3327 4859 3424 4908 Καὶ
3481 4854 3573 4902 πᾶν
3623 4844 3721 4904 ὅπερ
3753 4843 3823 4930 Is"

2311 4949 2452 5019 ἡμᾶς
2506 4946 2562 4999 ἐκ
2599 4948 2734 5005 θείας
2777 4942 3046 5018 δυνάμεως
3100 4945 3296 5016 ἀγαθὸν
3336 4944 3532 5016 φθάσει,
3581 4939 3660 4988 τῆς
3704 4928 3823 5014 WE“

2314 5035 2621 5108 ἐνεργούσης
2680 5035 2902 5108 χάριτος
2978 5034 3231 5108 ἐνέργειαν
3299 5030 3424 5085 εἷναί
3485 5039 3651 5099 φαμεν·
3707 5018 3823 5110 mgf:

2313 5128 2414 5197 γάρ
2477 5124 2812 5196 ἀπρονόητον,
2872 5119 2996 5175 ούὸε
3041 5122 3356 5194 ἠμελημένον
3414 5115 3546 5190 παρὰ
3602 5112 3662 5174 τῷ
3710 5104 3794 5185 Θεξ)

2316 5217 2484 5267 πάντα
2523 5215 2764 5264 σκοπεύει
2821 5213 2846 5263 ό
2897 5211 3179 5284 ἀκοίμητος
3233 5207 3482 5284 ὀφθαλμός
3512 5217 3522 5228 ⁸
3584 5213 3608 5246 π

2315 5415 2424 5468 tm.
2455 5409 2636 5465 Novit
2661 5413 2716 5464 et
2737 5409 2993 5464 colorem
3023 5409 3219 5477 ipsum
3246 5414 3298 5464 et
3320 5413 3554 5477 vocem”

2390 5483 2464 5564 <92
2499 5482 2784 5564 iturus“.-
2821 5481 3160 5564 Centsxtus:
3313 5477 3574 5564 ιθηαρτιξίοε

2390 5541 2469 5622 (7)
2500 5541 2651 5603 Οὖτῶ
2683 5548 2734 5602 δ’
2760 5550 2840 5606 ἂν.
2877 5554 3061 5622 Forte,
3105 5551 3239 5602 οὕτω
3277 5541 3330 5621 γ’
3358 5541 3434 5598 ἀν’.
3463 5541 3601 5622 βψς

2389 5592 2469 5692 ἰεέἰ
2495 5592 3061 5694 τεναψαμένη’ὴ”ἐὲξι’ξ’
3087 5592 3424 5685 aemelius,
3454 5604 3621 5672 ἐνάψας
3639 5613 3661 5645 ο
3687 5592 3795 5657 έχιςο
