4084 6404
211 398 351 454 1373

1411 405 1641 461 SERMO
1679 405 1856 461 XXIII.
1897 438 1967 449 —
2005 404 2098 462 DE
2137 404 2361 461 ANIMA

3434 403 3578 461 1374

210 540 345 591 εστι,
390 525 682 600 σκορπίζων
724 526 927 599 ἑκάστῳ
956 534 1050 590 τὴν
1084 537 1361 607 σωτηρίαν.
1397 532 1653 594 Πολλάκις
1679 540 1784 604 γοῦι

1914 535 2314 606 omniumque
2365 546 2574 589 curam
2626 530 2776 601 gerit
2830 547 2844 585 :
2885 529 3094 587 omnia
3145 528 3292 600 vigil
3337 543 3577 600 semper

208 617 298 665 καὶ
337 612 385 665 ἐν
424 622 530 677 τοῖς
567 620 905 689 μικροτάτοις
947 622 978 678 ἡ
1024 625 1178 692 σορία
1216 622 1376 674 αὐτοῦ
1407 627 1494 673 καὶ
1524 625 1553 680 ἡ
1586 628 1806 698 πρόνοια

209 697 559 775 διαφαίνεται.
632 705 690 757 Ὀ
748 710 847 781 γὰρ
905 708 1120 781 οὐρανὸν
1183 706 1513 774 διαπλώσας.
1575 697 1665 765 καὶ
1738 716 1805 766 τὰ

205 792 402 845 ἄπλετα
447 796 637 865 μεγέθη
687 804 787 847 τῶν
832 797 1065 868 naM-7w:
1116 799 1367 871 ἀναχέας,
1412 803 1563 863 οὗτός
1598 802 1741 854 ἐστιν
1776 806 1802 856 ὁ

203 887 294 933 καὶ
344 885 401 933 τὸ
448 883 756 936 λεπτότατον
812 890 1016 960 κέντρον
1081 897 1171 949 τῆς
1245 890 1501 962 μελίσσης
1562 891 1800 955 κοιλάνας

203 972 377 1046 ὥσπερ
426 972 602 1042 αὐλὸν,
648 973 785 1027 ὥστε
818 980 904 1028 τὸν
947 977 1020 1029 ἰὸν
1058 974 1131 1030 δι’
1164 979 1324 1031 αὐτοῦ
1356 983 1655 1053 εκχεῖσοαι.
1704 986 1798 1035 Εὕ-

199 1078 378 1133 καιρον
426 1058 514 1113 οὖν
560 1061 719 1116 εἰπεῖν
774 1068 905 1136 μετὰ
956 1074 1048 1119 τοῦ
1106 1073 1372 1140 προφήτου
1403 1087 1416 1099 '
1472 1069 1559 1132 Ὠς
1606 1070 1800 1143 ἐμεγα-

198 1147 358 1207 λύνθη
426 1153 493 1203 τὰ
555 1152 681 1226 ἔργα
760 1172 877 1220 σου,
957 1156 1172 1231 Κύριεὲ
1257 1161 1434 1211 Πάντα
1511 1158 1561 1212 ἐν
1642 1167 1801 1234 σοφίᾳ

199 1236 472 1300 ἐποίησας.
519 1242 671 1312 Αὐτῷ
727 1248 910 1318 πρέπει
956 1248 986 1303 ἠ
1044 1242 1196 1312 δόξα,
1250 1252 1339 1300 καὶ
1382 1250 1412 1306 ἡ
1454 1254 1603 1321 τιμὴ,
1643 1251 1734 1302 καί
1763 1254 1794 1309 ἡ

196 1327 633 1403 μεγαλοπρέπεια,
682 1340 755 1403 τῷ
808 1337 997 1408 Πατρὶ,
1033 1340 1123 1387 καὶ
1171 1344 1243 1407 τῷ
1287 1338 1412 1406 Υἰῷ,
1445 1343 1534 1390 καὶ
1567 1347 1639 1409 τῷ
1664 1339 1797 1410 ἁγιῳ

198 1419 479 1489 Πνεύματι,
508 1426 595 1471 νῦν
620 1425 710 1472 καὶ
740 1421 837 1489 ἀεὶ,
866 1427 956 1477 καὶ
989 1424 1060 1486 εἰς
1086 1429 1206 1488 τοὺς
1228 1426 1413 1487 αἰῶνας
1441 1435 1541 1479 τῶν
1574 1429 1793 1486 αἰώνων.

198 1503 384 1576 Ἀμὴν.

774 1836 923 1885 ΠΕΡΙ
963 1839 1205 1889 ΨΥΧΗΣ.

798 1942 1018 1991 ΛΟΓΟΣ
1059 1938 1175 1994 ΚΓ.

265 2038 316 2091 1.
358 2041 429 2089 Τὸ
466 2044 560 2098 τὴν
613 2047 790 2094 πᾶσαν
836 2041 1078 2103 σπουδὴν
1119 2045 1453 2121 εἰσφέρεσθαί
1483 2068 1620 2111 τινα,
1655 2052 1793 2113 ὅπως

187 2126 260 2187 ὡς
301 2126 556 2181 κάλλιστα
604 2130 745 2200 αὐτῷ
787 2141 942 2205 σῶμα
982 2135 1059 2205 (1)
1100 2135 1226 2204 ἕξοι,
1258 2135 1318 2187 οὐ
1352 2133 1793 2207 διαγινώσκοντα

199 2211 341 2266 ἐστιν
390 2216 593 2289 ἑαυτὸν,
640 2218 765 2273 οὐδὲ
829 2228 1090 2286 συνιέντος
1136 2231 1228 2276 τοῦ
1279 2233 1441 2297 σοφοῦ
1492 2229 1789 2300 παραγγέλ-

186 2319 372 2373 ματος·
423 2308 501 2359 ὅτι
546 2309 604 2361 οὐ
654 2313 713 2362 τὸ
760 2312 1013 2386 ὁρώμενόν
1069 2312 1208 2365 ἐστιν
1258 2315 1283 2365 ὁ
1327 2316 1617 2389 ἄνθρωπος,
1663 2318 1791 2370 ἃ).λὰ

184 2411 325 2454 τινος
380 2392 463 2448 δεῖ
496 2404 857 2474 περιττοτέρας
898 2408 1102 2474 σοφίας,
1161 2399 1237 2454 δι’
1286 2400 1343 2463 ἧς
1390 2405 1604 2466 ἕκαστος
1644 2409 1789 2479 ἡμῶν

184 2483 211 2533 ὃ
265 2488 317 2533 τί
372 2491 497 2538 ποτέ
548 2488 687 2540 ἐστιν
736 2492 916 2542 ἔαυτόν
974 2490 1328 2562 ἐπιγνώσεται.
1384 2500 1548 2547 Τοῦτο
1599 2492 1658 2548 δὲ
1715 2501 1786 2567 μὴ

184 2573 565 2647 καθήραμένοις
612 2582 699 2628 τὸν
745 2586 862 2630 νοῦν
892 2576 1305 2655 ἀδυνατώτερον,
1339 2582 1367 2638 ἡ
1407 2584 1632 2655 λημῶντι
1659 2590 1790 2659 πρὸς

184 2664 273 2711 τὸν
330 2662 473 2719 ἥλιον
524 2663 831 2736 ἀναϐλέψαι.

186 2745 428 2811 δυνατὸν,
484 2757 555 2823 μὴ
619 2759 1108 2827 προκαταλεάναντα
1173 2762 1296 2819 τοὺς
1366 2762 1787 2832 ἑναποκειμένους

183 2847 551 2914 χαρακτῆρας
608 2846 725 2894 οὔτε
753 2844 907 2916 ψυχῇ
945 2846 1055 2897 Θεία
1086 2843 1401 2918 διδάγματα
1430 2852 1783 2923 παραθέσθαι,

181 2931 255 2997 μὴ
316 2931 404 2989 τὰς
466 2928 520 2981 ἐκ
562 2939 654 2983 τοῦ
698 2934 845 2994 ἔθους
890 2934 1179 3007 προλήψεις
1219 2946 1384 2996 αυτῆς
1424 2937 1679 2999 ἐξελόντᾶ.
1726 2939 1784 2993 Εἰ

910 2673 1042 2719 Dur;
1100 2672 1200 2742 γὰρ
1267 2670 1317 2721 ἐν
1379 2680 1524 2745 κηρῷ
1585 2674 1788 2747 γράψαι

179 3018 282 3089 γὰρ
344 3016 594 3072 ἐπιλείπει
762 3021 916 3095 ψυχῇ
969 3024 1222 3097 λογισμὸς
1272 3024 1486 3097 ἀγαθὸς,
1542 3025 1783 3086 δηλονότι

179 3102 429 3160 ἐπιλείπει
483 3109 613 3181 αὐτῇ
690 3117 957 3184 φωτισμός
986 3131 998 3141 '
1056 3114 1113 3165 ou’
1178 3118 1323 3189 ποιρὰ
1386 3120 1444 3168 τὸ
1504 3117 1780 3171 ἐπιλείπειν

179 3198 239 3246 τὸ
287 3201 532 3267 φωτίζον,
594 3198 724 3251 ἀλλὰ
798 3204 943 3275 παρὰ
1003 3204 1281 3264 νυσταζειν
1338 3209 1397 3257 τὸ
1468 3210 1781 3278 φοτισθηναι

182 3282 402 3355 ὀφεῖλον.
458 3286 592 3339 Οὔτε
621 3290 723 3361 ’γὰρ
770 3294 976 3362 σώματι
1018 3292 1115 3363 ζῇν
1156 3298 1227 3364 μὴ
1282 3291 1583 3347 ἀναπνέοντι
1614 3294 1780 3350 δυνα-

179 3376 295 3443 τὸν,
347 3377 463 3426 οὔτε
504 3374 660 3448 ψυχῇ
712 3381 1023 3431 συνεστάναι
1061 3385 1132 3452 μὴ
1173 3386 1506 3457 γνωριζούσῃ
1552 3389 1638 3437 τὸν
1668 3392 1782 3438 κτί-

181 3479 365 3516 σαντα.
400 3471 537 3516 Θεοῦ
566 3468 669 3539 γὰρ
713 3468 920 3537 ἄγνοια,
955 3471 1175 3531 θάναθός
1206 3468 1319 3522 ἐστι
1347 3471 1552 3543 ψυχῆς.
1600 3475 1676 3526 Οὐ
1711 3472 1776 3535 δὴ

181 3546 270 3601 οὖν
327 3560 399 3622 τῷ
456 3559 664 3624 σώματι
722 3552 1138 3625 δουλευτέον,ὁτι
1188 3565 1259 3631 μὴ
1319 3567 1469 3613 πᾶσα
1518 3562 1719 3636 ἀνάγκη
1761 3582 1776 3596 ·

181 3636 313 3692 ἀλλὰ
377 3648 435 3698 τῆ
495 3641 650 3715 ψυχῇ
708 3648 771 3696 τὰ
825 3645 1080 3718 βέλτιστα
1132 3653 1426 3721 ποριστέον,
1490 3654 1664 3728 ὥσπερ
1725 3658 1780 3707 ἐκ

184 3724 577 3801 δεσμωτηρίου,
609 3751 699 3793 της
730 3737 855 3807 πρὸς
885 3738 945 3786 τὸ
977 3744 1129 3807 σῶμα
1172 3743 1442 3801 κοινωνίας
1484 3740 1641 3799 αὐτὴν
1687 3739 1781 3795 διὰ

181 3816 487 3889 φιλοσοφίας
527 3819 764 3885 λύοντας,
812 3824 922 3895 ἅμα
977 3820 1034 3876 δε
1073 3830 1163 3877 καὶ
1192 3829 1249 3877 τὸ
1291 3836 1444 3899 σῶμα
1473 3837 1572 3880 τῶν
1600 3833 1779 3883 παθῶν

178 3913 408 3979 κρεῖττον
475 3906 941 3982 ἀπεργαζομένους.
1010 3914 1077 3965 Οἱ
1113 3916 1215 3986 ’γὰρ
1251 3923 1342 3967 τοῦ
1382 3919 1472 3987 μὲν
1514 3925 1776 3991 σώματος,

177 3996 247 4056 ὡς
275 3994 335 4046 ἂν
365 3996 620 4050 κάλλιστα
648 4000 789 4072 ἔχοι,
822 4002 1191 4073 φροντίζοντες,
1214 4009 1307 4062 τὴν
1338 4001 1398 4056 δὲ
1417 4014 1775 4080 χρησομένην,

176 4082 318 4154 αὐτῷ
348 4084 530 4157 ψυχὴν
552 4090 616 4148 ὡς
647 4085 853 4151 οὐδενὸς
894 4089 1042 4153 ἀξίαν
1086 4100 1441 4166 περιορῶντες,
1475 4092 1626 4148 οὐδὲν
1658 4094 1779 4149 δια-

174 4176 391 4246 φέρουσι
449 4184 549 4226 τῶν
593 4184 710 4252 περὶ
765 4181 857 4251 μὶν
895 4182 962 4232 τὰ
1002 4184 1199 4255 ὄργανα
1230 4180 1657 4250 σπουδαζόντων,
1686 4192 1780 4245 τὴς

177 4258 237 4314 δι
302 4260 376 4315 δι’
451 4265 620 4317 αὐτῶν
690 4267 1016 4342 ἁνιργούσης
1079 4276 1272 4343 τέχνης
1335 4273 1777 4345 καταμελούντων.

175 4356 322 4409 Mare
373 4350 460 4404 οὖν
509 4361 615 4416 τοῖς
665 4365 794 4422 σοῖς,
838 4365 972 4430 μήτε
1014 4367 1119 4420 τοῖς
1158 4366 1277 4433 περὶ
1310 4364 1384 4431 σὲ,
1421 4361 1547 4414 ἀλλά
1580 4374 1781 4437 σεαυτῷ

175 4444 315 4511 μόνῳ
360 4447 626 4515 πρόσεχε.
681 4445 836 4497 Ἀλλο
892 4450 993 4522 γάρ
1054 4448 1205 4520 ἐσμεν
1262 4452 1410 4521 ἡμεῖς
1466 4453 1634 4513 αὐτοὶ,
1687 4460 1779 4507 καὶ

176 4526 300 4578 ἄλλο
345 4531 413 4580 τὰ
463 4532 705 4605 ἡμέτερα,
766 4540 856 4585 καὶ
902 4535 1023 4587 ἄλλο
1084 4540 1150 4588 τὰ
1221 4543 1340 4609 περὶ
1393 4541 1550 4611 ἡμας.
1606 4541 1778 4612 ’Πμεῖς

177 4620 269 4689 μέν
315 4620 416 4692 γάρ
466 4618 617 4693 ἐσμεν
661 4622 692 4679 ἠ
744 4621 899 4693 ψυχὴ
951 4643 1041 4675 και
1092 4626 1117 4676 ὁ
1165 4633 1304 4687 νοῦς,
1332 4627 1449 4678 καθ’
1480 4627 1534 4679 ὃν
1564 4629 1679 4680 κατ’
1712 4630 1776 4681 εὶ-

177 4710 306 4759 κόνα
367 4716 459 4762 τοῦ
526 4730 803 4775 κτισαντος
857 4716 1181 4786 γεγενήμεθα
1215 4736 1227 4749 ο
1279 4717 1504 4790 ἡμέτερα
1558 4716 1659 4787 δὲ,
1718 4723 1777 4773 τὸ

179 4804 352 4869 σῶμα,
402 4818 493 4850 και
554 4799 610 4851 αἰ
648 4796 726 4853 δι’
772 4802 932 4854 αὐτοῦ
977 4803 1282 4865 αἰσθήσεις·
1339 4811 1459 4880 περὶ
1504 4809 1645 4878 ἡμᾶς
1676 4804 1775 4879 δὴ,

173 4891 447 4959 χρήματα,
493 4892 700 4960 τέχναι,
754 4896 845 4944 καὶ
887 4894 916 4950 ἡ
972 4891 1126 4951 λοιπὴ
1155 4901 1246 4945 τοῦ
1288 4892 1411 4966 βίου
1443 4903 1771 4955 κατασκευή.

174 4979 258 5034 Μὴ
288 4971 376 5028 οὖν
405 4984 467 5049 τῇ
499 4982 652 5052 σαρκὶ
681 4984 939 5052 πρόσεχε,
988 4978 1128 5053 μηδὲ
1164 4986 1222 5034 τὸ
1253 4985 1449 5046 ταύτης
1481 4983 1677 5055 ἀγαθὸν
1711 4986 1766 5038 ἐκ

166 5084 358 5127 παντος
404 5069 599 5140 τρόπου
647 5064 825 5122 δίωκεσ
870 5068 998 5122 ἀλλὰ
1036 5076 1132 5129 τὴν
1182 5071 1371 5143 ψυχὴν
1418 5078 1769 5146 κατακόσμει,

167 5160 256 5207 καὶ
300 5158 496 5218 ταύτης
542 5156 802 5230 ἐπιμελοῦ,
835 5161 970 5212 ὥστε
1016 5163 1187 5213 πάντα
1232 5162 1319 5214 τὸν
1365 5162 1419 5215 ἐκ
1465 5171 1562 5225 τῆς
1609 5182 1773 5222 πονη-

239 5318 284 5353 ⁸¹
326 5318 613 5389 Psal.cm,
641 5321 730 5373 24.

239 5475 316 5615 (1)
353 5485 523 5549 Σῶμα.
553 5476 898 5548 Legendum
929 5477 1181 5544 videtur,
1204 5482 1261 5531 τὸ
1296 5487 1468 5552 σῶμα.
1503 5482 1662 5535 Ευιτ.

239 5551 294 5615 (2
358 5551 438 5602 Ex
464 5565 642 5603 serui.
670 5551 756 5606 De
786 5550 1051 5615 legendis
1075 5550 1243 5606 libris
1263 5557 1427 5615 gent.
1462 5552 1583 5607 181.

239 5550 316 5621 (2)
358 5551 438 5621 Ex
464 5565 642 5621 serui.
670 5551 756 5606 De
786 5550 1051 5620 legendis
1075 5550 1243 5606 libris
1263 5550 1427 5621 gent.
1462 5552 1583 5607 181.

240 5618 317 5690 (3)
361 5620 439 5672 Ex
465 5619 637 5690 epist.
662 5637 723 5683 ιι,
746 5625 834 5676 72.

240 5688 317 5758 (4)
358 5690 433 5744 Ex
463 5688 626 5745 hom.
658 5693 740 5747 ad
761 5698 1037 5750 sanctum
1069 5692 1388 5763 baptisma,
1422 5692 1546 5749 113.

1824 1884 1865 1936 Β

1815 4591 1860 4643 D

1913 624 2122 679 oculos
2163 621 2508 694 speculatur
2550 639 2563 677 :
2616 619 2901 677 omnibus
2939 618 3125 683 adest,
3160 618 3419 675 salutem
3445 616 3577 673 uni-

1912 714 2129 785 cuique
2158 727 2473 784 spargens.
2512 712 2938 783 Smpenumero
2984 707 3165 778 igitur
3210 706 3274 762 in
3303 706 3577 762 tenuissi-

1913 805 2027 859 mis
2056 802 2238 858 etiam
2271 801 2404 872 ejus
2433 799 2657 856 relucet
2704 798 3003 868 sapientia
3034 804 3218 870 atque
3258 795 3575 868 providen-

1910 892 2016 947 tia.
2071 891 2183 957 Qui
2235 891 2393 945 enim
2447 890 2670 945 ccelum
2702 886 3016 960 expandit.
3066 892 3247 958 atque
3300 885 3576 954 ingentes

1911 996 2170 1036 marium
2205 978 2466 1051 abyssos
2508 977 2741 1044 eﬂ’udit,
2787 976 2837 1031 is
2884 976 3019 1047 ipse
3049 979 3139 1031 est
3165 977 3268 1046 qui
3297 973 3579 1029 tenuissi-

1910 1086 2080 1125 mum
2116 1067 2370 1142 apicula:
2403 1066 2716 1122 stimulum
2749 1064 2963 1120 ﬁstulae
3001 1063 3195 1119 instar
3235 1063 3574 1128 excavavit,

1909 1160 1991 1215 ita
2021 1165 2086 1214 ut
2114 1173 2222 1231 per
2252 1173 2392 1213 eum
2413 1171 2714 1212 venenum
2736 1154 2985 1211 emittat.
3021 1156 3138 1209 Nos
3169 1152 3351 1222 igitur
3374 1151 3575 1208 dicere

1908 1265 2043 1305 cum
2072 1249 2368 1321 propheta
2413 1251 2830 1318 opportunum
2863 1248 3046 1317 atque
3092 1246 3574 1299 consentaneum

1905 1338 1994 1392 est
2026 1356 2038 1393 :
2074 1338 2262 1404 Quam
2288 1336 2667 1407 magni/irata
2704 1340 2845 1389 sunt
2888 1346 3073 1403 opera
3120 1338 3248 1398 tua,
3278 1331 3566 1387 Domine!

1909 1428 2123 1485 Omnia
2158 1426 2222 1481 in
2252 1424 2551 1495 sapientia
2570 1421 2945 1494 fecisti“.llli
2970 1421 3245 1476 convenit
3268 1418 3478 1490 gloria,
3510 1422 3568 1475 et

1904 1514 2118 1585 honor,
2152 1518 2209 1570 et
2246 1512 2718 1583 magniﬁcentia,
2748 1510 2923 1577 Patri,
2961 1515 3020 1566 et
3052 1508 3294 1577 Filio,et
3319 1507 3567 1581 Spiritui

1904 1608 2133 1671 sancto,
2165 1618 2330 1659 nunc
2358 1607 2418 1659 et
2447 1617 2711 1674 semper,
2742 1604 2802 1657 et
2838 1600 2901 1655 in
2932 1598 3158 1655 saecula
3182 1595 3570 1654 smeulorum.

1904 1700 2121 1748 Amen.

2522 1834 2625 1890 DE
2662 1832 2952 1889 ΑΝῙΜΑ.

2445 1940 2715 1998 SERMO
2782 1941 3012 1995 XXIII.

1973 2049 2025 2102 1.
2068 2048 2146 2119 (2)
2196 2050 2384 2104 Omne
2438 2047 2706 2103 studium
2754 2046 2873 2102 huc
2921 2044 3193 2101 conferre
3241 2048 3310 2099 ut
3344 2057 3568 2115 corpus

1898 2150 2084 2207 quam
2115 2136 2342 2207 optime
2372 2150 2435 2190 se
2472 2134 2715 2204 haheat,
2769 2149 2891 2190 non
2932 2132 3196 2189 hominis
3242 2136 3336 2187 est
3381 2132 3571 2186 semet

1900 2225 2337 2293 cognoscentis,
2363 2240 2561 2296 neque
2609 2222 2988 2292 intelligentis
3036 2221 3372 2293 sapientem
3400 2218 3567 2274 illam

1900 2312 2400 2375 admonitionem,
2432 2329 2559 2385 qua
2578 2312 2890 2375 docemur,
2923 2313 3091 2383 quod
3117 2308 3232 2365 sub
3256 2311 3567 2379 aspectum

1899 2401 2080 2471 cadit,
2113 2401 2174 2456 in
2222 2402 2534 2457 hominem
2579 2416 2702 2456 non
2745 2416 2901 2463 esse,
2934 2399 3039 2454 sed
3070 2397 3293 2470 requiri
3324 2395 3566 2468 sapien-

1898 2489 2045 2545 tiam
2097 2490 2435 2561 quamdam
2468 2489 2967 2563 praestantiorem,
2998 2503 3121 2560 qua
3157 2486 3416 2559 quisque
3461 2499 3567 2540 no-

1899 2581 2093 2632 strum
2125 2578 2394 2648 seipsum
2442 2577 2642 2650 qualis
2685 2577 2932 2633 tandem
2984 2576 3059 2632 sit
3097 2576 3408 2645 agnoscat.
3444 2573 3565 2627 Hoc

1898 2668 2101 2719 autem
2125 2665 2430 2721 difﬁcilius
2469 2671 2558 2722 est
2594 2671 2859 2722 mentem
2892 2681 3013 2721 non
3053 2678 3273 2735 puram
3293 2660 3565 2717 habenti-

1894 2751 2035 2821 bus,
2053 2769 2243 2824 quam
2275 2755 2549 2826 lippienti
2579 2754 2767 2810 solem
2789 2754 3079 2826 aspicere.
3097 2753 3169 2823 (3)
3194 2754 3343 2807 Nam
3370 2764 3480 2804 nec
3499 2749 3563 2803 in

1893 2854 2033 2897 cera
2062 2842 2324 2897 scribere
2356 2846 2572 2914 potest,
2616 2842 2721 2913 qui
2756 2842 2886 2913 jam
2928 2841 3140 2897 insitas
3180 2838 3408 2895 litteras
3438 2851 3561 2892 non

1892 2928 2217 2985 deleverit:
2263 2947 2374 2986 nec
2424 2930 2631 2987 animo
2675 2930 2882 2986 divina
2924 2929 3217 3000 dogmata
3244 2926 3558 2992 mandare,

1893 3020 1997 3088 qui
2055 3019 2415 3091 anticipatas
2463 3035 2496 3074 e
2535 3018 2973 3075 consuetudine
3003 3018 3323 3090 opiniones
3371 3030 3443 3071 ex
3487 3028 3560 3070 eo

1892 3123 2016 3162 non
2039 3108 2519 3164 sustulerit.Nam
2549 3109 2596 3164 si
2627 3108 2783 3164 desit
2814 3108 3026 3164 animis
3058 3106 3222 3163 bona
3249 3103 3557 3175 cogitatio;

1891 3197 2061 3252 deest
2080 3197 2133 3252 ei
2164 3198 2434 3254 videlicet
2459 3198 2855 3265 illuminatio;
2889 3212 3013 3252 non
3032 3194 3202 3268 quod
3231 3193 3473 3250 deﬁciat
3497 3192 3559 3248 id

1890 3285 2057 3358 quod
2084 3285 2403 3357 illuminat,
2446 3286 2554 3342 sed
2585 3286 2733 3359 quia
2765 3286 3053 3341 dormitat
3089 3284 3148 3341 id
3178 3282 3349 3356 quod
3380 3281 3560 3337 debet

1890 3374 2237 3430 illuminari.
2292 3376 2371 3446 (4)
2418 3379 2621 3447 Neque
2651 3376 2814 3432 enim
2844 3390 3065 3447 corpus
3098 3373 3262 3444 quod
3298 3386 3421 3427 non
3469 3385 3557 3426 re-

1889 3464 2092 3535 spirat,
2126 3464 2323 3520 vivere
2354 3480 2550 3537 neque
2593 3464 2800 3520 anima
2841 3480 2978 3536 quas
3024 3461 3405 3520 Conditorem
3432 3474 3558 3515 non

1890 3553 2218 3622 cognoscit,
2253 3554 2579 3609 consistere
2622 3558 2838 3625 potest.
2887 3553 2990 3608 Dei
3046 3550 3207 3608 enim
3236 3548 3555 3620 ignoratio,

1888 3641 2108 3697 animas
2137 3656 2304 3697 mors
2333 3646 2443 3697 est.
2487 3644 2564 3713 (5)
2593 3645 2719 3698 Non
2764 3641 2943 3713 igitur
2967 3639 3205 3713 corpori
3232 3637 3557 3694 inservien—

1887 3729 2057 3793 dum,
2092 3731 2210 3786 nisi
2245 3737 2541 3803 quantum
2572 3732 2838 3788 maxime
2869 3730 3278 3786 necessarium
3304 3747 3316 3795 ;
3347 3727 3455 3783 sed
3484 3741 3557 3782 ea

1886 3835 2020 3891 quae
2043 3821 2279 3891 potiora
2308 3825 2468 3888 sunt,
2500 3820 2719 3876 animas
2746 3820 3163 3892 comparanda
3192 3822 3349 3884 sunt,
3382 3817 3465 3872 ita
3494 3820 3557 3870 ut

1889 3908 2083 3980 ipsam
2114 3924 2187 3964 ex
2217 3923 2293 3964 ea
2317 3924 2507 3980 quam
2538 3925 2678 3964 cum
2700 3909 2975 3981 corporis
3005 3906 3424 3963 affectionibus
3453 3904 3556 3961 ha-

1886 3996 1989 4054 bet
2019 3997 2773 4071 communione,tanquam
2796 4015 2869 4054 ex
2889 4014 3124 4054 carcere
3150 4013 3255 4070 per
3283 3994 3554 4068 philoso-

1886 4085 2100 4158 phiam
2128 4086 2494 4153 eximamus,
2520 4087 2824 4160 simulque
2851 4088 3031 4144 etiam
3055 4103 3275 4159 corpus
3296 4084 3451 4142 vitiis
3471 4088 3555 4140 at-

1888 4189 2007 4245 que
2053 4172 2409 4231 libidinibus
2458 4175 2789 4231 reddamus
2832 4175 3322 4248 inexpugnabile.
3353 4177 3431 4243 (6)
3460 4175 3554 4229 Et-

1889 4263 2050 4319 enim
2082 4266 2187 4335 qui
2210 4264 2500 4336 corporis,
2531 4271 2596 4321 ut
2626 4282 2688 4321 se
2717 4266 2943 4338 optime
2963 4265 3202 4335 habeat,
3228 4279 3434 4319 curam
3457 4277 3557 4330 ge-

1888 4358 2048 4413 runt,
2079 4354 2351 4409 animam
2402 4360 2605 4410 autem
2648 4355 2748 4411 illo
2806 4371 3055 4410 usuram
3086 4350 3551 4426 parvipendunt,

1890 4441 2039 4496 nihil
2058 4442 2340 4498 differunt
2362 4442 2439 4498 ab
2465 4444 2535 4499 iis
2554 4444 2658 4516 qui
2690 4445 2847 4499 circa
2881 4445 3280 4499 instrumenta
3302 4454 3553 4513 operam

1891 4535 2277 4595 consumunt,
2309 4537 2495 4587 artem
2526 4548 2670 4589 vero
2698 4548 2807 4604 per
2834 4533 2963 4587 haec
2993 4536 3345 4604 operantem
3370 4528 3554 4598 negli-

1891 4623 2058 4686 gunt.
2087 4621 2163 4687 (7)
2190 4623 2393 4691 Neque
2422 4620 2603 4688 igitur
2632 4624 2768 4690 tuis,
2810 4636 3008 4692 neque
3035 4621 3126 4675 his
3156 4635 3292 4691 quia
3323 4612 3551 4674 circum

1887 4708 1942 4761 te
1972 4710 2135 4775 sunt,
2179 4707 2280 4762 sed
2331 4708 2431 4763 tibi
2474 4708 2592 4780 ipsi
2622 4709 2733 4764 soli
2774 4710 3036 4765 attende.
3060 4707 3236 4765 Aliud
3265 4707 3425 4763 enim
3455 4722 3552 4763 su-

1886 4809 2025 4848 mus
2055 4810 2167 4851 nos
2200 4795 2336 4866 ipsi,
2386 4795 2552 4852 aliud
2586 4801 2811 4867 nostra,
2847 4796 3014 4852 aliud
3052 4812 3189 4869 quas
3233 4797 3390 4852 circa
3437 4809 3550 4850 nos

1885 4888 2043 4938 sunt.
2068 4885 2185 4938 Nos
2214 4884 2464 4955 quidem
2490 4885 2695 4941 anima
2743 4902 2953 4941 sumus
3005 4890 3062 4941 et
3112 4901 3304 4950 mens,
3339 4898 3547 4941 secun-

1883 4969 2032 5026 dum
2063 4988 2250 5044 quam
2277 4974 2353 5030 ad
2383 4974 2710 5045 imaginem
2744 4974 3086 5032 Conditoris
3124 4990 3337 5030 sumus
3366 4973 3545 5041 facti;

1882 5065 2088 5117 nostra
2135 5077 2296 5127 vero,
2338 5077 2584 5133 corpus,
2617 5067 2674 5118 et
2702 5064 2808 5136 qui
2838 5080 2944 5135 per
2987 5064 3191 5136 ipsum
3222 5067 3380 5131 sunt,
3412 5077 3548 5118 sen-

1884 5164 1987 5204 sus
2020 5170 2036 5209 :
2067 5149 2296 5207 circum
2323 5166 2437 5207 nos
2484 5156 2689 5208 autem
2736 5152 3029 5225 pecunias,
3083 5158 3263 5225 artes,
3314 5157 3373 5211 et
3410 5150 3547 5211 reli-

1950 5479 2026 5549 (5)
2066 5482 2149 5561 Ex_
2175 5495 2345 5536 serm.
2379 5482 2465 5537 De
2495 5481 2764 5552 legendis
2796 5483 2971 5541 libris
2994 5488 3182 5556 gent.,
3216 5486 3339 5540 181.

1947 5554 2024 5615 (6)
2068 5550 2241 5615 Ibld.,
2273 5555 2397 5607 182.

1947 5556 2001 5615 (6
2068 5554 2241 5620 lbid.,
2273 5555 2397 5607 182.
2997 5554 3009 5556 '

1945 5554 2024 5692 (γξ
2062 5625 2140 5678 Ex
2168 5622 2335 5679 hom.
2367 5624 2430 5679 in
2458 5623 2628 5694 illud,
2662 5626 2922 5684 Attende
2950 5626 3061 5682 tibi
3090 5626 3227 5696 ipsi,
3253 5630 3337 5686 18.
