4082 6386
630 384 767 437 1375
1591 380 1959 435 ΑΡΡΕΝΟῘΧ.
1998 408 2066 420 -
2107 379 2240 435 SYM

2296 378 2380 434 DN
2388 377 2444 431 IS
2484 378 3009 434 METAPHRASTAS
3821 383 3908 436 1376

625 521 748 578 qua
772 505 908 561 vitae
940 503 1224 577 supellex.
1252 505 1446 570 Quare
1467 519 1541 560 ne
1559 504 1722 560 carni
1748 503 2006 565 attende.
2032 518 2142 558 nec
2164 502 2237 558 ull

2319 505 2510 575 Αρίας
2564 501 2912 574 ἐπιγινόμενον
2967 502 3096 576 αύτῇ
3163 503 3328 576 ῥύπον
3386 501 3481 557 δια
3539 513 3631 565 τῆς
3683 517 3912 578 προσευχξς

627 594 812 649 modo
841 609 1207 665 prosequare
1227 592 1385 648 illius
1410 593 1570 648 bona
1595 611 1606 648 :
1639 593 1744 648 sed
1767 593 2033 648 animam
2057 606 2239 647 exorn

1257 593 1385 648 llius
1410 593 1570 648 bona
1595 611 1606 648 :
1639 593 1744 648 sed
1767 593 2033 648 animam
2057 606 2285 647 exorna
2397 590 2869 666 ἀποκαθαίρεσθαι.

627 686 684 738 et
712 683 934 746 excole,
958 683 1211 754 ejusque
1238 681 1390 739 adeo
1421 682 1500 738 sis
1527 681 1834 748 sollicitus,
1892 685 1955 737 ut
1985 680 2473 753 supervenientes
2500 679 2582 736 illi
2609 680 2688 737 ab
2716 680 3101 753 improbitate
3123 682 3334 738 sordes
3363 698 3575 739 omnes
3604 683 3846 755 precibus
3874 701 3913 739 ac

627 772 895 827 oratione
924 786 1198 842 repuges.

699 865 751 914 2.
794 860 868 930 (l)
920 863 1065 915 Nam
1124 875 1233 916 nec
1264 860 1575 932 speculum
1627 859 1943 916 sordidum
1987 859 2282 928 imagines

2460 863 2513 914 2.
2558 863 2691 912 Οὔτε
2735 861 2835 934 γάρ
2879 863 3152 932 κατόπτρῳ
3193 861 3426 934 ῥυπῶντι
3461 857 3681 912 δυνατὸν
3709 869 3794 912 τῶν
3825 861 3911 912 εἰκέ-

627 949 962 1020 specierum
987 949 1257 1020 excipere
1281 954 1499 1022 potest,
1522 966 1632 1004 nec
1663 949 1866 1005 anima
1898 949 2101 1004 saeculi
2126 948 2239 1002 curi

2390 969 2488 1000 νων
2540 945 2794 1011 δέξασθαι
2836 951 2922 1009 τάς
2971 948 3238 1021 ἐμφάσεις,
3307 953 3423 1003 οὔτε
3460 949 3646 1021 ψυχὴν
3699 956 3798 1011 ταῖς
3835 949 3909 1022 βιω-

633 1039 804 1109 585
839 1043 1144 1109 occupata,
1182 1044 1236 1094 et
1269 1039 1548 1108 tenebris,
1573 1055 1708 1111 quae
1740 1055 1813 1094 ex
1838 1038 2038 1094 carnis
2063 1037 2245 1092 affect

2393 1045 2560 1098 τικαῖς
2617 1038 3046 1112 περιειλημμένην
3111 1043 3404 1112 μερίμναις,
3453 1045 3545 1091 καὶ
3609 1046 3709 1099 τοῖς
3768 1038 3813 1090 ἐκ
3861 1060 3909 1089 τε.

627 1129 742 1182 bus
770 1127 1186 1194 otl'unduntur,
1209 1129 1550 1199 obscurata,
1609 1129 1861 1202 Spiritus
1914 1129 2101 1184 sancti
2158 1127 2239 1182 illi

2395 1133 2708 1200 φρονήματος
2793 1137 2886 1190 τῆς
2981 1131 3176 1201 σαρκὸς
3268 1127 3704 1200 ἐπισκοτουμένην
3783 1130 3909 1180 πάθεσι

628 1217 944 1272 strationes
978 1219 1283 1290 suscipere
1332 1223 1546 1291 potest.
1580 1219 1808 1273 Animae
1840 1218 1998 1273 enim
2029 1217 2240 1272 bonun

2396 1212 2616 1267 δυνατὸν
2667 1212 3026 1278 ὑποδέξασθαι
3082 1223 3174 1268 τοῦ
3227 1215 3379 1288 ἀγίον
3429 1220 3722 1288 Ιινεύματος
3758 1219 3832 1276 τὰς

626 1308 841 1358 natura
867 1303 1185 1376 pulchrum
1238 1309 1293 1361 et
1345 1305 1671 1361 honestum
1729 1304 2055 1360 existimari
2084 1302 2235 1358 debe

2393 1303 2629 1376 λάμψεις.
2691 1308 2848 1358 Φύσει
2905 1309 2994 1377 μὲν
3047 1302 3134 1356 οὖν
3183 1302 3313 1357 εἷναι
3362 1305 3518 1357 καλὸν
3578 1304 3805 1376 ἡγεῖσθαι
3846 1327 3909 1376 χηει

628 1393 854 1448 Animae
881 1397 1078 1450 autem
1121 1395 1438 1450 thesaurus
1475 1399 1563 1450 est
1609 1395 1876 1466 corporis
1904 1393 2235 1463 indigentia

2392 1396 2450 1444 τὸ
2490 1400 2585 1454 τῆς
2631 1390 2816 1465 ψυχῄς
2866 1393 3081 1464 ἀγαθόν.
3128 1400 3320 1465 Ψυχῆς
3365 1390 3424 1446 δὲ
3483 1395 3822 1468 θησαύρισμα,
3857 1414 3911 1444 σί*

627 1481 741 1537 hoc
772 1482 933 1537 enim
956 1483 1156 1545 divite,
1179 1483 1278 1539 illa
1308 1499 1541 1555 pauper
1561 1488 1670 1541 est.
1699 1485 1776 1554 (2)
1804 1485 1871 1538 Et
1890 1481 2239 1554 quemadmt

2392 1501 2552 1554 ματος
2593 1479 2784 1534 ἔνδεια·
2825 1485 3012 1534 τούτου
3052 1484 3154 1556 γὰρ
3202 1483 3566 1553 πλουτοῦντος,
3627 1483 3780 1539 ἐκείνη
3820 1487 3913 1533 rb:-

627 1571 775 1625 dum
813 1570 873 1625 in
900 1575 1258 1626 staterarum
1291 1573 1613 1628 momentis
1646 1588 1828 1627 unam
1855 1571 2090 1626 lancem
2114 1570 2164 1625 si
2185 1570 2239 1624 de

2393 1589 2500 1624 ται.
2552 1575 2652 1622 Καὶ
2704 1572 2876 1644 ὥσπερ
2937 1569 2984 1622 ἐν
3013 1577 3129 1632 ταῖς
3168 1569 3356 1645 ῥοπαῖς
3402 1579 3502 1622 τῶν
3557 1571 3721 1642 ζυγῶν
3750 1569 3913 1640 Edonias

630 1659 928 1729 gravabis,
958 1676 1199 1716 necesse
1231 1666 1318 1716 est
1342 1661 1588 1717 omnino
1612 1666 1675 1717 ut
1700 1661 2040 1732 oppositam
2064 1659 2284 1716 reddas
2316 1709 2354 1762 Β

628 1747 948 1803 leviorem:
983 1750 1055 1804 ita
1112 1749 1292 1804 etiam
1336 1749 1396 1804 in
1453 1765 1702 1821 corpore
1753 1753 1809 1804 et
1852 1749 2076 1817 animo,
2134 1748 2240 1803 dur

2316 1746 2354 1762 ”
2394 1746 2746 1820 ἀντικειμένην
2805 1753 3063 1811 ποιησειςο
3139 1749 3276 1801 οὕτω
3323 1754 3414 1801 καὶ
3468 1747 3555 1801 ἐπὶ
3610 1755 3825 1820 σώματος
3861 1768 3914 1796 ΖῊ

630 1853 821 1891 unum
856 1837 1176 1904 redundat,
1221 1837 1474 1894 alterum
1507 1838 1849 1893 necessario
1882 1837 2242 1893 imminuitul

2390 1837 2598 1908 ψυχῆς,
2641 1836 2666 1888 ὀ
2704 1845 2796 1890 τοῦ
2842 1837 3008 1912 ἐτέρου
3053 1837 3372 1910 πλεονασμὸς
3419 1836 3703 1908 ἀναγκαίαν
3754 1844 3914 1888 ποιεῖται

635 1928 884 1981 Fruente
935 1927 1094 1982 enim
1142 1943 1391 2000 corpore
1446 1927 1799 1983 habitudine
1853 1926 2039 1993 bona,
2102 1931 2247 1998 atqu

2391 1931 2483 1983 τὴν
2532 1925 2808 1979 ἐλάττωσιν
2859 1934 2948 1980 τον
2998 1926 3192 2001 ἐτέρου.
3243 1934 3487 1999 Σωματος
3543 1930 3632 1999 μεν
3677 1928 3767 1998 γὰρ
3811 1924 3913 1976 εὐπι-

630 2015 916 2071 obcsitate
956 2021 1310 2085 aggravato,
1353 2033 1733 2090 consequens
1783 2020 1871 2072 est
1909 2021 1974 2072 ut
2000 2031 2172 2071 mens
2204 2032 2239 2071 a

2395 2017 2622 2082 θοῡντος,
2708 2021 2798 2068 καὶ
2878 2015 3213 2088 πολυσαρκίᾳ
3299 2015 3692 2090 βαρυνομένου,
3775 2012 3910 2082 ἀνάγκη

630 2105 960 2177 peculiares
988 2107 1100 2162 sibi
1131 2108 1396 2163 actiones
1426 2107 1668 2164 inﬁrma
1699 2107 1771 2161 sit
1791 2123 1862 2162 ac
1883 2105 2115 2162 debilis.
2137 2108 2242 2161 Cor

2393 2101 2591 2178 ἀδρανῆ
2655 2110 2744 2158 καὶ
2813 2106 2993 2158 οἶτονον
3050 2103 3178 2158 εἶναι
3253 2108 3379 2180 πρὸς
3438 2107 3537 2167 τὰς
3591 2104 3774 2165 οἰκείας
3825 2101 3911 2172 ἐνερ-

630 2199 742 2261 tra,
774 2195 979 2251 animo
1011 2211 1071 2251 se
1111 2196 1265 2252 bene
1294 2196 1574 2266 habente,
1610 2202 1667 2252 et
1695 2195 1993 2252 bonorum
2033 2194 2242 2250 inedita

2390 2213 2534 2264 γειας
2583 2196 2667 2246 τὸν
2719 2202 2856 2246 νούν·
2897 2194 3083 2266 ψυχῆς
3135 2191 3193 2247 δὲ
3241 2195 3575 2263 εὐεκτούσης,
3627 2197 3710 2244 καὶ
3752 2188 3829 2244 διὰ
3860 2199 3912 2246 τῆς

631 2285 790 2339 tione
820 2285 896 2341 ad
925 2287 1233 2358 propriam
1265 2286 1747 2358 magnitudinem
1770 2291 1994 2354 evecto,
2015 2285 2243 2357 sequitu

2392 2291 2489 2335 τῶν
2547 2282 2753 2354 ἀγαθῶν
2805 2283 3018 2354 μελέτης
3070 2287 3200 2358 πρὸς
3247 2288 3304 2336 τὸ
3353 2283 3542 2336 οἰκεῖον
3589 2283 3785 2356 μέγεθος
3812 2279 3915 2348 ὦρον-

629 2374 856 2429 bonam
914 2375 1180 2446 corporis
1233 2375 1658 2431 habitudinem
1717 2376 2162 2442 contabescere,
2228 2389 2241 2428 ι

2391 2376 2568 2443 μένης,
2619 2376 2857 2444 ἑπόμενον
2909 2371 3023 2425 ἐστι
3074 2377 3168 2431 τὴν
3225 2380 3316 2426 τοῦ
3378 2378 3625 2446 σώματος
3677 2372 3769 2433 ἕξιν
3804 2387 3913 2419 κειτα-

632 2461 978 2529 elanguere.

2392 2463 2755 2532 μαραίνεσθαι.

705 2555 758 2606 3.
784 2554 860 2621 (3)
897 2555 1088 2623 Atque
1129 2555 1192 2607 ut
1220 2551 1382 2609 nulla
1413 2552 1730 2625 disciplina
1761 2569 1872 2608 nos
1897 2553 2108 2608 edocet
2129 2567 2283 2607 mor-

2463 2556 2513 2606 3.
2561 2556 2662 2604 Καὶ
2698 2553 2872 2624 ὥσπερ
2922 2547 3092 2611 οὐδεὶς
3139 2552 3280 2623 ἡμᾶς
3317 2549 3473 2622 λόγος
3507 2547 3743 2603 διδάσκει
3767 2551 3911 2604 τήννέν

644 2639 790 2694 lium
843 2639 1063 2705 odisse,
1109 2641 1216 2696 sed
1249 2659 1314 2696 ex
1346 2642 1794 2714 nobismetipsis
1825 2659 1897 2698 ea
1926 2658 2063 2713 quae
2090 2640 2256 2696 mole.

2393 2661 2482 2693 σον
2513 2648 2708 2713 μισεῖν,
2750 2639 2855 2691 ἀλλ’
2902 2641 3194 2713 αύτοματον
3245 2644 3433 2713 ἔχομεν
3483 2645 3577 2699 τὴν
3627 2643 3745 2715 πρὸς
3781 2640 3830 2689 τά
3859 2635 3911 2685 λυ·

634 2729 808 2784 stiam
841 2734 1061 2795 creant,
1096 2746 1454 2786 aversamur
1478 2750 1489 2786 :
1512 2732 1665 2787 itaet
1695 2732 1912 2786 animm
1937 2731 2094 2786 inest
2121 2745 2246 2802 qua

2392 2740 2589 2784 ποῡντα
2624 2728 2874 2789 διαϐολήν
2896 2753 2907 2763 ·
2943 2735 3077 2783 οὕτω
3118 2735 3207 2782 καὶ
3250 2731 3406 2804 ψυχῇ
3442 2730 3555 2783 ἐστί
3584 2750 3659 2790 τις
3697 2723 3909 2780 ἀδίδακτος

632 2817 773 2873 dam
803 2818 945 2873 mali
976 2819 1119 2887 fuga
1150 2819 1296 2875 citra
1327 2819 1686 2876 doctrinam.
1716 2819 1934 2875 Malum
1963 2823 2165 2874 autem
2197 2834 2244 2872 es

2392 2819 2616 2880 ἔκκλισις
2667 2827 2758 2872 τού
2806 2827 2990 2874 κακοῦ.
3043 2823 3214 2872 Κακόν
3246 2817 3325 2887 δὲ,
3369 2827 3472 2872 πᾶν
3524 2814 3908 2894 ἀρρώστημα

631 2908 828 2962 omnis
856 2910 1074 2962 anivnre
1105 2908 1392 2964 morbus:
1418 2909 1608 2965 virtus
1633 2925 1776 2964 vero
1806 2909 2105 2964 rationem
2136 2907 2238 2962 obt

2392 2918 2515 2981 χῆςι
2569 2911 2599 2967 ἡ
2644 2905 2703 2961 δε
2741 2907 2895 2982 ἀρετὴ
2946 2908 3096 2979 λόγον
3155 2910 3355 2980 ὑγιείας
3407 2909 3611 2981 ἐπέχει.
3669 2906 3818 2964 Καλῶς
3848 2904 3904 2971 ’[ἀέ

633 3001 733 3050 net
773 2997 1070 3052 sanitatis.
1115 2997 1375 3062 Quidam
1409 2998 1570 3053 enim
1603 2998 1924 3053 sanitatem
1954 3001 2111 3052 recte
2141 2995 2245 3051 deti

2317 3057 2352 3072 ﬂ
2393 3001 2650 3072 ὡρίσαντὸ
2707 3016 2857 3064 τινες,
2932 2998 3130 3069 ὑγίειαν
3192 2999 3320 3050 εἶναι
3389 3003 3481 3056 τὴν
3537 2998 3809 3050 εὐστάθειαν
3850 2998 3904 3040 τὼν

631 3083 891 3153 nierunt,
911 3101 1042 3142 esse
1062 3087 1364 3142 actionum
1400 3086 1765 3142 naturalium
1788 3086 2016 3142 bonam
2047 3085 2243 3141 habitu

2312 3057 2353 3112 Ο
2393 3090 2528 3140 κατά
2578 3090 2732 3159 φύσιν
2781 3087 3058 3161 ἐνεργειῶν.
3107 3086 3173 3139 ’Ὁ
3226 3092 3315 3139 καὶ
3374 3086 3461 3140 ἐπὶ
3505 3095 3598 3149 τῆς
3643 3083 3897 3153 κατά“ᾇ’⁴κέ⁴

634 3173 861 3228 dinem.
893 3175 1063 3240 Quod
1086 3175 1246 3231 idem
1273 3175 1320 3230 si
1343 3175 1480 3248 quis
1507 3191 1754 3248 quoque
1774 3175 1849 3230 de
1875 3175 2038 3230 bono
2064 3175 2246 3230 animi

2396 3179 2591 3242 εύεξίας
2654 3178 2807 3231 εἰπών
2874 3197 2956 3241 τις
3016 3178 3120 3250 οὐχ
3187 3177 3477 3251 ἀμαρτέσει
3541 3185 3630 3230 τοῦ
3688 3178 3903 3249 πρέποντος.

638 3262 848 3318 habitu
871 3263 1104 3329 dixerit,
1135 3281 1170 3320 a
1199 3264 1419 3320 decoro
1460 3280 1583 3320 non
1623 3264 1948 3320 aberrabit.
1985 3268 2063 3335 (4)
2099 3268 2250 3320 Nemi

2396 3264 2587 3330 Οὐδεὶς
2631 3287 2733 3340 γαρ
2773 3273 2990 3342 περιορᾷ
3044 3271 3102 3319 τὸ
3148 3267 3337 3319 ἑαυτοῦ
3385 3272 3562 3320 τέκνον
3609 3264 3766 3339 μέλλον
3805 3276 3903 3311 κατι-

633 3351 933 3423 siquidem
962 3353 1152 3408 lilium
1181 3370 1359 3408 suum
1382 3353 1442 3408 in
1464 3354 1702 3410 foveam
1733 3353 2048 3426 lapsurum
2078 3369 2245 3425 asper

2394 3362 2600 3410 πίπτειν
2649 3361 2716 3418 εὶς
2775 3355 3014 3428 βόθυνον,
3067 3357 3095 3415 ἦ
3150 3355 3372 3428 ἐμπεσὸν
3419 3354 3660 3428 ἐναφίησι
3710 3360 3769 3422 τῷ
3813 3367 3902 3399 πτω-

632 3445 828 3505 natur,
863 3447 965 3496 aut
991 3442 1038 3496 si
1064 3441 1360 3507 ceciderit,
1384 3443 1443 3497 in
1469 3443 1606 3514 ipsa
1631 3459 1770 3498 eum
1801 3443 1976 3499 ruina
2021 3443 2244 3499 deserit

2395 3467 2524 3520 ματι
2556 3467 2569 3480 ο
2609 3451 2770 3499 πόσον
2799 3442 2858 3498 δε
2903 3443 3213 3518 δεινότερον,
3240 3445 3428 3517 ψυχήν
3487 3446 3557 3508 εἰς
3607 3443 3749 3516 βάθος
3790 3442 3901 3488 κακῶν

631 3535 860 3599 quanto
900 3546 1041 3585 vero
1081 3531 1326 3600 gravius
1378 3535 1484 3595 est,
1521 3531 1795 3586 animam
1825 3532 1885 3586 in
1918 3531 2243 3603 profondur

2396 3536 2723 3608 ἐμπεσοῦσαν
2783 3533 3034 3606 ἐναφεῖναί
3098 3543 3161 3607 τῇ
3237 3533 3453 3605 ἀπολείᾳ
3511 3552 3524 3601 ;
3575 3540 3653 3586 Δεῖ
3704 3530 3899 3598 τοιγαρῶν

635 3617 912 3672 vitiorum
945 3619 1285 3690 delapsam,
1317 3619 1579 3676 interitui
1609 3620 1948 3691 permittere
1971 3622 1999 3676 ?
2044 3623 2247 3692 Oportt

2287 3664 2288 3671 η
2393 3629 2486 3684 τὴν
2531 3625 2718 3696 ψυχὴν
2764 3626 2952 3698 ἄρχειν
2990 3627 3079 3696 μὲν
3135 3632 3235 3675 τῶν
3270 3626 3474 3690 παθῶν,
3501 3620 3736 3676 δουλεύειν
3774 3613 3818 3668 δὲ
3856 3616 3899 3676 τῷ

634 3705 836 3778 itaque
881 3708 1155 3763 animum
1196 3708 1509 3764 ati‘ectibus
1543 3709 1792 3781 quidem
1819 3710 2138 3782 imperare,
2169 3713 2246 3766 De

2397 3723 2532 3785 Θεῷ.
2583 3713 2885 3786 ’Λμήχανον
2935 3716 3037 3788 γὰρ
3096 3713 3258 3772 αὐτὴν
3297 3717 3386 3764 καὶ
3434 3714 3537 3766 ὑπὸ
3587 3721 3674 3772 τῆς
3720 3706 3899 3778 ἁμαρτίας

634 3810 776 3851 vero
809 3797 1046 3852 servire.
1088 3801 1289 3872 Neque
1324 3798 1485 3853 enim
1512 3799 1593 3853 illi
1624 3804 1681 3854 et
1709 3805 2026 3870 peccatum
2057 3801 2246 3856 etDeu

2283 3817 2287 3849 ι
2398 3802 2793 3876 βασιλεύεσθαι,
2852 3808 2942 3855 καὶ
2985 3804 3085 3854 ύπό
3129 3810 3221 3856 τοῦ
3283 3809 3440 3856 Θεοῦ·
3511 3801 3631 3854 ἀλλὰ
3673 3795 3744 3850 δεῖ
3773 3793 3895 3844 lam;

633 3885 936 3941 dominari
994 3891 1213 3958 potest,
1276 3887 1382 3942 sed
1452 3887 1905 3960 improbitatem
1976 3904 2245 3962 superare

2280 3933 2286 3951 ν
2396 3901 2484 3965 μεν
2539 3891 2852 3966 ἐπικρατεῖν,
2913 3899 2986 3961 τῷ
3039 3894 3272 3963 Δεσπότη
3332 3887 3393 3943 δὲ
3452 3899 3553 3943 τῶν
3611 3889 3719 3941 ὅλων
3770 3884 3892 3932 ὑποτε-

635 3975 1028 4046 omniumque
1075 3991 1276 4031 rerum
1324 3977 1576 4031 Domino
1624 3977 1838 4047 subjici
1886 3993 2132 4033 necesse
2175 3993 2238 4033 es

2275 4019 2284 4032 .
2396 3981 2632 4051 τάχθαι·
2698 3981 2940 4052 Καθάπερ
2993 3975 3052 4031 δὲ
3106 3987 3268 4050 φυτοῦ
3321 3978 3496 4030 οἰκεία
3545 3980 3627 4051 μὲν
3685 3972 3806 4045 ἀρετὴ

637 4063 713 4131 (3)
743 4063 1267 4125 Quemadmodum
1293 4080 1429 4119 vero
1448 4065 1680 4120 arboris
1701 4067 1944 4138 propria
1969 4067 2156 4122 virtus
2177 4081 2249 4120 esw

2284 4114 2285 4122 η
2397 4078 2580 4142 καρπῷ
2627 4067 2804 4141 βρύειν
2845 4071 3040 4140 ὡραίῳ,
3081 4071 3219 4141 φέρει
3246 4065 3306 4120 δέ
3344 4087 3465 4120 τινα
3490 4072 3670 4138 κόσμον
3693 4064 3764 4112 καὶ
3791 4068 3896 4126 Fry/1'1

636 4151 990 4222 tempestivo
1033 4153 1227 4207 fructu
1261 4158 1508 4222 scatere,
1537 4154 1643 4208 sed
1697 4159 1897 4211 tamen
1939 4155 2071 4227 ipsa
2105 4155 2248 4210 etiar

2283 4202 2285 4208 .
2398 4165 2503 4218 τοῖς
2549 4155 2763 4220 κλάδοις
2807 4161 3186 4230 περισειομενω
3240 4157 3376 4210 οὕτω
3425 4154 3499 4217 δὴ
3551 4160 3626 4208 καὶ
3647 4153 3790 4222 ψυχῆς
3813 4158 3895 4214 π,⁶⁶“

635 4239 777 4295 folia
824 4241 1048 4296 circum
1093 4257 1298 4297 ramos
1347 4244 1648 4311 exagitata
1677 4243 1906 4315 aliquid
1940 4251 2247 4300 ornament

2402 4251 2680 4320 ηγούμενος
2729 4250 2819 4319 μεν
2867 4250 3066 4320 καρπὸς
3113 4248 3143 4304 η
3189 4244 3425 4311 ἀλήθεια,
3479 4247 3570 4300 ούκ
3600 4245 3728 4312 ἄχαρι
3759 4246 3900 4302 γςμην

636 4330 992 4385 conciliant:
1030 4331 1108 4386 ita
1158 4336 1213 4385 et
1244 4331 1464 4386 animus
1494 4347 1740 4403 quoque
1773 4333 2095 4404 primarius
2134 4333 2248 4388 fruc

2279 4362 2353 4409 ._
2402 4333 2525 4388 οὐδὲ
2571 4340 2664 4394 τὴν
2722 4337 2938 4409 θύραθεν
2990 4341 3172 4408 σοφίαν
3240 4334 3646 4408 περιϐεϐλῆσθαι,
3684 4322 3764 4376 οἷον
3805 4332 3891 4366 τινα

636 4422 730 4475 tus
771 4424 857 4474 est
900 4419 1117 4474 veritas
1150 4420 1300 4492 ipsa,
1334 4420 1439 4475 sed
1475 4425 1673 4476 tamen
1704 4422 1868 4478 haud
1898 4422 2169 4492 ingratus
2199 4439 2248 4478 es

2286 4401 2361 4472 .D
2403 4422 2564 4496 φύλλα
2595 4427 2789 4482 σκέπην
2833 4427 2888 4477 τέ
2929 4445 3047 4477 τινα
3083 4433 3155 4496 τῷ
3195 4433 3378 4498 καρπῴ
3412 4431 3508 4478 καὶ
3559 4423 3659 4493 ὄψιν
3683 4414 3754 4467 οὐκ
3777 4422 3898 4476 αωρον

635 4513 892 4565 externae
921 4511 1228 4582 sapientiae
1254 4511 1531 4576 amictus,
1561 4517 1850 4583 tanquam
1875 4511 1926 4567 si
1957 4511 2100 4568 folia
2125 4529 2247 4585 qua

2285 4546 2287 4553 ν
2399 4518 2752 4588 παρεχόμενα.
2799 4519 2897 4567 Καὶ
2939 4517 3037 4588 γὰρ
3079 4511 3250 4575 οὐδεὶς
3287 4519 3514 4588 γραφεὺς
3553 4510 3816 4588 χαρακτῆρᾳ
3833 4513 3897 4545 σω.

633 4598 778 4657 dam
828 4600 1042 4656 fructui
1089 4606 1143 4657 et
1189 4601 1608 4658 umbraculum
1658 4607 1715 4658 et
1770 4607 2084 4675 aspectum
2142 4619 2245 4660 nor

2279 4635 2289 4645 -
2399 4622 2565 4676 ματος
2625 4604 2789 4666 οὕτως
2845 4602 3070 4676 ἀκριϐῶς
3121 4601 3351 4656 ἐκλαϐεῖν
3412 4600 3646 4670 δύναται,
3702 4597 3753 4652 ὡς
3799 4587 3891 4651 19'1";

634 4691 1009 4745 inamcrnum
1081 4690 1432 4761 praebeant.
1517 4691 1745 4748 Etenim
1835 4692 2038 4747 nullus
2099 4692 2246 4765 pictc

2274 4709 2290 4748 Γ
2399 4693 2707 4757 έξεικονίσαι
2755 4702 2846 4753 τῆς
2905 4692 3092 4764 ψυχῆς
3149 4695 3216 4744 τὰ
3269 4691 3562 4768 ἀπόρρητα.
3610 4686 3751 4744 Αὐτῆς
3788 4689 3886 4729 7W”

638 4779 792 4834 adeo
823 4778 1082 4850 perfecte
1115 4782 1384 4850 corporis
1413 4780 1696 4850 eﬁigiem,
1721 4785 1785 4835 ut
1812 4796 2069 4836 arcanos
2098 4783 2250 4837 anin:

2273 4783 2288 4838 ἰ
2399 4784 2776 4856 ἐπιμελώμεθα,
2835 4786 2932 4842 ὅση
3001 4780 3242 4856 δύναμις,
3286 4786 3368 4836 ἱνα
3422 4788 3509 4835 καὶ
3566 4789 3659 4832 τῶν
3702 4771 3883 4847 μελιωτωτ

636 4883 848 4922 sensus
879 4867 1069 4923 oratio
1100 4868 1398 4939 exprimit.
1437 4869 1574 4939 Ejus
1603 4869 1782 4938 igitur
1813 4885 2040 4938 curam,
2076 4887 2248 4943 quoat

2282 4920 2286 4927 .
2399 4872 2728 4946 ἐπιτύχωμεν
2799 4871 3026 4944 aquo-Iw,
3086 4871 3134 4925 ἐν
3189 4881 3406 4948 Χριστῷ
3465 4872 3634 4929 Ἰησοῦ
3679 4872 3740 4934 τῷ
3787 4863 3894 4952 lingu!

635 4955 760 5011 ﬁeri
791 4957 1027 5027 poterit,
1049 4972 1348 5026 geramus,
1373 4961 1436 5014 ut
1458 4957 1620 5014 bona
1637 4959 1837 5014 futura
1868 4975 2247 5032 assequamui

2272 5003 2285 5026 ν
2398 4965 2564 5035 ἡμῶν,
2604 4962 2711 5035 μεθ’
2755 4958 2814 5014 οὗ
2845 4960 2916 5035 τῷ
2948 4967 3116 5035 [Ιατρὶ
3145 4970 3172 5022 ἦ
3209 4959 3362 5030 δόξα,
3395 4961 3504 5035 ἅμα
3536 4966 3605 5029 τῷ
3645 4955 3759 5025 ἁγίῳ
3778 4953 3884 4998 "er-

635 5046 694 5101 in
719 5045 948 5101 Christo
975 5047 1114 5127 Jesn
1133 5046 1386 5102 Domino
1408 5051 1635 5113 nostro,
1655 5047 1749 5104 cui
1770 5063 1893 5104 una
1923 5065 2062 5106 cum
2091 5049 2247 5106 Patri

2399 5072 2546 5126 ματι,
2583 5059 2670 5104 νῦν
2714 5055 2803 5105 καὶ
2857 5051 2955 5121 ἀεὶ,
2995 5055 3086 5105 καὶ
3137 5051 3204 5113 εἰς
3240 5055 3360 5115 τούς
3405 5051 3586 5110 αἰῶνας
3642 5053 3730 5098 τῶν
3771 5044 3900 5088 αιωνων

638 5134 819 5191 simul
847 5139 904 5190 et
925 5139 1132 5190 sancto
1162 5136 1394 5208 spiritu,
1431 5137 1731 5209 sitgloria,
1762 5153 1923 5194 nunc
1941 5142 1997 5196 et
2029 5155 2288 5213 semper,
2401 5141 2587 5214 Ἀμήν.

637 5231 692 5283 et
724 5224 784 5280 in
812 5223 1034 5280 saecula
1065 5225 1448 5282 saeculorum.
1480 5231 1690 5284 Amen.

2392 1657 2758 1734 καταϐαρύνης
2829 1659 3152 1731 πλάστιγγα,
3239 1663 3564 1734 κουφοτέραν
3637 1661 3816 1718 πάντως
3858 1665 3915 1714 τὶν

709 5405 788 5485 Ω.)
823 5402 1846 5485 ἔοικεοοά.θκ.ἓ.ηά.ίοεῑί,βρίξιο,....
1933 5479 1943 5485 .
2004 5481 2052 5485 __
2475 5411 2551 5485 (4)
2590 5407 3514 5485 Εηυεοοάεκίξιάίοει,1ιρφι,ίη
3544 5401 3691 5485 Psal-

709 5411 788 5471 (1)
828 5411 990 5459 Unus
1021 5411 1213 5459 codex
1240 5411 1466 5460 indicat
1495 5411 1667 5477 epist.
2475 5413 2529 5483 (4
2593 5411 2756 5467 Unus
2785 5411 2975 5466 codex
3003 5411 3230 5466 indicat
3256 5411 3421 5466 hom.
3453 5411 3514 5464 in
3544 5411 3691 5475 psat.

704 5479 780 5554 (ἓ)
823 5477 906 5554 ιξκ
929 5474 1097 5554 hom.
1129 5475 1190 5530 in
1213 5474 1797 5554 illud,AtIende_tibi
1823 5476 1961 5551 ipsi,
1998 5481 2084 5538 t9.
2471 5411 2551 5554 (5;
2589 5483 2671 5537 Ex
2697 5496 2879 5538 serm.
2908 5484 2992 5538 De
3024 5482 3288 5552 legendis
3311 5481 3476 5538 libris
3500 5470 3803 5550 gent.,175-

711 5545 783 5618 (3)
831 5547 915 5601 Ex
943 5545 1108 5604 hom.
1139 5562 1201 5602 1x
1231 5547 1294 5602 in
1325 5548 1641 5620 Hexaem.,
1669 5551 1757 5603 83.
