4082 6382
151 238 293 297 1377

264 364 417 418 HEPI
473 367 680 416 ΤΙΜΗΣ
720 367 1009 429 ΓΟΝΕΩΝ,
1070 366 1183 414 ΚΑΙ
1242 366 1470 430 ΓΗΡΩΣ,
1531 367 1643 414 ΚΑΙ
1789 364 1831 417 Α

774 456 1148 506 ΝΕΟΤΗΤΟΣ.

788 564 1006 611 ΛΟΓΟΣ
1037 556 1151 612 ΚΔ’.

232 650 281 702 1.
317 650 408 713 T6,
460 647 811 723 Ἐξεγέρθητι,
865 650 1022 720 Κύριε
1071 648 1097 699 ό
1156 650 1278 709 Θεός
1313 666 1436 719 μου,
1488 646 1537 698 ἐν
1588 665 1758 719 προσ-

158 740 393 811 τάγματι
422 735 462 809 ᾧ
493 736 738 804 ἑνετείλω,
773 732 995 789 δύναται
1029 739 1117 809 μὲν
1166 741 1255 788 καὶ
1293 734 1378 788 ἐπὶ
1434 739 1493 788 τό
1547 741 1759 809 μυστή-

158 846 273 899 ριον
301 835 398 888 τῆς
436 824 773 888 ἀναστάσεως
811 823 1175 899 ἀναφέρεσθαι.
1217 824 1640 897 παρακαλοῦντος
1668 831 1760 877 τοῦ

162 919 440 988 Προφητου
500 912 829 986 ἐξεγερθῆναι
858 916 945 966 τὸν
995 918 1176 987 κριτὴν
1209 913 1282 974 εἰς
1311 910 1586 971 ἐκδίκησιν
1636 932 1762 966 παν-

159 1009 246 1065 τὸς
295 1004 694 1079 ἁμαρτήματος,
753 1009 843 1057 καὶ
905 1006 1000 1066 τὰς
1072 1000 1586 1077 προδιατεταγμένας
1637 1005 1761 1075 ἡμῖν

157 1093 363 1163 ἐντολὰς
417 1092 763 1152 τελεσθῆναι·
821 1090 1041 1146 δύναται
1104 1088 1162 1145 δὲ
1219 1097 1308 1145 καὶ
1364 1093 1449 1145 ἐπὶ
1505 1097 1593 1151 τὴν
1647 1097 1764 1145 τότε

155 1186 488 1236 κατάστασιν
543 1190 644 1236 τῶν
711 1184 1041 1258 Πραγμάτων
1083 1181 1461 1254 λαμϐηνεσθαι,
1516 1201 1764 1257 παρακα-

154 1273 371 1335 λοῦντος
425 1280 519 1327 τοῦ
571 1278 842 1346 προφήτου
908 1271 1238 1346 ἐξεγερθῆναι
1302 1276 1390 1325 τὸν
1455 1277 1640 1348 κριτὴν
1698 1272 1764 1332 εἰς

155 1359 438 1422 ἐκδίκησιν
492 1370 585 1414 τοῦ
637 1363 1042 1436 προστάγματος
1100 1362 1159 1414 οὗ
1228 1361 1525 1418 ἐνετείλατο.
1589 1366 1763 1434 Πρόσ-

154 1472 339 1525 ταγμα
400 1448 459 1504 δε
500 1448 581 1519 ἦν,
615 1457 757 1525 Τίμα
816 1455 903 1504 τὸν
966 1454 1166 1525 πατέρα
1196 1470 1291 1503 σου
1358 1456 1447 1503 καὶ
1512 1455 1607 1509 τὴν
1665 1470 1767 1522 μη-

155 1546 300 1617 τέρα,
340 1545 484 1615 παρὰ
563 1549 696 1595 Θεοῦ
756 1538 1054 1613 δεδομένον,
1105 1543 1227 1616 ὅπερ
1305 1540 1505 1616 παρέϐη
1561 1542 1587 1593 ό
1653 1544 1765 1604 υἱὸς

161 1632 345 1684 αὐτοῦ.
400 1634 488 1685 Διό
531 1630 841 1703 παρακαλεῖ,
877 1630 949 1692 εἰς
989 1630 1150 1682 αὑτοῦ
1193 1649 1247 1683 τε
1299 1628 1490 1682 ἐκείνου
1544 1628 1764 1705 ἐπανόρ-

164 1723 325 1773 θωσιν
356 1725 448 1772 καὶ
499 1724 859 1794 σωφρονισμόν
902 1727 1003 1771 τῶν
1041 1718 1238 1771 πολλῶν
1282 1724 1350 1791 μὴ
1411 1721 1766 1792 μακροθυμεῖν
1795 1704 1838 1757 Β

162 1814 251 1863 τόν
293 1814 440 1863 Θεόν·
487 1808 591 1861 ἀλλ’
635 1808 926 1867 ἀναστῆναι
965 1810 1013 1860 ἓν
1070 1811 1224 1882 ὀργῇ,
1258 1812 1348 1860 καὶ
1416 1804 1770 1861 διαναστάντα

162 1894 451 1959 ἐκδικῆσαι
507 1903 601 1957 τὴν
662 1895 804 1951 ἰδίαν
863 1897 1091 1956 ἐντολήν.
1154 1897 1229 1950 Οὐ
1284 1900 1384 1970 γὰρ
1424 1900 1531 1970 ἐμὲ,
1587 1904 1766 1970 φησιν,

162 1984 483 2055 ξκδικὴσεις,
513 1986 642 2040 ἀλλὰ
660 1991 715 2040 τό
753 1991 1074 2061 πρόσταγμα
1124 1990 1183 2039 τὸ
1226 1990 1316 2039 σὸν
1359 1990 1766 2063 καταφρονηθεν,

161 2076 189 2130 6
228 2076 387 2140 αὐτὸς
414 2075 659 2130 ένετείλω.
689 2076 850 2136 Δῆλον
886 2079 1013 2149 γὰρ,
1037 2078 1115 2129 ὅτι
1167 2075 1271 2137 ἑνός
1324 2072 1515 2129 ἀδίκου
1573 2096 1773 2152 σωφρο-

158 2169 446 2235 νισθέντος,
512 2165 693 2219 πολλοὶ
772 2164 1170 2240 ἐπιστρέφουσι.
1234 2169 1480 2238 Καίτοιγε
1552 2169 1582 2225 ἠ
1650 2171 1769 2241 περὶ

158 2259 281 2317 τοὺς
318 2256 658 2331 γηράσαντας
715 2263 816 2307 τῶν
867 2254 1136 2331 πελαργῶν
1174 2259 1394 2329 πρόνοια
1436 2253 1641 2329 ἐξαρκεῖ
1675 2265 1771 2313 καὶ

152 2349 287 2417 μόνη
344 2348 469 2407 τοὺς
535 2340 729 2405 παῖδας
799 2346 966 2417 ἡμῶν,
1010 2344 1053 2397 εἰ
1112 2349 1397 2420 προσέχειν
1465 2343 1768 2417 βούλονται,

153 2432 508 2509 φιλοπάτορας
544 2440 903 2493 καταστῆσαι.
963 2434 1176 2496 Πάντως
1215 2435 1317 2507 γὰρ
1377 2428 1552 2493 οὐδεὶς
1605 2433 1772 2493 οὕτως

152 2522 394 2577 ἐλλείπων
447 2526 581 2576 κατά
630 2527 726 2582 τήν
786 2526 1062 2597 φρόνησιν,
1094 2524 1161 2584 ὡς
1193 2526 1264 2595 μὴ
1316 2521 1584 2594 αἰσχύνης
1625 2520 1770 2584 ἄξιον

150 2616 346 2686 κρίνειν
430 2620 531 2664 τῶν
598 2610 939 2683 ἀλογωτάτων
1015 2610 1232 2685 ὀρνίθων
1288 2611 1581 2684 ὑστερίζειν
1653 2620 1769 2663 κατ’

156 2698 366 2773 ἀρετην.
437 2698 655 2752 Ἐκεῖνοι
704 2701 829 2773 γὰρ,
883 2702 972 2752 τὸν
1039 2701 1239 2774 πατέρα
1304 2699 1404 2751 ὑπὸ
1461 2705 1555 2751 τοῦ
1593 2702 1771 2771 γήρως

156 2787 625 2864 πτερορρυήσαντα
696 2788 1034 2863 περιστάντες
1119 2786 1168 2840 ἄν
1248 2786 1444 2860 κύκλῳ,
1511 2794 1617 2848 τοῖς
1694 2790 1768 2840 οἱα

159 2881 320 2940 κείοις
383 2884 591 2953 πτεροῖς
652 2876 1055 2953 περιθάλπουσι,
1111 2880 1202 2929 καὶ
1241 2878 1335 2939 τὰς
1379 2879 1570 2950 τροφὰς
1613 2874 1769 2949 ἀφθό-

158 2988 257 3030 νως
288 2967 795 3041 παρασκευάζοντες,
828 2971 922 3026 τὴν
969 2962 1200 3025 δυνατὴν
1246 2970 1338 3019 καὶ
1367 2964 1416 3018 ἐν
1455 2973 1517 3039 τῇ
1573 2970 1768 3024 πτήσει

158 3060 480 3130 παρέχοντες
540 3054 810 3129 βοήθειαν,
856 3056 1025 3131 ἡρέμα
1070 3063 1143 3127 τῷ
1218 3063 1389 3129 πτερῷ
1440 3052 1769 3127 κουφίζοντες
1800 3053 1841 3109 C

161 3144 494 3219 ἑκατέρωθεν.
547 3150 649 3199 Καὶ
710 3148 846 3198 οὕτω
899 3151 1054 3199 τοῦτο
1117 3146 1264 3218 παρὰ
1326 3149 1461 3198 πᾶσι
1519 3139 1767 3197 διαϐεϐό-

162 3254 306 3307 ηται,
361 3236 497 3296 ᾤστε
542 3230 650 3294 ἤδη
676 3236 811 3297 τινες
858 3238 954 3293 τὴν
1005 3242 1107 3288 τῶν
1165 3233 1587 3310 εὐεργετημάτων
1629 3231 1768 3287 ἇιντί⁴

163 3320 317 3377 δοσιν
351 3322 798 3398 ἀντιπελάργωσιν
820 3322 1161 3397 ὀνομάζουσι.

231 3417 286 3468 2.
317 3416 384 3465 Σὺ
432 3416 602 3465 τοίνυν
642 3414 686 3465 εἰ
727 3411 905 3485 βούλει
943 3417 1062 3486 περὶ
1108 3421 1210 3465 τῶν
1252 3411 1535 3486 μελλόντων
1586 3418 1769 3466 πεπεῖ-

160 3503 308 3571 σθαι,
336 3506 474 3556 ποίει
500 3504 568 3556 τὰ
615 3497 873 3555 δοκοῦντα
908 3504 1045 3555 κατά
1072 3505 1160 3555 τὸν
1207 3506 1382 3575 νόμον,
1417 3506 1509 3554 καὶ
1552 3500 1769 3575 ἀνάμενε

161 3600 260 3644 τῶν
317 3591 526 3665 ἀγαθῶν
586 3595 682 3651 τήν
738 3589 1049 3647 ἀπόλαυσιν.
1099 3596 1241 3664 Τίμα
1297 3595 1385 3644 τόν
1412 3595 1615 3664 πατέρα
1648 3610 1765 3659 σου,

162 3684 254 3734 καὶ
279 3684 372 3739 τὴν
433 3685 651 3754 μητέρα,
722 3681 806 3733 ἵνα
869 3677 923 3734 εὖ
992 3699 1078 3733 σοι
1100 3685 1338 3753 γένηται,
1386 3686 1478 3733 καὶ
1532 3683 1622 3739 ἴση
1667 3700 1772 3754 μα-

164 3774 477 3845 κροχρόνιος
524 3769 609 3824 έπὶ
677 3780 770 3833 τῆς
846 3779 968 3843 γῆς,
1034 3771 1094 3832 ἧς
1155 3773 1345 3845 Κύριος
1403 3771 1429 3822 6
1490 3775 1616 3832 Θεός
1674 3789 1768 3823 σου

167 3855 365 3912 δίδωσί
413 3879 517 3916 σοι.
570 3859 902 3934 Εὐγνὼμονες
927 3861 1029 3935 γὰρ
1072 3856 1279 3927 παῖδες,
1330 3859 1528 3933 μεγάλα
1556 3866 1770 3913 ποιοῦσι

166 3957 265 4001 τῶν
321 3954 556 4024 πατέρων
612 3952 679 4003 τὰ
741 3948 996 4024 ἆγκώμια.
1056 3951 1135 4003 Τὰ
1170 3953 1343 4014 τέκνα,
1376 3948 1612 4021 ἀγαπᾶτε
1647 3953 1769 4013 τοὺς

165 4043 385 4112 πατέρας
420 4060 432 4074 ·
500 4042 551 4092 οἱ
613 4048 801 4112 γονεῖς,
866 4045 939 4113 μὴ
999 4040 1344 4116 παροργίζετε
1380 4043 1448 4092 τὰ
1511 4043 1685 4112 τέκνα,
1743 4042 1769 4093 6

169 4132 298 4190 θεῖος
356 4129 671 4191 Ἀπόστολος
710 4136 972 4205 παραινεῖ.
1005 4129 1065 4183 Εἰ
1117 4132 1218 4203 γὰρ
1264 4128 1440 4182 λέαινα
1470 4133 1675 4203 στέργει
1703 4132 1771 4183 τὰ

166 4219 219 4281 ἐξ
276 4217 457 4288 αὐτῆς,
506 4224 595 4272 καὶ
647 4218 797 4279 λύκος
856 4221 982 4294 ὑπὲρ
1073 4218 1342 4271 σκυλάκων
1398 4220 1653 4292 μάχεται’
1713 4222 1767 4272 τί

166 4308 282 4379 εῖπη
344 4309 610 4381 ἄνθρωπος
647 4314 737 4361 καὶ
763 4318 858 4370 τῆς
908 4307 1112 4371 ἐντολῆς
1161 4311 1472 4382 παρακούων
1526 4316 1615 4360 και
1672 4312 1766 4368 τὴν

168 4398 323 4467 φύσιν
362 4399 823 4470 παραχαράσσων,
864 4399 984 4449 ὅταν
1032 4398 1062 4455 ἡ
1119 4405 1241 4458 παῖς
1294 4396 1560 4469 ἀτιμάζων
1598 4407 1766 4471 γῆρας
1798 4373 1842 4428 D

168 4487 387 4556 πατρός,
418 4486 448 4543 ἡ
505 4490 679 4557 πατὴρ
731 4483 823 4537 διὰ
862 4482 1115 4559 δευτέρων
1152 4487 1334 4557 γάμων
1364 4495 1463 4537 τῶν
1510 4490 1768 4561 προτέρων

170 4567 374 4624 παίδων
418 4571 863 4639 ἐπιλανθάνηται;
937 4570 1290 4635 Ἀδικωτατος
1351 4579 1471 4647 περὶ
1528 4579 1620 4633 τὴν
1668 4583 1768 4627 τῶν

171 4659 390 4731 ἐκγόνων
440 4660 687 4736 ἐκτροφὴν
746 4663 771 4713 6
849 4660 1014 4723 ἀετός.
1085 4664 1183 4713 Δύο
1234 4664 1333 4735 γὰρ
1386 4660 1577 4733 ἐξάγων
1628 4681 1771 4714 νεοσ-

174 4754 318 4819 σοὺς,
344 4754 430 4804 τὸν
492 4754 656 4825 ἕτερον
714 4752 853 4823 ἄγων
904 4751 972 4812 εἰς
1026 4759 1126 4822 γῆν
1184 4750 1598 4825 καταρρήγνυσι,
1655 4757 1770 4813 ταῖς

170 4840 394 4913 πληγαῖς
450 4848 549 4893 τῶν
623 4850 822 4917 πτερῶν
881 4839 1283 4913 ἀπωθούμενος*
1339 4843 1426 4892 τὸν
1493 4837 1554 4893 δε
1602 4841 1772 4915 ἕτερον

169 4934 323 5003 μόνον
380 4928 666 4996 ἀναλαϐὼν,
725 4930 1032 5000 οἰκειοῦται,
1082 4926 1177 4983 διὰ
1225 4933 1284 4983 τό
1313 4938 1408 4992 τῆς
1437 4938 1633 5005 τροφῆς
1663 4933 1771 4983 επί-

169 5040 321 5075 πονον
392 5019 803 5094 ἀποποιούμενος
860 5020 916 5074 ὃν
991 5019 1277 5093 ἐγέννησεν.
1371 5018 1506 5073 Ἀλλ’
1563 5020 1657 5074 οὐκ
1713 5019 1773 5091 ἐᾷ

1355 5208 1403 5244 ⁸⁸
1432 5205 1582 5265 ibid.

240 5208 287 5246 ⁸³
308 5208 463 5267 Psal.
492 5224 594 5280 vn,
627 5212 678 5265 8.
757 5209 805 5245 ⁸³
842 5208 1030 5266 Exod.
1062 5224 1154 5281 xx,
1195 5211 1278 5265 l2.

240 5388 319 5530 ξι)
350 5389 433 5443 Ex
452 5385 619 5444 hom.
642 5386 705 5443 in
728 5386 889 5456 psal.
916 5401 1019 5454 vn,
1048 5386 1173 5444 100.

263 5462 317 5530 2)
341 5460 423 5514 Ex
446 5458 614 5516 hom.
644 5473 720 5515 vu
751 5461 814 5515 in
837 5459 1173 5522 Hexaem..'

263 5462 317 5522 2)
341 5460 423 5514 Ex
446 5458 614 5516 hom.
644 5473 720 5515 vu
751 5461 814 5515 in
837 5459 1146 5522 Hexaem.,
1164 5460 1256 5514 75.

244 5462 295 5530 (2
341 5462 423 5514 Ex
446 5462 614 5516 hom.
644 5473 720 5515 vu
751 5462 814 5515 in
837 5462 1232 5522 Hexaem..75

244 5462 323 5601 (3i
355 5531 436 5586 Ex
470 5534 796 5590 comment.
843 5533 907 5590 in
934 5530 1079 5602 Isa.,
1109 5532 1232 5587 544.

730 235 959 295 SERMO
991 236 1165 293 XXIV.
1200 266 1269 276 —
1301 236 1392 292 DE
1421 234 1711 294 HONORE
1741 235 2169 296 PARENTIBUS
2202 238 2623 309 EXHIBENDO,
2658 243 2807 299 ETC.

3389 245 3526 302 1378

1864 363 1975 418 DE
2000 361 2331 421 HONORE'
2361 365 2881 424 PARENTIBUS
2908 366 3395 437 EXHIBENDO,
3416 368 3526 425 ΑΟ

1974 454 2079 508 DE
2114 454 2593 511 SENECTUTE’
2621 456 2890 524 ATQUE
2926 456 3415 514 JUVENTUTE.

2470 564 2699 621 SERMO
2742 566 2919 619 XXIV.

1943 656 1991 708 1.
2017 652 2088 721 (tl
2119 650 2285 717 lllud,
2318 652 2590 724 Exurge,
2621 654 2874 710 Domine
2897 654 3049 709 Deus
3076 669 3261 724 meus,
3292 653 3357 709 in
3381 668 3526 724 prae-

1868 746 2033 810 cepto
2063 740 2223 810 quod
2263 742 2570 798 mandasti
2596 743 2663 813 ⁸³,
2698 746 2896 814 potest
2922 742 3168 815 quidem
3200 747 3257 798 et
3312 743 3391 799 ad
3441 758 3531 798 re-

1868 829 2254 886 surrectionis
2285 833 2643 902 mysterium
2672 831 2877 887 referri
2904 851 2917 901 ;
2960 832 3114 889 adeo
3142 838 3206 888 ut
3235 833 3530 904 Propheta

1864 920 2134 991 judicem
2165 920 2526 992 exhortetur,
2566 924 2633 977 ut
2670 926 2958 992 exsurgat
2987 921 3068 978 ad
3115 922 3529 994 cujuscunque

1869 1009 2100 1082 peccati
2131 1008 2441 1075 ultionem,
2470 1015 2527 1065 et
2553 1015 2616 1066 ut
2647 1011 2962 1078 mandata,
2997 1027 3132 1083 quae
3182 1012 3358 1068 nobis
3391 1016 3531 1067 ante

1871 1098 2258 1171 praescripsit,
2287 1098 2366 1154 ad
2396 1100 2622 1155 exitum
2653 1101 3082 1172 perducantur.
3123 1104 3317 1157 Potest
3346 1102 3529 1156 etiam

1872 1192 1930 1243 et
1958 1186 2032 1243 de
2051 1192 2208 1243 statu
2237 1203 2457 1254 rerum,
2484 1192 2549 1243 ut
2571 1193 2712 1244 tunc
2743 1193 2887 1261 erat,
2918 1190 3128 1263 accipi,
3163 1195 3371 1247 orante
3394 1189 3531 1245 Pro-

1873 1277 2075 1350 pheta,
2106 1282 2171 1334 ut
2198 1278 2382 1347 judex
2416 1279 2590 1351 586
2614 1279 2693 1334 ad
2715 1278 3041 1337 vindictam
3064 1278 3532 1353 prteceptiquod

1874 1367 2212 1437 mandavit,
2237 1373 2539 1437 exsurgat.
2563 1370 2932 1440 Praeceptum
2954 1375 3156 1426 autem
3188 1374 3315 1425 erat
3343 1384 3381 1425 a
3409 1372 3531 1424 Deo

1874 1460 2085 1516 datum
2116 1474 2129 1512 :
2157 1459 2409 1513 Honora
2438 1463 2672 1526 patrem
2711 1464 2877 1514 tuum
2902 1465 2957 1515 et
2987 1465 3238 1515 matrem
3263 1460 3332 1526 ⁸³,
3363 1456 3534 1530 quod

1875 1549 2075 1621 ipsum
2106 1547 2234 1617 ejus
2281 1546 2441 1602 ﬁlius
2468 1546 2663 1603 fuerat
2691 1552 3126 1617 transgressus.
3158 1549 3298 1604 Ideo
3342 1547 3533 1603 Deum

1875 1637 2250 1699 adhortatur,
2305 1638 2370 1689 ut
2421 1649 2546 1690 non
2613 1639 2967 1691 cunctanter
3020 1640 3076 1691 et
3127 1635 3298 1692 illum
3327 1636 3532 1707 ipsum

1875 1725 2155 1795 corrigat,
2177 1723 2479 1780 etmultos
2519 1723 2776 1779 refrenet
2810 1740 2822 1779 :
2869 1724 2975 1780 sed
3001 1730 3283 1797 exsurgat
3314 1725 3373 1780 in
3423 1725 3531 1794 ira,

1874 1821 1931 1872 et
1956 1829 2308 1884 exsurgens,
2338 1813 2652 1885 proprium
2679 1813 2942 1870 vindicet
2987 1815 3365 1871 mandatum.
3407 1818 3536 1872 Non

1874 1904 2059 1972 enim,
2090 1902 2304 1975 inquit,
2339 1917 2435 1957 me
2469 1901 2791 1966 ulcisceris,
2835 1902 2940 1958 sed
2972 1909 3339 1976 praeceptum
3367 1910 3535 1960 tuum

1874 1992 2241 2063 neglectum,
2264 1990 2430 2062 quod
2455 1991 2587 2062 ipse
2612 1990 2940 2049 mandasti.
2960 1993 3201 2048 Constat
3221 1992 3381 2047 enim
3408 1994 3535 2049 fore

1880 2086 1959 2153 ut,
1995 2081 2287 2151 castigato
2333 2079 2617 2152 improbo
2667 2096 2813 2149 uno,
2868 2079 3037 2136 multi
3086 2085 3536 2138 convertantur.

1878 2174 1953 2240 (2)
1984 2172 2166 2225 Porro
2220 2183 2384 2235 cura,
2429 2183 2621 2240 quam
2659 2168 2907 2224 ciconiae
2962 2174 3206 2226 senecta
3252 2169 3537 2225 confectis

1878 2259 2181 2323 exhibent,
2212 2262 2410 2331 potest
2442 2257 2535 2314 vel
2559 2257 2690 2314 sola
2717 2258 2938 2314 liberos
2968 2263 3226 2321 nostros.
3255 2260 3304 2315 si
3352 2263 3537 2316 atten-

1877 2350 2019 2407 dere
2046 2347 2252 2415 velint,
2285 2346 2362 2403 ad
2395 2351 2713 2418 parentum
2745 2362 3017 2404 amorem
3049 2349 3326 2404 excitare.
3352 2351 3536 2405 Nemo

1878 2439 2040 2497 enim
2069 2438 2256 2495 homo
2286 2440 2399 2506 est,
2429 2435 2536 2508 qui
2565 2436 2650 2492 ita
2702 2452 2956 2509 prorsus
3009 2442 3208 2493 mente
3258 2437 3540 2495 destitua-

1876 2533 1992 2598 tur,
2020 2532 2088 2583 ut
2110 2541 2236 2583 non
2265 2530 2438 2597 turpe
2457 2524 2708 2595 judicet,
2727 2526 2806 2581 ab
2833 2525 3048 2582 avibus
3074 2542 3371 2599 perquam
3399 2527 3539 2583 bru-

1878 2618 1952 2674 tis
1979 2617 2193 2673 virtute
2222 2613 2514 2685 superari.
2564 2613 2680 2669 Illa:
2711 2614 3013 2686 siquidem
3050 2615 3382 2685 genitorem
3414 2632 3539 2689 prae

1879 2705 2046 2763 senio
2075 2718 2417 2778 pennarum
2443 2702 2721 2758 deﬂuviis
2745 2702 3128 2760 laborantem
3152 2705 3540 2761 circumstan-

1880 2799 1968 2852 tes
2034 2794 2285 2849 suismet
2328 2791 2544 2865 pennis
2600 2790 2977 2857 calefaciunt,
3028 2792 3541 2865 suppeditantque

1880 2882 2126 2940 abunde
2174 2881 2570 2938 alimentum:
2623 2880 2772 2953 quin
2825 2879 3165 2938 subsidium
3212 2882 3286 2950 ei,
3331 2879 3541 2955 quoad

1879 2973 2011 3030 ﬁeri
2037 2976 2254 3045 potest,
2276 2971 2337 3026 in
2366 2970 2501 3041 ipso
2535 2969 2744 3026 volatu
2782 2974 3097 3042 praestant,
3120 2971 3399 3043 utrinque
3429 2971 3539 3027 alis

1882 3062 2006 3118 suis
2033 3061 2245 3119 leniter
2276 3057 2677 3116 sublevantes.
2715 3063 2909 3131 Atque
2950 3059 3067 3116 hoc
3090 3059 3173 3117 ita
3202 3060 3369 3131 apud
3411 3076 3540 3117 om-

1880 3167 1989 3209 nes
2018 3151 2410 3208 decantatum
2436 3152 2548 3221 est,
2572 3152 2639 3205 ut
2656 3148 2788 3222 jam
2822 3147 3075 3221 quidam
3104 3148 3540 3207 beneﬁciorum

1879 3239 2428 3299 remunerationem
2467 3239 2962 3309 antipetargosim
2991 3238 3314 3311 appellent.

1952 3422 2007 3475 2.
2051 3419 2132 3489 (3)
2163 3417 2222 3475 Si
2262 3416 2356 3474 vis
2387 3415 2567 3487 igitur
2591 3415 2667 3473 de
2691 3416 2876 3473 rebus
2914 3414 3127 3473 futuris
3156 3418 3352 3473 certus
3383 3431 3540 3483 esse,

1884 3523 1957 3565 ea
2011 3523 2150 3580 quae
2203 3507 2329 3578 lege
2370 3506 2663 3578 jubentur
2718 3520 3070 3579 exsequere,
3117 3505 3541 3578 bonorumque

1884 3596 2335 3670 possessionem
2364 3598 2700 3668 expectato.
2732 3596 2985 3652 Honora
3024 3601 3262 3665 patrem
3286 3601 3456 3651 tuum
3485 3598 3540 3650 et

1882 3692 2135 3743 matrem
2157 3691 2344 3753 tuam,
2368 3690 2433 3739 ut
2462 3683 2607 3741 bene
2627 3684 2737 3739 tibi
2762 3686 2863 3756 sit,
2890 3687 2945 3740 et
2971 3685 3089 3740 eris
3117 3682 3426 3754 longaevus
3447 3700 3541 3740 su-

1882 3791 1989 3846 per
2012 3778 2258 3842 terram,
2298 3789 2480 3845 quam
2514 3775 2804 3829 Dominus
2832 3775 2990 3829 Deus
3025 3780 3162 3829 tuus
3192 3772 3297 3829 dat
3330 3771 3441 3829 tibi
3469 3772 3535 3828 3‘.

1884 3862 1960 3931 (4)
1986 3859 2143 3916 Grati
2167 3858 2329 3914 enim
2343 3862 2402 3913 et
2427 3857 2508 3930 pii
2536 3856 2708 3913 liberi
2736 3873 2992 3928 magnas
3022 3856 3381 3930 parentibus
3410 3857 3541 3913 lau-

1882 3948 1989 4005 des
2018 3946 2358 4004 conciliant.
2377 3947 2454 4017 (5)
2495 3948 2625 4016 Vos,
2650 3947 2786 4018 ﬁlii,
2811 3947 3054 4018 diligite
3077 3952 3385 4016 parentes:
3416 3962 3537 4014 vos,

1879 4043 2181 4109 parentes,
2204 4037 2391 4093 nolite
2410 4036 2493 4091 ad
2514 4036 2893 4092 iracundiam
2908 4051 3236 4106 provocare
3252 4037 3433 4105 ﬁlios,
3457 4034 3542 4091 di-

1882 4128 2058 4184 vinus
2091 4130 2297 4182 monet
2319 4124 2643 4196 Apostolus
2669 4126 2738 4180 ⁸⁵.
2785 4128 2934 4181 Nam
2966 4124 3015 4180 si
3043 4124 3236 4181 leaena
3266 4129 3431 4181 amat
3456 4124 3541 4181 fe-

1884 4222 1977 4274 tus
1998 4232 2161 4285 suos,
2179 4219 2234 4272 et
2251 4215 2431 4287 lupus
2454 4230 2564 4287 pro
2586 4214 2712 4270 suis
2734 4214 2943 4271 catulis
2957 4218 3217 4288 pugnat:
3246 4215 3540 4287 quidnam

1883 4306 2099 4362 dixerit
2137 4305 2323 4361 homo
2352 4302 2456 4376 qui
2490 4308 2547 4359 et
2574 4309 2876 4375 praecepto
2905 4319 3029 4359 non
3063 4303 3457 4376 obtemperat,
3486 4305 3544 4359 et

1884 4396 2082 4466 ipsam
2105 4393 2405 4449 adulterat
2423 4397 2726 4462 naturam,
2743 4409 2881 4447 eum
2903 4392 3174 4448 autﬁlius
3197 4390 3543 4447 inltonestat

1884 4484 2071 4555 patris
2093 4485 2480 4547 senectutem,
2511 4484 2614 4537 aut
2639 4486 2807 4552 pater
2827 4485 3071 4552 propter
3101 4480 3401 4536 secundas
3431 4497 3545 4535 nu-

1883 4573 2039 4644 ptias
2078 4569 2350 4643 priorum
2397 4569 2659 4625 ﬁliorum
2690 4568 3098 4625 obliviscitur?
3132 4570 3208 4639 (6)
3234 4568 3449 4640 Aquila
3476 4567 3541 4625 in

1885 4658 2206 4717 educando.
2234 4657 2401 4731 prole
2439 4657 2823 4730 iniquissima
2857 4661 2962 4714 est.
3011 4658 3239 4714 Etenim
3274 4658 3377 4714 ubi
3409 4658 3540 4731 pul-

1882 4748 1976 4806 los
2024 4750 2179 4804 duos
2233 4746 2504 4814 exclusit,
2534 4747 2752 4802 horum
2785 4746 3040 4803 alterum
3070 4747 3273 4815 dejicit
3327 4748 3389 4803 in
3419 4752 3538 4803 ter-

1885 4855 2041 4908 ram,
2073 4853 2144 4894 ac
2171 4852 2511 4909 pennarum
2549 4834 2903 4892 verberibus
2941 4835 3209 4907 proludit
3240 4854 3254 4892 :
3284 4835 3539 4893 alterum

1886 4932 2089 4985 autem
2109 4927 2405 4983 duntaxat
2430 4928 2812 4997 assumptum
2838 4941 2949 4997 pro
2985 4941 3097 4981 suo
3124 4924 3328 4995 habet,
3357 4929 3539 4998 atque

1884 5033 2070 5091 quem
2100 5012 2327 5089 genuit,
2354 5017 2600 5087 propter
2623 5013 2813 5072 victus
2857 5014 3254 5088 comparandi
3288 5013 3539 5072 difﬁcul-

1658 5207 1706 5244 ⁸³
1760 5206 1978 5280 Ephes.
2003 5221 2085 5277 νε,
2114 5207 2167 5260 4.

1953 5382 2030 5455 (4)
2064 5384 2227 5455 Unus
2259 5376 2457 5455 codex,
2478 5378 2702 5455 indicat
2731 5378 2904 5455 epist.

1979 5455 2031 5527 5)
2060 5457 2140 5510 Ex
2169 5453 2333 5527 bom.
2365 5469 2414 5509 χι
2435 5448 2826 5527 inAHegaema
2856 5451 2944 5508 83.

1979 5458 2031 5527 5)
2060 5458 2140 5510 Ex
2169 5458 2333 5510 hom.
2365 5469 2414 5509 χι
2435 5458 2498 5509 in
2529 5458 2826 5522 Hexaem,
2856 5458 2944 5508 83.

1956 5458 2036 5601 {6)
2067 5528 2152 5583 Ex
2172 5525 2338 5585 hom.
2373 5539 2475 5581 vm
2500 5524 2562 5581 in
2595 5524 2907 5595 Hexaem.,
2931 5525 3020 5579 76.
