  <div class='ocr_page' id='page_1' title='image "/cluster/home/n/w/nwhite01/storage/ocr_20150623/32:no.4/coo.31924054869296/699.png"; bbox 0 0 4082 6400; ppageno 0'>
   <div class='ocr_carea' id='block_1_1' title="bbox 573 259 708 327">
    <p class='ocr_par' dir='ltr' id='par_1_1' title="bbox 573 259 708 327">
     <span class='ocr_line' id='line_1_1' title="bbox 573 259 708 327; baseline 0.015 -2"><span class='ocrx_word' id='word_1_1' title='bbox 573 259 708 327; x_wconf 74' lang='lat'>1379</span> 
     </span>
    </p>
   </div>
   <div class='ocr_carea' id='block_1_2' title="bbox 1278 249 3211 323">
    <p class='ocr_par' dir='ltr' id='par_1_2' title="bbox 1278 249 3211 323">
     <span class='ocr_line' id='line_1_2' title="bbox 1278 249 3211 323; baseline -0.002 -1"><span class='ocrx_word' id='word_1_2' title='bbox 1278 265 1641 323; x_wconf 84' lang='lat' dir='ltr'>APPENDIX.</span> <span class='ocrx_word' id='word_1_3' title='bbox 1682 297 1751 305; x_wconf 94' lang='lat'><strong>—</strong></span> <span class='ocrx_word' id='word_1_4' title='bbox 1791 262 2134 319; x_wconf 79' lang='lat' dir='ltr'>SYMEONIS</span> <span class='ocrx_word' id='word_1_5' title='bbox 2171 257 2718 316; x_wconf 64' lang='lat' dir='ltr'>METAPHHASTIE</span> <span class='ocrx_word' id='word_1_6' title='bbox 2763 263 2995 319; x_wconf 80' lang='lat' dir='ltr'>SERMO</span> <span class='ocrx_word' id='word_1_7' title='bbox 3036 249 3211 320; x_wconf 67' lang='lat' dir='ltr'>XXIV.</span> 
     </span>
    </p>
   </div>
   <div class='ocr_carea' id='block_1_3' title="bbox 3818 267 3971 322">
    <p class='ocr_par' dir='ltr' id='par_1_3' title="bbox 3818 267 3971 322">
     <span class='ocr_line' id='line_1_3' title="bbox 3818 267 3971 322; baseline 0 -3"><span class='ocrx_word' id='word_1_8' title='bbox 3818 267 3971 322; x_wconf 79' lang='grc'>1380</span> 
     </span>
    </p>
   </div>
   <div class='ocr_carea' id='block_1_4' title="bbox 567 383 2202 462">
    <p class='ocr_par' dir='ltr' id='par_1_4' title="bbox 567 385 2202 461">
     <span class='ocr_line' id='line_1_4' title="bbox 567 385 2202 461; baseline -0.006 -11"><span class='ocrx_word' id='word_1_9' title='bbox 567 399 748 450; x_wconf 83' lang='lat' dir='ltr'>tatem</span> <span class='ocrx_word' id='word_1_10' title='bbox 781 392 1039 448; x_wconf 86' lang='lat' dir='ltr'>abdicat.</span> <span class='ocrx_word' id='word_1_11' title='bbox 1075 391 1210 460; x_wconf 85' lang='lat' dir='ltr'>Sed,</span> <span class='ocrx_word' id='word_1_12' title='bbox 1238 397 1305 446; x_wconf 87' lang='lat' dir='ltr'>ut</span> <span class='ocrx_word' id='word_1_13' title='bbox 1349 391 1536 456; x_wconf 87' lang='lat' dir='ltr'>aiunt,</span> <span class='ocrx_word' id='word_1_14' title='bbox 1569 389 1761 461; x_wconf 87' lang='lat' dir='ltr'>perire</span> <span class='ocrx_word' id='word_1_15' title='bbox 1794 389 1955 444; x_wconf 87' lang='lat' dir='ltr'>hunc</span> <span class='ocrx_word' id='word_1_16' title='bbox 1985 403 2107 442; x_wconf 89' lang='lat' dir='ltr'>non</span> <span class='ocrx_word' id='word_1_17' title='bbox 2142 385 2202 440; x_wconf 89' lang='lat' dir='ltr'>si-</span> 
     </span>
    </p>
   </div>
   <div class='ocr_carea' id='block_1_5' title="bbox 2313 383 3965 462">
    <p class='ocr_par' dir='ltr' id='par_1_5' title="bbox 2331 383 3965 462">
     <span class='ocr_line' id='line_1_5' title="bbox 2331 383 3965 462; baseline 0.003 -27"><span class='ocrx_word' id='word_1_18' title='bbox 2331 394 2508 436; x_wconf 85' lang='grc' dir='ltr'>τουτον</span> <span class='ocrx_word' id='word_1_19' title='bbox 2537 383 2892 460; x_wconf 65' lang='grc' dir='ltr'>διαφθαρῆναι</span> <span class='ocrx_word' id='word_1_20' title='bbox 2929 390 2959 444; x_wconf 78' lang='grc' dir='ltr'>ἡ</span> <span class='ocrx_word' id='word_1_21' title='bbox 3005 394 3160 460; x_wconf 70' lang='grc' dir='ltr'>φὴνησ</span> <span class='ocrx_word' id='word_1_22' title='bbox 3224 389 3565 442; x_wconf 73' lang='grc' dir='ltr'>ὑπολαϐοῦσα</span> <span class='ocrx_word' id='word_1_23' title='bbox 3591 394 3700 462; x_wconf 76' lang='grc' dir='ltr'>’γὰρ</span> <span class='ocrx_word' id='word_1_24' title='bbox 3763 392 3965 458; x_wconf 64' lang='grc' dir='ltr'>αὐτὸν,</span> 
     </span>
    </p>
   </div>
   <div class='ocr_carea' id='block_1_6' title="bbox 567 481 2215 553">
    <p class='ocr_par' dir='ltr' id='par_1_6' title="bbox 567 481 2215 553">
     <span class='ocr_line' id='line_1_6' title="bbox 567 481 2215 553; baseline -0.005 -15"><span class='ocrx_word' id='word_1_25' title='bbox 567 483 1008 551; x_wconf 84' lang='lat' dir='ltr'>nitossifraga:</span> <span class='ocrx_word' id='word_1_26' title='bbox 1043 481 1242 553; x_wconf 90' lang='lat' dir='ltr'>ipsum</span> <span class='ocrx_word' id='word_1_27' title='bbox 1283 481 1442 535; x_wconf 88' lang='lat' dir='ltr'>enim</span> <span class='ocrx_word' id='word_1_28' title='bbox 1501 484 1845 550; x_wconf 78' lang='lat' dir='ltr'>susceptum</span> <span class='ocrx_word' id='word_1_29' title='bbox 1909 494 2027 531; x_wconf 85' lang='lat' dir='ltr'>una</span> <span class='ocrx_word' id='word_1_30' title='bbox 2079 492 2215 530; x_wconf 90' lang='lat' dir='ltr'>cum</span> 
     </span>
    </p>
   </div>
   <div class='ocr_carea' id='block_1_7' title="bbox 566 567 2218 642">
    <p class='ocr_par' dir='ltr' id='par_1_7' title="bbox 566 567 2218 642">
     <span class='ocr_line' id='line_1_7' title="bbox 566 567 2218 642; baseline -0.005 -16"><span class='ocrx_word' id='word_1_31' title='bbox 566 571 828 642; x_wconf 83' lang='lat' dir='ltr'>propriis</span> <span class='ocrx_word' id='word_1_32' title='bbox 879 571 1004 624; x_wconf 86' lang='lat' dir='ltr'>suis</span> <span class='ocrx_word' id='word_1_33' title='bbox 1037 569 1216 640; x_wconf 88' lang='lat' dir='ltr'>pullis</span> <span class='ocrx_word' id='word_1_34' title='bbox 1258 569 1496 624; x_wconf 84' lang='lat' dir='ltr'>educat.</span> <span class='ocrx_word' id='word_1_35' title='bbox 1555 567 1720 622; x_wconf 83' lang='lat' dir='ltr'>Tales</span> <span class='ocrx_word' id='word_1_36' title='bbox 1758 571 1897 621; x_wconf 90' lang='lat' dir='ltr'>sunt</span> <span class='ocrx_word' id='word_1_37' title='bbox 1939 572 2218 636; x_wconf 88' lang='lat' dir='ltr'>parentes</span> 
     </span>
    </p>
   </div>
   <div class='ocr_carea' id='block_1_8' title="bbox 565 656 2214 731">
    <p class='ocr_par' dir='ltr' id='par_1_8' title="bbox 565 656 2214 731">
     <span class='ocr_line' id='line_1_8' title="bbox 565 656 2214 731; baseline -0.005 -16"><span class='ocrx_word' id='word_1_38' title='bbox 565 659 671 726; x_wconf 89' lang='lat' dir='ltr'>illi,</span> <span class='ocrx_word' id='word_1_39' title='bbox 700 659 805 731; x_wconf 90' lang='lat' dir='ltr'>qui</span> <span class='ocrx_word' id='word_1_40' title='bbox 853 658 1224 730; x_wconf 81' lang='lat' dir='ltr'>paupertatis</span> <span class='ocrx_word' id='word_1_41' title='bbox 1270 662 1556 728; x_wconf 77' lang='lat' dir='ltr'>praetextu</span> <span class='ocrx_word' id='word_1_42' title='bbox 1586 656 1843 710; x_wconf 85' lang='lat' dir='ltr'>infantes</span> <span class='ocrx_word' id='word_1_43' title='bbox 1885 659 2214 725; x_wconf 85' lang='lat' dir='ltr'>exponunt.</span> 
     </span>
    </p>
   </div>
   <div class='ocr_carea' id='block_1_9' title="bbox 567 743 2218 818">
    <p class='ocr_par' dir='ltr' id='par_1_9' title="bbox 567 743 2218 818">
     <span class='ocr_line' id='line_1_9' title="bbox 567 743 2218 818; baseline -0.004 -14"><span class='ocrx_word' id='word_1_44' title='bbox 567 751 670 804; x_wconf 88' lang='lat' dir='ltr'>aut</span> <span class='ocrx_word' id='word_1_45' title='bbox 700 749 878 805; x_wconf 90' lang='lat' dir='ltr'>etiam</span> <span class='ocrx_word' id='word_1_46' title='bbox 912 749 970 803; x_wconf 92' lang='lat' dir='ltr'>in</span> <span class='ocrx_word' id='word_1_47' title='bbox 1005 747 1370 818; x_wconf 88' lang='lat' dir='ltr'>patrimonio</span> <span class='ocrx_word' id='word_1_48' title='bbox 1401 744 1816 800; x_wconf 88' lang='lat' dir='ltr'>distribuendo</span> <span class='ocrx_word' id='word_1_49' title='bbox 1854 743 2218 814; x_wconf 80' lang='lat' dir='ltr'>iniquissimi</span> 
     </span>
    </p>
   </div>
   <div class='ocr_carea' id='block_1_10' title="bbox 567 831 2219 907">
    <p class='ocr_par' dir='ltr' id='par_1_10' title="bbox 567 831 2219 907">
     <span class='ocr_line' id='line_1_10' title="bbox 567 831 2219 907; baseline -0.004 -15"><span class='ocrx_word' id='word_1_50' title='bbox 567 843 708 892; x_wconf 89' lang='lat' dir='ltr'>sunt</span> <span class='ocrx_word' id='word_1_51' title='bbox 753 853 897 907; x_wconf 89' lang='lat' dir='ltr'>erga</span> <span class='ocrx_word' id='word_1_52' title='bbox 944 837 1185 892; x_wconf 90' lang='lat' dir='ltr'>liberos.</span> <span class='ocrx_word' id='word_1_53' title='bbox 1239 833 1767 900; x_wconf 85' lang='lat' dir='ltr'>Quemadmodum</span> <span class='ocrx_word' id='word_1_54' title='bbox 1801 832 1960 887; x_wconf 89' lang='lat' dir='ltr'>enim</span> <span class='ocrx_word' id='word_1_55' title='bbox 1991 831 2124 896; x_wconf 90' lang='lat' dir='ltr'>illis,</span> <span class='ocrx_word' id='word_1_56' title='bbox 2154 837 2219 886; x_wconf 90' lang='lat' dir='ltr'>ut</span> 
     </span>
    </p>
   </div>
   <div class='ocr_carea' id='block_1_11' title="bbox 565 922 2217 998">
    <p class='ocr_par' dir='ltr' id='par_1_11' title="bbox 565 922 2217 998">
     <span class='ocr_line' id='line_1_11' title="bbox 565 922 2217 998; baseline -0.004 -16"><span class='ocrx_word' id='word_1_57' title='bbox 565 932 791 994; x_wconf 89' lang='lat' dir='ltr'>essent,</span> <span class='ocrx_word' id='word_1_58' title='bbox 825 942 898 982; x_wconf 81' lang='lat' dir='ltr'>ex</span> <span class='ocrx_word' id='word_1_59' title='bbox 936 941 1112 998; x_wconf 57' lang='lat' dir='ltr'>aequo</span> <span class='ocrx_word' id='word_1_60' title='bbox 1157 926 1416 980; x_wconf 88' lang='lat' dir='ltr'>tribuere</span> <span class='ocrx_word' id='word_1_61' title='bbox 1446 942 1458 978; x_wconf 92' lang='lat'>:</span> <span class='ocrx_word' id='word_1_62' title='bbox 1503 924 1584 978; x_wconf 89' lang='lat' dir='ltr'>ita</span> <span class='ocrx_word' id='word_1_63' title='bbox 1617 939 1862 994; x_wconf 79' lang='lat' dir='ltr'>aequum</span> <span class='ocrx_word' id='word_1_64' title='bbox 1897 927 2005 983; x_wconf 87' lang='lat' dir='ltr'>est,</span> <span class='ocrx_word' id='word_1_65' title='bbox 2034 927 2100 975; x_wconf 90' lang='lat' dir='ltr'>ut</span> <span class='ocrx_word' id='word_1_66' title='bbox 2133 922 2217 976; x_wconf 90' lang='lat' dir='ltr'>eis</span> 
     </span>
    </p>
   </div>
   <div class='ocr_carea' id='block_1_12' title="bbox 562 1010 2216 1085">
    <p class='ocr_par' dir='ltr' id='par_1_12' title="bbox 562 1010 2216 1085">
     <span class='ocr_line' id='line_1_12' title="bbox 562 1010 2216 1085; baseline -0.003 -14"><span class='ocrx_word' id='word_1_67' title='bbox 562 1017 698 1071; x_wconf 66' lang='lat' dir='ltr'>vitae</span> <span class='ocrx_word' id='word_1_68' title='bbox 737 1015 986 1085; x_wconf 76' lang='lat' dir='ltr'>agendae</span> <span class='ocrx_word' id='word_1_69' title='bbox 1042 1013 1384 1069; x_wconf 81' lang='lat' dir='ltr'>facultatem</span> <span class='ocrx_word' id='word_1_70' title='bbox 1429 1013 1561 1084; x_wconf 88' lang='lat' dir='ltr'>pari</span> <span class='ocrx_word' id='word_1_71' title='bbox 1605 1011 1940 1082; x_wconf 85' lang='lat' dir='ltr'>aequalique</span> <span class='ocrx_word' id='word_1_72' title='bbox 1991 1010 2216 1066; x_wconf 80' lang='lat' dir='ltr'>ratione</span> 
     </span>
    </p>
   </div>
   <div class='ocr_carea' id='block_1_13' title="bbox 564 1099 2214 1176">
    <p class='ocr_par' dir='ltr' id='par_1_13' title="bbox 564 1099 2214 1176">
     <span class='ocr_line' id='line_1_13' title="bbox 564 1099 2214 1176; baseline -0.005 -16"><span class='ocrx_word' id='word_1_73' title='bbox 564 1105 966 1176; x_wconf 87' lang='lat' dir='ltr'>suppeditent.</span> <span class='ocrx_word' id='word_1_74' title='bbox 1023 1106 1175 1158; x_wconf 87' lang='lat' dir='ltr'>Cave</span> <span class='ocrx_word' id='word_1_75' title='bbox 1205 1103 1453 1157; x_wconf 89' lang='lat' dir='ltr'>imiteris</span> <span class='ocrx_word' id='word_1_76' title='bbox 1494 1116 1700 1155; x_wconf 91' lang='lat' dir='ltr'>earum</span> <span class='ocrx_word' id='word_1_77' title='bbox 1736 1099 1960 1163; x_wconf 90' lang='lat' dir='ltr'>avium,</span> <span class='ocrx_word' id='word_1_78' title='bbox 1992 1099 2214 1170; x_wconf 88' lang='lat' dir='ltr'>quibus</span> 
     </span>
    </p>
   </div>
   <div class='ocr_carea' id='block_1_14' title="bbox 558 1187 2213 1264">
    <p class='ocr_par' dir='ltr' id='par_1_14' title="bbox 558 1187 2213 1264">
     <span class='ocr_line' id='line_1_14' title="bbox 558 1187 2213 1264; baseline -0.005 -16"><span class='ocrx_word' id='word_1_79' title='bbox 558 1208 750 1264; x_wconf 88' lang='lat' dir='ltr'>unges</span> <span class='ocrx_word' id='word_1_80' title='bbox 779 1192 1000 1248; x_wconf 91' lang='lat' dir='ltr'>adunci</span> <span class='ocrx_word' id='word_1_81' title='bbox 1059 1196 1220 1256; x_wconf 91' lang='lat' dir='ltr'>sunt,</span> <span class='ocrx_word' id='word_1_82' title='bbox 1269 1191 1684 1245; x_wconf 83' lang='lat' dir='ltr'>crudelitatem</span> <span class='ocrx_word' id='word_1_83' title='bbox 1715 1207 1727 1243; x_wconf 94' lang='lat'>:</span> <span class='ocrx_word' id='word_1_84' title='bbox 1759 1204 1894 1259; x_wconf 67' lang='lat' dir='ltr'>quae</span> <span class='ocrx_word' id='word_1_85' title='bbox 1931 1188 2031 1241; x_wconf 88' lang='lat' dir='ltr'>ubi</span> <span class='ocrx_word' id='word_1_86' title='bbox 2054 1187 2213 1241; x_wconf 87' lang='lat' dir='ltr'>vide-</span> 
     </span>
    </p>
   </div>
   <div class='ocr_carea' id='block_1_15' title="bbox 558 1276 2212 1350">
    <p class='ocr_par' dir='ltr' id='par_1_15' title="bbox 558 1276 2212 1350">
     <span class='ocr_line' id='line_1_15' title="bbox 558 1276 2212 1350; baseline -0.004 -14"><span class='ocrx_word' id='word_1_87' title='bbox 558 1281 678 1336; x_wconf 84' lang='lat' dir='ltr'>rint</span> <span class='ocrx_word' id='word_1_88' title='bbox 706 1297 848 1335; x_wconf 89' lang='lat' dir='ltr'>suos</span> <span class='ocrx_word' id='word_1_89' title='bbox 894 1280 1044 1335; x_wconf 88' lang='lat' dir='ltr'>fetus</span> <span class='ocrx_word' id='word_1_90' title='bbox 1069 1279 1328 1350; x_wconf 89' lang='lat' dir='ltr'>jamjam</span> <span class='ocrx_word' id='word_1_91' title='bbox 1372 1277 1593 1334; x_wconf 89' lang='lat' dir='ltr'>volatui</span> <span class='ocrx_word' id='word_1_92' title='bbox 1625 1283 1915 1340; x_wconf 87' lang='lat' dir='ltr'>maturos,</span> <span class='ocrx_word' id='word_1_93' title='bbox 1949 1276 2060 1330; x_wconf 90' lang='lat' dir='ltr'>alis</span> <span class='ocrx_word' id='word_1_94' title='bbox 2110 1291 2212 1330; x_wconf 91' lang='lat' dir='ltr'>eos</span> 
     </span>
    </p>
   </div>
   <div class='ocr_carea' id='block_1_16' title="bbox 556 1365 2213 1440">
    <p class='ocr_par' dir='ltr' id='par_1_16' title="bbox 556 1365 2213 1440">
     <span class='ocr_line' id='line_1_16' title="bbox 556 1365 2213 1440; baseline -0.004 -14"><span class='ocrx_word' id='word_1_95' title='bbox 556 1369 946 1426; x_wconf 79' lang='lat' dir='ltr'>verberantes</span> <span class='ocrx_word' id='word_1_96' title='bbox 994 1384 1064 1424; x_wconf 92' lang='lat' dir='ltr'>ac</span> <span class='ocrx_word' id='word_1_97' title='bbox 1112 1367 1496 1440; x_wconf 83' lang='lat' dir='ltr'>expellentes,</span> <span class='ocrx_word' id='word_1_98' title='bbox 1547 1383 1617 1421; x_wconf 85' lang='lat' dir='ltr'>ex</span> <span class='ocrx_word' id='word_1_99' title='bbox 1660 1366 1804 1421; x_wconf 90' lang='lat' dir='ltr'>nido</span> <span class='ocrx_word' id='word_1_100' title='bbox 1848 1365 2110 1435; x_wconf 90' lang='lat' dir='ltr'>ejiciunt,</span> <span class='ocrx_word' id='word_1_101' title='bbox 2142 1380 2213 1420; x_wconf 87' lang='lat' dir='ltr'>ac</span> 
     </span>
    </p>
   </div>
   <div class='ocr_carea' id='block_1_17' title="bbox 556 1454 2213 1532">
    <p class='ocr_par' dir='ltr' id='par_1_17' title="bbox 556 1454 2213 1532">
     <span class='ocr_line' id='line_1_17' title="bbox 556 1454 2213 1532; baseline -0.005 -16"><span class='ocrx_word' id='word_1_102' title='bbox 556 1460 843 1532; x_wconf 87' lang='lat' dir='ltr'>deinceps</span> <span class='ocrx_word' id='word_1_103' title='bbox 867 1459 1100 1514; x_wconf 90' lang='lat' dir='ltr'>nullam</span> <span class='ocrx_word' id='word_1_104' title='bbox 1129 1474 1339 1513; x_wconf 89' lang='lat' dir='ltr'>eorum</span> <span class='ocrx_word' id='word_1_105' title='bbox 1369 1472 1581 1511; x_wconf 88' lang='lat' dir='ltr'>curam</span> <span class='ocrx_word' id='word_1_106' title='bbox 1605 1455 1960 1526; x_wconf 91' lang='lat' dir='ltr'>suscipiunt.</span> <span class='ocrx_word' id='word_1_107' title='bbox 1980 1454 2213 1509; x_wconf 85' lang='lat' dir='ltr'>Amoris</span> 
     </span>
    </p>
   </div>
   <div class='ocr_carea' id='block_1_18' title="bbox 555 1543 2210 1617">
    <p class='ocr_par' dir='ltr' id='par_1_18' title="bbox 555 1543 2210 1617">
     <span class='ocr_line' id='line_1_18' title="bbox 555 1543 2210 1617; baseline -0.005 -12"><span class='ocrx_word' id='word_1_108' title='bbox 555 1564 697 1605; x_wconf 88' lang='lat' dir='ltr'>vero</span> <span class='ocrx_word' id='word_1_109' title='bbox 725 1548 979 1604; x_wconf 88' lang='lat' dir='ltr'>cornicis</span> <span class='ocrx_word' id='word_1_110' title='bbox 1003 1562 1146 1616; x_wconf 86' lang='lat' dir='ltr'>erga</span> <span class='ocrx_word' id='word_1_111' title='bbox 1171 1562 1314 1601; x_wconf 89' lang='lat' dir='ltr'>suos</span> <span class='ocrx_word' id='word_1_112' title='bbox 1345 1545 1544 1617; x_wconf 89' lang='lat' dir='ltr'>pullos</span> <span class='ocrx_word' id='word_1_113' title='bbox 1575 1543 1864 1599; x_wconf 69' lang='lat' dir='ltr'>aemulum</span> <span class='ocrx_word' id='word_1_114' title='bbox 1891 1550 1945 1598; x_wconf 89' lang='lat' dir='ltr'>te</span> <span class='ocrx_word' id='word_1_115' title='bbox 1973 1547 2210 1614; x_wconf 72' lang='lat' dir='ltr'>praesta,</span> 
     </span>
    </p>
   </div>
   <div class='ocr_carea' id='block_1_19' title="bbox 555 1632 2212 1710">
    <p class='ocr_par' dir='ltr' id='par_1_19' title="bbox 555 1632 2212 1710">
     <span class='ocr_line' id='line_1_19' title="bbox 555 1632 2212 1710; baseline -0.005 -16"><span class='ocrx_word' id='word_1_116' title='bbox 555 1653 692 1710; x_wconf 59' lang='lat' dir='ltr'>qua</span> <span class='ocrx_word' id='word_1_117' title='bbox 712 1637 882 1709; x_wconf 88' lang='lat' dir='ltr'>ipsos</span> <span class='ocrx_word' id='word_1_118' title='bbox 913 1637 1044 1707; x_wconf 88' lang='lat' dir='ltr'>jam</span> <span class='ocrx_word' id='word_1_119' title='bbox 1073 1635 1341 1690; x_wconf 86' lang='lat' dir='ltr'>volantes</span> <span class='ocrx_word' id='word_1_120' title='bbox 1368 1633 1704 1699; x_wconf 85' lang='lat' dir='ltr'>comitatur,</span> <span class='ocrx_word' id='word_1_121' title='bbox 1738 1632 2212 1703; x_wconf 82' lang='lat' dir='ltr'>alimoniamque</span> 
     </span>
    </p>
   </div>
   <div class='ocr_carea' id='block_1_20' title="bbox 557 1722 1851 1792">
    <p class='ocr_par' dir='ltr' id='par_1_20' title="bbox 557 1722 1851 1792">
     <span class='ocr_line' id='line_1_20' title="bbox 557 1722 1851 1792; baseline -0.005 -10"><span class='ocrx_word' id='word_1_122' title='bbox 557 1725 1044 1792; x_wconf 87' lang='lat' dir='ltr'>subministrans,</span> <span class='ocrx_word' id='word_1_123' title='bbox 1077 1723 1208 1779; x_wconf 92' lang='lat' dir='ltr'>illos</span> <span class='ocrx_word' id='word_1_124' title='bbox 1247 1722 1584 1778; x_wconf 86' lang='lat' dir='ltr'>diutissime</span> <span class='ocrx_word' id='word_1_125' title='bbox 1613 1722 1851 1777; x_wconf 90' lang='lat' dir='ltr'>enutrit.</span> 
     </span>
    </p>
   </div>
   <div class='ocr_carea' id='block_1_21' title="bbox 627 1828 2210 1902">
    <p class='ocr_par' dir='ltr' id='par_1_21' title="bbox 627 1828 2210 1902">
     <span class='ocr_line' id='line_1_21' title="bbox 627 1828 2210 1902; baseline -0.004 -13"><span class='ocrx_word' id='word_1_126' title='bbox 627 1837 677 1889; x_wconf 88' lang='lat'>3.</span> <span class='ocrx_word' id='word_1_127' title='bbox 715 1833 768 1887; x_wconf 92' lang='lat' dir='ltr'>Is</span> <span class='ocrx_word' id='word_1_128' title='bbox 796 1833 955 1887; x_wconf 90' lang='lat' dir='ltr'>enim</span> <span class='ocrx_word' id='word_1_129' title='bbox 988 1832 1090 1902; x_wconf 91' lang='lat' dir='ltr'>qui</span> <span class='ocrx_word' id='word_1_130' title='bbox 1134 1835 1330 1885; x_wconf 87' lang='lat' dir='ltr'>mente</span> <span class='ocrx_word' id='word_1_131' title='bbox 1375 1828 1575 1884; x_wconf 88' lang='lat' dir='ltr'>infans</span> <span class='ocrx_word' id='word_1_132' title='bbox 1616 1835 1672 1883; x_wconf 89' lang='lat' dir='ltr'>et</span> <span class='ocrx_word' id='word_1_133' title='bbox 1702 1828 2054 1899; x_wconf 86' lang='lat' dir='ltr'>imprudens</span> <span class='ocrx_word' id='word_1_134' title='bbox 2099 1832 2210 1897; x_wconf 92' lang='lat' dir='ltr'>est,</span> 
     </span>
    </p>
   </div>
   <div class='ocr_carea' id='block_1_22' title="bbox 554 1916 2212 1990">
    <p class='ocr_par' dir='ltr' id='par_1_22' title="bbox 554 1916 2212 1990">
     <span class='ocr_line' id='line_1_22' title="bbox 554 1916 2212 1990; baseline -0.005 -11"><span class='ocrx_word' id='word_1_135' title='bbox 554 1921 632 1979; x_wconf 90' lang='lat' dir='ltr'>ab</span> <span class='ocrx_word' id='word_1_136' title='bbox 655 1938 725 1978; x_wconf 93' lang='lat' dir='ltr'>eo</span> <span class='ocrx_word' id='word_1_137' title='bbox 756 1920 904 1976; x_wconf 85' lang='lat' dir='ltr'>nihil</span> <span class='ocrx_word' id='word_1_138' title='bbox 939 1920 1155 1976; x_wconf 74' lang='lat' dir='ltr'>differt.</span> <span class='ocrx_word' id='word_1_139' title='bbox 1183 1919 1286 1990; x_wconf 89' lang='lat' dir='ltr'>qui</span> <span class='ocrx_word' id='word_1_140' title='bbox 1331 1923 1497 1972; x_wconf 63' lang='lat' dir='ltr'>aetate</span> <span class='ocrx_word' id='word_1_141' title='bbox 1529 1922 1614 1971; x_wconf 87' lang='lat' dir='ltr'>est</span> <span class='ocrx_word' id='word_1_142' title='bbox 1660 1916 1858 1971; x_wconf 88' lang='lat' dir='ltr'>infans</span> <span class='ocrx_word' id='word_1_143' title='bbox 1896 1936 1908 1972; x_wconf 91' lang='lat'>:</span> <span class='ocrx_word' id='word_1_144' title='bbox 1945 1919 2212 1972; x_wconf 76' lang='lat' dir='ltr'>Canities</span> 
     </span>
    </p>
   </div>
   <div class='ocr_carea' id='block_1_23' title="bbox 553 2006 2211 2077">
    <p class='ocr_par' dir='ltr' id='par_1_23' title="bbox 553 2006 2211 2077">
     <span class='ocr_line' id='line_1_23' title="bbox 553 2006 2211 2077; baseline -0.003 -11"><span class='ocrx_word' id='word_1_145' title='bbox 553 2019 747 2066; x_wconf 75' lang='lat' dir='ltr'>autem</span> <span class='ocrx_word' id='word_1_146' title='bbox 768 2021 847 2065; x_wconf 82' lang='lat' dir='ltr'>est</span> <span class='ocrx_word' id='word_1_147' title='bbox 869 2010 1194 2077; x_wconf 73' lang='lat' dir='ltr'>prudentia</span> <span class='ocrx_word' id='word_1_148' title='bbox 1216 2011 1275 2061; x_wconf 81' lang='lat' dir='ltr'>in</span> <span class='ocrx_word' id='word_1_149' title='bbox 1304 2006 1638 2062; x_wconf 74' lang='lat' dir='ltr'>hominibus</span> <span class='ocrx_word' id='word_1_150' title='bbox 1658 2007 1726 2062; x_wconf 74' lang='grc'>⁸⁸.</span> <span class='ocrx_word' id='word_1_151' title='bbox 1747 2007 1819 2075; x_wconf 79' lang='lat' dir='ltr'>(l)</span> <span class='ocrx_word' id='word_1_152' title='bbox 1839 2009 1985 2060; x_wconf 77' lang='lat' dir='ltr'>Nam</span> <span class='ocrx_word' id='word_1_153' title='bbox 2009 2022 2211 2061; x_wconf 81' lang='lat' dir='ltr'>revera</span> 
     </span>
    </p>
   </div>
   <div class='ocr_carea' id='block_1_24' title="bbox 549 2095 2209 2172">
    <p class='ocr_par' dir='ltr' id='par_1_24' title="bbox 549 2095 2209 2172">
     <span class='ocr_line' id='line_1_24' title="bbox 549 2095 2209 2172; baseline -0.002 -19"><span class='ocrx_word' id='word_1_154' title='bbox 549 2099 689 2172; x_wconf 84' lang='lat' dir='ltr'>plus</span> <span class='ocrx_word' id='word_1_155' title='bbox 721 2099 948 2153; x_wconf 84' lang='lat' dir='ltr'>confert</span> <span class='ocrx_word' id='word_1_156' title='bbox 979 2098 1056 2152; x_wconf 90' lang='lat' dir='ltr'>ad</span> <span class='ocrx_word' id='word_1_157' title='bbox 1093 2096 1343 2151; x_wconf 86' lang='lat' dir='ltr'>senioris</span> <span class='ocrx_word' id='word_1_158' title='bbox 1371 2095 1963 2150; x_wconf 88' lang='lat' dir='ltr'>commendationem</span> <span class='ocrx_word' id='word_1_159' title='bbox 1997 2111 2209 2150; x_wconf 86' lang='lat' dir='ltr'>senec-</span> 
     </span>
    </p>
   </div>
   <div class='ocr_carea' id='block_1_25' title="bbox 550 2183 2209 2258">
    <p class='ocr_par' dir='ltr' id='par_1_25' title="bbox 550 2183 2209 2258">
     <span class='ocr_line' id='line_1_25' title="bbox 550 2183 2209 2258; baseline -0.003 -15"><span class='ocrx_word' id='word_1_160' title='bbox 550 2191 644 2243; x_wconf 86' lang='lat' dir='ltr'>tus</span> <span class='ocrx_word' id='word_1_161' title='bbox 682 2189 917 2253; x_wconf 89' lang='lat' dir='ltr'>mentis,</span> <span class='ocrx_word' id='word_1_162' title='bbox 944 2202 1130 2258; x_wconf 87' lang='lat' dir='ltr'>quam</span> <span class='ocrx_word' id='word_1_163' title='bbox 1172 2185 1425 2242; x_wconf 88' lang='lat' dir='ltr'>crinium</span> <span class='ocrx_word' id='word_1_164' title='bbox 1459 2183 1648 2238; x_wconf 90' lang='lat' dir='ltr'>albor.</span> <span class='ocrx_word' id='word_1_165' title='bbox 1684 2183 1852 2255; x_wconf 76' lang='lat'>587</span> <span class='ocrx_word' id='word_1_166' title='bbox 1907 2185 2132 2238; x_wconf 79' lang='lat' dir='ltr'>Etenim</span> <span class='ocrx_word' id='word_1_167' title='bbox 2160 2184 2209 2238; x_wconf 93' lang='lat' dir='ltr'>si</span> 
     </span>
    </p>
   </div>
   <div class='ocr_carea' id='block_1_26' title="bbox 549 2271 2206 2349">
    <p class='ocr_par' dir='ltr' id='par_1_26' title="bbox 549 2271 2206 2349">
     <span class='ocr_line' id='line_1_26' title="bbox 549 2271 2206 2349; baseline -0.004 -18"><span class='ocrx_word' id='word_1_168' title='bbox 549 2277 686 2349; x_wconf 90' lang='lat' dir='ltr'>quis</span> <span class='ocrx_word' id='word_1_169' title='bbox 708 2276 784 2332; x_wconf 91' lang='lat' dir='ltr'>ad</span> <span class='ocrx_word' id='word_1_170' title='bbox 808 2275 1154 2346; x_wconf 84' lang='lat' dir='ltr'>exemplum</span> <span class='ocrx_word' id='word_1_171' title='bbox 1181 2273 1470 2344; x_wconf 81' lang='lat' dir='ltr'>sapientis</span> <span class='ocrx_word' id='word_1_172' title='bbox 1505 2271 1760 2326; x_wconf 88' lang='lat' dir='ltr'>Danielis</span> <span class='ocrx_word' id='word_1_173' title='bbox 1793 2288 2043 2342; x_wconf 88' lang='lat' dir='ltr'>corpore</span> <span class='ocrx_word' id='word_1_174' title='bbox 2070 2274 2206 2342; x_wconf 88' lang='lat' dir='ltr'>qui-</span> 
     </span>
    </p>
   </div>
   <div class='ocr_carea' id='block_1_27' title="bbox 549 2359 2209 2434">
    <p class='ocr_par' dir='ltr' id='par_1_27' title="bbox 549 2359 2209 2434">
     <span class='ocr_line' id='line_1_27' title="bbox 549 2359 2209 2434; baseline -0.004 -14"><span class='ocrx_word' id='word_1_175' title='bbox 549 2364 690 2420; x_wconf 90' lang='lat' dir='ltr'>dem</span> <span class='ocrx_word' id='word_1_176' title='bbox 712 2364 948 2434; x_wconf 87' lang='lat' dir='ltr'>juvenis</span> <span class='ocrx_word' id='word_1_177' title='bbox 983 2361 1079 2428; x_wconf 89' lang='lat' dir='ltr'>sit,</span> <span class='ocrx_word' id='word_1_178' title='bbox 1110 2367 1303 2415; x_wconf 87' lang='lat' dir='ltr'>mente</span> <span class='ocrx_word' id='word_1_179' title='bbox 1332 2375 1473 2414; x_wconf 88' lang='lat' dir='ltr'>vero</span> <span class='ocrx_word' id='word_1_180' title='bbox 1503 2375 1709 2429; x_wconf 81' lang='lat' dir='ltr'>canus,</span> <span class='ocrx_word' id='word_1_181' title='bbox 1740 2359 1790 2413; x_wconf 90' lang='lat' dir='ltr'>is</span> <span class='ocrx_word' id='word_1_182' title='bbox 1833 2359 2048 2430; x_wconf 87' lang='lat' dir='ltr'>potiori</span> <span class='ocrx_word' id='word_1_183' title='bbox 2076 2360 2209 2428; x_wconf 90' lang='lat' dir='ltr'>jure</span> 
     </span>
    </p>
   </div>
   <div class='ocr_carea' id='block_1_28' title="bbox 548 2448 2208 2524">
    <p class='ocr_par' dir='ltr' id='par_1_28' title="bbox 548 2448 2208 2524">
     <span class='ocr_line' id='line_1_28' title="bbox 548 2448 2208 2524; baseline -0.004 -16"><span class='ocrx_word' id='word_1_184' title='bbox 548 2452 740 2524; x_wconf 88' lang='lat' dir='ltr'>pluris</span> <span class='ocrx_word' id='word_1_185' title='bbox 765 2449 1158 2506; x_wconf 73' lang='lat' dir='ltr'>aestimandus</span> <span class='ocrx_word' id='word_1_186' title='bbox 1175 2453 1281 2512; x_wconf 91' lang='lat' dir='ltr'>est,</span> <span class='ocrx_word' id='word_1_187' title='bbox 1297 2463 1482 2520; x_wconf 91' lang='lat' dir='ltr'>quam</span> <span class='ocrx_word' id='word_1_188' title='bbox 1511 2448 1613 2518; x_wconf 87' lang='lat' dir='ltr'>qui</span> <span class='ocrx_word' id='word_1_189' title='bbox 1635 2448 1907 2518; x_wconf 89' lang='lat' dir='ltr'>corporis</span> <span class='ocrx_word' id='word_1_190' title='bbox 1928 2449 2208 2503; x_wconf 89' lang='lat' dir='ltr'>canitiem</span> 
     </span>
    </p>
   </div>
   <div class='ocr_carea' id='block_1_29' title="bbox 551 2536 2209 2609">
    <p class='ocr_par' dir='ltr' id='par_1_29' title="bbox 551 2536 2209 2609">
     <span class='ocr_line' id='line_1_29' title="bbox 551 2536 2209 2609; baseline -0.003 -12"><span class='ocrx_word' id='word_1_191' title='bbox 551 2557 690 2597; x_wconf 90' lang='lat' dir='ltr'>cum</span> <span class='ocrx_word' id='word_1_192' title='bbox 722 2541 926 2596; x_wconf 87' lang='lat' dir='ltr'>animo</span> <span class='ocrx_word' id='word_1_193' title='bbox 978 2538 1217 2609; x_wconf 90' lang='lat' dir='ltr'>impuro</span> <span class='ocrx_word' id='word_1_194' title='bbox 1267 2536 1716 2592; x_wconf 88' lang='lat' dir='ltr'>circumferunt.</span> <span class='ocrx_word' id='word_1_195' title='bbox 1768 2539 1915 2591; x_wconf 78' lang='lat' dir='ltr'>Nam</span> <span class='ocrx_word' id='word_1_196' title='bbox 1964 2537 2040 2592; x_wconf 91' lang='lat' dir='ltr'>ad</span> <span class='ocrx_word' id='word_1_197' title='bbox 2098 2538 2209 2592; x_wconf 91' lang='lat' dir='ltr'>Da-</span> 
     </span>
    </p>
   </div>
   <div class='ocr_carea' id='block_1_30' title="bbox 548 2623 2212 2700">
    <p class='ocr_par' dir='ltr' id='par_1_30' title="bbox 548 2623 2212 2700">
     <span class='ocr_line' id='line_1_30' title="bbox 548 2623 2212 2700; baseline -0.005 -13"><span class='ocrx_word' id='word_1_198' title='bbox 548 2631 786 2700; x_wconf 89' lang='lat' dir='ltr'>nielem,</span> <span class='ocrx_word' id='word_1_199' title='bbox 813 2645 950 2684; x_wconf 90' lang='lat' dir='ltr'>cum</span> <span class='ocrx_word' id='word_1_200' title='bbox 1001 2628 1202 2683; x_wconf 90' lang='lat' dir='ltr'>adhuc</span> <span class='ocrx_word' id='word_1_201' title='bbox 1242 2641 1392 2697; x_wconf 91' lang='lat' dir='ltr'>puer</span> <span class='ocrx_word' id='word_1_202' title='bbox 1425 2629 1597 2688; x_wconf 90' lang='lat' dir='ltr'>esset,</span> <span class='ocrx_word' id='word_1_203' title='bbox 1632 2629 1688 2680; x_wconf 90' lang='lat' dir='ltr'>et</span> <span class='ocrx_word' id='word_1_204' title='bbox 1733 2629 1908 2680; x_wconf 61' lang='lat' dir='ltr'>aetate</span> <span class='ocrx_word' id='word_1_205' title='bbox 1945 2623 2212 2680; x_wconf 87' lang='lat' dir='ltr'>sensibili</span> 
     </span>
    </p>
   </div>
   <div class='ocr_carea' id='block_1_31' title="bbox 542 2713 2213 2792">
    <p class='ocr_par' dir='ltr' id='par_1_31' title="bbox 542 2713 2213 2792">
     <span class='ocr_line' id='line_1_31' title="bbox 542 2713 2213 2792; baseline -0.005 -15"><span class='ocrx_word' id='word_1_206' title='bbox 542 2721 768 2792; x_wconf 89' lang='lat' dir='ltr'>junior,</span> <span class='ocrx_word' id='word_1_207' title='bbox 803 2717 906 2773; x_wconf 92' lang='lat' dir='ltr'>sed</span> <span class='ocrx_word' id='word_1_208' title='bbox 934 2714 1180 2788; x_wconf 90' lang='lat' dir='ltr'>spiritali</span> <span class='ocrx_word' id='word_1_209' title='bbox 1204 2713 1536 2785; x_wconf 77' lang='lat' dir='ltr'>prudentiae</span> <span class='ocrx_word' id='word_1_210' title='bbox 1592 2714 1806 2767; x_wconf 86' lang='lat' dir='ltr'>canitie</span> <span class='ocrx_word' id='word_1_211' title='bbox 1857 2715 2213 2770; x_wconf 90' lang='lat' dir='ltr'>cohonesta-</span> 
     </span>
    </p>
   </div>
   <div class='ocr_carea' id='block_1_32' title="bbox 547 2801 2212 2881">
    <p class='ocr_par' dir='ltr' id='par_1_32' title="bbox 547 2801 2212 2881">
     <span class='ocr_line' id='line_1_32' title="bbox 547 2801 2212 2881; baseline -0.005 -15"><span class='ocrx_word' id='word_1_212' title='bbox 547 2814 665 2877; x_wconf 90' lang='lat' dir='ltr'>tus,</span> <span class='ocrx_word' id='word_1_213' title='bbox 699 2808 890 2881; x_wconf 89' lang='lat' dir='ltr'>gratia</span> <span class='ocrx_word' id='word_1_214' title='bbox 928 2805 1162 2861; x_wconf 89' lang='lat' dir='ltr'>transiit</span> <span class='ocrx_word' id='word_1_215' title='bbox 1211 2803 1588 2874; x_wconf 87' lang='lat' dir='ltr'>presbyterii.</span> <span class='ocrx_word' id='word_1_216' title='bbox 1633 2801 1729 2856; x_wconf 85' lang='lat' dir='ltr'>Sic</span> <span class='ocrx_word' id='word_1_217' title='bbox 1769 2818 2212 2874; x_wconf 90' lang='lat' dir='ltr'>nonnunquam</span> 
     </span>
    </p>
   </div>
   <div class='ocr_carea' id='block_1_33' title="bbox 547 2892 2210 2966">
    <p class='ocr_par' dir='ltr' id='par_1_33' title="bbox 547 2892 2210 2966">
     <span class='ocr_line' id='line_1_33' title="bbox 547 2892 2210 2966; baseline -0.005 -9"><span class='ocrx_word' id='word_1_218' title='bbox 547 2900 784 2964; x_wconf 83' lang='lat' dir='ltr'>accidit,</span> <span class='ocrx_word' id='word_1_219' title='bbox 821 2895 1157 2954; x_wconf 89' lang='lat' dir='ltr'>senioribus</span> <span class='ocrx_word' id='word_1_220' title='bbox 1177 2895 1364 2950; x_wconf 89' lang='lat' dir='ltr'>vitam</span> <span class='ocrx_word' id='word_1_221' title='bbox 1397 2892 1766 2962; x_wconf 81' lang='lat' dir='ltr'>negligenter</span> <span class='ocrx_word' id='word_1_222' title='bbox 1786 2893 2210 2966; x_wconf 89' lang='lat' dir='ltr'>desidioseque</span> 
     </span>
    </p>
   </div>
   <div class='ocr_carea' id='block_1_34' title="bbox 547 2981 2206 3060">
    <p class='ocr_par' dir='ltr' id='par_1_34' title="bbox 547 2981 2206 3060">
     <span class='ocr_line' id='line_1_34' title="bbox 547 2981 2206 3060; baseline -0.005 -14"><span class='ocrx_word' id='word_1_223' title='bbox 547 2987 931 3056; x_wconf 90' lang='lat' dir='ltr'>ducentibus,</span> <span class='ocrx_word' id='word_1_224' title='bbox 958 2986 1252 3056; x_wconf 89' lang='lat' dir='ltr'>juniores,</span> <span class='ocrx_word' id='word_1_225' title='bbox 1286 2997 1358 3037; x_wconf 92' lang='lat' dir='ltr'>eo</span> <span class='ocrx_word' id='word_1_226' title='bbox 1395 2981 1562 3060; x_wconf 81' lang='lat' dir='ltr'>quod</span> <span class='ocrx_word' id='word_1_227' title='bbox 1600 2987 1844 3053; x_wconf 86' lang='lat' dir='ltr'>prOpter</span> <span class='ocrx_word' id='word_1_228' title='bbox 1881 2997 2206 3038; x_wconf 86' lang='lat' dir='ltr'>canescen-</span> 
     </span>
    </p>
   </div>
   <div class='ocr_carea' id='block_1_35' title="bbox 2327 476 3967 554">
    <p class='ocr_par' dir='ltr' id='par_1_35' title="bbox 2327 476 3967 554">
     <span class='ocr_line' id='line_1_35' title="bbox 2327 476 3967 554; baseline 0.004 -29"><span class='ocrx_word' id='word_1_229' title='bbox 2327 483 2433 535; x_wconf 88' lang='grc' dir='ltr'>τοῖς</span> <span class='ocrx_word' id='word_1_230' title='bbox 2490 476 2695 535; x_wconf 78' lang='grc' dir='ltr'>οἰκείοις</span> <span class='ocrx_word' id='word_1_231' title='bbox 2757 477 2916 537; x_wconf 62' lang='grc' dir='ltr'>αὐτῆς</span> <span class='ocrx_word' id='word_1_232' title='bbox 2980 487 3215 539; x_wconf 80' lang='grc' dir='ltr'>νεοσσοῖς</span> <span class='ocrx_word' id='word_1_233' title='bbox 3274 486 3624 554; x_wconf 68' lang='grc' dir='ltr'>συνεκτρέφει.</span> <span class='ocrx_word' id='word_1_234' title='bbox 3696 487 3967 532; x_wconf 71' lang='grc' dir='ltr'>Τοιοῦτοι</span> 
     </span>
    </p>
   </div>
   <div class='ocr_carea' id='block_1_36' title="bbox 2327 567 3968 642">
    <p class='ocr_par' dir='ltr' id='par_1_36' title="bbox 2327 567 3968 642">
     <span class='ocr_line' id='line_1_36' title="bbox 2327 567 3968 642; baseline 0.004 -28"><span class='ocrx_word' id='word_1_235' title='bbox 2327 573 2426 614; x_wconf 77' lang='grc' dir='ltr'>τῶν</span> <span class='ocrx_word' id='word_1_236' title='bbox 2491 569 2680 635; x_wconf 77' lang='grc' dir='ltr'>γονέων</span> <span class='ocrx_word' id='word_1_237' title='bbox 2746 568 2794 617; x_wconf 79' lang='grc' dir='ltr'>οἱ</span> <span class='ocrx_word' id='word_1_238' title='bbox 2859 567 2943 618; x_wconf 88' lang='grc' dir='ltr'>ἐπὶ</span> <span class='ocrx_word' id='word_1_239' title='bbox 2995 571 3250 640; x_wconf 66' lang='grc' dir='ltr'>προφάσει</span> <span class='ocrx_word' id='word_1_240' title='bbox 3297 574 3473 630; x_wconf 89' lang='grc' dir='ltr'>πενίας</span> <span class='ocrx_word' id='word_1_241' title='bbox 3512 569 3852 642; x_wconf 76' lang='grc' dir='ltr'>ἐκτιθεμενοι</span> <span class='ocrx_word' id='word_1_242' title='bbox 3897 573 3968 621; x_wconf 68' lang='grc' dir='ltr'>τὰ</span> 
     </span>
    </p>
   </div>
   <div class='ocr_carea' id='block_1_37' title="bbox 2327 653 3968 730">
    <p class='ocr_par' dir='ltr' id='par_1_37' title="bbox 2327 653 3968 730">
     <span class='ocr_line' id='line_1_37' title="bbox 2327 653 3968 730; baseline 0.003 -27"><span class='ocrx_word' id='word_1_243' title='bbox 2327 658 2508 710; x_wconf 78' lang='grc' dir='ltr'>νήπια·</span> <span class='ocrx_word' id='word_1_244' title='bbox 2540 657 2567 712; x_wconf 75' lang='grc' dir='ltr'><em>ἦ</em></span> <span class='ocrx_word' id='word_1_245' title='bbox 2617 660 2706 706; x_wconf 81' lang='grc' dir='ltr'>καὶ</span> <span class='ocrx_word' id='word_1_246' title='bbox 2755 658 2803 707; x_wconf 73' lang='grc' dir='ltr'>ἓν</span> <span class='ocrx_word' id='word_1_247' title='bbox 2834 663 2894 727; x_wconf 75' lang='grc' dir='ltr'>τῇ</span> <span class='ocrx_word' id='word_1_248' title='bbox 2950 653 3172 728; x_wconf 75' lang='grc' dir='ltr'>διανομῇ</span> <span class='ocrx_word' id='word_1_249' title='bbox 3233 667 3324 709; x_wconf 75' lang='grc' dir='ltr'>τοῦ</span> <span class='ocrx_word' id='word_1_250' title='bbox 3383 657 3577 730; x_wconf 72' lang='grc' dir='ltr'>κλήρου</span> <span class='ocrx_word' id='word_1_251' title='bbox 3631 657 3968 710; x_wconf 78' lang='grc' dir='ltr'>ἀνισότατοι</span> 
     </span>
    </p>
   </div>
   <div class='ocr_carea' id='block_1_38' title="bbox 2326 745 3965 820">
    <p class='ocr_par' dir='ltr' id='par_1_38' title="bbox 2326 745 3965 820">
     <span class='ocr_line' id='line_1_38' title="bbox 2326 745 3965 820; baseline 0.004 -28"><span class='ocrx_word' id='word_1_252' title='bbox 2326 746 2451 814; x_wconf 85' lang='grc' dir='ltr'>πρὸς</span> <span class='ocrx_word' id='word_1_253' title='bbox 2507 747 2572 794; x_wconf 80' lang='grc' dir='ltr'>τὰ</span> <span class='ocrx_word' id='word_1_254' title='bbox 2624 747 2828 814; x_wconf 73' lang='grc' dir='ltr'>ἔκγονα.</span> <span class='ocrx_word' id='word_1_255' title='bbox 2885 745 3091 796; x_wconf 78' lang='grc' dir='ltr'>Δίκαιον</span> <span class='ocrx_word' id='word_1_256' title='bbox 3129 749 3251 818; x_wconf 71' lang='grc' dir='ltr'>γὰρ,</span> <span class='ocrx_word' id='word_1_257' title='bbox 3293 750 3467 820; x_wconf 76' lang='grc' dir='ltr'>ὥσπερ</span> <span class='ocrx_word' id='word_1_258' title='bbox 3526 747 3580 809; x_wconf 73' lang='grc' dir='ltr'><em>ἐξ</em></span> <span class='ocrx_word' id='word_1_259' title='bbox 3611 750 3739 799; x_wconf 85' lang='grc' dir='ltr'>ἰσου</span> <span class='ocrx_word' id='word_1_260' title='bbox 3790 767 3965 820; x_wconf 77' lang='grc' dir='ltr'>μετα-</span> 
     </span>
    </p>
   </div>
   <div class='ocr_carea' id='block_1_39' title="bbox 2329 827 3969 909">
    <p class='ocr_par' dir='ltr' id='par_1_39' title="bbox 2329 827 3969 909">
     <span class='ocr_line' id='line_1_39' title="bbox 2329 827 3969 909; baseline 0.003 -28"><span class='ocrx_word' id='word_1_261' title='bbox 2329 827 2600 883; x_wconf 68' lang='grc' dir='ltr'>δεδώκασι</span> <span class='ocrx_word' id='word_1_262' title='bbox 2653 842 2741 884; x_wconf 74' lang='grc' dir='ltr'>του</span> <span class='ocrx_word' id='word_1_263' title='bbox 2776 829 2924 897; x_wconf 82' lang='grc' dir='ltr'>εἶναι,</span> <span class='ocrx_word' id='word_1_264' title='bbox 2966 835 3100 885; x_wconf 71' lang='grc' dir='ltr'>οὕτω</span> <span class='ocrx_word' id='word_1_265' title='bbox 3147 838 3353 895; x_wconf 79' lang='grc' dir='ltr'>καὶτὰς</span> <span class='ocrx_word' id='word_1_266' title='bbox 3399 840 3527 909; x_wconf 83' lang='grc' dir='ltr'>πρὸς</span> <span class='ocrx_word' id='word_1_267' title='bbox 3554 840 3611 887; x_wconf 86' lang='grc' dir='ltr'>τό</span> <span class='ocrx_word' id='word_1_268' title='bbox 3647 836 3754 908; x_wconf 74' lang='grc' dir='ltr'>ζῇν</span> <span class='ocrx_word' id='word_1_269' title='bbox 3794 835 3969 907; x_wconf 58' lang='grc' dir='ltr'>ἀφυο-</span> 
     </span>
    </p>
   </div>
   <div class='ocr_carea' id='block_1_40' title="bbox 2326 922 3963 998">
    <p class='ocr_par' dir='ltr' id='par_1_40' title="bbox 2326 922 3963 998">
     <span class='ocr_line' id='line_1_40' title="bbox 2326 922 3963 998; baseline 0.004 -28"><span class='ocrx_word' id='word_1_270' title='bbox 2326 922 2427 990; x_wconf 77' lang='grc' dir='ltr'>μὰς</span> <span class='ocrx_word' id='word_1_271' title='bbox 2461 924 2583 981; x_wconf 82' lang='grc' dir='ltr'>ἴσως</span> <span class='ocrx_word' id='word_1_272' title='bbox 2623 923 2797 984; x_wconf 67' lang='grc' dir='ltr'>αὐτοῖς</span> <span class='ocrx_word' id='word_1_273' title='bbox 2849 927 2938 974; x_wconf 87' lang='grc' dir='ltr'>καὶ</span> <span class='ocrx_word' id='word_1_274' title='bbox 2969 925 3234 995; x_wconf 81' lang='grc' dir='ltr'>ὀμοτίμως</span> <span class='ocrx_word' id='word_1_275' title='bbox 3271 929 3544 998; x_wconf 77' lang='grc' dir='ltr'>παρέχειν.</span> <span class='ocrx_word' id='word_1_276' title='bbox 3591 931 3682 982; x_wconf 75' lang='grc' dir='ltr'>Μὴ</span> <span class='ocrx_word' id='word_1_277' title='bbox 3723 932 3963 997; x_wconf 65' lang='grc' dir='ltr'>μίμησις</span> 
     </span>
    </p>
   </div>
   <div class='ocr_carea' id='block_1_41' title="bbox 2324 1009 3968 1081">
    <p class='ocr_par' dir='ltr' id='par_1_41' title="bbox 2324 1009 3968 1081">
     <span class='ocr_line' id='line_1_41' title="bbox 2324 1009 3968 1081; baseline 0.004 -23"><span class='ocrx_word' id='word_1_278' title='bbox 2324 1018 2424 1058; x_wconf 77' lang='grc' dir='ltr'>τῶν</span> <span class='ocrx_word' id='word_1_279' title='bbox 2473 1009 2848 1081; x_wconf 63' lang='grc' dir='ltr'>γαμψωνύχων</span> <span class='ocrx_word' id='word_1_280' title='bbox 2879 1015 2936 1062; x_wconf 84' lang='grc' dir='ltr'>τό</span> <span class='ocrx_word' id='word_1_281' title='bbox 2995 1016 3205 1073; x_wconf 74' lang='grc' dir='ltr'>απηνές³</span> <span class='ocrx_word' id='word_1_282' title='bbox 3242 1012 3309 1080; x_wconf 79' lang='grc' dir='ltr'>οἱ,</span> <span class='ocrx_word' id='word_1_283' title='bbox 3341 1009 3552 1065; x_wconf 72' lang='grc' dir='ltr'>ἐπειδὰν</span> <span class='ocrx_word' id='word_1_284' title='bbox 3597 1011 3778 1065; x_wconf 79' lang='grc' dir='ltr'>ἴδωσι</span> <span class='ocrx_word' id='word_1_285' title='bbox 3837 1021 3968 1075; x_wconf 71' lang='grc' dir='ltr'>τοὺς</span> 
     </span>
    </p>
   </div>
   <div class='ocr_carea' id='block_1_42' title="bbox 2324 1097 3960 1173">
    <p class='ocr_par' dir='ltr' id='par_1_42' title="bbox 2324 1101 3960 1173">
     <span class='ocr_line' id='line_1_42' title="bbox 2324 1101 3960 1173; baseline 0.005 -25"><span class='ocrx_word' id='word_1_286' title='bbox 2324 1107 2516 1149; x_wconf 81' lang='grc' dir='ltr'>εαυτὼν</span> <span class='ocrx_word' id='word_1_287' title='bbox 2555 1104 2791 1160; x_wconf 77' lang='grc' dir='ltr'>νεοττοὺς</span> <span class='ocrx_word' id='word_1_288' title='bbox 2838 1101 3271 1173; x_wconf 76' lang='grc' dir='ltr'>κατατολμῶντας</span> <span class='ocrx_word' id='word_1_289' title='bbox 3310 1102 3487 1154; x_wconf 82' lang='grc' dir='ltr'>λοιπὸν</span> <span class='ocrx_word' id='word_1_290' title='bbox 3516 1111 3608 1164; x_wconf 74' lang='grc' dir='ltr'>τῆς</span> <span class='ocrx_word' id='word_1_291' title='bbox 3667 1111 3960 1166; x_wconf 72' lang='grc' dir='ltr'>πτήσεως,</span> 
     </span>
    </p>
   </div>
   <div class='ocr_carea' id='block_1_43' title="bbox 2323 1185 3966 1266">
    <p class='ocr_par' dir='ltr' id='par_1_43' title="bbox 2323 1185 3966 1266">
     <span class='ocr_line' id='line_1_43' title="bbox 2323 1185 3966 1266; baseline 0.004 -29"><span class='ocrx_word' id='word_1_292' title='bbox 2323 1185 2632 1239; x_wconf 73' lang='grc' dir='ltr'>ἐκϐάλλουσι</span> <span class='ocrx_word' id='word_1_293' title='bbox 2689 1196 2782 1249; x_wconf 78' lang='grc' dir='ltr'>τῆς</span> <span class='ocrx_word' id='word_1_294' title='bbox 2835 1189 3033 1255; x_wconf 82' lang='grc' dir='ltr'>καλιᾶς,</span> <span class='ocrx_word' id='word_1_295' title='bbox 3088 1194 3367 1252; x_wconf 75' lang='grc' dir='ltr'>τύπτοντες</span> <span class='ocrx_word' id='word_1_296' title='bbox 3425 1200 3535 1253; x_wconf 88' lang='grc' dir='ltr'>τοίς</span> <span class='ocrx_word' id='word_1_297' title='bbox 3571 1201 3802 1266; x_wconf 81' lang='grc' dir='ltr'>πτεροῖς</span> <span class='ocrx_word' id='word_1_298' title='bbox 3871 1200 3966 1245; x_wconf 71' lang='grc' dir='ltr'>καὶ.</span> 
     </span>
    </p>
   </div>
   <div class='ocr_carea' id='block_1_44' title="bbox 2323 1275 3964 1356">
    <p class='ocr_par' dir='ltr' id='par_1_44' title="bbox 2323 1275 3964 1356">
     <span class='ocr_line' id='line_1_44' title="bbox 2323 1275 3964 1356; baseline 0.005 -31"><span class='ocrx_word' id='word_1_299' title='bbox 2323 1275 2594 1343; x_wconf 71' lang='grc' dir='ltr'>ὠθοῦντες,</span> <span class='ocrx_word' id='word_1_300' title='bbox 2636 1282 2724 1328; x_wconf 79' lang='grc' dir='ltr'>καὶ</span> <span class='ocrx_word' id='word_1_301' title='bbox 2763 1275 3010 1349; x_wconf 65' lang='grc' dir='ltr'>οὐδεμίαν</span> <span class='ocrx_word' id='word_1_302' title='bbox 3052 1278 3342 1350; x_wconf 59' lang='grc' dir='ltr'>ἕπιμελειαν</span> <span class='ocrx_word' id='word_1_303' title='bbox 3390 1300 3669 1333; x_wconf 86' lang='grc' dir='ltr'>ποιουνται</span> <span class='ocrx_word' id='word_1_304' title='bbox 3720 1286 3869 1356; x_wconf 82' lang='grc' dir='ltr'>πρὸς</span> <span class='ocrx_word' id='word_1_305' title='bbox 3903 1289 3964 1335; x_wconf 81' lang='grc' dir='ltr'>το</span> 
     </span>
    </p>
   </div>
   <div class='ocr_carea' id='block_1_45' title="bbox 2322 1365 3967 1442">
    <p class='ocr_par' dir='ltr' id='par_1_45' title="bbox 2322 1365 3967 1442">
     <span class='ocr_line' id='line_1_45' title="bbox 2322 1365 3967 1442; baseline 0.006 -28"><span class='ocrx_word' id='word_1_306' title='bbox 2322 1369 2518 1416; x_wconf 78' lang='grc' dir='ltr'>λοιπόν.</span> <span class='ocrx_word' id='word_1_307' title='bbox 2578 1365 2822 1422; x_wconf 77' lang='grc' dir='ltr'>Ζήλωσαι</span> <span class='ocrx_word' id='word_1_308' title='bbox 2871 1376 2959 1426; x_wconf 78' lang='grc' dir='ltr'>τῆς</span> <span class='ocrx_word' id='word_1_309' title='bbox 3014 1374 3246 1442; x_wconf 74' lang='grc' dir='ltr'>κορώνης</span> <span class='ocrx_word' id='word_1_310' title='bbox 3292 1372 3350 1420; x_wconf 88' lang='grc' dir='ltr'>τὸ</span> <span class='ocrx_word' id='word_1_311' title='bbox 3401 1369 3717 1441; x_wconf 64' lang='grc' dir='ltr'>φιλότεκνον·</span> <span class='ocrx_word' id='word_1_312' title='bbox 3775 1372 3809 1429; x_wconf 68' lang='grc' dir='ltr'>ἡ</span> <span class='ocrx_word' id='word_1_313' title='bbox 3868 1379 3967 1424; x_wconf 73' lang='grc' dir='ltr'>καὶ</span> 
     </span>
    </p>
   </div>
   <div class='ocr_carea' id='block_1_46' title="bbox 2322 1451 3965 1529">
    <p class='ocr_par' dir='ltr' id='par_1_46' title="bbox 2322 1451 3965 1529">
     <span class='ocr_line' id='line_1_46' title="bbox 2322 1451 3965 1529; baseline 0.005 -26"><span class='ocrx_word' id='word_1_314' title='bbox 2322 1458 2607 1524; x_wconf 78' lang='grc' dir='ltr'>πετομένων</span> <span class='ocrx_word' id='word_1_315' title='bbox 2639 1451 2745 1512; x_wconf 75' lang='grc' dir='ltr'>ἤδη</span> <span class='ocrx_word' id='word_1_316' title='bbox 2800 1460 3104 1529; x_wconf 78' lang='grc' dir='ltr'>παρέπεται,</span> <span class='ocrx_word' id='word_1_317' title='bbox 3142 1457 3425 1516; x_wconf 76' lang='grc' dir='ltr'>σιτίζουσα</span> <span class='ocrx_word' id='word_1_318' title='bbox 3465 1458 3655 1518; x_wconf 69' lang='grc' dir='ltr'>αὐτοὺς</span> <span class='ocrx_word' id='word_1_319' title='bbox 3706 1466 3816 1512; x_wconf 77' lang='grc' dir='ltr'>καὶ</span> <span class='ocrx_word' id='word_1_320' title='bbox 3879 1479 3965 1511; x_wconf 81' lang='grc' dir='ltr'>εκ-</span> 
     </span>
    </p>
   </div>
   <div class='ocr_carea' id='block_1_47' title="bbox 2321 1544 3062 1618">
    <p class='ocr_par' dir='ltr' id='par_1_47' title="bbox 2321 1544 3062 1618">
     <span class='ocr_line' id='line_1_47' title="bbox 2321 1544 3062 1618; baseline 0.008 -27"><span class='ocrx_word' id='word_1_321' title='bbox 2321 1545 2583 1615; x_wconf 75' lang='grc' dir='ltr'>τρέφουσα</span> <span class='ocrx_word' id='word_1_322' title='bbox 2607 1548 2772 1618; x_wconf 80' lang='grc' dir='ltr'>μέχρι</span> <span class='ocrx_word' id='word_1_323' title='bbox 2796 1544 3062 1599; x_wconf 83' lang='grc' dir='ltr'>πλείστου.</span> 
     </span>
    </p>
   </div>
   <div class='ocr_carea' id='block_1_48' title="bbox 2393 1831 3964 1902">
    <p class='ocr_par' dir='ltr' id='par_1_48' title="bbox 2393 1831 3964 1902">
     <span class='ocr_line' id='line_1_48' title="bbox 2393 1831 3964 1902; baseline 0.003 -22"><span class='ocrx_word' id='word_1_324' title='bbox 2393 1831 2444 1880; x_wconf 89' lang='grc'>3.</span> <span class='ocrx_word' id='word_1_325' title='bbox 2490 1833 2725 1901; x_wconf 73' lang='grc' dir='ltr'>Διαφέρει</span> <span class='ocrx_word' id='word_1_326' title='bbox 2779 1832 2880 1902; x_wconf 75' lang='grc' dir='ltr'>γὰρ</span> <span class='ocrx_word' id='word_1_327' title='bbox 2921 1838 3009 1882; x_wconf 70' lang='grc' dir='ltr'>τοῦ</span> <span class='ocrx_word' id='word_1_328' title='bbox 3039 1837 3230 1888; x_wconf 89' lang='grc' dir='ltr'>νηπίου</span> <span class='ocrx_word' id='word_1_329' title='bbox 3284 1833 3402 1884; x_wconf 76' lang='grc' dir='ltr'>καθ’</span> <span class='ocrx_word' id='word_1_330' title='bbox 3459 1831 3673 1890; x_wconf 72' lang='grc' dir='ltr'>ἡλικίαν</span> <span class='ocrx_word' id='word_1_331' title='bbox 3727 1831 3906 1886; x_wconf 69' lang='grc' dir='ltr'>οὐδὲν</span> <span class='ocrx_word' id='word_1_332' title='bbox 3938 1838 3964 1884; x_wconf 80' lang='grc' dir='ltr'>ο</span> 
     </span>
    </p>
   </div>
   <div class='ocr_carea' id='block_1_49' title="bbox 2321 1913 3964 1996">
    <p class='ocr_par' dir='ltr' id='par_1_49' title="bbox 2321 1913 3964 1996">
     <span class='ocr_line' id='line_1_49' title="bbox 2321 1913 3964 1996; baseline 0.005 -30"><span class='ocrx_word' id='word_1_333' title='bbox 2321 1913 2368 1966; x_wconf 76' lang='grc' dir='ltr'>ἐν</span> <span class='ocrx_word' id='word_1_334' title='bbox 2417 1923 2531 1977; x_wconf 85' lang='grc' dir='ltr'>ταῖς</span> <span class='ocrx_word' id='word_1_335' title='bbox 2591 1923 2741 1990; x_wconf 77' lang='grc' dir='ltr'>φρεσὶ</span> <span class='ocrx_word' id='word_1_336' title='bbox 2792 1921 3084 1980; x_wconf 72' lang='grc' dir='ltr'>νηπιαζων·</span> <span class='ocrx_word' id='word_1_337' title='bbox 3166 1921 3329 1973; x_wconf 79' lang='grc' dir='ltr'>Πολιά</span> <span class='ocrx_word' id='word_1_338' title='bbox 3385 1919 3444 1974; x_wconf 73' lang='grc' dir='ltr'>δὲ</span> <span class='ocrx_word' id='word_1_339' title='bbox 3509 1921 3624 1974; x_wconf 81' lang='grc' dir='ltr'>ἐστι</span> <span class='ocrx_word' id='word_1_340' title='bbox 3683 1929 3964 1996; x_wconf 75' lang='grc' dir='ltr'>φρόνησις</span> 
     </span>
    </p>
   </div>
   <div class='ocr_carea' id='block_1_50' title="bbox 2321 2003 3958 2087">
    <p class='ocr_par' dir='ltr' id='par_1_50' title="bbox 2321 2003 3958 2087">
     <span class='ocr_line' id='line_1_50' title="bbox 2321 2003 3958 2087; baseline 0.006 -33"><span class='ocrx_word' id='word_1_341' title='bbox 2321 2003 2369 2055; x_wconf 89' lang='grc' dir='ltr'>ἐν</span> <span class='ocrx_word' id='word_1_342' title='bbox 2425 2005 2729 2080; x_wconf 76' lang='grc' dir='ltr'>ἀνθρώποις.</span> <span class='ocrx_word' id='word_1_343' title='bbox 2795 2010 2970 2061; x_wconf 51' lang='lat' dir='ltr'>[lisias</span> <span class='ocrx_word' id='word_1_344' title='bbox 3009 2012 3110 2084; x_wconf 79' lang='grc' dir='ltr'>γὰρ</span> <span class='ocrx_word' id='word_1_345' title='bbox 3169 2019 3240 2080; x_wconf 76' lang='grc' dir='ltr'>τῷ</span> <span class='ocrx_word' id='word_1_346' title='bbox 3285 2013 3394 2062; x_wconf 79' lang='grc' dir='ltr'>ὄντι</span> <span class='ocrx_word' id='word_1_347' title='bbox 3444 2011 3509 2070; x_wconf 77' lang='grc' dir='ltr'>εἰς</span> <span class='ocrx_word' id='word_1_348' title='bbox 3565 2012 3958 2087; x_wconf 68' lang='grc' dir='ltr'>πρεσϐυτέρου</span> 
     </span>
    </p>
   </div>
   <div class='ocr_carea' id='block_1_51' title="bbox 2323 2097 3958 2174">
    <p class='ocr_par' dir='ltr' id='par_1_51' title="bbox 2323 2097 3958 2174">
     <span class='ocr_line' id='line_1_51' title="bbox 2323 2097 3958 2174; baseline 0.005 -29"><span class='ocrx_word' id='word_1_349' title='bbox 2323 2098 2601 2158; x_wconf 72' lang='grc' dir='ltr'>σύστασιν,</span> <span class='ocrx_word' id='word_1_350' title='bbox 2649 2106 2742 2158; x_wconf 79' lang='grc' dir='ltr'>τῆς</span> <span class='ocrx_word' id='word_1_351' title='bbox 2774 2097 2822 2148; x_wconf 87' lang='grc' dir='ltr'>ἐν</span> <span class='ocrx_word' id='word_1_352' title='bbox 2894 2099 3031 2172; x_wconf 77' lang='grc' dir='ltr'>Θριξὶ</span> <span class='ocrx_word' id='word_1_353' title='bbox 3085 2100 3416 2162; x_wconf 79' lang='grc' dir='ltr'>λευκότητος.</span> <span class='ocrx_word' id='word_1_354' title='bbox 3471 2105 3530 2151; x_wconf 85' lang='grc' dir='ltr'>τό</span> <span class='ocrx_word' id='word_1_355' title='bbox 3588 2099 3638 2151; x_wconf 73' lang='grc' dir='ltr'>ἄν</span> <span class='ocrx_word' id='word_1_356' title='bbox 3681 2110 3958 2174; x_wconf 70' lang='grc' dir='ltr'>φρονήσει</span> 
     </span>
    </p>
   </div>
   <div class='ocr_carea' id='block_1_52' title="bbox 2319 2183 3956 2262">
    <p class='ocr_par' dir='ltr' id='par_1_52' title="bbox 2319 2183 3956 2262">
     <span class='ocr_line' id='line_1_52' title="bbox 2319 2183 3956 2262; baseline 0.004 -29"><span class='ocrx_word' id='word_1_357' title='bbox 2319 2183 2742 2257; x_wconf 68' lang='grc' dir='ltr'>πρεσϐυτερικόν.</span> <span class='ocrx_word' id='word_1_358' title='bbox 2815 2189 2930 2240; x_wconf 78' lang='grc' dir='ltr'>Ἐὰν</span> <span class='ocrx_word' id='word_1_359' title='bbox 2993 2192 3094 2261; x_wconf 69' lang='grc' dir='ltr'>γὰρ</span> <span class='ocrx_word' id='word_1_360' title='bbox 3158 2209 3236 2250; x_wconf 88' lang='grc' dir='ltr'>τις</span> <span class='ocrx_word' id='word_1_361' title='bbox 3299 2187 3353 2261; x_wconf 75' lang='grc' dir='ltr'>ᾖ,</span> <span class='ocrx_word' id='word_1_362' title='bbox 3412 2193 3548 2241; x_wconf 83' lang='grc' dir='ltr'>κατὰ</span> <span class='ocrx_word' id='word_1_363' title='bbox 3612 2196 3704 2240; x_wconf 87' lang='grc' dir='ltr'>τόν</span> <span class='ocrx_word' id='word_1_364' title='bbox 3785 2197 3956 2262; x_wconf 55' lang='grc' dir='ltr'>σοφόν</span> 
     </span>
    </p>
   </div>
   <div class='ocr_carea' id='block_1_53' title="bbox 2320 2272 3954 2350">
    <p class='ocr_par' dir='ltr' id='par_1_53' title="bbox 2320 2272 3954 2350">
     <span class='ocr_line' id='line_1_53' title="bbox 2320 2272 3954 2350; baseline 0.005 -28"><span class='ocrx_word' id='word_1_365' title='bbox 2320 2272 2530 2340; x_wconf 82' lang='grc' dir='ltr'>Δανιὴλ,</span> <span class='ocrx_word' id='word_1_366' title='bbox 2562 2279 2666 2334; x_wconf 81' lang='grc' dir='ltr'>νέος</span> <span class='ocrx_word' id='word_1_367' title='bbox 2722 2279 2812 2347; x_wconf 75' lang='grc' dir='ltr'>μὲν</span> <span class='ocrx_word' id='word_1_368' title='bbox 2863 2281 2920 2328; x_wconf 89' lang='grc' dir='ltr'>τὸ</span> <span class='ocrx_word' id='word_1_369' title='bbox 2973 2287 3143 2350; x_wconf 81' lang='grc' dir='ltr'>σῶμα,</span> <span class='ocrx_word' id='word_1_370' title='bbox 3189 2279 3362 2339; x_wconf 86' lang='grc' dir='ltr'>πολιός</span> <span class='ocrx_word' id='word_1_371' title='bbox 3416 2275 3475 2331; x_wconf 74' lang='grc' dir='ltr'>δὲ</span> <span class='ocrx_word' id='word_1_372' title='bbox 3520 2284 3615 2336; x_wconf 73' lang='grc' dir='ltr'>τὴν</span> <span class='ocrx_word' id='word_1_373' title='bbox 3649 2285 3954 2350; x_wconf 74' lang='grc' dir='ltr'>φρόνησιν,</span> 
     </span>
    </p>
   </div>
   <div class='ocr_carea' id='block_1_54' title="bbox 2321 2356 3954 2440">
    <p class='ocr_par' dir='ltr' id='par_1_54' title="bbox 2321 2356 3954 2440">
     <span class='ocr_line' id='line_1_54' title="bbox 2321 2356 3954 2440; baseline 0.007 -30"><span class='ocrx_word' id='word_1_374' title='bbox 2321 2356 2645 2434; x_wconf 84' lang='grc' dir='ltr'>δικαιότερος</span> <span class='ocrx_word' id='word_1_375' title='bbox 2693 2369 3054 2438; x_wconf 76' lang='grc' dir='ltr'>προτιμᾶσθαι</span> <span class='ocrx_word' id='word_1_376' title='bbox 3104 2376 3203 2419; x_wconf 83' lang='grc' dir='ltr'>τῶν</span> <span class='ocrx_word' id='word_1_377' title='bbox 3255 2372 3347 2429; x_wconf 78' lang='grc' dir='ltr'>τας</span> <span class='ocrx_word' id='word_1_378' title='bbox 3382 2371 3692 2440; x_wconf 73' lang='grc' dir='ltr'>σωματικὰς</span> <span class='ocrx_word' id='word_1_379' title='bbox 3747 2370 3954 2431; x_wconf 76' lang='grc' dir='ltr'>πολιὰς</span> 
     </span>
    </p>
   </div>
   <div class='ocr_carea' id='block_1_55' title="bbox 2320 2445 3954 2530">
    <p class='ocr_par' dir='ltr' id='par_1_55' title="bbox 2320 2449 3954 2530">
     <span class='ocr_line' id='line_1_55' title="bbox 2320 2449 3954 2530; baseline 0.006 -34"><span class='ocrx_word' id='word_1_380' title='bbox 2320 2457 2369 2497; x_wconf 85' lang='grc' dir='ltr'>εν</span> <span class='ocrx_word' id='word_1_381' title='bbox 2418 2449 2690 2521; x_wconf 75' lang='grc' dir='ltr'>ακολάστῳ</span> <span class='ocrx_word' id='word_1_382' title='bbox 2740 2460 3040 2528; x_wconf 79' lang='grc' dir='ltr'>προαιρέσει</span> <span class='ocrx_word' id='word_1_383' title='bbox 3086 2461 3463 2530; x_wconf 68' lang='grc' dir='ltr'>προφερόντων.</span> <span class='ocrx_word' id='word_1_384' title='bbox 3512 2461 3613 2508; x_wconf 78' lang='grc' dir='ltr'>Καὶ</span> <span class='ocrx_word' id='word_1_385' title='bbox 3665 2459 3780 2530; x_wconf 74' lang='grc' dir='ltr'>’γὰρ</span> <span class='ocrx_word' id='word_1_386' title='bbox 3817 2476 3954 2508; x_wconf 82' lang='grc' dir='ltr'>παι-</span> 
     </span>
    </p>
   </div>
   <div class='ocr_carea' id='block_1_56' title="bbox 2323 2532 3952 2619">
    <p class='ocr_par' dir='ltr' id='par_1_56' title="bbox 2323 2532 3952 2619">
     <span class='ocr_line' id='line_1_56' title="bbox 2323 2532 3952 2619; baseline 0.007 -33"><span class='ocrx_word' id='word_1_387' title='bbox 2323 2532 2506 2610; x_wconf 66' lang='grc' dir='ltr'>δάριον</span> <span class='ocrx_word' id='word_1_388' title='bbox 2550 2543 2671 2591; x_wconf 79' lang='grc' dir='ltr'>ὄντα</span> <span class='ocrx_word' id='word_1_389' title='bbox 2709 2545 2795 2592; x_wconf 84' lang='grc' dir='ltr'>τὸν</span> <span class='ocrx_word' id='word_1_390' title='bbox 2823 2545 3032 2611; x_wconf 81' lang='grc' dir='ltr'>Δανιὴλ,</span> <span class='ocrx_word' id='word_1_391' title='bbox 3072 2549 3161 2595; x_wconf 82' lang='grc' dir='ltr'>καὶ</span> <span class='ocrx_word' id='word_1_392' title='bbox 3206 2551 3448 2619; x_wconf 83' lang='grc' dir='ltr'>νεώτερον</span> <span class='ocrx_word' id='word_1_393' title='bbox 3504 2548 3641 2596; x_wconf 85' lang='grc' dir='ltr'>κατὰ</span> <span class='ocrx_word' id='word_1_394' title='bbox 3698 2550 3802 2602; x_wconf 71' lang='grc' dir='ltr'>τὴν</span> <span class='ocrx_word' id='word_1_395' title='bbox 3857 2546 3952 2597; x_wconf 76' lang='grc' dir='ltr'>αἰ-</span> 
     </span>
    </p>
   </div>
   <div class='ocr_carea' id='block_1_57' title="bbox 2323 2627 3953 2708">
    <p class='ocr_par' dir='ltr' id='par_1_57' title="bbox 2323 2627 3953 2708">
     <span class='ocr_line' id='line_1_57' title="bbox 2323 2627 3953 2708; baseline 0.006 -31"><span class='ocrx_word' id='word_1_396' title='bbox 2323 2628 2522 2684; x_wconf 70' lang='grc' dir='ltr'>σθητὴν</span> <span class='ocrx_word' id='word_1_397' title='bbox 2544 2627 2772 2698; x_wconf 79' lang='grc' dir='ltr'>ἠλικίαν,</span> <span class='ocrx_word' id='word_1_398' title='bbox 2803 2638 2895 2690; x_wconf 69' lang='grc' dir='ltr'>τὴν</span> <span class='ocrx_word' id='word_1_399' title='bbox 2936 2628 2995 2684; x_wconf 72' lang='grc' dir='ltr'>δὲ</span> <span class='ocrx_word' id='word_1_400' title='bbox 3028 2639 3217 2692; x_wconf 68' lang='grc' dir='ltr'>νοητὴν</span> <span class='ocrx_word' id='word_1_401' title='bbox 3251 2633 3433 2685; x_wconf 77' lang='grc' dir='ltr'>πολιὰν</span> <span class='ocrx_word' id='word_1_402' title='bbox 3460 2632 3544 2685; x_wconf 79' lang='grc' dir='ltr'>ἐπὶ</span> <span class='ocrx_word' id='word_1_403' title='bbox 3586 2641 3681 2695; x_wconf 78' lang='grc' dir='ltr'>τῆς</span> <span class='ocrx_word' id='word_1_404' title='bbox 3745 2642 3953 2708; x_wconf 67' lang='grc' dir='ltr'>φρονή-</span> 
     </span>
    </p>
   </div>
   <div class='ocr_carea' id='block_1_58' title="bbox 2325 2718 3944 2797">
    <p class='ocr_par' dir='ltr' id='par_1_58' title="bbox 2325 2718 3944 2797">
     <span class='ocr_line' id='line_1_58' title="bbox 2325 2718 3944 2797; baseline 0.008 -33"><span class='ocrx_word' id='word_1_405' title='bbox 2325 2731 2454 2775; x_wconf 81' lang='grc' dir='ltr'>σεως</span> <span class='ocrx_word' id='word_1_406' title='bbox 2483 2718 2698 2786; x_wconf 76' lang='grc' dir='ltr'>ἄγοντα,</span> <span class='ocrx_word' id='word_1_407' title='bbox 2739 2720 2956 2789; x_wconf 80' lang='grc' dir='ltr'>μετῆλθε</span> <span class='ocrx_word' id='word_1_408' title='bbox 2994 2731 3085 2773; x_wconf 74' lang='grc' dir='ltr'>τοῦ</span> <span class='ocrx_word' id='word_1_409' title='bbox 3131 2721 3505 2797; x_wconf 73' lang='grc' dir='ltr'>πρεσϐυτερίου</span> <span class='ocrx_word' id='word_1_410' title='bbox 3551 2725 3608 2774; x_wconf 89' lang='grc' dir='ltr'>τό</span> <span class='ocrx_word' id='word_1_411' title='bbox 3650 2727 3944 2797; x_wconf 61' lang='grc' dir='ltr'>χάρισμα.</span> 
     </span>
    </p>
   </div>
   <div class='ocr_carea' id='block_1_59' title="bbox 2324 2803 3946 2885">
    <p class='ocr_par' dir='ltr' id='par_1_59' title="bbox 2324 2803 3946 2885">
     <span class='ocr_line' id='line_1_59' title="bbox 2324 2803 3946 2885; baseline 0.007 -33"><span class='ocrx_word' id='word_1_412' title='bbox 2324 2805 2503 2864; x_wconf 71' lang='grc' dir='ltr'>Οὕτως</span> <span class='ocrx_word' id='word_1_413' title='bbox 2556 2803 2831 2878; x_wconf 70' lang='grc' dir='ltr'>ἐνδέχεταί</span> <span class='ocrx_word' id='word_1_414' title='bbox 2888 2829 3028 2879; x_wconf 83' lang='grc' dir='ltr'>ποτε,</span> <span class='ocrx_word' id='word_1_415' title='bbox 3095 2810 3456 2885; x_wconf 73' lang='grc' dir='ltr'>πρεσϐυτέρων</span> <span class='ocrx_word' id='word_1_416' title='bbox 3519 2812 3785 2883; x_wconf 76' lang='grc' dir='ltr'>ῥᾳθύμως</span> <span class='ocrx_word' id='word_1_417' title='bbox 3850 2818 3946 2863; x_wconf 84' lang='grc' dir='ltr'>καὶ</span> 
     </span>
    </p>
   </div>
   <div class='ocr_carea' id='block_1_60' title="bbox 3580 2900 3939 2972">
    <p class='ocr_par' dir='ltr' id='par_1_60' title="bbox 3580 2900 3939 2972">
     <span class='ocr_line' id='line_1_60' title="bbox 3580 2900 3939 2972; baseline 0.003 -20"><span class='ocrx_word' id='word_1_418' title='bbox 3580 2900 3939 2972; x_wconf 74' lang='grc' dir='ltr'>εὑρίσκεσθαι</span> 
     </span>
    </p>
   </div>
   <div class='ocr_carea' id='block_1_61' title="bbox 2322 2892 3490 2973">
    <p class='ocr_par' dir='ltr' id='par_1_61' title="bbox 2322 2892 3490 2973">
     <span class='ocr_line' id='line_1_61' title="bbox 2322 2892 3490 2973; baseline 0.006 -30"><span class='ocrx_word' id='word_1_419' title='bbox 2322 2892 2648 2965; x_wconf 80' lang='grc' dir='ltr'>ἠμελημένως</span> <span class='ocrx_word' id='word_1_420' title='bbox 2739 2896 2992 2968; x_wconf 73' lang='grc' dir='ltr'>βιούντων</span> <span class='ocrx_word' id='word_1_421' title='bbox 3083 2905 3490 2973; x_wconf 82' lang='grc' dir='ltr'>προτιμοτέρους</span> 
     </span>
    </p>
   </div>
   <div class='ocr_carea' id='block_1_62' title="bbox 2317 2985 3935 3058">
    <p class='ocr_par' dir='ltr' id='par_1_62' title="bbox 2317 2985 3935 3058">
     <span class='ocr_line' id='line_1_62' title="bbox 2317 2985 3935 3058; baseline 0.006 -27"><span class='ocrx_word' id='word_1_422' title='bbox 2317 2986 2480 3050; x_wconf 85' lang='grc' dir='ltr'>νέους,</span> <span class='ocrx_word' id='word_1_423' title='bbox 2534 2986 2604 3045; x_wconf 85' lang='grc' dir='ltr'>ὡς</span> <span class='ocrx_word' id='word_1_424' title='bbox 2653 2985 3033 3058; x_wconf 79' lang='grc' dir='ltr'>πρεσϐυτέρους</span> <span class='ocrx_word' id='word_1_425' title='bbox 3072 2985 3342 3050; x_wconf 75' lang='grc' dir='ltr'>ὄνταςδιὰ</span> <span class='ocrx_word' id='word_1_426' title='bbox 3387 2993 3477 3047; x_wconf 74' lang='grc' dir='ltr'>τὴν</span> <span class='ocrx_word' id='word_1_427' title='bbox 3524 2989 3808 3041; x_wconf 82' lang='grc' dir='ltr'>πολιῶσαν</span> <span class='ocrx_word' id='word_1_428' title='bbox 3842 2993 3935 3042; x_wconf 66' lang='grc' dir='ltr'>αὐ-</span> 
     </span>
    </p>
   </div>
   <div class='ocr_carea' id='block_1_63' title="bbox 546 3066 2202 3150">
    <p class='ocr_par' dir='ltr' id='par_1_63' title="bbox 546 3071 2194 3148">
     <span class='ocr_line' id='line_1_63' title="bbox 546 3071 2194 3148; baseline -0.005 -13"><span class='ocrx_word' id='word_1_429' title='bbox 546 3082 666 3136; x_wconf 88' lang='lat' dir='ltr'>tem</span> <span class='ocrx_word' id='word_1_430' title='bbox 718 3077 780 3133; x_wconf 90' lang='lat' dir='ltr'>in</span> <span class='ocrx_word' id='word_1_431' title='bbox 826 3076 1096 3148; x_wconf 89' lang='lat' dir='ltr'>ipsorum</span> <span class='ocrx_word' id='word_1_432' title='bbox 1152 3071 1371 3128; x_wconf 92' lang='lat' dir='ltr'>animis</span> <span class='ocrx_word' id='word_1_433' title='bbox 1417 3071 1692 3125; x_wconf 86' lang='lat' dir='ltr'>virtutem</span> <span class='ocrx_word' id='word_1_434' title='bbox 1751 3071 2015 3125; x_wconf 91' lang='lat' dir='ltr'>seniores</span> <span class='ocrx_word' id='word_1_435' title='bbox 2060 3072 2194 3140; x_wconf 86' lang='lat' dir='ltr'>sint,</span> 
     </span>
    </p>
   </div>
   <div class='ocr_carea' id='block_1_64' title="bbox 2313 3066 3928 3150">
    <p class='ocr_par' dir='ltr' id='par_1_64' title="bbox 2317 3073 3928 3150">
     <span class='ocr_line' id='line_1_64' title="bbox 2317 3073 3928 3150; baseline 0.009 -30"><span class='ocrx_word' id='word_1_436' title='bbox 2317 3078 2416 3121; x_wconf 83' lang='grc' dir='ltr'>τῶν</span> <span class='ocrx_word' id='word_1_437' title='bbox 2471 3079 2567 3134; x_wconf 82' lang='grc' dir='ltr'>τῆς</span> <span class='ocrx_word' id='word_1_438' title='bbox 2602 3073 2785 3145; x_wconf 75' lang='grc' dir='ltr'>ψυχῆς</span> <span class='ocrx_word' id='word_1_439' title='bbox 2829 3074 3028 3150; x_wconf 81' lang='grc' dir='ltr'>ἀρετήν.</span> <span class='ocrx_word' id='word_1_440' title='bbox 3084 3076 3239 3130; x_wconf 80' lang='grc' dir='ltr'>Ἔστι</span> <span class='ocrx_word' id='word_1_441' title='bbox 3293 3074 3353 3130; x_wconf 70' lang='grc' dir='ltr'>δι</span> <span class='ocrx_word' id='word_1_442' title='bbox 3419 3083 3512 3129; x_wconf 82' lang='grc' dir='ltr'>καὶ</span> <span class='ocrx_word' id='word_1_443' title='bbox 3567 3077 3928 3148; x_wconf 64' lang='grc' dir='ltr'>χαλεπωτάτη</span> 
     </span>
    </p>
   </div>
   <div class='ocr_carea' id='block_1_65' title="bbox 543 3160 2201 3242">
    <p class='ocr_par' dir='ltr' id='par_1_65' title="bbox 543 3160 2201 3242">
     <span class='ocr_line' id='line_1_65' title="bbox 543 3160 2201 3242; baseline -0.004 -17"><span class='ocrx_word' id='word_1_444' title='bbox 543 3167 990 3242; x_wconf 87' lang='lat' dir='ltr'>praestantiores</span> <span class='ocrx_word' id='word_1_445' title='bbox 1055 3162 1330 3220; x_wconf 89' lang='lat' dir='ltr'>inveniri.</span> <span class='ocrx_word' id='word_1_446' title='bbox 1377 3160 1742 3218; x_wconf 88' lang='lat' dir='ltr'>Gravissima</span> <span class='ocrx_word' id='word_1_447' title='bbox 1787 3165 1989 3216; x_wconf 87' lang='lat' dir='ltr'>autem</span> <span class='ocrx_word' id='word_1_448' title='bbox 2019 3178 2201 3232; x_wconf 88' lang='lat' dir='ltr'>poena</span> 
     </span>
    </p>
   </div>
   <div class='ocr_carea' id='block_1_66' title="bbox 543 3249 2197 3327">
    <p class='ocr_par' dir='ltr' id='par_1_66' title="bbox 543 3249 2197 3327">
     <span class='ocr_line' id='line_1_66' title="bbox 543 3249 2197 3327; baseline -0.005 -13"><span class='ocrx_word' id='word_1_449' title='bbox 543 3263 632 3315; x_wconf 91' lang='lat' dir='ltr'>est</span> <span class='ocrx_word' id='word_1_450' title='bbox 655 3257 734 3313; x_wconf 89' lang='lat' dir='ltr'>ab</span> <span class='ocrx_word' id='word_1_451' title='bbox 793 3254 1112 3327; x_wconf 89' lang='lat' dir='ltr'>insipiente</span> <span class='ocrx_word' id='word_1_452' title='bbox 1159 3252 1470 3323; x_wconf 87' lang='lat' dir='ltr'>juventute</span> <span class='ocrx_word' id='word_1_453' title='bbox 1514 3249 1837 3318; x_wconf 84' lang='lat' dir='ltr'>gubernari</span> <span class='ocrx_word' id='word_1_454' title='bbox 1877 3250 2197 3306; x_wconf 84' lang='lat' dir='ltr'>civitatem.</span> 
     </span>
    </p>
   </div>
   <div class='ocr_carea' id='block_1_67' title="bbox 541 3338 2198 3417">
    <p class='ocr_par' dir='ltr' id='par_1_67' title="bbox 541 3338 2198 3417">
     <span class='ocr_line' id='line_1_67' title="bbox 541 3338 2198 3417; baseline -0.004 -15"><span class='ocrx_word' id='word_1_455' title='bbox 541 3347 622 3417; x_wconf 83' lang='lat'>(2)</span> <span class='ocrx_word' id='word_1_456' title='bbox 652 3349 751 3402; x_wconf 90' lang='lat' dir='ltr'>Est</span> <span class='ocrx_word' id='word_1_457' title='bbox 780 3345 942 3400; x_wconf 91' lang='lat' dir='ltr'>enim</span> <span class='ocrx_word' id='word_1_458' title='bbox 975 3340 1384 3399; x_wconf 89' lang='lat' dir='ltr'>adolescentia</span> <span class='ocrx_word' id='word_1_459' title='bbox 1422 3338 1643 3396; x_wconf 87' lang='lat' dir='ltr'>levitati</span> <span class='ocrx_word' id='word_1_460' title='bbox 1696 3339 1964 3394; x_wconf 78' lang='lat' dir='ltr'>obnoxia</span> <span class='ocrx_word' id='word_1_461' title='bbox 2016 3345 2071 3396; x_wconf 93' lang='lat' dir='ltr'>et</span> <span class='ocrx_word' id='word_1_462' title='bbox 2120 3341 2198 3395; x_wconf 91' lang='lat' dir='ltr'>ad</span> 
     </span>
    </p>
   </div>
   <div class='ocr_carea' id='block_1_68' title="bbox 540 3427 2197 3506">
    <p class='ocr_par' dir='ltr' id='par_1_68' title="bbox 540 3427 2197 3506">
     <span class='ocr_line' id='line_1_68' title="bbox 540 3427 2197 3506; baseline -0.004 -15"><span class='ocrx_word' id='word_1_463' title='bbox 540 3434 772 3506; x_wconf 86' lang='lat' dir='ltr'>ﬂagitia</span> <span class='ocrx_word' id='word_1_464' title='bbox 817 3447 1058 3505; x_wconf 87' lang='lat' dir='ltr'>prona:</span> <span class='ocrx_word' id='word_1_465' title='bbox 1113 3429 1471 3501; x_wconf 90' lang='lat' dir='ltr'>cupiditates</span> <span class='ocrx_word' id='word_1_466' title='bbox 1538 3427 1860 3497; x_wconf 75' lang='lat' dir='ltr'>effrenatte,</span> <span class='ocrx_word' id='word_1_467' title='bbox 1919 3429 2197 3485; x_wconf 79' lang='lat' dir='ltr'>belluinae</span> 
     </span>
    </p>
   </div>
   <div class='ocr_carea' id='block_1_69' title="bbox 539 3516 2199 3595">
    <p class='ocr_par' dir='ltr' id='par_1_69' title="bbox 539 3516 2199 3595">
     <span class='ocr_line' id='line_1_69' title="bbox 539 3516 2199 3595; baseline -0.003 -16"><span class='ocrx_word' id='word_1_468' title='bbox 539 3524 666 3592; x_wconf 83' lang='lat' dir='ltr'>irae,</span> <span class='ocrx_word' id='word_1_469' title='bbox 709 3520 1060 3595; x_wconf 87' lang='lat' dir='ltr'>petulantia,</span> <span class='ocrx_word' id='word_1_470' title='bbox 1094 3517 1478 3586; x_wconf 90' lang='lat' dir='ltr'>contumelia,</span> <span class='ocrx_word' id='word_1_471' title='bbox 1511 3516 1795 3588; x_wconf 90' lang='lat' dir='ltr'>superbia</span> <span class='ocrx_word' id='word_1_472' title='bbox 1831 3522 1888 3572; x_wconf 90' lang='lat' dir='ltr'>et</span> <span class='ocrx_word' id='word_1_473' title='bbox 1917 3533 2199 3588; x_wconf 85' lang='lat' dir='ltr'>arrogan-</span> 
     </span>
    </p>
   </div>
   <div class='ocr_carea' id='block_1_70' title="bbox 540 3606 2197 3679">
    <p class='ocr_par' dir='ltr' id='par_1_70' title="bbox 540 3606 2197 3679">
     <span class='ocr_line' id='line_1_70' title="bbox 540 3606 2197 3679; baseline -0.004 -10"><span class='ocrx_word' id='word_1_474' title='bbox 540 3611 642 3679; x_wconf 84' lang='lat' dir='ltr'>tia,</span> <span class='ocrx_word' id='word_1_475' title='bbox 678 3611 816 3666; x_wconf 88' lang='lat' dir='ltr'>vitia</span> <span class='ocrx_word' id='word_1_476' title='bbox 843 3613 983 3666; x_wconf 87' lang='lat' dir='ltr'>sunt</span> <span class='ocrx_word' id='word_1_477' title='bbox 1019 3623 1144 3664; x_wconf 91' lang='lat' dir='ltr'>una</span> <span class='ocrx_word' id='word_1_478' title='bbox 1193 3622 1333 3662; x_wconf 91' lang='lat' dir='ltr'>cum</span> <span class='ocrx_word' id='word_1_479' title='bbox 1361 3606 1672 3676; x_wconf 89' lang='lat' dir='ltr'>juventute</span> <span class='ocrx_word' id='word_1_480' title='bbox 1721 3606 1995 3662; x_wconf 89' lang='lat' dir='ltr'>enutrita.</span> <span class='ocrx_word' id='word_1_481' title='bbox 2029 3608 2197 3662; x_wconf 81' lang='lat' dir='ltr'>Exci-</span> 
     </span>
    </p>
   </div>
   <div class='ocr_carea' id='block_1_71' title="bbox 537 3695 2192 3766">
    <p class='ocr_par' dir='ltr' id='par_1_71' title="bbox 537 3695 2192 3766">
     <span class='ocr_line' id='line_1_71' title="bbox 537 3695 2192 3766; baseline -0.005 -8"><span class='ocrx_word' id='word_1_482' title='bbox 537 3703 702 3758; x_wconf 88' lang='lat' dir='ltr'>tatur</span> <span class='ocrx_word' id='word_1_483' title='bbox 742 3698 972 3756; x_wconf 86' lang='lat' dir='ltr'>invidia</span> <span class='ocrx_word' id='word_1_484' title='bbox 1013 3695 1305 3753; x_wconf 90' lang='lat' dir='ltr'>adversus</span> <span class='ocrx_word' id='word_1_485' title='bbox 1359 3695 1575 3750; x_wconf 89' lang='lat' dir='ltr'>virtute</span> <span class='ocrx_word' id='word_1_486' title='bbox 1604 3695 2192 3766; x_wconf 68' lang='lat' dir='ltr'>praestantissimum,</span> 
     </span>
    </p>
   </div>
   <div class='ocr_carea' id='block_1_72' title="bbox 538 3782 2194 3862">
    <p class='ocr_par' dir='ltr' id='par_1_72' title="bbox 538 3782 2194 3862">
     <span class='ocr_line' id='line_1_72' title="bbox 538 3782 2194 3862; baseline -0.004 -16"><span class='ocrx_word' id='word_1_487' title='bbox 538 3789 920 3862; x_wconf 90' lang='lat' dir='ltr'>suspiciones</span> <span class='ocrx_word' id='word_1_488' title='bbox 948 3786 1251 3842; x_wconf 85' lang='lat' dir='ltr'>habentur</span> <span class='ocrx_word' id='word_1_489' title='bbox 1281 3783 1575 3839; x_wconf 88' lang='lat' dir='ltr'>adversus</span> <span class='ocrx_word' id='word_1_490' title='bbox 1597 3782 1979 3838; x_wconf 90' lang='lat' dir='ltr'>domesticos.</span> <span class='ocrx_word' id='word_1_491' title='bbox 2015 3787 2194 3839; x_wconf 85' lang='lat' dir='ltr'>Innu-</span> 
     </span>
    </p>
   </div>
   <div class='ocr_carea' id='block_1_73' title="bbox 535 3871 2190 3944">
    <p class='ocr_par' dir='ltr' id='par_1_73' title="bbox 535 3871 2190 3944">
     <span class='ocr_line' id='line_1_73' title="bbox 535 3871 2190 3944; baseline -0.004 -9"><span class='ocrx_word' id='word_1_492' title='bbox 535 3877 918 3935; x_wconf 88' lang='lat' dir='ltr'>merabilium</span> <span class='ocrx_word' id='word_1_493' title='bbox 935 3874 1237 3931; x_wconf 91' lang='lat' dir='ltr'>malorum</span> <span class='ocrx_word' id='word_1_494' title='bbox 1256 3877 1456 3928; x_wconf 90' lang='lat' dir='ltr'>turma</span> <span class='ocrx_word' id='word_1_495' title='bbox 1463 3871 1839 3942; x_wconf 82' lang='lat' dir='ltr'>juventutem</span> <span class='ocrx_word' id='word_1_496' title='bbox 1855 3874 2190 3944; x_wconf 90' lang='lat' dir='ltr'>comitatur,</span> 
     </span>
    </p>
   </div>
   <div class='ocr_carea' id='block_1_74' title="bbox 535 3960 2194 4040">
    <p class='ocr_par' dir='ltr' id='par_1_74' title="bbox 535 3960 2194 4040">
     <span class='ocr_line' id='line_1_74' title="bbox 535 3960 2194 4040; baseline -0.004 -17"><span class='ocrx_word' id='word_1_497' title='bbox 535 3983 798 4040; x_wconf 90' lang='lat' dir='ltr'>quorum</span> <span class='ocrx_word' id='word_1_498' title='bbox 829 3964 1102 4020; x_wconf 90' lang='lat' dir='ltr'>omnium</span> <span class='ocrx_word' id='word_1_499' title='bbox 1128 3966 1431 4017; x_wconf 88' lang='lat' dir='ltr'>consortes</span> <span class='ocrx_word' id='word_1_500' title='bbox 1461 3976 1592 4015; x_wconf 90' lang='lat' dir='ltr'>esse</span> <span class='ocrx_word' id='word_1_501' title='bbox 1641 3960 1916 4016; x_wconf 90' lang='lat' dir='ltr'>subditos</span> <span class='ocrx_word' id='word_1_502' title='bbox 1946 3977 2194 4018; x_wconf 87' lang='lat' dir='ltr'>necesse</span> 
     </span>
    </p>
   </div>
   <div class='ocr_carea' id='block_1_75' title="bbox 536 4049 2191 4126">
    <p class='ocr_par' dir='ltr' id='par_1_75' title="bbox 536 4049 2191 4126">
     <span class='ocr_line' id='line_1_75' title="bbox 536 4049 2191 4126; baseline -0.004 -15"><span class='ocrx_word' id='word_1_503' title='bbox 536 4059 642 4112; x_wconf 89' lang='lat' dir='ltr'>est.</span> <span class='ocrx_word' id='word_1_504' title='bbox 672 4055 903 4126; x_wconf 89' lang='lat' dir='ltr'>Quippe</span> <span class='ocrx_word' id='word_1_505' title='bbox 931 4051 1275 4124; x_wconf 89' lang='lat' dir='ltr'>principum</span> <span class='ocrx_word' id='word_1_506' title='bbox 1304 4049 1448 4105; x_wconf 87' lang='lat' dir='ltr'>vitia</span> <span class='ocrx_word' id='word_1_507' title='bbox 1477 4049 1852 4104; x_wconf 89' lang='lat' dir='ltr'>calamitates</span> <span class='ocrx_word' id='word_1_508' title='bbox 1879 4054 2019 4105; x_wconf 90' lang='lat' dir='ltr'>sunt</span> <span class='ocrx_word' id='word_1_509' title='bbox 2047 4051 2191 4106; x_wconf 88' lang='lat' dir='ltr'>sub-</span> 
     </span>
    </p>
   </div>
   <div class='ocr_carea' id='block_1_76' title="bbox 534 4139 2190 4213">
    <p class='ocr_par' dir='ltr' id='par_1_76' title="bbox 534 4139 2190 4213">
     <span class='ocr_line' id='line_1_76' title="bbox 534 4139 2190 4213; baseline -0.003 -13"><span class='ocrx_word' id='word_1_510' title='bbox 534 4144 818 4201; x_wconf 89' lang='lat' dir='ltr'>ditorum.</span> <span class='ocrx_word' id='word_1_511' title='bbox 847 4144 922 4213; x_wconf 87' lang='lat'>(3)</span> <span class='ocrx_word' id='word_1_512' title='bbox 944 4141 1087 4196; x_wconf 84' lang='lat' dir='ltr'>Hinc</span> <span class='ocrx_word' id='word_1_513' title='bbox 1108 4139 1208 4195; x_wconf 89' lang='lat' dir='ltr'>illa</span> <span class='ocrx_word' id='word_1_514' title='bbox 1229 4143 1365 4194; x_wconf 89' lang='lat' dir='ltr'>ante</span> <span class='ocrx_word' id='word_1_515' title='bbox 1398 4143 1768 4210; x_wconf 90' lang='lat' dir='ltr'>postremam</span> <span class='ocrx_word' id='word_1_516' title='bbox 1792 4139 2190 4211; x_wconf 84' lang='lat' dir='ltr'>Jerosolymo-</span> 
     </span>
    </p>
   </div>
   <div class='ocr_carea' id='block_1_77' title="bbox 532 4226 2188 4304">
    <p class='ocr_par' dir='ltr' id='par_1_77' title="bbox 532 4226 2188 4304">
     <span class='ocr_line' id='line_1_77' title="bbox 532 4226 2188 4304; baseline -0.004 -14"><span class='ocrx_word' id='word_1_517' title='bbox 532 4245 670 4290; x_wconf 82' lang='lat' dir='ltr'>rum</span> <span class='ocrx_word' id='word_1_518' title='bbox 725 4231 1194 4304; x_wconf 83' lang='lat' dir='ltr'>expugationem</span> <span class='ocrx_word' id='word_1_519' title='bbox 1248 4227 1475 4282; x_wconf 84' lang='lat' dir='ltr'>ﬂuxere</span> <span class='ocrx_word' id='word_1_520' title='bbox 1533 4226 1720 4293; x_wconf 90' lang='lat' dir='ltr'>mala,</span> <span class='ocrx_word' id='word_1_521' title='bbox 1753 4241 1893 4282; x_wconf 91' lang='lat' dir='ltr'>cum</span> <span class='ocrx_word' id='word_1_522' title='bbox 1946 4227 2098 4283; x_wconf 90' lang='lat' dir='ltr'>inter</span> <span class='ocrx_word' id='word_1_523' title='bbox 2127 4245 2188 4284; x_wconf 89' lang='lat' dir='ltr'>se</span> 
     </span>
    </p>
   </div>
   <div class='ocr_carea' id='block_1_78' title="bbox 531 4314 2184 4395">
    <p class='ocr_par' dir='ltr' id='par_1_78' title="bbox 531 4314 2184 4395">
     <span class='ocr_line' id='line_1_78' title="bbox 531 4314 2184 4395; baseline -0.004 -17"><span class='ocrx_word' id='word_1_524' title='bbox 531 4325 901 4395; x_wconf 86' lang='lat' dir='ltr'>pugnantes,</span> <span class='ocrx_word' id='word_1_525' title='bbox 931 4318 1221 4374; x_wconf 90' lang='lat' dir='ltr'>seditione</span> <span class='ocrx_word' id='word_1_526' title='bbox 1251 4321 1308 4372; x_wconf 93' lang='lat' dir='ltr'>et</span> <span class='ocrx_word' id='word_1_527' title='bbox 1336 4314 1496 4371; x_wconf 67' lang='lat' dir='ltr'>caede</span> <span class='ocrx_word' id='word_1_528' title='bbox 1517 4314 1816 4370; x_wconf 89' lang='lat' dir='ltr'>civitatem</span> <span class='ocrx_word' id='word_1_529' title='bbox 1837 4315 2184 4387; x_wconf 84' lang='lat' dir='ltr'>implevere,</span> 
     </span>
    </p>
   </div>
   <div class='ocr_carea' id='block_1_79' title="bbox 530 4399 2202 4483">
    <p class='ocr_par' dir='ltr' id='par_1_79' title="bbox 530 4403 2187 4483">
     <span class='ocr_line' id='line_1_79' title="bbox 530 4403 2187 4483; baseline -0.004 -16"><span class='ocrx_word' id='word_1_530' title='bbox 530 4425 730 4483; x_wconf 91' lang='lat' dir='ltr'>neque</span> <span class='ocrx_word' id='word_1_531' title='bbox 752 4427 788 4467; x_wconf 92' lang='lat' dir='ltr'>a</span> <span class='ocrx_word' id='word_1_532' title='bbox 815 4409 938 4465; x_wconf 90' lang='lat' dir='ltr'>suis</span> <span class='ocrx_word' id='word_1_533' title='bbox 967 4405 1250 4463; x_wconf 88' lang='lat' dir='ltr'>hostibus</span> <span class='ocrx_word' id='word_1_534' title='bbox 1274 4404 1446 4475; x_wconf 90' lang='lat' dir='ltr'>ipsos</span> <span class='ocrx_word' id='word_1_535' title='bbox 1474 4403 1744 4475; x_wconf 91' lang='lat' dir='ltr'>undique</span> <span class='ocrx_word' id='word_1_536' title='bbox 1769 4403 2187 4461; x_wconf 89' lang='lat' dir='ltr'>obsidentibus</span> 
     </span>
    </p>
   </div>
   <div class='ocr_carea' id='block_1_80' title="bbox 2313 4399 2637 4483">
    <p class='ocr_par' dir='ltr' id='par_1_80' title="bbox 2313 4406 2637 4474">
     <span class='ocr_line' id='line_1_80' title="bbox 2313 4406 2637 4474; baseline 0.006 -18"><span class='ocrx_word' id='word_1_537' title='bbox 2313 4406 2637 4474; x_wconf 66' lang='grc' dir='ltr'>ιγωνιώντες,</span> 
     </span>
    </p>
   </div>
   <div class='ocr_carea' id='block_1_81' title="bbox 531 4492 2185 4568">
    <p class='ocr_par' dir='ltr' id='par_1_81' title="bbox 531 4492 2185 4568">
     <span class='ocr_line' id='line_1_81' title="bbox 531 4492 2185 4568; baseline -0.005 -10"><span class='ocrx_word' id='word_1_538' title='bbox 531 4501 611 4558; x_wconf 90' lang='lat' dir='ltr'>ad</span> <span class='ocrx_word' id='word_1_539' title='bbox 638 4497 1024 4557; x_wconf 90' lang='lat' dir='ltr'>concordiam</span> <span class='ocrx_word' id='word_1_540' title='bbox 1045 4512 1174 4568; x_wconf 73' lang='lat' dir='ltr'>qua:</span> <span class='ocrx_word' id='word_1_541' title='bbox 1200 4493 1542 4550; x_wconf 90' lang='lat' dir='ltr'>necessaria</span> <span class='ocrx_word' id='word_1_542' title='bbox 1565 4498 1708 4563; x_wconf 92' lang='lat' dir='ltr'>erat,</span> <span class='ocrx_word' id='word_1_543' title='bbox 1735 4492 1895 4548; x_wconf 88' lang='lat' dir='ltr'>cives</span> <span class='ocrx_word' id='word_1_544' title='bbox 1920 4499 2060 4550; x_wconf 90' lang='lat' dir='ltr'>sunt</span> <span class='ocrx_word' id='word_1_545' title='bbox 2081 4496 2185 4552; x_wconf 86' lang='lat' dir='ltr'>ad-</span> 
     </span>
    </p>
   </div>
   <div class='ocr_carea' id='block_1_82' title="bbox 530 4583 2182 4652">
    <p class='ocr_par' dir='ltr' id='par_1_82' title="bbox 530 4583 2182 4652">
     <span class='ocr_line' id='line_1_82' title="bbox 530 4583 2182 4652; baseline -0.004 -5"><span class='ocrx_word' id='word_1_546' title='bbox 530 4589 693 4647; x_wconf 90' lang='lat' dir='ltr'>ducti</span> <span class='ocrx_word' id='word_1_547' title='bbox 719 4607 731 4645; x_wconf 95' lang='lat'>:</span> <span class='ocrx_word' id='word_1_548' title='bbox 767 4589 872 4645; x_wconf 92' lang='lat' dir='ltr'>sed</span> <span class='ocrx_word' id='word_1_549' title='bbox 888 4591 1155 4642; x_wconf 77' lang='lat' dir='ltr'>extrema</span> <span class='ocrx_word' id='word_1_550' title='bbox 1177 4583 1289 4639; x_wconf 86' lang='lat' dir='ltr'>sibi</span> <span class='ocrx_word' id='word_1_551' title='bbox 1315 4586 1668 4652; x_wconf 89' lang='lat' dir='ltr'>metuentes,</span> <span class='ocrx_word' id='word_1_552' title='bbox 1692 4583 1925 4639; x_wconf 88' lang='lat' dir='ltr'>civitate</span> <span class='ocrx_word' id='word_1_553' title='bbox 1950 4589 2182 4640; x_wconf 84' lang='lat' dir='ltr'>tantum</span> 
     </span>
    </p>
   </div>
   <div class='ocr_carea' id='block_1_83' title="bbox 528 4671 2179 4751">
    <p class='ocr_par' dir='ltr' id='par_1_83' title="bbox 528 4671 2179 4751">
     <span class='ocr_line' id='line_1_83' title="bbox 528 4671 2179 4751; baseline -0.005 -15"><span class='ocrx_word' id='word_1_554' title='bbox 528 4695 652 4736; x_wconf 93' lang='lat' dir='ltr'>non</span> <span class='ocrx_word' id='word_1_555' title='bbox 675 4683 871 4751; x_wconf 91' lang='lat' dir='ltr'>capta,</span> <span class='ocrx_word' id='word_1_556' title='bbox 887 4675 1135 4746; x_wconf 90' lang='lat' dir='ltr'>dejectis</span> <span class='ocrx_word' id='word_1_557' title='bbox 1156 4673 1364 4741; x_wconf 89' lang='lat' dir='ltr'>muris,</span> <span class='ocrx_word' id='word_1_558' title='bbox 1386 4671 1659 4728; x_wconf 89' lang='lat' dir='ltr'>hostibus</span> <span class='ocrx_word' id='word_1_559' title='bbox 1684 4671 2179 4742; x_wconf 87' lang='lat' dir='ltr'>ingredientibus,</span> 
     </span>
    </p>
   </div>
   <div class='ocr_carea' id='block_1_84' title="bbox 527 4760 2181 4833">
    <p class='ocr_par' dir='ltr' id='par_1_84' title="bbox 527 4760 2181 4833">
     <span class='ocr_line' id='line_1_84' title="bbox 527 4760 2181 4833; baseline -0.004 -9"><span class='ocrx_word' id='word_1_560' title='bbox 527 4769 592 4824; x_wconf 91' lang='lat' dir='ltr'>in</span> <span class='ocrx_word' id='word_1_561' title='bbox 624 4783 685 4823; x_wconf 88' lang='lat' dir='ltr'>se</span> <span class='ocrx_word' id='word_1_562' title='bbox 717 4766 972 4822; x_wconf 86' lang='lat' dir='ltr'>invicem</span> <span class='ocrx_word' id='word_1_563' title='bbox 1004 4762 1257 4819; x_wconf 90' lang='lat' dir='ltr'>dominii</span> <span class='ocrx_word' id='word_1_564' title='bbox 1296 4777 1366 4818; x_wconf 90' lang='lat' dir='ltr'>ac</span> <span class='ocrx_word' id='word_1_565' title='bbox 1387 4761 1683 4833; x_wconf 86' lang='lat' dir='ltr'>primatus</span> <span class='ocrx_word' id='word_1_566' title='bbox 1713 4760 2181 4818; x_wconf 87' lang='lat' dir='ltr'>obtinendorum</span> 
     </span>
    </p>
   </div>
   <div class='ocr_carea' id='block_1_85' title="bbox 528 4848 2179 4922">
    <p class='ocr_par' dir='ltr' id='par_1_85' title="bbox 528 4848 2179 4922">
     <span class='ocr_line' id='line_1_85' title="bbox 528 4848 2179 4922; baseline -0.004 -10"><span class='ocrx_word' id='word_1_567' title='bbox 528 4856 726 4912; x_wconf 88' lang='lat' dir='ltr'>studio</span> <span class='ocrx_word' id='word_1_568' title='bbox 771 4854 1142 4910; x_wconf 87' lang='lat' dir='ltr'>invaserunt.</span> <span class='ocrx_word' id='word_1_569' title='bbox 1191 4855 1383 4922; x_wconf 78' lang='lat' dir='ltr'>Atque</span> <span class='ocrx_word' id='word_1_570' title='bbox 1425 4849 1555 4904; x_wconf 69' lang='lat' dir='ltr'>haec</span> <span class='ocrx_word' id='word_1_571' title='bbox 1582 4848 1720 4904; x_wconf 90' lang='lat' dir='ltr'>ideo</span> <span class='ocrx_word' id='word_1_572' title='bbox 1775 4849 2179 4921; x_wconf 89' lang='lat' dir='ltr'>patiebantur,</span> 
     </span>
    </p>
   </div>
   <div class='ocr_carea' id='block_1_86' title="bbox 527 4939 2182 5018">
    <p class='ocr_par' dir='ltr' id='par_1_86' title="bbox 527 4939 2182 5018">
     <span class='ocr_line' id='line_1_86' title="bbox 527 4939 2182 5018; baseline -0.004 -16"><span class='ocrx_word' id='word_1_573' title='bbox 527 4945 693 5018; x_wconf 90' lang='lat' dir='ltr'>quod</span> <span class='ocrx_word' id='word_1_574' title='bbox 717 4943 952 5000; x_wconf 86' lang='lat' dir='ltr'>ablatus</span> <span class='ocrx_word' id='word_1_575' title='bbox 975 4945 1136 4998; x_wconf 89' lang='lat' dir='ltr'>esset</span> <span class='ocrx_word' id='word_1_576' title='bbox 1163 4939 1241 4996; x_wconf 92' lang='lat' dir='ltr'>ab</span> <span class='ocrx_word' id='word_1_577' title='bbox 1270 4939 1353 4994; x_wconf 91' lang='lat' dir='ltr'>eis</span> <span class='ocrx_word' id='word_1_578' title='bbox 1382 4939 1699 5010; x_wconf 88' lang='lat' dir='ltr'>propheta,</span> <span class='ocrx_word' id='word_1_579' title='bbox 1745 4940 2068 5010; x_wconf 90' lang='lat' dir='ltr'>conjector,</span> <span class='ocrx_word' id='word_1_580' title='bbox 2097 4957 2182 4997; x_wconf 91' lang='lat' dir='ltr'>se-</span> 
     </span>
    </p>
   </div>
   <div class='ocr_carea' id='block_1_87' title="bbox 525 5027 2183 5101">
    <p class='ocr_par' dir='ltr' id='par_1_87' title="bbox 525 5027 2183 5101">
     <span class='ocr_line' id='line_1_87' title="bbox 525 5027 2183 5101; baseline -0.002 -11"><span class='ocrx_word' id='word_1_581' title='bbox 525 5033 681 5096; x_wconf 89' lang='lat' dir='ltr'>nior,</span> <span class='ocrx_word' id='word_1_582' title='bbox 712 5036 770 5088; x_wconf 88' lang='lat' dir='ltr'>et</span> <span class='ocrx_word' id='word_1_583' title='bbox 821 5029 1197 5087; x_wconf 87' lang='lat' dir='ltr'>admirabilis</span> <span class='ocrx_word' id='word_1_584' title='bbox 1244 5027 1665 5084; x_wconf 89' lang='lat' dir='ltr'>consiliarius:</span> <span class='ocrx_word' id='word_1_585' title='bbox 1721 5032 1948 5096; x_wconf 90' lang='lat' dir='ltr'>contra,</span> <span class='ocrx_word' id='word_1_586' title='bbox 2002 5045 2183 5101; x_wconf 90' lang='lat' dir='ltr'>supra</span> 
     </span>
    </p>
   </div>
   <div class='ocr_carea' id='block_1_88' title="bbox 523 5116 2180 5196">
    <p class='ocr_par' dir='ltr' id='par_1_88' title="bbox 523 5116 2180 5196">
     <span class='ocr_line' id='line_1_88' title="bbox 523 5116 2180 5196; baseline -0.005 -17"><span class='ocrx_word' id='word_1_587' title='bbox 523 5123 694 5196; x_wconf 91' lang='lat' dir='ltr'>ipsos</span> <span class='ocrx_word' id='word_1_588' title='bbox 721 5118 1027 5176; x_wconf 88' lang='lat' dir='ltr'>constituti</span> <span class='ocrx_word' id='word_1_589' title='bbox 1051 5122 1251 5174; x_wconf 90' lang='lat' dir='ltr'>essent</span> <span class='ocrx_word' id='word_1_590' title='bbox 1280 5116 1690 5173; x_wconf 89' lang='lat' dir='ltr'>adolescentes</span> <span class='ocrx_word' id='word_1_591' title='bbox 1709 5117 2035 5189; x_wconf 89' lang='lat' dir='ltr'>principes.</span> <span class='ocrx_word' id='word_1_592' title='bbox 2064 5117 2180 5174; x_wconf 87' lang='lat' dir='ltr'>eis-</span> 
     </span>
    </p>
   </div>
   <div class='ocr_carea' id='block_1_89' title="bbox 599 5246 1000 5319">
    <p class='ocr_par' dir='ltr' id='par_1_89' title="bbox 599 5246 1000 5319">
     <span class='ocr_line' id='line_1_89' title="bbox 599 5246 1000 5319; baseline -0.017 -15"><span class='ocrx_word' id='word_1_593' title='bbox 599 5249 646 5283; x_wconf 82' lang='grc'><strong>⁸⁶</strong></span> <span class='ocrx_word' id='word_1_594' title='bbox 675 5248 813 5319; x_wconf 91' lang='lat' dir='ltr'>Sap.</span> <span class='ocrx_word' id='word_1_595' title='bbox 843 5261 918 5312; x_wconf 72' lang='grc' dir='ltr'>ιγ,</span> <span class='ocrx_word' id='word_1_596' title='bbox 949 5246 1000 5298; x_wconf 91' lang='grc'>8.</span> 
     </span>
    </p>
   </div>
   <div class='ocr_carea' id='block_1_90' title="bbox 595 5379 1554 5463">
    <p class='ocr_par' dir='ltr' id='par_1_90' title="bbox 595 5379 1554 5463">
     <span class='ocr_line' id='line_1_90' title="bbox 595 5379 1554 5463; baseline -0.006 -18"><span class='ocrx_word' id='word_1_597' title='bbox 595 5392 675 5463; x_wconf 79' lang='grc'>(1)</span> <span class='ocrx_word' id='word_1_598' title='bbox 703 5394 786 5447; x_wconf 86' lang='lat' dir='ltr'>Ex</span> <span class='ocrx_word' id='word_1_599' title='bbox 809 5379 1140 5463; x_wconf 81' lang='lat' dir='ltr'>comment.</span> <span class='ocrx_word' id='word_1_600' title='bbox 1164 5385 1229 5439; x_wconf 80' lang='lat' dir='ltr'>in</span> <span class='ocrx_word' id='word_1_601' title='bbox 1263 5384 1403 5453; x_wconf 90' lang='lat' dir='ltr'>Isa.,</span> <span class='ocrx_word' id='word_1_602' title='bbox 1432 5388 1554 5442; x_wconf 73' lang='grc'>451.</span> 
     </span>
    </p>
   </div>
   <div class='ocr_carea' id='block_1_91' title="bbox 619 5461 1030 5529">
    <p class='ocr_par' dir='ltr' id='par_1_91' title="bbox 619 5461 1030 5529">
     <span class='ocr_line' id='line_1_91' title="bbox 619 5461 1030 5529; baseline -0.01 -12"><span class='ocrx_word' id='word_1_603' title='bbox 619 5465 676 5529; x_wconf 83' lang='lat'>2)</span> <span class='ocrx_word' id='word_1_604' title='bbox 699 5461 874 5529; x_wconf 57' lang='lat' dir='ltr'>una,</span> <span class='ocrx_word' id='word_1_605' title='bbox 903 5463 1030 5515; x_wconf 68' lang='lat'>453.</span> 
     </span>
    </p>
   </div>
   <div class='ocr_carea' id='block_1_92' title="bbox 621 5531 1031 5605">
    <p class='ocr_par' dir='ltr' id='par_1_92' title="bbox 621 5531 1031 5605">
     <span class='ocr_line' id='line_1_92' title="bbox 621 5531 1031 5605; baseline -0.007 -17"><span class='ocrx_word' id='word_1_606' title='bbox 621 5536 679 5605; x_wconf 79' lang='lat'>3)</span> <span class='ocrx_word' id='word_1_607' title='bbox 710 5531 886 5604; x_wconf 87' lang='lat' dir='ltr'>lbid.,</span> <span class='ocrx_word' id='word_1_608' title='bbox 904 5534 1031 5587; x_wconf 64' lang='lat'>455.</span> 
     </span>
    </p>
   </div>
   <div class='ocr_carea' id='block_1_93' title="bbox 2313 3165 3930 3239">
    <p class='ocr_par' dir='ltr' id='par_1_93' title="bbox 2313 3165 3930 3239">
     <span class='ocr_line' id='line_1_93' title="bbox 2313 3165 3930 3239; baseline 0.007 -29"><span class='ocrx_word' id='word_1_609' title='bbox 2313 3166 2562 3235; x_wconf 84' lang='grc' dir='ltr'>τιμωρία,</span> <span class='ocrx_word' id='word_1_610' title='bbox 2595 3167 2650 3214; x_wconf 84' lang='grc' dir='ltr'>τό</span> <span class='ocrx_word' id='word_1_611' title='bbox 2708 3165 2810 3216; x_wconf 74' lang='grc' dir='ltr'>ὑπὸ</span> <span class='ocrx_word' id='word_1_612' title='bbox 2848 3171 3126 3218; x_wconf 75' lang='grc' dir='ltr'>νεανίσκων</span> <span class='ocrx_word' id='word_1_613' title='bbox 3179 3165 3408 3239; x_wconf 76' lang='grc' dir='ltr'>ἀφρόνων</span> <span class='ocrx_word' id='word_1_614' title='bbox 3465 3167 3693 3238; x_wconf 73' lang='grc' dir='ltr'>ἄγεσθαι</span> <span class='ocrx_word' id='word_1_615' title='bbox 3753 3168 3930 3221; x_wconf 83' lang='grc' dir='ltr'>πόλιν.</span> 
     </span>
    </p>
   </div>
   <div class='ocr_carea' id='block_1_94' title="bbox 2315 3252 3927 3329">
    <p class='ocr_par' dir='ltr' id='par_1_94' title="bbox 2315 3252 3927 3329">
     <span class='ocr_line' id='line_1_94' title="bbox 2315 3252 3927 3329; baseline 0.007 -31"><span class='ocrx_word' id='word_1_616' title='bbox 2315 3252 2514 3320; x_wconf 70' lang='grc' dir='ltr'>Κοῦφον</span> <span class='ocrx_word' id='word_1_617' title='bbox 2551 3254 2653 3325; x_wconf 75' lang='grc' dir='ltr'>γὰρ</span> <span class='ocrx_word' id='word_1_618' title='bbox 2703 3253 2732 3310; x_wconf 81' lang='grc' dir='ltr'>ἡ</span> <span class='ocrx_word' id='word_1_619' title='bbox 2783 3259 2982 3322; x_wconf 86' lang='grc' dir='ltr'>νεότης,</span> <span class='ocrx_word' id='word_1_620' title='bbox 3031 3261 3120 3308; x_wconf 86' lang='grc' dir='ltr'>καὶ</span> <span class='ocrx_word' id='word_1_621' title='bbox 3151 3255 3415 3313; x_wconf 70' lang='grc' dir='ltr'>εὐκίνητον</span> <span class='ocrx_word' id='word_1_622' title='bbox 3460 3261 3592 3328; x_wconf 85' lang='grc' dir='ltr'>πρὸς</span> <span class='ocrx_word' id='word_1_623' title='bbox 3631 3259 3699 3308; x_wconf 78' lang='grc' dir='ltr'>τὰ</span> <span class='ocrx_word' id='word_1_624' title='bbox 3727 3258 3927 3329; x_wconf 74' lang='grc' dir='ltr'>φαῦλα·</span> 
     </span>
    </p>
   </div>
   <div class='ocr_carea' id='block_1_95' title="bbox 2309 3337 3926 3418">
    <p class='ocr_par' dir='ltr' id='par_1_95' title="bbox 2309 3337 3926 3418">
     <span class='ocr_line' id='line_1_95' title="bbox 2309 3337 3926 3418; baseline 0.007 -31"><span class='ocrx_word' id='word_1_625' title='bbox 2309 3338 2584 3410; x_wconf 81' lang='grc' dir='ltr'>ἐπιθυμίαι</span> <span class='ocrx_word' id='word_1_626' title='bbox 2641 3337 3012 3412; x_wconf 72' lang='grc' dir='ltr'>δυσκάθεκτοι,</span> <span class='ocrx_word' id='word_1_627' title='bbox 3067 3343 3218 3418; x_wconf 75' lang='grc' dir='ltr'>ὀργαὶ</span> <span class='ocrx_word' id='word_1_628' title='bbox 3273 3341 3577 3417; x_wconf 81' lang='grc' dir='ltr'>θηριώδεις,</span> <span class='ocrx_word' id='word_1_629' title='bbox 3609 3352 3926 3418; x_wconf 81' lang='grc' dir='ltr'>προπέτειαι</span> 
     </span>
    </p>
   </div>
   <div class='ocr_carea' id='block_1_96' title="bbox 2307 3428 3925 3508">
    <p class='ocr_par' dir='ltr' id='par_1_96' title="bbox 2307 3428 3925 3508">
     <span class='ocr_line' id='line_1_96' title="bbox 2307 3428 3925 3508; baseline 0.006 -31"><span class='ocrx_word' id='word_1_630' title='bbox 2307 3431 2398 3478; x_wconf 83' lang='grc' dir='ltr'>καὶ</span> <span class='ocrx_word' id='word_1_631' title='bbox 2445 3428 2636 3501; x_wconf 76' lang='grc' dir='ltr'>ὕϐρεις,</span> <span class='ocrx_word' id='word_1_632' title='bbox 2693 3429 3066 3505; x_wconf 74' lang='grc' dir='ltr'>ὑπερηφάνειαι</span> <span class='ocrx_word' id='word_1_633' title='bbox 3119 3439 3208 3485; x_wconf 84' lang='grc' dir='ltr'>καὶ</span> <span class='ocrx_word' id='word_1_634' title='bbox 3269 3438 3576 3506; x_wconf 67' lang='grc' dir='ltr'>φυσιώσεις,</span> <span class='ocrx_word' id='word_1_635' title='bbox 3650 3437 3925 3508; x_wconf 61' lang='grc' dir='ltr'>σύντροφα</span> 
     </span>
    </p>
   </div>
   <div class='ocr_carea' id='block_1_97' title="bbox 2308 3520 3922 3594">
    <p class='ocr_par' dir='ltr' id='par_1_97' title="bbox 2308 3520 3922 3594">
     <span class='ocr_line' id='line_1_97' title="bbox 2308 3520 3922 3594; baseline 0.004 -29"><span class='ocrx_word' id='word_1_636' title='bbox 2308 3521 2369 3585; x_wconf 77' lang='grc' dir='ltr'>τῇ</span> <span class='ocrx_word' id='word_1_637' title='bbox 2421 3521 2626 3573; x_wconf 87' lang='grc' dir='ltr'>νεότητι</span> <span class='ocrx_word' id='word_1_638' title='bbox 2655 3520 2820 3576; x_wconf 82' lang='grc' dir='ltr'>πάθη·</span> <span class='ocrx_word' id='word_1_639' title='bbox 2872 3521 3049 3590; x_wconf 78' lang='grc' dir='ltr'>φθόνοι</span> <span class='ocrx_word' id='word_1_640' title='bbox 3087 3524 3218 3594; x_wconf 80' lang='grc' dir='ltr'>πρὸς</span> <span class='ocrx_word' id='word_1_641' title='bbox 3246 3525 3304 3572; x_wconf 91' lang='grc' dir='ltr'>τό</span> <span class='ocrx_word' id='word_1_642' title='bbox 3353 3522 3634 3594; x_wconf 81' lang='grc' dir='ltr'>ὑπερέχον.</span> <span class='ocrx_word' id='word_1_643' title='bbox 3685 3522 3922 3592; x_wconf 75' lang='grc' dir='ltr'>ὑποψίαι</span> 
     </span>
    </p>
   </div>
   <div class='ocr_carea' id='block_1_98' title="bbox 2305 3607 3926 3682">
    <p class='ocr_par' dir='ltr' id='par_1_98' title="bbox 2305 3607 3926 3682">
     <span class='ocr_line' id='line_1_98' title="bbox 2305 3607 3926 3682; baseline 0.006 -28"><span class='ocrx_word' id='word_1_644' title='bbox 2305 3607 2435 3675; x_wconf 85' lang='grc' dir='ltr'>πρὸς</span> <span class='ocrx_word' id='word_1_645' title='bbox 2492 3609 2551 3656; x_wconf 89' lang='grc' dir='ltr'>τὸ</span> <span class='ocrx_word' id='word_1_646' title='bbox 2605 3607 2810 3678; x_wconf 85' lang='grc' dir='ltr'>οἰκεῖον,</span> <span class='ocrx_word' id='word_1_647' title='bbox 2869 3614 3070 3680; x_wconf 82' lang='grc' dir='ltr'>μυρίων</span> <span class='ocrx_word' id='word_1_648' title='bbox 3138 3618 3310 3661; x_wconf 82' lang='grc' dir='ltr'>κακῶν</span> <span class='ocrx_word' id='word_1_649' title='bbox 3368 3609 3527 3682; x_wconf 82' lang='grc' dir='ltr'>ἐσμὸς</span> <span class='ocrx_word' id='word_1_650' title='bbox 3574 3611 3926 3670; x_wconf 73' lang='grc' dir='ltr'>συνέζευκται</span> 
     </span>
    </p>
   </div>
   <div class='ocr_carea' id='block_1_99' title="bbox 2306 3696 3923 3770">
    <p class='ocr_par' dir='ltr' id='par_1_99' title="bbox 2306 3696 3923 3770">
     <span class='ocr_line' id='line_1_99' title="bbox 2306 3696 3923 3770; baseline 0.006 -28"><span class='ocrx_word' id='word_1_651' title='bbox 2306 3699 2368 3764; x_wconf 75' lang='grc' dir='ltr'>τῇ</span> <span class='ocrx_word' id='word_1_652' title='bbox 2456 3698 2683 3753; x_wconf 86' lang='grc' dir='ltr'>νεότητι.</span> <span class='ocrx_word' id='word_1_653' title='bbox 2751 3696 2846 3748; x_wconf 85' lang='grc' dir='ltr'>Ὦν</span> <span class='ocrx_word' id='word_1_654' title='bbox 2910 3700 3113 3750; x_wconf 80' lang='grc' dir='ltr'>πάντων</span> <span class='ocrx_word' id='word_1_655' title='bbox 3187 3698 3389 3770; x_wconf 69' lang='grc' dir='ltr'>ἀνάγκη</span> <span class='ocrx_word' id='word_1_656' title='bbox 3461 3697 3744 3751; x_wconf 76' lang='grc' dir='ltr'>ἀπολαύειν</span> <span class='ocrx_word' id='word_1_657' title='bbox 3803 3706 3923 3759; x_wconf 74' lang='grc' dir='ltr'>τσὺς</span> 
     </span>
    </p>
   </div>
   <div class='ocr_carea' id='block_1_100' title="bbox 2307 3780 3919 3863">
    <p class='ocr_par' dir='ltr' id='par_1_100' title="bbox 2307 3780 3919 3863">
     <span class='ocr_line' id='line_1_100' title="bbox 2307 3780 3919 3863; baseline 0.006 -31"><span class='ocrx_word' id='word_1_658' title='bbox 2307 3780 2650 3856; x_wconf 81' lang='grc' dir='ltr'>ἀρχομένους·</span> <span class='ocrx_word' id='word_1_659' title='bbox 2712 3783 2851 3838; x_wconf 79' lang='grc' dir='ltr'>διότι</span> <span class='ocrx_word' id='word_1_660' title='bbox 2908 3789 2975 3839; x_wconf 81' lang='grc' dir='ltr'>τὰ</span> <span class='ocrx_word' id='word_1_661' title='bbox 3029 3797 3130 3840; x_wconf 83' lang='grc' dir='ltr'>τῶν</span> <span class='ocrx_word' id='word_1_662' title='bbox 3185 3786 3454 3860; x_wconf 79' lang='grc' dir='ltr'>ἀρχόντων</span> <span class='ocrx_word' id='word_1_663' title='bbox 3477 3791 3618 3840; x_wconf 83' lang='grc' dir='ltr'>κακὰ</span> <span class='ocrx_word' id='word_1_664' title='bbox 3647 3795 3919 3863; x_wconf 66' lang='grc' dir='ltr'>συμφοραὶ</span> 
     </span>
    </p>
   </div>
   <div class='ocr_carea' id='block_1_101' title="bbox 2304 3871 3916 3951">
    <p class='ocr_par' dir='ltr' id='par_1_101' title="bbox 2304 3871 3916 3951">
     <span class='ocr_line' id='line_1_101' title="bbox 2304 3871 3916 3951; baseline 0.004 -29"><span class='ocrx_word' id='word_1_665' title='bbox 2304 3879 2415 3931; x_wconf 74' lang='grc' dir='ltr'>τοῖς</span> <span class='ocrx_word' id='word_1_666' title='bbox 2441 3871 2753 3945; x_wconf 78' lang='grc' dir='ltr'>ἀρχομένοις</span> <span class='ocrx_word' id='word_1_667' title='bbox 2797 3881 3052 3945; x_wconf 70' lang='grc' dir='ltr'>γίνονται.</span> <span class='ocrx_word' id='word_1_668' title='bbox 3087 3877 3341 3929; x_wconf 80' lang='grc' dir='ltr'>Ἐντεῦθεν</span> <span class='ocrx_word' id='word_1_669' title='bbox 3390 3879 3456 3929; x_wconf 78' lang='grc' dir='ltr'>τὰ</span> <span class='ocrx_word' id='word_1_670' title='bbox 3511 3881 3615 3951; x_wconf 79' lang='grc' dir='ltr'>πρὸ</span> <span class='ocrx_word' id='word_1_671' title='bbox 3659 3886 3753 3938; x_wconf 79' lang='grc' dir='ltr'>τῆς</span> <span class='ocrx_word' id='word_1_672' title='bbox 3785 3877 3916 3929; x_wconf 67' lang='grc' dir='ltr'>ἅλω·</span> 
     </span>
    </p>
   </div>
   <div class='ocr_carea' id='block_1_102' title="bbox 2306 3962 3903 4036">
    <p class='ocr_par' dir='ltr' id='par_1_102' title="bbox 2306 3962 3903 4036">
     <span class='ocr_line' id='line_1_102' title="bbox 2306 3962 3903 4036; baseline 0.006 -25"><span class='ocrx_word' id='word_1_673' title='bbox 2306 3979 2434 4022; x_wconf 87' lang='grc' dir='ltr'>σεως</span> <span class='ocrx_word' id='word_1_674' title='bbox 2495 3962 2860 4036; x_wconf 76' lang='grc' dir='ltr'>Ἰεροσολύμων</span> <span class='ocrx_word' id='word_1_675' title='bbox 2936 3973 3029 4027; x_wconf 82' lang='grc' dir='ltr'>τῆς</span> <span class='ocrx_word' id='word_1_676' title='bbox 3086 3965 3382 4026; x_wconf 80' lang='grc' dir='ltr'>τελευταίας</span> <span class='ocrx_word' id='word_1_677' title='bbox 3463 3970 3659 4027; x_wconf 79' lang='grc' dir='ltr'>ταύτης</span> <span class='ocrx_word' id='word_1_678' title='bbox 3719 3966 3903 4022; x_wconf 65' lang='grc' dir='ltr'>συνέϐη</span> 
     </span>
    </p>
   </div>
   <div class='ocr_carea' id='block_1_103' title="bbox 2301 4053 3905 4128">
    <p class='ocr_par' dir='ltr' id='par_1_103' title="bbox 2301 4053 3905 4128">
     <span class='ocr_line' id='line_1_103' title="bbox 2301 4053 3905 4128; baseline 0.005 -28"><span class='ocrx_word' id='word_1_679' title='bbox 2301 4053 2460 4119; x_wconf 80' lang='grc' dir='ltr'>κακὰ,</span> <span class='ocrx_word' id='word_1_680' title='bbox 2491 4053 2574 4102; x_wconf 86' lang='grc' dir='ltr'>ὅτε</span> <span class='ocrx_word' id='word_1_681' title='bbox 2625 4058 2977 4122; x_wconf 83' lang='grc' dir='ltr'>συμπεσόντες</span> <span class='ocrx_word' id='word_1_682' title='bbox 3031 4053 3290 4125; x_wconf 76' lang='grc' dir='ltr'>ἀλλήλοις,</span> <span class='ocrx_word' id='word_1_683' title='bbox 3335 4057 3565 4116; x_wconf 76' lang='grc' dir='ltr'>στάσεως</span> <span class='ocrx_word' id='word_1_684' title='bbox 3610 4061 3704 4108; x_wconf 75' lang='grc' dir='ltr'>καὶ</span> <span class='ocrx_word' id='word_1_685' title='bbox 3755 4063 3905 4128; x_wconf 64' lang='grc' dir='ltr'>φόνου</span> 
     </span>
    </p>
   </div>
   <div class='ocr_carea' id='block_1_104' title="bbox 2301 4138 3910 4216">
    <p class='ocr_par' dir='ltr' id='par_1_104' title="bbox 2301 4138 3910 4216">
     <span class='ocr_line' id='line_1_104' title="bbox 2301 4138 3910 4216; baseline 0.006 -29"><span class='ocrx_word' id='word_1_686' title='bbox 2301 4143 2389 4196; x_wconf 77' lang='grc' dir='ltr'>τὴν</span> <span class='ocrx_word' id='word_1_687' title='bbox 2436 4138 2586 4190; x_wconf 89' lang='grc' dir='ltr'>πόλιν</span> <span class='ocrx_word' id='word_1_688' title='bbox 2625 4138 2925 4208; x_wconf 73' lang='grc' dir='ltr'>ἐνέπλησαν,</span> <span class='ocrx_word' id='word_1_689' title='bbox 2983 4138 3106 4194; x_wconf 73' lang='grc' dir='ltr'>οὐδὲ</span> <span class='ocrx_word' id='word_1_690' title='bbox 3149 4142 3250 4194; x_wconf 68' lang='grc' dir='ltr'>ὑπὸ</span> <span class='ocrx_word' id='word_1_691' title='bbox 3281 4151 3380 4194; x_wconf 91' lang='grc' dir='ltr'>τῶν</span> <span class='ocrx_word' id='word_1_692' title='bbox 3432 4149 3910 4216; x_wconf 78' lang='grc' dir='ltr'>περιεστοιχισμέ-</span> 
     </span>
    </p>
   </div>
   <div class='ocr_carea' id='block_1_105' title="bbox 2299 4227 3911 4302">
    <p class='ocr_par' dir='ltr' id='par_1_105' title="bbox 2299 4227 3911 4302">
     <span class='ocr_line' id='line_1_105' title="bbox 2299 4227 3911 4302; baseline 0.006 -27"><span class='ocrx_word' id='word_1_693' title='bbox 2299 4245 2394 4276; x_wconf 90' lang='grc' dir='ltr'>νων</span> <span class='ocrx_word' id='word_1_694' title='bbox 2434 4227 2612 4289; x_wconf 74' lang='grc' dir='ltr'>αὐτοῖς</span> <span class='ocrx_word' id='word_1_695' title='bbox 2649 4229 2903 4302; x_wconf 85' lang='grc' dir='ltr'>πολεμίων</span> <span class='ocrx_word' id='word_1_696' title='bbox 2953 4229 3023 4291; x_wconf 86' lang='grc' dir='ltr'>εἰς</span> <span class='ocrx_word' id='word_1_697' title='bbox 3070 4235 3164 4288; x_wconf 78' lang='grc' dir='ltr'>τὴν</span> <span class='ocrx_word' id='word_1_698' title='bbox 3213 4229 3504 4302; x_wconf 72' lang='grc' dir='ltr'>ἀναγκαίαν</span> <span class='ocrx_word' id='word_1_699' title='bbox 3555 4233 3804 4300; x_wconf 84' lang='grc' dir='ltr'>ὁμόνοιαν</span> <span class='ocrx_word' id='word_1_700' title='bbox 3859 4236 3911 4284; x_wconf 79' lang='grc' dir='ltr'>οὶ</span> 
     </span>
    </p>
   </div>
   <div class='ocr_carea' id='block_1_106' title="bbox 2299 4314 3904 4392">
    <p class='ocr_par' dir='ltr' id='par_1_106' title="bbox 2299 4314 3904 4392">
     <span class='ocr_line' id='line_1_106' title="bbox 2299 4314 3904 4392; baseline 0.004 -27"><span class='ocrx_word' id='word_1_701' title='bbox 2299 4314 2502 4367; x_wconf 80' lang='grc' dir='ltr'>πολῖται</span> <span class='ocrx_word' id='word_1_702' title='bbox 2590 4318 3030 4390; x_wconf 83' lang='grc' dir='ltr'>συνελαῡνόμενοι,</span> <span class='ocrx_word' id='word_1_703' title='bbox 3098 4318 3228 4371; x_wconf 78' lang='grc' dir='ltr'>ἀλλὰ</span> <span class='ocrx_word' id='word_1_704' title='bbox 3288 4326 3411 4392; x_wconf 77' lang='grc' dir='ltr'>περὶ</span> <span class='ocrx_word' id='word_1_705' title='bbox 3476 4329 3564 4372; x_wconf 81' lang='grc' dir='ltr'>τῶν</span> <span class='ocrx_word' id='word_1_706' title='bbox 3642 4317 3904 4388; x_wconf 72' lang='grc' dir='ltr'>ἐσχάτων</span> 
     </span>
    </p>
   </div>
   <div class='ocr_carea' id='block_1_107' title="bbox 2723 4405 3898 4483">
    <p class='ocr_par' dir='ltr' id='par_1_107' title="bbox 2723 4405 3898 4483">
     <span class='ocr_line' id='line_1_107' title="bbox 2723 4405 3898 4483; baseline 0.002 -25"><span class='ocrx_word' id='word_1_707' title='bbox 2723 4417 2817 4468; x_wconf 78' lang='grc' dir='ltr'>τῆς</span> <span class='ocrx_word' id='word_1_708' title='bbox 2881 4409 3074 4468; x_wconf 82' lang='grc' dir='ltr'>πόλεως</span> <span class='ocrx_word' id='word_1_709' title='bbox 3141 4405 3247 4467; x_wconf 74' lang='grc' dir='ltr'>ἤδη</span> <span class='ocrx_word' id='word_1_710' title='bbox 3314 4410 3720 4483; x_wconf 77' lang='grc' dir='ltr'>λαμϐανομένης,</span> <span class='ocrx_word' id='word_1_711' title='bbox 3787 4418 3898 4461; x_wconf 79' lang='grc' dir='ltr'>τῶν</span> 
     </span>
    </p>
   </div>
   <div class='ocr_carea' id='block_1_108' title="bbox 2296 4496 3904 4573">
    <p class='ocr_par' dir='ltr' id='par_1_108' title="bbox 2296 4496 3904 4573">
     <span class='ocr_line' id='line_1_108' title="bbox 2296 4496 3904 4573; baseline 0.005 -27"><span class='ocrx_word' id='word_1_712' title='bbox 2296 4504 2486 4567; x_wconf 80' lang='grc' dir='ltr'>τειχῶν</span> <span class='ocrx_word' id='word_1_713' title='bbox 2538 4496 3077 4572; x_wconf 79' lang='grc' dir='ltr'>καταρρίπτουμένων,</span> <span class='ocrx_word' id='word_1_714' title='bbox 3137 4507 3237 4551; x_wconf 82' lang='grc' dir='ltr'>τῶν</span> <span class='ocrx_word' id='word_1_715' title='bbox 3305 4500 3560 4572; x_wconf 85' lang='grc' dir='ltr'>πολεμίων</span> <span class='ocrx_word' id='word_1_716' title='bbox 3626 4499 3904 4573; x_wconf 82' lang='grc' dir='ltr'>εἰσχεομέ-</span> 
     </span>
    </p>
   </div>
   <div class='ocr_carea' id='block_1_109' title="bbox 2294 4587 3903 4663">
    <p class='ocr_par' dir='ltr' id='par_1_109' title="bbox 2294 4587 3903 4663">
     <span class='ocr_line' id='line_1_109' title="bbox 2294 4587 3903 4663; baseline 0.007 -28"><span class='ocrx_word' id='word_1_717' title='bbox 2294 4605 2412 4653; x_wconf 78' lang='grc' dir='ltr'>νων,</span> <span class='ocrx_word' id='word_1_718' title='bbox 2471 4587 2571 4637; x_wconf 84' lang='grc' dir='ltr'>ὑπό</span> <span class='ocrx_word' id='word_1_719' title='bbox 2637 4587 2921 4661; x_wconf 74' lang='grc' dir='ltr'>φιλαρχίας</span> <span class='ocrx_word' id='word_1_720' title='bbox 2973 4594 3063 4641; x_wconf 87' lang='grc' dir='ltr'>καὶ</span> <span class='ocrx_word' id='word_1_721' title='bbox 3120 4589 3490 4663; x_wconf 73' lang='grc' dir='ltr'>φιλοπρωτείας</span> <span class='ocrx_word' id='word_1_722' title='bbox 3538 4587 3795 4652; x_wconf 73' lang='grc' dir='ltr'>ἀλλήλους</span> <span class='ocrx_word' id='word_1_723' title='bbox 3825 4593 3903 4660; x_wconf 68' lang='grc'>(4)</span> 
     </span>
    </p>
   </div>
   <div class='ocr_carea' id='block_1_110' title="bbox 2294 4672 3897 4752">
    <p class='ocr_par' dir='ltr' id='par_1_110' title="bbox 2294 4672 3897 4752">
     <span class='ocr_line' id='line_1_110' title="bbox 2294 4672 3897 4752; baseline 0.005 -28"><span class='ocrx_word' id='word_1_724' title='bbox 2294 4672 2632 4746; x_wconf 76' lang='grc' dir='ltr'>ἀντεπηεσαν.</span> <span class='ocrx_word' id='word_1_725' title='bbox 2689 4681 2790 4728; x_wconf 82' lang='grc' dir='ltr'>Καὶ</span> <span class='ocrx_word' id='word_1_726' title='bbox 2843 4685 3009 4729; x_wconf 74' lang='grc' dir='ltr'>ταῦτα</span> <span class='ocrx_word' id='word_1_727' title='bbox 3034 4681 3290 4751; x_wconf 81' lang='grc' dir='ltr'>ἔπασχον,</span> <span class='ocrx_word' id='word_1_728' title='bbox 3325 4675 3420 4731; x_wconf 72' lang='grc' dir='ltr'>διὰ</span> <span class='ocrx_word' id='word_1_729' title='bbox 3448 4683 3506 4730; x_wconf 90' lang='grc' dir='ltr'>τό</span> <span class='ocrx_word' id='word_1_730' title='bbox 3557 4677 3790 4752; x_wconf 79' lang='grc' dir='ltr'>ἀρθῆναι</span> <span class='ocrx_word' id='word_1_731' title='bbox 3817 4679 3897 4732; x_wconf 72' lang='grc' dir='ltr'>ἀπ’</span> 
     </span>
    </p>
   </div>
   <div class='ocr_carea' id='block_1_111' title="bbox 2293 4762 3884 4842">
    <p class='ocr_par' dir='ltr' id='par_1_111' title="bbox 2293 4762 3884 4842">
     <span class='ocr_line' id='line_1_111' title="bbox 2293 4762 3884 4842; baseline 0.003 -28"><span class='ocrx_word' id='word_1_732' title='bbox 2293 4762 2460 4814; x_wconf 77' lang='grc' dir='ltr'>αὐτῶν</span> <span class='ocrx_word' id='word_1_733' title='bbox 2513 4769 2802 4836; x_wconf 76' lang='grc' dir='ltr'>προφήτην,</span> <span class='ocrx_word' id='word_1_734' title='bbox 2864 4771 2955 4817; x_wconf 82' lang='grc' dir='ltr'>καὶ</span> <span class='ocrx_word' id='word_1_735' title='bbox 2995 4772 3326 4838; x_wconf 77' lang='grc' dir='ltr'>στοχαστην,</span> <span class='ocrx_word' id='word_1_736' title='bbox 3377 4773 3467 4819; x_wconf 80' lang='grc' dir='ltr'>καὶ</span> <span class='ocrx_word' id='word_1_737' title='bbox 3523 4767 3884 4842; x_wconf 70' lang='grc' dir='ltr'>πρεσϐύτερον,</span> 
     </span>
    </p>
   </div>
   <div class='ocr_carea' id='block_1_112' title="bbox 2292 4854 3897 4929">
    <p class='ocr_par' dir='ltr' id='par_1_112' title="bbox 2292 4854 3897 4929">
     <span class='ocr_line' id='line_1_112' title="bbox 2292 4854 3897 4929; baseline 0.004 -25"><span class='ocrx_word' id='word_1_738' title='bbox 2292 4857 2382 4905; x_wconf 88' lang='grc' dir='ltr'>καὶ</span> <span class='ocrx_word' id='word_1_739' title='bbox 2441 4855 2745 4926; x_wconf 83' lang='grc' dir='ltr'>θαυμαστόν</span> <span class='ocrx_word' id='word_1_740' title='bbox 2806 4854 3126 4926; x_wconf 64' lang='grc' dir='ltr'>σύμϐουλον</span> <span class='ocrx_word' id='word_1_741' title='bbox 3185 4859 3463 4915; x_wconf 73' lang='grc' dir='ltr'>ἐπιστῆναι</span> <span class='ocrx_word' id='word_1_742' title='bbox 3491 4854 3552 4910; x_wconf 69' lang='grc' dir='ltr'>δε</span> <span class='ocrx_word' id='word_1_743' title='bbox 3602 4859 3897 4929; x_wconf 72' lang='grc' dir='ltr'>αὐτοῑςᾶρο</span> 
     </span>
    </p>
   </div>
   <div class='ocr_carea' id='block_1_113' title="bbox 2291 4943 3901 5019">
    <p class='ocr_par' dir='ltr' id='par_1_113' title="bbox 2291 4943 3901 5019">
     <span class='ocr_line' id='line_1_113' title="bbox 2291 4943 3901 5019; baseline 0.005 -27"><span class='ocrx_word' id='word_1_744' title='bbox 2291 4961 2484 5012; x_wconf 82' lang='grc' dir='ltr'>χοντας</span> <span class='ocrx_word' id='word_1_745' title='bbox 2530 4947 2852 5011; x_wconf 86' lang='grc' dir='ltr'>νεανίσκους,</span> <span class='ocrx_word' id='word_1_746' title='bbox 2902 4949 2993 4997; x_wconf 84' lang='grc' dir='ltr'>καὶ</span> <span class='ocrx_word' id='word_1_747' title='bbox 3045 4943 3332 5016; x_wconf 74' lang='grc' dir='ltr'>ἒμπαίκτας</span> <span class='ocrx_word' id='word_1_748' title='bbox 3379 4945 3550 4997; x_wconf 76' lang='grc' dir='ltr'>αὐτῶν</span> <span class='ocrx_word' id='word_1_749' title='bbox 3598 4955 3901 5019; x_wconf 76' lang='grc' dir='ltr'>κυριεῦσαι.</span> 
     </span>
    </p>
   </div>
   <div class='ocr_carea' id='block_1_114' title="bbox 2290 5027 3904 5107">
    <p class='ocr_par' dir='ltr' id='par_1_114' title="bbox 2290 5027 3904 5107">
     <span class='ocr_line' id='line_1_114' title="bbox 2290 5027 3904 5107; baseline 0.002 -23"><span class='ocrx_word' id='word_1_750' title='bbox 2290 5029 2377 5084; x_wconf 81' lang='grc' dir='ltr'>Ἱν“</span> <span class='ocrx_word' id='word_1_751' title='bbox 2408 5027 2495 5082; x_wconf 78' lang='grc' dir='ltr'>οὖν</span> <span class='ocrx_word' id='word_1_752' title='bbox 2529 5036 2600 5102; x_wconf 84' lang='grc' dir='ltr'>μὴ</span> <span class='ocrx_word' id='word_1_753' title='bbox 2659 5038 2747 5083; x_wconf 88' lang='grc' dir='ltr'>καὶ</span> <span class='ocrx_word' id='word_1_754' title='bbox 2797 5035 2921 5105; x_wconf 75' lang='grc' dir='ltr'>ἡμῖν</span> <span class='ocrx_word' id='word_1_755' title='bbox 2967 5036 3032 5085; x_wconf 76' lang='grc' dir='ltr'>τὰ</span> <span class='ocrx_word' id='word_1_756' title='bbox 3088 5033 3220 5085; x_wconf 71' lang='grc' dir='ltr'>αὐτά</span> <span class='ocrx_word' id='word_1_757' title='bbox 3264 5033 3479 5095; x_wconf 83' lang='grc' dir='ltr'>ἐκείνοις</span> <span class='ocrx_word' id='word_1_758' title='bbox 3513 5034 3789 5107; x_wconf 76' lang='grc' dir='ltr'>συμϐαίη,</span> <span class='ocrx_word' id='word_1_759' title='bbox 3851 5040 3904 5088; x_wconf 77' lang='grc' dir='ltr'>τὸ</span> 
     </span>
    </p>
   </div>
   <div class='ocr_carea' id='block_1_115' title="bbox 2291 5119 3905 5197">
    <p class='ocr_par' dir='ltr' id='par_1_115' title="bbox 2291 5119 3905 5197">
     <span class='ocr_line' id='line_1_115' title="bbox 2291 5119 3905 5197; baseline 0.003 -26"><span class='ocrx_word' id='word_1_760' title='bbox 2291 5122 2381 5190; x_wconf 73' lang='grc' dir='ltr'>μὲν</span> <span class='ocrx_word' id='word_1_761' title='bbox 2409 5119 2648 5181; x_wconf 71' lang='grc' dir='ltr'>ἀλλήλοις</span> <span class='ocrx_word' id='word_1_762' title='bbox 2705 5119 2992 5173; x_wconf 76' lang='grc' dir='ltr'>ἀντεπιέναι</span> <span class='ocrx_word' id='word_1_763' title='bbox 3055 5126 3331 5194; x_wconf 69' lang='grc' dir='ltr'>φύγοιμεν·</span> <span class='ocrx_word' id='word_1_764' title='bbox 3395 5128 3488 5180; x_wconf 69' lang='grc' dir='ltr'>τὴν</span> <span class='ocrx_word' id='word_1_765' title='bbox 3544 5119 3605 5176; x_wconf 71' lang='grc' dir='ltr'>δὲ</span> <span class='ocrx_word' id='word_1_766' title='bbox 3657 5125 3905 5197; x_wconf 79' lang='grc' dir='ltr'>ὁμόνοιαν</span> 
     </span>
    </p>
   </div>
   <div class='ocr_carea' id='block_1_116' title="bbox 2287 5386 3900 5514">
    <p class='ocr_par' dir='ltr' id='par_1_116' title="bbox 2287 5386 3900 5514">
     <span class='ocr_line' id='line_1_116' title="bbox 2287 5386 3900 5514; baseline 0.009 -78"><span class='ocrx_word' id='word_1_767' title='bbox 2287 5386 2758 5514; x_wconf 44' lang='lat' dir='ltr'>“gymnasium</span> <span class='ocrx_word' id='word_1_768' title='bbox 2812 5391 3001 5456; x_wconf 86' lang='lat' dir='ltr'>Forte,</span> <span class='ocrx_word' id='word_1_769' title='bbox 3056 5388 3318 5458; x_wconf 73' lang='grc' dir='ltr'>ἀλλήλοις,</span> <span class='ocrx_word' id='word_1_770' title='bbox 3350 5393 3418 5445; x_wconf 88' lang='lat' dir='ltr'>ut</span> <span class='ocrx_word' id='word_1_771' title='bbox 3471 5389 3661 5462; x_wconf 85' lang='lat' dir='ltr'>paulo</span> <span class='ocrx_word' id='word_1_772' title='bbox 3720 5394 3900 5452; x_wconf 81' lang='lat' dir='ltr'>intra.</span> 
     </span>
    </p>
   </div>
  </div>
