4082 6404
480 219 614 273 i383

1699 212 2036 268 ADDENDA
2075 213 2161 270 ΕΤ
2198 208 2650 271 EMENDANDA.

3801 212 3943 272 1384

494 444 3948 476 m

1713 610 1865 733 D.
1976 610 2659 736 MARANI

1395 869 1769 953 ADDEN
1776 872 1925 955 DA
2017 872 2155 955 ET

2246 870 2786 960 EMENDAN
2798 873 2971 954 DA.

1745 1069 1968 1134 (Pagina:
2000 1077 2121 1121 sunt
2153 1068 2391 1121 editionis
2419 1070 2649 1134 Boned.).

555 1343 618 1398 In
648 1342 800 1400 libro
835 1347 918 1401 De
952 1346 1189 1413 Spiritu
1235 1351 1468 1414 sancto,
1500 1360 1634 1417 cap.
1681 1344 1775 1413 27,
1807 1359 1868 1417 p.
1923 1345 2010 1411 ξςιι,
2056 1344 2140 1397 ἐπὶ
2168 1346 2217 1400 Α
2252 1348 2554 1403 accusatio
2580 1347 2854 1403 videatur
2873 1346 3116 1404 alicuia
3137 1346 3368 1403 ratione
3395 1343 3959 1416 aliena,privatim

482 1439 544 1503 τῇ
575 1429 835 1495 ἀναδείξει
866 1442 957 1485 τοῦ
979 1435 1141 1506 ἄρτου
1164 1442 1255 1493 τῆς
1278 1434 1664 1507 Εὐχαριστίας,
1684 1437 1819 1497 etc.,
1840 1449 1976 1489 cum
2006 1448 2140 1489 con-

479 1521 691 1588 ﬁcitur
739 1537 918 1590 panis
948 1522 1375 1591 Eucharistia’,
1418 1529 1527 1579 etc.
1558 1523 1859 1595 Quidquid
1893 1526 2049 1579 hunc
2078 1523 2141 1578 in

488 1608 691 1665 locum
714 1610 855 1677 dixi,
891 1627 961 1667 eo
992 1611 1112 1666 dixi
1146 1611 1414 1677 consilio,
1440 1617 1503 1668 ut
1528 1611 1887 1668 catholicam
1926 1612 2140 1668 doctri-

483 1713 628 1753 nam
660 1698 1064 1762 defenderem,
1090 1715 1157 1754 ac
1200 1699 1676 1755 demonstrarem
1705 1699 2141 1772 interpretatio-

484 1803 626 1843 nem
655 1788 821 1843 illam
868 1790 1117 1849 Erasmi.
1157 1805 1292 1845 cum
1340 1791 1676 1845 ostenditur
1722 1789 2142 1859 panisEuc/ta-

485 1878 690 1941 ristiaz,
725 1876 871 1932 nihil
907 1877 1199 1949 prodesse
1244 1878 1735 1934 Protestantlbus.
1789 1879 1905 1934 Sed
1941 1882 2143 1935 tamen

484 1964 797 2021 fatendum
828 1972 917 2022 est
938 1966 1258 2022 clariorem
1283 1983 1413 2022 esse
1438 1967 1988 2039 interpretationem
2019 1969 2142 2022 Du-

485 2054 612 2124 ceei,
640 2058 696 2110 et
736 2055 814 2110 ad
840 2054 1253 2111 cavillationes
1294 2056 1569 2112 vitandas
1600 2056 1897 2112 tutiorem.
1949 2058 2144 2121 Quare

482 2140 640 2198 illius
677 2143 1011 2211 annotatio,
1033 2159 1221 2216 quam
1245 2159 1430 2215 supra
1459 2144 1877 2216 apposuimus,
1911 2144 2144 2215 dignis-

487 2231 643 2288 sima
669 2237 914 2304 estquae
939 2231 1198 2302 legatur.

558 2322 704 2393 Cap.
749 2325 838 2388 29,
871 2337 932 2392 p.
977 2326 1069 2386 62,
1114 2323 1287 2393 ὥσπερ
1336 2341 1387 2372 τι
1442 2320 1798 2395 ἀλεξητήριον,
1854 2327 2143 2393 tanquam

488 2408 740 2478 aliquod
770 2409 1118 2465 amuletum.
1150 2411 1462 2465 Placuerat
1490 2409 1639 2465 mihi
1670 2410 1799 2464 hiec
1850 2409 2148 2481 scriptura

488 2496 670 2568 primi
718 2495 943 2551 codicis
991 2496 1155 2565 Regii
1185 2502 1430 2568 propter
1458 2513 1560 2554 eas
1588 2497 1849 2554 rationes
1890 2513 2044 2569 quas
2083 2497 2146 2552 in

489 2585 881 2640 annotatione
911 2585 1186 2657 exposui.
1222 2585 1338 2641 Sed
1374 2591 1578 2643 tamen
1628 2586 1953 2656 legendum
1984 2586 2147 2641 vide-

2251 1443 2671 1505 coarguentem
2702 1438 3077 1507 interrogare
3108 1436 3269 1492 debet
3312 1451 3385 1492 ac
3407 1435 3829 1505 persuadere
3860 1439 3957 1489 aut

2246 1525 2627 1594 persuaderi,
2687 1529 2776 1577 καὶ
2830 1524 2859 1583 ἡ
2930 1523 3272 1598 πληροφορείν
3333 1525 3362 1583 ἦ
3442 1523 3957 1598 πληροφορεῖσϐειι.

2253 1611 2447 1666 Satius
2477 1611 2714 1667 videtur
2766 1611 2849 1667 sic
2901 1611 3152 1668 reddere
3184 1613 3295 1667 has
3328 1610 3580 1668 ultimas
3618 1626 3853 1678 voces,
3894 1624 3960 1665 ac

2251 1701 2345 1755 vel
2378 1700 2728 1769 satisfacere
2758 1702 2852 1757 vel
2888 1702 3283 1772 acquiescere.
3333 1702 3401 1756 Et
3427 1714 3578 1772 pag.
3628 1701 3739 1756 101
3789 1717 3805 1754 :
3853 1701 3957 1755 Det

2252 1797 2451 1845 autem
2481 1792 2770 1845 Dominus
2804 1794 2868 1845 ut
2899 1805 3031 1860 quae
3060 1790 3319 1845 diximus
3363 1804 3499 1845 cum
3536 1791 3733 1845 omni
3762 1788 3963 1845 animi

2248 1879 2662 1947 persuasione,
2713 1880 2846 1951 μετά
2890 1880 3064 1939 πάσης
3096 1878 3469 1953 πληροφορίας,
3504 1879 3958 1947 suscipientes,

2254 1967 2372 2023 etc.
2410 1966 2511 2023 Hic
2538 1967 2720 2023 etiam
2772 1967 3003 2037 malim,
3038 1983 3173 2023 eum
3227 1966 3392 2023 omni
3439 1968 3956 2037 aequanimitate.

2255 2055 2596 2127 Saepissime
2632 2056 2800 2128 apud
2831 2055 3115 2113 Basilium
3144 2056 3404 2112 occurrit
3430 2054 3537 2112 illa
3587 2071 3723 2112 vox
3758 2056 3955 2129 πληρο-

2255 2149 2429 2217 φορία,
2444 2161 2514 2201 ac
2541 2145 2843 2203 interdum
2872 2144 3120 2217 quidem
3141 2144 3444 2215 signiﬁcat
3468 2144 3745 2202 ﬁrmam
3764 2145 3956 2203 animi

2254 2234 2737 2305 persuasionem,
2766 2239 2830 2290 ut
2878 2236 2940 2289 in
2988 2235 3221 2303 Regula
3269 2232 3491 2290 morali
3520 2234 3582 2300 8,
3617 2249 3692 2306 p.
3723 2238 3865 2303 240,
3906 2237 3957 2290 et

2254 2321 2316 2377 in
2344 2322 2485 2391 Reg.
2519 2322 2673 2378 brev.
2701 2322 2825 2391 172,
2848 2320 2955 2376 ubi
2986 2322 3185 2391 agitur
3200 2320 3276 2376 de
3308 2321 3499 2377 animi
3524 2321 3955 2393 persuasione

2257 2426 2328 2465 ac
2357 2409 2477 2465 ﬁde
2503 2411 2581 2466 ad
2609 2410 3041 2467 Eucharistiam
3069 2409 3529 2482 percipiendam
3562 2411 3954 2467 necessaria.

2256 2502 2330 2554 At
2353 2498 2655 2555 interdum
2685 2499 2846 2555 idem
2877 2498 3035 2555 valet
3065 2514 3137 2555 ac
3157 2499 3613 2571 aequanimitas,
3654 2500 3801 2556 sive
3831 2500 3955 2557 ani-

2256 2604 2393 2646 mus
2416 2590 2669 2646 libenter
2692 2590 3085 2662 acquiescens
3112 2588 3187 2644 iis
3226 2604 3361 2661 quae
3378 2588 3690 2660 jubentur
3717 2595 3832 2646 aut
3854 2590 3954 2646 do-

490 2678 605 2735 tur,
637 2677 698 2728 ut
723 2674 783 2728 in
809 2678 1071 2745 quatuor
1097 2673 1407 2730 codicibus
1434 2678 1794 2747 mss.,r.3emp
1822 2675 1945 2728 me
1972 2695 2024 2726 τι
2049 2674 2145 2737 ἐξι-

2258 2689 2440 2751 cetur,
2495 2684 2558 2735 ut
2585 2680 2646 2735 in
2693 2679 2839 2734 locis
2866 2693 3054 2751 supra
3080 2677 3297 2745 allatis,
3342 2683 3401 2733 et
3429 2678 3490 2733 in
3516 2674 3793 2749 [tegulis
3828 2681 3952 2735 lon-

486 2766 694 2835 τήριον,
742 2768 1033 2833 tanquam
1086 2763 1260 2818 aliud
1298 2764 1545 2833 aliquod
1599 2764 2016 2820 valedictionis
2045 2764 2145 2819 do-

491 2867 657 2907 num.
689 2851 781 2907 Sic
819 2851 981 2906 enim
1012 2851 1177 2922 apud
1199 2853 1549 2921 Gregorium
1581 2852 2024 2908 Nazianzenum
2055 2869 2143 2910 or.

428 2956 432 2960 ·
491 2943 581 3011 lli,
605 2955 665 3012 p.
700 2943 827 3009 223,
861 2940 1137 2996 Christus
1170 2941 1311 2997 hinc
1348 2941 1651 2998 discedens
1669 2957 1879 3011 pacem
1900 2942 2144 3013 reliquit

486 3030 678 3099 nobis,
718 3032 889 3105 ὥσπερ
917 3029 1063 3082 ἄλλοι
1094 3029 1369 3105 ἑξιτήριον.
1456 3082 1463 3085 _

559 3118 740 3191 Epist.
802 3123 854 3187 2,
904 3134 966 3191 ρ.
1014 3124 1103 3188 20,
1144 3124 1238 3179 τὴν
1287 3127 1379 3172 τοῦ
1430 3124 1590 3173 τόπου
1642 3125 1995 3192 κατασκευήν,
2037 3122 2150 3178 loci

487 3214 875 3281 structuram,
906 3208 970 3264 id
1000 3213 1090 3266 est
1116 3209 1380 3267 formam
1420 3225 1489 3267 ac
1520 3209 1724 3266 situm.

559 3297 740 3369 Epist.
797 3304 849 3366 3,
906 3314 969 3370 p.
1012 3301 1100 3366 76,
1156 3304 1199 3350 εὶ
1264 3307 1335 3369 τῷ
1401 3306 1475 3369 σῷ
1535 3294 1844 3374 δραστηρίῳ
1906 3317 2147 3353 συντετα-

486 3391 667 3461 γμένοι
708 3391 903 3461 εἴημεν,
940 3386 1020 3445 ad
1048 3387 1306 3445 verbum
1336 3390 1389 3443 si
1412 3404 1543 3445 cum
1583 3395 1827 3445 strenuo
1858 3394 1960 3446 tuo
1988 3405 2145 3459 pra:-

487 3477 638 3534 sidio
668 3478 983 3548 conjuncti
1028 3479 1231 3533 simus.
1276 3476 1417 3532 Vide
1458 3477 1629 3549 epist.
1662 3481 1786 3547 223,
1841 3493 1983 3551 pag.
2019 3483 2142 3543 336,

487 3573 614 3624 not.

559 3656 740 3729 Epist.
772 3660 827 3721 8,
855 3673 913 3730 p.
950 3659 1039 3725 89,
1074 3662 1163 3709 καὶ
1214 3656 1257 3709 εἰ
1313 3662 1401 3709 καὶ
1461 3652 1610 3721 δεξιὰ
1652 3666 1743 3710 τοῦ
1789 3660 1994 3732 Πατρός
2034 3657 2146 3709 ὀνο-

487 3747 731 3819 μάζεται,
765 3747 927 3819 quod
954 3748 1010 3803 si
1045 3749 1223 3803 etiam
1254 3746 1609 3803 nominatur
1637 3747 1844 3804 Patris
1874 3747 2144 3814 dextera,

485 3837 548 3893 id
580 3841 689 3906 est,
736 3836 795 3892 Si
820 3837 1075 3893 dexterae
1107 3836 1294 3892 Patris
1332 3836 1702 3893 vocabulum
1731 3842 2057 3909 usurpatur
2084 3836 2148 3891 in

490 3926 825 3999 Scripturis,
858 3925 1164 3998 hujusque
1194 3925 1454 3982 dexterae
1485 3925 1709 3997 digitus
1753 3932 1843 3982 est
1896 3926 2148 3998 Spiritus

2256 2763 2548 2846 gioribus,’
2573 2769 2855 2838 interrog.
2887 2769 2972 2834 10,
3006 2782 3146 2839 pag.
3182 2772 3307 2837 355,
3344 2766 3448 2822 ubi
3470 2766 3767 2824 declarat
3789 2768 3952 2825 Basi-
4042 2830 4043 2833 η

2255 2861 2454 2927 lius,ei
2475 2859 2580 2930 qui
2606 2856 2680 2913 ab
2711 2857 3048 2912 illustriore
3068 2857 3320 2927 quodam
3338 2855 3476 2911 vitae
3497 2870 3740 2925 genere
3757 2860 3945 2927 juxta

2256 2950 2499 3007 Domini
2524 2946 2718 3003 nostri
2744 2946 2887 3002 Jesu
2916 2945 3146 3001 Christi
3196 2950 3540 3014 exemptum
3570 2945 3665 3001 ad
3691 2946 3940 3002 humili-

2258 3043 2436 3097 tatem
2466 3035 2959 3107 festinat,aliqua
2984 3048 3118 3105 quae
3146 3032 3305 3104 apud
3320 3039 3605 3090 externos
3637 3035 3939 3104 probrose

2257 3144 2376 3185 esse
2398 3127 2738 3195 videantur,
2763 3122 3210 3192 prwscribenda
3231 3136 3448 3189 esse,ac
3478 3120 3933 3180 observandum

2256 3225 2462 3273 utrum
2485 3229 2619 3271 cum
2660 3212 2830 3268 omni
2867 3212 3338 3284 aquanimitate,
3361 3212 3494 3283 μετὰ
3518 3212 3716 3274 πάσης
3751 3211 3940 3286 πληρο-

2258 3310 2462 3379 φορίας,
2491 3303 2836 3374 operarium
2888 3316 3012 3358 sese
3059 3302 3182 3357 Deo
3223 3316 3346 3357 non
3383 3315 3576 3371 prave
3599 3302 3940 3371 pudentem

2257 3396 2556 3454 exhibeat.
2606 3390 2749 3447 llinc
2779 3390 2961 3447 etiam
2991 3389 3339 3465 πληροφορεῖν
3367 3385 3599 3461 καρδίαν
3635 3389 3814 3448 idem
3840 3406 3934 3447 va-

2255 3484 2335 3542 let
2364 3500 2434 3540 ac
2453 3483 2659 3539 animo
2691 3480 2970 3552 obsequi,
2997 3482 3059 3536 in
3090 3478 3342 3537 homilia
3363 3480 3427 3535 in
3450 3479 3698 3553 divites,
3742 3496 3811 3553 p.
3850 3484 3936 3547 59,

2256 3573 2359 3630 ubi
2385 3571 2637 3629 Basilius
2666 3570 2751 3626 sic
2771 3584 2875 3626 eos
2898 3568 3227 3641 alloquitur
3245 3568 3353 3640 qui
3367 3567 3596 3624 liberos
3613 3585 3770 3626 suos
3794 3585 3938 3642 prse-

2256 3659 2556 3721 texebant,
2600 3662 2667 3713 ut
2700 3656 3101 3728 eleemosynae
3151 3660 3525 3729 praeceptum
3564 3656 3931 3713 eluderent:

2256 3751 2387 3809 Τοὺς
2416 3751 2517 3819 γὰρ
2554 3742 2753 3808 παῖδας
2780 3744 3153 3819 προϐάλλεσθε,
3182 3750 3279 3803 τήν
3311 3742 3370 3799 δὲ
3399 3741 3637 3819 καρδιαν
3670 3746 3931 3819 1:12:99?»-

2256 3844 2409 3910 ρείτε.
2442 3835 2681 3892 Liberos
2710 3835 2865 3890 enim
2887 3833 3259 3905 pratenditis
3289 3851 3311 3887 .·
3359 3839 3422 3890 at
3469 3839 3677 3890 vestro
3726 3836 3929 3891 animo

2256 3926 2627 3997 satisfacitis.

487 4019 749 4073 sanctus.
784 4016 977 4079 Quare
1025 4015 1403 4086 parenthesis
1462 4014 1804 4071 claudenda
1854 4019 1993 4087 post
2033 4014 2146 4071 has
2178 4030 2220 4084 ο
2330 4017 2433 4087 Ep.
2476 4017 2563 4082 30,
2591 4029 2651 4086 p.
2698 4015 2834 4068 uo:
2883 4012 3127 4068 Interim
3158 4012 3553 4069 Neoca’sarea
3584 4018 3644 4068 et
3673 4014 3917 4084 Ancyra

484 4120 687 4167 voces,
735 4106 983 4177 ἔθραυσεν
1038 4103 1283 4176 ἐχθρούς,
1342 4120 1412 4160 ac
1471 4108 1629 4160 totus
1686 4104 1783 4160 hic
1838 4103 2011 4160 locus
2065 4104 2149 4160 sic

485 4193 654 4249 reddi
684 4209 755 4250 ac
786 4192 965 4248 scribi
995 4191 1221 4246 debet:
1272 4193 1436 4260 Quod
1490 4194 1548 4248 si
1596 4194 1775 4248 etiam
1833 4193 1905 4248 de
1948 4193 2149 4249 Patris

486 4284 703 4340 dextra
722 4283 792 4351 fit
821 4282 1041 4338 mentio
1069 4280 1119 4352 (‹‹
1146 4281 1398 4337 dextera
1428 4282 1581 4337 enim
1602 4282 1847 4337 Domini
1868 4282 2012 4351 fecit
2036 4282 2150 4337 vir-

486 4379 691 4437 tutem,
734 4377 789 4427 et
838 4371 1091 4426 dextera
1124 4375 1230 4427 tua
1272 4371 1571 4439 percussit
1624 4370 1895 4426 inimicos
1926 4370 2002 4440 »),
2040 4369 2153 4427 Dei

486 4467 685 4517 autem
716 4460 938 4531 digitus
967 4460 1232 4528 Spiritus
1282 4465 1527 4515 sanctus
1575 4465 1681 4529 est,
1711 4460 2040 4516 secundum
2079 4460 2150 4514 il-

488 4552 613 4621 lud,
659 4571 686 4601 ‹‹
715 4551 781 4607 Si
810 4565 916 4621 ego
958 4550 1025 4605 in
1067 4550 1254 4621 digito
1303 4551 1411 4605 Dei
1439 4551 1613 4620 ejicio
1642 4551 1938 4608 daemonia
1966 4566 1988 4607 :
2022 4572 2051 4600 »
2087 4550 2151 4606 id

487 4640 646 4711 quod
670 4641 735 4694 in
784 4641 907 4696 alio
936 4639 1275 4709 Evangelio
1304 4640 1596 4710 scriptum
1638 4645 1744 4697 est.
1777 4660 1805 4689 «
1838 4640 1899 4696 Si
1942 4655 2046 4710 ego
2083 4641 2148 4695 in

484 4729 717 4799 Spiritu
768 4728 881 4784 Dei
924 4729 1098 4797 ejicio
1154 4729 1496 4799 dazmonia;
1549 4749 1578 4779 »
1607 4728 1875 4799 Spiritus
1902 4734 2147 4785 sanctus

486 4819 748 4888 ejusdem
770 4824 1007 4875 natura
1031 4833 1103 4875 ac
1122 4818 1311 4874 Pater
1339 4824 1395 4874 et
1422 4820 1624 4876 filius.

558 4906 807 4976 Ibidem,
848 4908 906 4960 οὐ
958 4911 1059 4981 γὰρ
1114 4915 1201 4960 νῦν
1258 4904 1481 4960 δυνατὸν
1532 4907 1848 4982 πλατύτερον
1904 4907 2144 4971 ἐξετάσαι

486 5000 574 5051 τὸν
600 5001 717 5071 περὶ.
746 4997 904 5059 αὐτῆς
927 4996 1099 5069 λόγον.
1128 5000 1296 5054 Verte
1331 5014 1344 5050 ζ
1376 4998 1516 5054 Νοη
1559 4999 1715 5055 enim
1767 5014 1930 5056 nunc
1964 5000 2143 5055 latius

484 5089 801 5159 exquirere
831 5102 1148 5157 possumus
1173 5102 1308 5160 qua:
1337 5088 1419 5145 ad
1438 5103 1568 5146 eam
1592 5088 1986 5161 (Trinitatem)
2003 5103 2143 5158 per-

485 5182 742 5338 tmEegitst.
804 5267 891 5330 22,
934 5278 995 5336 p.
1050 5263 1169 5334 100,
1225 5265 1354 5335 μετὰ
1404 5263 1561 5337 λόγον
1618 5268 1708 5317 καὶ
1766 5263 2139 5343 πληροφορίας,

2259 4105 2400 4161 visa:
2414 4108 2554 4158 sunt
2577 4102 2793 4159 habere
2811 4115 3174 4157 successores
3206 4116 3411 4157 eorum
3430 4105 3534 4173 qui
3551 4102 3864 4168 obierunt,
3878 4107 3927 4157 et

2261 4193 2379 4249 huc
2408 4206 2590 4263 usque
2610 4192 3055 4262 conquiescunt.
3092 4188 3334 4245 Videtur
3378 4189 3524 4246 mihi
3548 4189 3811 4245 Basilius
3843 4190 3930 4245 sic

2258 4280 2565 4354 loquendo
2594 4279 2742 4335 nihil
2765 4278 2912 4335 boni
2941 4278 3019 4335 ab
3050 4278 3144 4334 his
3175 4278 3422 4335 duobus
3474 4277 3771 4350 episcopis
3817 4294 3928 4334 ex-

2262 4376 2586 4443 spectasse.
2618 4372 2744 4425 Non
2774 4370 2935 4424 enim
2981 4368 3316 4424 honoriﬁca
3354 4373 3445 4424 est
3471 4368 3593 4425 haec
3614 4363 3924 4437 loquendi

2260 4461 2436 4516 ratio.
2488 4458 2765 4514 Similiter
2819 4458 2894 4512 de
2948 4456 3215 4513 Nestorio
3281 4458 3336 4514 S.
3390 4454 3693 4529 Cyrillus:
3751 4455 3927 4517 Οὗτος

2259 4551 2402 4609 ὅστις
2454 4545 2600 4601 δοκιί
2655 4551 2898 4619 κατέχειν
2953 4550 3047 4604 τὴν
3107 4544 3420 4603 Ἐκκλησίαν
3487 4552 3922 4598 Κωνσταντινον-

2258 4638 2470 4704 πόλεως,
2503 4638 2622 4694 Iste
2662 4638 2766 4708 qui
2785 4636 3025 4692 videtur
3054 4636 3799 4705 Constantinopolitanam
3828 4635 3914 4691 ob-

2258 4734 2450 4787 tinere
2498 4728 2838 4795 Ecclesium,
2888 4727 2993 4798 Ep.
3022 4718 3116 4781 ad
3144 4727 3317 4782 Joan.
3373 4722 3651 4781 Antioch.
3702 4723 3903 4782 Concﬂ.

2256 4818 2404 4891 Eph.
2438 4833 2499 4890 p.
2525 4821 2648 4873 375.
2678 4818 2807 4871 Non
2828 4814 3013 4871 falsas
3032 4813 3221 4870 fuisse
3244 4815 3301 4870 S.
3335 4812 3530 4869 Basilii
3551 4812 3630 4869 de
3663 4819 3907 4885 utroque

2253 4907 2354 4963 illo
2378 4908 2665 4978 episcopo
2687 4903 3067 4976 suspiciones
3092 4902 3514 4975 comprobavit
3535 4908 3822 4959 eventus.
3844 4905 3919 4957 Ac

2252 4994 2753 5054 Neocresariensis
2784 4994 3057 5065 quidem,
3090 4992 3289 5066 qualis
3316 4994 3406 5049 vir
3430 4991 3750 5064 exstiterit,
3799 5008 3922 5066 per-

2253 5086 2400 5158 spici
2429 5088 2626 5158 potest
2662 5099 2734 5139 ex
2755 5082 2850 5140 his
2883 5097 3019 5156 quae
3047 5080 3318 5139 diximus
3346 5082 3408 5138 in
3435 5082 3570 5138 Vita
3590 5082 3661 5138 S.
3694 5083 3925 5153 Basilii,

2250 5181 2607 5248 Ancyranus
2635 5174 2873 5231 videtur
2889 5171 3143 5243 insignis
3173 5171 3494 5228 haereticus
3522 5169 3926 5230 fuisse.Gala-

2251 5266 2399 5323 tiam
2428 5280 2555 5322 non
2602 5266 2874 5320 recenset
2901 5260 3152 5319 Basilius
3200 5260 3353 5319 inter
3401 5260 3750 5331 provincias
3806 5277 3922 5319 sum

484 5371 620 5412 cum
646 5356 881 5411 ratione
902 5358 960 5410 et
980 5354 1174 5409 animi
1194 5355 1602 5422 persuasione.
1636 5357 1873 5411 Vertere
1906 5355 2140 5426 malim,
2176 5378 2222 5433 ι)
2252 5353 2703 5413 communionis
2736 5352 2798 5408 in
2830 5369 2920 5423 ep.
2945 5354 3073 5421 204,
3107 5366 3170 5410 n.
3202 5356 3259 5406 7.
3294 5354 3341 5406 Α
3372 5349 3597 5408 Galatis
3620 5355 3766 5408 orta
3792 5356 3929 5409 sunt

484 5460 619 5501 cum
648 5445 882 5501 ratione
908 5448 964 5500 et
994 5443 1465 5515 aequanimitate,
1497 5443 1560 5499 id
1589 5448 1694 5515 est,
1720 5444 1926 5503 animo
1954 5445 2146 5503 liben-

484 5535 571 5588 ter
593 5531 919 5592 submisso.
947 5532 1040 5591 Sic
1065 5530 1246 5590 etiam
1274 5529 1430 5589 infra
1446 5546 1509 5589 n.
1534 5535 1563 5589 3
1590 5547 1603 5586 :
1633 5532 1801 5599 Quod
1825 5535 1878 5592 si
1900 5535 2141 5607 quando

2253 5458 2631 5519 quaecunque
2659 5441 2887 5499 nefarie
2917 5456 3077 5500 anno
3110 5444 3211 5497 375
3265 5443 3322 5496 et
3369 5443 3474 5496 376
3520 5439 3638 5496 sub
3692 5441 3929 5499 Vicario

2254 5531 2651 5594 Demosthene
2681 5535 2851 5603 gesta
2881 5535 3037 5601 sunt,
3053 5533 3118 5590 ut
3146 5531 3305 5603 patet
3336 5543 3410 5586 ex
3438 5528 3714 5602 epistolis
3738 5535 3849 5591 237
3877 5536 3932 5591 et
